4180 6434
666 377 774 442 203

1847 382 2143 443 NICETA!
2182 381 2712 444 PAPHLAGONIS

3825 386 3938 453 σοι

670 492 897 547 cederet
924 499 982 547 et
1008 489 1335 551 ambularet.
1369 489 1465 544 Dei
1500 489 1723 559 quidem
1756 492 1970 548 amicus
2010 509 2075 548 ac
2111 493 2257 548 ﬁlius

2360 496 2560 565 λοιχῶν
2604 499 2698 549 καὶ
2745 496 3088 566 περιπατῶν,
3141 497 3295 564 φίλος
3331 497 3434 566 μὲν
3473 495 3609 549 Θεοῦ
3662 499 3759 551 καὶ
3787 498 3940 553 θέσει

668 579 985 651 adoptione,
1028 579 1216 649 gratia:
1258 594 1390 635 vero
1421 578 1569 633 dono
1604 580 1883 651 Unigeniti
1922 582 2092 637 frater
2121 598 2252 637 con—

672 672 939 725 stituitur.
976 669 1079 735 Qui
1110 678 1294 723 autem
1339 668 1560 723 Christo
1592 684 1703 723 non
1734 670 2071 725 domesticus
2110 672 2254 724 foret

671 772 727 817 et
749 760 1166 816 contubernalis
1191 774 1256 814 ac
1278 760 1687 825 commensalis,
1718 761 1929 831 vimque
1952 775 2015 814 ac
2040 760 2254 815 institu-

672 853 840 908 tionis
882 852 1113 908 socius?
1160 851 1449 907 fandornm
1492 854 1735 907 omnium
1784 868 1849 908 ac
1891 852 2251 909 nefanzlorum

672 944 1083 1012 mysteriorum,
1133 941 1491 1010 omniumque
1540 942 1634 997 Dei
1680 957 1910 1012 operum
1945 958 2011 998 ac
2044 960 2253 999 sermo-

671 1050 841 1099 num,
894 1050 1015 1104 qua’.
1065 1034 1207 1088 Patri
1260 1033 1535 1089 luminum
1571 1035 1779 1105 placuit
1828 1043 1890 1089 ut
1926 1036 2253 1091 mortalibus

670 1126 927 1195 aperiret,
957 1126 1234 1179 conscius.

745 1215 939 1268 Beatos
976 1214 1142 1285 igitur
1174 1213 1413 1284 praedico
1450 1225 1574 1269 tuos
1614 1216 1826 1277 oculos,
1863 1231 1897 1269 ο
1929 1216 2093 1271 Verbi
2135 1218 2251 1288 ipse

672 1304 740 1358 iis
787 1314 1063 1374 spectator
1117 1315 1174 1359 et
1212 1314 1384 1376 mysta
1431 1304 1726 1375 divineque
1768 1307 2057 1377 discipule,
2102 1309 2249 1378 quod

672 1398 938 1453 inaccessi
1024 1396 1240 1451 decoris
1327 1396 1745 1466 supercaalestis
1823 1398 2252 1469 pulchritudinis

672 1486 908 1557 speciosi
927 1486 1101 1540 forma
1122 1502 1233 1556 pra:
1258 1485 1386 1541 filiis
1412 1487 1697 1542 hominum
1715 1490 1782 1548 ".
1802 1498 2027 1559 aspectu
2044 1492 2252 1561 potitus

670 1595 750 1635 cs.
802 1578 995 1631 Bcatas
1047 1577 1291 1647 praedico
1338 1593 1523 1643 aures,
1570 1578 1717 1648 quod
1752 1579 1849 1633 Dei
1885 1581 2000 1636 oris
2023 1582 2252 1638 vocibus

672 1687 735 1725 ac
762 1670 968 1725 Christi
1010 1672 1242 1742 mystico
1274 1670 1464 1725 auditu
1495 1670 1850 1740 alloquioque
1882 1670 2142 1743 impletus
2165 1690 2246 1730 es.

670 1755 1100 1817 Circuinlundor
1124 1761 1321 1830 spiritu
1346 1761 1683 1816 beatissimis
1708 1764 1819 1817 tuis
1848 1763 2010 1819 labiis
2030 1766 2245 1835 orique;

2356 590 2489 652 υίὸς,
2516 589 2746 656 assus;
2776 589 2834 641 δὲ
2862 591 2930 658 τῇ
2960 591 3144 659 χάριτι
3188 592 3541 660 καθειστήκει
3560 589 3660 641 τοῦ
3689 591 3938 658 Mavors-

2355 678 2512 740 νοῦς·
2548 681 2645 729 καὶ
2692 678 2811 740 πῶς
2850 678 2953 729 οὐκ
3011 679 3079 731 ἂν
3135 678 3445 746 ὁμοδίαιτος
3476 678 3691 747 ὑπῆρχε
3716 677 3941 748 Χριστῷ

2355 771 2449 823 καὶ
2481 770 2776 839 ὁμόροφος,
2810 768 3084 834 σύσσιτος,
3124 769 3430 839 συνόμιλος,
3457 771 3559 839 τῆς
3611 770 3783 839 αὐτῆς
3814 769 3940 823 δδοῦ

2354 863 2451 917 καὶ
2494 861 2717 929 ἀγωγῆς
2745 861 2845 930 τῆς
2883 861 3085 931 αὐτῆς·
3120 861 3378 923 κοινωνὸς
3430 861 3658 914 πάντων
3721 861 3937 932 ῥητέων

2354 954 2450 1007 καὶ
2480 954 2809 1025 ἀπορρήτων
2864 952 3218 1022 μυστηρίων·
3264 953 3524 1015 κοινωνὸς
3570 955 3750 1023 ἔργων
3792 953 3932 1006 Θεοῦ

2352 1047 2447 1098 καὶ
2464 1044 2658 1113 λόγων,
2687 1037 2760 1097 ὧν
2793 1044 3086 1114 εὐδόκησεν
3113 1045 3349 1112 ὲκφᾶναι
3379 1047 3492 1109 τοῖς
3525 1046 3738 1115 βροτοῖς
3767 1048 3797 1098 ό
3826 1046 3939 1098 τῶν

2353 1138 2549 1207 φώτων
2575 1138 2765 1208 Πατήρ
2791 1153 2806 1200 ς

2423 1229 2617 1281 Τοίνυν
2660 1226 2951 1298 μακαρίζω
2977 1243 3075 1280 σου
3101 1227 3201 1297 τὴν
3237 1227 3451 1296 ὅρασιν,
3482 1219 3529 1279 ὦ
3555 1226 3802 1279 αὐτόπτα
3840 1221 3941 1277 τοῦ

2351 1321 2525 1387 Λόγου
2547 1320 2641 1372 καὶ
2663 1319 2864 1387 μύστα,
2881 1320 2977 1372 καὶ
2993 1319 3222 1389 θεηγόρε
3243 1320 3480 1389 μαθητὰ,
3502 1318 3586 1370 ὃτι
3606 1318 3701 1369 τοῦ
3723 1318 3940 1387 ἀπροσ-

2355 1410 2466 1462 ίτου
2497 1409 2729 1472 κάλλους
2762 1410 2862 1479 τῆς
2902 1411 3304 1479 ὑπερουρανίας
3323 1409 3577 1476 ἀγλαΐας,
3602 1401 3701 1460 τοῦ
3732 1406 3941 1475 ὡραίου

2353 1501 2539 1555 κάλλει
2562 1502 2713 1572 παρὰ
2733 1502 2857 1558 τοὺς
2879 1503 3028 1563 υἱοὺς
3048 1501 3159 1552 τῶν
3187 1502 3512 1571 ἀνθρώπων,
3532 1501 3626 1571 τῆ;
3648 1499 3777 1563 θέας
3796 1513 3937 1551 κατ-

2352 1596 2683 1667 ετρύφησας.
2717 1592 3023 1662 Μακαρίζω
3080 1610 3177 1645 σου
3243 1591 3341 1661 τὴν
3393 1593 3584 1660 ἀκοὴν,
3633 1591 3715 1645 ὅτι
3745 1588 3944 1659 φωνῶν

2352 1689 2622 1757 στόματος
2654 1684 2813 1743 Θεοῦ.
2836 1684 2931 1736 καὶ
2961 1684 3230 1752 μυστικῆς
3258 1683 3575 1752 ἀκροάσεως
3604 1683 3700 1734 καὶ
3722 1680 3943 1751 ὁμιλίας

2352 1780 2572 1847 ἀμέσως
2601 1776 2944 1846 ἐνεπλήσθης
3010 1776 3271 1845 Χριστοῦ.
3333 1772 3787 1842 Ιιεριπτύσσομαί
3834 1789 3933 1825 σου

672 1852 895 1907 osculor
931 1858 989 1905 et
1026 1865 1194 1922 genas
1238 1859 1295 1906 et
1339 1851 1608 1923 linguam,
1656 1853 1809 1908 velut
1850 1854 2257 1910 divinissimum

2369 1870 2450 1942 τῷ
2501 1870 2773 1939 πνεύματι
2828 1864 2897 1920 τᾶ
2946 1868 3338 1936 μακαριώτατα
3385 1866 3539 1935 χείλη
3596 1865 3693 1919 καὶ⁵
3731 1864 3941 1934 στόμα·

673 1945 831 1999 illum
886 1944 1034 1998 haud
1065 1958 1190 1998 raro
1239 1945 1509 2009 osculata,
1555 1959 1619 2000 ac
1660 1961 1783 2015 quae
1833 1945 1982 2002 illius
2040 1948 2257 2018 impleri

672 2040 969 2097 dulcedine
1012 2039 1299 2109 imbuique
1341 2040 1631 2095 sanctitate
1662 2049 2006 2097 meruerunt.
2032 2042 2259 2098 Beatum

672 2132 913 2204 praedico
966 2141 1124 2188 tuum
1179 2142 1401 2203 gustum
1465 2132 1838 2203 olfactumque
1895 2142 1956 2189 et
2012 2142 2258 2203 tactum;

674 2227 917 2295 priorem
940 2224 1187 2295 quidem,
1230 2223 1377 2294 quod
1407 2225 1655 2294 ejusdem
1688 2238 1755 2279 ac
1783 2224 2025 2280 Verbum
2057 2241 2260 2282 mensae

673 2316 953 2386 particeps
995 2314 1167 2369 fueris
1206 2315 1542 2385 eosdemque
1583 2316 1725 2370 sales
1771 2318 2117 2386 permperis;
2156 2334 2261 2373 nec

674 2404 782 2457 dici
818 2410 1001 2472 potest
1028 2401 1249 2471 qu0ties
1294 2401 1487 2456 eodem
1520 2416 1649 2456 cum
1691 2404 1983 2458 Servatore
2012 2404 2260 2460 sensibili

674 2496 884 2566 pariter
933 2510 998 2548 ac
1028 2492 1260 2562 spiritali
1310 2502 1586 2547 saturatus
1631 2493 1795 2562 epulo
1842 2494 1940 2549 sis.
1987 2495 2257 2561 Alterum,

674 2586 824 2658 quod
881 2584 1229 2640 intemeratis
1282 2585 1612 2654 unguentis;
1662 2600 1727 2639 ac
1768 2585 2000 2654 spiritali
2052 2588 2257 2642 sumini

675 2677 924 2733 omnium
988 2676 1157 2746 Regis
1204 2676 1449 2730 scicntia:
1504 2676 1803 2753 fragrantia
1859 2677 2119 2748 impletus
2161 2680 2257 2732 sis.

675 2766 904 2823 Tactum
949 2765 1211 2835 denique,
1258 2764 1405 2836 quod
1461 2766 1663 2836 saepius
1712 2766 2257 2824 intemeratissimum

676 2872 878 2928 corpus
924 2857 1250 2912 intemerate
1298 2858 1751 2923 contrectaveris,
1802 2858 2261 2929 treniendumque

677 2948 979 3004 Cherubim
1006 2962 1072 3003 ac
1096 2947 1385 3017 Seraphim
1420 2949 1587 3003 etiam
1615 2958 1779 3018 atque
1802 2950 1967 3005 etiam
1991 2966 2261 3006 veneran-

677 3040 831 3103 dum,
887 3039 998 3099 tuis
1042 3039 1161 3108 ipse
1197 3037 1453 3092 manibus
1501 3040 1840 3105 ministrans,
1892 3050 1955 3095 ut
2004 3057 2104 3111 par
2149 3051 2255 3108 est,

678 3128 903 3198 prepior
952 3128 1128 3181 factus
1188 3128 1642 3197 apprehenderis,
1686 3131 2005 3201 cunctisque
2039 3134 2259 3202 penitus

679 3219 963 3285 sensibus,
1022 3234 1249 3275 accessu
1304 3218 1372 3273 ad
1431 3235 1557 3274 eum
1618 3221 1712 3289 qui
1770 3237 1992 3299 onmem
2041 3226 2261 3280 excedit

682 3327 940 3377 sensum,
1004 3326 1183 3382 eoque
1242 3311 1570 3366 familiarius
1630 3322 1827 3381 utens,
1886 3317 2262 3372 sanetilicatus

681 3406 777 3459 sis.

750 3494 945 3551 Adhuc
972 3502 1157 3547 autem
1197 3493 1370 3563 inagis
1401 3493 1629 3548 aemulor
1653 3508 1716 3548 ac
1748 3493 1971 3549 beatum
2000 3494 2259 3563 praedico,

681 3584 829 3654 quod
882 3593 1068 3637 mente
1116 3597 1228 3636 non
1277 3581 1608 3647 concideris,
1638 3597 1741 3637 nec
1773 3583 1830 3636 in
1866 3582 2262 3637 tentationibus

680 3679 866 3732 animo
894 3676 1108 3730 dilIisus
1139 3676 1215 3730 sis
1244 3684 1339 3731 aut
1369 3676 1703 3746 cogitatione
1748 3675 2135 3742 vacillaveris;
2163 3674 2260 3731 sed

681 3771 945 3824 immotus
974 3783 1100 3824 cum
1142 3767 1405 3836 magistro
1449 3782 1660 3833 manes,
1706 3768 1935 3837 parique
1960 3767 2261 3838 opprobrio

680 3862 995 3928 subjiceris,
1030 3869 1197 3929 atque
1238 3858 1603 3913 condemnato
1631 3858 1815 3913 socius
1849 3859 2263 3913 condemnatio-

680 3954 765 4009 nis
810 3951 1063 4007 exsistis:
1108 3949 1338 4020 patienti
1392 3950 1746 4019 compateris,
1795 3950 1957 4019 eique
1999 3950 2263 4006 condoles

678 4049 773 4120 qui
804 4048 859 4102 in
885 4047 1077 4101 dolore
1104 4046 1233 4117 agit.
1268 4045 1484 4100 Etenim
1518 4059 1643 4099 cum
1670 4045 1933 4100 οι·υοίίίιο
1949 4060 2088 4115 pene
2107 4045 2259 4100 cruci

679 4149 864 4195 mente
898 4136 1197 4193 crucifixus
1234 4151 1313 4201 es,
1341 4145 1398 4190 et
1420 4151 1545 4189 cum
1589 4135 1857 4189 moriente
1892 4146 2163 4201 mortuus,
2206 4143 2262 4190 et

678 4245 805 4285 cum
865 4227 1082 4297 sepulto
1128 4225 1296 4280 animi
1354 4226 1637 4279 voluntate
1701 4226 1997 4295 sepultus:
2052 4240 2164 4295 quo
2205 4235 2264 4281 et

678 4322 883 4377 factum
936 4328 1050 4382 est,
1102 4328 1163 4372 ut
1197 4326 1253 4371 et
1296 4332 1421 4371 cum
1481 4326 1802 4387 resurgente
1850 4332 2162 4387 resurgeres
2206 4326 2264 4372 ει

678 4410 1166 4469 convivil‘icareris.
1214 4410 1392 4479 Atque
1443 4410 1562 4480 ejus
1614 4418 1793 4464 tecum
1848 4418 2259 4476 testamentum,

2358 1958 2679 2032 ἀσπάζομαι
2730 1961 2826 2014 καὶ
2878 1959 2979 2022 τὰς
3013 1959 3269 2025 σιαγόνας
3292 1959 3387 2011 καὶ
3420 1957 3520 2027 τὴν
3554 1956 3829 2024 γλῶσσαν,
3857 1954 3939 2017 ὡς

2359 2056 2452 2108 τὸν
2486 2051 2928 2122 θεαρχικὼτατον
2960 2049 3246 2112 πλεονάκις
3300 2047 3687 2117 ἁσπασάμενα,
3723 2047 3947 2115 καὶτῆς

2360 2146 2570 2200 ἐκείνου
2605 2143 2968 2213 τιρπνότητος
3013 2140 3470 2212 ἐμπεπλησμένα,
3501 2140 3599 2193 καὶ
3639 2139 3741 2208 τῆς
3786 2136 3947 2205 ἁγιό-

2359 2252 2521 2306 τητος
2544 2233 2845 2304 ἠξιωμένα.
2882 2231 3190 2301 Μακαρίζω
3220 2248 3315 2284 σου
3351 2232 3453 2301 τῆν
3488 2229 3677 2299 γεῦσιν
3724 2231 3819 2282 καὶ
3841 2229 3948 2300 τήν

2358 2323 2629 2392 δσφρησιν
2657 2322 2753 2375 καὶ
2780 2321 2879 2391 τήν
2906 2321 3080 2391 ἁφήν·
3111 2321 3201 2373 τὸν
3242 2320 3367 2390 μὲν,
3414 2320 3498 2373 ὃτι
3550 2320 3832 2391 τραπέζης
3862 2319 3950 2389 τῷ

2360 2414 2518 2484 Λόγῳ
2544 2411 2952 2482 κεκοινώνηκας
2972 2414 3071 2483 τῆς
3093 2410 3286 2480 αὐτῆς,
3321 2411 3418 2464 καὶ
3448 2411 3592 2463 ἀλῶν
3611 2409 3721 2462 τῶν
3740 2410 3945 2463 αὐτῶν·

2364 2504 2632 2572 αίσθητῆς
2668 2518 2731 2555 τι
2753 2502 2849 2555 καὶ
2868 2501 3066 2571 νοητῆς
3090 2501 3456 2571 έστιατορίας,
3498 2501 3599 2553 οὐκ
3628 2502 3774 2553 ἔστιν
3807 2501 3947 2555 ὁσά-

2364 2610 2453 2653 κις
2481 2594 2678 2655 εἰπεῖν,
2727 2592 2827 2659 τῆς
2852 2591 3025 2660 αὐτῆς
3062 2592 3397 2663 ἑνεφορήθης
3444 2589 3523 2661 τῷ
3556 2591 3769 2660 Σωτῆρι
3792 2606 3806 2619 ·
3843 2591 3950 2660 τὴν

2360 2679 2437 2743 δὲ,
2476 2680 2558 2733 δτι
2587 2678 2696 2733 τῶν
2732 2679 3019 2748 άχράντων
3076 2680 3265 2748 μύρων
3320 2680 3544 2750 καὶτῆς
3604 2680 3802 2749 νοητῆς
3849 2680 3950 2733 εὑ-

2360 2771 2522 2835 ωδίας
2536 2772 2639 2839 τῆς
2658 2771 2907 2839 γνώσεως
2919 2770 3013 2826 τοῦ
3032 2771 3423 2841 Παμϐασιλὲως
3444 2771 3949 2842 ὐπερενεπλήσθης·

2364 2863 2462 2932 τὴν
2486 2864 2631 2933 ἁφὴν
2660 2864 2741 2928 δὲ,
2767 2864 2852 2917 ὅτι
2882 2862 3171 2926 πλεονάκις
3218 2863 3314 2915 τοῦ
3343 2863 3721 2932 παναχράντου
3756 2861 3951 2932 σώμα-

2360 2972 2451 3019 τος
2480 2956 2766 3025 ἁχράντως
2785 2955 2912 3026 ἥψω
2932 2971 2944 2983 ·
2970 2954 3067 3007 καὶ
3104 2955 3165 3007 τὸ
3191 2955 3420 3024 φρικτὸν
3468 2956 3568 3024 μὲν
3600 2958 3713 3016 τοῖς
3734 2956 3950 3024 Χερου-

2361 3044 2512 3115 6εὶμ,
2533 3044 2814 3113 αἰδέσιμον
2840 3044 2899 3098 δὲ
2932 3044 3142 3114 σφόδρα
3172 3048 3284 3108 τοῖς
3315 3044 3592 3114 Σεραφὶμ,
3619 3046 3739 3107 ταῖς
3775 3044 3946 3107 ίδίαις

2361 3139 2551 3207 χερσὶν
2596 3137 3059 3207 ὑπηρετούμενος,
3093 3137 3233 3190 κατὰ
3260 3136 3323 3189 τὸ
3355 3137 3534 3205 ιεὶκὺς.
3573 3134 3807 3204 ίγγίζων
3844 3136 3952 3187 έπ-

2364 3228 2558 3283 ελάὸου
2584 3243 2598 3258 ·
2633 3229 2727 3281 κα)⁵
2767 3228 2897 3289 ὅλας
2947 3227 3016 3280 δι’
3048 3227 3172 3279 ὅλου
3221 3227 3320 3290 τάς
3358 3225 3663 3295 αἰσθήσεις,
3692 3226 3773 3294 τῷ
3799 3224 3951 3296 ὑπὲρ

2364 3319 2547 3371 πᾶσαν
2583 3316 2838 3389 αἰσθήσιν
2886 3316 3161 3383 πελάζων,
3200 3318 3297 3370 καὶ
3325 3316 3541 3387 σώματι
3566 3332 3949 3386 συναναστρε-

2363 3412 2621 3481 φόμενος,
2651 3409 3052 3480 καθηγιάσθης.

2439 3503 2560 3554 Ἔτι
2608 3500 2663 3555 δὲ
2715 3500 2916 3571 μᾶλλον
2942 3500 3091 3569 ζήλῶ
3136 3502 3233 3556 καὶ
3277 3502 3566 3574 μακαρίζω
3598 3518 3681 3565 σε,
3714 3501 3798 3554 δτι
3844 3498 3954 3553 οὐκ

2362 3594 2618 3656 ὡκλασας
2655 3594 2747 3648 τὸν
2790 3592 2917 3647 νοῦν
2936 3633 2952 3659 ,
2991 3595 3057 3647 οὐ
3086 3595 3187 3664 τὴν
3222 3594 3403 3666 ψυχὴν
3430 3593 3711 3664 διεκρίθής
3741 3593 3801 3644 ἑν
3826 3593 3950 3654 τοῖς

2363 3692 2714 3761 πειρασμοῖς,
2742 3689 2867 3743 οὐδὲ
2894 3688 2996 3759 τὴν
3037 3689 3280 3742 διάνοιαν
3309 3688 3595 3749 ἐδίστασας
3615 3703 3630 3717 ο
3656 3684 3773 3740 ἀλλ’
3797 3685 3946 3738 ἀπε-

2363 3784 2652 3853 ρίτρεπτος
2683 3781 2822 3851 μετὰ
2850 3778 2945 3834 τοῦ
2977 3780 3305 3834 διδασκάλου
3330 3778 3532 3849 μένεις,
3575 3778 3672 3830 καὶ
3705 3778 3797 3829 τὸν
3829 3776 3952 3828 ίσον

2361 3874 2669 3943 ὀνειδισμὸν
2699 3870 2951 3941 ὑφέξεις·
2988 3871 3085 3925 καὶ
3121 3871 3574 3942 κατακρινομένῳ
3636 3871 3736 3938 τῆς
3778 3884 3959 3922 καταο

2362 3967 2597 4036 κρίσεως
2640 3965 2947 4026 κοινωνεῖς·
2992 3964 3088 4016 καὶ
3154 3962 3419 4031 πάσχοντι
3466 3960 3807 4030 συμπαθεῖς·
3849 3959 3960 4015 καὶ

2360 4057 2713 4126 ἀλγυνομένῳ
2770 4055 3073 4121 συναλγεῖς.
3107 4055 3219 4108 Καὶ
3240 4053 3350 4124 γὰρ
3376 4053 3768 4123 σταυρουμένῳ
3795 4049 3957 4120 ,τρό-

2364 4168 2465 4203 πον
2516 4149 2640 4201 τινὰ
2697 4148 2767 4217 τῇ
2810 4146 3020 4217 διανοίᾳ
3053 4144 3536 4215 συνεσταύρωσαι·
3595 4142 3691 4196 καὶ
3727 4140 3954 4194 θανόντι

2364 4221 2784 4301 συναπέθανες·
2840 4236 2937 4290 καί
2978 4253 3042 4305 γε
3098 4235 3357 4307 προθέσει
3407 4233 3588 4304 ψυχῆς
3637 4231 3960 4299 συνετάφης

2366 4333 2731 4403 θαπτομένῳ·
2777 4330 2904 4386 ὅθεν
2937 4330 3035 4383 καὶ
3079 4328 3430 4398 ἀνισταμένῳ
3476 4324 3808 4393 συνανέστης
3851 4318 3961 4375 καὶ

2364 4425 2685 4494 συνέζησας.
2730 4423 2900 4493 Καὶή
2945 4419 3179 4490 διαθήκη
3212 4419 3406 4473 τούτου
3467 4417 3606 4489 μετὰ
3658 4414 3776 4477 σοῦ,
3814 4431 3959 4467 συνο

680 4505 1132 4564 contubernalem
1158 4516 1283 4557 cum
1313 4501 1658 4572 principibus
1684 4503 1739 4556 in
1771 4517 1939 4572 regno
1969 4502 2256 4568 caelorum;

2366 4512 2543 4565 έστιον
2596 4510 2735 4581 μετὰ
2771 4509 2880 4564 τῶν
2931 4508 3246 4579 κορυφαίων
3293 4511 3373 4570 είς
3404 4507 3502 4576 τὴν
3530 4506 3642 4559 τῶν
3703 4502 3962 4573 οὐρανῶν

678 4600 773 4655 sed
806 4609 863 4654 et
900 4598 1061 4669 plane
1090 4595 1211 4666 pari
1253 4595 1335 4648 eis
1391 4593 1515 4648 solii
1549 4592 1816 4663 dignitate
1859 4592 2153 4649 sublimem
2203 4592 2260 4648 in

680 4691 1146 4763 regenerationem
1177 4687 1295 4742 fore
1322 4686 1731 4741 assumendum.

749 4781 1225 4851 Quemadmodum
1268 4781 1433 4850 igitur
1470 4778 1597 4833 .lcsu
1642 4788 1756 4832 tum
1803 4778 2095 4848 passionis,
2142 4790 2259 4835 tum

680 4874 1128 4937 resurrectionis,
1178 4880 1293 4924 tum
1343 4870 1462 4938 ejus
1513 4870 1566 4922 in
1616 4869 1816 4924 cmlum
1865 4871 2095 4939 recepti,
2153 4886 2261 4925 una

641 4946 647 4951 ’
677 4984 803 5024 cum
837 4964 1029 5036 primis
1059 4964 1173 5033 ipse
1204 4960 1378 5015 oculis
1423 4970 1698 5030 spectator
1752 4963 2045 5032 sociusque
2084 4964 2260 5028 fuisti,

682 5066 761 5118 sic
811 5075 1034 5132 quoque
1076 5073 1203 5112 cum
1249 5057 1329 5111 eis
1375 5054 1490 5125 pari
1539 5069 1767 5109 munere
1820 5056 1969 5110 vitali
2022 5056 2261 5128 Spiritus

682 5158 826 5209 dono
897 5149 1228 5220 adimpletus
1288 5163 1368 5202 es.
1429 5145 1645 5200 Etenim
1708 5161 1833 5200 cum
1882 5148 2045 5215 prius
2079 5148 2259 5204 Verbo

681 5243 899 5303 Domini
933 5242 1084 5296 velut
1130 5238 1375 5308 spiritale
1412 5238 1613 5293 coelum
1663 5252 1725 5291 ac
1759 5238 1963 5292 mundo
2002 5241 2258 5309 superius

683 5340 931 5393 firmatus
965 5349 1119 5388 esses
1143 5332 1218 5395 ",;
1254 5345 1428 5399 eaque
1461 5329 1640 5384 victus
1669 5331 1881 5387 ratione
1897 5347 2017 5402 qua:
2040 5343 2258 5389 sanctos

682 5432 872 5481 deceat
899 5436 1183 5495 purgatus,
1216 5431 1378 5490 atque
1409 5421 1574 5474 claris
1607 5422 1791 5477 animo
1822 5425 2260 5493 repraesentatio-

683 5520 847 5573 nihus
880 5516 1080 5573 eximie
1116 5515 1449 5578 illustratus,
1477 5512 1956 5585 divinioribusque
1982 5526 2166 5572 mente
2194 5518 2260 5570 il-

683 5609 1105 5667 lustrationibus
1123 5607 1730 5677 supersubstantialiter
1747 5607 2053 5675 deiﬁeatus,
2074 5611 2260 5665 velut-

681 5716 788 5775 que
835 5698 1086 5753 sublimis
1122 5695 1345 5767 quidam
1384 5696 1616 5750 thronus
1651 5696 1838 5767 gloriae
1864 5713 1927 5754 ac
1955 5702 2263 5758 sanctitatis

753 5817 797 5849 ”
826 5816 965 5874 Psal.
1006 5831 1148 5879 mv,
1190 5814 1242 5869 5.
1320 5814 1366 5845 ’⁸
1396 5812 1539 5868 Psal.
1578 5827 1748 5879 xuii,
1787 5814 1843 5869 6,

2369 4601 2648 4671 βασιλείαν
2672 4618 2687 4633 ·
2724 4602 2817 4656 ναὶ
2845 4601 2910 4670 δὴ
2940 4602 3033 4654 καὶ
3072 4598 3443 4667 συγκάθεδρον
3471 4598 3589 4668 ἅμα
3626 4595 3861 4661 τούτοις,
3889 4595 3961 4648 ἐν

2365 4697 2432 4765 τῇ
2461 4694 2852 4765 παλιγγενεσία
2878 4692 3421 4765 προσληφθήσεσθαι.

2441 4789 2652 4859 Ὥσπερ
2698 4783 2793 4841 οὖν
2830 4785 2925 4841 τοῦ
2968 4805 3025 4839 τε
3069 4785 3278 4848 πάθους
3308 4782 3487 4853 Ἰησοῦ
3540 4780 3765 4849 καὶτῆς
3817 4779 3961 4833 ἀνα-

2373 4881 2614 4943 στάσεως
2643 4880 2739 4932 καὶ
2767 4878 3117 4948 ἀναλήψεως,
3151 4877 3269 4946 ἅμα
3323 4878 3438 4938 τοῖς
3489 4874 3730 4944 πρώτοις
3792 4872 3963 4924 αὑτό-

2369 4989 2513 5042 πτης
2540 4972 2733 5040 ἐγένου
2783 4972 2879 5025 καὶ⁸
2903 4971 3179 5036 κοινωνὸς,
3224 4968 3369 5022 οὕτω
3395 4968 3514 5038 μετ’
3541 4965 3723 5021 αὐτῶν
3748 4965 3960 5035 ὁμοίως

2368 5067 2461 5118 καὶ
2504 5063 2603 5133 τῆς
2653 5063 2967 5134 ζωαρχικῆς
3012 5061 3109 5116 τοῦ
3163 5058 3526 5131 Παρακλήτου
3588 5056 3961 5127 πεπλήρωσαι

2364 5158 2594 5229 δωρεᾶς.
2622 5157 2730 5210 Καὶ
2758 5156 2868 5227 γὰρ
2904 5154 2983 5226 τῷ
3010 5157 3171 5225 Λόγῳ
3212 5154 3420 5224 Κυρίου
3469 5153 3735 5222 πρότερον
3760 5143 3851 5202 οία
3887 5148 3961 5218 δὴ

2367 5249 2551 5319 νοερὺς
2585 5251 2678 5301 καὶ
2702 5247 3075 5317 ὑπερκόσμιος
3105 5244 3429 5316 στερεωθεὶς
3468 5242 3718 5314 οὐρανὸς,
3750 5240 3845 5293 καὶ
3889 5240 3959 5292 τὸ

2367 5340 2525 5406 σῶμα
2548 5339 2729 5409 διαίτῃ
2761 5340 3098 5409 άγιοπρεπεε
3163 5336 3487 5408 καθαρθεὶς,
3516 5335 3611 5389 καὶ
3640 5333 3739 5403 τὴν
3771 5332 3957 5402 ψυχὴν

2365 5431 2635 5500 καθαραῖς
2672 5432 2975 5501 ἐμφάσεσιν
3028 5430 3321 5500 ὑπερφυῶς
3371 5426 3687 5496 φωτισθεὶς,
3718 5425 3814 5477 καὶ
3857 5422 3954 5475 τὺν

2365 5522 2489 5577 νοῦν
2526 5524 2825 5595 θειοτέραις
2846 5524 3143 5594 έλλάμψεσι
3191 5522 3533 5591 ὑπερουσίως
3564 5517 3790 5578 θεωθείς
3812 5532 3825 5545 ·
3853 5516 3953 5577 καί

2365 5611 2454 5669 οἷά
2482 5633 2606 5669 τινα
2651 5615 2839 5684 θρόνον
2874 5616 3031 5686 δόξης
3071 5614 3380 5685 ὐπερφερῆ,
3413 5613 3509 5664 καὶ
3538 5610 3827 5680 ἁγιότητος
3854 5624 3959 5661 κα-

2365 5708 2641 5763 τάπαυσιν
2666 5708 2759 5764 τὸν
2789 5706 2940 5771 ἐντὸς
2972 5707 3259 5778 ἄνθρωπον
3281 5700 3777 5765 κατασκευασθεὶς,
3811 5697 3962 5753 οὕτω
