4180 6434
168 385 269 448 205

802 380 1085 441 ORATIO
1117 381 1193 441 Χ.
1218 404 1285 415 -
1318 380 1399 440 ΙΝ
1438 377 1753 441 LAUDEM
1795 377 1855 436 S.
1899 375 2467 436 BAIlTiIOLOM/EI
2507 375 2762 436 APOST-

3309 375 3417 439 206

167 501 227 569 δὴ
263 497 324 551 τὶ
354 495 584 564 Πνεῦμα
628 492 692 545 τὸ
730 491 888 560 ἅγιον
931 490 1225 563 οὐρανόθεν
1277 491 1465 544 κατιὸν
1504 492 1563 543 ὲν
1603 489 1737 542 εῖδει

1864 487 2058 557 equies
2086 487 2331 541 interiori
2377 487 2604 542 homine
2648 496 3019 552 constructus,
3076 485 3157 541 sic
3190 503 3413 558 quoque

168 593 407 659 πυρίνων
456 583 701 649 ὑπεδέξω
741 583 1040 651 γλωσσῶν·
1086 584 1179 635 καὶ
1229 582 1291 635 σὲ
1347 582 1468 635 ὅλον
1523 581 1591 633 δι’
1618 581 1738 634 ὅλου

168 675 551 749 πεπληρωκὸς,
586 675 679 727 καὶ
713 673 824 726 τῶν
878 670 1212 742 θεουργικῶν
1254 670 1420 723 αὐτοῦ
1464 668 1741 739 χαρισμά-

167 787 271 823 των
318 765 772 835 ὑπερεαλλόντως
814 763 1205 835 μεταδεδωκὸς,
1228 763 1320 815 καὶ
1368 764 1426 814 ὲν
1478 763 1562 813 σοὶ
1617 760 1743 813 καθ-

168 859 317 913 εσθέν
343 873 408 911 τε
443 858 537 910 καὶ
578 855 815 927 ἱδρυθὲν,
842 855 1073 925 ὄργανόν
1110 871 1168 907 τε
1210 854 1310 923 τῆς
1346 852 1553 915 οἰκείας
1578 852 1742 906 δυνά-

172 968 310 1020 μεως
362 950 711 1019 ἐναρμόνιον,
741 950 837 1001 καὶ
865 947 1117 1015 θεολόγον
1163 947 1339 1015 στόμα
1364 946 1460 999 καὶ
1486 945 1742 1013 γλῶσσαν

171 1042 358 1096 ἑαυτοῦ
400 1042 751 1113 θεορρήμονα
808 1040 1281 1110 κατηρτισμένον·
1314 1038 1408 1090 καὶ
1457 1036 1647 1107 ὥσπερ
1690 1053 1745 1089 τι

173 1136 362 1200 σκεῦος
398 1136 543 1206 ἱερόν
565 1152 625 1188 τε
656 1135 751 1187 καὶ
769 1133 951 1204 τίμιον
974 1133 1033 1199 ἐξ
1066 1132 1254 1195 ἔθνους
1297 1133 1378 1194 είς
1411 1130 1563 1194 ἔθνος
1618 1147 1747 1200 μετ-

171 1234 297 1296 ἁγον
339 1229 441 1283 καὶ
492 1226 801 1297 μετατιθὲν,
829 1226 921 1279 τὸν
948 1225 1047 1294 τῆς
1082 1222 1395 1291 οἰκονομίας
1437 1220 1613 1290 λόγον,
1648 1223 1748 1289 τὴν

184 1318 355 1388 Ἰησοῦ
394 1318 719 1389 σωτηριὼδη
754 1317 1036 1388 σάρκωσιν
1083 1314 1180 1367 καὶ
1207 1313 1505 1367 ἀνάστασιν
1532 1313 1646 1385 καὶ,
1659 1311 1750 1379 βα-

173 1410 396 1475 σιλείαν,
425 1408 917 1479 μεγαλοφωνότατα
939 1408 1057 1470 τοῖς
1084 1406 1251 1459 πᾶσιν
1271 1402 1632 1475 ὲνεφθέγξατο
1663 1402 1750 1455 διὰ

173 1518 284 1557 σου.

227 1673 326 1737 Τίς
358 1673 457 1727 οὖν
486 1672 585 1744 τὴν
619 1671 864 1743 πηγαίαν
905 1670 999 1725 τοῦ
1027 1671 1087 1725 ὲν
1126 1671 1210 1723 σοὶ
1247 1669 1566 1740 Πνεῦματος
1594 1669 1754 1723 δύνα-

1842 578 2106 647 Spiritum
2138 588 2385 632 sanctum
2417 579 2474 632 in
2507 578 2819 648 linguarum
2848 580 3129 648 ignearum
3166 581 3347 649 specie
3386 597 3419 635 e

1842 669 1984 722 coelo
2000 668 2423 722 descendentem
2451 669 2741 737 suscepisti
2764 670 2833 732 ’³,
2865 672 2957 738 qui
2995 679 3167 723 totum
3193 671 3419 724 omnino

1844 760 2101 829 implens,
2135 759 2459 829 deificisque
2493 761 2610 815 suis
2639 761 2801 814 donis
2833 761 3167 816 excellenter
3211 762 3419 831 impar-

1847 855 2011 916 tiens,
2041 861 2206 923 atque
2238 854 2293 905 in
2325 860 2378 905 te
2419 853 2618 907 sedens
2658 869 2721 908 ac
2762 852 3091 918 consistens,
3119 862 3422 923 aptumque

1846 947 2068 1002 virtutis
2100 963 2211 1001 sua:
2241 962 2503 1016 organum
2553 946 2818 1011 efﬁciens,
2852 957 3017 1016 atque
3048 962 3110 1000 os
3141 948 3309 1001 Deum
3338 949 3423 1003 lo-

1846 1055 2022 1109 quens
2080 1041 2434 1110 linguamque
2505 1038 2709 1094 divinis
2761 1040 3110 1094 sermonibus
3162 1040 3423 1094 disertam

1848 1133 2223 1197 concinnans;
2282 1131 2546 1199 velutque
2599 1146 2816 1184 sacrum
2875 1131 3153 1199 quoddam
3213 1145 3308 1185 vas
3362 1147 3427 1185 ac

1849 1225 2149 1294 pretiosum
2188 1223 2255 1277 de
2289 1231 2452 1291 gente
2485 1220 2555 1275 ad
2608 1230 2825 1290 gentem
2861 1223 3154 1277 traducens
3198 1222 3429 1277 transfe-

1851 1333 2108 1386 rensque,
2136 1313 2571 1383 dispensationis
2599 1313 2908 1366 doctrinam
2939 1313 3250 1381 (salutarem
3296 1314 3423 1369 Jesu

1853 1409 2294 1463 incarnationem
2328 1418 2386 1461 et
2430 1404 2892 1460 resurrectionem
2935 1413 2991 1458 et
3034 1405 3087 1458 in
3134 1405 3302 1459 caelos
3337 1421 3427 1459 re-

1849 1501 2159 1571 ceptioncm
2214 1498 2571 1569 regnumque)
2622 1497 2846 1553 sublimi
2899 1498 3113 1553 cunctis
3157 1498 3429 1552 praeconio

1855 1602 1947 1646 tua
1981 1606 2149 1659 opera
2176 1591 2512 1661 praedicavit.

1925 1687 2059 1753 Quis
2100 1686 2263 1757 igitur
2291 1702 2412 1755 quae
2446 1684 2616 1738 fontis
2648 1683 2826 1736 instar
2857 1689 3041 1735 manet
3070 1679 3242 1734 divini
3288 1681 3341 1735 in
3378 1688 3431 1735 te

174 1783 261 1833 μιν
301 1765 636 1833 ὐμνήσειεν;
677 1766 773 1825 Τίς
814 1764 871 1816 δὲ
917 1763 1017 1834 τὴν
1059 1763 1402 1834 πλημμύραν
1444 1764 1545 1833 τῆς
1575 1763 1752 1817 θεολο-

1864 1778 2099 1848 Spiritus
2123 1779 2383 1831 virtutem
2413 1776 2546 1830 satis
2570 1773 2922 1829 laudaverit?
2946 1772 3084 1838 Quis
3109 1788 3239 1826 vero
3266 1772 3431 1826 inun-

176 1830 290 1921 γίας
312 1830 687 1919 (invidiane;
717 1854 811 1915 Τίς
837 1853 941 1922 μὲν
972 1830 1082 1925 ⁷’τὴν
1118 1830 1515 1923 σταρεττομένην
1550 1853 1751 1923 ἀρετὴν

1864 1872 2049 1926 dantes
2076 1870 2295 1925 divinos
2321 1884 2604 1922 sermones
2626 1866 3066 1936 conscripserit?
3095 1865 3231 1931 Quis
3256 1865 3434 1919 virtu-

174 1946 262 1998 καὶ
304 1947 683 2015 acceptorum;
709 1946 805 2008 Τίς
837 1945 895 1999 δὲ
926 1945 1025 2013 τὴν
1052 1948 1111 1998 ὲν
1140 1945 1217 2015 τῷ
1253 1945 1627 2016 κεκρυμμένῳ
1653 1950 1754 2017 τῆς

176 2037 271 2105 σῆς
316 2037 563 2101 διανοίας
604 2037 958 2107 ἀξιοπρεπῶς
1005 2037 1218 2090 αἰνέσαι
1266 2037 1615 2107 τελειότητα;
1657 2037 1754 2099 Τίς

175 2126 280 2179 τῶν
297 2128 479 2195 λόγων
502 2129 565 2181 τὸ
592 2129 798 2199 ὑψηλόν
819 2146 834 2193 ;
864 2128 960 2192 Τίς
987 2128 1096 2180 τῶν
1124 2127 1305 2198 ἔργων
1326 2130 1384 2182 τὸ
1401 2129 1712 2199 ὐπερφερές
1737 2145 1752 2194 ;

178 2218 355 2282 Τίςτὺ
389 2219 666 2292 προσηνὲς
696 2218 791 2272 τοῦ
835 2218 998 2289 ἡθους
1052 2221 1147 2273 καὶ
1196 2220 1436 2290 μείλιχον
1481 2222 1572 2273 καὶ
1617 2221 1753 2291 Χρι-

178 2312 450 2377 mea;
492 2311 590 2373 Τίς
634 2310 692 2364 δὲ
715 2310 776 2363 τὸ
812 2310 906 2365 τοῦ
961 2311 1275 2382 πνεύματος
1320 2310 1616 2382 ἀπρόσιτον
1663 2311 1757 2365 καὶ

177 2404 405 2475 ςσὸερδν
447 2404 544 2460 καὶ
577 2404 836 2470 θεοειδέςς
894 2480 901 2486 “

245 2592 373 2657 Πῶς
426 2592 472 2645 δ’
508 2592 575 2647 ἄν
618 2609 705 2655 τις
733 2591 901 2663 εἰδείη
935 2591 1034 2662 τὴν
1064 2592 1172 2644 ἀπὸ
1217 2590 1326 2645 τῶν
1372 2591 1760 2662 Ἰεροσολύμων

181 2684 272 2736 καὶ
304 2685 409 2754 τῆς
453 2683 714 2747 Ἰουδαίας
744 2683 924 2748 ἔξοδον
950 2683 1047 2737 ἐπὶ
1071 2684 1141 2737 τά
1171 2683 1322 2752 ῑθνη,
1353 2683 1448 2738 τοῦ
1478 2685 1578 2753 τῆς
1609 2684 1761 2745 θείας

181 2775 401 2844 εἰρήνης
423 2772 838 2843 εὐαγγελιστοῦ.
865 2776 958 2827 καὶ
989 2774 1089 2837 τὰς
1118 2776 1211 2827 ἐπὶ
1239 2776 1427 2828 πᾶσαν
1455 2774 1640 2845 χώραν
1666 2778 1763 2830 καὶ

182 2866 331 2918 πόλιν
378 2867 794 2929 ἀκαταστασίας
823 2868 963 2936 ὑπὲρ
988 2867 1083 2920 τοῦ
1109 2865 1443 2935 Εὑαγγελίου
1476 2871 1571 2920 καὶ
1607 2885 1762 2938 περι-

182 2954 393 3024 φοράςς
444 2954 543 3018 Τίς
573 2955 672 3018 τὰς
715 2956 996 3026 περιόδους
1040 2956 1373 3027 ἀριθμήσαι,
1428 2957 1528 3020 τὰς
1556 2959 1765 3012 ὁδοιπο-

183 3046 326 3114 ρίας,
368 3047 504 3109 τοὺς
528 3046 829 3113 κινδύνους,
866 3046 993 3112 τοὺς
1030 3048 1256 3111 κόπους,
1281 3050 1383 3112 τὰς
1413 3050 1612 3119 φυγὰς,
1665 3052 1763 3114 τὰς

1855 1970 1966 2016 tem
2010 1961 2119 2015 illis
2144 1961 2401 2014 comitem
2434 1970 2501 2012 a'c
2528 1959 2898 2028 gravitatem?
2927 1958 3061 2024 Quis
3098 1974 3230 2013 vero
3264 1957 3431 2012 animi

1857 2054 1937 2107 tui
1976 2052 2098 2106 sinu
2127 2051 2395 2106 occultam
2428 2050 2821 2120 perfectionem
2845 2051 3008 2119 digne
3029 2050 3437 2105 celebraverit?

1855 2141 1991 2209 Quis
2046 2156 2363 2197 sermonum
2412 2141 2817 2194 altitudinem?
2882 2140 3019 2206 Quis
3083 2140 3434 2195 eminentiam

1857 2234 2133 2305 operum?
2181 2234 2319 2299 Quis
2364 2248 2580 2286 morum
2636 2232 2920 2286 lenitatem
2964 2241 3024 2287 et
3071 2232 3434 2297 suavitatem,

1855 2326 2175 2393 Christique
2227 2324 2480 2379 :emulam
2523 2324 2879 2378 bonitatem?
2920 2322 3056 2389 Quis
3103 2323 3437 2379 inaccessam

1859 2418 2314 2488 tnemendamque
2356 2433 2421 2473 ac
2460 2418 2633 2473 Deum
2676 2417 3004 2473 referentem
3042 2418 3268 2487 spiritus
3296 2434 3439 2489 pra:-

1860 2508 2118 2563 stantiam
2146 2508 2170 2561 ?

1932 2600 2179 2666 Quonam
2209 2600 2334 2670 quis
2354 2599 2517 2655 modo
2537 2640 2553 2665 ,
2588 2599 2791 2656 divinae
2822 2600 2972 2670 pacis
3001 2600 3180 2655 nuntii
3217 2616 3281 2656 ac
3305 2615 3444 2670 pra:-

1863 2690 2149 2754 dicatoris,
2167 2690 2525 2762 Jcrosolymis
2543 2690 2841 2760 Judzeaque
2862 2706 3144 2745 excessum
3166 2690 3233 2744 ad
3252 2700 3445 2760 gentes

1864 2784 2202 2854 pernoverit,
2222 2784 2548 2852 cunctisque
2569 2781 2787 2852 oppidis
2806 2790 2863 2835 et
2884 2782 3020 2837 locis
3042 2797 3106 2835 ac
3128 2780 3446 2837 civitatibus

1866 2875 2147 2945 Evangelii
2171 2890 2334 2930 causa
2351 2875 2683 2944 jactationes
2703 2874 3065 2943 erroresque?
3079 2872 3214 2940 Quis
3244 2872 3446 2927 circui-

1868 2976 1986 3031 tus,
2027 2967 2257 3031 itinera,
2289 2967 2554 3035 pericula,
2592 2966 2831 3029 labores,
2872 2967 3045 3034 fugas,
3082 2964 3287 3034 plagas,
3317 2978 3444 3016 car-

1866 3074 2041 3122 ceres,
2062 3058 2350 3122 fustuaria,
2370 3058 2754 3127 Iapidationes,
2781 3056 2980 3126 probra
3000 3053 3448 3119 enumeraverit?

182 3137 421 3206 πληγὰς,
452 3138 553 3201 τάς
574 3138 845 3207 φυλακὰς,
874 3141 1000 3201 τοὺς
1026 3140 1380 3210 ραϐδισμοὺς,
1434 3143 1560 3204 τοὺς
1608 3142 1759 3194 λιθα-

1866 3150 1998 3215 Quis
2035 3150 2178 3218 apud
2224 3149 2483 3219 pnesides
2524 3149 2942 3212 accusationes,
2979 3148 3081 3202 sub
3116 3154 3447 3216 potestatum

186 3230 377 3297 εμοὺς,
400 3228 529 3290 τοὺς
549 3228 888 3299 ὀνειδισμοὺς
908 3246 926 3295 ;
943 3230 1038 3293 Τίς
1064 3231 1165 3293 τὰς
1191 3230 1283 3282 ἐπὶ
1306 3229 1613 3300 τῶνάρχῶν
1632 3232 1763 3284 ἀνα-

182 3321 394 3387 γωγάς,
421 3320 524 3377 τὰς
569 3319 664 3372 ἐπὶ
692 3321 801 3372 τῶν
833 3320 1091 3384 ἐξουσιῶν
1131 3321 1343 3390 ὲνοχάς,
1367 3321 1465 3383 τάς
1493 3321 1634 3374 κατὰ
1666 3322 1766 3389 τῆς

180 3409 297 3464 ὀδοῦ
347 3409 464 3463 τῶν
495 3410 703 3463 πιστῶν
742 3410 1015 3475 διαδολάς,
1048 3412 1147 3474 τὰς
1203 3411 1493 3482 λοιδορίας,
1540 3412 1638 3474 τὰς
1672 3429 1770 3465 κα-

185 3500 406 3563 κῶσςις,
463 3501 564 3562 τὰς
616 3501 915 3570 πυρώσεις,
943 3502 1044 3565 τάς
1089 3505 1296 3568 αίκίας,
1340 3504 1439 3566 τὰς
1474 3503 1766 3573 μάστιγας,

181 3595 306 3656 τοὺς
340 3592 653 3661 ἐλκυσμούς
677 3610 737 3646 τε
766 3594 862 3646 καὶ
900 3595 1293 3665 σπαραγμούς;

252 3684 407 3737 Ὅσα
434 3684 531 3736 καὶ
552 3677 643 3735 οἶα
676 3684 816 3753 μετὰ
843 3682 1113 3736 Φιλίππου
1155 3688 1298 3738 κατὰ
1329 3685 1427 3754 τὴν
1470 3685 1770 3756 Ἱεράπολιν

182 3778 410 3847 ἀνέτλη,
444 3776 541 3830 καὶ
587 3777 685 3847 τὴν
714 3779 808 3830 ἐπὶ
847 3777 943 3830 τοῦ
993 3778 1230 3848 σταυροῦ
1283 3779 1508 3849 πρώτην
1533 3782 1771 3851 ἀναρτη-

184 3887 299 3922 σιν·
341 3872 439 3922 καὶ
472 3871 657 3923 πᾶσαν
689 3872 807 3923 ἐκεῖ
852 3871 961 3923 τῶν
995 3871 1241 3925 ἀπίστων
1282 3874 1381 3941 τὴν
1414 3872 1772 3926 ὲπισύστασιν

182 3966 275 4015 καὶ
306 3960 668 4031 καταδρομὴν
698 4000 712 4023 ,
766 3963 859 4015 καὶ
907 3965 1085 4016 πᾶσαν
1119 3964 1313 4032 ωύνην
1345 3964 1441 4017 καὶ
1467 3966 1628 4017 πόνον
1679 3968 1774 4019 καὶ

182 4053 609 4122 ταλαιταυρίανς
638 4054 794 4116 Ποῖος
824 4053 880 4106 δὲ
913 4052 1037 4116 νοῦς
1069 4053 1352 4124 ἐννοηθείη
1374 4093 1391 4116 ,
1424 4056 1573 4116 ποῖος
1603 4052 1657 4105 δὲ
1688 4054 1776 4106 λό-

182 4162 274 4211 γος
326 4144 443 4197 τῶν
475 4144 817 4215 ἀντιλήψεων
854 4146 1091 4216 Χριστοῦ
1123 4148 1184 4199 τὸ
1217 4148 1443 4218 πλῆθος,
1473 4148 1582 4201 τῶν
1608 4150 1776 4219 οὖρα-

182 4236 313 4290 νίων
350 4235 706 4305 ὲλλάμψεων,
762 4237 874 4289 τῶν
922 4238 1243 4308 φωτισμῶν,
1286 4239 1397 4292 τῶν
1457 4243 1775 4312 στηριγμῶν

183 4329 281 4399 τήν
314 4328 563 4383 ἄϐυσσον
596 4331 870 4400 ἐκφράσαι
902 4348 917 4396 ;
966 4331 1063 4393 Τίς
1094 4332 1277 4393 ἱκανὸς
1305 4332 1406 4401 τῆς
1432 4332 1665 4403 θεωρίας
1714 4334 1777 4386 τὸ

189 4422 453 4490 μέγεθος,
484 4421 584 4489 τῆς
614 4420 893 4489 θεολογίας
924 4424 986 4474 τὸ
1020 4422 1183 4491 ὕψος,
1218 4424 1313 4477 καὶ⁵
1353 4423 1438 4487 τίς
1462 4425 1524 4477 τὸ
1546 4425 1777 4479 ἄπλετον

1870 3241 2152 3295 andientia
2183 3256 2351 3294 noxas
2392 3255 2455 3294 ac
2494 3240 2756 3303 crimina;
2798 3239 3098 3308 appetitam
3144 3237 3358 3291 insidiis
3384 3251 3449 3291 ac

1869 3332 2176 3386 maledictis
2224 3332 2466 3385 ﬁdelium
2513 3332 2678 3397 viam,
2722 3344 3017 3392 aerumnas,
3063 3328 3453 3394 ustulationcs,

1871 3425 2360 3479 dehonestamenta
2384 3466 2397 3490 ,
2448 3424 2716 3481 verbera.
2761 3420 3161 3492 discerptioncs
3201 3434 3268 3475 ac
3307 3418 3449 3475 dila-

1874 3515 2184 3571 niatioucs?

1946 3695 2161 3760 Quanta
2188 3692 2450 3747 nimirum
2479 3701 2533 3746 et
2559 3691 2741 3760 qualia
2769 3689 3023 3760 Philippo
3045 3689 3229 3744 socius
3259 3688 3451 3744 Hiera-

1874 3784 2002 3854 poli‘
2021 3798 2319 3853 perpessus
2347 3784 2441 3847 sit,
2479 3783 2820 3851 primamque
2854 3782 2909 3834 in
2936 3795 3100 3834 cruce
3130 3778 3453 3849 suspensio-

1876 3890 2042 3939 ncm;
2100 3888 2431 3942 omnemque
2495 3873 2569 3927 ibi
2628 3871 3082 3927 tumultuantium
3151 3870 3453 3925 infidelium

1875 3965 2172 4020 coitionem
2218 3979 2283 4018 ac
2315 3964 2729 4033 grassationem,
2773 3975 3104 4029 omnemque
3146 3959 3455 4014 cruciatum

1874 4067 1931 4113 et
1966 4058 2210 4111 laborem
2251 4066 2420 4125 atque
2452 4055 2787 4110 arumnam?
2824 4054 3083 4119 Quaenam
3125 4067 3258 4106 vero
3300 4066 3457 4105 mens

1878 4149 2245 4212 intellexerit,
2286 4163 2473 4217 quasve
2514 4150 2691 4201 oratio
2741 4146 3074 4201 auxiliorum
3111 4143 3319 4200 Christi
3358 4158 3458 4197 co-

1877 4244 2046 4312 piam;
2089 4241 2511 4310 ctelestiumque
2553 4240 2982 4294 illustrationum
3025 4246 3082 4292 et
3124 4236 3461 4291 coruscatio-

1878 4350 2011 4390 num
2053 4349 2116 4389 ac
2147 4333 2593 4388 fulcimentorum
2626 4333 2883 4404 abyssum
2920 4329 3301 4387 enarraverit?
3328 4328 3463 4395 Quis

1878 4426 2364 4497 contemplationis
2416 4425 2847 4495 magnitudinem
2894 4438 2960 4477 ac
3024 4421 3314 4490 theologia
3354 4418 3464 4474 cel-

187 4513 396 4574 πλάτος
419 4515 525 4583 τῆς
553 4510 840 4581 θεοσοφίας
866 4513 1168 4583 ὲξιχνιάσαι
1192 4514 1284 4567 τοῦ
1328 4515 1733 4588 Βαρθολομαίου
1760 4535 1762 4570 :

1882 4524 2139 4590 sitatem;
2172 4522 2364 4593 quisve
2394 4520 2777 4576 Bartholomzei
2811 4519 3014 4574 divina:
3039 4516 3324 4587 sapientia:
3356 4513 3464 4569 im-

201 4605 261 4658 ’0
289 4606 406 4676 γὰρ
447 4604 726 4667 οὑσιωδῶς
758 4607 926 4677 αὐτὴν
952 4605 1045 4659 τοῦ
1096 4606 1234 4660 Θεοῦ
1286 4608 1387 4678 τὴν
1436 4610 1653 4678 Σοφίαν,
1686 4609 1762 4681 τὴε

1882 4629 2130 4669 mensam
2190 4612 2538 4668 latitudinem
2602 4610 3099 4681 pervestigaverit?
3151 4607 3256 4674 Qui
3314 4605 3465 4660 enim

192 4698 448 4769 ἄπειρον,
480 4699 583 4767 τὴν
616 4697 847 4762 τελείαν,
896 4698 994 4769 τὴν
1024 4698 1469 4771 θεαρχικωτάτην
1498 4702 1762 4772 ἐγκάρδιοε

1883 4706 2057 4776 ipsam
2112 4704 2549 4760 substantialiter
2608 4703 2703 4758 Dei
2761 4700 3103 4772 Sapientiam
3152 4697 3465 4770 (inﬁnitam

192 4790 561 4859 ἐνιδρυμέτην
585 4788 746 4857 ἔχων,
774 4787 970 4842 πάντα
983 4792 1096 4858 μὲν
1122 4789 1337 4858 ἐρευνᾷ
1355 4791 1434 4855 τῷ
1460 4794 1780 4860 [Iret-part,

192 4880 293 4933 καὶ
322 4880 400 4931 τὰ
424 4878 595 4946 βάθη
622 4879 730 4933 τοῦ
751 4879 899 4933 Θεοῦ
923 4894 937 4907 ⁶
972 4879 1064 4930 ὑπ’
1090 4879 1301 4942 οὐδενὸς
1324 4880 1381 4931 δὲ
1408 4880 1532 4932 τῶν
1560 4883 1653 4933 ἐπὶ
1682 4883 1783 4950 γῆς

193 4972 572 5023 κατανοείται.
599 4971 704 5021 Καὶ
722 4971 887 5032 αὐτὸς
907 4968 1009 5039 μὲν
1036 4970 1346 5037 ἀνακρίνει
1364 4970 1561 5024 πάντα
1582 4989 1595 5001 ·
1619 4989 1785 5026 πνευ-

1884 4798 2054 4861 illam,
2081 4798 2397 4867 perfectam,
2425 4793 2850 4864 divinissimam)
2880 4794 2934 4847 in
2960 4792 3127 4847 corde
3154 4798 3465 4844 manentem

1884 4889 2049 4957 inque
2085 4889 2179 4942 illo
2220 4888 2382 4941 fixam
2431 4886 2652 4948 habeat,
2706 4888 2887 4939 omnia
2933 4883 3137 4955 Spiritu
3172 4890 3464 4944 scrutatur,

1886 4984 2046 5035 etiam
2085 4980 2356 5050 profunda
2406 4978 2503 5031 Dei
2519 5020 2533 5039 ,
2586 4978 2805 5032 tametsi
2849 4994 2879 5031 a
2918 4977 3072 5031 nullo
3116 4985 3467 5030 terrenorum

196 5061 433 5130 ματικὸς
451 5060 564 5130 γάρ
583 5075 599 5088 ·
634 5061 1017 5129 ἀνακρίνεται
1056 5062 1124 5113 δὲ
1151 5061 1253 5116 ὑπ’
1274 5062 1524 5126 οὐδενός
1540 5080 1554 5093 ·
1574 5063 1655 5116 νοῒ
1678 5064 1762 5134 γὰι

1890 5074 2243 5141 intelligitur.
2299 5070 2376 5124 Ac
2427 5070 2650 5139 quidem
2702 5069 2818 5138 ipse
2871 5070 3048 5121 omnia
3106 5066 3389 5135 dijudicat,
3432 5078 3467 5115 a

195 5155 393 5219 ἄγεται
426 5153 687 5222 Χριστοῦ.
746 5153 878 5218 Καὶ,
930 5155 1026 5221 Τίς
1057 5154 1211 5225 ἔγνω
1251 5154 1403 5208 νοῦν
1450 5156 1694 5225 Κυρίου,
1729 5156 1757 5209 ὃ

1889 5163 2095 5215 nemine
2170 5168 2345 5214 autem
2412 5158 2763 5229 dijudicatur.
2840 5157 3056 5225 Quippe
3118 5154 3215 5223 qui
3273 5161 3468 5222 agatur

201 5262 265 5298 συ
272 5246 350 5315 με
358 5246 543 5311 ιϐἁζει
571 5245 735 5301 αὑτὸν
760 5264 776 5313 ;

270 5424 371 5487 Τίς
416 5424 476 5477 δὲ
512 5424 626 5477 τῶν
674 5424 744 5478 δι’
781 5424 945 5478 αὑτοῦ
1000 5426 1310 5497 γενομένων
1366 5416 1610 5497 τεράτων
1658 5429 1787 5481 ἀνα-

202 5517 413 5585 γράψαι
442 5517 544 5578 τὰς
581 5516 1005 5586 μεγαλουργίας,
1038 5518 1137 5571 ὅσα
1169 5518 1419 5589 δακτύλῳ
1460 5519 1596 5573 Θεοῦ
1620 5520 1783 5590 δρῶν,

203 5610 339 5677 πβς
376 5607 715 5678 ἐπιστροφὴν
743 5608 835 5659 καὶ
861 5607 1064 5674 γνῶσιν
1089 5608 1227 5661 Θεοῦ
1254 5612 1379 5672 τοὺς
1412 5609 1785 5682 ἀπηλλοτριω-

278 5786 325 5818 ³⁵
347 5789 468 5841 Act.
504 5803 564 5854 ll,
599 5789 651 5844 Ξ.
733 5789 780 5821 ⁸⁸
821 5787 993 5845 lCor.
1018 5803 1079 5855 ιι,
1107 5788 1191 5857 10,
1235 5788 1322 5855 15,
1359 5788 1445 5844 18.

1885 5250 2090 5305 Christi
2153 5258 2371 5315 mente;
2428 5263 2523 5314 ac,
2576 5246 2706 5313 Quis
2750 5247 2964 5300 Domini
3010 5253 3237 5300 mentem
3289 5244 3468 5313 ipsum

1894 5336 2261 5395 instruentem"
2291 5354 2355 5393 ac
2386 5344 2811 5409 praemonentem
2842 5336 3078 5405 cognovit
3103 5333 3192 5387 “?

1960 5430 2096 5497 Quis
2147 5447 2245 5501 per
2290 5446 2419 5485 eum
2459 5430 2600 5484 facta
2642 5427 2928 5499 magnifica
2969 5433 3223 5497 portenta
3269 5424 3470 5479 litteris

1892 5532 2264 5592 exsequatur;
2296 5529 2500 5592 quanta
2540 5520 2637 5575 Dei
2680 5519 2854 5586 digito
2895 5526 3179 5589 praestans,
3235 5531 3333 5571 eos
3372 5514 3468 5585 qui

1895 5615 2103 5671 aversis
2155 5614 2353 5669 animis
2405 5620 2599 5677 erant,
2660 5611 2729 5666 ad
2788 5609 3209 5666 conversionem
3263 5606 3472 5675 Deique
