4180 6434
749 396 851 457 9.07

1946 387 2238 446 NICETE
2281 387 2811 448 PAPIHAGONIS

3902 383 4013 444 203

752 511 911 560 fidem
944 502 1329 574 pernmvelnt?
1359 502 1436 557 Ad
1468 501 1673 557 Arabes
1697 499 1841 553 enim
1873 515 2013 568 quos
2045 500 2315 553 Ειιιιιιιιιιυ.

2439 500 2629 568 μένους
2661 498 2960 562 samum;
3000 498 3206 568 ’Λραιζιι
3237 498 3345 567 γὰρ
3374 498 3485 561 τοῖς
3517 495 3869 567 καλουμένοις
3910 500 4007 551 Εὔα

749 613 845 651 nas
867 604 1065 650 vocant
1088 594 1162 664 (id
1187 603 1273 648 est
1318 594 1527 661 felices)
1548 593 1630 646 vir
1652 591 2002 666 beatissimus
2026 590 2320 660 profectus;

754 702 855 742 nec
880 688 931 741 id
965 685 1150 751 modo,
1180 701 1370 740 verum
1399 686 1563 739 etiam
1605 683 1752 739 Indis
1781 692 1968 753 postea
1998 691 2054 736 et
2084 682 2325 736 orienta-

746 781 894 833 libus
920 778 1274 846 zEthiOpibus
1315 777 1408 831 Dei
1450 790 1632 830 sermo
1670 775 1967 843 lumenque
1994 772 2237 827 scientia:
2260 787 2325 826 ac

750 872 874 924 vitze
901 878 1124 924 aeternae
1164 869 1413 923 doctrina
1444 865 1900 934 informatioque,
1940 863 2171 927 missus,
2207 863 2322 932 ipsa

744 976 1094 1031 quorumque
1128 961 1309 1027 lingua
1336 957 1621 1027 magnifice
1647 956 1927 1011 Christum
1956 955 2321 1018 annuntiavit,

746 1066 1079 1120 onmemque
1132 1050 1394 1103 adversus
1445 1048 1698 1102 homines
1746 1047 2026 1115 depellcns
2068 1044 2323 1099 infestam

747 1145 1057 1199 daemonum
1081 1143 1188 1195 vim
1217 1156 1279 1195 ac
1302 1140 1718 1211 grassationem,
1745 1148 1908 1208 atque
1932 1153 2151 1192 omnem
2175 1153 2324 1191 mor-

746 1236 898 1299 bum,
924 1249 1253 1303 omnemque
1275 1234 1593 1303 languorem
1621 1232 1673 1285 in
1694 1232 1819 1286 Jesu
1855 1232 2077 1284 nomine
2098 1245 2318 1295 curans;

744 1342 846 1382 nec
877 1341 1082 1396 paucos
1112 1334 1360 1380 mortuos
1381 1324 1626 1394 ejusdem
1653 1322 1892 1377 nominis
1913 1322 2178 1392 potentia,
2209 1322 2321 1376 vita

739 1419 953 1473 donans
976 1458 990 1482 ,
1038 1418 1361 1471 innumeros
1390 1415 1639 1484 quotidie
1672 1416 1965 1469 credentes
2003 1413 2128 1469 fidei
2167 1413 2320 1467 rudi-

742 1518 923 1565 menta
953 1508 1180 1562 edoctos
1204 1506 1433 1561 Christo
1459 1505 1792 1576 adiungebat
1816 1523 1828 1557 :
1857 1504 2318 1574 regenerationis-

743 1618 851 1671 que
892 1603 1109 1655 lavacro
1143 1600 1478 1663 emundans,
1528 1614 1592 1652 ac
1630 1596 1826 1651 deifico
1874 1596 2082 1665 Spiritu
2124 1610 2317 1650 eorum

732 1695 1027 1763 detergens
1047 1693 1231 1757 corda,
1258 1708 1398 1762 quos
1416 1692 1471 1746 in
1502 1692 1611 1746 illis
1634 1690 1914 1760 digniores
1944 1691 2316 1759 majoremque

732 1789 961 1858 gratiam
992 1794 1318 1840 consecutos
1350 1792 1600 1848 noverat,
1640 1785 1693 1838 in
1720 1784 2009 1853 episcopos
2040 1792 2095 1837 et
2131 1798 2315 1837 sacer-

2432 593 2682 662 δαίμοσιν
2708 593 2736 644 ό
2769 590 3184 661 μακαριώτατος
3237 589 3653 659 ἐπιδεδημηκώς
3677 607 3691 621 ’
3734 589 3795 642 οὐ
3849 591 4015 659 μόνον

2430 682 2509 747 δὲ,
2540 683 2675 737 ἀλλά
2700 683 2931 745 καὶτοῖς
2969 682 3148 745 Ἰνδοῖς
3198 681 3336 749 μετά
3362 676 3556 744 ταῦτα,
3595 681 3689 734 καὶ
3717 682 3826 742 τοῖς
3854 679 4015 749 ἕεῴοις

2432 773 2698 842 Αἰθίοψιν,
2751 772 2907 841 λόγος
2948 771 3105 837 Θεοῦ,
3157 772 3251 824 καὶ
3292 770 3408 838 φῶς
3444 770 3702 839 γνώσεως
3734 771 3829 822 καὶ
3860 769 4011 837 ζωῆς

2431 865 2649 919 αἰωνίου
2705 864 3021 919 διδασκαλία
3079 864 3173 918 καὶ
3226 862 3577 925 ὑποτύπωσις
3642 861 4007 923 ἀποσταλεὶς,

2429 961 2549 1020 ταῖς
2592 960 2773 1012 αὐτῶν
2822 957 3124 1019 διαλέκτοις
3172 953 3570 1025 μεγαλοφιέλυως
3614 952 4014 1020 εὐηγγελίσατο

2427 1053 2519 1106 τὸν
2551 1053 2804 1122 Χριστόν.
2841 1050 2949 1104 Καὶ
2976 1050 3159 1102 πᾶσαν
3211 1050 3310 1119 μὲν
3357 1048 3634 1117 δαιμόνιον
3680 1045 4007 1098 ἀποδιώκων

2430 1147 2549 1199 κατ’
2576 1144 2880 1214 ἀνθρώπων
2912 1141 3179 1211 ἐπιφοράν
3207 1156 3220 1169 ·
3266 1142 3447 1193 πᾶσαν
3484 1140 3539 1192 δὲ
3572 1141 3747 1202 νόσον,
3775 1140 3868 1190 καὶ
3902 1141 4013 1190 πᾶ-

2431 1254 2528 1291 σαν
2565 1236 2838 1306 μαλακίαν
2868 1237 2925 1287 ἐν
2956 1235 3179 1304 ὀνόματι
3201 1232 3521 1300 θεραπεύων
3538 1232 3632 1285 τοῦ
3665 1230 3836 1301 Ἰησοῦ
3862 1247 3877 1262 ·
3912 1228 4013 1282 καὶ

2427 1331 2641 1397 νεκροῖς
2669 1328 2726 1379 δὲ
2761 1329 2861 1381 οὐκ
2890 1328 3090 1395 ὀλίγοις
3123 1328 3189 1394 τῇ
3222 1325 3362 1395 αὐτῇ
3396 1324 3491 1375 τοῦ
3534 1325 3799 1391 ὀνόματος
3842 1323 4010 1375 δυνά-

2431 1437 2519 1489 μει
2563 1418 2929 1490 χαρισάμενος
2983 1416 3082 1487 τὴν
3115 1415 3280 1485 ζωὴν,
3317 1413 3546 1484 μυρίους
3597 1414 3756 1475 ὅσους
3792 1414 4011 1481 ἡμέραν

2425 1510 2546 1564 καθ’
2570 1511 2783 1579 ἡμέραν
2813 1506 3168 1568 πιστεύοντας
3192 1506 3446 1576 κατηχῶν
3476 1502 3722 1573 προσῆγε
3748 1501 3973 1572 Χριστῴ
3992 1516 4006 1527 ·

2426 1602 2519 1665 οὓς
2546 1600 2624 1671 τῷ
2655 1601 2753 1670 τῆς
2786 1598 3204 1667 παλιγγενεσίας
3235 1597 3621 1666 ἀνακαθαίρων
3650 1593 3878 1663 λουτρῷ,
3910 1591 4014 1645 καὶ

2424 1693 2500 1764 τῷ
2532 1688 3033 1761 Πνεύματιτούτων
3058 1688 3155 1753 τὰς
3188 1688 3417 1759 καρδίας
3443 1688 3782 1756 ἀποσμήχων
3815 1687 4012 1754 θεουρ-

2423 1783 2584 1853 γικῷ,
2622 1784 2749 1843 τοὺς
2783 1782 3112 1852 ἀξιωτέρους
3163 1782 3222 1834 ἐν
3271 1779 3456 1842 αὐτοῖς
3515 1778 3611 1831 καὶ
3662 1776 4010 1846 τελειοτέρας

732 1880 923 1943 dotes,
959 1878 1108 1935 omni
1156 1876 1578 1948 prosequendus
1612 1877 1977 1930 admiratione
2030 1891 2313 1930 sacrorum

2420 1876 2640 1946 χάριτος
2668 1873 3027 1945 ἠξιωμένους,
3060 1876 3140 1936 είς
3172 1872 3468 1942 ἀρχιερέας
3498 1887 3559 1924 τε
3588 1870 3685 1923 καὶ
3724 1869 3927 1940 ἱερέας,
3978 1869 4011 1919 ὁ

732 1972 964 2025 antistes
992 1970 1378 2034 consecrabat;
1416 1969 1736 2037 cunctisque
1759 1968 1929 2022 sacris
1950 1968 2150 2022 ritibus
2175 1969 2311 2039 legi-

732 2064 943 2131 busque
967 2076 1365 2132 perornans,ac
1385 2059 1797 2129 Scripturarum
1822 2059 2072 2114 doctrina
2100 2070 2310 2131 myste-

733 2154 1054 2222 riorumque
1112 2151 1445 2216 traditione,
1499 2159 1764 2219 quantum
1818 2149 2142 2219 capiebant,
2205 2149 2314 2203 illis

735 2242 1033 2313 proposita,
1059 2241 1438 2295 immaculatas
1462 2240 1681 2294 Christo
1706 2239 1976 2293 Ecclesias
2000 2254 2098 2309 per
2112 2239 2314 2309 oppida

731 2344 787 2387 et
816 2334 1066 2389 civitates
1095 2332 1289 2387 obiens
1316 2332 1666 2400 lustransque
1693 2330 1992 2385 excitabat.

806 2509 1150 2579 Ejuscemodi
1197 2509 1581 2563 Bartholomazi
1638 2510 1903 2579 pneclare
1953 2518 2134 2580 gesta;
2192 2511 2316 2565 talis

746 2598 927 2669 magni
972 2599 1232 2655 Ecclesiae
1276 2600 1546 2669 praeconis
1584 2602 1897 2670 praestantia
1930 2618 1943 2654 :
1983 2601 2146 2671 inque
2185 2617 2314 2656 eum

736 2692 959 2747 modum
1010 2707 1184 2747 annos
1235 2693 1394 2763 longe
1457 2694 1641 2763 plures
1694 2693 1839 2764 apud
1890 2693 2316 2749 immanissimas

735 2794 983 2840 versatus
1007 2795 1216 2855 gentes,
1249 2785 1456 2839 nedum
1482 2786 1620 2839 nihil
1652 2785 1770 2856 ipse
1800 2786 2017 2845 illarum
2041 2786 2315 2841 contraxit

732 2877 970 2932 feritatis
990 2918 1003 2941 ,
1049 2876 1145 2931 sed
1176 2892 1275 2931 sua
1305 2878 1425 2931 illas
1462 2878 1806 2932 humanitate
1837 2878 2170 2948 impartivit;
2212 2893 2316 2933 nec

731 2969 960 3023 omnino
990 2969 1297 3039 ignorantia
1321 2979 1417 3024 aut
1441 2970 1703 3038 nequitia:
1727 2970 1950 3024 illorum
1977 2971 2061 3025 vel
2088 2970 2313 3024 minima

731 3059 854 3113 labe
884 3074 1037 3113 suam
1066 3059 1181 3128 ipse
1208 3059 1373 3112 vitam
1397 3075 1461 3113 ac
1492 3059 1839 3130 disciplinam
1870 3060 2315 3129 aspersit;quin-

732 3150 843 3204 imo
886 3149 1214 3204 excellentia
1276 3150 1537 3205 bonitatis
1582 3151 1891 3221 divinaeque
1941 3150 2265 3206 imitationis
2295 3191 2311 3218 ,

735 3243 955 3298 illorum
988 3242 1288 3312 impietatis
1317 3258 1379 3297 ac
1412 3244 1751 3298 morositatis
1780 3253 1989 3314 partem
2021 3244 2314 3314 plurimam

738 3335 992 3390 dissolvit
1015 3352 1028 3399 ;
1056 3334 1206 3389 velut
1231 3335 1311 3389 sol
1336 3335 1601 3391 emissise
1627 3336 1767 3389 ccelo
1795 3336 1848 3388 in
1877 3350 2096 3389 caenum
2124 3335 2312 3401 radiis,

731 3442 797 3482 ac
825 3426 921 3496 qui
948 3441 1057 3487 non
1093 3426 1209 3497 ipse
1237 3426 1543 3491 sordescat,
1590 3426 1687 3481 sed
1721 3427 1894 3496 magis
1939 3427 2169 3481 fetorem
2198 3427 2314 3482 dis-

731 3519 932 3583 solvat,
961 3515 1289 3588 aboleatque
1316 3533 1379 3572 ac
1406 3518 1637 3571 minuat.

800 3723 940 3790 Quia
984 3737 1116 3778 vero
1158 3738 1323 3777 cursu
1375 3723 1634 3793 praeclare
1684 3737 2063 3779 consummato
2102 3740 2165 3780 ac
2209 3725 2314 3780 fide

735 3824 953 3871 servata
975 3816 1045 3880 ",
1070 3818 1424 3884 quantoszuec
1439 3828 1705 3869 numerus
1720 3816 1919 3885 capiat,
1936 3814 2002 3869 ad
2023 3817 2315 3871 Dominum

731 3916 1102 3969 converterat,
1136 3906 1435 3975 multisque
1477 3906 1672 3961 salutis
1715 3908 1801 3961 via
1835 3909 2155 3973 exstiterat;
2204 3910 2312 3979 jam

734 4014 957 4070 quoque
990 3999 1154 4052 tinent
1184 3998 1347 4067 digne
1390 3998 1672 4051 laboribus
1716 3999 2139 4068 respondentem
2182 4016 2319 4054 nan-

732 4092 863 4146 cisci
896 4091 1185 4161 cupiebat;
1228 4090 1415 4160 pingui
1456 4090 1714 4144 nimirum
1752 4101 2033 4146 senectute
2086 4107 2315 4161 corpore

741 4183 1005 4237 fatiscens
1025 4182 1117 4247 "',
1136 4190 1301 4250 atque
1317 4180 1383 4235 ad
1406 4179 1688 4235 Christum
1706 4181 1993 4252 emigrare,
2009 4182 2215 4252 Deique
2231 4200 2316 4238 re-

733 4273 861 4342 quie
889 4273 997 4327 frui
1023 4271 1618 4327 insatiabilidesiderio
1649 4273 1927 4327 sitiens".
1963 4273 2152 4342 Neque
2186 4288 2316 4328 vero

732 4362 997 4418 Dominus
1033 4364 1167 4435 justi
1222 4362 1559 4418 desiderium
1608 4363 1752 4417 istud
1796 4365 2166 4434 contempsit:
2216 4379 2316 4419 nec

730 4455 1013 4510 exaudivit
1038 4454 1282 4524 quidem,
1314 4455 1498 4508 minus
1526 4463 1706 4509 tamen
1730 4470 1892 4525 quam
1922 4471 2021 4524 pro
2062 4467 2313 4510 votorum

2341 3214 2383 3272 C

2420 1968 2872 2039 θαυμασιώτατος
2904 1966 3275 2037 ἱεροτελεστὴς
3329 1963 3703 2032 ὲτελετούργει
3728 1980 3743 1993 ·
3777 1963 3871 2015 καὶ
3900 1962 4013 2014 πά-

2421 2080 2542 2126 σαις
2577 2061 2956 2131 θεσμοθεσίαις
2994 2057 3359 2128 κατακοσμῶν
3410 2060 3606 2128 ἱεραῖς,
3640 2057 3735 2109 καὶ
3768 2055 3875 2107 τῶν
3910 2053 4009 2106 λο-

2414 2154 2551 2220 γίων
2582 2153 2678 2223 τὴν
2709 2152 2907 2221 μύησιν
2934 2152 3026 2204 καὶ
3054 2150 3161 2203 τῶν
3198 2148 3517 2220 μυστηρίων
3546 2148 3645 2219 τὴν
3684 2146 4012 2216 παράδοσιν,

2417 2244 2600 2309 καθὼς
2625 2245 2888 2316 ἐχώρουν,
2925 2243 3361 2315 παρατιθέμενος
3413 2241 3619 2305 αὐτοῖς,
3670 2238 4011 2309 Ἐκκλησίας

2416 2337 2681 2407 ἀμώμους
2710 2337 2847 2390 κατὰ
2878 2335 3060 2406 χώρας
3086 2336 3180 2389 καὶ
3208 2334 3391 2398 πόλεις
3434 2333 3778 2405 διερχόμενος
3810 2330 4011 2399 ἀνίστη

2418 2425 2660 2495 Χριστῷ.

2488 2516 2725 2569 Τοιαῦτα
2792 2516 2887 2568 τοῦ
2960 2514 3365 2585 Βαρθολομαίου
3422 2516 3492 2568 τὰ
3554 2512 4006 2582 κατορθώματιν

2415 2606 2637 2661 τοιαῦτα
2682 2605 2777 2660 τοῦ
2834 2607 3071 2677 μεγάλου
3114 2607 3213 2675 τῆς
3272 2604 3604 2673 Ἐκκλησίας
3634 2605 3880 2673 κήρυκος
3932 2603 4007 2656 τά

2418 2702 2850 2772 προτερήματαο
2898 2702 2993 2753 καὶ
3043 2697 3215 2760 οὓτως
3260 2700 3317 2751 ἐν
3369 2697 3586 2767 χρόνοις
3637 2696 3852 2749 πλείοσι
3893 2698 4017 2756 τοίς

2416 2792 2813 2861 ἀπηνεστάτοις
2856 2789 3241 2860 ἐπιχωριάζων
3276 2789 3530 2851 ἔθνεσιν,
3582 2788 3684 2841 οὐκ
3734 2786 3898 2848 αὑτός
3954 2802 4015 2839 τι

2419 2886 2649 2954 μετέσχε
2702 2884 2800 2952 τῆς
2853 2882 3034 2935 αὐτῶν
3085 2881 3406 2953 θηριωδίας,
3464 2879 3603 2933 ἀλλά
3646 2880 3749 2948 τῆς
3790 2878 4014 2941 οἰκείας

2419 2976 2686 3045 μετέδωκε
2751 2974 3199 3044 φιλανθρωπίαςο
3258 2973 3379 3025 οὐδὲ
3426 2972 3527 3041 τῆς
3575 2971 3800 3040 ἀγνοίας
3865 2970 4015 3032 ὅλως

2416 3067 2449 3139 ἢ
2476 3069 2577 3133 τῆς
2604 3065 2800 3127 κακίας
2817 3065 3040 3118 ἐκείνων
3068 3064 3173 3118 κᾶν
3205 3064 3296 3117 τὸν
3342 3062 3685 3133 βραχύτατον
3710 3061 3899 3114 σπίλον
3939 3064 4013 3131 τῇ

2417 3158 2537 3212 κατ’
2563 3158 2727 3211 αὑτὸν
2754 3157 3001 3226 πολιτείᾳ
3030 3155 3435 3228 προσετρίψατο
3453 3172 3469 3187 θ
3512 3155 3714 3225 μᾶλλον
3750 3155 3851 3223 μὲν
3879 3152 4010 3215 οὖν,

2419 3250 2689 3321 ὑπερϐολῇ
2717 3250 3089 3319 χρηστότητος
3111 3248 3205 3301 καὶ
3236 3247 3606 3318 θεομιμησίας
3634 3248 3697 3299 τὸ
3748 3246 4013 3297 πλεῖστον

2416 3344 2513 3412 τῆς
2540 3341 2794 3403 ἀσεσείας
2821 3340 3043 3393 ἐκείνων
3073 3339 3170 3393 καὶ
3189 3339 3511 3408 σκαιότητος
3538 3336 4016 3406 διέλυσεν,ὦσπερ

2414 3434 2566 3503 ἥλιος
2619 3433 2761 3486 κατά
2798 3431 3061 3501 βορϐόρου
3099 3431 3200 3494 τὰς
3239 3432 3464 3493 ἀκτῖνας
3490 3428 3698 3482 ἀνωθεν
3738 3428 3876 3490 ίείςο
3911 3429 4017 3480 καί⁸

2416 3526 2519 3578 οὐκ
2562 3524 2725 3587 αὐτὸς
2773 3523 3186 3596 ρυπαινόμενος,
3250 3523 3502 3590 ἐκτήκων
3554 3521 3611 3574 δὲ
3672 3520 3872 3591 μᾶλλον
3903 3519 4016 3590 τὴν

2415 3618 2703 3683 δυσωδίαν,
2758 3616 2853 3670 καὶ
2878 3615 3157 3683 ἀφανίζων
3190 3615 3286 3668 καὶ
3319 3615 3509 3685 μειῶν.

2499 3729 2653 3781 Ἐπεὶ
2684 3727 2740 3781 δὲ
2764 3727 2855 3780 τὸν
2886 3727 3087 3798 δρόμον
3112 3726 3311 3797 ἄριστα
3332 3725 3633 3790 τετελεκὼς
3667 3728 3761 3779 καὶ
3788 3729 3886 3796 τὴν
3916 3727 4020 3781 πί-

2419 3840 2534 3875 στιν
2564 3820 2902 3892 τετηρηκὼς.
2936 3820 3349 3891 ἀναριθμήτους
3392 3820 3490 3890 μὲν
3536 3820 3872 3892 ἐπέστρεψεν
3913 3822 4019 3875 ἐπὶ

2416 3909 2506 3961 τὸν
2567 3909 2804 3979 Κύριον,
2845 3909 3058 3971 πολλοῖς
3112 3909 3168 3961 δέ
3234 3909 3510 3979 σωτηρίας
3570 3911 3793 3977 γέγονεν
3846 3909 3971 3974 όδδς
3997 3952 4013 3976 ,

2417 4000 2684 4069 ἐπεθύμει
2714 4000 2900 4053 λοιπὸν
2956 4001 3048 4054 καὶ
3078 4000 3139 4053 τὸ
3184 4000 3338 4064 τέλος
3390 4002 3541 4067 ἄξιον
3586 4001 4014 4068 ἀπενέγκασθαι

2416 4092 2523 4144 τῶν
2558 4093 2760 4157 πόνων,
2809 4092 2911 4161 ήδη
2960 4093 3119 4161 γήρει
3162 4092 3305 4145 πίονι
3336 4092 3398 4145 τὸ
3433 4093 3593 4156 σῶμα
3645 4092 4014 4162 πεπονηκὼς,

2418 4183 2510 4237 καὶ
2547 4184 2820 4254 τῆς-πρὸς
2849 4184 2940 4236 τὸν
2988 4184 3225 4254 Χριστὸν
3252 4183 3587 4248 ἀναλύσεως,
3624 4185 3718 4237 καὶ
3770 4185 3869 4253 τῆς
3904 4186 4013 4237 τοῦ

2416 4272 2552 4325 Θεοῦ
2589 4272 3005 4335 καταπαύσεως.
3047 4274 3389 4345 ἀπληρώτως
3412 4275 3721 4347 ἐφιέμενος.
3755 4275 3866 4328 Καὶ
3903 4277 4017 4327 οὐκ

2416 4364 2687 4435 ἠμέλησεν
2718 4368 2746 4419 ό
2792 4366 2997 4437 Κύριος
3030 4366 3126 4436 τῆς
3157 4367 3453 4437 ἐπιθυμίας
3479 4366 3575 4419 τοῦ
3613 4367 3858 4420 δικαίου·
3892 4366 4013 4420 οὐδ’

2418 4459 2707 4525 εἰσήκουσε
2766 4458 2886 4527 μὲν,
2924 4458 3141 4511 ἔλαττον
3168 4459 3223 4511 δὲ
3268 4460 3301 4529 ἢ
3341 4460 3481 4512 κατά
3512 4460 3613 4529 τὴν
3653 4459 3818 4513 αὐτοῦ
3856 4476 4016 4527 παρ-

731 4553 880 4606 illius
923 4552 1139 4606 ratione
1193 4552 1432 4605 tribuit:
1472 4551 1566 4605 sed
1619 4552 1761 4605 sicut
1818 4551 1873 4605 in
1930 4552 2187 4607 omnibus
2241 4567 2307 4607 ex

2420 4550 2609 4618 έσχετο
2654 4553 2961 4621 προσευχήν
2984 4568 2997 4581 ·
3030 4551 3220 4621 ὥσπερ
3250 4552 3308 4604 δὲ
3347 4551 3418 4604 τὰ
3448 4552 3629 4604 πάντα
3650 4552 4017 4622 Χριστοειδὴς

728 4643 934 4698 Christi
969 4643 1311 4712 compositus
1355 4641 1663 4696 rationibus
1689 4641 1773 4695 vir
1810 4643 1921 4696 Deo
1962 4643 2312 4698 beatissimus

729 4752 854 4789 cum
896 4744 1063 4797 essm,
1112 4734 1191 4787 sic
1240 4734 1443 4789 Christi
1488 4734 1688 4803 pietate
1733 4750 1797 4787 ac
1850 4735 2098 4789 moribus
2143 4735 2309 4789 vitam

730 4826 1067 4885 instituerat.
1100 4834 1158 4879 ut
1187 4824 1443 4879 Christus
1475 4825 1614 4877 alter
1646 4835 1795 4878 recte
1825 4824 2219 4879 contuentibus
2252 4834 2312 4880 et

726 4928 873 4975 esset
895 4929 951 4973 et
975 4918 1267 4986 disciplina
1293 4918 1439 4971 omni
1470 4919 1774 4987 pra-ferret,
1797 4918 1869 4970 ita
1900 4917 2062 4971 finem
2088 4934 2309 4987 quoque

726 5010 995 5082 ejusmodi
1028 5010 1291 5079 subsequi
1326 5026 1549 5064 necesse
1579 5018 1726 5073 erat,
1759 5010 1851 5079 qui
1886 5011 1984 5064 toti
2018 5011 2141 5065 vita:
2176 5025 2311 5064 eon-

730 5113 975 5173 grueret.

800 5194 1059 5261 Qumnam
1080 5209 1210 5248 vero
1225 5193 1717 5248 consummationis
1738 5208 1925 5256 causa,
1946 5207 2009 5247 ac
2028 5192 2314 5247 videamus

728 5302 893 5357 quam
927 5286 1019 5339 illa
1050 5286 1304 5355 religiosa
1333 5301 1508 5353 exque
1554 5284 1863 5339 Christiana
1916 5285 2140 5354 pietate.
2172 5284 2313 5340 Con-

730 5380 847 5449 tigit
898 5393 1113 5433 sacrum
1152 5377 1520 5445 Theologunt,
1557 5376 1611 5430 in
1639 5378 1873 5445 quadam
1917 5376 2053 5430 urbe
2088 5378 2312 5447 majoris

727 5471 999 5526 Armenia:
1044 5470 1457 5540 (UrbanOpolim
1489 5468 1709 5537 vocant)
1740 5469 1968 5523 versari.
2004 5469 2062 5523 In
2093 5482 2157 5522 ea
2197 5486 2311 5522 ma-

726 5558 943 5629 gniﬁcis
970 5560 1279 5629 divinisque
1318 5575 1384 5613 ex
1429 5574 1581 5613 more
1617 5559 2105 5628 przedicationibus
2135 5560 2308 5614 Deum

727 5652 1046 5717 celebrans;
1074 5652 1317 5722 deosque
1345 5667 1536 5706 omnes
1562 5667 1626 5706 ac
1660 5667 1852 5706 omnes
1894 5651 2171 5708 daemones
2214 5654 2309 5708 de-

792 5826 834 5855 ”
868 5826 909 5879 ll
938 5826 1059 5881 'l‘im
1084 5844 1154 5892 tv,
1184 5830 1233 5881 7.
1299 5831 1364 5861 ’τ’
1401 5832 1540 5885 Psal.
1587 5848 1739 5895 l.|.X\',
1780 5831 1863 5896 lii;
1900 5829 2037 5885 Gen.
2078 5847 2166 5896 xv,
2198 5832 2282 5887 l3.

2416 4642 2445 4693 ό
2477 4644 3038 4713 θεομακαριστότατος
3072 4645 3209 4715 ἀνὴρ
3242 4645 3339 4708 ὢν,
3372 4644 3808 4714 Χριστοπρεπῶς
3830 4642 4018 4708 οὕτως

2418 4732 2663 4795 ἐϐίωσεν,
2697 4735 2771 4797 ώς
2800 4735 2959 4788 ἄλλον
2993 4737 3200 4788 ἐκεῖνον
3231 4738 3343 4799 τοῖς
3375 4736 3554 4804 ὀρθῶς
3605 4735 3778 4806 όρῶσι
3806 4736 3901 4788 καὶ
3926 4732 4019 4787 εἷ·-

2418 4842 2506 4883 ναι
2538 4830 2631 4882 καλ⁸
2663 4828 3067 4892 πολιτεύεσθαι,
3102 4829 3276 4891 οὕτως
3306 4829 3414 4884 ἔδει
3436 4830 3530 4883 καὶ
3554 4828 3709 4892 τέλος
3738 4828 4018 4897 ἀνάλογον

2416 4924 2522 4995 ὅλῳ
2558 4922 2636 4995 τῷ
2663 4922 2763 4992 βίῳ
2792 4922 3297 4993 παρακολουθῆσαι.

2484 5199 2581 5261 Τίς
2610 5198 2705 5252 οὖν
2753 5200 2786 5268 ἡ
2834 5198 3165 5261 τελειώσεως
3203 5200 3463 5268 ἀφορμή·
3524 5200 3619 5253 καὶ
3656 5198 3892 5270 εἰδῶμεν
3928 5202 4018 5267 ὡς

2415 5291 2878 5361 Χριστοπρεπήςο
2911 5290 3062 5342 πόλει
3093 5291 3201 5361 γάρ
3227 5308 3334 5342 τινι
3374 5292 3474 5360 τῆς
3508 5290 3753 5360 μεγάλης
3797 5292 4016 5360 Ἀρμεο

2418 5382 2534 5444 νίας
2564 5384 2592 5435 ό
2616 5382 2758 5452 ίερδς
2785 5382 3029 5433 ἐπετέλει
3060 5381 3321 5449 θεολόγος
3350 5382 3622 5451 ἐνδημῶν.
3654 5383 4020 5451 οὖρόανόπο-

2414 5473 2497 5527 λιν
2519 5473 2576 5526 δέ
2606 5473 2808 5542 ταύτην
2836 5470 3011 5526 εἶναι’
3042 5473 3099 5525 ἐν
3206 5472 3601 5542 μεγαληγόρως
3629 5473 3663 5543 ἦ
3697 5471 4017 5544 θεηγόρως,

2412 5566 2487 5627 ὡς
2522 5565 2642 5628 ἔθος
2669 5565 2839 5634 αὐτῷ,
2873 5564 3141 5632 θεολογῶν
3184 5565 3276 5616 τὸν
3318 5564 3453 5617 Θεόν
3476 5579 3491 5593 ·
3526 5563 3622 5616 καὶ
3654 5563 3867 5627 πάντας
3906 5566 4019 5630 μὲν

2414 5656 2594 5720 θεοὺς,
2645 5657 2851 5718 πάντας
2900 5655 2955 5708 δέ
3006 5654 3266 5725 δαίμονας
3321 5653 3653 5720 ἐξουδενῶν,
3725 5653 3888 5723 μόνον
3951 5654 4020 5708 δὲ

2370 5832 2414 5863 ’⁸
2444 5830 2583 5885 Phil.
2612 5848 2648 5894 ι,
2680 5829 2771 5884 25.
