4180 6434
204 405 289 465 ’ξοο
852 405 1133 465 ORATIO
1171 408 1239 464 λ.

1328 406 1440 464 ἸΝ
1482 404 1788 465 [.AUDEM
1831 406 1889 465 S.
1934 407 2496 468 BARTIIOLOMEEI
2540 408 2794 467 APOST.

3324 409 3433 471 210

203 510 434 565 σέϐεσθαι
470 510 936 580 παρεγγυώμενος
984 514 1075 565 τὸν
1118 514 1343 583 Ἰησοῦν,
1407 515 1566 583 μόνον
1602 514 1727 581 ὴξίοε

1858 531 2083 584 spuens,
2116 534 2393 586 unumque
2413 519 2598 573 Jesum
2630 516 2919 570 colendum
2938 514 3272 579 admonens;
3302 534 3427 573 eum

203 602 367 656 τοῦτον
411 604 609 657 εἰδέναι
658 602 793 654 Θεὸν
841 603 1051 674 ἀληθῆ·
1087 607 1236 658 Θεὸν
1276 606 1527 668 τέλειον,
1560 607 1753 673 μόνον

203 697 385 761 ἅγιον,
438 695 737 761 ἄχρονον,
788 696 1064 758 αἰώνιον,
1127 696 1574 763 ἀκατάληπτον,
1627 697 1752 765 φῶς

202 781 372 834 ἀΐδιον
402 781 470 842 ἐξ
502 781 699 835 ἀϊδίου
715 783 1105 852 γεννώμενον,
1138 784 1245 838 εἴτ’
1279 782 1391 839 οὖν
1422 786 1752 855 ἁπαυγαζό-

198 888 361 937 μενον
386 870 536 924 Θεοῦ
558 871 666 925 τοῦ
696 873 954 939 Πατρός·
987 872 1112 943 φῶς
1142 875 1407 945 ἄναρχον
1429 916 1443 939 ,
1472 876 1568 930 καὶ
1599 892 1750 931 συν-

201 962 442 1029 ἀναρχον
479 960 591 1029 τῆς
629 962 949 1031 ἀφράστως
986 966 1083 1019 καὶ
1137 968 1289 1036 ὑπὲρ
1342 972 1529 1036 λόγον
1555 968 1752 1023 πάντα

200 1047 282 1099 καὶ
306 1048 453 1102 νοῦν
481 1049 945 1119 ἀπαυγαζούσης
977 1053 1190 1123 ἀρχῆς.

253 1217 452 1288 Οὗτος,
504 1225 570 1277 τὸ
602 1227 894 1294 ἡμέτερον
950 1228 1098 1283 ὅλον
1142 1232 1594 1300 προσειληφὼς,
1649 1235 1749 1287 καὶ

199 1312 484 1378 ἅνθρωπος
537 1317 752 1383 ὁμοίως
797 1318 940 1385 ἡμῖν
972 1320 1039 1372 ἐκ
1092 1320 1396 1386 Παρθένου
1438 1322 1610 1391 ἁγίας
1622 1323 1749 1390 ,καὶ

199 1401 428 1470 σεμνῆς,
454 1404 536 1470 ὡς
570 1406 610 1474 ἡ
639 1408 769 1461 καθ’
794 1407 951 1474 ἡμᾶς
990 1408 1261 1474 ἀλήθεια,
1314 1412 1592 1482 γεγονὼς,
1646 1414 1747 1467 καὶ

195 1494 275 1545 ἐπὶ
300 1495 491 1563 τριετῆ
518 1500 743 1564 χρόνον
762 1488 836 1551 ’ἐν
857 1502 1059 1569 λόγοις
1093 1503 1624 1569 θεοπρεπεστὰτοις
1650 1506 1748 1557 καὶ

196 1584 364 1652 ἔργοις
419 1588 931 1657 ὑπερφυεστάτοις
993 1592 1136 1660 ἡμῖν
1190 1597 1745 1663 συναναστραρεὶς,

193 1670 300 1727 εἶτα
328 1678 565 1746 σταυρῷ
601 1678 675 1732 δι’
692 1684 1035 1751 οικονομίαν
1055 1684 1154 1737 καί
1195 1684 1430 1749 θανάτῳ
1455 1699 1744 1754 πρεσομι·

192 1766 396 1831 ληκώς·
418 1763 547 1820 εἶτα
580 1768 889 1837 τριήμερικι
919 1772 1189 1837 ἀναστὰς
1229 1773 1325 1826 καί
1348 1773 1739 1842 ἀναληφθεὶς,

1854 607 2029 660 solum
2050 616 2108 659 ut
2128 623 2318 660 verum
2333 610 2500 663 Deum
2522 615 2881 678 agnoscerent
2903 606 3169 670 instabat;
3196 620 3391 675 nempe
3413 626 3426 661 ;

1854 695 2021 749 Deum
2051 696 2353 765 perfectum,
2380 698 2551 750 solum
2576 704 2839 755 sanctum,
2872 696 3113 763 principii
3142 704 3428 764 expertem,

1854 797 2129 845 a’ternum.
2148 789 2659 855 incomprehensum,
2681 786 2853 839 lumen
2878 794 3129 839 a’ternum
3148 802 3210 839 ex
3230 795 3429 840 ceterno

1854 886 2038 927 natum
2064 874 2289 939 lumine;
2310 875 2364 927 id
2392 884 2488 937 est,
2511 884 2810 928 manantem
2838 888 2902 925 ea;
2927 872 3033 925 Deo
3065 872 3224 925 Patre
3247 874 3425 943 splen-

1854 968 2066 1028 dorem,
2100 967 2278 1019 lumen
2317 966 2560 1034 principii
2591 981 2772 1033 expers
2806 981 2869 1017 ac
2897 979 3143 1032 coexpcrs
3166 963 3425 1033 principii,

1853 1059 2132 1127 principio,
2164 1074 2265 1128 quo
2314 1066 2528 1110 auctore
2565 1055 2718 1108 nulla
2752 1058 2799 1108 vi
2830 1056 3107 1109 verborum
3132 1056 3428 1124 explicabili

1853 1150 2077 1213 ratione,
2103 1165 2370 1219 supraque
2405 1162 2610 1199 onmem
2640 1147 2898 1199 rationem
2927 1158 2973 1200 et
3007 1146 3235 1217 eﬂulget.

1923 1239 2046 1302 Hic,
2080 1240 2330 1308 quidquid
2383 1247 2577 1292 nostra:
2619 1238 2961 1290 concretionis
3017 1246 3088 1290 est
3135 1253 3426 1298 assumens,

1849 1332 2112 1403 similique
2142 1334 2285 1386 nobis
2329 1334 2534 1385 ratione
2561 1348 2624 1385 ea:
2664 1339 2852 1385 sancta
2881 1347 2943 1383 ac
2972 1331 3262 1385 castissima
3306 1332 3425 1385 Vir-

1850 1427 1968 1493 gine
2018 1425 2188 1493 factus
2239 1426 2421 1487 homo,
2478 1424 2556 1476 uti
2611 1423 2736 1489 ﬁdei
2785 1430 2978 1475 nostra:
3023 1422 3214 1475 veritas
3259 1422 3424 1482 docet,

1851 1516 2115 1583 triumque
2167 1529 2432 1567 annorum
2488 1513 2659 1582 spatio
2719 1511 3055 1564 divinissimis
3092 1510 3422 1563 sermonibus

1848 1602 2355 1673 prtemagniﬁcisque
2408 1618 2470 1654 ac
2527 1599 2797 1669 stupendis
2855 1599 3093 1668 operibus
3151 1599 3417 1651 nobiscum

1850 1702 2209 1754 conversatus,
2270 1704 2485 1763 tumque
2538 1690 2873 1762 propensiore
2922 1687 3137 1741 consilio
3176 1704 3325 1741 cruce
3364 1705 3425 1741 ac

1852 1792 2016 1836 morte
2059 1785 2392 1853 per/unctus,
2426 1781 2855 1848 postmodumque
2882 1778 3161 1830 triduanus
3198 1778 3422 1831 suscita-

194 1855 336 1922 1'uuilr
355 1858 506 1926 πρὸς
541 1862 727 1912 αὐτὸν
757 1861 1136 1926 βλεπόντων,
1178 1866 1266 1928 εὶς
1320 1866 1427 1917 τὸν
1456 1866 1727 1932 οὐρανὸν,

1842 1886 1946 1938 tus,
1999 1885 2157 1945 atque
2191 1876 2245 1926 in
2286 1873 2504 1938 ctutum,
2553 1872 2697 1925 nobis
2747 1869 2803 1922 in
2839 1886 2958 1923 eum
3019 1870 3419 1934 contuentibus,

192 1947 249 1997 ἐν
268 1946 426 2014 δεειᾷ
463 1950 741 2005 κεκάθικε
773 1952 878 2005 τοῦ
909 1954 1083 2007 Θεοῦ·
1116 1954 1184 2021 ὃς
1213 1956 1310 2008 καὶ
1348 1956 1581 2023 ἔρχεται
1615 1956 1738 2024 κρῖ-

191 2056 271 2091 ναι
300 2041 408 2105 τὴν
438 2042 802 2112 οἰκουμένην
846 2045 915 2097 ἐν
942 2046 1320 2115 δικαιοσύνῃ,
1346 2051 1443 2104 καὶ
1480 2052 1740 2105 ἀποδοῦ-

191 2146 270 2180 ναι
295 2130 524 2197 ἑκάστῳ
545 2134 693 2188 κατὰ
728 2137 844 2203 τὴν
880 2137 1103 2204 πρᾶξιν
1152 2141 1360 2195 αὑτοῦ.
1415 2140 1520 2207 Ἐξ
1552 2142 1739 2197 αὐτοῦ

191 2223 271 2273 καὶ
321 2224 525 2290 ἡμεῖς,
581 2228 765 2295 φησὶν,
828 2230 1293 2298 ἀποσταλέντες,
1336 2236 1743 2303 παραινοῦμεν

191 2313 270 2362 καὶ
298 2316 760 2385 παρακαλοῦμεν
816 2318 990 2388 ὑμᾶς,
1026 2322 1279 2391 ἀδελφοὶ
1305 2366 1320 2385 ,
1374 2326 1741 2380 πιστεύσατε

191 2403 271 2454 καὶ
289 2405 665 2473 ,ϐαπτίσθητε
710 2409 783 2462 ἐν
824 2409 903 2475 τῷ
932 2413 1177 2481 ὀνόματι
1222 2412 1411 2467 αὑτοῦ
1435 2429 1449 2443 ο
1499 2416 1595 2468 καὶ
1626 2416 1740 2483 τὴν

189 2492 389 2557 δωρεὰν
420 2496 530 2549 τοῦ
580 2498 753 2566 ἁγίου
795 2502 1136 2569 Πνεύματος
1166 2505 1454 2570 λαϐόντες
1476 2546 1490 2565 ,
1520 2510 1738 2573 κληρο-

190 2586 333 2649 νόμοι
365 2586 517 2654 ζωῆς
545 2591 786 2644 αίωνίου
819 2592 1255 2661 καὶβασιλείας
1286 2596 1592 2665 ἀφθάρτου
1635 2614 1728 2666 γει

187 2675 448 2742 νήσεσθε,
489 2680 560 2731 ἐν
583 2680 813 2748 Χριστῷ
857 2683 1071 2749 Ἰησοῦ.
1116 2685 1313 2754 Ἀμήν.

246 2770 474 2825 Τοιαῦτα
537 2772 633 2824 τοῦ
691 2774 837 2844 ίεροῦ
894 2775 1302 2847 Βαρθολομαίου
1328 2817 1344 2841 ,
1401 2780 1494 2832 καὶ
1561 2780 1740 2850 πολλῷ

185 2859 334 2913 πλείω
359 2863 453 2915 καὶ
478 2863 730 2934 θειότερα
771 2869 885 2929 τοῖς
926 2868 1237 2937 παρεστῶσι
1263 2869 1372 2922 τῶν
1403 2869 1573 2939 ὄχλων
1600 2873 1739 2925 κατὰ

181 2950 263 3017 τὴν
289 2954 514 3005 ἐκείνων
545 2955 827 3009 διάλεκτον
862 2961 1123 3029 προσηνεῖ
1171 2960 1265 3011 καὶ
1313 2960 1461 3031 ἠπίῳ
1501 2959 1579 3031 τῷ
1611 2961 1741 3028 φθέο

181 3056 331 3105 ruam
358 3045 613 3111 βοιῖιντος,
659 3048 750 3099 καὶ
781 3048 942 3101 τινῶν
992 3051 1091 3119 μὲν
1127 3052 1486 3121 πειθομένων,
1544 3053 1635 3106 καὶ
1664 3052 1741 3122 τῷ

179 3130 302 3201 λὸτῳ
336 3136 433 3204 τῆς
462 3137 727 3203 ἀληθείας
752 3138 1054 3209 τιθεμένων
1077 3183 1095 3209 ,
1146 3142 1306 3195 τινῶν
1341 3144 1398 3196 δὲ
1430 3145 1739 3213 σκληρυνθ-

181 3221 354 3287 μένων,
384 3225 483 3275 καὶ
507 3225 849 3295 δαιμονιὼδει
877 3233 995 3284 κατ’
1023 3231 1186 3284 αὑτοῦ
1208 3232 1356 3301 ζήλῳ
1379 3233 1733 3301 κινουμένων,

178 3311 416 3380 ἐξαπίνης
440 3316 493 3366 οἱ
520 3318 876 3386 πονηρότατοι
896 3320 988 3374 τὸν
1027 3322 1496 3390 θεοπρεπέστατον
1534 3338 1734 3392 συναρ-

174 3402 415 3463 πὰζουσιν
458 3406 774 3478 πρεσϐύτην
799 3448 815 3473 ,
851 3412 945 3463 καὶ
990 3413 1393 3479 ἀνακραγόντες
1437 3416 1550 3478 τοῖς
1586 3414 1733 3485 πρώ-

174 3511 263 3554 τνιι,
316 3498 435 3547 κατ’
472 3499 639 3551 αὐτοῦ
696 3501 794 3569 τῆς
834 3503 1037 3567 πόλεως
1088 3506 1496 3572 ἐμφανίζουσιν.
1553 3507 1620 3560 Οῖ
1663 3523 1727 3574 γε

170 3584 335 3636 τιλτον
372 3589 589 3658 ἰταμῶς
637 3592 775 3659 ἄγαν
828 3594 1239 3665 ἀνακρίναντες,
1300 3598 1393 3649 καὶ
1453 3597 1545 3649 τὸν
1600 3615 1734 3669 πρε-

174 3676 484 3746 σϐευόμενον
521 3679 674 3747 λόγον
733 3685 1178 3749 ἐπακούσαντες·
1231 3689 1313 3741 ὅτι
1345 3706 1402 3741 τε
1458 3688 1590 3752 Θεὸς
1652 3691 1729 3742 ῶν

168 3769 496 3833 προπιώνιος,
530 3772 813 3843 ἄνθρωπος
841 3776 1066 3844 γέγονεν
1120 3778 1400 3847 ἐγχρόνιος
1430 3796 1442 3809 ·
1512 3782 1607 3833 καὶ
1648 3782 1733 3835 ὅτι

165 3856 535 3930 ἐσταύρωται,
596 3865 689 3915 καὶ
748 3864 830 3916 ὅτι
882 3866 1180 3935 τριήμερος
1231 3868 1296 3919 ἐκ
1349 3867 1461 3920 τῶν
1522 3869 1733 3941 νεκρῶν

165 3953 343 4024 ἀνέστη
366 3972 379 3985 ·
410 3956 512 4008 καὶ
542 3956 622 4009 ὅτι
645 3958 919 4029 ἀνελήφθη
951 3963 1030 4038 είς
1048 3963 1172 4025 τοὺς
1197 3964 1458 4033 οὐρανοὺς
1477 4004 1493 4030 ,
1527 3966 1622 4019 καὶ
1650 3966 1732 4019 ὃτι

165 4041 362 4112 ἔρχεται
388 4047 563 4100 πάλιν
607 4052 788 4118 κρῖναι
839 4051 1048 4115 ζῶντας
1088 4054 1180 4106 καὶ
1231 4056 1477 4126 νεκρούς.
1515 4057 1604 4120 Ὠς
1636 4053 1729 4111 οὖν

164 4131 315 4195 οὕτως
345 4136 596 4204 ἤκουσαν
643 4140 691 4190 oi
728 4138 1043 4204 δυσσεϐεῖς,
1095 4143 1175 4212 τῷ
1229 4148 1589 4214 καινοπρεπεί
1635 4144 1729 4199 τοῦ

165 4222 391 4289 ῥήματος
451 4225 941 4297 ἐμϐροντηθέντες,
997 4231 1089 4283 καὶ
1141 4233 1278 4301 πρὸς
1318 4234 1411 4285 τὸν
1453 4236 1729 4305 ἐσταυρω-

165 4315 305 4380 μένον
332 4316 795 4388 δυσχεράναντες,
850 4322 1046 4375 αὐτίκα
1075 4324 1139 4394 δὴ
1168 4324 1260 4376 τὸν
1307 4325 1476 4379 αὐτοῦ
1511 4328 1729 4397 κήρυκα

164 4406 497 4472 μιστιγοῦσι,
525 4408 620 4460 καὶ
650 4410 1098 4481 ἁνασταυροῦσιν,
1150 4416 1299 4481 ἀξιον
1330 4419 1729 4485 ἐπιφωνοῦντες

1839 1973 2094 2034 receptus,
2143 1965 2197 2016 in
2229 1963 2444 2015 dextera
2510 1961 2604 2013 Dei
2640 1960 2816 2013 sedit:
2857 1958 2946 2028 qui
2984 1957 3143 2010 etiam
3172 1967 3419 2011 venturus

1838 2056 2236 2127 cst'judicatum
2277 2063 2450 2106 orbem
2495 2063 2651 2106 terra:
2694 2053 2748 2104 in
2785 2052 3025 2121 justitia,
3048 2058 3095 2103 et
3136 2060 3192 2102 ut
3234 2049 3419 2101 reddat

1839 2148 2121 2217 unicuique
2161 2147 2321 2215 juxta
2367 2160 2526 2214 opera
2564 2162 2681 2197 sua.
2730 2143 2890 2212 Ejus,
2932 2143 3134 2211 inquit,
3169 2158 3259 2194 nos
3290 2158 3419 2210 quo—

1841 2257 1939 2310 que
1986 2249 2114 2293 nutu
2157 2240 2330 2302 missi,
2368 2240 2644 2291 hortamur
2688 2253 2775 2290 vos
2820 2244 2869 2288 et
2912 2235 3269 2296 obsecramus,
3304 2234 3415 2302 fra-

1841 2343 1965 2396 tres,
2010 2340 2065 2384 ut
2100 2331 2326 2384 credatis
2370 2338 2417 2382 et
2445 2329 2779 2397 baptizemini
2809 2329 2862 2380 in
2894 2328 3104 2380 nomine
3134 2325 3284 2394 ejus;
3322 2325 3415 2376 do-

1840 2440 2071 2493 numque
2131 2421 2356 2489 Spiritus
2416 2420 2588 2473 sancti
2634 2419 2978 2487 accipientes,
3029 2416 3256 2470 Iiwredes
3299 2416 3419 2468 vitm

1839 2524 2050 2568 wterna;
2080 2514 2326 2581 regnique
2349 2508 2761 2580 incorruptibilis
2793 2508 3102 2577 e/Iiciemini,
3130 2508 3185 2560 in
3212 2505 3416 2561 Christo

1836 2604 1981 2657 Jesu.
2019 2604 2201 2656 Amen.

1913 2772 2065 2826 Talia
2116 2781 2279 2841 atque
2332 2772 2420 2825 his
2464 2772 2621 2841 longe
2668 2772 2819 2841 plura
2862 2771 3240 2839 divinioraque
3291 2783 3416 2823 cum

1848 2865 1968 2919 miti
2011 2865 2232 2933 lenique
2265 2863 2509 2933 alloquio
2543 2863 2951 2918 sacratissimus
2984 2862 3418 2917 Bartholomazus

1839 2955 2151 3010 astantibus
2197 2955 2396 3019 turbis,
2433 2955 2549 3025 ipsa
2590 2970 2780 3008 earnm
2824 2954 3028 3019 lingua,
3062 2952 3415 3013 declamaret,

1843 3056 2011 3117 atque
2038 3046 2133 3101 alii
2158 3045 2383 3115 quidem
2413 3046 2727 3108 crederent,
2754 3058 3147 3112 assensumque
3170 3042 3417 3095 veritatis

1840 3136 2107 3193 doctrinae
2150 3134 2489 3204 praberent;
2534 3133 2626 3187 alii
2667 3148 2800 3187 vero
2836 3130 3321 3192 exacerbarentur,
3355 3143 3418 3182 ac

1842 3228 2178 3283 daemoniaca
2204 3225 2470 3281 adversus
2499 3239 2626 3279 eum
2656 3223 3005 3279 aamulatione
3032 3220 3415 3285 incitarentur,

1834 3320 1978 3375 facta
2026 3328 2255 3389 repente
2299 3317 2561 3379 coitione,
2598 3315 2969 3370 scelestissimi
3013 3312 3413 3367 divinissimum

1834 3426 2026 3468 senem
2069 3410 2402 3479 corripiunt,
2437 3408 2764 3476 sublatoque
2798 3407 3042 3461 clamore
3077 3403 3416 3473 primoribus

1834 3517 1961 3555 eum
1998 3498 2236 3554 civitatis
2269 3506 2559 3552 accusant.
2585 3494 2649 3549 lli
2691 3510 2879 3549 severe
2918 3492 3214 3548 admodum
3254 3491 3413 3546 insti-

1835 3603 1957 3649 tuto
1998 3610 2178 3649 causa:
2215 3592 2488 3657 examine,
2517 3590 2815 3659 auditaque
2853 3590 2973 3659 ejus
3011 3586 3415 3659 prmdicationis

1836 3686 2121 3749 doctrina,
2159 3701 2255 3748 ac,
2292 3684 2436 3753 quod
2486 3684 2631 3736 Deus
2674 3698 2797 3735 cum
2845 3689 2991 3734 esset
3033 3688 3411 3748 prmternus,

1834 3778 1999 3831 homo
2046 3778 2099 3832 in
2148 3786 2398 3847 tempore
2436 3775 2615 3828 lactus
2656 3782 2772 3837 est;
2821 3772 2968 3842 quod
3009 3770 3160 3824 cruci
3204 3768 3410 3833 aﬂixus,

1834 3869 1983 3939 quod
2046 3868 2334 3923 triduanus
2391 3883 2421 3921 a
2481 3865 2718 3921 mortuis
2775 3865 3105 3926 suscitatus,
3154 3860 3300 3931 quod
3358 3862 3411 3913 in

1832 3961 2035 4013 caelum
2086 3968 2372 4027 receptus,
2422 3972 2485 4011 ac
2532 3971 2753 4010 rursum
2797 3964 3066 4009 venturus
3107 3952 3412 4023 iudicatum

1832 4054 1987 4106 vivos
2011 4062 2067 4107 et
2093 4060 2359 4107 mortuos.
2384 4050 2522 4105 Cum
2549 4049 2665 4104 haec
2692 4049 2858 4119 igitur
2886 4048 3036 4117 impii
3066 4059 3411 4117 perorantem

1833 4142 2152 4205 audissent,
2204 4141 2357 4195 verbi
2422 4140 2667 4194 novitate
2729 4138 2984 4203 attoniti,
3044 4137 3413 4203 adversusque

1832 4233 2189 4293 cruciﬁxum.
2238 4232 2614 4302 indignatione
2662 4231 2879 4285 accensi
2930 4232 3079 4285 illius
3124 4228 3410 4284 confestim

1832 4340 2142 4395 praeconem
2192 4323 2518 4378 verberibus
2575 4338 2774 4377 caesum
2827 4323 2882 4375 in
2939 4337 3156 4377 crucem
3212 4330 3409 4391 agunt;

1832 4432 2049 4487 aequum
2082 4416 2294 4469 scilicet
2326 4413 2778 4484 pronuntiantes,
2806 4423 2865 4467 ut
2894 4411 3138 4467 cruciﬁxi
3172 4411 3412 4481 discipu-

162 4496 236 4544 τᾶν
256 4495 348 4548 τοῦ
371 4499 804 4569 ὲσταυρωμὲνου
856 4502 1066 4574 μύστην
1121 4504 1355 4576 σταυρὸν
1394 4506 1493 4576 τὴν
1525 4507 1727 4577 ζημίαν

1839 4509 1920 4563 Ius
1950 4508 2129 4563 crucis
2159 4522 2318 4577 paena
2347 4506 2698 4559 multaretur.

160 4591 417 4658 ὑποσχεῖν.

218 4679 317 4731 Καὶ
342 4680 404 4744 ὃς
424 4681 691 4751 εὐθύμως
722 4686 947 4755 προσῄει
975 4686 1052 4755 τῷ
1081 4685 1242 4756 ξύλῳ,
1277 4688 1415 4755 μετά
1468 4688 1727 4759 πλείστης

164 4769 276 4837 ὅπης
309 4772 662 4842 προσηλοῦτο
692 4777 895 4845 χαρᾶς’
930 4776 1176 4829 ἐντεῦθεν
1226 4778 1446 4845 ἄγγελοι
1493 4782 1592 4849 μὲν
1638 4786 1727 4834 οὑ-

162 4860 364 4925 ρανκιθεν
406 4864 499 4917 ἐπ’
531 4865 696 4919 αὐτὸν
735 4867 1155 4932 καταϐαίνοντες
1196 4872 1291 4923 καὶ
1321 4871 1724 4935 ἀναϐαίνοντες,

156 4952 377 5021 ὑπερφυε
389 4955 604 5025 στάτην
633 4957 896 5010 ἀνάϐασιν
920 4959 1235 5014 ὡδοποίουν.
1268 4962 1571 5032 Διηνέῳκτο
1610 4963 1665 5015 δὲ
1695 4965 1724 5015 ὁ

153 5043 356 5111 οὖρανὺς
402 5046 625 5100 ἄνωθεν
657 5048 826 5116 αύτῷ,
878 5051 973 5101 καὶ
1024 5051 1197 5102 πᾶσαι
1228 5050 1285 5103 δὲ
1312 5050 1421 5102 τῶν
1456 5052 1723 5120 οὐρανίων

155 5135 423 5203 Δννὰμεων
488 5138 809 5207 ίεραρχίαι,
858 5140 994 5211 πρὸς
1040 5142 1308 5213 ὑποδοχὴν
1336 5147 1432 5196 καὶ
1481 5142 1728 5209 δεξίωσιν

154 5226 217 5294 τῷ
258 5230 503 5299 φιλτάτῳ
564 5230 662 5283 τοῦ
705 5232 909 5301 Κυρίου
964 5236 1437 5304 παρεσκευάζοντο
1491 5237 1728 5309 μαθητῇ.

162 5318 212 5371 Ὀ
244 5320 296 5374 δὲ
320 5326 692 5395 χαριστήριον
722 5324 853 5392 ὁμοῦ
877 5327 969 5377 καὶ
996 5326 1196 5380 ἱκέσιον
1229 5329 1513 5397 πρότερον,
1543 5330 1731 5399 ὥσπερ

156 5413 331 5477 εὔῶδες
381 5416 658 5485 θυμίαμα
710 5417 1147 5486 πῳαναπέμψας
1208 5419 1305 5489 τὴν
1340 5419 1725 5490 ἐξομολόγησιν

154 5496 215 5565 τῷ
250 5499 420 5572 Πατρί
442 5520 457 5535 ·
492 5504 716 5565 ἔπειτα,
749 5503 1036 5575 προσηνῶς
1071 5507 1171 5573 μὲν
1197 5508 1291 5559 καὶ
1336 5507 1584 5577 ἁσμένως
1618 5493 1726 5560 τῶν

156 5587 403 5660 ίνδέσμων
436 5593 789 5662 ῥηγνύμενος
814 5598 910 5667 τῆς
944 5596 1164 5667 σαρκὸς,
1204 5598 1474 5667 ΙῙνεύματι
1505 5598 1557 5650 δὲ
1589 5598 1722 5651 Θεοῦ

216 5788 451 5844 "'Joan.
486 5806 525 5855 I,
556 5792 650 5843 bl.

1900 4686 1993 4740 ille
2032 4699 2197 4754 porro
2235 4683 2400 4737 alacri
2440 4681 2627 4735 animo
2670 4681 2877 4751 lignum
2916 4680 3137 4745 adiens,
3174 4681 3412 4735 maximo

1826 4774 2027 4843 gaudio
2075 4774 2154 4827 illi
2201 4773 2448 4827 conﬁxus
2490 4781 2594 4826 est.
2652 4770 2791 4824 Hinc
2860 4770 3038 4840 angeli
3085 4786 3115 4825 e
3163 4771 3303 4825 caelo
3355 4770 3408 4825 in

1825 4877 1950 4918 eum
1975 4860 2370 4916 descendentes
2386 4869 2442 4915 et
2466 4858 2829 4914 ascendentes
2846 4859 2933 4924 ³⁸⁸,
2956 4860 3408 4929 augustissimum

1826 4954 1904 5007 illi
1953 4968 2241 5008 ascensum
2292 4951 2716 5022 praestruebant.
2762 4951 3027 5019 Apertum
3073 4952 3125 5007 ei
3175 4967 3411 5021 superne

1829 5048 2052 5109 cmlum,
2090 5060 2392 5114 omnesque
2434 5045 2739 5099 cmlestium
2782 5045 3123 5099 Potestatum
3165 5043 3407 5106 ordines,

1831 5139 1898 5193 ad
1939 5138 2355 5208 suscipiendum
2392 5136 2777 5190 ebarissimum
2811 5136 3043 5189 Domino
3076 5135 3408 5204 discipulum

1827 5234 2057 5303 ejusque
2088 5247 2341 5301 pompam
2374 5230 2549 5299 parati
2581 5239 2764 5285 erant.
2794 5229 2935 5283 Hinc
2966 5229 3080 5294 ille,
3109 5230 3407 5300 gratiarum

1834 5326 1991 5395 prius
2053 5323 2287 5377 actionis
2350 5335 2412 5375 ac
2476 5321 2925 5390 supplicationis,
2988 5320 3405 5392 fragrantissimi

1835 5418 2008 5471 instar
2038 5414 2431 5485 thymiamatis,
2456 5410 2803 5467 confessione
2833 5412 2900 5465 ad
2930 5411 3144 5467 Patrem
3172 5411 3407 5469 directa.

1836 5517 2061 5576 tumque
2090 5506 2288 5560 leniter
2312 5518 2375 5558 ac
2404 5501 2619 5572 placide
2648 5501 2918 5571 abruptus
2944 5501 3127 5555 carnis
3154 5498 3408 5562 vinculis,

1834 5596 2036 5666 Deique
2072 5593 2301 5665 Spiritui
2328 5608 2357 5648 c
2392 5600 2535 5647 terra
2567 5591 2620 5644 in
2658 5592 2855 5645 emlum
2887 5589 3185 5646 assumcnti
3214 5587 3381 5643 devin
