4180 6434
698 352 797 418 211

1889 362 2181 423 ΝΙΟΕΤᾹΞ
2224 358 2754 422 PAPIILAGONIS

3854 356 3965 417 21?.

697 472 826 516 ctus
851 471 1017 531 atque
1042 455 1378 531 compactus,
1402 462 1483 518 sic
1510 477 1541 517 c
1572 478 1800 532 corpore
1832 468 2074 534 perfecte
2101 468 2277 522 evolat

2385 466 2737 536 συνδεόμενος
2772 464 2861 516 καὶ
2903 460 3310 532 συναρμολογού
3318 478 3501 532 μενος,
3525 460 3602 533 τῷ
3622 460 3813 517 τοῦτον
3832 466 3965 518 ἁνα-

691 563 751 609 ει
790 555 855 608 ad
900 555 1070 608 Deum
1123 569 1248 607 cum
1293 554 1539 609 claritate
1583 557 1905 626 commigrat
1954 577 1965 611 :
2012 570 2175 628 atque
2222 570 2281 614 ut

694 662 826 703 vere
864 648 1013 702 ﬁlius
1043 647 1110 701 ad
1147 648 1366 703 Patrem
1410 648 1549 702 caelo
1590 650 1881 705 celsiorem
1924 653 2279 708 inenarrabili

691 740 1061 794 exsultatione
1082 739 1375 805 deductus,
1401 741 2276 815 haereditatemlincontaminatam

694 842 859 901 atque
914 833 1245 903 longaevam,
1288 833 1797 904 divinissimamque
1839 837 2276 907 jucunditatem,

688 930 857 990 atque
899 938 1219 992 supremum
1263 939 1327 977 ac
1364 924 1603 993 primum
1648 942 1772 981 cum
1809 928 1974 981 Petro
2010 935 2067 982 et
2109 927 2279 983 Paulo

689 1014 835 1083 apud
888 1030 1166 1069 summum
1217 1017 1467 1070 onmium
1513 1017 1720 1089 Regem
1770 1020 2035 1074 honorem
2082 1034 2279 1075 conse-

691 1107 905 1175 quitur.

761 1308 973 1364 Idcirco
1012 1310 1191 1365 saluto
1226 1320 1301 1374 te,
1327 1310 1711 1365 charissimum
1746 1312 1860 1366 Deo
1894 1327 1957 1367 ac
1990 1313 2276 1368 sanctiss-

690 1414 843 1454 mum
886 1410 1070 1470 caput.
1111 1401 1301 1465 Salve,
1335 1402 1475 1472 lapis
1510 1404 1817 1472 pretiosus,
1852 1420 1995 1459 unus
2030 1420 2094 1458 ex
2136 1405 2276 1458 duo-

688 1491 903 1555 decim,
936 1496 1167 1545 'sunimo
1214 1493 1461 1563 angulari
1513 1494 1712 1563 dignus
1758 1494 1972 1563 lapide;
2022 1497 2268 1565 pretioso

688 1582 888 1652 dignus
934 1585 1261 1653 margarito,
1292 1585 1443 1640 velut
1484 1585 1558 1638 illi
1604 1586 1918 1641 immediate
1959 1587 2272 1653 cohmrens,

686 1675 850 1743 eique
888 1684 1109 1744 aptatus
1144 1684 1309 1743 atque
1345 1684 1668 1741 contextus,
1702 1684 1757 1732 et
1792 1676 2189 1741 coaediﬁcatus,
2219 1677 2275 1732 in

688 1766 1063 1821 habitaculum
1092 1767 1186 1820 Dei
1222 1767 1276 1820 in
1308 1766 1539 1836 Spiritu.

758 1967 938 2034 Salve,
959 1971 1114 2025 stella
1141 1970 1479 2025 lucidissima
1510 1988 1574 2026 ac
1605 1973 1949 2042 spectabilis,
1967 1972 2276 2044 pulcherri-

687 2076 887 2131 maque
914 2062 987 2116 'ac
1020 2063 1128 2118 late
1161 2066 1487 2134 conspicua,
1517 2066 1610 2134 qui
1657 2066 1912 2121 undecim
1953 2076 2272 2130 consertus,

696 2153 981 2225 instarque
1002 2158 1173 2211 stella:
1194 2160 1261 2222 ”,
1303 2159 1473 2227 plexa:
1511 2158 1588 2213 illi
1624 2175 1841 2214 corona:
1864 2160 2048 2229 gloriae
2068 2159 2274 2214 inditus

698 2261 764 2299 ac
796 2249 1081 2316 appositus
1112 2266 1201 2312 es,
1230 2265 1393 2317 quam
1428 2251 1668 2304 ccelestis
1703 2267 1964 2319 sponsus,
1994 2260 2053 2304 ut
2087 2266 2273 2304 sacra-

696 2337 967 2392 tissimum
1006 2339 1171 2393 habet
1204 2342 1516 2411 eloquium,
1547 2342 1752 2412 aptavit
1784 2342 1951 2412 capiti
1983 2357 2216 2411 sponsae.

756 2536 957 2601 Salve,
1008 2540 1339 2608 Angelorum
1396 2542 1752 2611 iucunditas,
1802 2544 2271 2613 Archangelorum

686 2645 847 2695 cura,
882 2632 1290 2700 Principatuum
1320 2632 1508 2687 odoris
1558 2633 1887 2703 fragrantia;
1934 2652 1998 2689 ae
2048 2637 2272 2704 quidem

689 2723 1034 2779 Potestatum
1084 2725 1378 2795 splendor,
1419 2727 1867 2780 Dominationum
1914 2744 2048 2781 vero
2097 2745 2271 2798 augu-

686 2824 832 2869 stum
884 2817 1055 2871 decus
1110 2834 1123 2871 :
1175 2818 1268 2887 qui
1317 2818 1559 2872 Thronis
1603 2817 1926 2882 consideas;
1972 2818 2271 2874 Cherubim

687 2905 924 2967 sodalis,
952 2922 1015 2960 ac
1048 2906 1336 2975 Seraphim
1369 2907 1783 2961 contubernalis
1809 2909 2062 2962 exsistas.

759 3016 944 3082 Salve,
962 3018 1337 3087 apostolorum
1363 3018 1559 3087 gloria,
1586 3027 1890 3088 martyrum
1920 3018 2271 3083 illuminatio,

2383 556 2779 627 λαμϐανομένῳ
2808 555 2942 624 πρὸς
2971 553 3061 605 τὸν
3114 554 3348 623 οὐρανὸν
3387 553 3498 605 ἀπὸ
3525 554 3649 622 γῆς,
3679 553 3822 606 οὕτω
3867 573 3962 607 τε-

2380 650 2517 711 λέως
2545 650 2846 717 ἁφίπταται
2880 645 2981 716 μὲν
3005 644 3100 697 τοῦ
3149 643 3425 714 σώματος,
3458 645 3685 714 ἑνδημεί
3728 646 3784 698 δὲ
3822 648 3965 717 μετᾶ

2378 742 2534 810 δόξης
2572 740 2707 811 πρὸς
2763 738 2856 791 τὸν
2905 738 3072 791 Θεόνο
3110 737 3203 791 καὶ
3245 736 3320 799 ὡς
3375 737 3593 808 ἀληθῶς
3644 740 3834 792 τέκνον
3883 741 3965 810 τῷ

2379 832 2760 904 ὑπερουρανίῳ
2779 830 2954 899 Πατρὶ
2969 828 3326 899 ἀνεκλαλήτῳ
3358 830 3780 900 προσεληλυθὼς
3801 833 3967 900 ἀγαλ-

2377 924 2625 995 λιάματι,
2664 922 2764 991 τῆς
2817 921 3084 989 ἀμιάντου
3137 920 3502 991 κληρονομίας
3542 924 3636 975 καὶ
3682 924 3965 992 μακραίω-

2378 1032 2466 1076 νος
2487 1056 2500 1076 ,
2535 1013 2635 1081 τῆς
2691 1011 3109 1080 θεοτε).εστὰτης
3136 1011 3522 1081 τερπνότητος.
3551 1012 3645 1064 καὶ
3685 1011 3787 1079 τῆς
3816 1013 3961 1065 ἀνωο

2377 1109 2521 1161 τάτω
2551 1108 2644 1159 καὶ
2678 1104 2901 1175 πρώτης
2927 1103 3063 1172 μετὰ
3096 1104 3304 1173 Πέτρου
3342 1104 3439 1157 καὶ
3466 1102 3679 1157 Παύλου
3709 1105 3859 1175 παρὰ
3884 1104 3965 1174 τῷ

2378 1196 2723 1265 Παμϐασιλεῖ
2761 1192 3115 1258 καταξιοῦται
3140 1194 3329 1261 τιμῆς.

2447 1310 2850 1382 Προσαγορεῦω
2907 1326 2966 1362 σε
3014 1307 3323 1379 τοιγαροῦν,
3354 1307 3454 1378 τὴν
3494 1307 3837 1378 τιμιωτάτην
3885 1308 3966 1377 τῷ

2376 1401 2493 1473 Θεῷ
2540 1402 2633 1456 καὶ
2673 1399 3096 1467 παναγεστάτην
3140 1398 3407 1469 κεφαλήν,
3453 1398 3649 1468 Χαῖρε,
3682 1402 3710 1451 6
3755 1398 3903 1461 λίθος
3936 1400 3967 1451 6

2376 1497 2575 1567 τίμιος,
2615 1496 2643 1549 6
2665 1492 2745 1558 εἷς
2770 1494 2880 1547 τῶν
2908 1493 3137 1559 δώδεκα,
3178 1495 3207 1547 6
3230 1493 3380 1557 ἄξιος
3408 1491 3503 1545 τοῦ
3531 1492 3963 1562 ἀκρογωνιαίου,

2376 1589 2524 1654 ἄξιος
2552 1587 2646 1641 τοῦ
2704 1586 2999 1655 πολυτίμου
3053 1584 3427 1656 μαργαρίτου,
3482 1583 3558 1647 ὡς
3610 1583 3759 1653 αὐτῷ
3794 1600 3967 1653 προσο

2376 1679 2516 1749 εχῶς
2544 1679 2787 1747 ἠγγικὼς
2824 1680 2919 1731 καὶ
2948 1673 3271 1747 συναραρὼς
3302 1676 3396 1728 καὶ
3428 1676 3841 1744 συνυφασμένος
3867 1674 3966 1727 καὶ

2378 1768 2917 1839 συνῳκοδομημένος,
2973 1769 3054 1832 είς
3091 1766 3515 1837 κατοικητήριον
3563 1764 3659 1818 τοῦ
3711 1764 3847 1818 Θεοῦ
3902 1768 3971 1818 ἐν

2305 1834 2348 1889 Β
2380 1834 2679 1932 Πνεύματιν.

2446 1978 2639 2047 Χαῖρε,
2674 1966 2849 2045 ἀστὴρ
2882 1973 3333 2044 φωτοφανὲστατε
3369 1971 3462 2024 καὶ
3492 1970 3775 2041 περῖόπτε,
3811 1987 3875 2022 πε
3888 1987 3966 2040 ρι-

2375 2068 2703 2121 καλλέστατε
2746 2068 2842 2120 καὶ
2894 2064 3257 2136 περίῦλεπτεο
3293 2065 3321 2116 6
3349 2064 3464 2124 τοῖς
3514 2061 3708 2113 ἕνδεκα
3754 2077 3964 2129 συνηρ-

2379 2163 2667 2235 μοσμένος,
2713 2160 2810 2215 καὶ
2843 2162 2921 2221 είς
2963 2160 3058 2212 τὸν
3087 2158 3351 2225 στέφανον
3403 2156 3496 2209 τὸν
3547 2153 3823 2207 πλακέντα
3859 2151 3966 2218 τῆς

2373 2256 2532 2326 δόξης
2574 2250 3207 2323 συγκαταστεριζόμενος
3235 2248 3329 2302 καὶ
3358 2245 3806 2317 συνταττόμενος,
3841 2243 3903 2294 ὃν
3931 2243 3965 2293 6

2374 2347 2623 2418 οὐράνιος
2648 2344 2904 2415 νυμφίος,
2949 2342 3093 2394 κατὰ
3121 2340 3183 2393 τὸ
3218 2337 3630 2409 μυστικώτατον
3658 2335 3861 2404 λόγιον,
3894 2337 3964 2404 τῇ

2373 2434 2473 2503 τῆς
2503 2432 2719 2505 νύμφης
2746 2432 3030 2502 ἐφήρμοσε
3060 2427 3292 2498 κεφαλῇ.

2449 2549 2642 2617 Χαῖρε,
2682 2544 2789 2597 τῶν
2833 2540 3103 2611 Ἀγγέλων
3141 2540 3174 2609 ἡ
3218 2538 3478 2608 θυμηδία,
3504 2536 3621 2590 τῶν
3653 2535 3965 2605 Ἀρχαγγέ-

2373 2641 2481 2693 λων
2530 2642 2563 2708 ἡ
2619 2636 2905 2707 θεραπεία,
2955 2633 3064 2687 τῶν
3105 2630 3315 2701 ’Δρχῶν
3364 2632 3398 2700 ὴ
3429 2629 3661 2682 εὐωδία·
3710 2627 3806 2681 καὶ
3854 2626 3968 2678 τῶν

2386 2728 2675 2794 Ἑξουσιῶν
2701 2727 2803 2797 μὲν
2834 2726 2868 2795 ἡ
2896 2724 3217 2796 λαμπρότης
3244 2763 3259 2785 ,
3287 2722 3396 2775 τῶν
3439 2719 3794 2791 Κυριοτήτων
3837 2719 3893 2770 δὲ
3931 2719 3968 2785 ἡ

2374 2821 2702 2891 κοσμιότης·
2748 2822 2776 2872 ὁ
2803 2820 2911 2872 τῶν
2941 2818 3160 2887 Θρόνων
3194 2815 3483 2883 σύνθρονος
3506 2854 3521 2875 ,
3569 2815 3666 2866 καὶ
3714 2812 3823 2865 τῶν
3855 2813 3969 2864 Χε-

2378 2912 2605 2984 ρουὸεὶμ
2643 2909 2953 2979 συνόμιλος,
2978 2907 3072 2961 καὶ
3094 2906 3401 2976 ὁμοδίαιτος
3430 2906 3538 2958 τῶν
3570 2902 3877 2974 Σεραφείμ.

2446 3024 2640 3094 Χαῖρε,
2658 3022 2766 3077 τῶν
2781 3021 3126 3075 ’Λποστόλων
3155 3022 3183 3073 6
3216 3018 3635 3088 καλλωπισμός·
3666 3016 3775 3068 τῶν
3793 3015 3962 3083 ,Μαρ-

692 3118 1119 3179 sanctorumque
1160 3110 1406 3163 omnium
1442 3109 1805 3163 sanctiﬁcatio
1838 3117 1895 3164 et
1921 3109 2269 3179 iucunditas;

2380 3116 2555 3184 τύρων
2583 3117 2613 3167 ό
2643 3114 2942 3182 φωτισμδς,
2980 3114 3077 3165 καὶ
3099 3111 3317 3165 πάντων
3341 3109 3541 3179 Ἀγίων
3575 3108 3842 3176 ἁγιασμὸς
3870 3107 3970 3157 καὶ

688 3217 780 3255 res
827 3201 940 3255 Deo
989 3176 1186 3272 digna.
1229 3217 1543 3270 nomenque
1596 3217 1823 3270 prorsus
1869 3176 2269 3265 desiderabile;

2380 3176 2679 3273 ἀγλαϊσμός
2704 3221 2719 3235 ·
2893 3176 3138 3270 ἀξιοθεον
3183 3176 3453 3270 πρᾶγμαν,
3511 3199 3572 3253 τὸ
3606 3197 3974 3266 ἁξιοπόθητον

688 3290 852 3360 digne
877 3289 1177 3360 divineque
1204 3306 1306 3360 pro
1338 3290 1580 3344 nominis
1606 3291 1817 3344 ratione
1845 3290 2275 3345 Bartholomaeus

2380 3298 2583 3365 ὕνομα·
2617 3298 2647 3348 6
2694 3295 3005 3364 ἀξιὼνυμος
3055 3295 3153 3346 καὶ
3201 3292 3482 3360 θεὼνυμος
3525 3290 3927 3361 Βαρθολομαῖος
3952 3304 3969 3319 ⁸

689 3391 1067 3451 nuncupatus;
1117 3397 1247 3435 vere
1275 3381 1419 3448 litin;
1447 3381 1770 3450 suspendens
1801 3397 1969 3450 aqua:
1995 3396 2014 3433 :
2041 3378 2097 3435 id
2125 3380 2274 3435 enim

693 3486 893 3526 nomen
920 3476 1106 3537 sanat,
1130 3471 1178 3527 si
1208 3472 1334 3541 quis
1362 3471 1780 3541 interpretetur.

765 3585 923 3640 Salve
952 3602 1016 3640 ac
1046 3585 1242 3653 gaude,
1270 3585 1415 3654 quod
1451 3594 1506 3640 et
1538 3586 1653 3654 ipse
1681 3585 1777 3640 Dei
1806 3585 2112 3640 imitatione
2135 3585 2295 3641 sicut'

692 3677 788 3731 Dei
807 3678 977 3732 Filius
993 3678 1161 3731 verbo
1178 3694 1347 3747 aquas
1378 3677 1644 3731 sublimes
1672 3693 1799 3732 aere
1829 3670 2280 3741 librat”',levat-

694 3786 801 3838 que
836 3785 866 3824 e
905 3778 1080 3833 terra,
1109 3771 1315 3839 quibus
1347 3770 1513 3824 etiam
1550 3771 1703 3840 juxta
1744 3770 2118 3839 Scripturam,
2153 3772 2280 3840 tegit

694 3860 965 3915 tomacula
986 3863 1099 3930 ejus
1122 3864 1135 3893 ‘
1169 3878 1185 3915 :
1214 3861 1292 3915 sic
1307 3877 1527 3931 quoque
1546 3871 1624 3922 tu.
1649 3878 1823 3931 aquas
1846 3862 2046 3918 multas
2077 3863 2281 3932 (humi-

695 3952 776 4005 les
808 3952 1020 4005 scilicet
1053 3953 1268 4007 animos
1307 3962 1399 4007 tua
1442 3969 1607 4021 opera
1649 3952 1993 4007 credentium
2036 3954 2279 4023 Christo)

695 4041 1083 4111 prmdicatione
1125 4052 1216 4095 tua
1263 4044 1537 4105 sustollis;
1583 4043 2059 4113 spiritalioresque
2098 4061 2127 4098 a
2166 4054 2280 4099 tcr-

698 4150 834 4187 reno
867 4134 1090 4203 penitus
1120 4150 1286 4189 sensu
1319 4134 1683 4204 suspendens,
1714 4152 1777 4190 ac
1810 4136 1862 4189 in
1898 4138 2067 4190 Deum
2104 4137 2283 4205 perfe-

697 4226 841 4280 ctius
870 4226 1122 4290 elevans,
1151 4226 1205 4280 in
1246 4227 1357 4281 illis
1390 4228 1485 4295 qui
1520 4228 1747 4281 secundi
1783 4228 1994 4282 ordinis
2027 4237 2182 4289 sunt.
2218 4244 2281 4283 ac

696 4320 1107 4373 cmnaculorum
1151 4320 1422 4375 rationem
1470 4320 1706 4382 habent,
1776 4322 1992 4378 animos
2034 4321 2280 4375 fidelium

696 4412 857 4481 tegis.

766 4610 927 4665 Salve
970 4610 1066 4674 sis,
1093 4610 1273 4675 beate,
1301 4610 1502 4682 inclyte
1542 4625 1607 4666 ac
1644 4610 1854 4676 divine,
1886 4612 1978 4681 qui
2020 4629 2278 4683 magnum

696 4714 753 4758 et
775 4720 1025 4772 parvum,
1047 4707 1278 4758 multum
1309 4718 1364 4759 et
1390 4720 1625 4775 paucum
1658 4708 1897 4761 salutare
1925 4708 2279 4778 Evangelium

697 4795 1009 4865 prmdieasti
1057 4812 1123 4851 ac
1167 4796 1406 4849 docuisti
1457 4813 1472 4851 :
1521 4812 1779 4867 magnum
1826 4798 2083 4867 quidem,
2130 4800 2278 4869 quod

696 4904 919 4942 omnem
960 4889 1161 4943 mentis
1197 4890 1409 4944 ratione
1445 4889 1653 4943 utentis
1684 4898 1850 4959 atque
1889 4890 2088 4947 indolis
2124 4907 2277 4946 com-

698 4982 1126 5052 prehensionem
1153 4982 1407 5047 excedat;
1438 4997 1667 5051 parvum
1696 4998 1847 5045 vero,
1869 4983 1940 5037 ob
1972 4983 2281 5037 inclinatio-

700 5090 827 5128 nem
861 5084 1024 5143 atquc
1056 5076 1122 5128 ad
1161 5075 1466 5145 terrigenas
1496 5074 1884 5128 demissionem
1906 5116 1920 5139 ,
1950 5090 2013 5129 ac
2046 5091 2168 5129 cum
2200 5075 2283 5129 eis

700 5167 1154 5229 similitudinem,
1187 5169 1307 5236 ejus
1346 5168 1438 5235 qui
1481 5167 1637 5221 caalis
1676 5166 1875 5220 celsior
1912 5167 2146 5222 exsistit.
2186 5167 2279 5222 Vel

698 5273 958 5326 magnum
991 5258 1235 5325 quidem,
1273 5258 1343 5311 ob
1377 5257 1604 5311 Deitatis
1635 5257 2005 5326 majestatem;
2050 5274 2279 5325 parvum

699 5360 905 5412 autem,
938 5351 1008 5404 ob
1050 5358 1351 5403 extremam
1394 5350 1651 5403 humana:
1691 5359 1903 5404 natura:
1930 5350 2229 5403 exilitatem
2266 5368 2277 5402 :

700 5458 935 5512 quorum
968 5459 1107 5497 nova
1140 5443 1323 5497 mistio
1350 5452 1406 5496 et
1437 5444 1757 5507 concretio,
1790 5442 2071 5511 Evangelii
2116 5452 2282 5511 caput

701 5549 1024 5602 summaque
1045 5542 1150 5589 est.
1173 5534 1249 5588 Ac
1272 5535 1502 5588 multum
1526 5533 1773 5603 quidem,
1797 5533 1941 5603 quod
1970 5534 2195 5587 multam
2223 5535 2277 5587 in

703 5640 762 5680 sc
790 5640 854 5680 ac
882 5625 1204 5679 immensam
1236 5626 1607 5697 intelligentia:
1637 5642 1700 5679 ac
1729 5625 2009 5695 sapientia:
2034 5625 2274 5681 abditam

777 5806 820 5834 "
844 5806 1016 5870 Apoc.
1038 5819 1128 5871 xu,
1157 5805 1203 5859 1.
1285 5807 1348 5835 ⁹υ’
1373 5804 1475 5859 Job
1527 5822 1673 5872 xxvi,
1701 5806 1749 5862 8.
1814 5809 1825 5839 ⁸
1860 5806 2005 5863 l‘sal.
2032 5822 2147 5871 uti,
2170 5807 2223 5861 5.

2394 3391 2455 3443 '0
2479 3387 2717 3456 άληθῶς
2734 3389 2926 3442 ὕδατα
2955 3386 3256 3456 κρεμάσας
3283 3386 3443 3452 vide“
3467 3383 3625 3437 τοῦτο
3653 3381 3763 3453 γὰρ
3790 3384 3824 3451 ἡ
3862 3397 3970 3449 ση-

2382 3482 2557 3554 μασία
2586 3481 2683 3535 τοῦ
2712 3481 2996 3551 ὀνόματος.

2449 3596 2647 3662 Χαῖρε,
2675 3594 2757 3646 ὃτι
2796 3593 3150 3663 θεομιμήτως
3176 3590 3269 3643 καὶ
3296 3587 3479 3651 αὗτὸς,
3517 3586 3770 3654 καθάπερ
3798 3587 3827 3638 6
3867 3584 3979 3637 τοῦ

2378 3685 2515 3740 Θεοῦ
2550 3685 2701 3748 Υἱὸς,
2751 3684 2897 3753 λόγῳ
2926 3686 2994 3736 τὰ
3026 3682 3192 3736 ὕδατα
3241 3681 3456 3747 διαέρια
3492 3677 3810 3748 μετεωρίζει
3866 3677 3971 3730 καὶ

2381 3777 2625 3842 κουφίζει
2656 3775 2754 3844 τῆς
2784 3774 2907 3843 γῆς,
2936 3769 3027 3839 οἷς
3053 3772 3151 3826 καί
3190 3771 3263 3825 τὰ
3304 3766 3550 3837 ὑπερῷα
3572 3767 3780 3829 αὑτοῦ,
3816 3768 3969 3820 κατὰ

2381 3870 2479 3939 τὴν
2509 3868 2682 3938 ἱερὰν,
2706 3864 2995 3934 στεγάζὲι,
3024 3865 3268 3935 Γραφὴν·
3296 3862 3441 3916 οὕτω
3468 3862 3566 3914 καὶ
3596 3860 3761 3922 αὐτὸς
3795 3857 3973 3912 ὕδατα

2382 3961 2573 4022 πολλὰ,
2598 3959 2701 4021 τὸς
2730 3960 3036 4028 χαμερπείς
3063 3954 3301 4016 δινοίας
3342 3953 3452 4006 τῶν
3498 3953 3587 4006 διὰ
3622 3950 3716 4004 σοῦ
3745 3951 3978 4020 Χριστῷ

2382 4051 2771 4115 πιστευόντων,
2800 4048 2878 4117 τῷ
2927 4047 3245 4115 Εὖαγγελίῳ
3293 4062 3387 4098 σου
3421 4043 3773 4114 μετεωρίζεις
3800 4058 3814 4071 ·
3873 4044 3972 4096 καὶ

2381 4145 2475 4198 τοῦ
2504 4144 2690 4213 γηῖνου
2714 4143 3057 4210 φρονήματος
3080 4141 3205 4200 τοὺς
3223 4136 3769 4205 πνευματικωτὲρους
3798 4150 3972 4187 παντ-

2382 4238 2553 4291 άπασι
2606 4235 2910 4305 κρεμάσας,
2948 4233 3043 4285 καὶ
3088 4230 3417 4300 τελεώτερον
3467 4229 3677 4296 ἐπάρας
3708 4227 3843 4295 πρὸς
3877 4227 3978 4277 τὸν

2382 4329 2537 4388 Θεὸν,
2578 4328 2636 4379 ὲν
2685 4324 2868 4387 αὐτοῖς
2915 4325 3013 4387 τὰς
3053 4323 3315 4393 δευτέρας
3366 4319 3576 4387 τάξεως
3630 4317 3829 4379 οὔσας,
3872 4318 3972 4370 καὶ

2385 4419 2650 4489 ὑπερῴων
2677 4418 2839 4486 λόγον
2870 4414 3215 4485 ὲπεχούσας,’
3252 4412 3362 4465 τῶν
3410 4410 3622 4464 πιστῶν
3674 4408 3975 4473 σκεπάζεις

2313 4509 2356 4564 D
2384 4510 2584 4579 ψυχάς.

2459 4622 2652 4691 Χαῖρε,
2687 4618 2894 4689 μάκαρ,
2926 4617 3139 4685 ἀοίδιμε
3170 4616 3264 4668 καὶ
3289 4614 3543 4668 θεσπέσιε
3567 4629 3583 4645 ⁸
3616 4615 3646 4667 6
3684 4614 3826 4682 μέγα
3873 4615 3977 4666 καὶ

2386 4713 2601 4781 μικρδν,
2660 4711 2796 4764 πολὺ
2854 4710 2947 4762 καὶ
2978 4709 3160 4776 ὀλίγον
3209 4708 3271 4762 τὸ
3313 4709 3581 4777 σωτήριον
3630 4706 3979 4775 θεολογήσας

2381 4806 2730 4874 Εὐαγγέλιον.
2768 4804 2924 4868 Μέγα
2957 4804 3075 4872 μὲν,
3132 4802 3211 4869 τῷ
3258 4802 3441 4871 πάσης
3472 4799 3697 4868 λογικῆς
3722 4799 3975 4864 διανοίας

2380 4900 2476 4951 καὶ
2524 4899 2740 4967 φύσεως
2770 4893 3311 4964 ὑπεραναϐεϐηκέναι
3355 4893 3453 4962 τὴν
3487 4890 3827 4959 κατάληψιν·
3870 4910 3974 4960 μι-

2382 4991 2512 5061 κρὸν
2547 4990 2624 5045 δὲ.
2664 4988 2750 5041 διὰ
2795 4988 2891 5057 τὴν
2937 4985 3343 5054 συγκατάϐασιν
3391 4984 3486 5037 καὶ
3517 4984 3617 5051 τὴν
3672 4984 3810 5054 πρὸς
3836 4984 3977 5047 τοὺς

2383 5086 2635 5151 γηγενεῖς
2664 5080 2760 5135 τοῦ
2787 5078 3181 5149 ὑπερουρανίου
3205 5077 3570 5146 ταπεινότητα
3600 5076 3693 5129 καὶ⁵
3712 5074 3977 5146 ὁμοιότη-

2382 5191 2470 5226 τα.
2512 5174 2604 5235 Ἣ,
2645 5172 2786 5240 μέγα
2829 5172 2946 5239 μὲν,
2976 5169 3065 5221 διὰ
3102 5168 3164 5221 τὸ
3189 5170 3287 5237 τῆς
3317 5167 3570 5237 θεότητος
3612 5165 3970 5236 μεγαλοπρε-

2383 5265 2482 5327 πές
2505 5281 2518 5294 ’
2556 5263 2749 5333 μικρὸν
2795 5261 2873 5323 δὲ,
2904 5260 2991 5312 διὰ
3024 5259 3084 5312 τὸ
3118 5259 3491 5329 μικροπρεπὲς
3540 5260 3642 5328 τῆς
3686 5256 3975 5327 ἀνθρωπί-

2382 5376 2476 5424 νης
2508 5356 2767 5425 ἐσχατιᾶς
2790 5394 2802 5415 ,
2837 5347 2911 5406 ὧν
2953 5354 2985 5420 ἡ
3016 5352 3177 5420 καινὴ
3221 5351 3366 5419 μίξις
3392 5352 3481 5401 κατ
3515 5352 3733 5418 κρᾶσις,
3765 5348 3827 5400 τὸ
3866 5366 3973 5401 κε-

2383 5448 2608 5515 φάλαιον
2632 5446 2725 5500 τοῦ
2764 5444 3098 5512 Εὐαγγελίου
3131 5443 3460 5513 χρηματίζει
3481 5458 3495 5473 '
3528 5441 3623 5495 καὶ
3650 5441 3785 5494 πολὺ
3838 5441 3970 5509 μὲν,

2381 5541 2459 5608 τῷ
2488 5539 2654 5592 πολὺν
2686 5538 2742 5590 ὲν
2768 5534 2946 5604 ἑαυτῷ
2998 5535 3091 5587 καὶ
3128 5532 3443 5601 ἀμέτρητον
3493 5532 3641 5601 ἔχειν
3690 5530 3975 5596 συνέσεως

2385 5632 2477 5683 καὶ
2508 5629 2699 5696 σοφίας
2729 5628 2787 5680 ὲν
2832 5626 3162 5695 ἀπορρήτοις
3214 5622 3373 5692 βυθόν
3397 5640 3410 5654 ·
3450 5622 3630 5691 ὀλίγον
3673 5620 3733 5673 δὲ
3775 5619 3982 5686 πάλιν,
