4180 6434
680 373 788 436 215

1881 372 1928 429 .\'
1940 370 2175 430 [ΟΕΤίἘ
2224 370 2698 430 ΡΠἸῙΙΛῦΟΝΙ
2710 372 2749 430 S

3839 377 3942 438 216

680 492 785 545 stia
816 486 1211 543 liberabantur.
1249 484 1513 539 Videntes
1546 484 1731 553 itaque
1761 483 1964 537 diaboli
1998 481 2256 541 ministri,

2370 481 2573 535 παθῶν.
2599 482 2783 534 Ταῦτα
2809 479 2903 535 οἶν
2945 484 3233 552 βλέποντες
3253 487 3302 537 oi
3341 487 3434 540 τοῦ
3464 487 3712 542 διαϐόλου
3741 490 3943 560 ύπουρ-

682 584 869 637 furore
896 581 949 632 in
984 594 1178 632 urnam
1222 578 1368 632 illam
1411 576 1885 641 incendebantur;
1916 593 1980 631 ac
2012 575 2261 645 quando-

681 692 788 744 que
819 672 1217 727 deliberatione
1246 672 1451 732 habita,
1480 686 1673 723 urnam
1702 670 1754 722 in
1785 685 1893 738 qua
1930 677 2049 721 erat
2084 667 2260 722 sancti

681 767 912 838 apostoli
941 781 1143 835 corpus
1162 810 1174 829 ,
1200 781 1326 818 cum
1362 774 1600 833 quatuor
1624 764 1747 817 aliis
1772 772 2083 817 sanctorum
2114 778 2259 815 mar-

684 870 864 930 tyrum
896 861 1071 917 urnis.
1131 862 1184 913 in
1223 874 1371 911 mare
1421 858 1791 927 projecerunt.
1844 856 1899 909 Id
1944 870 2074 908 vero
2100 870 2261 909 omne

682 952 953 1022 contigit,
1023 963 1081 1006 nt
1139 962 1193 1005 et
1250 958 1437 1003 tantus
1492 950 1659 1003 maris
1702 958 1932 1010 tractus,
1995 956 2259 1016 quantum

681 1047 891 1099 emensi
929 1056 1077 1105 sunt,
1117 1061 1215 1113 per
1241 1044 1362 1096 illos
1398 1042 1870 1103 sanctificaretur,
1917 1056 1983 1093 ac
2014 1042 2133 1094 loca
2164 1054 2263 1109 per

682 1153 803 1206 qua:
841 1138 959 1188 illos
989 1135 1178 1187 divisit
1208 1135 1393 1188 divina
1434 1136 1629 1204 gratia,
1672 1131 2154 1186 benedicerentur.

753 1226 973 1291 Magnos
999 1225 1145 1277 enim
1178 1225 1335 1278 Ponti
1372 1225 1526 1277 sinus
1557 1222 1927 1291 subnavigans
1961 1222 2260 1291 apostolus,

682 1316 915 1385 altisque
972 1316 1313 1385 Hellesponti
1365 1314 1641 1383 superatis
1693 1315 1979 1384 angustiis,
2034 1311 2261 1382 Egenm

683 1423 831 1461 mare
881 1416 937 1461 et
979 1408 1317 1461 Adriaticum
1378 1407 1555 1475 petiit,
1604 1407 1904 1475 relictaque
1944 1421 1973 1458 a
2025 1405 2265 1461 sinistris

682 1499 880 1552 illustri
914 1515 976 1552 ac
1021 1499 1254 1551 maxima
1305 1498 1508 1553 Siciliae
1550 1499 1748 1559 insula,
1777 1514 1881 1550 una
1906 1497 2136 1551 comites
2167 1499 2266 1552 ha-

683 1592 820 1645 bens
869 1592 962 1659 qui
1006 1592 1060 1644 in
1106 1593 1229 1645 aliis
1278 1592 1433 1645 urnis
1485 1592 1740 1660 pneclara
1799 1590 2029 1643 victoria
2075 1590 2263 1660 inclyti

680 1694 950 1750 martyres
983 1692 1161 1745 erant,
1200 1683 1561 1750 Puppialtum,
1585 1681 1909 1745 Luciannm,
1939 1680 2264 1750 Gregorium

679 1785 736 1831 et
789 1776 1069 1837 Acacium,
1126 1774 1191 1827 ad
1241 1774 1497 1835 insulam,
1549 1789 1711 1842 quam
1766 1772 2014 1841 Liparam
2045 1782 2261 1837 vocant,

680 1871 941 1940 appulsus
971 1879 1073 1924 est.
1108 1870 1281 1935 Quam
1311 1869 1582 1922 mirabilia
1615 1884 1781 1936 opera
1816 1880 1928 1929 tua,
1958 1867 2186 1919 Domine
2207 1867 2257 1919 ’ί

682 1963 1007 2029 Εοιιυτιηιειηι
1040 1962 1217 2015 oratio
1246 1961 1535 2015 laudandis
1563 1961 1671 2015 illis
1713 1959 1981 2014 sulliciat?
2025 1960 2102 2013 Ac
2141 1958 2262 2027 qui-

680 2051 803 2104 dem
833 2051 1079 2120 przeclari
1104 2052 1345 2105 victores
1370 2061 1657 2122 martyres,
1679 2053 1834 2104 velut
1853 2066 1977 2119 rege
2000 2048 2261 2118 quodam,

680 2143 774 2197 ubi
805 2160 931 2198 eum
991 2144 1383 2212 conquiescere
1419 2144 1730 2207 volnerant,
1768 2158 1965 2211 magno
2000 2141 2263 2196 derelicto

680 2236 949 2303 aposmlo,
974 2237 1159 2289 statim
1195 2236 1401 2289 reversi
1434 2244 1584 2297 sunt,
1618 2250 1727 2304 quo
1761 2235 1883 2288 loco
1906 2232 2105 2287 divina:
2140 2248 2267 2303 pro-

680 2327 936 2381 videntia:
967 2329 1144 2381 visum
1176 2338 1315 2392 erat,
1348 2328 1582 2399 singulis
1609 2328 1718 2382 illis
1740 2328 2041 2396 hospitium
2074 2327 2263 2382 sedes-

681 2435 787 2486 que
814 2419 1095 2473 ascribere
1134 2439 1145 2472 :
1181 2421 1495 2490 Pappianus
1526 2422 1749 2484 quidem
1791 2420 1846 2473 in
1890 2421 2081 2473 urbem
2129 2420 2266 2474 Sici-

680 2513 768 2566 li:e
790 2512 1051 2583 Amyllam
1075 2530 1089 2576 ;
1115 2513 1390 2567 Lucianus
1418 2529 1569 2575 vero,
1593 2514 1903 2577 Mesanam;
1944 2512 2263 2582 Gregorius,

679 2605 1003 2659 tinlumnam
1074 2604 1343 2659 Calabria:
1408 2606 1640 2671 urbem;
1732 2607 1957 2659 Acatius
2008 2605 2263 2660 Ascalum

680 2697 965 2752 civitatem
994 2697 1077 2751 sic
1109 2696 1335 2753 dictam.

752 2890 871 2943 Tun
924 2889 1207 2957 apostolus
1228 2889 1523 2944 adventum
1546 2908 1705 2946 suum
1732 2891 2002 2961 Agathoni
2026 2892 2264 2948 intimat.

683 2981 991 3049 Statimque
1010 2982 1304 3050 episcopus
1322 2993 1531 3036 matura
1564 2983 1866 3052 diligentia,
1891 2984 1984 3037 ubi
2011 3000 2266 3051 magnum

683 3071 1133 3141 horrendumque
1187 3072 1495 3141 prodigium
1550 3074 1710 3136 vidit,
1744 3084 1966 3142 stupore
2020 3076 2265 3143 plenus:

2364 576 2472 640 τοὶ,
2498 576 2779 643 ἐμαίνοντο
2802 576 2941 628 κατά
2971 577 3070 643 τῆς
3098 577 3367 647 λάρνακος
3407 581 3623 643 ἐκείνης
3643 597 3657 611 °
3700 582 3793 633 καὶ
3822 598 3943 632 σκε-

2361 666 2596 735 ψάμενοί
2626 684 2775 727 ποτε.
2804 668 3118 739 ἀπέῥριψαν
3143 670 3368 740 ταύτην,
3403 657 3732 741 συνέχουσαν
3762 675 3854 725 καὶ
3882 673 3944 724 τὸ

2365 758 2519 825 ἆγιον
2569 760 2729 828 σῶμα
2758 758 2851 812 τοῦ
2883 761 3181 813 ἀποστόλου
3205 764 3262 814 ἐν
3292 765 3358 831 τῇ
3402 763 3667 835 θαλάσσῃ,
3702 764 3801 817 σὺν
3828 764 3943 816 ἐτέ-

2366 868 2487 920 ραις
2516 852 2774 922 λάρναξιν
2825 853 2999 919 ἀγίων
3055 855 3350 924 μαρτύρων
3380 856 3664 925 τέσσαρσι.
3693 856 3862 910 Τοῦτο
3886 856 3943 909 δὲ

2363 943 2483 995 ὅλον
2508 945 2755 1013 γέγονεν,
2776 944 2861 997 ἵνα
2892 946 2986 997 καὶ
3017 949 3049 1016 ἡ
3078 947 3313 1015 τοσαύτη
3341 946 3589 1000 θάλασσα
3618 949 3683 1016 ἦν
3709 947 3943 1015 διῆλθον,

2365 1037 2603 1107 ἀγιασθῇ
2637 1038 2703 1091 δι’
2732 1038 2912 1090 αὐτῶν
2933 1055 2945 1067 ·
2980 1041 3073 1092 καὶ
3105 1041 3154 1092 οί
3185 1041 3341 1093 τόποι
3372 1039 3496 1094 καθ’
3521 1040 3615 1102 οὓς
3644 1043 3677 1109 ή
3708 1040 3827 1092 θεία
3848 1043 3948 1109 χάη

2367 1153 2451 1207 ρις
2483 1137 2682 1199 αὐτοὺς
2710 1137 3039 1206 διεμέρισεν,
3069 1138 3424 1208 εύλογηθῶσι.

2436 1226 2577 1288 Τοὺς
2618 1227 2725 1293 γάρ
2785 1226 3049 1296 μεγάλους
3077 1224 3170 1278 τοῦ
3200 1227 3403 1279 Πόντου
3456 1227 3801 1289 ύποπλεύσας
3828 1227 3949 1279 κόλ-

2366 1334 2501 1379 πους
2534 1317 2564 1369 6
2611 1318 2929 1381 ἀπόστολος,
2988 1318 3083 1370 καὶ
3124 1318 3191 1370 τὰ
3223 1317 3384 1370 στενά
3420 1317 3514 1371 τοῦ
3555 1318 3946 1387 Ἑλλησπόντου

2366 1409 2740 1479 παραδραμὼν
2762 1410 2923 1479 βάθη,
2952 1411 3015 1465 τὸ
3044 1411 3267 1478 Αἰγαῑόν
3289 1428 3348 1463 τε
3378 1412 3473 1464 καὶ
3499 1411 3561 1464 τὸ
3594 1411 3687 1464 τοῦ
3735 1412 3947 1481 Ἀδρίου

2366 1500 2630 1555 κατέλαϐε
2668 1502 2940 1570 πέλαγοςο
2992 1504 3087 1555 καὶ
3130 1502 3228 1574 τὴν
3262 1502 3369 1559 τῶν
3411 1503 3648 1555 Σικελῶν
3676 1502 3947 1573 περισανῆ

2366 1611 2425 1646 τε
2471 1593 2567 1647 καὶ
2624 1595 2886 1664 μεγίστην
2942 1593 3001 1646 ἐν
3049 1592 3352 1662 εὐωνύμοις
3407 1593 3722 1647 καταλιπὼν
3765 1595 3945 1663 νῆσον,

2367 1686 2507 1756 ἔχων
2546 1686 2945 1755 συνεπομένους
3007 1682 3157 1753 αὐτῷ
3215 1684 3463 1746 καὶτοὺς
3492 1686 3550 1737 ἐν
3574 1688 3692 1748 ταῖς
3738 1686 3951 1755 ἑτέραις

2367 1779 2593 1850 λάρναξι
2618 1778 2962 1842 καλλινίκους
2992 1777 3298 1847 μάρτυρας,
3347 1776 3688 1840 Παππιανὺν,
3718 1780 3951 1830 Λουκια-

2366 1874 2455 1924 νὸν
2476 1911 2492 1936 ,
2536 1870 2838 1941 Γρηγόριον
2861 1871 2954 1922 καὶ
2996 1868 3269 1936 ’Δκάκιον,
3303 1870 3452 1939 νήσῳ
3476 1872 3542 1939 τῇ
3569 1868 3713 1921 οὕτω
3754 1869 3950 1922 καλου-

2368 1964 2505 2035 μένῃ
2532 1963 2776 2033 Λιπάρᾳ,
2835 1962 3254 2032 προσωρμίσθη.
3301 1963 3387 2024 Ὠς
3414 1961 3695 2031 θαυμάσια
3722 1961 3789 2015 τά
3814 1962 3952 2032 ἔργα

2367 2072 2482 2118 σου,
2512 2054 2719 2122 Κύριεῑ
2748 2056 2843 2107 καὶ
2871 2053 2955 2115 τίς
2992 2052 3148 2119 λόγος
3181 2052 3465 2124 ἐξαρκέσει
3493 2055 3629 2125 πρὸς
3658 2054 3823 2124 ὕμνον
3842 2053 3951 2107 τῶν

2366 2148 2687 2218 θαυμασίων
2743 2163 2873 2212 σου;
2916 2146 3023 2199 Καὶ
3056 2147 3107 2199 οἱ
3158 2147 3257 2215 μὲν
3291 2147 3593 2200 καλλίνικοι
3652 2148 3950 2217 μάρτυρες,

2364 2233 2455 2293 οἷά
2480 2257 2602 2293 τινα
2630 2237 2854 2309 βασιλέα
2883 2240 2940 2290 ἐν
2983 2231 3027 2304 ᾧ
3058 2238 3122 2291 ἂν
3166 2238 3491 2309 ᾐρετίσαντο
3525 2239 3953 2292 ἀναπαύσασθαι

2365 2332 2457 2384 τὸν
2482 2331 2657 2401 μέγαν
2698 2329 3089 2393 καταλιπόντες
3141 2330 3459 2391 ἀπόστολον,
3503 2330 3701 2383 αὐτίκα
3746 2330 3953 2382 ἀνθυπ-

2365 2425 2686 2492 ενόστησαν,
2716 2422 2843 2478 ἔνθα
2870 2423 2935 2475 ἂν
2961 2422 3190 2475 ἕκαστον
3219 2421 3388 2493 ὴθεία
3408 2421 3833 2489 κατασκηνῶσαι
3862 2422 3954 2475 εύ-

2364 2514 2561 2585 δόκησε
2609 2516 2837 2586 πρόνοια
2859 2530 2873 2545 ⁸
2908 2514 3232 2567 Παππιανδν
3262 2514 3375 2582 (46)
3415 2516 3514 2584 μὲν
3543 2517 3623 2577 εἰς
3673 2515 3955 2584 Ἀμυλλαν

2368 2609 2523 2663 πόλιν
2553 2607 2837 2669 Σικελίας⁶
2870 2604 3169 2659 Λουκιανδν
3222 2605 3279 2658 δέ
3337 2608 3395 2658 ἐν
3447 2607 3673 2676 Μεσήνῃ
3694 2622 3709 2636 ⁸
3742 2608 3955 2677 Γρηγόο

2370 2719 2485 2770 ριον
2518 2702 2575 2753 ἐν
2619 2699 2881 2770 Κολύμνῃ
2904 2698 3056 2751 πόλει
3089 2696 3429 2768 Καλαϐρίας,
3464 2698 3557 2750 καὶ
3596 2698 3849 2752 ’Δκάκιον
3871 2702 3955 2763 εἰς

2379 2792 2679 2854 Ἀσκάλους
2711 2792 2868 2844 πόλιν
2898 2789 3041 2842 οὕτω
3072 2790 3438 2859 καλουμένην.

2438 2883 2574 2935 Τότε
2603 2880 2872 2948 Ἀγάθωνι
2898 2880 2978 2950 τῷ
3004 2879 3135 2948 θείῳ
3155 2878 3346 2932 ἐαυτὸν
3381 2880 3722 2948 καταμηνύει
3760 2882 3789 2932 6
3822 2880 3956 2932 ἀπό-

2372 2974 2575 3036 στολος.
2598 2973 2712 3025 Καὶ
2742 2970 3020 3039 παρευθὺς
3042 2971 3071 3021 6
3102 2969 3399 3031 ἐπίσκοπος
3434 2971 3696 3035 σπεύσας,
3728 2970 3787 3023 τὸ
3812 2972 3957 3039 μέγα

2371 3067 2467 3121 καὶ
2494 3064 2764 3135 φρικῶδες
2795 3063 2870 3125 ὼς
2892 3057 3001 3115 εἶδε
3027 3064 3332 3131 τεράστιον,
3371 3062 3615 3131 θάμϐους
3657 3063 3952 3132 πλησθεὶς,

686 3165 854 3227 Unde,
886 3164 1083 3233 inquit,
1111 3165 1224 3229 tibi,
1257 3164 1475 3233 Liparo,
1508 3174 1687 3218 tantus
1727 3168 1808 3219 hic
1837 3168 2119 3236 ingensque
2148 3170 2261 3221 the-

2370 3162 2562 3213 Πόθεν
2599 3172 2699 3209 σοι
2732 3151 2929 3219 οὗτος,
2963 3153 3009 3205 ὦ
3047 3152 3303 3221 Λιπάρα,
3338 3152 3739 3222 ἁπεφθέγγετο,
3776 3158 3810 3208 δ
3846 3170 3956 3207 πο-

680 3272 872 3309 saurus
898 3256 1103 3308 advenit
1134 3258 1157 3309 ?
1182 3256 1350 3309 Plane
1372 3259 1559 3310 eximie
1590 3258 1931 3326 magniﬁcam
1960 3276 2011 3311 es
2031 3268 2080 3311 et
2104 3259 2265 3313 clari-

680 3347 864 3413 βίαια.
904 3346 1098 3401 Choros
1146 3365 1262 3417 age,
1317 3349 1420 3401 sali
1451 3359 1604 3418 atque
1640 3350 1864 3402 exsulta.
1913 3348 2127 3420 Suscipe
2161 3352 2265 3406 tuis

684 3440 947 3497 munibus.
978 3448 1025 3494 et
1060 3440 1132 3491 ad
1155 3456 1276 3492 eum
1300 3440 1473 3493 clama
1502 3458 1518 3494 :
1552 3440 1745 3494 Fauste
1780 3442 1987 3505 venisti,
2033 3442 2266 3511 apostole

686 3532 915 3584 Domini.
945 3528 1070 3583 llarc
1094 3531 1311 3599 aliaque
1348 3547 1452 3584 non
1491 3547 1660 3600 pauca
1697 3533 2015 3601 prolocutus
2047 3534 2263 3601 episco-

685 3638 805 3689 pns.
834 3621 1137 3689 laudesque
1182 3622 1417 3689 apostoli
1466 3632 1631 3692 atque
1687 3624 1883 3679 insulm
1915 3635 2265 3694 prosecutus,

684 3714 904 3768 dicendi
938 3713 1099 3767 finem
1134 3713 1285 3768 fecit.

756 3889 1023 3961 Quodque
1059 3890 1383 3959 deponenda
1425 3906 1565 3945 urna
1604 3891 1726 3946 loco
1770 3890 1993 3955 illustri,
2023 3908 2133 3961 quo
2164 3892 2270 3945 sci—

686 3983 811 4036 licet
835 3983 955 4035 loco
984 3981 1231 4033 divinum
1255 3980 1547 4035 delubrum
1591 3982 1658 4035 ad
1692 3981 1922 4051 gloriam
1948 3982 2270 4036 celebratis-

685 4073 810 4128 simi
841 4072 1073 4141 apostoli
1101 4072 1455 4125 excitandum
1490 4081 1643 4136 erat;
1692 4071 2037 4125 trahentibus
2061 4071 2267 4135 multis,

686 4164 825 4218 nihil
886 4163 975 4217 illa
1027 4163 1458 4232 obsequebatur,
1494 4163 1672 4216 donec
1703 4161 2037 4216 revelatione
2083 4160 2269 4214 divina

686 4258 882 4311 beatus
908 4257 1123 4326 Agatho
1156 4256 1396 4310 adducto
1423 4256 1719 4309 vitularum
1751 4255 1904 4325 jugo,
1928 4271 1992 4308 ac
2012 4255 2273 4308 funiculis

686 4348 945 4418 alligatis.
985 4348 1225 4418 ingentis
1274 4348 1437 4402 molis
1466 4363 1648 4402 arcam
1700 4347 1868 4411 illam,
1910 4347 2274 4401 inhabitantis

685 4441 934 4509 potentia
968 4439 1127 4495 facile
1161 4441 1362 4505 traxit,
1412 4456 1523 4510 quo
1561 4438 1797 4510 apostoli
1831 4439 2087 4495 voluntas
2122 4440 2273 4495 dele-

686 4542 860 4603 gerat.

758 4710 957 4780 ingens
1010 4726 1176 4780 porro
1208 4712 1531 4767 miraculum
1568 4713 1850 4766 miraculis
1891 4726 2077 4766 comes
2105 4727 2265 4765 secu-

688 4812 826 4861 tum.
855 4818 919 4856 ac
948 4804 1036 4855 cui
1062 4802 1244 4857 forsan
1282 4804 1468 4873 plures
1493 4818 1684 4857 eorum
1732 4804 1935 4873 quibus
1975 4804 2155 4873 ignota
2180 4804 2267 4857 di-

687 4894 813 4948 vina
838 4895 1083 4965 prodigia
1119 4904 1267 4961 sunt,
1301 4895 1464 4950 fidem
1490 4895 1861 4967 abnegabuut.
1893 4896 2115 4966 Exiguae
2148 4910 2268 4950 mo-

758 5054 778 5083 ³
802 5053 971 5108 Eccli.
1005 5070 1063 5112 ιι.
1100 5053 1148 5106 4.

757 5189 1274 5253 (46)Παππιανόν.
1316 5184 1638 5241 Anastasius
1679 5183 1732 5236 in
1770 5183 1983 5237 Studita
2011 5182 2277 5249 Papinum

688 5268 879 5324 vocat;
925 5259 1069 5328 apud
1125 5275 1289 5328 quem
1342 5256 1506 5328 etiam
1564 5255 1796 5328 nomina
1828 5254 2044 5307 urbium
2096 5254 2279 5328 minus

690 5319 975 5398 corrupta.
1008 5319 1180 5383 sunt':
1223 5330 1291 5383 de
1336 5326 1541 5396 quibus
1598 5324 1836 5377 videnda
1887 5332 2094 5377 nostra.
2137 5319 2287 5375 Bibl.

692 5401 800 5455 PP.
834 5402 1128 5452 concinnat.

764 5471 874 5535 (Η)
908 5470 1270 5535 Ηονρκὰνος.
1296 5468 1483 5521 Ληιιει.
1511 5466 1564 5518 ἰη
1590 5462 1831 5526 Studita,
1865 5462 2161 5535 Vulcanus;
2186 5464 2276 5535 fa-

692 5534 890 5608 vetque
902 5534 1077 5595 allata:
1095 5542 1206 5610 jam
1218 5539 1362 5610 mihi
1376 5538 1623 5610 conjectn
1635 5550 1727 5610 rte,
1743 5534 2274 5610 pernttttationis_lit—

693 5604 934 5664 tera-rum
992 5627 1057 5663 ex
1096 5604 1230 5663 'soni
1286 5604 1570 5669 afﬁnitate,
1627 5605 1719 5657 ubi
1767 5606 1845 5658 sic
1900 5604 2263 5658 crassioribus

692 5680 924 5734 auribus
963 5680 1135 5735 Graeci
1161 5679 1393 5733 audiunt
1420 5679 1475 5731 in
1498 5676 1818 5729 nominibus
1856 5674 2114 5742 propriis.
2164 5674 2264 5727 Mi-

694 5751 943 5804 racnlum
986 5766 1115 5803 vere
1137 5750 1493 5818 stupendum,
1517 5747 1683 5818 cujus
1714 5754 1893 5818 tamen
1917 5744 2134 5818 Joscplr
2156 5760 2264 5818 non

696 5822 965 5887 meminit,
986 5821 1080 5891 qui
1113 5815 1369 5875 videatur
1392 5817 1609 5873 Studita
1633 5815 1931 5885 antiquior,
1957 5823 2012 5869 et
2045 5816 2137 5884 qui
2153 5815 2261 5885 jam

2370 3252 2483 3316 λὺς
2507 3246 2903 3316 προσεγένετο
2936 3245 3198 3309 πλοῦτος
3224 3260 3242 3307 ;
3285 3246 3503 3311 Ὄντως
3546 3247 3957 3315 ἐμεγαλύνθης

2371 3340 2869 3410 ὑπερϐαλλόντως
2903 3336 3002 3389 καὶ
3029 3336 3387 3401 ἐδοξάσθης.
3420 3338 3749 3403 Χόρευσον,
3786 3337 3960 3403 (rx/p-

2373 3451 2585 3502 τησον.
2658 3430 2975 3493 Ὑπόδεξαι
3020 3428 3231 3497 χερσὶν
3286 3428 3529 3493 οἰκείαις
3568 3428 3669 3480 καί
3714 3428 3962 3493 ,βόησον⁹

2374 3527 2525 3596 πρὸς
2556 3523 2761 3589 αὑτὸν,
2806 3520 3017 3587 Καλῶς
3046 3520 3482 3589 παραγέγονας,
3529 3523 3562 3574 ό
3590 3519 3697 3573 τοῦ
3732 3520 3959 3588 Κυρίου

2373 3619 2741 3681 ἀπόστολος.
2772 3613 2957 3667 Ταῦτα
2989 3614 3083 3665 καὶ
3101 3612 3262 3681 ἕτερα
3284 3612 3385 3663 οὐκ
3416 3610 3572 3678 ὀλίγα
3604 3612 3633 3662 ό
3659 3611 3958 3673 ἐπίσκοπος

2375 3709 2567 3774 είπὼν,
2602 3708 2697 3761 καὶ
2746 3705 3103 3774 ὲγκωμιάσας
3130 3703 3222 3755 τόν
3257 3720 3318 3755 τε
3375 3702 3672 3756 ἀπόστολον
3704 3705 3799 3756 καὶ
3853 3703 3963 3773 τὴν

2376 3803 2558 3871 νῆσον,
2582 3799 2893 3853 κατέπαυσε
2921 3796 3012 3849 τὸν
3043 3796 3221 3863 λόγον.

2460 3892 2615 3946 Ἐπεὶ⁵
2648 3891 2705 3945 δέ
2735 3890 2840 3943 ἔδει
2892 3887 3339 3955 ἀποκαταστῆναι
3366 3886 3466 3956 τὴν
3503 3886 3748 3956 λάρνακα
3783 3886 3875 3938 καὶ
3898 3886 3965 3937 ὲν

2375 3984 2526 4052 τόπῳ
2554 3982 2831 4050 ἐπισήμῳ,
2865 3980 2923 4030 ἐν
2976 3973 3021 4046 ᾧ
3052 3978 3148 4030 καὶ
3188 3977 3327 4040 θεῖος
3386 3978 3553 4046 σηκὸς
3608 3977 3833 4046 ἔμελλεν
3863 3978 3962 4027 ἀνο

2377 4074 2687 4142 εγείρεσθαι
2721 4073 2798 4135 είς
2818 4070 2975 4133 δόξαν
3008 4069 3103 4121 τοῦ
3133 4072 3491 4138 πανευφήμου
3531 4069 3851 4128 ἀποστόλου,
3882 4068 3966 4132 ὡς

2381 4165 2481 4235 μὲν
2507 4164 2757 4223 ἕλκοντες
2788 4160 2995 4223 πολλοὶ,
3030 4160 3273 4229 ὑπήκουε
3306 4159 3361 4210 δὲ
3381 4159 3654 4227 οὐδαμῶς,
3696 4160 3798 4221 ἕως
3823 4160 3965 4211 ἀπο-

2380 4254 2607 4322 καλύψει
2665 4252 2789 4322 θεία
2835 4252 2864 4303 6
2895 4249 3161 4320 μακάριος
3204 4251 3451 4316 Ἀγάθων
3494 4250 3688 4316 ζεῦγος
3737 4249 3965 4316 ἀγαγὼν

2379 4348 2689 4417 δαμάλεων,
2736 4345 2832 4397 καὶ
2881 4343 3098 4405 λεπτοῖς
3150 4343 3428 4411 ἀποδήσας
3491 4341 3797 4405 καλωδίοις,
3857 4342 3969 4410 τὴν

2383 4437 2715 4507 παμμεγέθη
2774 4435 2989 4503 ἐκείνην
3045 4433 3314 4504 λάρνακα,
3378 4437 3444 4503 τῇ
3475 4434 3570 4486 τοῦ
3626 4433 3968 4499 ἐνοικοῦντος

2302 4514 2350 4570 D
2381 4532 2625 4598 δυνάμει,
2653 4527 2889 4589 εὐκόλως
2909 4521 3029 4595 ἦξε,
3054 4526 3187 4577 ὅπου
3207 4524 3268 4577 τὸ
3291 4524 3382 4578 τοῦ
3418 4525 3718 4577 ἀποστόλου
3749 4524 3967 4594 ὑπῆρξε

2372 4619 2497 4673 ϐέλη
2508 4637 2603 4673 μα.

2442 4637 2461 4669 Α
2551 4637 2603 4673 α.

2442 4637 2643 4780 ἒαμύμά
2673 4711 2800 4765 τιδέ
2828 4710 3068 4780 θαύμασι
3097 4708 3381 4761 συνείπετο
3410 4708 3684 4777 μέγιστον,
3718 4708 3809 4759 καὶ
3830 4706 3936 4758 πολ
3957 4737 3969 4746 -

2374 4804 2484 4865 λοῖς
2515 4802 2643 4864 ίσως
2665 4801 2774 4854 τῶν
2800 4801 3060 4871 ἀμυήτων
3083 4800 3193 4851 τῶν
3214 4799 3372 4852 θείων
3398 4797 3803 4868 τερατουργιῶν
3829 4796 3971 4849 dm-

2378 4911 2521 4948 στον.
2567 4892 2820 4962 Νησίδιον
2876 4891 2984 4961 γὰρ
3014 4890 3323 4961 Βουρκάνος
3376 4888 3488 4960 (47)
3528 4888 3963 4958 ὀνομαζόμενον,

2380 5199 2578 5239 nomen
2612 5183 2840 5238 haberet
2873 5181 3260 5251 Metaphrastis
3287 5189 3467 5235 :etate.
3504 5179 3664 5251 Certe
3683 5180 3967 5251 ejusmodi

2378 5264 2482 5315 est.
2522 5254 2609 5309 cui
2651 5271 2761 5308 non
2793 5253 2953 5308 facile
2989 5250 3247 5322 arrogent
3278 5253 3439 5306 fidem
3484 5250 3687 5322 nedum
3720 5250 3971 5322 ἀμύητοι

2378 5324 2487 5375 τῶν
2519 5324 2678 5377 θείων
2708 5320 3141 5393 τερατουργιῶν,
3176 5332 3235 5374 ιιι
3266 5332 3460 5375 auctor
3490 5320 3701 5375 scribit.
3728 5320 3822 5373 sed
3858 5337 3973 5377 nec

2380 5395 2473 5461 qui
2506 5394 2747 5448 divinam
2778 5392 2838 5448 in
2869 5392 3129 5462 prodigiis
3150 5393 3408 5445 virtutem
3453 5400 3640 5445 sancte
3680 5406 3967 5443 veneran-

2382 5473 2486 5516 tur.
2515 5465 2701 5518 Potest
2732 5465 2849 5518 hznc
2883 5464 3078 5531 hisque
3121 5464 3324 5529 majora
3373 5462 3464 5515 illa
3520 5470 3800 5529 praestare,
3859 5462 3969 5531 scil

2380 5534 2539 5588 facile
2570 5535 2732 5587 etiam
2764 5544 2849 5588 est
2902 5533 2954 5585 in
2990 5530 3260 5599 ejusmodi
3306 5532 3453 5601 vulgi
3501 5532 3789 5597 obrepere.
3831 5530 3973 5584 Vul—

2379 5605 2547 5658 cania:
2585 5604 2854 5673 ejusmodi
2889 5602 3101 5665 insulae,
3128 5603 3181 5673 in
3203 5602 3408 5673 quibus
3434 5617 3557 5669 pars
3588 5614 3778 5673 magna
3822 5602 3969 5673 _su~l-

2375 5675 2519 5744 phur
2549 5668 2633 5729 est
2663 5683 2718 5728 et
2777 5675 3004 5727 materia
3035 5668 3463 5732 combustibilis,
3500 5685 3694 5744 magna
3747 5668 3972 5744 habent

2373 5738 2759 5814 symptomata,
2780 5760 2847 5798 ex
2874 5745 2989 5811 ipsa
3019 5757 3215 5814 rerum
3248 5752 3443 5814 natura
3474 5748 3529 5793 et
3555 5739 3761 5805 absque
3792 5738 3933 5814 mira
3954 5774 3973 5784 -

2373 5809 2538 5870 culo:
2564 5815 2617 5869 in
2644 5816 2846 5884 quibus
2879 5809 2988 5868 non
3015 5811 3504 5884 injucundalcctu,
3538 5826 3655 5879 qua:
3676 5822 3855 5877 nuper
3903 5809 3969 5863 iu
