4180 6434
753 372 864 436 9‘23

1974 376 2264 433 NICE'I‘J‘I
2303 374 2832 433 PAI‘IILAGONIS

3922 368 4034 434 221

758 482 1039 553 Evangelii
1066 483 1524 552 conseriptionem
1553 483 1796 535 animum
1828 481 2028 551 adjecit
2053 501 2067 547 ;
2100 482 2336 550 primus-

2454 498 2529 542 τος
2558 481 2835 542 Ματθαῖος
2872 480 2964 531 ἐπὶ
2992 480 3090 548 τὴν
3120 478 3270 548 ἱερὰν
3299 476 3391 530 τοῦ
3418 476 3748 543 Εῦαγγελίου
3776 470 3876 545 ἧκε
3907 494 4036 541 συγ-

755 590 863 643 que
887 575 1096 628 Novum
1126 574 1283 627 nobis
1306 573 1718 627 Testamentum
1744 572 2043 626 enarravit.
2097 574 2171 625 Ac
2195 571 2338 624 sicut

758 664 849 718 ille
876 666 1005 716 olim
1039 664 1213 717 Moses
1268 664 1497 733 primam
1534 663 1722 715 mundi
1746 662 2048 732 originem,
2088 678 2150 715 ac
2184 663 2339 713 dein-

757 770 887 822 ceps
916 754 1162 807 onminm
1214 755 1307 808 Dei
1356 769 1584 822 operum
1618 752 2086 823 magnificentiora
2133 753 2339 821 scripto

755 845 1099 915 consignavit
1129 865 1141 898 :
1182 846 1260 899 sic
1294 844 1557 898 nimirum
1608 853 1663 897 et
1686 845 1809 908 iste,
1843 844 2045 898 Christi
2093 844 2187 897 Dei
2213 853 2335 895 ortu

758 937 1056 1002 recensito,
1077 938 1223 991 illius
1238 936 1437 990 exinde
1467 936 1859 990 miraculorum
1886 951 2101 988 omnem
2128 935 2341 1005 magni-

754 1032 1017 1090 centiam,
1073 1029 1276 1082 divinis
1332 1029 1543 1098 scripto
1606 1028 2092 1097 przedicationibns
2149 1027 2337 1082 tradit.

758 1122 1044 1175 ltlattlneus
1100 1122 1335 1182 scilicet,
1370 1122 1549 1175 lidelis
1603 1139 1666 1175 ae
1720 1120 1962 1189 prudens
1992 1120 2342 1188 dispensator

756 1211 955 1273 Patris,
982 1212 1199 1280 sapiens
1218 1227 1554 1282 magnusque
1587 1210 1752 1264 Verbi
1783 1210 2146 1279 evangelista;
2177 1211 2341 1264 Para-

757 1301 884 1354 clcti
913 1300 1153 1371 denique
1183 1302 1506 1370 splendidus
1530 1300 1855 1370 praadicator
1877 1316 1940 1355 ac
1959 1301 2141 1355 scriba
2164 1302 2340 1355 velox.

830 1478 1138 1542 Mattharus,
1190 1479 1348 1548 cujus
1402 1478 1448 1532 si
1479 1494 1681 1531 nomen
1736 1479 2136 1548 interpreteris,
2180 1483 2349 1536 dona-

761 1579 845 1622 lus
881 1569 1017 1637 (49⁸)
1049 1569 1254 1623 dicitur
1280 1587 1293 1622 :
1324 1586 1353 1624 e
1383 1569 1588 1623 mundo
1610 1570 1831 1638 quidem
1860 1572 2008 1622 velut
2035 1574 2347 1640 pulcherri—

760 1678 845 1715 ma
889 1661 1171 1723 delibatio,
1238 1661 1475 1715 donatus
1532 1660 1753 1714 Christo
1797 1676 1861 1715 ac
1895 1662 2084 1716 divino
2135 1663 2344 1733 Spiritu

758 1752 979 1818 genitus
1020 1752 1306 1819 Verbaque
1338 1752 1589 1805 veritatis
1623 1751 1920 1820 perfectus,
1954 1753 2024 1806 ab
2070 1754 2191 1822 ipso
2222 1772 2344 1807 rur-

758 1859 853 1898 sus
878 1844 930 1897 in
956 1844 1132 1897 lucem
1162 1854 1217 1898 et
1249 1845 1479 1899 salutem
1505 1846 1749 1915 gentium
1780 1846 2017 1899 donatus
2050 1855 2343 1915 est,usque

758 1936 825 1989 ad
877 1946 1181 1991 extremum
1247 1947 1404 1991 terrae
1449 1940 1490 1991 '.
1545 1939 1643 1991 llic
1679 1955 1780 1993 nos
1806 1939 1971 1993 hodie
2010 1956 2341 2000 convocans.

759 2044 1022 2096 suamque
1043 2029 1215 2097 ipsius
1240 2030 1558 2084 memoriam
1580 2030 2033 2099 splendidissima:
2049 2032 2345 2086 celebrita-

759 2120 830 2175 tis
846 2130 1227 2190 argumentum
1249 2132 1532 2191 przestans,
1546 2124 1723 2176 laetam
1744 2124 1976 2177 maxime
1996 2138 2059 2176 ac
2076 2123 2345 2176 admiran-

760 2213 885 2265 dam
913 2213 1297 2267 desiderabilis
1329 2216 1564 2268 convivii
1592 2216 2057 2284 compotationem
2112 2215 2340 2281 indixit;

760 2305 989 2358 solidam
1020 2306 1242 2373 quidem
1296 2322 1358 2359 ac
1390 2306 1687 2374 perfectam
1731 2322 1933 2369 escam,
1970 2307 2343 2375 conscriptum

761 2394 830 2448 ab
860 2410 927 2448 eo
961 2395 1322 2465 Evangelium
1359 2412 1662 2465 apponens,
1700 2398 1998 2467 gratiaeque
2033 2414 2345 2453 sermonem

759 2502 831 2541 ex
843 2488 961 2556 ejus
976 2504 1070 2541 ore
1090 2487 1479 2556 procedentem
1496 2490 1514 2519 ⁷
1539 2490 2140 2544 velutsaeratissimum
2162 2506 2348 2560 quem-

764 2578 888 2631 dam
915 2590 1181 2632 craterem
1206 2579 1465 2645 miscens,
1502 2579 1822 2650 Christique
1856 2594 2106 2637 amantes
2134 2583 2346 2637 animos

762 2685 954 2724 omnes
980 2669 1286 2723 laetificans.

836 2760 945 2814 Sed
975 2760 1262 2815 videamus
1288 2761 1435 2829 quali
1458 2778 1524 2815 ex
1554 2760 1687 2825 vita,
1720 2778 1783 2816 ac
1811 2762 2046 2817 instituti
2082 2765 2238 2833 prius
2257 2779 2348 2833 ge-

763 2869 897 2907 nere
926 2852 1011 2905 vir
1035 2853 1249 2915 beatus,
1285 2853 1353 2907 ad
1390 2869 1553 2922 quem
1578 2854 1821 2908 evaserit
1846 2853 2007 2907 ﬁnem
2035 2872 2048 2907 :
2076 2856 2349 2910 excellen-

768 2955 987 3013 temque
1019 2944 1379 2997 mutationem
1439 2959 1764 3013 summeque
1806 2945 2108 2999 inauditam
2140 2946 2194 2998 in
2226 2962 2345 3000 me-

764 3036 873 3089 lius
906 3035 1420 3089 transmutationem
1448 3035 1805 3098 admirantes,
1844 3036 2150 3091 mirabilem
2176 3039 2347 3093 Deum

766 3128 820 3181 in
850 3128 1083 3199 iustitia,
1115 3127 1420 3181 mirabilem
1443 3127 1498 3181 in
1522 3126 1767 3181 bonitate
1804 3129 2234 3197 magniﬁcentius.

838 3304 1173 3360 Publicanus
1202 3303 1355 3373 prius
1385 3302 1509 3367 fuit,
1559 3303 1765 3359 Christi
1798 3316 1988 3374 postea
2014 3306 2347 3377 discipulus;

766 3411 832 3449 ac
860 3396 1218 3464 pecuniarum
1253 3395 1634 3459 ratiocinator,
1662 3396 1946 3466 Evangelii
1986 3399 2262 3470 interpres
2296 3410 2352 3455 et

767 3495 1077 3539 enarrator.
1122 3486 1455 3541 Publicanus
1483 3504 1683 3557 nempe
1724 3488 2038 3544 institutum
2066 3492 2214 3560 quod
2246 3492 2352 3561 piis

769 3577 1006 3631 maxime
1028 3578 1459 3643 abhorrendum,
1488 3579 1866 3649 religiosaque
1885 3583 2087 3636 mentis
2114 3583 2354 3637 homini-

772 3667 877 3720 bus
906 3667 1355 3720 seelestissimum
1394 3668 1684 3737 habeatur.
1710 3668 1851 3735 Quid
1877 3671 2023 3724 enim
2058 3672 2355 3728 violentius

771 3768 867 3812 aut
892 3760 1063 3829 magis
1088 3760 1453 3829 tyrannieum,
1486 3777 1649 3829 quam
1684 3762 1946 3829 pecunias
1986 3763 2229 3818 conﬂare
2256 3780 2352 3819 ea-

775 3866 1011 3918 rumque
1040 3861 1352 3905 exactorem
1382 3853 1538 3906 esse?
1565 3852 1707 3917 Quid
1740 3870 1871 3907 vero
1907 3854 2031 3908 vita:
2058 3871 2125 3909 ex
2175 3858 2356 3911 Evan-

773 3946 898 4014 gelii
937 3945 1245 3998 rationibus
1303 3945 1570 3998 instituta:
1620 3945 1794 4014 magis
1822 3932 2138 4012 adversum,
2191 3964 2356 4016 quam

774 4036 1085 4106 opprimere
1138 4036 1351 4099 viduas,
1413 4052 1826 4106 pauperumque
1885 4039 2097 4093 animas
2155 4039 2357 4109 injuste

779 4130 992 4183 trahere
1012 4138 1176 4197 atque
1207 4144 1423 4190 vexare,
1448 4128 1562 4180 sive
1592 4127 1758 4181 etiam
1786 4129 1953 4198 juSLe,
1988 4138 2047 4182 ut
2076 4131 2360 4193 existima-

778 4221 909 4274 tur?
935 4220 1204 4289 Utrinque
1243 4220 1391 4273 enim
1442 4228 1651 4273 attenta
1688 4228 1895 4273 natura:
1921 4222 2180 4290 mquitate
2228 4238 2359 4276 vere

776 4312 931 4365 locus
953 4312 1165 4380 injuria:
1190 4320 1296 4371 est,
1332 4311 1547 4364 tametsi
1585 4311 1670 4363 lex
1694 4310 1963 4380 humana,
1997 4314 2206 4367 sancita
2228 4316 2359 4368 olim

779 4403 1081 4472 tyrannide,
1113 4402 1385 4454 actionem
1415 4378 1904 4456 innoxiam.dictet.
1926 4403 2047 4458 Non
2076 4406 2222 4459 enim
2246 4407 2361 4462 ha-c

2441 572 2680 641 γραφὴν,
2723 572 2933 639 πρῶτος
2966 572 3097 637 ἡμῖν
3136 571 3233 637 τὴν
3255 568 3461 637 Καινὴν
3487 566 3764 633 Διαθήκην
3810 567 4037 634 εἰσηγή-

2445 678 2572 712 σατο
2593 678 2605 690 ο
2643 662 2737 711 καὶ
2758 659 2945 726 ὥσπερ
2971 657 3176 723 Μωσῆς
3203 658 3411 717 ἐκεῖνος
3444 656 3505 706 τὸ
3542 653 3793 715 παλαιὸν,
3822 653 4037 705 ἀνωθεν

2440 753 2538 820 τὴν
2573 750 2987 819 κοσμογένειαν.
3030 750 3124 801 καὶ
3175 748 3301 816 ἑξῆς
3352 748 3461 799 τῶν
3492 747 3629 799 ὅλων
3683 746 3859 814 ἔργων
3888 744 4029 796 θεοῦ

2442 845 2509 897 τά
2542 842 3099 913 μεγαλοπρεπέστερα
3152 840 3544 909 λογογραφῶν·
3608 837 3753 890 οὕτω
3809 837 3871 905 δὴ
3937 840 4037 887 καὶ

2443 934 2597 999 οὗτος
2625 937 2724 1003 τὴν
2756 934 2971 1002 γένεσιν
2996 931 3263 999 θεολογῶν
3285 929 3379 983 τοῦ
3409 930 3670 1000 Χριστοῦ,
3701 930 3795 983 κα)⁵
3814 930 4036 981 πάντων

2444 1028 2572 1097 ἑξῆς
2609 1025 2716 1079 τῶν
2773 1023 2938 1077 αὐτοῦ
2987 1022 3279 1092 θαυμάτων
3308 1021 3407 1092 τὴν
3458 1020 3875 1089 μεγαλωσύνην,
3911 1021 4037 1077 ταῖς

2444 1119 2743 1188 ἐγγράφοις
2777 1116 3247 1186 θεορρημοσύναις
3281 1112 3612 1184 παραδιδούς
3634 1129 3647 1140 ·
3686 1113 3989 1173 Ἀίατθαίος,
4012 1111 4040 1161 0

2445 1212 2635 1273 πιστὸς
2660 1210 2753 1262 καὶ
2794 1210 3057 1278 φρόνιμος
3088 1207 3372 1275 οἰκονόμος
3414 1205 3508 1258 τοῦ
3551 1204 3786 1274 Πατρδς,
3810 1204 3839 1255 0
3872 1202 4040 1267 σοφὸς

2444 1301 2539 1354 τοῦ
2570 1304 2743 1368 Λόγου
2768 1303 2862 1355 καὶ
2892 1303 3064 1370 μέγας
3118 1299 3516 1367 εὐαγγελιστὴς
3535 1315 3549 1328 ·
3604 1300 3632 1351 0
3661 1295 3910 1366 λαμπρὸς
3937 1294 4039 1345 τοῦ

2448 1396 2813 1465 Παρακλήτου
2842 1395 3018 1465 κήρυξ
3050 1393 3145 1446 καὶ
3176 1392 3483 1462 ὀξυγράφος
3507 1389 3890 1461 γραμματεύς.

2520 1488 2818 1549 Ματθαῐος,
2851 1488 2878 1539 0
2929 1484 3337 1553 δεδωρημένος
3366 1482 3804 1554 ἑρμηνευόμενος
3829 1498 3843 1511 ο
3884 1482 3942 1544 ὃς
3975 1481 4041 1533 ἐκ

2449 1578 2541 1632 τοῦ
2577 1579 2785 1645 κόσμου
2826 1576 2921 1645 μὲν
2954 1568 3044 1628 οἶά
3090 1592 3173 1637 τις
3222 1574 3445 1643 ἀπαρχὴ
3498 1572 3759 1639 καλλίστη
3803 1570 4042 1641 δεδώρη-

2447 1685 2539 1719 ται
2587 1664 2844 1737 Χριστῷ,
2895 1662 3193 1731 εῐΙνεύματι
3238 1664 3295 1715 δὲ
3359 1663 3487 1732 θείῳ
3543 1662 3825 1731 γεννηθεὶς
3858 1703 3872 1725 ,
3933 1665 4031 1715 καὶ⁸

2450 1758 2607 1826 Λόγῳ
2686 1755 2941 1824 ἀληθείας
3007 1754 3412 1825 καταρτισθεὶς,
3476 1753 3633 1815 αὖθις
3664 1756 3775 1814 τοῖς
3826 1754 4038 1805 ἔθνεσιν

2452 1852 2531 1913 εἰς
2572 1849 2721 1916 ,φῶς
2780 1850 2909 1918 παρ’
2980 1848 3147 1900 αὑτοῦ
3231 1847 3324 1900 καὶ
3386 1846 3659 1914 σωτηρίαν
3700 1846 3806 1908 ἕως
3870 1846 4040 1913 ἐσχά-

2452 1961 2543 1996 του
2573 1942 2870 2011 δεδώρηται
2899 1941 2998 2007 τῆς
3030 1940 3157 2007 γῆς.
3190 1933 3358 2002 Οὗτος
3385 1940 3532 2007 ἡμᾶς
3567 1940 3806 2007 σήμερον
3833 1953 4042 2003 συγκα-

2451 2034 2581 2098 λῶν,
2616 2034 2710 2086 καὶ
2741 2031 3136 2101 λαμπροτάτης
3182 2030 3376 2098 ἑορτῆς
3403 2028 3689 2091 ὑπόθεσιν,
3725 2027 3823 2096 τὴν
3870 2022 4044 2079 αὐτοῦ

2453 2125 2671 2193 παναγῆ
2712 2124 2931 2194 μιήμην
2996 2122 3339 2191 ποιούμενος,
3394 2120 3628 2187 φαιδρὰν
3662 2121 3743 2172 ὅτι
3804 2118 4041 2187 μάλιστα

2452 2217 2545 2269 καὶ
2566 2216 2875 2284 θαυμασίαν
2900 2215 3146 2266 ὑπέτεινε
3172 2214 3489 2282 φιλοτησίαν
3514 2229 3527 2241 ·
3554 2211 3781 2281 στερεὰν
3814 2211 3911 2281 μὲν
3942 2211 4042 2261 καὶ

2451 2308 2663 2360 τελείαν
2690 2307 2916 2376 τροφὴν,
2936 2306 2999 2358 τὸ
3028 2307 3148 2358 κατ’
3174 2306 3336 2359 αὐτὸν
3368 2304 3705 2373 Εὑαγγέλιον
3736 2301 4040 2373 προτιθείς·

2450 2398 2543 2450 τὸν
2565 2398 2721 2464 λόγον
2737 2397 2791 2449 δὲ
2820 2397 2917 2464 τῆς
2947 2396 3191 2465 χάριτος,
3223 2394 3314 2448 τὸν
3348 2394 3435 2447 διὰ
3459 2393 3554 2446 τοῦ
3578 2393 3845 2460 στόματος
3872 2389 4045 2444 αὐτοῦ

2454 2489 2844 2557 πορευόμενον,
2876 2481 2963 2539 οἷά
2992 2504 3114 2539 τινα
3136 2487 3388 2555 κρατῆρα
3416 2484 3825 2555 μυστικώτατον
3846 2485 4045 2554 ἐγκιρ-

2451 2580 2579 2641 νῶν,
2609 2580 2702 2632 καὶ
2742 2578 2923 2639 πάσας
2956 2577 3183 2648 καρδίας
3217 2578 3527 2648 εὐφραίνων
3563 2573 3969 2644 Χριστοφιλεῖς.

2537 2758 2679 2812 Ἀλλ’
2712 2758 2911 2829 ἴδωμεν
2949 2760 3061 2812 οἵου
3096 2759 3233 2829 βίου,
3257 2759 3351 2813 καὶ
3381 2759 3501 2821 οἵας
3523 2758 3786 2828 πρότερον
3813 2757 3841 2809 0
3861 2755 4048 2825 μακᾶ-

2458 2872 2573 2924 ριος
2611 2853 2888 2915 πολιτείας
2944 2851 3280 2921 τετυχηκὼς,
3318 2854 3399 2913 είς
3440 2845 3553 2902 οἷον
3584 2851 3827 2917 καταντᾷ
3852 2847 4008 2909 τέλος
4035 2864 4049 2876 ο

2454 2949 2641 3002 καὶτὸ
2694 2948 2797 3017 τῆς
2851 2947 3155 3017 μεταϐολῆς
3196 2944 3569 3015 ὑπερϐάλλον,
3624 2944 3720 2996 καὶ
3754 2943 3816 2994 τὸ
3856 2960 4049 2995 καινο-

2454 3042 2834 3111 πρεπέστατον
2864 3040 2966 3108 τῆς
3020 3040 3114 3091 ἐπὶ
3161 3038 3223 3091 τὸ
3275 3041 3525 3108 κρεῖττον
3564 3035 4051 3099 ἐκτεθαυμακότες

2455 3133 2542 3186 ἀλ)
2554 3132 2811 3193 οιὼσεως,
2841 3132 2931 3184 τὸν
2953 3130 3267 3199 θαυμαστὸν
3288 3132 3344 3181 ὲν
3368 3127 3705 3199 δικαιοσύνῃ,
3728 3128 4051 3195 θαυμαστὸν

2452 3229 2510 3278 ἐν
2532 3224 2863 3294 χρηστότητι
2897 3222 3291 3291 μεγαλύνωμεν
3319 3220 3473 3273 Θεόν.

2521 3316 2775 3386 Τελώνης
2793 3311 2861 3386 ἦν
2894 3316 3181 3386 πρότερον,
3203 3316 3231 3367 0
3255 3313 3493 3382 Χριστοῦ
3520 3313 3768 3383 μαθητὴς
3791 3311 4049 3379 ὕστερον

2452 3408 2551 3462 καὶ
2584 3408 2885 3478 χρημάτων
2906 3406 3181 3474 λογιστὴς,
3201 3408 3229 3458 ὁ
3256 3405 3349 3458 τοῦ
3376 3404 3707 3472 Εὐαγγελίου
3730 3404 4050 3473 ὑφηγητής.

2454 3497 2725 3567 Τελώνης,
2756 3498 2816 3549 τὸ
2838 3497 3243 3549 ἀπευκτὸτατον
3292 3498 3402 3556 τοῖς
3434 3493 3705 3557 εὐσεϐέσι,
3746 3492 3805 3544 τὸ
3857 3493 4050 3560 ἀμαρ·

2452 3590 2822 3658 τητικώτατον
2853 3591 2965 3651 τοῖς
2996 3587 3281 3640 εὐλαὸἐσιν
3312 3586 3652 3655 ἐπιτήδευμα
3675 3583 3950 3653 νομισθὲν.
3979 3584 4054 3635 Τί

2454 3682 2563 3750 γὰρ
2591 3682 2683 3733 τοῦ
2719 3681 2979 3750 χρήματα
3014 3681 3276 3749 πράττειν
3301 3680 3601 3749 βιαιότερον
3633 3678 3665 3747 ἢ
3701 3674 4056 3746 τυραννικά).

2454 3789 2648 3840 τερον;
2678 3772 2731 3824 τί
2759 3772 2816 3824 δὲ
2849 3772 2986 3841 πρὸς
3016 3772 3115 3841 τὴν
3142 3773 3285 3825 κατά
3311 3772 3372 3823 τὸ
3424 3769 3755 3837 Εὐαγγέλιον
3784 3766 4056 3819 ἐναντιώ-

2458 3880 2614 3932 τερον
2640 3862 2809 3930 ζωὴν,
2833 3863 2927 3915 τοῦ
2958 3864 3141 3932 χηρῶν
3175 3863 3490 3932 κατάρχειν,
3552 3861 3647 3912 καὶ
3709 3859 3892 3928 σύρειν
3946 3860 4055 3909 καὶ

2459 3951 2659 4003 θλίϐειν
2696 3953 2944 4020 πενήτων
2970 3953 3148 4020 ψυχάς
3172 3950 3394 4012 ἀδίκως,
3435 3952 3531 4003 εἶτ’
3562 3944 3656 4002 οὖν
3683 3949 3929 4009 δικαίως,
3971 3948 4056 4009 ὡς

2457 4046 2489 4112 ἡ
2520 4044 2826 4111 ὑπόληψιςς
2874 4044 3182 4113 Ἐκατέρως
3209 4044 3317 4111 γάρ
3337 4042 3473 4108 ,ἔστι
3497 4043 3637 4096 κατά
3669 4042 3730 4092 τὸ
3760 4040 3923 4107 φύσει
3967 4039 4058 4091 δί-

2460 4148 2613 4183 καιον
2643 4131 2858 4199 ἀληθῶς
2883 4131 3111 4193 ἀδικεῖν,
3148 4133 3197 4183 εἰ
3221 4133 3315 4183 καὶ
3340 4131 3502 4199 νόμος
3557 4128 3861 4197 ἀνθρώπων
3900 4127 4057 4179 ἄνω-

2460 4221 2557 4273 θεν
2611 4221 3144 4291 ἑπισφραγιξὸμενος
3175 4222 3274 4294 τὴν
3324 4221 3634 4290 τυραννίδα,
3670 4221 3733 4273 τὸ
3758 4217 4060 4272 ἀνεύθυνον

2459 4314 2559 4382 τῆς
2604 4314 2855 4383 πράξεως
2911 4312 3263 4382 ὑπαγορεύει.
3306 4313 3380 4365 Οὐ
3421 4312 3527 4381 γὰρ
3560 4310 3656 4363 τοῦ
3711 4307 3845 4361 Θεοῦ
3886 4305 4060 4358 τοῦτο

2460 4404 2642 4473 νόμος,
2708 4404 2768 4456 οὐ
2806 4403 3042 4472 φύσεως,
3076 4404 3203 4462 τοὺς
3253 4405 3350 4470 μὲν
3378 4402 3679 4471 τυραννεῖν,
3715 4400 3841 4457 τοὺς
3865 4396 3921 4448 δὲ
3958 4413 4064 4448 τυ-

777 4520 792 4549 ι
816 4512 861 4548 ’Χ
898 4495 995 4548 Dei
1030 4506 1134 4558 est,
1161 4511 1270 4547 non
1310 4504 1541 4557 natura,
1573 4504 1634 4549 ut
1659 4511 1857 4565 nempe
1888 4496 1981 4551 alii
2009 4500 2350 4569 tyrannidem

2466 4494 2772 4565 ραννεῖσθαι
2795 4512 2807 4523 ·
2844 4494 2940 4546 καὶ
2969 4496 3094 4556 τοὺς
3129 4494 3227 4562 μὲν
3260 4490 3701 4561 κατωφρυῶσθαι
3726 4489 3831 4541 τῶν
3857 4504 4063 4539 ταπει-

776 4593 1091 4645 exerceant,
1153 4583 1245 4635 alii
1301 4584 1588 4653 tyrannide
1639 4596 1995 4653 premantur;
2043 4598 2208 4659 atque
2266 4592 2357 4646 alii

776 4674 997 4742 quidem
1019 4674 1284 4728 adversus
1323 4675 1647 4730 humiliores
1682 4679 2040 4746 supercilium
2069 4683 2260 4737 tollant
2297 4701 2362 4739 ac

776 4763 1101 4825 etl'erantur,
1132 4764 1224 4816 alii
1258 4765 1643 4832 mancipentur
1669 4774 1833 4835 atque
1886 4771 2148 4825 arumnis
2192 4774 2361 4827 conli-

778 4854 1000 4906 ciantur
1026 4870 1039 4905 :
1069 4854 1159 4907 alii
1192 4855 1483 4909 lasciviant
1513 4870 1576 4908 ac
1605 4857 1821 4912 deliciis
1853 4860 2122 4916 adversus
2155 4880 2361 4933 paupe-

781 4961 867 4999 res
894 4947 1179 5000 temulenti
1208 4947 1476 5010 diﬂluant,
1501 4958 1873 5019 put-textaque
1903 4944 2123 5021 publico
2146 4956 2356 5020 debito,

780 5054 1089 5105 supremam
1133 5039 1430 5093 toleranda:
1467 5042 1590 5093 vita:
1644 5042 1911 5096 rationem
1952 5046 2235 5111 auferant;
2265 5048 2357 5101 alii

780 5138 1076 5195 graventur
1095 5143 1159 5182 ac
1187 5130 1488 5193 czedantur,
1518 5131 1693 5185 donec
1735 5135 2091 5189 novissimum
2138 5136 2359 5191 oboluin

782 5218 1047 5284 reddant;
1072 5236 1101 5273 a
1123 5220 1331 5289 quibus
1358 5221 1504 5275 sicut
1530 5225 1983 5292 spiraculum,sic
2011 5237 2065 5280 et
2095 5228 2360 5282 tributum

781 5318 999 5363 austere
1031 5311 1301 5380 exigatur.
1342 5311 1460 5365 Non
1513 5314 1591 5367 sic
1624 5314 1769 5369 Deus
1798 5316 1867 5370 ab
1899 5317 2077 5378 initio,
2126 5334 2232 5373 non
2286 5321 2364 5375 sic

784 5400 1118 5465 hominibus,
1167 5418 1290 5455 cum
1346 5404 1524 5472 primo
1577 5406 1781 5459 conditi
1811 5416 1962 5472 sunt,
2014 5410 2131 5479 lege
2162 5412 2360 5466 sanxit.

785 5490 892 5545 Sed
921 5491 1065 5545 sicut
1094 5494 1477 5548 universorum
1514 5513 1656 5550 unus
1675 5507 1758 5552 est
1782 5500 1956 5564 lictor,
1986 5500 2066 5555 sic
2087 5510 2139 5555 ct
2168 5513 2363 5557 natura

861 5644 881 5673 ‘
916 5643 1014 5698 lsa.
1046 5661 1187 5711 xux,
1214 5648 1270 5701 ϐ.
1340 5650 1357 5677 ⁷
1382 5647 1512 5701 Luc.
1545 5665 1616 5713 ιν,
1641 5650 1729 5705 22.

867 5782 993 5852 (ἦθ’)
1022 5795 1121 5841 'm:
1148 5788 1362 5855 5}“.th
1399 5788 1591 5840 (Ianum
1620 5809 1644 5841 ιι
1672 5792 1865 5842 Ιηῐίίιϊ.

2462 4589 2695 4655 νοτέρων
2726 4586 2821 4638 καὶ
2858 4586 3281 4656 ὑπεραίρεσθαι,
3322 4586 3445 4647 τοὺς
3480 4584 3538 4637 δὲ
3585 4578 4062 4635 καταδουλοῦσθαι

2458 4679 2555 4732 καὶ
2592 4676 3054 4748 κατατρίϐεσθαι’
3109 4676 3205 4727 καὶ
3250 4676 3377 4737 τοὺς
3448 4675 3545 4743 μὲν
3594 4670 3917 4743 ὑπερμαζᾷν
3955 4672 4064 4721 καὶ

2461 4769 2679 4841 μεθύειν
2704 4769 3174 4839 κατατρυφῶντας
3204 4768 3313 4820 τῶν
3340 4764 3636 4835 πτωχικῶν
3662 4766 3754 4817 καὶ
3780 4762 4063 4832 δημοσίας

2458 4861 2734 4930 πρόφασιν
2758 4861 3002 4930 ὀφειλῆς,
3028 4861 3129 4929 τὴν
3155 4859 3393 4927 ἐσχάτην
3417 4858 3740 4923 ἀποστερεῖν
3778 4854 3875 4921 τῆς
3898 4852 4065 4918 ζωῆς

2466 4954 2723 5022 ἀφορμήν
2748 4967 2761 4980 ’
2808 4955 2934 5015 τοὺς
2979 4953 3037 5005 δὲ
3074 4948 3572 5019 κατακάμπτεσθαι
3624 4947 3719 4999 καὶ
3754 4943 4063 5014 μαστιγοῦ-

2468 5046 2613 5110 σθαι,
2654 5047 2845 5115 μέχρις
2884 5046 2951 5098 ἇν
2998 5046 3092 5097 καὶ
3123 5045 3215 5096 τὸν
3265 5044 3491 5111 ἔσχατον
3541 5040 3789 5094 ἀποδοῖεν
3822 5036 4011 5087 ὀϐολόν
4043 5054 4060 5066 ·

2466 5136 2653 5207 ὥσπερ
2679 5137 2776 5206 τὴν
2814 5137 3108 5205 ἀναπνοὴν,
3133 5136 3276 5188 οὕτω
3308 5134 3402 5186 καὶ
3432 5135 3531 5201 τὴν
3556 5131 3649 5184 τοῦ
3691 5131 3878 5190 τέλους
3909 5128 4065 5179 ἀπό-

2465 5228 2611 5281 δοσιν
2658 5228 3154 5297 εἰσπραττομένους
3175 5243 3189 5255 ·
3247 5226 3345 5294 οὐχ
3372 5223 3517 5276 οὕτω
3549 5222 3681 5283 Θεὸς
3730 5221 3824 5272 ἀπ’
3848 5218 4063 5286 ἀρήςν

2466 5321 2564 5389 οὐχ
2589 5318 2760 5381 οὕτως
2802 5317 3111 5388 ἀνθρώποις
3154 5317 3364 5371 ἀνωθεν
3404 5314 3794 5383 ἐνομοθέτησεν
3814 5326 3826 5338 ·
3858 5308 4067 5376 ὥσπερ

2466 5410 2522 5463 δὲ
2555 5411 2798 5480 πλάστης
2854 5410 3108 5464 ἁπάντων
3147 5404 3247 5473 εἷς,
3295 5407 3438 5461 οὕτω
3481 5406 3574 5457 καὶ
3607 5403 3764 5471 φύσις
3799 5400 3919 5470 μία,
3956 5403 4071 5451 καὶ

2468 5505 2591 5573 ὅρος
2626 5504 2721 5557 καὶ
2755 5504 2917 5574 νόμος
2967 5504 3111 5575 ζωῆς
3140 5504 3343 5557 ἅπασιν
3375 5502 3404 5554 0
3451 5498 3612 5560 αὐτός
3634 5512 3645 5524 ·
3672 5492 3958 5561 ἐλευθερία
3992 5507 4067 5543 τε
