4180 6434
176 428 257 493 ἓὲὅ
894 428 1174 487 ORATIO
1213 428 1405 487 XL—
1437 424 1517 484 IN
1561 423 1741 484 LAUI

1841 422 1876 479 tl
1917 422 1973 480 Ξ.
2020 421 2382 482 ΜΑΤΤΙΙ;·ΕΙ
2424 423 2680 483 ΛΡΟΞΤ.

3310 429 3419 493 2‘26

178 546 314 597 πᾶσιν
361 542 586 611 ὁμοίως,
616 544 712 594 καὶ
763 541 1093 604 κατάστασις
1128 542 1220 594 καὶ
1266 538 1509 592 πολιτεία
1542 540 1575 608 ἡ
1600 536 1737 605 αὑτὴ

1841 542 1945 597 est,
1981 533 2231 602 ratioque
2267 550 2329 588 ac
2362 536 2487 589 vitm
2515 537 2597 589 lex
2627 534 2820 590 eadem
2843 537 3140 604 omnibus;
3179 553 3425 598 cunctis-

176 634 489 689 διατέτακται
518 634 615 701 τὴν
649 632 845 701 ἀρχὴν.

232 813 344 879 Ἀφ’
375 803 436 864 οὗ
464 810 517 862 δὲ
545 807 804 878 λογισμὸς
820 808 1119 879 ἀγέρωχος,
1151 808 1373 862 καὶτῶν
1403 808 1543 881 ὑπὲρ
1574 806 1735 876 φύσιν

176 902 429 969 ἀλόγιστος
472 898 761 967 ἐπιθυμία,
818 899 911 951 καὶ
936 899 1115 966 ὄφεως
1151 900 1248 967 μὲν
1270 898 1555 960 ἐπίϐουλος
1597 913 1735 965 συμ-

176 997 333 1066 ϐουλὴ,
368 998 589 1065 ἐντολῆς
622 994 679 1046 δὲ
719 995 882 1062 ἁγίας
913 994 1171 1063 ἀθέτησις
1212 996 1306 1049 καὶ
1345 995 1602 1066 παρακοὴ
1634 996 1733 1063 τῆς

177 1086 358 1154 φύσεως
416 1083 855 1153 καταδραμόντα,
910 1084 1161 1153 διέστησε
1214 1086 1311 1154 μὲν
1373 1086 1469 1137 καὶ
1516 1086 1732 1153 μακρὰν

174 1172 281 1231 ὦσεν
298 1175 462 1237 Θεοῦ,
491 1174 569 1244 τῷ
599 1174 857 1243 βασκάνῳ
894 1174 950 1227 δὲ
986 1176 1348 1245 προσεγγίσαι
1390 1174 1733 1245 παρεσκεύα-

177 1288 262 1331 σεν,
287 1269 540 1322 ἐντεῦθεν
562 1268 623 1321 τὸ
653 1268 914 1335 συγγενὲς
939 1268 1031 1320 καὶ
1056 1268 1327 1335 ὁμόφυλον
1351 1268 1431 1330 είς
1458 1266 1733 1335 ἀλλοτριό-

176 1381 281 1433 τητα
305 1360 537 1430 γνώμης
576 1362 669 1411 καὶ
698 1359 814 1429 βίου
836 1359 1209 1430 κατεμερίσθη
1234 1360 1431 1430 τομήν.
1450 1357 1731 1413 Ἐντεῦθεν

182 1455 219 1505 ιδ
242 1452 579 1515 δυναστεύον,
600 1451 696 1503 καὶ
725 1452 786 1503 τὺ
807 1451 1268 1520 δυναστευόμενον
1293 1467 1306 1480 ·
1332 1452 1392 1505 τὸ
1409 1452 1726 1522 τυραννοῦν,

177 1548 248 1599 καὶ
296 1545 355 1597 τὸ
390 1544 824 1615 τυραννούμενον
848 1561 861 1574 ·
893 1544 987 1595 καὶ
1013 1542 1073 1595 τὸ
1106 1542 1204 1613 μὲν
1224 1544 1478 1597 ἀπαιτεῖν
1506 1543 1726 1614 φόρους,

178 1639 275 1691 τὸδ’
297 1636 669 1690 ἀπαιτεῖσθαι·
702 1638 798 1689 καὶ
829 1635 888 1687 τὸ
930 1635 1027 1704 μὲν
1055 1635 1361 1706 ὑπερῆρθαι
1397 1634 1605 1705 θράσει,
1636 1637 1730 1689 καὶ

177 1732 262 1782 τῶν
289 1728 568 1799 ὁμοτίμων
611 1727 686 1791 ὠς
742 1726 946 1780 δούλων
1002 1726 1526 1792 κατεξανίστασθαι,
1565 1727 1625 1779 τὸ
1673 1727 1728 1779 δὲ

178 1825 556 1893 καταπτήσσειν
586 1821 683 1892 τὴν
710 1820 1024 1891 τυραννίδα,
1063 1821 1157 1875 καὶ
1177 1819 1253 1882 ώς
1279 1819 1649 1890 ἀπαραίτητον
1666 1819 1729 1871 τὸ

178 1917 359 1983 ἐτήσιον
394 1912 567 1976 τέλος,
602 1912 696 1964 καὶ
724 1910 821 1981 τὴν
842 1911 1087 1965 δουλείαν
1109 1911 1452 1964 ἁποτιννύειν
1470 1911 1543 1974 ώς
1577 1911 1728 1980 ὀφει-

178 2024 272 2076 Αην.

233 2185 437 2255 Ταύτης
460 2186 548 2238 ἀεὶ
577 2186 891 2255 πράκτορες
927 2186 1026 2251 τῆς
1056 2186 1235 2253 κακῆς
1276 2186 1652 2255 ἐπιτιμήσεως
1681 2186 1731 2238 οἱ

179 2275 475 2345 θερμότεροι
515 2274 615 2344 μὲν
640 2275 739 2343 τὴν
776 2274 939 2343 φύσιν
986 2276 1083 2327 καὶ
1114 2275 1361 2344 ὀξύτεροι
1381 2290 1398 2306 ·
1431 2273 1729 2337 τουτέστιν,

180 2367 391 2420 συνιέναι
411 2367 508 2419 καὶ
528 2366 849 2434 λογίσασθαι
872 2367 971 2438 τὴν
991 2366 1364 2437 δασμοφορίαν
1386 2366 1729 2419 ἱκανώτατοιο

176 2459 631 2529 ἀσυμπαθέστεροι
655 2460 713 2512 δὲ
744 2459 985 2524 πάντων,
1018 2461 1111 2513 καὶ
1138 2460 1238 2530 τὴν
1272 2458 1499 2530 γνώμην
1528 2460 1732 2511 ἐπίπαν

180 2551 510 2622 ίταμιὶιτεροι,
545 2551 685 2604 ὣστε
717 2551 909 2621 μηδενὶ
963 2551 1072 2604 τῶν
1099 2551 1422 2619 ὀφειλόντων
1477 2568 1735 2621 παραχω-

178 2645 271 2709 ρείν
300 2643 441 2713 ἔχειν
502 2646 690 2715 μηδέν.
750 2643 970 2713 Ταύτης
1021 2644 1301 2707 Ματθαῖος
1337 2644 1607 2714 ἐπήϐολος
1634 2644 1735 2713 τῆς

172 2736 423 2800 πολιτείας
486 2738 755 2808 πρότερον
800 2731 890 2807 ἦν.
947 2736 1151 2789 Τούτου
1210 2735 1351 2806 βίου,
1387 2736 1484 2789 ἆτε
1517 2734 1736 2803 φύσεως

172 2827 397 2898 ἀγχινοίᾳ
422 2829 522 2882 καὶ
539 2828 657 2891 νοὸς
674 2828 958 2899 ἐντρεχεία
988 2826 1439 2898 κατευμεγεθῶν,
1463 2829 1563 2897 τὴν
1593 2826 1736 2897 πρώ-

168 2935 254 2991 την
281 2923 337 2975 ἐν
363 2921 633 2985 τελώναις
653 2922 837 2990 ἐπεῖχε
866 2920 1037 2984 τάξιν.

234 3102 447 3172 Ἐπειδὴ
498 3101 683 3153 τοίνυν
731 3100 800 3154 δι’
839 3099 1003 3154 αὑτοῦ
1030 3100 1295 3170 παράγων
1348 3098 1376 3149 ὁ
1411 3099 1635 3169 Κύριος,
1662 3098 1738 3168 τῷ

164 3192 249 3263 τῆς
278 3195 510 3265 καρδίας
545 3194 697 3262 βάθει
731 3192 1118 3264 προσέϐλεψεν,
1156 3196 1248 3246 καὶ
1298 3193 1604 3262 κεκρύφθαι
1636 3192 1737 3261 μὲν
1764 3225 1807 3284 c

166 3288 215 3338 ἐν
244 3287 387 3356 αὐτῷ
417 3287 521 3355 τῆς
554 3285 753 3356 ἀρετῆς
782 3285 1076 3353 θησαυρὸν,
1108 3284 1309 3349 ἔξωθεν
1340 3283 1398 3335 δὲ
1428 3282 1571 3335 κατὰ
1599 3282 1739 3351 σύμ-

162 3380 302 3433 ϐασιν
353 3384 422 3450 τῇ
482 3378 722 3450 πονηρίᾳ
776 3378 1100 3447 διοχλεῖσθαι
1132 3380 1199 3447 τῇ
1251 3379 1487 3446 κοσμικῇ
1511 3392 1524 3407 '
1556 3375 1651 3429 καὶ
1678 3376 1739 3427 τὸ

165 3472 268 3536 μὲν,
297 3471 554 3523 ἑκούσιον
584 3466 728 3522 εἶναι
774 3470 867 3521 καὶ
918 3468 1159 3537 ἔμφυτον
1190 3467 1394 3535 ἀγαθόν
1415 3484 1429 3498 ·
1468 3465 1528 3519 τὸ
1556 3465 1613 3519 δὲ
1645 3466 1740 3519 τύ-

160 3580 247 3631 ῃς
278 3565 557 3633 ἐπήρειαν
588 3562 811 3632 μᾶλλον,
842 3561 876 3633 ἢ
927 3559 1153 3629 γνώμης
1183 3560 1537 3630 ἐκουσιότητα
1573 3577 1740 3612 κατα-

162 3656 425 3726 νενοῐηκεν,
458 3656 620 3708 καλεῖ
653 3654 751 3724 μὲν
785 3653 969 3719 αὐτὸν,
993 3651 1370 3721 ἐντελλόμενος
1401 3650 1736 3704 ἀκολουθεῖν⁸

156 3746 262 3799 3δέ
317 3748 609 3809 ἀναστὰς,
670 3745 833 3807 εὐθὺς
891 3743 1315 3813 ἐπηκολούθησε.
1376 3744 1449 3795 Οὐ
1510 3744 1737 3814 μακρῶν

156 3835 322 3905 ἐδέησε
352 3836 542 3903 λόγων
592 3833 671 3904 τῷ
718 3832 929 3902 Κυρίῳ,
985 3832 1048 3884 οὐ
1083 3831 1276 3900 χρόνον
1310 3830 1524 3900 τριϐῆς,
1555 3831 1615 3881 οὐ
1651 3846 1737 3881 τε-

152 3925 406 3997 λειοτέρας
442 3926 741 3989 συνουσίας
760 3942 776 3957 '
806 3925 923 3979 ἀλλ’
968 3924 1091 3977 οὔτε
1120 3923 1397 3989 θεολογίας
1424 3923 1640 3992 συχνῆς,
1675 3923 1735 3974 ού

156 4020 480 4088 συμϐουλίας
515 4018 777 4087 πιθανῆς,
832 4016 954 4070 οὔτε
985 4017 1041 4070 δὲ
1074 4015 1369 4086 θαυμάτων
1400 4016 1735 4080 ἐπιδείξεως,

150 4107 273 4162 ὥστε
299 4113 393 4162 τὸν
436 4108 821 4179 ἀρχιτελώνην
852 4108 951 4177 τῆς
985 4109 1105 4161 κατ’
1160 4109 1323 4163 αὑτὸν
1376 4106 1736 4175 ἀφαρπάσθαι

152 4202 348 4272 σχολῆς,
388 4200 626 4274 παριὼν
650 4200 728 4265 δὲ,
758 4200 852 4253 καὶ
885 4202 984 4270 μιᾷ
1022 4201 1158 4273 μόνῃ
1210 4201 1465 4263 καλέσας,
1496 4200 1738 4252 ἐπεσπα-

150 4308 260 4345 σατο
316 4298 527 4365 φωνῇ’
583 4293 924 4347 Ἀκολούθει
953 4311 1076 4362 μοι.
1123 4294 1184 4346 '0
1217 4295 1273 4347 δὲ
1313 4294 1413 4346 οὐκ
1468 4294 1735 4363 ἀπήρεισε

149 4385 266 4453 πρὸς
311 4386 385 4440 τὰ
440 4386 717 4457 χρήματα
770 4388 860 4437 τδν
892 4385 1186 4455 λογισμόν’
1226 4384 1287 4438 ού
1344 4385 1442 4455 τὴν
1479 4386 1587 4438 ἀπὸ
1642 4384 1735 4437 τοῦ

150 4477 359 4545 κέρδους
388 4480 696 4549 ἐνενόησεν
750 4478 946 4549 ἡδονήν
969 4495 983 4509 ⁸
1019 4479 1079 4531 ού
1135 4479 1272 4550 πρὸς
1302 4478 1399 4550 τὴν
1433 4479 1590 4545 δόξαν
1627 4478 1736 4531 τῶν

1840 639 1946 695 que
1977 625 2335 694 similiterque
2356 626 2602 689 libertas,
2638 637 2813 681 status
2838 638 2893 682 et
2916 630 3040 684 vita:
3069 632 3208 687 ratio
3233 634 3422 689 eadem

1840 719 2077 788 primum
2108 720 2406 773 constituta
2448 718 2569 774 fuit.

1909 811 1988 865 Ex
2015 825 2126 880 quo
2177 819 2360 865 autem
2414 812 2648 881 superba
2688 812 2849 876 ratio,
2904 828 3195 882 rerumque
3226 824 3423 870 natura

1839 902 2189 971 superiormn
2226 903 2534 957 inconsulta
2569 905 2876 973 cupiditas;
2900 921 2964 960 ac
3000 909 3273 975 serpentis
3298 910 3422 979 qui-

1838 994 1963 1048 dem
2001 994 2326 1048 insidiosum
2355 996 2671 1061 consilium,
2699 998 2983 1065 sanctique
3006 998 3245 1052 mandati
3270 1016 3422 1068 spre—

1839 1085 1937 1147 tio,
1988 1093 2043 1139 et
2096 1085 2471 1140 inobedientia
2526 1096 2737 1141 natura:
2799 1088 3133 1158 ingruentia,
3190 1090 3420 1145 divisam

1836 1177 1982 1232 illam
2004 1180 2245 1245 procula
2268 1180 2379 1233 Deo
2404 1179 2760 1249 depulerunt,
2790 1190 2954 1250 atque
2994 1182 3182 1235 invido
3202 1183 3421 1254 adjungi

1835 1271 2211 1341 praestiterunt
2238 1289 2252 1336 ;
2281 1272 2407 1326 inde
2438 1274 2550 1340 jam
2583 1273 2800 1342 cognati
2830 1287 2893 1325 ac
2926 1272 3172 1339 tribules,
3205 1276 3259 1329 in
3288 1276 3423 1330 alie-

1834 1378 1934 1417 nas
1966 1363 2123 1417 scissi
2177 1364 2487 1418 voluntates
2518 1372 2647 1417 sunt
2679 1379 2744 1417 ae
2776 1363 2901 1417 vita:
2951 1364 3151 1419 studia.
3185 1366 3313 1421 Inde
3346 1368 3425 1422 fa~

1833 1463 1980 1508 ctum
2008 1464 2067 1509 ut
2113 1456 2204 1510 alii
2249 1457 2625 1520 dominentur,
2692 1457 2784 1511 alii
2844 1456 3091 1511 dominio
3125 1459 3424 1529 subjician-

1835 1552 1954 1605 tur:
2006 1545 2096 1598 alii
2166 1546 2457 1617 tyrannide
2518 1554 2732 1615 regant,
2783 1547 2874 1601 alii
2918 1558 3219 1617 regantur:
3258 1558 3422 1619 atque

1832 1637 1921 1690 alii
1980 1636 2203 1707 quidem
2256 1638 2461 1692 tributa
2514 1639 2754 1709 exigant,
2812 1639 2881 1693 ab
2916 1640 3035 1693 aliis
3100 1649 3281 1694 autem
3307 1644 3426 1695 ex?-

1830 1740 2059 1799 gzmtur:
2112 1731 2203 1785 alii
2281 1731 2507 1786 audacia
2561 1732 2866 1786 ell‘erantnr
2914 1738 2969 1785 et
3016 1731 3284 1787 adversus
3329 1748 3425 1787 eos

1831 1822 1921 1891 qui
1983 1823 2097 1893 pari
2150 1824 2362 1878 honore
2404 1834 2534 1879 sunt
2588 1826 2746 1894 quasi
2800 1823 3067 1879 adversus
3116 1840 3308 1878 servos
3340 1826 3425 1879 in-

1836 1923 2085 1983 surgant;
2118 1915 2211 1969 alii
2238 1914 2543 1985 tyrannidis
2577 1925 2726 1968 metu
2767 1921 3021 1983 paveant,
3061 1928 3125 1969 ac
3163 1922 3421 1983 tanquam

1836 2007 2245 2076 indeprecabile
2276 2048 2289 2071 ,
2327 2007 2595 2060 tributum
2652 2020 2895 2059 annuum
2918 2007 3135 2060 solvant
3164 2008 3423 2078 velutque

1836 2099 2109 2163 debitum,
2146 2100 2467 2155 servitutem
2501 2099 2761 2169 pendant.

1910 2190 2082 2261 Hujus
2110 2205 2327 2259 semper
2352 2191 2507 2245 malae
2534 2191 2813 2246 auctionis
2850 2207 3162 2262 censusque
3192 2201 3425 2262 quaesto-

1839 2298 1948 2344 res,
1979 2282 2072 2353 qui
2098 2282 2383 2336 calentiori
2420 2297 2485 2336 ac
2509 2281 2709 2336 acriori
2738 2282 2959 2351 ingenio
2987 2293 3113 2336 sunt
3140 2300 3155 2347 ;
3190 2283 3297 2337 hoc
3316 2290 3422 2343 est,

1837 2373 2215 2428 callentissimi
2254 2373 2593 2427 tributorum
2634 2373 3077 2436 ratiocinatores,
3110 2373 3277 2443 inque
3308 2389 3422 2429 rem

1838 2466 2076 2520 maxime
2108 2464 2317 2519 idonei.
2344 2463 2409 2518 Hi
2442 2479 2574 2519 vero
2597 2464 2842 2519 omnium
2872 2464 3336 2527 inclementiores,
3368 2474 3428 2522 et

1838 2558 1933 2627 qui
1964 2557 2113 2611 nulla
2144 2556 2497 2612 miseratione
2520 2565 2882 2622 moveantur;
2912 2557 3116 2625 ubique
3143 2557 3425 2628 procacio-

1840 2665 1929 2704 res
1961 2649 2266 2719 majorique
2286 2648 2661 2719 improbitate,
2690 2658 2748 2704 ut
2779 2650 2916 2703 nihil
2939 2648 3238 2719 quidquam
3273 2648 3429 2703 debi-

1844 2748 1993 2795 tores
2024 2741 2226 2796 ltabere
2248 2741 2450 2796 sinant.
2480 2741 2661 2811 Hujus
2692 2741 2979 2795 Matthmus
3010 2741 3164 2811 prius
3200 2755 3426 2809 compos

1842 2831 2146 2903 disciplinae
2175 2839 2317 2885 erat.
2343 2832 2519 2900 Hujus
2543 2831 2812 2895 instituti,
2844 2842 3102 2900 tanquam
3124 2830 3315 2885 solerti
3342 2830 3428 2883 vir

1844 2922 2065 2993 ingenio
2088 2920 2401 2990 mentisque
2434 2920 2675 2990 agilitate
2703 2921 3052 2990 praepollens,
3080 2921 3224 2975 inter
3246 2918 3428 2990 publi—

1843 3026 2014 3066 canos
2046 3011 2353 3081 principem
2386 3010 2566 3064 loeum
2607 3010 2911 3064 obtinebat.

1912 3103 2068 3170 Quod
2114 3104 2282 3174 igitur
2327 3118 2424 3172 per
2463 3119 2589 3159 eum
2636 3102 2912 3158 transiens
2952 3102 3239 3164 Dominus,
3278 3101 3427 3155 illius

1845 3196 2013 3249 animi
2058 3195 2169 3249 imo
2214 3196 2465 3265 inspecto
2510 3195 2663 3259 sinu,
2694 3195 2959 3249 latentem
3004 3193 3059 3247 in
3098 3208 3164 3248 eo
3204 3194 3426 3248 virtutis

1849 3288 2169 3342 thesaurum
2221 3286 2694 3355 deprehenderat,
2741 3286 2847 3340 etsi
2901 3294 3015 3339 tum
3066 3285 3313 3340 exterius
3359 3301 3428 3340 ex

1845 3378 2151 3444 accidenti,
2180 3379 2363 3433 sreculi
2399 3379 2639 3448 pravitas
2670 3394 2735 3432 ac
2764 3378 3009 3447 nequitia
3040 3377 3379 3431 obtundebat
3410 3395 3423 3429 :

1846 3477 2012 3540 atque
2059 3471 2292 3525 alterum
2340 3469 2593 3539 quidem,
2635 3469 2841 3523 bonum
2890 3484 3010 3523 esse
3061 3478 3427 3539 spontaneum

1846 3568 2010 3628 atque
2036 3559 2316 3625 innatum;
2352 3560 2583 3613 alterum
2612 3573 2766 3621 vero,
2801 3556 3035 3611 fortuna:
3065 3557 3251 3627 potius
3279 3557 3427 3628 inju-

1845 3651 2002 3714 riam,
2028 3665 2192 3720 quam
2218 3658 2539 3719 spontaneae
2564 3648 2765 3703 mentis
2790 3648 3119 3703 sententiam
3148 3647 3429 3702 intellexe-

1844 3751 1951 3805 rat,
1976 3758 2103 3797 eum
2129 3750 2289 3797 vocat
2319 3757 2383 3797 ac
2408 3743 2567 3812 jubet
2597 3743 2752 3811 sequi
2784 3759 2797 3795 :
2831 3744 2924 3811 qui
2953 3755 3207 3812 surgens,
3239 3740 3425 3795 statim

1844 3844 2069 3888 secutus
2105 3842 2208 3888 est.
2242 3834 2360 3889 Non
2406 3834 2586 3903 longis
2626 3833 2858 3887 Domino
2900 3848 3041 3902 opus
3079 3832 3428 3887 sermonibus

1846 3927 1969 3990 fuit,
1996 3942 2104 3979 non
2137 3928 2406 3995 temporis
2436 3941 2609 3990 mora,
2633 3941 2742 3978 non
2771 3925 2962 3995 majori
2995 3925 3423 3987 consuetudine;

1844 4027 1898 4072 at
1926 4034 2104 4087 neque
2134 4018 2328 4072 crebra
2358 4017 2672 4071 divinorum
2706 4017 2978 4080 doctrina,
3004 4031 3113 4070 non
3146 4015 3423 4085 probabili

1843 4109 2077 4165 consilio
2103 4116 2160 4163 et
2186 4109 2462 4172 suasione,
2491 4125 2598 4163 non
2628 4108 3025 4162 miraculorum
3057 4107 3423 4167 exhibitione.

1845 4210 1906 4255 nt
1933 4202 2234 4271 principem
2273 4201 2695 4270 publicanorum
2724 4216 2753 4255 a
2785 4214 2884 4254 suo
2916 4200 3008 4253 illo
3039 4199 3223 4254 studio
3268 4199 3428 4253 insti-

1846 4302 2073 4364 tutoque
2100 4294 2409 4364 abriperet;
2439 4294 2536 4349 sed
2569 4295 2867 4359 transiens,
2901 4309 3120 4363 unaque
3162 4293 3426 4347 duntaxat

1844 4386 2242 4439 eommonitnm
2282 4400 2418 4439 voce
2467 4401 2593 4439 eum
2648 4387 2813 4439 traxit
2852 4400 2867 4438 :
2912 4383 3143 4455 Sequere
3184 4401 3285 4437 me.
3331 4385 3425 4440 ille

1846 4493 2039 4547 porro,
2074 4494 2183 4532 non
2214 4478 2462 4548 pecuniis
2494 4477 2730 4531 attendit
2760 4478 3038 4539 animum;
3068 4492 3177 4530 non
3210 4492 3332 4546 qua:
3357 4492 3426 4530 ex

149 4570 596 4641 συγκαθημένων
647 4568 799 4639 αύτῷ
834 4569 1184 4640 διατραπεὶς,
1237 4572 1338 4643 τὴν
1386 4571 1580 4640 κλῆσιν
1628 4573 1739 4625 ἀπ-

1846 4570 1999 4623 lncro
2037 4578 2140 4633 est,
2178 4569 2514 4638 voluptatem
2555 4568 2816 4638 cogitavit
2857 4586 2870 4620 :
2916 4583 3024 4620 non
3063 4582 3254 4621 eorum
3300 4566 3419 4635 opi-

147 4661 410 4716 εσείσατο’
452 4660 610 4730 ὁμοῦ
644 4661 703 4713 δέ
730 4665 796 4732 τῇ
851 4664 1000 4732 φωνῇ
1034 4662 1129 4715 τοῦ
1171 4663 1559 4732 πεφωνηκότος
1583 4680 1739 4730 γεγο-

147 4753 235 4817 νὼς
263 4756 408 4819 ὅλος,
448 4756 560 4808 καὶ
615 4753 805 4823 ὥσπερ
849 4754 1136 4825 ἀστραπῆς
1183 4755 1356 4825 ἀθρόᾳ
1394 4754 1738 4825 λαμπρότητι

145 4844 227 4915 τὴν
276 4847 523 4919 καρδίαν
581 4845 1028 4915 καταλαμφθείςθ
1064 4847 1158 4899 καὶ
1192 4844 1301 4898 τῶν
1346 4846 1403 4897 ἐν
1448 4846 1604 4915 χερσὶ
1640 4845 1741 4914 μὲν

146 4941 429 5007 χρημάτων
462 4938 575 4992 καὶ
607 4939 952 5008 πραγμάτων
990 4937 1152 5001 εὐθὺς
1185 4937 1583 5007 ἀλλοτριωθεις,
1639 4938 1741 5006 τῆς

147 5028 274 5094 θείας
305 5031 363 5087 δὲ
418 5033 693 5101 κλήσεως
726 5030 793 5100 (ὣ
819 5031 918 5102 τῆς
951 5032 1183 5095 πίστεως
1203 5032 1243 5099 l)
1271 5030 1544 5102 ἡττηθεὶς,
1570 5047 1740 5083 κατα-

144 5122 297 5178 λείπει
334 5127 440 5197 μὲν
461 5127 614 5188 τοὺς
644 5126 1093 5195 συμπράκτορας,
1124 5125 1441 5179 καταλείπει
1473 5125 1528 5179 δὲ
1557 5125 1617 5177 τὸ
1655 5142 1742 5177 τε·

145 5216 333 5284 λώνιον,
366 5221 469 5274 καὶ
503 5218 707 5272 πᾶσαν
739 5215 836 5286 τὴν
887 5218 945 5269 ἐν
974 5216 1124 5287 αύτῷ
1154 5216 1535 5287 πραττομένην
1567 5217 1741 5287 ἀπορο

146 5310 369 5374 psmn;
396 5309 755 5385 (ρορολογίαν
774 5325 789 5338 ·
827 5309 1029 5380 χρυσοῦ
1060 5310 1118 5363 δὲ
1142 5310 1343 5373 παντὸς
1376 5314 1467 5363 καὶ
1495 5310 1739 5380 ἀργύρου

144 5399 218 5450 τόν
265 5403 587 5472 πολύτιμον
662 5400 982 5453 ἀντωνεῖται
1034 5400 1382 5471 μαργαρίτην
1414 5416 1429 5433 ο
1477 5401 1572 5452 καὶ
1632 5400 1741 5452 τῶν

149 5491 328 5558 γηΐνων
346 5494 455 5562 τὴν
484 5490 769 5563 ἁρπαγὴν
792 5492 970 5560 ἀφεὶς,
988 5492 1085 5562 τὴν
1108 5493 1360 5561 οὐράνιον
1388 5492 1571 5562 τρέχει
1592 5492 1675 5544 δια
1687 5510 1742 5562 ρ-

147 5581 311 5634 tim
340 5582 658 5654 βασιλείαν
680 5597 695 5611 ·
736 5581 939 5650 μᾶλλον
973 5581 1052 5645 δὲ,
1079 5582 1282 5653 χρυσοῦ
1319 5582 1418 5653 μὲν
1448 5584 1542 5636 καὶ
1566 5582 1742 5653 ἀργύ-

150 5686 225 5738 ρου
254 5676 458 5744 παντὸς
486 5672 960 5745 τιμλφεπέραν
988 5673 1128 5744 ἔχων
1167 5674 1366 5746 ψυχὴν,
1397 5670 1483 5729 οἷα
1511 5675 1567 5728 δέ
1594 5676 1742 5729 λίθον

148 5763 301 5831 τίμιον
324 5770 421 5823 καὶ
450 5766 807 5835 ἀξιέραστον
855 5764 975 5836 Θεῷ
1003 5766 1279 5836 προΐσχων
1311 5767 1404 5819 τὸν
1427 5765 1573 5831 νοῦν,
1626 5766 1742 5820 ἁλί-

153 5869 310 5913 Δεπιεται
338 5860 524 5932 τούτῳ
558 5858 673 5914 καὶ
722 5857 967 5911 ποθεῖται
1014 5859 1107 5911 καὶ
1158 5858 1401 5929 ζητεῖται
1433 5875 1445 5888 ·
1483 5860 1577 5913 καὶ
1606 5859 1740 5929 πρὸς

1844 4664 1994 4717 nioni
2035 4663 2128 4732 qui
2171 4664 2290 4732 pari
2332 4663 2583 4718 instituto
2627 4661 2694 4715 ad
2736 4661 2938 4716 telonei
2980 4660 3130 4713 lucra
3171 4659 3423 4713 conside-

1843 4754 2231 4825 bant,'pudore
2254 4769 2542 4824 repressus
2558 4753 2902 4809 vocationem
2921 4752 3159 4821 respuit;
3186 4752 3278 4806 sed
3300 4766 3423 4804 mox

1844 4857 1976 4897 voce
2004 4843 2215 4900 audita.
2246 4852 2396 4898 totus
2418 4844 2634 4898 vocanti
2666 4843 2919 4906 devotus,
2938 4843 3196 4911 velutque
3228 4857 3423 4911 repen-

1844 4936 1956 4990 tina
1987 4934 2221 5006 fulguris
2251 4936 2636 4990 coruscatione
2674 4934 2860 4988 animo
2902 4935 3223 4989 illustratus.
3255 4944 3419 5004 atque

1842 5043 1872 5082 a
1901 5029 2156 5097 pecuniis
2203 5030 2479 5098 rebusque
2509 5044 2645 5097 quas
2674 5028 2930 5082 manibus
2954 5028 3209 5082 versabat
3240 5030 3422 5081 alieno

1842 5120 2026 5175 statim
2056 5120 2234 5174 factus
2264 5120 2483 5184 animo,
2512 5135 2576 5173 ac
2604 5120 2909 5174 vocationis
2934 5124 2988 5189 (ο
3020 5119 3233 5187 ﬁdem!)
3266 5120 3316 5172 in
3354 5134 3421 5172 eo

1843 5210 2096 5274 victoria,
2127 5199 2307 5263 socios
2339 5208 2562 5278 quidem
2595 5218 2897 5278 quaestores
2932 5208 3217 5277 relinquit,
3256 5209 3421 5261 relin-

1842 5303 1963 5373 quit
1979 5318 2110 5357 vero
2133 5302 2461 5373 portorium,
2480 5302 2818 5370 collectaqne
2843 5302 2895 5354 in
2917 5316 2983 5355 eo
3010 5300 3213 5355 tributa
3237 5300 3419 5353 omnia

1845 5396 2064 5467 projicit
2105 5412 2119 5447 :
2163 5409 2411 5463 auroque
2452 5394 2601 5447 omni
2644 5402 2809 5462 atque
2854 5401 3080 5461 argento
3119 5392 3419 5461 pretiosum

1843 5487 2199 5558 margaritum
2264 5496 2566 5540 commutat
2636 5504 2649 5539 :
2718 5484 2995 5554 missaque
3073 5492 3419 5538 terrenorum

1844 5580 2033 5650 rapina
2063 5580 2329 5633 caelorum
2361 5594 2587 5649 regnum
2632 5587 2846 5647 raptum
2893 5577 3089 5633 currit.
3137 5576 3418 5643 Qniniuto,

1843 5691 1965 5730 cum
2005 5675 2187 5729 anima
2226 5690 2367 5729 auro
2408 5674 2556 5728 omni
2584 5682 2640 5728 et
2668 5680 2896 5743 argento
2924 5671 3253 5742 pretiosiore
3284 5683 3422 5739 prm-

1843 5768 1991 5822 ditus
2018 5777 2185 5824 esset.
2210 5766 2339 5820 dum
2369 5766 2519 5819 velut
2549 5763 2784 5834 lapidem
2821 5763 3123 5833 pretiosum
3148 5758 3421 5827 digneque

1843 5859 2155 5925 amabilem,
2182 5860 2295 5916 Deo
2323 5857 2573 5913 obtendit
2599 5858 2863 5923 animum,
2889 5857 3008 5928 ejus
3033 5855 3121 5910 ille
3147 5850 3419 5907 illecebris
