4180 6434
679 426 780 488 227

1853 403 2149 465 NICETIE
2186 401 2717 462 PAPIILAGONIS

3852 380 3965 443 228

682 535 924 604 capitur,
965 538 1019 583 et
1063 525 1237 581 amori
1284 523 1523 578 habetur
1561 528 1727 588 atque
1765 515 2060 587 quaeritur;
2105 520 2163 566 et
2201 511 2266 564 ad
2300 559 2307 576 Α

2408 512 2441 565 ἀ
2490 510 2745 579 ἄφθαρτα
2798 504 3045 577 βασίλεια
3094 504 3187 557 καί⁹
3221 499 3619 573 μακαριώτατα
3647 494 3865 566 κληθείς
3900 510 3965 547 τε

683 629 1059 693 incorruptam
1095 618 1586 684 beatissimamque
1610 621 1839 668 vocatus
1866 620 2031 680 atque
2059 608 2270 663 electus

681 720 893 777 aulam,
916 714 981 767 ad
1014 722 1324 766 extremum
1356 713 1676 774 assumptus
1703 714 1809 758 est.

756 811 892 865 Eum
936 806 991 858 in
1037 804 1263 858 modum
1305 798 1537 854 mutatis
1578 796 1910 851 mirabiliter
1938 792 2070 848 Levi
2102 789 2273 845 mori-

686 906 819 964 bus,
853 902 905 953 in
955 898 1265 951 Mattltzeum
1307 892 1476 947 etiam
1518 906 1721 944 nomen
1766 884 2129 941 commutavit
2163 900 2175 937 :
2210 898 2274 937 ac

685 996 830 1049 sicut
883 1001 1043 1044 antea
1103 984 1379 1056 publicani
1434 992 1590 1045 arte,
1646 977 1891 1050 portoria
1945 992 1976 1031 c
2034 974 2275 1031 subditis

690 1085 943 1155 legendo,
972 1082 1046 1133 illi
1076 1078 1169 1148 qui
1197 1078 1346 1147 genti
1380 1076 1709 1146 imperabat,
1733 1086 1929 1126 aurum
1961 1070 2274 1139 quaesierat,

688 1176 768 1228 sic
811 1183 866 1226 et
911 1182 1096 1239 postea
1137 1169 1328 1222 eadem
1374 1168 1651 1221 Christum
1696 1165 1799 1219 sibi
1842 1163 2151 1225 addixerat,
2182 1160 2276 1230 qui

693 1264 1012 1318 invitantem
1072 1261 1138 1314 ad
1190 1260 1439 1330 spiritale
1496 1275 1556 1311 ac
1611 1256 1905 1326 mysticum
1960 1267 2279 1307 sermonum

695 1356 1006 1409 convivium
1040 1361 1389 1421 sequeretur,
1424 1363 1726 1417 rursusque
1767 1346 1993 1399 domum
2038 1338 2155 1413 ipse
2198 1343 2281 1396 in-

692 1448 909 1507 vitaret,
943 1445 1340 1513 magniﬁceque
1371 1441 1671 1509 acciperet,
1699 1446 1866 1507 atque
1907 1436 2115 1505 duplici
2156 1436 2283 1489 cibo

694 1544 1005 1597 recrearet;
1057 1542 1116 1584 ut
1156 1532 1381 1600 quidem
1422 1530 1726 1594 hominem,
1761 1529 1872 1581 illis
1901 1526 2135 1597 dapibus
2164 1540 2284 1593 qua:

693 1645 758 1682 ex
786 1625 1038 1694 corporis
1066 1640 1165 1677 usu
1195 1623 1407 1683 forent;
1442 1632 1502 1674 ιιι
1527 1631 1710 1673 autem
1737 1620 1932 1683 Deum,
1961 1618 2286 1687 poenitentia

695 1720 992 1791 placando,
1030 1717 1303 1785 ﬁdemque
1346 1712 1614 1768 cltaritate
1660 1710 1894 1769 afﬂatam
1942 1709 2287 1779 (pulcherri-

697 1829 845 1867 nmm
881 1813 1092 1865 scilicet
1120 1823 1336 1870 eorum,
1366 1822 1489 1875 qua:
1529 1821 1558 1858 a
1604 1802 1765 1857 nobis
1803 1802 1894 1855 ille
1933 1799 2123 1869 exigit)
2154 1800 2290 1852 oll'e-

703 1904 895 1957 rcndo.
942 1899 1313 1967 Quamobrem
1362 1898 1527 1952 etiam
1581 1894 1826 1965 proclive
1875 1891 2080 1947 telonei
2129 1888 2285 1960 quasi
2316 1870 2361 1928 Β

693 1997 814 2067 jure
840 2010 869 2047 a
896 2011 952 2047 se
983 1993 1124 2061 exigi
1158 1992 1319 2054 sinit,
1350 1990 1443 2059 qui
1478 2004 1535 2042 se
1564 1986 1940 2042 esurientibus
1966 1982 2290 2053 magnificus

698 2087 923 2155 largitor
954 2086 1251 2154 praeberet;
1288 2084 1539 2136 esuriens
1573 2080 1686 2149 ipse
1724 2077 1960 2141 esuriri,
1986 2085 2042 2131 et
2069 2091 2166 2131 eos
2194 2072 2289 2145 qui

698 2182 949 2247 accipere
979 2178 1215 2246 dapibus
1242 2176 1585 2237 viderentur,
1614 2187 1861 2241 pascens.

769 2269 906 2325 Cum
960 2270 1124 2338 igitur
1168 2268 1253 2321 vir
1301 2268 1498 2320 beatus
1539 2279 1597 2318 se
1652 2271 1828 2316 totum
1874 2258 2155 2330 publicani
2199 2257 2292 2312 illa

700 2361 984 2415 functione
1038 2360 1261 2427 vitaque
1312 2356 1661 2426 expedisket,
1709 2353 1775 2407 ad
1827 2352 2111 2407 Christum
2166 2359 2293 2419 apte

700 2451 1121 2523 suscipiendum
1167 2458 1523 2519 comparatus
1556 2454 1669 2511 est;
1705 2461 1901 2515 nempe
1937 2444 2152 2515 abjccto
2190 2457 2293 2496 sa:-

701 2546 814 2600 culi
862 2546 1083 2615 spiritu,
1118 2543 1326 2611 Deique
1369 2541 1577 2611 Spiritu
1624 2549 1930 2607 assumpto.
1966 2536 2096 2591 Inde
2144 2533 2293 2589 omni

705 2639 910 2693 mundo
944 2635 1307 2705 crucifigitur,
1334 2650 1397 2688 ac
1428 2634 1646 2687 cunctis
1676 2632 1867 2686 mundi
1899 2627 2296 2699 cupiditatibus

705 2740 1003 2784 evacuatur
1036 2729 1241 2798 pariter
1270 2734 1327 2780 et
1354 2726 1723 2789 emundatur;
1761 2734 1929 2793 atque
1965 2738 1995 2775 a
2028 2719 2294 2775 vanitatis

708 2820 1020 2874 rationibus
1054 2819 1207 2871 velut
1241 2816 1471 2871 faecibus
1505 2831 1738 2885 prorsus
1771 2813 2138 2882 dcpurgatus,
2168 2808 2299 2864 soli-

712 2929 818 2983 que
844 2912 971 2967 Jesu
1002 2910 1195 2964 vivens
1222 2919 1386 2979 atque
1416 2907 1565 2962 illius
1591 2907 1821 2977 vestigia
1847 2920 2126 2975 premens,
2152 2901 2301 2956 indo-

711 3007 779 3060 lis
813 3020 1031 3058 omncm
1063 3002 1340 3057 solertiam
1373 3017 1708 3070 omnemque
1739 2999 1907 3054 animi
1944 2995 2297 3067 sagacitatem

711 3112 775 3150 ac
821 3094 1330 3154 mentis-acumen,
1365 3090 1513 3143 illius
1560 3088 1891 3143 contuendie
1930 3086 2152 3141 veritati
2200 3085 2301 3140 ad-

2373 604 2469 657 καὶ
2498 602 2763 668 ἐκλεγεὶς,
2791 598 2884 651 ἐπὶ
2902 596 3091 658 τέλους
3120 592 3422 663 ἀνελήφθη.

2442 781 2629 842 Οῦτως
2651 777 2812 841 Λευῖς
2837 775 3158 850 θαυμασίως
3185 774 3277 826 τὸν
3303 771 3506 843 τρόπον
3544 766 3955 840 μεταποιηθεὶς,

2373 874 2454 933 είς
2481 870 2760 926 Ματθαῖον
2826 867 2921 920 καὶ
2958 865 3057 935 τὴν
3126 861 3502 935 προσηγορίαν
3557 855 3967 928 μετηλλάξατο·

2378 966 2475 1018 καὶ
2521 964 2711 1032 ὥσπερ
2765 959 3069 1026 ἐτελώνησε
3132 955 3395 1024 πρότερον
3455 951 3546 1004 τὸν
3603 947 3845 1020 χρυσὸν,
3889 944 3974 1015 τῷ

2380 1056 2590 1127 βασιλεῖ
2614 1054 2709 1107 τοῦ
2732 1052 2920 1113 ἔθνους
2943 1051 3002 1102 τὸ
3028 1048 3266 1118 ὑπήκοον
3290 1042 3776 1114 φορολογούμενος,
3800 1038 3974 1099 οὕτως

2377 1147 2712 1217 ὲτελώνησεν
2741 1144 2967 1212 ὕστερον
2987 1142 3078 1194 τὸν
3112 1139 3367 1210 Χριστόν
3402 1136 3669 1203 ἑπόμενος
3711 1132 3811 1202 μὲν
3833 1129 3974 1201 πρὸς

2378 1239 2478 1310 τὴν
2497 1236 2875 1308 πνευματικὴν
2894 1234 3221 1288 πανδαισίαν
3246 1230 3355 1283 τῶν
3387 1228 3562 1295 λόγων
3593 1224 3849 1277 καλοῦντι
3876 1219 3979 1273 καὶ

2383 1333 2653 1403 μυστικήν
2674 1348 2687 1360 ·
2719 1330 2901 1383 καλῶν
2930 1326 2986 1380 δέ
3021 1325 3117 1378 καὶ
3171 1322 3335 1382 αὐτὸς
3389 1320 3545 1382 αὖθις
3568 1317 3730 1380 αὑτὸν
3770 1317 3850 1377 εἰς
3871 1313 3978 1382 τὴν

2381 1423 2579 1485 οἰκίαν,
2632 1423 2727 1475 καὶ
2782 1418 3154 1490 φιλοφροσύνῃ
3218 1413 3587 1483 δεξιούμενος,
3630 1407 3892 1477 ἐδέσμασι
3912 1421 3979 1456 τε

2388 1512 2710 1585 θεραπεύων
2766 1514 2963 1571 διττοίς
2995 1527 3010 1542 ⁶
3060 1510 3135 1573 ὼς
3184 1507 3476 1576 ἄνθρωπον
3529 1503 3661 1573 μὲν,
3705 1503 3821 1563 τοῖς
3878 1497 3979 1550 τοῦ

2388 1608 2641 1675 σώματος
2675 1604 3031 1674 ἐπιτηδείοις·
3066 1603 3143 1662 ὡς
3158 1600 3291 1653 Θεὸν
3321 1598 3398 1660 δὲ,
3438 1595 3751 1663 ἱλεούμενος
3776 1595 3841 1664 τῇ
3877 1608 3982 1661 με-

2387 1700 2596 1769 τανοίᾳ,
2628 1699 2724 1751 καὶ
2758 1697 2941 1749 πίστιν
2968 1694 3263 1765 προσάγων
3294 1688 3695 1761 ἐνεργουμένην
3740 1686 3811 1740 δι’
3842 1685 3986 1752 ἀγά-

2390 1810 2522 1859 πης,
2554 1791 2617 1844 τὸ
2647 1788 2953 1853 κάλλιστον,
2971 1780 3047 1841 ὧν
3082 1787 3288 1847 ἐκεῖνος
3335 1784 3477 1838 αἰτεῖ
3500 1782 3631 1849 παρ’
3660 1778 3837 1849 ἡμῶν.
3888 1776 3986 1828 Διὸ

2392 1887 2487 1939 καὶ
2512 1885 2823 1938 τελωνεῖται
2872 1880 3207 1951 προθύμως,
3266 1878 3457 1931 ἐαυτὸν
3510 1876 3623 1938 τοῖς
3669 1871 3925 1928 πεινῶσιν
3952 1870 3988 1923 6

2395 1979 2777 2050 μεγαλόδωρος
2833 1975 3028 2037 διδούςο
3080 1951 3281 2025 πεινῶν
3301 1973 3363 2024 τὸ
3387 1966 3703 2030 πεινᾶσθαι,
3731 1965 3826 2018 καὶ
3860 1962 3991 2036 τρέ-

2392 2088 2509 2142 φων
2530 2071 2659 2133 τοὺς
2687 2069 2876 2138 ὲστιᾷν
2905 2065 3247 2137 νομίζοντας.

2467 2257 2628 2311 Ὃλον
2644 2250 2737 2310 οῦν
2754 2254 2947 2308 ἑαυτὸν
2964 2255 2993 2305 6
3008 2252 3279 2323 μακάριος
3296 2248 3399 2320 τῆς
3414 2244 3717 2315 τελωνικῆς
3735 2241 3996 2311 πράξεως

2394 2349 2772 2419 ἀνακαθάρας,
2801 2349 2937 2415 πρὸς
2982 2342 3254 2414 ὑποδοχὴν
3290 2341 3511 2395 εὔθετον
3541 2335 3989 2391 κατεσκευάτανο

2393 2444 2489 2499 τοῦ
2518 2441 2754 2513 Χριστοῦ
2788 2457 2801 2469 ·
2835 2438 3247 2507 ἀποϐαλόμενος
3279 2434 3380 2504 μὲν
3406 2433 3468 2486 τδ
3499 2431 3716 2500 πνεῦμα
3753 2428 3849 2482 τοῦ
3897 2427 3997 2480 κό-

2398 2553 2560 2605 σμου,
2584 2531 3027 2602 προσλαϐόμενος
3052 2528 3110 2581 δέ
3136 2526 3198 2579 τὸ
3222 2525 3315 2578 τοῦ
3346 2522 3506 2576 Θεοῦ.
3522 2520 3805 2574 Ἐντεῦθεν
3828 2535 3993 2571 σταυ-

2400 2629 2588 2701 ροῦται
2608 2627 2706 2697 μὲν
2723 2624 2914 2694 κόσμῳ
2934 2622 3118 2685 παντὶ,
3138 2619 3234 2673 καὶ
3276 2618 3484 2678 πάσαις
3519 2617 3639 2678 ταῖς
3686 2612 3991 2682 κοσμικαῖς

2398 2719 2744 2790 ἐπιθυμίαις,
2777 2718 2870 2769 καὶ
2887 2711 3246 2768 ἀ·δακενοῦται
3265 2712 3359 2763 καὶ
3386 2708 3730 2778 καθαίρεταιο
3755 2707 3850 2760 καὶ
3884 2705 4003 2757 τῶν

2399 2808 2498 2877 τῆς
2519 2805 2880 2877 ματαιότητος
2902 2802 3251 2856 παντάπασιν
3270 2798 3678 2863 ἀποδιυλίζεται
3694 2795 4000 2866 λογισμῶνο

2398 2899 2553 2969 μόνῳ
2597 2899 2655 2951 δὲ
2686 2897 2765 2966 τῷ
2804 2893 2982 2964 Ἰησοῦ
3035 2894 3167 2957 ζῶν,
3203 2892 3298 2945 καὶ
3326 2891 3501 2962 τούτῳ
3536 2890 3656 2945 κατ’
3690 2891 3835 2960 ἴχνος
3864 2890 4005 2943 ἀκο-

2401 2987 2628 3048 λουθῶν,
2658 2985 2787 3055 ὅλην
2821 2984 2921 3055 μὲν
2946 2984 3046 3051 τὴν
3079 2983 3141 3034 ἐκ
3196 2980 3414 3049 φύσεως
3470 2981 3752 3049 ἀγχίνοιαν
3780 2980 3871 3031 καὶ
3898 2978 4005 3041 τῆς

2402 3080 2639 3141 διανοίας
2673 3080 2772 3147 τὴν
2817 3075 3131 3145 ἐντρέχειαν
3159 3073 3257 3127 καὶ
3302 3072 3400 3141 τὴν
3434 3071 3710 3137 ὀξυωπίαν
3751 3068 3845 3122 τοῦ
3881 3067 4005 3134 νοῦ,

713 3189 851 3242 dixit
881 3205 893 3239 :
921 3184 1245 3252 cunctisque
1275 3183 1450 3252 ipsius
1480 3182 1654 3235 sacris
1682 3192 1846 3250 atque
1879 3180 2129 3249 mysticis
2159 3177 2302 3231 divi-

2408 3176 2543 3245 πρὸς
2599 3175 2791 3243 ὅρασιν
2838 3170 2934 3240 τῆς
2990 3169 3109 3221 κατ’
3145 3167 3309 3221 αύτὶν
3362 3165 3621 3234 ἀληθείας
3666 3163 4005 3235 ἀπησχόλει·

716 3282 801 3335 nis
837 3277 1323 3350 prredicationibus
1359 3276 1761 3345 intelligenlem
1796 3274 2048 3327 auditmn
2085 3288 2147 3326 ac
2182 3287 2303 3325 mo-

719 3375 957 3443 rigerum
1001 3371 1302 3433 adhibens;
1352 3367 2061 3434 admirandisquevcunctis
2102 3351 2337 3419 (ἐίιι-ἰειῖ

717 3465 980 3533 operibus
1010 3462 1330 3530 ,simplicem
1376 3460 1595 3513 oculum
1634 3467 1799 3527 atque
1832 3456 2079 3511 lucidum
2116 3456 2308 3509 admo-

720 3571 887 3617 vens;
939 3570 1002 3607 ac
1046 3564 1309 3623 praeterea
1357 3551 1679 3605 salutarium
1732 3550 2089 3620 passionum,
2128 3546 2312 3600 crucis

722 3646 937 3708 mortis,
962 3645 1281 3714 sepultura},
1310 3642 1758 3705 resurrectionis,
1791 3637 2314 3719 omniumquereli-

721 3754 957 3808 quorum
1002 3738 1119 3807 ipse
1162 3745 1443 3805 spectator
1480 3736 1773 3804 sociusque
1815 3734 2075 3796 eeretus,
2110 3732 2314 3786 miran-

722 3834 853 3885 dnnt
899 3833 955 3885 in
1002 3831 1225 3884 modum
1276 3830 1391 3897 ipse
1438 3829 1620 3897 seipso
1661 3829 1716 3895 (ο
1760 3826 1910 3879 omni
1951 3824 2315 3879 admiratione

728 3922 1116 3993 prosequende
1162 3920 1641 3989 inaspectabiliutn
1688 3916 2027 3986 spectator!)
2071 3915 2312 3979 excedis,

726 4024 983 4083 totusque
1036 4014 1131 4067 Dei
1187 4012 1414 4067 excessu
1475 4010 1741 4080 rapientis
1788 4008 2059 4071 elIiceris,
2107 4008 2316 4077 Deique

726 4103 939 4173 Spiritu
998 4118 1269 4163 nascens,
1322 4100 1545 4153 divinus
1604 4099 1767 4168 plane
1825 4097 2054 4166 spiritus
2106 4097 2313 4151 evadis.

726 4194 1094 4260 Quamobrem
1126 4193 1291 4247 etiam
1327 4191 1642 4246 l'araeletus
1672 4205 1701 4244 e
1731 4190 1872 4244 cmlo
1903 4188 2133 4253 effusus,
2160 4189 2318 4258 quasi

729 4302 855 4340 cum
892 4286 1114 4356 propria
1151 4284 1304 4354 prole
1342 4284 1660 4338 consuescit
1695 4300 1708 4335 :
1748 4283 1975 4352 ipsaque
2010 4281 2321 4335 substantia

732 4379 957 4448 illapsus
998 4388 1055 4431 et
1094 4392 1359 4441 versans,
1397 4375 1712 4446 divinisque
1758 4374 2221 4429 illustrationibus
2257 4389 2323 4429 ac

735 4470 1061 4525 muneribus
1090 4471 1328 4539 replens,
1351 4470 1623 4539 sapientia
1647 4470 1914 4538 adimplet
1935 4478 1991 4522 et
2015 4468 2319 4532 intellectu,

2410 3269 2610 3328 πάσαις
2639 3264 2697 3316 δὲ
2748 3266 2867 3325 ταῖς
2919 3264 3090 3332 ἱεραῖς
3125 3261 3290 3315 αὑτοῦ
3319 3259 3625 3326 θεολογίαις
3674 3258 3768 3310 καὶ
3805 3272 4006 3327 μυστι-

2410 3359 2534 3418 καῖς
2584 3354 2806 3406 συνετὸν
2836 3352 3203 3423 παραϐάλλων
3229 3350 3320 3403 καὶ
3361 3350 3588 3419 εὐήκοον
3621 3344 3714 3409 οἷς
3735 3365 3748 3378 υ
3776 3348 4010 3409 καὶτοῖς

2412 3443 2737 3513 θαυμασίοις
2784 3443 2839 3496 δὲ
2886 3442 2996 3495 τῶν
3054 3443 3231 3511 ἔργων
3281 3441 3519 3510 Χριστοῦ
3574 3440 3742 3492 πᾶσιν
3800 3436 4011 3490 ἁπλοῦν

2412 3536 2689 3605 ὀιξθαλμδν
2716 3532 3023 3589 ἐπιϐάλλων
3052 3534 3148 3586 καὶ
3178 3533 3521 3602 φωτολαμπῆ
3544 3548 3557 3560 ·
3595 3532 3690 3584 καὶ
3719 3530 3853 3598 πρὸς
3876 3529 4011 3582 τού·-

2413 3648 2526 3693 τοις
2559 3630 2667 3683 τῶν
2697 3628 2983 3698 σωτηρίων
3026 3626 3240 3689 παθῶν,
3293 3625 3388 3679 τοῦ
3426 3623 3685 3694 σταυροῦ,
3717 3623 3809 3677 τοῦ
3840 3622 4014 3676 θανά-

2414 3737 2531 3786 του,
2558 3719 2657 3786 τῆς
2690 3718 2889 3787 ταφῆς,
2915 3716 3014 3785 τῆς
3044 3716 3396 3775 ἀναστάσεως
3415 3754 3430 3778 ,
3464 3714 3560 3766 καὶ
3587 3712 3700 3765 τῶν
3723 3698 4015 3781 ἑπομένων

2418 3810 2605 3871 αὐτοῖς
2643 3807 2864 3860 πάντων
2896 3806 3173 3875 αὐτόπτης
3207 3806 3305 3859 καὶ
3333 3804 3588 3868 κοινωνὸς
3615 3803 4011 3875 γεγενημένος,

2417 3900 2696 3962 ἐξίστασαι
2727 3898 2829 3969 μὲν
2874 3897 3071 3951 ἑαυτοῦ
3106 3897 3451 3967 θαυμασίως,
3487 3895 3555 3967 (ὣ
3589 3897 4016 3966 θαυμασιώτατε

2417 3991 2527 4043 τῶν
2567 3989 2899 4061 ἀθεωρήτων
2938 3990 3187 4060 θεωρητά
3210 3991 3250 4055 l)
3301 3990 3423 4052 ὅλος
3476 3990 3532 4042 δὲ
3563 3988 3655 4043 τοῦ
3689 3988 4017 4055 ὲξιστῶντος

2419 4080 2546 4152 γίνῃ
2573 4080 2709 4133 Θεοῦ
2728 4097 2742 4111 ⁸
2773 4082 2867 4133 καὶ⁵
2919 4081 3055 4132 Θεοῦ
3087 4080 3365 4149 Πνεύματι
3397 4080 3758 4149 γεννώμενος,
3790 4078 4018 4148 πνεῦμα

2421 4174 2564 4227 θεῖον
2607 4173 2850 4244 ἀτεχνῶς
2884 4172 3043 4244 γίνῃο
3077 4166 3158 4236 οἷς
3197 4172 3262 4235 δὴ
3296 4172 3390 4225 καὶ
3432 4173 3461 4224 6
3490 4171 3842 4241 Παράκλητος
3868 4172 4019 4225 ἀνω-

2422 4269 2513 4323 θεν
2545 4266 2812 4337 ἐκχεθεὶς,
2846 4266 2922 4327 ώς
2956 4266 3145 4334 οἰκείῳ
3184 4266 3489 4335 γεννήματι
3517 4264 3863 4335 προσομιλεῖ·
3916 4266 4021 4317 καὶ

2423 4357 2545 4412 κατ’
2583 4359 2772 4411 οὐσίαν
2820 4356 3236 4427 ἐμφιλοχωρῶν,
3293 4356 3388 4409 καὶ
3432 4348 3544 4409 τῶν
3592 4356 3897 4428 θεαρχικῶν
3923 4357 4024 4410 ἐλ-

2424 4452 2685 4523 λάμψεων
2714 4451 2809 4503 καὶ
2841 4449 3061 4517 δωρεῶν
3094 4449 3408 4520 ἐμπιπλῶν,
3461 4450 3662 4521 πληροῖ
3689 4450 3790 4519 μὲν
3820 4450 4024 4518 σοῖιίας

736 4565 1035 4633 impletque
1088 4563 1417 4617 fortitudine
1469 4571 1526 4616 et
1574 4562 1844 4625 scientia;
1902 4560 2019 4631 pari
2079 4560 2307 4629 denique

2430 4546 2522 4598 καὶ
2553 4543 2857 4608 συνέσεως,
2912 4540 3112 4611 πληροῖ
3166 4540 3223 4593 δὲ
3278 4540 3461 4611 ἰσχύος
3513 4541 3606 4594 καὶ
3635 4541 3919 4609 γνώσεως·
3957 4542 4025 4596 ἐν

736 4657 1042 4729 coryphzcis
1070 4656 1579 4726 antiquissimisque
1602 4670 1853 4718 munere,
1884 4656 2164 4725 signorum
2196 4669 2325 4725 pro-

737 4752 1123 4822 digiorumque
1150 4749 1453 4804 virtutibus
1478 4749 1783 4804 liberaliter
1811 4748 2058 4803 donavit.

809 4843 949 4907 Quid
1012 4842 1211 4912 igitur?
1266 4841 1407 4895 Nunt
1466 4839 1735 4910 Spiritum
1793 4839 2017 4908 quidem
2075 4839 2127 4893 in
2185 4838 2327 4909 ignis

741 4934 925 5003 specie
961 4950 992 4987 e
1032 4935 1172 4987 cmlo
1211 4932 1639 4987 descendentem
1686 4932 1797 5000 pari
1839 4932 2063 5001 reliquis
2096 4947 2328 4985 munere

744 5026 1014 5093 suscepit,
1046 5042 1156 5078 non
1198 5025 1315 5095 pari
1345 5041 1476 5078 vero
1507 5033 1706 5077 conatu
1736 5025 1963 5093 gratiam
1998 5040 2118 5092 qut-.e
2149 5024 2203 5076 in
2235 5022 2329 5077 illo

743 5126 857 5179 est,
908 5116 1165 5185 gentibus
1214 5114 1604 5170 annuntiavit?
1652 5122 1747 5167 aut
1796 5130 1826 5167 a
1873 5115 2017 5168 Petri
2066 5130 2130 5168 ac
2174 5114 2327 5168 Pauli

746 5209 930 5262 divina
965 5225 1064 5277 pro
1094 5208 1323 5277 apostoli
1359 5207 1605 5276 partibus
1635 5206 1935 5277 sapientia,
1972 5206 2023 5260 id
2064 5217 2182 5271 est,
2210 5223 2328 5260 ma-

747 5298 1147 5367 gniloquentia,
1175 5296 1408 5350 defecit?
1437 5297 1814 5366 Nequaquam.
1840 5296 1952 5350 Illis
1976 5312 2210 5366 namque
2234 5312 2332 5367 per

747 5404 942 5441 omnes
969 5389 1217 5441 nationes
1245 5403 1307 5440 ac
1341 5395 1500 5440 terra:
1526 5402 1652 5439 oras
1680 5386 2142 5449 discurrentibus,
2170 5394 2333 5454 prout

749 5481 951 5549 cuique
994 5480 1293 5549 obtigerat,
1320 5486 1415 5532 aut
1442 5479 1761 5533 Paret-lctus
1802 5478 2184 5539 discernebat,
2212 5494 2333 5532 ver-

755 5574 994 5642 bmnque
1024 5573 1147 5625 vita:
1179 5573 1291 5625 oris
1325 5573 1443 5637 ipso
1477 5570 1689 5632 oﬂicio,
1724 5570 1810 5624 his
1849 5572 1903 5623 in
1942 5586 2082 5639 quos
2120 5570 2333 5623 incide-

756 5667 887 5719 bant
932 5665 1353 5730 enarrantibus;
1407 5665 1528 5725 hic,
1565 5664 1801 5734 ferventi
1842 5664 1934 5716 Dei
1986 5662 2335 5717 aemulatione

752 5773 1084 5820 succensus,
1130 5756 1327 5810 animis
1376 5757 1674 5825 gliscebat,
1708 5755 2171 5819 discruciabatur,
2195 5770 2337 5825 aegre

756 5850 1095 5920 molesteque
1125 5850 1385 5914 habebat,
1413 5849 1596 5904 cordis
1627 5849 2025 5919 parturigincm
2052 5848 2197 5902 ferre
2225 5863 2333 5903 non

2427 4635 2670 4708 σημείων
2700 4635 2757 4687 δὲ
2788 4635 2880 4687 καὶ
2932 4633 3178 4704 τεράτων
3206 4632 3523 4703 δυνάμεσιν,
3578 4635 3669 4687 [σα
3716 4636 3827 4698 τοῖς
3859 4650 4027 4704 κορυ-

2427 4731 2609 4800 φαίοις
2642 4729 2737 4782 καὶ
2777 4726 3172 4797 πρεσϐυτάτοις
3204 4726 3650 4797 ἐφιλοτιμήσατο.

2500 4824 2563 4876 Τί
2591 4823 2722 4888 οῦν;
2757 4823 2899 4892 Ἀρα
2949 4821 3011 4873 τὸ
3051 4819 3279 4889 Πνεῦμα
3313 4820 3412 4892 μὲν
3459 4820 3518 4870 ὲν
3546 4820 3678 4872 εῖδει
3719 4818 3892 4888 πυρὸς
3928 4819 4031 4872 οὺ-

2431 4917 2654 4988 ρανόθεν
2701 4915 3026 4983 καθιέμενον
3076 4913 3277 4983 ὁμοίως
3334 4914 3446 4975 τοῖς
3484 4911 3665 4975 ἄλλοις
3703 4911 4027 4977 ὑπεδέξατο,

2429 5010 2528 5079 οὐχ
2578 5006 2779 5077 ὁμοίως
2843 5007 2899 5058 δέ
2948 5005 3047 5076 τὴν
3093 5004 3187 5058 ἀπ’
3239 5004 3405 5056 αὐτοῦ
3434 5004 3597 5073 χάριν
3649 5005 3763 5065 τοῖς
3810 5003 4030 5057 ἔθνεσιν

2430 5099 2767 5171 ἀπήγγειλεν
2792 5117 2807 5167 ;
2858 5099 2891 5169 ἢ
2921 5100 3129 5169 Πέτρου
3160 5100 3253 5151 καὶ
3283 5097 3495 5150 Παύλου
3526 5099 3624 5164 τῆς
3654 5096 4031 5168 ἀποστολικῇς

2432 5194 2741 5261 θεοσοφίας,
2806 5191 2924 5260 ἦτοι
2982 5189 3419 5261 μεγαλοφωνίας,
3459 5187 3796 5259 ἁπελείφθη;
3845 5188 4030 5241 066a-

2436 5286 2571 5356 μῶς.
2609 5284 2720 5337 Καὶ
2752 5283 2882 5352 γὰρ,
2919 5282 3027 5335 τῶν
3085 5282 3186 5352 μὲν
3234 5281 3377 5333 κατά
3423 5280 3535 5333 πᾶν
3587 5278 3739 5343 ἔθνος
3771 5280 3865 5333 καὶ
3909 5283 4032 5335 πᾶν

2436 5386 2607 5456 κλίμα
2656 5383 2756 5453 τῆς
2786 5383 2891 5453 γῆς
2919 5381 3337 5452 διατρεχόντων,
3368 5380 3444 5444 ὡς
3482 5380 3672 5449 ἔλαχεν
3703 5380 3959 5445 ἕκαστος,
3992 5382 4028 5453 ἦ

2435 5479 2508 5542 ὡς
2537 5475 2812 5546 ἀφώριζεν
2859 5478 2888 5528 ό
2915 5472 3291 5543 Παράκλητος,
3321 5474 3415 5525 καὶ
3443 5472 3534 5525 τὸν
3567 5472 3667 5541 τῆς
3688 5472 3837 5542 ζωῆς
3865 5471 4034 5538 λόγον

2438 5575 2549 5634 τοῖς
2586 5569 3066 5640 παρατυγχάνουσι
3095 5566 3185 5619 διὰ
3216 5566 3483 5635 στόματος
3506 5565 3911 5635 ἐξηγουμένων,
3934 5562 4035 5618 οὗο

2439 5683 2549 5727 τος,
2585 5664 2750 5732 ζήλου
2779 5662 2917 5715 Θεοῦ
2977 5659 3425 5732 πυρπολούμενος
3473 5660 3790 5730 θερμότητι,
3846 5656 4033 5724 ἐσφά-

2439 5754 2563 5817 δαζε
2600 5754 2696 5823 μὲν
2730 5753 2823 5827 καὶ
2872 5751 3236 5821 κατετρύχετο
3269 5751 3363 5802 καὶ
3395 5749 3655 5819 ἧσχαλλε,
3704 5750 3804 5817 τὴν
3852 5747 4031 5800 ὠδῖνα

2442 5848 2539 5917 τῆς
2567 5844 2793 5915 καρδίας
2828 5844 3052 5912 ὑπέχειν
3080 5844 3179 5913 ούχ
3202 5836 3314 5905 οἷός
3344 5858 3403 5895 τε
3438 5840 3513 5894 ὦν
3538 5858 3550 5871 '
3586 5843 3676 5896 καὶ
3717 5842 3899 5894 πᾶσαν
3926 5836 4033 5909 τὴν
