4180 6434
181 405 261 474 €29

867 396 1155 457 ORATIO
1195 394 1301 455 Χῐ.
1332 419 1400 428 -
1430 392 1511 453 ΙΝ
1554 392 1867 456 LAUDEM
1908 394 1967 453 S.
2015 394 2376 457 ΜΛΤΊἬᾸΞΙ
2416 397 2677 458 APOST.

3315 405 3422 472 230

176 511 491 582 οἰκουμένην,
521 509 646 563 ὅσον
671 510 755 573 είς
788 510 890 579 τὴν
916 508 1084 563 αὑτοῦ
1125 507 1386 580 πρόθεσιν
1434 503 1594 581 ἧκον,
1634 506 1732 560 τοῦ

1843 507 2053 573 valens;
2085 521 2149 562 ac
2178 510 2371 563 orbem
2405 510 2748 575 universum,
2776 511 2845 566 ad
2873 511 2994 582 ejus
3024 512 3194 569 animi
3222 531 3419 588 prope-

178 607 249 675 τῆς
268 604 493 675 χάριτος
513 603 677 672 λόγου
705 600 995 672 πληρῶσαι
1022 600 1497 672 προθυμούμενος.

237 778 694 848 ’Δνακοπτόμενος
723 777 782 839 δὲ
826 778 927 847 τῆς
981 778 1134 849 ίερᾶς
1182 776 1480 848 ὲπιθυμίας
1528 778 1733 848 φυσικῇ

184 874 245 927 τοῦ
269 872 428 941 ἁγίου
478 871 731 940 σώματος
777 870 1074 940 ἀδυναμίᾳ,
1130 870 1233 923 οὑκ
1269 870 1635 924 ἀναπέπτωκε
1666 870 1732 938 τῇ

179 965 391 1035 ῥᾳθυμίᾳ
414 979 430 994 ·
461 967 524 1016 οὑ
559 963 812 1035 ῥᾳστώνῃ
836 961 1031 1015 ἑαυτὸν
1082 962 1313 1015 ἀπέδοτο
1353 963 1450 1014 καὶ
1498 961 1680 1030 τρυφῇ
1715 976 1729 990 ·

178 1058 267 1109 οὐδὲ
310 1059 657 1127 σωματικαῖς
707 1055 984 1124 ἀνεκλήθη
1022 1054 1255 1118 διαίταις
1298 1053 1393 1107 καὶ
1446 1053 1731 1105 ἀνέσεσιν·

176 1148 282 1202 ἀλλὰ
334 1145 599 1216 δευτέραν
647 1141 813 1216 ἦλθεν
854 1144 995 1210 ὁδὸν,
1046 1144 1310 1214 ἐπίτομον
1345 1144 1441 1197 καὶ
1465 1141 1730 1212 ἄμοχθον,

178 1243 252 1293 καὶ
295 1239 502 1302 πάσαις
548 1237 857 1308 ἀνθρώπων
921 1236 1241 1307 σωτηριὼδη
1302 1237 1540 1304 γενεαῖς.
1594 1234 1718 1288 Συν·

178 1331 371 1400 αγαγὼν
407 1330 601 1385 ἑαυτὸν
630 1330 706 1392 ὡς
721 1325 834 1382 οἷόν
852 1345 910 1381 τε
938 1325 1029 1400 ἦν,
1056 1330 1152 1383 καὶ
1170 1328 1273 1398 τὴν
1300 1326 1618 1398 θεανδρικὴν
1636 1324 1730 1380 τοῦ

178 1427 319 1493 Λόγου
353 1425 496 1495 πρὸς
520 1421 846 1493 ἀνθρώπους
892 1423 1217 1490 ἐπιφάνειαν
1269 1420 1367 1475 καὶ
1420 1422 1601 1474 πᾶσαν
1630 1422 1731 1490 τὴν

180 1518 409 1589 θεουργδν
435 1516 753 1585 οἰκονομίαν
773 1515 860 1569 διὰ
883 1516 1107 1585 μνήμης
1137 1513 1343 1583 σαφοῦς
1365 1515 1731 1569 ἀνατυπωσά-

180 1624 308 1677 μενος
335 1610 406 1676 τῇ
433 1606 672 1676 διανοίᾳ,
701 1606 799 1658 καὶ⁵
822 1600 934 1658 οἷον
966 1606 1059 1657 ὑπ’
1092 1603 1215 1673 ὄψιν
1239 1604 1442 1667 λαὸὼν,
1466 1604 1730 1675 λογογρα-

177 1701 351 1768 φεῖτὴν
408 1697 727 1751 εὐσέϐειαν·
780 1696 875 1750 κα)⁵
932 1695 1077 1767 ἅπερ
1109 1694 1373 1766 ἀγράφως
1415 1698 1527 1760 τοῖς
1550 1694 1729 1748 ἔθνεσι

178 1793 245 1844 διὰ
268 1790 513 1861 γλώσσης
534 1791 584 1843 οί
612 1788 762 1843 ἄλλοι
795 1788 1180 1857 παρεδίδοσαν,
1220 1787 1397 1841 ταῦτα
1444 1786 1729 1848 Ματθαῖος

1837 600 2004 654 situm
2045 598 2193 669 quod
2232 600 2522 668 attinebat,
2555 601 2727 657 verbo
2766 603 2955 673 gratiae
3000 604 3233 676 implere
3272 616 3421 665 sata-

1837 709 1990 763 gens.

1905 785 2173 841 Obstante
2208 799 2343 840 vero
2381 801 2539 842 sacro
2574 787 2882 853 desiderio,
2912 789 3059 858 quod
3091 794 3425 863 corpusculo

1836 878 2197 935 imbecilliore
2251 889 2451 935 natura
2506 882 2769 950 praeditus
2822 891 2981 948 erat,
3030 900 3140 939 non
3200 887 3423 957 ignavia

1834 972 2099 1037 concidit,
2120 989 2229 1028 non
2257 988 2317 1028 se
2349 974 2599 1029 mollitiei
2628 990 2691 1030 ac
2715 976 2928 1031 deliciis
2954 977 3199 1032 deditum
3225 982 3419 1048 voluit,

1834 1078 1945 1117 non
1976 1065 2252 1134 corporali
2280 1064 2557 1134 exquisito
2577 1066 2725 1121 victu
2753 1082 2818 1121 ac
2840 1068 3164 1123 delicatiore
3192 1072 3419 1138 resiliit;

1834 1154 1933 1211 sed
1959 1155 2188 1211 alteram
2217 1157 2340 1211 iniit
2359 1157 2528 1220 viam,
2550 1172 2781 1227 eamque
2804 1160 3298 1229 compendiariam.
3320 1179 3423 1217 nec

1833 1244 2136 1316 quidquam
2166 1263 2464 1312 morosam,
2492 1248 2818 1319 cunctisque
2850 1250 3134 1306 hominum
3157 1255 3415 1309 aatatilius

1834 1338 2152 1393 salutarem.
2197 1339 2458 1405 Quinimo
2500 1340 2619 1409 ipse
2658 1341 2938 1410 seipsum,
2970 1344 3149 1412 quoad
3192 1346 3419 1411 licebat,

1832 1430 2126 1501 colligens,
2158 1432 2367 1502 Deique
2396 1435 2613 1489 virilem
2640 1435 2809 1489 Verbi
2856 1435 2925 1491 ad
2970 1436 3223 1491 homines
3255 1454 3423 1508 appa-

1834 1524 2115 1589 ritionem,
2143 1539 2475 1594 omnemque
2503 1526 2746 1580 divinam
2774 1528 3245 1597 dispensationem
3273 1530 3420 1585 clara

1842 1624 2028 1670 mente
2080 1617 2345 1670 memoria
2399 1617 2735 1682 informans,
2787 1634 2853 1673 ac
2904 1620 3053 1674 velut
3107 1621 3178 1675 ob
3232 1621 3423 1676 oculos

1833 1722 2073 1777 ponens,
2109 1709 2317 1778 scripto
2360 1709 2649 1780 consignat
2678 1710 2939 1778 pietatem
2976 1728 2989 1765 :
3020 1724 3251 1780 quaeque
3284 1710 3423 1766 adeo

1837 1799 2037 1869 reliqui
2079 1800 2338 1868 gentibus
2377 1800 2579 1869 lingua:
2614 1814 2845 1855 munere
2873 1816 2982 1855 non
3018 1803 3223 1871 scripta
3256 1803 3423 1857 tradi-

176 1886 199 1937 ὁ
221 1884 371 1953 μέγας
407 1883 496 1937 διὰ
520 1882 909 1951 συγγραφικῆς
935 1880 1173 1951 θεωρίας
1220 1877 1725 1949 συγκεφαλαιούμε-

1843 1891 2051 1958 lerant,
2080 1864 2198 1947 haec
2239 1864 2487 1961 magnus.
2505 1892 2797 1948 Matthaeus
2837 1893 3045 1962 scripta
3085 1864 3424 1949 commenta-

178 1993 266 2040 νος,
284 1977 397 2031 ὅλον
417 1974 514 2029 τοῦ
542 1974 718 2042 Λόγου
757 1973 821 2027 τὺ
865 1974 1169 2044 μυστήριον
1212 1974 1384 2045 ίεραῖς
1431 1973 1731 2041 ἀνατέταχε

177 2068 485 2139 θεηγορίαις.

235 2173 462 2227 Ἀνωθεν
499 2172 611 2243 γάρ
642 2172 742 2242 τῆς
778 2170 1136 2241 γενεαλογίας
1192 2169 1305 2225 ἀπὸ
1352 2169 1606 2242 Ἀϐραὰμ
1631 2170 1732 2241 τὴν

178 2266 324 2337 ἀρχὴν
378 2265 825 2335 καταϐαλόμενος
860 2303 877 2328 ,
967 2264 1066 2317 καὶ
1134 2261 1374 2333 καθεξῆς
1404 2304 1420 2328 ,
1480 2262 1688 2333 προῖὼν
1714 2302 1731 2328 ,

174 2360 256 2426 τὴν
277 2359 415 2413 κατά
436 2360 620 2427 σάρκα
665 2358 925 2427 γέννησιν
967 2354 1394 2427 εὐαγγελίζεται
1444 2356 1539 2410 τοῦ
1595 2356 1734 2428 Χρι-

179 2450 284 2503 στοῦ
313 2466 329 2483 ·
374 2444 522 2515 εἶτα,
565 2450 667 2521 τὴν
739 2448 1054 2514 ἀνάδειξιν,
1103 2448 1206 2519 τὴν
1248 2448 1508 2518 βάπτισιν
1564 2448 1732 2501 αὑτοῦ

176 2540 364 2594 καὶτὸν
387 2540 702 2610 πειρασμόν
726 2555 739 2568 ·
795 2538 935 2603 εἶτα,
966 2538 1076 2593 τῶν
1130 2538 1446 2593 ἀποστόλων
1501 2537 1601 2609 τὴν
1639 2539 1734 2590 ὲκ·

178 2630 339 2700 λογὴν,
390 2632 493 2694 τὰς
532 2630 683 2701 ίεράς
758 2629 1175 2703 μυσταγωγίας,
1241 2631 1374 2692 ὅσας
1405 2645 1466 2681 τε
1493 2630 1584 2683 διὰ
1624 2646 1732 2682 πα-

178 2724 391 2792 ραεολῶν
425 2762 443 2787 ,
495 2726 595 2777 καὶ
637 2724 772 2787 ὅσας
826 2725 856 2777 ό
904 2723 1109 2793 Κύριος
1158 2724 1218 2775 ὲν
1277 2723 1565 2794 παρρησία
1617 2723 1735 2783 τοῖς

176 2817 328 2884 blla;
359 2815 562 2886 ὡμίλει
596 2816 696 2869 καὶ
731 2816 847 2877 τοῖς
879 2814 1177 2885 μαθηταῖς·
1218 2809 1341 2868 εἶτα
1363 2854 1379 2876 ,
1434 2816 1532 2876 τὰς
1566 2814 1736 2883 ὑπερ-

176 2911 307 2974 φυεῖς
325 2909 425 2963 θαυ
435 2909 798 2980 ματουργίας,
822 2907 921 2970 τὰς
937 2906 1048 2960 τῶν
1070 2907 1377 2960 νοσούντων
1402 2905 1727 2975 θεραπείας,

176 3000 267 3052 τῶν
287 3002 561 3071 δαιμόνων
588 3002 689 3064 τὰς
717 3000 1040 3071 καθάρσεις,
1082 3000 1193 3052 τῶν
1223 2999 1583 3068 πολυτρόπως
1624 3015 1733 3051 πα-

176 3092 386 3161 σχόντων
414 3093 519 3156 τὰς
553 3094 728 3156 ῖὰσεις
749 3132 766 3157 ,
800 3092 899 3162 τὴν
924 3074 1035 3145 τῶν
1073 3092 1257 3163 ἀρτων
1300 3089 1613 3159 εὑλόγησιν,
1643 3089 1735 3141 τὸν

1840 1985 1991 2039 tione
2024 1999 2239 2038 summa
2265 1984 2559 2055 colligens,
2590 1994 2764 2040 totum
2790 1985 2956 2040 Verbi
2988 1986 3309 2057 mysterium
3340 2002 3427 2041 sa-

1833 2078 1945 2133 cris
1975 2077 2465 2148 praedicationibus
2494 2078 2753 2132 intexuit.

1907 2182 2138 2237 Sursum
2171 2184 2318 2238 enim
2350 2182 2419 2236 ab
2440 2182 2758 2237 Abrahamo
2783 2182 3201 2253 generationum
3226 2181 3425 2237 seriem

1835 2289 2029 2338 orsus,
2060 2289 2125 2327 ac
2154 2273 2419 2344 deinceps
2446 2273 2781 2343 procedens,
2807 2289 2930 2343 qua:
2964 2274 3271 2327 secundum
3303 2258 3427 2328 car-

1836 2382 1961 2420 nem
2012 2377 2130 2430 est,
2174 2365 2383 2420 Christi
2432 2364 2848 2435 generationem
2902 2365 3195 2418 annuntiat
3244 2381 3257 2417 :
3306 2371 3427 2417 tum

1834 2457 1956 2526 ejus
1999 2455 2410 2518 ostensionem,
2450 2453 2898 2522 baptismumque
2936 2460 2994 2506 et
3035 2452 3425 2515 tentationetn;

1836 2548 2039 2603 deinde
2069 2547 2446 2617 apostolorum
2482 2545 2845 2607 electionem,
2877 2557 3173 2612 sacrasque.
3208 2542 3430 2596 institu—

1837 2638 2047 2699 tiones,
2077 2652 2424 2706 qumcunque
2464 2635 2733 2690 Dominus
2771 2634 2824 2687 in
2866 2632 3170 2702 parabolis,
3197 2640 3253 2685 et
3281 2647 3431 2701 qua:-

1837 2743 2056 2797 cunquc
2098 2728 2274 2797 palam
2313 2725 2495 2779 turbis
2532 2738 2598 2778 ac
2631 2722 2924 2792 discipulis
2966 2722 3316 2791 loquebatur.
3346 2721 3429 2775 Ad

1838 2822 1954 2875 lucc
1985 2819 2185 2874 eximia
2217 2817 2481 2873 miracula
2500 2856 2516 2882 ,
2545 2824 2770 2871 curatos
2798 2824 3063 2885 aegrotos,
3094 2828 3124 2866 a
3158 2810 3428 2867 daemoni-

1838 2914 1943 2968 bus
1982 2912 2294 2976 mundatos,
2329 2909 2498 2964 variis
2544 2908 2910 2979 languoribus
2949 2914 3191 2970 sanatos,
3226 2919 3429 2975 panum

1839 3005 2308 3067 benedictionem,
2335 3002 2771 3057 ambulationem
2814 3014 2981 3069 supra
3023 3012 3196 3061 mare,
3231 2997 3431 3051 immu-

1840 3099 2103 3151 tationem
2155 3096 2209 3149 in
2261 3102 2484 3157 monte;
2535 3106 2755 3146 omnem
2808 3090 3050 3159 denique
3098 3088 3434 3157 simpliciter

174 3185 223 3235 ὲν
254 3184 491 3255 θαλάσσῃ
514 3184 844 3253 περίπατον,
879 3184 979 3254 τὴν
999 3184 1092 3236 ἐπὶ
1115 3182 1213 3235 τοῦ
1243 3181 1401 3251 ὅρους
1427 3180 1734 3235 ἀλλοίωσιν.

1843 3188 2217 3259 prodigiorum
2243 3184 2574 3255 stupendum
2597 3183 2731 3246 vim,
2751 3193 3084 3248 omnemque
3110 3178 3241 3233 Jesu
3269 3176 3437 3230 actio-

175 3276 266 3329 Καὶ
301 3280 483 3330 πᾶσαν
519 3275 711 3339 ἁπλῶς
742 3276 1147 3347 τερατουργίαν
1186 3274 1464 3346 ὑπερφυᾶ,
1507 3272 1603 3325 καὶ
1642 3272 1739 3325 πᾶ-

174 3382 255 3418 σαν
282 3369 481 3437 πρᾶξιν
508 3367 604 3419 τοῦ
649 3366 844 3437 Ἰησοῦ,
885 3369 983 3419 καὶ
1018 3368 1199 3419 πᾶσαν
1253 3366 1541 3435 ἐνέργειαν
1590 3361 1740 3426 ἀξιο-

174 3458 493 3531 λογωτάτην,
526 3458 663 3512 Θεοῦ
714 3460 945 3527 φωναῖς,
975 3461 1004 3511 ό
1035 3458 1132 3510 τοῦ
1165 3456 1486 3526 Πνεῦματος
1519 3454 1740 3524 ἀριστος

175 3554 552 3622 μυστογρὰφος
584 3552 898 3620 ὑφηγεῖται.
932 3550 1043 3603 Ναὶ
1088 3549 1152 3619 δὴ
1201 3548 1394 3601 καὶτὰ
1424 3548 1521 3615 τῆς
1555 3544 1743 3597 δευτέ·

174 3659 256 3710 ρας
294 3642 464 3696 αὑτοῦ
500 3641 831 3712 παρουσίας,
860 3640 1131 3711 ὲξέφρασε
1163 3639 1469 3708 μυστήρια·
1499 3636 1635 3704 πρὸς
1660 3635 1739 3698 δὲ,

171 3736 251 3787 καὶ
278 3735 376 3804 τὴν
411 3735 514 3786 ἐπὶ
564 3731 658 3785 τοῦ
704 3730 893 3784 πώλου
924 3729 1238 3801 καθίζησιν,
1268 3729 1360 3781 καὶ
1394 3726 1502 3779 τῶν
1534 3724 1741 3777 παίδων

170 3829 251 3895 τὴν
269 3825 535 3897 ῦμνησιν,
573 3826 668 3877 καὶ
697 3824 806 3876 τῶν
848 3822 1120 3875 Ἰουδαίων
1158 3821 1261 3889 τὴν
1295 3819 1615 3890 βασκανίαν·
1650 3817 1743 3869 καὶ

166 3914 242 3966 τὸν
270 3916 490 3968 δεῖπνον
522 3914 617 3967 τδν
646 3912 932 3983 μυστικὸν,
966 3910 1063 3964 καὶ
1088 3911 1188 3981 τὴν
1221 3908 1395 3962 Ἰούδα
1421 3906 1738 3978 προδοσίαν,

170 4007 247 4059 καὶ
259 4006 359 4077 τὴν
380 4004 845 4076 ὑποκεκριμένην
870 4003 968 4057 τοῦ
998 4002 1230 4056 Πιλάτου
1246 4001 1427 4070 κρίσιν
1446 4000 1541 4054 καὶ
1576 4000 1744 4052 κατά-

171 4114 353 4166 περισιν⁸
383 4100 485 4151 τδν
534 4097 808 4166 κάλαμον,
831 4094 924 4148 τὸν
951 4095 1241 4164 στέφανον,
1273 4092 1366 4146 τὸν
1402 4090 1741 4163 ἐμπαιγμδν,

166 4189 243 4243 τὸν
268 4191 538 4264 σταυρὸν,
576 4192 677 4260 τὴν
725 4189 930 4261 ταφὴν,
965 4188 1066 4258 τὴν
1097 4187 1399 4258 τριήμερον
1445 4184 1745 4238 ἀνάστασιν

168 4284 247 4335 καὶ
267 4285 600 4353 ἐμφάνισιν.
630 4282 742 4336 Καὶ
770 4282 952 4335 πᾶσαν
987 4280 1223 4343 συνόλως
1257 4280 1427 4347 φάναι
1451 4275 1546 4329 τοῦ
1568 4276 1744 4343 Λόγου

165 4374 247 4444 τὴν
286 4374 645 4445 οἰκονομίαν,
675 4373 705 4426 ὁ
734 4372 829 4427 τοῦ
872 4373 1047 4442 Λόγου
1095 4372 1427 4440 λογιώτατος
1457 4373 1515 4423 ὲν
1557 4370 1742 4438 γραφῇ

167 4465 568 4538 διηγησάμενος
600 4466 978 4535 ὑπογραφεὺς,
1032 4465 1212 4519 κοινὸν
1267 4462 1545 4533 προῦθηκε
1578 4462 1744 4514 πᾶσιν

1842 3296 2000 3339 nem.
2034 3294 2101 3332 ac
2142 3292 2363 3331 omnem
2404 3274 2666 3345 praecipui
2714 3271 2977 3326 momenti
3023 3270 3432 3339 operationem,

1844 3374 1942 3428 Dei
1972 3372 2225 3435 vocibus,
2258 3369 2502 3439 Optimus
2541 3366 2929 3438 mysteriorum
2974 3362 3217 3433 Spiritus
3252 3360 3434 3416 scriba

1843 3472 1899 3517 et
1938 3464 2211 3531 interpres
2238 3458 2484 3528 exponit.
2515 3457 2657 3524 Quin
2689 3465 2745 3511 et
2770 3471 2857 3521 ea,
2882 3470 3006 3525 quae
3033 3452 3101 3508 ad
3127 3452 3436 3508 secundum

1843 3555 2141 3610 adventum
2173 3559 2421 3621 spectant
2447 3548 2726 3620 mysteria,
2756 3554 3053 3602 exsecutus
3069 3554 3174 3601 est.
3204 3545 3285 3599 Ad
3316 3544 3435 3600 lucc

1842 3650 2008 3703 etiam
2050 3645 2352 3700 sessionem
2397 3659 2566 3713 super
2603 3643 2846 3713 pullum,
2878 3648 2934 3695 et
2974 3654 3271 3709 puerorum
3318 3636 3437 3692 lau-

1844 3740 1991 3801 dem,
2018 3738 2448 3805 Judaaorumquc
2489 3734 2749 3788 invidiam
2793 3750 2808 3786 :
2850 3732 2981 3786 item
3006 3744 3220 3785 ccenam
3250 3728 3439 3799 mysti-

1844 3844 1962 3884 cam
1988 3836 2044 3882 et
2066 3827 2221 3882 Iudae
2246 3825 2637 3895 proditionem,
2660 3839 2724 3878 ac
2748 3822 2912 3877 Pilati
2938 3822 3258 3877 simulatum
3278 3819 3430 3890 judi-

1845 3921 1991 3975 cium
2031 3928 2090 3973 ct
2127 3916 2648 3973 condemnationem
2696 3933 2710 3969 :
2760 3913 3111 3977 arundinem,
3152 3926 3436 3977 coronam,

1847 4011 2181 4075 illusionem,
2210 4024 2456 4072 crucem,
2488 4007 2856 4077 sepulturam,
2890 4006 3201 4061 triduanam
3253 4020 3438 4059 resur-

1846 4104 2147 4159 rectionem
2197 4111 2254 4157 et
2298 4101 2723 4171 apparitionem.
2773 4099 3005 4155 Omnem
3049 4098 3291 4167 denique
3317 4137 3332 4161 ,
3376 4102 3438 4150 ut

1846 4194 2149 4249 universim
2208 4193 2435 4262 loquar,
2482 4191 2651 4246 Verbi
2713 4189 3219 4259 dispensationem,
3271 4186 3437 4241 Verbi

1848 4284 2248 4340 disertissimus
2278 4281 2457 4337 scriba
2490 4281 2698 4350 scripto
2730 4294 3024 4345 enarrans,
3057 4276 3273 4333 cunctis
3304 4292 3438 4348 gen-

1848 4378 1997 4432 tibus
2026 4375 2247 4445 pietatis
2278 4372 2564 4443 proposuit
2594 4372 2838 4435 titulum,
2868 4368 2993 4424 ﬁdei
3028 4368 3247 4439 pignus,
3276 4368 3419 4423 dile-

1847 4467 2047 4523 ctionis
2078 4464 2351 4528 fomitem,
2382 4463 2649 4518 bonitatis
2676 4462 2878 4517 divina;
2907 4476 2976 4516 ac
3001 4460 3311 4515 clementia:
3338 4460 3438 4514 de-

167 4558 355 4612 ἕθνεσιν
406 4561 774 4629 πρόγραμμα
832 4557 1162 4621 θεοσεϐείας,
1194 4556 1458 4626 ἐχέγγυον
1490 4554 1746 4619 πίστεως,

1851 4558 2229 4621 clarationem,
2261 4556 2415 4627 regni
2448 4555 2918 4626 praedicationem,
2951 4552 3197 4624 mysterii
3232 4550 3437 4607 Christi

168 4649 367 4718 ἀγάπης
412 4650 772 4721 ὲμπύρευμα
801 4690 815 4714 ,
869 4650 968 4719 τῆς
1021 4648 1117 4702 τοῦ
1155 4646 1290 4702 Θεοῦ
1333 4645 1747 4717 φιλανθρωπίας

168 4739 449 4805 ἀπόδειξιν,
475 4743 594 4810 τῆς
618 4738 893 4808 βασιλείας
916 4737 1276 4809 ἀνακήρυξιν,
1311 4738 1410 4808 τῆς
1436 4737 1750 4807 οἰκονομίας

170 4828 483 4898 βεϐαίωσιν,
523 4830 797 4902 ἀληθείας
839 4830 1180 4902 στηριγμδν,
1216 4829 1407 4900 ψυχῶν
1446 4828 1748 4899 φωτισμὸν,

171 4925 326 4993 ἀρχὴν
375 4926 509 4993 ἢτοι
570 4923 760 4995 πηγὴν
820 4923 1097 4994 ἀγιασμοῦ
1133 4924 1227 4976 καὶ
1261 4920 1597 4993 ἀκραιφνοῦς
1644 4937 1753 4973 σω-

170 5016 340 5085 τηρίας
386 5017 694 5081 ὑπόθεσιν,
735 5015 798 5069 τὸ
844 5016 968 5069 κατ’
1023 5016 1189 5069 αὑτὸν
1250 5014 1581 5083 Εὑαγγέλιον
1637 5014 1754 5076 τοῖς

174 5109 389 5177 πέρασιν
414 5106 777 5181 ἐκδεδωκώς.

228 5201 409 5266 Οὕτως
438 5203 549 5271 οὑχ
584 5200 670 5253 ἑνὶ
698 5201 797 5269 μὲν
824 5200 965 5253 ἔθνει
994 5199 1273 5262 Ματθαῖος
1305 5198 1561 5269 ἐπιδημεῖ
1580 5214 1595 5228 ο
1642 5198 1753 5251 τῶν

174 5288 326 5343 ἄλλων
347 5292 405 5346 δὲ
450 5291 614 5345 κατά
648 5290 902 5361 σώματος
931 5292 1240 5359 ἀναγκαίαν
1271 5290 1624 5363 περιγραφὴν
1658 5292 1754 5344 καὶ

176 5382 457 5453 ἀδυναμίαν
487 5383 723 5453 φύσεως
751 5383 1106 5437 ἀπολείπεται
1124 5400 1139 5414 ·
1170 5384 1292 5437 οὑδὲ
1320 5385 1454 5437 πᾶσι
1484 5383 1582 5454 μὲν
1608 5381 1756 5435 ἔθνεα

178 5487 247 5522 σιν
269 5477 533 5545 ἐπιφοιτᾷ
556 5490 572 5505 ο
601 5473 806 5540 ὀλίγοις
846 5474 904 5528 δὲ
929 5473 1038 5527 τῶν
1074 5473 1382 5545 ἀνθρώπων
1409 5473 1636 5544 ὁμιλῶν,
1665 5473 1755 5526 τὸν

178 5565 257 5633 τῆς
280 5567 629 5635 θεογνωσίας
679 5566 980 5635 ἐπιλάμπει
1021 5568 1230 5637 πυρσόν
1254 5583 1267 5598 ·
1302 5566 1422 5619 οὑδὲ
1472 5566 1608 5617 πᾶσι
1660 5564 1757 5633 μὲν

179 5653 351 5725 ὸμιιλεῖ,
389 5660 588 5729 μόνοις
617 5656 682 5710 δὲ
713 5659 825 5721 τοῖς
870 5659 1012 5712 κατά
1039 5659 1139 5728 τὴν
1185 5659 1349 5712 αὑτοῦ
1394 5656 1644 5726 περιοῦσι
1669 5673 1759 5724 γε·

184 5749 289 5801 νεᾶν
309 5769 323 5782 ·
352 5753 386 5822 ἧ
420 5753 650 5812 πάσαις
682 5749 781 5818 μὲν
804 5750 998 5819 ἐφεξῆς
1026 5752 1241 5818 γενεαῖς
1271 5750 1361 5803 τὸν
1396 5746 1626 5819 Ἰησοῦν,
1663 5747 1758 5799 καῖ

184 5837 265 5908 τὴν
289 5840 449 5897 αὑτοῦ
481 5838 782 5914 βασιλείαν
794 5840 888 5894 καὶ
906 5842 1004 5911 τὴν
1021 5824 1296 5913 σάρκωσιν
1324 5840 1755 5911 εὐαγγελίζεταισ

1849 4648 2344 4712 conﬁrmationem,
2379 4647 2631 4702 veritatis
2668 4645 3075 4707 fulcimentum,
3114 4643 3427 4697 animorum

1852 4740 2341 4805 illuminationem,
2373 4736 2825 4793 sanctiﬁcationis
2848 4734 3114 4804 originem
3141 4733 3258 4789 sive
3302 4733 3431 4786 fon-

1852 4841 1963 4887 tem
2000 4847 2257 4901 veraeque
2293 4830 2485 4885 salutis
2518 4837 2923 4900 argumentum,
2951 4825 3048 4881 abs
3078 4840 3138 4882 se
3171 4827 3438 4895 scriptum

1852 4924 2209 4996 Evangelium
2234 4923 2388 4980 orbis
2416 4922 2620 4978 ﬁnibus
2644 4922 2837 4977 edens.

1927 5211 2021 5266 Sic
2051 5210 2337 5265 Matthaaus
2364 5221 2472 5261 non
2502 5203 2571 5260 ad
2599 5220 2764 5260 unam
2795 5201 3166 5273 proﬁciscitur
3187 5208 3436 5271 gentem;

1858 5298 2089 5367 reliquis
2124 5304 2308 5351 autem
2345 5296 2584 5350 naturali
2619 5293 2867 5364 corporis
2900 5292 3435 5360 circumscriptione,

1857 5405 1921 5443 ac
1946 5398 2154 5442 natura:
2181 5389 2299 5457 ipsa
2329 5387 2701 5442 imbecillitate
2731 5385 2919 5439 deest:
2947 5398 3128 5452 neque
3152 5382 3217 5437 ad
3246 5397 3439 5436 omnes

1857 5480 2076 5551 quidem
2121 5495 2179 5534 se
2204 5480 2439 5544 confert,
2467 5495 2590 5533 cum
2615 5478 2804 5547 paucis
2835 5491 2966 5530 vero
2999 5474 3284 5528 hominum
3320 5489 3438 5528 ser-

1862 5587 2080 5626 monem
2114 5573 2372 5637 miscens,
2402 5572 2601 5626 divinat
2633 5569 2714 5624 eis
2748 5567 3083 5639 cognitionis
3116 5575 3278 5635 atque
3311 5565 3438 5619 ﬁdei

1859 5664 2031 5718 facem
2077 5664 2331 5718 accendit
2373 5682 2384 5716 :
2424 5679 2527 5718 nec
2568 5678 2694 5717 cum
2736 5660 2995 5716 omnibus
3035 5660 3278 5729 quidem,
3310 5672 3437 5712 cum

1862 5756 1931 5810 iis
1954 5770 2088 5810 vero
2111 5756 2377 5810 duntaxat
2396 5771 2536 5825 quos
2564 5755 2654 5810 illa
2681 5754 3008 5824 superstites
3033 5752 3240 5806 ferebat
3260 5759 3392 5804 tetas
3419 5766 3433 5802 :

1862 5858 1957 5904 aut
2015 5850 2273 5905 omnibus
2334 5848 2558 5920 quidem
2620 5847 2882 5917 deinceps
2944 5843 3193 5901 aetatibus
3249 5843 3436 5900 Jcsum
