4180 6434
731 425 834 493 231

1891 415 2185 477 NICETr-E
2225 411 2760 474 PAPHLAGONIS

3885 407 3995 469 932

733 533 1048 592 annuntiat.
1080 532 1311 601 ejusque
1349 544 1578 601 regnum
1616 544 1679 584 ac
1714 531 2173 588 lncarnationem,
2207 543 2313 579 non

2426 525 2515 593 οὐχ
2544 524 2744 591 ὁμοίιος
2777 521 2833 572 δὲ
2885 519 3087 583 πάσαις
3135 521 3232 581 τὰς
3276 521 3371 588 τῆς
3397 517 3802 586 ἀληθογνωσίας
3825 520 3981 573 ὲπαυι

735 627 995 682 similiter
1051 634 1231 677 tamen
1292 639 1436 676 vera:
1504 622 1750 676 scientia:
1803 621 2043 692 fulgores
2101 620 2314 674 cunctis

736 718 970 772 aﬂundit
1012 733 1026 769 :
1077 714 1327 784 quinimo
1372 715 1504 768 solis
1551 715 1722 767 instar
1771 715 1986 768 lucidos
2033 713 2314 781 Evangelii

738 809 919 862 radios
941 806 996 858 in
1022 820 1242 858 omnem
1268 805 1427 865 simul
1454 813 1724 858 terrarum
1749 805 1962 868 orbem,
1984 817 2315 870 omnemque

739 899 1020 952 nationum
1041 898 1281 968 linguam
1305 897 1584 962 emittens,
1603 907 1767 966 atque
1792 911 2006 951 omnem
2031 895 2316 948 hominum

737 1000 975 1044 mentem
1020 991 1325 1045 secundum
1365 998 1587 1043 aetatum
1631 990 2032 1044 successionem
2077 987 2144 1040 ad
2188 1001 2318 1056 pro-

737 1084 918 1152 prium
965 1083 1253 1151 theologia:
1295 1083 1480 1135 lumen
1523 1083 1778 1146 illiciens,
1812 1082 1928 1151 pari
1970 1090 2197 1136 cunctos
2239 1080 2320 1133 in-

737 1174 1038 1244 dulgentia,
1067 1175 1216 1242 largo
1243 1175 1392 1228 velut
1419 1175 1591 1237 fonte,
1623 1174 1893 1228 beneﬁcio
1931 1172 2177 1241 impartit
2205 1189 2218 1224 :
2253 1172 2319 1225 iis

738 1267 960 1334 quidem
997 1268 1090 1335 qui
1129 1268 1434 1335 simplicem
1465 1277 1630 1335 atque
1659 1267 1870 1319 ﬁdelem
1902 1266 2070 1319 animi
2096 1265 2318 1318 oculum

738 1358 1059 1423 adhibeant,
1087 1376 1213 1412 vera
1235 1361 1324 1411 lux
1342 1367 1397 1412 et
1421 1359 1680 1412 salutaris
1705 1358 2007 1420 exsistens;
2043 1359 2109 1411 iis
2137 1365 2321 1411 autem

739 1449 834 1516 qui
882 1466 1048 1518 prave
1096 1467 1196 1503 nec
1237 1451 1288 1502 in
1334 1449 1437 1502 ﬁde
1480 1449 1534 1502 in
1576 1465 1702 1503 eum
1743 1449 2052 1514 intendant,
2085 1449 2322 1518 Spiritus

741 1541 955 1594 scilicet
979 1541 1170 1610 judieii
1205 1541 1532 1609 ardorisque
1550 1541 1592 1594 ⁸.

816 1630 1055 1697 Scriptio
1103 1631 1219 1683 haec
1263 1630 1494 1700 Lycurgi
1552 1631 1699 1698 leges
1750 1637 1806 1682 et
1867 1628 2087 1682 Solonis
2152 1645 2324 1700 nugas

741 1735 864 1774 esse
905 1722 1170 1776 ostendit.
1209 1723 1333 1776 lla:c
1397 1721 1640 1776 Platonis
1679 1738 1789 1776 non
1827 1737 1955 1776 vere
1995 1724 2323 1778 exsistentes

742 1810 1082 1880 respublicas
1129 1812 1426 1880 longasque
1472 1812 1769 1865 verborum
1814 1811 2068 1882 ineptias,
2102 1814 2322 1868 silentio

743 1901 1022 1954 damnavit
1060 1917 1074 1953 :
1113 1909 1375 1970 tantoque
1409 1903 1556 1956 omni
1593 1903 1943 1959 Aristotelica
1981 1905 2317 1961 obscuritate

738 2008 801 2046 ac
838 1993 1177 2062 argumentis
1212 2010 1320 2047 non
1357 1995 1838 2057 concludentibus,
1872 1996 2135 2065 omnique
2177 1996 2322 2065 apud

737 2082 958 2137 Graecos
1003 2084 1526 2138 facundissimorum
1573 2087 1962 2140 lucubratione
2008 2103 2072 2141 ac
2121 2088 2323 2156 scripto

738 2175 981 2228 divinior
1028 2187 1112 2230 cst
1158 2192 1220 2230 ae
1273 2178 1606 2246 sapientior,
1656 2188 1863 2246 quanto
1915 2180 2116 2233 coelum
2175 2189 2322 2234 terra

741 2269 1054 2330 sublimius,
1087 2270 1302 2338 solque,
1336 2270 1670 2339 ejuscemodi
1717 2271 1964 2334 lucerna,
1994 2287 2116 2340 quae
2165 2271 2325 2326 nobis

739 2361 1086 2425 accenditur,
1126 2362 1363 2415 lucidior
1405 2372 1490 2416 est
1531 2379 1594 2417 ac
1636 2363 1977 2432 splendidior
2021 2386 2033 2418 ε
2078 2364 2235 2434 quin,
2279 2364 2323 2417 si

738 2450 915 2516 lubet,
945 2461 1152 2521 quanto
1200 2454 1346 2508 Deus
1380 2454 1602 2509 homine
1636 2455 1900 2520 nobilior,
1927 2464 2092 2524 atque
2125 2455 2326 2510 veritas

742 2544 938 2596 umbra
967 2545 1299 2613 expressior.

813 2633 959 2686 Satis
995 2634 1143 2686 enim
1176 2633 1281 2686 fuit
1315 2635 1560 2687 omnium
1597 2636 1718 2689 loco
1752 2634 2107 2689 beatissimus
2140 2633 2323 2704 publi-

741 2741 914 2780 canus
958 2725 1025 2778 ad
1072 2725 1222 2778 orbis
1268 2734 1536 2780 terrarum
1583 2727 1974 2782 eruditionem.
2011 2728 2154 2782 Satis
2198 2729 2322 2789 fuit.

742 2819 810 2872 iis
838 2818 931 2886 qui
963 2819 1166 2871 vellent
1196 2816 1456 2886 pietatem
1486 2820 1689 2881 colere,
1718 2821 1784 2873 ad
1813 2820 2069 2890 pietatem
2103 2837 2114 2872 :
2144 2819 2212 2872 ad
2241 2835 2327 2873 sa-

742 2909 1005 2977 pientiam
1029 2918 1084 2963 et
1109 2909 1420 2972 scientiam,
1447 2910 1532 2963 bis
1557 2911 1650 2979 qui
1683 2912 1969 2980 sapientia:
1993 2925 2057 2965 ac
2083 2911 2327 2966 scientiae

740 3008 1015 3052 amatores
1060 3009 1246 3053 essent
1294 3017 1306 3051 :
1361 3015 1425 3053 ac
1472 3001 1694 3069 quidem
1743 3002 1946 3056 actioni
1994 3002 2218 3067 deditis,
2258 3002 2325 3056 ad

745 3089 1097 3158 disciplinam
1136 3092 1372 3160 vitaque
1408 3107 1655 3145 normam
1698 3110 1709 3144 :
1748 3093 2197 3162 contemplationi
2230 3110 2326 3148 au-

2416 617 2571 682 γάζει
2601 615 2994 685 μαρμαρυγὰς·
3032 614 3182 684 ἡλίου
3213 615 3269 666 δὲ
3298 615 3496 682 τρ-ὖπον
3526 615 3624 676 τάς
3655 615 3996 680 φωτοϐόλους

2416 710 2640 769 ἀκτῖνας
2662 706 2752 758 τοῦ
2788 705 3120 773 Εὑαγγελίου
3148 707 3287 758 κατά
3313 708 3492 758 πᾶσαν
3519 706 3654 774 ὁμοῦ
3675 705 3772 776 τὴν
3807 709 3994 758 οἰκου-

2421 800 2610 867 μένην,
2642 798 2736 850 καὶ
2759 800 2940 851 πᾶσαν
2964 797 3132 850 ὲθνῶθ
3159 797 3438 850 διάλεκτον
3463 798 3734 866 ἐπαφιείς·
3761 799 3858 851 καὶ
3888 800 4000 850 πᾶ-

2420 907 2519 944 σαν
2553 888 2856 959 ἀνθρώπων
2875 889 3112 943 διάνοιαν
3136 889 3277 942 κατά
3302 890 3496 957 γενεὰν
3519 891 3614 944 καὶ
3645 890 3838 958 γενεάν
3862 890 4002 960 πρὸς

2418 984 2478 1036 τὸ
2502 985 2701 1036 οἰκεῖον
2729 983 2825 1052 τῆς
2856 983 3133 1050 θεολογίας
3157 983 3538 1052 ἐπισπώμενος
3563 983 3697 1052 φῶς,
3721 983 4002 1052 ὁμοτίμως

2417 1079 2530 1138 τοῖς
2588 1078 2752 1130 πᾶσιν
2821 1076 3102 1139 ἐπιϐλύζει
3155 1075 3253 1145 τὴν
3313 1075 3668 1142 εὐεργεσίαν·
3726 1077 3841 1138 τοῖς
3897 1076 4000 1144 μὲν

2419 1171 2625 1225 ἁπλοῦν
2650 1170 2830 1224 αὐτῶν
2855 1171 2949 1224 καὶ
2975 1170 3164 1223 πιστὸν
3196 1169 3288 1222 τὸν
3323 1169 3599 1238 ὀφθαλμὸν
3639 1170 3738 1238 τῆς
3771 1168 4000 1238 καρδίας

2421 1265 2820 1327 ἐπιϐάλλουσιν,
2847 1263 3096 1333 ἀληθινὸν
3123 1265 3216 1315 καὶ
3249 1263 3519 1332 σωτήριον
3548 1261 3830 1329 γινόμενος
3857 1261 3997 1328 φῶς·

2419 1358 2531 1418 τοῖς
2553 1356 2782 1418 σκολιῶς
2811 1355 2868 1408 δὲ
2913 1356 3006 1408 καὶ
3041 1355 3140 1407 οὐκ
3167 1356 3224 1406 ὲν
3248 1353 3426 1405 πίστει
3459 1351 3595 1421 πρὸς
3628 1351 3794 1403 αὑτὸν
3819 1351 4001 1402 ἀτενί-

2423 1447 2594 1512 ζουσι,
2628 1447 2846 1516 πνεῦμα
2901 1447 3136 1518 κρίσεως
3170 1446 3264 1499 καὶ
3297 1443 3516 1511 πνεῦμα
3568 1442 3815 1503 καύσεως
3864 1440 4002 1493 καθο

2425 1541 2731 1607 ιστάμενος.
2833 1531 2839 1536 ’

2494 1632 2665 1685 Τοῦτο
2704 1633 2832 1694 τοὺς
2861 1630 3182 1701 Λυκούργου
3214 1631 3411 1701 νόμους
3453 1629 3547 1682 καὶ
3589 1628 3826 1690 Σόλωνος
3866 1625 4000 1694 βατ-

2423 1725 2672 1790 τολογίαν
2722 1725 3023 1793 ἀπέφηνεν.
3077 1723 3249 1776 Τοῦτο
3309 1723 3595 1783 Πλάτωνος
3655 1720 3757 1781 τὰς
3799 1721 4001 1772 ἀνυπο-

2427 1816 2658 1878 στάτους
2716 1815 3032 1882 πολιτείας,
3086 1815 3183 1868 καὶ
3235 1814 3333 1876 τὰς
3395 1811 3612 1882 μακρὰς
3640 1814 4000 1877 κατεσίγασεν

2423 1907 2738 1977 ἀδολεσχίας
2761 1925 2774 1938 ·
2805 1911 2899 1962 καὶ
2923 1909 3102 1979 πάσης
3132 1909 3576 1978 Ἀριστοτελικῆς
3604 1904 3873 1974 ἀσαφείας
3903 1906 4003 1956 καὶ

2421 1999 2900 2070 ἀπεραντολογίας,
2937 2001 3033 2054 καὶ
3077 2001 3257 2069 πάσης
3287 1999 3394 2052 τῶν
3430 2000 3561 2067 παρ’
3587 1998 3814 2066 Ἕλλησι
3850 1995 4004 2065 φιλο-

2422 2093 2742 2158 λογωτάτων
2769 2092 3089 2163 συγγραφῆς
3130 2091 3270 2143 κατά
3299 2090 3552 2143 τοσοῦτον
3588 2088 3916 2155 ὲνθεὼτερόν
3936 2105 4001 2139 τε

2422 2187 2516 2236 καὶ
2546 2183 2996 2254 φιλοσοφώτερον,
3033 2185 3141 2252 ὅσῳ
3175 2187 3278 2254 γῆς
3341 2184 3441 2254 μὲν
3471 2183 3698 2252 οὐρανὸς
3736 2182 4000 2251 ὑψηλότε-

2427 2293 2520 2346 ρος
2541 2315 2556 2338 ,
2591 2276 2743 2345 ἥλιος
2774 2277 2831 2328 δὲ
2882 2276 2976 2328 τοῦ
3021 2276 3150 2346 παρ’
3179 2278 3309 2344 ἡμῖν
3349 2275 3542 2344 λύχνου
3589 2272 3881 2342 φανότερος
3907 2274 4006 2325 καί

2423 2367 2927 2438 περιλαμπέστερος
2949 2384 2963 2398 ·
2997 2369 3045 2422 εί
3074 2367 3249 2436 βούλει
3270 2365 3348 2430 δὲ,
3383 2368 3478 2419 καὶ
3500 2367 3609 2436 ὅσῳ
3634 2364 3765 2427 Θεὸς
3787 2363 4007 2434 ἀνθρὼ-

2425 2477 2527 2512 που
2556 2459 2902 2530 τιμιώτερος,
2939 2461 3031 2512 καὶ
3058 2461 3285 2531 ἀλήθεια
3310 2460 3669 2529 ἐκτυπώτερα
3697 2458 3877 2520 σκιᾶς.

2498 2639 2739 2710 Ἥρκεσε
2766 2639 2874 2711 γάρ
2896 2640 3015 2694 ἀντὶ
3045 2639 3264 2692 πάντων
3294 2641 3320 2692 ὁ
3343 2636 3890 2707 τρισμακαριώτατος
3911 2653 4007 2689 τε-

2425 2731 2600 2803 λώνης
2638 2737 2702 2804 τῇ
2747 2733 3042 2804 οἰκουμένῃ
3101 2732 3238 2802 πρὸς
3289 2732 3615 2783 παίδευσιν·
3648 2731 3849 2801 ῆρκεσε
3889 2732 4005 2791 τοῖς

2426 2823 2668 2876 εὐσεϐεῖν
2701 2821 2962 2887 ἐθέλουσι,
3011 2821 3149 2889 πρὸς
3175 2820 3490 2872 εὐσέϐειαν·
3524 2820 3657 2890 πρὸς
3691 2820 3885 2888 σοφίαν
3908 2819 4010 2872 καὶ

2426 2916 2647 2984 γνῶσιν,
2680 2916 2792 2977 τοῖς
2815 2913 3068 2981 γνώσεως
3099 2914 3196 2966 καὶ
3229 2913 3421 2980 σοφίας
3447 2915 3704 2983 ἐρασταῖς
3728 2928 3742 2940 ·
3773 2912 3866 2964 καὶ
3890 2914 4008 2972 τοῖς

2426 3007 2746 3078 πρακτικοῖς
2782 3006 2900 3076 μὲν,
2938 3005 3073 3075 πρὸς
3099 3004 3456 3075 νομοθεσίαν·
3501 3005 3613 3064 τοῖς
3649 3002 4006 3072 θεωρητικοῖς

2427 3097 2484 3150 δὲ
2521 3097 2739 3165 καὶτῆς
2773 3097 2883 3148 ἀνω
2911 3096 3044 3149 θεοῦ
3071 3097 3456 3165 λαμπρότητος
3503 3093 3832 3161 ἐφιεμένοις,
3865 3092 4008 3159 πρὸς

743 3191 852 3235 tem
897 3181 1249 3236 studentibus
1291 3198 1355 3237 ac
1394 3198 1644 3252 supernae
1685 3184 1781 3238 Dei
1820 3185 2087 3240 claritatis
2124 3186 2320 3250 avidis,

2426 3188 2702 3257 θεολογίαν
2725 3189 2820 3242 καὶ
2847 3189 3142 3257 ἀναγωγὴν
3165 3187 3409 3256 ἀπλανῆ·
3444 3188 3555 3248 τοῖς
3592 3185 3760 3237 πᾶσιν
3792 3184 4008 3237 ἔθνεσιν

741 3275 808 3329 ad
850 3276 1177 3344 theologiam
1219 3277 1536 3345 errorisque
1578 3277 1759 3331 omnis
1801 3289 2081 3347 expertem
2119 3280 2322 3334 mentis

741 3366 808 3420 ad
842 3367 1085 3422 cmlestia
1118 3366 1562 3422 subduetionem.
1595 3370 1739 3423 Satis
1770 3369 1872 3423 fuit
1901 3372 2118 3426 cunctis
2147 3371 2323 3441 genti-

744 3458 848 3512 bus
880 3460 1196 3513 Gnecorum
1235 3460 1383 3513 illius
1416 3461 1764 3529 loquacitatis
1796 3465 1939 3523 vice,
1971 3463 2325 3532 compendia-

744 3552 825 3604 ria
862 3551 1144 3620 Evangelii
1183 3551 1435 3604 doctrina
1476 3553 1543 3606 ad
1584 3568 1876 3622 supernam
1921 3553 2324 3624 philosophiam

743 3641 1164 3712 doctrinamque
1192 3653 1246 3697 et
1280 3644 1759 3698 illuminationem.

818 3738 956 3791 llinc
983 3738 1242 3806 neglecta:
1268 3737 1580 3801 academiae,
1609 3738 1918 3792 Stoicorum
1961 3747 2014 3792 et
2051 3720 2326 3808 Peripate-

747 3829 982 3883 ticorum
1013 3827 1213 3880 schola:
1245 3843 1258 3879 :
1291 3828 1550 3896 neglecte
1592 3844 1721 3880 vero
1748 3828 1975 3880 Athena:
2004 3837 2059 3882 et
2091 3828 2323 3890 Thebaz,

745 3935 937 3973 eorum
976 3918 1255 3972 domicilia
1295 3927 1350 3972 et
1387 3918 1548 3972 sedes
1584 3921 1677 3987 qui
1714 3919 2044 3972 videbantur
2078 3920 2324 3988 philoso-

747 4010 931 4077 phiam
1000 4009 1188 4068 colere
1251 4026 1263 4060 ε
1335 4009 1742 4078 ridiculumque
1809 4012 2206 4081 supercilium,
2262 4027 2327 4065 ac

747 4099 1066 4168 despuenda
1099 4098 1244 4152 inani
1279 4098 1420 4152 fastu
1451 4101 1778 4153 tumentium
1812 4102 2075 4171 jactantia
2114 4109 2323 4169 spreta;

747 4192 904 4260 Cujus
921 4191 1084 4244 etiam
1111 4191 1306 4244 merito
1330 4207 1358 4244 a
1378 4207 1506 4245 vera
1529 4193 1794 4261 sapientia
1816 4193 2328 4256 excidentes,disci-

749 4282 864 4350 puli
884 4281 1253 4349 doctoresque
1281 4282 1576 4351 impiorum
1604 4283 1833 4336 deorum
1864 4284 2328 4351 impie,vatesquc

747 4382 804 4426 et
821 4373 1132 4426 sacerdotes
1149 4373 1999 4444 exsecrabilium‘mysteriorum,
2023 4374 2284 4428 exstitere
2313 4391 2326 4426 :

752 4471 968 4532 turpem
1007 4465 1221 4518 scilicet
1259 4465 1434 4533 turpis
1475 4466 1798 4534 cupiditatis
1832 4466 2176 4520 demetentes
2211 4466 2328 4518 fru-

749 4567 921 4619 ctum,
950 4556 1280 4625 dignamque
1311 4557 1619 4611 mercedem
1651 4559 1855 4611 erroris
1887 4567 2250 4627 reportantcs.

814 4646 1026 4702 Cuncta
1069 4648 1184 4702 lucc
1223 4648 1427 4703 abolita
1469 4659 1598 4703 sunt
1640 4659 1696 4704 et
1732 4650 2035 4713 exsufﬂata,
2069 4650 2328 4719 volutquc

749 4741 935 4794 fumus
967 4741 1144 4793 soluta
1183 4756 1246 4794 ac
1281 4741 1423 4794 sicut
1457 4741 1636 4810 pulvis
1669 4743 1902 4806 sublata,
1935 4757 2001 4796 ex
2039 4757 2149 4810 quo
2186 4752 2264 4806 tu,
2295 4757 2328 4796 ο

751 4832 932 4895 beate,
956 4833 1140 4886 animo
1165 4833 1484 4902 incorrupto
1507 4841 1801 4903 menteque
1823 4850 1854 4888 e
1883 4844 2025 4888 terra
2054 4835 2106 4887 in
2131 4835 2329 4889 cmlum

749 4934 997 4987 extensa,
1025 4925 1176 4977 velut
1198 4924 1326 4977 tuba
1347 4924 1562 4984 ductili.
1597 4926 1725 4978 tuba
1747 4941 1947 4980 cornea
1972 4926 2035 4990 ",
2066 4925 2280 4979 divinos
2300 4941 2330 4978 a

751 5025 804 5069 te
841 5015 1138 5083 conscripti
1180 5015 1458 5084 Evangelii
1499 5032 1662 5070 sonos
1700 5016 1930 5085 clangis.
1957 5015 2014 5070 ld
2055 5017 2326 5071 commodi

750 5123 817 5160 ex
863 5116 956 5161 tua
1006 5107 1278 5176 sapientia
1325 5109 1606 5161 consecuti
1653 5123 1864 5162 sumus.
1902 5107 2056 5163 Hunc
2106 5109 2214 5163 tuis
2261 5125 2328 5162 ex

750 5195 1036 5250 laboribus
1074 5197 1406 5265 sempiterna
1451 5198 1672 5267 dignum
1720 5199 1979 5252 memoria
2025 5216 2090 5255 ac
2133 5200 2328 5254 indeﬁ-

753 5285 988 5339 cientem
1035 5285 1272 5339 fructum
1302 5285 1652 5355 decerpimus
1680 5290 1721 5351 ’,
1758 5304 1920 5358 quem
1954 5289 2009 5343 in
2052 5305 2180 5344 vera
2221 5291 2331 5346 vite

755 5391 982 5429 manens
1035 5385 1197 5444 atque
1255 5392 1284 5430 a
1338 5377 1568 5446 spiritali
1618 5389 1878 5449 purgatus
1926 5381 2158 5451 agricola
2213 5391 2334 5436 tan-

757 5483 921 5535 quam
947 5467 1143 5524 fertilis
1167 5469 1374 5538 palmes
1393 5470 1751 5539 multipliccm
1768 5471 2020 5535 edidisti;
2040 5487 2213 5541 coque
2236 5473 2334 5526 im-

756 5560 921 5628 pleti,
948 5561 1141 5615 mortis
1169 5561 1459 5632 abjicimus
1492 5563 1769 5624 tenebras.
1800 5579 1862 5616 ac
1899 5563 2178 5618 induimus
2209 5564 2332 5618 vitae

753 5652 929 5707 lucem
950 5654 1012 5704 ν.

2423 3282 2681 3351 ἤρκεσεν,
2718 3279 2839 3333 ἀντὶ
2883 3279 2984 3347 τῆς
3023 3279 3345 3348 Ἑλληνικῆς
3375 3275 3720 3343 πολυλογίας,
3754 3274 3831 3343 τῷ
3875 3291 4009 3326 συν-

2422 3372 2748 3441 τετιμημένῳ
2783 3369 2876 3424 τοῦ
2915 3371 3246 3440 Εὐαγγελίου
3298 3371 3440 3442 λόγῳ
3500 3373 3638 3442 πρός
3691 3389 3751 3424 τε
3783 3371 4005 3439 φιλοσο-

2427 3462 2556 3531 φίαν
2591 3461 2690 3533 τὴν
2720 3463 2978 3516 ἀνωτάτω
3011 3465 3105 3516 καὶ
3135 3463 3482 3518 διδασκαλίαν
3513 3465 3606 3518 καὶ
3631 3463 3928 3534 φωτισμόν.

2512 3726 2790 3779 Ἐντεῦθεν
2847 3728 3149 3798 ἠμέληνται
3214 3729 3314 3798 μὲν
3375 3732 3430 3783 αἱ
3508 3730 3850 3799 ἀκαδημίαι,
3906 3731 4008 3785 καὶ

2430 3817 2585 3870 στοαὶ
2618 3820 2712 3870 καὶ
2737 3820 3061 3888 περίπατοι·
3085 3821 3386 3892 ἠμέληνται
3413 3822 3469 3874 δὲ
3517 3821 3736 3890 Ἀθῆναι
3763 3824 3856 3875 καὶ
3893 3823 4008 3890 Θῆ-

2431 3912 2542 3975 ϐαι,
2568 3912 2674 3964 τῶν
2714 3912 3024 3981 φιλοσοφεῖν
3063 3913 3324 3981 οἰομένων
3360 3914 3416 3965 αἱ
3463 3913 3769 3982 διατριϐαί·
3822 3915 3918 3966 καὶ
3969 3916 4006 3982 ἡ

2431 4003 2833 4070 καταγέλαστος
2861 4003 3054 4072 ὀφρῦς,
3096 4005 3190 4056 καὶ
3220 4006 3252 4073 ἡ
3286 4003 3663 4066 κατάπτυστος
3691 4005 3865 4068 οἴησις
3894 4005 4010 4056 τῶν

2429 4095 2796 4163 κατοιομένων
2841 4096 3231 4166 περιεώραται,
3277 4097 3344 4149 δι’
3377 4098 3444 4165 ἦν
3482 4098 3702 4166 καὶτῆς
3745 4096 4010 4163 ἀληθινῆς

2431 4190 2621 4256 σοφίας
2650 4189 3076 4258 ἁμαρτάνοντες,
3108 4189 3309 4256 μύσται
3355 4188 3450 4241 καὶ
3487 4189 3839 4257 μυσταγωγοὶ
3864 4188 4010 4240 θεῶν

2429 4281 2604 4334 ἀθέων
2635 4281 2829 4344 ἀθέως,
2862 4279 3196 4349 ὲκφάντορές
3223 4295 3282 4331 τε
3309 4280 3404 4332 καὶ
3426 4279 3769 4349 τελετουργοὶ
3797 4297 4010 4349 μυστη-

2433 4373 2564 4445 ρίων
2611 4375 2952 4443 κατέστησαν
2991 4373 3234 4436 ἐναγῶν·
3267 4369 3493 4441 αἰσχρὸν
3535 4375 3768 4442 αἰσχρᾶς
3811 4373 4010 4426 ἐπιθε-

2435 4462 2562 4530 μίας
2592 4463 2902 4530 τρυγῶντες
2941 4463 3176 4532 καρπὸν,
3201 4463 3296 4516 καὶ
3325 4463 3425 4531 τὴν
3453 4464 3800 4533 ἀντιμισθίαν
3847 4463 4012 4527 ἀξίαν

2359 4555 2406 4610 ι)
2434 4555 2533 4622 τῆς
2559 4554 2767 4623 πλάνης
2793 4554 3164 4623 κομιζόμενοι.

2506 4647 2689 4700 Πάντα
2721 4644 2890 4698 ταῦτα
2933 4648 3280 4714 κατήργηται
3325 4646 3420 4699 καὶ
3447 4645 3765 4715 ἠφάνισται,
3795 4646 3889 4699 καὶ
3931 4648 4015 4709 ὡς

2430 4737 2639 4798 καπνὸς
2659 4737 2846 4806 ἐλύθη,
2879 4739 2974 4789 καὶ
3005 4737 3080 4799 ὡς
3117 4738 3394 4807 κονιορτὸς
3439 4737 3664 4808 ἐξήρθη,
3697 4739 3789 4806 ἀφ’
3818 4733 3877 4792 οὗ
3918 4741 4013 4803 σὺ,

2432 4821 2478 4879 ὦ
2510 4829 2721 4899 μάκαρ,
2747 4830 3012 4899 ἀκῆράτῳ
3034 4829 3203 4898 ψυχῇ,
3233 4830 3326 4881 καὶ
3356 4829 3523 4897 γῆθεν
3551 4830 3631 4892 είς
3663 4830 3892 4900 οὐρανὸν
3914 4832 4014 4882 ὲκ-

2431 4923 2702 4992 τεταμένῃ
2727 4922 2958 4992 διανοίᾳ,
2990 4917 3080 4974 οἷα
3110 4922 3370 4989 σάλπιγγι
3413 4923 3602 4992 ὲλατῇ,
3627 4923 3888 4990 σάλπιγγι
3919 4941 4016 4975 κε-

2438 5014 2656 5086 ρατίνη,
2715 5013 2776 5066 τὸ
2837 5015 2979 5066 κατά
3041 5014 3097 5065 σὲ
3127 5013 3455 5082 θεόφθογγον
3499 5015 3830 5082 Εὑαγγέλιον
3881 5015 4016 5067 σαλο

2435 5105 2633 5168 πίζεις.
2681 5104 2850 5158 Τοῦτο
2901 5107 3000 5175 τῆς
3045 5107 3144 5176 σῆς
3181 5107 3521 5175 ἀπωνάμεθα
3563 5107 3771 5174 σοφίας.
3807 5105 4016 5158 Τοῦτον

2435 5196 2748 5266 δρεπόμεθα
2773 5198 2882 5249 τῶν
2911 5199 3020 5249 σῶν
3051 5197 3228 5250 πόνων
3269 5199 3600 5267 ἀείμνηστον
3640 5200 3732 5250 καὶ
3760 5197 4014 5250 ἀνέκλει-

2437 5305 2568 5340 πτον
2605 5289 2835 5358 καρπὸν,
2861 5288 2920 5342 ὃν
2947 5291 3004 5342 ὲν
3031 5293 3099 5360 τῇ
3136 5289 3361 5359 ἀληθινῇ
3395 5289 3575 5358 μένων
3622 5288 3885 5359 ἀμπέλῳ,
3917 5291 4018 5342 καὶ

2434 5382 2568 5450 πρὸς
2616 5381 2708 5435 τοῦ
2750 5382 2942 5454 νοητοῦ
2992 5384 3392 5452 καθαιρόμενος
3437 5383 3713 5453 γεωργοῦ,
3759 5383 4018 5453 καθάπερ

2433 5471 2663 5542 εὕφορον
2701 5472 2908 5542 κλῆμα,
2961 5474 3326 5526 πολυπλάσιον
3379 5474 3876 5545 ὲκαρποφόρησας·
3917 5479 4019 5526 καὶ

2430 5564 2619 5616 τούτου
2677 5566 3068 5635 πληρούμενοι,
3113 5567 3482 5636 ἀποτιθέμείὴι
3531 5568 3628 5633 μὲν
3663 5567 3755 5617 τὸν
3811 5566 4011 5619 σκότον

2430 5657 2525 5708 τοῦ
2556 5657 2788 5711 θανάτου
2813 5674 2825 5688 ·
2858 5658 3155 5728 ὲνδυόμεθα
3185 5659 3242 5712 δὲ
3275 5659 3333 5711 τὸ
3365 5660 3481 5728 φῶς
3513 5659 3608 5728 τῆς
3640 5657 3805 5727 ζωῆς.

861 5857 881 5885 ⁸
907 5856 1007 5910 lsa.
1039 5873 1108 5917 Iv,
1138 5858 1189 5911 ι.
1267 5859 1306 5889 ⁸⁸
1336 5859 1477 5914 Psal.
1506 5875 1663 5922 xcv",
1690 5859 1742 5912 6.
1807 5859 1826 5889 ’
1854 5857 2010 5913 Joan.
2036 5875 2122 5919 xv,
2149 5859 2198 5910 8.
2263 5860 2301 5889 ’³⁸
2335 5859 2489 5912 Rom.
2516 5876 2628 5921 xm,
2662 5861 2741 5912 12.
