4180 6434
179 418 285 482 2&3

942 411 1222 469 UIU'I‘IO
1260 411 1362 468 Xl.
1391 409 1555 468 -ΙΝ
1598 407 1904 466 LAUDEM
1950 408 2009 465 S.
2054 408 2406 466 ΜᾹΤΤΙΙΚΕΙ
2470 407 2720 466 APOST.

3341 416 3446 476 21H

250 532 435 584 Πάντα
470 527 568 594 μὲν
597 521 690 578 οὖν
714 524 808 576 τοῦ
838 526 1253 592 μακαριωτάτου
1273 520 1661 589 εὐαγγελιστοῦ
1689 523 1757 573 τά

1927 519 2136 572 Cuncta
2176 520 2399 588 quidem
2442 518 2745 573 beatissimi
2791 520 3139 589 evangelista:
3183 527 3443 591 praeclara

181 618 581 687 κατορθώματα
611 657 626 679 ,
688 618 790 668 ὅσα
840 631 897 665 τε
961 614 1143 680 λόγοις
1203 614 1315 674 τοῖς
1375 613 1464 665 διά
1529 610 1754 679 χειλέων

181 710 432 782 προϊοῦσι
471 706 791 777 θεοπρεπῶς
840 706 1105 774 θεολογῶν
1154 704 1435 769 ἐδοξάζετο
1484 703 1717 772 Χριστόν
1741 719 1754 731 ·

178 802 277 852 ὅσα
301 817 361 851 τε
392 799 481 851 διά
522 796 619 849 τοῦ
652 794 994 865 παντουργοῦ
1026 793 1341 863 Πνεύματος
1373 792 1632 863 ἐνεργῶν.
1664 794 1759 844 καὶ

177 892 301 952 τοὺς
326 888 494 950 λαοὺς
524 885 774 950 ὲξιστῶν,
833 884 918 952 ἐφ’
949 883 1044 946 οὓς
1075 883 1239 937 αὑτὸν
1282 885 1314 953 ἡ
1346 883 1509 953 χάρις
1542 882 1759 951 ἀπήγα-

180 999 295 1049 γεν,
345 978 648 1050 ἐμεγάλυνε
703 977 794 1031 τὸν
821 977 953 1029 θεόν
978 991 991 1005 ·
1042 977 1136 1028 καὶ
1174 976 1321 1039 ὅπως
1358 975 1417 1028 δὲ
1449 973 1760 1026 τελευταῖον

178 1071 321 1125 κατά
367 1071 469 1139 τὴν
523 1072 581 1123 ἐν
618 1069 793 1138 Συρίᾳ
837 1066 1126 1136 γενόμενος
1180 1065 1506 1136 Ἰεράπολιν⁹
1558 1064 1649 1117 καὶ
1701 1066 1761 1116 ἐν

180 1163 332 1233 μέσῳ
362 1161 575 1215 πολλῶν
622 1160 843 1221 αἰνέσας
884 1158 975 1212 τὸν
1037 1159 1264 1226 Ἰησοῦν,
1319 1158 1415 1211 καὶ
1460 1158 1763 1229 θεορῤημο-

180 1256 369 1318 σύναις
400 1252 761 1315 θεοτελέστοις
787 1250 1084 1323 ὑπερφυῶς
1120 1252 1349 1315 δοξάσας
1378 1251 1634 1320 Χριστὸν,
1666 1250 1762 1304 καὶ

176 1348 301 1410 τοὺς
336 1344 774 1403 πεπιστευκότας
823 1344 890 1396 δι’
922 1344 1088 1397 αὑτοῦ
1142 1344 1222 1414 τῷ
1256 1342 1448 1413 Κυρίῳ
1493 1343 1766 1413 προσαγό-

180 1456 360 1509 μενος,
393 1440 489 1492 καὶ
528 1436 854 1507 Ἐκκλησίαν
897 1436 1095 1499 αὐτοὺς
1124 1436 1305 1501 ἁγίαν,
1336 1436 1566 1506 ἀμωμον
1594 1453 1764 1489 κατα·

179 1532 592 1601 σκευασάμενος
612 1544 625 1558 ’
680 1529 776 1581 καὶ
803 1526 945 1581 οὕτω
974 1528 1039 1596 δὴ
1077 1529 1139 1581 τὸ
1166 1526 1261 1581 τοῦ
1298 1527 1434 1581 Θεοῦ
1469 1527 1767 1598 μαρτύριον

181 1624 342 1691 ίξρῶς
402 1624 497 1675 καὶ
543 1620 711 1687 ἀξίως
755 1624 854 1692 τῆς
908 1619 1076 1675 αὑτοῦ
1144 1620 1392 1692 κλήσεως
1445 1619 1764 1685 τετελεκὼς,

177 1715 442 1767 ἀνέλυσεν
476 1712 707 1777 ἐνδόξως
734 1714 871 1783 πρὸς
904 1712 997 1765 τὸν
1025 1711 1191 1765 αὑτοῦ
1238 1712 1470 1766 Βασιλέα
1517 1711 1612 1764 καὶ
1656 1712 1767 1764 Κύ-

182 1824 298 1875 ριον
327 1808 427 1860 καὶ
456 1806 623 1860 Θεόν*
654 1801 744 1859 οἷα
777 1806 876 1875 μὲν
896 1804 1166 1873 χιτώνιον,
1198 1803 1260 1857 τὺ
1298 1804 1456 1871 ἀγιον
1486 1803 1656 1873 δέμας
1676 1804 1767 1856 καὶ

178 1899 360 1968 τίμιον
390 1899 762 1968 ἀποθέμενος’
806 1897 1058 1967 οὐράνιον
1085 1895 1144 1950 δὲ
1190 1896 1351 1961 δόξαν
1380 1896 1590 1949 ἔνδοθεν
1623 1897 1769 1965 ἀμφ-
1797 1883 1844 1943 Β

182 1987 473 2057 ιεσάμενος
520 1988 616 2040 καὶ
646 1986 833 2057 τιμὴν,
866 1986 959 2040 καὶ
1014 1988 1073 2040 έν
1111 1987 1256 2056 χαρᾷ
1301 1984 1649 2056 ἀνεκλαλήτῳ
1680 1987 1771 2039 καὶ

181 2079 572 2149 δεδοξασμένῃ,
632 2078 815 2147 πάσης
876 2057 1135 2147 οὐρανίας
1192 2077 1476 2147 ίεραρχίας
1534 2078 1773 2147 ὑπερκο-

184 2171 363 2239 σμίως
394 2170 561 2222 αὑτὸν
589 2169 1073 2240 παραπεμπούσης
1103 2169 1199 2222 καὶ
1242 2168 1667 2239 δορυφορούσης,
1696 2165 1774 2235 τῷ

183 2260 468 2330 προσώπῳ
533 2261 635 2329 τῆς
698 2259 1152 2331 μεγαλοπρεποῦς
1215 2260 1372 2330 δόξης
1436 2258 1773 2312 κατενώπιοθ

183 2351 321 2405 θεοῦ
352 2354 413 2404 ἐν
462 2350 685 2421 Χριστῷ
735 2350 910 2419 Ἰησοῦ
966 2351 1508 2422 ὲμφανισθησόμενος
1562 2349 1769 2420 εἰσῄειο

185 2446 243 2497 ὃν
300 2444 397 2496 καὶ
441 2442 709 2512 στέφανον
758 2442 917 2512 δόξης
973 2444 1069 2497 καὶ
1121 2442 1414 2513 περιβολὴν
1462 2442 1774 2512 ἀφθαρσίας

186 2543 278 2595 καὶ
308 2540 460 2610 ζωὴν
482 2540 723 2604 αἰώνιον,
748 2541 842 2592 καὶ
872 2540 1153 2610 βασιλείαν
1177 2539 1474 2593 ἀσάλευτον
1498 2538 1776 2610 κεκλήρω-

184 2652 293 2685 ται.

255 2725 453 2778 Ταῦτα
483 2726 664 2779 πάντα
708 2726 830 2788 ταῖς
859 2723 1129 2793 ἱστορίαις
1172 2724 1267 2777 καί
1296 2725 1418 2787 ταῖς
1468 2723 1776 2793 κρείττοσιν

188 2819 218 2887 ῆ
250 2818 375 2871 κατ’
405 2818 509 2887 ἐμὲ
539 2816 837 2884 θεολογίαις
876 2818 1071 2886 παρεὶς
1094 2856 1110 2881 ,
1158 2814 1553 2886 προσαγορεύω
1587 2831 1644 2866 σε
1677 2814 1778 2884 τὴν

189 2907 603 2976 κεχαρισμένην
650 2904 771 2975 Θεῷ
807 2906 901 2958 καὶ
936 2906 1057 2959 λίαν
1098 2904 1478 2976 πεφιλημένην
1511 2904 1774 2974 κεφαλήν.

188 2999 356 3068 Χαῖρέ
384 3014 504 3066 μοι,
523 2996 632 3049 τῶν
654 2997 969 3050 ἀποστόλων
990 2996 1397 3066 σεδασμιώτατε
1427 2998 1521 3049 καὶ
1548 2997 1776 3065 ἀξιομα-

191 3088 583 3158 καριστότατε.
612 3088 807 3158 Χαῖρε,
829 3089 909 3140 ὅτι
946 3088 1009 3140 τὸ
1040 3088 1149 3141 τῶν
1190 3088 1489 3158 χρημάτων
1524 3085 1778 3141 τελώνιον

188 3179 266 3238 ὡς
294 3179 455 3244 ἄγος,
488 3177 567 3239 ὡς
598 3176 813 3247 μίασμα
853 3178 1195 3240 καταλιπὼν,
1240 3177 1340 3248 τὴν
1364 3177 1474 3231 τῶν
1505 3178 1782 3247 χαρισμά-

193 3285 301 3320 των
326 3267 469 3320 Θεοῦ
494 3267 881 3337 πεπλούτηκας
910 3269 1251 3337 περιουσίαν,
1286 3268 1381 3321 καὶ
1420 3267 1609 3337 ὥσπερ
1645 3268 1778 3321 ὑπο⁴

190 3361 450 3429 δείγματι
479 3360 591 3412 τῶν
639 3360 983 3429 νοουμένων,
1033 3362 1100 3430 τῇ
1157 3360 1266 3411 τῶν
1310 3359 1603 3429 ὁρωμένων
1649 3376 1784 3429 χρη-

196 3454 430 3521 σάμενος
457 3453 708 3521 ἁρπαγῇ,
732 3451 1034 3515 εύθυϐόλως
1056 3452 1194 3522 πρὸς
1222 3452 1321 3522 τὴν
1344 3452 1571 3505 ἐκείνων
1598 3449 1780 3519 λῆψιν,

192 3546 293 3595 εἶτ’
330 3541 429 3597 οὖν
478 3544 773 3613 ἐπαινετὴν
818 3544 1053 3614 ἔδραμες
1104 3545 1389 3613 ἁρπαγήν·
1426 3542 1520 3595 καὶ
1546 3541 1787 3611 τοσούτῳ

190 3634 292 3703 τὴν
339 3628 637 3704 ἄμεμπτον
683 3634 1116 3704 ἐπλεονέκτησας
1177 3633 1510 3698 πλεονεξίαν,
1553 3634 1662 3701 ὅσῳ
1690 3633 1787 3701 τῆς

197 3727 473 3797 μωμητῆς
500 3726 878 3795 ύπερανέστης
900 3742 914 3756 ’
948 3728 1164 3797 ἐκείνης
1215 3726 1273 3779 δὲ
1317 3724 1572 3779 τοσοῦτον
1612 3723 1787 3794 ἀπηλ-

195 3816 531 3889 λοτριώθης,
560 3817 685 3870 ὅσον
717 3818 891 3887 ταύτῃ
920 3817 1111 3885 σαφῶς
1138 3816 1581 3888 προσῳκειώθης.

265 4084 471 4155 Χαῖρε,
502 4085 712 4153 μάκαρ,
734 4085 977 4137 αύτόπτα
1000 4083 1099 4152 τῆς
1133 4080 1392 4152 ἀληθείας
1424 4081 1520 4134 καὶ
1549 4080 1784 4133 056mm-

199 4176 227 4227 ό
246 4177 341 4228 τὸν
364 4176 643 4244 ἀτίμητον
671 4174 942 4244 Θησαυρὸν
968 4173 1164 4244 εὑρὼν,
1200 4172 1276 4239 ὡς
1308 4173 1366 4224 ὲν
1391 4172 1547 4243 ἀγρῷ
1570 4174 1637 4241 τῇ
1660 4188 1793 4241 καρο

198 4267 280 4337 δίᾳ
329 4264 596 4334 κρυφίως
627 4267 1139 4333 κατακεχωσμένον,
1190 4263 1288 4316 καὶ
1329 4264 1439 4316 ἀπὸ
1485 4264 1584 4332 τῆς
1620 4263 1793 4331 χαρᾶς

199 4356 457 4409 ἀπελθὼν
480 4396 499 4420 ,
534 4355 631 4407 καὶ
663 4356 843 4408 πάντα
871 4356 970 4407 ὅσα
1016 4352 1160 4424 εἶχες
1208 4351 1528 4426 πεπραχὼς,
1572 4355 1665 4407 καὶ
1705 4353 1795 4405 τὸν

201 4450 370 4518 ἀγρὸν
427 4448 768 4516 ἐωνημένος,
829 4448 919 4501 διὰ
974 4449 1067 4501 τὸν
1118 4449 1176 4499 ὲν
1212 4446 1363 4516 αύτῷ
1416 4446 1797 4516 κεκρυμμένον

1870 618 2055 681 gesta,
2109 622 2423 679 quantaque
2480 610 2830 665 sermonibus
2888 611 3159 667 labiorum
3220 630 3445 670 munere

1867 702 2268 772 prodeuntibus
2310 702 2496 756 divine
2542 711 2884 773 angusteque
2922 704 3128 759 docens
3164 704 3448 760 Christum

1868 792 2292 857 clariticaverit,
2340 807 2404 845 ac
2458 803 2661 861 quanta
2724 808 2823 863 per
2875 793 3139 863 Spiritum
3197 796 3447 850 omnium

1866 885 2211 941 conditorem
2264 900 2530 955 operans,
2558 901 2763 956 eosque
2807 886 2875 941 ad
2917 903 3056 956 quos
3104 904 3229 943 eum
3277 891 3448 960 gratia

1867 977 2259 1033 amandaverat
2294 978 2350 1032 in
2382 986 2665 1047 stuporem
2697 995 2895 1050 agens,
2923 980 3095 1035 Deum
3131 983 3449 1050 magniﬁca-

1868 1070 2012 1124 verit
2037 1086 2050 1122 :
2074 1069 2544 1140 quemadmodum
2569 1070 2735 1124 etiam
2762 1072 2828 1125 ad
2857 1082 3162 1127 extremum
3191 1073 3453 1142 Hierapo-

1871 1161 1969 1215 lim
2004 1160 2173 1232 Syriae
2199 1162 2451 1223 veniens,
2479 1161 2836 1232 confertaque
2868 1163 3150 1219 hominum
3185 1165 3451 1219 concione

1870 1253 2056 1306 Jesum
2092 1253 2357 1317 laudans,
2382 1252 2694 1323 divinisque
2737 1254 3221 1323 praedicationibus
3251 1257 3452 1311 eximie

1871 1344 2154 1401 Christum
2188 1346 2496 1409 celebrans,
2528 1356 2693 1415 atque
2724 1362 2821 1401 eos
2850 1345 2945 1415 qui
2982 1360 3080 1415 per
3115 1347 3293 1415 ipsum
3324 1363 3449 1403 crc-

1874 1438 2166 1499 didissent,
2191 1437 2426 1492 Domino
2451 1437 2775 1507 adiungens,
2801 1446 3157 1507 sanctamque
3181 1446 3238 1492 et
3263 1438 3450 1493 imma-

1873 1532 2110 1585 culatam
2147 1530 2447 1585 Ecclesiam
2493 1540 2814 1594 exstruens;
2858 1530 3022 1597 inque
3060 1546 3186 1583 eum
3232 1530 3453 1583 modum

1873 1633 2096 1682 sancte,
2122 1628 2179 1675 et
2214 1630 2274 1675 ut
2305 1622 2424 1691 ejus
2455 1620 2682 1690 dignum
2716 1628 2838 1674 erat
2861 1620 3171 1684 vocatione,
3201 1620 3298 1674 Dei
3326 1620 3455 1674 fun-

1874 1724 1997 1768 ctus
2026 1711 2306 1782 martyrio,
2332 1712 2398 1766 ad
2432 1712 2636 1781 Regem
2668 1726 2827 1764 suum
2857 1719 2913 1765 et
2935 1711 3226 1765 Dominum
3256 1712 3456 1767 Deum—

1876 1820 1983 1875 que
2028 1805 2307 1873 profeetus
2347 1807 2448 1870 sit;
2486 1804 2639 1858 velut
2670 1803 2892 1874 quidem
2937 1805 3122 1859 tunica
3163 1813 3352 1860 sancto
3393 1821 3459 1861 ae

1875 1898 2173 1953 venerabili
2221 1898 2475 1966 deposito
2521 1913 2784 1968 corpore,
2820 1898 3097 1952 etrlestem
3135 1914 3264 1953 vero
3312 1900 3460 1952 intus

1875 1989 2100 2045 indutus
2142 1989 2449 2045 claritatem
2490 1997 2658 2058 atque
2703 1988 2998 2054 honorem;
3046 1989 3214 2059 inque
3258 1990 3459 2060 gaudio

1876 2082 2238 2138 inenarrabili
2296 2090 2353 2135 et
2405 2081 2747 2152 glorificato,
2795 2081 2941 2135 omni
3000 2081 3246 2137 coalitum
3305 2098 3461 2137 sacro

1876 2173 2183 2244 principatu
2227 2187 2425 2242 pompa
2470 2172 2676 2226 mundo
2724 2174 2999 2241 superiori
3044 2173 3355 2229 deducente
3395 2189 3461 2228 ae

1875 2267 2155 2334 stipante,
2202 2264 2380 2317 vultui
2431 2265 2735 2333 magnificae
2783 2264 2970 2333 gloria:
3016 2279 3201 2319 coram
3248 2267 3361 2321 Deo
3404 2266 3460 2319 in

1874 2354 2096 2410 Christo
2160 2354 2293 2410 Jesu
2349 2355 2734 2423 appariturus,
2792 2353 3072 2423 ingressus
3125 2357 3254 2411 sit:
3297 2372 3460 2426 quem

1880 2458 1935 2501 et
1961 2460 2222 2500 coronam
2264 2444 2452 2515 gloria:
2491 2453 2547 2498 et
2587 2443 2971 2500 indumentum
3011 2445 3458 2517 incorruptionis,

1878 2539 2159 2606 vitamque
2181 2543 2445 2591 aztcrnam
2474 2550 2540 2591 ac
2566 2552 2793 2608 regnum
2821 2537 3203 2594 inconcussum
3227 2540 3464 2610 adeptus

1881 2627 2046 2681 est“.

1952 2714 2075 2771 Haec
2104 2714 2363 2771 nimirum
2390 2716 2573 2771 omnia
2603 2716 2955 2771 historiarum
2981 2719 3374 2784 monumentis,
3399 2735 3463 2775 ac

1881 2806 2209 2876 potioribus,
2239 2823 2403 2877 quam
2446 2822 2545 2877 pro
2590 2824 2709 2863 mea
2756 2807 3014 2864 facultate
3053 2808 3256 2865 divinis
3299 2826 3462 2865 exor-

1885 2899 2066 2953 nanda
2096 2899 2450 2954 sermonibus
2479 2898 2687 2964 sinetis,
2720 2900 2772 2953 in
2803 2900 2881 2954 tui
2911 2900 3157 2955 desinam
3185 2901 3465 2957 salutatio-

1883 3004 2030 3050 nem,
2052 2989 2163 3043 Deo
2185 2998 2398 3059 gratum
2417 3003 2481 3042 ac
2501 2988 2659 3043 valde
2687 2990 2922 3043 amicum
2953 2992 3144 3060 caput!
3180 2991 3338 3047 Salve
3365 2993 3462 3056 sis,

1888 3080 2266 3149 apostolorum
2300 3078 2809 3145 venerabilissime,
2837 3097 2902 3137 ae
2935 3084 3135 3137 merito
3167 3083 3467 3139 beatissimi

1889 3171 2051 3224 titulo
2092 3170 2461 3240 praedicande.
2494 3170 2713 3235 Gaude,
2743 3172 2893 3238 quod
2948 3183 3208 3243 tanquam
3254 3176 3469 3245 piaculo

1888 3276 1952 3315 ac
2001 3262 2473 3315 contaminatione
2523 3262 2719 3316 relicto
2773 3266 3135 3332 pecuniarum
3184 3266 3466 3335 portorio.

1887 3351 2157 3406 donorum
2184 3352 2278 3407 Dei
2307 3352 2614 3407 substantia
2648 3354 2893 3422 locuples
2925 3355 3173 3419 evasisti,
3204 3355 3468 3433 velutqne

1888 3459 2081 3497 eorum
2108 3458 2231 3513 quae
2261 3445 2449 3498 animo
2479 3444 2866 3515 intelliguntur
2889 3447 3162 3516 exemplo,
3190 3462 3376 3501 rerum
3413 3448 3470 3501 in

1890 3544 2175 3604 aspectum
2228 3535 2545 3590 cadentium
2598 3537 2790 3606 rapina
2841 3554 3008 3601 usus,
3060 3548 3212 3593 recta
3256 3539 3322 3592 ad
3380 3540 3472 3594 illa

1892 3627 2158 3697 capienda
2229 3628 2597 3696 (laudabilem
2664 3630 2876 3684 scilicet
2932 3646 3124 3685 eorum
3188 3631 3472 3701 rapinam)

1893 3720 2188 3775 cucurristi
2220 3738 2233 3774 :
2270 3730 2535 3791 tantoque
2563 3722 2786 3777 innoxia
2816 3723 2906 3777 illa
2935 3724 3059 3793 plus
3086 3723 3322 3778 habendi
3352 3722 3477 3778 libi-

1894 3812 2021 3867 dine
2054 3812 2237 3867 vicisti
2266 3854 2280 3875 ,
2316 3824 2524 3882 quanto
2558 3814 2818 3884 culpabili
2855 3815 3125 3870 emersisti
3164 3833 3179 3871 :
3215 3824 3477 3885 tantoque

1894 3902 1964 3955 ab
1998 3902 2103 3956 hac
2137 3900 2312 3971 magis
2353 3901 2627 3957 alienatus
2664 3902 2895 3958 avaritia
2929 3919 3017 3969 es,
3051 3915 3259 3975 quanto
3300 3913 3354 3960 te
3399 3905 3476 3960 illi

1897 4001 2088 4062 aperte
2117 3992 2434 4048 devinxisti.

1970 4084 2129 4139 Salve
2164 4085 2261 4147 sis,
2307 4085 2489 4152 beate,
2534 4087 2628 4155 qui
2666 4087 2799 4157 ipsis
2832 4087 3008 4142 oculis
3038 4088 3322 4143 veritatem
3352 4103 3479 4157 spc-

1899 4176 2083 4240 ctasti,
2119 4191 2184 4229 ac
2223 4176 2395 4230 Deum
2426 4176 2611 4232 vidisti
2648 4197 2661 4232 :
2698 4179 2792 4246 qui
2825 4178 2985 4249 longe
3020 4179 3480 4248 pretiosissimum

1903 4267 2225 4321 thesaurum
2248 4268 2401 4321 velut
2430 4268 2485 4321 in
2514 4284 2667 4338 agro,
2689 4269 2747 4323 in
2770 4270 2938 4324 corde
2961 4270 3175 4325 occulte
3202 4269 3481 4323 defossum

1902 4354 2190 4417 invenisti,
2236 4370 2299 4409 ac
2352 4372 2464 4425 pra“:
2516 4357 2717 4426 gaudio
2766 4358 3006 4421 vadens,
3061 4374 3185 4428 qua:
3234 4359 3482 4413 habebas

1901 4447 2088 4501 omnia
2109 4448 2431 4513 vendidisti,
2459 4464 2762 4518 agrumque
2790 4460 3017 4519 propter
3040 4451 3301 4505 latentem
3334 4451 3388 4504 in
3415 4464 3485 4502 eo

200 4541 481 4611 θησαυρόν
502 4555 517 4568 ⁸
553 4538 652 4591 καὶ
693 4540 754 4592 ού
787 4539 949 4607 μόνος
975 4539 1069 4593 τοῦ
1100 4538 1367 4607 ἀμιάντου
1400 4537 1780 4593 καταπολαύωι

1905 4539 2221 4594 thesaurum
2267 4541 2582 4595 coemisti“
2626 4559 2641 4595 :
2687 4557 2791 4595 nec
2838 4542 2990 4595 solus
3034 4541 3486 4596 incontaminatis

202 4634 464 4696 πλούτου,
520 4630 637 4685 ἀλλ’
689 4632 755 4683 έκ
794 4630 888 4683 τοῦ
940 4630 1042 4700 τῆς
1089 4630 1318 4701 καρδίας
1360 4630 1798 4700 περισσεύματος

202 4727 293 4788 τας
325 4726 464 4787 ὅλας
487 4724 794 4787 πλουτίζων
826 4722 935 4777 τῶν
956 4721 1265 4793 ἀνθρώπων
1295 4724 1510 4789 γενεάς.

268 4816 451 4884 Χαῖρε
476 4854 494 4877 ,
553 4814 639 4866 ὅτι
673 4812 888 4882 πρῶτος
918 4813 1082 4875 αὐτὸς
1122 4812 1218 4865 τοῦ
1262 4813 1621 4883 Παρακλήτου
1665 4830 1798 4866 κατ-

232 4908 399 4976 έστης
425 4903 787 4972 ύπογρσφεύς
808 4920 823 4934 ο
851 4904 1065 4973 πρῶτος
1100 4905 1199 4973 τὴν
1238 4903 1499 4973 ἀλήθειαν
1541 4896 1618 4957 ὧν
1660 4905 1798 4973 ἀκή-

206 5012 331 5057 κοας
364 4992 861 5064 θεορρημοσυνῶν,
895 4986 971 5045 ὧν
997 4992 1250 5063 ἑώρακας
1280 4992 1702 5061 ίεροτελεστιῶν,
1730 4994 1792 5044 ού

214 5088 411 5154 μόναις
457 5087 690 5153 ἔκρινας
738 5083 1028 5137 πιστεῦσαι
1079 5084 1189 5136 τῶν
1234 5083 1539 5154 ἀνθρώπων
1576 5085 1796 5145 ἀκοαῖς·

207 5181 314 5231 ἀλλ’
344 5176 692 5245 εύλαὸήθης,
726 5177 802 5245 μὴ
830 5175 911 5245 τῷ
946 5176 1125 5245 χρόνῳ
1162 5176 1231 5229 τά
1260 5175 1381 5229 θεῖα
1406 5174 1655 5244 νοθευθῇ,
1704 5177 1801 5227 καὶ

209 5274 267 5322 τὰ
297 5268 537 5339 καθαρὰ
567 5267 821 5339 ρυπωθῇ,
851 5268 946 5320 καὶ
976 5268 1045 5321 τά
1081 5268 1212 5335 ἅγια
1249 5264 1530 5336 βεδηλωθῇ
1553 5280 1567 5295 ·
1601 5264 1679 5317 διὸ
1707 5264 1799 5317 καὶ

211 5364 438 5429 βιϐλίοις
494 5361 873 5430 ἐγγραφῆναι,
923 5360 1021 5413 καὶ
1070 5363 1137 5430 τῇ
1172 5360 1467 5428 οἰκουμένῃ
1504 5373 1799 5427 παραπεμ-

213 5453 447 5520 φθῆναι,
501 5451 605 5503 καὶ
662 5452 742 5511 είς
786 5449 1034 5513 ἅπαντας
1069 5449 1241 5512 οὕτως
1291 5448 1465 5501 ἐλθεῖν
1492 5448 1555 5500 τὸ
1599 5446 1801 5516 ὑψηλὸν

217 5544 555 5611 Εὑαγγέλιον
586 5541 992 5610 ἀγαθοπρεπῶς
1022 5544 1116 5596 καὶ
1144 5541 1416 5611 ἀφθόνως,
1446 5540 1522 5603 ὡς
1546 5539 1642 5592 τοῦ
1668 5540 1803 5606 ἀγα-

217 5635 305 5687 θοῦ
331 5636 504 5706 μόνου
532 5634 728 5696 πιστὸς
758 5633 1057 5704 ὑπηρέτης,
1080 5632 1434 5703 ἐδοκίμασας,
1464 5630 1538 5695 ὡς
1576 5629 1641 5684 ἂν
1670 5629 1804 5682 πάν-

284 5821 367 5877 ³⁸1
397 5821 554 5876 Petr.
581 5835 621 5877 ι,
650 5816 715 5879 8;
748 5814 912 5869 llebr.
941 5831 1015 5875 Ix,
1038 5814 1128 5869 ει.
1208 5817 1245 5847 “
1273 5814 1469 5870 Matth.
1494 5830 1610 5880 XIII,
1637 5812 1724 5868 Η.

511 5915 801 5975 Parnm.
856 5910 971 5968 Gn.
1006 5908 1129 5967 CV.

1903 4630 2116 4686 divitiis
2156 4631 2381 4697 frueris,
2414 4632 2509 4686 sed
2554 4648 2622 4687 ex
2666 4632 2850 4687 cordis
2886 4632 3220 4687 abundantia
3259 4643 3487 4688 cunctas

1904 4723 2187 4777 hominum
2218 4734 2409 4778 aetates
2441 4724 2549 4778 illis
2580 4724 2899 4793 impartiris.

1976 4809 2135 4865 Salve
2172 4813 2268 4873 sis,
2302 4813 2447 4881 quod
2484 4812 2693 4881 primus
2728 4813 2844 4881 ipse
2878 4814 3159 4868 Paracleto
3192 4829 3221 4868 a
3257 4815 3484 4869 secretis

1902 4903 2179 4958 exstitisti.
2208 4906 2421 4959 Primus
2446 4905 2784 4968 divinorum,
2809 4921 2948 4973 quos
2975 4906 3250 4973 audieras,
3276 4922 3487 4961 sermo-

1906 5009 2039 5047 num
2085 4994 2412 5059 veritatem,
2448 5009 2541 5057 ac,
2573 5010 2695 5063 quae
2737 4995 2984 5059 videras,
3019 5006 3487 5050 sacramentorum

1913 5085 2107 5148 fidem,
2158 5085 2291 5138 solis
2344 5085 2627 5139 hominum
2675 5086 2905 5140 auribus
2952 5086 3291 5141 condendam
3340 5085 3488 5139 haud

1908 5177 2147 5247 putasti;
2195 5177 2289 5232 sed
2330 5179 2542 5233 veritus
2584 5195 2646 5234 es
2688 5195 2757 5234 ne
2799 5178 2985 5233 divina
3027 5177 3292 5247 temporis
3334 5178 3487 5246 lapsu

1908 5270 2371 5333 adulterarentur,
2392 5285 2457 5325 ae
2475 5286 2611 5340 pura
2632 5271 3168 5329 contaminarentur,
3190 5279 3491 5338 sanctaque

1912 5359 2352 5428 profanarentur.
2379 5359 2748 5426 Quamobrem
2779 5361 2944 5413 etiam
2978 5369 3037 5413 ut
3062 5360 3218 5413 libris
3250 5358 3492 5413 conscri-

1912 5459 2067 5517 ptum
2104 5448 2155 5501 in
2186 5450 2376 5503 orbem
2410 5451 2899 5513 transmitteretur,
2927 5459 3091 5518 atque
3128 5450 3181 5502 in
3213 5464 3337 5502 eum
3370 5462 3492 5501 mo-

1912 5540 2041 5593 dum
2086 5539 2151 5592 ad
2197 5555 2389 5595 omnes
2433 5543 2647 5595 veniret
2688 5541 2924 5595 sublime
2951 5540 3331 5609 Evangelium,
3363 5538 3491 5591 boni

1915 5631 2097 5685 indole
2141 5645 2202 5683 ac
2253 5632 2371 5685 sine
2422 5632 2658 5695 insidia.
2696 5640 2954 5701 tanquam
3006 5631 3154 5685 illius
3201 5630 3294 5699 qui
3340 5628 3495 5681 solus

3016 5904 3051 5965 8
