4180 6434
739 413 843 474 935

1943 408 2232 468 ΝΙΟΕΤᾹΞ
2273 408 2794 470 PAPHLAGUNIS

3869 415 3978 478 236

738 524 916 573 bonus
940 526 1044 582 est,
1068 515 1245 571 ﬁdelis
1269 513 1542 578 minister,
1566 528 1744 582 operae
1771 515 2007 585 pretium
2034 518 2297 571 existima-

2412 536 2503 581 τες
2528 517 2892 587 φωτίζωνται,
2939 519 3032 572 καὶ
3054 519 3254 583 πάντες
3307 520 3666 576 παιδεύω-παι
3702 525 3798 578 και
3840 529 3978 597 πρδς

736 610 837 674 sti;
870 623 980 678 quo
1009 607 1220 661 scilicet
1243 617 1435 660 omnes
1466 604 1846 663 illuminentur
1871 614 1928 662 et
1954 607 2297 676 erudiantur,

735 710 791 755 et
815 700 884 754 ad
910 698 1187 768 religionis
1214 697 1422 752 cultum
1451 706 1843 766 provocentur.

806 790 962 844 Salve
997 789 1101 853 sis,
1132 787 1278 858 quod
1311 794 1369 841 et
1400 786 1739 855 reliquorum
1773 788 2033 858 deinceps
2063 804 2299 860 evange-

734 884 980 934 Iistarum
1011 877 1245 949 probum
1279 877 1557 946 exemplar
1585 878 1866 944 exstitisti,
1893 888 2096 948 tuaque
2128 896 2300 936 aemu-

734 973 934 1027 latione
967 973 1133 1028 etiam
1167 972 1290 1026 illos
1327 970 1393 1024 ad
1433 970 1573 1025 sacri
1617 971 1898 1042 Evangelii
1931 973 2296 1044 conscriptio-

733 1079 857 1117 nem
907 1064 1145 1127 movisti,
1184 1071 1240 1116 et
1278 1073 1337 1115 ut
1382 1077 1577 1118 omnes
1619 1063 1896 1119 Ecclesias
1937 1063 2296 1131 aadiﬁcarent,

731 1153 1088 1206 incitamento
1113 1150 1286 1205 fuisti.

798 1241 986 1297 Gaude
1034 1250 1090 1296 et
1128 1242 1364 1307 exsulta,
1398 1241 1573 1297 amice
1623 1242 1716 1297 Dei
1765 1242 2098 1309 fidelissime,
2135 1245 2297 1301 Verbi

731 1334 981 1388 minister
1008 1333 1414 1402 probatissimo,
1441 1350 1505 1389 ac
1533 1334 1797 1389 Paracleti
1833 1334 2013 1389 scriba
2042 1337 2297 1391 saeratis-

728 1428 865 1480 sime
893 1443 904 1478 :
935 1441 1252 1494 memorque
1287 1427 1363 1480 tui
1395 1441 1723 1492 memorum,
1752 1443 1816 1482 ac
1841 1442 1936 1482 eos
1966 1427 2299 1483 benedicens

727 1518 822 1585 qui
861 1527 912 1571 te
946 1517 1299 1580 benedicunt,
1330 1533 1393 1571 ac
1425 1518 1775 1572 sanctiﬁcans
1803 1519 1898 1589 qui
1933 1519 2293 1584 sanctiﬁcant,

727 1609 894 1660 ducas
929 1624 1050 1672 nos,
1077 1623 1110 1660 ο
1146 1608 1324 1668 beate,
1349 1617 1404 1662 et
1437 1608 1645 1678 dirigas
1678 1609 1730 1662 in
1765 1609 1984 1664 Christo
2009 1611 2157 1673 Jesu,
2191 1612 2294 1665 im.-

731 1701 1142 1769 maculatosque
1177 1699 1459 1753 Paracleto
1489 1700 1780 1762 exhibeas,
1815 1701 1978 1755 unius
2017 1702 2294 1772 principa-

729 1802 816 1845 tus
841 1800 895 1844 et
923 1791 1228 1845 sanctitatis
1251 1807 1316 1845 ae
1344 1791 1471 1846 vitae
1499 1791 1736 1854 auctori,
1760 1792 2036 1859 Trinitati,
2068 1809 2214 1848 nunc
2240 1803 2295 1850 et

724 1898 961 1952 semper,
985 1891 1040 1938 et
1064 1883 1117 1936 in
1148 1883 1345 1938 smeula
1375 1868 1718 1938 saeculorum.
1748 1885 1938 1939 Amen.

1294 2096 1552 2152 ORATIO
1585 2099 1703 2153 ΧΠ.

728 2193 984 2247 Laudatio
1021 2192 1190 2246 sancti
1230 2207 1291 2245 ac
1329 2192 1722 2315 εειὲὁιῖιςὶεδὶιπὶ
1783 2192 2005 2262 apostoli
2065 2192 2290 2250 Simonis

1453 2279 1478 2314 e
1504 2278 1533 2315 o
1558 2277 1622 2315 te.

1453 2277 1622 2316 etate.

793 2376 964 2442 Quam
987 2377 1107 2431 beta
1140 2375 1304 2430 hodie
1357 2375 1495 2438 dies,
1534 2374 1871 2445 insignisque
1915 2375 2181 2431 festivitas
2231 2393 2292 2430 ac

727 2463 1088 2532 iucunditatis
1109 2463 1266 2533 plena
1291 2464 1303 2516 l
1338 2461 1552 2517 Etenim
1577 2476 1768 2516 omnes
1801 2461 2022 2530 quidem
2044 2461 2181 2523 dies,
2214 2461 2292 2515 fe-

795 2621 907 2690 (50)
935 2620 1210 2673 Simonem
1233 2618 1571 2690 Cananitem,
1601 2617 1797 2680 Lucas,
1837 2616 2290 2690 _llebraicam__vo-

725 2687 842 2744 cem
875 2687 1280 2758 interpretatus,
1331 2688 1778 2758 Zelotemvoeat,
1836 2687 1968 2748 an,
2009 2703 2084 2749 vt,
2125 2687 2206 2758 ιε,
2237 2696 2292 2741 ct

726 2763 847 2815 Act.
881 2777 915 2822 r,
946 2756 1046 2823 13';
1087 2773 1196 2826 quo
1229 2758 1552 2823 cognomine
1577 2756 1919 2826 distinguunt
1945 2756 2289 2826 evangelista:

727 2847 756 2884 a
786 2831 1006 2883 Simone
1031 2825 1211 2880 Petro.
1251 2826 1417 2880 Fmdo
1455 2841 1641 2879 errore
1675 2825 1875 2894 Synav.
1926 2831 2168 2877 nostrum
2202 2825 2292 2878 τι-

729 2902 857 2952 lian.
891 2894 971 2960 εἷς
991 2898 1099 2948 τῶν
1120 2903 1158 2947 o‘
1197 2895 1300 2948 ὤν’
1339 2912 1452 2948 cum
1480 2903 1608 2948 esset
1668 2911 1802 2947 unus
1840 2895 1904 2946 de
1931 2896 2287 2963 septuaginta,

734 2969 903 3021 voluit
933 2967 1178 3021 scribere
1200 2965 1307 3017 τῶν
1339 2964 1425 3032 ιβ’,
1449 2981 1584 3017 unus
1605 2963 1667 3016 de
1683 2965 1971 3026 duodecim,
2003 2980 2105 3018 nec
2142 2965 2290 3017 enim

729 3040 889 3091 aliter
919 3037 985 3090 de
1019 3037 1108 3098 illo
1139 3035 1380 3103 loquitur
1409 3049 1570 3102 quam
1620 3033 1820 3103 Menaea
1846 3033 1987 3086 edita
2022 3051 2033 3084 :
2065 3043 2290 3086 cuncta-

730 3124 835 3176 que
864 3106 1166 3176 apostolum
1202 3102 1363 3176 p_rimi
1397 3103 1609 3176 ordini_s
1633 3102 2066 3176 ofﬁcio__sonant;
2102 3118 2201 3156 nec
2222 3103 2289 3155 de

729 3171 795 3229 eo
817 3171 1072 3244 cuiquam
1101 3171 1267 3233 aliud,
1285 3173 1363 3244 sic
1382 3174 1526 3226 clara
1552 3171 1838 3244 Evangelii
1855 3172 2014 3244 luce,
2053 3173 2123 3244 in
2140 3186 2291 3244 men—

731 3258 838 3299 tem
867 3240 1036 3307 venit,
1063 3252 1158 3296 aut
1197 3243 1383 3296 venire
1413 3241 1609 3311 potuit.
1645 3240 1817 3294 Grazci
1848 3241 1906 3311 in
1942 3241 2158 3311 Meitazis
2177 3241 2289 3311 edi-

732 3317 798 3368 tis
825 3315 1076 3369 eumdem
1129 3311 1334 3365 faciunt
1387 3309 1510 3364 eum
1560 3310 1914 3370 Nathanaele,
1950 3309 2042 3378 qui
2097 3310 2295 3378 legitur

728 3387 882 3438 .loan.
915 3399 930 3436 ι
963 3401 990 3435 a
1018 3383 1266 3450 Philippo
1287 3380 1556 3434 adductus
1587 3380 1654 3450 ad
1672 3379 2109 3450 iJesum.Volunt
2130 3381 2292 3450 etiam

729 3455 876 3507 edita
898 3454 1064 3507 fuisse
1097 3448 1378 3518 Sponsum,
1419 3448 1638 3518 quando
1665 3449 1822 3503 Jesus
1849 3457 2076 3502 vocatus
2112 3449 2177 3502 ad
2203 3465 2296 3501 nu-

733 3525 896 3592 ptias,
934 3536 1127 3592 aquam
1158 3520 1210 3592 in
1257 3521 1447 3592 vinum
1491 3520 1690 3592 vertit;
1722 3518 2128 3592 q_uo_mi_raculo
2155 3518 2296 3592 inter

731 3587 1024 3646 familiares
1045 3589 1364 3659 discipulos,
1396 3589 1472 3642 illi
1501 3588 1812 3659 adhaeserit.
1837 3587 1943 3641 Sed
1958 3588 2084 3659 hac
2113 3589 2296 3659 minus

643 3676 648 3679 ·
730 3673 902 3724 certa,
937 3656 1231 3727 carentque
1263 3661 1528 3728 majorum
1577 3657 1924 3728 auctoritate.
1957 3656 2068 3710 Nec
2123 3657 2296 3728 liquet

733 3730 1120 3785 Nathanaelem
1147 3726 1289 3783 inter
1313 3726 1590 3796 apostolos
1617 3726 1784 3779 fuisse
1809 3735 2120 3796 cooptatum
2145 3743 2158 3790 ;
2191 3727 2293 3779 etsi

730 3802 844 3861 alii,
874 3800 1072 3853 minori
1101 3795 1474 3860 fundamento,
1500 3811 1626 3851 eum
1646 3796 1820 3864 ipsum
1839 3795 2294 3849 Bartholomamm

733 3877 926 3933 putent
979 3886 991 3921 :
1045 3883 1304 3936 Sponsum
1349 3882 1517 3928 vero,
1551 3865 1841 3936 Joannem
1884 3865 2290 3936 evangelistam.

733 3939 1017 3993 Falluntur
1039 3933 1224 3999 etiam,
1249 3936 1342 4005 qui
1409 3935 1563 4004 quasi
1589 3935 1656 3987 ab
1682 3934 1881 4002 oppido
1909 3933 2076 3994 Cana,
2109 3934 2296 4005 cana-

734 4011 900 4061 nitem
924 4008 1129 4061 dictum
1158 4003 1366 4070 volunt,
1399 4003 1454 4058 et
1483 4020 1591 4057 non
1621 4005 1797 4070 potius
1826 4019 1855 4057 a
1881 4013 2017 4087 sap,
2040 4003 2183 4071 quod
2219 4003 2297 4056 sic

736 4093 873 4142 bene
900 4090 1092 4149 Lucas,
1125 4089 1907 4158 ζηλωτὴςἱιιιριυρι-ειειιιιεειις
1940 4087 2296 4158 quomodoet

737 4159 877 4212 LXX
904 4175 1022 4212 eam
1055 4157 1245 4213 vocem
1275 4158 1634 4211 reddiderunt
1655 4157 1824 4210 Exod.
1855 4173 1943 4213 xx,
1976 4157 2030 4213 5,
2052 4165 2108 4209 et
2137 4157 2290 4212 alibi.

735 4234 810 4281 Ac
835 4231 918 4283 vel
954 4229 1082 4282 hinc
1113 4230 1223 4282 ruit
1259 4236 1625 4281 commentum
1660 4226 1790 4279 illud
1831 4226 1897 4279 de
1929 4225 2166 4278 Simonis
2191 4242 2295 4278 nu-

737 4301 866 4367 ptiis
886 4300 938 4352 in
956 4299 1102 4352 Cana
1119 4298 1371 4357 Galilaae,
1403 4296 1556 4367 quasi
1578 4295 1722 4367 domi
1751 4304 1805 4348 et
1832 4295 1884 4367 in
1917 4295 2136 4367 propria
2154 4295 2297 4367 urbe

734 4364 921 4422 {-arum
944 4367 1255 4422 convivium
1273 4367 1507 4420 dederit.
1541 4365 1764 4418 Drusius
1793 4365 2086 4423 existimat,
2118 4364 2298 4418 aliun-

735 4439 803 4490 de
877 4438 1018 4491 forte
1068 4437 1272 4490 dictum
1326 4436 1686 4496 Cananitem,
1758 4435 1978 4488 aliunde
2024 4434 2294 4499 Zelotem;

735 4518 788 4559 rt
825 4509 1060 4576 primum
1091 4507 1312 4575 quidem
1333 4523 1361 4559 a
1387 4506 1557 4572 patria
1588 4504 1752 4570 (Cana
1787 4504 2294 4576 scilicet)i,_a|terum

736 4573 940 4630 ab'alio
963 4573 1241 4646 quopiam.
1299 4575 1494 4646 Verius
1547 4582 1730 4646 tamen
1761 4573 2153 4646 apparetidem
2175 4588 2294 4628 esse

736 4661 953 4709 nomen,
981 4643 1603 4714 undecunqueSimoni
1668 4643 1904 4714 haeserit,
1954 4645 2065 4714 sive
2093 4651 2208 4714 erat
2233 4659 2296 4697 ex

737 4717 952 4770 illorum
978 4732 1206 4770 lllllllcro
1239 4713 1332 4784 qui
1359 4713 1594 4784 ζηλωταὶ
1623 4713 1980 4784 vocabantur.
2011 4713 2078 4784 de
2099 4713 2300 4784 quibus

737 4786 1038 4856 'lflwophyl.
1070 4787 1123 4839 in
1147 4781 1302 4849 Acta,
1341 4781 1562 4856 _Suit_las
1593 4793 1648 4856 et
1695 4783 1828 4856 alii;
1861 4783 1958 4856 _q_ui
1995 4783 2104 4835 alio
2138 4781 2299 4835 modo

737 4852 1280 4918 l‘fswtidicebantur;
1309 4853 1423 4907 sive
1475 4852 1619 4905 istud
1672 4867 1702 4904 ιι
1746 4853 1948 4906 familia
1997 4866 2296 4919 cognomen

738 4926 950 4989 habuit,
982 4927 1066 4979 vel
1093 4926 1314 4991 potiusﬁa
1335 4925 1537 4976 virtute
1565 4923 1792 4990 ejusque
1828 4924 2140 4990 praestantia
2165 4920 2297 4991 illud

738 5006 928 5048 nactus
957 5005 1061 5058 est,
1095 4990 1172 5048 uti
1206 4996 1260 5047 in
1292 4994 1450 5048 Petro
1475 5003 1531 5044 et
1574 4992 1699 5045 filiis
1727 4991 1970 5045 Zebedzei
2001 5006 2058 5044 se
2092 5005 2181 5043 res
2205 4990 2301 5043 ha-

741 5065 878 5126 buit,
900 5081 1038 5132 quos
1065 5067 1144 5118 sic
1176 5065 1438 5118 Dominus
1463 5071 1609 5115 certa
1644 5062 1884 5130 mysterii
1919 5062 2128 5132 ratione
2160 5075 2300 5132 n_0_vo

739 5129 960 5188 ιιυιιιὶιιρ
1019 5136 1190 5199 anxit,
1253 5143 1311 5187 ut
1361 5132 1494 5186 scite
1537 5129 1754 5184 Nicetas
1785 5131 2008 5198 exponit
2040 5149 2052 5184 :
2079 5130 2150 5182 ob
2175 5129 2298 5182 ﬁdei

739 5205 948 5258 scilicet
991 5205 1197 5258 firmam
1241 5203 1684 5270 immobilemun
1738 5201 2122 5264 constantiam,
2145 5207 2200 5253 et
2228 5201 2299 5251 ob

741 5275 1197 5342 magnificentiam
1256 5273 1678 5347 praedicationis.
1752 5270 2084 5347 Excelluisse
2143 5270 2297 5347 verbi

739 5340 1016 5409 praeconio
1067 5340 1302 5411 vereque
1352 5342 1630 5409 Evangelii
1688 5342 1986 5394 tonitruum
2022 5340 2297 5411 exstitisse

734 5414 1000 5466 .tacobum
1030 5409 1349 5481 argum—cuto
1371 5422 1472 5474 est,
1501 5412 1616 5481 ipsa
1639 5411 1782 5481 illius
1805 5419 2069 5481 maturata
2098 5409 2296 5481 passio,

736 5502 798 5558 ar
833 5498 941 5551 qua
967 5478 1233 5558 apostolis
1272 5478 1533 5558 reliquis,
1578 5479 1806 5558 Herodis
1860 5479 2105 5558 Agrippa:
2129 5478 2300 5531 etJu-

737 5549 979 5606 meorum
1000 5549 1367 5615 iemulatione,
1417 5551 1562 5604 velut
1614 5549 2016 5626 praedicationis
2073 5563 2299 5626 munere

735 5631 899 5689 atque
931 5623 982 5677 vi
1007 5625 1219 5677 cunctis
1245 5624 1492 5682 antistes,
1529 5621 1736 5688 praivit
1772 5637 1784 5671 :
1823 5635 1944 5686 quae
1979 5628 2138 5689 certe
2185 5621 2298 5670 sin-

735 5688 935 5756 ttnlaris
959 5695 1074 5746 laus
1096 5702 1178 5746 est
1211 5693 1380 5745 nostri
1403 5691 1661 5750 Simonis,
1697 5690 1775 5744 sic
1806 5689 1950 5741 Luca
1977 5688 2296 5756 interprete,

733 5773 989 5826 quartum
1027 5765 1078 5816 in
1115 5764 1376 5832 apostolis
1407 5776 1732 5832 esst-,qumn
1768 5761 2032 5812 Dominus
2058 5758 2133 5812 sit:
2160 5775 2298 5811 novo

739 5831 900 5886 titulo
933 5844 1093 5889 atque
1132 5830 1351 5886 nomine
1393 5830 1620 5884 auxerit.

2408 609 2714 663 θεοσέϐειαν
2742 612 3183 680 παρακαλῶνται.
3225 642 3231 646 -

2474 781 2667 851 Χαῖρε,
2712 783 2794 836 ὅτι
2847 786 2941 836 καὶ
2989 785 3095 838 τῶν
3152 786 3289 856 μετὰ
3337 790 3395 842 σὲ
3431 789 3831 857 εὐαγγεῖ.ιστῶν
3869 795 3966 862 ἁρ-

2403 871 2634 940 χέτυπον
2670 872 2898 941 γέγονας
2927 875 3154 943 ἀγαθόν’
3187 880 3280 931 xat
3300 881 3328 932 ὁ
3359 881 3423 932 ὲκ
3464 881 3559 934 σοῦ
3586 881 3742 950 ζῆλος
3774 884 3973 936 κάκεί-

2401 980 2524 1025 νους
2547 965 2680 1034 πρὸς
2714 965 2813 1034 τὴν
2848 967 3000 1037 ἱερὰν
3033 968 3128 1021 τοῦ
3174 971 3505 1038 Εὑαγγελξου
3547 976 3804 1044 κεκίνηκε
3835 993 3946 1045 γρα

2399 1057 2524 1126 φῆν.
2551 1060 2645 1112 καὶ
2675 1065 2808 1132 πρδς
2838 1061 3122 1132 οἰκοδομὴν
3145 1063 3255 1118 τῶν
3285 1065 3422 1118 ὅλων
3443 1064 3694 1133 ἠρέθισεν
3732 1067 3968 1136 Ἐκκλη-

2401 1165 2554 1206 σιων.

2466 1241 2635 1310 Χαῖρε
2667 1242 2758 1295 καὶ
2784 1240 3031 1308 ἀγαλλία,
3063 1240 3182 1311 φίλε
3212 1241 3346 1295 Θεοῦ
3375 1245 3684 1311 πιστότατε,
3726 1247 3976 1317 ὑπηρέτα

2396 1329 2490 1383 τοῦ
2535 1330 2709 1398 Λόγου
2736 1330 3092 1402 δοκιμώτατε,
3124 1333 3218 1385 καὶ
3262 1334 3354 1387 τοῦ
3382 1336 3736 1405 Παρακλήτω
3781 1355 3969 1408 μυστιο

2397 1417 2604 1471 κώτατε
2643 1423 3002 1489 γραμματεῦ·
3051 1426 3145 1476 καὶ
3192 1425 3537 1494 μεμνημένος
3584 1427 3693 1480 τῶν
3755 1447 3971 1498 μεμνη-

2401 1509 2575 1578 μένων
2607 1527 2728 1573 sou,
2768 1512 3015 1576 καὶτοὺς
3045 1515 3399 1582 εὐλογοῦντάς
3449 1535 3509 1572 σε
3561 1520 3820 1588 εὐλογῶν,
3871 1525 3971 1574 καὶ

2397 1599 2637 1668 ἁγιάζων
2690 1603 2816 1666 τοὺς
2868 1603 3217 1673 ἁγιάζοντας,
3261 1608 3554 1677 ὁδηγήσαις
3584 1611 3754 1681 ἡμᾶς,
3785 1605 3831 1664 ὦ
3862 1629 3971 1681 μα·

2396 1691 2582 1760 κάριε,
2634 1693 2730 1745 καὶ
2783 1695 3145 1761 κατευθύναις
3187 1700 3246 1752 ὲν
3307 1701 3530 1770 Χριστῳ
3599 1702 3818 1769 Ἰησοῦ·
3873 1705 3974 1757 καὶ

2397 1780 2657 1850 ἀμώμους
2683 1782 2762 1851 τῷ
2811 1784 3149 1854 Παρακλήτῳ
3200 1790 3598 1859 παραστήσαις,
3640 1793 3709 1861 τῇ
3763 1809 3969 1860 μοναρ-

2401 1873 2527 1942 χικῇ
2557 1872 2650 1925 καὶ
2696 1874 2992 1946 ἁγιαρχικῇ
3038 1879 3133 1930 καὶ
3167 1880 3446 1951 ζωαρχικῇ
3493 1882 3705 1950 Τριάδι,
3750 1882 3846 1936 νῦν
3875 1885 3973 1937 καὶ

2398 1963 2506 2027 ἀεὶ,
2531 1964 2626 2019 καὶ
2645 1965 2723 2029 εἰς
2760 1967 2886 2030 τοὺς
2903 1969 3106 2032 αἰῶνας
3138 1970 3246 2024 τῶν
3270 1971 3503 2027 αἰώνων.
3542 1975 3733 2044 Ἀμήν.

2985 2099 3206 2150 ΛΟΓΟΣ
3241 2099 3343 2154 1Β’.

2394 2187 2495 2250 Εἰς
2520 2185 2624 2238 τὸν
2650 2185 2820 2254 ἅγιον
2839 2186 2934 2262 xui
2960 2189 3718 2262 «(ireiigpngordzdatolor
3731 2193 3970 2262 Σίμωνα

2873 2253 2980 2308 τὸν
3008 2253 3296 2323 Ζηλώτήν
3333 2260 3469 2328 (50).

2469 2369 2533 2421 Ti
2565 2370 2764 2441 φαιδρὰ
2793 2372 3027 2440 σήμερθν
3062 2373 3093 2439 ἡ
3128 2371 3333 2442 ἡμέρα,
3381 2375 3477 2426 καὶ
3506 2373 3744 2445 εὔσημος
3772 2377 3965 2446 ἑορτὴ,

2395 2463 2491 2516 καὶ
2543 2461 2810 2532 θυμηδίας
2871 2464 3075 2533 μεστήο
3111 2464 3344 2536 καὶγὰρ
3391 2468 3562 2520 πᾶσαι
3607 2470 3704 2538 μὲν
3737 2471 3967 2541 ἡμέραι,

2469 2621 2746 2691 Nusquam
2832 2622 3052 2679 Nicetas
3103 2632 3197 2677 aut
3252 2624 3564 2680 Gracorum
3625 2627 3827 2682 Mena-3
3877 2631 3971 2685 vel

2398 2690 2688 2765 Nicephor.
2747 2693 3039 2747 Dominicae
3083 2693 3361 2748 afﬁnitatis
3385 2711 3480 2750 seu
3512 2698 3876 2765 cognationis,
3910 2700 3971 2754 in

2399 2776 2464 2830 eo
2496 2761 2866 2815 meminerunt
2899 2779 2913 2815 :
2943 2765 3172 2830 proinde
3197 2765 3362 2817 alium
3390 2761 3642 2827 censent,
3675 2767 3875 2821 nedum
3938 2785 3973 2822 a

2395 2829 2534 2883 Juda
2591 2831 2866 2884 Thaddaeo
2920 2829 3005 2885 vel
3037 2832 3307 2897 Lebbaeo;
3347 2835 3441 2888 sed
3501 2837 3718 2889 etiama
3745 2837 3974 2892 Simone

2395 2898 2655 2973 Cleopha,
2680 2901 2887 2973 vel,_ut
2916 2902 3031 2973 alii,
3056 2902 3334 2965 Simeone,
3367 2905 3460 2973 qui
3507 2906 3710 2959 Jacobo
3737 2907 3885 2960 fratri
3911 2909 3973 2962 in

2399 2967 3060 3045 sede_liieroso_l_vmitana
3101 2967 3400 3035 successit;
3425 2989 3490 3027 ac
3535 2977 3716 3045 crucis
3753 2977 3975 3045 suppli-

2398 3037 2505 3099 cio,
2532 3037 2770 3113 Trajano
2797 3037 3146 3113 imperatore,
3173 3055 3296 3113 cum
3323 3052 3543 3113 centum
3577 3044 3766 3113 viginti
3792 3037 3975 3100 anno—

2399 3121 2532 3180 rum_
2548 3107 2712 3180 esset,
2741 3107 2984 3180 Davidici
3011 3109 3234 3180 generis
3255 3111 3458 3165 invidia
3491 3107 3740 3167 sublatus
3777 3124 3880 3180 est,
3907 3125 3976 3169 ut

2395 3190 2461 3245 ex
2493 3176 2795 3245 Hegesippo
2817 3176 2986 3230 refert
3010 3178 3281 3232 Eusebius
3307 3181 3342 3232 Ι.
3371 3197 3451 3245 ιιι,
3483 3197 3534 3238 c.
3563 3184 3618 3236 ll
3655 3192 3712 3236 et
3734 3184 3821 3238 5‘2.
3852 3176 3970 3238 Ab-

2402 3244 2522 3316 dias
2551 3244 2759 3316 tamen.
2791 3262 3119 3316 germanum
3171 3247 3396 3303 fratrem
3440 3244 3597 3311 facit,
3651 3268 3777 3306 cum
3803 3254 3972 3316 Juda,

2401 3314 2582 3390 qui‘et
2613 3315 2941 3390 TlljltltlﬂllS,
2977 3326 3033 3390 et
3072 3331 3195 3390 cuin
3226 3318 3467 3383 Jacobo;
3517 3321 3737 3390 vultque
3778 3314 3978 3381 omnes

2401 3397 2466 3460 ei:
2494 3383 2653 3460 Cana
2674 3384 3240 3460 Gal_il:e:e__oriun_dos,
3294 3390 3616 3460 parentibus
3649 3383 3885 3460 'Alphaao
3910 3404 3974 3448 et

2403 3453 2568 3506 Maria
2597 3453 2850 3522 C|e0ph:e
2869 3455 2976 3507 ﬁlia
3006 3471 3018 3507 :
3048 3455 3224 3530 solum
3255 3453 3388 3530 vero
3413 3453 3977 3530 Jacobium..'losepho

2401 3530 2558 3643 patre
2593 3532 2800 3584 natum,
2823 3538 3053 3592 eamque
3082 3525 3153 3577 ob
3182 3539 3294 3579 rem
3319 3526 3543 3580 fratrem
3568 3529 3778 3583 Domini
3803 3525 3978 3598 pecu-

2426 3591 2594 3643 iarius
2645 3592 2935 3643 vocitatum
2968 3611 2981 3643 :
3017 3609 3137 3643 unae
3170 3596 3338 3643 multa
3367 3597 3670 3643 imnlieant-
3703 3599 3823 3643 aliis
3857 3615 3973 3643 nnn

2426 3591 2594 3664 larius
2645 3592 2935 3646 vocitatum
2968 3591 2981 3645 ξ
3017 3609 3137 3664 quae
3170 3596 3338 3648 multa
3367 3597 3671 3664 implicant,
3703 3591 3823 3653 aliis
3856 3615 3974 3655 non

2403 3661 2534 3713 satis
2561 3676 2821 3734 consona,
2847 3669 2953 3734 aut,
2975 3663 3223 3734 pluribus
3246 3661 3464 3734 recepta
3495 3685 3508 3718 :
3544 3669 3794 3734 quamvis
3851 3669 3976 3726 fere

2405 3738 2694 3807 nostrates.
2728 3731 3087 3807 quidquidnde
3111 3733 3353 3799 Simone,
3377 3731 3389 3734 “
3407 3731 3635 3804 ejusque
3655 3805 3668 3807 _
3694 3737 3976 3807 praecipue

2404 3799 2458 3850 in
2491 3800 2714 3854 Perside
2748 3799 2909 3853 exitu
2973 3800 3251 3865 dixerunt,
3278 3820 3344 3857 ex
3371 3799 3593 3858 coénosb
3655 3799 3760 3858 hoc
3817 3799 3976 3862 fente

2403 3868 2704 3940 accepisse
2730 3879 3046 3940 noscantur.
3101 3870 3250 3940 Orig.
3303 3873 3492 3927 Matth.
3517 3888 3639 3936 xm,
3673 3875 3760 3937 55,
3781 3877 3870 3929 ubi
3898 3877 3974 3931 de

2404 3937 2664 4010 fratribus
2686 3939 2897 4010 Domini
2932 3939 3012 4010 sic
3060 3937 3411 4008 nuncupatis,
3463 3941 3530 3995 Et
3581 3943 3771 4010 fratres
3821 3941 3976 4000 illius

2402 4006 2625 4080 Joaobus
2647 4019 2695 4060 et
2716 4007 2838 4060 Jose
2863 4016 2912 4060 et
2938 4008 3117 4080 Simon
3147 4021 3194 4061 et
3214 4006 3399 4073 Jitdas,
3427 4006 3643 4065 laudata
3672 4014 3823 4066 ludar
3847 4017 3976 4080 epi-

2404 4077 2542 4150 stola
2564 4092 2850 4144 paucorum
2872 4078 3081 4150 quidem
3107 4095 3370 4150 versuum,
3394 4081 3482 4132 sed
3508 4081 3662 4150 plena
3684 4077 3976 4150 eﬁicacibus

2405 4145 2567 4219 verbis
2587 4150 2774 4219 gratiae
2799 4145 3020 4219 caelestis
3054 4147 3220 4216 (quod
3248 4145 3567 4219 illijusgrave
3596 4145 3974 4207 testiinonium

2405 4216 2533 4289 est),
2566 4215 2632 4267 de
2652 4215 2839 4289 'Josete
2859 4225 2917 4289 _e_t
2948 4215 3167 4289 Simone
3192 4215 3553 4289 subtlitfui/iil
3573 4237 3628 4272 se
3649 4234 3976 4289 compertum

2406 4285 2595 4354 [iubere
2634 4300 2650 4334 :
2682 4285 2796 4337 sive
2824 4284 2957 4338 alias
2981 4285 3155 4354 ipsum
3185 4285 3458 4340 Simonem
3503 4284 3821 4343 Cananitem
3868 4307 3972 4346 seu

2407 4352 2648 4428 Zeiotein
2676 4352 3030 4428 existimavit,
3066 4356 3201 4414 sive,
3247 4355 3394 4424 quod
3453 4357 3790 4428 Hegesippus
3838 4376 3974 4428 pro-

2407 4422 2563 4498 didit,
2600 4423 2758 4498 longe
2784 4423 2852 4477 ab
2880 4424 3248 4498 eo_diversum
3267 4422 3514 4498 putavit;
3535 4422 3974 4498 “nec-apostolum

2407 4491 2829 4566 ex‘iluodecim,
2869 4493 2961 4546 sed
3019 4491 3368 4566 communem
3424 4491 3774 4566 discipulum.
3824 4499 3972 4554 llos-

2331 4548 2372 4602 D
2400 4561 2558 4635 \veidt
2597 4571 2755 4635 vetns
2777 4548 3217 4635 martyrologium
3247 4548 3580 4635 Romanu—nit:
3605 4548 3974 4635 {ﬂabra-itis

2401 4646 2463 4683 ac
2493 4631 2818 4698 simplicius,
2847 4632 2949 4684 hoc
2977 4633 3160 4684 verius
3195 4650 3208 4684 :
3250 4649 3280 4685 v
3312 4634 3426 4688 Kal.
3462 4631 3753 4689 Novembr.
3790 4636 3974 4691 Simo-

2402 4702 2480 4773 tu's
2512 4710 2559 4773 et
2584 4701 2831 4773 Iliadda’i
2873 4701 3249 4773 apostolorum.
3299 4703 3592 4773 Voluitque
3632 4706 3972 4762 Col'beiense

2402 4770 2649 4823 Dacherii
2673 4770 2862 4823 eadem
2892 4772 3260 4832 simplicitate,
3311 4774 3412 4827 etsi
3451 4770 3619 4828 in'eo.
3643 4775 3850 4832 aliquid
3883 4777 3975 4829 lu-

2403 4849 2585 4910 xatuin
2615 4849 2724 4910 est,
2758 4839 3112 4910 dumlclotis
3179 4856 3505 4910 cognomen,
3572 4859 3679 4898 non
3731 4839 3972 4908 Simoni,

2402 4909 2495 4962 sed
2525 4909 2678 4963 Juda:
2707 4908 2934 4963 ascribit
2963 4926 2974 4960 :
3002 4925 3064 4962 ac
3092 4912 3136 4963 si
3185 4908 3297 4964 duo
3359 4915 3687 4979 cognomina
3722 4953 3737 4977 ,
3786 4913 3970 4968 Cana-

2401 4993 2553 5032 narus
2575 4989 2632 5032 et
2659 4979 2890 5036 Zelotes.
2945 4980 3287 5047 alterumque
3345 4980 3585 5036 Simonis
3609 4984 3700 5045 sit,
3729 4991 3786 5038 et
3812 4983 3976 5039 ludat

2401 5048 2678 5120 alterum;
2711 5049 2778 5102 Et
2804 5047 2933 5120 alibi
2975 5058 3282 5120 sanctorum
3333 5051 3693 5120 apostolorum
3736 5051 3974 5108 Simonis

2401 5115 2673 5179 Cananwi,
2714 5127 2763 5170 et
2788 5116 3178 5186 Judwjelotis.
3208 5115 3506 5184 Quod'alibi
3534 5121 3687 5180 dicit.
3713 5137 3814 5176 nec
3842 5137 3974 5175 cer-

2404 5195 2515 5238 tum
2551 5188 2731 5260 locum
2793 5187 3057 5260 assignat,
3085 5199 3143 5241 ut
3173 5188 3248 5242 illi
3286 5191 3456 5260 moris
3473 5200 3577 5252 est,
3619 5191 3822 5245 indicat
3846 5192 3976 5260 ejus

2400 5265 2591 5309 auctor
2628 5258 2870 5327 ignotum
2898 5258 3176 5319 habuisse,
3201 5274 3311 5327 quo
3339 5259 3459 5313 loco
3487 5258 3974 5314 fuerintconsu'm-

2401 5327 2554 5386 mati,
2589 5341 2653 5378 ac
2696 5325 2779 5377 vel
2807 5341 2913 5378 non
2944 5327 3140 5395 legisse
3166 5325 3419 5391 Abdiam,
3467 5331 3551 5383 Vel
3608 5330 3753 5383 illius
3811 5345 3973 5385 eom-

2402 5405 2643 5469 mentum
2677 5395 2744 5447 de
2771 5397 3138 5469 apostolorum
3165 5398 3328 5451 simul
3354 5399 3407 5452 in
3441 5399 3663 5453 Perside
3682 5401 3969 5469 martyrio.

2399 5466 2559 5535 quale
2588 5473 2796 5528 narrat,
2836 5467 3106 5533 respuisse
3131 5484 3145 5529 ;
3176 5469 3320 5535 quod
3371 5469 3448 5521 sic
3477 5470 3634 5523 avide
3661 5466 3974 5524 hauserunt

2400 5534 2518 5588 Ado
2572 5535 2935 5602 llomanazque
2976 5534 3206 5594 tabulm.’
3229 5538 3429 5590 nedum
3475 5539 3832 5594 recentiores.
3865 5542 3968 5595 sed

2399 5615 2455 5656 et
2491 5605 2652 5671 paulo
2686 5604 3045 5676 antiquiores.
3079 5606 3276 5673 schius
3306 5606 3504 5676 Lngd..
3552 5609 3794 5671 Parisiis,
3832 5619 3969 5672 etc.,

2402 5684 2526 5726 ante
2553 5690 2747 5725 novam
2775 5675 3173 5739 recensionem,
3197 5675 3420 5729 recusa-.1
3453 5677 3516 5729 Et
3537 5694 3667 5731 sane
3687 5680 3972 5732 consensit

2401 5745 2644 5808 gentium
2677 5743 2889 5813 illarum
2925 5744 3164 5804 traditio,
3225 5746 3318 5813 qui
3377 5747 3480 5798 sibi
3536 5749 3730 5800 ludam
3776 5747 3964 5802 That]-

2403 5816 2575 5866 damm
2605 5828 2698 5867 seu
2725 5812 3013 5867 Lebba-um
3049 5812 3322 5869 vindicant
3354 5818 3681 5880 apostolum,
3736 5820 3969 5876 eiusuue
