4180 6434
153 437 241 502 Ξ3Ἶ

884 430 1167 490 ORATIO
1208 428 1351 493 XII.
1377 454 1446 465 -
1482 427 1558 487 [Ν
1602 428 1910 488 LAUDEM
1952 429 2015 486 S.
2058 425 2371 487 SIMONIS
2412 422 2667 484 APOST.

3306 423 3412 485 238

154 550 319 620 ἑορταὶ
350 549 578 619 Κυρίου,
612 549 707 601 καὶ
738 548 907 599 πᾶσαι
948 546 1181 615 πλήρεις
1216 543 1595 613 ἀγαλλιάσεως
1624 544 1717 595 καὶ
1749 596 1750 601 η

1851 552 1903 597 ta
1938 542 2190 607 Domini;
2232 532 2537 609 omnesque
2575 534 2929 592 exultationis
2962 534 3131 604 pleni,
3167 549 3231 590 ac
3254 538 3415 605 spiri-

158 644 517 711 πνευματικῆς
583 641 756 712 χαρᾶς
819 639 1024 701 αἴτιαι,
1081 641 1196 701 τοῖς
1249 640 1529 707 [Ινεύματι
1584 635 1721 689 Θεοῦ

154 737 425 805 ἀγομένοις
441 754 454 765 ·
479 737 685 797 πάσαις
709 735 818 805 γὰρ
847 736 879 803 ἡ
904 733 1065 800 σοφία
1093 734 1192 796 τας
1222 731 1332 784 τῶν
1356 729 1531 799 ἁγίων
1552 730 1723 799 αὐτῆς

157 828 582 898 ἑπιμερισαμένη
619 828 874 896 μνήμας,
904 826 998 877 καὶ
1038 823 1254 884 τούτοις
1281 819 1473 890 ὥσπερ
1501 820 1723 889 ἄστρων

158 924 409 985 ἐπιτελεῖς
444 921 536 973 τὸν
569 921 691 973 ὅλον
722 918 817 971 τοῦ
848 915 1098 971 ἐνιαυτοῦ
1131 914 1398 983 στέφανον
1424 911 1725 979 εὐλογοῦσα

156 1015 237 1066 καὶ
264 1010 714 1082 κατακοσμοῦσα,
739 1010 919 1080 πάσης
949 1009 1075 1061 ὅσαι
1104 1005 1310 1075 ἡμέραι
1333 1003 1721 1075 τερπνότητος,

158 1107 237 1158 καὶ
252 1105 601 1175 χαρμοσύνης
618 1106 717 1165 τὰς
735 1102 843 1154 τῶν
863 1097 1104 1153 εὐσεϐῶν
1120 1096 1504 1166 ἀναπίμπλησι
1524 1094 1721 1164 ψυχάς·

162 1198 377 1265 μάλιστα
402 1196 460 1248 δὲ
482 1195 593 1247 τῶν
620 1192 843 1265 ἡμερῶν
857 1185 1019 1244 αὗται
1050 1188 1297 1259 φαιδραὶ,
1318 1188 1411 1240 καὶ
1431 1188 1729 1257 χαρίεσσαν

160 1292 363 1341 ὲνιείσαι
391 1289 507 1348 τοῖς
551 1286 819 1355 φιλοθέοις
852 1284 951 1353 τὴν
999 1282 1320 1352 τερπωλὴν,
1351 1278 1472 1332 καθ’
1504 1278 1570 1343 ἃς
1620 1277 1729 1330 τῶν

164 1378 364 1447 ὑψηλῶν
415 1379 732 1432 ἀποστόλων
762 1376 994 1436 ἕκαστος
1040 1376 1141 1445 τὴν
1171 1374 1278 1442 γῆν
1309 1372 1487 1439 άφεὶς,
1520 1371 1729 1436 ἀνέπτη

162 1473 279 1540 πρὸς
304 1473 395 1524 τὸν
418 1471 651 1541 οὐρανόν
670 1486 683 1499 ·
720 1471 815 1522 καὶ
836 1469 947 1521 τῶν
969 1468 1110 1535 ὑπὲρ
1140 1464 1235 1519 τοῦ
1277 1462 1599 1517 διδασκάλου
1633 1465 1732 1513 πό-

164 1583 257 1617 νων
278 1563 621 1630 ἀπαλλαγεὶς
664 1562 756 1615 καί
788 1560 881 1615 τοῦ
907 1558 1164 1621 θανάτου,
1212 1555 1351 1627 πρὸς
1396 1556 1493 1626 τὴν
1523 1552 1733 1608 ἀνώδυ-

162 1674 238 1708 νον
264 1658 353 1709 καὶ
379 1656 483 1724 τὴν
517 1653 800 1724 μακαρίαν
823 1653 881 1705 ὲν
904 1650 1053 1720 αὑτῷ
1090 1648 1328 1720 μετέστη
1360 1647 1526 1717 ζωήν.

221 1754 428 1821 Ὠσπερ
466 1752 578 1821 γάρ
606 1752 657 1803 οἱ
679 1750 801 1803 κατ’
828 1748 1057 1819 οὐρανὸν
1102 1746 1352 1813 ἀστέρες,
1397 1746 1599 1807 πάντες
1638 1743 1736 1813 μὲν

166 1844 387 1913 λαμπροὶ
406 1843 507 1913 τὴν
535 1842 700 1911 φύσιν
727 1842 820 1895 καὶ
846 1841 1112 1909 διαυγεῖς,
1141 1838 1201 1892 οὐ
1231 1839 1431 1900 πάντες
1458 1836 1515 1890 δὲ
1535 1836 1733 1905 ὁμοίως

1829 635 1954 689 talis
1976 633 2161 704 gaudii
2206 648 2393 697 causa,
2426 631 2513 686 his
2543 630 2639 700 qui
2687 638 2926 699 aguntur
2969 626 3181 697 Spiritu
3221 628 3316 683 Dei
3344 630 3407 684 “.

1823 726 2055 782 Cunctis
2085 724 2233 780 enim
2266 734 2585 779 sanctorum
2617 735 2844 775 suorum
2877 719 3174 774 memorias
3201 719 3414 788 disper-

1826 821 1926 874 tita
1973 818 2263 888 sapientia,
2313 817 2488 887 iisque
2521 815 2677 870 velut
2730 812 2897 867 astris
2946 811 3263 868 orientibus
3290 826 3413 865 om-

1826 925 1953 965 nem
1981 910 2107 964 anni
2141 907 2478 964 benedicens
2506 918 2563 962 et
2598 918 2906 976 perornans
2933 918 3218 969 coronam,
3262 901 3415 958 onmi

1826 1003 2077 1075 quotidie
2103 1003 2385 1072 voluptate
2417 1009 2473 1054 et
2496 999 2698 1070 gaudio
2745 998 2963 1068 piorum
2993 996 3207 1051 animos
3236 996 3415 1051 adim-

1830 1096 1943 1164 plet
1965 1094 2027 1146 ".
2053 1094 2199 1147 Inter
2226 1091 2468 1160 reliquos
2504 1098 2682 1143 tamen
2715 1088 2836 1143 dies
2872 1087 2953 1141 illi
3010 1086 3245 1141 maxime
3282 1086 3414 1150 laeti,

1829 1202 1894 1241 ac
1918 1186 2011 1257 qui
2036 1194 2242 1257 gratam
2273 1183 2551 1253 religiosis
2591 1182 2791 1236 animis
2834 1180 3241 1251 Jucunditatem
3290 1180 3421 1251 inji-

1830 1280 1997 1343 ciant,
2030 1295 2125 1349 per
2148 1292 2288 1349 quos
2312 1274 2635 1332 sublimium
2662 1273 2896 1342 quisque
2921 1271 3298 1341 apostolorum
3331 1271 3420 1325 di-

1832 1373 1995 1426 missa
2029 1381 2197 1435 terra,
2252 1373 2307 1424 in
2337 1368 2539 1424 caelum
2573 1365 2853 1428 evolavit;
2878 1364 3269 1434 laboribusque
3305 1376 3421 1418 ma.-

1832 1444 1985 1535 gistri
2013 1479 2179 1519 causa
2209 1460 2547 1517 desudandis
2580 1474 2645 1512 ac
2676 1465 2854 1512 tnorte
2897 1455 3187 1515 liberatus,
3228 1455 3295 1510 ad
3321 1456 3421 1511 do—

1833 1556 1966 1611 loris
1991 1556 2236 1610 nesciam
2271 1561 2436 1623 atque
2471 1552 2689 1606 beatam
2728 1550 2784 1605 in
2836 1548 2931 1603 illo
2964 1549 3136 1603 vitam
3185 1548 3421 1602 commi-

1872 1647 2039 1702 ravit.

1872 1665 2039 1702 ravu.

1835 1665 1867 1718 Β
1905 1732 2383 1801 Quemadmodum
2443 1731 2593 1787 enim
2643 1744 2766 1800 quae
2814 1729 2941 1784 coeli
2993 1743 3149 1783 axem
3197 1735 3421 1793 ornant,

1837 1840 2049 1884 cunctae
2102 1827 2328 1898 quidem
2390 1834 2591 1880 natura
2648 1823 2953 1895 splendida:
3015 1837 3079 1878 ac
3135 1824 3426 1892 pellucidae

167 1910 288 2002 φωτὶ
306 1910 663 2005 λάμπωσιν·
706 1935 928 2003 Ἀστὴρ
957 1935 1089 2003 τὰρ,
1122 1936 1307 2004 φησὶν,
1331 1932 1590 1999 ἀστέρος
1612 1930 1735 1985 δια·

1847 1923 2052 1989 stcllre;
2097 1938 2207 1977 non
2264 1934 2457 1974 omnes
2503 1929 2684 1972 tamen
2722 1917 2839 1986 pari
2878 1916 3091 1987 fulgent
3141 1917 3425 1972 radiorum

165 2029 308 2097 φέρει
337 2032 409 2083 ἐν
437 2028 590 2095 δόξῃ
612 2046 625 2057 ·
680 2026 823 2080 οὕτω
850 2027 915 2097 δὴ
945 2028 1040 2079 καὶ
1069 2026 1127 2078 αἱ
1180 2024 1388 2095 ἡμέραι
1425 2024 1597 2076 πᾶσαι
1632 2023 1735 2093 μὲν

165 2125 407 2192 ἐπίσημοι
433 2120 533 2174 καὶ
558 2120 903 2189 εὐφρὰσυνοι,
926 2119 1015 2173 διά
1053 2119 1181 2181 τοὺς
1224 2118 1736 2187 μνημονευομένους

166 2214 214 2264 iv
232 2214 413 2275 αὐταῖς
441 2213 633 2279 άγξους
656 2227 669 2241 ·
704 2210 764 2263 οὐ
798 2210 897 2278 τῆς
930 2210 1051 2279 ῐσης
1078 2209 1135 2262 δὲ
1176 2209 1347 2261 πᾶσαι
1375 2207 1595 2277 χάριτός
1629 2208 1737 2259 είσι

170 2306 518 2373 μεταδοτικαί.
572 2304 729 2358 Κατὰ
777 2302 1031 2356 τοσοῦτον
1079 2300 1137 2355 δὲ
1164 2301 1277 2354 τῶν
1315 2301 1489 2355 ἄλλων
1519 2300 1577 2352 αἱ
1627 2298 1737 2351 τῶν

166 2400 349 2452 δώδεκα
392 2401 608 2469 μνῆμαι
637 2397 731 2450 τοῦ
760 2396 997 2469 Χριστοῦ
1051 2395 1334 2467 μαθητῶν,
1365 2394 1445 2464 τῷ
1473 2411 1533 2447 τε
1570 2391 1738 2462 μεγέ-

169 2492 236 2544 θει
259 2493 352 2563 τῆς
373 2492 539 2561 δόξης
576 2493 670 2545 καὶ
688 2494 755 2562 τῇ
784 2492 887 2561 τῆς
914 2490 1300 2561 λαμπρότητος
1321 2486 1740 2560 ὑπερϐαλλούσῃ

167 2585 456 2656 περιουσίᾳ,
498 2584 729 2637 καθόσον
775 2584 871 2637 καὶ
926 2584 1083 2637 αὐτοὶ⁸
1111 2583 1221 2635 τῶν
1278 2582 1418 2634 ὅλων
1466 2580 1640 2649 ἁγίων
1669 2582 1737 2652 τῇ

170 2677 534 2745 μεγαλειότητι
566 2677 664 2747 τῆς
680 2676 969 2746 άγιότητος
992 2672 1434 2744 ὑπερανέῦησαν.

229 2854 437 2908 (ιύκοῦν
493 2854 956 2925 άγαλλιασὼμεθα
1010 2854 1250 2924 σήμερον
1279 2854 1377 2933 καὶ
1423 2852 1741 2925 εὐφρανθῶ-

173 2956 276 3006 μεν,
324 2944 416 2994 καὶ
443 2942 552 3010 τῆς
581 2942 953 3010 άποστολικῆς
997 2945 1219 3013 μνήμης
1261 2946 1356 2997 καὶ
1388 2944 1610 3013 χάριτος
1642 2960 1743 2996 κα·-

168 3031 561 3100 τατρυφῶντες,
585 3032 685 3098 τῆς
720 3032 935 3100 ἡμέρας
981 3031 1600 3104 πνευματικὴνοὼρτὴν
1642 3050 1744 3086 συ-

170 3122 482 3191 στησώμεθα
515 3124 613 3177 καὶ
634 3122 938 3192 δημοτελῆ·
975 3125 1071 3177 καὶ
1118 3125 1301 3177 πᾶσαν
1356 3124 1455 3193 μὲν
1480 3126 1744 3195 ἐργασίαν

171 3213 502 3285 σωματικὴν,
563 3216 743 3266 πᾶσαν
771 3213 829 3267 δὲ
863 3216 1134 3285 μέριμναν
1190 3216 1283 3269 καὶ
1315 3216 1574 3287 βιωτικὴν
1609 3218 1745 3286 ἀφέ-

174 3324 305 3373 μενοι
356 3307 626 3377 φροντίδα
664 3308 1018 3377 σχολάσωμεν
1074 3310 1168 3361 καὶ
1212 3309 1431 3379 γνῶμεν
1464 3311 1544 3372 τίς
1582 3314 1611 3363 ὀ
1646 3312 1745 3381 τῆς

169 3399 362 3467 ἡμέρας
396 3397 613 3467 ταύτης
655 3398 883 3468 φωστὴρ
911 3402 1005 3450 καὶ
1053 3400 1151 3467 τῆς
1181 3401 1495 3469 θαυμασίας
1523 3404 1745 3473 χάριτος

170 3491 392 3560 ἀρχηγός
417 3507 434 3521 ’
468 3491 701 3561 γνῶμεν
726 3493 810 3554 τίς
834 3493 863 3544 ὀ
908 3492 1010 3560 τῆς
1035 3492 1231 3563 ἑορτῆς
1260 3490 1512 3561 ιξαρχος,
1546 3494 1637 3545 καὶ
1689 3496 1746 3547 ὲν

170 3596 260 3631 τινι
310 3584 563 3653 σήμερον
617 3583 648 3636 ὁ
697 3583 798 3652 τῆς
827 3582 987 3653 δόξης
1032 3584 1327 3653 εὐδόκησεν
1357 3585 1747 3657 ἐνδοξασθῆναι

174 3670 307 3735 Θεός.

231 3764 491 3818 Βούλεσθε
516 3765 857 3835 άνακηρύξω
884 3765 976 3819 τὸν
1005 3768 1155 3836 ἡμᾶς
1185 3767 1279 3820 ὲπὶ
1329 3767 1430 3837 τὴν
1451 3768 1615 3820 αὑτοῦ
1661 3768 1742 3833 ξε-

172 3858 509 3925 ναγωγοῦντα
551 3859 776 3928 μνήμην
804 3874 818 3918 ;
846 3858 879 3928 ἦ
913 3859 1045 3912 πᾶσι
1076 3860 1422 3927 καταφανὲς,
1459 3861 1539 3913 ὅτι
1569 3861 1751 3930 Σίμων

172 3948 384 4015 ὁμέγας
434 3950 781 4013 ἀπόστολος,
834 3950 1093 4003 ὑπόθεσιν
1126 3950 1320 4004 ἑαυτὸν
1363 3952 1751 4024 λαμπροτάτης

174 4040 523 4109 πανηγύρεως
573 4044 699 4102 ταῖς
768 4042 1122 4113 Ἐκκλησίαις
1161 4043 1602 4115 παρασχόμενος,
1656 4046 1755 4113 τῆς

175 4134 541 4200 πνευματικῆς
592 4134 728 4203 ἡμῖν
768 4133 1113 4205 εὐφροσύνης
1142 4135 1469 4206 καθηγεῖται
1497 4139 1590 4189 καὶ
1621 4155 1755 4207 χαρ-

177 4224 340 4291 μονῆς.
370 4226 589 4293 Σίμων.
624 4227 654 4276 ὁ
691 4226 793 4294 τῆς
829 4226 1041 4297 ὑψηλῆς
1085 4228 1387 4292 δωδεκάδος
1413 4229 1523 4283 τῶν
1581 4231 1754 4300 μαθη-

175 4314 265 4365 τῶν
290 4312 384 4377 εἷς.
430 4319 493 4369 Ὀ
522 4319 715 4370 πᾶσαν
753 4319 853 4388 μὲν
889 4320 1001 4373 τῶν
1042 4323 1362 4392 κορυφαίων
1394 4321 1615 4394 ἀρετὴν,
1648 4323 1754 4376 πᾶ-

178 4422 260 4459 σαν
294 4409 347 4461 δὲ
391 4410 567 4481 χάριν
616 4409 714 4463 τοῦ
772 4411 1093 4480 Πνεύματος
1148 4412 1351 4482 ὁμοίως
1394 4413 1622 4478 ἑκείνοις
1660 4415 1756 4470 καὶ

1830 2016 2066 2087 jubare;
2100 2013 2260 2068 stella
2302 2013 2461 2075 enim,
2505 2009 2704 2079 inquit,
2737 2010 2909 2079 differt
2954 2026 2987 2062 a
3032 2008 3190 2063 stella
3229 2011 3286 2063 in
3314 2008 3427 2063 cla-

1837 2110 1997 2162 ritate
2021 2108 2101 2172 “;
2158 2107 2238 2161 sic
2266 2105 2433 2160 etiam
2462 2118 2655 2158 omnes
2686 2102 2911 2171 quidem
2945 2102 3066 2156 dies
3095 2102 3336 2172 insignes
3370 2112 3430 2157 et

1837 2200 1971 2263 laeti,
2019 2199 2093 2254 ob
2122 2209 2439 2254 sanctorum
2474 2197 2581 2251 illis
2612 2195 2963 2266 consignatas
2987 2196 3283 2249 memorias
3310 2210 3325 2247 :
3369 2202 3429 2247 at

1840 2302 1949 2340 non
1991 2290 2063 2341 ita
2100 2294 2502 2355 comparatum,
2536 2293 2597 2337 ut
2632 2282 2825 2338 eadem
2859 2296 3054 2337 omnes
3106 2281 3428 2351 impartiant

1840 2376 2036 2445 gratia.
2072 2374 2309 2429 Tantum
2337 2381 2520 2427 autem
2552 2370 2845 2426 duodecim
2886 2368 3096 2423 Christi
3124 2368 3428 2439 discipulo-

1842 2475 1961 2513 rum
2017 2459 2317 2517 mcmoriaa,
2370 2466 2485 2510 tum
2538 2453 2809 2509 claritatis
2857 2452 3258 2524 magnitudine,
3311 2460 3429 2508 tum

1838 2551 2153 2621 splendoris
2208 2548 2555 2604 abundantia
2600 2555 2893 2616 praestant,
2942 2553 3214 2615 quantum
3258 2546 3429 2601 etilli

1840 2653 2061 2698 sanctos
2105 2640 2351 2713 reliquos
2403 2638 2713 2696 sanctitatis
2747 2637 3157 2709 magnificentia
3204 2652 3431 2709 supera-

1845 2740 1996 2788 runt.

1912 2847 2434 2919 lgiturexsultemus
2450 2844 2618 2902 hodie
2639 2853 2697 2902 et
2716 2842 3432 2914 laetemurﬁapostoliczeque

1844 2941 2132 2996 memoriae
2164 2948 2327 3008 atque
2368 2938 2559 3009 gratiae
2612 2951 2841 2991 munere
2867 2935 3239 3007 perfruentes,
3271 2935 3435 3004 spiri-

1844 3033 2006 3089 talem
2035 3031 2335 3103 populique
2364 3030 2546 3086 omnis
2573 3038 2849 3085 conventu
2899 3027 3177 3084 celebrem
3205 3026 3317 3082 diei
3353 3026 3435 3082 l'e-

1845 3124 2140 3180 stivitatem
2173 3122 2579 3178 constituamus
2613 3138 2628 3176 :
2671 3120 2933 3191 omnique
2961 3117 3239 3190 corporali
3266 3133 3434 3189 opere

1847 3216 2107 3287 omnique
2129 3215 2309 3271 5330""
2368 3213 2743 3270 sollicitudine
2776 3227 3021 3283 curaque
3078 3211 3433 3282 posthabitis,

1848 3325 2110 3365 vacemus
2134 3324 2198 3365 ac
2229 3308 2628 3377 intelligamus,
2670 3306 2950 3376 quodnam
3005 3304 3171 3375 hujus
3222 3303 3333 3358 diei
3362 3308 3438 3358 si-

1850 3404 1956 3457 dus
1990 3417 2054 3457 ac
2078 3400 2417 3456 admirandae
2438 3401 2627 3471 gratim
2651 3406 2865 3453 auctor.
2912 3398 3287 3469 lntelligamus
3313 3397 3438 3467 quis

1856 3493 2225 3549 solemnitalis
2257 3507 2485 3562 auSpex,
2519 3506 2583 3546 ac
2609 3491 2666 3545 in
2695 3504 2936 3561 quonam
2965 3489 3131 3546 hodie
3154 3490 3299 3545 Deus
3324 3489 3439 3561 glo-

1855 3587 1952 3641 riae
1985 3585 2157 3641 voluit
2188 3583 2509 3656 gloriﬁcari.

1930 3772 2105 3827 Vultis
2133 3772 2446 3842 praedicem,
2478 3772 2606 3842 quis
2634 3787 2743 3826 non
2773 3769 3065 3828 recolenda
3097 3784 3196 3825 sua
3235 3785 3442 3827 memo-

1857 3865 1937 3917 ria
1965 3864 2207 3932 hospitio
2245 3864 2496 3934 excipit?
2553 3865 2748 3919 Atinon
2781 3864 3041 3918 omnibus
3095 3862 3289 3933 liquet,
3326 3878 3441 3918 ma-

1855 3971 2021 4025 gnum
2050 3955 2331 4015 Simonem
2362 3956 2671 4025 apostolum
2700 3972 2845 4021 esse,
2873 3956 2970 4025 qui
2990 3955 3235 4025 seipsum
3260 3955 3443 4025 splen-

1857 4046 2158 4102 didissima:
2198 4048 2566 4103 solemnitatis
2594 4056 2983 4117 argumentum
3011 4047 3276 4102 Ecclesiis
3304 4061 3443 4115 prae-

1858 4135 2017 4199 hens,
2050 4136 2315 4206 spiritalis
2343 4138 2507 4192 nobis
2560 4137 2765 4193 laetitia:
2794 4146 2959 4207 atque
3008 4136 3195 4207 gaudii
3250 4144 3446 4191 auctor

1858 4240 1915 4283 et
1941 4244 2150 4299 auspex
2176 4230 2437 4286 exsistit?
2488 4230 2694 4300 Nempe
2724 4229 2915 4284 Simon
2964 4244 3109 4283 unus
3141 4245 3173 4283 e
3220 4226 3444 4283 sublimi

1858 4322 2154 4377 duodecim
2196 4322 2408 4388 choro;
2455 4323 2549 4392 qui
2578 4328 2728 4377 omni
2760 4323 2984 4391 quidem
3025 4322 3443 4393 corypltmnrum

1861 4416 2087 4480 virtute,
2125 4416 2389 4486 omnique
2425 4414 2668 4486 Spiritus
2704 4416 2879 4485 gratia
2908 4415 3185 4471 consimili
3222 4415 3329 4471 illis
3359 4430 3447 4470 ra-

235 4590 273 4619 "
297 4590 457 4644 Rom.
481 4605 610 4649 vm,
640 4589 727 4643 Μ.
810 4587 854 4619 ⁸⁸
876 4588 1023 4643 Psal.
1050 4605 1191 4652 thv,
1222 4589 1306 4643 12.
1388 4588 1475 4642 ¹⁵1
1504 4587 1632 4645 Cor.
1657 4606 1747 4656 xv,
1771 4590 1860 4644 41.

180 4746 426 4801 hactenus
452 4744 691 4802 exuviis
724 4744 1053 4817 gloriantur,
1085 4758 1195 4817 non
1222 4744 1303 4797 sic
1324 4742 1587 4817 Simonis,
1612 4743 1759 4812 quod
1799 4747 1838 4799 D
1870 4743 2085 4817 ignota
2146 4743 2317 4817 fuisse
2336 4762 2351 4812 ;
2388 4760 2492 4800 nec
2517 4745 2965 4814 ejuquuidquam
2989 4744 3149 4800 Beda:
3188 4760 3449 4817 comper-

180 4829 223 4868 et
245 4818 457 4871 Patrum
509 4824 845 4884 nostrorum
870 4814 1087 4884 Maioris
1132 4814 1405 4868 Armeniae
1434 4814 1582 4867 domi
1609 4830 1761 4884 com-

1873 4825 1985 4867 tum
2013 4813 2201 4876 fuisse,
2228 4816 2322 4883 qui
2369 4816 2534 4871 etiam
2596 4813 2779 4870 minus
2822 4825 3114 4869 accuratus
3168 4816 3288 4871 Act.
3315 4813 3351 4876 ἱ.
3392 4818 3448 4874 in

182 4889 489 4941 niorantium
530 4877 863 4955 tcstimohio
891 4877 1024 4955 mihi
1055 4884 1439 4955 confirmatum
1468 4892 1571 4955 est.
1633 4883 1764 4949 Quae
1868 4884 2096 4945 Iacobo,
2123 4877 2345 4939 Simone
2370 4886 2615 4949 etJuda;
2645 4886 2711 4939 de
2746 4900 2859 4955 quo
2906 4887 3084 4954 plura.
3116 4901 3178 4941 ac
3208 4886 3276 4941 de
3299 4887 3449 4942 illius

181 4967 513 5012 monumenta
551 4954 805 5009 habeant
835 4953 1163 5007 Britannica:
1196 4954 1480 5017 Ecclesize,
1518 4952 1764 5009 Simonis

1872 4956 2289 5025 retractatione,
2327 4955 2396 5009 ad
2439 4967 2680 5009 nostram
2709 4955 2765 5009 S.
2798 4955 3074 5025 Hippolyti
3111 4956 3442 5025 Synopsim;

181 5029 303 5107 apud
329 5044 424 5083 eos
444 5025 810 5107 apostolatus
842 5031 896 5076 et
930 5024 1447 5107 consummationis,
1472 5024 1766 5107 sive_illins
1870 5038 1938 5107 ex
1962 5039 2075 5104 qua.
2100 5024 2637 5107 Sop’hronzualiique
2692 5040 2791 5107 sua
2823 5024 3112 5106 hauserint
3132 5024 3201 5107 de
3222 5026 3449 5082 Simone

182 5093 354 5160 crucis,
388 5093 516 5168 qua:
552 5097 643 5150 sic
676 5094 990 5168 Graecorum
1035 5094 1317 5168 traditioni
1374 5093 1763 5168 respondeant,

184 5163 420 5223 melatet:
450 5169 522 5222 Et
544 5175 710 5220 certe
740 5164 878 5218 bene
903 5173 1007 5221 est.
1034 5164 1183 5233 quod
1216 5173 1367 5218 tanto
1424 5163 1596 5218 Graeci
1631 5179 1765 5218 con-

185 5252 318 5292 sensu
372 5240 675 5293 Simonem
733 5234 1047 5290 Occidentis
1114 5236 1425 5305 apostolum
1487 5234 1759 5296 scribunt,

186 5310 381 5379 eiusque
432 5323 529 5363 res
574 5321 669 5379 "ac
703 5306 1272 5379 itinera,_ni_hil_gterc
1332 5306 1756 5379 minora___quam

188 5375 377 5435 illonue
408 5396 512 5451 per
558 5377 857 5433 Orientem
892 5376 959 5430 ad
989 5376 1229 5451 _lndiam
1282 5391 1479 5451 usque,
1523 5375 1755 5451 _Nicctas

189 5445 633 5517 exornatflltque
664 5456 947 5515 peragrata
980 5445 1193 5517 Cyrene
1220 5453 1277 5500 et
1308 5446 1489 5517 Africa
1523 5445 1577 5498 in
1631 5445 1753 5497 Bri-

192 5521 399 5574 tanniam
440 5516 702 5579 venerit,
762 5516 1100 5585 tantaqne'in
1131 5531 1195 5570 ea
1219 5516 1518 5585 apostolica
1553 5517 1760 5568 virtute

193 5595 408 5653 patrarit,
446 5590 599 5643 haud
630 5585 916 5657 putandus
949 5602 1060 5641 non
1108 5587 1377 5641 salutasse
1404 5585 1630 5643 Gallias,
1672 5585 1757 5657 ni-

196 5658 344 5727 hilque
376 5662 485 5715 illis
529 5654 894 5719 contulisse;
938 5666 1033 5710 aut
1080 5672 1177 5727 cas
1234 5656 1399 5727 solas,
1428 5671 1550 5727 qua:
1599 5654 1759 5709 nobi-

197 5725 368 5784 lissima
404 5730 596 5801 portio
663 5734 829 5801 erant
884 5727 1097 5796 imperii
1155 5726 1423 5801 Romani,
1450 5725 1757 5801 primorum

198 5796 538 5864 apostolorum
593 5797 837 5865 vestigia
872 5813 981 5851 non
1038 5799 1325 5851 meruisse.
1383 5796 1762 5863 Undet'unqtte

201 5881 303 5924 tcto
334 5875 450 5927 orla
502 5871 836 5925 Cra-corum
884 5869 997 5923 lucc
1047 5867 1293 5933 traditio,
1326 5867 1497 5937 liquet
1520 5865 1763 5938 antiquis

1870 5093 2136 5148 Cananita
2201 5094 2313 5148 lilio
2359 5094 2638 5164 Cleoplim,
2691 5096 2786 5165 qui
2850 5096 3116 5150 successit
3156 5096 3362 5151 Jacobo
3390 5098 3449 5152 in

1874 5164 2196 5239 episcopatu
2230 5164 2746 5239 Hicrosnlymjtano,
2799 5165 2999 5239 ibiquc_
3035 5167 3287 5236 sepultus
3339 5176 3445 5239 est,

1875 5235 2139 5305 martyrio
2176 5234 2397 5290 functus
2423 5234 2527 5289 sub
2553 5237 2823 5305 Traiano;
2857 5234 3003 5304 quod
3050 5234 3211 5305 plane
3233 5237 3451 5291 strami-

1874 5320 2040 5357 neum
2071 5314 2176 5367 est,
2198 5314 2256 5359 et
2311 5306 2699 5361 ecclesiasticae
2737 5306 2979 5360 historia:
3013 5307 3329 5370 adversum,
3356 5322 3446 5361 se-

1868 5374 2060 5447 rieque
2086 5376 2261 5447 Adoni
2290 5376 2680 5447 improbatum.
2714 5377 2904 5447 Ignota
2951 5376 3119 5431 etiam
3173 5377 3449 5433 Africanis

1867 5445 2244 5517 illaSimonis
2272 5446 2326 5500 in
2354 5445 2540 5501 Africa
2573 5445 2946 5517 peregrinatio
3004 5457 3060 5501 et
3107 5447 3445 5517 praedicatio,

1861 5516 2177 5582 nulliusquc
2217 5525 2467 5570 veterum
2501 5516 2816 5571 testimonio
2870 5516 3121 5586 prodita,
3175 5532 3298 5569 cum
3334 5518 3443 5572 Dol-

1862 5587 2088 5639 natistas
2111 5594 2234 5655 post
2263 5587 2541 5656 apostolos
2570 5587 2850 5656 accepisse
2901 5586 3063 5642 ﬁdem
3100 5586 3262 5640 Afros
3312 5601 3449 5642 con-

1864 5656 2193 5737 tenderent;
2227 5672 2332 5737 nec
2344 5656 2704 5737 “Augustinus
2726 5656 3085 5737 aliud_posset
3137 5672 3446 5737 opponere,

1862 5740 2049 5849 Σιμοιῆ
2093 5730 2266 5851 ἓὲιιιιι
2322 5726 2767 5798 ἰιιοεοοοθρίεεε
2808 5728 3120 5798 episcopos.
3166 5726 3297 5786 Vide
3322 5728 3445 5784 Bas.
