4180 6434
703 432 811 496 239

1922 407 2216 467 NICET/E
2257 405 2783 464 i’Al’lll.AGONlS

3879 402 3992 463 940

709 547 880 606 tione,
914 533 1178 605 nulloque
1204 529 1525 587 discrimine
1551 525 1796 598 polleat;
1843 522 1940 593 qui
1991 530 2173 575 tamen
2219 516 2289 571 ab

2410 517 2826 585 ιπαραλλάκτως
2871 515 3280 583 καταπλουτῶν,
3306 515 3414 570 ἀπὸ
3443 516 3573 587 μιᾶς
3603 513 3659 568 6’:
3680 513 3749 587 ἢν
3775 515 3991 578 ἐκεῖνος

710 648 817 688 una
846 645 971 684 cum
999 626 1191 699 primis
1232 624 1548 678 celebretur
1574 634 1637 672 ac
1664 617 1992 678 innotescat,
2019 627 2127 681 qua
2158 611 2288 665 reli-

708 724 836 794 quis
855 717 1231 777 abundantius
1264 714 1457 779 fulsit;
1508 711 1698 766 Simon
1744 713 2113 792 cognomento
2138 702 2297 756 Zelo-

712 823 817 878 tes,
842 810 958 882 pari
984 808 1247 863 nimirum
1282 803 1475 875 primis
1504 801 1711 871 pietate
1748 799 1803 852 in
1847 795 2138 851 Dominum
2190 807 2295 846 no-

714 906 982 963 bilitatus,
1018 900 1113 971 qui
1159 909 1340 954 tamen
1375 893 1567 965 majori
1618 890 1850 961 reliquis
1876 889 2092 943 fervore
2126 899 2295 938 orna-

713 1009 821 1062 tus,
850 996 955 1050 rite
983 994 1200 1049 Zelotes
1225 990 1301 1059 (id
1330 997 1437 1048 est,
1464 985 1775 1050 aemulator)
1807 981 2015 1036 audiat.
2070 978 2125 1031 Id
2150 977 2297 1031 enim

708 1098 798 1144 est
821 1089 976 1143 zelus
1013 1101 1110 1139 seu
1146 1080 1446 1141 aemulatio,
1477 1091 1674 1146 nempe
1717 1075 1901 1129 fervor
1930 1087 2054 1126 cum
2084 1069 2297 1123 ratione

712 1195 957 1251 sanoque
992 1174 1224 1231 consilio
1268 1170 1496 1225 honoris
1550 1167 1647 1222 Dei
1676 1180 1841 1220 causa
1888 1175 2173 1222 accensus,
2233 1173 2298 1212 ac

716 1273 841 1329 fidei
874 1250 1126 1326 tutamen
1160 1274 1486 1332 certumque
1527 1257 1841 1330 praesidium
1878 1263 2166 1323 praestans.
2199 1250 2299 1305 Hic

706 1382 815 1419 nos
839 1362 1004 1417 hodie
1056 1361 1209 1415 claro
1256 1354 1534 1427 praeconio
1582 1351 1803 1418 lenique
1854 1362 1918 1401 ac
1962 1344 2179 1415 placido
2229 1342 2296 1398 ad

716 1457 975 1521 mysticas
1019 1451 1219 1506 invitat
1244 1447 1479 1517 epulas:
1518 1457 1687 1511 seque
1726 1440 1842 1509 ipse
1888 1444 2149 1506 tanquam
2176 1434 2298 1504 Opi—

713 1563 900 1619 param
929 1562 991 1601 ac
1030 1539 1375 1614 Splendidam
1411 1550 1656 1590 mensam
1692 1544 1996 1601 apponens,
2031 1540 2299 1596 suamque

712 1651 957 1699 crucem,
993 1648 1057 1688 ac
1082 1631 1287 1701 quibus
1313 1626 1561 1683 cruciﬁxi
1593 1637 1759 1678 causa
1795 1621 2017 1675 functus
2037 1628 2144 1680 est,
2177 1633 2298 1671 cru-

711 1733 985 1786 ciamenta
1018 1732 1278 1794 recteque
1301 1722 1441 1776 facta
1471 1734 1534 1773 ac
1564 1716 1798 1771 virtutes
1830 1712 1980 1766 velut
2010 1712 2301 1764 immorta-

2399 612 2510 664 τῶν
2537 612 2756 665 πάντων
2786 610 3192 681 περισσοτέρως
3220 610 3626 680 κατωρθώσατο
3646 609 3994 679 γνωριζόμε-

2398 722 2509 767 νος.
2544 706 2729 775 Σίμων
2754 704 2783 758 6
2812 702 3146 773 καλούμενος
3187 702 3448 772 Ζηλωτής
3467 720 3482 734 ·
3514 702 3711 773 ὲπίσης
3742 702 3842 769 μὲν
3872 703 3993 763 τοῖς

2400 794 2637 867 πρώτοις
2660 798 2728 867 τῇ
2765 797 2846 860 είς
2870 795 2963 848 τὸν
2999 795 3203 866 Κύριον
3251 794 3505 867 εὐσεϐείᾳ
3540 794 3948 865 σεμνυνόμενος
3973 808 3989 823 ο

2397 889 2604 943 πλείονι
2629 888 2687 941 δὲ
2711 888 2820 941 τῶν
2852 888 3027 943 ἄλλων
3041 887 3340 959 θερμότητι
3366 888 3759 957 κοσμούμενος,
3794 886 3989 940 εὐστό-

2398 998 2507 1051 χως
2538 981 2801 1050 κέκληται
2830 982 3115 1050 Ζηλωτής’
3156 979 3313 1034 τοῦτο
3347 982 3457 1052 γὰρ
3494 980 3678 1050 ζῆλος,
3705 979 3988 1051 θερμότης

2398 1074 2541 1127 κατὰ
2565 1073 2907 1142 εὐλογιστίας
2943 1075 3085 1145 ὑπὲρ
3116 1075 3216 1144 τῆς
3256 1074 3351 1127 τοῦ
3385 1074 3523 1127 Θεοῦ
3552 1076 3719 1143 τιμῆς
3742 1075 3990 1128 ἀναπτο-

2400 1166 2560 1237 μένη,
2584 1167 2679 1220 καὶ
2708 1169 2775 1237 τῇ
2814 1165 2995 1219 πίστει
3044 1167 3106 1219 τὸ
3136 1166 3377 1236 ἀσφαλὲς
3407 1164 3783 1238 παρεχομένη.
3810 1160 3990 1228 Οὗτος

2396 1258 2547 1326 ἡμᾶς
2588 1261 2829 1329 σήμερον
2888 1257 3200 1328 διαπρυσίῳ
3249 1257 3568 1329 κηρύγματι
3631 1258 3727 1311 καὶ
3776 1257 3995 1325 ἡσυχίῳ

2398 1351 2534 1422 πρὸς
2574 1351 2844 1422 μυστικὴν
2882 1350 3209 1406 πανδαισίαν
3252 1350 3540 1417 συγκαλεῖ·
3580 1349 3775 1402 ἑαυτὸν
3797 1349 3852 1401 δὲ
3884 1365 3993 1400 πο⁴

2399 1441 2591 1511 λυτελῆ
2625 1443 2721 1494 καὶ
2748 1442 2945 1513 νοεράν
2986 1440 3270 1512 τράπεζαν
3317 1440 3595 1513 προτιθείς
3622 1457 3636 1471 σ
3673 1438 3768 1493 τὸν
3816 1437 3996 1491 αὐτοῦ

2398 1534 2454 1587 δὲ
2478 1533 2731 1601 σταυρὸν,
2759 1533 2854 1586 καὶ
2875 1532 2945 1585 τά
2965 1532 3108 1603 ὑπὲρ
3130 1532 3225 1585 τοῦ
3250 1531 3667 1603 ἐσταυρωμένον
3684 1529 3994 1598 παθήματα

2402 1628 2498 1680 καὶ
2530 1626 3004 1697 ἀνδραγαθήματα
3038 1626 3230 1698 ὥσπερ
3262 1627 3515 1695 ἀκήρατα
3545 1622 3994 1696 προϐαλλόμενος

2403 1721 2697 1788 ἐδέσματα,
2737 1721 2794 1771 ὲν
2825 1718 3036 1779 τούτοις
3060 1719 3191 1779 τοὺς
3251 1717 3417 1772 αὐτοῦ
3458 1716 3789 1785 δαιτύμονας
3840 1715 3992 1785 λαμ-

712 1824 794 1875 les
826 1819 996 1889 dapes
1026 1815 1288 1877 oﬂerens,
1344 1810 1605 1865 convivas
1638 1818 1769 1858 suos
1801 1816 1967 1871 quam
1991 1800 2297 1855 lautissimc

2410 1813 2560 1884 πρῶς
2585 1814 2665 1866 ὅτι
2702 1812 2937 1881 μάλιστα
2969 1811 3235 1875 δεξιοῦται
3260 1813 3356 1865 καὶ
3390 1810 3782 1880 φιλοτιμεῖται.

711 1914 915 1983 accipit
938 1925 1006 1966 ac
1034 1907 1222 1963 habet.

783 2004 918 2071 Quis
939 2018 1049 2056 non
1082 1999 1252 2071 igitur
1295 2003 1498 2066 praesto
1546 1992 1612 2048 ad
1666 1990 2071 2047 solemnitatem
2106 2002 2301 2043 oecur—

714 2100 838 2155 rat?
891 2096 1028 2164 Quis
1082 2094 1155 2147 ita
1203 2090 1410 2160 segnis,
1455 2088 1528 2142 ita
1576 2086 1856 2156 negligens
1903 2098 1969 2137 ac
2014 2095 2298 2142 morosus;

712 2193 910 2263 quisve
939 2188 1019 2243 sic
1045 2184 1228 2241 mollis
1246 2180 1535 2249 animique
1556 2178 1795 2241 solutus,
1820 2183 1881 2230 ut
1905 2173 2131 2228 delicias
2157 2172 2303 2240 eius-

715 2283 889 2348 modi,
920 2290 982 2335 ut
1008 2286 1214 2333 tantam
1241 2273 1649 2345 iucunditatem
1675 2269 1949 2336 talemque
1983 2264 2303 2320 convivato-

716 2393 835 2433 rem
872 2367 1299 2439 contempserit?
1332 2365 1426 2435 qui
1451 2367 1666 2432 {nempe
1695 2359 1863 2426 {filius
1900 2356 2145 2412 hominis
2174 2369 2301 2409 cum

716 2476 886 2533 esset,
923 2480 988 2519 ac
1021 2464 1224 2517 bonam
1279 2457 1521 2512 animam
1572 2452 1805 2508 sortitus
1856 2450 2072 2515 fuisset,
2126 2462 2302 2516 usque

717 2564 858 2618 adeo
885 2567 1143 2625 tantaque
1167 2551 1453 2622 diligentia
1488 2548 1731 2617 seipsum
1760 2542 2027 2607 excoluit,
2058 2541 2303 2610 legisque

718 2649 1068 2709 documentis
1096 2661 1161 2701 ac
1190 2643 1378 2715 gratize
1401 2641 1616 2712 placitis
1638 2638 1894 2701 absolvit,
1922 2644 1985 2690 ut
2018 2634 2115 2690 Dei
2154 2632 2303 2687 filius

718 2748 1031 2802 eﬂiceretur
1055 2754 1120 2793 ac
1153 2735 1568 2790 existimaretur
1600 2729 1664 2782 ".

791 2837 971 2894 Vultis
1025 2841 1083 2887 et
1133 2827 1439 2897 disciplinae
1493 2821 1743 2885 modum,
1790 2834 1901 2891 quo
1957 2818 2025 2873 ad
2085 2817 2302 2873 Patrem

720 2947 881 2986 suum
906 2933 1201 2998 provectus
1240 2926 1346 2983 est,
1377 2916 1626 2971 discere?
1665 2915 1872 2969 Prazsto
1921 2926 2046 2966 sum
2077 2919 2141 2964 ut
2167 2924 2305 2978 pau-

720 3025 802 3079 cis
834 3020 1107 3076 referam:
1151 3029 1216 3068 ac
1249 3025 1437 3081 quasso
1468 3022 1662 3062 aurem
1694 3006 1956 3060 solertem
1990 3012 2157 3073 atque
2184 3000 2308 3054 ani-

723 3133 875 3174 mum
910 3108 1344 3169 accommodate.
1379 3104 1476 3158 Ille
1502 3100 1763 3154 nimirum
1794 3096 2069 3165 morigero
2114 3092 2305 3147 auditu

723 3225 787 3265 ac
819 3206 967 3261 fideli
1001 3209 1186 3257 mente
1219 3197 1406 3253 divina
1433 3193 1684 3255 edoctus,
1746 3189 2173 3258 intelligensque
2203 3186 2303 3239 Do-
2335 3199 2379 3261 ρ

724 3301 861 3356 mini
898 3295 1143 3357 oracula,
1176 3300 1340 3360 atque
1393 3287 1509 3339 htec
1532 3300 1561 3338 a
1605 3297 1779 3353 puero
1809 3281 1864 3335 in
1895 3280 2141 3333 animum
2172 3292 2307 3332 con-

724 3405 940 3464 gcrens,
996 3387 1261 3441 hactenus
1307 3377 1537 3448 quidem
1583 3390 1685 3428 ceu
1713 3370 2029 3425 rudimento
2066 3368 2184 3437 lege
2225 3366 2310 3419 in-

725 3458 1100 3542 stituebatur;
1135 3471 1563 3536 caritatibusque
1586 3459 2083 3537 iustificationibus
2115 3472 2180 3513 ac
2210 3458 2307 3511 lit-

729 3586 859 3630 tera:
914 3564 1316 3639 itnperfectioni
1377 3572 1586 3614 navans
1640 3568 1904 3624 operam,
1971 3550 2139 3616 inque
2203 3547 2311 3601 illis

726 3677 1014 3724 exercens,
1047 3658 1113 3712 ad
1148 3654 1335 3726 gratiae
1371 3647 1766 3720 perfectionem
1798 3639 2236 3713 praeparabatur.

798 3755 939 3823 Quia
978 3721 1112 3806 vero
1152 3721 1264 3817 ⁷ιιιιί
1314 3745 1557 3798 litteram
1611 3739 1906 3807 abrogaret
1961 3741 2018 3788 et
2055 3721 2310 3802 spiritum

726 3822 1160 3904 consummaret,
1186 3846 1414 3892 venerat
1441 3851 1455 3888 :
1484 3848 1549 3888 ac
1569 3833 1810 3886 lucerna:
1831 3826 2057 3897 quidem
2089 3822 2311 3879 lucendi

730 3954 948 4009 tempus
994 3938 1335 3993 excesserat,
1384 3926 1615 3998 iustitia:
1667 3932 1849 3978 autem
1878 3921 1970 3975 Sol
2012 3921 2308 3981 illuxerat;

727 4045 895 4101 atque
935 4026 1115 4083 noctis
1148 4040 1206 4077 se
1248 4019 1511 4075 moestitia
1560 4016 1931 4075 subducente,
1961 4013 2074 4083 iam
2126 4012 2314 4065 oriens

728 4136 976 4181 summos
1011 4117 1281 4173 montium
1305 4111 1540 4167 vertices
1574 4107 1911 4171 illustrabat;
1946 4122 2055 4160 non
2079 4104 2315 4173 amplius

733 4213 925 4284 figuris
963 4207 1285 4274 umbrisque
1312 4200 1566 4257 distineri
1600 4196 1905 4253 sustinuit:
1934 4211 2044 4249 non
2076 4201 2135 4247 ut
2158 4191 2316 4247 dein-

732 4322 865 4377 ceps
898 4302 1192 4374 padagogo
1215 4295 1408 4351 allixus
1452 4293 1639 4361 illique
1678 4289 1938 4343 assiduus
1976 4296 2141 4349 esset,
2180 4300 2317 4354 ope-

735 4376 811 4453 rae
836 4394 1074 4463 pretium
1109 4388 1310 4444 duxit:
1347 4384 1444 4439 sed
1478 4380 1630 4453 gravi
1662 4380 1757 4434 illo
1778 4380 1914 4450 iugo
1939 4376 2184 4432 humeris
2217 4390 2317 4428 ex-

734 4500 919 4551 cusso,
949 4486 1140 4556 iugum
1182 4475 1427 4548 magistri
1468 4488 1635 4529 suave
1670 4470 1964 4540 imposuit;
2020 4474 2318 4538 spretoque

2473 1985 2570 2049 Τίς
2598 1985 2689 2037 οῦν
2730 1985 2829 2037 οῦκ
2856 1986 3161 2054 ἀπαντήσει
3206 1987 3343 2057 πρὸς
3375 1987 3477 2057 τὴν
3507 1989 3853 2059 πανήγυρινς
3887 1988 3995 2051 Τίς

2402 2075 2545 2131 οὕτω
2593 2077 2855 2148 ῥᾴθυμος,
2884 2076 3060 2141 οὕτως
3089 2079 3298 2149 ἀμελής
3337 2096 3397 2132 τε
3440 2081 3535 2133 καὶ
3579 2081 3992 2152 ὑπεροπτικόςς

2401 2168 2486 2230 τίς
2516 2168 2573 2221 δὲ
2597 2166 2823 2238 ’χαῦνος
2849 2168 2993 2222 οὕτω
3050 2170 3145 2223 καὶ¹
3196 2172 3573 2242 ἐκλελυμένος,
3606 2174 3685 2234 ώς
3732 2173 3996 2242 τοιαύτης

2402 2260 2636 2331 τρυφῆς,
2670 2262 2925 2331 τοιαύτης
2954 2263 3317 2334 τερπνότητος
3343 2266 3439 2319 καὶ
3469 2266 3785 2335 ἑστιάτορος
3805 2266 3989 2319 τοιού-

2402 2369 2497 2405 του
2525 2353 2896 2422 παραμελείν;
2947 2354 3006 2417 ὃς
3046 2354 3174 2417 Υἱὸς
3217 2354 3293 2409 ὢν
3322 2356 3640 2426 ἀνθρώπου,
3682 2360 3778 2412 καὶ
3812 2360 3997 2428 ψυχῆς

2404 2442 2582 2512 λαχὼν
2610 2442 2844 2513 ἀγαθῆς,
2879 2443 2973 2496 ἐπὶ
3024 2443 3280 2499 τοσοῦτον
3328 2446 3523 2500 ἑαυτὸν
3555 2448 3622 2501 δι’
3671 2449 3999 2517 ἐπιμελείας

2406 2534 2767 2605 ἑξησκήσατο,
2808 2536 3019 2590 καὶτοῦ
3058 2538 3226 2607 νόμου
3254 2540 3368 2601 τοῖς
3398 2541 3855 2610 παραγγέλμασι,
3898 2544 3999 2595 καὶ

2405 2630 2517 2691 τοῖς
2544 2628 2642 2698 τῆς
2671 2628 2891 2700 χάριτος
2920 2630 3157 2700 δόγμασι
3175 2633 3529 2703 κατήρτιστο,
3563 2634 3641 2697 ὡς
3658 2635 3795 2689 Ύίὺν
3821 2651 3999 2687 κατα-

2408 2721 2598 2789 στῆναι
2622 2722 2719 2774 καὶ
2749 2721 3067 2792 λογισθῆναι
3108 2723 3269 2778 Θεοῦ.

2478 2810 2746 2865 Βούλεσθε
2792 2812 2888 2866 καὶ
2926 2814 3019 2866 τὸν
3055 2816 3258 2886 τρόπον
3298 2816 3400 2887 τῆς
3431 2818 3786 2888 ἀναγωγικῆς
3825 2819 3998 2872 αὑτοῦ

2410 2904 2548 2973 πρὸς
2592 2904 2684 2956 τὸν
2734 2903 2951 2975 ΙΙατέρα
3002 2909 3283 2972 πολιτείας
3316 2910 3539 2977 μαθεῖν;
3578 2911 3840 2981 Ἐτοιμος
3873 2914 4000 2965 ἑπι-

2409 2999 2597 3063 τεμεῖν
2622 2996 2766 3063 ἐγώ·
2796 2998 2891 3050 καί
2928 3016 3018 3068 μοι
3060 3000 3279 3054 συνετὸν
3317 3001 3411 3065 οὓς
3434 3004 3530 3056 καὶ
3578 3003 3820 3058 διάνοιαν
3863 3005 4000 3056 ὑπο-

2413 3089 2581 3155 σχεῖν.
2626 3085 2863 3151 Ἐκεῖνος
2901 3090 3039 3160 ἀκοῇ
3076 3090 3175 3159 μὲν
3206 3091 3471 3155 εὐπειθεῖ,
3502 3093 3779 3166 διανοίᾳδὲ
3802 3097 3992 3164 πιστῇ,

2411 3179 2478 3230 τά
2522 3177 2680 3231 ἔνθεα
2718 3178 2877 3246 λόγια
2910 3179 3006 3232 τοῦ
3060 3181 3267 3252 Κυρίου
3303 3182 3529 3247 συνιεὶς,
3583 3185 3683 3236 καὶ
3733 3184 3997 3254 νηπιόθεν

2413 3270 2553 3324 αύτά
2588 3270 2910 3341 συμϐάλλων
2956 3274 3023 3341 τῇ
3059 3273 3279 3343 καρδίᾳ,
3311 3275 3450 3339 τέως
3493 3276 3592 3344 μὲν
3633 3276 3999 3346 ἑστοιχειοῦτο

2412 3363 2490 3431 τῷ
2520 3362 2689 3433 νόμῳ,
2726 3362 2821 3416 καὶ
2849 3364 2962 3425 τοῖς
2986 3365 3086 3433 τῆς
3113 3364 3314 3435 σαρκὸς
3347 3365 3681 3436 δικαιώμασι
3711 3367 3997 3439 παιδοτρι-

2414 3452 2699 3522 6ούμενος,
2740 3453 2834 3505 καὶ
2862 3455 2929 3523 τῇ
2964 3453 3185 3526 ἀτελείᾳ
3219 3454 3316 3509 τοῦ
3341 3456 3674 3527 γράμματος
3712 3459 3997 3530 ἐγγυμνα-

2414 3543 2678 3611 ζόμενος,
2735 3545 2873 3616 πρὸς
2927 3544 3028 3617 τὴν
3082 3547 3184 3617 τῆς
3222 3548 3446 3620 χάριτος
3485 3549 3798 3620 τελειότητα
3851 3568 3997 3622 παρ·

2412 3636 2758 3699 εσκευάζετο.

2498 3726 2719 3798 Ἐπειδὴ
2767 3727 2823 3781 δὲ
2855 3729 2884 3782 6
2927 3728 3022 3782 τοῦ
3072 3728 3403 3800 γράμματος
3448 3730 3723 3802 ἀθετητὴς
3769 3732 3861 3786 καὶ
3898 3732 3997 3785 τοῦ

2413 3818 2725 3888 πνεύματος
2755 3814 2859 3891 ἧκε
2891 3819 3187 3891 τελειωτής
3211 3839 3225 3853 ·
3264 3824 3359 3877 καὶ
3391 3822 3469 3893 τῷ
3499 3822 3677 3894 λύχνῳ
3716 3825 3816 3895 μὲν
3846 3826 3874 3877 6
3900 3825 3997 3878 τοῦ

2415 3910 2628 3976 φαίνειν
2662 3909 2851 3979 ἐξήκει
2890 3911 3108 3981 καιρὸς,
3137 3914 3167 3965 6
3204 3912 3395 3975 Ἥλιος
3426 3913 3482 3965 δὲ
3519 3914 3618 3983 τῆς
3644 3914 3999 3983 δικαιοσύνης

2417 3999 2665 4070 ἐπεφάνη
2683 4016 2697 4030 ⁸
2734 4002 2827 4053 καὶ
2864 4002 2896 4071 ή
2928 4004 3204 4072 κατήφεια
3230 4004 3329 4072 μὲν
3351 4003 3626 4073 ὑπεχώρει
3654 4004 3757 4073 τῆς
3783 4007 3999 4073 νυκτὸς,

2418 4094 2452 4163 ἠ
2476 4092 2709 4163 ἀνατολὴ
2734 4092 2791 4145 δὲ
2810 4093 2912 4162 ἤδη
2928 4092 3027 4155 τὰς
3054 4094 3365 4165 ἀκρωρείας
3396 4096 3789 4166 κατεφώτιζεν,
3819 4098 4002 4151 οὐκέτι

2416 4184 2528 4244 τοῖς
2560 4180 2749 4249 τύποις
2788 4182 3035 4251 ἠνείχετο
3093 4185 3426 4253 προσμένειν
3472 4186 3567 4239 καὶ
3615 4190 3736 4250 ταῖς
3786 4190 3999 4249 σκιαῖς·

2418 4272 2602 4324 οὐκέτι
2645 4272 2724 4342 τῷ
2758 4272 3095 4343 παιδαγωγῷ
3127 4274 3523 4346 προσλιπαρεῖν
3549 4275 3688 4347 ᾤετο
3732 4278 3873 4331 δεῖν*
3908 4279 4004 4332 τὸν

2420 4360 2478 4414 δὲ
2520 4360 2689 4431 βαρὺν
2718 4361 2926 4415 ἐκείνου
2973 4362 3137 4429 ζυγὸν
3166 4362 3274 4415 τῶν
3303 4364 3523 4417 οίκείων
3550 4365 3719 4436 ὤμων
3750 4367 4005 4421 ἀπωθούο

2427 4468 2606 4521 μενος,
2644 4452 2735 4504 τὸν
2777 4451 2871 4505 τοῦ
2924 4453 3249 4508 διδασκάλου
3289 4456 3526 4525 χρηστὸν
3571 4459 4002 4528 ἑπεφορτίζετο·

735 4571 1175 4633 eircumcisionis
1207 4567 1457 4623 modesto
1480 4579 1671 4626 onere,
1694 4563 1815 4617 leve
1838 4559 2023 4630 gratia:
2040 4573 2180 4613 onus
2200 4558 2308 4610 ele-

2425 4546 2520 4600 καὶ
2540 4545 2601 4598 τὸ
2620 4545 2902 4598 δύσοιστον
2939 4546 3105 4616 ἄχθος
3151 4548 3251 4618 τῆς
3281 4550 3588 4620 περιτομῆς
3621 4551 3909 4622 ὑπεριδὼν,
3945 4552 4009 4604 τὸ

736 4673 847 4740 git;
881 4682 945 4722 ac
977 4664 1171 4719 relicto
1195 4660 1364 4723 Mose,
1406 4663 1697 4711 vocantem
1726 4652 1912 4707 Jesum
1937 4656 2162 4705 secutus
2187 4656 2271 4702 est
2299 4662 2313 4699 :

736 4738 831 4831 qui
854 4756 1115 4813 nimirum
1139 4766 1252 4807 suae
1298 4750 1375 4803 illi
1406 4746 1595 4818 gratia:
1620 4743 1808 4798 radios
1834 4738 2145 4799 all‘undens,
2181 4752 2314 4807 pro-

737 4830 980 4922 priaque
1030 4844 1216 4917 gloriae
1247 4857 1312 4896 ac
1362 4837 1665 4910 maiestatis
1717 4846 1938 4889 sensum
1990 4830 2317 4892 immittens,

734 4919 900 5009 atque
927 4950 1143 4993 sursum
1178 4933 1415 4987 ducente
1443 4924 1874 4997 spiritaliorique
1902 4935 2092 4975 amore
2114 4919 2318 4974 subve-

738 5035 896 5095 hens,
930 5045 995 5084 ac
1018 5025 1246 5081 indubia
1278 5021 1613 5077 conﬁrmans
1658 5014 1786 5078 fide,
1822 5012 2085 5083 regnique
2115 5009 2317 5081 praedi—

737 5125 843 5181 cati
874 5138 969 5193 spe
1008 5115 1395 5183 desiderioque
1449 5107 1823 5169 contendens,
1857 5104 1961 5159 sibi
2003 5110 2177 5157 totum
2218 5101 2318 5154 ad-

738 5217 967 5271 dixisset
986 5227 1051 5267 ac
1082 5206 1441 5268 devinxisset,
1481 5197 1855 5256 subtilissima:
1892 5195 2092 5249 mentis
2131 5194 2318 5248 eleva-

736 5309 984 5365 tionibus
1035 5298 1569 5364 abstrusissimisque
1611 5286 2176 5360 contemplationibus
2212 5284 2318 5339 sibi

734 5415 865 5455 cum
885 5395 1187 5452 concilians
1206 5400 1529 5462 aptatasque.

810 5582 1023 5653 Duplici
1073 5595 1206 5635 vero
1248 5579 1362 5649 iam
1414 5575 1650 5637 ratione,
1693 5570 1778 5627 vir
1836 5569 2187 5625 beatissimus
2245 5569 2321 5623 illi

740 5678 985 5735 animum
1026 5672 1349 5738 attendens,
1404 5684 1467 5725 ac
1504 5682 1734 5738 corpore
1765 5663 2010 5736 quidem,
2062 5661 2321 5733 quodque

817 5860 859 5891 "
895 5858 1021 5916 Sat).
1070 5872 1193 5922 vm,
1224 5857 1312 5913 19.

2418 4637 2652 4706 ἐλαφρὸν
2687 4637 2787 4707 τῆς
2836 4637 3058 4708 χάριτος
3089 4640 3343 4709 ᾑρέτισεν
3367 4656 3383 4671 ο
3425 4641 3521 4694 καὶ⁵
3549 4641 3643 4695 τδν
3670 4642 3876 4712 Μὼσῆν
3901 4660 4009 4695 κα-

2418 4728 2684 4791 ταλιπὼν,
2708 4729 2884 4783 ὀπίσω
2903 4730 2998 4783 τοῦ
3036 4730 3209 4801 Ἰησοῦ
3230 4732 3524 4797 καλοῦντος
3543 4734 3852 4803 ἠκολούθει.
3882 4737 4006 4800 Ὃς,

2425 4823 2590 4877 αὑτοῦ
2622 4825 2688 4895 τῇ
2724 4823 2925 4894 καρδίᾳ
2954 4824 3052 4895 τὴν
3077 4826 3285 4879 οἰκείαν
3316 4828 3665 4897 ὲναστράψας
3696 4829 3877 4899 χάριν,
3911 4830 4013 4883 καὶ

2424 4915 2525 4985 τῆς
2556 4915 2692 4979 ίδίας
2738 4915 2899 4984 δόξης
2932 4916 3084 4987 αὐτῷ
3135 4919 3230 4972 καὶ
3271 4919 3695 4991 μεγαλειότητος
3752 4920 4012 4991 αίσθησιν

2425 5008 2748 5077 ἐνθέμενος,
2777 5010 2873 5062 καὶ
2920 5009 3000 5079 τῷ
3052 5011 3323 5080 ἀναγωγῷ
3352 5012 3517 5082 ἔρωτι
3548 5014 3839 5085 πτερώσας
3858 5056 3872 5078 ,
3914 5017 4017 5070 καὶ

2427 5102 2494 5170 τῇ
2521 5098 2819 5171 ἀδιακρίτῳ
2848 5101 3030 5154 πίστει
3076 5101 3382 5170 βεϐαιώσας
3406 5145 3420 5169 ,
3454 5106 3550 5157 καὶ
3596 5107 3663 5175 τῇ
3700 5105 3877 5158 ἑλπίδι
3908 5106 4016 5175 τῆς

2429 5190 2849 5260 κηρυσσομένης
2904 5192 3197 5245 συντείνων
3256 5191 3578 5261 βασιλείας,
3636 5195 3837 5248 ἑαυτοῦ
3886 5196 4013 5249 ὅλον

2424 5280 2722 5349 ἐποιήσατο
2772 5281 2868 5334 καὶ
2912 5282 3267 5353 κατεδήσατο,
3302 5287 3667 5353 νοερωτάταις
3705 5288 3872 5342 αὐτὸν
3922 5290 4016 5343 ἀνα

2422 5371 2692 5439 αγωγίαις
2735 5372 2831 5425 καὶ
2882 5376 3327 5441 μυστικωτάταις
3367 5377 3547 5449 ἐαυτῷ
3586 5378 3842 5451 θεωρίαις
3872 5398 4015 5449 μνη-

2424 5464 2749 5534 στευόμενος
2780 5463 2877 5517 καὶ
2908 5465 3304 5536 ἁρμοζόμενος.

2494 5569 2627 5640 Διχῆ
2676 5569 2733 5622 δὲ
2769 5569 2956 5624 λοιπὸν
2992 5573 3021 5623 6
3054 5572 3477 5642 μακαριώτατος
3523 5576 3808 5647 προσέχων
3836 5577 4016 5646 αὐτῷ,

2424 5663 2520 5716 καὶ
2553 5661 2769 5735 σώματι
2804 5664 2906 5735 μὲν
2938 5662 3035 5718 καὶ⁸
3070 5663 3133 5718 τὸ
3175 5665 3475 5737 δρώμενον,
3510 5668 3627 5724 υἱὸν
3671 5668 3887 5739 ἀληθῶς
3911 5669 4022 5725 ἀν·-
