4180 6434
197 408 302 474 211

958 419 1240 480 ORATIO
1274 421 1409 482 XII.
1434 449 1511 463 -
1537 424 1621 487 IN
1659 426 1969 486 LAUDEM
2013 426 2074 484 S.
2118 422 2431 485 SIMONIS
2469 423 2727 482 APOST.

3358 418 3467 480 ΞΗ.

193 528 451 596 θρωπου,
485 532 757 601 πνεύματι
790 533 847 587 δὲ
875 536 967 589 καὶ
1008 536 1071 588 τὸ
1116 537 1428 605 νοούμενον,
1467 537 1599 590 Υίδν
1642 536 1779 590 Θεοῦ

1896 535 2060 590 )culis
2086 534 2361 603 objeetum
2385 544 2524 597 erat,
2555 548 2684 587 vere
2718 531 2890 585 ﬁlium
2940 529 3213 593 hominis;
3263 527 3460 596 spiritu

195 616 342 671 κατὰ
398 619 559 686 φύσιν
586 622 761 691 ὁρῶνο
792 624 891 692 τὴν
925 623 1149 693 διπλόην
1185 624 1242 676 δὲ
1281 623 1392 677 τῶν
1441 623 1659 692 φύσεων
1712 626 1778 693 τῇ

194 711 307 765 τῶν
330 715 631 783 ἐνεργειῶν
680 715 875 787 διπλόη
919 718 1388 788 τεκμαιρόμενος·
1433 718 1531 770 καὶ
1560 717 1649 771 διὰ
1686 717 1780 769 πί-

196 819 373 866 στεως
411 806 513 873 μὲν
562 805 659 876 τὴν
696 807 909 878 ὑψηλὴν
946 808 1180 879 Θεωρίαν
1211 809 1417 879 ταύτην
1450 809 1782 880 βεϐαιούμε-

196 909 324 957 νος,
366 894 459 947 διὰ
490 894 724 966 θεωρίας
768 898 828 951 δδ
873 898 1036 952 πάλιν
1070 900 1169 969 τὴν
1215 899 1399 955 πίστιν
1438 902 1780 973 κρατυνόμε-

192 1000 286 1046 νος
307 1024 325 1049 ,
361 986 569 1057 ζωτικῇ
613 988 672 1041 δέ
714 1006 819 1043 τινι
849 989 1163 1062 συμπαθείᾳ
1195 993 1291 1045 καὶ
1318 994 1481 1063 νοερᾷ
1533 994 1781 1064 φιλότητι

192 1077 274 1146 τῷ
306 1078 671 1151 θεωρουμένῳ
716 1081 1098 1151 συμφυόμένος
1123 1085 1218 1137 καὶ
1249 1085 1628 1154 συνδεόμενος,
1683 1086 1781 1141 καὶ

191 1169 275 1238 τῷ
321 1170 405 1240 νῷ
452 1170 756 1242 λεληθότως
786 1174 1192 1245 συνενούμενος,
1224 1176 1348 1230 κατ’
1382 1177 1572 1230 οὐδένα
1598 1177 1785 1231 λοιπὸν

192 1262 392 1315 τούτου
410 1262 651 1334 διῃρεῐτο
676 1266 877 1337 τρόπον
896 1284 911 1297 ο
950 1268 1074 1322 οὔτε
1099 1269 1193 1321 τὸν
1222 1267 1351 1321 νοῦν
1382 1269 1482 1338 τῆς
1507 1273 1785 1341 ἀγαπητι-

193 1350 299 1419 κῆς
330 1353 684 1425 μνημοσύνης
710 1356 1107 1425 ἀποσπώμενος
1126 1395 1144 1419 ,
1180 1355 1306 1409 οὔτε
1333 1357 1391 1410 δὲ
1415 1356 1515 1427 τὴν
1540 1373 1785 1427 σωματι-

195 1445 301 1514 κὴν
327 1445 459 1514 ὄψιν
489 1445 1009 1511 ἀπολείπεσθαι,δτι
1054 1448 1132 1519 μὴ
1186 1449 1339 1503 πᾶσα
1382 1450 1597 1519 ἀνάγκη
1651 1464 1785 1501 κατ-

192 1537 365 1601 αξιῶν
390 1538 487 1591 τοῦ
507 1538 867 1609 ποθουμένου.

264 1714 431 1783 ’Δμα
456 1712 592 1780 γοῦν
623 1715 799 1786 ἀρχὴν
830 1712 933 1784 τῆς
966 1712 1176 1769 ἄνωθεν
1220 1715 1465 1787 κλήσεως
1502 1715 1597 1769 καὶ
1646 1714 1783 1770 ἀπο-

194 1804 457 1875 πολικῆς
494 1805 727 1875 ἐκλογῆς
777 1805 1123 1877 κατηξιοῦτο,
1172 1809 1270 1861 καὶ
1302 1806 1414 1861 τῶν
1458 1806 1631 1875 λόγων
1685 1806 1787 1877 τῆς

1882 634 2065 679 autem
2104 634 2160 679 et
2205 630 2471 693 quantum
2526 640 2682 677 mens
2734 621 3075 693 penetrabat,
3112 621 3207 675 Dei
3266 619 3463 673 Filium

1885 724 2101 778 natura,
2140 715 2485 783 conspiciens
2505 754 2522 776 .
2552 729 2730 784 exque
2757 710 2964 783 duplici
2988 712 3328 780 operatione,
3360 709 3452 762 du-

1884 807 2081 877 plicem
2110 817 2362 862 naturam
2391 807 2722 876 conjiciens,
2769 820 2835 860 ac
2861 804 2987 859 ﬁdei
3019 803 3241 873 quidem
3280 803 3459 873 praesi-

1883 897 1998 959 dio,
2029 897 2318 953 sublimem
2365 897 2507 951 hanc
2536 898 3056 968 contemplationem
3112 894 3463 977 conﬁrmans,

1885 1001 2186 1054 rursusque
2228 986 2713 1054 contemplationis
2764 985 3063 1055 sagacitate
3107 983 3272 1037 ﬁdem
3306 983 3460 1035 robo.

1885 1093 2013 1134 rans
2041 1096 2054 1131 :
2086 1078 2326 1148 quadam
2374 1078 2615 1147 denique
2656 1078 2803 1133 vitali
2832 1077 3243 1133 necessitudine
3272 1075 3467 1129 animi-

1884 1188 1992 1240 que
2015 1172 2390 1242 propensioris
2428 1169 2837 1233 benevolentia,
2883 1169 2935 1223 ei
2987 1168 3083 1237 qui
3114 1165 3467 1228 cernebatur,

1885 1264 2262 1319 cohaerescens
2290 1263 2714 1331 devinctasque,
2756 1275 2971 1315 necnon
2999 1261 3296 1313 secretiore
3323 1273 3467 1311 nexu

1888 1355 1963 1408 illi
2001 1362 2185 1409 mente
2215 1354 2423 1419 unitos,
2460 1355 2609 1408 nulla
2636 1354 2899 1423 deinceps
2924 1352 3140 1406 ratione
3162 1350 3233 1403 ab
3265 1365 3333 1403 eo
3358 1349 3470 1403 dis-

1881 1444 2248 1515 jungebatur;
2301 1444 2396 1513 qui
2429 1460 2608 1514 neque
2638 1444 2846 1504 animo.
2884 1451 3105 1496 amante
3156 1440 3317 1494 avelli
3353 1454 3471 1494 me-

1888 1535 2079 1598 moria,
2104 1549 2205 1587 nec
2233 1536 2504 1604 corporali
2544 1535 2666 1605 ipso
2694 1533 2994 1590 desiderati
3042 1541 3267 1601 aspectu
3300 1530 3472 1585 desti-

1890 1625 1993 1688 tui,
2036 1633 2133 1679 aut
2153 1642 2368 1681 summa
2392 1628 2483 1681 vix
2506 1627 2861 1690 necessitate,
2896 1633 3200 1695 pateretur.

1959 1717 2132 1774 Simul
2166 1720 2336 1790 igitur
2380 1720 2591 1775 calcati
2645 1720 2885 1790 primum
2927 1717 3215 1771 vocatione
3241 1731 3305 1770 ac
3341 1730 3472 1784 apo-

1899 1810 2092 1866 stolica
2140 1810 2395 1881 dignatus
2439 1810 2750 1878 electione,
2802 1822 3231 1876 sermonumque
3286 1806 3474 1875 gratia:

192 1896 423 1965 χάριτος
450 1896 671 1966 ᾔσθετο,
700 1898 795 1951 καὶ
822 1897 921 1969 τὴν
948 1898 1059 1953 τῶν
1086 1899 1266 1969 ιργων
1286 1898 1516 1970 δύναμιν
1539 1899 1785 1964 τεθέατο,

1896 1910 2151 1971 percepto
2202 1916 2368 1957 sensu
2417 1910 2583 1970 atque
2630 1914 2861 1969 operum
2914 1908 3213 1967 conspecta
3245 1898 3472 1961 virtute,

192 1985 493 2057 νεκροῦται
535 1988 636 2058 μὲν
672 1988 874 2043 αὐτίκα
928 1989 1008 2059 τῷ
1062 1990 1256 2060 κόσμῳ
1296 1991 1480 2056 παντὶ,
1538 1990 1689 2061 μόνῳ
1725 1990 1785 2043 δὲ

190 2078 434 2141 ζωοῦται
486 2080 729 2151 Χριστῷ.
765 2080 1074 2153 Νεκροῦται
1131 2080 1370 2151 γονεῦσι,
1402 2084 1645 2148 οἰκείοις,
1699 2084 1788 2153 φί-

189 2173 328 2235 λοις,
366 2173 637 2243 κτήμασι,
672 2175 943 2244 χρήμασι,
977 2174 1073 2226 καὶ
1104 2174 1271 2228 παντὶ
1298 2175 1590 2229 συνελόντα
1619 2176 1786 2244 φάναι

188 2264 268 2330 τῷ
316 2264 480 2317 αἰῶνι
529 2264 688 2335 τῷδε,
733 2266 830 2319 καὶ
886 2268 997 2329 τοῖς
1026 2268 1086 2320 ἐν
1130 2267 1279 2337 αὐτῷ
1323 2266 1657 2339 σταυρωθείς
1676 2284 1693 2301 ο
1722 2269 1784 2321 οὐ

192 2359 358 2427 μόνον
387 2360 472 2423 δὲ,
502 2358 641 2411 ἀλλὰ
665 2359 761 2412 καὶ
789 2359 986 2414 ἑαυτοῦ
1011 2360 1419 2431 ἀλλοτριωθεὶς,
1449 2361 1545 2415 καὶ
1580 2360 1703 2415 ὅλον
1724 2362 1788 2415 τὸ

190 2455 454 2525 φρόνημα
481 2454 584 2522 τῆς
615 2454 782 2508 αὑτοῦ
811 2456 1013 2527 σαρκὸς
1035 2455 1423 2519 ἀπολωλεκὼς,
1453 2457 1617 2526 μόνου
1640 2456 1788 2524 γίνε-

187 2564 281 2600 ται
312 2545 559 2617 Χριστοῦ
603 2545 803 2617 Ἰησοῦ,
857 2548 1025 2618 μόνης
1048 2547 1217 2601 αὐτοῦ
1267 2549 1366 2617 τῆς
1397 2548 1784 2621 ὑπεραβρήτου

187 2640 286 2690 καὶ
321 2638 749 2709 μυστικωτάτης
769 2640 1061 2707 γενόμενος
1086 2638 1350 2710 καλλονῆς
1394 2641 1489 2695 καὶ
1517 2640 1747 2709 ἀγλαΐας
1767 2654 1784 2670 ο

191 2731 359 2797 μόνον
377 2730 672 2783 ἀναπνέων
702 2729 888 2794 αὐτὸν,
924 2731 1089 2798 μόνον
1144 2729 1466 2800 ὑπερτιμῶν
1508 2730 1602 2783 καὶ
1628 2728 1788 2795 δοξά-

188 2822 300 2886 ζων
338 2822 440 2875 καὶ⁵
479 2821 891 2891 ὑπερευλογῶν,
943 2821 1062 2884 πῶς
1114 2822 1215 2875 οὐκ
1245 2821 1476 2892 ἔμελλες
1511 2822 1613 2891 τῆς
1640 2823 1787 2875 ἀνω-

190 2914 345 2966 τάτω
392 2911 496 2965 καὶ
527 2913 755 2981 πρώτης
810 2912 940 2983 παρ’
970 2910 1121 2982 αὐτῷ
1165 2910 1543 2980 κατηξιιῖκτθαι
1579 2910 1786 2981 τιμῆςς

188 3000 272 3067 οἷς
322 3004 389 3074 δὴ
449 3005 543 3057 καὶ
588 3004 691 3075 τῆς
720 3004 1033 3073 ἀκροτάτης
1065 3004 1273 3067 τάξεως
1311 3004 1424 3057 τῶν
1475 3004 1788 3057 ἀποστόλων

192 3098 629 3167 κατηξιωμένος,
662 3098 891 3166 γέγονας
918 3096 1068 3166 αὐτῷ
1092 3097 1203 3150 τῶν
1228 3096 1449 3166 ὑψηλῶν
1474 3098 1788 3169 μυστηρίων

1888 1992 2037 2046 omni
2071 1992 2255 2047 statim
2287 1990 2497 2045 mundo
2528 1990 2788 2055 moritur,
2831 1990 3043 2060 solique
3089 1988 3308 2045 Christo
3343 1989 3476 2043 vivi-

1890 2082 2105 2139 ficatur.
2164 2083 2399 2139 Moritur
2434 2083 2776 2153 parentibus,
2836 2082 3198 2147 necessariis,
3256 2081 3472 2143 amicis,

1888 2171 2134 2242 praediis,
2167 2172 2448 2242 pecuniis;
2500 2174 2764 2243 omnique
2796 2174 2879 2243 (ut
2914 2174 3083 2229 verbo
3110 2172 3317 2236 dicam)
3347 2173 3477 2226 huic

1887 2266 2090 2320 saeculo
2105 2266 2427 2334 cunctisque
2447 2266 2500 2318 in
2524 2266 2619 2318 illo
2638 2264 2937 2320 cruciﬁxus
2965 2282 2978 2319 :
3009 2280 3188 2334 neque
3210 2265 3262 2319 id
3289 2264 3474 2327 modo,

1887 2358 1985 2411 sed
2031 2367 2088 2413 et
2139 2360 2257 2427 ipse
2311 2358 2417 2411 sibi
2465 2358 2680 2411 alienus
2720 2356 2917 2421 factus,
2974 2359 3239 2427 omnique
3290 2358 3477 2412 Carnis

1887 2448 2067 2517 ejecto
2098 2464 2263 2503 sensu
2290 2463 2355 2501 ac
2395 2448 2710 2517 prudentia,
2761 2450 2926 2503 unius
2958 2450 3090 2504 Jesu
3131 2449 3337 2504 Christi
3360 2447 3477 2501 efﬁ-

1889 2541 2055 2603 citur,
2090 2555 2196 2593 una
2218 2540 2339 2610 ejus
2374 2554 2541 2609 supra
2566 2556 2732 2611 quam
2765 2556 2968 2595 arcana
2998 2541 3478 2609 sacratissimaque

1889 2632 2303 2702 pulchritudine
2344 2633 2576 2689 aﬂ‘ectus
2632 2641 2690 2689 et
2736 2634 2951 2704 gratia:
3014 2649 3251 2702 cumque
3300 2634 3477 2687 solum

1890 2741 2016 2780 eum
2044 2726 2302 2793 Spirares,
2341 2728 2519 2782 solum
2553 2726 2953 2797 przcmagniﬁce
2982 2729 3195 2781 colercs
3220 2735 3278 2780 et
3296 2723 3458 2780 lauda

1892 2834 1981 2871 res
2028 2826 2192 2887 atque
2251 2818 2629 2885 benediceres,
2669 2820 2764 2890 qui
2821 2818 2941 2874 ﬁeri
2982 2830 3220 2891 poterat,
3281 2830 3341 2875 ut
3371 2834 3479 2873 non

1889 2912 2033 2980 apud
2062 2926 2215 2975 eum,
2252 2926 2541 2985 supremas
2572 2913 2887 2983 primasque
2919 2914 3148 2968 honoris
3182 2926 3365 2983 partes
3396 2930 3481 2969 as—

1890 3002 2239 3070 sequereris?
2282 3002 2653 3068 Quamobrem
2686 3004 2855 3059 etiam
2908 3020 3167 3074 supremo
3206 3005 3483 3075 apostolo-

1894 3110 2014 3148 rum
2043 3096 2237 3151 ordine
2271 3097 2623 3165 sublimatus,
2654 3100 2975 3155 sublimium
3010 3102 3060 3156 ei
3094 3102 3480 3173 mysteriorum

192 3191 501 3260 ἀκροατὴς,
533 3190 627 3242 καὶ
655 3188 766 3241 τῶν
798 3188 1063 3243 θεοτελῶν
1090 3188 1272 3260 ῑργων
1292 3189 1492 3260 θεατής
1510 3207 1526 3223 ο
1562 3191 1790 3259 γέγονας

1896 3188 2136 3255 auditor,
2174 3190 2605 3264 divinorumque
2649 3203 2927 3265 speclator
2979 3211 3213 3265 operum
3263 3196 3482 3252 exstiti-

194 3280 347 3350 αὑτῷ
367 3281 556 3343 δοῦλος
578 3281 905 3343 πιστότατος
926 3283 1020 3334 καὶ
1061 3280 1474 3351 φρονιμώτατος
1497 3323 1513 3347 ,
1546 3283 1794 3347 διάκονος

194 3373 589 3443 ὲνεργὲστατος
624 3374 721 3426 καὶ
775 3372 1253 3443 δραστικώτατος,
1304 3375 1506 3444 μᾶλλον
1555 3375 1613 3427 δὲ
1642 3375 1796 3443 φίλος

194 3465 576 3533 ἀληθέστατος
628 3464 727 3519 καὶ
753 3465 1163 3535 δοκιμώτατος’
1203 3467 1299 3519 καὶ
1332 3470 1398 3537 τῇ
1451 3466 1640 3536 χάριτι
1696 3469 1797 3538 μιν

198 3557 288 3609 τοῦ
327 3557 673 3627 Πνεὺματος,
734 3557 950 3611 συνέσει
984 3574 1044 3610 τε
1092 3558 1191 3610 καὶ
1216 3560 1380 3630 σοφία
1410 3560 1509 3611 καὶ
1540 3562 1662 3623 ταῖς
1699 3559 1795 3613 ἄλ-

202 3650 327 3711 λαις
380 3650 806 3721 ἱεροτελεστὶαις
868 3652 965 3703 καὶ
1020 3650 1355 3720 δυνάμεσιν,
1416 3651 1631 3714 οὐδενὸς
1684 3652 1795 3704 ἁπ-

198 3742 427 3794 ελείπιιυ
468 3742 579 3793 τῶν
614 3743 876 3813 μαθητῶν
899 3757 917 3775 ⁸
951 3741 1108 3813 κοινὴ
1153 3742 1260 3812 γὰρ
1299 3744 1395 3797 καὶ
1448 3744 1481 3814 ἡ
1511 3743 1652 3815 αὑτὴ
1684 3746 1796 3807 τοῖς

197 3835 410 3888 δώδεκα
445 3834 587 3904 πρὸς
616 3834 711 3887 τοῦ
741 3836 954 3905 Πατρδς
981 3836 1091 3889 τῶν
1121 3836 1318 3905 φώτων
1359 3835 1648 3904 ἐπέλαμπε
1672 3854 1795 3905 -φω-

197 3927 477 3993 ταγωγία,
534 3927 757 3996 ἀμέσως
805 3928 991 3990 αὐτοῖς
1036 3929 1133 3980 καὶ
1188 3928 1309 3981 κατ’
1361 3930 1670 3999 ἰσομοιρίαν
1698 3931 1799 3993 τὰς

196 4018 587 4088 ἀγαθουργοῦς
606 4020 815 4090 δωρεὰς
836 4019 1306 4090 ἑπιόραόεύουσα.

267 4106 368 4159 Σοὶ
396 4106 460 4159 δὲ
494 4106 697 4177 μᾶλλον
747 4110 777 4161 ό
820 4109 960 4178 ὑπὲρ
987 4109 1083 4165 τοῦ
1135 4109 1463 4164 διδασκάλου
1506 4112 1669 4175 πόθος
1706 4114 1801 4167 καὶ

198 4198 363 4266 ζῆλος
396 4198 544 4252 κατὰ
591 4200 849 4253 τοσοῦτον
898 4201 1298 4265 πεπλεόνακεν,
1349 4202 1581 4257 καθόσον
1606 4207 1702 4259 καὶ
1721 4208 1801 4269 είς

199 4292 531 4359 ἐπωνυμίαν
562 4292 596 4362 ή
654 4293 827 4361 ἀρετὴ
879 4294 1141 4363 κατέστη.
1200 4294 1289 4357 Ὠς
1316 4295 1427 4363 γὰρ
1460 4296 1540 4365 τῷ
1593 4298 1801 4367 Σίμωνι

202 4382 303 4447 μὲν
331 4381 368 4449 ή
403 4380 504 4432 τοῦ
548 4382 757 4451 Πέτρου
782 4384 1166 4454 προστέθειται
1204 4389 1569 4457 προσηγορία,
1604 4390 1695 4441 διὰ
1741 4392 1803 4443 τὸ

196 4472 298 4539 τῆς
344 4473 591 4535 πίστεως
620 4473 840 4544 ἑδραῖον
875 4478 969 4528 καὶ
999 4476 1217 4540 ἀκλινές
1241 4493 1255 4506 ·
1294 4480 1406 4541 τοῖς
1449 4480 1587 4542 υἱοῖς
1622 4481 1681 4534 δὲ
1704 4484 1803 4535 Ζε-

1898 3280 1967 3335 sti
1994 3299 2008 3333 :
2050 3296 2245 3336 servus
2278 3283 2331 3337 ei
2363 3283 2719 3340 ﬁdelissimus
2753 3300 2816 3341 ac
2852 3286 3352 3355 prudentissimus;
3383 3286 3485 3340 mi-

1903 3373 2078 3429 nister
2101 3374 2469 3444 gnavissimus
2497 3376 2806 3446 agendique
2834 3378 3178 3443 acerrimus;
3212 3378 3481 3447 quinimo,

1901 3465 2221 3520 verissimus
2278 3467 2489 3521 amicus
2554 3483 2617 3522 ac
2690 3468 3135 3537 probatissimus.
3212 3472 3290 3525 Ac
3364 3471 3487 3539 qui-

1898 3556 2024 3610 dem
2060 3557 2307 3627 Spiritus
2346 3558 2518 3630 gratia
2569 3560 3041 3630 intelligentiaque
3074 3578 3138 3616 ac
3187 3563 3483 3632 sapientia,

1898 3663 2113 3703 necnon
2183 3650 2411 3720 reliquis
2472 3654 2986 3708 consecrationibus
3060 3664 3117 3709 et
3161 3655 3483 3717 virtutibus.

1899 3740 2038 3795 nulli
2086 3742 2265 3812 impar
2309 3743 2709 3813 discipulorum
2757 3745 2929 3800 fuisti.
2979 3745 3307 3802 Communis
3337 3749 3485 3803 enim

1900 3834 2224 3904 eademque,
2276 3835 2439 3889 Patre
2479 3836 2751 3890 luminum
2813 3846 3065 3903 auctore,
3115 3837 3375 3892 duodeno
3412 3839 3489 3892 illi

1900 3926 2075 3978 choro
2103 3926 2365 3980 illucebat
2391 3928 2722 3991 coruscatio,
2757 3944 2879 3997 qua:
2911 3929 3063 3982 nullo
3088 3930 3271 3985 medio
3291 3931 3491 4000 mquis-

1901 4032 2010 4085 que
2048 4017 2298 4085 partibus
2323 4017 2567 4073 beneﬁca
2594 4019 2676 4073 eis
2698 4019 2843 4073 dona
2887 4021 3179 4075 tribueret.

1972 4108 2096 4163 Tibi
2120 4117 2304 4164 autem
2330 4110 2523 4181 magis,
2556 4126 2662 4180 qua
2693 4112 3011 4182 Magistrum
3040 4113 3491 4183 prosequebaris,

1903 4198 2108 4253 amoris
2161 4198 2245 4253 vis
2290 4200 2505 4268 zelique
2546 4202 2713 4255 ardor
2742 4203 2796 4255 in
2835 4211 3048 4257 tantum
3075 4203 3403 4271 abundavit,
3434 4214 3493 4258 ut

1902 4300 1959 4344 et
1983 4290 2037 4345 in
2068 4291 2491 4361 appellationem
2528 4294 2707 4348 virtus
2728 4296 2982 4349 cesserit.
3011 4295 3491 4362 Quemadmodum

1904 4384 2051 4437 enim
2084 4384 2295 4439 Simoni
2330 4386 2578 4453 quidem,
2614 4386 2686 4439 ob
2737 4386 2861 4440 ﬁdei
2910 4387 3228 4442 ﬁrmitatem
3260 4403 3325 4442 ac
3356 4403 3491 4440 con-

1905 4476 2185 4535 stantiam.
2214 4475 2357 4529 Petri
2388 4492 2585 4529 nomen
2620 4478 2885 4541 accessit;
2934 4477 3171 4547 ﬁliisque
3215 4478 3489 4540 Zebeila-i,

198 4563 421 4617 ὅεδαίου
464 4562 697 4634 βροντῆς
729 4565 963 4619 ἀκοῦσαι
988 4566 1079 4619 διὰ
1110 4566 1172 4619 τὸ
1206 4567 1599 4636 μεγαλόφωνον
1628 4571 1792 4633 υἱοῖς⁴

1907 4565 1979 4619 ob
2010 4565 2355 4635 magniﬁcam
2404 4565 2886 4635 praedicationem,
2944 4578 3005 4621 ut
3049 4569 3308 4624 audirent
3367 4570 3490 4624 Filii

198 4654 348 4707 «ιῦτω
376 4655 480 4707 καὶ
510 4655 596 4706 σοὶ
621 4657 654 4725 ἡ
697 4654 792 4707 τοῦ
831 4656 1086 4725 Ζηλωτοῦ
1125 4659 1415 4729 ἐπωνυμία
1445 4660 1533 4713 διὰ
1569 4663 1671 4731 τὴν
1704 4661 1798 4716 τοῦ

202 4744 350 4797 θείου
382 4744 556 4816 ζήλου
584 4746 900 4817 περιουσίαν
926 4748 1252 4821 προσετέθη.

284 4928 639 4999 Ἀσπὰζομαί
671 4946 767 4983 σου
806 4930 867 4983 τὸ
908 4930 1312 4987 θεοειδέστατον
1357 4932 1672 5003 πρόσωπον,
1706 4953 1796 4989 σε·

205 5016 589 5091 ϐασμιὼτατε,
618 5023 713 5077 καὶ
733 5024 1047 5093 προσκυνῶ,
1092 5016 1139 5091 ᾧ
1170 5024 1418 5094 εὐμενῶς
1461 5026 1752 5096 ένέὸλεψεν
1772 5032 1803 5083 ὁ

210 5117 415 5185 Κύριος
438 5132 451 5144 ο
504 5115 532 5167 ὅ
561 5111 718 5184 εὗρεν
746 5116 962 5187 ἀληθῶς
992 5118 1153 5188 χάριν
1183 5118 1471 5173 κατέναντι
1499 5120 1595 5172 τοῦ
1628 5138 1802 5191 προσ-

210 5225 369 5260 ωπον
432 5205 532 5260 τοῦ
570 5208 727 5263 Θεοῦ.
767 5208 1107 5280 ’Δσπάζομαι
1147 5209 1351 5280 νοερῶς
1394 5211 1488 5264 καὶ
1530 5213 1801 5267 πανευλα-

212 5298 324 5361 σῶς
348 5298 418 5351 τε
448 5298 761 5351 σεπτότατα
797 5300 947 5370 χείλη
994 5302 1090 5355 καὶ
1119 5302 1221 5371 τὴν
1245 5300 1499 5369 γλῶσσαν
1526 5320 1542 5335 ο
1572 5304 1643 5357 τὰ
1682 5304 1808 5375 μὲν,

212 5394 287 5455 ὡς
322 5393 416 5447 ἀεὶ
461 5394 578 5455 τοῖς
622 5394 932 5463 θεαρχικοῖς
990 5394 1225 5464 χείλεσιν
1279 5395 1679 5466 έφηρμοσμένα
1729 5395 1810 5467 τῷ

214 5486 513 5556 πνεύματι,
558 5487 657 5538 καὶ
702 5486 1010 5555 ἀσπασμῶν
1037 5487 1330 5560 θειοτέρων
1384 5491 1806 5560 κατηξιωμένα,

217 5581 308 5630 καὶ
333 5579 437 5649 τὴν
482 5579 597 5632 ἀπὸ
640 5577 736 5630 τοῦ
789 5579 1175 5648 ἀσπαζομένου
1215 5581 1543 5652 θεουργικὴν
1589 5599 1807 5651 προσει-

217 5673 419 5742 ὶηφότα
463 5672 632 5743 χάριν
656 5686 670 5701 ⁸
695 5672 793 5743 τὴν
817 5672 894 5738 δὲ,
925 5671 999 5736 ὼς
1033 5674 1273 5744 γραφεδα
1311 5675 1403 5729 τοῦ
1464 5677 1800 5748 ιινεύματος,

288 5855 327 5889 "
352 5856 535 5916 Exod.
574 5876 666 5922 .\.\,
703 5858 769 5926 3,
802 5859 914 5916 J02.
958 5879 1101 5929 .\.\l\',
1139 5863 1223 5919 l'J.

1912 4658 2138 4713 tonitrui
2181 4658 2410 4727 obtigit;
2455 4659 2535 4713 sic
2562 4658 2662 4713 tibi
2694 4675 2917 4728 quoque
2948 4661 3151 4717 Zelouc
3199 4677 3489 4731 nuncupa-

1910 4750 1987 4803 tio
2013 4750 2085 4804 ob
2108 4750 2281 4805 divini
2307 4751 2408 4805 zeli
2435 4767 2533 4806 seu
2563 4752 2933 4808 aziiiulationis
2976 4753 3372 4809 abundantiam
3394 4757 3488 4810 ad-

1911 4841 2063 4894 venit
2089 4841 2153 4894 ".

1979 4933 2214 4990 Osculor
2246 4936 2358 4989 Deo
2383 4935 2716 4990 simillimam
2764 4936 2960 4991 l'aciem
3005 4948 3175 4999 tuam.
3214 4940 3490 4994 colendis-

1913 5028 2073 5092 sime,
2100 5038 2157 5082 et
2184 5028 2373 5091 adoro,
2404 5028 2458 5082 in
2486 5045 2648 5098 quam
2688 5030 2951 5084 Dominus
2975 5032 3185 5101 placide
3218 5032 3484 5102 inspexit;

1910 5135 2033 5188 quae
2066 5136 2192 5175 vere
2221 5121 2451 5191 gratiam
2506 5122 2715 5176 invenit
2759 5123 2813 5176 iu
2842 5133 3140 5192 conspectu
3172 5124 3285 5179 Dei.
3317 5123 3490 5179 Oscu-

1910 5211 1995 5265 lor
2024 5222 2207 5267 mente
2256 5216 2519 5283 omnique
2570 5215 2901 5277 reverentia,
2953 5215 3267 5269 veneranda
3320 5215 3488 5280 labia,

1911 5302 2263 5373 linguamque
2293 5323 2306 5359 :
2336 5305 2427 5359 illa
2451 5305 2697 5374 quidem.
2734 5304 2889 5359 velut
2934 5320 3156 5376 semper
3189 5306 3391 5361 divinis
3413 5308 3492 5361 la-

1913 5397 2018 5452 biis
2048 5397 2243 5465 spiritu
2272 5406 2522 5466 coaptata
2545 5396 3135 5466 divinioraquepseula
3160 5410 3491 5463 consecuta;

1913 5490 2114 5561 quibus
2141 5489 2383 5559 denique
2434 5490 2502 5543 ab
2535 5505 2625 5553 eo,
2667 5490 2758 5544 cui
2809 5489 2975 5542 inﬁxa
3015 5491 3240 5554 oscula,
3297 5490 3491 5545 dciﬁca

1911 5582 2081 5649 gratia
2113 5580 2440 5643 accesserit;
2471 5580 2615 5634 hanc
2648 5595 2781 5633 vero
2805 5595 2905 5633 ceu
2950 5580 3151 5649 stylum
3183 5590 3237 5635 ct
3259 5580 3495 5648 penicil-

1914 5678 2024 5730 !um
2053 5672 2315 5745 Spiritus,
2357 5682 2615 5742 tanquam
2658 5684 2923 5741 organum
2963 5672 3312 5725 oraculorum
3353 5672 3491 5734 Dei;
