4180 6434
690 377 797 441 243

1899 375 2192 435 NlCET/E
2227 373 2753 435 PAPHLAGONIS

3847 365 3957 429 244

687 491 837 545 velut
867 487 1073 544 Christi
1102 487 1487 549 laudatricem',
1539 501 1605 542 ac
1657 492 1918 557 tanquam
1947 486 2127 557 reipsa
2160 487 2266 542 lau-

2386 487 2451 549 ὥς
2484 487 2715 556 ὄργανον
2744 484 2940 552 λογίων
2969 483 3126 549 Θεοῦ,
3152 485 3229 548 ὡς
3263 484 3540 538 ὲπαινέτιν
3562 480 3820 551 Χριστοῦ,
3862 481 3958 531 καὶ

684 583 923 636 dabilem
956 589 1119 650 atque
1147 581 1434 650 placitam;
1466 595 1564 649 per
1589 597 1752 651 quam
1779 583 1869 638 ille
1886 582 2158 638 exaltatus
2180 591 2264 638 est

685 674 738 725 in
768 673 1045 742 gentibus,
1069 673 1343 726 exaltatus
1367 679 1452 726 est
1481 673 1536 726 in
1563 683 1706 728 terra
1737 675 1801 727 ¹⁷.

757 759 989 814 Usculor
1024 760 1528 815 venerabilissimas
1562 769 1685 816 tuas
1721 777 1916 816 manus
1949 778 1964 826 ;
2022 763 2271 832 comple—

685 861 806 904 ctor
838 859 895 904 et
919 851 1356 920 speciosissimos
1393 852 1565 919 pedes
1593 867 1604 904 :
1643 867 1859 916 manus,
1887 866 2010 922 qua:
2037 864 2267 907 strenue

684 957 747 995 ac
795 941 1066 997 industrie
1118 943 1352 997 Domino
1408 943 1770 998 servierunt:
1819 960 1940 1014 quae
1985 944 2266 1015 Evangelii

683 1033 876 1099 gratia:
925 1033 1235 1087 ministerio
1283 1033 1488 1087 functa:
1542 1043 1694 1098 sunt,
1755 1035 1958 1104 quibus
2023 1035 2270 1090 creditus

691 1126 813 1177 vita:
855 1124 1050 1180 Sermo
1090 1144 1102 1179 :
1146 1143 1310 1197 quetn
1389 1129 1656 1183 nimirum
1716 1137 1972 1182 scrutata:
2034 1136 2165 1182 sunt
2215 1137 2272 1184 et

687 1225 1178 1272 contrectaverunt
1241 1220 1682 1289 inveneruntque
1757 1220 1882 1274 vitae
1945 1219 2270 1275 Sermonem

685 1322 808 1358 esse
835 1307 873 1336 ³⁸
904 1323 916 1358 :
950 1308 1038 1361 cui
1101 1308 1405 1375 conjunctae
1436 1323 1500 1362 ac
1530 1308 1741 1378 Spiritu
1782 1309 1972 1362 divino
2003 1317 2272 1377 coaptatae

685 1406 848 1467 atque
894 1410 1214 1469 compactae,
1270 1402 1418 1456 illius
1465 1417 1661 1457 manus
1705 1400 1845 1456 efﬁci
1893 1409 2216 1454 meruerunt
2255 1418 2267 1453 :

687 1506 883 1544 manus
939 1493 1131 1561 utique
1209 1495 1545 1547 eximiorum
1607 1508 1838 1562 operum
1905 1492 2265 1556 eﬁ‘ectrices;

687 1582 1021 1635 mirabilium
1050 1583 1146 1637 Dei
1179 1585 1525 1637 voluntatum
1582 1582 2106 1637 consunnnatrices.

694 1705 706 1718 ο
753 1674 937 1727 Adoro
963 1684 1018 1728 et
1071 1674 1260 1743 pedes,
1307 1675 1458 1729 velut
1511 1691 1738 1729 currum
1795 1674 2180 1735 cherubicum,
2212 1682 2270 1726 ut

686 1765 892 1833 quibus
920 1765 1176 1829 vehatur,
1206 1768 1300 1836 qui
1327 1767 1500 1822 caelos
1542 1768 1734 1837 implet
1786 1775 1842 1821 et
1889 1776 2131 1831 terram;
2172 1766 2267 1834 qui

2374 579 2450 639 ὡς
2501 573 2792 645 ἐπαινετὴν
2823 575 2902 644 τῷ
2933 576 3046 628 δντι
3093 577 3188 628 καὶ
3230 575 3499 647 θελητήν·
3534 576 3604 628 δι’
3651 568 3721 645 ἧς
3748 574 3958 633 ἐκεῖνος

2374 669 2563 738 ὑψώθη
2590 672 2647 720 tv
2673 667 2904 735 ἔθνεσιν,
2939 667 3126 737 ὑψώθη
3147 668 3206 720 ἐν
3228 671 3322 739 γῇ.

2442 761 2587 814 Φιλῶ
2621 777 2716 813 σου
2742 759 2843 823 τὰς
2863 761 3204 830 τιμιωτάτας
3228 762 3416 832 χεῖρας
3456 775 3471 791 ⁸
3511 757 3957 829 περιπτύσσομαι

2373 854 2466 906 καὶ
2509 856 2638 917 τοὺς
2684 853 3054 922 ὡραιοτάτους
3106 853 3273 915 πόδας
3310 869 3325 883 ·
3355 855 3566 923 χεῖρας,
3586 853 3686 912 τὰς
3741 849 3958 916 εὐφυῶς

2373 947 2468 1000 καὶ
2505 947 2698 1010 αίσίως
2762 946 3260 1016 ὑπηρετησαμένας
3313 944 3394 1013 τῷ
3455 945 3687 1018 Κυρίῳς
3722 941 3822 1005 τὰς
3874 940 3958 1010 τῷ

2369 1038 2696 1114 Εὑαγγελίῳ
2728 1041 2828 1108 τῆς
2876 1037 3098 1107 χάριτος
3145 1037 3617 1108 διακονησαμένας
3655 1051 3668 1066 ’
3719 1035 3819 1095 τὰς
3862 1033 3958 1085 τὸν

2373 1133 2473 1199 τῆς
2500 1131 2644 1199 ζωῆς
2672 1130 3114 1198 πεπιστευμένας
3143 1129 3316 1196 Λόγον
3359 1143 3372 1158 ·
3406 1127 3602 1194 Λόγον,
3637 1126 3699 1179 ὃν
3721 1124 3958 1194 ὴρεῦνη-

2375 1226 2494 1285 σα’ν,
2555 1223 2614 1275 ὃν
2659 1223 3016 1292 ἐψηλάφησαν
3070 1222 3167 1274 καὶ
3209 1216 3370 1291 εὖρον
3399 1221 3571 1288 Λόγον
3598 1220 3729 1272 δντα
3759 1218 3906 1286 ζωῆς
3941 1234 3954 1245 ·

2373 1306 2418 1380 ᾧ
2443 1313 2846 1381 συμφυόμεναι,
2884 1313 2979 1365 καὶ
3024 1311 3304 1381 Πνεῦματι
3358 1311 3491 1379 θείῳ
3523 1307 3962 1378 συναρμολογού-

2376 1423 2558 1474 μεναι,
2586 1409 2766 1476 χεῖρες
2793 1404 3004 1458 ἐκείνου
3023 1405 3276 1472 γενέσθαι
3313 1403 3680 1472 κατηξίωνται
3707 1419 3720 1432 ’
3753 1403 3959 1471 χεῖρες,

2375 1497 2549 1567 ἔργων
2570 1496 2861 1566 ὑπερφυῶν
2895 1497 3188 1568 αὐτουργοί
3225 1513 3239 1528 ο
3267 1495 3588 1566 θαυμασίων
3617 1494 3754 1548 Θεοῦ
3799 1493 3963 1562 θελη-

2376 1592 2561 1661 μάτων
2592 1591 2709 1642 τελε
2721 1591 2982 1660 σιουργοί.

2448 1683 2748 1753 Προσκυνῶ
2783 1684 2878 1736 καὶ
2903 1695 3030 1746 τους
3058 1682 3247 1746 πόδας,
3272 1682 3350 1747 ὼς
3381 1683 3533 1752 ἅρμα
3565 1677 3904 1748 Χερουϐικόν
3941 1694 3955 1706 ·

2374 1772 2450 1836 ὡς
2509 1773 2767 1843 ὀχοῦντας
2816 1772 2901 1841 ἐφ’
2956 1775 3168 1837 ἑαυτοῖς
3216 1774 3308 1828 τὸν
3356 1773 3619 1843 οὐρανοὺς
3649 1769 3964 1839 πληροῦντα

687 1856 741 1910 in
795 1855 1056 1909 universo
1115 1856 1240 1922 hoc,
1294 1866 1558 1925 extraque
1625 1857 1944 1910 universum
1989 1866 2263 1910 versatur.

2386 1869 2466 1921 ιαὶ
2515 1869 2642 1937 γῆν,
2683 1869 2774 1922 τὸν
2838 1871 2897 1923 tv
2943 1869 3021 1936 τῷ
3072 1869 3236 1922 παντὶ
3289 1868 3425 1938 τῷδε
3485 1868 3578 1920 καὶ
3617 1865 3709 1918 τοῦ
3759 1863 3965 1925 παντὸς

688 1953 858 2006 Pedes
891 1954 1180 2016 nimirum,
1209 1953 1304 2022 qui
1339 1969 1559 2006 omnem
1592 1951 1704 2006 fere
1735 1961 2260 2021 percurreruntter-

687 2060 844 2098 ram:
901 2043 1071 2113 pedes
1125 2051 1310 2098 rectos
1338 2052 1395 2097 et
1444 2058 1663 2098 sursum
1713 2042 2044 2106 tendentes;
2096 2042 2267 2112 pedes

686 2138 855 2191 alatos
883 2152 941 2191 et
969 2137 1244 2199 volucres,
1301 2137 1494 2206 quales
1557 2135 1860 2190 Cherubim
1890 2154 1906 2202 ;
1957 2135 2125 2204 pedes
2158 2135 2265 2188 ful-

686 2231 834 2297 guris
864 2231 1034 2282 instar
1056 2236 1364 2289 currentes,
1397 2227 1826 2295 incredibilique
1853 2228 2136 2281 celeritate
2161 2229 2268 2282 cir-

686 2328 1009 2372 cumeuntes
1043 2328 1266 2380 terram,
1311 2332 1376 2373 ac
1426 2317 1616 2372 ﬁdeles
1671 2319 1726 2372 in
1785 2317 2270 2374 benedictionibus

689 2412 1092 2479 pnevenientes
1125 2413 1188 2464 '9.

756 2504 1006 2566 Osculor,
1039 2503 1320 2572 etiamque
1371 2511 1534 2572 atque
1567 2503 1734 2556 etiam
1785 2505 1974 2559 colens
2032 2513 2085 2560 te
2127 2521 2268 2575 quo-

688 2611 794 2666 que
825 2603 1021 2655 totum,
1050 2603 1196 2647 totus
1224 2610 1292 2648 ex
1323 2604 1438 2647 toto
1470 2603 1652 2648 mente
1690 2594 2082 2659 circumfusus,
2117 2611 2269 2650 com-

690 2688 938 2754 plector:
984 2688 1296 2756 spirituque
1329 2687 1480 2740 velut
1519 2687 1576 2739 in
1628 2686 1854 2755 speculo
1881 2686 2270 2742 obversantem

689 2788 960 2832 contuens
988 2793 1050 2831 ac
1088 2777 1354 2830 memoria
1417 2777 1794 2840 collustratus,
1853 2778 2010 2846 quasi
2065 2777 2272 2832 intelli-

689 2880 850 2939 gente
913 2869 1371 2936 intemerataque,
1422 2883 1486 2921 ac
1539 2867 1721 2921 omnis
1758 2878 1977 2922 exsorte
2007 2869 2271 2932 materiae,

689 2961 834 3024 luce,
854 2969 1099 3028 augusta:
1127 2968 1325 3012 vestra:
1351 2958 1775 3029 magniﬁcentiae
1790 2975 1854 3014 ac
1874 2959 2090 3014 decoris
2118 2961 2274 3015 vultu

689 3049 1137 3119 circumfulgeor.

758 3156 1030 3211 Caeterum
1079 3156 1387 3220 videamus,
1433 3156 1613 3225 quoad
1663 3156 1848 3218 liceat,
1882 3163 2086 3225 quanta
2119 3154 2277 3210 Zelo-

693 3259 774 3303 tes
812 3249 1128 3319 evangelica
1153 3249 1438 3304 iunctione
1456 3260 1512 3304 et
1544 3250 1766 3304 virtutis
1795 3249 1959 3303 laude
1985 3249 2273 3303 enituerit.

693 3344 907 3397 Etenim
941 3351 1202 3412 tanquam
1237 3345 1414 3412 reipsa
1443 3358 1590 3398 verse
1653 3342 1795 3396 lucis
1828 3342 2174 3412 discipulus,
2194 3343 2279 3397 di-

693 3437 996 3505 vinumque
1043 3445 1217 3490 totum
1265 3436 1452 3490 lumen
1495 3435 1830 3490 nitidissima
1884 3443 2071 3489 mente
2127 3449 2280 3489 com-

693 3529 904 3596 plexus,
945 3532 1200 3598 totusque
1239 3529 1458 3583 lucidus
1488 3539 1544 3583 et
1589 3528 1738 3583 ﬁlius
1795 3529 1938 3584 lucis
1985 3545 2050 3584 ac
2098 3529 2278 3598 reipsa

693 3622 784 3672 lux
808 3618 923 3688 ipse
954 3619 1204 3683 eﬂ‘ectus,
1240 3628 1364 3688 post
1409 3619 1600 3688 primae
1646 3633 1985 3688 summaeque
2031 3619 2174 3673 lucis
2215 3633 2280 3673 ac

692 3711 980 3782 originalis
1008 3712 1064 3765 in
1097 3728 1260 3767 cruce
1296 3728 1576 3778 occasum,
1607 3723 1730 3782 post
1767 3712 1913 3767 illius
1956 3713 2026 3766 ab
2087 3711 2282 3766 inferis

695 3802 861 3855 tertio
913 3817 1144 3871 vespere
1199 3812 1474 3866 exortum,
1535 3811 1659 3872 post
1688 3818 1978 3856 ascensum
2013 3803 2067 3856 in
2109 3803 2282 3857 cmlos

696 3893 868 3961 (illius
902 3894 1114 3948 scilicet
1145 3910 1309 3964 supra
1335 3911 1499 3964 quam
1545 3909 1804 3948 arcanam
1835 3894 2127 3962 latebram)
2159 3903 2284 3963 post

695 3981 961 4034 Paracleti
986 3983 1372 4051 perfectiorem
1392 3984 1711 4045 adventum,
1746 3983 1969 4052 quando
2017 3985 2281 4038 nimirum

699 4074 910 4141 magnis
946 4073 1267 4143 [primisque
1315 4075 1481 4128 Verbi
1542 4075 1834 4144 discipulis
1891 4076 1946 4129 in
1995 4076 2285 4129 caenaculo

698 4163 1016 4227 considens,
1040 4165 1158 4232 pari
1189 4179 1312 4218 cum
1356 4165 1462 4219 illis
1492 4166 1744 4235 collegio,
1793 4166 1848 4219 in
1893 4166 2098 4235 linguis
2146 4167 2287 4235 ignis

700 4258 883 4325 specie
907 4257 1303 4326 apparentibus
1357 4273 1421 4312 ac
1479 4259 1661 4312 sonitu
1705 4258 1870 4313 ﬂatus
1918 4259 2284 4322 vehementis,

701 4349 1183 4418 SpiritusaPatrc
1215 4351 1578 4415 descendens,
1625 4352 1679 4405 in
1726 4353 1936 4421 optimo
1997 4351 2168 4406 corde
2224 4367 2289 4404 ac

702 4444 1041 4513 regalissimo
1065 4453 1358 4514 susceptus
1395 4455 1520 4502 est:
1578 4456 1710 4499 tunc
1739 4447 1900 4513 plane
1935 4447 2102 4500 etiam
2157 4460 2288 4514 per-

700 4537 918 4591 l‘ectiori
954 4538 1198 4605 repletus
1260 4537 1549 4605 sapientia,
1586 4537 2173 4605 divinissimorumque
2208 4539 2288 4592 si-

700 4646 932 4699 gnorum
975 4645 1037 4682 ac
1069 4629 1443 4698 prodigiorum
1474 4637 1746 4697 potestate
1784 4638 1950 4699 atque
1981 4631 2190 4684 virtute
2221 4646 2288 4684 ex

701 4722 811 4773 alto
849 4720 1096 4781 indutus,
1135 4720 1418 4774 Orientem
1451 4721 1791 4788 relinquens,
1817 4720 1882 4773 ad
1929 4730 2114 4789 partes
2140 4724 2289 4775 occi-

701 4809 859 4871 duas,
899 4810 1039 4862 duce
1080 4811 1310 4877 Spiritu,
1348 4811 1426 4862 sol
1452 4825 1681 4878 magnus
1724 4811 2025 4878 eximiique
2059 4811 2291 4881 fulgoris

703 4900 887 4970 Libya:
917 4901 1210 4960 universze,
1234 4901 1544 4968 Alricaaque
1584 4910 1639 4954 et
1664 4901 2024 4965 Mauritanim,
2060 4919 2122 4955 ac
2151 4919 2289 4954 cun-

703 4993 805 5046 ctis
848 4992 1089 5062 denique
1123 5009 1220 5062 per
1255 4994 1518 5048 occiduas
1551 5009 1676 5048 oras
1707 4993 1866 5048 sedes
1893 4997 2093 5056 nactis,
2124 5012 2288 5049 exor-

705 5096 795 5138 ῑυε
829 5101 907 5142 ES.

776 5179 911 5244 Quis
947 5179 1114 5248 igitur
1167 5179 1254 5233 vel
1305 5189 1489 5233 mente
1547 5181 1838 5250 intelligat.
1876 5181 1959 5234 vel
1997 5180 2132 5233 satis
2167 5194 2294 5232 ora-

707 5270 857 5324 tione
907 5271 1137 5338 exsequi
1229 5259 1464 5324 suﬁiciat
1508 5281 1674 5340 atque
1721 5281 1985 5339 exponat,
2054 5272 2293 5336 labores,

707 5376 1002 5425 aerumnas,
1055 5362 1302 5426 timores,
1347 5363 1560 5416 viarum
1613 5363 1890 5430 pericula,
1924 5363 2160 5432 vigilias,
2199 5377 2296 5416 cu-

709 5472 818 5517 ras,
841 5455 1084 5516 dolores,
1103 5455 1312 5517 turbas,
1355 5455 1660 5509 inlidelium
1687 5455 2057 5508 Barbarorum
2085 5470 2300 5524 grassa-

713 5548 909 5608 tiones,
942 5547 1190 5608 insidias,
1227 5550 1434 5617 plagas,
1482 5564 1756 5609 carceres,
1795 5548 2052 5611 insultas,
2099 5548 2297 5600 coitio-

715 5649 831 5696 nes,
883 5636 1375 5700 contradictioues,
1429 5638 1756 5698 calumnias,
1816 5637 2068 5694 verbera,
2109 5635 2296 5688 detra-

716 5720 925 5775 ttiones
954 5733 1010 5777 et
1039 5727 1311 5789 convicia,
1339 5727 1568 5796 ejusque
1601 5742 1791 5781 oinues
1822 5726 2102 5795 Esangelii
2131 5741 2293 5777 causa

794 5879 830 5907 ”
860 5876 997 5934 Psal.
1043 5881 1250 5936 xnxll.
1337 5885 1373 5912 ¹⁶⁴
1409 5882 1425 5938 ι
1455 5883 1586 5939 ,Ισιιιιι
1654 5901 1682 5936 l.
1735 5887 1749 5939 l

2374 1961 2478 2024 ἔξω
2512 1959 2833 2014 καθεστῶτα
2867 1977 2880 1990 ο
2919 1960 3108 2024 πόδας,
3139 1963 3266 2022 τοὺς
3298 1961 3480 2012 πᾶσαν
3513 1954 3712 2027 μικροῦ
3741 1954 3966 2024 διαδρα-

2376 2055 2579 2122 μόντας
2640 2052 2742 2120 τὴν
2805 2053 2933 2122 γῆν,
2983 2054 3110 2114 τοὺς
3153 2052 3411 2114 ίθυτενείς
3467 2051 3561 2102 καὶ
3622 2049 3964 2117 ἀνωςόρους,

2374 2147 2500 2209 τοὺς
2526 2145 2841 2215 πτερωτοὺς
2865 2145 2961 2198 καὶ
2993 2144 3252 2209 πτηνοὺς,
3282 2138 3386 2196 οἷοι
3435 2141 3546 2194 τῶν
3595 2139 3908 2210 Χερουδείμ
3950 2156 3964 2170 ο

2374 2238 2501 2299 τοὺς
2533 2237 2820 2306 ἀστραπῆς
2845 2235 3002 2305 δίκην
3031 2235 3278 2296 θέοντας,
3337 2234 3432 2284 κα)⁸
3483 2232 3754 2300 ἀμηχάνῳ
3795 2228 3970 2296 ταχύ-

2375 2327 2934 2400 τητιπεριοδεύοντας
2983 2325 3084 2395 τὴν
3129 2324 3259 2392 γῆν,
3288 2324 3383 2375 καὶ
3414 2325 3471 2375 tv
3504 2320 3777 2388 εὐλογίαις
3829 2335 3970 2390 χρη-

2380 2425 2635 2492 στότητος
2663 2418 3073 2491 προφθάνοντας
3107 2417 3235 2478 τοὺς
3267 2414 3517 2476 πιστούς.

2463 2513 2828 2581 Ἀσπάζομαι,
2875 2514 2971 2564 καὶ
3025 2511 3146 2563 λίαν
3187 2509 3362 2579 τιμῶν
3398 2505 3843 2577 περιπτύσσομαι
3873 2504 3971 2555 καὶ

2383 2606 2442 2659 σὲ
2478 2605 2620 2668 ὃλον,
2653 2605 2773 2666 ὅλος
2805 2604 2872 2656 δι’
2913 2604 3036 2656 ὅλου
3066 2604 3135 2671 τῇ
3167 2599 3379 2669 διανοίᾳ
3422 2597 3658 2669 περιφύς
3693 2610 3707 2624 °
3737 2596 3830 2648 καὶ
3887 2593 3973 2663 τῷ

2383 2697 2659 2766 πνεύματι
2689 2692 3213 2763 κατοπτριζόμενος,
3241 2691 3335 2742 καὶ
3367 2691 3437 2759 τῇ
3473 2689 3664 2760 μνήμῃ
3691 2686 3972 2756 περιλαμο

2381 2790 2636 2858 πόμενος,
2671 2783 2760 2839 οἷα
2791 2783 2964 2855 νοερῷ
3014 2783 3110 2835 καὶ
3165 2782 3422 2851 ἀχράντῳ
3456 2779 3554 2832 καὶ
3604 2778 3752 2844 ἀΰλῳ
3803 2777 3970 2842 φωτὶ,

2381 2880 2459 2948 τῷ
2491 2877 2770 2949 προσώπῳ
2798 2876 2897 2946 τῆς
2923 2875 3202 2945 ὑμετέρας
3249 2871 3695 2944 περιαυγάζομαι
3741 2868 3976 2937 θεοπρε-

2382 2972 2566 3034 πείας.

2468 3140 2606 3194 Ἀλλ’
2631 3139 2850 3209 ἴδωμεν,
2886 3137 2962 3201 ώς
2988 3137 3236 3205 ἐφικτὸν,
3264 3133 3361 3188 καὶ
3390 3133 3490 3204 τὴν
3515 3131 3660 3185 κατά
3697 3128 3760 3181 τὸ
3787 3127 3976 3194 Εὐαγο

2305 3211 2351 3274 c
2381 3236 2560 3307 γέλιον
2599 3236 2954 3304 εὐδοκίμησιν
2982 3231 3077 3284 τοῦ
3105 3228 3358 3298 Ζηλωτοῦ
3395 3246 3408 3260 ο
3444 3229 3537 3280 καὶ
3566 3226 3676 3294 γὰρ
3724 3223 3800 3285 ώς
3835 3220 3976 3292 άλη-

2385 3332 2494 3391 θῶς
2520 3329 2598 3398 τῷ
2630 3327 2870 3398 ἀληθινῷ
2898 3324 3247 3396 μαθητεύσας
3312 3324 3473 3390 φωτὶ,
3506 3319 3600 3373 καὶ
3638 3316 3701 3369 τὸ
3748 3314 3976 3385 θεαρχι-

2385 3423 2481 3475 κὸν
2511 3422 2626 3490 φῶς
2653 3421 2773 3473 ὅλον
2822 3417 3159 3486 διειδεστάτῃ
3211 3413 3534 3483 δεδεγμένος
3583 3407 3816 3477 διανοίᾳ,
3875 3405 3980 3458 καὶ

2387 3513 2716 3585 φωτοφανὴς
2769 3511 2910 3574 ὅλος,
2951 3509 3046 3564 καὶ⁵
3065 3509 3180 3572 υίὸς
3205 3507 3386 3576 φωτὸς
3425 3505 3522 3558 καὶ
3550 3499 3668 3570 φῶς
3703 3497 3982 3568 αὐτόχρη-

2391 3626 2474 3680 μα
2493 3605 2754 3674 γεγονὼς,
2793 3604 2930 3672 μετά
2953 3603 3056 3673 τὴν
3083 3600 3178 3654 τοῦ
3207 3597 3519 3670 ἀρχιφώτου
3543 3593 3726 3663 φωτὸς
3753 3592 3846 3644 ἐπὶ
3876 3589 3979 3642 τοῦ

2391 3697 2629 3769 σταυροῦ
2682 3696 2858 3760 δύσιν,
2889 3695 3027 3763 μετά
3059 3693 3159 3762 τὴν
3194 3690 3254 3755 ἐξ
3294 3691 3422 3761 ᾅδου
3454 3688 3784 3758 τριέσπερον
3837 3685 3980 3737 ἀνα-

2389 3790 2570 3860 τολὴν,
2600 3787 2739 3857 μετά
2769 3786 2868 3855 τὴν
2913 3786 2993 3847 είς
3025 3783 3292 3854 οὐρανοὺς
3341 3780 3605 3834 ἀνάδασιν
3638 3794 3653 3809 ·
3710 3775 3812 3832 εἶτ’
3881 3772 3984 3828 οὖν

2392 3881 2778 3951 ὑπεράρῤητον
2811 3876 2904 3929 τοῦ
2934 3874 3100 3928 αὑτοῦ
3136 3874 3467 3944 ἀποκρυφήν
3502 3887 3516 3902 ·
3575 3870 3715 3940 μετά
3752 3869 3853 3937 τὴν
3880 3884 3980 3919 τε-

2391 3972 2668 4042 λειοτέραν
2702 3967 2794 4020 τοῦ
2828 3965 3188 4037 Παρακλήτου
3220 3963 3546 4034 παρουσίαν,
3583 3961 3746 4030 ήνίκα
3773 3960 3838 4028 δὴ
3865 3961 3987 4022 τοῖς

2396 4066 2653 4137 μεγάλοις
2702 4059 2797 4114 τοῦ
2831 4059 3006 4126 Λόγου
3039 4057 3136 4110 καὶ
3187 4056 3426 4126 πρώτοις
3467 4058 3524 4105 ὲν
3573 4051 3808 4122 ὑπερώῳ
3841 4066 3984 4116 συγ-

2395 4159 2710 4228 καθήμενος
2739 4151 3048 4223 ὁμιληταῖς,
3084 4152 3142 4203 tv
3181 4147 3457 4216 γλώσσαις
3483 4144 3782 4215 πυροειδῶς
3831 4143 3984 4211 δρω-

2399 4252 2609 4321 μέναις,
2639 4230 2732 4302 καὶ
2764 4247 2941 4317 βιαίας
2982 4245 3100 4313 ἡχῳ
3133 4243 3323 4312 πνοῆς,
3367 4240 3431 4320 τὺ
3460 4237 3686 4307 Πνεῦμα
3712 4235 3990 4304 πατρόθεν

2397 4349 2608 4411 κατιὸν,
2645 4344 2956 4413 ἀγαθοειδεί
2985 4339 3185 4410 καρδία
3228 4339 3324 4391 καὶ
3361 4335 3768 4407 βασιλικωτάτῃ
3821 4346 3992 4383 κατα-

2397 4441 2642 4494 δέδεκται
2671 4453 2685 4467 ·
2711 4437 2830 4490 τότε
2859 4435 2923 4504 δὴ
2959 4433 3054 4487 καὶ
3085 4431 3278 4500 σοφίας
3297 4429 3510 4488 τελείας
3536 4423 3868 4495 πληρωθεὶς,
3888 4422 3994 4473 καὶ

2402 4529 2891 4600 θεοπρεπεστάτων
2927 4524 3169 4595 σημείων
3193 4523 3289 4574 καὶ
3314 4519 3559 4590 τεράτων
3589 4515 3840 4579 ἐξουσίαν
3887 4513 3996 4565 καὶ

2401 4619 2878 4698 δύναμινβνωθεν
2935 4614 3195 4676 ὲνδυθεὶς,
3239 4609 3589 4670 καταλείπεις
3648 4607 3746 4675 μὲν

2400 4715 2536 4786 πρὸς
2577 4694 2651 4764 τά
2714 4709 2977 4779 Ἐσπέρια
3025 4706 3102 4765 δὲ.
3155 4704 3244 4757 διὰ
3271 4701 3368 4754 τοῦ
3416 4699 3732 4769 Πνεῦματος
3757 4694 3993 4786 οδηγοιξ-

2404 4785 2582 4876 μενος,
2625 4803 2796 4872 μέγας
2827 4801 2978 4868 ﬁlio;
3009 4797 3104 4850 καὶ
3139 4791 3451 4862 ὑπερφαὴς,
3483 4793 3548 4858 τῇ
3576 4806 3634 4841 τε
3671 4785 3844 4855 Λιϐύῃ
3879 4785 3998 4836 πά-

2402 4915 2488 4966 σῃ,
2534 4895 2765 4962 Ἀφρικῇ
2797 4907 2856 4943 τε
2885 4890 2982 4941 καὶ
3026 4883 3408 4955 Μαυριτανία,
3449 4880 3544 4932 καὶ
3576 4880 3712 4930 πᾶσι
3761 4877 3818 4928 δὲ
3871 4876 4001 4937 τοῖς

2399 4990 2496 5057 τὴν
2533 4985 2826 5054 Ἑσπερίαν
2854 4981 3022 5033 οἰκεῖν
3054 4977 3310 5047 λαχοῦσιν
3354 4969 3690 5037 ὲξανέτειλες
3724 4967 3850 5036 γῆν.
3973 4967 3980 4975 ”

2470 5173 2566 5234 Τίς
2589 5167 2682 5224 οῦν
2715 5167 3036 5236 ὲννοηθῆναι
3066 5182 3170 5224 νοι,
3200 5175 3284 5224 τις
3309 5162 3365 5214 δὲ
3404 5159 3590 5220 ἱκανὸς
3620 5152 3994 5209 διασκευάσαι

2401 5267 2542 5333 λόγῳ
2562 5265 2686 5326 τοὺς
2718 5262 2936 5322 πόνους.
2967 5259 3093 5318 τοὺς
3123 5257 3350 5316 κόπους,
3400 5253 3529 5313 τοὺς
3567 5249 3794 5316 φόϐους,
3856 5243 3997 5306 τοὺς

2402 5359 2543 5425 ὑπὲρ
2569 5355 2668 5422 τῆς
2689 5353 2808 5405 ὁδοῦ
2833 5350 3112 5409 κινδύνους
3139 5363 3152 5377 ο
3181 5347 3278 5408 τὰς
3309 5343 3640 5411 ἀγρυπνίας,
3681 5339 3782 5398 τὰς
3825 5351 4002 5404 φρονο

2401 5452 2570 5511 τίδας,
2599 5449 2695 5510 τὰς
2723 5447 2935 5508 ὀδύνας,
2965 5443 3062 5503 τὰς
3087 5437 3517 5497 ἀκαταστασίας,
3546 5434 3644 5496 τάς
3676 5430 3824 5500 παρα
3882 5427 4002 5479 τῶν

2411 5543 2703 5615 βαρϐάρων
2733 5541 2978 5592 ἀπίστων
3001 5531 3375 5602 καταδρομὰς,
3427 5529 3528 5589 τὰς
3590 5524 3831 5593 ἐνέδρας.
3889 5517 4003 5582 τὰς

2405 5634 2759 5704 πληγάς,τάς
2783 5630 3026 5700 εἰρκτάς,
3068 5628 3165 5688 τάς
3211 5622 3606 5682 ἐπαναστάσεις
3658 5618 3751 5670 καὶ
3795 5617 4001 5666 ἐπισυ-

2408 5702 2675 5783 στάσεις·
2729 5719 2822 5782 τὰς
2884 5715 3192 5785 ἀντιλογίας
3258 5713 3349 5765 καὶ
3420 5706 3824 5778 συκοφαντίας·
3895 5702 4001 5764 τὰς

1875 5887 1910 5914 ’³
1949 5885 2144 5939 tituli.
2185 5900 2220 5943 ι,
2253 5884 2316 5936 τ;
2356 5881 2498 5936 Psal.
2538 5896 2624 5942 xx,
2661 5879 2711 5934 ί.
