4180 6434
185 413 292 475 285

190 524 379 588 αἰκίας
424 526 522 579 καὶ
560 525 860 597 λοιδορίας,
905 529 997 579 καί
1037 526 1203 581 αὐτοῦ
1246 508 1424 587 πάσας
1469 525 1567 587 τὰς
1626 525 1757 593 ὑπὲρ

1864 523 2236 591 profectiones
2302 534 2358 579 et
2425 526 2620 579 itinera

186 614 280 667 τοῦ
342 616 675 684 Εὑαγγελῐου
720 615 996 686 περιόδους
1033 631 1050 647 ⁸
1104 616 1201 669 καὶ
1256 616 1435 678 πάσας
1503 615 1602 677 τὰς
1649 614 1759 667 θλί-

185 708 335 774 ψεις,
383 707 451 769 ἃς
511 707 726 777 ἡμέραν
760 707 822 773 ἐξ
862 708 1073 778 ἡμέρας
1121 710 1150 761 ό
1193 708 1612 779 μακαριώτατος
1663 724 1763 759 πο,

188 800 580 869 λιορκούμενος
629 800 915 869 ὑπομένων
960 800 1193 870 ὑπέμενε
1238 800 1327 853 τὸν
1369 800 1600 871 Κύριον,
1662 801 1765 863 ἕως

190 893 341 962 αὐτῷ
378 891 653 962 προσχὼν,
684 893 777 946 καὶ
809 896 907 963 τῆς
937 893 1174 961 δεήσεως
1202 891 1564 961 εἰσακηκοὼς,
1593 892 1762 962 θύραν

191 981 429 1046 πίστεως
454 982 633 1052 ἠνοιξε
660 985 771 1046 τοῖς
788 982 996 1036 ἔθνεσιν
1018 998 1031 1012 ⁸
1064 983 1169 1045 ἓως
1187 982 1461 1052 οἰκτείρας
1490 983 1762 1052 ἀνήγαγεν

187 1075 352 1127 αὑτὸν
371 1077 440 1128 ἐκ
466 1075 670 1128 λάκκου
697 1074 1095 1143 ταλαιπωρίας,
1125 1076 1220 1127 καὶ
1255 1075 1443 1144 ὥσπερ
1491 1073 1763 1144 θαλάσσης

188 1164 444 1229 κλύδωνι,
480 1167 547 1236 τῇ
573 1166 694 1218 κατ’
728 1166 893 1220 αὐτοῦ
926 1166 1033 1220 τῶν
1091 1164 1305 1219 ἀσεϐῶν
1360 1164 1762 1236 ἐπιτετιμηκὼς

188 1260 580 1323 ἐπαναστάσει,
601 1259 697 1312 καὶ
715 1260 777 1311 τὸ
804 1260 1135 1328 φλεγμαῖνον
1163 1258 1264 1327 τῆς
1293 1258 1473 1311 αὐτῶν
1526 1260 1761 1323 διανοίας

186 1347 553 1409 κατευνάσας,
590 1347 771 1400 καὶτὸ
802 1347 1154 1417 δαιμονιῶδες
1206 1347 1434 1416 ὅρμημα
1492 1346 1759 1416 πραΰνας,

187 1441 280 1491 καὶ
327 1439 468 1508 πρὸς
509 1439 601 1491 τὸν
655 1438 797 1491 θεῖον
841 1439 1005 1507 φόϐον
1048 1440 1106 1491 ἐν
1153 1438 1401 1507 σημείοις
1441 1437 1535 1489 καὶ
1570 1439 1759 1509 τέρασι

190 1528 520 1595 μεταϐαλὼν
556 1529 805 1600 φοϐεροῖς
832 1532 963 1582 ’καὶ
999 1528 1171 1593 οὕτως
1215 1531 1409 1592 αὐτοὺς
1451 1531 1585 1601 πρὸς
1635 1548 1763 1598 συγ-

186 1620 488 1672 κατάθεσιν
516 1621 611 1672 καὶ
641 1621 826 1673 πίστιν
854 1621 954 1689 τῆς
987 1621 1245 1689 ἀληθείας
1283 1622 1379 1675 τοῦ
1429 1623 1760 1691 Εὑαγγελὶου

186 1708 542 1779 μεταγαγὼν,
570 1709 839 1781 ἐρρύσατο
889 1711 990 1780 μὲν
1034 1712 1127 1765 τὸν
1183 1712 1347 1765 αὐτοῦ
1393 1716 1610 1784 κήρυκα
1660 1718 1761 1784 τῆς

184 1800 507 1869 καταιγίδος
535 1800 642 1854 τῶν
673 1801 951 1870 φονευτῶν
979 1818 993 1832 ο
1026 1805 1154 1867 τοὺς
1177 1804 1234 1857 δὲ
1269 1805 1520 1877 καθάπερ
1551 1810 1616 1861 ὲκ
1664 1825 1761 1861 πε-

182 1893 411 1961 λάγους,
429 1896 530 1965 τῆς
550 1893 797 1964 ποικίλης
815 1895 995 1949 αὐτῶν
1024 1896 1280 1961 ἀσεεείας
1310 1899 1759 1970 ἐκλυτρούμενος,

176 1985 256 2048 ῶς
290 1986 386 2038 ἐπὶ
404 1986 602 2055 λιμένα
633 1990 923 2057 σωτήριον,
942 1988 1033 2042 τὸν
1064 1990 1318 2060 μέγιστον
1342 1968 1569 2061 Σίμωνα
1580 1968 1763 2063 προσ-

177 2075 429 2145 ὡρμιζεν
452 2094 466 2108 ο
499 2078 549 2130 0i
578 2080 671 2131 καὶ
715 2082 782 2150 τῇ
833 2079 1012 2151 πέτρᾳ
1050 2079 1152 2149 τῆς
1187 2081 1438 2146 ἀκλινοῦς
1468 2082 1635 2136 αὐτοῦ
1674 2084 1763 2136 πί-

178 2181 355 2229 στεως
380 2167 804 2238 ἐπερειδόμενοι,
840 2171 934 2222 καὶ
965 2169 1043 2241 τῷ
1078 2169 1232 2225 ὕδατι
1260 2173 1643 2242 καθαιρόμενοι
1670 2175 1763 2226 καὶ

177 2256 253 2326 τῷ
286 2256 568 2326 Πνεύματι
603 2259 982 2327 φωτιζόμενοι,
1008 2263 1101 2315 καὶ
1137 2265 1251 2324 τοῖς
1286 2264 1450 2331 ἱεροῖς
1482 2262 1550 2317 δι’
1597 2263 1761 2317 αὐτοῦ

180 2349 510 2419 μυστηρίοις
542 2349 1107 2422 τελεσιουργούμενοι,
1131 2354 1211 2416 είς
1235 2354 1564 2425 Ἐκκλησίας
1600 2354 1757 2426 ἀμώ-

177 2458 316 2510 μους
335 2440 418 2509 τῷ
455 2441 812 2513 ύπεραμὼμῳ
828 2444 1231 2514 κατηρτίζοντο.
1513 2461 1529 2472 '

247 2534 489 2597 Οὖτωςό
523 2534 1083 2607 θεομακαριστότατος
1108 2538 1382 2610 Ζηλωτὴς,
1413 2543 1513 2610 τῆς
1545 2542 1756 2595 ἀντιτε-

174 2626 465 2695 ταγμὲνης
528 2627 678 2696 αὐτῷ
724 2629 1044 2698 περιγέγονε
1093 2631 1407 2701 δυνάμεως·
1459 2634 1555 2687 καὶ
1618 2634 1761 2687 οὕτω

173 2713 304 2773 τοὺς
366 2713 891 2784 ᾐχμαλωτισμένους
945 2717 1035 2771 ὑπ’
1092 2721 1263 2791 αὐτῆς
1320 2721 1758 2792 αἰχμαλωτίζων,

175 2803 398 2872 ἡμέραν
429 2803 553 2856 καθ’
581 2805 794 2875 ἡμέραν
824 2809 889 2877 τῇ
929 2808 1224 2880 Ἐκκλησία
1261 2812 1389 2874 τοὺς
1421 2812 1760 2881 σωζομένους

176 2893 520 2964 προσετίθει.
553 2896 665 2950 Καὶ
712 2897 820 2968 γάρ
876 2894 946 2969 ἦν
980 2901 1111 2971 όρᾷν
1163 2903 1439 2972 ἀκραιφνῆ
1480 2904 1574 2955 τοῦ
1623 2904 1755 2957 Θεοῦ

176 2986 237 3038 ὲν
266 2985 425 3054 αὐτῷ
457 2986 557 3055 τὴν
604 2989 895 3058 ὁμοιότητα
928 3007 942 3022 ο
980 2986 1049 3061 ἦν
1078 2992 1211 3062 όρᾷν
1251 2992 1456 3046 ἁπλοῦν
1507 2997 1600 3047 καὶ
1653 3013 1755 3047 πο-

176 3078 361 3147 λυειδῆ
384 3079 479 3131 τὸν
504 3080 685 3134 αὐτόν.
718 3082 824 3157 καὶ
846 3081 906 3135 ὃν
927 3083 1130 3153 τρόπον
1148 3087 1176 3137 ό
1209 3084 1359 3154 ἣλιος
1390 3082 1470 3149 εἷς
1516 3087 1617 3155 μὲν
1659 3088 1756 3156 τὴν

926 412 1205 472 ORATIO
1241 412 1378 471 XII.
1412 435 1478 447 -—
1512 410 1589 469 IN
1632 410 1941 470 LAUDEM
1980 412 2042 470 S.
2084 413 2393 474 SIMONIS
2433 412 2687 472 APOST.

3323 411 3431 472 246

2673 537 2925 577 :omnes
2996 519 3232 589 denique
3314 538 3428 575 mo-

1864 614 2054 669 lestias
2082 631 2145 669 ac
2194 617 2355 679 mala,
2398 632 2520 686 qua:
2553 616 2639 670 vir
2685 615 3037 669 beatissimus
3084 612 3427 668 adversario-

1865 721 1988 761 rum
2021 706 2373 761 inlestatione
2402 706 2650 776 quotidie
2692 704 2974 760 sustinens
3000 704 3069 768 ‘°,
3123 702 3429 756 sustinebat

1864 799 2175 863 Dominum,
2224 798 2400 852 donec
2454 798 2499 853 is
2565 798 2641 853 illi
2723 795 3012 851 attendens
3065 794 3430 862 exauditaque

1865 891 2013 944 illius
2051 891 2323 955 oratione,
2357 888 2484 943 ﬁdei
2539 888 2760 959 januam
2812 886 3068 957 gentibus
3122 886 3333 955 aperuit
3358 889 3423 939 ".

1862 983 2047 1036 Donec
2074 981 2352 1045 misertus,
2386 979 2575 1033 eduxit
2604 996 2729 1034 eum
2778 979 2845 1033 de
2896 978 3017 1032 lacu
3076 977 3332 1037 miseriae.
3366 992 3428 1029 ac

1862 1072 2012 1125 velut
2037 1073 2202 1125 maris
2229 1071 2492 1140 procella,
2526 1070 2821 1138 impiorum
2853 1070 2907 1124 in
2930 1084 3058 1124 eum
3096 1068 3304 1122 insultu
3341 1067 3427 1121 in-

1862 1170 2103 1227 crepato,
2129 1175 2429 1229 eorumque
2453 1158 2623 1212 animi
2656 1166 2870 1212 tumore
2928 1157 3139 1217 sedato,
3202 1171 3268 1208 ac
3322 1155 3428 1209 da:-

1862 1252 2111 1306 moniaco
2132 1252 2334 1321 impetu
2365 1251 2616 1312 delinito,
2647 1250 2822 1318 iisque
2861 1250 2915 1303 in
2965 1249 3210 1302 divinutn
3269 1246 3429 1300 timo—

1864 1358 1977 1397 rem
2023 1344 2301 1412 signorum
2348 1342 2870 1409 tremendorumque
2936 1350 3312 1409 portentorum
3372 1339 3423 1407 vi

1863 1433 2184 1494 immutatis,
2213 1440 2376 1499 atque
2410 1430 2463 1483 in
2490 1446 2615 1484 eum
2660 1430 2884 1483 modum
2932 1429 2997 1483 ad
3044 1442 3325 1482 assensum
3364 1427 3425 1480 fl—

1860 1520 2092 1587 tlemque
2122 1518 2371 1572 veritatis
2401 1518 2685 1587 Evangelii-
2728 1518 3018 1579 traductis,
3075 1525 3187 1569 tum
3222 1532 3425 1585 praeco-

1862 1628 1983 1665 nem
2012 1625 2171 1664 suum
2192 1626 2258 1665 ex
2285 1608 2683 1663 homicidarum
2716 1609 2951 1678 procella
2990 1609 3155 1672 eruit,
3182 1618 3296 1661 tum
3341 1625 3425 1662 ve-

1860 1704 1940 1757 lut
1978 1718 2008 1757 e
2043 1703 2253 1771 pelago,
2279 1718 2346 1756 ex
2375 1703 2527 1755 varia
2562 1717 2626 1756 ac
2684 1702 2971 1770 multiplici
3002 1716 3196 1754 eorum
3230 1702 3423 1769 impie-

1864 1803 1971 1849 tate
1995 1795 2328 1864 redemptos,
2360 1794 2515 1864 quasi
2553 1796 2607 1849 in
2656 1795 2913 1863 sospitale
2954 1795 3127 1855 littus,
3157 1792 3224 1847 ad
3258 1792 3427 1845 maxi-

1864 1902 2011 1940 mum
2037 1887 2317 1940 Simonem
2351 1885 2676 1952 appellebat.
2707 1886 2858 1954 lique
2906 1885 3065 1947 adeo,
3096 1885 3333 1937 immotae
3363 1883 3425 1936 il-

1864 1979 1971 2033 lius
1996 1977 2122 2031 fidei
2155 1986 2324 2046 petrae
2347 1975 2483 2040 nixi,
2511 1985 2566 2031 et
2593 1991 2731 2044 aqua
2788 1975 3066 2029 emundati
3110 1989 3175 2029 ac
3217 1973 3423 2043 Spiritu

1864 2067 2143 2128 illustrati.
2176 2066 2457 2135 sacrisque
2488 2082 2587 2135 per
2619 2082 2746 2121 eum
2804 2066 3003 2119 initiati
3031 2081 3095 2119 ac
3122 2065 3425 2119 consecrati

1864 2161 2156 2234 mysteriis,
2174 2162 2231 2215 iii
2252 2161 2529 2215 Ecclesias
2556 2161 2953 2223 immaculatas.
2983 2161 3035 2216 ei
3066 2160 3425 2229 perﬁciebau-

1865 2262 1971 2320 tur_
2004 2251 2097 2322 qui
2133 2266 2350 2306 omnem
2375 2266 2406 2305 a
2438 2251 2649 2306 macula
2684 2251 2977 2320 puritatem
3007 2250 3243 2305 excedit.

1933 2523 2024 2578 Sic
2046 2524 2158 2578 Deo
2188 2522 2537 2579 beatissimus
2564 2523 2803 2589 Zelotes,
2845 2538 2966 2593 quae
3018 2532 3272 2577 conserta
3310 2524 3428 2577 acie

1848 2614 2122 2669 adversus
2148 2615 2302 2669 illum
2355 2617 2554 2680 stabat,
2586 2617 2847 2669 virtutem
2882 2616 3204 2684 superavit;
3239 2614 3428 2683 sicque

1860 2707 1980 2760 illos
2006 2707 2310 2776 captivans,
2342 2721 2483 2775 quos
2535 2722 2601 2761 ea
2645 2705 2951 2769 addixerat,
3002 2706 3167 2760 saluti
3213 2706 3429 2760 deditos

1856 2797 2104 2866 quotidie
2128 2797 2388 2851 Ecclesia:
2404 2797 2764 2868 'adjungebat.
2794 2798 2996 2851 Verum
3040 2812 3277 2865 namque
3330 2798 3426 2852 Dei

1856 2888 2214 2942 simulacrum
2270 2888 2325 2941 in
2377 2902 2445 2942 eo
2497 2887 2769 2942 elucebat.
2837 2888 3081 2943 Vidisses
3120 2888 3426 2957 simplicem

1854 2995 2004 3043 eum,
2038 2989 2093 3033 et
2122 2978 2514 3034 multiformem
2538 2995 2555 3045 ;
2586 2994 2649 3033 ac
2675 2978 2821 3033 sicut
2850 2980 2932 3033 sol
2982 2995 3104 3034 cum
3155 2995 3298 3034 unus
3327 2995 3428 3033 na-

1858 3084 1978 3128 tura
2008 3072 2281 3138 sit,unius
2309 3072 2526 3143 generis
2550 3072 2696 3136 luce,
2726 3070 2939 3126 eﬂ‘ectis
2964 3079 3143 3126 tamen
3192 3086 3256 3125 ac
3312 3071 3426 3124 vir-

178 3171 368 3236 φύσιν,
405 3171 487 3240 τῷ
519 3172 782 3241 μονοειδεϊ
810 3173 906 3226 τοῦ
947 3175 1145 3244 φωτὸς,
1177 3176 1420 3241 ποικίλος
1452 3177 1509 3230 δὲ
1534 3178 1748 3230 δείκνυ-

1856 3164 2064 3217 tutibus
2096 3163 2279 3217 varius
2306 3161 2617 3218 ostenditur
2643 3179 2655 3214 :
2686 3162 2766 3217 sic
2791 3171 2847 3216 et
2874 3177 3101 3232 magnus
3123 3161 3424 3231 apostolus,

177 3277 267 3314 ται
286 3264 416 3323 ταῖς
447 3262 751 3332 ἐνεργείαις
774 3279 788 3293 ·
808 3264 948 3317 οὕτω
1012 3268 1114 3320 καὶ
1141 3270 1169 3320 ὁ
1209 3268 1384 3336 μέγας
1430 3267 1747 3333 ἀπόστολος,

175 3352 421 3421 ἐνοειδὴς
457 3353 556 3422 μὲν
585 3354 703 3423 ἦτοι
733 3356 1087 3424 χριστοειδὴς,
1120 3357 1201 3426 τῷ
1229 3358 1359 3426 περὶ⁵
1388 3358 1595 3421 πάντας
1618 3360 1750 3426 ἀγα·

178 3442 453 3511 θοπρεπεῖ
489 3443 591 3511 τῆς
643 3446 1016 3515 συνειδήσεως,
1053 3447 1290 3510 ποικίλος
1332 3446 1389 3499 δὲ
1448 3450 1567 3510 ταῖς
1614 3464 1750 3518 προ-

179 3533 358 3595 νοίαις
401 3535 497 3586 καὶ
528 3537 647 3597 ταῖς
689 3537 818 3604 περὶ
862 3537 959 3600 τάς
982 3536 1315 3609 ’Ἑκκλησίας
1348 3541 1593 3611 φροντίσι
1618 3540 1754 3593 καθ-

188 3626 369 3693 ωρᾶτο
401 3638 416 3652 ·
451 3625 543 3677 καὶ
571 3624 662 3677 νῦν
694 3626 793 3695 μὲν
842 3627 1050 3697 σιωπὴν
1088 3627 1329 3696 εὔλογον,
1389 3629 1484 3682 νύν
1513 3630 1571 3683 δὲ
1597 3629 1754 3698 λόγον

181 3712 407 3779 καίριον
435 3712 839 3782 ἐνδεικνύμενος
865 3731 879 3745 ·
908 3715 1004 3768 νῦν
1032 3717 1133 3786 μὲν
1186 3717 1756 3789 άνθρωποπρεπέστε-

178 3819 275 3869 ρον
306 3804 427 3865 τοῖς
450 3804 867 3873 ἐντυγχάνουσιν
910 3807 1133 3876 ὁμιλῶν,
1177 3810 1271 3862 καὶ
1320 3810 1391 3863 τά
1449 3811 1758 3884 ὑψηλότερα

173 3893 267 3946 τοῦ
306 3894 643 3962 Εὐαγγελίου
668 3898 1240 3970 παρακαλυπτόμενος,
1273 3901 1368 3955 νῦν
1396 3902 1452 3956 δὲ
1478 3906 1577 3975 τὴν
1622 3906 1756 3977 ἀλή·

179 3987 336 4040 θειαν
360 3991 899 4059 παρρησιαζόμενος,
937 3994 1032 4047 καὶ
1066 3994 1156 4047 τὸν
1185 3994 1278 4048 ὑπ’
1329 3996 1496 4051 αὐτοῦ
1553 4016 1755 4069 κηρυσ-

182 4073 417 4142 σόμενον
461 4076 691 4145 Ἰησοῦν,
739 4079 873 4133 Θεὸν
927 4075 1067 4135 εἶναι
1128 4086 1475 4153 προαιώνιον,
1530 4089 1751 4154 τέλειον,

176 4166 442 4235 ἀναρχον,
472 4167 827 4238 ἀτελεύτητον
851 4170 1356 4243 διαμαρτυρόμενος
1388 4192 1404 4208 σ
1437 4176 1570 4231 Θεὸν
1626 4179 1755 4247 ἀλη-

176 4256 361 4326 θῆκαὶ
387 4256 593 4322 ζῶντα,
635 4257 694 4323 ἐξ
721 4260 974 4329 ἀληθινοῦ
1011 4264 1106 4316 καὶ
1135 4263 1334 4329 ζῶντος
1373 4267 1461 4320 ἀεὶ
1490 4267 1585 4321 τοῦ
1624 4270 1755 4323 ἰδίου

178 4348 526 4417 γεννώμενον
555 4350 765 4421 Πατρός
799 4369 816 4384 ο
871 4351 1159 4424 ἀσώματον
1212 4357 1505 4425 ἀσωμάτου
1537 4377 1553 4392 ο
1601 4361 1756 4429 ἆγιον

179 4440 338 4505 ἁγίου
370 4455 389 4472 ·
413 4439 533 4507 φῶς
568 4442 635 4493 ἐκ
665 4442 864 4509 φωτὸς,
911 4442 1057 4514 ζωὴν
1082 4446 1144 4498 ἐκ
1173 4446 1339 4517 ζωῆς,
1369 4451 1633 4521 ὁμότιμον
1662 4456 1755 4507 καὶ

1861 3251 2145 3305 uniformis
2178 3266 2303 3306 cum
2359 3260 2505 3305 esset
2534 3250 2771 3319 (Christo
2794 3250 3003 3304 scilicet
3062 3248 3239 3304 aﬂinis
3264 3258 3427 3318 atque

1858 3342 2096 3407 similis),
2126 3342 2477 3396 conscientiae
2522 3357 2650 3409 erga
2700 3356 2891 3395 omnes
2943 3342 3228 3405 bonitate;
3279 3340 3427 3393 curis

1858 3431 2215 3487 nihilominus
2262 3430 2739 3500 Ecclesiarumque
2801 3430 3170 3486 sollicitudine
3242 3430 3426 3484 varius

1859 3522 2207 3577 cernebatur.
2234 3523 2309 3576 Ae
2327 3522 2490 3576 modo
2532 3522 2776 3592 quidem,
2813 3536 3132 3591 congruum-
3163 3522 3309 3591 justa
3334 3536 3425 3574 ra-

1863 3613 2010 3668 tione
2051 3614 2369 3677 silentium;
2432 3613 2596 3667 modo
2635 3622 2839 3677 autem,
2901 3622 3276 3681 opportunum
3308 3625 3425 3665 scr-

1861 3720 2079 3759 ntonem
2099 3704 2605 3759 exhibebatmunc
2638 3718 2706 3759 ex
2762 3704 3001 3757 humana
3050 3702 3262 3757 ratione
3323 3702 3425 3754 hu-

1865 3795 2046 3849 milius
2082 3794 2413 3849 adeuntibus
2446 3792 2792 3862 loquebatur,
2824 3808 2887 3846 ac
2943 3790 3221 3860 Evangelii
3252 3790 3426 3845 subli-

1863 3886 2035 3941 miora
2059 3885 2389 3956 obtegebat;
2421 3900 2566 3938 nunc
2616 3884 2897 3937 veritatem
2936 3884 3115 3952 palam
3169 3882 3428 3951 loqueba-

1862 3991 1972 4046 tur,
2008 3997 2071 4036 ac
2088 3996 2250 4051 quem
2300 3976 2882 4049 praadicabatrlesum,
2925 3978 3095 4031 Deum
3119 3992 3239 4032 esse
3292 3992 3427 4046 prae-

1861 4082 2148 4134 :eternum,
2174 4072 2498 4143 perfectum,
2548 4070 2799 4140 principii
2856 4069 3087 4139 ﬁnisque
3124 4078 3426 4137 expertem.

1862 4166 2307 4221 contestabatur:
2332 4165 2499 4218 Deum
2538 4178 2727 4217 verum
2751 4177 2814 4216 ac
2832 4161 3039 4224 vivum,
3091 4176 3159 4214 ex
3204 4175 3338 4214 vero
3367 4175 3431 4213 ac

1863 4256 1988 4311 vivo
2039 4270 2255 4325 semper
2324 4263 2638 4308 nascentem
2681 4252 2874 4315 Patre;
2921 4251 3307 4320 incorporeum
3363 4267 3429 4305 ex

1864 4350 2189 4418 incorporeo
2220 4355 2508 4410 ;sanctum
2539 4360 2607 4399 ex
2626 4351 2855 4405 sancto;
2887 4343 3071 4396 lumen
3099 4357 3166 4396 ex
3199 4341 3428 4405 lumine,

1864 4441 2031 4494 vitam
2069 4453 2137 4493 ex
2166 4438 2314 4501 vita;
2362 4436 2481 4504 pari
2506 4434 2714 4487 honore
2746 4440 2803 4485 et
2829 4430 3029 4484 deitate
3058 4441 3112 4483 et
3143 4429 3386 4482 bonitate
3414 4445 3428 4491 ;

176 4529 408 4597 όμόθεον
437 4531 534 4583 καὶ
562 4533 894 4601 ὁμοάγαθονο
934 4536 999 4589 δι’
1057 4529 1119 4591 οὗ
1173 4539 1401 4609 οὐρανός
1443 4558 1503 4595 τε
1538 4520 1644 4597 καὶ
1684 4547 1756 4617 γῆ

1862 4548 1959 4602 per
1979 4545 2141 4600 quem
2167 4526 2364 4582 coelum
2390 4534 2445 4579 et
2492 4532 2638 4579 terra
2673 4522 2961 4593 producta,
2996 4520 3284 4589 omnisque
3333 4535 3429 4575 cu-

177 4622 469 4691 παρήχθη,
502 4625 650 4677 καὶὸ
674 4625 894 4695 σύμπας
912 4627 1245 4702 διεκοσμήθη
1278 4633 1502 4700 κόσμος.

248 4712 460 4766 Τοῦτον
494 4714 589 4767 νῦν
644 4718 822 4786 σάρκα
846 4719 1116 4787 γενέσθαι,
1148 4722 1249 4791 τὴν
1278 4725 1557 4793 ἡμετέραν
1603 4728 1755 4782 εὐτέ-

179 4806 329 4860 λειαν
358 4808 507 4877 ὑπὲρ
534 4809 691 4878 ἡμῶν
718 4812 783 4864 ἐκ
830 4812 1165 4883 παρθενικῆς
1197 4814 1294 4867 καὶ
1347 4817 1511 4884 ἀγίας
1562 4821 1754 4889 νηδύος

181 4898 457 4951 ὑποδύντα
486 4916 501 4929 ο
557 4900 649 4952 καὶ
709 4902 930 4972 σταυρῷ
992 4903 1088 4957 καὶ
1142 4904 1341 4958 πάθεσι
1389 4908 1483 4959 καὶ⁸
1540 4909 1757 4981 θανάτῳ

186 4990 684 5058 προσωμιληκότα,
732 4993 998 5049 ἀπάθειαν
1050 4996 1181 5067 ἡμῖν
1216 4998 1311 5051 καὶ
1341 4998 1487 5069 ζωὴν
1539 5001 1757 5056 αἰώνιον

182 5082 269 5135 διὰ
316 5083 421 5152 τῆς
467 5085 532 5136 ἐκ
578 5086 787 5154 νεκρῶν
830 5087 1133 5157 τριημὲρου
1181 5092 1530 5157 ἀναστάσεως
1572 5112 1754 5166 παρα-

188 5175 331 5241 artata
358 5192 374 5207 ·
396 5173 459 5226 δν
485 5173 581 5227 καὶ⁵
608 5175 982 5249 ἀναληφθῆναι
1012 5179 1318 5249 βλεπόντων
1354 5183 1509 5253 ήμῶν
1545 5188 1626 5250 εἰς
1662 5188 1755 5241 τὸν

183 5264 430 5335 οὐρανὸν,
458 5266 555 5316 καὶ
577 5265 728 5335 ἥξειν
752 5269 1009 5336 ἐμφανῶς
1051 5270 1210 5335 αὖθις
1255 5274 1467 5328 ἐκεῖθεν
1519 5277 1753 5347 προσδο-

184 5355 390 5424 κῶμεν,
423 5357 505 5418 εἰς
534 5358 713 5425 κρίσιν
733 5356 877 5411 ἀπαν
928 5360 991 5413 τὸ
1027 5361 1249 5432 πλάσμα
1309 5366 1750 5437 παραστήσοντα.

255 5536 363 5588 Καὶ
384 5533 482 5586 νῦν
514 5535 613 5603 μὲν
644 5534 881 5605 ἐλέγχων
920 5536 1019 5605 τὴν
1079 5537 1285 5601 ἄνοιαν,
1342 5539 1443 5608 τὴν
1497 5539 1754 5594 ἀσέϐειαν

183 5625 292 5677 τῶν
341 5627 416 5694 μὴ
456 5626 845 5693 ἐπεγνωκότων
888 5628 979 5681 τὸν
1029 5629 1181 5691 Θεὸν,
1224 5631 1313 5683 τὸν
1359 5634 1553 5687 οἰκεῖον
1615 5633 1752 5688 πλά-

263 5809 303 5839 ¹⁶
327 5808 468 5863 l’sal.
504 5812 687 5870 suis,
726 5809 759 5862 Ξ
855 5811 895 5841 ²¹
928 5810 1060 5866 Luc.
1094 5828 1205 5875 \‘lll,
1238 5812 1325 5867 5i.

1866 4637 1986 4677 rum
2011 4630 2237 4674 ornatus
2263 4628 2319 4673 et
2340 4617 2621 4671 distinctio
2652 4616 2816 4669 edita.

1932 4715 2089 4769 Hunc
2117 4712 2278 4766 modo
2308 4724 2527 4764 carnem
2565 4708 2768 4762 factum
2800 4724 2942 4772 esse,
2980 4718 3163 4763 nostra
3198 4722 3297 4776 pro
3318 4722 3428 4759 tto-

1861 4805 1946 4859 bis
1978 4804 2229 4858 indutuni
2255 4800 2480 4862 vilitate,
2526 4815 2592 4853 ex
2624 4800 2875 4869 virginali
2904 4810 3200 4867 sanctoque
3228 4808 3385 4852 utero
3410 4817 3421 4863 ;

1860 4908 2134 4963 cruccque
2164 4903 2216 4946 et
2242 4890 2588 4960 passionibus
2617 4903 2679 4942 ac
2708 4899 2881 4941 morte
2915 4888 3285 4957 perfunctum,
3321 4890 3425 4941 im-

1861 4987 2141 5041 mortalem
2197 4982 2357 5036 nobis
2413 4980 2685 5048 nullisque
2729 4980 3021 5033 obnoxiam
3082 4979 3426 5048 passionihus

1857 5089 2021 5147 atque
2044 5084 2304 5131 aeternam
2333 5073 2519 5135 vitam,
2562 5070 2812 5125 triduana
2838 5086 2903 5125 ex
2947 5071 3178 5125 mortuis
3239 5086 3422 5124 resur-
3466 5103 3469 5105 »

1858 5170 2097 5225 rectione
2141 5166 2425 5237 praebere:
2485 5178 2648 5232 quem
2682 5171 2739 5216 et
2796 5163 2956 5217 nobis
3001 5162 3317 5217 videntibus
3370 5164 3421 5217 iii

1860 5261 2059 5314 coelum
2107 5267 2412 5325 receptum,
2466 5253 2593 5308 inde
2648 5268 2840 5308 rursus
2890 5253 3184 5320 conspicua
3242 5256 3424 5323 specie

1867 5359 2160 5405 venturum
2187 5355 2586 5417 exspectamus,
2617 5345 2711 5415 qui
2733 5358 2832 5415 pro
2857 5343 3117 5398 tribunali
3139 5344 3241 5399 sibi
3269 5346 3424 5399 sistat

1864 5458 2025 5498 omne
2060 5442 2358 5495 humanum
2380 5449 2578 5507 genus.

1936 5532 2011 5586 Ac
2035 5530 2198 5584 modo
2227 5529 2470 5598 quidem,
2499 5542 2687 5581 eorum
2716 5526 2808 5596 qui
2856 5527 3026 5581 Deum
3081 5527 3422 5581 conditorem

1863 5641 2021 5682 suum
2049 5622 2346 5689 mundique
2394 5621 2555 5690 hujus
2583 5618 2959 5673 universitatis
3007 5618 3259 5687 opificem
3314 5635 3424 5674 non
