4180 6434
698 355 808 421 247

700 464 1096 534 agnovissent,
1184 463 1518 519 dementiam
1628 466 2084 536 impietatemque

693 572 888 628 guens,
983 556 1147 611 modo
1223 557 1546 622 obsecrans,
1638 571 1805 630 atque
1899 560 2270 625 admonens;

695 645 1157 715 argumentisque
1183 660 1251 700 ex
1281 657 1473 701 natura
1504 648 1717 717 petitis,
1768 649 2053 717 improbos
2089 649 2277 719 ingra-

696 750 891 808 tosque
917 737 985 792 ad
1010 739 1419 795 benefactorem
1445 738 1693 807 ducens;
1725 749 1887 810 turpe
1910 756 2034 796 esse
2058 742 2272 805 dicens,

691 839 749 885 et
773 846 803 885 a
850 830 1067 886 ratione
1111 847 1342 902 prorsus
1384 832 1654 900 alienum,
1691 849 1763 888 ne
1797 833 2025 903 paribus
2050 834 2274 904 quidem

694 938 820 976 cum
848 921 1033 978 brutis
1054 922 1433 978 animantibus
1464 926 1662 983 modis.
1686 941 1814 980 eum
1841 942 2005 981 nosse
2028 926 2123 996 qui
2154 942 2274 979 mu-

688 1014 921 1069 neribus
972 1015 1355 1081 demereatur;
1397 1016 1490 1086 qui
1532 1025 1589 1071 et
1662 1017 1901 1086 primum
1942 1017 2273 1081 condiderit,

692 1119 904 1173 nosque
935 1119 1128 1158 rursus
1150 1108 1376 1176 proprio
1420 1109 1691 1178 sanguine
1724 1109 2021 1163 vindicarit
2074 1127 2088 1163 :
2130 1125 2276 1163 nunc

691 1195 914 1263 quidem
945 1195 1015 1250 ad
1044 1212 1348 1269 synagogas
1390 1208 1447 1254 et
1490 1200 1788 1255 tribunalia
1820 1200 2144 1272 judicesque
2172 1218 2275 1255 ne-

690 1287 989 1354 quissimos
1018 1289 1255 1359 rapitur.
1285 1290 1577 1360 palamque
1602 1292 1959 1361 Evangelium
1986 1292 2233 1362 loquitur
2257 1312 2271 1348 :

694 1387 864 1446 atque
904 1378 974 1432 ab
1000 1380 1126 1435 aliis
1155 1382 1381 1450 quidem
1413 1383 1792 1438 subsannatur
1824 1395 1881 1439 et
1906 1385 2183 1451 illuditur;
2206 1386 2275 1441 ab

693 1469 819 1522 aliis
840 1477 1026 1524 autem
1058 1472 1321 1525 laudatur
1354 1484 1413 1528 et
1430 1475 1785 1529 admirationi
1816 1475 2097 1543 habetur;
2127 1492 2275 1531 nunc

692 1559 920 1612 dorsum
952 1563 1285 1620 verberibus
1315 1566 1570 1631 caeditur,
1596 1566 1838 1621 fustibus
1885 1569 2271 1632 contunditur,

690 1653 983 1720 ergastulis
1012 1654 1321 1720 clauditur;
1357 1657 1690 1727 quandoque
1729 1660 1896 1715 etiam
1939 1663 2149 1715 catenis
2170 1677 2267 1715 ex-

691 1744 861 1797 sultat
891 1754 946 1797 et
972 1746 1240 1813 gloriatur
1277 1766 1290 1801 :
1328 1764 1392 1803 ac
1424 1749 1589 1803 modo
1615 1751 1839 1819 quidem
1875 1752 2077 1822 potiori
2106 1752 2270 1807 Chri-

1919 361 2213 420 NlCETrE
2266 365 2456 425 PAPH
2471 367 2791 426 LAGONIS

2185 485 2286 523 ιιι·-
2316 479 2359 531 Α
2392 488 2527 540 στην
2560 474 2655 524 καὶ
2684 473 3015 542 δημιουργὸν
3036 473 3129 527 τοῦ
3162 475 3362 539 παντὸς
3400 492 3415 508 ⁸

3858 372 3980 434 248

3464 473 3562 529 νῦν
3615 475 3674 529 δὲ
3717 494 3975 547 παρακαο

2381 563 2510 629 λῶν,
2545 566 2815 620 νουθετῶν
2842 583 2857 598 ο
2894 570 3145 634 φυσικοῖς
3180 568 3563 639 ἐνθυμήμασιν
3591 570 3729 640 πρὸς
3750 572 3843 623 τὸν
3873 573 3944 626 εὖ
3962 606 3977 616 -

2385 659 2618 727 εργέτην
2673 657 2803 722 τοὺς
2858 659 3185 730 ἀγνώμονας
3226 663 3440 732 ὁδηγῶν
3474 679 3489 693 ·
3535 663 3763 733 αἰσχρδν
3819 661 3973 718 εἶναι

2377 747 2552 816 λέγων
2603 754 2699 802 καὶ
2748 750 2950 815 ἱκανῶς
3004 751 3220 819 ἄλογον,
3278 753 3403 824 μηδ’
3438 752 3527 807 ίσα
3571 758 3683 819 τοῖς
3745 756 3974 823 ἀλόγοις

2376 843 2598 912 κτήνεσι
2626 843 2716 895 τὸν
2732 844 3029 916 εὐεργέτην
3058 845 3256 898 εἰδέναι
3275 862 3289 876 ο
3321 847 3414 899 τὸν
3439 847 3536 900 καὶ⁵
3567 848 3831 900 κτίσαντα
3862 849 3973 917 τὴν

2375 932 2572 1002 ἀρχὴν,
2599 935 2692 987 καὶ
2717 929 2875 997 αὖθις
2904 937 3054 1005 ἡμᾶς
3081 936 3177 990 τοῦ
3226 936 3362 990 ἰδίου
3399 939 3635 1008 αἵματος
3682 956 3970 1009 κατακτη-

2378 1022 2613 1094 σάμενον
2639 1041 2653 1054 ·
2687 1024 2813 1094 ἄρτι
2853 1024 2954 1094 μὲν
3021 1026 3115 1079 ἐπὶ
3163 1028 3489 1095 συναγωγὰς
3517 1026 3827 1098 ἀρπάζεται
3866 1030 3972 1081 καὶ

2375 1112 2704 1185 δικαστήρια
2734 1115 2828 1167 καὶ
2865 1098 3271 1185 πονηροτάτους
3305 1119 3522 1189 κριτὰς,
3558 1121 3653 1172 καὶ
3678 1117 3755 1189 τῷ
3784 1120 3971 1185 Εὐαγ-

2378 1206 2544 1276 γελίῳ
2578 1206 3013 1278 παρρησιάζεται
3038 1226 3053 1241 ⁸
3086 1210 3180 1263 καὶ
3208 1210 3312 1263 ὑπὸ
3349 1211 3449 1280 μὲν
3482 1211 3591 1265 τῶν
3624 1212 3967 1283 μυκτηρίζε-

2381 1315 2473 1350 ται
2498 1299 2591 1351 καὶ
2620 1299 2941 1369 χλευάζεται
2964 1319 2979 1335 ο
3014 1302 3193 1355 ὑπὸδὲ
3227 1302 3338 1355 τῶν
3366 1305 3668 1356 ἐπαινεῖται
3700 1304 3793 1356 καὶ
3822 1304 3961 1355 θαυ-

2381 1391 2647 1459 μάζεται·
2680 1393 2807 1463 ἄρτι
2838 1393 2893 1446 δὲ
2930 1394 3021 1447 τὸν
3073 1394 3243 1448 νῶτον
3290 1395 3595 1458 αἰκίζεται,
3646 1395 3739 1447 καὶ
3784 1394 3970 1458 ξύλοις

2378 1483 2767 1551 συγκόπτεται,
2825 1484 2920 1537 καὶ
2961 1486 3209 1557 εἱρκταῖς
3266 1484 3638 1552 συγκλείεται,
3685 1488 3780 1537 καὶ
3829 1484 3969 1539 ἀλύ-

2377 1591 2525 1627 σεσιν
2545 1574 2690 1627 ἐστιν
2728 1576 2819 1628 ὅτε
2857 1576 3265 1641 καλλωπίζεται
3307 1578 3404 1629 καὶ
3430 1577 3781 1646 σεμνύνεται.
3849 1577 3971 1628 Καὶ

2375 1665 2506 1717 ποτὲ
2535 1666 2635 1735 μὲν
2659 1666 2984 1735 ἐπιφανείας
3016 1666 3255 1737 Χριστοῦ
3281 1667 3593 1737 κρείττονος
3621 1668 3713 1719 καὶ
3738 1666 3968 1735 ἀντιλή-

2372 1756 2541 1825 ψεως,
2599 1759 2695 1811 καὶ
2751 1760 3063 1830 θαυμασίας
3110 1760 3219 1813 τῶν
3269 1759 3586 1814 λυπούντων
3639 1759 3969 1829 ἀπαλλαγῆς

691 1835 761 1887 sti
798 1838 1148 1904 apparitione
1183 1841 1504 1911 auxilioque
1534 1844 1769 1911 potitur.
1804 1845 2065 1912 mirisque
2096 1845 2273 1899 modis

2379 1822 2731 1912 καταξιοῦται
2767 1866 2781 1881 ·
2816 1822 2950 1904 ποτὲ
3106 1849 3517 1922 θαυματουργεῖ
3563 1851 3642 1923 τῷ
3692 1822 3968 1922 πνεύματι

691 1942 722 1979 a
752 1928 910 1980 malis
940 1928 1210 1983 liberatur
1236 1948 1250 1995 ;
1285 1932 1449 1986 modo
1481 1949 1622 1987 nova
1653 1950 1992 2005 prorsusque
2023 1936 2273 1992 inaudita

693 2019 894 2085 spiritu
943 2029 1125 2088 patrat
1181 2022 1470 2085 miracula,
1533 2034 1891 2095 mortuosque
1942 2027 2175 2081 suscitat
2221 2036 2277 2082 et

691 2110 919 2165 claudos
952 2112 1196 2176 roborat,
1232 2113 1528 2183 solutaque
1555 2115 1824 2179 membra,
1849 2116 1980 2170 Jesu
2020 2116 2275 2170 invocato

693 2203 940 2267 nomine,
970 2218 1103 2257 sana
1129 2215 1353 2272 praestat
1388 2223 1400 2256 :
1428 2215 1654 2275 tumque
1680 2206 1842 2260 aecis
1864 2206 2068 2270 visum,
2092 2206 2276 2261 surdis

691 2297 965 2359 auditum,
998 2297 1278 2366 mutisque
1310 2298 1594 2367 eloquium
1636 2299 1893 2367 imperat.

762 2387 918 2441 Mitto
951 2385 1137 2441 dicere
1163 2399 1369 2457 quanta
1400 2390 1454 2443 in
1509 2389 1832 2443 ﬂuminibus
1859 2405 1923 2445 ac
1971 2390 2272 2460 paludibus

693 2493 792 2532 sua
822 2478 902 2533 illi
953 2478 1156 2533 virtute
1195 2479 1482 2550 designata
1531 2489 1811 2551 portenta,
1863 2480 1995 2535 dum
2044 2481 2266 2537 illorum

768 2661 878 2723 (51)
909 2660 1070 2714 Κατὰ
1103 2660 1383 2730 ποταμῶν
1411 2662 1507 2716 καὶ
1533 2663 1709 2716 ἐλῶν.
1760 2662 2028 2718 Videatur
2052 2662 2276 2718 Nicetas

694 2732 959 2786 habuisse
1020 2732 1180 2800 plena
1243 2732 1492 2801 qutcdam
1547 2733 1789 2788 Simonis
1838 2735 2011 2793 Acta,
2069 2734 2274 2802 quibus

696 2804 889 2856 istluec
918 2802 1102 2872 omnia
1128 2804 1436 2871 perscripta
1477 2812 1778 2865 t-xstarent,
1834 2819 1956 2872 quae
1990 2804 2080 2858 hic
2122 2812 2273 2872 tran-

697 2872 898 2925 sitione
927 2869 1208 2931 subnotat.
1231 2874 1325 2926 sed
1347 2869 1467 2926 'uon
1500 2874 1634 2927 satis
1680 2869 1954 2927 declarat:
2008 2869 2272 2942 gratiam—

696 2959 804 3009 que
841 2942 1132 3013 maximam
1181 2943 1397 2997 iniisset
1438 2944 1529 2996 illa
1578 2943 2050 3013 producendoysi
2108 2943 2273 2997 modo

695 3013 818 3081 ejus
880 3012 1066 3076 eneris
1096 3021 1275 3075 erant,
1298 3012 1505 3081 quibus
1528 3012 1677 3067 certa
1704 3013 1838 3066 ﬁdes
1860 3012 2109 3066 adhiberi
2143 3028 2267 3082 pos-

696 3092 814 3135 sct:
847 3028 1049 3135 {lenam
1094 3082 1258 3135 etiam
1287 3083 1402 3135 iusa
1442 3083 1835 3135 miraculormu
1898 3083 2267 3135 meminerunt

696 3092 814 3136 sct:
848 3081 1049 3135 Menaea
1094 3082 1258 3135 etiam
1287 3083 1402 3151 ipsa
1442 3083 1835 3137 miraculormu
1898 3081 2267 3137 meminerunt

694 3168 805 3204 una
838 3160 932 3204 aut
966 3153 1135 3205 altera
1170 3153 1418 3220 strophe,
1447 3152 1583 3206 nihil
1622 3164 1801 3207 tamen
1826 3155 2131 3221 explicatus
2156 3163 2265 3206 tra-

696 3223 901 3282 dendo,
940 3222 1034 3275 sed
1072 3222 1219 3289 quod
1248 3224 1525 3276 communi
1560 3225 1771 3277 ratione
1795 3223 1992 3277 cadere
2042 3226 2093 3275 in
2131 3238 2267 3291 apo-

696 3295 870 3346 stolos
915 3292 1109 3360 possit,
1156 3307 1295 3360 quos
1331 3293 1507 3360 liquet
1558 3294 1948 3346 miraculorum
1977 3293 2125 3345 dono
2156 3309 2275 3346 Ina-o

698 3362 895 3428 gniﬁce
920 3380 947 3414 a
987 3361 1210 3431 Christo
1244 3362 1476 3416 donatos
1508 3378 1650 3417 esse.
1696 3364 1917 3417 Nicetas
1966 3373 2150 3416 autem
2176 3378 2274 3431 pe-

699 3431 930 3485 culiaria
961 3430 1213 3499 quaedam
1246 3432 1477 3490 indicat.
1527 3448 1718 3486 aversa
1752 3434 1861 3486 alio
1916 3430 2187 3493 ﬂumina,’
2213 3448 2277 3488 ac

698 3502 929 3571 paludes
958 3501 1246 3563 arefactas,
1287 3518 1412 3571 quae
1439 3503 1588 3556 nulla
1617 3503 1777 3556 nobis
1809 3503 2043 3571 prodere
2084 3502 2276 3555 viden-

699 3583 793 3625 tur
818 3580 1209 3629 mouuutenta:
1245 3572 1349 3626 etsi
1399 3572 1578 3625 allinia
1622 3574 1869 3641 quaedam
1914 3572 2107 3626 habeat
2136 3572 2276 3625 Gre-

699 3642 837 3708 gorii
866 3641 1325 3695 Neocasarieusis
1347 3642 1481 3695 vita.
1506 3642 1916 3711 'Mctaphrastes
1943 3642 2079 3695 nihil
2115 3643 2277 3696 nobis

702 3713 771 3765 de
803 3713 1076 3765 alterutro
1108 3713 1357 3779 apostolo
1386 3713 1640 3780 protulit,
1694 3728 1797 3765 nec
1849 3712 2186 3780 Lipomanus
2210 3730 2276 3766 ex

704 3783 798 3835 illu
824 3790 1243 3849 repraesentare,
1268 3782 1473 3851 aliquid
1500 3782 1701 3850 potuit.
1735 3783 1954 3843 Itinei'a,
1981 3782 2278 3851 longasque

702 3852 1178 3921 peregrinationes
1203 3852 1481 3921 Evangelii
1531 3868 1715 3910 causa.
1745 3861 1907 3921 atque
1932 3852 2039 3904 illis
2073 3854 2281 3905 anima-

706 3938 825 3974 rum
859 3922 1115 3982 salutem,
1163 3922 1442 3990 aspiraute
1484 3922 1579 3975 Dei
1613 3925 1808 3991 gratia,
1868 3922 2033 3976 iidem
2082 3924 2281 3976 merito

701 3991 877 4045 Graeci
904 3991 1204 4053 celebrant,
1226 4007 1292 4044 ex
1318 3992 1522 4061 quibus
1554 4009 1722 4045 unum
1748 4001 1842 4045 aut
1862 3994 2095 4045 alterum
2125 3993 2282 4046 simi-

702 4063 873 4116 larem
930 4061 1212 4114 modulum
1262 4077 1356 4115 seu
1418 4063 1756 4116 versiculum
1790 4063 1855 4115 ad
1893 4063 2182 4129 Vesperas,
2211 4079 2279 4118 ex

704 4142 894 4193 nostra
927 4131 1143 4185 Tiliauo
1172 4131 1295 4185 cod.
1331 4147 1508 4201 exque
1553 4132 1740 4194 editis,
1800 4134 1936 4188 libet
1987 4132 2075 4188 bis
2108 4133 2284 4188 ascri-

703 4203 835 4255 bere
846 4239 859 4255 .

776 4272 958 4358 sip‘tpv
1005 4271 1333 4358 θαυμάσιος,
1384 4272 1516 4358 τῶν.
1534 4274 1852 4358 ἀποστόλων
1882 4276 1945 4358 τὸ
1992 4275 2280 4358 καύχημα,

702 4343 778 4404 ὡς
808 4341 952 4413 βολὶς
1000 4342 1455 4413 ἐξαστράπτουσα
1488 4344 1668 4411 διῆλθε
1723 4346 1790 4397 τά
1840 4348 2053 4413 πέρατα
2096 4341 2284 4398 ὲκῖιώ-

703 4430 816 4463 κων
848 4412 1011 4480 ζόφον
1040 4413 1142 4483 τῆς
1167 4412 1478 4476 πολυθεϊας,
1516 4412 1923 4483 σωτηριώδεσιν
1964 4415 2127 4468 αὐτοῦ
2190 4416 2283 4469 καὶ

704 4482 1237 4553 φωτοϐὁλοιςίθείοις
1264 4483 1581 4553 διδάγμασι,
1636 4482 1728 4536 καὶ
1768 4484 1976 4547 πάντας
2031 4486 2283 4551 κατεφώ-

706 4532 819 4603 τισε
843 4554 985 4624 μίαν
1036 4551 1280 4616 δοξάζειν
1312 4532 1542 4623 θεέτῗητα
1588 4555 1647 4606 ἐν
1700 4558 1879 4624 τρισὶν
1922 4532 2285 4608 ὑποστάσεσιν
2318 4532 2358 4585 D

703 4623 1032 4694 ἀδιαίρετον,
1057 4623 1328 4694 ἀτμητον.

777 4692 961 4765 Σίμων
994 4695 1021 4743 ὀ
1051 4692 1354 4765 θαυμάσιος
1372 4693 1688 4765 διαδραμὼν
1725 4695 1807 4758 εἰς
1860 4695 1929 4748 τὰ
1963 4695 2174 4765 πέρατα
2208 4695 2284 4755 ὼς

704 4764 893 4833 τροχὸς
924 4764 1259 4831 κυλιόμενος,
1306 4765 1487 4817 πᾶσαν
1543 4764 1647 4833 γῆν
1705 4764 2285 4833 κατέφλεξενείδωλο-

710 4832 1009 4905 μανοῦσαν,
1041 4835 1144 4905 καὶ
1188 4836 1252 4902 τῇ
1288 4832 1561 4905 εὐσεϐείας
1599 4835 1937 4905 πυρσεύσας,
1989 4836 2283 4903 τηλαυγεῖς

705 4904 948 4989 πυρετοὺς
970 4903 1144 4971 ἀνῆψε
1156 4908 1383 5025 ιῐίπιστοῖς
1427 4903 1700 4957 πανένθεα
1726 4920 1741 4935 ⁶
1770 4906 1979 4968 πάντας
2011 4906 2118 4976 γάρ
2149 4923 2282 4959 κατ-

705 4990 961 5025 ευωτισε.
985 4990 1040 5025 κ.
1071 4991 1121 5025 τ.
1192 5012 1202 5023 .

703 4990 961 5027 ευωτισε.
985 4990 1040 5027 κ.
1071 4991 1121 5026 τ.
1156 4990 1202 5025 ε.

741 4992 961 5042 φωτισε,
985 4992 1040 5027 κ.
1071 4992 1121 5026 τ.
1156 4992 1202 5025 ε.

748 5044 960 5128 ,Σίμων
985 5042 1357 5128 δθθιαυμάσιος
1411 5046 1440 5097 ὀ
1496 5046 1770 5128 stuppa-hi
1808 5047 1909 5128 {at
1947 5046 2281 5128 _i51:ép1:tp.0;

703 5112 1053 5188 eiiivsevdwb
1072 5112 1411 5188 διδάσκαλος,
1441 5112 1652 5188 σαγήνη
1685 5112 1729 5188 η’
1746 5114 1927 5188 ἔνθεος
1944 5120 2007 5170 ὲκ
2027 5112 2144 5188 τῆς
2167 5112 2282 5188 ἀπ-

704 5184 899 5257 taleis:
960 5183 1056 5236 τοῦ
1105 5183 1271 5257 βύθου
1320 5183 1956 5257 ζωγροῦσα,”θεολογίας
2014 5183 2283 5257 ὑψηλῆςό

703 5253 1075 5327 ἀληθέστατος
1092 5255 1295 5327 κηρυξ,
1326 5253 1572 5319 ἅπαντας
1603 5256 1847 5327 Χριστού
1860 5258 1996 5327 πρὸς
2027 5253 2125 5327 τὴν
2159 5253 2282 5311 ι’πε-

704 5323 1052 5397 γνωσιμνῦν
1084 5324 1273 5397 δεξιῶς
1301 5328 1562 5389 εἱστιᾶτο,
1588 5323 1665 5378 τά
1690 5326 1856 5379 αὑτοῦ
1882 5323 2281 5397 κατορθώματα

707 5392 989 5465 προτιθεὶς
1018 5396 1340 5448 πανδαισίαν
1368 5400 1630 5465 τερπνὴν.

779 5463 962 5537 Simon
988 5465 1339 5537 admirabilis,
1390 5463 1755 5536 apostolorum
1786 5468 1975 5534 gloria,
2023 5475 2280 5537 tanquam

708 5533 838 5587 bolis
866 5533 941 5602 (id
967 5544 1050 5587 est
1067 5535 1333 5607 iaculum)
1352 5533 1697 5606 eﬁ’ulgurans,
1720 5533 2003 5607 orbis'ﬁnes
2028 5533 2276 5607 pervasit,

706 5606 995 5677 impietatis
1040 5605 1321 5677 caliginem
1380 5605 1614 5676 e/fttgaits
1661 5605 1988 5661 salutaribus
2029 5605 2279 5677 lucisque

717 5675 1000 5743 'ut'goribus
1022 5676 1337 5747 micantibus
1369 5675 1616 5730 doi'trinis
1640 5680 1785 5741 suis;
1812 5688 2125 5747 cunctosque
2152 5675 2277 5732 illu-

716 5747 954 5806 minavit,
992 5754 1047 5797 ut
1082 5762 1245 5798 unam
1274 5746 1529 5800 Deitatem
1558 5750 1613 5800 in
1651 5750 1816 5801 tribus
1863 5746 2098 5816 personis
2138 5751 2275 5804 indi-

712 5816 901 5877 visam,
932 5817 1269 5871 indissectam
1302 5817 1515 5871 laudent
1545 5836 1606 5873 ac
1634 5822 1887 5874 sentiant.

2373 1939 2440 1990 τά
2477 1940 2916 2010 παραδοξότατα,
2942 1941 3038 1994 καὶ
3069 1932 3299 2011 νεκροὺς
3313 1943 3586 2017 ἀνίστησι,
3612 1945 3704 1997 καὶ
3754 1944 3968 2015 χωλοὺς

2372 2030 2773 2102 ἀναρῤιῦννυσι,
2829 2033 2926 2085 καὶ
2990 2034 3478 2105 παραλελυμένους
3544 2039 3611 2107 τῇ
3676 2037 3967 2105 ἐπικλήσει

2375 2120 2723 2190 στερροποιεῖ
2770 2120 2865 2173 τοῦ
2911 2121 3085 2189 Ἰησοῦ
3121 2139 3137 2155 ο
3173 2124 3273 2195 ἤδη
3303 2125 3360 2176 δὲ
3394 2126 3486 2178 καὶ
3518 2126 3741 2193 τυφλοῖς
3800 2130 3965 2197 ὀρᾷν,

2375 2211 2471 2263 καὶ
2500 2214 2709 2281 κωφοῖς
2745 2212 2988 2278 ἀκούειν,
3018 2214 3117 2268 καὶ
3143 2214 3382 2285 ἀφώνοις
3412 2218 3701 2288 ἐπιτρέπει
3750 2218 3965 2272 λαλεῖν.

2462 2384 2567 2437 Ἐῶ
2597 2382 2781 2455 λέγειν
2808 2387 2947 2450 ὅσας
2980 2387 3122 2442 κατά
3166 2390 3428 2460 ποταμῶν
3473 2391 3569 2445 καὶ
3590 2392 3725 2444 ἑλῶν
3758 2393 3866 2460 (5|)
3890 2398 3964 2465 τῇ

2377 2480 2515 2553 αὐτῇ
2542 2480 2769 2552 δυνάμει
2804 2483 3124 2556 παρέδειξεν
3172 2486 3554 2556 καινοτομίαςο
3584 2487 3713 2551 τοὺς
3740 2488 3838 2556 μὲν
3858 2487 3966 2555 τῆς

2462 2661 2646 2718 Simon
2671 2663 3027 2727 admirabilis,
3062 2664 3118 2717 in
3146 2663 3292 2718 orbis
3321 2664 3624 2717 discurrens
3648 2664 3780 2733 ﬁnes
3819 2666 3964 2720 velut

2382 2743 2500 2788 rota
2558 2734 2787 2794 volvens,
2842 2744 3043 2787 terram
3101 2750 3311 2787 omnem
3353 2735 3765 2788 simulacrorum
3814 2737 3964 2790 cultu

2380 2805 2735 2876 insanientem
2766 2804 3020 2876 incendit,
3054 2803 3368 2872 sublataque
3405 2806 3592 2874 pietati
3650 2805 3791 2873 face,
3838 2823 3968 2876 pro.

2379 2874 2468 2926 eul
2492 2876 2745 2945 micantes
2767 2873 3005 2940 ﬁdelibus
3033 2876 3371 2945 ignesdivina
3403 2873 3622 2943 prorsus
3671 2873 3965 2945 opera'ac-

2379 2944 2571 3013 cendit.
2603 2943 2827 2997 Cunctos
2858 2960 3107 3013 namque
3129 2944 3474 3007 illuminavit,
3506 2954 3604 2998 etc.

2449 3011 2632 3065 Simon
2658 3011 3010 3077 admirabilis,
3028 3012 3479 3082 splendidissimus
3504 3030 3716 3083 pra-que
3742 3031 3964 3069 venera-

2374 3082 2493 3148 bilis
2523 3086 2755 3154 gentium
2786 3084 2987 3146 doctor,
3006 3085 3242 3154 divinum
3269 3082 3638 3146 everriculum,
3656 3100 3683 3137 e
3710 3086 3967 3154 perditio-

2296 3180 2338 3237 ο
2374 3155 2452 3237 nis
2475 3153 2734 3237 profundo
2748 3162 2959 3236 cunctos
2980 3154 3049 3206 ad
3072 3153 3265 3207 Christi
3291 3155 3499 3237 cppieits
3516 3154 3695 3221 ﬁdem,
3712 3153 3965 3237 sublimis

2381 3222 2661 3292 theologia:
2690 3224 3051 3277 ueracissimus
3085 3239 3279 3292 praeco,
3310 3225 3457 3276 laute
3499 3241 3636 3276 nunc
3661 3224 3824 3288 epulis
3862 3240 3961 3277 ea:-

2376 3294 2552 3361 cepit;
2579 3294 2669 3362 qui
2689 3295 2905 3346 virtutes
2919 3310 3065 3355 suas,
3084 3308 3267 3361 resque
3290 3293 3601 3363 magnificas
3625 3294 3746 3348 laeto
3776 3295 3966 3362 fruen-

2376 3363 2473 3415 das
2499 3364 2730 3417 convivio
2755 3372 3007 3432 apponat.

2450 3432 2610 3504 Edita
2643 3434 2808 3504 paulo
2838 3432 3539 3504 vitiosiora..Synaxarium
3569 3442 3819 3490 nostrum
3847 3437 3963 3492 levi

2378 3502 2847 3575 sublatoumendo,
2882 3503 3029 3575 quod
3070 3502 3231 3575 initio
3263 3504 3463 3567 suilixi,
3526 3505 3707 3572 ipsum
3766 3522 3963 3575 grave,

2379 3573 2771 3645 nonnullisque
2802 3576 2870 3627 ab
2898 3573 3064 3627 editis
3115 3574 3419 3645 diversum,
3469 3575 3615 3643 quod
3678 3573 3964 3645 praicipue

2379 3642 2577 3714 attinet
2601 3642 2668 3696 ad
2713 3654 3085 3697 commentum
3122 3643 3255 3714 illud
3287 3644 3355 3697 de
3400 3642 3602 3713 spOuso
3636 3642 3962 3714 nuptiarum

2382 3713 2435 3765 in
2462 3710 2633 3775 Cana,
2664 3714 2758 3781 qui
2784 3722 2929 3768 esset
2955 3713 3070 3781 ipse
3095 3710 3640 3782 Nathauael,_sicque
3669 3710 3965 3771 Dominum

2380 3792 2605 3835 secutus
2635 3784 2704 3836 sit
2734 3802 2746 3837 :
2783 3783 2927 3851 quod
2954 3783 3184 3852 proinde
3219 3799 3446 3852 nuperae
3476 3784 3775 3838 admodum
3829 3786 3961 3840 lidei

2380 3853 2450 3905 sit
2479 3865 2541 3923 ac
2576 3853 2715 3906 leve.
2756 3853 2846 3908 Sic
2868 3868 2997 3923 ergo
3023 3853 3499 3923 habet."A0),-qgt¢
3522 3853 3617 3906 τοῦ
3643 3856 3797 3921 ἁγίου
3827 3858 3969 3908 ἀπο-

2382 3921 2569 3991 στόλου
2627 3922 2871 3991 Σίμωνος
2908 3917 3005 3977 τοῦ
3060 3923 3335 3991 Ζηλωτοῦ.
3372 3917 3544 3985 Οὗτος
3595 3925 3623 3975 ὁ
3662 3917 3969 3989 ἀπόστολος

2380 3986 2461 4065 εἷς
2494 3991 2602 4065 τῶν
2655 3986 2704 4043 o’
2754 3991 2829 4065 ᾣν
2864 3993 2995 4065 (τῶν
3031 3986 3247 4065 ιβ’)ξκαὶ
3289 3996 3404 4065 τοῖς
3430 3995 3750 4065 ἀποστόλοις
3794 3997 3851 4065 ἐν
3880 3986 3969 4065 τῷ

2382 4060 2616 4132 ὑπερῴῳ
2653 4063 2851 4125 συνὼν,
2876 4060 2967 4116 ’ὅτε
3002 4060 3247 4132 πυρίνων
3271 4063 3403 4115 εῖδει
3430 4064 3695 4131 γλωσσῶν
3714 4065 3775 4118 τὸ
3800 4060 3965 4132 ἅγιον

2385 4131 3028 4205 Πνεῦμα-ἐπεφοίτησεν,
3063 4131 3159 4185 καὶ
3184 4134 3376 4205 τούτου
3412 4134 3698 4205 πλησθεὶς,
3728 4136 3824 4205 καὶ
3851 4131 3968 4205 τὴν

2382 4204 2485 4273 γῆν
2513 4203 2698 4269 σχεδὸν
2722 4204 2942 4257 ἃπασαν
2967 4202 3304 4272 διαδραμὼν,
3338 4202 3519 4257 πᾶσαν
3547 4204 3845 4272 κατέφλεξε
3860 4202 3969 4273 τῆς

2383 4270 2673 4344 πολυθεῖγας
2694 4274 2937 4344 ἀπάτην.
2973 4270 3353 4344 Μαυριτανίαν
3375 4274 3485 4344 γὰρ
3512 4276 3605 4326 καὶ
3632 4270 3968 4344 τὴνἋφρῶν

2385 4341 2929 4415 χιῖξραν-διαδραμῶν,
2966 4341 3192 4414 ὕστερον
3219 4345 3275 4415 ὲν
3308 4341 3601 4415 Βριταννίᾳ
3644 4341 3965 4413 γενόμενος,

2382 4412 2483 4485 καὶ.
2511 4412 2739 4474 πολλοὺς
2778 4412 2994 4476 διδάξας
3019 4412 3112 4466 καὶ
3140 4412 3403 4485 φωτίσαᾲς,
3437 4412 3660 4485 σταυρῷ
3694 4412 3799 4467 ὑπὸ
3852 4416 3967 4467 τῶν

2383 4481 2629 4553 ἀπίστων
2668 4485 3105 4553 πρρσπήγνυται,
3167 4485 3260 4535 καὶ
3313 4483 3373 4536 τὸ
3424 4481 3590 4553 σῶμα
3632 4481 3804 4538 ἀὑτοῦ
3846 4487 3965 4537 ἐκεῖ

2388 4547 3020 4625 θάπτεταιηῡῷῖόςξστι
3080 4553 3265 4622 Σίμων
3303 4555 3332 4605 ὁ
3376 4547 3694 4625 Ναθαναὴλ,
3724 4555 3783 4616 ὃς
3813 4555 3967 4625 ζήλῳ

2386 4622 2648 4692 διάπυρος
2683 4623 2863 4691 ζηλῶν
2892 4622 3013 4693 Θεῷ
3045 4625 3467 4693 παντοκράτορι,
3497 4624 3687 4693 κλῆσιν
3718 4625 3810 4677 τὸν
3834 4622 3958 4694 τρόἐ

2386 4707 2489 4743 πον
2520 4694 2809 4765 ἐκτήσατο.
2849 4694 3128 4765 Certamen
3154 4698 3323 4747 sancti
3346 4694 3574 4747 Simonis
3604 4694 3801 4748 Zelotis
3827 4712 3963 4765 apo-

2384 4767 2528 4821 stoli.
2565 4764 2662 4818 Hic
2691 4764 2959 4832 apostolus
2990 4781 3105 4817 cum
3136 4775 3265 4817 esset
3298 4782 3435 4817 unus
3487 4780 3550 4817 ea:
3587 4764 3870 4819 duodecim
3916 4777 3968 4818 et

2384 4850 2503 4891 cum
2536 4834 2787 4904 apostolis
2808 4836 2864 4887 in
2890 4834 3158 4888 etenaculo
3192 4844 3493 4888 versaretur
3516 4836 3728 4903 quando
3775 4838 3946 4904 ignea

2385 4921 2505 4961 rum
2526 4908 2831 4975 linguarum
2850 4906 3020 4974 specie
3039 4904 3266 4973 Spiritus
3284 4906 3517 4968 advenit,
3534 4905 3733 4974 illoque
3753 4904 3966 4975 plenus,

2386 4992 2447 5029 ac
2480 4978 2622 5031 omni
2675 4977 2785 5044 fere
2829 4986 3113 5045 peragrato
3170 4983 3439 5029 terrarum
3491 4978 3644 5039 orbe,
3674 4977 3969 5045 impietatis

2384 5048 2707 5117 deorumque
2744 5047 3131 5117 superstitionis
3156 5060 3389 5100 errorem
3412 5047 3696 5099 succendit.
3755 5045 3965 5117 μανι-ἱ-

2386 5122 2535 5172 tania
2561 5115 2699 5171 enim
2721 5125 2768 5168 et
2791 5115 2830 5170 Α
2840 5117 2975 5185 frica
2998 5117 3448 5185 peragratis,cum
3472 5124 3651 5186 postea
3672 5117 3726 5169 in
3754 5115 3951 5170 Britan

2385 5190 2530 5242 niam
2566 5189 2811 5249 venisset,
2847 5186 3141 5256 multosque
3176 5188 3431 5240 docuisset
3459 5205 3522 5241 ac
3578 5186 3964 5250 illuminasset,

2386 5260 2448 5312 ab
2466 5258 2765 5325 inﬁdelibus
2777 5256 3126 5327 cruciﬁgitur.
3146 5256 3363 5327 ejusque
3382 5273 3568 5327 corpus
3590 5258 3657 5310 ibi
3683 5256 3966 5326 sepelitur.

2385 5330 2483 5383 Hic
2522 5328 2705 5383 Simon
2739 5327 3042 5381 Nathanael
3069 5335 3165 5389 est,
3199 5330 3288 5394 qui
3328 5344 3513 5397 nempe
3552 5327 3663 5381 zelo
3694 5343 3967 5392 accensus,

2384 5400 2493 5454 Deo
2523 5400 2867 5466 omnipotenti
2898 5397 3099 5461 zelaus,
3133 5413 3303 5468 mores
3333 5396 3471 5468 ipsos
3502 5408 3660 5467 atque
3704 5396 3966 5463 indolem,

2386 5469 2797 5539 appellationem
2835 5477 3020 5521 nactus
3057 5476 3153 5521 est.
3201 5467 3534 5539 Basiliaﬁuum
3565 5468 3747 5522 Sirleti
3778 5468 3957 5520 Meno-

2385 5538 2611 5609 logium,
2664 5554 2765 5593 nec
2820 5540 2998 5608 ipsum
3048 5539 3268 5606 penitus
3304 5554 3332 5591 a
3377 5538 3525 5592 Cana
3581 5554 3802 5609 purum,
3856 5538 3966 5592 etsi

2385 5608 2700 5680 nuptiarum
2750 5609 3080 5680 aut_sponsi
3135 5624 3243 5680 non
3297 5610 3563 5680 meminit.
3629 5608 3827 5680 Eodem
3880 5608 3966 5660 die

2383 5677 2554 5733 sancti
2582 5679 2805 5748 apostoli
2842 5678 3210 5740 Natkanaelis,
3245 5681 3335 5746 qui
3385 5680 3483 5747 fuit
3515 5679 3699 5731 Simon
3731 5677 3964 5731 Zelotes.

2385 5751 2480 5804 llu:
2508 5752 2603 5817 fuit
2634 5766 2695 5802 ea:
2726 5748 2875 5802 Cana
2903 5748 3160 5811 (.alila'a',
3195 5750 3282 5800 ubi
3330 5748 3567 5802 Christus
3600 5748 3855 5803 Dominus
3882 5748 3963 5802 ἔη-

2388 5823 2578 5875 t‘llalus
2604 5822 2669 5873 ad
2694 5822 2904 5890 nuptias
2938 5837 3131 5888 aquam
3157 5820 3209 5871 in
3234 5821 3409 5873 vinum
3436 5822 3710 5873 convertit.
