4180 6434
203 369 309 434 ειν

945 378 1226 441 ORATIO
1266 386 1398 445 XII.
1426 412 1491 427 -
1524 389 1600 448 ΙΝ
1644 392 1950 452 LAUDEM
1992 395 2052 453 S.
2095 398 2406 457 SIMOle
2446 400 2696 461 APOST.

3342 407 3452 469 9.50

210 481 572 587 ὀλεθροφόρου
597 488 924 544 ἀνακόπτων
968 498 1160 565 φορᾶς,
1200 501 1294 551 καὶ
1334 504 1447 562 τοῖς
1486 504 1771 573 καθήκουσι

1886 508 2108 575 quidem
2140 511 2431 566 exitiosum
2481 513 2700 567 inhibet
2749 512 3033 584 impetum,
3081 516 3347 587 iubetque
3399 522 3453 575 in

206 573 403 645 χώραις
435 579 644 631 ἐπιέναι
672 584 771 649 τῆς
791 584 1093 650 διαδάσεως
1120 590 1180 641 ἐν
1213 591 1438 663 ὀνόματι
1459 597 1780 664 παραγγέλ-

206 680 311 757 nov
342 668 582 733 Χριστοῦ
608 688 622 702 ο
651 673 718 725 τά
740 674 795 727 δὲ
827 675 905 745 τῷ
932 679 1081 750 αὐτῷ
1104 682 1328 751 ὀνόματι
1364 686 1657 757 ξηραίνων,
1707 689 1783 754 ὡς

209 754 267 807 τά
305 758 439 826 πρὶν
464 759 640 815 ἄϐατα
672 765 881 834 βάσιμα
913 771 1023 832 τοῖς
1056 773 1370 840 προσοίκοις
1401 754 1734 833 διἀθεστάναι
1766 795 1779 809 ⁸

206 844 277 897 ζῶ
302 847 502 910 ταῦτα,
534 854 627 903 καὶ
665 855 765 906 ὅσα
786 857 921 910 ἄλλα
954 861 1093 914 κατά
1131 880 1240 916 των
1280 868 1561 937 στοιχείων
1590 870 1619 922 ὁ
1649 868 1783 922 θαυ-

208 939 553 1003 μασιιὲιτατος
584 945 1025 1017 ἐπιδεικνύμενος
1056 966 1073 981 ⁶
1106 955 1199 1007 καὶ
1237 956 1338 1010 ὅσα
1369 958 1505 1028 πρὸς
1549 960 1782 1029 εὐεργε-

205 1032 329 1084 σίαν
359 1033 470 1085 τῶν
494 1035 797 1106 ἀνθρώπων
826 1046 1228 1115 τερατουργῶν,
1265 1050 1360 1102 καὶ
1402 1050 1615 1114 τούτοις
1676 1052 1782 1123 χώ-

208 1137 304 1189 ρας
336 1124 467 1187 ὅλας
499 1129 592 1179 καὶ
618 1128 804 1192 πόλεις
833 1132 970 1201 πρὸς
1016 1136 1118 1205 τὴν
1172 1138 1429 1207 ὑπερφυᾶ
1476 1140 1569 1193 τοῦ
1607 1142 1781 1210 Ἰησοῦ

204 1213 427 1285 διδαχὴν
475 1218 722 1284 ὲξιστῶν,
750 1224 812 1290 τῇ
839 1223 1020 1279 πίστει
1048 1231 1504 1301 κατασφραγίζει,
1540 1234 1634 1286 καὶ
1682 1234 1783 1301 τῆς

205 1303 387 1372 κακῆς
420 1307 711 1374 συνηθείας
740 1312 833 1365 καὶ
862 1314 1067 1385 πλάνης
1091 1318 1186 1370 καὶ
1208 1318 1625 1390 δεισιδαιμονίας
1638 1328 1783 1391 ﬁgo:-

206 1396 369 1458 στῶν,
411 1398 501 1451 διὰ
526 1399 621 1452 τοῦ
655 1403 893 1472 Χριστοῦ
920 1412 1251 1476 προσοικειοῐ
1271 1410 1349 1479 τῷ
1377 1413 1498 1482 θεῷ
1518 1430 1531 1443 ⁸
1561 1417 1655 1467 καὶ
1690 1414 1784 1467 νῦν

207 1491 304 1558 μὲν
332 1496 447 1556 τοῖς
478 1500 988 1568 προκατηχημὲνοις
1024 1503 1116 1557 τὸν
1144 1505 1321 1573 λόγον,
1341 1509 1434 1561 νῦν
1460 1510 1516 1563 δὲ
1545 1513 1656 1572 τοῖς
1687 1512 1784 1563 ἀν-

203 1582 387 1651 ηκόοις
417 1585 678 1656 ἐπιδημεῖ
697 1605 709 1618 ·
739 1590 903 1644 πάλιν
931 1593 1159 1665 ἠπείρου
1195 1604 1433 1669 μακρᾶς,
1464 1599 1627 1653 πάλιν
1674 1617 1781 1670 μα-

201 1678 473 1744 κροτέραν
492 1681 808 1752 κατατολμᾴ⁹
830 1684 1080 1752 πελαγῶν
1100 1700 1117 1716 ⁶
1161 1687 1319 1751 αὖθις
1359 1690 1589 1761 ἀγωνιᾷ,
1645 1708 1783 1760 σφα-

197 1763 349 1827 δάζει
373 1770 468 1820 καὶ
498 1771 774 1840 τρύχεται,
809 1774 986 1828 ἔθνεσι
1011 1778 1333 1844 δεινοτάτοις
1366 1782 1459 1833 καὶ
1486 1783 1782 1853 σκληροτά-

1885 599 2092 654 Christi
2121 604 2344 657 nomine
2388 604 2454 659 iis
2484 606 2621 659 locis
2672 605 2939 670 deﬂuere,
2999 609 3204 678 quibus
3252 611 3455 680 oppido

1884 692 2236 746 commodum
2275 706 2457 759 esset;
2499 697 2597 752 has
2634 713 2767 752 vero
2798 699 2995 753 eodem
3040 701 3298 757 invocato
3351 718 3481 771 no-_

1888 782 2035 836 mine
2064 785 2326 847 exsiccat,
2357 800 2422 839 ac
2451 802 2572 854 qua:
2603 788 2757 856 prius
2785 790 3054 858 impervia
3080 802 3261 855 erant,
3312 794 3454 855 loca,

1884 872 2082 927 incolis
2106 883 2330 943 praestat
2374 877 2581 944 pervia.
2610 879 2763 934 Mitto
2814 881 2951 943 haec,
3010 897 3074 936 ac
3117 898 3456 953 quaecunque

1884 965 1990 1018 alia
2023 966 2107 1019 vir
2137 967 2494 1023 admirandus
2528 970 2793 1027 adversus
2822 975 3098 1028 elementa
3134 974 3451 1042 designans,

1883 1071 2224 1126 quacunque
2256 1060 2420 1114 etiam
2454 1061 2508 1114 in
2533 1061 2817 1117 hominum
2848 1065 3080 1134 gratiam
3109 1065 3325 1134 illisque
3356 1066 3456 1119 de-

1886 1147 2160 1200 merendis
2211 1148 2457 1219 prodigia
2493 1160 2739 1219 patrans,
2791 1160 2955 1219 atque
3003 1154 3087 1206 his
3139 1155 3456 1222 provincias

1886 1235 2125 1306 integras
2149 1237 2423 1307 urbesque
2447 1239 2738 1296 divinioris
2762 1241 2893 1297 Jesu
2927 1242 3197 1297 doctrina:
3226 1254 3454 1314 stupore

1884 1327 2251 1397 suspendens,
2295 1329 2729 1401 lideconsignat,
2757 1342 2923 1402 atque
2953 1348 2983 1386 a
3018 1333 3160 1387 mala
3197 1346 3455 1390 avocatos

1883 1419 2305 1481 consuetudine,
2326 1436 2627 1490 erroreque
2648 1438 2713 1477 ac
2730 1425 3146 1494 superstitione,
3176 1442 3273 1494 per
3295 1426 3456 1482 Chri-

1883 1518 2027 1563 stum
2053 1511 2163 1563 Deo
2178 1510 2437 1564 conciliat
2466 1529 2481 1565 :
2512 1527 2579 1565 ac
2601 1529 2751 1568 nunc
2774 1515 2998 1583 quidem
3022 1518 3088 1571 ad
3114 1534 3212 1572 eos
3239 1536 3297 1573 se
3324 1536 3457 1575 con-

1883 1596 2009 1659 fert,
2047 1598 2139 1667 qui
2167 1599 2280 1668 jam
2303 1599 2567 1654 doctrinae
2594 1601 2844 1656 auditum
2904 1616 3255 1675 acceperant,
3306 1625 3453 1663 nunc

1884 1695 2067 1741 autem
2095 1689 2164 1742 ad
2190 1704 2288 1745 eos
2313 1690 2407 1759 qui
2441 1692 2561 1760 ejus
2592 1690 2730 1746 nihil
2758 1693 3070 1748 audierant.
3112 1696 3319 1751 Rursus
3342 1700 3454 1750 lon-

1886 1795 1952 1849 ga
1990 1780 2345 1845 continentis,
2375 1783 2625 1851 longiora
2655 1786 2893 1853 aequoris
2916 1796 3083 1855 atque
3113 1788 3288 1858 pelagi
3325 1804 3454 1857 per-

200 1871 318 1918 τοις
340 1862 651 1930 περιτυχών
677 1880 691 1893 ·
723 1864 880 1929 αὖθις
910 1867 968 1919 δὲ
999 1869 1178 1939 χαίρει
1220 1872 1314 1925 καὶ
1340 1850 1663 1941 άγαλλιᾶται
1684 1878 1771 1929 καὶ

1889 1877 2094 1925 tentata
2131 1871 2326 1939 spatia.
2359 1850 2571 1925 Rursus
2602 1850 2769 1925 animi
2799 1850 3004 1929 anxius
3024 1850 3366 1945 maestusque
3401 1886 3457 1931 et

195 1947 412 2015 ἣδεται,
442 1953 524 2015 είς
570 1954 811 2025 γαλήνην
852 1958 943 2012 τὸν
1007 1962 1255 2031 χειμῶνα
1308 1966 1779 2038 μεταδεσλημένον

195 2038 363 2109 ὀρῶν,
398 2044 494 2095 καὶ
532 2044 631 2115 τὴν
663 2047 962 2121 ἀγριότητα
993 2054 1087 2107 καὶ
1136 2056 1393 2111 ἀπιστίαν
1436 2059 1518 2122 είς
1574 2060 1780 2130 ἡμερό-

195 2131 336 2197 τητα
367 2149 429 2186 τε
458 2136 553 2191 καὶ
580 2138 762 2191 πίστιν
796 2144 1285 2216 μεταποιουμένην.

270 2397 432 2452 Ἐστι
472 2400 574 2468 μὲν
613 2402 700 2455 ὅτε
746 2405 868 2457 καθ’
891 2404 986 2460 ἕνα
1015 2408 1239 2477 φωτίζει
1266 2414 1392 2476 τοὺς
1425 2418 1778 2487 παρατυγχά-

195 2508 393 2554 νοντας
419 2508 434 2523 ’
465 2493 581 2545 ἔστι
610 2495 657 2547 δ’
694 2496 783 2548 ὅτε
808 2498 904 2551 καὶ
932 2500 1138 2554 πλείοσι
1169 2502 1313 2555 κατὰ
1350 2506 1545 2559 ταύτὸν
1580 2509 1778 2580 ἀνδρά-

196 2594 249 2628 σι
275 2581 375 2631 xui.
405 2581 643 2647 γυναιξὶ,
676 2583 954 2648 πλουσίοις
1011 2588 1107 2641 καὶ
1150 2591 1398 2660 πένησιν,
1445 2594 1671 2665 ἄρχουσί
1717 2616 1774 2651 τε

192 2670 288 2721 καὶ
320 2671 561 2735 ἰδιώταις
584 2674 910 2743 νομοθετῶν,
950 2679 1127 2743 κοινὸς
1173 2684 1391 2737 πάντων
1435 2685 1771 2754 διδάσκαλος,

190 2765 401 2835 ποιμήν
436 2780 495 2817 τε
529 2766 623 2819 καὶ
654 2768 835 2837 σωτὴρ
881 2768 1102 2837 ἀγαθὸς,
1146 2774 1288 2827 κατά
1336 2778 1437 2843 τὴν
1484 2779 1775 2851 ὁμοιότητα

190 2852 470 2907 δείκνυται
492 2855 751 2925 Χριστοῦ.
793 2859 1046 2924 Τοιοῦτος
1092 2864 1122 2915 6
1162 2863 1256 2918 τοῦ
1305 2865 1605 2921 ἀποστόλου
1661 2868 1776 2939 βίος

190 2946 289 2998 καὶ
314 2946 559 3014 τρόποςο
594 2950 688 3001 καὶ
729 2950 937 3021 ταύτην
982 2948 1120 3007 εἶναι
1167 2954 1427 3026 βραχεῖαν
1470 2959 1774 3029 ὑπόμνησιν

186 3037 301 3090 τῶν
345 3039 719 3111 πολυχρονίων
752 3044 916 3098 αὐτοῦ
941 3046 1117 3101 πόνων
1141 3049 1236 3101 καὶ
1254 3051 1591 3121 κικροτάτων
1617 3070 1772 3124 περι-

186 3129 325 3181 όδων

272 3219 562 3274 Ἐντεῦθεν
606 3221 810 3292 πολλὴν
860 3224 959 3294 μὲν
990 3227 1234 3298 ἤπειρον,
1281 3231 1481 3303 πολλὴν
1526 3233 1585 3287 δὲ
1628 3252 1771 3305 παρ-

186 3306 358 3372 άλιον,
397 3310 495 3360 καὶ
522 3310 720 3378 νήσους
747 3311 804 3364 δὲ
829 3315 927 3365 οὐκ
953 3314 1139 3380 ὀλίγας
1159 3318 1238 3389 τῷ
1274 3320 1590 3393 κηρύγματι
1622 3342 1773 3395 περιο

184 3399 372 3452 λαόὡν
412 3416 428 3429 ’
466 3400 795 3470 Ἐκκλησίας
831 3420 890 3455 τι
915 3404 1195 3470 πλείστας,
1227 3411 1409 3480 ἱερέας
1430 3429 1492 3464 τε
1535 3415 1628 3467 καὶ⁵
1667 3418 1772 3486 ἁρ-

186 3490 407 3559 χιερέιις
434 3492 879 3561 άφιερωσαμενος
920 3496 1111 3567 Κυρίῳ
1141 3513 1154 3527 ·
1215 3500 1310 3552 καὶ
1342 3501 1441 3571 ἤδη
1499 3504 1560 3556 τὸ
1612 3504 1770 3574 ἔργον

183 3580 281 3648 τῆς
315 3582 633 3651 ἱερουργίας
655 3584 749 3637 τοῦ
777 3585 936 3651 λόγου
968 3588 1383 3657 περαινόμενος,
1446 3594 1542 3645 καὶ
1591 3595 1769 3646 αὐτῶν

184 3671 286 3740 ἤδη
325 3672 438 3722 τῶν
475 3674 755 3741 στεφάνων
786 3674 1016 3745 πλησίον
1048 3681 1336 3747 γινόμενος
1358 3695 1373 3709 ο
1401 3682 1620 3736 διαπλεῖ
1669 3687 1768 3754 μὲν

180 3763 275 3815 τὸν
333 3763 591 3833 ἑσπέριον
653 3764 927 3832 Ὠκεανὸν,
985 3768 1121 3838 πρὸς
1173 3772 1292 3834 ταῖς
1328 3771 1682 3842 Βρετανικαῖς
1713 3777 1767 3829 δὲ

182 3855 555 3923 καλουμέναις
584 3857 832 3927 καταίρει
861 3859 1042 3929 νήσοις
1083 3876 1098 3891 ο
1145 3860 1214 3925 ἃς
1262 3865 1361 3933 τῆς
1417 3864 1545 3935 ὅλης
1587 3871 1767 3922 οἰκου-

185 3947 358 4015 μένης
396 3947 553 4009 τέλος
602 3948 765 4014 φασίν
799 3964 814 3978 ·
853 3949 989 4018 μηδὲ
1043 3952 1151 4019 γὰρ
1184 3955 1440 4009 ἐπέκεινα
1472 3957 1576 4027 γῆν
1604 3955 1763 4027 εῖναι,

184 4038 312 4106 μήτ’
345 4035 444 4089 οὖν
468 4037 529 4088 τὸ
558 4037 791 4105 πέλαγος
821 4040 936 4106 μετ’
962 4040 1131 4104 αὐτάς
1161 4046 1414 4111 περατόν.

260 4127 416 4180 ἐκεῖ
496 4128 679 4195 Σίμων
747 4130 776 4181 ό
830 4133 1378 4201 τρισμακαριώτατος
1454 4139 1764 4209 γενόμενος,

179 4217 272 4270 καὶ
297 4218 394 4270 τὸν
419 4216 580 4282 λόγον
632 4218 731 4286 τῆς
776 4218 1033 4288 ἀληθείας
1085 4224 1580 4297 εὐαγγελισάμενος
1610 4247 1626 4261 ·
1668 4234 1762 4287 καὶ

180 4309 411 4371 stolidi;
474 4307 579 4376 μὲν
638 4310 1036 4376 πιστεύσαντας
1084 4314 1163 4383 τῷ
1210 4316 1352 4387 λόγῳ
1384 4318 1486 4389 τῆς
1532 4320 1755 4393 χάριτος

180 4398 654 4475 σφραγισάμενος,
697 4399 952 4463 πλείστας
991 4403 1047 4455 δὲ
1075 4405 1170 4458 καὶ
1206 4409 1353 4475 παρὰ
1390 4410 1499 4461 τῶν
1551 4414 1763 4466 ἀντιλε-

1886 1976 2055 2015 mora:
2077 1961 2367 2031 impatiens
2391 1971 2476 2017 est
2502 1972 2557 2017 et
2607 1964 2999 2027 discruciatur,
3056 1967 3112 2019 in
3154 1966 3456 2021 ferissimas

1887 2062 2078 2123 gentes
2100 2068 2164 2107 ac
2196 2053 2520 2109 durissimas
2569 2055 2855 2121 incidens;
2917 2074 3223 2127 rursusque
3254 2059 3457 2128 gaudet

1883 2152 1940 2199 et
1962 2145 2197 2199 exsultat
2227 2146 2641 2215 acjucundatur
2668 2157 2931 2201 mutatam
2976 2158 3365 2217 tempestatem
3397 2148 3453 2203 in

1888 2238 2242 2307 tranquillum
2270 2236 2502 2301 videns;
2537 2237 2857 2306 ferinosque
2889 2248 2948 2292 et
2982 2238 3301 2293 incredulos
3334 2254 3456 2293 mo-

1886 2343 1972 2382 res
1994 2329 2047 2381 in
2073 2328 2356 2382 lenitatem
2397 2342 2695 2384 conversos
2727 2338 2781 2384 et
2819 2329 3002 2384 (idem.

1952 2422 2292 2491 Quandoque
2354 2422 2600 2492 singulos
2668 2424 2762 2491 qui
2814 2424 3033 2477 adirent
3084 2423 3453 2489 illuminabat,

1884 2514 2212 2582 quandoque
2242 2527 2375 2566 vero
2404 2514 2570 2568 etiam
2599 2513 2856 2582 pluribus
2886 2515 3050 2567 simul
3076 2514 3214 2568 viris
3243 2531 3308 2569 ac
3338 2532 3457 2567 niu-

1883 2604 2131 2667 lieribus,
2166 2603 2436 2658 divitibus
2463 2618 2527 2658 ac
2556 2604 2916 2674 pauperibus,
2947 2606 3362 2674 magistratibus
3392 2616 3449 2660 et

1883 2694 2117 2763 privatis
2158 2693 2489 2748 documenta
2528 2693 2775 2759 tradens,
2827 2695 3102 2749 universis
3141 2696 3454 2749 communis

1882 2786 2162 2856 magister,
2216 2785 2515 2855 Pastorque
2564 2800 2627 2839 ac
2677 2795 2922 2839 servator
2978 2786 3189 2850 bonus,
3246 2785 3451 2840 Christi

1881 2877 2132 2946 exemplo
2178 2877 2445 2930 enitebat.
2479 2876 2627 2930 Talis
2673 2876 2905 2945 apostoli
2948 2878 3061 2932 vita
3111 2894 3446 2948 moresque:

1881 2970 2079 3038 hicque
2099 2968 2284 3024 brevis
2321 2969 2752 3023 commentarius
2780 2984 2971 3023 eorum
3001 2971 3273 3032 laborum,
3306 2987 3446 3039 quos

1881 3063 2073 3132 longos
2099 3076 2274 3116 annos
2299 3061 2610 3126 desudavit,
2636 3062 3276 3132 molestissimornmque
3308 3063 3456 3116 illius

1881 3153 2159 3209 itinerum.

1948 3244 2085 3297 Hinc
2118 3245 2347 3297 multam
2373 3242 2749 3297 continentem
2785 3251 2842 3297 et
2875 3243 3172 3302 maritima.
3220 3244 3454 3297 insulas-

1874 3352 1980 3406 que
2019 3353 2125 3391 non
2159 3352 2362 3407 paucas
2390 3336 2781 3405 praedicatione
2809 3336 3129 3404 complexus
3159 3336 3442 3404 pluribus-

1872 3445 1979 3499 que
2012 3429 2276 3483 Ecclesiis
2313 3438 2368 3483 et
2399 3427 2787 3482 sacerdotibus
2816 3442 2880 3481 ac
2908 3428 3187 3495 episcopis
3220 3427 3451 3480 Domino

1870 3520 2241 3585 consecratis;
2269 3521 2491 3589 jamque
2522 3534 2693 3573 sacra:
2712 3519 2865 3572 verbi
2896 3518 3447 3586 functionicolopho.

1871 3627 1995 3665 nem
2031 3612 2343 3680 imponens,
2384 3627 2447 3665 ac
2477 3612 2622 3680 ipsas
2652 3625 2681 3664 e
2710 3609 3017 3679 propinquo
3036 3624 3270 3662 coronas
3306 3609 3450 3661 salu-

1870 3712 2013 3766 tans,
2038 3703 2331 3757 occiduum
2354 3701 2632 3757 Oceanum
2660 3700 2898 3769 navigat,
2919 3708 3083 3769 atque
3115 3699 3181 3753 ad
3217 3700 3446 3758 insulas.

1868 3808 2007 3862 quas
2040 3794 2383 3847 Britannicas
2409 3802 2591 3846 vocat.
2630 3792 2738 3845 llas
2790 3806 2945 3852 vero,
2992 3791 3233 3843 universi
3285 3790 3438 3843 orbis

1869 3895 2142 3940 terrarum
2178 3901 2306 3940 oras
2331 3893 2607 3939 extremas
2650 3900 2770 3939 esse
2804 3883 3027 3947 ferunt;
3086 3899 3261 3951 neque
3299 3882 3445 3951 quod

1868 3976 2131 4047 deinceps
2160 3987 2264 4041 est,
2298 3977 2526 4047 pelagus
2550 3990 2709 4045 posse
2737 3974 3011 4043 superari.

1939 4153 2075 4208 Illuc
2110 4151 2301 4206 Simon
2332 4150 2683 4205 beatissimus
2704 4164 2828 4204 cum
2862 4148 3124 4211 venisset,
3151 4165 3213 4203 ac
3239 4149 3444 4203 Verita-

1868 4246 1938 4300 tis
1963 4259 2270 4300 sermonem
2306 4243 2707 4304 annuntiasset,
2745 4241 3058 4309 multosque
3100 4241 3271 4294 verbo
3324 4257 3445 4309 gra-

1869 4339 1957 4393 tia:
1996 4335 2286 4391 credentes
2315 4333 2694 4403 consignasset
2730 4349 2742 4385 :
2775 4331 2870 4385 sed
2898 4341 2955 4386 et
2987 4332 3053 4385 ab
3082 4332 3171 4391 iis.
3221 4332 3312 4401 qui
3350 4348 3443 4386 ve-

1867 4428 2016 4483 ritati
2032 4427 2500 4489 contradicerent,
2530 4424 2719 4479 multis
2737 4425 3013 4493 appetitus
3038 4424 3252 4478 insidiis
3273 4434 3438 4487 esset,

179 4492 385 4557 τόντων
412 4492 485 4560 τῇ
510 4490 741 4562 ἀληθείᾳ
781 4492 1071 4557 επιϐουλὰς
1118 4496 1368 4568 ὑποσχών
1393 4516 1408 4531 ο
1449 4502 1603 4565 τέλος
1656 4506 1759 4559 ὑπὸ

1875 4521 1933 4575 ad
1984 4530 2291 4575 extremum
2336 4516 2771 4588 corripientibus
2813 4515 3118 4585 impietatis‘
3168 4517 3437 4586 patronis,

178 4582 283 4635 τῶν
308 4583 417 4651 τῆς
442 4582 698 4646 ἀσεϐείας
742 4587 1145 4655 συναρπασθεὶς
1184 4590 1564 4659 ὑπασπιστων,
1589 4613 1761 4665 προσ-

179 4674 404 4743 ηλοῦται
442 4674 663 4745 σταυρῷ
682 4693 696 4706 ο
716 4677 862 4739 τέλος
884 4677 1035 4742 ἄξιον
1062 4681 1161 4750 τῆς
1187 4682 1501 4754 ἐπιθυμίας,
1528 4689 1622 4741 καὶ
1645 4691 1756 4744 τῶν

178 4767 316 4834 ὑπὲρ
348 4764 448 4818 τοῦ
480 4767 899 4836 ἑσταυρωμένου
946 4770 1144 4833 πόνων.
1206 4774 1300 4827 τὸν
1363 4777 1503 4847 ὑπὲρ
1547 4780 1757 4834 ἑκείνου

178 4856 477 4925 δεξάμενος
508 4857 743 4925 σταυρόν
778 4874 793 4887 ’
850 4857 943 4911 καὶ
981 4861 1047 4930 τῇ
1087 4860 1363 4933 ὁμοιότητι
1413 4866 1509 4920 τοῦ
1553 4870 1759 4937 πάθους

176 4948 416 5011 δοξάζων
441 4948 608 5001 αὐτὸν
626 4949 721 5001 καὶ
757 4949 1113 5022 δοξαζόμενος
1135 4956 1193 5007 ὲν
1224 4955 1395 5025 αὐτῷ.

243 5040 446 5092 Τοίνυν
470 5039 565 5091 ἐπὶ
590 5039 684 5092 τοῦ
734 5043 969 5113 σταυροῦ
996 5045 1245 5117 καθάπερ
1278 5048 1436 5112 ἄλλος
1472 5051 1755 5121 ἐσταυρω-

180 5130 339 5197 μένος
377 5132 615 5200 Ἰησοῦς,
646 5132 784 5202 μετὰ
811 5134 907 5198 τας
943 5138 1162 5206 μακρὰς
1196 5128 1331 5209 πρὸς
1373 5142 1501 5204 τοὺς
1550 5144 1758 5213 παρόν-

178 5242 268 5286 τας
287 5224 399 5278 τῶν
436 5224 615 5294 ὄχλων
641 5227 876 5296 ὁμιλίας,
904 5230 1044 5297 μετὰ
1070 5232 1167 5294 τὰς
1190 5234 1589 5303 συντεταμένας
1623 5236 1760 5305 πρὸς

180 5317 385 5386 Κύριον
422 5318 873 5389 προσευχάς,τᾶς
906 5323 1047 5393 ὑπὲρ
1070 5324 1179 5377 τῶν
1212 5326 1437 5389 πιστῶν,
1475 5325 1574 5388 τὰς
1618 5329 1757 5400 ὑπὲρ

179 5408 283 5460 τῶν
310 5410 566 5462 ἀπίστων
600 5427 615 5441 ο
643 5410 752 5463 τῶν
784 5415 900 5482 μὲν,
925 5416 1073 5479 ὅπως
1103 5416 1391 5485 ὲμμένοιεν
1420 5421 1759 5490 άπαρακίνη-

179 5516 257 5553 τοι
282 5504 351 5571 τῇ
374 5502 629 5573 ἀληθείᾳ,
656 5504 765 5556 τῶν
798 5505 874 5568 δὲ,
908 5509 1055 5569 ὅπως
1078 5508 1465 5579 ἐπιστραφεῖεν
1499 5512 1636 5582 πρὸς
1664 5514 1755 5566 τὸν

181 5594 309 5648 θεὸν
333 5597 425 5648 τὸν
456 5598 701 5665 ἰσχυρὸν,
733 5598 821 5651 τὸν
855 5599 1054 5665 ζῶντα,
1088 5602 1180 5655 καὶ
1205 5603 1595 5667 πιστεύσαντες
1645 5623 1749 5659 σω.

250 5776 294 5806 ”
326 5776 470 5830 Psal.
512 5793 618 5837 xu,
647 5777 702 5831 5.

1860 4609 2010 4664 cruci
2043 4608 2325 4678 adigitur;
2360 4607 2584 4676 dignum
2619 4605 2831 4659 scilicet
2878 4606 3200 4674 cupiditatis
3247 4606 3435 4669 finem,

1862 4714 1926 4753 ac
1954 4698 2204 4752 laborum
2239 4697 2484 4752 cruciﬁxi
2509 4712 2673 4751 causa
2710 4705 3119 4766 susceptorum,
3144 4696 3293 4749 illius
3317 4712 3438 4765 gra-

1865 4791 1937 4843 tia
1978 4797 2265 4859 reportans
2294 4790 2593 4857 repositam
2631 4803 2855 4842 crucem
2884 4802 2899 4853 ;
2935 4787 3318 4856 passionisque
3361 4786 3437 4838 si-

1863 4879 2177 4936 militudine
2218 4888 2330 4933 tum
2368 4879 2546 4947 ipsum
2574 4878 2909 4942 clarificans,
2937 4887 3051 4931 tum
3085 4876 3140 4929 in
3166 4876 3283 4946 ipso
3319 4877 3402 4931 cla

1865 4976 2084 5028 ritatem
2118 4979 2313 5025 nactus
2346 4979 2401 5024 et
2429 4969 2686 5040 gloriam.

1936 5063 2107 5133 Igitur
2146 5062 2199 5116 in
2227 5076 2446 5115 crucem
2470 5060 2625 5113 velut
2657 5060 2801 5113 alter
2820 5058 2982 5113 Jesus
3012 5058 3281 5120 sublatus,
3315 5065 3438 5125 post

1862 5154 2021 5223 longa
2047 5154 2113 5207 ad
2171 5161 2413 5207 astantes
2440 5150 2631 5205 turbas
2647 5150 2921 5220 colloquia
2949 5167 2965 5215 ;
2997 5157 3122 5219 post
3147 5157 3437 5201 contentas

1861 5244 1929 5297 ad
1959 5245 2133 5298 Deum
2161 5258 2373 5312 preces,
2405 5242 2459 5295 in
2479 5242 2721 5296 ﬁdelium
2739 5241 2993 5310 gratiam,
3019 5248 3076 5293 et
3097 5238 3433 5301 inﬁdelium;

1861 5335 2131 5403 priorum,
2192 5344 2253 5389 ut
2304 5333 2517 5387 immoti
2570 5334 2625 5387 in
2680 5332 2913 5387 veritate
2968 5338 3432 5401 perseverarent;

1856 5426 2113 5489 aliorum,
2155 5436 2215 5481 ut
2247 5426 2315 5481 ad
2342 5428 2513 5482 Deum
2568 5427 2766 5480 fortem
2804 5427 2993 5480 vivum
3035 5434 3431 5479 converteren-

1856 5526 1965 5581 tur,
1998 5532 2062 5571 ac
2090 5516 2194 5570 [ide
2227 5519 2456 5571 salutem
2485 5526 2956 5587 consequerentur
2984 5518 3052 5571 ".
3103 5516 3233 5570 Post
3286 5514 3419 5579 haec,

1858 5609 2102 5678 inquam,
2126 5626 2155 5664 a
2187 5612 2394 5666 mundo
2425 5611 2645 5681 quidem
2680 5620 2737 5666 et
2760 5626 2789 5664 a
2817 5624 3053 5678 corpore
3083 5608 3303 5679 penitus
3330 5621 3428 5660 ex-
