  <div class='ocr_page' id='page_1' title='image "/cluster/home/n/w/nwhite01/storage/ocr_20150623/105/nnc1.0046980105/133.png"; bbox 0 0 4180 6434; ppageno 0'>
   <div class='ocr_carea' id='block_1_1' title="bbox 740 394 843 451">
    <p class='ocr_par' dir='ltr' id='par_1_1' title="bbox 740 394 843 451">
     <span class='ocr_line' id='line_1_1' title="bbox 740 394 843 451; baseline -0.019 0"><span class='ocrx_word' id='word_1_1' title='bbox 740 394 843 451; x_wconf 75' lang='lat'><strong>251</strong></span> 
     </span>
    </p>
   </div>
   <div class='ocr_carea' id='block_1_2' title="bbox 1946 386 2804 447">
    <p class='ocr_par' dir='ltr' id='par_1_2' title="bbox 1946 386 2804 447">
     <span class='ocr_line' id='line_1_2' title="bbox 1946 386 2804 447; baseline 0.002 -2"><span class='ocrx_word' id='word_1_2' title='bbox 1946 386 1994 445; x_wconf 89' lang='lat' dir='ltr'><strong>N</strong></span> <span class='ocrx_word' id='word_1_3' title='bbox 2004 387 2238 446; x_wconf 62' lang='lat' dir='ltr'><strong>ICETA‘I</strong></span> <span class='ocrx_word' id='word_1_4' title='bbox 2276 388 2467 447; x_wconf 76' lang='lat' dir='ltr'><strong>PAPII</strong></span> <span class='ocrx_word' id='word_1_5' title='bbox 2482 387 2804 447; x_wconf 83' lang='lat' dir='ltr'><strong>LAGONIS</strong></span> 
     </span>
    </p>
   </div>
   <div class='ocr_carea' id='block_1_3' title="bbox 3893 393 3994 456">
    <p class='ocr_par' dir='ltr' id='par_1_3' title="bbox 3893 393 3994 456">
     <span class='ocr_line' id='line_1_3' title="bbox 3893 393 3994 456; baseline 0 0"><span class='ocrx_word' id='word_1_6' title='bbox 3893 393 3994 456; x_wconf 66' lang='grc'><strong>952</strong></span> 
     </span>
    </p>
   </div>
   <div class='ocr_carea' id='block_1_4' title="bbox 736 496 2313 569">
    <p class='ocr_par' dir='ltr' id='par_1_4' title="bbox 736 500 2313 568">
     <span class='ocr_line' id='line_1_4' title="bbox 736 500 2313 568; baseline -0.005 -10"><span class='ocrx_word' id='word_1_7' title='bbox 736 501 975 565; x_wconf 68' lang='lat' dir='ltr'><strong>(edens,</strong></span> <span class='ocrx_word' id='word_1_8' title='bbox 1001 500 1055 552; x_wconf 90' lang='lat' dir='ltr'><strong>in</strong></span> <span class='ocrx_word' id='word_1_9' title='bbox 1092 514 1150 554; x_wconf 90' lang='lat' dir='ltr'><strong>se</strong></span> <span class='ocrx_word' id='word_1_10' title='bbox 1172 513 1305 553; x_wconf 88' lang='lat' dir='ltr'><strong>vero</strong></span> <span class='ocrx_word' id='word_1_11' title='bbox 1333 506 1482 553; x_wconf 81' lang='lat' dir='ltr'><strong>totus</strong></span> <span class='ocrx_word' id='word_1_12' title='bbox 1518 512 1846 562; x_wconf 86' lang='lat' dir='ltr'><strong>conversus,</strong></span> <span class='ocrx_word' id='word_1_13' title='bbox 1890 513 2060 568; x_wconf 98' lang='lat' dir='ltr'><strong>seque</strong></span> <span class='ocrx_word' id='word_1_14' title='bbox 2110 500 2313 561; x_wconf 84' lang='lat' dir='ltr'><strong>medio,</strong></span> 
     </span>
    </p>
   </div>
   <div class='ocr_carea' id='block_1_5' title="bbox 2418 496 3991 569">
    <p class='ocr_par' dir='ltr' id='par_1_5' title="bbox 2421 496 3991 569">
     <span class='ocr_line' id='line_1_5' title="bbox 2421 496 3991 569; baseline 0.001 -19"><span class='ocrx_word' id='word_1_15' title='bbox 2421 498 2588 550; x_wconf 88' lang='grc' dir='ltr'>θῶσιν</span> <span class='ocrx_word' id='word_1_16' title='bbox 2612 515 2624 528; x_wconf 92' lang='grc'><strong>·</strong></span> <span class='ocrx_word' id='word_1_17' title='bbox 2663 498 2801 567; x_wconf 88' lang='grc' dir='ltr'><strong>μετά</strong></span> <span class='ocrx_word' id='word_1_18' title='bbox 2828 496 3001 550; x_wconf 86' lang='grc' dir='ltr'>ταῦτα</span> <span class='ocrx_word' id='word_1_19' title='bbox 3028 497 3180 565; x_wconf 89' lang='grc' dir='ltr'>γοῦν,</span> <span class='ocrx_word' id='word_1_20' title='bbox 3210 496 3301 551; x_wconf 89' lang='grc' dir='ltr'><strong>τοῦ</strong></span> <span class='ocrx_word' id='word_1_21' title='bbox 3333 499 3539 568; x_wconf 86' lang='grc' dir='ltr'>κόσμου</span> <span class='ocrx_word' id='word_1_22' title='bbox 3576 498 3675 569; x_wconf 65' lang='grc' dir='ltr'>μὲν</span> <span class='ocrx_word' id='word_1_23' title='bbox 3694 500 3875 554; x_wconf 70' lang='grc' dir='ltr'>τέλεον</span> <span class='ocrx_word' id='word_1_24' title='bbox 3901 506 3991 554; x_wconf 80' lang='grc' dir='ltr'>καὶ</span> 
     </span>
    </p>
   </div>
   <div class='ocr_carea' id='block_1_6' title="bbox 741 590 2311 661">
    <p class='ocr_par' dir='ltr' id='par_1_6' title="bbox 741 590 2311 661">
     <span class='ocr_line' id='line_1_6' title="bbox 741 590 2311 661; baseline -0.003 -13"><span class='ocrx_word' id='word_1_25' title='bbox 741 596 965 657; x_wconf 85' lang='lat' dir='ltr'><strong>incum,</strong></span> <span class='ocrx_word' id='word_1_26' title='bbox 1006 594 1059 646; x_wconf 92' lang='lat' dir='ltr'><strong>in</strong></span> <span class='ocrx_word' id='word_1_27' title='bbox 1091 606 1254 660; x_wconf 86' lang='lat' dir='ltr'><strong>quem</strong></span> <span class='ocrx_word' id='word_1_28' title='bbox 1290 607 1389 660; x_wconf 86' lang='lat' dir='ltr'><strong>per</strong></span> <span class='ocrx_word' id='word_1_29' title='bbox 1416 590 1580 645; x_wconf 85' lang='lat' dir='ltr'><strong>fidem</strong></span> <span class='ocrx_word' id='word_1_30' title='bbox 1613 605 1831 660; x_wconf 86' lang='lat' dir='ltr'><strong>semper</strong></span> <span class='ocrx_word' id='word_1_31' title='bbox 1870 590 2266 661; x_wconf 81' lang='lat' dir='ltr'><strong>commigrabat</strong></span> <span class='ocrx_word' id='word_1_32' title='bbox 2297 608 2311 655; x_wconf 91' lang='lat'><strong>;</strong></span> 
     </span>
    </p>
   </div>
   <div class='ocr_carea' id='block_1_7' title="bbox 739 677 2315 755">
    <p class='ocr_par' dir='ltr' id='par_1_7' title="bbox 739 677 2315 755">
     <span class='ocr_line' id='line_1_7' title="bbox 739 677 2315 755; baseline -0.004 -15"><span class='ocrx_word' id='word_1_33' title='bbox 739 677 941 755; x_wconf 84' lang='lat' dir='ltr'><strong>corpus</strong></span> <span class='ocrx_word' id='word_1_34' title='bbox 968 682 1194 752; x_wconf 84' lang='lat' dir='ltr'><strong>quidem</strong></span> <span class='ocrx_word' id='word_1_35' title='bbox 1224 682 1375 737; x_wconf 90' lang='lat' dir='ltr'><strong>velut</strong></span> <span class='ocrx_word' id='word_1_36' title='bbox 1397 681 1664 750; x_wconf 89' lang='lat' dir='ltr'><strong>quasdam</strong></span> <span class='ocrx_word' id='word_1_37' title='bbox 1685 681 1843 736; x_wconf 75' lang='lat' dir='ltr'><strong>faeces</strong></span> <span class='ocrx_word' id='word_1_38' title='bbox 1870 681 2044 749; x_wconf 86' lang='lat' dir='ltr'><strong>ponit,</strong></span> <span class='ocrx_word' id='word_1_39' title='bbox 2073 682 2166 751; x_wconf 90' lang='lat' dir='ltr'><strong>qui</strong></span> <span class='ocrx_word' id='word_1_40' title='bbox 2195 697 2315 735; x_wconf 90' lang='lat' dir='ltr'><strong>car-</strong></span> 
     </span>
    </p>
   </div>
   <div class='ocr_carea' id='block_1_8' title="bbox 740 774 2313 845">
    <p class='ocr_par' dir='ltr' id='par_1_8' title="bbox 740 774 2313 845">
     <span class='ocr_line' id='line_1_8' title="bbox 740 774 2313 845; baseline -0.002 -15"><span class='ocrx_word' id='word_1_41' title='bbox 740 779 827 830; x_wconf 86' lang='lat' dir='ltr'><strong>nis</strong></span> <span class='ocrx_word' id='word_1_42' title='bbox 843 775 1053 845; x_wconf 84' lang='lat' dir='ltr'><strong>pridem</strong></span> <span class='ocrx_word' id='word_1_43' title='bbox 1088 774 1409 829; x_wconf 89' lang='lat' dir='ltr'><strong>indumento</strong></span> <span class='ocrx_word' id='word_1_44' title='bbox 1428 782 1715 827; x_wconf 80' lang='lat' dir='ltr'><strong>emortuus</strong></span> <span class='ocrx_word' id='word_1_45' title='bbox 1743 780 1919 837; x_wconf 88' lang='lat' dir='ltr'><strong>esset;</strong></span> <span class='ocrx_word' id='word_1_46' title='bbox 1951 774 2101 827; x_wconf 88' lang='lat' dir='ltr'><strong>velut</strong></span> <span class='ocrx_word' id='word_1_47' title='bbox 2130 786 2313 828; x_wconf 88' lang='lat' dir='ltr'><strong>autem</strong></span> 
     </span>
    </p>
   </div>
   <div class='ocr_carea' id='block_1_9' title="bbox 744 864 2312 935">
    <p class='ocr_par' dir='ltr' id='par_1_9' title="bbox 744 864 2312 935">
     <span class='ocr_line' id='line_1_9' title="bbox 744 864 2312 935; baseline 0 -15"><span class='ocrx_word' id='word_1_48' title='bbox 744 868 848 921; x_wconf 88' lang='lat' dir='ltr'><strong>levi</strong></span> <span class='ocrx_word' id='word_1_49' title='bbox 878 881 1057 935; x_wconf 84' lang='lat' dir='ltr'><strong>penna</strong></span> <span class='ocrx_word' id='word_1_50' title='bbox 1081 881 1144 920; x_wconf 93' lang='lat' dir='ltr'><strong>ae</strong></span> <span class='ocrx_word' id='word_1_51' title='bbox 1178 866 1432 934; x_wconf 67' lang='lat' dir='ltr'><strong>caelipeta</strong></span> <span class='ocrx_word' id='word_1_52' title='bbox 1474 864 1671 934; x_wconf 90' lang='lat' dir='ltr'><strong>spiritu</strong></span> <span class='ocrx_word' id='word_1_53' title='bbox 1724 865 1779 918; x_wconf 90' lang='lat' dir='ltr'><strong>in</strong></span> <span class='ocrx_word' id='word_1_54' title='bbox 1834 866 2005 920; x_wconf 59' lang='lat' dir='ltr'><strong>caelos</strong></span> <span class='ocrx_word' id='word_1_55' title='bbox 2041 866 2312 930; x_wconf 82' lang='lat' dir='ltr'><strong>sublatus,</strong></span> 
     </span>
    </p>
   </div>
   <div class='ocr_carea' id='block_1_10' title="bbox 745 957 2315 1027">
    <p class='ocr_par' dir='ltr' id='par_1_10' title="bbox 745 957 2315 1027">
     <span class='ocr_line' id='line_1_10' title="bbox 745 957 2315 1027; baseline 0 -16"><span class='ocrx_word' id='word_1_56' title='bbox 745 958 895 1013; x_wconf 87' lang='lat' dir='ltr'><strong>videt</strong></span> <span class='ocrx_word' id='word_1_57' title='bbox 934 958 1038 1013; x_wconf 87' lang='lat' dir='ltr'><strong>sibi</strong></span> <span class='ocrx_word' id='word_1_58' title='bbox 1068 958 1323 1013; x_wconf 71' lang='lat' dir='ltr'><strong>caelestes</strong></span> <span class='ocrx_word' id='word_1_59' title='bbox 1369 968 1591 1027; x_wconf 87' lang='lat' dir='ltr'><strong>apertas</strong></span> <span class='ocrx_word' id='word_1_60' title='bbox 1629 957 1861 1025; x_wconf 90' lang='lat' dir='ltr'><strong>januas;</strong></span> <span class='ocrx_word' id='word_1_61' title='bbox 1890 958 2042 1013; x_wconf 87' lang='lat' dir='ltr'><strong>videt</strong></span> <span class='ocrx_word' id='word_1_62' title='bbox 2088 967 2143 1012; x_wconf 92' lang='lat' dir='ltr'><strong>et</strong></span> <span class='ocrx_word' id='word_1_63' title='bbox 2171 958 2315 1012; x_wconf 86' lang='lat' dir='ltr'><strong>clare</strong></span> 
     </span>
    </p>
   </div>
   <div class='ocr_carea' id='block_1_11' title="bbox 746 1046 2315 1119">
    <p class='ocr_par' dir='ltr' id='par_1_11' title="bbox 746 1046 2315 1119">
     <span class='ocr_line' id='line_1_11' title="bbox 746 1046 2315 1119; baseline 0 -18"><span class='ocrx_word' id='word_1_64' title='bbox 746 1048 943 1102; x_wconf 84' lang='lat' dir='ltr'><strong>Filium</strong></span> <span class='ocrx_word' id='word_1_65' title='bbox 970 1048 1251 1103; x_wconf 82' lang='lat' dir='ltr'><strong>sedentem</strong></span> <span class='ocrx_word' id='word_1_66' title='bbox 1287 1063 1317 1100; x_wconf 91' lang='lat' dir='ltr'><strong>a</strong></span> <span class='ocrx_word' id='word_1_67' title='bbox 1343 1046 1551 1101; x_wconf 77' lang='lat' dir='ltr'><strong>dextris</strong></span> <span class='ocrx_word' id='word_1_68' title='bbox 1580 1055 1824 1114; x_wconf 68' lang='lat' dir='ltr'><strong>paterna:</strong></span> <span class='ocrx_word' id='word_1_69' title='bbox 1852 1049 2160 1117; x_wconf 84' lang='lat' dir='ltr'><strong>majestatis</strong></span> <span class='ocrx_word' id='word_1_70' title='bbox 2193 1066 2206 1101; x_wconf 92' lang='lat'>:</span> <span class='ocrx_word' id='word_1_71' title='bbox 2235 1049 2315 1119; x_wconf 69' lang='lat' dir='ltr'><strong>ip.</strong></span> 
     </span>
    </p>
   </div>
   <div class='ocr_carea' id='block_1_12' title="bbox 743 1137 2316 1209">
    <p class='ocr_par' dir='ltr' id='par_1_12' title="bbox 743 1137 2316 1209">
     <span class='ocr_line' id='line_1_12' title="bbox 743 1137 2316 1209; baseline 0 -15"><span class='ocrx_word' id='word_1_72' title='bbox 743 1154 913 1209; x_wconf 87' lang='lat' dir='ltr'><strong>seque</strong></span> <span class='ocrx_word' id='word_1_73' title='bbox 942 1137 1156 1193; x_wconf 86' lang='lat' dir='ltr'><strong>cunctis</strong></span> <span class='ocrx_word' id='word_1_74' title='bbox 1185 1137 1293 1191; x_wconf 89' lang='lat' dir='ltr'><strong>illis</strong></span> <span class='ocrx_word' id='word_1_75' title='bbox 1324 1137 1590 1190; x_wconf 89' lang='lat' dir='ltr'><strong>mentium</strong></span> <span class='ocrx_word' id='word_1_76' title='bbox 1616 1146 2044 1207; x_wconf 84' lang='lat' dir='ltr'><strong>sanctorumque</strong></span> <span class='ocrx_word' id='word_1_77' title='bbox 2081 1138 2316 1209; x_wconf 89' lang='lat' dir='ltr'><strong>stipatus</strong></span> 
     </span>
    </p>
   </div>
   <div class='ocr_carea' id='block_1_13' title="bbox 747 1230 2316 1302">
    <p class='ocr_par' dir='ltr' id='par_1_13' title="bbox 747 1230 2316 1302">
     <span class='ocr_line' id='line_1_13' title="bbox 747 1230 2316 1302; baseline 0.001 -17"><span class='ocrx_word' id='word_1_78' title='bbox 747 1230 1073 1302; x_wconf 87' lang='lat' dir='ltr'><strong>agminibus,</strong></span> <span class='ocrx_word' id='word_1_79' title='bbox 1123 1230 1350 1300; x_wconf 79' lang='lat' dir='ltr'><strong>mystice</strong></span> <span class='ocrx_word' id='word_1_80' title='bbox 1395 1244 1459 1283; x_wconf 92' lang='lat' dir='ltr'><strong>ac</strong></span> <span class='ocrx_word' id='word_1_81' title='bbox 1497 1244 1605 1298; x_wconf 90' lang='lat' dir='ltr'><strong>qua</strong></span> <span class='ocrx_word' id='word_1_82' title='bbox 1653 1244 1816 1283; x_wconf 88' lang='lat' dir='ltr'><strong>nemo</strong></span> <span class='ocrx_word' id='word_1_83' title='bbox 1858 1230 2047 1285; x_wconf 85' lang='lat' dir='ltr'><strong>verbis</strong></span> <span class='ocrx_word' id='word_1_84' title='bbox 2077 1232 2316 1300; x_wconf 83' lang='lat' dir='ltr'><strong>explicet</strong></span> 
     </span>
    </p>
   </div>
   <div class='ocr_carea' id='block_1_14' title="bbox 752 1319 2313 1389">
    <p class='ocr_par' dir='ltr' id='par_1_14' title="bbox 752 1319 2313 1389">
     <span class='ocr_line' id='line_1_14' title="bbox 752 1319 2313 1389; baseline 0.002 -15"><span class='ocrx_word' id='word_1_85' title='bbox 752 1321 987 1383; x_wconf 83' lang='lat' dir='ltr'><strong>ratione,</strong></span> <span class='ocrx_word' id='word_1_86' title='bbox 1026 1320 1095 1373; x_wconf 88' lang='lat' dir='ltr'><strong>ad</strong></span> <span class='ocrx_word' id='word_1_87' title='bbox 1133 1334 1448 1388; x_wconf 84' lang='lat' dir='ltr'><strong>supremum</strong></span> <span class='ocrx_word' id='word_1_88' title='bbox 1497 1319 1744 1372; x_wconf 90' lang='lat' dir='ltr'><strong>omnium</strong></span> <span class='ocrx_word' id='word_1_89' title='bbox 1793 1334 1974 1389; x_wconf 82' lang='lat' dir='ltr'><strong>regem</strong></span> <span class='ocrx_word' id='word_1_90' title='bbox 2025 1321 2143 1375; x_wconf 91' lang='lat' dir='ltr'><strong>adit</strong></span> <span class='ocrx_word' id='word_1_91' title='bbox 2190 1337 2313 1377; x_wconf 92' lang='lat' dir='ltr'><strong>cum</strong></span> 
     </span>
    </p>
   </div>
   <div class='ocr_carea' id='block_1_15' title="bbox 746 1410 2315 1481">
    <p class='ocr_par' dir='ltr' id='par_1_15' title="bbox 746 1410 2315 1481">
     <span class='ocr_line' id='line_1_15' title="bbox 746 1410 2315 1481; baseline 0.001 -14"><span class='ocrx_word' id='word_1_92' title='bbox 746 1415 1146 1476; x_wconf 80' lang='lat' dir='ltr'><strong>exsultatione;</strong></span> <span class='ocrx_word' id='word_1_93' title='bbox 1185 1412 1475 1481; x_wconf 90' lang='lat' dir='ltr'><strong>ipsumque</strong></span> <span class='ocrx_word' id='word_1_94' title='bbox 1507 1412 1644 1465; x_wconf 85' lang='lat' dir='ltr'><strong>facie</strong></span> <span class='ocrx_word' id='word_1_95' title='bbox 1673 1410 1741 1465; x_wconf 90' lang='lat' dir='ltr'><strong>ad</strong></span> <span class='ocrx_word' id='word_1_96' title='bbox 1770 1410 1965 1467; x_wconf 86' lang='lat' dir='ltr'><strong>faciem</strong></span> <span class='ocrx_word' id='word_1_97' title='bbox 1999 1423 2215 1481; x_wconf 86' lang='lat' dir='ltr'><strong>nactus,</strong></span> <span class='ocrx_word' id='word_1_98' title='bbox 2250 1432 2315 1469; x_wconf 90' lang='lat' dir='ltr'><strong>ac</strong></span> 
     </span>
    </p>
   </div>
   <div class='ocr_carea' id='block_1_16' title="bbox 748 1501 2316 1574">
    <p class='ocr_par' dir='ltr' id='par_1_16' title="bbox 748 1501 2316 1574">
     <span class='ocr_line' id='line_1_16' title="bbox 748 1501 2316 1574; baseline 0.001 -16"><span class='ocrx_word' id='word_1_99' title='bbox 748 1505 825 1559; x_wconf 90' lang='lat' dir='ltr'><strong>illi</strong></span> <span class='ocrx_word' id='word_1_100' title='bbox 859 1504 1056 1558; x_wconf 81' lang='lat' dir='ltr'><strong>eximie</strong></span> <span class='ocrx_word' id='word_1_101' title='bbox 1081 1503 1261 1558; x_wconf 85' lang='lat' dir='ltr'><strong>laudis</strong></span> <span class='ocrx_word' id='word_1_102' title='bbox 1299 1502 1515 1558; x_wconf 89' lang='lat' dir='ltr'><strong>cantico</strong></span> <span class='ocrx_word' id='word_1_103' title='bbox 1544 1501 1860 1567; x_wconf 88' lang='lat' dir='ltr'><strong>defunctus,</strong></span> <span class='ocrx_word' id='word_1_104' title='bbox 1910 1503 2151 1574; x_wconf 84' lang='lat' dir='ltr'><strong>Jesuquc</strong></span> <span class='ocrx_word' id='word_1_105' title='bbox 2185 1506 2316 1560; x_wconf 84' lang='lat' dir='ltr'><strong>dex-</strong></span> 
     </span>
    </p>
   </div>
   <div class='ocr_carea' id='block_1_17' title="bbox 746 1595 2316 1667">
    <p class='ocr_par' dir='ltr' id='par_1_17' title="bbox 746 1595 2316 1667">
     <span class='ocr_line' id='line_1_17' title="bbox 746 1595 2316 1667; baseline 0.003 -18"><span class='ocrx_word' id='word_1_106' title='bbox 746 1606 880 1657; x_wconf 89' lang='lat' dir='ltr'><strong>tera,</strong></span> <span class='ocrx_word' id='word_1_107' title='bbox 912 1611 1114 1650; x_wconf 82' lang='lat' dir='ltr'><strong>corona</strong></span> <span class='ocrx_word' id='word_1_108' title='bbox 1142 1596 1329 1667; x_wconf 68' lang='lat' dir='ltr'><strong>gloriae</strong></span> <span class='ocrx_word' id='word_1_109' title='bbox 1357 1595 1596 1648; x_wconf 90' lang='lat' dir='ltr'><strong>donatus</strong></span> <span class='ocrx_word' id='word_1_110' title='bbox 1627 1612 1641 1647; x_wconf 88' lang='lat'>:</span> <span class='ocrx_word' id='word_1_111' title='bbox 1672 1595 1840 1649; x_wconf 87' lang='lat' dir='ltr'><strong>nullis</strong></span> <span class='ocrx_word' id='word_1_112' title='bbox 1867 1595 2104 1666; x_wconf 92' lang='lat' dir='ltr'><strong>denique</strong></span> <span class='ocrx_word' id='word_1_113' title='bbox 2131 1598 2316 1654; x_wconf 84' lang='lat' dir='ltr'><strong>verbis</strong></span> 
     </span>
    </p>
   </div>
   <div class='ocr_carea' id='block_1_18' title="bbox 738 1686 2313 1759">
    <p class='ocr_par' dir='ltr' id='par_1_18' title="bbox 738 1686 2313 1759">
     <span class='ocr_line' id='line_1_18' title="bbox 738 1686 2313 1759; baseline 0.003 -20"><span class='ocrx_word' id='word_1_114' title='bbox 738 1687 1057 1756; x_wconf 75' lang='lat' dir='ltr'><strong>cxplieabili</strong></span> <span class='ocrx_word' id='word_1_115' title='bbox 1117 1696 1380 1757; x_wconf 88' lang='lat' dir='ltr'><strong>apparatu</strong></span> <span class='ocrx_word' id='word_1_116' title='bbox 1431 1695 1598 1756; x_wconf 85' lang='lat' dir='ltr'><strong>atque</strong></span> <span class='ocrx_word' id='word_1_117' title='bbox 1626 1686 1838 1742; x_wconf 90' lang='lat' dir='ltr'><strong>honore</strong></span> <span class='ocrx_word' id='word_1_118' title='bbox 1868 1699 2183 1759; x_wconf 89' lang='lat' dir='ltr'><strong>susceptus,</strong></span> <span class='ocrx_word' id='word_1_119' title='bbox 2218 1706 2313 1744; x_wconf 90' lang='lat' dir='ltr'><strong>su-</strong></span> 
     </span>
    </p>
   </div>
   <div class='ocr_carea' id='block_1_19' title="bbox 736 1778 2312 1848">
    <p class='ocr_par' dir='ltr' id='par_1_19' title="bbox 736 1778 2312 1848">
     <span class='ocr_line' id='line_1_19' title="bbox 736 1778 2312 1848; baseline 0.008 -22"><span class='ocrx_word' id='word_1_120' title='bbox 736 1778 946 1843; x_wconf 76' lang='lat' dir='ltr'><strong>premis</strong></span> <span class='ocrx_word' id='word_1_121' title='bbox 996 1778 1297 1848; x_wconf 88' lang='lat' dir='ltr'><strong>primisque</strong></span> <span class='ocrx_word' id='word_1_122' title='bbox 1345 1786 1634 1848; x_wconf 88' lang='lat' dir='ltr'><strong>coaptatur</strong></span> <span class='ocrx_word' id='word_1_123' title='bbox 1677 1785 1841 1848; x_wconf 90' lang='lat' dir='ltr'><strong>atque</strong></span> <span class='ocrx_word' id='word_1_124' title='bbox 1882 1780 2075 1835; x_wconf 91' lang='lat' dir='ltr'><strong>unitur</strong></span> <span class='ocrx_word' id='word_1_125' title='bbox 2111 1781 2210 1837; x_wconf 90' lang='lat' dir='ltr'><strong>Dei</strong></span> <span class='ocrx_word' id='word_1_126' title='bbox 2246 1781 2312 1836; x_wconf 82' lang='lat' dir='ltr'><strong>li-</strong></span> 
     </span>
    </p>
   </div>
   <div class='ocr_carea' id='block_1_20' title="bbox 737 1866 844 1921">
    <p class='ocr_par' dir='ltr' id='par_1_20' title="bbox 737 1866 844 1921">
     <span class='ocr_line' id='line_1_20' title="bbox 737 1866 844 1921; baseline 0.028 -3"><span class='ocrx_word' id='word_1_127' title='bbox 737 1866 844 1921; x_wconf 89' lang='lat' dir='ltr'><strong>liis.</strong></span> 
     </span>
    </p>
   </div>
   <div class='ocr_carea' id='block_1_21' title="bbox 801 2147 2312 2226">
    <p class='ocr_par' dir='ltr' id='par_1_21' title="bbox 801 2147 2312 2226">
     <span class='ocr_line' id='line_1_21' title="bbox 801 2147 2312 2226; baseline 0.006 -24"><span class='ocrx_word' id='word_1_128' title='bbox 801 2148 918 2203; x_wconf 85' lang='lat' dir='ltr'><strong>lloe</strong></span> <span class='ocrx_word' id='word_1_129' title='bbox 957 2147 1083 2212; x_wconf 90' lang='lat' dir='ltr'><strong>tibi,</strong></span> <span class='ocrx_word' id='word_1_130' title='bbox 1127 2147 1315 2204; x_wconf 87' lang='lat' dir='ltr'><strong>divine</strong></span> <span class='ocrx_word' id='word_1_131' title='bbox 1360 2149 1527 2204; x_wconf 77' lang='lat' dir='ltr'><strong>Verbi</strong></span> <span class='ocrx_word' id='word_1_132' title='bbox 1552 2164 1617 2205; x_wconf 86' lang='lat' dir='ltr'><strong>ac</strong></span> <span class='ocrx_word' id='word_1_133' title='bbox 1654 2149 2105 2226; x_wconf 83' lang='lat' dir='ltr'><strong>eloquentissime</strong></span> <span class='ocrx_word' id='word_1_134' title='bbox 2145 2153 2312 2211; x_wconf 89' lang='lat' dir='ltr'><strong>disci-</strong></span> 
     </span>
    </p>
   </div>
   <div class='ocr_carea' id='block_1_22' title="bbox 736 2238 2301 2312">
    <p class='ocr_par' dir='ltr' id='par_1_22' title="bbox 736 2238 2301 2312">
     <span class='ocr_line' id='line_1_22' title="bbox 736 2238 2301 2312; baseline 0.006 -21"><span class='ocrx_word' id='word_1_135' title='bbox 736 2240 883 2308; x_wconf 81' lang='lat' dir='ltr'><strong>pule,</strong></span> <span class='ocrx_word' id='word_1_136' title='bbox 934 2238 1038 2293; x_wconf 83' lang='lat' dir='ltr'><strong>hoc</strong></span> <span class='ocrx_word' id='word_1_137' title='bbox 1064 2239 1349 2307; x_wconf 91' lang='lat' dir='ltr'><strong>longorum</strong></span> <span class='ocrx_word' id='word_1_138' title='bbox 1382 2239 1654 2305; x_wconf 85' lang='lat' dir='ltr'><strong>laborum,</strong></span> <span class='ocrx_word' id='word_1_139' title='bbox 1690 2256 1829 2310; x_wconf 85' lang='lat' dir='ltr'><strong>quos</strong></span> <span class='ocrx_word' id='word_1_140' title='bbox 1863 2243 2110 2312; x_wconf 85' lang='lat' dir='ltr'><strong>magistri</strong></span> <span class='ocrx_word' id='word_1_141' title='bbox 2135 2261 2301 2301; x_wconf 88' lang='lat' dir='ltr'><strong>causa</strong></span> 
     </span>
    </p>
   </div>
   <div class='ocr_carea' id='block_1_23' title="bbox 736 2323 2303 2399">
    <p class='ocr_par' dir='ltr' id='par_1_23' title="bbox 736 2323 2303 2399">
     <span class='ocr_line' id='line_1_23' title="bbox 736 2323 2303 2399; baseline 0.006 -17"><span class='ocrx_word' id='word_1_142' title='bbox 736 2328 1127 2391; x_wconf 83' lang='lat' dir='ltr'><strong>desudaveras,</strong></span> <span class='ocrx_word' id='word_1_143' title='bbox 1180 2328 1406 2398; x_wconf 90' lang='lat' dir='ltr'><strong>dignum</strong></span> <span class='ocrx_word' id='word_1_144' title='bbox 1458 2331 1789 2399; x_wconf 71' lang='lat' dir='ltr'><strong>praemium;</strong></span> <span class='ocrx_word' id='word_1_145' title='bbox 1824 2342 1887 2387; x_wconf 91' lang='lat' dir='ltr'><strong>ut</strong></span> <span class='ocrx_word' id='word_1_146' title='bbox 1916 2335 2175 2390; x_wconf 84' lang='lat' dir='ltr'><strong>videlicet</strong></span> <span class='ocrx_word' id='word_1_147' title='bbox 2225 2323 2303 2391; x_wconf 85' lang='lat' dir='ltr'><strong>illi</strong></span> 
     </span>
    </p>
   </div>
   <div class='ocr_carea' id='block_1_24' title="bbox 735 2420 2305 2498">
    <p class='ocr_par' dir='ltr' id='par_1_24' title="bbox 735 2420 2305 2498">
     <span class='ocr_line' id='line_1_24' title="bbox 735 2420 2305 2498; baseline 0.006 -26"><span class='ocrx_word' id='word_1_148' title='bbox 735 2421 835 2489; x_wconf 79' lang='lat' dir='ltr'><strong>ipsi</strong></span> <span class='ocrx_word' id='word_1_149' title='bbox 879 2420 1243 2488; x_wconf 84' lang='lat' dir='ltr'><strong>eopulareris,</strong></span> <span class='ocrx_word' id='word_1_150' title='bbox 1274 2434 1338 2474; x_wconf 92' lang='lat' dir='ltr'><strong>ac</strong></span> <span class='ocrx_word' id='word_1_151' title='bbox 1369 2421 1515 2475; x_wconf 91' lang='lat' dir='ltr'><strong>sicut</strong></span> <span class='ocrx_word' id='word_1_152' title='bbox 1545 2437 1673 2476; x_wconf 89' lang='lat' dir='ltr'><strong>eum</strong></span> <span class='ocrx_word' id='word_1_153' title='bbox 1706 2424 2114 2481; x_wconf 86' lang='lat' dir='ltr'><strong>clarificaveras</strong></span> <span class='ocrx_word' id='word_1_154' title='bbox 2137 2444 2305 2498; x_wconf 84' lang='lat' dir='ltr'><strong>super</strong></span> 
     </span>
    </p>
   </div>
   <div class='ocr_carea' id='block_1_25' title="bbox 735 2512 2305 2575">
    <p class='ocr_par' dir='ltr' id='par_1_25' title="bbox 735 2512 2305 2575">
     <span class='ocr_line' id='line_1_25' title="bbox 735 2512 2305 2575; baseline 0.006 -10"><span class='ocrx_word' id='word_1_155' title='bbox 735 2523 962 2575; x_wconf 86' lang='lat' dir='ltr'><strong>terram,</strong></span> <span class='ocrx_word' id='word_1_156' title='bbox 1003 2512 1082 2566; x_wconf 90' lang='lat' dir='ltr'><strong>sic</strong></span> <span class='ocrx_word' id='word_1_157' title='bbox 1123 2527 1247 2566; x_wconf 93' lang='lat' dir='ltr'><strong>cum</strong></span> <span class='ocrx_word' id='word_1_158' title='bbox 1286 2528 1354 2566; x_wconf 88' lang='lat' dir='ltr'><strong>eo</strong></span> <span class='ocrx_word' id='word_1_159' title='bbox 1392 2512 1445 2565; x_wconf 90' lang='lat' dir='ltr'><strong>in</strong></span> <span class='ocrx_word' id='word_1_160' title='bbox 1476 2514 1633 2568; x_wconf 67' lang='lat' dir='ltr'><strong>caelis</strong></span> <span class='ocrx_word' id='word_1_161' title='bbox 1667 2516 2055 2573; x_wconf 88' lang='lat' dir='ltr'><strong>clarilicareris</strong></span> <span class='ocrx_word' id='word_1_162' title='bbox 2089 2535 2103 2572; x_wconf 91' lang='lat'><strong>:</strong></span> <span class='ocrx_word' id='word_1_163' title='bbox 2132 2535 2199 2573; x_wconf 90' lang='lat' dir='ltr'><strong>ac</strong></span> <span class='ocrx_word' id='word_1_164' title='bbox 2223 2521 2305 2575; x_wconf 89' lang='lat' dir='ltr'><strong>si-</strong></span> 
     </span>
    </p>
   </div>
   <div class='ocr_carea' id='block_1_26' title="bbox 736 2604 2305 2676">
    <p class='ocr_par' dir='ltr' id='par_1_26' title="bbox 736 2604 2305 2676">
     <span class='ocr_line' id='line_1_26' title="bbox 736 2604 2305 2676; baseline 0.006 -18"><span class='ocrx_word' id='word_1_165' title='bbox 736 2604 1123 2658; x_wconf 74' lang='lat' dir='ltr'><strong>:utexcellenti</strong></span> <span class='ocrx_word' id='word_1_166' title='bbox 1153 2604 1389 2673; x_wconf 85' lang='lat' dir='ltr'><strong>quadam</strong></span> <span class='ocrx_word' id='word_1_167' title='bbox 1416 2606 1627 2660; x_wconf 88' lang='lat' dir='ltr'><strong>ratione</strong></span> <span class='ocrx_word' id='word_1_168' title='bbox 1645 2607 1966 2676; x_wconf 86' lang='lat' dir='ltr'><strong>passionum</strong></span> <span class='ocrx_word' id='word_1_169' title='bbox 1998 2612 2185 2666; x_wconf 86' lang='lat' dir='ltr'><strong>socius</strong></span> <span class='ocrx_word' id='word_1_170' title='bbox 2206 2628 2305 2667; x_wconf 80' lang='lat' dir='ltr'><strong>ex-</strong></span> 
     </span>
    </p>
   </div>
   <div class='ocr_carea' id='block_1_27' title="bbox 735 2695 2305 2773">
    <p class='ocr_par' dir='ltr' id='par_1_27' title="bbox 735 2695 2305 2773">
     <span class='ocr_line' id='line_1_27' title="bbox 735 2695 2305 2773; baseline 0.008 -24"><span class='ocrx_word' id='word_1_171' title='bbox 735 2695 973 2761; x_wconf 78' lang='lat' dir='ltr'><strong>stiteras,</strong></span> <span class='ocrx_word' id='word_1_172' title='bbox 1004 2696 1085 2752; x_wconf 88' lang='lat' dir='ltr'><strong>sic</strong></span> <span class='ocrx_word' id='word_1_173' title='bbox 1112 2696 1359 2767; x_wconf 81' lang='lat' dir='ltr'><strong>ejusdem</strong></span> <span class='ocrx_word' id='word_1_174' title='bbox 1387 2710 1512 2751; x_wconf 92' lang='lat' dir='ltr'><strong>eum</strong></span> <span class='ocrx_word' id='word_1_175' title='bbox 1541 2713 1609 2753; x_wconf 92' lang='lat' dir='ltr'><strong>eo</strong></span> <span class='ocrx_word' id='word_1_176' title='bbox 1634 2700 1786 2772; x_wconf 92' lang='lat' dir='ltr'><strong>regni</strong></span> <span class='ocrx_word' id='word_1_177' title='bbox 1817 2702 2093 2773; x_wconf 87' lang='lat' dir='ltr'><strong>particeps</strong></span> <span class='ocrx_word' id='word_1_178' title='bbox 2119 2704 2305 2761; x_wconf 87' lang='lat' dir='ltr'><strong>elIice-</strong></span> 
     </span>
    </p>
   </div>
   <div class='ocr_carea' id='block_1_28' title="bbox 733 2788 894 2843">
    <p class='ocr_par' dir='ltr' id='par_1_28' title="bbox 733 2788 894 2843">
     <span class='ocr_line' id='line_1_28' title="bbox 733 2788 894 2843; baseline 0.019 -4"><span class='ocrx_word' id='word_1_179' title='bbox 733 2788 894 2843; x_wconf 87' lang='lat' dir='ltr'><strong>reris.</strong></span> 
     </span>
    </p>
   </div>
   <div class='ocr_carea' id='block_1_29' title="bbox 802 2877 2304 2958">
    <p class='ocr_par' dir='ltr' id='par_1_29' title="bbox 802 2877 2304 2958">
     <span class='ocr_line' id='line_1_29' title="bbox 802 2877 2304 2958; baseline 0.011 -26"><span class='ocrx_word' id='word_1_180' title='bbox 802 2877 963 2933; x_wconf 83' lang='lat' dir='ltr'><strong>Salve</strong></span> <span class='ocrx_word' id='word_1_181' title='bbox 997 2877 1075 2933; x_wconf 84' lang='lat' dir='ltr'><strong>sis</strong></span> <span class='ocrx_word' id='word_1_182' title='bbox 1097 2877 1283 2949; x_wconf 84' lang='lat' dir='ltr'><strong>igitur,</strong></span> <span class='ocrx_word' id='word_1_183' title='bbox 1316 2878 1429 2935; x_wconf 88' lang='lat' dir='ltr'><strong>Deo</strong></span> <span class='ocrx_word' id='word_1_184' title='bbox 1456 2879 1776 2939; x_wconf 85' lang='lat' dir='ltr'><strong>beatissime</strong></span> <span class='ocrx_word' id='word_1_185' title='bbox 1832 2899 2159 2958; x_wconf 85' lang='lat' dir='ltr'><strong>summeque</strong></span> <span class='ocrx_word' id='word_1_186' title='bbox 2205 2908 2304 2948; x_wconf 90' lang='lat' dir='ltr'><strong>ve-</strong></span> 
     </span>
    </p>
   </div>
   <div class='ocr_carea' id='block_1_30' title="bbox 732 2968 2307 3053">
    <p class='ocr_par' dir='ltr' id='par_1_30' title="bbox 732 2968 2307 3053">
     <span class='ocr_line' id='line_1_30' title="bbox 732 2968 2307 3053; baseline 0.009 -29"><span class='ocrx_word' id='word_1_187' title='bbox 732 2969 997 3024; x_wconf 87' lang='lat' dir='ltr'><strong>nerabilis</strong></span> <span class='ocrx_word' id='word_1_188' title='bbox 1029 2968 1248 3035; x_wconf 88' lang='lat' dir='ltr'><strong>Simon,</strong></span> <span class='ocrx_word' id='word_1_189' title='bbox 1267 2970 1602 3028; x_wconf 71' lang='lat' dir='ltr'><strong>obedientiae</strong></span> <span class='ocrx_word' id='word_1_190' title='bbox 1620 2989 1822 3030; x_wconf 90' lang='lat' dir='ltr'><strong>nomen</strong></span> <span class='ocrx_word' id='word_1_191' title='bbox 1859 2977 1990 3045; x_wconf 89' lang='lat' dir='ltr'><strong>(hoc</strong></span> <span class='ocrx_word' id='word_1_192' title='bbox 2009 2981 2157 3035; x_wconf 86' lang='lat' dir='ltr'><strong>enim</strong></span> <span class='ocrx_word' id='word_1_193' title='bbox 2184 2985 2307 3053; x_wconf 85' lang='lat' dir='ltr'><strong>ejus</strong></span> 
     </span>
    </p>
   </div>
   <div class='ocr_carea' id='block_1_31' title="bbox 732 3068 2307 3151">
    <p class='ocr_par' dir='ltr' id='par_1_31' title="bbox 732 3068 2307 3151">
     <span class='ocr_line' id='line_1_31' title="bbox 732 3068 2307 3151; baseline 0.004 -29"><span class='ocrx_word' id='word_1_194' title='bbox 732 3068 1123 3139; x_wconf 76' lang='lat' dir='ltr'><strong>significatum)</strong></span> <span class='ocrx_word' id='word_1_195' title='bbox 1154 3068 1319 3139; x_wconf 80' lang='lat' dir='ltr'><strong>digne</strong></span> <span class='ocrx_word' id='word_1_196' title='bbox 1350 3071 1464 3124; x_wconf 91' lang='lat' dir='ltr'><strong>Deo</strong></span> <span class='ocrx_word' id='word_1_197' title='bbox 1483 3070 1717 3124; x_wconf 85' lang='lat' dir='ltr'><strong>laudada</strong></span> <span class='ocrx_word' id='word_1_198' title='bbox 1750 3087 1839 3125; x_wconf 90' lang='lat' dir='ltr'><strong>res</strong></span> <span class='ocrx_word' id='word_1_199' title='bbox 1860 3071 2138 3142; x_wconf 78' lang='lat' dir='ltr'><strong>digneque</strong></span> <span class='ocrx_word' id='word_1_200' title='bbox 2160 3089 2307 3151; x_wconf 79' lang='lat' dir='ltr'><strong>ama-</strong></span> 
     </span>
    </p>
   </div>
   <div class='ocr_carea' id='block_1_32' title="bbox 2417 588 3991 659">
    <p class='ocr_par' dir='ltr' id='par_1_32' title="bbox 2417 588 3991 659">
     <span class='ocr_line' id='line_1_32' title="bbox 2417 588 3991 659; baseline 0.003 -19"><span class='ocrx_word' id='word_1_201' title='bbox 2417 588 2520 655; x_wconf 81' lang='grc' dir='ltr'>τοῦ,</span> <span class='ocrx_word' id='word_1_202' title='bbox 2539 588 2791 658; x_wconf 82' lang='grc' dir='ltr'>σώματος</span> <span class='ocrx_word' id='word_1_203' title='bbox 2823 589 3192 655; x_wconf 75' lang='grc' dir='ltr'><strong>ἐξιστάμενος,</strong></span> <span class='ocrx_word' id='word_1_204' title='bbox 3232 590 3366 659; x_wconf 82' lang='grc' dir='ltr'>πρὸς</span> <span class='ocrx_word' id='word_1_205' title='bbox 3410 590 3601 643; x_wconf 77' lang='grc' dir='ltr'>ἑαυτὸν</span> <span class='ocrx_word' id='word_1_206' title='bbox 3630 590 3686 643; x_wconf 82' lang='grc' dir='ltr'>δὲ</span> <span class='ocrx_word' id='word_1_207' title='bbox 3711 608 3991 644; x_wconf 84' lang='grc' dir='ltr'>συννενευ-</span> 
     </span>
    </p>
   </div>
   <div class='ocr_carea' id='block_1_33' title="bbox 2419 675 3992 750">
    <p class='ocr_par' dir='ltr' id='par_1_33' title="bbox 2419 675 3992 750">
     <span class='ocr_line' id='line_1_33' title="bbox 2419 675 3992 750; baseline 0.003 -19"><span class='ocrx_word' id='word_1_208' title='bbox 2419 679 2528 743; x_wconf 84' lang='grc' dir='ltr'>κὼς</span> <span class='ocrx_word' id='word_1_209' title='bbox 2561 680 2701 742; x_wconf 81' lang='grc' dir='ltr'>ὅλος,</span> <span class='ocrx_word' id='word_1_210' title='bbox 2739 679 2834 733; x_wconf 71' lang='grc' dir='ltr'>καὶ</span> <span class='ocrx_word' id='word_1_211' title='bbox 2862 681 2929 732; x_wconf 76' lang='grc' dir='ltr'>δι’</span> <span class='ocrx_word' id='word_1_212' title='bbox 2956 680 3151 733; x_wconf 80' lang='grc' dir='ltr'>ἑαυτοῦ</span> <span class='ocrx_word' id='word_1_213' title='bbox 3186 681 3323 750; x_wconf 81' lang='grc' dir='ltr'>πρὸς</span> <span class='ocrx_word' id='word_1_214' title='bbox 3344 681 3458 743; x_wconf 75' lang='grc' dir='ltr'>τὸν,</span> <span class='ocrx_word' id='word_1_215' title='bbox 3486 683 3545 733; x_wconf 78' lang='grc' dir='ltr'>ἐν</span> <span class='ocrx_word' id='word_1_216' title='bbox 3568 675 3612 749; x_wconf 81' lang='grc' dir='ltr'>ᾧ</span> <span class='ocrx_word' id='word_1_217' title='bbox 3639 683 3727 735; x_wconf 85' lang='grc' dir='ltr'>διὰ</span> <span class='ocrx_word' id='word_1_218' title='bbox 3757 684 3992 744; x_wconf 85' lang='grc' dir='ltr'>πίστεως</span> 
     </span>
    </p>
   </div>
   <div class='ocr_carea' id='block_1_34' title="bbox 2415 765 3993 844">
    <p class='ocr_par' dir='ltr' id='par_1_34' title="bbox 2415 765 3993 844">
     <span class='ocr_line' id='line_1_34' title="bbox 2415 765 3993 844; baseline 0.002 -22"><span class='ocrx_word' id='word_1_219' title='bbox 2415 765 2484 840; x_wconf 79' lang='grc' dir='ltr'>ἦν</span> <span class='ocrx_word' id='word_1_220' title='bbox 2516 771 2601 824; x_wconf 82' lang='grc' dir='ltr'>ἀεὶ</span> <span class='ocrx_word' id='word_1_221' title='bbox 2634 770 3047 841; x_wconf 81' lang='grc' dir='ltr'>μεθιστάμενος,</span> <span class='ocrx_word' id='word_1_222' title='bbox 3080 772 3483 836; x_wconf 77' lang='grc' dir='ltr'>ἀποδιῡλίζεται</span> <span class='ocrx_word' id='word_1_223' title='bbox 3511 773 3608 842; x_wconf 87' lang='grc' dir='ltr'><strong>μὲν</strong></span> <span class='ocrx_word' id='word_1_224' title='bbox 3629 774 3879 844; x_wconf 80' lang='grc' dir='ltr'>καθάπερ</span> <span class='ocrx_word' id='word_1_225' title='bbox 3898 772 3993 825; x_wconf 89' lang='grc' dir='ltr'><strong>τοῦ</strong></span> 
     </span>
    </p>
   </div>
   <div class='ocr_carea' id='block_1_35' title="bbox 2418 862 3989 934">
    <p class='ocr_par' dir='ltr' id='par_1_35' title="bbox 2418 862 3989 934">
     <span class='ocr_line' id='line_1_35' title="bbox 2418 862 3989 934; baseline 0.001 -20"><span class='ocrx_word' id='word_1_226' title='bbox 2418 862 2691 931; x_wconf 80' lang='grc' dir='ltr'>σώματος,</span> <span class='ocrx_word' id='word_1_227' title='bbox 2727 862 2895 915; x_wconf 86' lang='grc' dir='ltr'>πάλαι</span> <span class='ocrx_word' id='word_1_228' title='bbox 2926 863 2988 914; x_wconf 76' lang='grc' dir='ltr'><strong>τὸ</strong></span> <span class='ocrx_word' id='word_1_229' title='bbox 3016 863 3269 933; x_wconf 83' lang='grc' dir='ltr'><strong>σάρκινον</strong></span> <span class='ocrx_word' id='word_1_230' title='bbox 3298 865 3523 933; x_wconf 78' lang='grc' dir='ltr'>φόρημα</span> <span class='ocrx_word' id='word_1_231' title='bbox 3558 865 3989 934; x_wconf 82' lang='grc' dir='ltr'>νενεκρωμένος·</span> 
     </span>
    </p>
   </div>
   <div class='ocr_carea' id='block_1_36' title="bbox 2417 949 3991 1027">
    <p class='ocr_par' dir='ltr' id='par_1_36' title="bbox 2417 949 3991 1027">
     <span class='ocr_line' id='line_1_36' title="bbox 2417 949 3991 1027; baseline 0.001 -22"><span class='ocrx_word' id='word_1_232' title='bbox 2417 949 2504 1007; x_wconf 78' lang='grc' dir='ltr'>οἷα</span> <span class='ocrx_word' id='word_1_233' title='bbox 2532 956 2590 1007; x_wconf 83' lang='grc' dir='ltr'><strong>δὲ</strong></span> <span class='ocrx_word' id='word_1_234' title='bbox 2616 954 2801 1024; x_wconf 85' lang='grc' dir='ltr'>πτερῷ</span> <span class='ocrx_word' id='word_1_235' title='bbox 2823 954 3011 1023; x_wconf 80' lang='grc' dir='ltr'><strong>κούφῳ</strong></span> <span class='ocrx_word' id='word_1_236' title='bbox 3052 957 3146 1007; x_wconf 72' lang='grc' dir='ltr'><strong>καὶ</strong></span> <span class='ocrx_word' id='word_1_237' title='bbox 3180 956 3537 1027; x_wconf 83' lang='grc' dir='ltr'>οὑρανοπόρῳ</span> <span class='ocrx_word' id='word_1_238' title='bbox 3591 955 3669 1024; x_wconf 80' lang='grc' dir='ltr'>τῷ</span> <span class='ocrx_word' id='word_1_239' title='bbox 3723 957 3991 1025; x_wconf 84' lang='grc' dir='ltr'>πνεύματι</span> 
     </span>
    </p>
   </div>
   <div class='ocr_carea' id='block_1_37' title="bbox 2415 1042 3991 1116">
    <p class='ocr_par' dir='ltr' id='par_1_37' title="bbox 2415 1042 3991 1116">
     <span class='ocr_line' id='line_1_37' title="bbox 2415 1042 3991 1116; baseline 0.004 -23"><span class='ocrx_word' id='word_1_240' title='bbox 2415 1042 2754 1113; x_wconf 81' lang='grc' dir='ltr'>διαιρόμενος</span> <span class='ocrx_word' id='word_1_241' title='bbox 2780 1045 2859 1106; x_wconf 82' lang='grc' dir='ltr'><strong>είς</strong></span> <span class='ocrx_word' id='word_1_242' title='bbox 2885 1044 3169 1113; x_wconf 80' lang='grc' dir='ltr'>οὐρανοὺς,</span> <span class='ocrx_word' id='word_1_243' title='bbox 3191 1047 3292 1116; x_wconf 78' lang='grc' dir='ltr'>ὁρᾷ</span> <span class='ocrx_word' id='word_1_244' title='bbox 3324 1045 3421 1114; x_wconf 80' lang='grc' dir='ltr'><strong>μὲν</strong></span> <span class='ocrx_word' id='word_1_245' title='bbox 3454 1045 3553 1106; x_wconf 74' lang='grc' dir='ltr'>τὰς</span> <span class='ocrx_word' id='word_1_246' title='bbox 3579 1046 3833 1115; x_wconf 79' lang='grc' dir='ltr'>οὐρανίας</span> <span class='ocrx_word' id='word_1_247' title='bbox 3859 1048 3991 1099; x_wconf 81' lang='grc' dir='ltr'>ἀνα-</span> 
     </span>
    </p>
   </div>
   <div class='ocr_carea' id='block_1_38' title="bbox 2416 1133 3993 1207">
    <p class='ocr_par' dir='ltr' id='par_1_38' title="bbox 2416 1133 3993 1207">
     <span class='ocr_line' id='line_1_38' title="bbox 2416 1133 3993 1207; baseline 0.003 -23"><span class='ocrx_word' id='word_1_248' title='bbox 2416 1133 2774 1201; x_wconf 78' lang='grc' dir='ltr'><strong>πεπταμένας</strong></span> <span class='ocrx_word' id='word_1_249' title='bbox 2808 1133 2956 1203; x_wconf 84' lang='grc' dir='ltr'>αὑτῷ</span> <span class='ocrx_word' id='word_1_250' title='bbox 2995 1134 3169 1198; x_wconf 88' lang='grc' dir='ltr'>πύλας</span> <span class='ocrx_word' id='word_1_251' title='bbox 3200 1151 3216 1168; x_wconf 77' lang='grc' dir='ltr'><strong>ο</strong></span> <span class='ocrx_word' id='word_1_252' title='bbox 3246 1136 3349 1207; x_wconf 79' lang='grc' dir='ltr'><strong>ὁρᾷ</strong></span> <span class='ocrx_word' id='word_1_253' title='bbox 3373 1135 3427 1189; x_wconf 78' lang='grc' dir='ltr'>δὲ</span> <span class='ocrx_word' id='word_1_254' title='bbox 3457 1136 3716 1205; x_wconf 85' lang='grc' dir='ltr'>καθαρῶς</span> <span class='ocrx_word' id='word_1_255' title='bbox 3750 1137 3841 1191; x_wconf 82' lang='grc' dir='ltr'><strong>τὸν</strong></span> <span class='ocrx_word' id='word_1_256' title='bbox 3863 1138 3993 1190; x_wconf 80' lang='grc' dir='ltr'>Υἱδν</span> 
     </span>
    </p>
   </div>
   <div class='ocr_carea' id='block_1_39' title="bbox 2416 1220 3995 1298">
    <p class='ocr_par' dir='ltr' id='par_1_39' title="bbox 2416 1220 3995 1298">
     <span class='ocr_line' id='line_1_39' title="bbox 2416 1220 3995 1298; baseline 0.004 -25"><span class='ocrx_word' id='word_1_257' title='bbox 2416 1220 2509 1274; x_wconf 87' lang='grc' dir='ltr'><strong>τοῦ</strong></span> <span class='ocrx_word' id='word_1_258' title='bbox 2538 1222 2674 1274; x_wconf 83' lang='grc' dir='ltr'><strong>Θεοῦ</strong></span> <span class='ocrx_word' id='word_1_259' title='bbox 2704 1226 2767 1275; x_wconf 83' lang='grc' dir='ltr'>ὲκ</span> <span class='ocrx_word' id='word_1_260' title='bbox 2787 1221 2973 1287; x_wconf 75' lang='grc' dir='ltr'>δεξιῶν</span> <span class='ocrx_word' id='word_1_261' title='bbox 2995 1224 3096 1294; x_wconf 81' lang='grc' dir='ltr'>τῆς</span> <span class='ocrx_word' id='word_1_262' title='bbox 3128 1225 3395 1295; x_wconf 84' lang='grc' dir='ltr'>Πατρώας</span> <span class='ocrx_word' id='word_1_263' title='bbox 3424 1225 3816 1296; x_wconf 83' lang='grc' dir='ltr'><strong>μεγαλωσύνης</strong></span> <span class='ocrx_word' id='word_1_264' title='bbox 3849 1227 3995 1298; x_wconf 84' lang='grc' dir='ltr'>ίδρυ-</span> 
     </span>
    </p>
   </div>
   <div class='ocr_carea' id='block_1_40' title="bbox 2421 1312 3995 1387">
    <p class='ocr_par' dir='ltr' id='par_1_40' title="bbox 2421 1312 3995 1387">
     <span class='ocr_line' id='line_1_40' title="bbox 2421 1312 3995 1387; baseline 0.005 -23"><span class='ocrx_word' id='word_1_265' title='bbox 2421 1312 2581 1381; x_wconf 82' lang='grc' dir='ltr'>μένον</span> <span class='ocrx_word' id='word_1_266' title='bbox 2604 1329 2617 1341; x_wconf 87' lang='grc'><strong>·</strong></span> <span class='ocrx_word' id='word_1_267' title='bbox 2652 1315 2746 1367; x_wconf 81' lang='grc' dir='ltr'>καὶ</span> <span class='ocrx_word' id='word_1_268' title='bbox 2769 1316 2928 1379; x_wconf 74' lang='grc' dir='ltr'>αὑτὸς</span> <span class='ocrx_word' id='word_1_269' title='bbox 2953 1315 3057 1368; x_wconf 80' lang='grc' dir='ltr'><strong>ὑπὸ</strong></span> <span class='ocrx_word' id='word_1_270' title='bbox 3091 1316 3271 1383; x_wconf 78' lang='grc' dir='ltr'>πάσης</span> <span class='ocrx_word' id='word_1_271' title='bbox 3309 1319 3503 1387; x_wconf 75' lang='grc' dir='ltr'>νοερᾶς</span> <span class='ocrx_word' id='word_1_272' title='bbox 3529 1318 3624 1371; x_wconf 78' lang='grc' dir='ltr'>καὶ</span> <span class='ocrx_word' id='word_1_273' title='bbox 3644 1319 3803 1385; x_wconf 90' lang='grc' dir='ltr'>ἀγίας</span> <span class='ocrx_word' id='word_1_274' title='bbox 3840 1318 3995 1387; x_wconf 87' lang='grc' dir='ltr'>δορυ-</span> 
     </span>
    </p>
   </div>
   <div class='ocr_carea' id='block_1_41' title="bbox 2418 1404 3997 1480">
    <p class='ocr_par' dir='ltr' id='par_1_41' title="bbox 2418 1404 3997 1480">
     <span class='ocr_line' id='line_1_41' title="bbox 2418 1404 3997 1480; baseline 0.005 -25"><span class='ocrx_word' id='word_1_275' title='bbox 2418 1404 2749 1474; x_wconf 82' lang='grc' dir='ltr'>φορούμενος</span> <span class='ocrx_word' id='word_1_276' title='bbox 2782 1407 3125 1477; x_wconf 81' lang='grc' dir='ltr'>ταξιαρχίας,</span> <span class='ocrx_word' id='word_1_277' title='bbox 3156 1409 3403 1477; x_wconf 84' lang='grc' dir='ltr'>πρόσεισι</span> <span class='ocrx_word' id='word_1_278' title='bbox 3434 1411 3712 1478; x_wconf 85' lang='grc' dir='ltr'>μυστικῶς</span> <span class='ocrx_word' id='word_1_279' title='bbox 3756 1410 3849 1463; x_wconf 79' lang='grc' dir='ltr'>καὶ</span> <span class='ocrx_word' id='word_1_280' title='bbox 3897 1412 3997 1480; x_wconf 62' lang='lat' dir='ltr'><strong>dp-</strong></span> 
     </span>
    </p>
   </div>
   <div class='ocr_carea' id='block_1_42' title="bbox 2419 1498 3995 1573">
    <p class='ocr_par' dir='ltr' id='par_1_42' title="bbox 2419 1498 3995 1573">
     <span class='ocr_line' id='line_1_42' title="bbox 2419 1498 3995 1573; baseline 0.005 -25"><span class='ocrx_word' id='word_1_281' title='bbox 2419 1499 2598 1566; x_wconf 73' lang='grc' dir='ltr'>ρήτως</span> <span class='ocrx_word' id='word_1_282' title='bbox 2621 1498 2698 1566; x_wconf 84' lang='grc' dir='ltr'>τῷ</span> <span class='ocrx_word' id='word_1_283' title='bbox 2725 1498 2828 1566; x_wconf 81' lang='grc' dir='ltr'>τῆς</span> <span class='ocrx_word' id='word_1_284' title='bbox 2858 1498 3018 1570; x_wconf 81' lang='grc' dir='ltr'><strong>δόξης</strong></span> <span class='ocrx_word' id='word_1_285' title='bbox 3041 1502 3100 1551; x_wconf 83' lang='grc' dir='ltr'>ἐν</span> <span class='ocrx_word' id='word_1_286' title='bbox 3134 1501 3454 1568; x_wconf 81' lang='grc' dir='ltr'>ἀγαλλιάσει</span> <span class='ocrx_word' id='word_1_287' title='bbox 3484 1503 3829 1573; x_wconf 77' lang='grc' dir='ltr'>Παμὸασιλεῖ</span> <span class='ocrx_word' id='word_1_288' title='bbox 3849 1520 3863 1533; x_wconf 88' lang='grc'><strong>·</strong></span> <span class='ocrx_word' id='word_1_289' title='bbox 3901 1506 3995 1556; x_wconf 80' lang='grc' dir='ltr'><strong>καὶ</strong></span> 
     </span>
    </p>
   </div>
   <div class='ocr_carea' id='block_1_43' title="bbox 2416 1588 3997 1665">
    <p class='ocr_par' dir='ltr' id='par_1_43' title="bbox 2416 1588 3997 1665">
     <span class='ocr_line' id='line_1_43' title="bbox 2416 1588 3997 1665; baseline 0.003 -22"><span class='ocrx_word' id='word_1_290' title='bbox 2416 1588 2565 1658; x_wconf 83' lang='grc' dir='ltr'>αὑτῷ</span> <span class='ocrx_word' id='word_1_291' title='bbox 2617 1590 2913 1658; x_wconf 84' lang='grc' dir='ltr'>πρόσωπον</span> <span class='ocrx_word' id='word_1_292' title='bbox 2962 1591 3101 1660; x_wconf 69' lang='grc' dir='ltr'>πρὸς</span> <span class='ocrx_word' id='word_1_293' title='bbox 3149 1592 3442 1660; x_wconf 83' lang='grc' dir='ltr'>πρόσωπον</span> <span class='ocrx_word' id='word_1_294' title='bbox 3501 1593 3878 1665; x_wconf 80' lang='grc' dir='ltr'>ἐντετυχηκὼς</span> <span class='ocrx_word' id='word_1_295' title='bbox 3903 1596 3997 1647; x_wconf 82' lang='grc' dir='ltr'><strong>καὶ</strong></span> 
     </span>
    </p>
   </div>
   <div class='ocr_carea' id='block_1_44' title="bbox 2417 1680 3994 1756">
    <p class='ocr_par' dir='ltr' id='par_1_44' title="bbox 2417 1680 3994 1756">
     <span class='ocr_line' id='line_1_44' title="bbox 2417 1680 3994 1756; baseline 0.003 -23"><span class='ocrx_word' id='word_1_296' title='bbox 2417 1680 2711 1752; x_wconf 84' lang='grc' dir='ltr'>ὑπερφυῶς</span> <span class='ocrx_word' id='word_1_297' title='bbox 2735 1680 2896 1735; x_wconf 79' lang='grc' dir='ltr'>αὑτὸν</span> <span class='ocrx_word' id='word_1_298' title='bbox 2926 1682 3184 1751; x_wconf 84' lang='grc' dir='ltr'>ὑμνηκώς</span> <span class='ocrx_word' id='word_1_299' title='bbox 3212 1697 3228 1713; x_wconf 86' lang='grc'><strong>·</strong></span> <span class='ocrx_word' id='word_1_300' title='bbox 3260 1685 3354 1735; x_wconf 73' lang='grc' dir='ltr'><strong>καὶ</strong></span> <span class='ocrx_word' id='word_1_301' title='bbox 3382 1686 3462 1754; x_wconf 85' lang='grc' dir='ltr'>τῷ</span> <span class='ocrx_word' id='word_1_302' title='bbox 3511 1687 3761 1756; x_wconf 86' lang='grc' dir='ltr'>στεφάνῳ</span> <span class='ocrx_word' id='word_1_303' title='bbox 3784 1686 3886 1753; x_wconf 84' lang='grc' dir='ltr'>τῆς</span> <span class='ocrx_word' id='word_1_304' title='bbox 3912 1689 3994 1738; x_wconf 85' lang='grc' dir='ltr'>δι-</span> 
     </span>
    </p>
   </div>
   <div class='ocr_carea' id='block_1_45' title="bbox 2417 1772 3998 1847">
    <p class='ocr_par' dir='ltr' id='par_1_45' title="bbox 2417 1772 3998 1847">
     <span class='ocr_line' id='line_1_45' title="bbox 2417 1772 3998 1847; baseline 0.003 -23"><span class='ocrx_word' id='word_1_305' title='bbox 2417 1772 2715 1841; x_wconf 89' lang='grc' dir='ltr'>καιοσύνης</span> <span class='ocrx_word' id='word_1_306' title='bbox 2744 1772 2893 1842; x_wconf 84' lang='grc' dir='ltr'><strong>παρά</strong></span> <span class='ocrx_word' id='word_1_307' title='bbox 2922 1774 3021 1843; x_wconf 79' lang='grc' dir='ltr'><strong>τῆς</strong></span> <span class='ocrx_word' id='word_1_308' title='bbox 3048 1774 3228 1839; x_wconf 80' lang='grc' dir='ltr'>δεξιᾶς</span> <span class='ocrx_word' id='word_1_309' title='bbox 3257 1776 3700 1847; x_wconf 72' lang='grc' dir='ltr'>ἐστεφανωμένος</span> <span class='ocrx_word' id='word_1_310' title='bbox 3746 1776 3841 1831; x_wconf 88' lang='grc' dir='ltr'><strong>τοῦ</strong></span> <span class='ocrx_word' id='word_1_311' title='bbox 3892 1778 3998 1847; x_wconf 82' lang='grc' dir='ltr'><strong>’1η-</strong></span> 
     </span>
    </p>
   </div>
   <div class='ocr_carea' id='block_1_46' title="bbox 2420 1863 3993 1939">
    <p class='ocr_par' dir='ltr' id='par_1_46' title="bbox 2420 1863 3993 1939">
     <span class='ocr_line' id='line_1_46' title="bbox 2420 1863 3993 1939; baseline 0.005 -23"><span class='ocrx_word' id='word_1_312' title='bbox 2420 1863 2513 1916; x_wconf 88' lang='grc' dir='ltr'><strong>σοῦ</strong></span> <span class='ocrx_word' id='word_1_313' title='bbox 2550 1878 2563 1894; x_wconf 88' lang='grc'><strong>·</strong></span> <span class='ocrx_word' id='word_1_314' title='bbox 2590 1866 2683 1917; x_wconf 73' lang='grc' dir='ltr'><strong>καὶ</strong></span> <span class='ocrx_word' id='word_1_315' title='bbox 2705 1865 2947 1936; x_wconf 72' lang='grc' dir='ltr'>ἀρρήτου</span> <span class='ocrx_word' id='word_1_316' title='bbox 2964 1866 3265 1931; x_wconf 80' lang='grc' dir='ltr'>δεξιώσεως</span> <span class='ocrx_word' id='word_1_317' title='bbox 3298 1868 3395 1923; x_wconf 76' lang='grc' dir='ltr'>καὶ</span> <span class='ocrx_word' id='word_1_318' title='bbox 3413 1870 3580 1939; x_wconf 82' lang='grc' dir='ltr'>τιμῆς</span> <span class='ocrx_word' id='word_1_319' title='bbox 3610 1870 3993 1935; x_wconf 77' lang='grc' dir='ltr'>καταξιωθεὶς,</span> 
     </span>
    </p>
   </div>
   <div class='ocr_carea' id='block_1_47' title="bbox 2416 1956 3997 2032">
    <p class='ocr_par' dir='ltr' id='par_1_47' title="bbox 2416 1956 3997 2032">
     <span class='ocr_line' id='line_1_47' title="bbox 2416 1956 3997 2032; baseline 0.004 -24"><span class='ocrx_word' id='word_1_320' title='bbox 2416 1958 2529 2019; x_wconf 85' lang='grc' dir='ltr'>τοῖς</span> <span class='ocrx_word' id='word_1_321' title='bbox 2558 1956 2821 2010; x_wconf 83' lang='grc' dir='ltr'><strong>ἀνωτάτω</strong></span> <span class='ocrx_word' id='word_1_322' title='bbox 2847 1956 2942 2010; x_wconf 76' lang='grc' dir='ltr'>καὶ</span> <span class='ocrx_word' id='word_1_323' title='bbox 2965 1961 3204 2026; x_wconf 81' lang='grc' dir='ltr'>πρώτοις</span> <span class='ocrx_word' id='word_1_324' title='bbox 3231 1958 3325 2013; x_wconf 85' lang='grc' dir='ltr'><strong>τοῦ</strong></span> <span class='ocrx_word' id='word_1_325' title='bbox 3392 1959 3529 2014; x_wconf 79' lang='grc' dir='ltr'>Θεοῦ</span> <span class='ocrx_word' id='word_1_326' title='bbox 3594 1961 3997 2032; x_wconf 79' lang='grc' dir='ltr'>συναρμόζεται</span> 
     </span>
    </p>
   </div>
   <div class='ocr_carea' id='block_1_48' title="bbox 2419 2049 3102 2104">
    <p class='ocr_par' dir='ltr' id='par_1_48' title="bbox 2419 2049 3102 2104">
     <span class='ocr_line' id='line_1_48' title="bbox 2419 2049 3102 2104; baseline 0.006 -4"><span class='ocrx_word' id='word_1_327' title='bbox 2419 2050 2513 2101; x_wconf 75' lang='grc' dir='ltr'>καὶ</span> <span class='ocrx_word' id='word_1_328' title='bbox 2550 2049 2868 2103; x_wconf 84' lang='grc' dir='ltr'>συνενοῦται</span> <span class='ocrx_word' id='word_1_329' title='bbox 2892 2051 3102 2104; x_wconf 86' lang='grc' dir='ltr'>παισίν.</span> 
     </span>
    </p>
   </div>
   <div class='ocr_carea' id='block_1_49' title="bbox 2487 2137 4000 2216">
    <p class='ocr_par' dir='ltr' id='par_1_49' title="bbox 2487 2137 4000 2216">
     <span class='ocr_line' id='line_1_49' title="bbox 2487 2137 4000 2216; baseline 0.006 -26"><span class='ocrx_word' id='word_1_330' title='bbox 2487 2137 2658 2191; x_wconf 83' lang='grc' dir='ltr'>Τοῦτό</span> <span class='ocrx_word' id='word_1_331' title='bbox 2701 2155 2807 2204; x_wconf 88' lang='grc' dir='ltr'>σοι,</span> <span class='ocrx_word' id='word_1_332' title='bbox 2838 2138 3090 2192; x_wconf 82' lang='grc' dir='ltr'>θεσπέσιε</span> <span class='ocrx_word' id='word_1_333' title='bbox 3114 2140 3207 2194; x_wconf 86' lang='grc' dir='ltr'><strong>τοῦ</strong></span> <span class='ocrx_word' id='word_1_334' title='bbox 3242 2140 3419 2207; x_wconf 82' lang='grc' dir='ltr'>Λόγου</span> <span class='ocrx_word' id='word_1_335' title='bbox 3447 2143 3540 2195; x_wconf 74' lang='grc' dir='ltr'><strong>καὶ</strong></span> <span class='ocrx_word' id='word_1_336' title='bbox 3569 2143 3867 2212; x_wconf 79' lang='grc' dir='ltr'>λογιώτατε</span> <span class='ocrx_word' id='word_1_337' title='bbox 3900 2162 4000 2216; x_wconf 83' lang='grc' dir='ltr'>μα-</span> 
     </span>
    </p>
   </div>
   <div class='ocr_carea' id='block_1_50' title="bbox 2416 2226 4001 2302">
    <p class='ocr_par' dir='ltr' id='par_1_50' title="bbox 2416 2226 4001 2302">
     <span class='ocr_line' id='line_1_50' title="bbox 2416 2226 4001 2302; baseline 0.006 -22"><span class='ocrx_word' id='word_1_338' title='bbox 2416 2227 2586 2295; x_wconf 84' lang='grc' dir='ltr'>θητά·</span> <span class='ocrx_word' id='word_1_339' title='bbox 2610 2226 2771 2280; x_wconf 86' lang='grc' dir='ltr'>τοῦτο</span> <span class='ocrx_word' id='word_1_340' title='bbox 2795 2229 2905 2279; x_wconf 90' lang='grc' dir='ltr'><strong>τῶν</strong></span> <span class='ocrx_word' id='word_1_341' title='bbox 2934 2230 3162 2299; x_wconf 87' lang='grc' dir='ltr'>μακρῶν</span> <span class='ocrx_word' id='word_1_342' title='bbox 3194 2232 3335 2302; x_wconf 83' lang='grc' dir='ltr'>ὑπὲρ</span> <span class='ocrx_word' id='word_1_343' title='bbox 3356 2230 3449 2285; x_wconf 91' lang='grc' dir='ltr'><strong>τοῦ</strong></span> <span class='ocrx_word' id='word_1_344' title='bbox 3469 2232 3790 2287; x_wconf 84' lang='grc' dir='ltr'>διδασκάλου</span> <span class='ocrx_word' id='word_1_345' title='bbox 3818 2238 4001 2290; x_wconf 75' lang='grc' dir='ltr'>πόνων</span> 
     </span>
    </p>
   </div>
   <div class='ocr_carea' id='block_1_51' title="bbox 2414 2320 3999 2397">
    <p class='ocr_par' dir='ltr' id='par_1_51' title="bbox 2414 2320 3999 2397">
     <span class='ocr_line' id='line_1_51' title="bbox 2414 2320 3999 2397; baseline 0.006 -25"><span class='ocrx_word' id='word_1_346' title='bbox 2414 2321 2475 2372; x_wconf 80' lang='grc' dir='ltr'><strong>τὸ</strong></span> <span class='ocrx_word' id='word_1_347' title='bbox 2503 2320 2674 2390; x_wconf 79' lang='grc' dir='ltr'>γέρας</span> <span class='ocrx_word' id='word_1_348' title='bbox 2708 2320 2981 2384; x_wconf 80' lang='grc' dir='ltr'>ἀντάξιον,</span> <span class='ocrx_word' id='word_1_349' title='bbox 3021 2322 3173 2391; x_wconf 80' lang='grc' dir='ltr'>αὑτῷ</span> <span class='ocrx_word' id='word_1_350' title='bbox 3212 2324 3406 2394; x_wconf 77' lang='grc' dir='ltr'>ἐκείνῳ</span> <span class='ocrx_word' id='word_1_351' title='bbox 3463 2327 3803 2397; x_wconf 82' lang='grc' dir='ltr'>συναφθῆναι</span> <span class='ocrx_word' id='word_1_352' title='bbox 3836 2343 3849 2356; x_wconf 85' lang='grc'><strong>”</strong></span> <span class='ocrx_word' id='word_1_353' title='bbox 3902 2332 3999 2382; x_wconf 74' lang='grc' dir='ltr'><strong>καὶ</strong></span> 
     </span>
    </p>
   </div>
   <div class='ocr_carea' id='block_1_52' title="bbox 2410 2411 3997 2489">
    <p class='ocr_par' dir='ltr' id='par_1_52' title="bbox 2410 2411 3997 2489">
     <span class='ocr_line' id='line_1_52' title="bbox 2410 2411 3997 2489; baseline 0.006 -25"><span class='ocrx_word' id='word_1_354' title='bbox 2410 2411 2601 2482; x_wconf 82' lang='grc' dir='ltr'>ὥσπερ</span> <span class='ocrx_word' id='word_1_355' title='bbox 2639 2412 2899 2475; x_wconf 71' lang='grc' dir='ltr'>ἑδόξασας</span> <span class='ocrx_word' id='word_1_356' title='bbox 2921 2412 3082 2467; x_wconf 82' lang='grc' dir='ltr'>αὑτὸν</span> <span class='ocrx_word' id='word_1_357' title='bbox 3120 2413 3215 2466; x_wconf 75' lang='grc' dir='ltr'><strong>ἐπὶ</strong></span> <span class='ocrx_word' id='word_1_358' title='bbox 3245 2417 3343 2484; x_wconf 84' lang='grc' dir='ltr'>τῆς</span> <span class='ocrx_word' id='word_1_359' title='bbox 3378 2416 3505 2485; x_wconf 82' lang='grc' dir='ltr'>γῆς,</span> <span class='ocrx_word' id='word_1_360' title='bbox 3535 2417 3708 2482; x_wconf 83' lang='grc' dir='ltr'>οὑτως</span> <span class='ocrx_word' id='word_1_361' title='bbox 3736 2420 3798 2471; x_wconf 74' lang='grc' dir='ltr'>ὲν</span> <span class='ocrx_word' id='word_1_362' title='bbox 3821 2420 3997 2489; x_wconf 82' lang='grc' dir='ltr'>οὐρα-</span> 
     </span>
    </p>
   </div>
   <div class='ocr_carea' id='block_1_53' title="bbox 2410 2502 4006 2579">
    <p class='ocr_par' dir='ltr' id='par_1_53' title="bbox 2410 2502 4006 2579">
     <span class='ocr_line' id='line_1_53' title="bbox 2410 2502 4006 2579; baseline 0.003 -24"><span class='ocrx_word' id='word_1_363' title='bbox 2410 2504 2522 2565; x_wconf 83' lang='grc' dir='ltr'>νοῖς</span> <span class='ocrx_word' id='word_1_364' title='bbox 2550 2503 2701 2573; x_wconf 86' lang='grc' dir='ltr'>αὑτῷ</span> <span class='ocrx_word' id='word_1_365' title='bbox 2734 2502 3162 2575; x_wconf 83' lang='grc' dir='ltr'>συνδοξασθῆναι</span> <span class='ocrx_word' id='word_1_366' title='bbox 3190 2520 3206 2535; x_wconf 73' lang='grc' dir='ltr'><strong>ο</strong></span> <span class='ocrx_word' id='word_1_367' title='bbox 3227 2505 3344 2577; x_wconf 64' lang='grc' dir='ltr'><strong>ικαὶ</strong></span> <span class='ocrx_word' id='word_1_368' title='bbox 3374 2506 3566 2579; x_wconf 88' lang='grc' dir='ltr'>ῶσπερ</span> <span class='ocrx_word' id='word_1_369' title='bbox 3597 2508 3707 2560; x_wconf 90' lang='grc' dir='ltr'><strong>τῶν</strong></span> <span class='ocrx_word' id='word_1_370' title='bbox 3738 2508 4006 2579; x_wconf 87' lang='grc' dir='ltr'>παθημά.</span> 
     </span>
    </p>
   </div>
   <div class='ocr_carea' id='block_1_54' title="bbox 2407 2594 3998 2669">
    <p class='ocr_par' dir='ltr' id='par_1_54' title="bbox 2407 2594 3998 2669">
     <span class='ocr_line' id='line_1_54' title="bbox 2407 2594 3998 2669; baseline 0.004 -21"><span class='ocrx_word' id='word_1_371' title='bbox 2407 2611 2516 2648; x_wconf 90' lang='grc' dir='ltr'><strong>των</strong></span> <span class='ocrx_word' id='word_1_372' title='bbox 2544 2594 2998 2665; x_wconf 68' lang='grc' dir='ltr'>ὑπερϐαλλόντως</span> <span class='ocrx_word' id='word_1_373' title='bbox 3027 2595 3397 2667; x_wconf 82' lang='grc' dir='ltr'>ὲκοινὼνησας</span> <span class='ocrx_word' id='word_1_374' title='bbox 3420 2641 3434 2661; x_wconf 96' lang='grc'><strong>,</strong></span> <span class='ocrx_word' id='word_1_375' title='bbox 3467 2598 3610 2652; x_wconf 83' lang='grc' dir='ltr'>οὑτω</span> <span class='ocrx_word' id='word_1_376' title='bbox 3643 2602 3737 2654; x_wconf 73' lang='grc' dir='ltr'><strong>καὶ</strong></span> <span class='ocrx_word' id='word_1_377' title='bbox 3766 2598 3867 2669; x_wconf 84' lang='grc' dir='ltr'>τῆς</span> <span class='ocrx_word' id='word_1_378' title='bbox 3892 2601 3998 2654; x_wconf 85' lang='grc' dir='ltr'>αύ-</span> 
     </span>
    </p>
   </div>
   <div class='ocr_carea' id='block_1_55' title="bbox 2406 2686 3458 2760">
    <p class='ocr_par' dir='ltr' id='par_1_55' title="bbox 2406 2686 3458 2760">
     <span class='ocr_line' id='line_1_55' title="bbox 2406 2686 3458 2760; baseline 0.005 -21"><span class='ocrx_word' id='word_1_379' title='bbox 2406 2687 2508 2756; x_wconf 81' lang='grc' dir='ltr'>τῆς</span> <span class='ocrx_word' id='word_1_380' title='bbox 2536 2686 2687 2758; x_wconf 87' lang='grc' dir='ltr'>αὑτῷ</span> <span class='ocrx_word' id='word_1_381' title='bbox 2718 2686 2998 2759; x_wconf 78' lang='grc' dir='ltr'>βασιλείας</span> <span class='ocrx_word' id='word_1_382' title='bbox 3027 2693 3458 2760; x_wconf 84' lang='grc' dir='ltr'>συμμετασχεῖν.</span> 
     </span>
    </p>
   </div>
   <div class='ocr_carea' id='block_1_56' title="bbox 2479 2861 4001 2944">
    <p class='ocr_par' dir='ltr' id='par_1_56' title="bbox 2479 2861 4001 2944">
     <span class='ocr_line' id='line_1_56' title="bbox 2479 2861 4001 2944; baseline 0.004 -23"><span class='ocrx_word' id='word_1_383' title='bbox 2479 2868 2650 2938; x_wconf 78' lang='grc' dir='ltr'>Χαῖρε</span> <span class='ocrx_word' id='word_1_384' title='bbox 2671 2866 2875 2927; x_wconf 85' lang='grc' dir='ltr'>τοίνυν,</span> <span class='ocrx_word' id='word_1_385' title='bbox 2896 2861 2943 2921; x_wconf 84' lang='grc' dir='ltr'><strong>ῶ</strong></span> <span class='ocrx_word' id='word_1_386' title='bbox 2975 2866 3511 2940; x_wconf 84' lang='grc' dir='ltr'>θεομακαριστότατε</span> <span class='ocrx_word' id='word_1_387' title='bbox 3554 2872 3651 2925; x_wconf 75' lang='grc' dir='ltr'><strong>καὶ</strong></span> <span class='ocrx_word' id='word_1_388' title='bbox 3692 2874 4001 2944; x_wconf 78' lang='grc' dir='ltr'>τιμιώτατε</span> 
     </span>
    </p>
   </div>
   <div class='ocr_carea' id='block_1_57' title="bbox 2410 2960 4004 3036">
    <p class='ocr_par' dir='ltr' id='par_1_57' title="bbox 2410 2960 4004 3036">
     <span class='ocr_line' id='line_1_57' title="bbox 2410 2960 4004 3036; baseline 0.005 -24"><span class='ocrx_word' id='word_1_389' title='bbox 2410 2960 2611 3028; x_wconf 85' lang='grc' dir='ltr'>Σίμων,</span> <span class='ocrx_word' id='word_1_390' title='bbox 2636 2960 2697 3013; x_wconf 69' lang='grc' dir='ltr'>τὸ</span> <span class='ocrx_word' id='word_1_391' title='bbox 2725 2960 2825 3030; x_wconf 82' lang='grc' dir='ltr'>τῆς</span> <span class='ocrx_word' id='word_1_392' title='bbox 2851 2961 3099 3031; x_wconf 79' lang='grc' dir='ltr'>ὑπακοῆς</span> <span class='ocrx_word' id='word_1_393' title='bbox 3129 2961 3301 3031; x_wconf 73' lang='grc' dir='ltr'>ὄνομα</span> <span class='ocrx_word' id='word_1_394' title='bbox 3339 2980 3355 2996; x_wconf 87' lang='grc'><strong>·</strong></span> <span class='ocrx_word' id='word_1_395' title='bbox 3410 2965 3572 3018; x_wconf 88' lang='grc' dir='ltr'>τοῦτο</span> <span class='ocrx_word' id='word_1_396' title='bbox 3588 2964 3706 3034; x_wconf 68' lang='grc' dir='ltr'>γὰρ</span> <span class='ocrx_word' id='word_1_397' title='bbox 3745 2968 3777 3035; x_wconf 80' lang='grc' dir='ltr'><strong>ἡ</strong></span> <span class='ocrx_word' id='word_1_398' title='bbox 3812 2983 4004 3036; x_wconf 87' lang='grc' dir='ltr'>σημα-</span> 
     </span>
    </p>
   </div>
   <div class='ocr_carea' id='block_1_58' title="bbox 2410 3052 4001 3128">
    <p class='ocr_par' dir='ltr' id='par_1_58' title="bbox 2410 3052 4001 3128">
     <span class='ocr_line' id='line_1_58' title="bbox 2410 3052 4001 3128; baseline 0.004 -25"><span class='ocrx_word' id='word_1_399' title='bbox 2410 3053 2502 3105; x_wconf 88' lang='grc' dir='ltr'><strong>σία</strong></span> <span class='ocrx_word' id='word_1_400' title='bbox 2530 3068 2546 3083; x_wconf 80' lang='grc' dir='ltr'><strong>ο</strong></span> <span class='ocrx_word' id='word_1_401' title='bbox 2580 3053 2643 3105; x_wconf 85' lang='grc' dir='ltr'><strong>τὸ</strong></span> <span class='ocrx_word' id='word_1_402' title='bbox 2666 3052 3043 3116; x_wconf 85' lang='grc' dir='ltr'>ἀξιεπαίνετον</span> <span class='ocrx_word' id='word_1_403' title='bbox 3068 3053 3187 3124; x_wconf 85' lang='grc' dir='ltr'><strong>Θεῷ</strong></span> <span class='ocrx_word' id='word_1_404' title='bbox 3218 3057 3453 3126; x_wconf 83' lang='grc' dir='ltr'>πρᾶγμα</span> <span class='ocrx_word' id='word_1_405' title='bbox 3479 3059 3577 3111; x_wconf 81' lang='grc' dir='ltr'>καὶ</span> <span class='ocrx_word' id='word_1_406' title='bbox 3601 3057 3967 3128; x_wconf 81' lang='grc' dir='ltr'>ἀξιοπὸθητον</span> <span class='ocrx_word' id='word_1_407' title='bbox 3987 3075 4001 3087; x_wconf 90' lang='grc'><strong>·</strong></span> 
     </span>
    </p>
   </div>
   <div class='ocr_carea' id='block_1_59' title="bbox 734 3137 2313 3231">
    <p class='ocr_par' dir='ltr' id='par_1_59' title="bbox 734 3137 2309 3231">
     <span class='ocr_line' id='line_1_59' title="bbox 734 3137 2309 3231; baseline 0.004 -17"><span class='ocrx_word' id='word_1_408' title='bbox 734 3137 884 3225; x_wconf 77' lang='lat' dir='ltr'><strong>bilis,</strong></span> <span class='ocrx_word' id='word_1_409' title='bbox 913 3169 1079 3230; x_wconf 90' lang='lat' dir='ltr'><strong>atque</strong></span> <span class='ocrx_word' id='word_1_410' title='bbox 1106 3137 1334 3231; x_wconf 76' lang='lat' dir='ltr'><strong>angelis</strong></span> <span class='ocrx_word' id='word_1_411' title='bbox 1373 3161 1597 3231; x_wconf 89' lang='lat' dir='ltr'><strong>quidem</strong></span> <span class='ocrx_word' id='word_1_412' title='bbox 1650 3137 1980 3229; x_wconf 66' lang='lat' dir='ltr'><strong>aemulanda,</strong></span> <span class='ocrx_word' id='word_1_413' title='bbox 2024 3137 2309 3221; x_wconf 71' lang='lat' dir='ltr'><strong>tremenda</strong></span> 
     </span>
    </p>
   </div>
   <div class='ocr_carea' id='block_1_60' title="bbox 2418 3137 4003 3231">
    <p class='ocr_par' dir='ltr' id='par_1_60' title="bbox 2418 3137 4003 3217">
     <span class='ocr_line' id='line_1_60' title="bbox 2418 3137 4003 3217; baseline 0.002 -20"><span class='ocrx_word' id='word_1_414' title='bbox 2418 3144 2510 3197; x_wconf 74' lang='grc' dir='ltr'>καὶ</span> <span class='ocrx_word' id='word_1_415' title='bbox 2567 3143 2822 3212; x_wconf 79' lang='grc' dir='ltr'>ἀγγέλοις</span> <span class='ocrx_word' id='word_1_416' title='bbox 2882 3137 2982 3214; x_wconf 84' lang='grc' dir='ltr'><strong>μὲν</strong></span> <span class='ocrx_word' id='word_1_417' title='bbox 3027 3146 3292 3216; x_wconf 81' lang='grc' dir='ltr'>ζηλωτὸν,</span> <span class='ocrx_word' id='word_1_418' title='bbox 3353 3148 3573 3217; x_wconf 80' lang='grc' dir='ltr'>δαίμοσι</span> <span class='ocrx_word' id='word_1_419' title='bbox 3625 3149 3681 3202; x_wconf 82' lang='grc' dir='ltr'>δὲ</span> <span class='ocrx_word' id='word_1_420' title='bbox 3716 3150 3953 3217; x_wconf 84' lang='grc' dir='ltr'>φρικτόν</span> <span class='ocrx_word' id='word_1_421' title='bbox 3991 3164 4003 3180; x_wconf 86' lang='grc'><strong>·</strong></span> 
     </span>
    </p>
   </div>
   <div class='ocr_carea' id='block_1_61' title="bbox 736 3252 2310 3323">
    <p class='ocr_par' dir='ltr' id='par_1_61' title="bbox 736 3252 2310 3323">
     <span class='ocr_line' id='line_1_61' title="bbox 736 3252 2310 3323; baseline 0.006 -20"><span class='ocrx_word' id='word_1_422' title='bbox 736 3269 872 3307; x_wconf 84' lang='lat' dir='ltr'><strong>vero</strong></span> <span class='ocrx_word' id='word_1_423' title='bbox 903 3253 1286 3317; x_wconf 65' lang='lat' dir='ltr'><strong>daemonibus;</strong></span> <span class='ocrx_word' id='word_1_424' title='bbox 1341 3268 1405 3307; x_wconf 90' lang='lat' dir='ltr'><strong>ae</strong></span> <span class='ocrx_word' id='word_1_425' title='bbox 1461 3252 1719 3309; x_wconf 87' lang='lat' dir='ltr'><strong>ﬁdelibus</strong></span> <span class='ocrx_word' id='word_1_426' title='bbox 1764 3254 1987 3323; x_wconf 90' lang='lat' dir='ltr'><strong>quidem</strong></span> <span class='ocrx_word' id='word_1_427' title='bbox 2015 3257 2310 3312; x_wconf 86' lang='lat' dir='ltr'><strong>venerabi-</strong></span> 
     </span>
    </p>
   </div>
   <div class='ocr_carea' id='block_1_62' title="bbox 732 3342 2309 3408">
    <p class='ocr_par' dir='ltr' id='par_1_62' title="bbox 732 3342 2309 3408">
     <span class='ocr_line' id='line_1_62' title="bbox 732 3342 2309 3408; baseline 0.005 -13"><span class='ocrx_word' id='word_1_428' title='bbox 732 3344 801 3395; x_wconf 86' lang='lat' dir='ltr'><strong>lis</strong></span> <span class='ocrx_word' id='word_1_429' title='bbox 829 3350 886 3397; x_wconf 92' lang='lat' dir='ltr'><strong>et</strong></span> <span class='ocrx_word' id='word_1_430' title='bbox 914 3342 1187 3408; x_wconf 87' lang='lat' dir='ltr'><strong>amabilis,</strong></span> <span class='ocrx_word' id='word_1_431' title='bbox 1218 3342 1534 3399; x_wconf 84' lang='lat' dir='ltr'><strong>inﬁdelibus</strong></span> <span class='ocrx_word' id='word_1_432' title='bbox 1565 3358 1699 3399; x_wconf 88' lang='lat' dir='ltr'><strong>vero</strong></span> <span class='ocrx_word' id='word_1_433' title='bbox 1727 3344 1958 3401; x_wconf 84' lang='lat' dir='ltr'><strong>molesta</strong></span> <span class='ocrx_word' id='word_1_434' title='bbox 1987 3354 2045 3401; x_wconf 91' lang='lat' dir='ltr'><strong>et</strong></span> <span class='ocrx_word' id='word_1_435' title='bbox 2074 3362 2309 3403; x_wconf 85' lang='lat' dir='ltr'><strong>aversa-</strong></span> 
     </span>
    </p>
   </div>
   <div class='ocr_carea' id='block_1_63' title="bbox 732 3436 1333 3511">
    <p class='ocr_par' dir='ltr' id='par_1_63' title="bbox 732 3436 1333 3511">
     <span class='ocr_line' id='line_1_63' title="bbox 732 3436 1333 3511; baseline 0 -21"><span class='ocrx_word' id='word_1_436' title='bbox 732 3436 881 3491; x_wconf 86' lang='lat' dir='ltr'><strong>bilis.</strong></span> <span class='ocrx_word' id='word_1_437' title='bbox 1009 3499 1017 3510; x_wconf 35' lang='lat' dir='ltr'><strong>l</strong></span> <span class='ocrx_word' id='word_1_438' title='bbox 1332 3508 1333 3511; x_wconf 15' lang='grc' dir='ltr'><strong>η</strong></span> 
     </span>
    </p>
   </div>
   <div class='ocr_carea' id='block_1_64' title="bbox 806 3526 2311 3599">
    <p class='ocr_par' dir='ltr' id='par_1_64' title="bbox 806 3526 2311 3599">
     <span class='ocr_line' id='line_1_64' title="bbox 806 3526 2311 3599; baseline 0.003 -18"><span class='ocrx_word' id='word_1_439' title='bbox 806 3527 967 3582; x_wconf 90' lang='lat' dir='ltr'><strong>Salve</strong></span> <span class='ocrx_word' id='word_1_440' title='bbox 990 3527 1088 3593; x_wconf 87' lang='lat' dir='ltr'><strong>sis,</strong></span> <span class='ocrx_word' id='word_1_441' title='bbox 1111 3526 1317 3582; x_wconf 88' lang='lat' dir='ltr'><strong>Christi</strong></span> <span class='ocrx_word' id='word_1_442' title='bbox 1349 3527 1637 3583; x_wconf 72' lang='lat' dir='ltr'><strong>:rmulator</strong></span> <span class='ocrx_word' id='word_1_443' title='bbox 1661 3527 2064 3584; x_wconf 84' lang='lat' dir='ltr'><strong>ferventissime</strong></span> <span class='ocrx_word' id='word_1_444' title='bbox 2089 3545 2152 3585; x_wconf 91' lang='lat' dir='ltr'><strong>ac</strong></span> <span class='ocrx_word' id='word_1_445' title='bbox 2177 3545 2311 3599; x_wconf 83' lang='lat' dir='ltr'><strong>gna-</strong></span> 
     </span>
    </p>
   </div>
   <div class='ocr_carea' id='block_1_65' title="bbox 733 3617 2315 3686">
    <p class='ocr_par' dir='ltr' id='par_1_65' title="bbox 733 3617 2315 3686">
     <span class='ocr_line' id='line_1_65' title="bbox 733 3617 2315 3686; baseline 0.002 -15"><span class='ocrx_word' id='word_1_446' title='bbox 733 3619 993 3684; x_wconf 89' lang='lat' dir='ltr'><strong>vissime,</strong></span> <span class='ocrx_word' id='word_1_447' title='bbox 1042 3626 1194 3673; x_wconf 90' lang='lat' dir='ltr'><strong>tanto</strong></span> <span class='ocrx_word' id='word_1_448' title='bbox 1236 3618 1441 3673; x_wconf 88' lang='lat' dir='ltr'><strong>Phines</strong></span> <span class='ocrx_word' id='word_1_449' title='bbox 1473 3618 1590 3681; x_wconf 90' lang='lat' dir='ltr'><strong>illo,</strong></span> <span class='ocrx_word' id='word_1_450' title='bbox 1634 3617 1863 3686; x_wconf 76' lang='lat' dir='ltr'><strong>Eliaque</strong></span> <span class='ocrx_word' id='word_1_451' title='bbox 1892 3626 1948 3671; x_wconf 90' lang='lat' dir='ltr'><strong>et</strong></span> <span class='ocrx_word' id='word_1_452' title='bbox 1991 3618 2216 3684; x_wconf 66' lang='lat' dir='ltr'><strong>Elissae;</strong></span> <span class='ocrx_word' id='word_1_453' title='bbox 2250 3634 2315 3675; x_wconf 90' lang='lat' dir='ltr'><strong>ac</strong></span> 
     </span>
    </p>
   </div>
   <div class='ocr_carea' id='block_1_66' title="bbox 739 3696 2317 3782">
    <p class='ocr_par' dir='ltr' id='par_1_66' title="bbox 739 3696 2317 3782">
     <span class='ocr_line' id='line_1_66' title="bbox 739 3696 2317 3782; baseline 0.001 -19"><span class='ocrx_word' id='word_1_454' title='bbox 739 3712 1032 3782; x_wconf 85' lang='lat' dir='ltr'><strong>prophetis</strong></span> <span class='ocrx_word' id='word_1_455' title='bbox 1074 3727 1142 3765; x_wconf 91' lang='lat' dir='ltr'><strong>eo</strong></span> <span class='ocrx_word' id='word_1_456' title='bbox 1179 3711 1403 3765; x_wconf 91' lang='lat' dir='ltr'><strong>nomine</strong></span> <span class='ocrx_word' id='word_1_457' title='bbox 1436 3710 1660 3764; x_wconf 89' lang='lat' dir='ltr'><strong>laudem</strong></span> <span class='ocrx_word' id='word_1_458' title='bbox 1710 3709 2065 3772; x_wconf 86' lang='lat' dir='ltr'><strong>habentibus,</strong></span> <span class='ocrx_word' id='word_1_459' title='bbox 2124 3696 2317 3764; x_wconf 79' lang='lat' dir='ltr'><strong>divino</strong></span> 
     </span>
    </p>
   </div>
   <div class='ocr_carea' id='block_1_67' title="bbox 733 3801 2307 3872">
    <p class='ocr_par' dir='ltr' id='par_1_67' title="bbox 733 3801 2307 3872">
     <span class='ocr_line' id='line_1_67' title="bbox 733 3801 2307 3872; baseline -0.002 -14"><span class='ocrx_word' id='word_1_460' title='bbox 733 3805 852 3859; x_wconf 86' lang='lat' dir='ltr'><strong>zelo</strong></span> <span class='ocrx_word' id='word_1_461' title='bbox 883 3804 1160 3872; x_wconf 86' lang='lat' dir='ltr'><strong>superior,</strong></span> <span class='ocrx_word' id='word_1_462' title='bbox 1195 3812 1403 3872; x_wconf 87' lang='lat' dir='ltr'><strong>quanto</strong></span> <span class='ocrx_word' id='word_1_463' title='bbox 1432 3802 1640 3856; x_wconf 84' lang='lat' dir='ltr'><strong>Christi</strong></span> <span class='ocrx_word' id='word_1_464' title='bbox 1668 3802 1855 3855; x_wconf 84' lang='lat' dir='ltr'><strong>schola</strong></span> <span class='ocrx_word' id='word_1_465' title='bbox 1880 3803 2110 3871; x_wconf 83' lang='lat' dir='ltr'><strong>ejusque</strong></span> <span class='ocrx_word' id='word_1_466' title='bbox 2133 3801 2307 3856; x_wconf 83' lang='lat' dir='ltr'><strong>disci-</strong></span> 
     </span>
    </p>
   </div>
   <div class='ocr_carea' id='block_1_68' title="bbox 733 3892 2316 3965">
    <p class='ocr_par' dir='ltr' id='par_1_68' title="bbox 733 3892 2316 3965">
     <span class='ocr_line' id='line_1_68' title="bbox 733 3892 2316 3965; baseline 0 -16"><span class='ocrx_word' id='word_1_467' title='bbox 733 3896 846 3965; x_wconf 87' lang='lat' dir='ltr'><strong>puli</strong></span> <span class='ocrx_word' id='word_1_468' title='bbox 871 3895 1137 3965; x_wconf 90' lang='lat' dir='ltr'><strong>partibus,</strong></span> <span class='ocrx_word' id='word_1_469' title='bbox 1173 3896 1433 3964; x_wconf 90' lang='lat' dir='ltr'><strong>majorem</strong></span> <span class='ocrx_word' id='word_1_470' title='bbox 1483 3892 1578 3948; x_wconf 89' lang='lat' dir='ltr'><strong>Dei</strong></span> <span class='ocrx_word' id='word_1_471' title='bbox 1634 3893 1889 3948; x_wconf 87' lang='lat' dir='ltr'><strong>notitiam</strong></span> <span class='ocrx_word' id='word_1_472' title='bbox 1943 3894 2316 3964; x_wconf 86' lang='lat' dir='ltr'><strong>majoremque</strong></span> 
     </span>
    </p>
   </div>
   <div class='ocr_carea' id='block_1_69' title="bbox 738 3967 2319 4052">
    <p class='ocr_par' dir='ltr' id='par_1_69' title="bbox 738 3967 2319 4052">
     <span class='ocr_line' id='line_1_69' title="bbox 738 3967 2319 4052; baseline 0 -14"><span class='ocrx_word' id='word_1_473' title='bbox 738 3986 870 4039; x_wconf 80' lang='lat' dir='ltr'><strong>fidei</strong></span> <span class='ocrx_word' id='word_1_474' title='bbox 922 3984 1194 4038; x_wconf 89' lang='lat' dir='ltr'><strong>fervorem</strong></span> <span class='ocrx_word' id='word_1_475' title='bbox 1230 3983 1501 4052; x_wconf 87' lang='lat' dir='ltr'><strong>adeptus,</strong></span> <span class='ocrx_word' id='word_1_476' title='bbox 1538 3983 1763 4052; x_wconf 88' lang='lat' dir='ltr'><strong>majoris</strong></span> <span class='ocrx_word' id='word_1_477' title='bbox 1810 3967 2031 4052; x_wconf 87' lang='lat' dir='ltr'><strong>quoque</strong></span> <span class='ocrx_word' id='word_1_478' title='bbox 2085 3983 2319 4038; x_wconf 87' lang='lat' dir='ltr'><strong>fervoris</strong></span> 
     </span>
    </p>
   </div>
   <div class='ocr_carea' id='block_1_70' title="bbox 736 4073 2309 4145">
    <p class='ocr_par' dir='ltr' id='par_1_70' title="bbox 736 4073 2309 4145">
     <span class='ocr_line' id='line_1_70' title="bbox 736 4073 2309 4145; baseline -0.001 -15"><span class='ocrx_word' id='word_1_479' title='bbox 736 4078 1076 4131; x_wconf 83' lang='lat' dir='ltr'><strong>alacritatem</strong></span> <span class='ocrx_word' id='word_1_480' title='bbox 1108 4075 1464 4143; x_wconf 88' lang='lat' dir='ltr'><strong>studiumque</strong></span> <span class='ocrx_word' id='word_1_481' title='bbox 1496 4073 1625 4128; x_wconf 86' lang='lat' dir='ltr'><strong>boni</strong></span> <span class='ocrx_word' id='word_1_482' title='bbox 1656 4074 1951 4143; x_wconf 62' lang='lat' dir='ltr'><strong>praestandi</strong></span> <span class='ocrx_word' id='word_1_483' title='bbox 1971 4075 2143 4145; x_wconf 90' lang='lat' dir='ltr'><strong>gratia</strong></span> <span class='ocrx_word' id='word_1_484' title='bbox 2175 4090 2309 4130; x_wconf 82' lang='lat' dir='ltr'><strong>con-</strong></span> 
     </span>
    </p>
   </div>
   <div class='ocr_carea' id='block_1_71' title="bbox 738 4168 939 4222">
    <p class='ocr_par' dir='ltr' id='par_1_71' title="bbox 738 4168 939 4222">
     <span class='ocr_line' id='line_1_71' title="bbox 738 4168 939 4222; baseline 0 0"><span class='ocrx_word' id='word_1_485' title='bbox 738 4168 939 4222; x_wconf 86' lang='lat' dir='ltr'><strong>tulisti.</strong></span> 
     </span>
    </p>
   </div>
   <div class='ocr_carea' id='block_1_72' title="bbox 804 4254 2313 4327">
    <p class='ocr_par' dir='ltr' id='par_1_72' title="bbox 804 4254 2313 4327">
     <span class='ocr_line' id='line_1_72' title="bbox 804 4254 2313 4327; baseline -0.001 -14"><span class='ocrx_word' id='word_1_486' title='bbox 804 4256 1012 4322; x_wconf 87' lang='lat' dir='ltr'><strong>Gaude,</strong></span> <span class='ocrx_word' id='word_1_487' title='bbox 1068 4254 1215 4327; x_wconf 89' lang='lat' dir='ltr'><strong>quod</strong></span> <span class='ocrx_word' id='word_1_488' title='bbox 1272 4264 1364 4310; x_wconf 90' lang='lat' dir='ltr'><strong>tua</strong></span> <span class='ocrx_word' id='word_1_489' title='bbox 1419 4255 1592 4324; x_wconf 91' lang='lat' dir='ltr'><strong>ipsius</strong></span> <span class='ocrx_word' id='word_1_490' title='bbox 1616 4269 1786 4325; x_wconf 88' lang='lat' dir='ltr'><strong>opera</strong></span> <span class='ocrx_word' id='word_1_491' title='bbox 1812 4254 2123 4321; x_wconf 90' lang='lat' dir='ltr'><strong>honestata,</strong></span> <span class='ocrx_word' id='word_1_492' title='bbox 2148 4271 2313 4326; x_wconf 88' lang='lat' dir='ltr'><strong>quam</strong></span> 
     </span>
    </p>
   </div>
   <div class='ocr_carea' id='block_1_73' title="bbox 736 4348 2320 4418">
    <p class='ocr_par' dir='ltr' id='par_1_73' title="bbox 736 4348 2320 4418">
     <span class='ocr_line' id='line_1_73' title="bbox 736 4348 2320 4418; baseline -0.001 -13"><span class='ocrx_word' id='word_1_493' title='bbox 736 4352 792 4405; x_wconf 90' lang='lat' dir='ltr'><strong>in</strong></span> <span class='ocrx_word' id='word_1_494' title='bbox 829 4361 975 4405; x_wconf 89' lang='lat' dir='ltr'><strong>terra</strong></span> <span class='ocrx_word' id='word_1_495' title='bbox 1024 4360 1220 4404; x_wconf 89' lang='lat' dir='ltr'><strong>nactus</strong></span> <span class='ocrx_word' id='word_1_496' title='bbox 1270 4348 1476 4413; x_wconf 86' lang='lat' dir='ltr'><strong>fueras,</strong></span> <span class='ocrx_word' id='word_1_497' title='bbox 1530 4348 2040 4417; x_wconf 88' lang='lat' dir='ltr'><strong>patria;illamque</strong></span> <span class='ocrx_word' id='word_1_498' title='bbox 2098 4350 2320 4418; x_wconf 88' lang='lat' dir='ltr'><strong>penitus</strong></span> 
     </span>
    </p>
   </div>
   <div class='ocr_carea' id='block_1_74' title="bbox 737 4439 2320 4513">
    <p class='ocr_par' dir='ltr' id='par_1_74' title="bbox 737 4439 2320 4513">
     <span class='ocr_line' id='line_1_74' title="bbox 737 4439 2320 4513; baseline -0.003 -16"><span class='ocrx_word' id='word_1_499' title='bbox 737 4458 1148 4513; x_wconf 86' lang='lat' dir='ltr'><strong>supergressus,</strong></span> <span class='ocrx_word' id='word_1_500' title='bbox 1206 4441 1452 4495; x_wconf 86' lang='lat' dir='ltr'><strong>rationes</strong></span> <span class='ocrx_word' id='word_1_501' title='bbox 1523 4448 1665 4503; x_wconf 88' lang='lat' dir='ltr'><strong>tuas,</strong></span> <span class='ocrx_word' id='word_1_502' title='bbox 1704 4439 1856 4493; x_wconf 81' lang='lat' dir='ltr'><strong>velut</strong></span> <span class='ocrx_word' id='word_1_503' title='bbox 1893 4440 2136 4494; x_wconf 62' lang='lat' dir='ltr'><strong>caelestis</strong></span> <span class='ocrx_word' id='word_1_504' title='bbox 2175 4439 2320 4493; x_wconf 78' lang='lat' dir='ltr'><strong>[ilius</strong></span> 
     </span>
    </p>
   </div>
   <div class='ocr_carea' id='block_1_75' title="bbox 2415 3236 4010 3313">
    <p class='ocr_par' dir='ltr' id='par_1_75' title="bbox 2415 3236 4010 3313">
     <span class='ocr_line' id='line_1_75' title="bbox 2415 3236 4010 3313; baseline 0.004 -25"><span class='ocrx_word' id='word_1_505' title='bbox 2415 3236 2513 3289; x_wconf 71' lang='lat' dir='ltr'><strong>ml.</strong></span> <span class='ocrx_word' id='word_1_506' title='bbox 2562 3239 2773 3300; x_wconf 82' lang='grc' dir='ltr'>πιστοῖς</span> <span class='ocrx_word' id='word_1_507' title='bbox 2807 3238 2909 3304; x_wconf 84' lang='grc' dir='ltr'>μὲν</span> <span class='ocrx_word' id='word_1_508' title='bbox 2951 3238 3229 3308; x_wconf 73' lang='grc' dir='ltr'>αἰδέσιμον</span> <span class='ocrx_word' id='word_1_509' title='bbox 3281 3241 3378 3293; x_wconf 76' lang='grc' dir='ltr'>καὶ</span> <span class='ocrx_word' id='word_1_510' title='bbox 3423 3241 3707 3313; x_wconf 69' lang='grc' dir='ltr'>ἐράσμιον,</span> <span class='ocrx_word' id='word_1_511' title='bbox 3743 3243 4010 3306; x_wconf 82' lang='grc' dir='ltr'>ἀπίστοις</span> 
     </span>
    </p>
   </div>
   <div class='ocr_carea' id='block_1_76' title="bbox 2413 3325 3265 3401">
    <p class='ocr_par' dir='ltr' id='par_1_76' title="bbox 2413 3325 3265 3401">
     <span class='ocr_line' id='line_1_76' title="bbox 2413 3325 3265 3401; baseline 0.005 -21"><span class='ocrx_word' id='word_1_512' title='bbox 2413 3326 2469 3380; x_wconf 73' lang='grc' dir='ltr'>δὲ</span> <span class='ocrx_word' id='word_1_513' title='bbox 2501 3325 2638 3397; x_wconf 83' lang='grc' dir='ltr'>βαρύ</span> <span class='ocrx_word' id='word_1_514' title='bbox 2664 3344 2724 3381; x_wconf 90' lang='grc' dir='ltr'><strong>τε</strong></span> <span class='ocrx_word' id='word_1_515' title='bbox 2751 3329 2847 3382; x_wconf 76' lang='grc' dir='ltr'><strong>καὶ</strong></span> <span class='ocrx_word' id='word_1_516' title='bbox 2872 3330 3265 3401; x_wconf 82' lang='grc' dir='ltr'>ἀποτρόπαιον.</span> 
     </span>
    </p>
   </div>
   <div class='ocr_carea' id='block_1_77' title="bbox 2486 3501 4010 3580">
    <p class='ocr_par' dir='ltr' id='par_1_77' title="bbox 2486 3501 4010 3580">
     <span class='ocr_line' id='line_1_77' title="bbox 2486 3501 4010 3580; baseline 0.006 -26"><span class='ocrx_word' id='word_1_517' title='bbox 2486 3502 2679 3572; x_wconf 83' lang='grc' dir='ltr'>Χαῖρε,</span> <span class='ocrx_word' id='word_1_518' title='bbox 2707 3502 2947 3571; x_wconf 78' lang='grc' dir='ltr'>Χριστοῦ</span> <span class='ocrx_word' id='word_1_519' title='bbox 2978 3501 3197 3573; x_wconf 77' lang='grc' dir='ltr'>ζηλωτὰ</span> <span class='ocrx_word' id='word_1_520' title='bbox 3223 3504 3523 3576; x_wconf 89' lang='grc' dir='ltr'>θερμότατε</span> <span class='ocrx_word' id='word_1_521' title='bbox 3554 3506 3650 3560; x_wconf 78' lang='grc' dir='ltr'>καὶ</span> <span class='ocrx_word' id='word_1_522' title='bbox 3669 3506 4010 3580; x_wconf 70' lang='grc' dir='ltr'>δραστήρια·</span> 
     </span>
    </p>
   </div>
   <div class='ocr_carea' id='block_1_78' title="bbox 2415 3594 4020 3667">
    <p class='ocr_par' dir='ltr' id='par_1_78' title="bbox 2415 3594 4020 3667">
     <span class='ocr_line' id='line_1_78' title="bbox 2415 3594 4020 3667; baseline 0.006 -21"><span class='ocrx_word' id='word_1_523' title='bbox 2415 3594 2656 3664; x_wconf 92' lang='grc' dir='ltr'>τοσούτῳ</span> <span class='ocrx_word' id='word_1_524' title='bbox 2707 3595 2785 3665; x_wconf 83' lang='grc' dir='ltr'><strong>τῷ</strong></span> <span class='ocrx_word' id='word_1_525' title='bbox 2832 3595 2964 3665; x_wconf 82' lang='grc' dir='ltr'>θείῳ</span> <span class='ocrx_word' id='word_1_526' title='bbox 3023 3596 3175 3667; x_wconf 83' lang='grc' dir='ltr'><strong>ζήλῳ</strong></span> <span class='ocrx_word' id='word_1_527' title='bbox 3233 3598 3327 3651; x_wconf 81' lang='grc' dir='ltr'><strong>τὸν</strong></span> <span class='ocrx_word' id='word_1_528' title='bbox 3380 3599 3565 3663; x_wconf 78' lang='grc' dir='ltr'>Φινεὲς</span> <span class='ocrx_word' id='word_1_529' title='bbox 3626 3602 3863 3663; x_wconf 82' lang='grc' dir='ltr'>ἐκεῖνον,</span> <span class='ocrx_word' id='word_1_530' title='bbox 3917 3604 4020 3657; x_wconf 76' lang='grc' dir='ltr'><strong>τὸν</strong></span> 
     </span>
    </p>
   </div>
   <div class='ocr_carea' id='block_1_79' title="bbox 2429 3685 4021 3761">
    <p class='ocr_par' dir='ltr' id='par_1_79' title="bbox 2429 3685 4021 3761">
     <span class='ocr_line' id='line_1_79' title="bbox 2429 3685 4021 3761; baseline 0.004 -23"><span class='ocrx_word' id='word_1_531' title='bbox 2429 3685 2636 3750; x_wconf 79' lang='grc' dir='ltr'>Ἠλίαν,</span> <span class='ocrx_word' id='word_1_532' title='bbox 2662 3687 2754 3739; x_wconf 74' lang='grc' dir='ltr'>τὸν</span> <span class='ocrx_word' id='word_1_533' title='bbox 2795 3687 3121 3752; x_wconf 85' lang='grc' dir='ltr'>Ἐλισσαῖον,</span> <span class='ocrx_word' id='word_1_534' title='bbox 3156 3688 3252 3740; x_wconf 78' lang='grc' dir='ltr'><strong>καὶ</strong></span> <span class='ocrx_word' id='word_1_535' title='bbox 3285 3689 3417 3751; x_wconf 76' lang='grc' dir='ltr'>τοὺς</span> <span class='ocrx_word' id='word_1_536' title='bbox 3461 3690 3554 3742; x_wconf 75' lang='grc' dir='ltr'>ἐπὶ</span> <span class='ocrx_word' id='word_1_537' title='bbox 3604 3690 3782 3759; x_wconf 85' lang='grc' dir='ltr'>τούτῳ</span> <span class='ocrx_word' id='word_1_538' title='bbox 3826 3709 4021 3761; x_wconf 81' lang='grc' dir='ltr'>μακα-</span> 
     </span>
    </p>
   </div>
   <div class='ocr_carea' id='block_1_80' title="bbox 2421 3776 4025 3849">
    <p class='ocr_par' dir='ltr' id='par_1_80' title="bbox 2421 3776 4025 3849">
     <span class='ocr_line' id='line_1_80' title="bbox 2421 3776 4025 3849; baseline 0.003 -20"><span class='ocrx_word' id='word_1_539' title='bbox 2421 3776 2740 3846; x_wconf 77' lang='grc' dir='ltr'>ριζομένους</span> <span class='ocrx_word' id='word_1_540' title='bbox 2766 3776 3123 3848; x_wconf 75' lang='grc' dir='ltr'>ὑπερϐάλλων</span> <span class='ocrx_word' id='word_1_541' title='bbox 3151 3777 3259 3831; x_wconf 88' lang='grc' dir='ltr'><strong>τῶν</strong></span> <span class='ocrx_word' id='word_1_542' title='bbox 3284 3778 3603 3847; x_wconf 75' lang='grc' dir='ltr'>προφητῶν,</span> <span class='ocrx_word' id='word_1_543' title='bbox 3635 3780 3745 3848; x_wconf 72' lang='grc' dir='ltr'><strong>ὅσῳ</strong></span> <span class='ocrx_word' id='word_1_544' title='bbox 3776 3781 3860 3849; x_wconf 79' lang='grc' dir='ltr'><strong>τῷ</strong></span> <span class='ocrx_word' id='word_1_545' title='bbox 3919 3799 4025 3849; x_wconf 88' lang='grc' dir='ltr'>μα-</span> 
     </span>
    </p>
   </div>
   <div class='ocr_carea' id='block_1_81' title="bbox 2419 3868 4025 3941">
    <p class='ocr_par' dir='ltr' id='par_1_81' title="bbox 2419 3868 4025 3941">
     <span class='ocr_line' id='line_1_81' title="bbox 2419 3868 4025 3941; baseline 0.002 -19"><span class='ocrx_word' id='word_1_546' title='bbox 2419 3868 2679 3939; x_wconf 90' lang='grc' dir='ltr'>θητεῦσαι</span> <span class='ocrx_word' id='word_1_547' title='bbox 2700 3868 2922 3938; x_wconf 83' lang='grc' dir='ltr'>Χριστῷ</span> <span class='ocrx_word' id='word_1_548' title='bbox 2956 3868 3201 3932; x_wconf 81' lang='grc' dir='ltr'>πλείονος</span> <span class='ocrx_word' id='word_1_549' title='bbox 3255 3869 3584 3936; x_wconf 86' lang='grc' dir='ltr'>θεογνωσίας</span> <span class='ocrx_word' id='word_1_550' title='bbox 3614 3871 3709 3923; x_wconf 79' lang='grc' dir='ltr'><strong>καὶ</strong></span> <span class='ocrx_word' id='word_1_551' title='bbox 3741 3871 4025 3941; x_wconf 68' lang='grc' dir='ltr'>θερμοτέ-</span> 
     </span>
    </p>
   </div>
   <div class='ocr_carea' id='block_1_82' title="bbox 2422 3960 4024 4032">
    <p class='ocr_par' dir='ltr' id='par_1_82' title="bbox 2422 3960 4024 4032">
     <span class='ocr_line' id='line_1_82' title="bbox 2422 3960 4024 4032; baseline 0 -19"><span class='ocrx_word' id='word_1_552' title='bbox 2422 3978 2521 4030; x_wconf 89' lang='grc' dir='ltr'><strong>ρας</strong></span> <span class='ocrx_word' id='word_1_553' title='bbox 2558 3963 2657 4030; x_wconf 84' lang='grc' dir='ltr'>τῆς</span> <span class='ocrx_word' id='word_1_554' title='bbox 2691 3963 2928 4024; x_wconf 80' lang='grc' dir='ltr'>πίστεως</span> <span class='ocrx_word' id='word_1_555' title='bbox 2953 3960 3323 4031; x_wconf 87' lang='grc' dir='ltr'>εὑμοιρηκὼς,</span> <span class='ocrx_word' id='word_1_556' title='bbox 3374 3961 3716 4032; x_wconf 82' lang='grc' dir='ltr'>θερμοτέραν</span> <span class='ocrx_word' id='word_1_557' title='bbox 3761 3963 3864 4016; x_wconf 75' lang='grc' dir='ltr'>καὶ</span> <span class='ocrx_word' id='word_1_558' title='bbox 3915 3964 4024 4032; x_wconf 78' lang='grc' dir='ltr'><strong>τὴν</strong></span> 
     </span>
    </p>
   </div>
   <div class='ocr_carea' id='block_1_83' title="bbox 2421 4052 4029 4124">
    <p class='ocr_par' dir='ltr' id='par_1_83' title="bbox 2421 4052 4029 4124">
     <span class='ocr_line' id='line_1_83' title="bbox 2421 4052 4029 4124; baseline 0.002 -20"><span class='ocrx_word' id='word_1_559' title='bbox 2421 4053 2564 4124; x_wconf 75' lang='grc' dir='ltr'>ὑπὲρ</span> <span class='ocrx_word' id='word_1_560' title='bbox 2592 4052 2685 4106; x_wconf 88' lang='grc' dir='ltr'><strong>τοῦ</strong></span> <span class='ocrx_word' id='word_1_561' title='bbox 2721 4054 2929 4121; x_wconf 87' lang='grc' dir='ltr'>ἀγαθοῦ</span> <span class='ocrx_word' id='word_1_562' title='bbox 2960 4053 3273 4124; x_wconf 86' lang='grc' dir='ltr'>προθυμίαν</span> <span class='ocrx_word' id='word_1_563' title='bbox 3298 4057 3664 4124; x_wconf 83' lang='grc' dir='ltr'>κατενήνοχας</span> <span class='ocrx_word' id='word_1_564' title='bbox 3700 4054 3799 4107; x_wconf 78' lang='grc' dir='ltr'><strong>καὶ</strong></span> <span class='ocrx_word' id='word_1_565' title='bbox 3840 4052 4029 4111; x_wconf 71' lang='grc' dir='ltr'>ἐπου-</span> 
     </span>
    </p>
   </div>
   <div class='ocr_carea' id='block_1_84' title="bbox 2418 4144 2540 4214">
    <p class='ocr_par' dir='ltr' id='par_1_84' title="bbox 2418 4144 2540 4214">
     <span class='ocr_line' id='line_1_84' title="bbox 2418 4144 2540 4214; baseline 0.016 -18"><span class='ocrx_word' id='word_1_566' title='bbox 2418 4144 2540 4214; x_wconf 79' lang='grc' dir='ltr'>δήν.</span> 
     </span>
    </p>
   </div>
   <div class='ocr_carea' id='block_1_85' title="bbox 2489 4231 4034 4308">
    <p class='ocr_par' dir='ltr' id='par_1_85' title="bbox 2489 4231 4034 4308">
     <span class='ocr_line' id='line_1_85' title="bbox 2489 4231 4034 4308; baseline 0.001 -18"><span class='ocrx_word' id='word_1_567' title='bbox 2489 4235 2683 4306; x_wconf 77' lang='grc' dir='ltr'>Χαίρε,</span> <span class='ocrx_word' id='word_1_568' title='bbox 2713 4236 2795 4289; x_wconf 86' lang='grc' dir='ltr'>ὃτι</span> <span class='ocrx_word' id='word_1_569' title='bbox 2847 4231 2917 4289; x_wconf 80' lang='grc' dir='ltr'>δι’</span> <span class='ocrx_word' id='word_1_570' title='bbox 2945 4234 3140 4290; x_wconf 74' lang='grc' dir='ltr'>ἑαυτοῦ</span> <span class='ocrx_word' id='word_1_571' title='bbox 3180 4235 3451 4307; x_wconf 82' lang='grc' dir='ltr'>σεμνύνας</span> <span class='ocrx_word' id='word_1_572' title='bbox 3494 4234 3593 4306; x_wconf 81' lang='grc' dir='ltr'><strong>τὴν</strong></span> <span class='ocrx_word' id='word_1_573' title='bbox 3637 4237 3887 4308; x_wconf 83' lang='grc' dir='ltr'>πατρίδα</span> <span class='ocrx_word' id='word_1_574' title='bbox 3923 4240 4034 4308; x_wconf 81' lang='grc' dir='ltr'><strong>τὴν</strong></span> 
     </span>
    </p>
   </div>
   <div class='ocr_carea' id='block_1_86' title="bbox 2420 4327 4029 4400">
    <p class='ocr_par' dir='ltr' id='par_1_86' title="bbox 2420 4327 4029 4400">
     <span class='ocr_line' id='line_1_86' title="bbox 2420 4327 4029 4400; baseline 0.001 -21"><span class='ocrx_word' id='word_1_575' title='bbox 2420 4328 2513 4380; x_wconf 72' lang='grc' dir='ltr'>ἐπὶ</span> <span class='ocrx_word' id='word_1_576' title='bbox 2538 4328 2662 4397; x_wconf 82' lang='grc' dir='ltr'>γῆς,</span> <span class='ocrx_word' id='word_1_577' title='bbox 2684 4328 2782 4397; x_wconf 85' lang='grc' dir='ltr'>τῆς</span> <span class='ocrx_word' id='word_1_578' title='bbox 2806 4328 2905 4397; x_wconf 77' lang='grc' dir='ltr'>μὲν</span> <span class='ocrx_word' id='word_1_579' title='bbox 2950 4328 3134 4381; x_wconf 86' lang='grc' dir='ltr'>τέλεον</span> <span class='ocrx_word' id='word_1_580' title='bbox 3191 4327 3589 4398; x_wconf 81' lang='grc' dir='ltr'>ὑπερανέστης,</span> <span class='ocrx_word' id='word_1_581' title='bbox 3630 4328 3720 4381; x_wconf 79' lang='grc' dir='ltr'><strong>τὸν</strong></span> <span class='ocrx_word' id='word_1_582' title='bbox 3772 4330 4029 4400; x_wconf 74' lang='grc' dir='ltr'>οὐρανὸν</span> 
     </span>
    </p>
   </div>
   <div class='ocr_carea' id='block_1_87' title="bbox 2419 4417 4031 4491">
    <p class='ocr_par' dir='ltr' id='par_1_87' title="bbox 2419 4417 4031 4491">
     <span class='ocr_line' id='line_1_87' title="bbox 2419 4417 4031 4491; baseline 0.002 -20"><span class='ocrx_word' id='word_1_583' title='bbox 2419 4419 2496 4485; x_wconf 83' lang='grc' dir='ltr'>δὲ,</span> <span class='ocrx_word' id='word_1_584' title='bbox 2519 4417 2594 4482; x_wconf 85' lang='grc' dir='ltr'>ὡς</span> <span class='ocrx_word' id='word_1_585' title='bbox 2622 4418 2869 4489; x_wconf 83' lang='grc' dir='ltr'>οὐράνιος</span> <span class='ocrx_word' id='word_1_586' title='bbox 2924 4417 3146 4488; x_wconf 79' lang='grc' dir='ltr'>ᾤκησας</span> <span class='ocrx_word' id='word_1_587' title='bbox 3201 4422 3330 4482; x_wconf 89' lang='grc' dir='ltr'>παῖς</span> <span class='ocrx_word' id='word_1_588' title='bbox 3353 4436 3368 4450; x_wconf 91' lang='grc'><strong>·</strong></span> <span class='ocrx_word' id='word_1_589' title='bbox 3402 4419 3500 4473; x_wconf 57' lang='grc' dir='ltr'><strong>καλ⁵</strong></span> <span class='ocrx_word' id='word_1_590' title='bbox 3529 4419 3689 4483; x_wconf 87' lang='grc' dir='ltr'>Σιὼν,</span> <span class='ocrx_word' id='word_1_591' title='bbox 3724 4420 3877 4474; x_wconf 83' lang='grc' dir='ltr'>Θεοῦ</span> <span class='ocrx_word' id='word_1_592' title='bbox 3920 4424 4031 4491; x_wconf 80' lang='grc' dir='ltr'>τὴν</span> 
     </span>
    </p>
   </div>
   <div class='ocr_carea' id='block_1_88' title="bbox 738 4504 2313 4599">
    <p class='ocr_par' dir='ltr' id='par_1_88' title="bbox 738 4530 2313 4599">
     <span class='ocr_line' id='line_1_88' title="bbox 738 4530 2313 4599; baseline -0.003 -11"><span class='ocrx_word' id='word_1_593' title='bbox 738 4535 794 4588; x_wconf 86' lang='lat' dir='ltr'><strong>in</strong></span> <span class='ocrx_word' id='word_1_594' title='bbox 817 4534 1016 4588; x_wconf 66' lang='lat' dir='ltr'><strong>caalum</strong></span> <span class='ocrx_word' id='word_1_595' title='bbox 1040 4530 1413 4591; x_wconf 86' lang='lat' dir='ltr'><strong>transtuleris,</strong></span> <span class='ocrx_word' id='word_1_596' title='bbox 1446 4530 1723 4598; x_wconf 89' lang='lat' dir='ltr'><strong>Sioneque</strong></span> <span class='ocrx_word' id='word_1_597' title='bbox 1752 4531 1847 4585; x_wconf 89' lang='lat' dir='ltr'><strong>Dei</strong></span> <span class='ocrx_word' id='word_1_598' title='bbox 1879 4530 2163 4599; x_wconf 83' lang='lat' dir='ltr'><strong>Metropoli</strong></span> <span class='ocrx_word' id='word_1_599' title='bbox 2190 4546 2313 4584; x_wconf 87' lang='lat' dir='ltr'><strong>vera</strong></span> 
     </span>
    </p>
   </div>
   <div class='ocr_carea' id='block_1_89' title="bbox 2418 4504 4031 4599">
    <p class='ocr_par' dir='ltr' id='par_1_89' title="bbox 2426 4509 4031 4583">
     <span class='ocr_line' id='line_1_89' title="bbox 2426 4509 4031 4583; baseline 0.002 -20"><span class='ocrx_word' id='word_1_600' title='bbox 2426 4509 2783 4582; x_wconf 77' lang='grc' dir='ltr'>μητρόπολιν,</span> <span class='ocrx_word' id='word_1_601' title='bbox 2819 4510 3052 4579; x_wconf 80' lang='grc' dir='ltr'>πατρίδα</span> <span class='ocrx_word' id='word_1_602' title='bbox 3072 4510 3246 4581; x_wconf 84' lang='grc' dir='ltr'>ἀληθῆ</span> <span class='ocrx_word' id='word_1_603' title='bbox 3278 4512 3551 4580; x_wconf 75' lang='grc' dir='ltr'>ἐγνωκὼς,</span> <span class='ocrx_word' id='word_1_604' title='bbox 3574 4512 3847 4583; x_wconf 83' lang='grc' dir='ltr'>Σιωνίτης</span> <span class='ocrx_word' id='word_1_605' title='bbox 3881 4514 4031 4582; x_wconf 81' lang='grc' dir='ltr'><strong>μᾶλ-</strong></span> 
     </span>
    </p>
   </div>
   <div class='ocr_carea' id='block_1_90' title="bbox 737 4620 2320 4695">
    <p class='ocr_par' dir='ltr' id='par_1_90' title="bbox 737 4620 2320 4695">
     <span class='ocr_line' id='line_1_90' title="bbox 737 4620 2320 4695; baseline -0.003 -16"><span class='ocrx_word' id='word_1_606' title='bbox 737 4625 953 4695; x_wconf 78' lang='lat' dir='ltr'><strong>cnguita</strong></span> <span class='ocrx_word' id='word_1_607' title='bbox 986 4623 1183 4693; x_wconf 87' lang='lat' dir='ltr'><strong>patria,</strong></span> <span class='ocrx_word' id='word_1_608' title='bbox 1210 4622 1452 4677; x_wconf 88' lang='lat' dir='ltr'><strong>Sionites</strong></span> <span class='ocrx_word' id='word_1_609' title='bbox 1472 4621 1678 4691; x_wconf 85' lang='lat' dir='ltr'><strong>potius,</strong></span> <span class='ocrx_word' id='word_1_610' title='bbox 1702 4636 1866 4689; x_wconf 88' lang='lat' dir='ltr'><strong>quam</strong></span> <span class='ocrx_word' id='word_1_611' title='bbox 1892 4620 2111 4675; x_wconf 82' lang='lat' dir='ltr'><strong>Canites</strong></span> <span class='ocrx_word' id='word_1_612' title='bbox 2130 4622 2287 4690; x_wconf 89' lang='lat' dir='ltr'><strong>appel</strong></span> <span class='ocrx_word' id='word_1_613' title='bbox 2303 4650 2320 4661; x_wconf 87' lang='lat'><em>-</em></span> 
     </span>
    </p>
   </div>
   <div class='ocr_carea' id='block_1_91' title="bbox 738 4712 2316 4783">
    <p class='ocr_par' dir='ltr' id='par_1_91' title="bbox 738 4712 2316 4783">
     <span class='ocr_line' id='line_1_91' title="bbox 738 4712 2316 4783; baseline -0.001 -15"><span class='ocrx_word' id='word_1_614' title='bbox 738 4714 840 4769; x_wconf 87' lang='lat' dir='ltr'><strong>lari</strong></span> <span class='ocrx_word' id='word_1_615' title='bbox 868 4713 1184 4767; x_wconf 88' lang='lat' dir='ltr'><strong>merueris:</strong></span> <span class='ocrx_word' id='word_1_616' title='bbox 1236 4713 1330 4783; x_wconf 94' lang='lat' dir='ltr'><strong>qui</strong></span> <span class='ocrx_word' id='word_1_617' title='bbox 1364 4712 1623 4765; x_wconf 91' lang='lat' dir='ltr'><strong>nimirum</strong></span> <span class='ocrx_word' id='word_1_618' title='bbox 1684 4712 1829 4766; x_wconf 89' lang='lat' dir='ltr'><strong>sicut</strong></span> <span class='ocrx_word' id='word_1_619' title='bbox 1881 4722 2091 4781; x_wconf 89' lang='lat' dir='ltr'><strong>patrem</strong></span> <span class='ocrx_word' id='word_1_620' title='bbox 2140 4722 2316 4781; x_wconf 91' lang='lat' dir='ltr'><strong>patre,</strong></span> 
     </span>
    </p>
   </div>
   <div class='ocr_carea' id='block_1_92' title="bbox 737 4804 2316 4875">
    <p class='ocr_par' dir='ltr' id='par_1_92' title="bbox 737 4804 2316 4875">
     <span class='ocr_line' id='line_1_92' title="bbox 737 4804 2316 4875; baseline 0 -16"><span class='ocrx_word' id='word_1_621' title='bbox 737 4805 1224 4874; x_wconf 61' lang='lat' dir='ltr'><strong>haereditatemque</strong></span> <span class='ocrx_word' id='word_1_622' title='bbox 1251 4804 1597 4866; x_wconf 73' lang='lat' dir='ltr'><strong>hmreditate,</strong></span> <span class='ocrx_word' id='word_1_623' title='bbox 1622 4814 1787 4875; x_wconf 90' lang='lat' dir='ltr'><strong>atque</strong></span> <span class='ocrx_word' id='word_1_624' title='bbox 1814 4804 2011 4858; x_wconf 83' lang='lat' dir='ltr'><strong>fratres</strong></span> <span class='ocrx_word' id='word_1_625' title='bbox 2032 4804 2316 4870; x_wconf 86' lang='lat' dir='ltr'><strong>fratribus,</strong></span> 
     </span>
    </p>
   </div>
   <div class='ocr_carea' id='block_1_93' title="bbox 737 4895 2317 4966">
    <p class='ocr_par' dir='ltr' id='par_1_93' title="bbox 737 4895 2317 4966">
     <span class='ocr_line' id='line_1_93' title="bbox 737 4895 2317 4966; baseline -0.001 -16"><span class='ocrx_word' id='word_1_626' title='bbox 737 4897 821 4951; x_wconf 88' lang='lat' dir='ltr'><strong>sie</strong></span> <span class='ocrx_word' id='word_1_627' title='bbox 842 4906 899 4951; x_wconf 92' lang='lat' dir='ltr'><strong>et</strong></span> <span class='ocrx_word' id='word_1_628' title='bbox 933 4896 1162 4965; x_wconf 89' lang='lat' dir='ltr'><strong>patriam</strong></span> <span class='ocrx_word' id='word_1_629' title='bbox 1188 4896 1390 4966; x_wconf 87' lang='lat' dir='ltr'><strong>patria,</strong></span> <span class='ocrx_word' id='word_1_630' title='bbox 1428 4897 1787 4965; x_wconf 88' lang='lat' dir='ltr'><strong>mortaliaque</strong></span> <span class='ocrx_word' id='word_1_631' title='bbox 1804 4907 1861 4950; x_wconf 91' lang='lat' dir='ltr'><strong>et</strong></span> <span class='ocrx_word' id='word_1_632' title='bbox 1886 4895 2053 4955; x_wconf 82' lang='lat' dir='ltr'><strong>ﬂuxa,</strong></span> <span class='ocrx_word' id='word_1_633' title='bbox 2095 4895 2161 4950; x_wconf 91' lang='lat' dir='ltr'><strong>iis</strong></span> <span class='ocrx_word' id='word_1_634' title='bbox 2195 4911 2317 4964; x_wconf 74' lang='lat' dir='ltr'><strong>qua:</strong></span> 
     </span>
    </p>
   </div>
   <div class='ocr_carea' id='block_1_94' title="bbox 738 4988 2316 5060">
    <p class='ocr_par' dir='ltr' id='par_1_94' title="bbox 738 4988 2316 5060">
     <span class='ocr_line' id='line_1_94' title="bbox 738 4988 2316 5060; baseline -0.001 -17"><span class='ocrx_word' id='word_1_635' title='bbox 738 4990 957 5046; x_wconf 83' lang='lat' dir='ltr'><strong>stabilia</strong></span> <span class='ocrx_word' id='word_1_636' title='bbox 986 4999 1117 5043; x_wconf 92' lang='lat' dir='ltr'><strong>sunt</strong></span> <span class='ocrx_word' id='word_1_637' title='bbox 1142 5004 1206 5043; x_wconf 92' lang='lat' dir='ltr'><strong>ac</strong></span> <span class='ocrx_word' id='word_1_638' title='bbox 1253 4990 1594 5060; x_wconf 87' lang='lat' dir='ltr'><strong>incorrupta,</strong></span> <span class='ocrx_word' id='word_1_639' title='bbox 1626 4989 1858 5059; x_wconf 89' lang='lat' dir='ltr'><strong>sapienti</strong></span> <span class='ocrx_word' id='word_1_640' title='bbox 1896 4988 2133 5043; x_wconf 91' lang='lat' dir='ltr'><strong>consilio</strong></span> <span class='ocrx_word' id='word_1_641' title='bbox 2162 5003 2316 5044; x_wconf 90' lang='lat' dir='ltr'><strong>com-</strong></span> 
     </span>
    </p>
   </div>
   <div class='ocr_carea' id='block_1_95' title="bbox 738 5081 1130 5138">
    <p class='ocr_par' dir='ltr' id='par_1_95' title="bbox 738 5081 1130 5138">
     <span class='ocr_line' id='line_1_95' title="bbox 738 5081 1130 5138; baseline 0.01 -4"><span class='ocrx_word' id='word_1_642' title='bbox 738 5081 1040 5137; x_wconf 85' lang='lat' dir='ltr'><strong>mutaveris</strong></span> <span class='ocrx_word' id='word_1_643' title='bbox 1061 5082 1130 5138; x_wconf 79' lang='grc'><strong>’³.</strong></span> 
     </span>
    </p>
   </div>
   <div class='ocr_carea' id='block_1_96' title="bbox 812 5172 2319 5244">
    <p class='ocr_par' dir='ltr' id='par_1_96' title="bbox 812 5172 2319 5244">
     <span class='ocr_line' id='line_1_96' title="bbox 812 5172 2319 5244; baseline -0.003 -13"><span class='ocrx_word' id='word_1_644' title='bbox 812 5177 973 5231; x_wconf 88' lang='lat' dir='ltr'><strong>Salve</strong></span> <span class='ocrx_word' id='word_1_645' title='bbox 1002 5176 1099 5239; x_wconf 89' lang='lat' dir='ltr'><strong>sis,</strong></span> <span class='ocrx_word' id='word_1_646' title='bbox 1148 5176 1331 5231; x_wconf 86' lang='lat' dir='ltr'><strong>Patris</strong></span> <span class='ocrx_word' id='word_1_647' title='bbox 1374 5174 1597 5244; x_wconf 88' lang='lat' dir='ltr'><strong>quidem</strong></span> <span class='ocrx_word' id='word_1_648' title='bbox 1628 5172 1914 5239; x_wconf 88' lang='lat' dir='ltr'><strong>minister;</strong></span> <span class='ocrx_word' id='word_1_649' title='bbox 1970 5172 2319 5242; x_wconf 82' lang='lat' dir='ltr'><strong>dispensator</strong></span> 
     </span>
    </p>
   </div>
   <div class='ocr_carea' id='block_1_97' title="bbox 741 5260 2317 5340">
    <p class='ocr_par' dir='ltr' id='par_1_97' title="bbox 741 5260 2317 5340">
     <span class='ocr_line' id='line_1_97' title="bbox 741 5260 2317 5340; baseline 0.001 -23"><span class='ocrx_word' id='word_1_650' title='bbox 741 5282 875 5321; x_wconf 75' lang='lat' dir='ltr'><strong>vero</strong></span> <span class='ocrx_word' id='word_1_651' title='bbox 896 5270 1280 5340; x_wconf 82' lang='lat' dir='ltr'><strong>mysteriorum</strong></span> <span class='ocrx_word' id='word_1_652' title='bbox 1339 5260 1485 5334; x_wconf 86' lang='lat' dir='ltr'><strong>Filii,</strong></span> <span class='ocrx_word' id='word_1_653' title='bbox 1517 5282 1581 5322; x_wconf 89' lang='lat' dir='ltr'><strong>ac</strong></span> <span class='ocrx_word' id='word_1_654' title='bbox 1611 5266 1851 5336; x_wconf 78' lang='lat' dir='ltr'><strong>Spiritus</strong></span> <span class='ocrx_word' id='word_1_655' title='bbox 1899 5265 2101 5319; x_wconf 90' lang='lat' dir='ltr'><strong>famule</strong></span> <span class='ocrx_word' id='word_1_656' title='bbox 2134 5284 2147 5317; x_wconf 87' lang='lat'><strong>:</strong></span> <span class='ocrx_word' id='word_1_657' title='bbox 2178 5266 2317 5331; x_wconf 83' lang='lat' dir='ltr'><strong>sive,</strong></span> 
     </span>
    </p>
   </div>
   <div class='ocr_carea' id='block_1_98' title="bbox 741 5356 2319 5430">
    <p class='ocr_par' dir='ltr' id='par_1_98' title="bbox 741 5356 2319 5430">
     <span class='ocr_line' id='line_1_98' title="bbox 741 5356 2319 5430; baseline 0.002 -21"><span class='ocrx_word' id='word_1_658' title='bbox 741 5356 921 5413; x_wconf 71' lang='lat' dir='ltr'><strong>Patris</strong></span> <span class='ocrx_word' id='word_1_659' title='bbox 945 5360 1167 5429; x_wconf 90' lang='lat' dir='ltr'><strong>quidem</strong></span> <span class='ocrx_word' id='word_1_660' title='bbox 1203 5374 1386 5430; x_wconf 76' lang='lat' dir='ltr'><strong>praeco</strong></span> <span class='ocrx_word' id='word_1_661' title='bbox 1414 5374 1477 5414; x_wconf 89' lang='lat' dir='ltr'><strong>ac</strong></span> <span class='ocrx_word' id='word_1_662' title='bbox 1500 5360 1752 5413; x_wconf 89' lang='lat' dir='ltr'><strong>minister</strong></span> <span class='ocrx_word' id='word_1_663' title='bbox 1779 5375 1794 5421; x_wconf 89' lang='lat'><strong>;</strong></span> <span class='ocrx_word' id='word_1_664' title='bbox 1828 5357 1952 5412; x_wconf 84' lang='lat' dir='ltr'><strong>Filii</strong></span> <span class='ocrx_word' id='word_1_665' title='bbox 1976 5372 2131 5421; x_wconf 89' lang='lat' dir='ltr'><strong>vero,</strong></span> <span class='ocrx_word' id='word_1_666' title='bbox 2164 5358 2319 5412; x_wconf 86' lang='lat' dir='ltr'><strong>testis</strong></span> 
     </span>
    </p>
   </div>
   <div class='ocr_carea' id='block_1_99' title="bbox 739 5447 2314 5521">
    <p class='ocr_par' dir='ltr' id='par_1_99' title="bbox 739 5447 2314 5521">
     <span class='ocr_line' id='line_1_99' title="bbox 739 5447 2314 5521; baseline -0.001 -20"><span class='ocrx_word' id='word_1_667' title='bbox 739 5458 800 5502; x_wconf 70' lang='lat' dir='ltr'><strong>et</strong></span> <span class='ocrx_word' id='word_1_668' title='bbox 832 5450 1116 5518; x_wconf 78' lang='lat' dir='ltr'><strong>apostolo;</strong></span> <span class='ocrx_word' id='word_1_669' title='bbox 1153 5450 1394 5521; x_wconf 88' lang='lat' dir='ltr'><strong>Spiritus</strong></span> <span class='ocrx_word' id='word_1_670' title='bbox 1439 5450 1678 5519; x_wconf 91' lang='lat' dir='ltr'><strong>denique</strong></span> <span class='ocrx_word' id='word_1_671' title='bbox 1717 5449 1984 5519; x_wconf 89' lang='lat' dir='ltr'><strong>discipule</strong></span> <span class='ocrx_word' id='word_1_672' title='bbox 2006 5463 2069 5503; x_wconf 87' lang='lat' dir='ltr'><strong>ac</strong></span> <span class='ocrx_word' id='word_1_673' title='bbox 2102 5447 2314 5512; x_wconf 83' lang='lat' dir='ltr'><strong>scriba;</strong></span> 
     </span>
    </p>
   </div>
   <div class='ocr_carea' id='block_1_100' title="bbox 814 5625 1622 5705">
    <p class='ocr_par' dir='ltr' id='par_1_100' title="bbox 814 5625 1622 5705">
     <span class='ocr_line' id='line_1_100' title="bbox 814 5625 1622 5705; baseline -0.004 -22"><span class='ocrx_word' id='word_1_674' title='bbox 814 5626 862 5705; x_wconf 55' lang='grc' dir='ltr'><strong>’ἦ</strong></span> <span class='ocrx_word' id='word_1_675' title='bbox 885 5626 1041 5683; x_wconf 79' lang='lat' dir='ltr'><strong>Joan.</strong></span> <span class='ocrx_word' id='word_1_676' title='bbox 1068 5643 1129 5691; x_wconf 88' lang='grc' dir='ltr'><strong>ιι,</strong></span> <span class='ocrx_word' id='word_1_677' title='bbox 1167 5627 1369 5692; x_wconf 85' lang='lat' dir='ltr'><strong>l;Jos.</strong></span> <span class='ocrx_word' id='word_1_678' title='bbox 1398 5643 1508 5690; x_wconf 47' lang='lat' dir='ltr'><strong>xix,</strong></span> <span class='ocrx_word' id='word_1_679' title='bbox 1533 5625 1622 5680; x_wconf 70' lang='lat'><strong>28.</strong></span> 
     </span>
    </p>
   </div>
   <div class='ocr_carea' id='block_1_101' title="bbox 814 5804 1377 5872">
    <p class='ocr_par' dir='ltr' id='par_1_101' title="bbox 814 5804 1377 5872">
     <span class='ocr_line' id='line_1_101' title="bbox 814 5804 1377 5872; baseline 0 -17"><span class='ocrx_word' id='word_1_680' title='bbox 814 5804 902 5869; x_wconf 71' lang='lat' dir='ltr'><strong>(.‘il</strong></span> <span class='ocrx_word' id='word_1_681' title='bbox 921 5808 957 5872; x_wconf 82' lang='lat'><strong>&#39;)</strong></span> <span class='ocrx_word' id='word_1_682' title='bbox 986 5816 1125 5867; x_wconf 62' lang='lat'><strong>2322’</strong></span> <span class='ocrx_word' id='word_1_683' title='bbox 1153 5808 1377 5861; x_wconf 74' lang='lat' dir='ltr'><strong>audit-it.</strong></span> 
     </span>
    </p>
   </div>
   <div class='ocr_carea' id='block_1_102' title="bbox 2425 4602 4037 4677">
    <p class='ocr_par' dir='ltr' id='par_1_102' title="bbox 2425 4602 4037 4677">
     <span class='ocr_line' id='line_1_102' title="bbox 2425 4602 4037 4677; baseline 0.002 -21"><span class='ocrx_word' id='word_1_684' title='bbox 2425 4604 2516 4656; x_wconf 84' lang='grc' dir='ltr'><strong>λον</strong></span> <span class='ocrx_word' id='word_1_685' title='bbox 2564 4603 2599 4673; x_wconf 78' lang='grc' dir='ltr'>ἢ</span> <span class='ocrx_word' id='word_1_686' title='bbox 2658 4602 2968 4673; x_wconf 87' lang='grc' dir='ltr'>Κανανίτης</span> <span class='ocrx_word' id='word_1_687' title='bbox 3018 4602 3185 4667; x_wconf 82' lang='grc' dir='ltr'>ἀξίως</span> <span class='ocrx_word' id='word_1_688' title='bbox 3252 4605 3696 4675; x_wconf 86' lang='grc' dir='ltr'>προσηγόρευσαι</span> <span class='ocrx_word' id='word_1_689' title='bbox 3742 4621 3759 4635; x_wconf 74' lang='grc' dir='ltr'><strong>ο</strong></span> <span class='ocrx_word' id='word_1_690' title='bbox 3820 4605 4037 4677; x_wconf 82' lang='grc' dir='ltr'>ὥσπερ</span> 
     </span>
    </p>
   </div>
   <div class='ocr_carea' id='block_1_103' title="bbox 2426 4695 4042 4767">
    <p class='ocr_par' dir='ltr' id='par_1_103' title="bbox 2426 4695 4042 4767">
     <span class='ocr_line' id='line_1_103' title="bbox 2426 4695 4042 4767; baseline 0.004 -20"><span class='ocrx_word' id='word_1_691' title='bbox 2426 4695 2641 4766; x_wconf 81' lang='grc' dir='ltr'>πατέρα</span> <span class='ocrx_word' id='word_1_692' title='bbox 2674 4695 2774 4764; x_wconf 83' lang='grc' dir='ltr'>μὲν</span> <span class='ocrx_word' id='word_1_693' title='bbox 2794 4696 3019 4767; x_wconf 88' lang='grc' dir='ltr'>πατρὸς,</span> <span class='ocrx_word' id='word_1_694' title='bbox 3053 4696 3254 4767; x_wconf 82' lang='grc' dir='ltr'>κλῆρον</span> <span class='ocrx_word' id='word_1_695' title='bbox 3278 4696 3335 4749; x_wconf 79' lang='grc' dir='ltr'>δὲ</span> <span class='ocrx_word' id='word_1_696' title='bbox 3371 4697 3598 4767; x_wconf 83' lang='grc' dir='ltr'>κλήρου,</span> <span class='ocrx_word' id='word_1_697' title='bbox 3660 4696 3955 4764; x_wconf 73' lang='grc' dir='ltr'>ἀδελφοὺς</span> <span class='ocrx_word' id='word_1_698' title='bbox 3979 4698 4042 4753; x_wconf 76' lang='grc' dir='ltr'>δὲ</span> 
     </span>
    </p>
   </div>
   <div class='ocr_carea' id='block_1_104' title="bbox 2424 4786 4045 4857">
    <p class='ocr_par' dir='ltr' id='par_1_104' title="bbox 2424 4786 4045 4857">
     <span class='ocr_line' id='line_1_104' title="bbox 2424 4786 4045 4857; baseline 0.001 -17"><span class='ocrx_word' id='word_1_699' title='bbox 2424 4787 2689 4855; x_wconf 83' lang='grc' dir='ltr'>ἀδελφῶν,</span> <span class='ocrx_word' id='word_1_700' title='bbox 2716 4788 2859 4841; x_wconf 86' lang='grc' dir='ltr'>οῦτω</span> <span class='ocrx_word' id='word_1_701' title='bbox 2895 4789 2987 4840; x_wconf 77' lang='grc' dir='ltr'><strong>καὶ</strong></span> <span class='ocrx_word' id='word_1_702' title='bbox 3022 4786 3258 4857; x_wconf 88' lang='grc' dir='ltr'>πατρίδα</span> <span class='ocrx_word' id='word_1_703' title='bbox 3303 4788 3404 4856; x_wconf 81' lang='grc' dir='ltr'>τῆς</span> <span class='ocrx_word' id='word_1_704' title='bbox 3456 4786 3735 4855; x_wconf 81' lang='grc' dir='ltr'>πατρίδος,</span> <span class='ocrx_word' id='word_1_705' title='bbox 3780 4789 3862 4841; x_wconf 79' lang='grc' dir='ltr'><strong>τὰ</strong></span> <span class='ocrx_word' id='word_1_706' title='bbox 3910 4790 4045 4842; x_wconf 84' lang='grc' dir='ltr'>ὲπί-</span> 
     </span>
    </p>
   </div>
   <div class='ocr_carea' id='block_1_105' title="bbox 2426 4879 4045 4952">
    <p class='ocr_par' dir='ltr' id='par_1_105' title="bbox 2426 4879 4045 4952">
     <span class='ocr_line' id='line_1_105' title="bbox 2426 4879 4045 4952; baseline 0.002 -21"><span class='ocrx_word' id='word_1_707' title='bbox 2426 4897 2572 4949; x_wconf 83' lang='grc' dir='ltr'>κηρα</span> <span class='ocrx_word' id='word_1_708' title='bbox 2608 4880 2703 4932; x_wconf 83' lang='grc' dir='ltr'><strong>καὶ</strong></span> <span class='ocrx_word' id='word_1_709' title='bbox 2732 4879 2966 4951; x_wconf 80' lang='grc' dir='ltr'>λυόμενα</span> <span class='ocrx_word' id='word_1_710' title='bbox 3011 4880 3121 4935; x_wconf 90' lang='grc' dir='ltr'><strong>τῶν</strong></span> <span class='ocrx_word' id='word_1_711' title='bbox 3144 4880 3395 4933; x_wconf 80' lang='grc' dir='ltr'>ἑστώτων</span> <span class='ocrx_word' id='word_1_712' title='bbox 3429 4880 3522 4933; x_wconf 78' lang='grc' dir='ltr'><strong>καὶ</strong></span> <span class='ocrx_word' id='word_1_713' title='bbox 3549 4879 3872 4949; x_wconf 81' lang='grc' dir='ltr'>ἀκηράτων</span> <span class='ocrx_word' id='word_1_714' title='bbox 3908 4882 4045 4952; x_wconf 76' lang='grc' dir='ltr'><strong>ἒχε-</strong></span> 
     </span>
    </p>
   </div>
   <div class='ocr_carea' id='block_1_106' title="bbox 2426 4972 3072 5042">
    <p class='ocr_par' dir='ltr' id='par_1_106' title="bbox 2426 4972 3072 5042">
     <span class='ocr_line' id='line_1_106' title="bbox 2426 4972 3072 5042; baseline 0.005 -19"><span class='ocrx_word' id='word_1_715' title='bbox 2426 4972 2639 5040; x_wconf 86' lang='grc' dir='ltr'>φρόνως</span> <span class='ocrx_word' id='word_1_716' title='bbox 2673 4972 3072 5042; x_wconf 73' lang='grc' dir='ltr'>ἀμειψάμενος.</span> 
     </span>
    </p>
   </div>
   <div class='ocr_carea' id='block_1_107' title="bbox 2498 5171 4045 5245">
    <p class='ocr_par' dir='ltr' id='par_1_107' title="bbox 2498 5171 4045 5245">
     <span class='ocr_line' id='line_1_107' title="bbox 2498 5171 4045 5245; baseline -0.001 -18"><span class='ocrx_word' id='word_1_717' title='bbox 2498 5175 2692 5245; x_wconf 81' lang='grc' dir='ltr'>Χαῖρε,</span> <span class='ocrx_word' id='word_1_718' title='bbox 2714 5174 2808 5227; x_wconf 91' lang='grc' dir='ltr'><strong>τοῦ</strong></span> <span class='ocrx_word' id='word_1_719' title='bbox 2850 5173 3063 5245; x_wconf 74' lang='grc' dir='ltr'>Πατρὸς</span> <span class='ocrx_word' id='word_1_720' title='bbox 3099 5173 3200 5243; x_wconf 77' lang='grc' dir='ltr'>μὲν</span> <span class='ocrx_word' id='word_1_721' title='bbox 3236 5174 3505 5244; x_wconf 76' lang='grc' dir='ltr'>ὑπηρέτα,</span> <span class='ocrx_word' id='word_1_722' title='bbox 3538 5171 3801 5242; x_wconf 80' lang='grc' dir='ltr'>οἱκονόμε</span> <span class='ocrx_word' id='word_1_723' title='bbox 3835 5173 3903 5228; x_wconf 67' lang='grc' dir='ltr'>δὲ</span> <span class='ocrx_word' id='word_1_724' title='bbox 3937 5193 4045 5245; x_wconf 76' lang='grc' dir='ltr'>μυ·</span> 
     </span>
    </p>
   </div>
   <div class='ocr_carea' id='block_1_108' title="bbox 2425 5260 4145 5335">
    <p class='ocr_par' dir='ltr' id='par_1_108' title="bbox 2425 5260 4145 5335">
     <span class='ocr_line' id='line_1_108' title="bbox 2425 5260 4145 5335; baseline -0.001 -19"><span class='ocrx_word' id='word_1_725' title='bbox 2425 5264 2661 5335; x_wconf 58' lang='grc' dir='ltr'>κηρίων</span> <span class='ocrx_word' id='word_1_726' title='bbox 2689 5264 2784 5316; x_wconf 83' lang='grc' dir='ltr'><strong>τοῦ</strong></span> <span class='ocrx_word' id='word_1_727' title='bbox 2814 5263 2968 5326; x_wconf 78' lang='grc' dir='ltr'>Υίοῦ,</span> <span class='ocrx_word' id='word_1_728' title='bbox 3000 5264 3093 5315; x_wconf 71' lang='grc' dir='ltr'><strong>καὶ</strong></span> <span class='ocrx_word' id='word_1_729' title='bbox 3114 5260 3206 5314; x_wconf 88' lang='grc' dir='ltr'><strong>τοῦ</strong></span> <span class='ocrx_word' id='word_1_730' title='bbox 3241 5262 3555 5330; x_wconf 88' lang='grc' dir='ltr'>Πνεύματος</span> <span class='ocrx_word' id='word_1_731' title='bbox 3581 5261 3890 5329; x_wconf 81' lang='grc' dir='ltr'>λειτουργέ</span> <span class='ocrx_word' id='word_1_732' title='bbox 3927 5279 3942 5292; x_wconf 65' lang='grc' dir='ltr'>δ</span> <span class='ocrx_word' id='word_1_733' title='bbox 3984 5264 4046 5333; x_wconf 78' lang='grc' dir='ltr'><strong>ἦ.</strong></span> <span class='ocrx_word' id='word_1_734' title='bbox 4144 5282 4145 5289; x_wconf 49' lang='grc' dir='ltr'><strong>η</strong></span> 
     </span>
    </p>
   </div>
   <div class='ocr_carea' id='block_1_109' title="bbox 2423 5350 4145 5425">
    <p class='ocr_par' dir='ltr' id='par_1_109' title="bbox 2423 5350 4145 5425">
     <span class='ocr_line' id='line_1_109' title="bbox 2423 5350 4145 5425; baseline -0.001 -18"><span class='ocrx_word' id='word_1_735' title='bbox 2423 5354 2518 5408; x_wconf 90' lang='grc' dir='ltr'><strong>τοῦ</strong></span> <span class='ocrx_word' id='word_1_736' title='bbox 2556 5354 2656 5424; x_wconf 84' lang='grc' dir='ltr'>μὲν</span> <span class='ocrx_word' id='word_1_737' title='bbox 2684 5352 2861 5425; x_wconf 76' lang='grc' dir='ltr'>κῆρυξ</span> <span class='ocrx_word' id='word_1_738' title='bbox 2888 5353 2984 5407; x_wconf 77' lang='grc' dir='ltr'>καὶ</span> <span class='ocrx_word' id='word_1_739' title='bbox 3002 5353 3217 5407; x_wconf 86' lang='grc' dir='ltr'>διάκονε</span> <span class='ocrx_word' id='word_1_740' title='bbox 3240 5369 3253 5382; x_wconf 91' lang='grc'><strong>·</strong></span> <span class='ocrx_word' id='word_1_741' title='bbox 3285 5351 3381 5405; x_wconf 82' lang='grc' dir='ltr'><strong>τοῦ</strong></span> <span class='ocrx_word' id='word_1_742' title='bbox 3407 5352 3464 5403; x_wconf 77' lang='grc' dir='ltr'><strong>δὲ</strong></span> <span class='ocrx_word' id='word_1_743' title='bbox 3488 5353 3702 5422; x_wconf 81' lang='grc' dir='ltr'>μάρτυς</span> <span class='ocrx_word' id='word_1_744' title='bbox 3730 5353 3844 5405; x_wconf 70' lang='grc' dir='ltr'>καὶ</span> <span class='ocrx_word' id='word_1_745' title='bbox 3878 5354 4002 5406; x_wconf 72' lang='grc' dir='ltr'>ἀπό</span> <span class='ocrx_word' id='word_1_746' title='bbox 4023 5384 4046 5393; x_wconf 88' lang='lat'><strong>-</strong></span> <span class='ocrx_word' id='word_1_747' title='bbox 4144 5350 4145 5359; x_wconf 57' lang='grc'><em>“</em></span> 
     </span>
    </p>
   </div>
   <div class='ocr_carea' id='block_1_110' title="bbox 2427 5441 4052 5515">
    <p class='ocr_par' dir='ltr' id='par_1_110' title="bbox 2427 5441 4052 5515">
     <span class='ocr_line' id='line_1_110' title="bbox 2427 5441 4052 5515; baseline -0.001 -16"><span class='ocrx_word' id='word_1_748' title='bbox 2427 5445 2615 5499; x_wconf 83' lang='grc' dir='ltr'>στολε·</span> <span class='ocrx_word' id='word_1_749' title='bbox 2676 5444 2769 5499; x_wconf 79' lang='grc' dir='ltr'><strong>τοῦ</strong></span> <span class='ocrx_word' id='word_1_750' title='bbox 2830 5445 2888 5498; x_wconf 77' lang='grc' dir='ltr'>δὲ</span> <span class='ocrx_word' id='word_1_751' title='bbox 2942 5444 3122 5513; x_wconf 87' lang='grc' dir='ltr'>μύστα</span> <span class='ocrx_word' id='word_1_752' title='bbox 3164 5445 3257 5499; x_wconf 71' lang='grc' dir='ltr'><strong>καὶ</strong></span> <span class='ocrx_word' id='word_1_753' title='bbox 3301 5441 3670 5515; x_wconf 83' lang='grc' dir='ltr'>γραμματεῦ·</span> <span class='ocrx_word' id='word_1_754' title='bbox 3729 5441 3846 5510; x_wconf 77' lang='grc' dir='ltr'>τῆς</span> <span class='ocrx_word' id='word_1_755' title='bbox 3904 5444 4052 5513; x_wconf 60' lang='lat' dir='ltr'><strong>pii;</strong></span> 
     </span>
    </p>
   </div>
  </div>
