4180 6434
172 393 266 455 257

980 394 1259 455 ORATIO
1296 394 1464 454 XIII.
1500 397 1669 456 -ΙΝ
1713 396 2021 457 LAUDEM
2061 401 2119 457 S.
2162 398 2374 458 JUD.‘E
2408 400 2664 461 APOST.

3304 408 3408 470 258

174 504 237 557 Δί
265 499 462 568 χεῖρές
492 516 609 557 σου
638 503 737 556 ἐπὶ
768 503 959 556 νώτου
997 504 1117 557 τῶν
1135 505 1364 573 ἐχθρῶν
1401 521 1537 559 σου·
1560 520 1748 574 προσο
1774 511 1821 568 Α
1850 524 1929 558 rem

1850 518 1962 559 rent
1985 516 2034 560 te
2076 507 2176 575 ﬁlii
2217 510 2383 577 patris
2437 510 2602 571 tui“,
2628 518 2684 564 et
2722 525 3061 581 quaecunque
3101 530 3409 584 sequuntur

174 594 518 658 κυνήσουσί
553 612 651 650 σοι
702 596 816 648 vlol
874 595 980 649 τοῦ
1037 600 1261 663 πατρός
1311 614 1451 660 σου,
1503 600 1599 652 καὶ
1640 600 1739 652 ὅσα
1847 599 1900 652 in

1847 599 1900 652 in
1931 599 2431 655 benedictionibus.
2482 603 2613 667 Qua:
2669 604 2854 656 omnia
2907 605 3067 669 nihil,
3094 619 3188 661 aut
3217 624 3409 677 parum

174 684 263 752 τῆς
289 685 542 753 εὐλογίας
575 688 723 756 ἑξῆς.
764 689 829 739 Ἀ
883 690 1059 741 πάντα
1097 690 1217 742 κατ’
1248 689 1423 752 οὐδὲν,
1460 691 1494 761 ἢ
1528 690 1738 760 μικρῶς

177 778 367 846 ἐκείνῳ
388 780 702 832 συνέϐαινεν
720 796 735 810 ·
770 781 973 849 ἐναργῆ
995 780 1052 833 δὲ
1088 782 1186 851 τὴν
1215 781 1439 834 ἔκϐασιν
1483 782 1579 835 καὶ
1607 799 1734 852 τραο

176 873 453 941 νεπάτην,
486 871 577 923 ἐπὶ
591 871 672 942 τῷ
695 872 756 937 ἐξ
791 871 958 924 Ἰούδα
991 872 1238 941 μέλλοντι
1263 871 1430 941 φῦναι
1484 872 1734 943 Χριστῷ,

176 963 235 1015 τά
254 963 350 1032 τῆς
374 965 716 1033 προφητείας
738 962 1139 1017 καταδέδεκται.

239 1047 410 1114 Οὗτος
437 1053 545 1123 γὰρ
570 1056 598 1107 ὁ
627 1054 880 1123 ἀληθινὸς
921 1055 1146 1119 Ἰούδας,
1176 1055 1205 1107 ὁ
1227 1055 1305 1125 τῷ
1352 1056 1547 1125 Πατρὶ,
1578 1054 1657 1126 τῷ
1679 1058 1734 1108 ὲν

176 1150 275 1207 τοίς
307 1145 582 1214 οὐρανοῖς,
607 1146 750 1200 κατά
769 1147 868 1216 τὴν
917 1144 1011 1199 τοῦ
1035 1146 1298 1216 ὀνόματος
1324 1146 1620 1217 σημασίαν,
1649 1146 1735 1212 ἐξ·

176 1236 600 1307 ομολογούμενος
633 1253 648 1266 ·
678 1239 739 1291 οὐ
769 1239 929 1308 μόνον
971 1239 1049 1302 δὲ,
1077 1239 1212 1293 ἀλλά
1258 1240 1352 1293 καὶ
1396 1240 1510 1292 ὅσοι
1560 1239 1734 1310 τούτῳ

177 1323 406 1391 γνησίως
429 1326 525 1377 καὶ
568 1326 774 1389 πιστῶς
804 1326 1161 1396 μαθητιῶσιν.
1200 1329 1275 1380 Ού
1303 1327 1412 1397 γάρ
1437 1328 1547 1381 ὅσοι
1571 1328 1732 1405 ψισλῆς

179 1416 589 1481 μεταποιοῦνται
635 1418 737 1487 τῆς
785 1420 1157 1490 προσηγορίας
1188 1459 1204 1482 ,
1270 1420 1615 1490 ἀξιοπρεπῶς
1665 1421 1731 1474 ἂν

177 1504 414 1575 κληθεῖεν
452 1506 712 1562 Ἰουδαῖοι.
769 1510 850 1561 Οὐ
881 1510 991 1578 γὰρ
1031 1513 1065 1563 ὁ
1108 1510 1179 1561 ἐν
1219 1509 1298 1573 τῷ
1326 1512 1579 1578 φανερῷ.
1631 1528 1734 1579 φη·

177 1595 272 1658 σὶν,
304 1596 607 1661 Ἰουδαῖος,
647 1600 785 1652 ἀλλ’
814 1602 847 1653 ὁ
873 1601 941 1652 ἐν
962 1600 1043 1666 τῷ
1058 1599 1315 1669 κρυπτῷ.
1338 1602 1561 1670 Ὠσπερ
1590 1603 1732 1657 οὐδὲ

176 1689 389 1751 πάντες
415 1691 471 1741 οι
504 1689 574 1752 ἐξ
618 1688 883 1758 Ἰσραὴλ,
935 1687 1100 1746 οὗτοι
1144 1691 1388 1761 Ἰσραήλ
1414 1708 1429 1723 ·
1464 1693 1591 1747 οὐδ’
1641 1692 1729 1745 ὅτι

173 1780 277 1831 είσί
306 1782 548 1849 σπέρμα
585 1783 849 1852 Ἀϐραὰμ,
878 1785 1101 1849 πάντες
1114 1785 1296 1839 τέκνα
1314 1801 1327 1815 ·
1359 1786 1477 1840 ἀλλ’
1498 1788 1548 1839 οἱ
1593 1788 1729 1858 πρὸς

1846 689 1920 743 illi
1971 690 2329 755 acciderunt;
2380 693 2585 745 clarum
2646 707 2779 747 vero
2807 697 3287 762 etapertissimtnn
3354 700 3406 754 in

1841 778 2081 842 Christo,
2144 780 2326 848 quiex
2347 780 2484 833 Juda
2532 794 2688 837 ortus
2743 792 2853 850 est,
2900 786 2955 838 in
3009 801 3133 841 eum
3184 788 3406 843 modum

1842 868 2102 937 pnedicta
2141 878 2397 923 eventum
2426 870 2759 926 habuerunt.

1911 1040 2011 1094 Ilic
2040 1041 2185 1096 enim
2217 1058 2382 1097 verus
2411 1053 2496 1098 est
2532 1044 2720 1110 ludas,
2750 1048 2845 1117 qui
2873 1049 3041 1112 Patri,
3086 1053 3180 1120 qui
3217 1054 3269 1109 in
3298 1070 3383 1113 cm

1839 1134 1907 1189 lis
1926 1143 2031 1196 est,
2082 1152 2184 1205 pro
2207 1152 2274 1191 co
2296 1152 2360 1190 ac
2377 1154 2577 1194 nomen
2616 1150 2804 1204 sonat,
2854 1142 3149 1198 confitetur
3181 1161 3194 1198 :
3229 1162 3407 1215 neque

1841 1226 1889 1280 is
1917 1228 2116 1290 solum,
2142 1229 2235 1283 sed
2270 1241 2325 1284 et
2356 1246 2547 1285 omnes
2573 1232 2665 1300 qui
2695 1232 2814 1300 ejus
2843 1248 2971 1287 vere
3006 1249 3069 1287 ac
3106 1235 3209 1291 fide
3244 1237 3404 1291 disci-

1840 1320 1952 1387 puli
1985 1323 2275 1377 exsistunt.
2300 1323 2411 1376 Nec
2431 1324 2575 1377 enim
2616 1324 2711 1392 qui
2741 1324 2941 1377 nudam
3009 1327 3289 1382 vindicant
3309 1346 3408 1399 ap-

1839 1412 2207 1480 pellationem,
2247 1430 2485 1484 congrue
2547 1417 2821 1485 digneque
2874 1416 3043 1471 Judaei
3078 1421 3403 1474 \ocitentur.

1837 1501 1949 1555 Non
1975 1505 2112 1556 enim
2145 1506 2232 1572 qui
2278 1507 2333 1557 in
2384 1507 2661 1574 manifesto
2712 1507 2925 1562 Iudaeus
2969 1517 3065 1572 est,
3100 1512 3190 1562 sed
3229 1513 3319 1579 qui
3352 1514 3406 1565 in

1836 1594 2158 1648 abscondito.
2186 1594 2639 1659 Quemadmodum
2706 1615 2868 1669 neque
2907 1618 3084 1654 omnes
3117 1604 3207 1665 qui
3233 1619 3296 1656 ea:
3330 1604 3407 1657 ls-

1836 1683 1997 1748 raele,
2022 1686 2075 1738 Ιιὶ
2100 1695 2218 1737 sunt
2240 1685 2500 1741 Israelita:
2519 1704 2538 1751 ,'
2557 1703 2721 1756 neque
2738 1691 2862 1757 quia
2876 1706 3047 1742 semen
3064 1703 3187 1745 sunt
3210 1692 3403 1758 Israel,

1836 1791 2014 1827 omnes
2046 1775 2145 1843 ﬁlii
2171 1777 2215 1807 "
2240 1792 2252 1837 ;
2282 1776 2377 1831 sed
2400 1779 2492 1847 qui
2516 1795 2614 1847 per
2645 1778 2807 1833 fidem
2841 1780 2893 1833 in
2924 1782 3095 1834 solam
3125 1784 3217 1836 Dei
3249 1800 3401 1851 spem

178 1870 335 1937 μόνην
366 1870 505 1922 Θεοῦ
536 1870 633 1941 τὴν
673 1874 861 1926 ἐλπίδα
908 1873 997 1927 διὰ
1044 1874 1282 1939 πίστεως
1328 1875 1733 1945 ἀνατεινάμενοι
1760 1860 1807 1918 Β
1835 1871 1921 1924 ani

1835 1871 2032 1926 animis
2062 1872 2353 1928 intendunt
2397 1874 2526 1942 (hoc
2571 1876 2717 1928 enim
2749 1890 2889 1944 opus
2932 1877 3185 1946 Abrahae)
3220 1894 3284 1932 ac
3309 1879 3403 1948 qui

175 1960 340 2027 (τοῦτο
360 1965 473 2032 γὰρ
522 1964 583 2016 τὸ
624 1965 784 2034 ἔργον
811 1965 907 2018 τοῦ
946 1966 1218 2038 Ἀϐραάμ)
1248 1985 1263 2001 ·
1298 1969 1393 2022 καὶ
1440 1968 1597 2031 Θεὸν,
1655 1970 1731 2033 ὼς

174 2053 403 2117 ἰφικτδν,
432 2056 568 2125 ὁρᾷν
587 2056 900 2125 ἀξιούμενοι
918 2075 931 2088 ·
956 2057 1116 2112 τοῦτο
1145 2059 1252 2130 γὰρ
1287 2060 1522 2129 Ἰσραήλ.
1570 2053 1729 2114 Οὗτοι

175 2147 257 2197 καὶ
290 2145 454 2215 νόμον
492 2146 721 2215 τηροῦσι
745 2148 845 2217 τῆς
872 2151 1207 2221 περιτομῆς·
1247 2152 1308 2204 ού
1339 2152 1429 2203 τὸν
1467 2154 1526 2205 ἐν
1552 2153 1731 2223 γράμ-

176 2254 292 2303 ματι
351 2239 447 2290 καὶ
488 2240 635 2309 σκιᾷ,
658 2238 796 2292 ἀλλά
827 2239 918 2292 τὸν
948 2242 1007 2294 ὲν
1039 2241 1311 2310 πνεύματι
1360 2243 1457 2296 καὶ
1479 2243 1725 2315 ἀληθείᾳ.

171 2328 223 2378 ὲν
244 2330 307 2398 τῇ
335 2327 431 2381 τοῦ
460 2330 691 2383 παλαιοῦ
718 2330 1005 2401 ἀνθρώπου
1051 2333 1345 2387 ἀπεκδύσει
1373 2336 1405 2405 ἢ
1440 2336 1726 2406 νεκρώσει.

171 2413 318 2472 Οὗτοι
344 2420 501 2490 νόμῳ
530 2420 890 2490 στοιχοῦντες,
935 2423 1031 2474 καὶ
1084 2423 1440 2489 ἀδιαλείπτως
1472 2426 1727 2496 ἑξομολο·

172 2512 315 2578 γήσει
369 2512 469 2563 καὶ
529 2514 807 2581 προσευχῇ
861 2512 1417 2583 προσκαρτεροῦντες,
1448 2516 1602 2585 ινιτῇ
1634 2514 1729 2568 τοῦ

172 2598 345 2651 καινοῦ
372 2598 668 2668 ἀνθρώπου
698 2599 963 2669 ἀναλήψει
993 2599 1025 2669 ἢ
1063 2600 1446 2656 ἀνακαινώσει.

234 2690 444 2760 Ὠσπερ
502 2688 597 2742 οὖν
656 2690 836 2760 πάσης
873 2691 1154 2759 ἐνεργείας
1197 2691 1502 2757 θεοτελοῦς,
1547 2693 1729 2761 πάσης

170 2784 377 2852 ἀρετῆς,
406 2784 593 2852 πάσης
618 2784 843 2853 χάριτος
886 2784 1013 2853 ῥίζα
1069 2785 1166 2838 καὶ
1221 2785 1434 2854 πηγαία
1489 2787 1728 2854 πέφυκεν

172 2873 307 2926 αίτία
333 2875 576 2943 Χριστός
600 2890 613 2903 ·
634 2875 897 2945 δευτέρως
912 2874 971 2927 δὲ
1003 2875 1125 2927 κατ’
1146 2876 1436 2944 ἀναλογίαν
1457 2880 1557 2948 τῆς
1591 2879 1729 2947 πρὸς

168 2965 317 3016 αὑτὸν
348 2966 690 3035 ὁμοιότητος,
716 2967 809 3018 καὶ
820 2968 869 3019 οί
893 2965 952 3029 ἐξ
978 2966 1147 3019 αὐτοῦ
1170 2969 1411 3020 κοινωνοὶ
1430 2967 1728 3021 καθεστᾶσι

167 3056 260 3108 τιέιν
283 3057 473 3109 αὐτῶν
493 3071 508 3085 ·
536 3055 679 3109 οὓτω
708 3056 858 3126 καὶή
894 3056 1122 3127 δύναμις
1156 3058 1255 3127 τῆς
1292 3057 1729 3128 ὲξομολογήσεως

168 3147 595 3217 προηγουμένως
653 3147 752 3212 μὲν
817 3147 894 3217 τῷ
944 3148 1270 3219 διδασκάλῳ.
1322 3149 1466 3202 κατά
1509 3149 1609 3216 τὴν
1670 3149 1729 3212 εξ
1753 3186 1797 3243 c

168 3238 363 3289 iuivou
393 3237 455 3289 δὲ
502 3236 720 3307 μέθεξιν
759 3240 852 3291 καὶ
900 3241 1014 3302 τοῖς
1050 3237 1316 3308 μαθηταῖς
1345 3239 1724 3309 ἑνθεωρετται·

166 3330 263 3390 τοῖς
280 3328 327 3379 τ’
353 3329 543 3393 ἄλλοις
576 3331 730 3388 πᾶσι.
752 3330 845 3382 καὶ
873 3329 980 3399 πρὸ
1023 3329 1204 3383 αὐτῶν
1232 3331 1311 3400 τῷ
1333 3331 1428 3384 καὶ
1458 3348 1732 3401 προσηγο-

167 3419 272 3486 ρίαν
296 3419 534 3491 προνοίᾳ
559 3420 829 3491 κρείττονι
850 3419 947 3491 τήν
974 3422 1173 3492 πρᾶξιν
1223 3420 1394 3493 αὐτὴν
1448 3422 1734 3493 κληρωσαο

165 3511 315 3582 μένῳ.

219 3689 542 3759 Δίνέσωμεν
598 3687 889 3759 τοιγαροῦν
924 3688 1149 3755 Ἰούδαν,
1203 3690 1345 3744 κατὰ
1371 3690 1471 3762 τὴν
1507 3691 1603 3745 τοῦ
1636 3709 1730 3745 πα·

161 3782 403 3852 τριάρχου
432 3782 797 3852 προφητείαν·
828 3781 920 3834 τὸν
937 3782 1032 3851 τῆς
1044 3781 1485 3852 ὲξομολογήσεως
1515 3772 1729 3836 ἐπώνυ-

165 3890 269 3940 μον.
332 3875 661 3941 Αίνέσωμεν
688 3873 782 3925 καὶ
824 3874 1290 3943 προσκυνήσωμεν
1312 3872 1403 3925 τὸν
1437 3873 1602 3937 ἀξίως
1627 3873 1723 3926 τοῦ

164 3962 293 4029 ἱεροῦ
336 3962 618 4031 ὀνόματος
662 3961 1156 4031 πολιτευσάμενον·
1212 3961 1306 4013 τὸν
1360 3960 1551 4031 ὥσπερ
1618 3962 1729 4015 τῶν

160 4054 319 4106 ἄλλων
342 4053 590 4123 ἀρετῶν,
622 4051 768 4105 οὕτω
793 4053 885 4106 καὶ
908 4052 1114 4121 ταύτης
1167 4052 1272 4105 ὑπε
1282 4051 1617 4121 ρϐαλλόντως
1638 4068 1729 4105 κε-

162 4146 445 4197 κοινωκότα
470 4142 701 4214 Χριστῷ
720 4159 735 4175 ·
761 4142 853 4196 τὸν
888 4142 1223 4213 θερμότατον
1254 4143 1353 4214 τήν
1401 4143 1606 4206 πίστιν,
1633 4144 1729 4197 καὶ

160 4236 241 4304 τήν
290 4236 524 4305 ἀγάπην
571 4232 967 4301 δοκιμώτατον,
1026 4231 1122 4285 καὶ
1208 4233 1310 4303 τὴν
1384 4231 1583 4298 γνῶσιν
1646 4250 1728 4286 τεο

161 4328 416 4381 λειότατον
442 4325 703 4396 μαθητήν
727 4341 741 4355 ·
769 4324 862 4377 τὸν
896 4325 996 4394 τῆς
1022 4323 1230 4394 ὑψηλῆς
1256 4324 1364 4376 τῶν
1412 4324 1728 4377 ἀποστόλων

161 4421 240 4471 καὶ
268 4421 421 4489 ἱερᾶς
466 4416 773 4480 δωδεκάδος
826 4416 1254 4486 συμπληρωτήν.
1304 4417 1724 4486 Αίνέσωμεν,ού

1832 1963 2021 2028 Deum,
2077 1966 2257 2034 quoad
2290 1981 2610 2020 concessum
2643 1976 2745 2027 est,
2782 1979 3064 2021 merentur
3111 1970 3297 2024 videre
3325 1972 3402 2035 (id

1829 2056 1975 2111 enim
2031 2058 2136 2112 sibi
2160 2059 2281 2111 vult
2311 2057 2522 2127 Israel),
2572 2060 2626 2113 bi
2651 2060 2824 2128 legem
2862 2076 3082 2130 quoque
3104 2062 3401 2117 circumci—

1828 2148 2001 2203 sionis
2031 2158 2273 2213 servant,
2334 2163 2443 2203 non
2493 2152 2613 2220 ejus
2663 2167 2783 2219 qua:
2812 2151 2863 2204 in
2905 2151 3089 2205 littera
3128 2164 3183 2207 et
3210 2156 3401 2209 umbra

1827 2250 1931 2295 est.
1958 2240 2053 2293 sed
2075 2255 2195 2308 qua:
2239 2240 2291 2293 in
2307 2240 2503 2309 spiritu
2538 2252 2594 2295 et
2618 2242 2869 2304 veritate,
2913 2243 2966 2295 in
3003 2244 3403 2313 exspoliatione

1829 2346 1925 2384 Seu
1952 2331 2374 2385 mortificatione
2413 2331 2613 2386 veteris
2678 2332 2917 2387 hominis
2947 2350 2961 2386 :
2998 2334 3091 2402 qui
3135 2335 3398 2387 nimirum

1829 2420 2002 2488 legem
2054 2412 2373 2489 sequantur,
2430 2436 2496 2475 ac
2543 2419 2921 2477 indesinenter
2966 2424 3301 2478 confessioni
3344 2435 3401 2478 et

1828 2512 2059 2565 orationi
2085 2513 2288 2566 assidui
2354 2512 2486 2575 sint,
2517 2513 2572 2565 in
2593 2513 2965 2582 assumptione
2988 2515 3113 2568 nevi
3156 2514 3398 2568 hominis

1828 2619 1923 2655 seu
1954 2603 2102 2655 illius
2131 2602 2569 2656 renovatione".

1896 2692 2365 2758 Quemadmodum
2405 2694 2571 2764 igitur
2599 2692 2800 2747 divinae
2832 2694 3014 2748 omnis
3045 2697 3400 2766 operationis.

1828 2784 2116 2851 onntisque
2149 2782 2369 2837 virtutis
2389 2793 2444 2835 et
2472 2783 2658 2852 gratiae
2687 2781 2942 2837 Christus
2968 2786 3141 2847 radix,
3172 2786 3402 2857 fonsquc

1830 2890 1893 2927 ac
1932 2883 2129 2928 auctor
2149 2875 2410 2939 exsistit;
2464 2875 2721 2928 secundis
2767 2884 2947 2928 autem
3000 2877 3248 2946 partibus
3300 2894 3403 2948 pro

1830 2974 1944 3017 rata
1978 2980 2100 3018 cum
2130 2979 2197 3019 eo
2235 2965 2616 3029 similitudine,
2657 2966 2711 3018 hi
2741 2982 2959 3036 quoque
3026 2968 3120 3037 qui
3175 2986 3239 3023 ex
3303 2971 3400 3024 ilo

1831 3066 1977 3119 sunt,
2018 3057 2338 3111 eorumdem
2360 3067 2416 3111 et
2445 3058 2545 3126 ipsi
2604 3058 2737 3112 socii
2772 3073 2835 3112 ac
2902 3068 3186 3113 consortes
3252 3060 3398 3114 exsi-

1830 3157 2017 3201 stunt:
2053 3149 2131 3202 sic
2154 3164 2374 3218 quoque
2423 3148 2784 3203 confessionis
2846 3150 2947 3211 vis,
2976 3151 3153 3219 primo
3174 3152 3397 3221 quidem

1834 3237 2299 3307 principaliusque
2335 3238 2388 3291 in
2436 3240 2718 3306 magistro,
2749 3255 2815 3291 ex
2856 3239 2951 3292 illo
3001 3248 3186 3293 autem
3232 3241 3397 3295 etiam

1834 3326 1888 3379 in
1923 3326 2209 3395 discipulis
2268 3328 2592 3397 participata
2662 3329 2872 3383 ratione
2935 3328 3221 3391 noscitur;
3278 3336 3395 3380 tum

1833 3415 2065 3483 reliquis
2095 3416 2372 3481 omnibus,
2407 3427 2518 3471 tum
2545 3433 2655 3487 pra:
2678 3419 2784 3473 illis
2812 3419 3184 3488 singularique
3214 3419 3397 3473 excel-

1832 3504 2018 3568 lentia,
2045 3506 2098 3558 in
2121 3521 2189 3560 eo
2210 3507 2303 3575 qui
2356 3508 2624 3562 diviniore
2676 3509 3023 3578 providentia
3064 3524 3180 3562 rem
3224 3510 3397 3579 ipsam

1830 3596 2249 3665 appellationem
2273 3609 2358 3651 est
2385 3608 2740 3653 consecutus.

1898 3685 2209 3741 Laudemus
2235 3686 2404 3757 igitur
2429 3688 2646 3744 ludam.
2677 3689 2833 3757 juxta
2862 3689 3189 3758 patriarchae
3209 3689 3401 3744 vatici-

1828 3778 2015 3842 nium;
2064 3779 2217 3832 illum
2250 3779 2461 3833 scilicet
2518 3781 2612 3848 qui
2636 3796 2703 3833 ex
2725 3780 3070 3834 confessione
3102 3795 3298 3835 nomen
3329 3783 3403 3837 sit

1829 3878 2128 3923 mutuatus.
2164 3869 2472 3923 Laudemus
2491 3878 2547 3923 et
2576 3885 2905 3924 veneremur
2932 3884 3084 3933 eum,
3115 3871 3209 3939 qui
3234 3870 3400 3940 digne

1828 3972 1928 4025 pro
1959 3958 2101 4011 sacri
2120 3959 2359 4011 nominis
2386 3958 2599 4012 ratione
2642 3958 2812 4011 vitam
2844 3958 3144 4021 instituerit
3167 3975 3182 4023 ;
3208 3958 3300 4027 qui
3326 3960 3400 4012 si-

1828 4056 1924 4101 cut
1955 4047 2194 4116 reliquas
2223 4048 2479 4107 virtutes.
2509 4049 2590 4102 sic
2616 4048 2757 4102 hanc
2780 4064 3000 4119 quoque
3064 4049 3400 4103 excellenter

1827 4154 1951 4193 cum
1972 4138 2190 4194 Christo
2227 4155 2574 4194 communem
2607 4139 2895 4203 habuerit;
2935 4139 3399 4194 ferventissimum

1827 4230 2018 4299 utique
2060 4230 2186 4293 fide,
2216 4241 2273 4285 et
2294 4229 2593 4285 dilectione
2633 4230 3106 4300 probatissimum,
3139 4230 3396 4285 scientia-

1827 4338 1935 4393 que
1960 4322 2421 4391 pcrfectissimum
2455 4323 2808 4391 discipulum,
2850 4322 2942 4391 qui
2976 4321 3267 4375 sublimem
3320 4336 3380 4375 sa

1828 4429 2095 4483 crumque
2180 4414 2476 4482 complevit
2550 4412 2952 4467 duodenarium
3021 4411 3397 4481 apostolorum

161 4513 235 4565 τὸν
274 4512 673 4582 Ἰσκαριώτην·
710 4508 927 4581 μακρὰν
967 4508 1075 4578 γάρ
1110 4510 1315 4571 ἐκεῖνος
1363 4507 1473 4561 ἀπὸ
1516 4508 1615 4578 τῆς
1638 4509 1727 4561 εὖ·
1753 4522 1800 4581 ι)
1825 4506 1929 4560 cbo

1828 4506 2077 4561 chorum.
2126 4505 2457 4570 Laudemus,
2492 4520 2602 4559 non
2630 4505 2948 4559 lscariotem
3000 4503 3214 4573 (procul
3248 4504 3396 4557 enim

162 4604 345 4671 λογίας,
380 4607 467 4659 δτι
530 4604 824 4674 ἠγάπησεν
870 4601 1135 4670 κατάραν,
1184 4600 1280 4653 καὶ
1331 4594 1495 4668 ἦλθεν
1554 4599 1724 4669 αὐτῷ·

164 4694 281 4747 ἀλλὰ
332 4695 574 4757 Ἰούδαν,
640 4692 734 4745 τὸν
801 4691 1191 4761 ἀμφοτέρωθεν
1250 4689 1609 4760 περίϐλεπτόν
1666 4706 1726 4741 τε

161 4787 238 4837 καὶ
289 4786 694 4855 εὐγενέστατον
748 4799 763 4814 ·
798 4784 927 4852 ικαὶ
982 4784 1095 4843 τοῖς
1148 4783 1418 4850 φυσικοῖς,
1471 4780 1567 4834 καὶ
1611 4784 1727 4846 τοῖς

165 4878 288 4950 ὑπὲρ
311 4878 481 4947 φύσιν
510 4875 993 4945 πλεονεκτήμασιν
1016 4872 1310 4942 ὑπερφυῶς
1345 4872 1728 4943 λαμπρυνόμε-

161 4984 234 5018 νον
270 4968 363 5022 καὶ
424 4964 917 5034 καλλωπιζόμενον
946 4979 961 4993 ·
993 4963 1085 5017 τὸν
1122 4963 1275 5015 κάτω
1329 4961 1428 5031 μὲν
1464 4961 1557 5014 ιπι
1595 4959 1721 5029 γῆς,

162 5058 359 5126 ἔκγονον
416 5061 525 5130 μὲν
585 5059 807 5127 Ἰωσήφ,
846 5054 1102 5109 Ἰακώϐου
1130 5054 1186 5107 δὲ
1217 5052 1444 5122 ἀδελφόν
1470 5068 1485 5084 ·
1512 5052 1626 5107 ἄνω
1642 5053 1720 5117 δὲ,

164 5151 301 5203 παῖδα
332 5151 433 5220 μὲν
463 5148 640 5211 Θεοῦ,
681 5148 940 5214 σύγγονον
960 5146 1017 5199 δὲ
1038 5147 1297 5215 Χριστοῦ.
1321 5146 1425 5199 Τὸν
1459 5145 1723 5214 ἀπόγονον

167 5241 247 5307 μὲν
264 5242 351 5294 τοῦ
387 5241 671 5311 βασιλέως
705 5239 903 5292 Δαϐίδ·
941 5238 1205 5306 συγγενέα
1249 5238 1305 5291 δὲ
1352 5239 1496 5294 κατά
1548 5238 1724 5306 σάρκα

166 5328 374 5397 Χριστοῦ
392 5349 408 5364 ·
445 5333 625 5400 εἰπερ
650 5330 715 5400 δὴ
736 5330 831 5383 καὶ
870 5330 1071 5400 Ἰωσὴφ
1094 5328 1254 5391 αὐτὸς
1281 5330 1310 5381 ὁ
1331 5329 1531 5399 πατὴρ,
1596 5345 1726 5395 συγ.

165 5421 389 5493 γενήςτῇ
429 5421 665 5492 μνηστῇ
692 5418 984 5473 καθίστατο
1014 5416 1269 5489 Μαριάμ.
1300 5416 1403 5470 Τὸν
1427 5418 1593 5485 ὲγγὺς
1627 5417 1725 5485 μὲν

166 5509 438 5578 περιφανῆ,
471 5508 577 5561 καὶ
621 5506 851 5577 λαμπρὰ
870 5506 1208 5577 κεκτημένον
1233 5504 1304 5558 τά
1328 5504 1424 5573 τῆς
1449 5505 1723 5559 δικαιοσύ-

166 5609 247 5661 νης
294 5598 687 5669 ὑποδείγματα
709 5612 726 5631 ·
786 5595 928 5651 οὕτω
956 5595 1014 5649 δὲ
1064 5596 1585 5666 παρευδοκιμηκότα
1630 5596 1726 5650 καὶ

222 5786 413 5843 “Gen.
465 5802 626 5853 xm,
670 5784 723 5841 8.
801 5785 846 5819 "
882 5784 1036 5840 Rom.
1074 5797 1137 5847 tt,
1179 5780 1284 5847 28;
1317 5781 1476 5837 Rom.
1524 5799 1622 5849 vn,
1669 5783 1722 5838 6.
1798 5786 1844 5818 “
1876 5782 2033 5841 Joan.
2063 5801 2183 5850 νιιι,
2230 5784 2337 5854 '59;
2391 5785 2568 5842 Colos.
2618 5802 2674 5847 ll,
2712 5785 2796 5844 ll.
2871 5785 2915 5817 ⁸⁷
2946 5782 3081 5837 Psal.
3110 5796 3259 5845 cvttt,
3304 5773 3392 5832 IS.
3502 5778 3505 5779 ⁷

1826 4597 1873 4652 is
1892 4606 1978 4652 est
2007 4613 2038 4651 a
2064 4597 2482 4663 benedictione;
2521 4597 2725 4666 quippe
2756 4596 2851 4664 qui
2885 4595 3139 4649 dilexerit
3162 4594 3394 4647 maledi-

1826 4689 2087 4754 ctionem,
2118 4697 2176 4743 et
2211 4689 2364 4743 venit
2388 4690 2459 4759 ei)
2486 4688 2581 4743 sed
2604 4688 2800 4741 ludam
2828 4688 3089 4755 utrinque
3122 4684 3397 4754 spectabi-

1824 4782 1929 4835 lem
1959 4794 2024 4834 ac
2049 4780 2455 4834 nobilissimum
2475 4781 2553 4845 '7;
2621 4787 2735 4833 tum
2784 4777 2997 4832 scilicet
3054 4776 3399 4831 naturalibus

1824 4870 2067 4935 dotibus,
2099 4878 2215 4923 tum
2252 4886 2373 4939 quae
2420 4878 2616 4923 natura
2641 4867 2957 4937 superiores
2994 4874 3147 4930 sunt,
3198 4865 3398 4922 eximie

1829 4964 2033 5017 clarum
2051 4971 2214 5031 atque
2247 4970 2520 5015 ornatum.
2549 4961 2629 5015 Ad
2660 4969 2931 5014 terrenam
2962 4957 3184 5027 quidem
3212 4974 3398 5027 prosa-

1830 5054 1973 5123 piam
2043 5050 2189 5119 quod
2250 5052 2466 5114 attinet,
2497 5050 2722 5119 Josephi
2765 5048 2934 5102 filium
2980 5063 3045 5101 ac
3072 5046 3260 5102 Jacobi
3294 5047 3398 5099 fra—

1833 5153 2004 5208 trem;
2029 5144 2172 5212 quod
2196 5151 2378 5197 autem
2401 5142 2469 5197 ad
2494 5144 2795 5206 caelestem,
2832 5142 2927 5196 Dei
2960 5140 3129 5194 filium
3158 5155 3221 5193 ac
3242 5138 3400 5194 Chri-

1822 5237 1890 5289 sti
1954 5237 2199 5298 fratrem,
2241 5245 2495 5305 nepotem
2550 5235 2770 5305 quidem
2827 5232 3051 5289 Davidis
3112 5232 3278 5301 regis,
3333 5246 3397 5285 ac

1821 5327 2412 5396 Cbristumagnatione
2444 5325 2647 5380 carnali
2710 5323 3155 5393 contingentem;
3214 5320 3392 5388 siqui-

1822 5418 1946 5471 dem
1976 5417 2248 5486 etloseph
2287 5417 2403 5485 ipse
2427 5431 2649 5487 parens,
2709 5413 3047 5485 cjuscemodi
3112 5408 3395 5481 sanguinis

1822 5509 2229 5565 necessitudine
2258 5509 2479 5563 Mariam
2528 5523 2787 5578 sponsam
2834 5504 3188 5575 contingebat
3217 5519 3230 5555 :
3264 5515 3394 5570 pro-

1824 5601 2046 5671 pinquis
2100 5599 2323 5670 quidem
2382 5601 2675 5665 illustrem,
2725 5608 2783 5655 et
2833 5599 2926 5671 qui
2971 5598 3118 5653 clara
3168 5593 3392 5666 iustitia:
