4180 6434
733 424 845 491 259

1956 412 2251 473 NICET/E
2291 410 2739 472 PAPIILAGON
2752 413 2817 471 IS

3910 404 4019 468 260

737 538 987 609 exempla
1008 541 1205 592 nactus
1226 540 1393 594 esset,
1424 531 1613 598 sicque
1639 528 1729 581 illa
1744 526 1939 597 majori
1962 525 2188 579 virtutis
2217 526 2325 579 cla-

2443 527 2720 597 ττεριουσίᾳ
2749 526 2850 595 τῆς
2879 524 3087 595 ἀρετῆς
3127 523 3529 596 ὑπερϐαλόντα,
3564 523 3642 588 ὡς
3677 522 3923 585 ἐκείνους
3951 526 4013 574 ὲκ

739 635 905 688 ritate
930 631 1173 691 vicisset,
1217 625 1395 695 iisque
1414 620 1826 692 przecelluisset,
1849 628 1911 674 ut
1937 633 2045 672 non
2068 627 2177 671 tam
2205 615 2323 685 ipse

740 728 979 786 illorum,
1016 736 1181 791 quam
1221 718 1296 772 illi
1327 717 1446 787 ejus
1488 714 1651 783 longe
1700 712 2007 783 fulgoribus
2063 710 2323 764 honesta-

739 826 930 873 rentur
947 830 1011 868 ac
1033 812 1407 884 pramiterent.

810 911 967 964 llune
999 919 1056 963 et
1091 908 1146 961 in
1187 916 1374 976 typum
1434 906 1638 955 sancta:
1695 913 1763 952 ex
1818 894 2022 951 Judteis
2083 893 2326 948 collecta:

740 1002 1000 1059 Ecclesite
1026 1005 1368 1064 assumptum
1394 1008 1517 1046 esse
1552 990 1828 1045 existimo.
1881 986 2020 1052 Quia
2071 987 2217 1040 enim
2243 985 2327 1038 fu-

739 1111 923 1152 turum
954 1101 1096 1155 erat,
1122 1098 1179 1143 ut
1211 1104 1345 1159 gens
1395 1086 1626 1141 Judaiea
1690 1084 1907 1137 duabus
1937 1082 2108 1135 scissa
2155 1080 2326 1151 partio

742 1197 862 1252 bus,
898 1188 1068 1242 altera
1093 1182 1318 1252 quidem
1345 1180 1755 1235 necessitudine
1774 1179 1885 1231 Deo
1908 1175 2324 1246 adjungerctur,

742 1284 910 1338 altera
951 1276 1357 1347 repelleretur;
1394 1275 1525 1327 hinc
1586 1272 1809 1342 quidem
1836 1285 1937 1339 per
1970 1267 2133 1321 ﬁdem
2166 1268 2329 1338 justi-

741 1376 921 1437 tieata,
954 1370 1081 1425 inde
1134 1366 1547 1424 incredulitatis
1588 1378 1754 1417 causa
1811 1361 2111 1423 damnata;
2157 1368 2328 1427 utque

740 1483 864 1536 pars
889 1467 1058 1519 altera
1108 1461 1644 1533 supermdiﬁearetur
1719 1468 1887 1523 super
1908 1450 2329 1505 fundamentum

742 1559 1109 1629 apostolorum
1141 1565 1195 1608 et
1218 1553 1631 1622 prophetarum,
1653 1547 1825 1601 altera
1856 1546 2027 1598 instar
2050 1557 2327 1596 ramorum

742 1650 1018 1703 aridorum
1050 1656 1107 1700 et
1142 1644 1421 1698 inutilium
1454 1657 1482 1695 a
1518 1650 1706 1693 saneta
1752 1637 1935 1690 radice
1960 1634 2330 1703 ell'ringeren-

740 1742 889 1796 tur"
919 1758 933 1803 ;
966 1739 1165 1795 excisa:
1231 1736 1456 1807 quidem
1500 1733 1798 1804 Synagogaa
1861 1737 2022 1799 typus
2078 1726 2331 1797 proditus

741 1842 823 1887 est
849 1832 1122 1886 nefandus
1155 1831 1245 1884 ille
1279 1829 1571 1899 proditor;
1609 1832 1925 1879 sanctarum
1963 1836 2092 1874 vero
2136 1819 2327 1873 Eccle-

2427 618 2580 671 τοῦδε
2618 619 2754 671 πολὺ
2789 616 3015 686 μᾶλλον,
3042 618 3077 689 ἢ
3100 618 3291 672 τοῦτον
3312 617 3374 683 ἐξ
3402 618 3625 672 ἐκείνων
3650 604 4015 687 γνωρίζεσθαὶ

2428 710 2524 764 καὶ
2552 710 2993 782 λαμπρύνεσθαι.

2502 891 2702 945 Τοῦτον
2730 890 2973 962 ήγοῦμαι
3011 890 3107 944 καὶ
3153 891 3233 953 είς
3286 889 3460 943 τύπον
3522 890 3622 961 τῆς
3646 889 3704 956 ἐξ
3746 886 4013 943 Ἰουδαίων

2429 984 2592 1052 ἁγίας
2631 984 2959 1052 Ἐκκλησίας
2990 982 3388 1053 παρειλῆφθαι.
3444 983 3663 1053 Ἐπειδὴ
3692 984 3798 1053 γὰρ
3821 983 4013 1051 ἔμελλε

2428 1078 2550 1146 διχῆ
2584 1077 2645 1128 τὸ
2687 1075 2953 1128 Ἰουδαίων
2979 1074 3236 1146 μερισθὲν
3278 1076 3454 1142 γένος,
3479 1075 3541 1126 τὸ
3601 1077 3700 1143 μὲν
3730 1075 4013 1143 οἰκειωθῆ-

2430 1185 2519 1222 ναι
2537 1168 2751 1238 Θεῷ,τδ
2770 1168 2814 1221 δ’
2838 1168 3195 1238 ἀποτεθῆναι·
3216 1167 3276 1219 τὸ
3296 1168 3394 1235 μὲν
3417 1165 3505 1219 διὰ
3520 1166 3757 1230 πίστεως
3782 1166 4017 1221 δικαιού-

2434 1280 2617 1332 μενον,
2644 1263 2705 1313 τδ
2726 1261 2782 1313 δὲ
2836 1258 2905 1313 δι’
2939 1260 3230 1313 ἀπείθειαν
3280 1239 3771 1330 κατακρινόμενον’
3810 1264 3905 1313 καὶ
3954 1260 4017 1312 τὸ

2436 1354 2534 1425 μὲν
2557 1351 3056 1423 ἐποικώομηοῆναι
3086 1351 3164 1421 τῷ
3195 1351 3432 1421 θεμελίῳ
3452 1354 3558 1403 τῶν
3579 1352 3895 1405 ἀποστόλων
3922 1352 4019 1405 καὶ¹

2434 1446 2751 1518 προφητῶν,
2778 1446 2838 1498 τὸ
2859 1446 2915 1499 δὲ
2943 1446 3128 1514 τρόπῳ
3163 1444 3375 1498 κλάδων
3410 1444 3592 1513 ξηρῶν
3626 1446 3721 1498 καὶ
3746 1445 4018 1513 ἀκάρπων

2431 1542 2529 1611 τῆς
2554 1540 2715 1607 ἁγίας
2744 1538 3109 1607 ὲκκλασοῆναι
3152 1535 3308 1607 ῥίζης
3335 1552 3349 1567 ο
3377 1535 3545 1599 τύπος
3592 1536 3692 1605 μὲν
3728 1536 3827 1605 τῆς
3854 1536 4019 1587 ἐκκε-

2435 1635 2716 1705 κομμένης
2761 1632 3093 1701 Συναγωγῆς
3140 1630 3349 1691 ἐκεῖνος
3385 1631 3413 1681 ὁ
3443 1628 3761 1696 δυσώνυμος
3813 1628 4021 1697 ἀπελή-

2434 1721 2629 1785 λεγκτο
2678 1718 2979 1790 προδότηςτ
3038 1718 3209 1781 τύπος
3262 1717 3321 1771 δὲ
3363 1718 3459 1772 τοῦ
3518 1719 3866 1788 σεσωσμένου
3918 1712 4019 1787 τῆς

2438 1813 2592 1881 ἱερᾶς
2654 1810 2983 1879 Ἐκκλησίας
3037 1808 3509 1878 καταλείμματος,
3542 1812 3570 1863 ὁ
3598 1811 4021 1880 μακαριώτατος

743 1927 836 1980 ςὶιε
890 1924 1250 1993 reliquiarum
1310 1920 1473 1974 saluti
1526 1917 1838 1971 deditarum
1899 1923 2061 1985 typus
2132 1910 2332 1965 enituit

2446 1905 2667 1968 Ἰούδας,
2699 1904 2728 1955 ὁ
2757 1901 2851 1955 νῦν
2883 1904 3275 1970 ἐπαινούμενος
3327 1902 3603 1955 ἐδείκνυτο
3636 1920 3650 1935 ο
3691 1906 3787 1956 καὶ
3822 1902 4020 1975 ὥσπερ

744 2018 1093 2072 beatissimus
1121 2014 1311 2077 Judas,
1361 2025 1527 2081 quem
1568 2008 2073 2079 imprtesentiarum
2132 2002 2326 2058 lauda-

742 2112 983 2165 mus.Ac
1034 2110 1177 2163 sicut
1210 2107 1303 2161 ille
1336 2106 1406 2160 ob
1450 2103 1661 2175 peccati
1713 2116 1985 2156 summam
2027 2098 2332 2168 nequitiam

742 2206 1034 2258 devinctus
1058 2203 1402 2271 devotusque
1455 2199 1696 2261 diabolo,
1744 2198 1831 2251 bis
1867 2196 1961 2265 qui
2003 2203 2332 2265 sequuntur,

745 2300 797 2351 in
825 2297 1108 2351 interitum
1130 2296 1289 2365 praeit
1320 2311 1333 2358 ;
1367 2294 1447 2348 sic
1477 2294 1581 2347 iste
1606 2289 1849 2361 perfecta
1878 2288 2089 2358 justitia
2113 2286 2334 2341 Christo

742 2391 1054 2459 copulatus,
1090 2388 1156 2441 ad
1208 2386 1438 2440 salutem
1465 2399 1632 2453 supra
1665 2398 1827 2452 quam
1863 2380 2184 2453 perfectam,
2214 2392 2330 2444 eos,

740 2483 835 2552 qui
868 2480 948 2534 illi
977 2480 1210 2534 comites
1235 2478 1628 2547 adjungantur,
1663 2475 1836 2529 ducit.

810 2571 1266 2641 Quandoquidem
1291 2570 1456 2640 igitur
1486 2568 1781 2636 ancipitem
1799 2564 1953 2619 vocis
1974 2561 2334 2635 signiﬁcatio-

744 2683 873 2721 nem
903 2664 1281 2726 distinximus,
1302 2678 1366 2715 ac
1386 2660 1534 2730 quod
1571 2660 1734 2729 vulgo
1760 2658 2102 2725 rudibusque
2133 2655 2338 2709 abhor—

747 2773 870 2812 rere
905 2755 1218 2817 videbatur,
1246 2752 1488 2807 nominis
1547 2749 1914 2820 explicatione
1984 2745 2335 2812 detersimus,

747 2866 867 2919 age,
900 2865 1021 2918 qua:
1043 2848 1108 2902 ad
1134 2855 1384 2901 sanctum
1410 2844 1561 2899 hunc
1585 2843 1781 2899 ludam
1813 2848 2111 2910 spectant;
2138 2855 2334 2908 quem-

746 2940 1043 2995 admodum
1077 2938 1193 3007 ipse
1240 2935 1402 2990 nobis
1466 2934 1689 2989 coalitus
1722 2932 1991 2993 illuxerit,
2015 2929 2339 2985 considere-

751 3045 905 3094 mus;
930 3029 1001 3082 ab
1033 3028 1154 3096 ejus
1168 3024 1393 3094 quidem
1427 3022 1683 3077 minutim
1714 3019 1991 3075 narranda
2017 3019 2127 3073 vita
2148 3034 2339 3089 super-

750 3120 1027 3182 sedentes,
1090 3115 1490 3186 apostolicique
1556 3113 1766 3167 laboris
1812 3111 2064 3182 periodo,
2121 3126 2336 3165 necnon

752 3208 1239 3279 praedicationibus
1262 3218 1319 3260 et
1344 3204 1629 3259 miraculis
1676 3202 1897 3258 omissis
1928 3200 2098 3271 (quod
2158 3216 2337 3271 neque

2431 1999 2639 2060 ἐκεῖνος
2660 1996 2728 2049 δι’
2758 1994 3036 2067 ἁμαρτίας
3089 1996 3268 2065 ἄκρας
3320 1995 3628 2058 οίκειωθεὶς
3658 1997 3736 2066 τῷ
3759 1994 4017 2065 διαόόλῳ,

2434 2094 2513 2155 είς
2538 2091 2817 2145 ἀπώλειαν
2838 2090 2947 2143 τῶν
3005 2091 3289 2159 ἑπομένων
3354 2091 3700 2162 καθηγεῖται,
3758 2091 3901 2143 οὕτω
3930 2090 4022 2146 διὰ

2434 2184 2532 2253 τῆς
2564 2182 2774 2245 τελείας
2806 2181 3157 2249 δικαιοσύνης
3175 2175 3332 2245 οὗτος
3347 2182 3426 2252 τῷ
3449 2180 3673 2250 Χριστῷ
3698 2181 4021 2249 συναφθεὶς,

2437 2278 2572 2348 πρὸς
2629 2277 2903 2347 ὑπερτελῆ
2971 2274 3245 2346 σωτηρίαν
3267 2278 3394 2340 τοὺς
3440 2274 3837 2338 ἀκολοθοῦντας
3866 2274 4027 2347 αὐτῷ

2435 2388 2786 2442 χειραγωγει.

2522 2549 2743 2620 Ἐπειδὴ
2772 2549 2865 2604 οὖν
2892 2547 2991 2615 τὴν
3020 2550 3345 2622 ὁμωνυμίαν
3375 2550 3816 2621 διεστειλάμεθα,
3845 2551 4029 2606 καὶτὸ

2438 2644 2693 2707 ἀπεοικὸς
2722 2643 2915 2695 δοκοῦν
2950 2646 3063 2707 τοῖς
3121 2644 3337 2707 πολλοῖς
3384 2646 3480 2698 καὶ
3525 2644 3767 2714 ἀμαθέσι
3799 2644 3887 2697 διὰ
3921 2645 4030 2710 τῆς

2435 2736 2532 2789 τοῦ
2559 2737 2820 2806 ὀνόματος
2847 2736 3134 2805 δηλώσεως
3164 2737 3604 2808 ἀνεκαθῄραμεν,
3633 2739 3765 2809 φέρε
3788 2737 3855 2791 τὰ
3879 2737 4031 2790 κατὰ

2436 2830 2528 2880 τὸν
2561 2828 2706 2898 ἱερὸν
2750 2827 2937 2881 τοῦτον
2972 2826 3193 2891 Ἰούδαν,
3227 2828 3303 2887 ώς
3334 2828 3399 2881 ἂν
3428 2828 3590 2891 αὐτὸς
3624 2830 3754 2898 ἡμῖν
3796 2828 4032 2897 οὐρανό-

2440 2921 2532 2974 θεν
2557 2919 2905 2989 ὲλλάμψειεν,
2946 2920 3316 2990 θεωρήσωμεν
3336 2936 3349 2950 ·
3417 2921 3515 2990 τὴν
3571 2921 3669 2991 μὲν
3698 2920 3792 2973 ἐπὶ
3818 2910 4032 2989 ’λεπτῷ

2438 3013 2538 3081 τῆς
2568 3010 2731 3065 αὑτοῦ
2768 3009 3041 3072 πολιτείας
3067 3009 3366 3078 ἀφήγησιν,
3408 3011 3501 3061 καὶ
3535 3008 3633 3078 τὴν
3660 3006 4033 3076 ἀποστολικὴν

2442 3102 2711 3173 περίοδον,
2746 3102 2839 3153 καὶ
2871 3099 2940 3153 τὰ
2971 3099 3304 3170 κηρύγματα
3334 3100 3429 3151 καὶ
3444 3100 3510 3151 τὰ
3534 3098 3789 3169 θαύματα
3812 3098 4029 3167 ⁸πιιρέν-ο

2441 3214 2552 3260 τες,
2578 3197 2660 3249 ὅτι
2721 3194 2845 3265 μηδ’
2905 3194 3299 3263 ὑπομνήμασιν
3345 3193 3480 3262 ἡμῖν
3542 3189 3822 3259 ἐξεγένετο
3854 3190 4029 3261 μέχρι

753 3304 894 3357 ullos
922 3303 1190 3357 hactenus
1210 3300 1327 3354 han:
1355 3298 1791 3368 complectentes
1817 3295 2093 3350 nanscisci
2118 3295 2339 3351 licuerit

2446 3287 2539 3341 τοῦ
2568 3286 2731 3358 δεῦρο
2757 3288 3070 3356 περιτυχεῖν
3089 3300 3104 3316 ο
3142 3283 3521 3344 ἀποστολικοῖς
3548 3282 3607 3336 δὲ
3648 3282 3840 3334 τοῦτον
3867 3280 4035 3333 ἐπαί-

753 3390 1202 3457 commentaries)
1263 3388 1587 3458 apostolicis
1621 3398 1749 3442 eum
1781 3384 2041 3440 laudibus
2072 3384 2223 3438 velut
2246 3400 2339 3438 ro-

757 3498 937 3538 sarum
970 3481 1203 3536 ﬂoribus
1228 3480 1465 3534 aliorum
1497 3494 1651 3533 more
1671 3487 2023 3537 coronantes,
2049 3485 2162 3530 tum
2187 3485 2340 3545 grata

756 3576 834 3629 illi
865 3572 1181 3637 fecerimus,
1214 3582 1329 3626 tum
1356 3570 1533 3625 amica
1569 3570 1730 3623 valde
1764 3578 1930 3638 atque
1956 3576 2201 3636 accepta,
2232 3568 2339 3630 bis,

756 3666 850 3735 qui
890 3664 1008 3719 veri
1053 3672 1331 3717 amantem
1382 3661 1634 3715 auditum
1684 3658 2065 3729 praetendunt;
2129 3668 2191 3734 ut
2247 3658 2341 3726 qui

754 3774 821 3811 ex
850 3754 1241 3809 eonnuunibus
1276 3753 1640 3820 omniumque
1676 3766 1842 3805 sensu
1885 3748 2119 3819 receptis
2178 3752 2347 3805 ratio-

756 3850 919 3905 nibus
954 3886 970 3911 ,
1026 3844 1279 3901 veritatis
1345 3842 1623 3912 discipulo
1676 3840 2053 3897 laudationem
2091 3850 2346 3895 contem-

761 3954 900 3991 nlUS.

829 4055 966 4122 Ejus
1008 4051 1195 4120 itaque
1220 4049 1289 4104 ab
1318 4047 1480 4104 initio
1512 4047 1640 4101 vitae
1669 4047 1812 4101 ratio
1837 4061 1902 4101 ac
1931 4045 2190 4102 educatio
2221 4059 2349 4099 san-

758 4158 845 4201 eta
870 4146 1040 4199 dubio
1076 4144 1271 4214 procul
1318 4143 1574 4212 justaque
1601 4149 1658 4194 et
1701 4139 1865 4194 bona.
1914 4139 2063 4193 Bona
2114 4138 2260 4191 enim
2282 4152 2348 4190 ex

763 4240 969 4301 radice,
1019 4239 1177 4292 bona:
1224 4237 1428 4292 indolis
1482 4245 1668 4289 ortum
1726 4248 1952 4304 germen
1979 4243 2066 4287 est
2099 4248 2113 4284 :
2149 4246 2213 4285 ac
2246 4230 2350 4284 sub

765 4325 997 4402 parente
1024 4332 1175 4401 justo
1199 4330 1521 4398 sobrioque,
1565 4326 2028 4397 sobriejusteque
2075 4326 2257 4395 justus
2286 4322 2353 4375 ﬁ-

765 4426 870 4477 lius
898 4423 1259 4477 erudiebatur
1276 4437 1339 4476 ac
1364 4420 1758 4475 instituebatur
1780 4420 1846 4471 ”.
1863 4418 2210 4487 Quapropter
2231 4430 2351 4469 om-

765 4532 862 4571 nes
900 4515 1085 4570 sa2culi
1134 4516 1407 4569 vanitates
1438 4524 1495 4569 et
1523 4513 1771 4567 insanias
1802 4510 1967 4565 falsas
2018 4507 2301 4563 devitabat
2335 4522 2349 4559 :

765 4611 869 4663 hoc
926 4624 1149 4673 cavens,
1181 4624 1249 4661 ne
1273 4606 1498 4679 ingenui
1564 4605 1860 4675 magnique
1890 4603 2012 4673 ejus
2062 4599 2234 4656 animi
2263 4599 2348 4653 vis

764 4701 988 4754 caducis
1020 4699 1186 4753 rebus
1207 4715 1273 4753 ex
1295 4698 1527 4753 libidine
1565 4697 1804 4762 addicta,
1850 4699 2302 4762 corrumperetur
2330 4706 2343 4742 :

767 4802 913 4847 totus
943 4808 1074 4847 vero
1105 4795 1165 4845 in
1190 4808 1249 4847 se
1279 4791 1603 4860 conspirans
1623 4804 1685 4843 ac
1698 4788 1802 4843 sibi
1834 4787 2078 4849 studens,
2102 4784 2347 4854 legisque

768 4886 1122 4939 meditatione
1188 4884 1711 4950 institutus.latque
1759 4877 2140 4934 mandatorum
2181 4877 2352 4930 docu-

770 4977 969 5031 mentis
1000 4978 1251 5030 excultus
1291 4991 1357 5030 ac
1397 4974 1686 5045 magniﬁce
1720 4971 2190 5042 praetercitatus,
2240 4981 2352 5021 non

770 5070 952 5123 minus
983 5068 1185 5123 mentis
1223 5068 1437 5132 habitu,
1470 5082 1636 5135 quam
1660 5064 1912 5134 corporis
1936 5071 2146 5118 statura
2170 5057 2354 5130 quoti-

769 5159 859 5214 die
879 5175 1157 5223 crescens,
1188 5158 1439 5229 profectu
1467 5157 1792 5227 augebatur.

843 5338 983 5407 Quia
1013 5338 1181 5409 igitur
1201 5338 1316 5408 ipse
1339 5336 1561 5407 quidem
1590 5335 1916 5409 praedagogo
1943 5333 2065 5403 lege
2091 5331 2361 5385 hactenus

774 5433 1105 5495 custoditus,
1132 5433 1200 5485 ad
1238 5446 1563 5485 mensuram
1611 5429 1791 5484 aetatis
1864 5437 1977 5481 tum
2032 5424 2357 5495 corporalis,

775 5536 893 5578 tum
920 5524 1085 5577 animi
1118 5531 1445 5593 provexerat
1472 5538 1486 5586 ;
1521 5536 1778 5592 magnum
1824 5527 2008 5573 autem
2053 5516 2243 5589 gratia:
2274 5516 2360 5569 lu-

776 5633 899 5672 men
942 5616 1033 5671 Sol
1063 5616 1311 5686 justitize,
1350 5616 1585 5685 unigena
1651 5620 1894 5683 paternae
1938 5608 2261 5665 substantiae
2302 5607 2363 5661 li—

777 5723 931 5787 gura,
962 5708 1179 5763 mortali
1197 5709 1307 5780 jam
1326 5722 1501 5762 massa
1525 5722 1622 5776 per
1645 5703 2009 5761 castissimam
2031 5717 2091 5756 ac
2124 5699 2364 5771 virgina-

850 5909 897 5942 ”
929 5910 1131 5979 l‘lphi's.
1178 5926 1241 5975 lt,
1292 5909 1379 5966 '20.
1460 5910 1502 5940 "
1548 5909 1690 5963 Psal.
1742 5923 1923 5972 \\‘\IX,
1974 5905 2025 5960 5.

2442 3400 2552 3445 νοις
2576 3380 2653 3444 ώς
2689 3378 2879 3435 ἄνθεσι
2938 3377 3107 3448 ῥόδων
3173 3377 3319 3430 κατὰ
3360 3378 3459 3446 τὴν
3511 3375 3649 3446 πρὸς
3675 3374 3800 3436 τοὺς
3832 3373 4037 3436 ἄλλους

2442 3475 2701 3546 ὁμοίωσιν
2725 3471 3150 3541 ἀναδησάμενοι,
3192 3470 3342 3538 αὑτῷ
3377 3485 3438 3521 τε
3469 3467 3843 3538 κεχαρισμένα
3892 3468 4037 3536 δρά-

2445 3583 2641 3635 σαιμεν
2690 3564 2799 3627 ἂν,
2861 3562 2990 3630 φίλα
3046 3579 3103 3614 τε
3160 3562 3301 3628 ἄγαν
3360 3561 3455 3612 καὶ
3524 3559 3862 3612 εὐαπόδεκτα
3912 3559 4040 3621 τοῖς

2445 3654 2716 3727 φιλαλήθη
2744 3654 3119 3724 προτείνουσιν
3142 3653 3317 3722 ἀκοήν
3339 3669 3353 3684 ⁶
3381 3652 3455 3714 ῶς
3478 3654 3542 3704 ὲκ
3575 3650 3684 3703 τῶν
3710 3649 3905 3702 κοινῶν
3937 3650 4040 3701 καὶ

2445 3747 2888 3818 ὡμολογημένων
2921 3745 3166 3809 ἐννοιῶν,
3194 3746 3293 3813 τὴν
3321 3744 3600 3815 εὐφημίαν
3630 3742 3708 3813 τῷ
3734 3744 3834 3813 τῆς
3895 3742 4041 3814 ἀλη-

2447 3840 2598 3904 θείας
2619 3837 3101 3908 διασκευαζόμενοι
3127 3836 3365 3907 μαθητῇ.

2531 4015 2597 4068 Ἦ
2627 4014 2726 4084 μὲν
2752 4013 2845 4067 οὖν
2877 4014 2934 4079 ἐξ
2968 4011 3143 4082 ἀρχῆς
3164 4009 3330 4064 αὐτοῦ
3368 4011 3556 4081 βίωσις
3606 4013 3699 4064 καὶ
3743 4012 4041 4081 ἀναγωγὴ,

2448 4108 2896 4180 ὁμολογουμένως
2929 4106 3062 4173 ἁγία
3089 4106 3184 4159 καὶ
3212 4105 3398 4157 δικαία
3441 4104 3534 4157 καὶ
3560 4105 3761 4175 ἀγαθή.
3794 4106 4047 4175 ’Δγαθῆς

2450 4202 2559 4271 γὰρ
2603 4202 2759 4272 ῥίζης
2812 4198 3126 4267 ἀγαθοφυὴς
3166 4197 3394 4265 βλαστὸς
3442 4197 3721 4260 ὲκδοθείς·
3782 4200 3877 4252 καὶ
3927 4199 4047 4252 ὑπὸ

2449 4293 2644 4363 δικαίῳ
2667 4292 2836 4362 πατρὶ
2860 4292 2953 4345 καλ
2978 4294 3239 4361 σώφρονι,
3269 4290 3623 4359 σωφρονικῶς
3650 4290 3746 4343 καὶ
3772 4290 4041 4354 δικαίως,

2450 4389 2480 4440 ὁ
2504 4387 2714 4448 δίκαιος
2742 4382 3063 4438 ἐπαιδεύετο
3086 4385 3180 4436 καὶ
3205 4384 3443 4452 ἀνήγετο
3468 4366 3618 4446 παῖς.
3657 4383 3821 4437 Ὀθεν
3850 4384 4049 4449 πάσας

2456 4480 2554 4548 μὲν
2612 4476 2708 4529 τοῦ
2762 4475 2876 4546 βίου
2928 4474 3299 4545 ματαιότητας
3353 4475 3450 4527 καὶ
3507 4475 3705 4544 μανίας
3734 4477 4052 4547 παρῃτεῖτο

2453 4571 2693 4640 ψευδεῖς,
2734 4571 2809 4640 μὴ
2839 4568 3113 4633 καταξιῶν
3136 4567 3197 4620 τὸ
3227 4568 3446 4635 εὐγενὲς
3495 4568 3593 4636 τῆς
3649 4566 3812 4622 αὑτοῦ
3854 4568 4054 4639 ψυχῆς

2454 4666 2550 4718 καὶ
2586 4662 2950 4735 μεγαλοφυὲς,
2974 4665 3041 4732 τῇ
3070 4659 3361 4728 φιλοπαθεῖ
3391 4659 3501 4713 τῶν
3535 4659 3818 4731 ἐπικήρων
3868 4677 4057 4715 κατα-

2456 4758 2729 4829 φθαρῆναι
2776 4756 2937 4825 σχολῇ
2965 4772 2978 4785 ·
3012 4756 3148 4825 πρὸς
3197 4754 3389 4806 ἑαυτὸν
3416 4754 3473 4807 δὲ
3503 4754 3869 4817 συννενευκὼς
3895 4755 4058 4823 ὅλος,

2458 4854 2552 4906 καὶ
2571 4854 2636 4922 τῇ
2668 4849 2872 4921 μελέτῃ
2887 4847 2979 4901 τοῦ
3006 4849 3173 4914 νόμου
3214 4846 3762 4917 παιδοτριὸούμενος,
3800 4847 3894 4899 καὶ
3920 4850 4061 4912 ταῖς

2459 4943 2857 5015 παραγγελίαις
2880 4941 2989 4994 τῶν
3032 4940 3265 4993 ἐντολῶν
3293 4938 3716 5007 ὲξασκούμενος,
3745 4940 3837 4992 καὶ
3868 4956 4066 5007 μεγα-

2461 5037 2676 5107 λοφυῶς
2710 5034 3257 5106 προγυμναζόμενος,
3296 5032 3471 5095 οὕτως
3492 5033 3592 5101 οὐχ
3615 5026 3778 5102 ἦττον
3802 5031 3899 5100 τῆς
3943 5050 4066 5085 σω-

2461 5131 2700 5200 ματικῆς
2737 5128 2973 5197 ἡλικίας,
3000 5124 3099 5191 τῆς
3127 5123 3371 5186 διανοίας
3392 5124 3491 5191 τήν
3521 5123 3636 5187 ἓξιν
3661 5122 3878 5190 ἡμέραν
3918 5123 4067 5175 καθ’

2455 5223 2673 5293 ἡμέραν
2696 5219 2967 5284 αὐξάνων,
2996 5217 3240 5270 ἐπεδίδου
3274 5217 3395 5278 ταῖς
3419 5215 3747 5283 προκοπαῖς.

2540 5312 2696 5364 Ἐπεὶ
2726 5308 2857 5377 γοῦν
2906 5308 3068 5369 αὐτὸς
3127 5308 3228 5376 μὲν
3257 5306 3357 5374 τῆς
3389 5321 3448 5356 τε
3486 5304 3833 5372 σωματικῆς,
3855 5302 3959 5373 τῆς
3994 5322 4071 5357 τε

2458 5405 2602 5460 κατὰ
2627 5402 2807 5474 ψυχὴν
2829 5401 3045 5471 ήλικίας
3075 5399 3158 5462 είς
3203 5379 3543 5469 μέτρονλῦπὸ
3574 5392 3653 5465 τῷ
3706 5393 4072 5467 παιδαγωγῷ

2457 5503 2609 5571 νόμῳ
2671 5498 2808 5560 τέως
2862 5494 3274 5565 φρουρούμενος
3318 5488 3663 5560 προϐέϐηκεν
3685 5505 3699 5520 ο
3732 5488 3795 5541 τδ
3820 5488 3974 5557 μέγα
4002 5489 4073 5543 δὲ

2460 5600 2558 5666 τῆς
2584 5594 2807 5663 χάριτος
2868 5589 3006 5659 φῶς,
3033 5590 3062 5641 ὁ
3085 5586 3275 5649 Ἥλιος
3306 5584 3409 5653 τῆς
3438 5581 3807 5649 δικαιοσύνης,
3831 5584 3861 5635 ὁ
3888 5599 4073 5649 μονο.

2465 5693 2628 5764 γενὴς
2658 5689 2755 5758 τῆς
2792 5683 3067 5755 πατρικῆς
3126 5678 3482 5742 ὑποστάσεως
3503 5674 3817 5747 χαρακτὴρ,
3855 5673 3963 5743 ήδη
3999 5675 4077 5730 τὸ
