4180 6434
204 386 292 453 261
1006 382 1284 441 ORATIO
1322 380 1486 438 Xlll.
1515 405 1578 413 κ-
1628 379 1701 436 IN
1745 376 2053 437 LAUDEM
2096 375 2152 432 S.
2194 376 2405 435 JUD.~E
2438 374 2688 433 APOST.

3345 376 3449 439 269.

205 499 438 569 βρότειον
475 493 705 564 φύραμα
747 493 834 546 διὰ,
892 492 992 561 τῆς
1022 494 1294 557 πανὰγνου
1328 490 1420 539 καὶ
1443 488 1770 559 παρθενικῆς

1878 487 1983 538 lem
2006 484 2225 536 Mariam
2255 497 2551 553 assumpta.
2583 485 2797 554 subque
2830 487 2976 541 illius
3001 496 3231 558 parente
3288 491 3447 547 Jose-

202 586 497 655 ἀνειληφὼς
544 587 795 654 Μαριὰμ,
855 585 948 635 καὶ⁵
1009 583 1113 635 ὑπὸ
1158 584 1234 651 τῷ
1268 582 1475 633 ἐκείνου
1505 579 1671 649 πατρὶ
1697 578 1773 646 τῷ

210 680 424 747 Ἰωσὴφ,
457 677 553 731 ἆτε
591 676 868 745 μνηστῆρι
896 677 993 743 τῆς
1023 674 1300 745 Παρθένου
1328 673 1425 741 τὴν
1456 670 1776 740 σωματικὴν

208 772 407 838 ἡλικίαν
482 771 813 837 ἀναγόμενος
847 783 858 795 ·
906 766 1095 835 ἐπειδὴ
1129 767 1246 828 ταῖς
1288 766 1532 817 Ἰωάννου
1564 779 1773 831 μαρτυο

207 862 364 930 ρίαις,
437 863 531 913 καὶ
586 859 721 911 πολὺ
779 859 975 928 μᾶλλον
1028 860 1149 919 ταῖς
1178 857 1270 909 τοῦ
1295 857 1543 926 οὐρανίου
1570 854 1774 922 Πατρὸς

209 958 284 1005 ἐπὶ
315 952 408 1003 τοῦ
447 952 637 1013 ὓδατος
666 950 1101 1010 ἁπεκαλύπτετο,
1128 950 1225 1001 καὶ
1254 952 1364 1011 τοῖς
1393 946 1774 1018 ὑπερφυεστά-

212 1060 310 1105 τοις
332 1042 495 1096 εὐθὺς
513 1042 623 1092 τῶν
672 1041 872 1109 ἔργων,
922 1042 1103 1110 ἡρέμα
1133 1040 1192 1091 τὸ
1219 1039 1633 1108 μεγαλοπρεπὲς
1679 1039 1777 1108 τῆς

211 1131 405 1193 οἰκείας
422 1132 686 1198 ὲπέφαινε
718 1132 991 1200 θεότητος,
1009 1132 1068 1182 οὐ
1090 1132 1228 1184 κατὰ
1252 1134 1376 1192 τοὺς
1398 1130 1777 1199 ψευδωνύμους

210 1218 348 1287 οὗτος
387 1223 675 1284 Ἰουδαίους
705 1224 771 1275 τὰ
794 1224 892 1291 τῆς
918 1223 1144 1292 καρδίας
1168 1224 1414 1291 νοήματα
1438 1224 1777 1293 πεπωρωμέ-

212 1332 303 1377 νης,
330 1314 625 1382 βασκάνοις
647 1314 737 1364 τὸν
783 1314 1079 1383 εὐεργέτην
1133 1314 1426 1381 ἀνέϐλεψεν
1464 1314 1776 1382 ὀφθαλμοῖς·

209 1405 577 1473 οὐδ’ὴγάπησε
620 1406 740 1473 μὲν.
772 1408 991 1473 φυσικῇ·
1012 1405 1068 1456 δὲ
1102 1406 1240 1475 μόνῃ
1280 1400 1652 1474 φιλοστοργ
1686 1408 1779 1457 καὶ

212 1497 517 1562 συγγενείας
548 1496 841 1564 οἰκειότητι
880 1497 1054 1564 τούτῳ
1080 1496 1452 1566 συνδεόμενος,
1483 1497 1582 1566 τῆς
1609 1514 1781 1566 σωτη-

213 1589 425 1657 ριώδους
470 1587 707 1649 πίστεως
761 1586 901 1639 κατὰ
948 1588 1074 1648 τους
1114 1586 1331 1648 πλείους
1364 1586 1472 1637 τῶν
1501 1588 1779 1653 συγγενῶν

210 1683 395 1747 ἔρημος
422 1675 492 1749 ἦν
516 1695 530 1710 ο
567 1679 685 1732 οὐδὲ
732 1679 913 1729 πίστει
974 1679 1073 1747 μὲν
1124 1680 1319 1747 ἐχρῆτο
1347 1678 1561 1747 βεϐαίᾳ,
1594 1678 1693 1747 τῆς
1723 1680 1776 1732 δὲ

213 1773 351 1837 ἁγίας
382 1772 605 1839 ἀγάπης
632 1771 700 1823 τὰ
730 1769 962 1841 δεύτερά
992 1787 1136 1833 τινος
1164 1771 1270 1823 τῶν
1301 1770 1376 1839 τῷ
1399 1771 1620 1840 Χριστῷ
1654 1773 1772 1824 τότε

214 1861 590 1929 μαθητιώντων
617 1863 926 1929 ἀπεφέρετο
947 1878 960 1891 ο
995 1862 1131 1930 ὁμοῦ
1165 1862 1221 1913 δὲ
1265 1863 1774 1932 συνδεδραμηκότων

212 1952 282 2002 ἐπ’
312 1952 462 2021 αὑτῴ
484 1954 586 2019 τῆς
614 1954 754 2003 κατὰ
782 1952 841 2002 τὸ
868 1951 1027 2019 σῶμα
1061 1952 1405 2018 συγγενείας,
1427 1956 1522 2022 τῆς
1543 1956 1774 2023 φυσικῆς

210 2041 587 2109 προσπαθείας,
620 2042 716 2092 εἴτ’
738 2037 832 2094 οὖν
860 2040 1064 2109 φιλίας,
1088 2042 1187 2109 τῆς
1221 2043 1442 2113 ἀγάπης
1471 2044 1562 2096 τοῦ
1602 2044 1775 2097 [ινεύ-

214 2152 362 2201 ματος
384 2152 397 2164 ·
419 2135 521 2204 τῆς
568 2135 665 2203 οὐχ
693 2130 856 2205 ἦττον
894 2132 982 2187 διὰ
1008 2135 1098 2186 τὸν
1122 2134 1215 2186 τοῦ
1245 2135 1359 2204 βίου
1392 2139 1609 2204 τρόπον,
1650 2138 1683 2204 ἢ
1706 2136 1775 2188 τὰ

212 2226 403 2291 μεγάλα
466 2225 721 2293 θαύματα
770 2225 1027 2289 πίστεως,
1080 2226 1202 2278 καθ’
1232 2226 1289 2278 ὃν
1343 2227 1439 2278 καὶ
1488 2226 1776 2281 συνανατέ-

211 2316 424 2382 θραπτο,
464 2317 561 2369 καὶ
589 2316 890 2384 συνανῆκτο
908 2316 985 2385 τῷ
1031 2317 1227 2386 Ἰησοῦ,
1253 2318 1327 2379 ώς
1346 2319 1424 2387 τῷ
1446 2317 1593 2387 αὐτῴ
1621 2335 1773 2387 νομι-

212 2408 415 2473 ζόμενος
472 2407 778 2476 κεχρῆσθαι
827 2410 1024 2478 πατρί·
1087 2411 1175 2462 διὰ
1224 2407 1402 2461 ταῦτα
1453 2408 1632 2462 τοίνυν
1674 2409 1774 2478 τῆς

211 2498 504 2569 ἀκροτάτης
545 2500 679 2569 πρὸς
716 2500 880 2552 αὑτὸν
932 2500 1094 2563 εὐθὺς
1120 2500 1476 2569 οἰκειότητος,
1531 2501 1647 2570 ἤτοι
1683 2518 1773 2569 cp:-

210 2590 415 2661 λότητος
455 2596 485 2645 ὁ
536 2591 954 2662 μακαριώτατος
1000 2592 1348 2663 εὐμοιρηκώς
1383 2609 1397 2623 ⁸
1459 2593 1594 2662 ὁμοῦ
1628 2610 1687 2645 τε
1716 2592 1775 2645 τὸ

210 2683 531 2753 Εὑαγγὲλιον
560 2685 656 2753 τῆς
686 2683 779 2736 τοῦ
806 2684 941 2736 Θεοῦ
993 2684 1268 2753 βασιλείας
1297 2684 1391 2737 τοῦ
1416 2684 1775 2755 κηρύγματος

210 2774 411 2841 ἐδέξατο
444 2776 549 2844 τὴν
604 2776 803 2845 ἀρχὴν,
835 2778 928 2829 καὶ
953 2776 1117 2839 αὐτὸς
1136 2776 1229 2828 τοῦ
1267 2777 1603 2844 Εὐαγγελίου
1641 2776 1774 2829 καθ-

210 2864 410 2915 ίσταται
442 2866 716 2932 μαθητής·
747 2866 843 2917 καὶ
864 2868 927 2935 τῇ
962 2868 1259 2935 συγγενικῇ
1289 2866 1443 2936 φιλίᾳ.
1484 2866 1582 2935 τὴν
1632 2870 1773 2919 κατά

208 2953 325 3004 Θεὸν
379 2955 700 3024 προστιθείς
724 2972 738 2987 ο
805 2959 897 3007 καὶ
930 2959 993 3023 τῇ
1027 2956 1378 3023 παιδαριώδει
1436 2958 1636 3024 γνώσει
1676 2958 1772 3027 τὴν

204 3046 400 3100 τελείαν
431 3047 778 3116 ἐξευρηκὼς·
806 3047 899 3099 καὶ
932 3047 1008 3117 τῷ
1052 3047 1387 3117 παιδαγωγῷ
1444 3050 1593 3117 νόμῳ
1636 3050 1773 3119 “Pb;

1877 577 2006 644 pho,
2050 584 2237 643 utpote
2288 577 2516 644 virginis
2537 592 2758 646 sponso,
2790 580 3055 646 corporali
3086 588 3246 634 attatc
3296 597 3450 649 auge-

1878 682 2054 725 scens,
2079 682 2202 719 cum
2251 666 2477 720 Joannis
2510 668 2851 730 testimonio,
2886 678 2997 721 tum
3025 670 3183 739 longe
3215 672 3451 740 amplius

1878 761 1991 829 ipsa
2021 760 2193 813 Patris
2217 760 2458 814 emlestis
2496 776 2661 830 super
2690 776 2885 831 aquam
2917 778 3049 816 voce
3079 763 3447 833 detegeretur,

1878 852 2288 921 magniﬁcisque
2314 862 2492 906 tamen
2522 855 2783 921 operibus
2813 870 2926 908 suae
2973 856 3177 909 sensim
3221 857 3447 912 ileitalis

1878 942 2335 1012 magniﬁcentiam
2394 945 2681 1013 proderet;
2743 946 3168 1016 haudquaquam
3214 948 3280 1011 is,
3327 948 3445 1002 falsi

1878 1036 2114 1089 nominis
2144 1036 2455 1090 Judaaorum
2492 1051 2666 1099 more,
2714 1040 2997 1093 oecazcatis
3019 1039 3220 1093 mentis
3273 1042 3449 1092 sensi-

1881 1127 2004 1188 bus,
2038 1127 2331 1182 liventibus
2363 1128 2540 1181 oculis
2572 1129 2977 1184 benefactorem
3015 1132 3221 1199 aspexit
3246 1132 3310 1184 ³⁰.
3344 1131 3450 1184 Ne—

1880 1235 1985 1287 que
2014 1220 2201 1273 dilexit
2259 1220 2502 1288 quidem,
2529 1229 2584 1274 at
2618 1222 2850 1274 naturali
2873 1222 3136 1276 duntaxat
3164 1223 3366 1277 amoris
3397 1224 3447 1276 vi

1881 1312 2268 1380 sanguinisque
2305 1312 2715 1366 necessitudine
2773 1314 2849 1365 illi
2904 1313 3209 1376 devinctus,
3246 1313 3323 1366 uti
3360 1328 3448 1366 co-

1880 1414 2165 1471 gnatorum
2200 1419 2391 1469 magna
2427 1420 2576 1472 pars,
2616 1405 2840 1459 salutari
2875 1404 2978 1459 ﬁde
3021 1404 3447 1458 destituebatur.

1880 1493 2066 1561 Neque
2121 1492 2279 1562 ﬁrma
2328 1493 2549 1561 quidem
2595 1509 2726 1547 usus
2760 1504 2843 1547 est
2870 1493 3010 1560 ﬁde;
3041 1494 3187 1563 quod
3211 1509 3344 1547 vero
3377 1494 3445 1546 ad

1882 1594 2121 1639 sanctam
2181 1585 2533 1639 dilectionem
2589 1586 2804 1647 attinet,
2850 1586 3121 1640 secundas
3172 1602 3281 1655 pm
3334 1586 3447 1639 ullo

1881 1692 2072 1730 eorum
2102 1677 2253 1740 tulit,
2279 1678 2374 1747 qui
2404 1686 2519 1731 tum
2551 1677 2773 1732 Christo
2808 1678 3068 1748 magistro
3110 1679 3406 1733 utebantur
3432 1696 3446 1731 :

1882 1769 2151 1837 quinimo,
2185 1769 2347 1823 simul
2377 1769 2428 1822 iu
2457 1785 2524 1823 eo
2558 1770 3016 1824 concurrentibus
3038 1770 3308 1839 corporali
3332 1768 3449 1823 alli-

1809 1847 1846 1898 B
1878 1860 2069 1924 nitate,
2097 1861 2470 1929 tiaturalisque
2512 1860 2741 1914 allectus
2772 1861 3112 1929 proclivitate
3170 1860 3449 1930 (amicitia:

1877 1952 2086 2005 scilicet
2116 1952 2546 2022 necessitudine)
2578 1968 2790 2007 necnoo
2838 1953 3076 2021 Spiritus
3134 1954 3440 2016 charitatc;

1877 2041 1982 2097 ﬁde
2016 2044 2169 2106 item,
2204 2059 2366 2113 quam
2414 2059 2524 2098 non
2586 2047 2769 2100 minus
2798 2061 3012 2100 morum
3050 2048 3163 2115 ipsa
3213 2046 3447 2114 vitmque

1877 2137 2223 2192 necessitudo
2266 2138 2610 2199 conciliaret,
2635 2155 2797 2207 quam
2833 2140 3072 2207 ingentia
3108 2140 3197 2192 illa
3236 2149 3446 2208 patrata

1876 2228 2135 2282 miracula
2155 2229 2411 2297 (educato
2433 2229 2642 2283 scilicet
2666 2245 2787 2283 cum
2808 2231 2959 2292 Jesu,
2988 2241 3047 2285 ut
3069 2232 3162 2299 qui
3193 2230 3445 2285 eumdem

1876 2318 2077 2372 habere
2101 2329 2382 2387 parentem
2409 2320 2863 2389 exsistimaretur)
2897 2339 2909 2374 :
2954 2321 3058 2382 his,
3089 2322 3329 2389 inquam,
3362 2319 3448 2372 vir

1876 2409 2247 2475 beatissimus,
2281 2427 2549 2465 summam
2600 2413 2785 2466 statim
2830 2412 2883 2466 in
2911 2428 3036 2466 eum
3083 2410 3445 2466 necessitudi-

1874 2514 2021 2561 nem,
2058 2503 2173 2555 sive
2188 2503 2875 2566 amicitiam,conseeutus,
2906 2503 3069 2557 simul
3085 2509 3250 2570 atque
3264 2502 3447 2555 Evan-

1874 2587 2074 2655 gelium
2110 2591 2259 2659 regni
2290 2591 2576 2658 praedicari
2600 2592 2787 2661 C(Bpil,
2837 2592 2952 2661 ipse
2998 2607 3218 2661 quoque
3271 2592 3447 2646 Evan-

1873 2678 1997 2745 gelii
2041 2678 2347 2749 discipulus
2395 2679 2679 2747 efﬁcitur;
2726 2684 3183 2752 ceguationisque
3243 2683 3320 2737 illi
3378 2699 3444 2737 ae

1874 2772 2160 2839 sanguinis
2219 2773 2610 2827 necessitudini
2672 2773 2859 2829 divino
2922 2790 3106 2828 amore
3164 2774 3443 2844 adjuncto,

1875 2863 2181 2932 puerilique
2241 2865 2471 2919 scientia
2531 2867 2820 2920 adinventa
2866 2883 2987 2936 qua:
3041 2869 3280 2937 perfecta
3325 2878 3441 2933 est;

1873 2955 2097 3022 legeque
2126 2956 2437 3025 paedagogo,
2474 2957 2541 3011 ad
2565 2958 2799 3026 Spiritus
2828 2958 2969 3012 facili
2998 2960 3215 3029 negotio
3253 2959 3426 3029 legem

1874 3056 2185 3113 provectus,
2218 3061 2281 3099 ac
2308 3047 2508 3101 mentis
2534 3049 2866 3103 rectitudine
2905 3050 3221 3119 magistrqu
3280 3050 3440 3103 intel-

206 3138 283 3189 τὸν
304 3139 468 3207 νόμον
491 3139 590 3190 τοῦ
652 3139 965 3207 11νεύματος
1013 3140 1186 3209 ῥᾷστα
1232 3139 1644 3207 συμϐιϐασθεῒς,
1678 3142 1770 3193 καὶ

1877 3135 2068 3202 Iigens,
2101 3150 2197 3203 per
2245 3151 2408 3199 quam
2456 3137 2653 3191 merito
2718 3139 2907 3206 prima:
2955 3138 3084 3192 Jesu
3136 3137 3437 3192 amicorum

204 3229 279 3279 τὸν
310 3230 637 3283 διδάσκαλον
664 3230 921 3298 εὐθύτητι
981 3228 1074 3282 νοῦ
1119 3229 1513 3300 διανοούμενος,
1561 3231 1768 3284 δικαιό-

200 3335 325 3373 τατα
345 3322 447 3391 τῆς
477 3320 709 3390 πρώτης
742 3320 851 3372 τῶν
876 3321 969 3372 τοῦ
999 3319 1175 3390 Ἰησοῦ
1198 3321 1367 3389 φίλων
1392 3321 1619 3384 τάξεως,
1674 3323 1770 3374 καὶ

199 3414 285 3483 τῆς
317 3415 469 3484 ἱερᾶς
502 3415 821 3483 ἐναρίθμιος
879 3413 1152 3465 δείκνυται
1209 3413 1317 3467 τῶν
1365 3413 1582 3482 ὑψηλῶν
1638 3414 1770 3465 ἁπο-

204 3505 393 3557 στόλων
424 3504 751 3567 δωόεκάδος.

271 3594 566 3647 Ἐντεῦθεν
586 3595 855 3663 αὐτηκοος
875 3595 973 3663 μὲν
1005 3593 1320 3664 μυστηρίων
1344 3593 1591 3662 κρυφίων
1607 3590 1766 3655 Θεοῦ,

197 3686 468 3755 αὐτόπτης
523 3686 584 3738 δὲ
634 3685 812 3753 ἔργων
862 3686 1190 3755 χρηματίζει
1236 3685 1412 3737 Θεοῦ*
1452 3685 1652 3754 μᾶλλον
1712 3685 1769 3738 δὲ

196 3784 439 3845 κοινωνὸς
498 3783 606 3851 μὲν
654 3785 746 3833 καὶ
788 3780 996 3850 μύστης
1034 3781 1233 3850 ὀργίων
1289 3779 1644 3848 θεουργικὼν·
1674 3779 1769 3830 αὑ-

193 3874 502 3943 τουργὺςδὲ
537 3872 867 3926 καθίσταται
923 3871 1223 3939 θαυμάτων
1286 3870 1571 3923 θεοτελῶν.
1631 3871 1770 3923 Ὅσα

195 3966 291 4034 γὰρ
318 3967 347 4015 ὁ
382 3965 584 4033 Πατὴρ
607 3965 830 4031 ἐνήργει
854 3962 944 4014 διὰ
964 3962 1059 4014 τοῦ
1088 3961 1449 4028 Μονογενοῦς,
1499 3960 1650 4013 ταῦθ’
1678 3954 1769 4012 οἷ)-

192 4073 272 4117 τος
297 4052 458 4117 αὖθις
485 4054 844 4108 ἀποστέλλων
881 4054 1008 4115 τοὺς
1039 4052 1274 4115 δώδεκα,
1308 4053 1441 4121 πρὸς
1471 4053 1537 4103 τὰ
1556 4051 1770 4105 ἀπολω-

192 4150 306 4202 λότα
337 4149 604 4219 πρόϐατα
643 4147 881 4217 Ἰσραὴλ,
912 4149 1005 4199 καὶ
1035 4146 1167 4215 πρὸς
1188 4146 1287 4214 τὴν
1312 4144 1550 4215 μεγάλην
1574 4146 1770 4209 αὐτοὺς

192 4244 287 4292 τῶν
307 4241 487 4293 ἐθνῶν
516 4236 924 4308 προγυμνάζων
953 4237 1278 4304 ἀποστολὴν,
1316 4240 1409 4289 καὶ
1447 4236 1563 4305 μετ’
1592 4237 1769 4289 αὐτῶν

191 4333 237 4383 δὲ
262 4334 335 4403 τῷ
362 4333 659 4401 πνεύματι
710 4330 1077 4398 πορευόμενος
1111 4329 1336 4399 ἐνήργει
1369 4342 1384 4355 '
1420 4329 1539 4397 μεθ’
1571 4324 1644 4381 ὧν
1676 4329 1770 4381 καὶ

191 4428 364 4490 αὐτὸς,
394 4421 443 4478 ὧ
476 4422 1009 4494 τρισμακαριώτατε
1040 4422 1052 4474 !
1102 4422 1453 4490 πεμπόμενος
1476 4462 1492 4486 ,
1524 4424 1618 4475 καὶ
1669 4422 1768 4489 τὴν

190 4518 347 4589 αὐτὴν
366 4519 487 4579 τοῖς
514 4514 845 4583 κορυφαίοις
875 4515 969 4565 καί
998 4512 1237 4583 πρώτοις
1268 4511 1539 4574 ἐξουσίαν,
1572 4511 1647 4574 ώς
1677 4514 1768 4565 οὐ·

189 4612 262 4661 ὁὲν
298 4610 485 4663 αὐτῶν
534 4608 689 4660 κατὰ
746 4605 961 4674 πνεῦμα
1008 4604 1316 4674 ἁγιωσύνης
1357 4604 1767 4674 ἐλαττούμενος,

190 4701 432 4770 εἰληφὼς,
466 4698 747 4766 δαίμονας
781 4695 880 4764 μὲν
904 4694 1205 4758 ἑξέόαλλες,
1237 4694 1311 4756 ὡς
1344 4693 1449 4746 ὑπὸ
1480 4694 1652 4764 πυρὸς
1671 4695 1772 4763 τῆς

189 4793 511 4861 ἐνεργούσης
544 4792 613 4840 ὲν
644 4788 728 4839 σοὶ
753 4786 975 4856 χάριτος
1004 4785 1495 4854 ἐκπιμπραμένους
1518 4786 1612 4837 καὶ
1643 4785 1769 4837 διω-

190 4888 437 4952 κομένους
465 4901 482 4915 ’
550 4879 800 4948 λεπροὺς
864 4877 1207 4947 ἐκαθάριζες,
1270 4876 1411 4946 λόγῳ
1480 4877 1623 4945 μόνῳ
1677 4878 1771 4929 καὶ

188 4978 461 5047 ἐπικλήσει
501 4971 613 5025 τοῦ
646 4970 961 5039 πέμψαντος
990 4969 1087 5038 τῆς
1120 4969 1324 5037 λέπρας
1371 4968 1771 5038 ἐκκαθαιρομέ-

190 5089 270 5137 ισης
297 5087 311 5101 ο
338 5068 585 5136 νεκροὺς
613 5064 677 5116 δὲ
706 5064 772 5114 δι’
816 5063 961 5130 ἁφῆς
985 5060 1185 5131 ,χειρὸς
1219 5062 1385 5129 μόνης
1414 5060 1510 5112 καὶ
1534 5076 1768 5129 προσευ-

191 5160 276 5230 νῂἧς
308 5160 593 5220 ἀνιστῶν,
642 5155 738 5206 καὶ
784 5153 1019 5220 τυφλοὺς
1064 5152 1351 5219 όμματῶν,
1410 5153 1505 5204 καὶ
1564 5152 1769 5221 χωλοὺς

192 5252 437 5321 ἁνορθὼν,
476 5249 585 5301 καὶ
642 5245 825 5296 πᾶσαν
856 5244 1007 5295 νόσον
1036 5243 1131 5295 καὶ
1164 5244 1342 5293 πᾶσαν
1372 5241 1622 5311 σώματος
1659 5244 1764 5295 πά-

192 5344 277 5413 θην
303 5339 774 5414 ἐξιώμενος,δλον
798 5339 853 5388 ἐν
876 5339 956 5388 σοι
973 5336 1063 5388 τὸν
1088 5336 1189 5405 τῆς
1211 5336 1355 5401 ζωῆς
1386 5336 1566 5405 μένειν
1614 5336 1766 5402 λόγον

193 5434 285 5497 rei:
304 5427 1022 5504 θαυμασίοιςπιστούμενος
1056 5427 1427 5495 ἐνεργήμασιν
1468 5426 1760 5488 ὲόείκνυες.

250 5527 442 5580 Τοῦτον
466 5520 793 5595 ἀρραϐῶνα
830 5519 1046 5587 πρῶτον
1069 5516 1164 5569 τοῦ
1193 5518 1512 5587 Πνεύματος
1542 5520 1634 5570 καὶ
1668 5520 1766 5588 τῆς

196 5622 388 5689 χάριτος
408 5616 716 5686 ἀπαρχὴν,
747 5610 857 5663 τῶν
910 5609 1163 5663 τοιούτων
1207 5609 1448 5679 σημείων
1491 5609 1589 5679 τὴν
1644 5610 1765 5660 ἐπί.

1876 3226 2058 3288 classi,
2103 3242 2372 3294 sacroque
2431 3227 2749 3282 sublimium
2778 3229 3149 3299 apostolorum
3184 3229 3444 3285 duodeno

1874 3318 2045 3372 choro
2066 3328 2408 3374 accensetur.

1944 3569 2075 3624 lnde
2101 3572 2442 3626 occultorom
2486 3572 2583 3627 Dei
2632 3573 3012 3644 mysteriorum
3066 3574 3181 3645 ipse
3228 3575 3447 3631 auditor

1874 3674 2225 3733 operumque
2284 3665 2559 3734 inspector
2617 3666 2853 3721 eﬁicitur
2904 3686 2915 3720 :
2966 3668 3213 3737 quinimo
3265 3669 3448 3723 socius

1873 3753 2093 3822 quidem
2144 3770 2206 3808 ac
2248 3766 2451 3825 mystes
2480 3772 2543 3810 ac
2597 3757 2915 3811 deiﬁcarum
2970 3762 3444 3826 caeremoniarum,

1875 3845 2318 3913 diviniorumque
2388 3854 2633 3915 patrator
2708 3848 3100 3903 miraculorum
3170 3851 3441 3905 redditur.

1874 3936 2068 3990 Omnia
2087 3937 2234 3990 enim
2259 3954 2379 4005 qua:
2404 3939 2563 3991 Pater
2584 3939 2859 4009 Unigeuiti
2896 3956 3122 3995 munere
3179 3942 3443 4010 operaba-

1876 4038 1985 4091 tur,
2024 4028 2137 4081 haec
2168 4029 2257 4083 ille
2284 4045 2476 4083 rursus
2502 4031 2724 4085 mittens
2753 4032 3043 4087 duodecim
3071 4034 3137 4087 ad
3173 4050 3303 4089 oves
3324 4050 3446 4105 quae

1876 4122 2153 4190 perierant
2203 4122 2398 4176 domus
2440 4123 2677 4185 lsraclis,
2728 4132 2893 4193 alque
2927 4124 2994 4178 ad
3036 4141 3289 4196 magnum
3315 4142 3448 4196 gen-

1878 4214 2010 4266 tium
2033 4215 2395 4282 apustolatum
2422 4214 2571 4268 velut
2598 4215 2907 4271 rudimento
2923 4232 3205 4281 exercens,
3229 4218 3445 4285 illisque

1876 4324 2065 4362 comes
2120 4308 2315 4376 spiritu
2374 4307 2603 4367 vadens,
2656 4308 2845 4362 itidem
2897 4310 3248 4377 operabatur.
3307 4310 3443 4364 Cum

1875 4399 2077 4467 quibus
2112 4407 2168 4451 tu
2199 4412 2439 4466 quoque,
2472 4396 2807 4459 beatissime,
2866 4400 3084 4461 missus,
3108 4400 3260 4452 velut
3301 4400 3439 4453 nihil

1796 4506 1850 4564 Ι)
1878 4490 1984 4542 illis
2015 4488 2325 4542 sanctitatis
2354 4488 2552 4556 spiritu
2582 4488 2846 4552 deterior,
2873 4500 3068 4542 nactus
3094 4499 3440 4558 potestatem,

1874 4581 2149 4632 daemones
2178 4578 2459 4647 ejiciebas,
2481 4593 2620 4646 quos
2639 4578 2810 4632 instar
2836 4580 2975 4648 ignis
2996 4580 3074 4633 vis
3105 4581 3291 4650 gratiae
3314 4584 3366 4637 in
3394 4592 3445 4637 te

1875 4665 2061 4720 efﬁcax
2089 4666 2403 4718 incenderet
2444 4676 2606 4734 atquc
2637 4666 2887 4735 fugaret;
2928 4667 3177 4736 leprosos
3216 4670 3445 4724 munda-

1878 4757 1995 4817 bas,
2030 4758 2145 4810 solo
2172 4772 2424 4810 sermone
2451 4772 2515 4810 ac
2569 4758 2842 4812 mittentis
2902 4759 3154 4813 invocato
3220 4761 3442 4815 nomine

1874 4848 2442 4917 lepramproﬁigans;
2492 4859 2738 4903 mortuos
2794 4850 3033 4920 denique
3087 4852 3205 4905 solo
3248 4867 3445 4907 manus

1879 4951 2023 4993 tactu
2059 4949 2219 5009 atque
2268 4941 2525 5009 precibus
2569 4944 2874 5005 suscitans,
2913 4945 3067 4997 caesis
3094 4944 3271 4998 visum
3321 4946 3445 4998 red-

1874 5030 2030 5096 dens,
2057 5031 2283 5085 elaudos
2315 5033 2554 5102 erigens,
2587 5049 2914 5104 omnemque
2948 5037 3198 5089 morbum
3232 5051 3296 5090 ac
3319 5053 3446 5090 eor-

1873 5123 2022 5190 poris
2048 5123 2427 5193 mgritudinem
2452 5139 2673 5190 sanans,
2695 5134 2867 5179 totum
2902 5127 2955 5180 in
2994 5138 3045 5181 te
3068 5130 3193 5181 vita:
3220 5142 3443 5181 manere

1871 5229 2179 5268 sermonem
2202 5214 2465 5270 mirandis
2492 5217 2752 5285 operibus
2780 5217 3125 5272 ostendebas.

1944 5524 2182 5578 Primum
2212 5526 2357 5581 hunc
2385 5528 2623 5597 Spiritus
2653 5531 3017 5587 arrhabonem
3044 5547 3107 5586 ac
3136 5533 3319 5602 gratia:
3340 5530 3439 5584 de-

1875 5616 2211 5682 libationcm,
2264 5622 2595 5689 ejuscemodi
2681 5625 2962 5694 signorum
3041 5624 3439 5680 exhibitioucm

256 5796 545 5855 “Malae-li.
579 5810 663 5857 tv,
690 5792 763 5854 ἒς
799 5790 959 5848 ΙΙνὺι.
998 5810 1033 5854 ι,
1064 5793 1128 5848 7»:
1164 5791 1351 5847 Matth.
1399 5809 1476 5855 in,
1508 5793 1563 5847 Π
1593 5812 1604 5849 ;
1639 5793 1769 5848 Lm,
1810 5813 1886 5855 ιε,⁸
1920 5800 2002 5853 3.1
