4180 6434
724 440 832 501 5263

1936 423 1981 481 Ν
1996 418 2229 480 [CET.‘E
2267 413 2795 475 I‘APIIIAGONIS

3892 392 3999 458 264

726 565 962 614 naetus;
1022 558 1209 618 postea
1247 560 1381 600 vero
1437 543 1642 599 Christi
1697 539 2092 611 improperium
2152 535 2311 590 susti-

2435 532 2579 594 ἰειξιν
2610 529 2848 597 εἰληφώς
2872 544 2885 558 ·
2932 526 3070 596 μετά
3095 523 3271 579 ταῦτα
3302 521 3358 575 δὲ
3388 521 3480 573 τὸν
3525 513 3832 584 ὀνειδισμὸν
3878 515 4001 565 ὐπο-

720 660 879 708 nens,
911 659 973 696 ae
1010 657 1135 695 eum
1169 656 1239 694 eo
1279 640 1372 708 qui
1401 646 1656 705 ageretur
1694 636 1750 688 in
1795 646 2014 687 crucem
2043 628 2308 698 quodam-

722 739 887 808 modo
911 736 1060 787 cruci
1090 733 1303 795 atlixus,
1343 729 1776 797 vitalissimaque
1825 722 2146 793 defungenti
2180 736 2306 791 pas-

721 831 876 884 sione
935 827 1251 881 miserantis
1308 823 1492 879 animo
1518 835 1861 889 compassus,
1891 826 1948 871 et
1969 832 2094 871 eum
2121 831 2308 869 resur-

724 931 884 992 gente
909 920 1339 980 eoususcitatus,
1380 917 1555 987 majus
1590 912 2003 983 perfectiusque
2028 909 2309 979 spiraculo

725 1014 964 1067 atfusum
996 1012 1234 1082 Spiritus
1258 1010 1463 1064 donum
1487 1015 1819 1063 consecutus
1852 1021 1930 1059 es.

801 1107 993 1159 Postea
1052 1120 1183 1158 vero
1217 1114 1425 1157 eterra
1455 1102 1733 1156 sublatum
1797 1098 2034 1167 caelique
2092 1094 2312 1166 apsides

732 1208 974 1259 naetmn,
995 1208 1159 1265 atque
1184 1196 1249 1249 ad
1283 1196 1561 1250 caelestem
1598 1195 1817 1247 l’atrem
1849 1206 1974 1245 eum
2030 1189 2202 1258 gloria
2234 1203 2315 1241 as-

729 1301 1010 1357 sumptum
1038 1288 1209 1341 filium
1236 1288 1520 1341 contuitus
1558 1302 1639 1341 es.
1672 1285 1811 1339 Tum
1848 1282 2079 1341 lveracis
2118 1296 2313 1350 exspe-

730 1392 875 1434 ctata
959 1381 1369 1451 promissione,
1448 1379 1754 1449 perfectum
1831 1376 2073 1447 Spiritus
2128 1374 2311 1427 afﬂatu

728 1472 935 1525 donum
961 1473 1015 1526 in
1039 1472 1326 1526 caenaculo
1352 1486 1478 1525 eum
1517 1471 1775 1526 undecim
1824 1470 2043 1529 sedens,
2092 1467 2213 1536 ejus
2246 1467 2315 1519 il-

732 1564 885 1631 lapsu
917 1564 1209 1633 suscepisti
1243 1564 1417 1629 (velut
1467 1564 1730 1617 nimirum
1770 1562 1967 1616 throno
1997 1558 2182 1631 gloria:
2213 1558 2317 1613 ele-

738 1661 869 1705 vato
898 1662 1063 1722 atque
1092 1655 1333 1717 excelso,
1376 1664 1473 1709 aut
1507 1654 1689 1708 divina
1736 1653 1902 1723 regia,
1944 1658 2041 1705 aut
2089 1649 2316 1721 mystico

734 1741 1245 1811 adyto,velsaneto
1270 1751 1613 1806 sanctorum,
1674 1740 1813 1794 lucis
1866 1739 2171 1808 fulgoribus
2215 1737 2319 1791 tni-

733 1844 893 1887 rante
920 1850 1016 1888 seu
1049 1833 1281 1888 deformi
1332 1842 1639 1903 praeparato
1707 1834 1913 1893 animo,
1942 1832 2023 1885 sic
2062 1837 2317 1900 prompte

2414 623 2558 692 σχὼν
2577 620 2672 673 τοῦ
2699 618 2962 691 Χριστοῦ,
2994 618 3087 670 καί
3139 617 3262 669 τινά
3283 617 3330 667 οἱ
3360 613 3563 680 τρόπον
3609 608 4005 678 σταυρουμένῳ

2412 714 2817 782 συσταυρωθείς
2864 727 2880 744 ο
2953 711 3047 765 καὶ
3109 709 3170 761 τὺ
3227 704 3692 777 ζωαρχικώτατον
3762 701 4008 768 πασχόν-

2411 825 2463 859 τι
2548 804 2719 865 πάθος
2795 796 3196 871 συμπεπονθὼς
3250 812 3264 827 ⁸
3320 796 3418 848 καὶ
3470 790 3821 862 ἀνισταμένῳ
3884 806 4009 841 συν-

2412 897 2676 963 αναστάς,
2704 896 2810 964 τῆς
2850 894 3102 966 μείζονος
3131 893 3227 945 καὶ
3255 890 3597 958 τελεωτέρας
3626 885 3722 940 τοῦ
3752 885 4009 955 Πνεῦμα-

2413 1010 2500 1056 τος
2530 992 2609 1063 τῷ
2636 989 2994 1061 ἐμφυσήματι
3017 985 3324 1055 -ιετύχηκας
3345 984 3576 1052 δωρεᾶς.

2480 1086 2636 1139 Μετά
2655 1082 2830 1137 ταῦτα
2855 1082 2933 1147 δὲ,
2969 1083 3068 1151 τῆς
3099 1079 3206 1148 γῆς
3234 1077 3333 1148 μὲν
3367 1074 3758 1146 ἐπαιρόμενον,
3782 1070 3877 1124 τοῦ
3912 1070 4008 1122 οῦ-

2419 1175 2582 1246 ρανοῦ
2620 1175 2678 1227 δὲ
2728 1172 2837 1226 τῶν
2862 1170 3071 1240 ἀψίδων
3119 1166 3656 1235 ἐπιλαμϐανόμενον,
3711 1166 3809 1215 καὶ
3860 1160 4005 1232 πρὸς

2416 1271 2507 1324 τὸν
2538 1270 2791 1339 οὐράνιον
2826 1265 3051 1333 Πατέρα
3069 1263 3161 1317 τὸν
3178 1263 3306 1315 Υίδν
3333 1258 3472 1330 μετὰ
3503 1258 3663 1328 δόξης
3690 1256 4011 1324 ἀναλαμϐα-

2418 1358 2981 1431 νόμενοντεθεαμένος
3003 1371 3017 1386 ο
3053 1350 3194 1417 εἶτα,
3221 1352 3323 1421 τὴν
3349 1348 3679 1419 ἐπαγγελίαν
3704 1346 3800 1400 τοῦ
3835 1346 4011 1415 ἀψευ-

2417 1455 2542 1518 δοῦς
2603 1452 2991 1521 ἐκδεδεγμένος
3026 1489 3041 1511 ,
3107 1447 3210 1515 τὴν
3273 1442 3493 1497 τελείαν
3539 1443 3635 1495 τοῦ
3684 1441 4010 1510 ῐινεύματος

2420 1548 2725 1619 ἐνέργειαν,
2757 1546 2816 1598 ἐν
2847 1544 3082 1616 ὑπερώῳ
3114 1546 3225 1606 τοῖς
3278 1545 3475 1597 ἕνδεκα
3507 1536 4008 1609 συγκαθεζόμενος,

2419 1640 2710 1710 οὐρανόθεν
2738 1637 3120 1708 ἐφαλλομένην
3170 1634 3419 1699 ὑπεδέξω
3453 1650 3467 1664 ·
3519 1626 3608 1686 οἵα
3663 1630 3773 1700 γὰρ
3818 1628 4014 1700 θρόνον

2418 1732 2576 1800 δόξης
2606 1730 2918 1801 ἐπηρμένον
2969 1729 3063 1783 καὶ
3118 1727 3379 1798 ὑψηλὸνῆ
3428 1724 3571 1777 θεῖον
3623 1723 3946 1792 ἀνάκτορον,
3974 1719 4013 1789 ἢ

2425 1823 2688 1894 μυστικὸν
2719 1824 2932 1886 ἄδυτον,
2964 1820 2997 1891 ἢ
3031 1820 3186 1888 ἀγιον
3223 1818 3417 1886 ἁγίων,
3441 1818 3543 1886 τὴν
3572 1813 3839 1882 φωτοειδη
3871 1829 4015 1881 καρ-

734 1926 801 1977 ad
825 1936 875 1979 te
909 1926 1223 1979 venientem
1247 1926 1654 1979 divinissimum
1678 1922 2124 1990 Paraeletum"),
2152 1931 2318 1989 atque

2435 1920 2561 1982 Βίαν,
2592 1919 2713 1987 ἦτοι
2739 1915 2918 1984 θοειδῆ
2943 1910 3643 1984 προπαρασκευασάμενος,
3667 1904 3843 1965 οῦτως
3869 1902 4017 1955 ἑτοί-

735 2018 857 2084 ejus
878 2017 1105 2087 quidem
1144 2016 1450 2087 praesentia:
1476 2014 1792 2071 vehementi
1834 2014 2019 2069 sonitu
2043 2014 2318 2068 contentis

739 2111 942 2171 nervis,
985 2110 1307 2177 emlcstique
1345 2109 1545 2161 virtute
1612 2108 1875 2177 repletus,
1918 2114 2082 2175 atque
2145 2104 2321 2175 igneis

737 2202 939 2271 iinguis
988 2210 1255 2271 purgatus
1309 2211 1365 2255 et
1420 2200 1689 2269 sapientia
1732 2209 1954 2263 auctus,
2008 2200 2320 2267 plenusque

740 2293 985 2347 veritatis
1014 2302 1071 2347 et
1106 2291 1295 2363 gratiae
1328 2291 1583 2354 effectus,
1602 2290 1684 2345 sic
1736 2298 1795 2342 tu
1848 2303 2072 2357 quoque
2103 2286 2171 2341 ad
2225 2287 2322 2341 de-

742 2385 1005 2438 stinatam
1039 2382 1139 2437 tibi
1167 2380 1469 2453 apostolici
1514 2379 1765 2435 muneris
1816 2388 2026 2434 sortem
2078 2377 2323 2432 cucurri-

741 2478 811 2531 sti
851 2478 906 2531 in
928 2477 1021 2531 siti
1045 2477 1113 2530 ³⁷.

809 2567 1142 2633 (Incurristi,
1171 2578 1233 2622 ut
1262 2566 1390 2620 boni
1413 2573 1699 2621 consortes
1732 2577 2078 2627 assumeres;
2114 2571 2174 2616 ut
2204 2577 2325 2616 sea-

744 2661 984 2715 turiente
1007 2660 1063 2714 in
1098 2669 1151 2714 te
1181 2660 1376 2729 gratia,
1402 2658 1496 2727 qui
1525 2657 1674 2711 illius
1697 2664 1952 2726 expertes
1981 2663 2188 2716 essent,
2215 2653 2341 2707 sin-'

745 2750 920 2819 gulari
968 2748 1307 2802 humanitate
1338 2762 1403 2802 ac
1424 2745 1761 2815 benignitate
1811 2742 2144 2813 impartires.
2174 2739 2328 2793 Sicut

744 2842 892 2894 enim
926 2841 1173 2907 pluviosa
1206 2840 1381 2893 nubes
1414 2840 1571 2909 aquis
1602 2837 1871 2899 conferta,
1905 2849 2007 2888 nec
2038 2833 2132 2888 diu
2164 2845 2327 2901 grave

746 2933 964 3002 pondus
984 2933 1259 2987 sustinere
1276 2931 1483 2995 valens,
1507 2938 1781 2998 ventoque
1803 2923 2329 2993 eoarctantejaetata

746 3037 911 3093 atque
935 3037 1267 3092 compressa,
1291 3020 1642 3078 versantibus
1672 3020 1727 3073 in
1752 3029 1893 3073 terra
1924 3015 2155 3070 imbrem
2178 3028 2332 3081 spar-

748 3116 978 3188 gitzsic
1001 3123 1060 3170 et
1108 3130 1339 3185 magnus
1397 3112 1681 3182 apostolus
1738 3110 1927 3171 Judas,
1984 3106 2192 3162 caelesti
2243 3106 2333 3159 illa

751 3209 991 3276 Spiritus
1019 3207 1189 3270 unda,
1220 3205 1552 3274 fluentisque
1584 3201 1924 3273 spiritalibus
1950 3199 2150 3254 eximie
2177 3207 2333 3267 pota-

754 3313 843 3355 tus
869 3308 1035 3369 atque
1063 3298 1272 3364 ebrius,
1300 3298 1583 3352 fuatantem
1631 3292 1840 3349 diutius
1871 3291 2117 3346 animum
2148 3299 2335 3344 tenere

754 3392 1040 3460 nequibat.

823 3608 1027 3661 Verum
1072 3614 1287 3660 terrena
1308 3603 1492 3659 statim
1528 3602 1832 3658 Jerusalem
1884 3613 2138 3669 egressus
2172 3597 2333 3652 coale-

754 3699 854 3753 stis
886 3698 1070 3752 Sionis
1116 3712 1281 3752 causa
1330 3712 1395 3750 ac
1437 3705 1551 3749 'um
1601 3694 1669 3747 ad
1714 3692 2043 3761 Aquilonem
2103 3699 2216 3743 tum
2269 3688 2336 3741 ad

754 3790 1058 3854 Orientem,
1092 3800 1287 3859 agente
1338 3804 1463 3842 eum
1496 3787 1725 3841 Domino
1774 3784 2006 3854 Spiritu,
2031 3791 2219 3851 raptus
2249 3782 2293 3812 ³³
2322 3798 2337 3845 ;

757 3892 977 3951 totaque
1028 3883 1184 3953 Syria
1232 3891 1286 3936 et
1326 3878 1717 3949 Mesopotamia
1764 3885 2039 3945 superata,
2070 3873 2340 3929 sermonis

755 3973 1034 4026 doctrinas
1060 3972 1225 4025 vitam
1263 3969 1571 4039 praabentes
1598 3978 1763 4035 atque
1794 3964 2099 4035 gignentes,
2136 3959 2336 4014 influit.

755 4064 870 4120 Nec
898 4079 1031 4119 vero
1077 4073 1337 4133 tanquam
1389 4061 1585 4123 stillas,
1634 4067 1729 4112 aut
1768 4065 1949 4127 guttas
1973 4054 2137 4115 roris,
2170 4062 2231 4105 ut
2262 4052 2342 4105 sic

756 4158 959 4217 dicam,
1008 4155 1287 4210 cmlestem
1331 4152 1513 4207 influit
1552 4151 1830 4204 imbrem:
1886 4146 1980 4202 sed
2014 4146 2164 4214 largo
2191 4143 2339 4197 velut

758 4246 1020 4309 flumine,
1086 4254 1344 4312 tanquam
1415 4257 1605 4297 revera
1662 4239 1863 4293 flumen
1922 4236 2016 4291 Dei
2069 4235 2339 4304 repletum

758 4338 917 4407 aquis
937 4336 1018 4401 “;
1042 4334 1245 4389 divinis
1268 4334 1490 4404 quidem
1524 4331 1875 4387 sermonibus
1908 4328 2151 4399 gentium
2179 4342 2343 4380 aures

759 4429 816 4482 in
869 4438 1151 4495 stuporem
1205 4439 1396 4493 agens,
1457 4420 1796 4477 admirandis
1838 4427 2020 4473 autem
2080 4415 2344 4484 operibus

759 4519 951 4572 oculos
1006 4517 1370 4571 admiratione
1401 4515 1746 4584 pereellens;
1778 4527 1842 4565 ac
1876 4523 2192 4564 sermonum
2223 4507 2344 4579 qui-

760 4614 884 4666 dem
910 4612 1138 4665 veritate
1173 4624 1403 4678 operum
1426 4603 1845 4676 magnificentiae
1865 4601 2026 4655 fidem
2052 4608 2338 4659 astruens;
2376 4616 2417 4670 ι)

760 4718 987 4770 operum
1028 4717 1156 4755 vero
1178 4699 1447 4761 claritate,
1474 4710 1793 4751 sermonum
1834 4693 2165 4748 confirmans
2205 4689 2348 4743 veri-

764 4804 931 4847 tatem
958 4811 972 4846 :
999 4801 1094 4846 aut
1117 4791 1303 4846 verbis
1322 4791 1566 4859 quidem,
1592 4787 1841 4843 veritatis
1875 4785 2054 4838 vivam
2079 4782 2349 4837 divinam-

761 4902 869 4955 que
911 4883 1307 4953 prtestantiam,
1336 4880 1599 4936 inauditis
1633 4894 1762 4933 vero
1800 4875 2080 4945 eperibus,
2115 4886 2345 4942 operum

760 4985 957 5030 natura
978 4976 1325 5043 superiormn
1356 4973 1678 5043 dignitatem
1702 4969 1902 5024 animis
1930 4963 2344 5027 commendans,

762 5069 1051 5135 utriusque
1101 5066 1380 5134 Evangelii
1445 5063 1758 5123 veritatem,
1818 5056 2196 5128 dignissimam
2254 5053 2346 5108 cui

764 5159 897 5213 fides
924 5157 1306 5220 adhiberetur,
1330 5153 1586 5225 gentibus
1621 5150 1889 5213 tradebat,
1918 5164 1983 5202 ac
2013 5161 2196 5202 rerum
2220 5144 2347 5213 qui-

762 5252 886 5304 dem
920 5258 1135 5313 natura,
1193 5248 1261 5300 ad
1321 5261 1515 5301 eorum
1571 5259 1693 5313 qua:
1749 5252 2003 5296 naturam
2062 5243 2346 5306 superant,

763 5341 1096 5411 agnitionem
1139 5339 1413 5406 ﬁdemque
1473 5334 1809 5390 suadendam
1842 5347 1997 5393 usus,
2054 5342 2352 5395 rerumque

765 5433 838 5484 ob
869 5431 1057 5484 oculos
1106 5429 1412 5499 positarum
1463 5424 1752 5494 exemplis,
1804 5421 1871 5475 ad
1913 5420 2007 5474 Dei
2047 5418 2139 5486 qui
2201 5422 2353 5475 cerni

668 5588 671 5591 _
762 5523 935 5577 oculis
967 5537 1074 5574 non
1106 5529 1304 5589 potest,
1363 5516 1782 5587 intelligentiam
1819 5528 1982 5567 manu
2022 5512 2248 5569 ducens,
2289 5522 2353 5561 ac

762 5616 1028 5685 seipsum,
1059 5614 1125 5667 ad
1170 5614 1289 5681 ejus
1326 5612 1421 5681 qui
1473 5609 1900 5680 pnedieabatur,
1929 5599 2134 5658 Christi
2185 5598 2347 5652 fidem

764 5708 1117 5765 simulacrum
1136 5705 1409 5776 quoddam
1442 5716 1779 5773 proponens,
1805 5698 1886 5753 sic
1914 5692 2175 5766 paulatim
2197 5688 2347 5745 omni

1760 5882 1803 5912 ³³
1844 5878 1885 5933 ll
1918 5876 2046 5930 Cor.
2080 5889 2156 5934 ιιι,
2194 5872 2276 5925 l7.

815 5890 857 5921 ³¹
891 5891 994 5946 lsa.
1022 5905 1096 5948 vt.
1127 5891 1172 5945 1.
1252 5889 1295 5921 ⁸¹
1326 5885 1466 5940 Psal.
1500 5900 1603 5943 LXI,
1631 5884 1680 5935 ὃ.

2425 2029 2539 2082 μως
2577 2012 2724 2063 ἰόντα
2762 2009 2913 2079 παρά
2944 2006 3003 2059 σὲ
3032 2006 3123 2058 τὸν
3151 2001 3598 2074 θεαρχικὼτατον
3650 1995 4018 2067 Παράκλητον

2422 2107 2516 2159 καὶ
2548 2106 2616 2175 τῇ
2650 2104 2748 2173 μέν
2765 2101 2916 2172 βιαίᾳ
2944 2098 3138 2152 τούτου
3163 2097 3261 2166 τῆς
3286 2094 3590 2165 παρουσίας
3606 2094 3714 2161 ἠχῇ
3732 2089 4014 2150 τονωθεὶς,

2421 2199 2812 2266 ταῖςπυρξναις
2840 2194 2896 2247 δὲ
2949 2190 3222 2259 γλώσσαις
3273 2185 3569 2257 καθαρθείς
3596 2200 3658 2236 τε
3711 2181 3808 2236 καὶ
3855 2197 4019 2249 σοφι-

2427 2290 2596 2354 σθεὶς,
2644 2286 2739 2340 καὶ
2792 2286 3006 2354 πλήρης
3062 2280 3322 2351 ἀληθείας
3349 2279 3442 2331 καὶ
3472 2277 3694 2347 χάριτος
3746 2272 4018 2341 γεγονὼς,

2426 2380 2571 2433 οὕτω
2598 2379 2694 2432 καὶ
2714 2377 2877 2439 αὐτὸς
2906 2375 3043 2445 πρὸς
3063 2374 3155 2425 τὸν
3177 2370 3564 2441 ἀφωρισμένον
3591 2383 3674 2419 σοι
3696 2364 3900 2433 κλῆρον
3917 2362 4021 2431 τῆς

2427 2473 2731 2542 ἀποστολῆς
2760 2470 2997 2541 ἔδραμες
3027 2469 3085 2520 ἐν
3102 2466 3267 2535 δίψει.

2502 2564 2799 2634 Ἐδραμες,
2822 2560 2963 2612 ὥστε
2984 2557 3078 2611 τοῦ
3100 2555 3312 2624 ἀγαθοῦ
3334 2551 3673 2624 παραλαϐεῖν
3699 2550 4018 2611 κοινωνούς·

2428 2657 2570 2709 ὥστε
2600 2657 2713 2718 τοῖς
2744 2653 2994 2723 ἀμοίροις
3022 2649 3122 2719 τῆς
3161 2651 3219 2701 ἐν
3274 2648 3357 2700 σο)⁵
3399 2644 3757 2715 πηγαςούσης
3795 2645 4024 2713 χάριτος

2431 2746 2705 2817 ὑπερϐολῇ
2729 2742 3053 2815 μεταδοῦναι
3072 2737 3481 2809 φιλανθρωπίας
3503 2740 3598 2788 καὶ
3623 2734 4024 2804 χρηστότητος.

2432 2840 2701 2907 Καθάπερ
2722 2837 2831 2907 γὰρ
2856 2832 3195 2904 όμϐροτόκος
3228 2829 3431 2898 νεφέλη
3461 2826 3557 2880 τοῦ
3611 2825 3802 2889 ὓδατος
3855 2842 4028 2895 μεμε-

2434 2927 2710 2996 στωμένη,
2739 2925 2834 2977 καὶ
2864 2924 2926 2976 τὸ
2957 2922 3122 2992 βάρος
3157 2920 3428 2988 διανέχειν
3459 2916 3553 2969 ἐπὶ
3591 2916 3725 2969 πολὺ
3760 2915 3836 2984 μὴ
3858 2916 4027 2967 δυνα-

2438 3020 2598 3089 μένη,
2636 3017 2714 3087 τῷ
2746 3019 3028 3086 συνέχοντι
3078 3013 3133 3066 δέ
3160 3010 3433 3081 πνεύματι
3466 3007 3743 3078 φερομένη
3776 3008 3868 3059 καὶ
3896 3023 4029 3058 ουν-

2437 3107 2756 3179 θλιϐομένη,
2816 3107 2909 3159 τὸν
2960 3103 3116 3157 ὑετὸν
3142 3100 3441 3164 ἀποστάζει
3490 3101 3605 3162 τοῖς
3637 3098 3732 3150 ἐπὶ
3763 3098 3861 3166 τῆς
3883 3101 4026 3165 γῆς·

2438 3200 2582 3254 οὕτω
2630 3200 2725 3253 καὶ
2757 3201 2785 3252 ὁ
2818 3198 2992 3267 μέγας
3023 3195 3318 3258 ἀπόστολος
3355 3192 3580 3256 Ἰούδας,
3615 3193 3713 3261 τῆς
3763 3192 4032 3261 οὐρανίας

2438 3295 2654 3364 ἐκείνης
2688 3292 3026 3362 πλημμύρας
3055 3289 3150 3342 τοῦ
3175 3286 3509 3354 Πνεῦματος,
3540 3285 3636 3338 καὶ
3683 3284 3789 3335 τῶν
3818 3284 4032 3352 νοητῶν

2443 3386 2677 3457 ῥείθρων
2716 3383 3011 3454 ὑπερφυῶς
3068 3378 3382 3451 μεθυσθεὶς,
3420 3379 3519 3446 οὐχ
3571 3370 3680 3439 οἷός
3714 3393 3773 3429 τε
3819 3370 3887 3445 ἦν
3934 3378 4031 3429 ἐπὶ

2442 3478 2626 3532 πλεῖον
2653 3476 3063 3547 ἐγκυμονοῦσαν
3095 3474 3193 3544 τὴν
3218 3474 3457 3528 διάνοιαν
3478 3472 3798 3539 κατασχεῖν.

2522 3569 2684 3623 Ἀλλά
2719 3570 2819 3635 τὴν
2870 3568 3114 3635 ἐπίγειον
3179 3565 3341 3629 εὐθὺς
3404 3562 3761 3632 Ἰερουσαλὴμ
3801 3560 3888 3614 διά
3928 3561 4036 3629 τὴν

2438 3663 2688 3732 οὐράνιον
2710 3660 2845 3714 Σιὼν
2874 3657 3127 3724 ἐξελθὼν,
3162 3659 3259 3710 καὶ
3291 3656 3430 3727 πρὸς
3462 3656 3672 3723 Βορρᾶν
3699 3670 3757 3705 τε
3791 3654 3881 3705 καὶ
3912 3652 4035 3703 Ἕω

2440 3756 2527 3807 διὰ
2563 3752 2656 3805 τοῦ
2681 3754 2908 3820 ἄγοντος
2938 3750 3099 3802 αὑτὸν
3120 3748 3325 3817 Κυρίου
3357 3747 3656 3815 φερόμενος
3687 3743 4033 3811 Πνεῦματος·

2440 3845 2539 3898 καὶ
2572 3846 2755 3897 πίσαν
2807 3842 3007 3909 Συρίαν
3047 3842 3139 3893 καὶ
3177 3842 3273 3909 τὴν
3329 3836 3762 3905 Μεσοποταμίαν
3811 3834 4034 3896 διαϐάς,

2441 3937 2655 3990 ἐπινάει
2682 3936 2780 4004 μὲν
2828 3934 3015 3995 αὐτοῖς
3048 3932 3147 3994 τάς
3194 3930 3578 3999 ζωοπαρόγους
3618 3926 3714 3979 τοῦ
3743 3927 3903 3993 λόγου
3936 3929 4039 3978 aut

2442 4027 2746 4094 ζωογόνους
2794 4024 3016 4093 διδαχάς
3038 4042 3051 4054 ·
3085 4023 3145 4074 οὐ
3195 4022 3337 4075 κατὰ
3378 4020 3619 4089 ψεκάδας
3661 4019 3718 4071 δέ
3754 4019 3850 4071 καὶ
3876 4018 4041 4086 δροσ-

2440 4119 2620 4183 ώδεις,
2642 4118 2718 4181 ὠς
2746 4120 2943 4180 εἰπεῖν,
2978 4118 3271 4183 σταγόνας,
3294 4115 3387 4166 τὸν
3406 4111 3659 4182 οὐράνιον
3687 4111 3892 4179 δμδρον
3918 4111 4045 4160 ἐττ-

2442 4214 2584 4275 νάει,
2613 4209 2925 4279 ποταμηδδν
2953 4208 3031 4272 δέ,
3069 4208 3145 4269 ὼς
3172 4206 3252 4275 τῷ
3289 4205 3403 4257 όντι
3434 4202 3676 4270 ποταμὸς
3722 4201 3797 4253 ὢν
3823 4200 4045 4253 ὑδάτων

2442 4304 2579 4358 Θεοῦ
2642 4302 3108 4372 πεπληρωμένος*
3172 4296 3349 4365 λόγοις
3407 4296 3521 4365 μὲν
3560 4294 3724 4356 θείοις
3776 4295 3875 4354 τάς
3926 4291 4046 4343 τῶν

2445 4397 2617 4451 ἐθνῶν
2641 4395 2811 4457 ἀκοάς
2838 4391 3086 4459 ἐξιστῶν,
3112 4392 3292 4461 ἔργοις
3324 4388 3379 4441 δὲ
3411 4385 3735 4455 θαυμασίοις
3769 4383 3867 4444 τάς
3899 4383 4047 4451 ea-

2447 4508 2561 4551 σεις
2591 4488 2911 4558 ἐκπλήττων
2943 4485 3038 4538 καὶ
3088 4481 3386 4551 ἐκθαμδῶν
3406 4496 3418 4508 ·
3452 4480 3546 4531 καὶ
3572 4480 3640 4547 τῇ
3670 4473 3900 4545 ἀληθείᾳ
3937 4474 4048 4543 μὲν

2445 4581 2553 4633 τῶν
2584 4580 2759 4647 λόγων
2799 4577 2896 4647 τὴν
2928 4577 3037 4628 τῶν
3076 4574 3252 4644 ἔργων
3293 4569 3691 4641 μεγαλειότητα
3736 4564 4052 4633 πιστούμε-

2446 4692 2558 4736 νος,
2601 4677 2668 4740 τῇ
2702 4670 3046 4740 λαμπρότητι
3069 4667 3125 4719 δέ
3155 4665 3263 4718 τῶν
3304 4665 3481 4733 ἔργων
3510 4661 3572 4714 τὸ
3609 4660 3901 4729 εἰλικρινὲς
3931 4658 4052 4709 τῶν

2447 4768 2620 4834 λόγων
2654 4762 3039 4833 βεϐαιούμενος
3060 4774 3073 4787 ·
3110 4759 3145 4828 ἢ
3176 4758 3355 4823 λόγοις
3396 4755 3493 4822 μὲν
3527 4754 3588 4805 τὸ
3633 4750 3728 4803 τοῦ
3754 4749 3916 4817 λόγου
3943 4750 4053 4818 τῆς

2447 4858 2704 4927 ἀληθείας
2741 4853 3113 4924 καινοπρεπὲς
3148 4852 3243 4904 καὶ
3281 4846 3608 4916 θεοπρεπὲς,
3634 4844 3817 4913 ἐργοις
3842 4841 3899 4893 δέ
3931 4858 4055 4892 πα-

2452 4949 2686 5021 ραδόξοις
2742 4948 2812 4999 τά
2858 4946 2967 4998 τῶν
3020 4945 3197 5013 ἔργων
3252 4938 3508 5008 ὑπερφυῆ
3555 4932 3937 5005 πληροφορῶν,
3978 4932 4055 4984 δι’

2451 5041 2779 5112 ἀμφοτέρων
2813 5038 2912 5106 τὴν
2942 5035 3204 5103 ἀλήθειαν
3227 5030 3324 5083 τοῦ
3352 5027 3686 5096 Εὑαγγελίου
3711 5028 3824 5085 τοῖς
3855 5024 4055 5076 ἔθνεσι

2454 5133 2788 5201 πιστοτάτην
2824 5126 3109 5197 παρεδίδου
3132 5141 3146 5155 ·
3173 5126 3269 5177 καὶ
3295 5126 3362 5192 τῇ
3395 5122 3557 5190 φύσει
3596 5119 3695 5190 μέν
3725 5117 3834 5169 τῶν
3870 5116 4061 5168 όντων

2458 5226 2595 5297 πρὸς
2632 5223 2731 5294 τὴν
2765 5220 2873 5275 τῶν
2902 5218 3041 5288 ὑπὲρ
3073 5216 3234 5284 φύσιν
3259 5215 3461 5283 γνῶσιν
3490 5213 3584 5264 καὶ
3616 5210 3799 5263 πίστιν
3819 5207 4061 5278 χρώμε-

2460 5337 2547 5381 νος
2578 5314 2780 5385 ὁδηγῷ,
2811 5313 2905 5366 καὶ
2947 5312 3005 5363 ἐν
3033 5308 3397 5375 ὑποδείγμασι
3424 5306 3538 5367 τοῖς
3565 5302 3865 5371 ὁρωμένοις
3904 5299 4063 5369 πρὸς

2460 5410 2559 5480 τὴν
2581 5407 2676 5461 τοῦ
2703 5406 2935 5474 ἀοράτου
2966 5399 3102 5454 Θεοῦ
3147 5397 3475 5466 κατανόησιν
3526 5389 3917 5464 χειραγωγῶν
3969 5390 4063 5441 εἱ-

2460 5503 2592 5557 κόνα
2630 5500 2688 5554 δέ
2724 5496 2915 5550 ἐαυτὸν
2946 5494 3081 5562 πρὸς
3112 5492 3212 5561 τὴν
3247 5488 3341 5541 τοῦ
3395 5483 3806 5556 κηρυττομένου
3858 5481 4067 5533 πίστιν

2459 5590 2894 5663 προϐαλλόμενος
2932 5583 3193 5655 Χριστοῦ,
3216 5581 3360 5635 οὕτω
3388 5579 3532 5633 κατά
3568 5575 3760 5663 μικρόν
3790 5572 3927 5638 πρὸς
3951 5573 4068 5640 τὴν

2454 5660 2553 5752 τῆς
2574 5679 2830 5750 ἀληθείας
2852 5677 3148 5746 ἐπίγνωσιν
3171 5673 3293 5739 τοὺς
3309 5668 3668 5739 ἀναισθήτους
3693 5660 3816 5735 ἦγεο
3841 5660 4067 5718 πείθων

2401 5876 2419 5897 ⁸
2445 5863 2587 5920 I'sal.
2622 5877 2764 5928 LXIV,
2796 5856 2884 5913 10.
