4180 6434
136 428 222 488 255
907 413 1188 471 ()IHTIU
1226 410 1370 468 XIII
1428 433 1493 440 -
1530 406 1609 466 ΙΝ
1652 406 1957 465 LAUDEM
1999 407 2054 464 Β.
2101 405 2311 465 JUI).'E
2351 404 2599 462 APOS’I‘.

3267 405 3373 466 266

130 533 372 603 οῐῳιινὸν
399 531 513 599 μὲν
552 529 647 580 καί
696 528 867 591 ἥλιον
908 526 1003 576 καὶ
1054 522 1194 585 τοὺς
1231 519 1519 585 ἀστέρας·
1555 517 1697 581 ἀέρα
1729 527 1757 582 Α

1801 515 2096 569 destitutos
2124 529 2286 568 sensu
2342 513 2406 567 ad
2438 510 2686 565 veritatis
2710 510 3040 578 agnitionem
3090 507 3323 561 ducebat
3358 526 3368 559 :

130 644 183 680 τε
205 623 439 685 τοῦτον,
499 621 594 678 καί
635 620 742 671 τὸν
772 616 922 683 ὑπὲρ
969 616 1155 668 αὑτὸν
1205 611 1441 677 αἰθέρα·
1486 607 1602 676 γῆν
1631 624 1692 659 τε

131 718 211 771 καὶ
227 714 571 772 θάλασσαν,
590 709 689 762 καὶ
721 708 839 761 ὅσα
868 723 934 776 τε
959 706 1188 769 τούτοις
1208 701 1513 771 ἐμπέφυκε
1537 699 1691 767 φυτὰ

132 807 212 861 uol
233 804 365 869 ζῶα,
398 802 597 857 πάντα
634 796 847 853 κτιστά
879 813 941 850 τε
969 796 1067 850 καὶ
1108 792 1301 846 δοῦλα
1333 787 1692 845 καθεστάναι

130 898 218 952 τοῦ
256 896 330 949 τὰ
376 892 575 946 πάντα
610 887 1165 959 δημιουργήσαντος
1204 883 1385 937 Θεοῦ·
1442 882 1591 935 Θεὸν
1626 880 1694 931 δὲ

132 987 333 1039 τούτων
368 983 602 1036 οἴεσθαι
644 979 860 1049 μηδὲν,
895 979 985 1031 ὅτι
1028 975 1325 1030 ἁλλοιωτὰ
1374 972 1558 1026 ταῦτα
1595 973 1693 1025 καί

134 1074 363 1146 φθαρτὰ,
381 1073 484 1127 καὶ
511 1068 835 1139 ὑπηρετικὰ
858 1068 970 1135 τῆς
991 1067 1062 1120 ἐν
1083 1067 1286 1135 κόσμῳ
1306 1062 1386 1128 τῷ
1408 1061 1693 1131 ἀνθρώπῳ

132 1167 343 1222 δέδοται
404 1163 587 1233 ζωῆς·
627 1162 725 1216 καὶ
783 1159 889 1213 τοῦ
932 1158 1246 1226 ἀνθρώπου
1304 1156 1453 1209 κατὰ
1503 1156 1692 1223 φύσιν

134 1262 286 1328 ἥττω,
315 1258 407 1312 ὅτι
430 1273 495 1313 τε
515 1257 699 1326 λόγου
719 1254 955 1323 ἄμοιρα,
989 1251 1085 1305 καί
1118 1250 1209 1303 ὅτι
1239 1247 1313 1301 δι’
1351 1246 1611 1300 ἐκεῖνον·
1642 1249 1690 1298 εί

133 1349 228 1408 οὖν
248 1350 479 1416 ἐκεῖνος
506 1352 579 1403 οὺ
606 1349 771 1413 Θεὸς,
807 1343 1044 1399 πολλοῦ
1069 1341 1165 1395 δεῖ
1188 1341 1259 1395 τὰ
1286 1341 1459 1410 χείρω
1478 1340 1691 1393 τούτου

137 1446 287 1510 θεοὺς
317 1439 704 1511 προσειπεῖν·
742 1434 923 1503 οὗτος
949 1436 1019 1489 δὲ
1056 1436 1237 1502 μόνος
1266 1431 1502 1499 ἀληθῶς
1524 1432 1689 1495 Θεὸς,

132 1537 247 1605 όμή
301 1536 422 1589 ὑπό
459 1550 623 1597 τινος
654 1533 985 1600 γινόμενος,
1020 1528 1108 1581 ἀεὶ
1143 1526 1207 1578 δὲ
1237 1526 1353 1577 ὧν·
1412 1528 1444 1577 ό
1464 1524 1548 1592 μὴ
1585 1523 1692 1589 δη-

131 1626 592 1697 μιουρτούμενος,
616 1624 687 1676 τὰ
709 1619 905 1674 πάντα
924 1618 1110 1673 ποιῶν
1123 1618 1191 1672 δέ
1210 1634 1221 1645 ·
1243 1621 1274 1671 ό
1298 1616 1385 1686 μὴ
1408 1614 1691 1670 ἀλλοιού-

134 1733 289 1784 μενος
322 1716 361 1783 ἣ
389 1715 774 1784 τρεπόμενος,
802 1708 1133 1774 ὢνόαὺτύς
1154 1708 1244 1763 ἀεὶ
1275 1706 1342 1758 δὲ
1368 1705 1467 1759 καὶ
1496 1702 1692 1756 πάντα

135 1806 307 1871 κινῶν,
346 1806 449 1859 καὶ
480 1802 766 1866 ἀλλοιῶν,
801 1801 898 1854 καὶ
917 1796 1399 1870 μετασκευὰζων.

1799 620 1994 675 nempe
2015 604 2250 658 suadens
2271 605 2476 668 cwlum,
2492 604 2674 666 solem,
2695 602 2899 663 stellas,
2922 603 3159 669 huncque
3180 616 3376 663 aerem,

1798 708 1957 767 atque
1982 696 2063 749 illi
2087 698 2406 765 superiorem
2440 698 2635 750 azthera
2664 712 2681 759 ;
2717 702 3015 760 terramque
3038 702 3085 745 et
3126 708 3291 754 mare,
3327 700 3378 742 et

1796 806 1913 858 qua:
1950 790 2005 841 in
2026 790 2099 841 eis
2149 797 2447 851 versantur,
2489 805 2551 840 ac
2572 789 2747 840 vivunt
2785 784 3004 854 plantae,
3036 794 3083 837 et
3116 782 3377 836 animalia

1794 889 1980 933 cuncta
2003 887 2204 941 creata,
2230 894 2291 931 ac
2311 877 2405 930 Dei
2426 879 2689 946 mancipia
2720 892 2849 940 esse,
2880 876 2969 944 qui
3000 878 3229 928 condidit
3258 892 3375 928 om-

1796 974 1906 1032 nia.
1931 987 1994 1024 ex
2016 973 2093 1024 his
2113 970 2318 1024 nullum
2347 970 2713 1025 arbitrandum
2754 970 2941 1032 Deum,
2970 968 3107 1038 quod
3127 970 3374 1022 nimirum

1794 1065 1899 1116 ista
1943 1062 2107 1116 aliam
2140 1079 2203 1116 ea:
2229 1062 2339 1115 alia
2385 1061 2696 1132 qualitatem
2719 1070 2939 1124 mutent,
2975 1062 3183 1124 sintque
3210 1062 3374 1112 inter-

1794 1154 1945 1206 itioni
1975 1152 2198 1206 obnoxia
2229 1170 2246 1215 ;
2299 1154 2427 1205 data
2457 1152 2651 1205 scilicet
2698 1152 2751 1203 in
2784 1153 3068 1204 subsidium
3110 1153 3377 1214 humana',

1795 1261 1955 1313 quam
1986 1246 2040 1298 in
2070 1246 2262 1297 mundo
2291 1247 2515 1314 agimus,
2568 1244 2687 1296 vittv
2716 1259 2733 1295 :
2772 1258 2978 1312 esseque
3038 1251 3236 1295 natura
3284 1246 3379 1296 ho-

1796 1338 1935 1388 mine
1961 1337 2243 1399 deteriora,
2296 1336 2431 1403 quod
2473 1343 2689 1388 careant
2730 1335 2957 1394 ratione,
2991 1349 3053 1385 ac
3096 1335 3200 1386 sint
3230 1333 3375 1387 illius

1795 1444 1977 1481 causa.
2024 1426 2161 1481 Cum
2194 1427 2354 1495 igitur
2388 1442 2449 1478 ne
2494 1428 2644 1477 homo
2683 1426 2890 1493 quidem
2914 1426 2981 1478 sit
3003 1424 3175 1489 Deus,
3227 1426 3381 1496 longe

1796 1518 2061 1579 abhorret,
2106 1526 2161 1570 ut
2219 1532 2335 1585 quae
2364 1515 2458 1568 illo
2480 1516 2739 1569 deteriora
2770 1525 2913 1578 sunt,
2963 1517 3085 1570 deos
3114 1533 3383 1586 nuncupe-

1795 1626 1931 1662 mus.
1970 1609 2066 1662 Hic
2090 1619 2265 1662 autem
2294 1607 2435 1661 solus
2479 1624 2597 1660 vere
2640 1606 2777 1660 Deus
2808 1618 2902 1671 est,
2938 1609 3029 1676 qui
3055 1626 3086 1662 a
3116 1608 3265 1661 nullo
3286 1610 3381 1671 sit,

1794 1712 1840 1753 et
1895 1709 1971 1753 est
2022 1717 2245 1770 semper.
2293 1700 2394 1765 Qui
2443 1702 2553 1769 ipse
2606 1700 2752 1753 nullo
2780 1710 2993 1753 auctore
3014 1712 3241 1765 creatus,
3292 1702 3384 1755 sed

1794 1802 1936 1845 creat
1970 1794 2077 1861 ipse
2104 1793 2313 1853 omnia;
2339 1793 2429 1860 qui
2454 1808 2543 1843 nec
2565 1792 2821 1860 qualitate
2848 1792 2985 1857 ulla,
3015 1809 3107 1845 nec
3135 1793 3382 1846 substan-

134 1900 194 1952 tia
215 1909 467 1963 mutatur,
497 1900 587 1952 sed
608 1914 813 1969 semper
842 1899 977 1951 idem
1000 1899 1109 1967 ipse
1147 1904 1244 1956 est,
1286 1901 1554 1960 movetque
1582 1890 1779 1953 omnia,
1807 1901 1972 1955 exque
1996 1886 2105 1938 alia
2169 1886 2223 1937 in
2262 1884 2427 1937 aliam
2477 1884 2789 1953 qualitatem
2849 1885 3121 1948 convertit,
3184 1894 3384 1940 mutat-

143 2010 225 2065 que
250 1994 571 2048 substantia.

192 2085 401 2139 Τοῦτον
430 2084 581 2137 Θεὸν
599 2080 820 2137 εἰδέναι
844 2080 934 2134 δεῖ
958 2080 1150 2149 μόνον
1179 2077 1275 2131 καί
1302 2074 1688 2146 προσκυνεῖν·
1724 2081 1757 2139 li

1868 2071 2019 2124 "unc
2042 2071 2209 2126 solum
2241 2071 2557 2124 noscendum
2590 2072 2756 2125 Deum
2788 2084 2837 2125 et
2882 2074 3253 2129 adorandum:
3294 2095 3382 2131 so-

129 2179 290 2245 μόνος
309 2180 423 2244 τὰρ
454 2175 616 2245 ἅγιος
639 2176 840 2242 φύσει,
862 2174 1051 2240 μόνος
1080 2169 1301 2238 ἀγαθὸς
1333 2167 1432 2221 καὶ
1459 2166 1689 2229 δίκαιος

133 2268 211 2320 ιιιι
238 2269 427 2335 σοφὸς
457 2306 473 2328 ,
530 2265 599 2330 ἐξ
654 2260 728 2321 οὗ
757 2262 927 2319 πᾶσα
962 2262 1152 2330 σοφία
1188 2260 1283 2313 καί
1311 2257 1689 2324 δικαιοσύνη,

134 2356 393 2413 καὶπᾶσα
414 2355 659 2427 πηγὰζει
688 2355 1029 2425 χρηστότης
1072 2351 1171 2405 καὶ
1208 2350 1512 2418 ἀγιωσύνη
1534 2365 1547 2379 ·
1583 2351 1692 2417 μό-

132 2464 219 2512 νος
250 2444 425 2513 οὗτος
464 2447 744 2511 δυνατὸς,
774 2447 854 2509 ὡς
893 2444 1071 2497 παντί
1123 2441 1407 2510 θελήματι
1434 2440 1690 2509 σύνδροο

128 2554 225 2603 μον
262 2538 525 2606 δύναμιν
591 2532 1059 2588 καταπλουτῶν·
1129 2532 1401 2600 ἐλεήμων
1460 2548 1523 2583 τε
1593 2530 1691 2584 καὶ

132 2630 417 2696 οἰκτίρμων
450 2628 663 2695 μόνος,
700 2626 769 2691 ὃς
804 2626 909 2678 τὸν
948 2621 1270 2693 μονογενῆ,
1298 2623 1404 2675 τὸν
1434 2620 1689 2691 όμοερυᾶ,

131 2720 217 2771 τὸν
243 2721 497 2786 ὁμόθεον
547 2718 645 2769 καὶ
688 2716 991 2785 όμάγαθον
1049 2716 1206 2777 Υιὸν,
1262 2715 1413 2781 ὑπὲρ
1444 2714 1555 2781 τῆς
1583 2713 1691 2767 ἀν-

132 2810 481 2875 θρωπότητος
513 2808 969 2876 ἁμαρτησιωης,
1012 2807 1112 2859 καί
1164 2808 1250 2869 εις
1278 2804 1425 2871 ᾅδου
1457 2803 1551 2857 καί
1576 2804 1691 2857 ἀπ-

132 2900 317 2963 ωλείας
354 2897 672 2966 βάραθρον
716 2896 1141 2962 όλισθησὰσης
1187 2893 1694 2963 ἀνθρωπιζόμενον

132 2985 388 3052 δωρεῖται,
408 2988 513 3040 καὶ
530 2985 655 3051 τοῖς
673 2984 1003 3053 ἀνθρώποις
1021 2986 1689 3052 συναναστρεφόμενον·

132 3080 209 3128 καὶ
240 3080 384 3146 ὑπὲρ
410 3076 617 3131 αὐτῶν
647 3078 1120 3144 σταυρούμενον,
1150 3078 1546 3141 θαπτόμενον,
1578 3092 1692 3141 τρι·

131 3168 321 3235 ἡμερον
362 3168 794 3235 ἀνιστάμενον,
856 3165 1494 3233 τεσσαρακονθιῖμερον
1550 3164 1694 3215 dra.

128 3260 586 3328 λαμϐανόμενον,
617 3259 713 3310 καὶ
742 3255 890 3325 πρὸς
913 3258 1019 3309 τὸν
1051 3254 1283 3323 Πατέρα
1307 3257 1455 3323 μετὰ
1487 3254 1691 3319 δόξης,

131 3351 269 3419 ἡμῶν
306 3354 695 3417 βλεπόντων,
719 3352 1189 3419 ἀναφερόμενον.

184 3443 271 3506 ’ος
294 3442 411 3509 τὴν
436 3442 596 3505 ὑπὲρ
616 3438 783 3507 ’ἡμῶν
822 3418 1166 3508 οἰκονομίαν
1196 3438 1569 3505 ὑπεροινσίως
1600 3452 1687 3487 τε·
1717 3418 1757 3474 C

130 3530 374 3597 τελεκὼς,
411 3534 518 3585 καὶ
563 3532 635 3584 ἐν
680 3528 850 3597 δεξιᾷ
899 3530 1006 3583 τοῦ
1059 3531 1276 3596 θρόνου
1325 3530 1543 3581 λοιπὸν
1579 3526 1689 3593 τῆς

124 3628 537 3692 μεγαλωσύνης
586 3624 655 3676 ἐν
700 3623 825 3691 τοῖς
866 3623 1130 3690 ὑψηλοῖς
1181 3618 1525 3685 κεκαθικὼς,
1571 3619 1687 3672 ὰπ-

126 3714 371 3769 ἐστειλεν
450 3713 623 3784 ἡμᾶς
669 3713 1235 3783 εὐαγγελιζομένους
1255 3711 1398 3780 ὑμῖν
1443 3711 1693 3778 ειρήνην

129 3808 205 3857 καί
225 3807 338 3860 πᾶν
368 3808 607 3875 ἀγαθόν
628 3823 643 3838 ·
666 3808 768 3858 ἵνα
791 3807 981 3871 τούτῳ
1008 3804 1446 3868 πιστεύσαντες
1472 3804 1691 3865 ,βαπτιο

124 3897 299 3964 σθῆτε,
320 3902 422 3953 καὶ
447 3897 812 3967 πληρωθῆτε
827 3900 913 3963 εις
932 3895 1055 3951 πᾶν
1075 3895 1364 3963 πλήρωμα
1391 3893 1494 3947 τοῦ
1521 3893 1687 3946 θεοῦ·

127 3989 205 4041 Ira
226 3990 723 4058 ἀπολουσάμενοι
768 3990 865 4042 καί
894 3986 1416 4057 ἀποκαθηράμενοι
1443 3986 1550 4039 τόν
1598 3986 1692 4037 ἐν·

127 4080 202 4141 τὸς
215 4082 535 4148 ἄνθρωπον
557 4081 675 4133 ἀπὸ
706 4078 911 4146 πάσης
935 4079 1217 4142 ἀσεϐείας
1245 4078 1343 4130 καὶ
1376 4078 1686 4143 πονηρίας.

128 4172 451 4239 πληρωθῆτε
509 4170 633 4238 μὲν
691 4169 1039 4233 Πνεύματος
1089 4169 1286 4235 ἁγίου,
1329 4168 1691 4231 κληρονόμοι

127 4259 175 4311 δὲ
204 4265 453 4329 γένησθε
489 4262 627 4313 κατ’
675 4261 1043 4328 ἐπαγγελίαν
1103 4256 1251 4325 ζωῆς
1294 4256 1574 4317 αἰωνίου,
1622 4254 1691 4305 ἐν

128 4352 318 4419 Χριστῴ
356 4353 596 4421 Ἰησοῦ.
648 4352 845 4420 Ἀμην.

180 4443 455 4507 Tondeat;
475 4446 574 4497 ἀεὶ
592 4442 836 4512 διδαχαῖς
856 4443 885 4493 ὁ
906 4439 1136 4510 ἀξιομνη
1146 4437 1530 4507 μονςυτότατος
1561 4437 1693 4489 Ἰού-

128 4530 200 4595 δας
231 4537 401 4589 πίων
446 4536 683 4605 Συρίαν,
736 4534 831 4587 καὶ
872 4535 968 4595 τὰς
1018 4531 1114 4601 τῆς
1159 4530 1332 4599 Ἐᾠας
1380 4530 1564 4590 πόλεις
1599 4528 1692 4579 καὶ

129 4624 293 4691 χώρας,
315 4625 624 4685 νουθετῶν,
644 4623 1045 4691 διαλεγόμενος,
1081 4620 1415 4692 παρακαλῶν
1438 4621 1531 4673 καὶ
1556 4620 1692 4672 πᾶσι

1795 2163 1873 2215 lus
1906 2165 2042 2216 enim
2077 2172 2273 2217 natura
2302 2173 2539 2225 sanctus,
2573 2163 2716 2217 solus
2738 2164 2899 2218 bonus
2924 2174 2973 2218 et
3010 2167 3190 2234 justus
3221 2178 3269 2220 et
3294 2187 3384 2222 sa-

1793 2256 1959 2322 piens,
2005 2270 2067 2307 ea:
2116 2270 2218 2324 quo
2265 2254 2433 2305 omnis
2460 2238 2721 2322 sapientia
2754 2262 2801 2307 et
2845 2256 3082 2324 justitia,
3113 2260 3385 2328 omnisque

1790 2348 1992 2399 bonitas
2019 2356 2067 2397 et
2094 2346 2351 2398 sanctitas
2380 2354 2583 2397 manat.
2616 2343 2771 2399 Solus
2804 2348 2886 2399 hic
2911 2354 3110 2411 potens,
3151 2365 3212 2401 ea
3235 2352 3381 2405 scili-

1790 2447 1867 2491 cet
1902 2438 2103 2507 pollens
2123 2445 2397 2507 potestate,
2415 2453 2533 2506 qua:
2550 2454 2755 2490 omnem
2774 2438 3101 2493 voluntatem
3123 2452 3379 2510 exaequet.

1792 2530 1948 2583 Solus
1974 2531 2252 2583 miserator
2278 2546 2341 2583 ac
2372 2530 2687 2591 misericors,
2733 2530 2843 2598 ipse
2880 2531 3126 2584 nimirum
3165 2549 3382 2588 munere

1794 2632 1997 2686 aucto’r,
2046 2630 2102 2673 ut
2150 2622 2447 2691 unigenitus
2494 2621 2727 2690 ejusdem
2756 2636 2931 2673 secum
2961 2630 3191 2687 naturae,
3236 2630 3381 2689 paris

1792 2714 2000 2768 de‘itan's
2022 2730 2083 2767 ac
2114 2714 2361 2766 bonitatis
2394 2710 2559 2764 Filius
2590 2728 2686 2781 pro
2704 2714 2937 2765 humana
2961 2721 3155 2766 natura
3180 2719 3380 2783 peccati

1794 2822 1907 2866 rea.
1948 2816 2107 2875 atque
2141 2807 2196 2857 in
2239 2806 2433 2874 interni
2460 2806 2879 2873 interitionisque
2915 2806 3226 2859 barathrum
3255 2824 3380 2875 pro—

1795 2897 1966 2966 lapsa,
2011 2898 2162 2949 homo
2207 2894 2377 2961 ﬁeret,
2418 2911 2480 2947 ac
2506 2911 2625 2948 cum
2669 2896 2962 2949 hominibus
2990 2898 3187 2951 sociant
3215 2900 3380 2951 vitam

1794 2997 2008 3057 ageret;
2064 2996 2119 3039 ut
2172 2990 2296 3040 item
2339 2988 2607 3039 hominum
2662 3004 2822 3040 causa
2867 2990 3011 3042 cruci
3060 2990 3380 3058 adigeretur,

1792 3079 2421 3148 sepeliretur,triduanus
2455 3087 2769 3148 resurgeret,
2812 3060 3213 3149 quadragesimo
3267 3091 3380 3152 post

1794 3174 1876 3225 die
1900 3174 1953 3225 in
1986 3171 2169 3222 ca'lum
2197 3172 2535 3239 reciperetur,
2554 3180 2714 3238 atque
2734 3172 2803 3223 ad
2834 3171 3046 3224 Patrem
3073 3190 3185 3225 cum
3215 3174 3380 3244 maje-

1794 3274 1945 3323 state,
1970 3263 2297 3314 cernentibus
2322 3262 2486 3325 nobis,
2514 3278 2724 3313 sursum
2752 3263 3077 3315 ascenderet.

1863 3437 1935 3497 Is.
1964 3438 2153 3490 salutis
2187 3446 2377 3490 nostrw
2405 3437 2630 3506 negotio,
2670 3436 2851 3490 altiori
2879 3455 3039 3508 quam
3071 3458 3247 3495 rerum
3276 3460 3377 3496 na-

1792 3541 1912 3582 tura
1953 3531 2111 3598 ferat,
2163 3529 2379 3582 consilio
2404 3538 2561 3597 atque
2590 3545 2750 3598 opera
2803 3540 3035 3599 peracto,
3084 3535 3298 3606 iamque
3320 3538 3377 3591 in

1792 3625 2008 3677 dextera
2038 3623 2173 3676 sedis
2202 3622 2516 3691 majestatis,
2541 3623 2595 3673 in
2636 3622 2849 3676 excelsis
2881 3624 3085 3690 sedens,
3113 3628 3255 3681 misit
3283 3645 3377 3683 nos

1793 3734 1973 3784 pacem
2008 3718 2145 3771 vobis
2174 3716 2613 3786 evangelisatum,
2658 3733 2913 3787 omneque
2958 3718 3173 3787 bonum,
3214 3730 3270 3775 ut
3294 3722 3376 3777 illi

1793 3810 2055 3863 credentes
2087 3809 2445 3879 baptizemini,
2476 3818 2525 3861 et
2551 3809 2878 3879 impleamini
2895 3811 2949 3864 in
2972 3827 3177 3865 omnem
3204 3814 3376 3878 pleni-

1793 3903 2027 3956 tudinem
2049 3900 2145 3955 Dei
2165 3902 2207 3933 ³³
2244 3919 2255 3954 :
2282 3911 2338 3955 ut
2373 3900 2539 3955 abluti
2567 3912 2614 3954 et
2641 3902 2911 3955 emundati
2934 3904 3237 3958 interiorem
3280 3907 3374 3958 ho-

1793 3996 1989 4048 minem
2014 3995 2078 4047 ab
2102 3996 2245 4048 omni
2262 3996 2530 4064 impietate
2561 4001 2611 4046 et
2630 3994 2883 4061 nequitia,
2903 3993 3231 4063 impleamini
3253 3994 3375 4065 Spi-

1794 4086 1901 4139 ritu
1930 4094 2135 4149 sancto,
2160 4103 2223 4139 ac
2251 4087 2482 4139 hteredes
2511 4086 2807 4154 eﬁiciamini
2826 4086 3110 4139 secundum
3151 4090 3375 4155 promis-

1793 4180 1993 4231 sionem
2016 4180 2135 4232 vita:
2157 4187 2388 4240 teterntc,
2417 4181 2471 4231 in
2505 4178 2710 4233 Christo
2742 4177 2891 4231 Jesu.
2938 4179 3123 4232 Amen.

1865 4436 2209 4507 Ejuscemodi
2233 4452 2450 4506 semper
2488 4436 2755 4490 doctrinis
2806 4436 3139 4504 sempiterna
3173 4440 3372 4511 dignus

1796 4530 2057 4584 memoria
2113 4530 2281 4585 ludas
2312 4544 2529 4583 omnem
2559 4529 2791 4600 Syriam,
2827 4528 3177 4601 Orientisque
3206 4532 3373 4588 urbes

1793 4632 1850 4676 et
1891 4622 2134 4681 castella.
2188 4637 2442 4692 arguens,
2499 4620 2808 4690 disputans,
2840 4620 3157 4684 obsecrans,
3195 4623 3374 4680 modis

127 4713 307 4780 τρόποις
337 4716 725 4787 θεομιμηςίις
771 4713 1091 4783 ἐγκείμενος
1147 4714 1239 4765 καὶ
1294 4712 1687 4781 χρηστότητος,
1721 4754 1757 4809 Β

1794 4714 2049 4768 onmibus
2069 4714 2269 4768 divina:
2299 4713 2623 4767 imitationis
2644 4729 2708 4768 ac
2728 4713 2990 4768 bonitatis
3024 4715 3369 4781 incumbens,

130 4804 289 4866 τάκεις
332 4807 619 4867 ἐπινοίαις
676 4803 812 4857 Θεοῦ
867 4805 1181 4874 φρονήσεως
1240 4803 1436 4865 αὐτοὺς
1478 4803 1687 4872 μετῄει,

128 4895 199 4945 καὶ
232 4899 348 4950 ποτὲ
402 4900 507 4967 μὲν
557 4898 893 4965 πειρασμοῖς
924 4895 1179 4961 ἐξαισίοις
1232 4894 1328 4947 καὶ
1360 4894 1566 4957 αἰκίαις
1596 4893 1691 4946 καὶ

132 4987 329 5052 nimii,
358 4992 458 5043 καὶ
486 4989 738 5041 θανάτου
762 4988 1025 5050 κινδύνοις
1046 4987 1413 5058 περιπίπτων,
1440 4986 1527 5039 διὰ
1555 5003 1689 5054 προ-

132 5078 241 5140 νεὶας
289 5082 379 5133 τοῦ
427 5084 489 5132 ὲν
528 5079 692 5147 αὐτῷ
724 5080 977 5147 μένοντος
1011 5078 1385 5148 ἀπηλλάττετο
1413 5078 1650 5149 Χριστοῦ
1675 5093 1688 5107 ³

132 5170 228 5220 τοτὲ
256 5172 305 5224 ἃ
354 5174 451 5225 τοῦ
510 5170 887 5241 Παρακλήτου
923 5171 1355 5241 μυστικωτέραις
1383 5170 1688 5241 ἐλλάμψεσι

132 5262 202 5312 ni.
240 5267 562 5334 ίιρωτάταις
628 5266 978 5315 ἐπισκιάσεσι
1014 5265 1411 5334 παρεκαλεῖτο·
1449 5264 1545 5317 καὶ
1588 5264 1684 5317 νῦν

136 5352 206 5417 μὲν
226 5357 625 5425 ἀποκαλύψεων
664 5354 948 5424 θειοτέρων
983 5355 1076 5407 καὶ
1126 5354 1235 5406 τῶν
1275 5354 1519 5424 κρυφίων
1548 5354 1684 5409 Θεοῦ

134 5448 538 5515 ιιταξιούμενος,
586 5445 692 5498 νῦν
730 5445 787 5497 δὲ
840 5446 1165 5514 θαυμασίων
1210 5446 1390 5515 ἔργων
1446 5445 1677 5516 ὑπερδο-

136 5530 240 5601 ὶιῖς,
263 5543 347 5591 καὶ
375 5540 699 5611 ἐνεργείαις
719 5538 958 5607 τεράτων
977 5537 1111 5591 Θεοῦ
1146 5539 1238 5592 καὶ
1267 5538 1507 5611 σημείων
1527 5538 1679 5604 δοξαν

138 5623 314 5695 ζὸεηνος
341 5634 434 5685 καὶ
487 5629 975 5701 μεγαλυνόμενος,
1009 5629 1183 5694 οὕτως
1228 5633 1563 5702 ἐμεγάλυνεν
1593 5632 1683 5686 τὸν

191 5808 225 5839 ⁸⁸
247 5808 394 5864 Hebr.
428 5828 464 5873 I,
506 5810 566 5862 3.

412 5913 707 5969 Ριτιιοι..
757 5905 873 5965 (in.
922 5908 1040 5965 CV.

1794 4806 2007 4860 eunetis
2033 4805 2233 4861 divina:
2260 4806 2498 4861 solertiae
2532 4805 2831 4860 subtilibus
2878 4806 3116 4861 inventis
3148 4822 3213 4863 ac
3241 4822 3375 4863 con-

1790 4897 1927 4952 siliis
1959 4896 2380 4967 aggrediebatur
2416 4913 2430 4950 :
2464 4912 2530 4952 ac
2570 4896 2734 4951 modo
2762 4896 2986 4967 quidem
3014 4897 3070 4952 in
3115 4898 3375 4969 gravissi-

1794 5003 1910 5042 mas
1940 4987 2272 5042 tentationes
2295 5002 2681 5057 aerumnasque
2708 4997 2763 5042 et
2786 4988 3036 5053 verbera,
3078 4999 3136 5044 et
3176 4989 3373 5043 mortis

1795 5079 2036 5149 pericula
2068 5080 2339 5145 incidens,
2360 5080 2566 5135 Christi
2595 5080 2650 5134 in
2674 5094 2742 5133 eo
2774 5081 3048 5135 manentis
3076 5080 3373 5151 provideri.

1794 5172 1867 5226 tia
1895 5172 2233 5228 liberabatur
2266 5190 2279 5226 :
2314 5174 2477 5229 modo
2510 5188 2640 5227 vero
2673 5172 2939 5228 Paracleti
2976 5174 3371 5229 secretioribus

1786 5264 2248 5319 illustrationibus
2292 5263 2793 5334 saeratioribusque
2854 5264 3371 5321 obumbrationibus

1788 5354 2138 5410 recreabatur
2163 5373 2177 5422 ;
2210 5370 2274 5410 ac
2301 5371 2449 5410 nunc
2470 5355 2696 5425 quidem
2719 5355 3052 5409 diviniorum
3079 5356 3370 5411 revelatio-

1786 5464 1914 5501 num
1946 5447 2151 5517 Deique
2191 5450 2535 5503 occultorum
2566 5462 2810 5518 compos,
2864 5464 3009 5503 nunc
3038 5464 3169 5503 vero
3201 5450 3368 5504 inira-

1786 5541 1977 5594 bilium
2021 5556 2249 5611 operum
2304 5541 2521 5597 eximiis
2551 5542 2893 5606 muneribus,
2921 5542 3127 5611 Deique
3173 5542 3365 5611 prodi-

1785 5634 2000 5703 giorum
2069 5650 2133 5690 ac
2216 5636 2495 5705 signorum
2563 5635 2981 5706 operationibus
3056 5634 3234 5688 clarus
3301 5647 3366 5688 ac
