4180 6434
765 453 866 520 267
1949 424 2240 488 NICET/E
2299 417 2826 481 PAPIIMGOXIS
3900 401 4004 460 eis

765 563 1108 634 magniﬁcus,
1138 574 1264 613 eum
1316 558 1369 610 iu
1403 553 1621 607 modum
1651 550 1940 604 Dominum
1997 547 2180 600 Jesum
2231 556 2340 596 ma-

2461 537 2648 604 Κύριον
2689 530 2917 601 Ἰησοῦν,
2974 526 3145 590 οὕτως
3186 524 3246 577 τὸ
3281 519 3610 587 Εζαγγέλιον
3653 517 4011 590 ἐπληρολςόρει

764 621 1052 724 gniﬁcabat
1076 670 1089 718 ;
1114 651 1194 706 sic
1225 649 1428 704 Christi
1450 642 1744 712 Evangelio
1765 641 1924 694 Iidem
1949 649 2152 693 certam
2176 648 2330 688 arro-
2445 626 2485 677 X
2499 621 2702 693 ριστοῦ.

766 746 943 816 gabaL

838 840 926 894 Sic
960 847 1153 906 prater
1177 835 1300 896 alia,
1328 846 1449 885 cum
1477 839 1530 881 et
1562 826 1816 881 Edessam
1852 823 2019 892 Syriae
2045 817 2331 870 maximam

768 927 1109 997 metrOpolim
1151 924 1406 982 venisset,
1457 935 1520 974 ac
1575 919 1626 971 in
1674 933 1738 971 ea
1776 931 1884 969 non
1915 913 2032 967 sine
2057 908 2335 964 laboribus

767 1031 931 1092 atque
987 1016 1247 1072 :erumnis
1293 1012 1571 1066 Christum
1627 1005 2022 1063 annuntiassct,
2058 1010 2334 1067 totamque

766 1088 986 1161 diabolo
1006 1102 1300 1164 addictam,
1337 1097 1691 1151 divinissimis
1720 1094 1950 1148 maxime
1989 1088 2335 1144 sermonibus

767 1197 1136 1267 operibusque
1182 1204 1443 1259 perquam
1490 1185 1704 1240 eximiis
1733 1184 2140 1248 humanumque
2172 1190 2334 1230 exce-

768 1285 1026 1343 dentibus
1055 1281 1298 1343 modum,
1339 1279 1628 1348 rapuisset,
1661 1291 1722 1328 ac
1744 1289 1840 1343 per
1865 1272 2027 1326 ﬁdem
2052 1270 2183 1324 Jesu
2214 1284 2338 1323 con-

767 1380 1026 1439 ciliasset,
1058 1383 1409 1440 sanctamque
1434 1370 1484 1424 ei
1512 1366 1828 1428 Ecclesiam,
1857 1365 1951 1434 qui
1971 1378 2188 1417 omnem
2215 1361 2337 1415 vin-

767 1471 843 1525 cit
868 1469 1211 1524 sanctitatem
1243 1462 1605 1525 conciliasset,
1638 1476 1702 1515 ac
1726 1469 1916 1531 postea
1963 1457 2170 1512 clarum
2197 1455 2339 1509 Deo-

769 1579 876 1632 que
913 1561 1134 1629 dignum
1167 1555 1262 1609 Dei
1293 1553 1615 1623 martyrium
1643 1552 1987 1620 complesset,
2013 1549 2092 1602 sic
2122 1547 2190 1602 ad
2212 1563 2338 1601 eum

770 1653 1012 1724 gaudens
1062 1646 1330 1710 evolavit;
1383 1653 1609 1698 cunctos
1640 1642 1859 1711 quidem
1895 1640 2236 1709 principatus
2286 1647 2341 1692 et

773 1752 1092 1815 potestates.
1127 1738 1424 1806 mundique
1455 1741 1698 1788 rectores
1733 1732 2104 1794 tenebrarum,
2141 1745 2203 1784 ac
2226 1728 2341 1798 spi-

774 1835 954 1888 ritalia
1009 1830 1190 1884 omnia
1250 1825 1511 1895 nequitia:
1559 1824 1709 1878 velut
1742 1823 1952 1876 somnia
2008 1821 2340 1889 umbrasque

774 1935 1214 1994 praetergressus,
1238 1918 1409 1972 sacris
1438 1926 1617 1969 autem
1650 1930 1712 1968 ac
1751 1913 1952 1967 divinis
1979 1912 2183 1982 angelis
2213 1914 2344 1978 (coe-

774 2021 950 2070 lorum
995 2010 1316 2081 spiritaliter
1345 2007 1599 2060 reseratis
1625 2005 1829 2075 januis)
1878 2003 2221 2056 intermistus
2255 2001 2298 2031 ³⁸
2327 2018 2341 2064 ;

775 2105 1118 2174 archangelis
1162 2101 1376 2155 obviam
1415 2100 1606 2158 factus,
1653 2095 2104 2164 venerabilesque
2138 2095 2344 2164 princi-

2506 821 2662 875 Οὖτω
2686 819 2822 888 πρὸς
2838 819 2947 880 τοῖς
2961 814 3157 878 ἄλλοις,
3186 815 3280 866 καί
3297 814 3561 867 Ἔδεσσαν
3581 811 3841 882 μεγίστην
3853 810 4018 866 οὖσαν

2434 915 2528 981 τῆς
2553 911 2746 980 Συρίας
2778 907 3105 978 μητρόπολιν
3141 904 3482 967 καταλαϐὼν,
3515 907 3608 958 καὶ
3662 906 3720 957 ὲν
3749 907 3883 974 αὐτῇ
3925 905 4018 957 τὸν

2436 1003 2668 1072 Χριστὸν
2694 1001 2793 1053 οὑκ
2833 999 3047 1060 ἀπόνως
3085 996 3600 1066 εὑαγγελισάμενος,
3632 996 3807 1049 πᾶσάν
3849 1013 3906 1048 τε
3938 995 4018 1061 τῷ

2435 1093 2663 1162 διαϐόλῳ
2719 1090 3231 1162 προσανακειμένην
3259 1091 3615 1158 ἀφαρπάσας,
3665 1088 3720 1138 ἓν
3751 1105 3808 1139 τε
3837 1088 4020 1154 λόγοις

2435 1186 2514 1237 ὅτι
2547 1185 2780 1252 μάλιστα
2824 1183 3126 1243 θειοτάτοις
3179 1184 3271 1236 καὶ
3302 1182 3483 1251 ἔργοις
3534 1179 4018 1250 ὑπερφυεστάτοις,

2438 1275 2532 1326 καὶ
2555 1275 2642 1326 διὰ
2671 1275 2902 1335 πίστεως
2937 1272 3014 1343 τῷ
3065 1273 3239 1341 Ἰησοῦ
3273 1270 3722 1342 προσοικειώσας,
3748 1271 3840 1322 καὶ
3891 1268 4020 1320 Ἐκ-

2437 1365 2663 1435 κλησίαν
2693 1367 2853 1433 ἁγίαν
2880 1365 2956 1433 τῷ
2986 1365 3271 1435 ὑπεραγίῳ
3297 1364 3502 1434 ταύτην
3545 1360 4018 1432 ἀφιερωσάμενος,

2438 1458 2531 1509 καὶ
2561 1458 2699 1526 μετὰ
2731 1457 2905 1509 ταῦτά
2930 1474 2988 1509 τε
3032 1456 3326 1528 μαρτύριον
3367 1454 3607 1522 καθαρόν
3634 1470 3693 1505 τε
3735 1452 3827 1505 καὶ
3867 1451 4014 1516 ἀξιό-

2443 1546 2562 1599 θεον
2615 1547 3104 1617 ἀποπεπληρωκὼς
3142 1547 3219 1617 τῷ
3252 1546 3390 1616 Θεῷ.
3437 1547 3647 1616 χαίρων
3680 1543 3823 1597 οὕτω
3883 1543 4024 1612 πρὸς

2441 1639 2600 1692 αὑτὸν
2634 1640 2864 1709 ἀνέπτη,
2904 1640 3082 1702 πάσας
3127 1641 3225 1708 μὲν
3267 1639 3441 1708 ἀρχὰς
3473 1639 3566 1690 καὶ
3607 1635 3872 1700 ἐξουσίας,
3925 1632 4028 1684 καὶ

2441 1734 2564 1796 τοὺς
2591 1733 3040 1801 κοσμοκράτορας
3063 1731 3154 1783 τοῦ
3181 1732 3426 1793 σκότους,
3450 1731 3542 1783 καὶ
3572 1730 3746 1782 πάντα
3769 1729 3833 1780 τὰ
3862 1725 4030 1777 πνεὺα

2448 1841 2589 1894 ματα
2642 1825 2740 1894 τῆς
2773 1823 3038 1892 πονηρίας
3068 1863 3082 1885 ,
3137 1823 3211 1884 ὼς
3250 1822 3501 1890 ὀνείρατα
3553 1818 3860 1889 παρελθὼν,
3907 1820 4028 1881 τοῖς

2448 1918 2611 1987 ἱεροῖς
2637 1917 2691 1968 δὲ
2721 1917 2814 1968 καὶ
2872 1916 3036 1979 θείοις
3064 1916 3316 1981 ἀγγέλοις
3363 1912 3473 1965 τῶν
3521 1911 3786 1980 οὐρανίων
3819 1904 4029 1978 νοητῶς

2444 2008 2983 2074 ἀναπεπετασμένων
3012 2007 3194 2060 πυλῶν
3222 2002 3612 2074 παρεμϐαλὼν,
3656 2003 3748 2055 καὶ
3777 2002 3887 2062 τοῖς
3920 1999 4030 2068 ἀρ-

2446 2098 2734 2170 χαγγέλοις
2762 2099 3078 2162 ἀντιϐολῶν,
3106 2100 3199 2150 καὶ
3230 2099 3350 2160 ταῖς
3371 2096 3579 2166 τιμίαις
3608 2095 3802 2166 ἀρχαῖς
3823 2090 4029 2160 τυχὼν,

778 2208 936 2268 palus
974 2202 1276 2253 assecutus,
1327 2205 1532 2260 perque
1559 2203 1749 2242 onmes
1799 2195 2014 2241 sanctas
2052 2194 2349 2254 potestates

778 2303 939 2360 atque
963 2289 1192 2342 virtutes
1244 2300 1307 2337 ac
1355 2281 1756 2335 dominationes
1805 2277 2110 2331 incredibili
2161 2275 2348 2330 laetitia

778 2395 939 2450 atque
995 2376 1358 2433 exsultatione
1407 2385 1758 2426 commeans:
1796 2370 1929 2439 quin
1969 2377 2024 2424 et
2057 2385 2154 2438 per
2203 2369 2350 2437 ipsos

780 2488 998 2544 quoque
1045 2469 1246 2524 mundo
1279 2467 1593 2535 superiores
1621 2463 1870 2523 thronos,
1903 2461 2190 2530 mediaque
2241 2459 2350 2512 cel-

781 2567 1119 2620 sissimorum
1145 2555 1845 2622 venerabilissimorumque
1867 2551 2162 2607 Cherubim
2189 2559 2351 2619 atque

783 2655 1067 2724 Seraphim
1100 2650 1313 2720 agmina
1344 2647 1633 2707 deductus,
1654 2645 1804 2697 velut
1831 2643 2190 2697 charissimus
2218 2655 2353 2710 prae-

783 2749 1124 2811 dilcctusque
1157 2740 1300 2792 ﬁlius
1338 2738 1388 2790 ei
1428 2733 1754 2804 apparuisti,
1780 2734 1873 2803 qui
1910 2733 1965 2786 iu
1993 2733 2130 2786 solio
2168 2731 2354 2801 gloria:

788 2837 937 2906 regni
981 2835 1064 2890 sui
1112 2831 1369 2885 laudatur
1406 2829 1445 2860 ³⁷
1475 2846 1489 2894 ;
1547 2843 1610 2882 ac
1643 2836 1900 2895 tanquam
1931 2825 2125 2890 victor,
2157 2833 2214 2878 et
2260 2823 2354 2891 qui

786 2931 850 2982 ad
881 2927 1040 2981 ﬁnem
1067 2939 1237 2992 usque
1266 2920 1469 2976 Christi
1493 2919 1800 2974 servaveris
1821 2931 2004 2986 Opera,
2028 2915 2354 2970 diviniorem

789 3021 988 3072 iterum
1023 3014 1509 3096 sublimioremquc
1532 3019 1854 3078 potestatem
1889 3008 1943 3061 in
1982 3015 2170 3076 gentes
2196 3005 2264 3058 ab
2291 3018 2357 3058 eo

789 3106 1382 3179 consequeris,'eiquc,
1436 3103 1588 3172 juxta
1637 3101 1878 3154 divinam
1914 3098 2354 3167 promissionem,

2448 2191 2538 2241 καὶ
2573 2189 2660 2241 διὰ
2685 2189 2862 2257 πάσης
2884 2186 3132 2252 ἐξουσίας
3164 2188 3327 2254 ἀγίας
3357 2188 3448 2238 καὶ
3479 2185 3762 2252 δυνάμεως
3801 2182 3894 2234 καὶ
3923 2198 4035 2233 κυ-

2451 2281 2692 2349 ριότητος
2715 2281 2771 2331 ἐν
2802 2280 3024 2350 ἀρρήτῳ
3058 2278 3371 2347 φαιδρότητι
3400 2277 3493 2329 καὶ
3532 2275 3843 2343 ἀγαλλιάσει
3882 2288 4035 2341 πειρ-

2451 2369 2574 2422 ιὼν·
2616 2369 2704 2422 ναὶ¹
2745 2369 2809 2438 δὴ
2850 2371 2944 2421 καὶ
2983 2368 3072 2421 διὰ
3117 2368 3225 2420 τῶν
3258 2367 3642 2436 ὑπερκοσμίων
3683 2363 3885 2432 θρόνων
3929 2362 4038 2414 αὑ-

2448 2459 2578 2521 τῶν,
2614 2460 2707 2512 καὶ
2734 2459 2823 2512 διά
2852 2459 3029 2528 μέσων
3054 2458 3161 2510 τῶν
3188 2457 3538 2527 ὑψηλοτάτων
3559 2454 3652 2507 καὶ
3684 2453 4035 2505 σεπτοτάτων

2452 2551 2545 2604 καὶ
2561 2550 2870 2619 Χερουϐείμ
2889 2566 2946 2601 τε
2967 2549 3060 2602 καὶ
3077 2550 3354 2618 Σεραφεὶμ
3372 2546 3608 2618 προσιὼν
3639 2545 3712 2612 τῷ
3729 2545 3819 2596 ἐπὶ
3835 2543 4036 2611 θρόνου

2451 2642 2608 2711 δόξης
2628 2642 2727 2710 τῆς
2758 2641 2924 2694 αὑτοῦ
2961 2640 3233 2710 βασιλείας
3262 2641 3603 2709 ὑμνουμένῳ,
3644 2638 3717 2700 ὠς
3747 2635 4038 2704 ἀγαπητὸς

2453 2733 2548 2786 καὶ
2573 2734 2753 2802 τίμιος
2787 2731 3147 2801 ὲνεφανίσθης
3180 2732 3314 2795 υίὸς,
3350 2732 3445 2782 καὶ
3489 2730 3562 2790 ὡς
3589 2726 3904 2796 νενικηκὼς,
3937 2728 4043 2776 καὶ

2453 2821 2527 2883 ὼς
2554 2821 2870 2890 τετηρηκὼς
2900 2821 3025 2891 ἄχρι
3053 2821 3237 2882 τέλους
3263 2821 3332 2873 τὰ
3366 2818 3502 2890 ἔργα
3528 2816 3619 2870 τοῦ
3653 2814 3906 2885 Χριστοῦ,
3933 2813 4042 2884 τὴν

2457 2913 2548 2965 ἐπὶ
2581 2912 2688 2964 τῶν
2716 2912 2886 2965 ἐθνῶν
2931 2909 3089 2974 αὖθις
3131 2911 3455 2982 ὲνθεὼτερόν
3487 2927 3543 2964 τε
3581 2909 3674 2962 καὶ
3705 2908 4044 2977 ὑψηλότερον

2457 3003 2584 3072 παρ’
2614 3001 2780 3055 αὑτοῦ
2814 3003 3110 3072 λαμϐάνεις
3154 3001 3403 3065 ἐξουσίαν
3426 3017 3442 3032 ·
3479 3001 3574 3053 καὶ
3600 2999 3746 3069 αὑτῷ
3768 2997 3908 3050 κατά
3934 2998 4044 3066 τὴν

2460 3092 2752 3161 ὑπόσχεσιν
2773 3091 3140 3162 συνεδριὰζεις
3168 3095 3262 3144 καὶ
3299 3089 3738 3159 συμποιμαίνεις,
3770 3086 3864 3138 καὶ
3891 3101 4046 3152 συμ-

791 3216 1079 3259 consessor
1111 3197 1320 3252 assistis
1343 3196 1410 3257 ³⁸,
1434 3207 1646 3261 unaque
1679 3191 1877 3261 pascis,
1909 3198 1965 3242 et
2006 3205 2136 3243 vero
2170 3203 2349 3257 pasces

2466 3184 2749 3250 ποιμανεῖς
2799 3181 2855 3234 δὲ
2907 3181 2972 3233 τὰ
2999 3181 3146 3247 ἔθνη,
3177 3180 3251 3241 ὡς
3303 3179 3473 3247 σκεύη
3522 3177 3690 3230 ταῦτα
3733 3173 4045 3242 συντρίϐων

795 3306 1056 3365 regesque
1086 3298 1297 3360 gentes,
1322 3285 1670 3354 confriugcns
1700 3297 1795 3336 eas
1837 3289 1896 3335 ut
1930 3296 2057 3334 vasa
2098 3280 2244 3349 ﬁguli
2273 3281 2360 3330 ³⁸⁸.

796 3385 901 3440 Sed
933 3392 988 3437 et
1019 3381 1086 3435 de
1119 3380 1266 3449 ligno
1301 3377 1443 3440 vitae,
1503 3373 1646 3444 quod
1683 3382 1766 3426 est
1818 3371 1872 3424 in
1903 3369 2083 3423 medio
2128 3367 2362 3438 paradisi

795 3487 1037 3535 sumens,
1062 3485 1237 3539 eoque
1279 3480 1526 3526 vescens,
1553 3462 1979 3516 excelsissimam
2015 3458 2363 3512 dilectionem

794 3584 856 3621 ac
883 3562 1282 3620 deiﬁcationem
1339 3557 1749 3627 primorumque
1777 3551 1870 3604 Dei
1920 3549 2365 3603 charissimorum

795 3659 1085 3727 pignorum
1118 3651 1320 3706 ell‘usas
1343 3649 1719 3717 longmvasque
1746 3642 1970 3696 delicias
2003 3651 2166 3710 atque
2197 3640 2367 3692 hono-

2466 3273 2742 3343 κεραμικὰ
2760 3289 2772 3301 ·
2801 3273 2892 3324 καὶ
2921 3271 3025 3323 ἀπὸ
3057 3271 3150 3323 τοῦ
3192 3269 3346 3334 ξύλου
3375 3268 3431 3320 δὲ
3460 3269 3557 3337 τῆς
3583 3265 3727 3333 ζωῆς
3749 3263 3841 3316 τοῦ
3882 3263 4048 3326 ὄντος

2465 3365 2522 3414 ὲν
2554 3363 2700 3430 μέσῳ
2733 3361 2811 3429 τῷ
2841 3359 3153 3429 παραδείσῳ
3182 3357 3360 3410 λαϐὼν
3403 3359 3495 3409 καὶ
3527 3353 3735 3423 φαγὼν,
3771 3353 3869 3418 τῆς
3892 3353 4048 3421 ὑψη-

2465 3453 2689 3520 λοτάτηξ
2721 3453 3050 3518 ἀγαπήσεως
3094 3450 3182 3501 καὶ
3214 3448 3457 3510 θεὼεεως
3479 3464 3492 3478 ·
3528 3445 3620 3498 καὶ
3653 3444 3760 3497 τῶν
3804 3441 4049 3512 πρώτων

2466 3543 2599 3596 Θεοῦ
2634 3543 2860 3595 τεκνίων
2889 3543 2987 3612 τῆς
3033 3540 3324 3608 ἀκρασίας,
3392 3538 3485 3590 καὶ
3537 3537 3636 3604 τῆς
3690 3531 4049 3604 μακραίωνος

2470 3634 2799 3703 ἐπιϐέϐηκας
2834 3638 3041 3702 τρυφῆς
3076 3635 3168 3685 καὶ
3196 3631 3384 3699 τιμῆς.

800 3764 888 3800 res
921 3742 1102 3798 adiisti
1131 3741 1199 3794 ³³.

867 3837 1122 3902 Quaenam
1161 3831 1323 3901 igitur
1345 3827 1518 3882 oratio
1545 3836 1782 3882 vestram
1808 3826 2062 3894 explanct
2086 3833 2246 3893 atque
2271 3823 2368 3877 dc-

801 3932 971 3983 elarct
1027 3921 1515 3994 magniﬁcentiam?
1573 3917 1704 3984 Quis
1752 3931 1882 3970 vero
1929 3926 2131 3970 tantam
2172 3915 2369 3967 divina:

803 4021 1045 4074 scientiae
1080 4019 1185 4070 vim
1217 4023 1311 4069 aut
1341 4012 1823 4081 contemplationis
1855 4010 2244 4064 sublimitatem
2271 4025 2368 4062 na-

803 4123 944 4175 etus,
975 4121 1054 4172 ut,
1081 4123 1185 4177 qua
1218 4106 1433 4175 polletis
1457 4103 1681 4172 gloriam
1710 4110 1764 4156 et
1789 4101 2091 4154 sanctitatis
2123 4099 2368 4169 magniﬁ-

805 4203 1061 4265 centiam,
1097 4198 1294 4253 audeat
1317 4205 1525 4249 tentare
1545 4195 1567 4246 Τ
1586 4193 2052 4259 Quemadmodum
2078 4193 2221 4246 enim
2253 4190 2368 4244 ﬁeri

806 4311 916 4348 non
949 4299 1149 4362 potest,
1205 4298 1264 4342 ut
1298 4287 1391 4357 qui
1439 4296 1658 4339 terreno
1691 4284 1872 4338 adhuc
1918 4284 2089 4335 utitur
2119 4297 2369 4350 corpore,

809 4393 1045 4438 vestram
1073 4381 1384 4435 beatitatem
1422 4393 1484 4430 ac
1520 4377 1776 4430 deitatem
1813 4373 2135 4442 conspiciat,
2172 4373 2249 4426 sic
2275 4388 2371 4424 ne-

808 4491 914 4543 que
942 4482 998 4526 ut
1021 4473 1314 4526 verborum
1339 4467 1567 4521 canticis
1591 4482 1709 4520 eam
1742 4465 1901 4533 digne
1937 4461 2120 4516 laudet
2141 4477 2203 4515 ac
2232 4460 2375 4514 cele-

812 4568 951 4618 bret.
990 4562 1226 4630 {Equum
1276 4558 1505 4629 proinde
1531 4567 1589 4611 ut
1631 4531 2072 4626 augustissimum
2105 4552 2349 4622 digncqw

2479 4533 2749 4602 πτοτὰτην
2788 4533 2882 4584 καὶ
2913 4531 3514 4604 ἀξιομακαριστοτάτην
3547 4532 4084 4601 προσαγορεύοντας

813 4659 1186 4713 beatissimum
1215 4663 1378 4724 caput
1413 4653 1728 4714 salutantes,
1762 4651 1834 4703 ita
1867 4649 2111 4702 dicamus
2148 4665 2160 4701 :

2476 4626 2738 4691 κεφαλὴν,
2769 4623 2913 4677 οὕτω
2942 4626 3100 4691 φάναι
3126 4641 3140 4654 ·

869 4752 1038 4805 .Salve
1059 4748 1154 4812 sis,
1189 4762 1222 4800 ο
1251 4745 1406 4799 beate
1441 4744 1553 4813 ipse
1579 4743 1875 4811 inspector,
1921 4752 2156 4806 vereque
2199 4752 2259 4788 ac
2286 4750 2373 4787 se-

814 4845 940 4897 dule
973 4842 1066 4895 Dei
1096 4838 1260 4895 Verbi
1291 4835 1513 4890 famule.
1551 4833 1706 4888 Salve
1739 4832 1833 4895 sis,
1864 4830 2001 4886 Juda
2034 4826 2375 4889 charissime4

815 4938 1085 5004 dignaque
1113 4929 1228 4984 veri
1258 4926 1472 4980 lsraelis
1502 4934 1556 4978 et
1587 4923 1701 4986 Dei,
1732 4937 1794 4975 ac
1825 4935 1951 4972 vere
1983 4919 2152 4972 Deum
2192 4918 2381 4972 viden-

819 5028 907 5087 tis,
937 5021 1156 5092 proles!
1184 5017 1328 5086 quod
1354 5025 1404 5069 te
1444 5029 1659 5086 quoque
1692 5027 1814 5069 vere
1874 5009 2254 5072 laudaverunt,
2285 5025 2378 5077 pa-

821 5116 1096 5182 rentisque
1151 5110 1506 5166 snnilitudme
1539 5107 1902 5160 adoravcrunt
1943 5114 2106 5172 atque
2153 5101 2382 5155 adorant

819 5207 1092 5276 spiritales
1113 5203 1310 5258 fratres
1335 5202 1411 5254 tui
1446 5220 1459 5252 ι
1491 5199 1635 5268 quod
1668 5197 1810 5250 sicut
1863 5195 1950 5248 ille
1992 5209 2054 5246 ex
2094 5192 2273 5250 Patre,
2307 5190 2384 5242 sic

823 5312 875 5353 tu
922 5313 1140 5368 quoque
1169 5312 1236 5351 ex
1283 5295 1374 5348 illo
1399 5293 1643 5346 divinum
1680 5304 1924 5360 germen,
1960 5286 2105 5339 velut
2127 5299 2190 5338 ex
2228 5283 2384 5335 leone

820 5395 1032 5446 t‘alttltls
1065 5386 1418 5444 emersisti”‘
1458 5404 1470 5439 :
1503 5401 1565 5437 ac
1585 5384 1727 5437 sicut
1749 5383 1833 5434 leo
1866 5380 1920 5432 in
1946 5377 2125 5431 medio
2153 5373 2384 5429 haeredi-

824 5484 949 5538 tatis
997 5492 1102 5536 tua:
1156 5478 1423 5532 recubans
1479 5471 1833 5534 obdormisti;
1871 5484 1970 5521 nec
2025 5467 2118 5534 qui
2159 5465 2386 5518 suscitet

823 5575 966 5627 ιιιιυς
998 5580 1079 5624 est
1101 5569 1214 5640 (qui
1247 5567 1506 5622 nimirum
1531 5579 1560 5617 a
1587 5559 1817 5631 Spiritali
1841 5559 2136 5610 abacturus
2173 5556 2243 5607 sit
2277 5554 2385 5606 lue-

824 5663 1074 5725 rc-uitate)
1122 5657 1267 5727 quod
1307 5656 1513 5709 asinam
1548 5661 1694 5706 tuam
1725 5659 1778 5702 ct
1807 5646 2014 5717 pullum
2045 5655 2197 5698 tuum
2230 5647 2383 5713 (gen-

2541 3804 2638 3867 Τίς
2668 3803 2732 3858 ἃν
2755 3801 2848 3858 οὖν
2876 3803 3090 3871 γένοιτο
3119 3805 3275 3872 λόγος
3305 3806 3403 3874 τῆς
3431 3806 3698 3875 ὑμετέρας
3732 3808 4071 3876 ὲκφαντορι-

2475 3895 2567 3957 κὸς
2600 3895 3054 3966 μεγαλειότητοςς
3098 3896 3181 3959 τίς
3223 3897 3278 3948 δὲ
3319 3898 3410 3949 ἐπὶ
3439 3897 3688 3948 τοσοῦτον
3714 3897 3991 3963 θεολογίας
4029 3899 4068 3965 ἢ

2475 3986 2706 4050 θεωρίας
2755 3987 2921 4054 ὕψους
2951 3988 3198 4054 ἀφίκετο,
3229 3988 3302 4050 ὠς
3327 3987 3424 4057 τὴν
3452 3987 3573 4041 καθ’
3603 3989 3745 4056 ὑμᾶς
3773 3987 3930 4049 δόξαν
3961 3990 4073 4040 καὶ

2477 4077 2956 4146 μεγαλοπρέπειαν
3012 4080 3110 4145 τῆς
3164 4079 3453 4146 ἁγιότητος
3502 4082 3773 4148 ἐκφράσαι
3807 4078 4072 4147 τολμᾷν;

2475 4168 2684 4236 ’Ὥσπερ
2737 4168 2841 4237 γὰρ
2898 4170 3180 4237 ἀμήχανον
3235 4169 3324 4220 τὸν
3384 4168 3461 4220 ἔτι
3515 4169 3726 4237 σώματι
3772 4168 4076 4237 χρώμενον

2473 4257 2655 4326 γεηρῷ
2686 4257 2782 4325 τὴν
2834 4259 3106 4328 ὑμετέραν
3168 4259 3594 4329 μακαριωσύνην
3648 4259 3741 4311 καὶ
3802 4259 4076 4326 θειότητα

2475 4351 2732 4418 καθορᾷν,
2764 4349 2937 4413 οὕτως
2964 4351 3132 4420 αὑτὴν
3165 4352 3258 4404 καὶ
3287 4353 3398 4412 τοῖς
3420 4350 3507 4404 διά
3535 4350 3644 4401 τῶν
3672 4350 3846 4415 λόγων
3865 4348 4079 4416 ὕμνοις

2474 4443 2635 4508 ἀξίως
2660 4443 2917 4494 ἀδύνατον
2945 4443 3231 4510 εὐφημεῖν.
3270 4444 3455 4508 Ἀξιον
3502 4441 3792 4512 τοιγαροῦν
3835 4443 3935 4507 τὴν
3977 4457 4085 4491 σε-

2548 4727 2743 4798 Χαῖρε,
2763 4720 2806 4780 ὦ
2835 4726 3019 4796 μάκαρ
3047 4722 3311 4785 αὑτόπτα,
3340 4721 3434 4772 καὶ
3472 4718 3715 4786 ὑπηρέτα
3733 4717 3922 4784 γνήσιε
3967 4720 4078 4768 καὶ

2479 4807 2770 4891 δραστῆριε
2799 4816 2892 4870 τοῦ
2939 4814 3074 4868 Θεοῦ
3097 4815 3270 4880 Λόγου
3294 4830 3306 4842 ·
3343 4815 3520 4881 χαῖρε,
3561 4809 3727 4861 Ἰούδα
3763 4809 3935 4876 τίμιε,
3967 4812 4082 4860 καὶ

2481 4914 2594 4978 ἄξιε
2624 4908 2716 4962 τοῦ
2749 4905 3004 4979 ἀληθινοῦ
3051 4904 3266 4975 Ἰσραὴλ
3297 4905 3388 4955 καὶ
3420 4900 3575 4958 Θεοῦ.
3624 4904 3714 4952 καὶ
3745 4899 3876 4948 Θεὸν
3925 4899 4081 4966 ἀλη-

2485 5006 2590 5067 θὼς
2619 5001 2852 5073 ὁρῶντος
2877 4997 3052 5068 Ἰησοῦ
3083 4996 3318 5067 Χριστοῦ
3353 4997 3480 5047 παίι
3520 4995 3599 5046 ὅτι
3647 4996 3733 5043 καὶ
3770 4992 3827 5042 σὲ
3857 4992 3892 5059 ᾗ
3932 5007 4086 5042 εσαν

2484 5097 2670 5155 ὅντως,
2702 5093 2796 5144 καὶ
2830 5093 2887 5142 ἐν
2919 5087 3222 5156 ὁμοιώματι
3258 5085 3349 5136 τοῦ
3383 5085 3688 5144 τετοκότος,
3724 5082 3770 5131 οἱ
3802 5083 3858 5131 ἐν
3901 5083 4091 5132 πνεύς

2490 5202 2619 5254 ματι
2645 5181 2862 5250 ἀδελφοί
2911 5197 3003 5232 σου
3059 5176 3470 5247 προσεκύνησαν
3501 5176 3590 5224 καὶ
3621 5169 4036 5240 προσκυνοῦσιν
4071 5189 4086 5200 ·

2488 5279 2567 5330 ὅτι
2601 5274 2852 5343 καθάπερ
2885 5275 2948 5326 ἐκ
2983 5269 3074 5323 τοῦ
3103 5267 3314 5338 [ἰατρὸς
3342 5267 3566 5326 ἐκεῖνος,
3597 5263 3767 5322 οὑτως
3795 5260 3852 5322 ἐξ
3895 5263 4092 5312 αὑτοῦ

2491 5369 2554 5418 σὺ
2586 5365 2845 5433 θεόφυτος
2868 5361 3114 5430 βλαστὸς,
3137 5360 3210 5421 ὡς
3251 5359 3313 5409 ἐκ
3353 5357 3563 5416 λέοντος
3610 5352 3844 5418 σκύμνος
3877 5353 4097 5404 mea-

2493 5458 2590 5526 οης
2616 5475 2628 5488 ·
2656 5458 2747 5509 καὶ
2776 5455 2964 5522 ὥσπερ
2987 5453 3121 5504 λέων
3150 5451 3419 5519 ἀναμέσον
3445 5446 3537 5499 τοῦ
3564 5448 3764 5514 κλήρου
3800 5461 3894 5495 σου
3925 5447 4100 5496 ἐκοτ-

2497 5551 2674 5619 μήθης
2715 5544 3034 5600 ἀναπεσὼν·
3080 5543 3173 5594 καὶ
3217 5540 3389 5600 οὐδεὶς
3439 5541 3467 5592 ό
3515 5537 3762 5596 ἀνιστῶν,
3795 5536 3920 5604 ἦτοι
3977 5540 4103 5604 τῆς

2495 5641 2864 5710 πνευματικῆς
2895 5635 3161 5706 μεθιστὼν
3183 5633 3566 5705 κληρονομίας,
3597 5630 3679 5681 ὅτι
3705 5629 3792 5679 τίεν
3823 5626 3952 5678 ὄνον
3988 5646 4104 5681 σου

2011 5826 2050 5852 ³⁴
2082 5822 2270 5875 Matth.
2310 5837 2349 5872 xl

2461 5820 2546 5875 28.
2623 5821 2698 5852 ³⁸*
2733 5817 2875 5873 Psal.
2899 5833 2955 5875 tt,
2988 5816 3040 5868 9.
3121 5815 3164 5879 ἒ*
3197 5812 3366 5880 Apoc.
3399 5825 3433 5863 ιι
3483 5807 3534 5859 τ.
3579 5807 3653 5837 π’
3680 5803 3814 5858 Gen.
3846 5817 4011 5863 sui,
4043 5808 4106 5858 8.

897 5835 940 5866 ﬂ
967 5835 1193 5903 IEi’ht’ss.
1235 5850 1304 5893 ιι,
1345 5834 1422 5885 li.
1503 5833 1540 5862 ³⁷
1573 5831 1701 5882 Dan.
1732 5843 1806 5883 ιιι,
1840 5826 1924 5875 fit.
