4180 6434
766 405 865 467 271

1921 399 1967 457 N
1982 394 2216 457 ICETE
2251 395 2326 452 ΡΑ

2422 392 2784 453 .lLAGONlS
3898 392 4004 468 ετξ

761 532 824 570 ac
846 516 925 570 illi
955 515 1220 570 formatus
1246 514 1375 580 ﬁde,
1402 528 1509 569 una
1534 512 1740 569 Christi
1765 512 2037 575 doctrina,
2068 525 2175 563 una
2214 523 2326 577 gra-

2440 519 2573 567 στει,
2607 506 2705 574 μιᾷ
2733 504 2827 557 τοῦ
2850 505 3083 574 Χριστοῦ
3112 506 3319 577 διδαχῇ,
3372 509 3471 577 μιᾷ
3502 508 3684 578 χάριτι
3728 510 3820 561 καὶ
3845 511 4002 562 πνεύι

761 605 838 659 tia
873 604 1178 672 eodemque
1217 602 1493 673 perfectus
1547 601 1776 671 Spiritu,
1834 599 2011 671 ipsqu
2059 608 2326 670 postremo

2438 608 2564 660 ματι
2598 591 2675 660 τῷ
2726 592 2874 663 αὐτῷ
2912 597 3365 664 κατηρτισμένος,
3399 596 3495 649 καὶ
3529 597 3629 666 τῆς
3655 599 4002 666 μακαριωτά-

760 695 1137 751 beatissimum
1193 695 1487 764 complevit
1515 692 1913 747 duodenarium
1962 691 2331 761 apostolorum

761 788 989 841 chorum
1026 801 1041 837 :
1089 784 1185 854 qui
1237 784 1334 838 ﬁat
1362 794 1422 838 ut
1458 798 1567 837 non
1598 783 1749 852 paria
1775 783 1882 836 illis
1915 782 2134 851 praemia
2162 780 2335 833 hono-

762 891 982 946 resque,
1017 884 1132 929 tum
1164 875 1219 929 in
1247 875 1401 931 caelis
1430 888 1458 927 a
1490 874 1636 943 Rege
1672 873 1859 945 gloria:
1886 888 1950 926 ac
1985 870 2329 940 prazmioruni

754 968 1059 1038 justissimo
1082 966 1311 1030 arbitro,
1345 974 1461 1018 tum
1492 965 1545 1018 in
1574 974 1718 1021 terra
1750 964 1892 1033 apud
1924 962 2191 1017 sermonis
2222 977 2329 1015 non

760 1057 981 1126 iniquos
1009 1056 1417 1124 dispensatores
1453 1053 1737 1109 obtineat?
1787 1052 2097 1107 Laudemus
2148 1052 2330 1121 itaque

758 1145 1378 1209 Mathiam,venerabile
1423 1161 1646 1211 nomen,
1702 1146 1944 1208 beatum,
2002 1143 2328 1206 colendum;

757 1254 892 1299 rem,
916 1252 1037 1306 quae
1061 1251 1157 1305 pro
1177 1236 1415 1290 nominis
1450 1237 1662 1291 ratione
1702 1246 1815 1290 tum
1841 1233 2194 1303 intelligatur,
2216 1242 2329 1287 tum

756 1328 1043 1392 laudetur;
1089 1342 1217 1381 vere
1275 1326 1535 1381 nimirum
1570 1326 1665 1380 Dei
1725 1325 1952 1386 donum,
1984 1325 2068 1378 his
2120 1324 2331 1377 scilicet

755 1419 849 1488 qui
874 1419 1173 1487 accipiunt.
1206 1418 1320 1473 Hoc
1348 1418 1509 1472 etiam
1555 1416 1657 1470 sibi
1694 1415 1829 1478 vult,
1858 1414 2007 1484 quod
2039 1414 2116 1467 sic
2143 1412 2331 1482 appel-

755 1509 920 1563 latur.
950 1508 1257 1563 Laudemus
1293 1523 1417 1562 cum
1470 1491 1726 1571 cantico;
1766 1521 1850 1570 ac,
1891 1514 2096 1574 quanta
2156 1503 2330 1556 facul-

756 1609 857 1661 tas,
895 1614 1041 1664 eum,
1067 1598 1161 1669 qui
1190 1600 1412 1653 virtutis
1435 1598 1838 1669 magnificentia
1864 1611 2080 1651 onmem
2105 1595 2327 1648 laudum

754 1689 1102 1758 splendorem
1160 1690 1460 1759 superavit,
1491 1688 1903 1758 magnificemus
1940 1704 1953 1739 :
2012 1702 2111 1739 nec
2142 1684 2328 1739 verbis

756 1782 934 1834 solum
967 1796 1156 1834 verum
1197 1781 1325 1835 Jcsu
1373 1780 1702 1849 discipulum
1738 1779 2060 1839 exaltemus.
2130 1776 2223 1830 sed
2273 1785 2327 1829 et

757 1887 918 1941 quam
949 1871 1251 1942 magniﬁcis
1292 1872 1451 1926 donis
1475 1871 1695 1942 Dcoque
1725 1870 1983 1941 acceptis,
2036 1869 2182 1923 illius
2214 1882 2325 1922 me-

755 1961 987 2016 moriam
1014 1965 1403 2033 constipemus.

824 2136 1080 2198 Quaenam
1114 2151 1244 2205 ergo
1301 2147 1429 2191 sunt
1463 2153 1710 2199 munera,
1761 2137 1962 2205 quibus
1990 2150 2216 2205 magnus
2244 2151 2326 2191 sa-

755 2236 956 2289 cerque
989 2225 1267 2292 apostolus
1297 2226 1492 2281 lubens
1512 2226 1810 2296 accipitur?
1829 2226 1946 2281 Non
1972 2241 2169 2280 aurum
2201 2226 2324 2281 dico

752 2320 810 2365 et
848 2322 1156 2382 argentum,
1214 2331 1317 2369 nec
1371 2318 1638 2372 unionum
1688 2316 1965 2387 fulgores,
2000 2325 2094 2371 aut
2145 2325 2325 2371 vestes

754 2399 1024 2467 pretiosas
1068 2408 1247 2468 (terrae
1285 2403 1491 2459 scilicet
1544 2404 1803 2468 fructum,
1851 2416 1907 2459 et
1936 2421 2056 2474 quae
2087 2405 2141 2459 in
2179 2414 2323 2459 terra

754 2488 1004 2541 dililuant
1032 2506 1094 2543 ac
1126 2490 1440 2560 intereant),
1465 2492 1558 2546 sed
1592 2497 1819 2563 perenni
1853 2494 1927 2547 illi
1951 2510 2175 2548 munere
2213 2502 2324 2547 ter-

755 2582 1427 2648 renorumabjectionem,
1469 2600 1708 2638 amorem
1754 2585 2078 2647 cmlestium,
2128 2600 2322 2639 carna-

754 2669 887 2723 lium
942 2682 1318 2742 eontemptum
1370 2686 1533 2743 atque
1597 2677 1948 2746 neglectum,
1995 2677 2322 2746 spiritalium

754 2776 981 2831 gnavam
1012 2778 1230 2832 operam
1263 2782 1560 2836 curamque
1602 2768 1937 2824 offeramus:
1987 2784 2050 2823 ac
2101 2768 2322 2838 quidem

756 2866 857 2919 pro
886 2855 1117 2920 pecunia
1153 2854 1475 2924 longiusque
1522 2872 1550 2909 a
1586 2858 1795 2911 ratione
1837 2858 2167 2913 abhorrente
2200 2873 2325 2912 cor-

754 2942 904 3009 poris
934 2943 1211 3011 voluptate
1241 2958 1303 2996 ac
1328 2943 1557 2999 libidine
1586 2947 1806 3000 virtutis
1830 2946 2163 3001 desiderium
2206 2959 2323 3000 stu-

756 3030 1054 3101 diumque;
1088 3049 1187 3102 pro
1225 3035 1331 3088 cibi
1354 3037 1447 3105 qui
1484 3038 1875 3107 corrumpitur,
1909 3054 2139 3106 operosa
2171 3039 2321 3091 solli-

2434 699 2532 752 της
2565 682 2672 736 τῶν
2696 683 3009 737 ἀποστόλων
3031 684 3444 747 δυοκαιδεκάδος
3479 685 3704 756 ὕστερον
3737 684 4004 740 ἀναδέδειο

2434 791 2555 827 κται
2570 791 2633 826 συ
2641 775 2788 844 μπλη
2797 776 2995 846 ρωτὴς,
3020 776 3135 838 πῶς
3152 776 3212 828 οὐ
3229 776 3337 828 τῶν
3355 778 3485 830 ῐσων
3501 794 3561 845 γε
3572 777 3678 847 ρῶν
3707 777 3798 829 καὶ
3812 776 4004 845 τιμῶν,

2432 864 2491 917 ἓν
2518 882 2577 917 τε
2603 867 2712 926 τοῖς
2747 866 2994 936 οὐρανοῖς
3029 868 3177 937 παρὰ
3201 867 3281 938 τῷ
3314 866 3531 921 Βασιλεῖ
3568 868 3668 939 τῆς
3698 868 3875 937 δόξης,
3910 868 3999 921 καῖ

2431 955 2539 1007 τῶν
2595 956 2844 1027 ἐπάθλων
2902 957 3226 1029 δικαιοτάτῳ
3280 957 3582 1029 βραϐευτῇο
3641 961 3734 1012 καλ⁵
3777 959 3866 1013 ἐπὶ
3897 960 4001 1029 γῆς

2431 1046 2580 1115 ποιρά
2602 1064 2663 1113 γε
2694 1049 2801 1109 τοῖς
2836 1046 2934 1098 οὐκ
2977 1048 3182 1111 ἀδίκοις
3215 1048 3308 1100 τοῦ
3336 1048 3494 1115 λόγου
3525 1049 3825 1117 διαιτηταῖς
3868 1066 4000 1103 κατ-

2431 1138 2619 1201 αξιοῖτ’
2636 1141 2700 1193 ἄν
2718 1156 2733 1206 ;
2749 1140 2871 1192 Δίνέ
2881 1156 3059 1207 σωμεν
3082 1140 3369 1209 τοιγαροῦν
3390 1141 3443 1195 Μ
3450 1140 3628 1206 αθίαν,
3640 1141 3702 1193 τὸ
3722 1142 4007 1211 σεϐάσμιον

2428 1230 2619 1299 ὄνομα,
2652 1231 2713 1285 τὸ
2748 1232 3038 1301 μακάριον,
3062 1231 3122 1282 τὸ
3142 1230 3347 1299 τίμιον,
3382 1234 3443 1284 τὸ
3476 1233 3616 1285 κατά
3643 1232 3703 1285 τὸ
3732 1234 3920 1304 ὄνομα,
3944 1235 4007 1287 τὸ

2430 1323 2663 1391 πρᾶγμα
2684 1323 2969 1393 νοούμενον
3010 1323 3102 1375 καὶ
3140 1322 3493 1393 αίνούμενονο
3522 1324 3589 1377 τὸ
3624 1325 3837 1393 ἀληθῶς
3862 1325 4003 1394 δόμα

2429 1419 2562 1474 Θεοῦ
2585 1461 2599 1484 ,
2633 1419 2832 1491 δηλαδὴ
2896 1425 3006 1484 τοῖς
3033 1421 3369 1491 λαμϐάνουσι
3392 1438 3405 1451 ⁸
3450 1421 3609 1475 τοῦτο
3638 1420 3747 1491 γάρ
3771 1421 3804 1490 ή
3836 1435 4005 1489 προσ⁹

2429 1512 2620 1582 ηγορία
2651 1511 2927 1580 βούλεται·
2959 1514 3263 1582 αἰνέσωμεν
3298 1513 3413 1583 μετ’
3445 1511 3610 1581 ᾠδῆς,
3650 1510 3743 1563 καὶ
3773 1510 4005 1562 ἀποστο-

2429 1602 2598 1663 λικοῖς
2628 1601 2890 1665 ἐπαίνοις,
2926 1600 3002 1664 ὡς
3034 1600 3254 1669 ἐφικτὸν
3283 1603 3435 1671 ἡμῖν,
3466 1598 3874 1670 μεγαλύνωμεν,
3907 1597 4004 1649 τὸν

2426 1694 2493 1760 τῇ
2514 1690 2849 1761 μεγαλοφυῖᾳ
2875 1690 2974 1758 τῆς
2996 1691 3199 1760 ἀρετῆς
3271 1693 3451 1744 πᾶσαν
3470 1690 3709 1742 ἐπαίνων
3737 1689 4007 1755 ὑπεραναο

2428 1780 2598 1834 ϐάντα
2618 1781 2978 1851 λαμπρότητα
3002 1796 3016 1811 ·
3050 1780 3146 1833 καὶ
3183 1780 3256 1850 μὴ
3303 1783 3417 1842 τοῖς
3456 1779 3637 1847 λόγοις
3667 1776 3825 1848 μόνον
3853 1776 4005 1846 ὑψώ-

2429 1886 2612 1939 σωμεν
2638 1871 2730 1924 τὸν
2768 1872 2990 1941 γνήσιον
3042 1870 3134 1925 τοῦ
3200 1869 3377 1940 Ἰησοῦ
3412 1870 3681 1940 μαθητὴν,
3737 1866 3872 1919 ἀλλὰ
3910 1867 4008 1921 καὶ

2424 1962 2695 2031 λαμπροῖς
2736 1962 2818 2015 ὅτι
2857 1962 3091 2031 μάλιστα
3146 1962 3343 2032 δώροις
3387 1961 3483 2014 καὶ
3539 1958 3854 2028 θεοτερπέσι
3905 1956 4003 2027 τὴν

2430 2053 2649 2122 μνήμην
2679 2050 2845 2105 αὑτοῦ
2876 2051 3373 2120 καταπυκάσωμεν.

2495 2143 2630 2195 Τίνα
2656 2141 2835 2195 τοίνυν
2880 2143 2949 2195 τά
2973 2142 3145 2213 δῶρα,
3178 2139 3260 2206 οἷς
3288 2145 3317 2195 ὁ
3349 2143 3523 2211 μέγας
3561 2141 3654 2194 καὶ
3689 2140 3829 2211 ίερὸς
3874 2140 4005 2192 ἀπό-

2427 2233 2610 2297 στολος
2642 2234 2821 2304 χαίρει
2860 2234 3348 2304 φιλοτιμούμενος;
3380 2234 3455 2287 Οὐ
3500 2235 3699 2303 χρυσὸν
3727 2232 3869 2300 λέγω
3908 2233 4005 2285 καὶ

2422 2324 2681 2394 ἄργυρον,
2710 2325 2830 2377 οὐδὲ
2877 2324 3043 2377 λίθων
3095 2323 3509 2394 λαμπρότητας,
3548 2323 3671 2376 οὐδὲ
3699 2322 3808 2377 τῶν
3836 2323 4004 2391 ἐσθηο

2426 2412 2609 2480 μάτων
2632 2412 2731 2475 τάς
2793 2413 3127 2483 τιμιότητας,
3159 2411 3261 2481 γῆς
3297 2413 3456 2477 ὄντας
3486 2411 3717 2483 καρπὸν,
3746 2412 3836 2463 καὶ
3861 2411 4006 2463 κατά

2422 2504 2523 2571 γῆς
2550 2506 2740 2574 ῥέοντα
2766 2504 2860 2556 καὶ
2888 2503 3156 2573 ὀλλύμενα
3176 2519 3190 2534 ·
3229 2502 3366 2557 ἀλλὰ
3405 2504 3875 2572 δωροφορήσωμεν
3902 2500 4004 2567 τὴν

2421 2594 2531 2646 τῶν
2560 2595 2758 2662 γηΐνων
2784 2594 3067 2658 ἀπόθεσιν,
3104 2594 3210 2647 τῶν
3237 2593 3499 2663 οὐρανίων
3524 2592 3621 2664 τὴν
3652 2594 3855 2661 ἔφεσιν,
3894 2590 4006 2643 τῶν

2425 2684 2699 2752 σαρκικῶν
2757 2683 2854 2754 τὴν
2907 2684 3208 2755 ὑπεροψίαν
3266 2686 3360 2737 καὶ
3408 2685 3510 2753 τὴν
3561 2684 3841 2753 ἀμέλειαν,
3890 2682 4005 2733 τῶν

2423 2775 2807 2843 πνευματικῶν
2829 2776 2928 2844 τὴν
2960 2775 3223 2844 ἐργασίαν
3248 2777 3342 2828 καὶ
3386 2775 3727 2844 ἐπιμέλειανο
3759 2775 3850 2826 καὶ
3880 2774 4007 2826 ἀντὶ

2426 2864 2524 2934 μὲν
2547 2863 2644 2933 τῆς
2674 2864 3132 2934 βοσκηματώδους
3154 2868 3248 2920 καὶ
3264 2866 3607 2935 ἁλογωτέρας
3630 2864 3719 2917 τοῦ
3750 2863 4004 2933 σώματος

2425 2956 2638 3026 ἡδονῆς,
2672 2956 2768 3025 τὴν
2791 2957 2889 3025 τῆς
2928 2958 3130 3027 ἀρετῆς
3170 2956 3468 3026 ἐπιθυμίαν
3501 2956 3594 3009 καὶ
3622 2958 3719 3023 τὴν
3742 2956 4004 3025 σπουδήν·

2424 3047 2542 3099 ἀντὶ
2562 3047 2618 3098 δέ
2652 3046 2750 3116 τῆς
2778 3048 2905 3118 περὶ
2921 3048 3021 3115 τὴν
3045 3048 3426 3117 ἀπολλυμένην
3450 3046 3651 3116 βρῶσιν
3678 3046 4007 3116 πολυεργίας

756 3125 1000 3181 citudine
1017 3143 1080 3180 ac
1099 3128 1399 3199 diligentia,
1417 3146 1698 3185 sacrorum
1718 3132 2062 3201 eloquiorum
2081 3133 2322 3202 legisque

2428 3138 2522 3189 καὶ
2550 3136 2885 3203 φιλοπονίας,
2936 3138 3043 3191 τῶν
3096 3138 3258 3207 ίερῶν
3306 3137 3504 3205 λογίων
3547 3138 3642 3189 καὶ
3689 3135 3782 3188 τοῦ
3832 3137 4005 3205 νόμου

756 3219 984 3287 spiritus
1026 3220 1151 3274 vita:
1180 3236 1372 3289 puram
1400 3223 1809 3279 meditationem
1842 3224 2233 3280 fructiﬁcemus
2252 3228 2317 3277 ".

755 3308 845 3362 Sic
872 3310 1020 3363 enim
1046 3326 1194 3375 vere,
1240 3312 1327 3366 his
1347 3315 1441 3382 qui
1470 3315 1682 3368 sincere
1711 3315 1953 3378 laudant,
1988 3317 2152 3369 etiam
2199 3330 2321 3369 cor-

756 3397 909 3466 poris
983 3401 1333 3464 necessaria,
1393 3402 1632 3457 ccelestis
1694 3403 1871 3457 Patris
1947 3402 2319 3457 munificentia

757 3489 980 3543 omnino
1010 3488 1387 3544 subministrat
1429 3505 1529 3560 pro
1559 3505 1627 3546 eo
1660 3507 1724 3547 ac
1745 3492 1992 3562 promisit
2024 3492 2089 3522 δι’

822 3673 942 3727 Non
970 3673 1116 3727 enim
1146 3674 1348 3728 frustra
1387 3691 1539 3729 sacra
1572 3677 1656 3729 lex
1685 3676 2044 3731 cessationem
2089 3677 2157 3731 ab
2186 3694 2320 3747 ope-

756 3765 912 3820 ribus
934 3767 1335 3836 corporalibus,
1385 3783 1481 3837 per
1514 3768 1636 3822 illos
1689 3770 1922 3822 maxime
1966 3768 2086 3823 dies
2117 3769 2320 3838 quibus

755 3860 1019 3912 festorum
1048 3859 1311 3912 solemnia
1338 3869 1597 3928 aguntur,
1648 3859 1907 3914 indixisse
1935 3860 2272 3929 conspicitur
2302 3878 2317 3927 ;

754 3964 856 4001 nec
905 3963 970 4001 eo
1018 3948 1268 4011 consilio,
1322 3958 1380 4001 ut
1408 3949 1653 4017 corporis
1688 3951 1801 4003 otio
1853 3966 1915 4004 ac
1954 3951 2163 4003 desidia
2198 3966 2319 4003 car-

755 4041 949 4108 nisque
976 4040 1203 4094 mollitie
1234 4041 1476 4094 animum
1516 4041 1731 4095 libidini
1767 4042 2113 4105 laxaremus;
2162 4058 2321 4097 secus

754 4146 889 4185 vero
924 4130 1128 4184 indicta
1164 4132 1468 4195 vacatione,
1502 4134 1602 4186 hoc
1645 4134 1789 4186 serio
1820 4143 1975 4186 curat
2004 4143 2061 4187 et
2102 4135 2232 4203 agit,
2263 4145 2321 4188 ut

754 4231 809 4275 et
833 4236 1062 4290 corpore
1085 4230 1139 4275 et
1176 4234 1357 4276 mente
1399 4233 1455 4277 et
1486 4225 1667 4277 animo
1716 4241 1746 4279 a
1795 4234 2013 4279 terrena
2045 4226 2322 4294 inquietu-

755 4315 883 4370 dine
929 4315 1226 4386 laborequc
1252 4330 1315 4369 ac
1352 4315 1597 4369 molestia
1627 4316 1770 4369 circa
1803 4331 1889 4370 res
1928 4332 2093 4369 vanas
2124 4318 2323 4369 libere-

757 4422 900 4469 mur,
929 4415 1093 4475 atque
1124 4406 1192 4460 ad
1224 4407 1426 4459 bonum
1462 4416 1657 4460 natura
1704 4414 1915 4473 (verum
1950 4408 2080 4462 illud
2114 4408 2318 4461 bonum

755 4505 811 4549 et
838 4496 1069 4549 amabile
1099 4506 1309 4550 natura:
1340 4498 1490 4549 omni
1525 4497 1845 4567 intelligenti
1892 4513 1955 4551 ac
1989 4499 2215 4552 rationis
2265 4499 2316 4552 vi

754 4587 1018 4657 prmditee)
1071 4590 1373 4657 erigamur;
1421 4587 1662 4657 dumque
1710 4604 1740 4641 a
1774 4590 2051 4642 saecularis
2085 4590 2208 4642 vita:
2243 4590 2319 4642 Ia-

755 4680 983 4734 boribus
1013 4695 1076 4734 ac
1105 4680 1369 4733 molestiis
1400 4681 1573 4733 otium
1602 4680 1833 4750 agimus,
1868 4681 2133 4749 potiorem
2170 4681 2317 4733 illam

753 4781 810 4822 et
857 4777 1166 4822 manentem
1198 4768 1427 4821 rationis
1461 4777 1623 4837 atque
1675 4768 1896 4821 virtutis
1943 4767 2318 4836 operationem

753 4858 1125 4928 proferamus;
1154 4858 1464 4926 divinisque
1504 4858 1733 4911 canticis
1777 4872 1839 4911 ac
1869 4858 2039 4911 sacris
2074 4857 2321 4924 Scriptu-

757 4966 939 5003 rarum
977 4949 1448 5012 meditationibus,
1476 4949 1593 5017 jugi
1625 4950 1861 5017 denique
1909 4965 2132 5019 precum
2178 4950 2316 5004 assi-

753 5042 982 5102 duitate.
1013 5042 1244 5096 Domino
1271 5042 1631 5111 perfruamur.

827 5160 866 5189 δ’
899 5158 1057 5214 Joan.
1087 5175 1164 5227 Vl,
1198 5160 1265 5213 27
1290 5177 1303 5225 ;
1332 5161 1488 5214 Rom.
1524 5176 1639 5223 vm,
1671 5158 1724 5211 9..
1801 5160 1865 5190 ⁸¹⁸
1891 5159 2079 5213 Matth.
2118 5176 2191 5223 γι,
2217 5162 2304 5215 57.

756 5322 1071 5376 cusserunt,
1104 5314 1263 5381 cujus
1290 5326 1396 5363 non
1428 5311 1687 5365 videntur
1718 5312 1892 5367 Judaei
1930 5310 2314 5380 habuissejus,

754 5386 847 5438 sed
883 5384 1250 5436 Romanorum
1312 5382 1576 5435 duntaxat
1622 5382 1904 5449 praesides.
1968 5382 2189 5433 Placent
2224 5396 2316 5433 vc-

756 5464 902 5508 teres
951 5454 1171 5515 tabulae,
1199 5451 1401 5519 quibus
1433 5451 1641 5504 nudum
1682 5452 1894 5504 Mathite
1929 5450 2314 5517 consignatum

756 5525 955 5583 natale,
982 5524 1310 5591 quibuscum
1337 5521 1521 5574 malim
1563 5521 1807 5589 profiteri
1843 5521 2055 5591 nescire
2083 5520 2313 5591 reliqua,

753 5610 914 5663 quam
974 5588 1095 5663 qua:
1145 5593 1417 5663 nescianti
1444 5600 1502 5663 ut
1530 5588 1697 5663 certa
1754 5590 2061 5663 venditare.
2087 5588 2316 5663 ﬁneseit

755 5658 971 5731 semper
994 5658 1135 5736 fama
1167 5662 1369 5736 eundo.
1396 5660 1706 5736 Displicent
1731 5663 1872 5736 Acta
1886 5660 2062 5736 ill_a_ex
2087 5658 2319 5736 Hebraeo

757 5729 933 5797 versa,
964 5732 1111 5802 quod
1136 5748 1294 5784 unam
1321 5732 1585 5802 Judzeatn
1606 5732 1776 5785 velint
1829 5729 2042 5802 Mathize
2096 5729 2318 5796 provin-

755 5800 1063 5871 ciam,qiia:
1088 5802 1190 5855 fuit
1250 5802 1437 5856 Jacobi
1497 5800 1770 5866 Zcbetlwi,
1814 5801 2158 5865 aliorumque
2190 5813 2318 5864 apo-

2426 3226 2520 3279 τοῦ
2551 3228 2867 3297 Πνεύματος
2895 3232 2993 3298 τῆς
3026 3228 3171 3297 ζωῆς
3200 3229 3296 3298 τὴν
3323 3228 3568 3298 καθαράν
3610 3227 3839 3297 μελέτην
3867 3243 4007 3295 καρ-

2423 3316 2755 3386 ποφορῶμεν
2779 3334 2793 3348 ·
2828 3316 3000 3387 ταύτῃ
3036 3318 3145 3386 γάρ
3178 3317 3390 3386 ἀληθῶς
3420 3320 3533 3379 τοῖς
3566 3317 3804 3385 γνησίως
3844 3315 4006 3378 δοξάο

2421 3406 2593 3473 ζουσι,
2624 3408 2717 3458 καὶ
2757 3409 2790 3476 ἡ
2833 3407 2941 3459 τῶν
2979 3407 3303 3476 ἐπιτηδείων
3327 3406 3421 3459 τοῦ
3454 3406 3707 3476 σώματος
3735 3406 3871 3476 πρὸς
3900 3406 4003 3458 τοῦ

2419 3496 2668 3564 οὐρανίου
2699 3496 2926 3567 Πατρὸς,
2947 3496 3020 3559 ὡς
3045 3496 3399 3566 ἐπήγγελται,
3423 3496 3637 3558 πάντως
3654 3495 3841 3547 ἐπεται
3870 3501 4002 3565 χορ-

2418 3602 2566 3654 ηγια.

2488 3674 2597 3729 Καὶ
2627 3673 2733 3742 γάρ
2762 3673 2859 3726 οὐκ
2888 3673 3008 3740 εικῆ
3046 3671 3142 3743 τὴν
3171 3672 3278 3727 ἀπὸ
3304 3672 3412 3725 τῶν
3449 3672 3777 3739 σωματικῶν
3808 3671 3994 3739 ἔργων

2420 3768 2636 3839 ἀργίαν,
2689 3770 2783 3821 καὶ
2837 3769 3069 3836 μάλιστα
3124 3767 3264 3819 κατά
3294 3767 3390 3828 τὰς
3443 3766 3594 3836 ίεράς
3643 3765 3751 3817 τῶν
3786 3763 3997 3832 ἐορτῶν

2422 3859 2652 3929 ἡμέρας,
2708 3860 2735 3911 ὁ
2765 3858 2906 3928 ἱερὸς
2959 3858 3204 3926 φαίνεται
3252 3858 3411 3926 νόμος
3470 3855 3833 3923 smn-511pr
3878 3854 4001 3907 οὐδ’

2422 3948 2560 4002 ὥστε
2586 3947 2838 4019 ῥαστώνῃ
2870 3947 3121 4017 σώματος
3155 3947 3249 3999 καὶ
3296 3949 3511 4001 ἀνέσεσι
3556 3948 3754 4017 σαρκὸς
3785 3948 4005 4014 ἐφεῖναι

2420 4039 2518 4108 τὴν
2566 4038 2741 4107 ψυχὴν
2777 4039 2992 4108 ἡδοναῖς
3016 4053 3031 4068 ·
3083 4036 3389 4090 τούναντίον
3440 4037 3541 4105 μὲν
3564 4032 3676 4099 οῦν,
3711 4038 3803 4089 καὶ
3836 4036 4005 4104 σῶμα

2421 4131 2515 4183 καὶ
2544 4130 2668 4183 νοῦν
2711 4131 2801 4183 καὶ⁵
2828 4129 3002 4199 ψυχὴν
3027 4128 3366 4198 ἐξείργεσθαι
3404 4128 3503 4197 μὲν
3528 4129 3627 4197 τῆς
3660 4130 3807 4180 κάτω
3833 4144 4003 4197 περι-

2422 4223 2613 4291 φορᾶς,
2644 4221 2736 4274 καὶ
2760 4221 2857 4291 τῆς
2891 4220 3019 4290 περὶ
3040 4219 3109 4272 τὰ
3135 4221 3339 4289 μάταια
3376 4218 3678 4289 μοχθηρίας
3706 4223 3800 4270 καὶ
3829 4218 4000 4285 ὀχλη-

2425 4318 2545 4386 ρίας
2576 4315 3006 4370 ἀπαλλάττεσθαι
3042 4314 3129 4368 διὰ
3175 4314 3277 4383 τῆς
3328 4314 3525 4383 ἀργίας
3580 4312 3952 4382 προμηθεῐται
3984 4328 4000 4340 ·

2423 4410 2792 4462 ἀνατείνεσθαι
2817 4408 2872 4461 δὲ
2920 4408 3053 4476 πρὸς
3100 4406 3161 4459 τὸ
3197 4406 3356 4473 φύσει
3390 4406 3574 4467 καλὸν,
3606 4406 3667 4458 τὸ
3720 4406 3890 4466 ὅντως
3939 4405 4005 4456 ὃν

2357 4466 2397 4525 Β
2422 4502 2623 4569 ἀγαθὸν
2648 4499 2740 4552 καὶ
2766 4466 3062 4569 ἐπέραστον
3092 4466 3237 4570 πάση
3263 4499 3421 4567 νοερᾷ
3450 4498 3542 4550 καὶ
3584 4497 3775 4565 λογικῇ
3802 4494 3967 4562 φύσει
3985 4511 4002 4524 ⁸

2422 4593 2514 4643 καὶ
2561 4589 2757 4659 σχολὴν
2806 4589 2913 4641 ἀπὸ
2966 4588 3074 4641 τῶν
3142 4587 3406 4656 βιωτικῶν
3460 4587 3694 4654 ἄγοντας
3752 4586 4000 4655 μόχθων,

2421 4683 2583 4736 παντὶ
2616 4681 2790 4733 σθένει
2838 4680 2938 4750 τὴν
2987 4680 3220 4748 κρείττω
3274 4680 3370 4733 καὶ
3428 4680 3693 4746 μένουσαν
3731 4678 4009 4745 ἐργασίαν

2419 4773 2513 4825 τοῦ
2537 4772 2694 4838 λόγου
2732 4772 2825 4823 καὶ
2851 4771 2948 4839 τῆς
2968 4770 3166 4841 ἀρετῆς
3193 4772 3465 4842 προτιμᾷν
3490 4787 3502 4800 ”
3535 4769 3724 4840 ὕμνοις
3747 4785 3805 4820 τε
3832 4767 4009 4829 θείοις

2422 4864 2516 4916 καὶ
2554 4864 2723 4932 ίεραίς
2753 4862 2861 4915 τῶν
2881 4861 3074 4929 λογίων
3105 4861 3359 4928 μελέταις
3388 4866 3480 4915 καὶ
3511 4860 3838 4932 προσευχαῖς
3866 4860 4008 4912 ἀεν-

2427 4958 2572 5018 νάοις
2591 4953 2683 5007 τοῦ
2712 4952 2916 5024 Κυρίου
2947 4953 3319 5025 κατατρυφᾷν.

2416 5310 2703 5373 stolorum,
2731 5315 2787 5363 et
2818 5323 2927 5377 qua
2976 5307 3187 5370 relicta,
3228 5306 3295 5361 ad
3356 5307 3493 5361 alias
3539 5315 3731 5377 gentes
3759 5306 4010 5377 commi-

2452 5388 2661 5441 rarunt,
2702 5393 2812 5431 uno
2838 5375 3034 5432 relicto
3053 5378 3256 5432 Jacobo
3287 5377 3456 5430 fratre
3505 5375 3721 5429 Domini
3768 5375 4012 5429 Jeroso-

2438 5463 2683 5517 ymorum
2716 5448 2981 5511 antistite,
3017 5461 3181 5515 quem
3217 5447 3394 5517 solum
3423 5460 3549 5517 cum
3582 5445 3748 5517 Petro
3768 5445 4001 5517 Paulus

2410 5514 2763 5587 J'erosolymis
2814 5526 2871 5571 et
2926 5517 2982 5569 in
3038 5514 3223 5569 Iudaea
3275 5516 3513 5587 viderit;
3555 5516 3679 5568 aliis
3725 5514 4011 5587 nimirum

2415 5584 2643 5657 ipsoque
2680 5586 2880 5657 Mathia
2916 5587 3177 5657 per_alias
3210 5585 3611 5657 regionespro
3647 5584 4015 5652 apostolatus

2416 5655 2642 5711 munere
2675 5656 2960 5725 dispersis,
2994 5655 3083 5708 ubi
3118 5663 3240 5724 post
3266 5670 3441 5708 annos
3475 5655 3542 5707 14
3566 5669 3597 5707 a
3628 5668 3725 5708 sua
3757 5667 4015 5706 conver-

2417 5728 2592 5789 sione,
2623 5742 2691 5779 eo
2715 5725 2965 5780 ascendit
2993 5735 3052 5778 ut
3077 5726 3299 5780 Petrum
3353 5725 3638 5793 inviseret,
3668 5733 3882 5780 etcum
3931 5736 4015 5777 eo

2415 5796 2773 5861 Evangelium
2813 5796 3105 5851 conferret.
