4180 6434
194 412 283 475 273
883 413 1162 475 ORATIO
1198 414 1353 475 XIV.
1395 412 1568 473 -IN
1597 411 1907 474 LAUDEM
1944 412 2006 473 S.
2039 413 2347 473 MATHL'E
2383 416 2638 476 APOST.

3317 406 3425 469 274

250 526 407 581 ουτω
453 526 717 593 γάννυται
769 527 874 589 πᾶς
928 526 1226 590 ἀπόστολος
1279 527 1751 597 δωροφορούμενος

1926 525 2063 579 Eum
2106 527 2162 580 in
2210 528 2429 584 modum
2486 524 2811 583 muneribus
2849 522 3021 593 accipi
3052 536 3117 579 ac
3163 520 3423 576 honorari

195 618 273 672 καὶ
291 616 601 688 τιμώμενος
621 635 635 649 ο
664 616 808 671 οὕτω
835 618 927 671 καὶ
952 620 1058 683 πᾶς
1083 618 1233 686 ἅγιος
1258 632 1271 646 ⁸
1299 617 1441 671 οὕτω
1471 619 1563 671 καὶ
1590 620 1618 670 ὁ
1641 616 1747 669 τῶν

193 710 346 777 ἁγίων
382 710 565 779 χαίρει
586 707 738 771 Θεὸς,
778 709 965 777 ’Ἄγιος
995 712 1053 763 ὲν
1097 710 1276 777 ἁγίοις
1310 710 1744 778 ἀναπαυόμενος,

194 797 274 851 καὶ
294 797 654 867 δοξαζόμενος
682 798 741 849 ιν
761 797 1154 866 δοξαζομένοις,
1189 799 1218 851 ό
1252 801 1344 851 καὶ
1369 801 1499 870 ἡμῖν
1528 799 1619 851 τὸν
1652 798 1749 868 τῆς

192 890 462 956 ἁγιότητος
491 887 655 956 νόμον
684 888 1011 957 νομοθετῶν.

266 978 480 1031 Οὐκοῦν
550 978 896 1047 σχολάσωμεν
949 979 1189 1050 σήμερον
1243 981 1424 1051 πάσης
1485 983 1748 1052 ἐργασίας

195 1068 438 1138 βιωτικῆς
457 1083 474 1099 ⁸
512 1070 882 1139 σχολάσωμεν,
927 1070 1023 1123 καὶ
1056 1071 1273 1140 γνῶμεν
1302 1074 1384 1125 ὅτι
1414 1068 1569 1134 οὗτός
1600 1076 1747 1127 ἐστιν

192 1161 383 1229 eam,
415 1163 445 1214 ό
476 1161 725 1231 καθάπερ
755 1164 813 1214 ἐν
858 1162 1106 1233 οὐρανοῖς
1139 1166 1252 1226 τοῖς
1293 1164 1609 1227 ἀποστόλοις
1652 1166 1749 1218 αὑ-

194 1253 267 1306 τοῦ
322 1254 616 1316 κατοικῶν,
674 1254 767 1307 καὶ
799 1254 916 1317 ὅλος
950 1254 1018 1307 δι’
1051 1253 1174 1308 ὅλου
1225 1253 1436 1319 τούτοις
1467 1256 1748 1326 ὑπερφυέ-

192 1362 341 1400 στατα
369 1347 451 1416 τῷ
488 1347 757 1416 πνεύματι
792 1349 1199 1418 συνενούμενος,
1233 1350 1325 1402 καὶ
1362 1350 1523 1419 σῶμα
1551 1350 1750 1409 ἑαυτοῦ

193 1440 585 1509 πανακήρατον,
623 1440 964 1506 πανάμωμον
1025 1442 1567 1511 κατασκευαζόμενος
1591 1459 1605 1473 ο
1652 1443 1749 1497 καὶ

195 1530 255 1599 μὴ
278 1529 719 1598 περιφρονῶμεν,
753 1529 866 1582 ἀλλ’
897 1528 1144 1598 εἰδῶμεν,
1194 1530 1270 1595 ὡς
1303 1533 1413 1602 ὅτῳ
1462 1531 1530 1585 ἂν
1560 1533 1750 1603 τρόπῳ

190 1620 283 1678 τοῖς
310 1617 587 1687 μαθηταῖς
619 1616 1078 1688 προσφερώμεθα,
1109 1618 1269 1672 τοῦτο
1305 1621 1440 1689 πρὸς
1466 1621 1629 1675 αὑτὸν
1657 1622 1750 1675 εὐ-

192 1707 408 1769 θυὸόλως
434 1710 531 1761 τὸν
565 1709 895 1763 Διδασκαλον
923 1710 1329 1778 ἀναπέμπεται.
1368 1713 1477 1766 Καὶ
1503 1712 1693 1783 ὥσπερ
1721 1717 1749 1769 ό

192 1798 458 1868 δεχόμενος
502 1800 719 1863 αὐτοὺς,
754 1802 845 1854 τὸν
877 1800 1273 1855 ἀποστείλαντα
1323 1801 1538 1873 δέχεται
1562 1820 1576 1835 ·
1607 1804 1749 1859 οὕτω

193 1896 270 1949 καὶ
285 1898 310 1948 ό
334 1895 575 1959 ἀθετῶν,
610 1897 813 1949 ἐκεῖνον
838 1896 1018 1949 ἀθετεῖ
1035 1895 1256 1967 δηλαδή.

256 1985 401 2039 Ἐπεὶ
423 1984 483 2038 δὲ
516 1984 687 2039 ταῦτα
715 1986 810 2039 καὶ
846 1986 1062 2057 εἴρηται
1113 1986 1294 2050 καλῶς
1326 1989 1421 2043 καὶ
1461 1990 1752 2045 πεπίστευ·

191 2094 283 2141 ται,
309 2076 441 2147 φέρε
471 2077 538 2148 δὴ
577 2080 670 2130 καὶ
710 2079 950 2148 σήμερον
1001 2079 1142 2133 κατὰ
1169 2079 1231 2133 τὸ
1263 2080 1462 2151 μέτρον
1503 2081 1603 2153 τῆς
1627 2084 1750 2137 ἑπι-

192 2168 577 2237 χορηγουμένης
630 2170 839 2222 ἄνωθεν
899 2170 1119 2239 χάριτος
1142 2208 1161 2235 ,
1217 2172 1326 2225 τῶν
1373 2172 1749 2227 ἁποστολικῶν

192 2260 401 2312 ἐπαίνων
456 2259 748 2329 ἁψώμεθα,
782 2261 878 2314 καὶ
906 2260 999 2314 τοῦ
1036 2263 1184 2334 ἱεροῦ
1218 2267 1311 2319 καὶ
1338 2266 1483 2320 θείου
1510 2265 1748 2330 Μαθίου,

192 2350 306 2401 κατὰ
324 2350 382 2403 τὸ
408 2351 535 2403 ἐνὸν
563 2352 663 2420 τῆς
695 2352 1001 2421 δυνάμεως,
1030 2354 1138 2408 τῶν
1166 2355 1456 2426 εὐφημιῶν
1485 2372 1746 2428 κατατρυ-

191 2439 355 2509 φὸμεν
372 2458 386 2470 ο
424 2442 532 2494 οὐκ
554 2443 635 2505 είς
661 2442 864 2511 πλῆθος
898 2444 990 2497 τὸν
1016 2445 1171 2514 λόγον
1191 2446 1599 2510 ἀποτείνοντεςο
1628 2450 1748 2502 οὐδὲ

190 2531 277 2599 γὰρ
299 2534 583 2602 ἀνέχονται
608 2535 987 2605 μακρηγορίας
1013 2536 1063 2589 oi
1090 2539 1217 2606 περὶ
1238 2537 1347 2591 τῶν
1369 2538 1530 2591 θείων
1553 2539 1712 2609 ὕμνοι
1729 2556 1742 2569 ·

191 2618 253 2685 τῷ
292 2622 725 2691 συντετμημένῳ
779 2624 836 2677 δὲ
894 2626 1093 2695 μᾶλλον
1126 2628 1344 2696 ἥδονται
1397 2630 1491 2682 καὶ
1538 2630 1744 2700 γοργῷ.

192 2708 375 2775 Ἄλλως
401 2712 486 2776 δὲ,
523 2714 643 2765 οὐδὲ
676 2715 797 2767 καθ’
832 2714 1060 2769 ἕκαστον
1103 2718 1214 2777 τῶν
1240 2720 1543 2790 εἰρημένων
1570 2721 1741 2791 αὐτῷ,

191 2801 655 2872 ἢπεπραγμένων,
688 2807 787 2858 ὅσα
817 2810 934 2870 ταῖς
964 2812 1201 2878 μακραῖς
1231 2812 1500 2882 περιόδοις
1529 2831 1746 2884 κατωρ-

190 2891 377 2947 θιὶισατο
422 2895 685 2958 διεξιέναι
717 2899 916 2962 σκοπός
940 2918 955 2932 ·
987 2900 1125 2954 ἀλλὰ
1161 2903 1376 2971 πρῶτον
1408 2907 1506 2974 μὲν
1552 2907 1649 2974 τὴν
1679 2909 1751 2960 ίε-

190 2983 273 3049 ραν
303 2984 499 3053 κλῆσιν
526 3025 540 3046 ,
577 2986 767 3039 ἔπειτα
796 2988 893 3058 τὴν
938 2990 1045 3043 ἀπὸ
1078 2993 1177 3061 τῆς
1207 2992 1465 3064 δευτέρας
1485 2996 1591 3048 τῶν
1616 2997 1749 3049 ἀπο-

188 3073 365 3125 στόλων
388 3075 605 3139 τάξεως
650 3078 740 3128 ἐπὶ
763 3077 861 3147 τὴν
906 3080 1131 3149 πρώτην
1159 3083 1326 3136 αὐτοῦ
1362 3089 1749 3155 προσυπομνή-

190 3179 354 3227 σαντες
409 3167 715 3237 ἀναγωγήν
808 3165 925 3221 εἶτα
979 3170 1077 3241 τὴν
1128 3174 1366 3242 μέθεξιν,
1414 3177 1533 3246 ἦτοι
1584 3178 1748 3248 λῆψιν

183 3253 262 3306 τοῦ
307 3258 656 3326 Πνεῦματος,
697 3260 794 3312 καὶ
842 3262 941 3332 τὴν
965 3264 1328 3336 ἀποστολικὴν
1381 3275 1606 3339 πορείαν
1631 3273 1749 3323 ἐπι-

184 3348 474 3414 τέμνοντες,
532 3351 626 3402 καὶ
686 3349 891 3420 βραχέα
940 3357 1453 3426 προσφωνήσαντες,
1508 3360 1748 3426 ἀφοσιω-

183 3436 365 3505 captaa
397 3440 647 3509 μετρίως
674 3439 819 3493 οὕτω
846 3444 941 3510 τὴν
970 3443 1218 3513 ὀφειλὴν.

249 3529 504 3595 Ἐκεῖνος,
564 3533 904 3603 Ἰσραηλίτης
944 3536 1045 3604 μὲν
1075 3532 1142 3606 ἦν
1197 3538 1434 3609 ἀληθῶς,
1470 3540 1658 3612 ὥσπερ
1686 3542 1749 3612 δὴ

180 3621 257 3670 καὶ
284 3622 487 3685 πάντες
534 3624 586 3675 οί
647 3624 909 3693 μαθηταὶ,
965 3628 1060 3679 καὶ
1112 3628 1301 3681 τέκνον
1333 3630 1429 3682 τοῦ
1473 3632 1748 3703 Ἀϐραὰμ,

175 3707 239 3771 ὡς
279 3711 335 3763 τὸ
371 3713 552 3781 ἔργον
590 3712 907 3780 πεποιηκὼς
930 3714 1024 3767 τοῦ
1066 3716 1349 3787 Ἀϐραάμ’
1378 3719 1533 3791 εἰπερ
1592 3722 1752 3789 ἔργον

178 3801 388 3867 ἐκείνου,
421 3804 623 3865 πίστις
670 3805 994 3875 εἰλικρινὴς,
1028 3808 1121 3859 καὶ
1153 3810 1185 3879 ἡ
1240 3810 1480 3881 ἑπομένη
1508 3811 1644 3881 αὐτῇ
1675 3814 1753 3865 δε·-

176 3892 441 3963 καιοσύνη·
488 3893 725 3962 ἐλεγχος
766 3894 824 3948 δὲ
854 3896 1035 3966 πάσης
1065 3897 1166 3964 τῆς
1199 3899 1455 3963 πίστεως,
1486 3903 1515 3954 ό
1549 3902 1752 3972 Κύριος

186 3979 392 4047 Ἰησοῦς,
420 3982 485 4045 ὃς
513 3985 616 4035 καὶ
666 3981 811 4045 λίθος
843 3985 1288 4054 προσκόμματος,
1317 3988 1413 4039 καὶ
1452 3986 1628 4056 πέτρα
1668 4006 1754 4039 τε·

1854 616 2096 685 gestiunt
2124 632 2315 673 omnes
2347 621 2575 690 apostoli
2615 639 2626 673 :
2672 620 2754 674 sic
2781 625 2838 671 et
2865 615 3038 670 sancti
3084 629 3312 678 omnes;
3345 614 3425 668 sic

1852 715 1909 761 et
1944 717 2257 763 sanctorum
2292 710 2455 775 Deus,
2478 712 2569 780 qui
2597 710 2831 765 Sanctus
2853 707 2906 761 in
2934 707 3136 760 sanctis
3156 703 3425 773 conquie-

1853 802 1974 863 scit,
2008 803 2372 874 laudibusque
2404 806 2678 875 excipitur
2712 805 2765 859 in
2796 803 2864 858 iis
2889 800 2983 871 qui
3020 800 3332 862 laudantur,
3360 810 3424 851 ac

1853 890 2013 946 nobis
2044 902 2103 946 ut
2131 894 2305 947 simus
2331 894 2528 957 sancti,
2562 894 2677 964 lege
2698 893 2893 949 sancit.

1924 982 2095 1052 Igitur
2148 1000 2411 1041 vacemus
2450 985 2613 1041 hodie
2658 986 2725 1040 ah
2772 986 2920 1039 omni
2961 1000 3027 1039 ex
3076 981 3263 1037 szeculi
3321 995 3422 1034 usu

1853 1082 2051 1136 opere;
2098 1086 2354 1128 vacemus
2385 1088 2449 1127 ac
2508 1072 2894 1142 intelligamus,
2928 1071 3186 1142 quoniam
3221 1070 3309 1124 hic
3337 1076 3423 1123 est

1856 1160 2018 1224 Deus,
2046 1161 2138 1229 qui
2167 1162 2220 1215 in
2245 1164 2506 1232 apostolis
2530 1164 2646 1219 suis
2676 1163 2886 1218 habitat
2906 1165 3055 1216 velut
3077 1164 3128 1217 in
3158 1162 3312 1217 cadis
3335 1161 3378 1192 δ’
3404 1177 3420 1225 ;

1856 1261 2111 1321 totusque
2140 1271 2202 1307 ex
2237 1264 2348 1309 toto
2376 1257 2457 1311 eis
2480 1273 2646 1326 supra
2668 1272 2831 1327 quam
2854 1256 3051 1308 eximia
3075 1254 3284 1307 ratione
3307 1253 3420 1322 spi-

1857 1344 1964 1396 ritu
1997 1344 2205 1407 unitur,
2253 1360 2522 1414 suumque
2553 1345 3091 1415 incorruptissimum
3126 1354 3183 1399 et
3233 1345 3427 1398 imma-

1856 1433 2252 1489 culatissimum
2296 1449 2497 1504 corpus
2532 1435 2653 1489 illos
2701 1435 2907 1491 ellicit:
2966 1450 3069 1489 nec
3098 1448 3231 1488 vero
3287 1448 3424 1488 con-

1857 1534 2181 1587 temnamus,
2200 1525 2295 1579 sed
2330 1525 2721 1595 intelligamus,
2753 1541 2863 1593 quo
2894 1525 3111 1580 tandem
3143 1523 3308 1578 modo
3339 1522 3423 1577 usi

1854 1616 2142 1685 discipulis
2189 1617 2475 1680 fuerimus,
2505 1616 2557 1671 id
2588 1616 2655 1670 ad
2684 1617 2863 1685 ipsum
2908 1625 3057 1671 recta
3105 1615 3423 1685 Magistrum

1854 1721 2138 1781 spectare:
2165 1726 2230 1765 ac
2262 1710 2407 1765 sicut
2432 1710 2526 1779 qui
2557 1725 2653 1764 eos
2685 1710 2900 1779 recipit,
2946 1724 3071 1763 eum
3103 1707 3298 1777 recipit
3330 1704 3423 1777 qui

1856 1804 2033 1874 ipsum
2062 1804 2247 1865 misit,
2278 1804 2360 1856 sic
2399 1801 2493 1870 qui
2528 1803 2759 1870 spernit,
2793 1801 2945 1856 illum
2977 1801 3167 1870 utique
3198 1813 3425 1869 sperne-

1784 1877 1825 1933 Β
1855 1911 1937 1960 re,
1962 1905 2115 1951 certo
2146 1894 2463 1948 noverimus
2490 1893 2556 1947 “.

1922 1985 2375 2055 Quandoquidem
2406 1995 2589 2040 autem
2642 1985 2757 2040 haec
2787 1992 2936 2040 recte
2979 1993 3093 2040 tum
3121 1984 3269 2040 dicta
3309 1994 3424 2040 tum

1855 2078 2063 2133 credita
2088 2085 2236 2143 sunt,
2260 2093 2357 2148 age
2386 2077 2549 2132 hodie
2576 2079 2742 2133 etiam
2774 2093 2874 2147 pro
2902 2092 3178 2132 concessae
3208 2078 3426 2133 cmlitus

1855 2170 2038 2239 gratia:
2090 2169 2333 2234 modulo,
2394 2170 2727 2238 apostolicas
2778 2168 2970 2223 laudes
3022 2170 3423 2240 aggrediamur,

1855 2262 2104 2330 sacrique
2124 2277 2190 2314 ac
2221 2260 2393 2313 divini
2427 2260 2662 2326 Mathize,
2708 2268 2911 2330 quanta
2939 2260 3022 2314 vis
3047 2261 3214 2316 animi
3260 2277 3323 2316 ac
3345 2261 3426 2316 fa-

1853 2354 2048 2417 cultas,
2075 2353 2366 2422 praeconiis
2394 2352 2501 2406 laeti
2526 2352 2906 2421 indulgeamus
2935 2372 2948 2406 :
2978 2368 3089 2407 non
3120 2367 3183 2406 ea
3217 2352 3428 2407 ratione

1855 2453 1916 2498 ut
1948 2459 2256 2499 sermonem
2297 2444 2453 2513 copia
2486 2444 2875 2513 protrabamus
2906 2458 2919 2497 :
2953 2457 3079 2497 nam
3129 2458 3308 2512 neque
3339 2441 3427 2495 di-

1853 2535 1995 2589 vina:
2025 2533 2215 2589 laudes
2244 2534 2613 2603 prolixitatem
2646 2533 2850 2598 ferunt,
2892 2533 3027 2603 quin
3060 2532 3216 2587 brevi
3240 2532 3426 2602 potius

1854 2641 1918 2679 ac
1934 2624 2105 2678 vivaci
2127 2640 2222 2679 seu
2254 2624 2478 2679 incitato
2508 2625 2730 2694 eloquio
2751 2625 2995 2695 proclive
3018 2625 3425 2693 depanguntur.

1852 2718 1930 2771 Ac
1962 2732 2067 2771 nec
2102 2726 2365 2785 praeterea
2395 2716 2527 2771 illud
2559 2717 2747 2771 animo
2779 2717 3161 2782 constitutum,
3187 2723 3248 2769 ut
3284 2714 3430 2769 dicta

1854 2823 2086 2876 quaeque
2120 2816 2215 2861 aut
2273 2806 2413 2862 facta
2463 2807 2829 2878 (quaecunque
2859 2808 3071 2863 scilicet
3096 2823 3194 2877 per
3239 2806 3431 2877 longos

1856 2898 2121 2952 circuitus
2153 2899 2411 2968 praeclare
2466 2898 2543 2952 illi
2580 2909 2730 2969 gesta
2757 2900 2907 2969 sunt)
2955 2898 3287 2961 edisseram;
3331 2896 3428 2952 sed

1856 3000 1916 3043 ut
1943 2990 2179 3059 primum
2224 3005 2378 3043 sacra
2410 2990 2697 3045 vocatione
2738 2990 2930 3051 relata.
2980 2999 3206 3059 tumque
3232 2990 3353 3061 ejus
3397 3003 3428 3041 a

1854 3081 2095 3136 secunda
2124 3081 2190 3135 ad
2238 3083 2470 3151 primam
2519 3083 2893 3152 apostolorum
2945 3082 3174 3137 classem
3230 3096 3429 3151 prove-

1856 3175 2035 3227 ctione
2060 3182 2309 3238 narrata;
2334 3173 2643 3249 exindeque
2669 3174 2997 3242 compendio
3022 3174 3281 3227 collatum
3303 3172 3428 3241 Spi-

1858 3264 1997 3317 ritus
2043 3262 2270 3327 donum,
2311 3280 2375 3318 ac
2409 3279 2509 3333 pro
2541 3264 2843 3334 apostolico
2896 3279 3125 3318 munere
3171 3270 3426 3332 suscepta

1859 3354 2054 3407 itinera
2074 3354 2344 3417 exsecuti,
2374 3354 2638 3423 brevique
2659 3352 3055 3409 acclamatione
3088 3368 3184 3407 seu
3220 3353 3427 3408 saluta-

1860 3446 2005 3499 tione
2033 3445 2228 3506 functi,
2252 3445 2332 3499 sic
2352 3444 2432 3499 vel
2454 3444 2666 3499 modice
2689 3444 2937 3500 debitum
2972 3444 3368 3514 persolvemus.

1928 3537 2159 3591 Mathias
2211 3552 2341 3592 vere
2364 3537 2457 3591 ille
2479 3536 2702 3606 quidem
2736 3536 2980 3591 Israelita
3011 3535 3135 3599 fuit,
3169 3534 3431 3604 quemad-

1861 3629 2082 3682 modum
2141 3630 2306 3683 etiam
2343 3630 2539 3698 reliqui
2577 3628 2938 3697 discipuli“,
2989 3636 3152 3697 atque
3196 3626 3429 3681 Abrahae

1859 3718 2025 3783 ﬁlius,
2075 3726 2135 3772 ut
2181 3719 2276 3788 qui
2310 3718 2543 3773 Abrahae
2569 3734 2709 3787 opus
2738 3718 2932 3773 fecerit
2970 3736 2983 3771 :
3036 3718 3239 3788 quippe
3290 3732 3429 3786 Opus

1858 3810 2028 3872 illius,
2062 3825 2191 3864 vera
2223 3808 2358 3864 fides
2389 3818 2511 3875 est;
2542 3825 2607 3863 ac
2636 3825 2757 3878 qua:
2789 3809 2921 3863 huic
2973 3824 3158 3863 comes
3189 3807 3426 3870 exsistit,

1853 3901 2088 3972 iustitia.
2134 3901 2325 3955 Omnis
2364 3910 2549 3955 autem
2582 3900 2707 3954 fidei
2740 3900 3013 3969 probatio,
3044 3898 3308 3953 Dominus
3333 3897 3427 3952 Je-

1858 4008 1974 4054 sus,
2002 4008 2165 4061 quem
2215 3992 2450 4061 lapidem
2477 3991 2801 4046 offensionis
2829 4000 2887 4045 et
2925 3998 3136 4059 petram
3184 3988 3429 4043 scandali

176 4068 363 4124 θεῑσθαι
398 4075 731 4143 γέγραπται
790 4075 1107 4138 σκανδάλου,
1152 4076 1355 4145 δηλαδὴ
1408 4079 1521 4140 τοῖς
1554 4079 1751 4150 καρδίᾳ

1859 4084 2141 4153 Scriptura
2169 4084 2405 4154 positum
2453 4092 2717 4148 testatur;
2752 4097 2949 4152 nempe
2996 4082 3103 4135 illis
3131 4079 3226 4150 qui
3257 4095 3428 4149 pravo

176 4164 525 4231 κεχρημένοις
553 4164 805 4234 σκαμ6ῇ”
839 4166 1111 4233 ἀνευθέτῳ
1146 4166 1371 4237 γνώμης
1389 4167 1741 4240 στρεϐλότητι

175 4255 249 4302 καὶ
270 4254 697 4325 διεστραμμένη
722 4256 952 4326 διανοίᾳ,
1000 4258 1077 4325 τῷ
1106 4258 1297 4328 ἀγαθῷ
1337 4260 1431 4312 καὶ
1462 4260 1610 4313 εὐθεῖ
1653 4260 1752 4332 τὴν

1860 4183 2150 4230 versantur
2204 4173 2370 4229 corde
2400 4175 2472 4237 ‘5;
2524 4174 2616 4242 qui
2667 4175 2930 4227 nimirum
2986 4174 3171 4241 inepta
3224 4172 3430 4227 mentis

1860 4267 2216 4336 perversitate
2246 4281 2311 4320 ac
2343 4265 2583 4335 obliquis
2622 4265 2789 4319 animi
2826 4264 3151 4327 rationibus,
3197 4264 3274 4318 illi
3324 4263 3428 4317 im-

176 4342 314 4406 ςύσιν
350 4347 799 4416 προσπταίουσι,
855 4349 949 4402 καὶ
1006 4350 1417 4421 ἐφαρμοσθῆναι
1448 4353 1621 4422 τούτῳ
1678 4354 1751 4425 μὴ

1860 4358 2092 4428 pingunt
2116 4359 2209 4426 qui
2264 4365 2457 4410 natura
2489 4356 2665 4409 bonus
2694 4364 2983 4424 rectusque
3032 4363 3136 4418 est,
3177 4368 3279 4408 nec
3318 4354 3425 4423 ipsi

175 4434 527 4506 βουλομένοις,
570 4439 607 4508 ἢ
646 4440 721 4508 μὴ
744 4440 1057 4510 δυναμένοις
1079 4459 1091 4471 ·
1123 4444 1268 4506 ὅσοις
1292 4444 1347 4497 δὲ
1371 4442 1496 4508 νοῦς
1523 4445 1751 4517 εὐθύτη-

1859 4449 2104 4518 coaptari
2129 4457 2225 4503 aut
2259 4449 2469 4513 volunt,
2521 4456 2615 4502 aut
2645 4454 2906 4516 possunt:
2941 4454 3213 4514 quotquot
3242 4452 3424 4498 autem

173 4540 247 4589 τος
276 4528 509 4600 μέτοχος
542 4532 648 4583 καὶ
684 4530 1042 4602 ἀγαθότητος,
1074 4533 1151 4604 τῷ
1184 4536 1354 4605 ὁμοίῳ
1380 4535 1440 4588 τὸ
1466 4536 1652 4605 ὅμοιον
1681 4538 1751 4600 ὡς

1860 4557 1923 4595 ea
1948 4550 2129 4594 mente
2159 4539 2396 4608 praediti,
2429 4554 2550 4607 qua:
2576 4539 2647 4592 sit
2681 4535 3030 4591 rectitudinis
3055 4534 3331 4604 particeps
3362 4548 3427 4588 ac

179 4622 375 4686 τάχιστα
426 4623 671 4687 γνόντες
709 4623 805 4675 καὶ
840 4626 1284 4689 πεπιστευκότες,
1336 4628 1428 4679 καὶ
1477 4628 1566 4680 τὸν
1627 4629 1751 4682 Υίδν

1858 4630 2145 4693 bonitatis,
2183 4630 2363 4684 simile
2400 4629 2565 4682 simili
2601 4642 2763 4697 quam
2820 4627 3105 4681 celerrime
3148 4640 3422 4694 cognove-

173 4707 247 4760 τοῦ
278 4711 368 4763 ἀνθ
380 4712 581 4781 ρώπου
616 4713 760 4764 κατὰ
788 4714 949 4779 φύσιν
978 4715 1252 4784 ὀρώμ.εν·“›ν
1297 4719 1392 4769 καὶ
1416 4720 1751 4790 γνωριζόμε-

1858 4731 1983 4775 runt
2026 4736 2089 4773 ac
2144 4720 2521 4783 crediderunt,
2575 4719 2882 4786 Filiumque
2937 4717 3177 4771 hominis
3230 4724 3426 4771 natura

175 4814 263 4859 Wa,
304 4802 395 4852 τὸν
425 4802 610 4854 αὐτὸν
647 4804 740 4854 καὶ
776 4804 903 4856 Υίὸν
928 4805 1063 4857 Θεοῦ
1121 4806 1294 4877 ἀληθῆ
1330 4810 1443 4870 τοίς
1477 4810 1751 4877 ὑπερφυε-

1858 4814 2212 4881 conspicuum
2244 4826 2307 4865 ac
2350 4811 2644 4873 visibilem,
2684 4809 2940 4863 eumdem
3004 4808 3180 4877 ipsum
3232 4822 3423 4861 verum

176 4893 359 4957 οτάτοις
412 4896 533 4948 τῶν
602 4895 927 4964 θαυμασίων
969 4897 1345 4969 βεϐαιούμενοι
1372 4940 1387 4965 ,
1446 4894 1591 4953 οὗτοι
1656 4902 1751 4956 καὶ

1856 4904 1951 4958 Dei
2005 4904 2225 4964 Filium‘,
2284 4901 2687 4972 pragmagnifica
2728 4901 3011 4971 signorum
3051 4901 3174 4953 luce
3211 4898 3421 4953 inducti

174 4984 313 5036 τέκνα
365 4986 461 5039 τοῦ
501 4986 801 5055 Ἀϐραὰμ,
848 4987 923 5051 ὡς
970 4988 1046 5058 τῷ
1083 4991 1291 5043 ἐκείνου
1336 4994 1613 5061 μιμήματι
1662 5012 1751 5046 πι-

1857 5005 2007 5050 certo
2037 4994 2453 5055 existimarunt;
2493 4992 2548 5046 hi
2576 4992 2809 5055 scilicet,
2848 5001 2961 5046 tum
2995 4990 3088 5044 lilii
3123 4990 3417 5053 Abraham,

177 5077 455 5140 στεὺοντες,
487 5078 599 5131 καὶ
646 5078 817 5130 τέκνα
868 5079 1024 5143 θεοῦ,
1069 5082 1168 5133 οὐκ
1200 5083 1491 5154 ἀκολουθίᾳ
1544 5085 1751 5153 φύσεως

1857 5087 2004 5140 velut
2027 5085 2175 5139 illius
2207 5084 2494 5138 credentes
2542 5084 2815 5151 exemplo,
2870 5090 2983 5134 tum
3020 5080 3116 5133 filii
3148 5079 3264 5144 Dei,
3310 5094 3420 5133 non

176 5164 273 5218 οὐδὲ
302 5171 555 5239 σαρκίνῳ
602 5167 931 5237 γεννώμενα
983 5172 1285 5241 θελήματι,
1316 5175 1404 5227 διὰ
1436 5176 1665 5240 πίστεως
1701 5179 1751 5231 δὲ

1859 5188 2061 5231 naturae
2087 5177 2284 5231 ordine
2319 5184 2415 5228 aut
2462 5176 2647 5229 carnis
2678 5174 2961 5227 voluntate
3014 5171 3149 5236 nati,
3188 5170 3284 5225 sed
3327 5186 3424 5239 per

178 5258 251 5307 ul
278 5260 499 5330 ἀγάπης
542 5259 652 5313 τοῦ
692 5260 1027 5327 Μονογενοῦς
1053 5263 1497 5334 ἀναγεννὼμενα.

1858 5268 2130 5337 [Ὶιιίςοηίιί
2177 5267 2338 5321 fidem
2395 5280 2459 5320 ac
2510 5265 2863 5320 dilectionem
2918 5262 3133 5325 renati,
3193 5261 3421 5315 exstite-

1858 5370 2007 5414 I‘lllll.

238 5442 444 5497 Τούτων
475 5440 568 5506 εἷς
606 5444 715 5497 καὶ
746 5446 774 5497 ὁ
807 5448 1223 5517 μακαριώτατος
1272 5453 1606 5522 ἐχρημάτισε
1643 5456 1751 5507 Μα-

1936 5453 2138 5504 llorum
2187 5467 2217 5505 e
2267 5464 2498 5504 numero
2545 5462 2688 5501 unus
2722 5446 2933 5501 exstitit
2972 5454 3026 5499 et
3072 5443 3422 5499 beatissimus

183 5529 296 5599 θίας,
324 5538 417 5589 καὶ
457 5536 693 5603 ἀγαθὸς
723 5536 824 5613 τῂν
851 5537 1026 5609 ψυχὴν
1056 5542 1120 5593 ἐκ
1175 5542 1364 5605 παιδὸς
1398 5542 1493 5605 ὢν,
1543 5544 1638 5596 καὶ
1667 5544 1751 5597 τὸν

1861 5545 2121 5599 Matliias:
2156 5558 2404 5612 nempea
2456 5541 2660 5595 teneris
2706 5539 2999 5609 unguibus,
3054 5537 3193 5591 bona
3242 5534 3424 5589 anima

184 5624 283 5678 νῶν
305 5628 487 5693 εὐθὺς,
509 5630 617 5680 καὶ
653 5625 757 5695 τὴν
791 5629 1015 5696 καρδίαν
1042 5631 1249 5701 πραῢς,
1281 5634 1375 5686 καὶ
1398 5634 1498 5704 τὴν
1530 5635 1751 5704 γνώμην

1861 5647 2024 5705 atque
2070 5636 2253 5689 indole
2305 5634 2587 5703 praeditus,
2641 5641 2932 5699 menteque
2970 5636 3156 5682 rectus
3183 5634 3240 5682 et
3284 5624 3427 5680 lenis

243 5798 433 5857 "l‘sal.
472 5818 606 5866 va,
658 5800 752 5854 Η.
830 5801 872 5832 ⁵³
901 5799 1029 5857 Luc.
1069 5820 1124 5869 κ,
1162 5805 1242 5860 l6.
1319 5806 1361 5839 ³³
1386 5806 1544 5861 Joau.
1580 5825 1616 5871 ι,
1645 5808 1748 5875 -ί7;

1855 5824 1905 5873 ει,
1940 5811 2025 5863 59.
2108 5810 2148 5837 “‘
2182 5811 2285 5861 ls.i.
2328 5823 2416 5861 \‘lll
2480 5806 2535 5858 ll
2574 5820 2588 5867 ι
2645 5804 2803 5857 lloni.
2852 5819 2924 5867 ιι,
2952 5801 3042 5855 52.
