4180 6434
746 402 854 465 275

1910 414 2203 478 NICET/E
2242 420 2437 481 PAPH
2449 424 2687 484 LAGON
2700 426 2768 485 [S

3896 435 4008 497 2'76

744 516 950 580 animo,
1002 532 1274 587 sensuque
1312 522 1559 591 placidus
1606 539 1671 579 ac
1728 528 2008 584 modestus
2059 534 2317 603 mitisque

2425 538 2675 607 χρηστὸς.
2704 541 2796 594 καὶ
2814 540 2904 594 τδν
2923 541 3021 612 τῆς
3046 544 3223 615 ψυχῆς
3240 546 3438 616 τρόπον
3464 547 3732 617 ἐπιεικὴς,
3755 549 3828 612 ὡς
3849 549 4012 619 μόνον

746 622 871 661 cum
902 618 1064 672 esset,
1088 609 1181 664 ubi
1212 614 1451 681 primum
1475 616 1602 670 Jesu
1627 617 1770 676 fama
1800 624 1855 677 in
1888 625 2143 679 omnium
2172 642 2334 681 aures

746 700 1008 762 insonuit,
1046 713 1442 773 coeperuntque
1466 705 1675 764 Christi
1720 715 1983 769 miracula
2011 716 2065 769 in
2105 717 2327 771 Christo

746 786 1180 859 increbrescere,
1234 796 1376 849 haud
1409 799 1542 853 satis
1566 804 1779 869 putavit
1824 806 2013 861 auditu
2062 809 2179 863 solo
2202 826 2329 864 ver-

743 877 873 930 bum
907 882 1222 951 suscipere;
1256 888 1391 953 quin
1421 896 1477 940 et
1513 893 1761 946 cucurrit
1811 894 1995 948 animo
2039 898 2235 952 avidus
2269 908 2330 952 ut

745 970 878 1039 ipsis
912 990 1129 1043 quoque
1161 977 1338 1031 oculis
1366 980 1759 1036 miraculorum
1788 984 2065 1054 inspector
2092 987 2268 1043 ﬁeret.

814 1064 932 1117 Mox
962 1065 1143 1135 itaque
1166 1084 1229 1122 ac
1264 1069 1421 1137 vidit,
1446 1088 1552 1126 non
1593 1073 1886 1140 dubitavit,
1910 1086 2004 1131 aut
2033 1080 2183 1133 velut
2232 1083 2325 1150 qui

744 1156 973 1210 modica:
1042 1158 1169 1213 ﬁdei
1222 1170 1370 1227 sunt,
1435 1179 1639 1233 anceps
1703 1167 1881 1222 haesit.
1947 1171 2068 1225 Non
2124 1173 2324 1227 invidia

741 1248 967 1315 exarsit,
1020 1252 1171 1306 velut
1204 1256 1585 1326 malignissimi
1625 1259 1835 1327 Judazi;
1877 1278 1984 1317 non
2022 1264 2323 1319 dementis-

741 1338 1007 1393 simorum
1033 1343 1320 1411 gentilium
1357 1362 1510 1403 more
1540 1350 1763 1418 segnior
1792 1351 1935 1418 fuit;
1969 1356 2101 1423 quin
2139 1356 2323 1410 animo

741 1429 1049 1495 revirescit,
1073 1433 1347 1488 excitatur
1374 1438 1609 1505 spiritu;
1662 1456 1726 1495 ac
1750 1443 1973 1511 quidem
2014 1454 2196 1501 mente
2227 1448 2322 1502 ad-

741 1518 996 1584 miratur,
1031 1520 1085 1575 in
1117 1522 1455 1579 desiderium
1506 1544 1637 1582 vero
1665 1532 1924 1586 transfert
1968 1536 2318 1603 miraculum,

741 1610 1191 1686 desideriumque
1256 1618 1537 1674 desiderio
1587 1624 1910 1687 cumulans,
1965 1627 2019 1679 in
2072 1629 2317 1685 divinum

740 1714 983 1754 amorem
1008 1705 1281 1771 provehit.
1308 1707 1630 1763 Vehementi
1667 1711 1905 1783 denique
1949 1726 2318 1790 contenteque

739 1788 1067 1846 bonil‘ormis
1124 1795 1328 1849 amoris
1390 1798 1629 1865 ardore,
1689 1803 1915 1872 depulsa
1975 1819 2314 1864 tcrrenorum

740 1884 887 1937 omni
943 1886 1267 1955 cupiditate,
1330 1890 1590 1959 omnique
1648 1898 1831 1950 saeculi
1886 1899 2048 1969 hujus
2090 1917 2318 1957 excussa
2355 1880 2393 1933 Β

740 1992 902 2041 cura;
929 1988 1090 2048 atque
1124 1986 1451 2039 necessariis
1481 1988 1703 2055 quidem
1733 1991 1990 2046 omnibus
2034 1995 2182 2047 velut
2218 1996 2318 2049 mi-

739 2069 887 2123 nimc
942 2076 1270 2129 necessariis
1326 2078 1549 2146 spretis,
1604 2080 2057 2152 charissimisquc
2115 2086 2321 2141 relictis

738 2162 1203 2227 velutcxtraneis,
1235 2170 1481 2222 omnium
1519 2173 1636 2225 vice
1669 2189 1835 2226 unum
1861 2176 2064 2244 oppido
2098 2180 2320 2247 Optabat

740 2256 981 2309 nancisci
1024 2258 1235 2313 Jcsnm.
1293 2262 1401 2315 llas
1464 2282 1601 2319 uuas
1641 2271 2005 2337 percupiebat
2050 2273 2269 2327 divitias
2304 2294 2315 2327 :

738 2352 906 2399 totam
937 2348 1016 2402 illi
1058 2350 1223 2405 vitam
1258 2368 1442 2408 comes
1472 2356 1753 2412 adhaerere
1782 2362 2018 2427 avebat;
2061 2372 2115 2416 et
2144 2376 2203 2418 ut
2235 2366 2320 2418 di-

735 2439 893 2494 vinas
922 2440 1067 2496 illius
1106 2454 1413 2500 mereretur
1446 2448 1639 2503 audire
1674 2452 2112 2519 prmdicationes,
2148 2458 2320 2524 pluris

739 2530 817 2583 illi
849 2548 1067 2587 servum
1103 2551 1244 2601 esse,
1280 2556 1442 2607 quam
1464 2550 1521 2594 ut
1548 2544 1931 2597 universorum
1964 2547 2132 2602 herus
2152 2557 2317 2613 esset,

738 2621 1018 2679 habebat:
1053 2643 1221 2683 unum
1280 2631 1431 2685 illum
1465 2634 1590 2688 vitae
1633 2653 1746 2691 sua:
1784 2648 1992 2707 patrem
2030 2652 2084 2695 ct
2142 2653 2321 2711 pasto—

740 2729 858 2768 rem
878 2723 1041 2785 atque
1079 2720 1403 2789 magistrum
1434 2734 1490 2778 et
1516 2736 1911 2797 praeceptorem
1937 2731 2194 2786 ducebat.

806 2805 949 2872 Quid
980 2825 1113 2864 vero
1135 2812 1443 2868 Dominus?
1480 2833 1611 2870 num
1638 2819 1894 2890 discipuli
1917 2825 2320 2878 mmulationem

739 2900 980 2967 sprevit?
1033 2902 1140 2957 Aut
1168 2904 1391 2961 admisit
1420 2910 1669 2977 quidem,
1722 2914 1817 2967 sed
1868 2922 2045 2969 tamen
2081 2916 2321 2972 ﬁdelium

742 2991 917 3045 turba
970 2994 1360 3051 innumerabili
1406 3001 1645 3071 adlegit?
1696 3005 1781 3057 vel
1841 3005 2079 3076 denique
2128 3009 2321 3076 paucis

742 3079 964 3146 quidem
1012 3092 1068 3152 et
1126 3086 1220 3153 qui
1275 3086 1435 3142 facile
1470 3102 1899 3148 numerarentur
1945 3099 2249 3161 accensuit,
2287 3116 2315 3153 a

2438 629 2592 700 ἡτοῦ
2645 630 2820 698 Ἰησοῦ
2853 634 3009 704 φήμη
3042 636 3145 688 ἀνὰ
3188 637 3368 699 πάσας
3417 639 3526 691 τῶν
3578 639 3882 709 ἀνθρώπιον
3929 641 4010 693 διο

2436 723 2618 788 ηχείτο
2647 720 2837 785 ἀκοὰς,
2874 722 3053 775 καὶτὰ
3081 724 3176 777 τοῦ
3209 725 3443 795 Χριστοῦ
3480 727 3757 797 θαυμάσια
3787 730 3845 780 ἐν
3874 730 4013 798 Χρι-

2436 810 2545 879 στῷ
2576 811 3012 878 ἁπεκαλύπτετο,
3062 819 3162 868 οὐκ
3193 816 3465 888 αὐταρκες
3493 819 3694 888 ἥγηται
3734 819 3800 872 δι’
3837 821 4013 890 ἀκοῆς

2436 903 2603 970 μόνης
2654 903 2715 955 τὸ
2750 905 2901 973 ρἦα
2948 898 3547 980 καταδέξασθαιῇἀλλά
3598 910 3692 962 καὶ
3732 910 4013 979 αὐτόπτης

2431 995 2538 1047 τῶν
2569 997 2887 1065 θαυμασίων
2924 998 3125 1068 έδραμε
3158 1001 3429 1069 γενέσθαι.

2515 1090 2601 1151 Ὠς
2622 1090 2714 1143 οὖν
2746 1088 2903 1150 εἶδεν.
2942 1094 3041 1145 οὐκ
3076 1095 3352 1149 ὲδίστασεν
3386 1098 3461 1160 ὡς
3487 1101 3534 1151 οἱ
3580 1098 3911 1167 ὀλιγόπιστοι
3937 1102 4007 1169 τῇ

2427 1178 2649 1249 διανοίᾳ.
2683 1182 2796 1235 Οὐκ
2842 1182 3163 1252 ἐόάσκηνεν,
3202 1188 3276 1250 ὼς
3300 1189 3348 1240 oi
3384 1190 3677 1258 κακοήθεις
3722 1189 3967 1242 Ἰουδαῖοι
3991 1208 4005 1220 ·

2426 1270 2545 1322 οὐδὲ
2569 1273 2971 1343 ὲρρᾳθύμησεν,
3004 1275 3079 1338 ὡς
3108 1278 3157 1328 οἱ
3198 1279 3515 1332 ἀνούοτατοι
3564 1282 3673 1333 τῶν
3737 1281 3967 1334 ἐθνικῶν
3992 1294 4006 1307 ’

2426 1362 2542 1413 ἀλλ’
2599 1363 2889 1418 ἀναθάλλει
2952 1368 3052 1436 τὴν
3111 1369 3382 1437 καρδίαν,
3440 1371 3887 1443 ἀναζωπυρεῖται
3941 1374 4008 1425 τὸ

2425 1454 2672 1521 π·ιεῢμα⁶
2704 1457 2795 1508 καὶ
2849 1459 3119 1527 θαυμάζει
3156 1461 3256 1529 μὲν
3312 1462 3389 1530 τῷ
3444 1463 3558 1527 νοῒ,
3606 1465 3683 1526 εἰς
3731 1464 3893 1518 πόθον
3943 1464 4006 1517 δὲ

2428 1547 2744 1618 μετατίθησι
2778 1548 2839 1601 τὸ
2895 1550 3118 1621 θαῦμα·
3172 1553 3322 1624 πόθῳ
3373 1556 3429 1608 δὲ
3461 1557 3619 1608 πόθον
3666 1557 4005 1624 προστιθεὶς.

2422 1637 2500 1697 είς
2551 1637 2729 1689 ἔνθεον
2769 1637 2947 1706 ἔρωτα
3009 1642 3340 1710 προκόπτειο
3392 1644 3468 1714 τῷ
3526 1646 3740 1715 σφυδρῷ
3788 1646 3845 1697 δέ
3910 1648 4005 1699 τοῦ

2419 1726 2762 1793 ἀγαθοειδοῦς
2783 1728 2983 1800 ἔρωτος
3006 1734 3096 1785 καὶ
3116 1736 3487 1804 ἐπιτεταμένῳ
3515 1739 3694 1790 πᾶσαν
3724 1738 3831 1791 τῶν
3852 1740 4007 1791 κάτω

2420 1818 2885 1890 διακρουσάμενος
2914 1822 3234 1893 ἐπιθυμίαν,
3265 1825 3360 1878 καὶ
3392 1827 3572 1880 πᾶσαν
3613 1827 3708 1881 τοῦ
3746 1828 3840 1881 νῦν
3867 1831 4009 1882 αἰῶ-

2422 1927 2509 1973 νος
2536 1914 3004 1985 ἀποτιναξάμενος
3038 1918 3273 1987 σπουδήν
3294 1934 3309 1949 ·
3347 1920 3441 1971 καὶ
3470 1921 3704 1983 οἰκείους
3742 1922 3839 1992 μὲν
3865 1923 4010 1976 πάν-

2420 2019 2520 2065 τας
2544 2003 2620 2066 ὡς
2650 2006 2952 2071 ἀνοικείους
2987 2009 3279 2079 ὑπεριδὼν,
3305 2011 3380 2074 ὡς
3408 2012 3721 2082 ἀλλοτρίους
3770 2015 3826 2067 δὲ
3877 2016 4013 2076 τοὺς

2423 2093 2711 2160 φιλτάτους
2732 2096 2913 2165 ἀφεὶς,
2949 2098 3105 2167 μόνον
3134 2098 3279 2168 ἔχειν
3308 2102 3430 2154 ἀντὶ
3457 2104 3673 2155 πάντων
3699 2104 3886 2156 ἐπόθει
3914 2104 4011 2156 τόν

2435 2185 2660 2253 Ἰησοῦν.
2687 2188 2865 2240 Μόνον
2891 2189 3125 2258 Χριστὸν
3157 2191 3342 2243 ἐπόθει
3371 2193 3622 2246 πλουτεῖν
3646 2214 3658 2226 ο
3693 2194 3843 2264 αὐτῷ
3875 2196 4013 2247 ἀκοο

2421 2278 2628 2331 λουθεῖν
2666 2280 2754 2332 διά
2782 2278 2894 2348 βίου
2930 2283 3130 2344 παντός
3156 2298 3170 2313 ο
3206 2283 3369 2336 αὐτοῦ
3408 2283 3517 2336 τῶν
3548 2286 4012 2357 θεορῤημοσυνῶν

2422 2368 2809 2434 καταξιοῦσθαι
2837 2386 2850 2400 ·
2909 2370 3072 2422 αὐτοῦ
3135 2371 3321 2435 δοῦλος
3379 2369 3539 2436 εἶναι,
3576 2374 3608 2442 ἢ
3643 2375 3751 2427 τῶν
3787 2375 4014 2427 πάντων

2419 2460 2687 2531 δεσπότην
2711 2461 3008 2529 ἐπεθύμει·
3046 2462 3138 2515 καὶ
3172 2464 3334 2515 αὐτὸν
3365 2465 3462 2535 τῆς
3498 2466 3702 2527 οἰκείας
3728 2466 3874 2534 ζωῆς
3901 2484 4016 2517 πα-

2421 2552 2577 2617 τέρα,
2631 2554 2863 2622 ποιμένα
2920 2554 3014 2607 καὶ
3065 2554 3384 2608 διδάσκαλον
3441 2557 3600 2626 μόνον
3651 2558 3859 2609 ἐτίθετο
3912 2557 4015 2611 καὶ

2423 2643 2762 2713 καθηγητήν.

2495 2823 2559 2877 Τί
2591 2825 2677 2878 δαὶ
2706 2828 2733 2878 ὁ
2762 2827 2999 2895 Κύριος;
3031 2821 3139 2898 ἆρα
3179 2827 3403 2898 παρεῖδε
3435 2828 3523 2879 τὸν
3569 2827 3727 2895 ζῆλον
3777 2828 3869 2879 τοῦ
3903 2845 4016 2897 μα-

2424 2915 2631 2985 θητοῦ;
2685 2918 2753 2968 Ἢ
2786 2917 3054 2986 προσέσχε
3094 2918 3213 2987 μὲν,
3261 2916 3338 2986 τῷ
3389 2918 3677 2987 ἀναρίθμῳ
3708 2917 3764 2969 δὲ
3817 2916 4016 2969 τοῦτον

2423 3006 2616 3076 πλήθει
2644 3007 2897 3069 συνέταξε
2929 3008 3037 3059 τῶν
3072 3008 3279 3061 πιστῶν
3304 3024 3317 3071 ;
3350 3009 3382 3078 ἢ
3412 3011 3522 3071 τοῖς
3548 3010 3747 3075 ὀλίγοις
3785 3008 3881 3078 μὲν
3912 3010 4016 3061 καὶ

2418 3098 2807 3167 εὐαριθμήτοις
2844 3099 3269 3170 συνηρίθμησεν,
3322 3101 3419 3167 τῆς
3456 3099 3679 3169 πρώτης
3714 3101 3769 3151 δέ
3797 3099 4015 3164 τάξεως

743 3170 915 3238 prima
953 3181 1132 3228 tamen
1168 3179 1338 3233 classe
1370 3182 1617 3249 repulit?
1664 3184 1884 3240 Minime
1912 3189 2155 3255 gentium
2180 3208 2192 3255 ;
2221 3191 2315 3245 sed

2425 3188 2722 3253 ἀπώσατος
2760 3187 3045 3256 Οὐδαμῶς·
3083 3188 3218 3241 ἀλλά
3259 3189 3355 3257 τῆς
3386 3188 3643 3258 δευτέρας
3677 3190 3773 3258 μὲν
3799 3186 4016 3252 τάξεως

743 3279 869 3315 cum
918 3264 1155 3333 primum
1209 3272 1466 3326 secundae
1514 3273 1915 3345 discipulorum
1959 3281 2147 3336 classis
2192 3298 2317 3337 eum

741 3353 1035 3418 cll‘ecissct,
1066 3372 1129 3411 ac
1155 3359 1513 3432 Septuaginta
1542 3366 1856 3436 adlegisset,
1891 3372 2213 3441 cunctisque
2242 3374 2324 3428 di-

743 3445 887 3499 vinis
906 3451 1412 3523 sacratioribusque
1456 3456 1728 3513 doctrinis
1759 3475 1820 3513 ac
1853 3461 2132 3527 miraculis
2158 3465 2321 3519 abso-

744 3535 998 3591 lutiorem
1034 3550 1373 3608 praestasset,
1402 3561 1529 3599 eum
1580 3548 1635 3601 in
1672 3550 1894 3604 modum
1942 3553 2089 3605 onmi
2128 3569 2324 3622 prove-

744 3635 890 3679 ctum
912 3627 1111 3697 pietate
1129 3641 1292 3702 atque
1310 3636 1534 3699 virtute,
1561 3638 1626 3691 ad
1652 3656 1965 3708 supremum
1994 3660 2207 3709 eorum,
2228 3648 2321 3716 qui

744 3720 1013 3789 coryphaei
1047 3733 1251 3788 essent,
1276 3727 1438 3796 digne
1458 3746 1554 3796 pro
1576 3734 1785 3787 meritis
1814 3736 2318 3805 sustollitgradum.

814 3810 882 3862 At
937 3813 1209 3879 quisnam.
1244 3817 1402 3879 cedo,
1452 3821 1647 3875 modus
1685 3825 2100 3879 translationis?
2140 3829 2322 3884 Domi-

744 3917 851 3954 nus
884 3901 1061 3966 Jesus,
1086 3906 1170 3958 sui
1202 3907 1254 3960 in
1280 3917 1422 3962 terra
1444 3911 1713 3966 incolatns
1762 3915 2010 3968 absoluta
2038 3933 2210 3983 mora,
2241 3936 2325 3973 sa-

743 3993 1047 4064 lutarisque
1080 3998 1506 4067 dispensationis
1547 4016 1771 4072 peracto
1821 4022 2009 4075 opere,
2064 4025 2126 4063 ac
2172 4014 2319 4065 omni

745 4085 924 4140 Patris
990 4089 1207 4157 expleto
1240 4093 1493 4155 consilio,
1556 4097 1621 4148 ad
1673 4098 1944 4151 vivilieam
1999 4100 2321 4172 beatamque

746 4177 930 4231 crucis
960 4180 1266 4246 passionem
1296 4195 1537 4238 venerat.
1592 4187 1668 4241 Ac
1706 4189 1875 4243 Judas
1909 4192 2131 4258 quidem
2184 4210 2321 4245 unm

746 4266 813 4319 de
834 4266 1151 4333 duodecim,
1187 4271 1280 4325 illo
1315 4272 1540 4337 Jndzlais,
1578 4276 1703 4330 data
1760 4280 1991 4345 pecunia
2016 4322 2028 4342 ,
2083 4282 2321 4349 prodito,

746 4360 1105 4426 apostolicum
1146 4378 1346 4417 munus
1377 4365 1577 4434 laqueo
1609 4380 1995 4423 commutarat.
2028 4371 2198 4425 Judaei
2232 4372 2326 4425 lla-

744 4452 901 4517 gellis
919 4469 1142 4519 caesum,
1175 4459 1425 4526 colaphis
1466 4459 1884 4515 dehonestatum
1915 4464 1969 4517 to
2012 4464 2159 4517 nulla
2194 4480 2321 4517 ver-

748 4544 940 4597 borum
976 4546 1027 4598 vi
1064 4547 1439 4616 explicabilem
1480 4551 2011 4622 longanimitatem!)
2063 4554 2315 4609 illusum-

2425 4573 2509 4618 τες
2559 4559 2754 4623 κολαιρί
2762 4576 2948 4619 σαντες

746 4649 853 4700 que
888 4636 1040 4689 cruci
1085 4636 1384 4692 allixerant.
1448 4641 1497 4693 ls
1536 4653 1720 4695 autem
1778 4644 2101 4699 conculcata
2142 4654 2320 4700 morte

748 4740 809 4777 ac
845 4740 913 4778 eo
947 4726 1041 4795 qni
1097 4731 1291 4783 mortis
1338 4730 1573 4785 habebat
1626 4732 1941 4802 imperium,
1995 4750 2023 4788 a
2086 4738 2321 4790 mortuis

748 4816 1062 4882 suscitatus,
1100 4820 1322 4888 jamque
1352 4822 1607 4890 pluribus
1635 4825 1814 4879 modis
1837 4826 2123 4895 discipulis
2148 4828 2325 4882 factus

749 4910 1098 4975 conspicuus,
1128 4923 1404 4979 postremo
1437 4915 1544 4968 illis
1574 4916 1894 4970 videntibus
1926 4919 1978 4971 i-n
2005 4921 2201 4973 uelum
2235 4937 2316 4974 re-

750 5003 941 5064 ceptus
963 5006 1100 5050 erat.
1132 4999 1424 5068 Postquam
1458 5002 1641 5071 itaque
1663 5004 1777 5058 haec
1803 5005 1873 5058 ita
1906 5015 2055 5075 gesta
2083 5007 2319 5069 inerant,

749 5089 976 5155 (asurgit
1008 5089 1188 5143 statim
1219 5106 1449 5161 magnus
1471 5092 1723 5147 Petrus“
1747 5096 1845 5163 (illi
1879 5097 2025 5150 cnim
2058 5099 2324 5152 sermonis

750 5177 1111 5247 principatus,
1157 5182 1356 5251 jusque
1413 5186 1699 5251 pascenda:
1746 5195 1908 5256 atque
1944 5189 2195 5257 regendae
2227 5190 2324 5241 Ec-

749 5267 928 5321 clesia:
957 5271 1334 5325 concreditum
1369 5280 1508 5339 erat)
1546 5276 1710 5345 inque
1738 5279 1915 5332 media
1948 5281 2320 5346 apostolorum

751 5358 933 5421 turba,
967 5361 1181 5429 publica
1231 5364 1283 5415 in
1332 5364 1537 5433 Spiritu
1565 5368 1831 5421 concione
1867 5370 2019 5423 Judzc
2050 5370 2321 5438 proditio-

751 5460 971 5513 nem,et
996 5468 1158 5520 quam
1188 5455 1307 5523 ejus
1329 5470 1489 5509 causa
1515 5457 1752 5526 diruptis
1782 5459 2087 5514 visceribus
2105 5476 2320 5530 poenam

751 5539 798 5593 is
832 5542 1162 5607 sustulisset,
1199 5560 1596 5602 commemorat
1629 5568 1641 5601 ι
1682 5550 2084 5605 duodenarium
2125 5568 2320 5607 nume-

750 5646 893 5692 rum.
922 5647 1083 5700 quem
1108 5634 1375 5690 Dominus
1404 5637 1459 5691 in
1489 5641 1752 5707 aposwlis
1783 5656 1999 5696 sacrum
2035 5642 2318 5707 voluisset,

751 5721 956 5778 inJuda
986 5725 1505 5790 diminutum,haud
1559 5731 1971 5800 despiciendum
2018 5750 2166 5789 esse;
2229 5743 2322 5789 aut

819 5841 865 5872 ιι
897 5842 1015 5898 Act.
1061 5857 1098 5908 ι,
1139 5842 1221 5897 l5.

2422 3276 2530 3329 τῶν
2560 3277 2723 3330 αὐτοῦ
2758 3277 3013 3346 μαθητῶν
3044 3278 3260 3347 πρῶτον
3284 3276 3536 3345 ἠξιωκὼς
3558 3278 3649 3329 καὶ
3676 3279 3784 3340 τοῖς
3827 3275 4017 3329 Ἑϐδο-

2427 3370 2667 3437 μήκοντα
2698 3367 3059 3438 συντεταχώς,
3096 3355 3191 3421 καὶ
3222 3369 3425 3431 πάσαις
3470 3369 3631 3420 αὐτὸν
3660 3368 4013 3437 θεουργικαῖς

2424 3461 3005 3529 προκαταρτισάμενος
3039 3460 3484 3528 μυσταγωγίαις,
3518 3459 3659 3511 οὕτω
3709 3459 3852 3512 κατὰ
3897 3461 4017 3512 πᾶ-“

2426 3566 2522 3601 σαν
2553 3549 2839 3601 εὐσέϐειαν
2890 3551 2986 3601 καὶ
3036 3550 3239 3619 ἀρετὴν
3276 3550 3675 3619 προκεκοφότα,
3732 3549 3868 3618 πρὸς
3912 3550 4013 3601 τὸν

2423 3641 2699 3696 ἀνώτατον
2750 3641 2858 3693 τῶν
2917 3641 3230 3711 κορυφαίων
3282 3641 3629 3709 ἀξιοπρεπῶς
3686 3641 3873 3707 ἀνάγει
3908 3640 4013 3708 βα-

2424 3734 2580 3803 θμόν.

2494 3826 2591 3887 Τίς
2645 3826 2731 3878 δαὶ
2777 3827 2870 3878 καὶ
2925 3828 3125 3895 τρόπος
3179 3826 3277 3894 τῆς
3340 3824 3711 3895 μεταθέσεως;
3782 3826 4010 3896 Ἐπειδὴ

2427 3918 2760 3970 συνετελεῖτο
2809 3918 2908 3986 μέν
2954 3918 3031 3984 τῷ
3068 3917 3255 3987 Κυρίῳ
3302 3916 3532 3985 Ἰησοῦὴ
3586 3917 3679 3968 ἐπί
3728 3917 3830 3983 γῆς
3865 3916 4013 3981 μετά

2427 4010 2674 4079 σώματος
2707 4009 2975 4079 διατριϐὴ,
3010 4010 3067 4061 τὸ
3095 4009 3253 4078 ἔργον
3301 4009 3356 4061 δέ
3379 4009 3476 4076 τῆς
3514 4008 3781 4079 σωτηρίου
3824 4008 4013 4060 διατε-

2423 4100 2660 4163 τελεκὼς
2695 4101 3026 4169 οἰκονομίας,
3064 4103 3156 4154 καὶ
3212 4102 3392 4153 πᾶσαν
3441 4104 3539 4169 τὴν
3595 4101 3868 4170 πατρικὴν
3918 4118 4015 4152 πε-

2428 4193 2593 4259 ράνας
2627 4192 2839 4260 βουλὴν,
2874 4194 2963 4244 ἐπὶ
2994 4193 3052 4243 τὸ
3092 4192 3354 4256 ζωοποιὸν
3383 4191 3475 4243 τοῦ
3509 4191 3744 4261 σταυροῦ
3776 4193 3868 4243 καὶ
3895 4209 4012 4259 μα-

2425 4282 2613 4348 κάριον
2646 4268 2747 4352 ἧκε
2794 4283 2963 4344 πάθος
2984 4300 2995 4312 ·
3024 4284 3116 4335 καὶ
3169 4283 3365 4340 Ἰούδας
3398 4283 3497 4352 μὲν
3528 4280 3605 4345 εἷς
3631 4284 3739 4334 τῶν
3795 4282 4014 4335 δώδεκα

2425 4379 2536 4437 τοῖς
2582 4376 2853 4437 Ἰουδαίοις
2904 4376 3092 4427 τοῦτον
3149 4378 3414 4445 ἀργυρίου
3452 4377 3772 4445 προέμενος,
3812 4375 4015 4445 βρόχον

2424 4466 2693 4534 ἠλλάξατο
2716 4467 2816 4534 τῆς
2859 4468 3164 4536 ἀποστολῆς
3186 4487 3198 4498 ·
3229 4470 3277 4520 οἱ
3308 4469 3363 4520 δὲ
3395 4467 3584 4520 τοῦτον
3617 4467 4015 4536 φραγελώσαν-

3024 4559 3090 4620 (ὦ
3144 4560 3524 4628 μακροθυμίας
3584 4559 3857 4627 ἀφάτουί)
3912 4561 4014 4611 καὶ

2426 4649 2860 4714 καταπαίξαντες
2913 4650 3294 4719 ἐσταύρωσαψ
3337 4652 3364 4702 ὁ
3393 4651 3448 4702 δὲ
3479 4652 3567 4702 τὸν
3603 4650 3855 4710 θάνατον,
3907 4652 4015 4703 καὶ

2422 4739 2512 4790 τὸν
2548 4741 2607 4791 τὸ
2636 4741 2834 4808 κράτος
2892 4741 3082 4810 ἔχοντα
3110 4740 3202 4793 τοῦ
3237 4742 3465 4794 θανάτου
3494 4741 3848 4810 πεπατηκὼς,
3882 4758 4014 4810 τρι-

2425 4831 2629 4899 ήμερος
2658 4832 2876 4900 ἀνίσχεν
2906 4833 2969 4882 ἐκ
2993 4831 3101 4883 τῶν
3147 4830 3376 4896 νεκρῶν,
3419 4834 3512 4883 καὶ
3561 4832 3780 4898 τρόποις
3809 4833 4015 4885 ἑαυτὸν

2425 4922 2663 4973 πλείοσιν
2712 4922 3015 4990 ἐμφανίσας
3067 4924 3175 4984 τοῖς
3221 4922 3511 4991 μαθηταῖς,
3543 4922 3794 4991 ὁρώντων
3823 4924 4012 4975 αὐτῶν

2424 5012 2647 5081 ἔσχατον
2675 5015 2754 5072 είς
2776 5013 2866 5064 τὸν
2897 5013 3124 5079 οὐρανὸν
3156 5015 3617 5083 ἀναλαμὸἀνεται.
3663 5015 3880 5082 Ἐπειδὴ
3908 5013 4013 5082 οῗξν

2424 5101 2565 5153 οὕτω
2616 5102 2787 5153 ταῦτα
2826 5102 3225 5161 συντετέλεστο,
3274 5103 3589 5159 ἀνίσταται
3624 5104 3721 5171 μὲν
3764 5105 3793 5155 ὁ
3826 5104 4015 5172 μέγας

2426 5193 2641 5259 Πέτρος
2674 5191 2833 5254 εὐθύς
2858 5209 2872 5222 ·
2904 5193 3079 5260 τούτῳ
3114 5194 3221 5262 γὰρ
3244 5193 3332 5245 τοῦ
3361 5193 3519 5260 λόγου
3550 5193 3649 5262 τὴν
3679 5194 4013 5261 ἡγεμονίαν,

2425 5286 2517 5335 καὶ
2546 5286 2640 5351 τῆς
2681 5282 3005 5350 Ἐκκλησίας
3037 5283 3441 5352 ἐγκεχειρίσθαι
3472 5283 3569 5352 τὴν
3600 5286 4012 5352 ποιμαντικήνο

2424 5374 2479 5424 ἐν
2516 5374 2663 5441 μέσῳ
2691 5375 2743 5426 δὲ
2779 5374 2854 5444 τῷ
2890 5373 3087 5442 πλήθει
3114 5374 3221 5426 τῶν
3252 5376 3570 5426 ἀποστόλων
3602 5376 3659 5427 ἐν
3707 5376 3783 5443 τῷ
3829 5376 4014 5428 [Iusti-

2426 5481 2556 5532 ματι
2580 5464 2929 5533 δημηγορῶν,
2954 5465 3358 5533 ἀναμιμνήσκει
3393 5465 3490 5533 μὲν
3518 5465 3615 5536 τὴν
3670 5465 3839 5518 Ἰούδα
3864 5484 4017 5530 προ-

2423 5554 2625 5616 δοσίαν,
2657 5556 2751 5607 καὶ
2780 5555 2932 5624 ῥῆξιν
2962 5555 3029 5625 ἥν
3059 5555 3125 5607 δι’
3154 5556 3323 5625 αὐτὴν
3354 5556 3560 5624 ὑπέστη
3587 5573 3600 5585 ο
3641 5557 3739 5609 οὐκ
3766 5557 3916 5618 ἀξιον
3945 5558 4014 5612 δέ

2424 5664 2556 5714 φησι
2583 5646 2681 5714 τὴν
2710 5646 2787 5715 τῷ
2816 5647 3004 5716 Κυρίῳ
3030 5652 3399 5717 τετιμημένην
3448 5647 3720 5700 δωδεκάδα
3752 5649 4019 5716 μειωθεῖο

2426 5755 2525 5791 σαν
2574 5737 2872 5806 ὑπεριδεῖν,
2904 5737 3023 5790 οὐδὲ
3054 5738 3142 5790 τὸν
3174 5737 3267 5790 τοῦ
3322 5739 3772 5808 παριόεόηκότος
3829 5742 4015 5793 τόπον
