4180 6434
198 438 285 502 977

923 436 1204 498 ORATIO
1244 438 1488 496 XIV.—
1527 435 1607 495 ΙΝ
1651 431 1962 494 LAUDEM
2002 436 2061 494 S.
2090 438 2400 497 MATHLE
2441 440 2684 500 APOST.

3327 445 3433 506 278

200 550 560 620 unvaévov
602 550 843 619 ὁρῶντας
888 548 1257 619 παραμελείνδ
1305 548 1402 600 ἕνα
1452 547 1507 600 δὲ
1537 548 1647 601 δεῖν
1671 545 1763 597 τὸν

1873 547 2339 612 committendum,
2393 562 2452 605 ut
2497 567 2662 622 quem
2716 552 2934 607 videant
2987 569 3219 609 vacuum
3276 557 3426 612 inda:

200 646 253 698 ἐκ
280 643 381 711 τῆς
404 640 668 711 δευτέρας
715 638 941 705 τάξεως,
998 639 1117 706 ἦτοι
1156 640 1255 707 τῆς
1294 638 1441 707 ίερᾶς
1469 636 1579 691 τῶν
1631 638 1766 689 ἀπο-

202 733 386 787 στόλων
432 731 928 801 ἑὸδομηκοντάδος,
1003 729 1111 783 τῶν
1156 729 1410 798 ἀπαρχῆς
1446 730 1540 781 τοῦ
1597 727 1763 794 εὐαγ-

203 824 406 894 γελικοῦ
431 824 788 892 κηρύγματος
813 823 968 892 ἄχρις
999 822 1169 889 αὑτῆς
1197 821 1512 890 ἀναλήψεως
1545 820 1623 889 τῷ
1659 821 1765 889 Ἰη-

205 916 284 970 σοῦ
312 914 897 984 παρηκολουθηκότων,
929 914 1019 965 τὸν
1043 912 1412 979 δοκιμώτατον
1433 912 1620 981 κλήρῳ
1651 913 1766 964 δια-

203 1003 434 1070 γνόντας,
467 1005 546 1065 είς
575 1002 667 1055 τὸν
701 1000 795 1054 τοῦ
825 1000 1267 1070 ἀπωλισθηκότος
1299 1001 1764 1070 ἀντικαταστῆσαι

206 1091 418 1162 κλῆρον.

263 1275 369 1325 Καὶ
393 1272 589 1337 οὕτως,
614 1266 659 1325 ῶ
690 1271 1079 1343 μακαριώτατε
1120 1273 1205 1335 σὺ,
1246 1272 1304 1324 ἐν
1346 1271 1534 1339 μέσοις
1577 1272 1761 1335 αὐτοῖς

206 1365 269 1427 ὡς
293 1367 693 1436 ἐπισημότατος
714 1366 820 1418 τῶν
842 1364 1015 1417 ἄλλων
1037 1364 1363 1435 προϐληθείς
1388 1380 1445 1418 τε
1474 1366 1563 1417 καὶ
1588 1382 1768 1449 παραυ

210 1460 340 1522 στὰς,
371 1460 471 1511 καὶ
496 1460 575 1529 τῷ
603 1456 733 1527 ἱερῷ
763 1456 1406 1527 συγκληρωθεὶςΊούστῳ
1432 1473 1445 1487 ·
1478 1452 1622 1521 εἷτα,
1646 1459 1767 1520 ταῖς

206 1549 299 1601 τῶν
329 1549 647 1616 κορυφαίων
698 1549 868 1618 ἱεραῖς
908 1548 1256 1616 προσευχαῖς,
1292 1549 1387 1601 καὶ
1446 1547 1642 1617 μᾶλλον
1699 1548 1765 1616 τῇ

208 1642 371 1711 δικαίᾳ
413 1643 513 1694 τοῦ
539 1641 674 1694 Θεοῦ
703 1641 891 1711 ψήφῳ,
938 1640 1033 1694 τοῦ
1078 1642 1147 1694 τὰ
1199 1641 1335 1712 βάθη
1369 1641 1477 1695 τῶν
1519 1633 1768 1694 διανοιῶν

207 1734 443 1802 ὁρῶντος,
493 1732 588 1786 τοῦ
618 1735 821 1806 κλήρου
866 1734 1125 1797 πεσόντος
1165 1735 1258 1787 ἐπὶ
1291 1734 1371 1800 σὲ,
1405 1732 1773 1803 ἀναλαμϐάνῃ

212 1826 297 1892 μὲν
322 1826 383 1877 ὲκ
407 1825 520 1878 τῶν
568 1826 999 1895 Ἐὂδομήκοντα,
1031 1831 1142 1890 τοῖς
1172 1826 1367 1878 ἕνδεκα
1402 1824 1458 1877 δὲ
1489 1840 1765 1891 συγκατα-

207 1917 524 1987 ψηφισθεὶς,
579 1918 672 1970 τὸν
723 1919 903 1989 τίμιον
958 1919 1056 1988 τῆς
1104 1917 1405 1979 δωδεκάδος
1456 1917 1766 1988 ἀνέπλησας

208 2010 456 2079 ἀριθμόν·
491 2009 664 2074 οὕτως
688 2010 787 2080 τὴν
841 2011 1108 2082 μυστικὴν
1144 2011 1239 2062 τοῦ
1277 2010 1414 2063 Θεοῦ
1463 2010 1766 2081 παράταξιν

210 2107 607 2175 ἀνεπλήρωσας,
634 2108 731 2160 καὶ
754 2107 852 2179 τὴν
880 2110 971 2162 ἐπὶ
994 2108 1073 2177 τῷ
1101 2108 1415 2161 πεπτωκότι
1455 2107 1630 2175 λύπην
1658 2106 1769 2167 τοῖς

211 2196 294 2251 τοῦ
319 2198 483 2265 λόγου
513 2203 1022 2268 πρωταγωνισταῖς,
1058 2200 1148 2253 διὰ
1173 2201 1271 2269 τῆς
1300 2201 1397 2270 σῆς
1422 2200 1769 2258 ἀναστάσεως

213 2290 578 2360 παρεμυθήσω
603 2307 617 2322 ·
653 2292 748 2345 καὶ
800 2292 899 2363 τὴν
948 2292 1257 2361 ἐπισκοπὴν
1286 2292 1494 2345 ἐκείνου
1546 2288 1684 2341 κατὰ
1712 2288 1772 2339 τὸ

213 2378 341 2445 ἱερὸν
363 2380 547 2447 λόγιον
571 2380 773 2443 λαϐὼν,
806 2382 901 2434 καὶ
945 2381 1041 2435 τοῦ
1078 2381 1278 2451 κλήρου
1337 2380 1438 2448 τῆς
1470 2378 1772 2445 ἀποστολῆς

214 2471 727 2539 κεκληρονομηκώς·
771 2473 864 2525 καὶ
918 2473 1019 2541 τῆς
1050 2472 1413 2539 ἀποστολικῖμς
1464 2470 1628 2540 τιμῆς
1679 2472 1771 2522 καὶ

213 2563 462 2633 καθέδρας
511 2565 647 2625 τέως
691 2565 791 2633 μὲν
828 2566 924 2635 τῆς
974 2565 1123 2617 κάτω
1167 2564 1262 2616 καὶ
1319 2562 1602 2614 κατέναντι
1663 2561 1773 2611 τῶν

214 2654 383 2714 ἐθνῶν.
423 2656 566 2724 μετά
606 2656 776 2710 ταῦτα
818 2657 874 2709 δὲ
908 2658 1001 2709 καὶ
1028 2657 1126 2725 τῆς
1150 2658 1207 2707 ἐν
1232 2654 1479 2724 οὐρανοῖς
1513 2655 1663 2722 ποιρά
1693 2650 1773 2721 τῷ

213 2742 507 2813 ίπουρανίῳ
559 2746 1003 2816 συγκαθιζήσεως
1035 2745 1273 2806 Βασιλεῖ,
1342 2747 1458 2815 ἄμα
1495 2746 1604 2805 τοῖς
1636 2762 1769 2813 πρε-

219 2831 489 2896 σϐυτάτοις
514 2835 941 2904 κατηξιωμένος,
982 2835 1199 2907 όφθήσῃ
1231 2834 1489 2902 φαιδρῶς,
1521 2834 1596 2895 ὡς
1620 2836 1652 2902 ή
1682 2834 1775 2886 τοῦ

214 2919 460 2986 ἀψευδοῦς
491 2924 805 2991 ὑπόσχεσις,
836 2926 949 2986 τοῖς
993 2924 1188 2977 ἕνδεκα
1220 2924 1653 2991 συγκαθήμενος,
1686 2926 1776 2977 καὶ

214 3010 397 3076 κρίνων
426 3009 524 3061 τὸν
568 3011 803 3080 Ἰσραήλ.
847 3010 1005 3064 Ἀλλὰ
1031 3010 1188 3063 τοῦτο
1220 3010 1318 3080 μὲν
1360 3008 1605 3080 ὕστερον.

273 3185 400 3238 Τότε
446 3188 513 3241 δι
549 3190 660 3251 τοῖς
690 3189 927 3259 πρώτοις
954 3190 1063 3242 τῶν
1096 3189 1256 3261 ιερῶν
1292 3189 1554 3258 θεολόγων
1578 3191 1653 3252 ὡς
1698 3184 1775 3251 εἷς

211 3276 275 3329 ὣν
292 3279 468 3332 αὑτῶν
496 3280 561 3331 ἐν
589 3280 785 3350 ἐκείνῳ
808 3281 885 3351 τῷ
913 3280 1149 3351 ὑπερῴῳ
1180 3281 1535 3352 συνεδρεύων,
1561 3284 1655 3334 καὶ
1680 3282 1778 3349 τὴν

209 3368 289 3420 τοῦ
318 3370 640 3440 Πνεὺματος
693 3372 894 3435 ὁμοίως
921 3372 1149 3434 ἐκείνοις
1179 3373 1513 3439 ἐπαγγελίαν
1544 3373 1776 3442 προσδε-

211 3461 422 3529 χόμενος
440 3479 458 3494 ο
494 3462 691 3531 ἐπειδὴ
715 3462 776 3514 τὸ
802 3460 1020 3532 Πνεῦμα
1050 3463 1109 3515 τὸ
1134 3463 1289 3531 ἅγιον
1316 3465 1416 3534 τῆς
1454 3464 1617 3539 ἀγίας
1644 3465 1779 3517 Πενο

206 3554 459 3621 τηκοστῆς
528 3552 1044 3623 συμπληρουμένης,
1082 3554 1372 3624 οὐρανόθεν
1407 3556 1466 3608 ἐν
1493 3555 1623 3609 εῖδει
1675 3573 1799 3633 πυτ

210 3643 353 3711 ρξνων
374 3644 649 3715 ἐπεδήμει
678 3644 960 3711 γλωσσῶν,
992 3646 1086 3699 καὶ
1112 3647 1198 3715 ἐφ’
1224 3647 1305 3699 tu
1331 3647 1537 3700 τούτων
1564 3647 1778 3718 ἑκάστῳ

208 3734 586 3803 καθεζόμενον,
627 3734 724 3802 τῆς
770 3733 959 3788 ἑαυτοῦ
1011 3736 1291 3805 δυνάμεως
1322 3737 1579 3806 ἐπλήρου,
1638 3738 1775 3807 πλη-

208 3823 385 3893 ροῦται
413 3827 518 3897 μὲν
553 3827 654 3880 καὶ
686 3825 847 3891 αὐτὸς
872 3828 1090 3899 χάριτος
1139 3827 1340 3900 ζώσης,
1394 3829 1698 3899 πληροῦσαι
1721 3830 1777 3883 δὲ

208 3919 382 3985 σοφίας
417 3919 521 3973 καὶ
578 3919 865 3982 συνέσεως.
912 3921 1022 3975 Καὶ
1058 3921 1119 3974 οὑ
1149 3922 1306 3991 τήνδε
1364 3921 1462 3991 μὲν
1496 3922 1777 3992 ἐνέργειαν

205 4009 286 4062 τοῦ
315 4010 685 4080 Παρακλήτου
717 4010 985 4073 πλουτεῖς,
1026 4012 1125 4082 τῆς
1163 4012 1221 4065 δὲ
1264 4012 1459 4085 λείπῃ’
1500 4011 1690 4083 ὥσπερ
1720 4014 1777 4066 δὲ

205 4098 315 4161 ναὸς
344 4099 603 4171 καθαρὸς
632 4100 725 4153 καὶ
752 4100 930 4168 ἅγιος,
966 4102 1138 4172 αὐτῆς
1165 4102 1258 4155 τοῦ
1296 4102 1432 4156 Θεοῦ
1460 4103 1778 4173 Πνεῦματος

204 4191 289 4259 τῆς
310 4191 523 4257 οὐσίας,
543 4192 661 4253 τοῖς
690 4191 870 4255 ἀλλοις
894 4193 1095 4263 ὁμοίως
1132 4195 1453 4258 ἀποστόλοις
1484 4195 1572 4249 διὰ
1597 4197 1778 4266 πάσης

205 4282 482 4349 γενόμενος
509 4282 723 4352 ἀρετῆς
769 4283 863 4336 καὶ
892 4275 1004 4351 βίου
1043 4282 1436 4355 καθαρότητος,
1461 4286 1588 4354 ὃλην
1611 4287 1781 4355 ὑπερ-

208 4374 447 4442 αρῤήτως
507 4374 613 4427 καὶ
668 4374 1010 4444 ὑπερουσίως
1064 4375 1123 4427 ὲν
1176 4375 1354 4445 ἑαυτῷ
1405 4377 1502 4447 τὴν
1552 4376 1779 4448 θεότητα

208 4466 556 4528 κατίπαυσας
579 4482 597 4497 ο
627 4464 772 4518 οὕτω
798 4465 855 4518 δὲ
876 4465 971 4519 καὶ
997 4465 1110 4518 τῶν
1140 4469 1529 4538 πνευματικῶν
1552 4472 1778 4540 ἐνεργη-

1866 637 2299 706 przevaricatoris
2365 642 2581 707 locum,
2637 643 2741 714 ipsi
2800 644 3076 717 negligant
3124 663 3138 699 :
3208 661 3432 702 necesse

1864 744 2003 791 esse,
2045 741 2105 785 ut
2134 730 2203 785 de
2247 734 2485 805 secunda
2518 736 2689 789 classe
2730 736 2860 805 (hoc
2903 747 3007 800 est,
3047 755 3110 791 ex
3152 753 3305 793 sacra
3352 754 3435 793 se-

1864 821 2143 889 ptuaginta
2174 802 2543 891 apostolorum
2579 802 2762 894 turba.)
2797 842 2967 880 unum
2995 842 3061 881 ex
3090 827 3192 891 his,
3240 830 3332 897 qui
3366 829 3434 882 ab

1864 914 2191 981 evangelicae
2222 915 2620 984 pradicationis
2659 918 2887 972 exordio
2920 919 2984 972 ad
3020 919 3189 988 ipsam
3220 921 3347 975 Jcsu
3379 921 3433 975 in

1865 1004 2064 1059 caelum
2118 1007 2513 1077 receptionem,
2562 1011 2751 1065 sedulo
2795 1011 3045 1065 assectati
3106 1011 3235 1076 sint,
3271 1028 3433 1081 quem

1866 1096 2033 1150 sortis
2053 1096 2387 1153 indicatione
2422 1101 2867 1169 probatissimum
2903 1105 3177 1165 noverint,
3214 1105 3267 1158 in
3317 1106 3436 1174 ejus

1866 1188 1963 1255 qui
1994 1186 2178 1256 lapsus
2213 1190 2304 1253 sit,
2333 1200 2536 1245 sortem
2569 1207 2878 1263 munusque
2912 1194 3202 1250 sulliciant.

1935 1275 2112 1345 Atque
2163 1278 2261 1333 hac
2287 1281 2521 1345 ratione,
2565 1293 2622 1336 tu
2659 1285 2714 1341 (ο
2744 1282 3118 1352 beatissime!)
3158 1301 3258 1340 ceu
3312 1286 3438 1341 reli-

1866 1362 1990 1431 quis
2021 1364 2305 1430 illustrior,
2346 1367 2400 1421 in
2455 1370 2693 1424 medium
2727 1373 3027 1442 productus
3053 1390 3115 1428 ac
3147 1385 3439 1443 praesenta-

1869 1462 1976 1515 tus,
2012 1452 2245 1523 dataque
2273 1470 2397 1509 cum
2443 1469 2630 1513 sancto
2659 1461 2815 1515 insto
2855 1464 3133 1517 communi
3181 1466 3438 1535 sociaque

1868 1556 2036 1611 sorte,
2070 1556 2294 1619 tumque
2333 1551 2503 1605 sacris
2548 1556 2958 1623 coryphaaorum
2990 1558 3250 1627 precibus
3284 1559 3438 1630 (quin

1869 1639 1964 1693 Dei
1999 1640 2200 1710 potius.
2236 1642 2323 1696 cui
2348 1643 2655 1698 animorum
2691 1646 2958 1715 profunda
2977 1658 3258 1717 perspecta
3288 1659 3436 1713 sunt.

1863 1730 2011 1799 justo
2046 1730 2348 1802 suﬂragio),
2376 1734 2467 1787 illa
2496 1735 2552 1788 in
2585 1744 2635 1789 te
2667 1735 2920 1802 cadente,
2978 1753 3043 1791 ex
3085 1738 3439 1809 Septuaginta

1866 1833 2199 1891 assumptus,
2262 1824 2627 1896 undecimque
2678 1828 2872 1897 primis
2924 1828 3191 1896 adiectus,
3254 1846 3439 1885 sacra«

1867 1917 2053 1963 mento
2080 1909 2450 1965 venerabilem
2485 1912 2880 1969 duodenarium
2931 1932 3219 1970 numerum
3252 1916 3443 1986 imple-

1868 1998 1959 2052 sti.
1995 1997 2087 2053 Sic
2111 1997 2371 2053 nimirum
2395 2002 2678 2072 mysticam
2726 2004 2821 2058 Dei
2865 2006 3037 2059 aciem
3068 2006 3333 2076 integram
3363 2005 3443 2058 ef-

1868 2089 2068 2155 fecisti,
2099 2105 2497 2163 aspcrsumque
2517 2093 2671 2149 Judae
2695 2096 2853 2150 ruina
2881 2097 3072 2165 primis
3121 2098 3229 2153 illis
3272 2113 3441 2152 evan-

1869 2183 2054 2253 gelicae
2076 2182 2482 2253 praedicationis
2502 2185 2738 2241 ducibus
2768 2202 3059 2242 maerorem
3088 2189 3439 2243 suscitatione

1872 2282 1962 2328 tua
1990 2275 2295 2331 abstersisti
2322 2278 2364 2309 "
2390 2295 2403 2332 :
2438 2278 2692 2349 illiusque
2728 2289 2924 2335 nactus
2952 2281 3328 2351 episcopatum
3358 2282 3443 2349 (ut

1873 2381 2028 2420 sacro
2057 2371 2484 2436 praenuntiatum
2525 2378 2645 2427 erat
2675 2373 2923 2439 oraculo)
2958 2385 3272 2444 sortemque
3306 2389 3441 2444 apo-

1872 2456 2054 2511 stolici
2099 2461 2348 2514 muneris
2398 2471 2549 2517 sorte
2592 2464 2824 2534 adeptus
2865 2465 3239 2535 (apostolicam
3287 2466 3444 2522 deni-

1872 2562 1980 2615 que
2024 2546 2346 2618 dignitatem
2371 2566 2437 2606 ac
2475 2552 2682 2621 sedem,
2713 2554 2979 2610 hactenus
3001 2557 3221 2625 quidem
3252 2556 3306 2610 in
3336 2566 3445 2611 ter-

1875 2638 1949 2693 ris
1980 2651 2036 2694 et
2062 2655 2247 2695 coram
2295 2644 2570 2712 gentibus,
2602 2656 2792 2716 postea
2824 2663 2955 2703 vero
2992 2648 3154 2702 etiam
3179 2649 3235 2702 in
3264 2648 3441 2717 caelis)

1872 2731 2137 2786 caelorum
2168 2733 2302 2803 Regi
2337 2743 2398 2788 ut
2423 2735 2711 2792 consideas
2758 2753 2866 2792 una
2896 2753 3019 2793 cum
3046 2738 3447 2808 antiquissimis

1876 2823 1984 2878 illis
2008 2837 2343 2881 consecutus
2380 2828 2501 2882 lazte
2544 2845 2609 2883 ac
2644 2830 2934 2899 splendide
2962 2835 3045 2896 (ut
3073 2833 3192 2902 ejus
3226 2831 3318 2901 qui
3350 2846 3445 2885 vc-

1878 2928 1971 2967 rax
1996 2923 2081 2968 est
2125 2916 2417 2984 promissio
2444 2920 2550 2985 est)
2597 2920 2712 2988 pari
2744 2936 2868 2975 cum
2912 2921 3166 2976 undecim
3213 2922 3444 2993 collegio

1876 3001 2074 3056 sedens
2109 3019 2173 3058 ac
2213 3003 2468 3059 lsraelem
2516 3006 2788 3077 judicans,
2830 3011 3117 3080 apparebis
3149 3011 3214 3065 “.
3240 3013 3441 3066 Verum

1879 3088 1993 3143 haec
2023 3099 2230 3159 postea.

1948 3180 2104 3236 Tunc
2132 3198 2265 3238 vero
2290 3202 2398 3241 una
2443 3203 2568 3242 cum
2611 3202 2891 3243 sacrorum
2932 3191 3308 3261 theologorum
3332 3195 3446 3264 pri-

1879 3269 1985 3323 mis
2012 3274 2352 3329 antistitibus
2385 3278 2537 3331 velut
2566 3294 2708 3332 unus
2740 3296 2806 3333 ex
2845 3281 2927 3335 eis
2955 3282 3009 3335 in
3043 3285 3328 3338 cmnaculo
3355 3287 3448 3339 illo

1880 3363 2201 3425 consedens,
2240 3367 2468 3436 parique
2512 3370 2620 3424 illis
2664 3372 2876 3427 ratione
2906 3375 3236 3442 promissum
3272 3378 3449 3447 Spiri-

1881 3462 1994 3507 tum
2022 3464 2271 3510 sanctum
2315 3470 2673 3528 exspectans;
2719 3464 3062 3519 divinissimo
3109 3467 3204 3520 illo
3240 3468 3445 3537 Spiritu

1878 3543 2007 3597 dum
2043 3548 2410 3616 compleretur
2440 3562 2627 3607 sancta
2667 3554 2987 3610 Pentecoste
3012 3559 3292 3626 igncarum
3320 3576 3446 3629 Spe-

1878 3635 1961 3689 cie
1987 3635 2293 3706 linguarum
2328 3656 2358 3695 e
2385 3643 2525 3697 coelo
2549 3644 2823 3710 veniente,
2869 3664 2931 3702 ac
2965 3649 3210 3718 singulos
3254 3667 3446 3705 eorum

1876 3728 2079 3796 quibus
2109 3731 2331 3796 insedit,
2380 3748 2476 3788 sua
2506 3736 2710 3791 virtute
2765 3739 3048 3808 implente,
3093 3742 3352 3811 impletus
3389 3755 3444 3798 et

1880 3818 1994 3887 ipse
2022 3819 2144 3874 viva
2193 3824 2366 3892 gratia
2411 3839 2504 3879 es:
2548 3827 2807 3896 impletus
2837 3832 3105 3899 sapientia
3139 3842 3193 3886 et
3244 3835 3447 3889 intelli-

1878 3910 2091 3977 gentia:
2125 3926 2225 3966 nec
2255 3913 2357 3967 hac
2383 3916 2604 3984 quidem
2635 3918 2901 3974 Paracleti
2930 3924 3134 3977 virtute
3165 3925 3452 3980 aﬂlucnter

1878 3998 2116 4054 donatus
2144 4016 2225 4063 es,
2266 4004 2465 4073 illaque
2495 4006 2785 4062 deﬁceris:
2813 4011 2945 4077 quin
2978 4014 3163 4080 potius
3193 4016 3452 4069 substan-

1879 4089 1969 4143 tia:
1990 4090 2085 4145 Dei
2124 4092 2380 4161 Spiritus,
2416 4097 2570 4150 velut
2616 4100 2883 4154 mundum
2926 4113 3283 4175 sanctumque
3325 4116 3454 4161 tem-

1880 4179 2051 4252 plum,
2084 4182 2229 4237 haud
2274 4199 2435 4240 secus
2472 4202 2535 4241 ac
2576 4191 2808 4257 apostoli
2843 4193 3061 4262 reliqui.
3110 4197 3262 4250 omni
3300 4200 3451 4252 cultu

1880 4270 2098 4325 virtutis
2145 4273 2382 4342 vitaeque
2429 4277 2720 4343 munditia,
2771 4281 3021 4345 effectus.
3072 4286 3218 4341 nulla
3252 4290 3453 4342 verbo-

1882 4377 2001 4415 rum
2028 4363 2081 4417 vi
2112 4365 2443 4433 explicabili,
2500 4368 2951 4441 divinissimaque
3005 4376 3236 4440 ratione,
3288 4380 3342 4432 in
3400 4391 3451 4434 te

1884 4458 2051 4503 totam
2085 4451 2428 4507 divinitatem
2463 4458 2856 4525 conquiescere
2892 4460 3067 4515 fecisti
3101 4464 3170 4528 δ’,
3201 4472 3364 4535 atque
3397 4466 3452 4522 in

208 4556 391 4622 μάτων,
417 4560 484 4611 οὑ
528 4556 651 4609 τῶν
682 4556 801 4626 μὲν,
830 4556 939 4610 τῶν
974 4557 1018 4610 δ’
1042 4556 1103 4609 οὕ
1123 4573 1138 4587 ·
1182 4560 1397 4611 πάντων
1430 4560 1487 4612 δὲ
1519 4561 1781 4631 κατηξιωο

1882 4557 2008 4595 eum
2038 4542 2281 4608 modum,
2310 4559 2419 4598 non
2445 4547 2550 4600 alia
2575 4548 2820 4616 quidem,
2845 4551 2968 4606 aliis
2986 4552 3332 4620 desideratis,
3356 4559 3450 4612 sed

210 4646 368 4714 μένος,
422 4649 527 4701 καὶ
584 4648 790 4710 πάσαις
836 4647 1010 4710 θείαις
1064 4648 1330 4717 δυνάμεσι
1373 4649 1475 4716 τῆς
1499 4650 1593 4703 τοῦ
1640 4650 1775 4702 Θεοῦ

206 4739 677 4809 συγκροτούμενος
702 4736 901 4800 δεξιᾶς,
936 4738 1207 4806 εὐκαίρως
1236 4739 1330 4790 καὶ
1368 4738 1530 4800 αὐτὸς
1559 4741 1670 4801 τοῖς
1692 4740 1779 4803 ζο-

206 4829 518 4898 ςορωτέροις
557 4825 853 4893 ὲπιδημείς
886 4824 994 4877 τῶν
1036 4825 1224 4890 ἐθνῶν,
1272 4827 1559 4896 περιουσίᾳ
1585 4826 1774 4897 νοεροῦ

206 4920 596 4987 κατακαλὺψων
632 4918 830 4982 φωτός.

265 5008 366 5061 Καὶ
386 5011 498 5079 γὰρ
543 5006 749 5075 ὥσπερ
773 5004 874 5076 ὕλῃ
924 5005 1029 5058 τινὶ
1076 5005 1358 5076 παχυτέρα
1386 5022 1445 5058 τε
1497 5006 1591 5058 καὶ
1620 5008 1781 5075 ὑγρο-

206 5099 320 5169 τέρᾳ
363 5102 477 5169 πῦρ
508 5098 817 5169 ἐμϐληθὲν,
867 5097 1111 5167 ἀμυδρὸν
1145 5098 1242 5165 μὲν
1275 5096 1354 5161 ὃν,
1393 5096 1527 5166 ἔσϐη
1555 5099 1648 5151 καὶ
1682 5116 1780 5167 με·

212 5190 461 5261 μᾶρανται
508 5189 814 5258 παραυτά,
866 5188 964 5255 τῆς
1009 5186 1319 5255 παχύτητος
1380 5186 1412 5255 ἢ
1481 5187 1782 5256 ὑγρότητος

208 5282 413 5350 ἠττηθιν
434 5299 450 5313 ·
489 5280 711 5348 λάὁρον
753 5278 799 5330 δ’
826 5279 907 5331 ὅτι
948 5278 1181 5347 μάλιστα
1208 5278 1302 5330 καὶ
1328 5276 1655 5347 δραστήριον
1687 5296 1782 5330 πε-

210 5374 374 5443 ςηνὺς,
406 5371 744 5444 παραυτίκα
775 5368 871 5439 μὲν
896 5369 1024 5432 ῐσως
1053 5370 1153 5421 οὑκ
1176 5369 1369 5438 ἀνῆψε,
1402 5372 1468 5439 τῇ
1496 5369 1591 5421 τοῦ
1611 5370 1781 5422 ὑπεκ-

211 5458 458 5528 καύματος
490 5457 976 5526 ἀνεπιτηδειότητι
1001 5474 1015 5488 ο
1050 5457 1379 5525 ὲνδομυχοῦν
1411 5456 1467 5510 δὲ
1500 5458 1640 5511 κατά
1685 5457 1778 5527 βά-

211 5548 302 5612 θος,
331 5555 416 5605 καὶ
473 5550 797 5619 λεληθότως
842 5550 939 5619 τὴν
990 5550 1356 5618 ὑποκειμένην
1410 5548 1772 5615 ἀειαξηραίνον

213 5636 337 5710 ὓλην,
377 5644 456 5705 είς
489 5640 757 5712 μεγάλην
782 5638 1035 5709 ἐξαίφνης
1067 5638 1426 5709 ἀνεῤῥιπίσθη
1456 5638 1650 5707 φλόγα,
1683 5641 1774 5691 καὶ

1877 4632 2061 4685 omnia
2091 4632 2238 4686 illius
2266 4635 2407 4689 dona
2436 4645 2791 4701 consecutus,
2847 4642 3169 4711 cunctisque
3199 4644 3293 4697 Dei
3321 4645 3454 4699 dex-

1880 4730 2012 4777 terte
2041 4723 2340 4778 virtutibus
2395 4726 2717 4793 instructus,
2776 4739 3085 4799 opportune
3131 4743 3187 4787 et
3234 4734 3348 4805 ipse
3383 4737 3449 4790 ad

1880 4824 2071 4882 gentes
2104 4817 2297 4885 majori
2336 4817 2535 4872 oblitas
2567 4820 2820 4890 caligine,
2851 4821 3258 4881 abundantiore
3288 4841 3452 4897 oper-

1884 4914 2041 4959 turus
2062 4906 2181 4961 luce
2205 4908 2487 4976 profectus
2510 4924 2588 4964 es.

1952 4995 2165 5049 Etenim
2192 4998 2336 5052 sicut
2359 4998 2521 5067 ignis,
2551 5000 2595 5055 si
2618 5001 2672 5054 in
2701 5002 3027 5058 crassiorem
3064 5005 3453 5061 bumidiorem-

1878 5102 1985 5155 quc
2012 5086 2239 5142 forsitan
2286 5089 2558 5160 lignorum
2600 5104 2810 5149 struem
2841 5097 3076 5166 injicias,
3127 5098 3306 5167 sitque
3359 5100 3450 5155 ille

1880 5178 2040 5232 exilis
2068 5194 2131 5233 ac
2165 5182 2367 5245 tenuis,
2398 5198 2523 5237 mox
2566 5187 2936 5256 exstinguitur
2996 5196 3054 5242 et
3086 5189 3448 5259 elanguescit.

1880 5270 2149 5324 crassitiei
2191 5272 2269 5325 illi
2317 5288 2381 5327 ac
2411 5274 2724 5330 humiditati
2760 5276 2937 5331 victus
2981 5279 3327 5332 concedens:
3362 5279 3447 5332 sin

1885 5371 2064 5415 autem
2112 5363 2343 5417 maxime
2374 5379 2537 5417 vorax
2568 5366 2823 5435 aerisque
2862 5367 3157 5429 exstiterit,
3182 5367 3283 5421 etsi
3309 5366 3449 5422 forte

1885 5466 1995 5504 non
2049 5452 2302 5519 protinus
2345 5453 2607 5509 accendat
2652 5454 2882 5509 inhabili
2928 5454 3117 5510 fomite
3176 5470 3279 5510 nec
3317 5455 3450 5509 satis

1884 5540 2168 5609 disposito,
2212 5543 2450 5611 penitius
2483 5554 2662 5599 tamen
2702 5544 2949 5600 insidens
2994 5545 3209 5614 imaque
3250 5560 3447 5614 perva—

1882 5631 2037 5695 dens,
2068 5648 2129 5685 ac
2157 5634 2357 5687 sensim
2390 5635 2689 5706 subjectam
2719 5638 2999 5693 materiam
3042 5637 3346 5702 exsiccans,
3391 5636 3451 5691 in

271 5815 465 5875 "Psal.
500 5833 667 5885 cvm,
708 5816 759 5872 8.
835 5819 879 5848 “
909 5818 1093 5873 Matth.
1132 5836 1241 5883 MS,
1282 5820 1372 5873 28.
1442 5821 1482 5851 ’³⁸
1514 5820 1668 5874 locu.
1708 5839 1778 5886 tv,
1819 5824 1903 5878 ει.
