4180 6434
758 419 862 481 279

1894 424 2187 483 NICET.E
2224 427 2419 487 ΡΑΡΗ
2433 430 2566 487 LM}
2579 427 2676 485 ON
2690 429 2757 484 1S

3895 421 4002 482 280

754 543 1006 600 magnam
1053 529 1347 596 derepente
1385 530 1751 583 exsuscitatur
1789 535 2081 595 flammam,
2131 542 2315 588 totam-

2426 536 2552 605 ὅλην
2567 534 2633 587 δι’
2666 535 2785 586 ὅλου
2818 533 3097 595 λεπτῦνον,
3136 532 3311 601 ἐαυτῷ
3358 530 3734 600 ἐξωμοίωσεν·
3764 530 3909 583 οὕτω
3932 529 4001 598 δὴ

754 634 861 688 que
891 634 1114 688 prorsus
1139 619 1335 673 molem
1370 631 1692 677 extenuans.
1716 623 1797 675 sui
1834 623 2067 684 similem
2100 625 2279 677 rcdilit
2309 643 2319 677 :

754 713 835 766 sic
857 727 985 765 sane
1018 712 1183 765 etiam
1216 728 1442 783 magnus
1488 714 1577 766 hic
1610 714 1883 781 Evangelii
1919 730 2121 782 praeco,
2172 724 2323 784 post-

753 818 915 872 quam
943 804 1149 857 ccclesti
1175 805 1370 873 plenus
1406 804 1551 872 igne,
1596 819 1761 872 reque
1804 805 1919 873 ipsa
1965 806 2103 875 ignis
2135 822 2322 860 evase-

755 903 857 954 rat,
894 901 1111 949 terrena
1154 896 1336 950 relicta
1360 896 1682 958 Jerusalem,
1723 904 1885 963 atque
1925 896 2113 951 adeas
2141 898 2321 967 profe-

751 998 874 1039 ctus
902 995 1112 1055 gentes,
1148 987 1213 1038 ad
1260 1003 1397 1053 quas
1427 989 1607 1039 alllatu
1664 1002 1764 1039 suo
1809 988 2029 1041 divinus
2082 987 2322 1055 Spiritus

749 1075 1131 1137 advocaverat,
1180 1077 1491 1146 sensimque
1527 1079 1645 1145 ejus
1699 1079 1859 1146 ignis.
1895 1091 2055 1145 quem
2096 1087 2319 1145 pectore

750 1168 1015 1235 gestabat,
1059 1168 1165 1221 illis
1185 1168 1443 1222 virtutem
1477 1169 1796 1229 immittens,
1822 1168 2150 1237 optimisque
2176 1168 2316 1221 divi-
2360 1228 2368 1238 ,

749 1259 835 1311 nis
865 1258 1347 1325 prtedicationibus
1391 1261 1963 1328 pnestantissimisqne
2015 1259 2315 1322 miraculis,

746 1349 1009 1417 paulatim
1043 1350 1367 1403 insidentem
1392 1365 1584 1404 eorum
1612 1352 1926 1419 pectoribus
1954 1352 2312 1418 impietatem,

748 1439 1101 1508 inolitamque
1128 1440 1493 1494 viscositatem
1518 1450 1759 1495 atterens
1782 1457 1844 1494 ac
1880 1451 2134 1502 tenuans,
2171 1448 2315 1493 tum-

747 1542 855 1596 que
896 1531 1060 1582 animi
1086 1530 1277 1584 sordes
1323 1531 1651 1593 absumens,
1700 1540 1866 1599 atque
1920 1533 1987 1585 ad
2027 1531 2152 1585 fidei
2188 1530 2313 1583 illn-

746 1619 1063 1673 strationem
1100 1620 1330 1675 idoneos
1369 1636 1702 1690 praeparans,
1739 1622 1816 1674 sic
1862 1632 2091 1689 repente
2120 1620 2188 1674 ad
2220 1635 2313 1674 ve-

746 1712 923 1765 ritatis
950 1710 1070 1764 illos
1090 1711 1421 1780 agnitionem
1445 1711 1716 1771 accendit,
1732 1727 1796 1765 ac
1819 1712 2023 1779 Spiritu
2045 1712 2311 1774 illustrat,

745 1799 1075 1867 innovatque
1098 1815 1257 1867 aqua,
1293 1814 1356 1853 ac
1397 1815 1551 1854 sacra
1584 1801 1840 1854 unctione
1861 1801 2167 1869 consignat.
2193 1801 2315 1854 Dei-

2427 628 2520 678 καὶ
2555 626 2583 678 ό
2621 624 2790 693 μέγας
2810 620 2962 687 οὗτος
2997 623 3090 676 τοῦ
3130 624 3289 689 λόγου
3317 620 3597 692 θέηγόρος,
3634 621 3821 690 ἐπειδὴ
3862 622 4002 691 πλή-

2427 734 2529 788 ρης
2560 716 2769 768 ἐκείνου
2804 716 2894 767 τοῦ
2919 714 3170 785 οὐρανίου
3202 711 3375 783 πυρὸς
3419 708 3507 781 ἦν,
3550 712 3643 765 καὶ
3674 712 3999 781 αὐτόχρημα

2425 808 2556 876 πῦρ,
2588 806 2685 877 τὴν
2709 806 2858 859 κάτω
2885 805 3058 859 λιπὼν
3096 802 3471 873 Ἰερουσαλὴμ,
3503 803 3599 855 καὶ
3629 802 3713 871 ἐφ’
3744 800 3780 855 ἀ
3803 799 3997 854 τοῦτον

2422 900 2552 969 ἔθνη
2588 899 2649 952 τὸ
2675 898 2855 951 κινοῦν
2903 897 3125 966 Πνεῦμα
3175 896 3317 948 θεῖον
3355 893 3762 965 προσκέκληται
3791 908 3994 962 πορευ-

2422 989 2558 1052 θεὶς,
2597 991 2687 1042 καὶ
2725 990 2823 1058 τὴν
2865 988 3146 1058 ἐνέργειαν
3182 986 3367 1056 ἠρέμα
3398 985 3606 1046 τούτοις
3633 982 3727 1035 τοῦ
3769 986 3826 1034 ἐν
3848 980 4001 1049 αὑτῷ

2422 1081 2590 1151 πυρὸς
2622 1082 2817 1145 ἐνιεὶς,
2871 1079 2965 1131 καὶ
3012 1077 3311 1143 θεολογίαις
3362 1074 3611 1145 ἀρίσταις
3659 1072 3753 1125 καὶ
3782 1071 4001 1140 θαυμα-

2419 1174 2698 1243 τουργίαις
2722 1170 3043 1241 κρατίσταις
3068 1166 3387 1234 καταϐραχὺ
3417 1165 3518 1231 τὴν
3551 1159 3999 1230 ἐνεσκιρωμένην

2418 1266 2539 1324 ταῖς
2562 1261 2739 1313 αὐτῶν
2766 1259 3017 1329 καρδίαις
3040 1255 3293 1309 ἀσέὸειαν
3325 1251 3604 1307 λεπτύνων
3623 1267 3638 1282 ⁸
3666 1251 3762 1303 καὶ
3784 1252 3883 1319 τὴν
3903 1250 3995 1303 ἐν-

2420 1354 2760 1423 τετηγμένην
2784 1351 3171 1420 γλισχρότητα,
3222 1346 3321 1400 εἴτ’
3355 1345 3449 1399 οῦν
3498 1343 3692 1413 κηλίδα
3726 1342 3829 1410 τῆς
3869 1342 3995 1394 δια-

2418 1450 2561 1510 νοίας
2609 1443 2922 1510 ἐξανελὼν,
2986 1443 3080 1493 καὶ
3114 1438 3453 1509 ἐπιτηδείους
3509 1436 3647 1505 πρὸς
3708 1432 3994 1504 φωτισμὸν

2418 1539 2650 1599 πίστεως
2680 1532 3361 1604 προπαρασκευαζόμενος,
3391 1527 3565 1589 οὓτως
3596 1525 3858 1595 ἐξαπίνης
3892 1524 4000 1577 αύ-

2415 1630 2542 1689 τοὺς
2572 1627 2706 1696 πρὸς
2749 1625 2846 1695 τὴν
2879 1623 2979 1692 τῆς
3009 1622 3265 1691 ἀληθείας
3294 1621 3588 1689 ἐπίγνωσιν
3613 1618 3863 1681 ἀνάπτει,
3900 1617 3998 1670 καὶ

2416 1718 2721 1788 λαμπρύνει
2751 1716 2828 1786 τῷ
2856 1715 3155 1783 Πνεύματι,
3190 1714 3284 1765 καὶ
3314 1711 3546 1775 καινίζει
3576 1710 3652 1779 τῷ
3679 1710 3829 1762 ὕδατι
3856 1726 3871 1740 ·
3898 1708 3999 1761 καὶ

2418 1808 2548 1879 ἱερῷ
2582 1806 2844 1877 χρίσματι
2884 1802 3195 1874 σφραγίζει,
3228 1803 3320 1855 καὶ
3350 1803 3554 1871 ῥήματι
3581 1799 3797 1866 ἀγιάζει
3823 1798 3960 1851 Θεοῦ
3979 1814 3996 1829 ⁸

746 1908 851 1959 que
881 1891 1046 1945 verbo
1070 1892 1405 1946 sanctiﬁcat:
1443 1893 1607 1961 inque
1626 1908 1750 1945 eum
1777 1892 1999 1945 modum
2025 1902 2169 1947 totos
2195 1908 2315 1946 om-

2420 1900 2512 1953 καὶ
2540 1897 2713 1960 οὕτως
2766 1897 2920 1959 ὅλους
2951 1896 3019 1950 δι’
3054 1896 3177 1948 ὅλου
3223 1892 3316 1946 τοῦ
3361 1893 3483 1946 κατ’
3532 1890 3692 1944 αὑτὸν
3735 1889 3993 1959 οὐρανίου

747 1985 900 2048 nino,
920 2000 1029 2052 quo
1056 1986 1312 2038 incensus
1330 1993 1468 2047 erat,
1492 1984 1699 2038 caalesti
1723 2000 1819 2038 eos
1851 1985 1973 2054 igne
2000 1985 2237 2053 replens,
2260 1984 2314 2037 in

748 2089 900 2128 suam
935 2073 1098 2127 trahit
1133 2072 1572 2128 similitudinem.
1603 2075 2010 2144 Scripturarum
2049 2074 2198 2128 enim
2224 2074 2316 2128 do-

748 2164 1020 2217 cumentis
1046 2179 1167 2233 quae
1214 2164 1477 2227 tironum,
1519 2179 1582 2218 ac
1615 2165 2007 2219 rudimentaria
2042 2172 2192 2227 sunt,
2219 2178 2315 2217 eos

743 2254 1048 2309 eumndans
1068 2271 1132 2308 ac
1162 2254 1478 2317 instituens,
1494 2253 2025 2323 perfectioribusque
2044 2254 2314 2308 doctrinis

743 2344 1059 2400 illuminans
1088 2355 1250 2415 atque
1274 2360 1629 2414 componens.
1650 2361 1751 2398 nec
1785 2360 1893 2398 non
1924 2345 2196 2413 supremis
2225 2344 2313 2397 di-

740 2436 889 2490 vinis
908 2436 1393 2505 praedicationibus
1425 2437 1739 2506 perficiens,
1783 2439 2101 2506 donansque
2151 2436 2313 2489 abso-

742 2523 977 2587 lutione,
1006 2526 1101 2580 Dei
1129 2526 1271 2581 ﬁlios
1298 2528 1696 2589 immaculatos,
1724 2528 2040 2582 cohaeredes
2074 2543 2137 2582 ac
2176 2543 2311 2581 con-

743 2620 1057 2688 corporales
1079 2620 1609 2689 comparticipesqne
1625 2621 1829 2675 Christi
1861 2620 2027 2675 efﬁcit
2062 2638 2074 2673 :
2120 2620 2310 2688 sicque

742 2711 848 2780 iam
880 2711 933 2764 in
965 2711 1236 2765 Ecclesias
1274 2721 1490 2766 sanctas
1526 2713 1789 2777 Domino,
1848 2728 2149 2782 gregesque
2192 2727 2310 2766 ma-

742 2812 849 2867 gno
903 2798 1248 2852 sacerdotum
1303 2808 1693 2868 pastorumque
1744 2799 1979 2869 principi
2021 2814 2244 2871 cogens,
2281 2814 2311 2853 a

742 2889 1064 2956 nequissimi
1099 2897 1369 2958 potestate
1395 2891 1655 2945 liberatos
1699 2901 1860 2960 atque
1884 2892 2114 2956 solutos,
2145 2892 2311 2946 caele-

742 2982 811 3035 sti
857 2997 953 3034 eos
985 2981 1126 3035 Patri
1162 2997 1531 3051 supremoque
1558 2984 1804 3037 omnium
1843 2983 1972 3053 Regi
2005 2984 2277 3037 admovet.

810 3072 898 3127 Sic
934 3073 1161 3142 Illatbias
1192 3076 1484 3128 Dominum
1534 3076 1875 3139 clarificavit,
1931 3077 2119 3145 sicque
2149 3076 2311 3130 vicis-

741 3163 846 3218 sim
881 3163 1031 3218 illum
1082 3163 1345 3219 Dominus
1388 3167 1741 3231 clariﬁcavit;
1798 3174 2025 3236 eratque
2058 3166 2309 3220 mirabile

741 3256 1017 3325 quoddam
1051 3257 1192 3311 inter
1222 3258 1412 3310 ambos
1446 3259 1595 3313 velut
1626 3269 1926 3323 certamen,
1962 3274 2026 3313 ac
2056 3258 2310 3313 vincendi

741 3348 926 3401 ardor.
955 3348 1085 3401 Nam
1119 3350 1259 3402 alter
1286 3350 1531 3417 quidem,
1580 3351 1674 3419 qui
1701 3350 1947 3404 salvandi
1990 3358 2175 3404 essent
2206 3349 2314 3402 Do-

742 3441 890 3493 mino
911 3440 1260 3510 adjungcbat,
1294 3442 1552 3510 omnique
1579 3450 1776 3496 conatu
1800 3458 1863 3496 ac
1886 3442 2153 3497 industria
2171 3443 2312 3512 ejus,

741 3533 834 3601 qui
862 3533 1106 3594 miserat,
1160 3548 1411 3602 quaerens
1440 3534 1690 3603 gloriam,
1735 3549 1927 3588 eorum
1960 3549 2191 3587 numero
2220 3532 2315 3586 ad-

742 3624 949 3677 debat:
991 3624 1127 3677 alter
1184 3633 1365 3677 autem
1394 3665 1407 3687 ,
1465 3624 1553 3678 his
1599 3626 1691 3693 qui
1748 3624 2116 3679 credidissent
2167 3623 2315 3676 illius

741 3728 929 3781 opera,
958 3728 1214 3767 coronam
1240 3713 1430 3783 gloriae
1476 3712 1754 3781 animique
1786 3712 2212 3766 exsultationem
2250 3726 2313 3763 ac

742 3803 911 3858 dccus
937 3804 1231 3858 munificus
1267 3813 1650 3858 remunerator
1683 3804 1943 3857 donabat.

815 3894 954 3950 Sane
984 3894 1206 3963 quidem
1244 3898 1474 3948 maxima
1517 3894 1665 3963 digni
1700 3894 2064 3948 admiratione
2113 3892 2314 3946 beatis—

743 3986 865 4040 simi
897 3986 1127 4054 apostoli
1169 3985 1433 4039 circuitus
1471 3999 1663 4039 omnes
1695 4000 1759 4038 ac
1803 3984 2310 4053 peregrinationes:

741 4081 1013 4143 quotquot
1036 4073 1165 4127 item
1196 4074 1271 4128 illi
1308 4074 1521 4127 fortiter
1538 4083 1688 4144 gesta
1715 4076 2002 4128 universas
2027 4073 2313 4127 lustrando

740 4167 1013 4229 nationes,
1043 4166 1485 4235 splendidissima
1524 4168 1613 4220 illa
1644 4167 1803 4235 plane
1826 4182 1889 4220 ac
1922 4166 2264 4219 divinissima
2294 4182 2307 4227 ;

740 4266 863 4304 eum
900 4252 1093 4320 primis
1128 4269 1257 4307 vero
1303 4253 1445 4323 apud
1491 4270 1585 4307 eos
1616 4254 1882 4316 exhibita,
1919 4254 2011 4322 qui
2049 4254 2102 4307 in
2137 4254 2311 4322 prima

738 4340 1014 4412 Ethiopia
1041 4344 1198 4398 sedes
1236 4344 1459 4397 habent.
1504 4345 1871 4399 Admirandus
1901 4346 2049 4399 enim
2090 4345 2176 4399 vir
2210 4346 2312 4399 iste

742 4435 894 4498 Jesu,
925 4434 1068 4504 apud
1098 4443 1252 4489 atros
1285 4436 1408 4490 illos
1436 4438 1683 4505 corporis
1718 4438 1964 4507 fuligine,
2002 4438 2310 4505 mentisque

2419 1989 2791 2062 πεπληρωκὼς
2820 1988 3009 2059 πυρὸς,
3040 1986 3219 2057 ἐαυτῷ
3250 1984 3509 2055 ἐξομοιοῖ.
3545 1983 3676 2044 Ταῖς
3701 1983 3998 2049 εἰσαγωγι-

2417 2086 2537 2145 καίς
2573 2083 2681 2153 γὰρ
2715 2081 2823 2134 τῶν
2873 2080 3069 2148 λογίων
3112 2079 3354 2147 διδαχαῖς
3384 2074 3663 2145 καθαίρων
3706 2074 3801 2126 καὶ
3849 2088 3997 2123 στοι-

2416 2175 2596 2245 χειῶν,
2629 2176 2739 2237 τοῖς
2768 2173 3124 2241 τελειοτέροις
3165 2170 3221 2223 δέ
3263 2168 3373 2222 τῶν
3405 2166 3691 2235 δογμάτων
3736 2162 3992 2233 φωτίζων

2415 2266 2509 2319 καὶ
2534 2264 2814 2334 συμδιὸῶν
2839 2280 2852 2294 ⁸
2884 2265 3007 2325 ταῖς
3028 2262 3288 2315 ἀνωτάτω
3319 2260 3377 2313 δέ
3400 2258 3701 2326 θεολογίαις
3728 2272 3865 2308 κατα
3876 2254 3995 2323 ρτί-

2415 2357 2521 2420 ζων
2543 2356 2740 2416 αὐτοὺς
2772 2354 2863 2407 καὶ
2896 2351 3313 2421 τελεσιουργῶν,
3346 2350 3512 2403 τέκνα
3536 2346 3670 2400 Θεοῦ
3711 2344 3997 2414 ἀμώμητα

2417 2442 2839 2512 συγκληρονόμα
2870 2443 2964 2495 καὶ
2995 2441 3259 2510 σύσσωμα
3284 2440 3378 2493 καὶ
3405 2439 3719 2508 συμμέτοχα
3752 2435 3995 2487 δείκνυσι

2414 2535 2507 2588 τοῦ
2537 2533 2803 2605 Χριστοῦ·
2841 2534 2936 2585 καὶ
2995 2532 3138 2585 οὕτω
3185 2530 3368 2582 λοιπον
3404 2531 3483 2591 εἰς
3515 2528 3806 2596 ἐκκλησίας
3829 2525 3996 2591 ἀγίας

2415 2626 2623 2694 Κυρίῳ,
2656 2623 2749 2676 καὶ
2774 2623 2947 2674 σεπτά
3001 2622 3226 2691 ποίμνια
3255 2620 3333 2687 τῷ
3364 2618 3585 2687 μεγάλῳ
3620 2618 3865 2685 ἀρχιερεί
3895 2614 3994 2665 καὶ

2414 2713 2760 2784 ἀρχιποίμενι
2810 2711 3101 2770 καθιστῶν,
3148 2709 3457 2778 ἀπήλλαττε
3508 2707 3606 2774 μὲν
3649 2703 3743 2754 καὶ
3773 2700 3995 2767 ἠλευθέ-

2416 2824 2509 2877 ρου
2541 2806 2640 2870 τῆς
2690 2803 2938 2869 ἐξουσίας
2972 2802 3066 2854 τοῦ
3102 2799 3344 2869 πονηροῦ
3366 2817 3381 2831 ·
3416 2798 3493 2866 τῷ
3521 2794 3754 2865 οὐρανίῳ
3781 2792 3838 2843 δὲ
3866 2790 3993 2841 τοῦ-

2413 2915 2537 2959 τους
2558 2899 2793 2967 παρίστη
2818 2896 2993 2965 Πατρὶ
3026 2897 3120 2947 καὶ
3150 2891 3514 2961 Παμὸασιλεῖ.

2487 3082 2644 3135 Οὕτω
2692 3080 2909 3140 Μαθίας
2935 3078 3154 3141 ἐδόξασε
3184 3078 3277 3129 τὸν
3302 3075 3527 3143 Κύριον,
3556 3070 3651 3123 καὶ
3677 3067 3847 3130 οὕτως
3882 3066 3989 3118 αὖ·

2369 3206 2383 3229 τ
2414 3176 2505 3227 τὸν
2537 3172 2888 3237 ἀντεδόξασεν
2914 3172 2942 3223 ὅ
2974 3168 3209 3239 Κύριοςο
3246 3168 3339 3219 καὶ
3361 3162 3427 3233 ἦν
3451 3162 3739 3232 θαυμαστή
3770 3176 3852 3221 τις
3874 3152 3991 3209 οἷον

2366 3244 2382 3265 δ
2414 3264 2613 3333 ἅμιλλα
2646 3266 2699 3314 ἐν
2737 3262 3087 3331 ἀμφοτέροις.
3132 3259 3192 3311 Ὀ
3230 3259 3328 3327 μὲν
3378 3256 3486 3325 γὰρ
3515 3250 3830 3323 προσετίθει
3860 3249 3989 3309 τοὺς

2416 3352 2758 3419 σωζομένους
2782 3350 2857 3419 τῷ
2890 3348 3104 3417 Κυρίῳ,
3134 3347 3284 3415 πάσῃ
3317 3345 3530 3414 μηχανῇ
3555 3342 3652 3410 τὴν
3684 3340 3843 3403 δόξαν
3888 3336 3989 3389 τοῦ

2414 3444 2726 3513 πέμψαντος
2751 3442 2912 3494 αὐτὸν
2945 3439 3124 3507 ζητῶν
3146 3455 3158 3469 ·
3189 3439 3218 3490 ό
3263 3437 3319 3488 δὲ
3365 3436 3539 3504 τούτῳ
3568 3434 3695 3494 τοὺς
3717 3430 3783 3483 δι’
3814 3427 3988 3483 αὐτοῦ

2415 3533 2786 3595 πιστεύοντας,
2816 3532 3134 3600 καυχήσεως
3162 3528 3445 3595 στέςρανον,
3474 3525 3786 3593 ἀγαλλίαμά
3803 3540 3860 3575 τε
3885 3522 3985 3574 καὶ

2413 3625 2567 3688 δόξαν
2598 3623 2773 3693 ψυχῆς
2797 3620 3168 3690 ἁντεδωρείτο.

2488 3903 2642 3955 Ἔστι
2685 3900 2783 3968 μὲν
2812 3898 2902 3950 οὖν
2934 3898 3111 3959 πάσας
3135 3895 3229 3947 τοῦ
3256 3893 3676 3964 μακαριωτάτου
3702 3892 3802 3953 τάς
3828 3908 3987 3960 περι-

2413 3993 2561 4054 όδους
2608 3987 3004 4058 ὑπεράγασθαι,
3067 3987 3159 4039 καὶ
3188 3988 3283 4048 τάς
3329 3986 3716 4055 ἀνδραγαθίας,
3765 3986 3893 4045 ὅσας
3929 3986 3991 4036 ἐν

2414 4085 2579 4136 πᾶσιν
2610 4081 2785 4133 ἔθνεσι
2824 4080 3203 4150 κατεπράξατο
3243 4080 3491 4148 περιιὼν,
3513 4079 3589 4140 ὡς
3630 4078 3990 4144 ἀξιολογωτά-

2413 4192 2508 4236 τας
2541 4173 2634 4226 καὶ
2659 4171 3084 4237 ἀξιοθεωτάτας·
3115 4170 3213 4239 οὐχ
3241 4171 3441 4238 ἥκιστα
3469 4169 3545 4231 δέ,
3577 4168 3642 4236 ἦν
3668 4168 3726 4218 ἐν
3752 4169 3861 4227 τοῖς
3888 4166 3991 4234 τὴν

2414 4265 2636 4334 πρώτην
2676 4257 2975 4315 Ἀἰθιοπίαν
3035 4260 3277 4312 οἰκοῦσιν
3330 4258 3659 4321 ἐπεδείξατο.
3717 4257 3840 4318 Τοῖς
3877 4257 3990 4324 γὰρ

2417 4355 2671 4423 μέλανσιν
2706 4353 2934 4414 ἐκείνοις
3002 4349 3063 4401 τὸ
3116 4351 3297 4418 σῶμα,
3337 4347 3684 4417 μελαντέροις
3737 4346 3792 4398 δὲ
3851 4345 3989 4397 πολὺ

2416 4446 2574 4497 πλέον
2602 4444 2691 4496 τὸν
2724 4442 2849 4495 νοῦν
2874 4443 2968 4495 καὶ
2993 4442 3093 4509 τὴν
3123 4441 3323 4510 ψυχὴν,
3341 4442 3433 4492 καὶ
3459 4437 3755 4506 ὼμοὸόρων
3782 4436 3990 4504 θηρίων

745 4525 861 4593 ipsa
891 4535 1054 4595 atque
1087 4527 1254 4580 animi
1284 4528 1691 4598 caliginelonge
1718 4530 1972 4591 atriores,
2006 4543 2109 4582 nec
2145 4528 2309 4597 quid-

2414 4534 2773 4602 διενηνοχόσιν
2831 4532 3003 4595 οὐδὲν,
3062 4533 3091 4583 ὁ
3145 4529 3445 4599 θαυμάσιος
3496 4521 3650 4589 οὗτος
3702 4525 3991 4594 ἄνθρωπος

741 4632 903 4685 (luam
947 4618 1258 4673 crudivoris
1292 4620 1666 4673 animantibus
1698 4619 2028 4683 dissimiles,
2069 4633 2309 4673 commo-

742 4714 918 4769 ratus,
952 4706 1117 4775 inque
1154 4707 1335 4761 medio
1373 4710 1670 4775 agrestium
1716 4709 2013 4763 bestiarum
2051 4718 2308 4777 tanquam

742 4796 939 4859 homo,
998 4812 1095 4852 seu
1146 4800 1330 4867 potius
1391 4800 1534 4854 inter
1587 4801 2006 4855 scelestissimos
2059 4801 2311 4856 homines

740 4892 894 4959 quasi
939 4893 1083 4946 Deus
1136 4894 1349 4958 beatus,
1404 4894 1459 4948 in
1494 4894 1712 4963 longum
1761 4904 1976 4963 tempus
2017 4904 2266 4949 versatus
2294 4934 2309 4957 ,

744 4984 942 5037 nedum
992 4985 1200 5039 nullum
1240 5002 1467 5055 prorsus
1497 4986 1715 5040 illorum
1752 4986 2046 5055 protervis:
2074 5002 2139 5041 ac
2182 4986 2310 5041 feri-

743 5075 871 5129 tatis
918 5078 1207 5146 vestigium
1247 5078 1350 5132 sibi
1388 5079 1503 5148 ipse
1546 5079 1759 5140 ascivit,
1805 5094 1995 5132 verum
2037 5094 2135 5133 sua
2186 5080 2310 5134 illos

745 5168 1166 5222 mansuetudine
1198 5169 1485 5238 impartiit.
1514 5170 1726 5224 Nedum
1773 5170 1918 5224 nulla
1950 5170 2067 5224 vitii
2101 5171 2311 5225 macula

741 5256 947 5309 (Zhristi
987 5257 1209 5313 dotibus
1235 5261 1610 5327 prtenitentcm
1655 5261 1895 5314 animum
1933 5262 2147 5326 imbuit,
2177 5262 2308 5331 quin

744 5348 808 5400 ad
843 5347 1124 5402 meliorem
1159 5364 1254 5403 eos
1274 5350 1483 5420 frugem
1514 5353 1888 5405 commutavit.
1916 5352 2147 5405 Prorsus
2162 5353 2308 5405 enim

743 5440 1077 5493 contrarium
1096 5443 1373 5497 contrario
1389 5460 1609 5505 sanans,
1631 5460 1821 5498 eorum
1844 5445 2028 5499 cordis
2052 5445 2310 5499 duritiam

743 5537 799 5580 et
845 5531 1209 5598 pervicaciam
1248 5548 1311 5588 ac
1350 5535 1691 5603 superbiam,
1738 5553 1949 5590 morum
1998 5538 2264 5591 suavitate
2297 5578 2311 5599 .

745 5617 989 5684 lenitate,
1026 5623 1338 5691 placiditate
1379 5627 1739 5693 emolliebat;
1786 5628 2080 5692 feritatem,
2132 5629 2312 5692 dolos,

745 5709 1159 5780 malignitatem,
1200 5714 1367 5767 animi
1418 5715 1785 5785 benignitate,
1847 5717 2107 5779 candore,
2162 5733 2312 5770 man-

747 5801 1039 5857 suetudine
1075 5805 1382 5860 inllcctebat
1413 5822 1425 5865 ;
1459 5808 1733 5863 mcllilluis
1771 5808 2007 5877 denique
2044 5809 2312 5863 sermoni-

2411 4623 2801 4693 ἐμφιλοχωρῶν
2825 4622 2916 4675 τοῦ
2965 4621 3161 4692 Ἰησοῦ,
3188 4623 3279 4672 καὶ
3301 4619 3360 4670 ἐν
3389 4618 3539 4686 μέσῳ
3570 4614 3751 4684 θηρῶν
3777 4613 3992 4683 ἀγρίων

2411 4719 2485 4779 ὡς
2512 4717 2608 4770 ἀνο
2619 4731 2828 4786 ρωπος·
2866 4714 3065 4784 μᾶλλον
3091 4714 3149 4766 δὲ
3183 4710 3386 4780 μεταξὺ
3409 4708 3661 4778 πονηρῶν
3684 4705 3992 4774 ἀνθρώπων

2411 4809 2497 4864 οἷα
2529 4812 2664 4873 Θεὸς
2689 4811 2890 4877 ἀγαθὸς
2916 4810 3009 4863 ἐπὶ
3039 4808 3169 4860 πολὺ
3206 4804 3471 4859 κατοικῶν
3495 4844 3508 4867 ,
3546 4803 3606 4854 οὐ
3637 4804 3731 4869 τῆς
3762 4800 3993 4853 ἐκείνων

2414 4901 2738 4969 ἰταμότητος
2789 4900 2933 4967 ῐχνος
2958 4898 3093 4959 ὅλως
3123 4898 3439 4963 ἐπεσύρετο,
3494 4892 3591 4960 τῆς
3622 4890 3825 4952 οἰκείας
3857 4905 3994 4957 μετ-

2412 4993 2579 5045 έδωκε
2607 4990 2973 5060 χρηστότητος
3002 4987 3057 5039 δέ
3078 5005 3091 5017 ·
3143 4984 3255 5038 οὔτ’
3296 4980 3389 5037 οῦν
3417 4986 3515 5053 τῆς
3571 4981 3769 5041 κακίας
3794 4980 3992 5032 σπῖλον

2411 5086 2475 5153 τῇ
2500 5080 2821 5151 χριστοειδεῖ
2846 5077 3247 5149 προσετρίψατο
3275 5077 3418 5145 ψυχῇ
3442 5090 3455 5103 ·
3483 5074 3788 5143 κρείττονος
3817 5087 3992 5140 μετα-

2413 5174 2576 5243 ϐολῆς
2600 5173 2820 5235 τούτους
2853 5171 3158 5241 κατηξίωσε
3175 5170 3251 5222 δέ·
3269 5168 3347 5237 τῷ
3365 5167 3590 5231 ἐναντίῳ
3610 5167 3717 5235 γάρ
3746 5165 3994 5232 ἀτεχνῶς

2412 5262 2718 5316 τούναντίον
2737 5262 3046 5330 ἐξιώμενος,
3069 5261 3131 5312 τὸ
3153 5260 3383 5327 σκληρὸν
3406 5259 3503 5330 μὲν
3530 5256 3709 5308 αὐτῶν
3727 5256 3821 5321 τῆς
3847 5271 3915 5305 κα
3926 5271 3994 5321 ρ-

2412 5356 2527 5414 δίας
2554 5355 2644 5406 καὶ
2676 5353 2963 5414 δυσπειθὲς
2999 5352 3093 5403 καὶ
3126 5351 3425 5418 ἀγέρωχον,
3457 5348 3533 5417 τῷ
3566 5345 3758 5413 ἁπαλῷ
3779 5362 3836 5395 τε
3864 5344 3994 5413 ἤθει

2415 5449 2506 5498 καὶ
2565 5445 2811 5513 μειλιχίῳ
2858 5442 3233 5511 κατεμάλαττε
3264 5440 3356 5492 καὶ
3388 5440 3585 5507 πραεῖ·
3622 5436 3681 5488 τὸ
3710 5436 3994 5503 ἀνήμερον

2413 5540 2469 5590 δὲ
2501 5538 2591 5590 καὶ
2626 5537 2858 5589 ὓπουλον
2892 5535 2987 5587 καὶ
3028 5535 3235 5595 σκαιὸν,
3264 5532 3339 5601 τῷ
3363 5529 3668 5597 ἀγαθοειδεί
3702 5528 3802 5594 τῆς
3842 5525 3994 5593 γνώ-

2418 5646 2543 5696 μης,
2576 5627 2819 5694 ἀπλοῖκῷ
2846 5644 2901 5677 τε
2933 5625 3026 5677 καλ⁵
3055 5625 3317 5694 προσηνεῖ
3353 5618 3723 5675 κατεδυσώπει
3745 5633 3758 5646 ·
3779 5617 3873 5668 καὶ⁵
3905 5616 3996 5686 τῷ

2415 5721 2522 5771 τῶν
2548 5720 2720 5786 λόγων
2743 5718 2799 5770 δὲ
2819 5717 3128 5786 μελιρῤύτῳ
3156 5715 3249 5766 καὶ
3266 5714 3344 5782 τῷ
3368 5713 3462 5766 τοῦ
3491 5714 3692 5779 τρόπου
3719 5710 3773 5762 δέ
3793 5708 3994 5776 ὲνθέῳ,

2416 5812 2508 5862 καὶ
2545 5809 2621 5877 τῷ
2651 5808 2758 5860 τῶν
2790 5806 2965 5875 Ξργων
3000 5806 3052 5857 δὲ
3089 5803 3424 5873 μεγαλοδύξιε)
3471 5799 3863 5865 καταπλήττων
3893 5797 3995 5847 αῦ-
