  <div class='ocr_page' id='page_1' title='image "/cluster/home/n/w/nwhite01/storage/ocr_20150623/105/nnc1.0046980105/148.png"; bbox 0 0 4180 6434; ppageno 0'>
   <div class='ocr_carea' id='block_1_1' title="bbox 174 428 272 488">
    <p class='ocr_par' dir='ltr' id='par_1_1' title="bbox 174 428 272 488">
     <span class='ocr_line' id='line_1_1' title="bbox 174 428 272 488; baseline -0.031 0"><span class='ocrx_word' id='word_1_1' title='bbox 174 428 272 488; x_wconf 78' lang='lat'><strong>281</strong></span> 
     </span>
    </p>
   </div>
   <div class='ocr_carea' id='block_1_2' title="bbox 857 400 2674 473">
    <p class='ocr_par' dir='ltr' id='par_1_2' title="bbox 857 400 2674 473">
     <span class='ocr_line' id='line_1_2' title="bbox 857 400 2674 473; baseline -0.011 0"><span class='ocrx_word' id='word_1_2' title='bbox 857 410 1137 473; x_wconf 74' lang='lat' dir='ltr'>ORATIO</span> <span class='ocrx_word' id='word_1_3' title='bbox 1166 410 1317 469; x_wconf 77' lang='lat' dir='ltr'><strong>XIV.</strong></span> <span class='ocrx_word' id='word_1_4' title='bbox 1379 432 1445 441; x_wconf 92' lang='lat'><strong><em>——</em></strong></span> <span class='ocrx_word' id='word_1_5' title='bbox 1485 402 1567 465; x_wconf 66' lang='lat' dir='ltr'><strong>IN</strong></span> <span class='ocrx_word' id='word_1_6' title='bbox 1628 404 1931 464; x_wconf 74' lang='lat' dir='ltr'><strong>LAUDEM</strong></span> <span class='ocrx_word' id='word_1_7' title='bbox 1979 403 2038 459; x_wconf 68' lang='grc' dir='ltr'><strong>Β.</strong></span> <span class='ocrx_word' id='word_1_8' title='bbox 2077 400 2388 459; x_wconf 71' lang='lat' dir='ltr'><strong>MATUle</strong></span> <span class='ocrx_word' id='word_1_9' title='bbox 2427 400 2674 457; x_wconf 76' lang='lat' dir='ltr'><strong>APOST.</strong></span> 
     </span>
    </p>
   </div>
   <div class='ocr_carea' id='block_1_3' title="bbox 3316 399 3427 463">
    <p class='ocr_par' dir='ltr' id='par_1_3' title="bbox 3316 399 3427 463">
     <span class='ocr_line' id='line_1_3' title="bbox 3316 399 3427 463; baseline 0.027 -3"><span class='ocrx_word' id='word_1_10' title='bbox 3316 399 3427 463; x_wconf 73' lang='lat'><strong>282</strong></span> 
     </span>
    </p>
   </div>
   <div class='ocr_carea' id='block_1_4' title="bbox 170 509 1752 601">
    <p class='ocr_par' dir='ltr' id='par_1_4' title="bbox 170 520 1749 601">
     <span class='ocr_line' id='line_1_4' title="bbox 170 520 1749 601; baseline -0.013 -10"><span class='ocrx_word' id='word_1_11' title='bbox 170 539 299 600; x_wconf 74' lang='grc' dir='ltr'><em>τοὺς</em></span> <span class='ocrx_word' id='word_1_12' title='bbox 328 538 425 590; x_wconf 69' lang='grc' dir='ltr'><strong>καὶ</strong></span> <span class='ocrx_word' id='word_1_13' title='bbox 454 530 726 601; x_wconf 61' lang='grc' dir='ltr'><strong>ἐκφοϐῶν,</strong></span> <span class='ocrx_word' id='word_1_14' title='bbox 758 529 836 592; x_wconf 81' lang='grc' dir='ltr'><em>εἰς</em></span> <span class='ocrx_word' id='word_1_15' title='bbox 862 524 1259 595; x_wconf 75' lang='grc' dir='ltr'><strong>συγκατάθεσιν</strong></span> <span class='ocrx_word' id='word_1_16' title='bbox 1306 520 1450 574; x_wconf 77' lang='grc' dir='ltr'><em>οὕτω</em></span> <span class='ocrx_word' id='word_1_17' title='bbox 1495 524 1590 592; x_wconf 81' lang='grc' dir='ltr'><em>τῆς</em></span> <span class='ocrx_word' id='word_1_18' title='bbox 1617 521 1749 588; x_wconf 53' lang='lat' dir='ltr'><strong>dir,-</strong></span> 
     </span>
    </p>
   </div>
   <div class='ocr_carea' id='block_1_5' title="bbox 1853 509 3423 601">
    <p class='ocr_par' dir='ltr' id='par_1_5' title="bbox 1856 509 3423 583">
     <span class='ocr_line' id='line_1_5' title="bbox 1856 509 3423 583; baseline -0.002 -14"><span class='ocrx_word' id='word_1_19' title='bbox 1856 518 1955 569; x_wconf 79' lang='lat' dir='ltr'><strong>bus</strong></span> <span class='ocrx_word' id='word_1_20' title='bbox 1984 517 2259 583; x_wconf 83' lang='lat' dir='ltr'><strong>rectisque</strong></span> <span class='ocrx_word' id='word_1_21' title='bbox 2296 515 2545 566; x_wconf 85' lang='lat' dir='ltr'><strong>moribus</strong></span> <span class='ocrx_word' id='word_1_22' title='bbox 2567 530 2629 566; x_wconf 88' lang='lat' dir='ltr'><strong>ac</strong></span> <span class='ocrx_word' id='word_1_23' title='bbox 2656 509 2959 580; x_wconf 78' lang='lat' dir='ltr'><strong>magnificis</strong></span> <span class='ocrx_word' id='word_1_24' title='bbox 2991 509 3271 579; x_wconf 89' lang='lat' dir='ltr'><strong>operibus,</strong></span> <span class='ocrx_word' id='word_1_25' title='bbox 3306 521 3423 567; x_wconf 83' lang='lat' dir='ltr'><strong>stu-</strong></span> 
     </span>
    </p>
   </div>
   <div class='ocr_carea' id='block_1_6' title="bbox 176 617 1053 698">
    <p class='ocr_par' dir='ltr' id='par_1_6' title="bbox 176 617 1053 698">
     <span class='ocr_line' id='line_1_6' title="bbox 176 617 1053 698; baseline -0.009 -20"><span class='ocrx_word' id='word_1_26' title='bbox 176 630 324 692; x_wconf 71' lang='grc' dir='ltr'><em>θεὶας</em></span> <span class='ocrx_word' id='word_1_27' title='bbox 344 625 472 698; x_wconf 73' lang='grc' dir='ltr'><strong>ἦγε.</strong></span> <span class='ocrx_word' id='word_1_28' title='bbox 513 625 577 677; x_wconf 86' lang='grc' dir='ltr'><strong><em>Ἥ</em></strong></span> <span class='ocrx_word' id='word_1_29' title='bbox 603 622 832 692; x_wconf 81' lang='grc' dir='ltr'><em>ἀλήθεια</em></span> <span class='ocrx_word' id='word_1_30' title='bbox 860 620 918 672; x_wconf 83' lang='grc' dir='ltr'><em>δὲ</em></span> <span class='ocrx_word' id='word_1_31' title='bbox 937 617 1053 682; x_wconf 80' lang='grc' dir='ltr'><em>τίς;</em></span> 
     </span>
    </p>
   </div>
   <div class='ocr_carea' id='block_1_7' title="bbox 242 795 1755 882">
    <p class='ocr_par' dir='ltr' id='par_1_7' title="bbox 242 795 1755 882">
     <span class='ocr_line' id='line_1_7' title="bbox 242 795 1755 882; baseline -0.016 -12"><span class='ocrx_word' id='word_1_32' title='bbox 242 815 469 875; x_wconf 74' lang='grc' dir='ltr'><em>Γνῶτε.</em></span> <span class='ocrx_word' id='word_1_33' title='bbox 506 813 689 882; x_wconf 78' lang='grc' dir='ltr'><em>φησὶν,</em></span> <span class='ocrx_word' id='word_1_34' title='bbox 718 805 766 864; x_wconf 85' lang='grc' dir='ltr'>ὦ</span> <span class='ocrx_word' id='word_1_35' title='bbox 815 805 1050 875; x_wconf 82' lang='grc' dir='ltr'><em>ἄνδρες,</em></span> <span class='ocrx_word' id='word_1_36' title='bbox 1090 803 1274 874; x_wconf 77' lang='grc' dir='ltr'><em>γνῶτε</em></span> <span class='ocrx_word' id='word_1_37' title='bbox 1327 800 1424 854; x_wconf 82' lang='grc' dir='ltr'><strong>διὰ</strong></span> <span class='ocrx_word' id='word_1_38' title='bbox 1465 797 1571 853; x_wconf 91' lang='grc' dir='ltr'><strong>τοῦ</strong></span> <span class='ocrx_word' id='word_1_39' title='bbox 1606 795 1755 864; x_wconf 71' lang='grc' dir='ltr'><em>πρὸς</em></span> 
     </span>
    </p>
   </div>
   <div class='ocr_carea' id='block_1_8' title="bbox 176 891 1756 976">
    <p class='ocr_par' dir='ltr' id='par_1_8' title="bbox 176 891 1756 976">
     <span class='ocr_line' id='line_1_8' title="bbox 176 891 1756 976; baseline -0.013 -14"><span class='ocrx_word' id='word_1_40' title='bbox 176 906 333 976; x_wconf 77' lang='grc' dir='ltr'><em>ὑμᾶς</em></span> <span class='ocrx_word' id='word_1_41' title='bbox 361 903 829 971; x_wconf 73' lang='grc' dir='ltr'><em>ἀπεσταλμένον</em></span> <span class='ocrx_word' id='word_1_42' title='bbox 880 899 986 953; x_wconf 79' lang='grc' dir='ltr'><strong>τὸν</strong></span> <span class='ocrx_word' id='word_1_43' title='bbox 1042 896 1494 951; x_wconf 65' lang='grc' dir='ltr'><strong>ἀπεσταλκότα·</strong></span> <span class='ocrx_word' id='word_1_44' title='bbox 1530 892 1626 943; x_wconf 79' lang='grc' dir='ltr'><em>καὶ</em></span> <span class='ocrx_word' id='word_1_45' title='bbox 1686 891 1756 942; x_wconf 82' lang='grc' dir='ltr'><em>ἐν</em></span> 
     </span>
    </p>
   </div>
   <div class='ocr_carea' id='block_1_9' title="bbox 175 983 1756 1067">
    <p class='ocr_par' dir='ltr' id='par_1_9' title="bbox 175 983 1756 1067">
     <span class='ocr_line' id='line_1_9' title="bbox 175 983 1756 1067; baseline -0.013 -15"><span class='ocrx_word' id='word_1_46' title='bbox 175 998 325 1067; x_wconf 69' lang='grc' dir='ltr'><em>ἐμοὶ,</em></span> <span class='ocrx_word' id='word_1_47' title='bbox 362 999 469 1050; x_wconf 78' lang='grc' dir='ltr'><strong>τὸν</strong></span> <span class='ocrx_word' id='word_1_48' title='bbox 506 994 579 1048; x_wconf 84' lang='grc' dir='ltr'><em>δι’</em></span> <span class='ocrx_word' id='word_1_49' title='bbox 609 992 755 1063; x_wconf 83' lang='grc' dir='ltr'><strong>ἐμοῦ</strong></span> <span class='ocrx_word' id='word_1_50' title='bbox 784 990 1221 1059; x_wconf 82' lang='grc' dir='ltr'><em>κηρυττόμενον</em></span> <span class='ocrx_word' id='word_1_51' title='bbox 1245 986 1588 1054; x_wconf 74' lang='grc' dir='ltr'><em>γνωρίσατε.</em></span> <span class='ocrx_word' id='word_1_52' title='bbox 1647 983 1756 1034; x_wconf 72' lang='grc' dir='ltr'><strong>Τὸν</strong></span> 
     </span>
    </p>
   </div>
   <div class='ocr_carea' id='block_1_10' title="bbox 176 1073 1750 1157">
    <p class='ocr_par' dir='ltr' id='par_1_10' title="bbox 176 1073 1750 1157">
     <span class='ocr_line' id='line_1_10' title="bbox 176 1073 1750 1157; baseline -0.01 -14"><span class='ocrx_word' id='word_1_53' title='bbox 176 1087 396 1157; x_wconf 58' lang='lat' dir='ltr'><strong>erepo}</strong></span> <span class='ocrx_word' id='word_1_54' title='bbox 431 1083 741 1142; x_wconf 82' lang='grc' dir='ltr'><em>λαλοῦντα</em></span> <span class='ocrx_word' id='word_1_55' title='bbox 789 1082 887 1136; x_wconf 77' lang='grc' dir='ltr'><em>καὶ</em></span> <span class='ocrx_word' id='word_1_56' title='bbox 914 1080 1099 1141; x_wconf 78' lang='grc' dir='ltr'><em>ζῶντα</em></span> <span class='ocrx_word' id='word_1_57' title='bbox 1141 1078 1226 1147; x_wconf 80' lang='grc' dir='ltr'><em>μὴ</em></span> <span class='ocrx_word' id='word_1_58' title='bbox 1279 1075 1547 1143; x_wconf 75' lang='grc' dir='ltr'><strong>ἀγνοεῖτε</strong></span> <span class='ocrx_word' id='word_1_59' title='bbox 1582 1073 1750 1128; x_wconf 79' lang='grc' dir='ltr'><em>Θεόν.</em></span> 
     </span>
    </p>
   </div>
   <div class='ocr_carea' id='block_1_11' title="bbox 178 1163 1753 1247">
    <p class='ocr_par' dir='ltr' id='par_1_11' title="bbox 178 1163 1753 1247">
     <span class='ocr_line' id='line_1_11' title="bbox 178 1163 1753 1247; baseline -0.012 -13"><span class='ocrx_word' id='word_1_60' title='bbox 178 1181 319 1244; x_wconf 83' lang='grc' dir='ltr'><strong>Θεὸς</strong></span> <span class='ocrx_word' id='word_1_61' title='bbox 352 1179 463 1247; x_wconf 75' lang='grc' dir='ltr'><strong>γὰρ</strong></span> <span class='ocrx_word' id='word_1_62' title='bbox 500 1170 677 1241; x_wconf 81' lang='grc' dir='ltr'><em>οὗτος</em></span> <span class='ocrx_word' id='word_1_63' title='bbox 702 1173 937 1241; x_wconf 83' lang='grc' dir='ltr'><em>ἀληθής</em></span> <span class='ocrx_word' id='word_1_64' title='bbox 977 1172 1107 1224; x_wconf 78' lang='grc' dir='ltr'><em>ἐστι</em></span> <span class='ocrx_word' id='word_1_65' title='bbox 1139 1172 1341 1238; x_wconf 81' lang='grc' dir='ltr'><strong>μόνος,</strong></span> <span class='ocrx_word' id='word_1_66' title='bbox 1394 1168 1580 1235; x_wconf 89' lang='grc' dir='ltr'><em>μόνος</em></span> <span class='ocrx_word' id='word_1_67' title='bbox 1613 1163 1753 1226; x_wconf 82' lang='grc' dir='ltr'><em>Θεὸς</em></span> 
     </span>
    </p>
   </div>
   <div class='ocr_carea' id='block_1_12' title="bbox 176 1258 1756 1337">
    <p class='ocr_par' dir='ltr' id='par_1_12' title="bbox 176 1258 1756 1337">
     <span class='ocr_line' id='line_1_12' title="bbox 176 1258 1756 1337; baseline -0.013 -10"><span class='ocrx_word' id='word_1_68' title='bbox 176 1272 347 1333; x_wconf 82' lang='grc' dir='ltr'><em>θεῶν,</em></span> <span class='ocrx_word' id='word_1_69' title='bbox 392 1272 609 1337; x_wconf 78' lang='grc' dir='ltr'><em>Κύριος</em></span> <span class='ocrx_word' id='word_1_70' title='bbox 639 1266 879 1333; x_wconf 81' lang='grc' dir='ltr'><strong>κυρίων,</strong></span> <span class='ocrx_word' id='word_1_71' title='bbox 908 1265 1006 1317; x_wconf 78' lang='grc' dir='ltr'><em>καὶ</em></span> <span class='ocrx_word' id='word_1_72' title='bbox 1041 1264 1235 1331; x_wconf 74' lang='grc' dir='ltr'><em>Ἄγιος</em></span> <span class='ocrx_word' id='word_1_73' title='bbox 1261 1260 1531 1328; x_wconf 63' lang='grc' dir='ltr'><strong>πέφυκεν</strong></span> <span class='ocrx_word' id='word_1_74' title='bbox 1572 1258 1756 1324; x_wconf 76' lang='grc' dir='ltr'><em>ἁγίων</em></span> 
     </span>
    </p>
   </div>
   <div class='ocr_carea' id='block_1_13' title="bbox 173 1349 1756 1433">
    <p class='ocr_par' dir='ltr' id='par_1_13' title="bbox 173 1349 1756 1433">
     <span class='ocr_line' id='line_1_13' title="bbox 173 1349 1756 1433; baseline -0.011 -16"><span class='ocrx_word' id='word_1_75' title='bbox 173 1364 393 1433; x_wconf 77' lang='grc' dir='ltr'><em>μόνος’</em></span> <span class='ocrx_word' id='word_1_76' title='bbox 431 1361 500 1425; x_wconf 86' lang='grc' dir='ltr'><em>ὃς</em></span> <span class='ocrx_word' id='word_1_77' title='bbox 529 1358 621 1414; x_wconf 77' lang='grc' dir='ltr'><em>ἀεὶ</em></span> <span class='ocrx_word' id='word_1_78' title='bbox 657 1358 762 1423; x_wconf 84' lang='grc' dir='ltr'><em>ὢν,</em></span> <span class='ocrx_word' id='word_1_79' title='bbox 817 1356 915 1410; x_wconf 80' lang='grc' dir='ltr'><strong>καὶ</strong></span> <span class='ocrx_word' id='word_1_80' title='bbox 960 1356 1103 1419; x_wconf 85' lang='grc' dir='ltr'><em>ὅλος</em></span> <span class='ocrx_word' id='word_1_81' title='bbox 1136 1354 1253 1419; x_wconf 81' lang='grc' dir='ltr'><em>τὴν</em></span> <span class='ocrx_word' id='word_1_82' title='bbox 1296 1352 1485 1420; x_wconf 68' lang='grc' dir='ltr'><em>φύσιν</em></span> <span class='ocrx_word' id='word_1_83' title='bbox 1534 1349 1756 1433; x_wconf 58' lang='grc' dir='ltr'><em>ἀγαθὸς</em></span> 
     </span>
    </p>
   </div>
   <div class='ocr_carea' id='block_1_14' title="bbox 174 1429 1747 1519">
    <p class='ocr_par' dir='ltr' id='par_1_14' title="bbox 174 1429 1747 1519">
     <span class='ocr_line' id='line_1_14' title="bbox 174 1429 1747 1519; baseline -0.008 -12"><span class='ocrx_word' id='word_1_84' title='bbox 174 1429 273 1519; x_wconf 56' lang='grc' dir='ltr'><em>ξῦν,</em></span> <span class='ocrx_word' id='word_1_85' title='bbox 302 1458 417 1509; x_wconf 70' lang='grc' dir='ltr'><em>οὐκ</em></span> <span class='ocrx_word' id='word_1_86' title='bbox 468 1452 750 1506; x_wconf 80' lang='grc' dir='ltr'><em>ἐϐούλετο</em></span> <span class='ocrx_word' id='word_1_87' title='bbox 775 1450 962 1518; x_wconf 86' lang='grc' dir='ltr'><em>μόνος</em></span> <span class='ocrx_word' id='word_1_88' title='bbox 984 1444 1201 1500; x_wconf 79' lang='grc' dir='ltr'><em>ἑαυτοῦ</em></span> <span class='ocrx_word' id='word_1_89' title='bbox 1232 1429 1661 1511; x_wconf 43' lang='grc' dir='ltr'><em>κατατρυφᾷνγ</em></span> <span class='ocrx_word' id='word_1_90' title='bbox 1676 1442 1747 1507; x_wconf 79' lang='grc' dir='ltr'><em>ὡς</em></span> 
     </span>
    </p>
   </div>
   <div class='ocr_carea' id='block_1_15' title="bbox 174 1535 1756 1608">
    <p class='ocr_par' dir='ltr' id='par_1_15' title="bbox 174 1535 1756 1608">
     <span class='ocr_line' id='line_1_15' title="bbox 174 1535 1756 1608; baseline -0.008 -9"><span class='ocrx_word' id='word_1_91' title='bbox 174 1547 246 1600; x_wconf 79' lang='grc' dir='ltr'><em>ἂν</em></span> <span class='ocrx_word' id='word_1_92' title='bbox 267 1545 338 1597; x_wconf 78' lang='grc' dir='ltr'><em>δὲ</em></span> <span class='ocrx_word' id='word_1_93' title='bbox 359 1545 610 1608; x_wconf 74' lang='grc' dir='ltr'><em>πλείους</em></span> <span class='ocrx_word' id='word_1_94' title='bbox 632 1539 754 1596; x_wconf 80' lang='grc' dir='ltr'><em>εἷεν</em></span> <span class='ocrx_word' id='word_1_95' title='bbox 779 1544 833 1594; x_wconf 83' lang='lat' dir='ltr'><strong>ot</strong></span> <span class='ocrx_word' id='word_1_96' title='bbox 857 1539 1359 1607; x_wconf 74' lang='grc' dir='ltr'><strong>εὐεργετούμενοι,</strong></span> <span class='ocrx_word' id='word_1_97' title='bbox 1385 1535 1620 1604; x_wconf 81' lang='grc' dir='ltr'><em>πρῶτον</em></span> <span class='ocrx_word' id='word_1_98' title='bbox 1639 1536 1756 1603; x_wconf 83' lang='grc' dir='ltr'><em>μὲν</em></span> 
     </span>
    </p>
   </div>
   <div class='ocr_carea' id='block_1_16' title="bbox 175 1626 1757 1702">
    <p class='ocr_par' dir='ltr' id='par_1_16' title="bbox 175 1626 1757 1702">
     <span class='ocr_line' id='line_1_16' title="bbox 175 1626 1757 1702; baseline -0.008 -13"><span class='ocrx_word' id='word_1_99' title='bbox 175 1638 276 1690; x_wconf 82' lang='grc' dir='ltr'><em>τὸν</em></span> <span class='ocrx_word' id='word_1_100' title='bbox 300 1638 497 1691; x_wconf 82' lang='grc' dir='ltr'><em>ἇῦλον</em></span> <span class='ocrx_word' id='word_1_101' title='bbox 550 1636 785 1702; x_wconf 81' lang='grc' dir='ltr'><em>κόσμον</em></span> <span class='ocrx_word' id='word_1_102' title='bbox 833 1632 929 1686; x_wconf 80' lang='grc' dir='ltr'><em>καὶ</em></span> <span class='ocrx_word' id='word_1_103' title='bbox 978 1632 1349 1699; x_wconf 84' lang='grc' dir='ltr'><em>νοούμενον·</em></span> <span class='ocrx_word' id='word_1_104' title='bbox 1392 1627 1595 1680; x_wconf 79' lang='grc' dir='ltr'><em>ἔπειτα</em></span> <span class='ocrx_word' id='word_1_105' title='bbox 1649 1626 1757 1678; x_wconf 76' lang='grc' dir='ltr'><em>τὸν</em></span> 
     </span>
    </p>
   </div>
   <div class='ocr_carea' id='block_1_17' title="bbox 173 1716 1753 1795">
    <p class='ocr_par' dir='ltr' id='par_1_17' title="bbox 173 1716 1753 1795">
     <span class='ocr_line' id='line_1_17' title="bbox 173 1716 1753 1795; baseline -0.008 -12"><span class='ocrx_word' id='word_1_106' title='bbox 173 1729 387 1783; x_wconf 78' lang='grc' dir='ltr'><strong>ὑλικὸν</strong></span> <span class='ocrx_word' id='word_1_107' title='bbox 420 1728 519 1781; x_wconf 77' lang='grc' dir='ltr'><strong>καὶ</strong></span> <span class='ocrx_word' id='word_1_108' title='bbox 553 1725 856 1795; x_wconf 79' lang='grc' dir='ltr'><em>ὁρώμενον</em></span> <span class='ocrx_word' id='word_1_109' title='bbox 891 1724 1107 1778; x_wconf 88' lang='grc' dir='ltr'><em>τοῦτον</em></span> <span class='ocrx_word' id='word_1_110' title='bbox 1132 1723 1201 1775; x_wconf 83' lang='grc' dir='ltr'><em>ἐν</em></span> <span class='ocrx_word' id='word_1_111' title='bbox 1249 1719 1434 1789; x_wconf 69' lang='grc' dir='ltr'><em>σοφίᾳ</em></span> <span class='ocrx_word' id='word_1_112' title='bbox 1464 1716 1753 1781; x_wconf 81' lang='grc' dir='ltr'><em>κατεστή·</em></span> 
     </span>
    </p>
   </div>
   <div class='ocr_carea' id='block_1_18' title="bbox 174 1808 1755 1883">
    <p class='ocr_par' dir='ltr' id='par_1_18' title="bbox 174 1808 1755 1883">
     <span class='ocr_line' id='line_1_18' title="bbox 174 1808 1755 1883; baseline -0.009 -13"><span class='ocrx_word' id='word_1_113' title='bbox 174 1832 320 1870; x_wconf 85' lang='grc' dir='ltr'><em>σατο</em></span> <span class='ocrx_word' id='word_1_114' title='bbox 344 1834 359 1847; x_wconf 91' lang='grc'><strong>·</strong></span> <span class='ocrx_word' id='word_1_115' title='bbox 392 1817 463 1869; x_wconf 83' lang='grc' dir='ltr'><em>ἐν</em></span> <span class='ocrx_word' id='word_1_116' title='bbox 488 1808 538 1880; x_wconf 81' lang='grc' dir='ltr'>ᾧ</span> <span class='ocrx_word' id='word_1_117' title='bbox 567 1814 761 1883; x_wconf 84' lang='grc' dir='ltr'><em>μόνον</em></span> <span class='ocrx_word' id='word_1_118' title='bbox 782 1813 889 1866; x_wconf 83' lang='grc' dir='ltr'><strong>τὸν</strong></span> <span class='ocrx_word' id='word_1_119' title='bbox 932 1812 1247 1878; x_wconf 77' lang='grc' dir='ltr'><em>ἄνθρωπον</em></span> <span class='ocrx_word' id='word_1_120' title='bbox 1290 1812 1449 1878; x_wconf 76' lang='grc' dir='ltr'><em>λόγῳ</em></span> <span class='ocrx_word' id='word_1_121' title='bbox 1480 1808 1575 1863; x_wconf 73' lang='grc' dir='ltr'><strong>καί</strong></span> <span class='ocrx_word' id='word_1_122' title='bbox 1616 1808 1755 1859; x_wconf 87' lang='grc' dir='ltr'><em>αὐτ-</em></span> 
     </span>
    </p>
   </div>
   <div class='ocr_carea' id='block_1_19' title="bbox 1856 600 3425 677">
    <p class='ocr_par' dir='ltr' id='par_1_19' title="bbox 1856 600 3425 677">
     <span class='ocr_line' id='line_1_19' title="bbox 1856 600 3425 677; baseline -0.003 -18"><span class='ocrx_word' id='word_1_123' title='bbox 1856 623 2044 677; x_wconf 86' lang='lat' dir='ltr'><strong>porem</strong></span> <span class='ocrx_word' id='word_1_124' title='bbox 2074 616 2450 672; x_wconf 89' lang='lat' dir='ltr'><strong>terroremque</strong></span> <span class='ocrx_word' id='word_1_125' title='bbox 2482 604 2776 664; x_wconf 90' lang='lat' dir='ltr'><strong>incutiens,</strong></span> <span class='ocrx_word' id='word_1_126' title='bbox 2823 600 2889 654; x_wconf 86' lang='lat' dir='ltr'><strong>ad</strong></span> <span class='ocrx_word' id='word_1_127' title='bbox 2918 602 3163 655; x_wconf 72' lang='lat' dir='ltr'><strong>veritatis</strong></span> <span class='ocrx_word' id='word_1_128' title='bbox 3190 615 3425 655; x_wconf 83' lang='lat' dir='ltr'><strong>consen-</strong></span> 
     </span>
    </p>
   </div>
   <div class='ocr_carea' id='block_1_20' title="bbox 1855 693 2943 763">
    <p class='ocr_par' dir='ltr' id='par_1_20' title="bbox 1855 693 2943 763">
     <span class='ocr_line' id='line_1_20' title="bbox 1855 693 2943 763; baseline -0.006 -11"><span class='ocrx_word' id='word_1_129' title='bbox 1855 715 1976 752; x_wconf 86' lang='lat' dir='ltr'><strong>sum</strong></span> <span class='ocrx_word' id='word_1_130' title='bbox 2013 698 2286 751; x_wconf 77' lang='lat' dir='ltr'><strong>trahebat.</strong></span> <span class='ocrx_word' id='word_1_131' title='bbox 2318 699 2387 749; x_wconf 88' lang='lat' dir='ltr'><strong>At</strong></span> <span class='ocrx_word' id='word_1_132' title='bbox 2416 710 2663 763; x_wconf 78' lang='lat' dir='ltr'><strong>quamam</strong></span> <span class='ocrx_word' id='word_1_133' title='bbox 2694 693 2943 747; x_wconf 83' lang='lat' dir='ltr'><strong>veritas?</strong></span> 
     </span>
    </p>
   </div>
   <div class='ocr_carea' id='block_1_21' title="bbox 1924 783 3428 859">
    <p class='ocr_par' dir='ltr' id='par_1_21' title="bbox 1924 783 3428 859">
     <span class='ocr_line' id='line_1_21' title="bbox 1924 783 3428 859; baseline -0.004 -17"><span class='ocrx_word' id='word_1_134' title='bbox 1924 790 2215 859; x_wconf 80' lang='lat' dir='ltr'><strong>Agnoscite,</strong></span> <span class='ocrx_word' id='word_1_135' title='bbox 2247 788 2445 857; x_wconf 87' lang='lat' dir='ltr'><strong>inquit,</strong></span> <span class='ocrx_word' id='word_1_136' title='bbox 2474 802 2503 838; x_wconf 94' lang='lat' dir='ltr'><strong>o</strong></span> <span class='ocrx_word' id='word_1_137' title='bbox 2536 787 2652 844; x_wconf 86' lang='lat' dir='ltr'><strong>viri.</strong></span> <span class='ocrx_word' id='word_1_138' title='bbox 2693 784 2955 854; x_wconf 80' lang='lat' dir='ltr'><strong>agnoscite</strong></span> <span class='ocrx_word' id='word_1_139' title='bbox 2977 799 3069 853; x_wconf 89' lang='lat' dir='ltr'><strong>per</strong></span> <span class='ocrx_word' id='word_1_140' title='bbox 3101 799 3215 836; x_wconf 89' lang='lat' dir='ltr'><strong>eum</strong></span> <span class='ocrx_word' id='word_1_141' title='bbox 3247 784 3338 853; x_wconf 90' lang='lat' dir='ltr'><strong>qui</strong></span> <span class='ocrx_word' id='word_1_142' title='bbox 3357 783 3428 836; x_wconf 86' lang='lat' dir='ltr'><strong>ad</strong></span> 
     </span>
    </p>
   </div>
   <div class='ocr_carea' id='block_1_22' title="bbox 1856 876 3427 947">
    <p class='ocr_par' dir='ltr' id='par_1_22' title="bbox 1856 876 3427 947">
     <span class='ocr_line' id='line_1_22' title="bbox 1856 876 3427 947; baseline -0.003 -13"><span class='ocrx_word' id='word_1_143' title='bbox 1856 898 1940 934; x_wconf 81' lang='lat' dir='ltr'><strong>vos</strong></span> <span class='ocrx_word' id='word_1_144' title='bbox 1973 882 2166 934; x_wconf 76' lang='lat' dir='ltr'><strong>missus</strong></span> <span class='ocrx_word' id='word_1_145' title='bbox 2186 890 2281 942; x_wconf 88' lang='lat' dir='ltr'><strong>est,</strong></span> <span class='ocrx_word' id='word_1_146' title='bbox 2322 880 2493 947; x_wconf 89' lang='lat' dir='ltr'><strong>ipsum</strong></span> <span class='ocrx_word' id='word_1_147' title='bbox 2533 879 2620 943; x_wconf 85' lang='lat' dir='ltr'><strong>qui</strong></span> <span class='ocrx_word' id='word_1_148' title='bbox 2650 880 2789 931; x_wconf 87' lang='lat' dir='ltr'><strong>misit</strong></span> <span class='ocrx_word' id='word_1_149' title='bbox 2821 894 2839 930; x_wconf 89' lang='lat'><em>:</em></span> <span class='ocrx_word' id='word_1_150' title='bbox 2888 884 3043 944; x_wconf 89' lang='lat' dir='ltr'><strong>atque</strong></span> <span class='ocrx_word' id='word_1_151' title='bbox 3075 876 3129 928; x_wconf 84' lang='lat' dir='ltr'><strong>in</strong></span> <span class='ocrx_word' id='word_1_152' title='bbox 3174 892 3273 938; x_wconf 90' lang='lat' dir='ltr'><strong>me,</strong></span> <span class='ocrx_word' id='word_1_153' title='bbox 3306 892 3427 930; x_wconf 88' lang='lat' dir='ltr'><strong>eum</strong></span> 
     </span>
    </p>
   </div>
   <div class='ocr_carea' id='block_1_23' title="bbox 1856 964 3424 1042">
    <p class='ocr_par' dir='ltr' id='par_1_23' title="bbox 1856 964 3424 1042">
     <span class='ocr_line' id='line_1_23' title="bbox 1856 964 3424 1042; baseline -0.004 -18"><span class='ocrx_word' id='word_1_154' title='bbox 1856 973 1944 1042; x_wconf 92' lang='lat' dir='ltr'><strong>qui</strong></span> <span class='ocrx_word' id='word_1_155' title='bbox 1991 988 2081 1040; x_wconf 88' lang='lat' dir='ltr'><strong>per</strong></span> <span class='ocrx_word' id='word_1_156' title='bbox 2129 988 2209 1022; x_wconf 91' lang='lat' dir='ltr'><strong>me</strong></span> <span class='ocrx_word' id='word_1_157' title='bbox 2266 969 2609 1035; x_wconf 58' lang='lat' dir='ltr'><strong>praedicatur,</strong></span> <span class='ocrx_word' id='word_1_158' title='bbox 2662 967 2969 1035; x_wconf 78' lang='lat' dir='ltr'><strong>cognoscite.</strong></span> <span class='ocrx_word' id='word_1_159' title='bbox 3025 964 3201 1019; x_wconf 85' lang='lat' dir='ltr'><strong>Nolite</strong></span> <span class='ocrx_word' id='word_1_160' title='bbox 3256 964 3424 1018; x_wconf 85' lang='lat' dir='ltr'><strong>Deum</strong></span> 
     </span>
    </p>
   </div>
   <div class='ocr_carea' id='block_1_24' title="bbox 1856 1057 3428 1133">
    <p class='ocr_par' dir='ltr' id='par_1_24' title="bbox 1856 1057 3428 1133">
     <span class='ocr_line' id='line_1_24' title="bbox 1856 1057 3428 1133; baseline -0.003 -18"><span class='ocrx_word' id='word_1_161' title='bbox 1856 1065 2099 1133; x_wconf 82' lang='lat' dir='ltr'><strong>ignorare</strong></span> <span class='ocrx_word' id='word_1_162' title='bbox 2140 1065 2228 1131; x_wconf 88' lang='lat' dir='ltr'><strong>qui</strong></span> <span class='ocrx_word' id='word_1_163' title='bbox 2272 1065 2325 1113; x_wconf 90' lang='lat' dir='ltr'><strong>in</strong></span> <span class='ocrx_word' id='word_1_164' title='bbox 2362 1076 2441 1112; x_wconf 88' lang='lat' dir='ltr'><strong>me</strong></span> <span class='ocrx_word' id='word_1_165' title='bbox 2492 1057 2743 1127; x_wconf 85' lang='lat' dir='ltr'><strong>loquitur,</strong></span> <span class='ocrx_word' id='word_1_166' title='bbox 2786 1075 2847 1110; x_wconf 89' lang='lat' dir='ltr'><strong>ac</strong></span> <span class='ocrx_word' id='word_1_167' title='bbox 2885 1057 3051 1110; x_wconf 87' lang='lat' dir='ltr'><strong>Deum</strong></span> <span class='ocrx_word' id='word_1_168' title='bbox 3090 1060 3285 1110; x_wconf 76' lang='lat' dir='ltr'><strong>vivum.</strong></span> <span class='ocrx_word' id='word_1_169' title='bbox 3331 1057 3428 1111; x_wconf 78' lang='lat' dir='ltr'><strong>Hic</strong></span> 
     </span>
    </p>
   </div>
   <div class='ocr_carea' id='block_1_25' title="bbox 1857 1147 3427 1211">
    <p class='ocr_par' dir='ltr' id='par_1_25' title="bbox 1857 1147 3427 1211">
     <span class='ocr_line' id='line_1_25' title="bbox 1857 1147 3427 1211; baseline -0.006 -1"><span class='ocrx_word' id='word_1_170' title='bbox 1857 1160 1993 1210; x_wconf 88' lang='lat' dir='ltr'><strong>enim</strong></span> <span class='ocrx_word' id='word_1_171' title='bbox 2012 1156 2155 1209; x_wconf 87' lang='lat' dir='ltr'><strong>solus</strong></span> <span class='ocrx_word' id='word_1_172' title='bbox 2176 1171 2324 1207; x_wconf 87' lang='lat' dir='ltr'><strong>verus</strong></span> <span class='ocrx_word' id='word_1_173' title='bbox 2352 1153 2487 1206; x_wconf 89' lang='lat' dir='ltr'><strong>Deus</strong></span> <span class='ocrx_word' id='word_1_174' title='bbox 2518 1160 2633 1204; x_wconf 90' lang='lat' dir='ltr'><strong>est:</strong></span> <span class='ocrx_word' id='word_1_175' title='bbox 2678 1148 2820 1203; x_wconf 89' lang='lat' dir='ltr'><strong>solus</strong></span> <span class='ocrx_word' id='word_1_176' title='bbox 2854 1148 2991 1202; x_wconf 83' lang='lat' dir='ltr'><strong>Deus</strong></span> <span class='ocrx_word' id='word_1_177' title='bbox 3029 1149 3267 1211; x_wconf 88' lang='lat' dir='ltr'><strong>deorum,</strong></span> <span class='ocrx_word' id='word_1_178' title='bbox 3322 1147 3427 1201; x_wconf 89' lang='lat' dir='ltr'><strong>Do-</strong></span> 
     </span>
    </p>
   </div>
   <div class='ocr_carea' id='block_1_26' title="bbox 1857 1238 3424 1307">
    <p class='ocr_par' dir='ltr' id='par_1_26' title="bbox 1857 1238 3424 1307">
     <span class='ocr_line' id='line_1_26' title="bbox 1857 1238 3424 1307; baseline -0.005 -7"><span class='ocrx_word' id='word_1_179' title='bbox 1857 1250 2027 1300; x_wconf 86' lang='lat' dir='ltr'><strong>minus</strong></span> <span class='ocrx_word' id='word_1_180' title='bbox 2081 1245 2486 1307; x_wconf 82' lang='lat' dir='ltr'><strong>dominantium,</strong></span> <span class='ocrx_word' id='word_1_181' title='bbox 2538 1241 2681 1295; x_wconf 88' lang='lat' dir='ltr'><strong>solus</strong></span> <span class='ocrx_word' id='word_1_182' title='bbox 2719 1239 2943 1293; x_wconf 87' lang='lat' dir='ltr'><strong>Sanctus</strong></span> <span class='ocrx_word' id='word_1_183' title='bbox 2981 1246 3303 1293; x_wconf 81' lang='lat' dir='ltr'><strong>sanctorum.</strong></span> <span class='ocrx_word' id='word_1_184' title='bbox 3350 1238 3424 1300; x_wconf 85' lang='lat' dir='ltr'><strong>Is.</strong></span> 
     </span>
    </p>
   </div>
   <div class='ocr_carea' id='block_1_27' title="bbox 1855 1331 3425 1405">
    <p class='ocr_par' dir='ltr' id='par_1_27' title="bbox 1855 1331 3425 1405">
     <span class='ocr_line' id='line_1_27' title="bbox 1855 1331 3425 1405; baseline -0.006 -13"><span class='ocrx_word' id='word_1_185' title='bbox 1855 1357 1973 1392; x_wconf 85' lang='lat' dir='ltr'><strong>cum</strong></span> <span class='ocrx_word' id='word_1_186' title='bbox 2004 1353 2206 1405; x_wconf 80' lang='lat' dir='ltr'><strong>semper</strong></span> <span class='ocrx_word' id='word_1_187' title='bbox 2233 1342 2388 1396; x_wconf 89' lang='lat' dir='ltr'><strong>esset,</strong></span> <span class='ocrx_word' id='word_1_188' title='bbox 2420 1353 2481 1387; x_wconf 86' lang='lat' dir='ltr'><strong>ac</strong></span> <span class='ocrx_word' id='word_1_189' title='bbox 2513 1343 2649 1387; x_wconf 86' lang='lat' dir='ltr'><strong>totus</strong></span> <span class='ocrx_word' id='word_1_190' title='bbox 2692 1341 2889 1386; x_wconf 84' lang='lat' dir='ltr'><strong>natura</strong></span> <span class='ocrx_word' id='word_1_191' title='bbox 2930 1332 3091 1382; x_wconf 90' lang='lat' dir='ltr'><strong>bonus</strong></span> <span class='ocrx_word' id='word_1_192' title='bbox 3136 1331 3425 1397; x_wconf 70' lang='lat' dir='ltr'><strong>exsisteret,</strong></span> 
     </span>
    </p>
   </div>
   <div class='ocr_carea' id='block_1_28' title="bbox 1856 1419 3427 1496">
    <p class='ocr_par' dir='ltr' id='par_1_28' title="bbox 1856 1419 3427 1496">
     <span class='ocr_line' id='line_1_28' title="bbox 1856 1419 3427 1496; baseline -0.005 -13"><span class='ocrx_word' id='word_1_193' title='bbox 1856 1428 2024 1483; x_wconf 86' lang='lat' dir='ltr'><strong>noluit</strong></span> <span class='ocrx_word' id='word_1_194' title='bbox 2049 1426 2189 1480; x_wconf 87' lang='lat' dir='ltr'><strong>solus</strong></span> <span class='ocrx_word' id='word_1_195' title='bbox 2208 1428 2315 1496; x_wconf 87' lang='lat' dir='ltr'><strong>ipse</strong></span> <span class='ocrx_word' id='word_1_196' title='bbox 2338 1440 2391 1478; x_wconf 86' lang='lat' dir='ltr'><strong>se</strong></span> <span class='ocrx_word' id='word_1_197' title='bbox 2415 1424 2519 1493; x_wconf 90' lang='lat' dir='ltr'><strong>frui</strong></span> <span class='ocrx_word' id='word_1_198' title='bbox 2542 1442 2602 1477; x_wconf 91' lang='lat' dir='ltr'><strong>ac</strong></span> <span class='ocrx_word' id='word_1_199' title='bbox 2618 1427 2796 1477; x_wconf 88' lang='lat' dir='ltr'><strong>beatus</strong></span> <span class='ocrx_word' id='word_1_200' title='bbox 2822 1437 2953 1475; x_wconf 88' lang='lat' dir='ltr'><strong>esse.</strong></span> <span class='ocrx_word' id='word_1_201' title='bbox 2973 1419 3075 1475; x_wconf 89' lang='lat' dir='ltr'><strong>Sed</strong></span> <span class='ocrx_word' id='word_1_202' title='bbox 3095 1430 3150 1473; x_wconf 92' lang='lat' dir='ltr'><strong>ut</strong></span> <span class='ocrx_word' id='word_1_203' title='bbox 3173 1423 3226 1473; x_wconf 89' lang='lat' dir='ltr'><strong>in</strong></span> <span class='ocrx_word' id='word_1_204' title='bbox 3249 1419 3427 1490; x_wconf 77' lang='lat' dir='ltr'><strong>plures</strong></span> 
     </span>
    </p>
   </div>
   <div class='ocr_carea' id='block_1_29' title="bbox 1856 1511 3431 1586">
    <p class='ocr_par' dir='ltr' id='par_1_29' title="bbox 1856 1511 3431 1586">
     <span class='ocr_line' id='line_1_29' title="bbox 1856 1511 3431 1586; baseline -0.006 -13"><span class='ocrx_word' id='word_1_205' title='bbox 1856 1518 2161 1586; x_wconf 82' lang='lat' dir='ltr'><strong>beneﬁcium</strong></span> <span class='ocrx_word' id='word_1_206' title='bbox 2193 1517 2465 1577; x_wconf 88' lang='lat' dir='ltr'><strong>transiret,</strong></span> <span class='ocrx_word' id='word_1_207' title='bbox 2497 1515 2666 1584; x_wconf 91' lang='lat' dir='ltr'><strong>primo</strong></span> <span class='ocrx_word' id='word_1_208' title='bbox 2712 1514 2919 1582; x_wconf 87' lang='lat' dir='ltr'><strong>quidem</strong></span> <span class='ocrx_word' id='word_1_209' title='bbox 2960 1511 3213 1564; x_wconf 87' lang='lat' dir='ltr'><strong>mundum</strong></span> <span class='ocrx_word' id='word_1_210' title='bbox 3250 1512 3431 1564; x_wconf 87' lang='lat' dir='ltr'><strong>condi-</strong></span> 
     </span>
    </p>
   </div>
   <div class='ocr_carea' id='block_1_30' title="bbox 1856 1602 3430 1681">
    <p class='ocr_par' dir='ltr' id='par_1_30' title="bbox 1856 1602 3430 1681">
     <span class='ocr_line' id='line_1_30' title="bbox 1856 1602 3430 1681; baseline -0.004 -17"><span class='ocrx_word' id='word_1_211' title='bbox 1856 1613 1954 1674; x_wconf 86' lang='lat' dir='ltr'><strong>dit,</strong></span> <span class='ocrx_word' id='word_1_212' title='bbox 1986 1612 2075 1681; x_wconf 87' lang='lat' dir='ltr'><strong>qui</strong></span> <span class='ocrx_word' id='word_1_213' title='bbox 2107 1617 2257 1661; x_wconf 77' lang='lat' dir='ltr'><strong>extra</strong></span> <span class='ocrx_word' id='word_1_214' title='bbox 2292 1607 2569 1661; x_wconf 88' lang='lat' dir='ltr'><strong>materiam</strong></span> <span class='ocrx_word' id='word_1_215' title='bbox 2596 1613 2695 1668; x_wconf 88' lang='lat' dir='ltr'><strong>est,</strong></span> <span class='ocrx_word' id='word_1_216' title='bbox 2738 1621 2800 1657; x_wconf 89' lang='lat' dir='ltr'><strong>ac</strong></span> <span class='ocrx_word' id='word_1_217' title='bbox 2849 1613 3019 1656; x_wconf 86' lang='lat' dir='ltr'><strong>mente</strong></span> <span class='ocrx_word' id='word_1_218' title='bbox 3072 1602 3385 1672; x_wconf 82' lang='lat' dir='ltr'><strong>intelligitur</strong></span> <span class='ocrx_word' id='word_1_219' title='bbox 3409 1618 3430 1657; x_wconf 91' lang='lat'><strong><em>:</em></strong></span> 
     </span>
    </p>
   </div>
   <div class='ocr_carea' id='block_1_31' title="bbox 1859 1696 3432 1772">
    <p class='ocr_par' dir='ltr' id='par_1_31' title="bbox 1859 1696 3432 1772">
     <span class='ocr_line' id='line_1_31' title="bbox 1859 1696 3432 1772; baseline -0.006 -17"><span class='ocrx_word' id='word_1_220' title='bbox 1859 1710 2068 1772; x_wconf 86' lang='lat' dir='ltr'><strong>tumque</strong></span> <span class='ocrx_word' id='word_1_221' title='bbox 2092 1703 2227 1754; x_wconf 90' lang='lat' dir='ltr'><strong>hunc</strong></span> <span class='ocrx_word' id='word_1_222' title='bbox 2252 1702 2423 1770; x_wconf 87' lang='lat' dir='ltr'><strong>ipsum</strong></span> <span class='ocrx_word' id='word_1_223' title='bbox 2462 1698 2730 1751; x_wconf 84' lang='lat' dir='ltr'><strong>constituit</strong></span> <span class='ocrx_word' id='word_1_224' title='bbox 2766 1696 2991 1749; x_wconf 89' lang='lat' dir='ltr'><strong>materia</strong></span> <span class='ocrx_word' id='word_1_225' title='bbox 3025 1703 3321 1747; x_wconf 88' lang='lat' dir='ltr'><strong>concretum</strong></span> <span class='ocrx_word' id='word_1_226' title='bbox 3368 1709 3432 1747; x_wconf 91' lang='lat' dir='ltr'><strong>ac</strong></span> 
     </span>
    </p>
   </div>
   <div class='ocr_carea' id='block_1_32' title="bbox 1858 1789 3433 1861">
    <p class='ocr_par' dir='ltr' id='par_1_32' title="bbox 1858 1789 3433 1861">
     <span class='ocr_line' id='line_1_32' title="bbox 1858 1789 3433 1861; baseline -0.008 -11"><span class='ocrx_word' id='word_1_227' title='bbox 1858 1794 2110 1849; x_wconf 87' lang='lat' dir='ltr'><strong>visibilem</strong></span> <span class='ocrx_word' id='word_1_228' title='bbox 2134 1811 2151 1857; x_wconf 92' lang='lat'><strong><em>;</em></strong></span> <span class='ocrx_word' id='word_1_229' title='bbox 2184 1795 2241 1845; x_wconf 89' lang='lat' dir='ltr'><strong>in</strong></span> <span class='ocrx_word' id='word_1_230' title='bbox 2267 1806 2367 1861; x_wconf 89' lang='lat' dir='ltr'><strong>quo</strong></span> <span class='ocrx_word' id='word_1_231' title='bbox 2390 1806 2554 1842; x_wconf 89' lang='lat' dir='ltr'><strong>unum</strong></span> <span class='ocrx_word' id='word_1_232' title='bbox 2577 1790 2838 1841; x_wconf 83' lang='lat' dir='ltr'><strong>hominem</strong></span> <span class='ocrx_word' id='word_1_233' title='bbox 2864 1789 3070 1841; x_wconf 86' lang='lat' dir='ltr'><strong>ratione</strong></span> <span class='ocrx_word' id='word_1_234' title='bbox 3099 1793 3347 1839; x_wconf 90' lang='lat' dir='ltr'><strong>ornatum</strong></span> <span class='ocrx_word' id='word_1_235' title='bbox 3368 1800 3433 1838; x_wconf 87' lang='lat' dir='ltr'><strong>ac</strong></span> 
     </span>
    </p>
   </div>
   <div class='ocr_carea' id='block_1_33' title="bbox 172 1866 1752 1975">
    <p class='ocr_par' dir='ltr' id='par_1_33' title="bbox 172 1866 1752 1975">
     <span class='ocr_line' id='line_1_33' title="bbox 172 1866 1752 1975; baseline -0.008 -13"><span class='ocrx_word' id='word_1_236' title='bbox 172 1866 550 1975; x_wconf 69' lang='grc' dir='ltr'><em>εξουσιότητι</em></span> <span class='ocrx_word' id='word_1_237' title='bbox 567 1866 992 1974; x_wconf 61' lang='grc' dir='ltr'><strong>Ἰτετιμημένον,</strong></span> <span class='ocrx_word' id='word_1_238' title='bbox 1023 1866 1135 1957; x_wconf 75' lang='grc' dir='ltr'><strong>οὐκ</strong></span> <span class='ocrx_word' id='word_1_239' title='bbox 1161 1904 1247 1968; x_wconf 82' lang='grc' dir='ltr'><strong>είς</strong></span> <span class='ocrx_word' id='word_1_240' title='bbox 1276 1866 1452 1965; x_wconf 68' lang='grc' dir='ltr'><em>τέλος</em></span> <span class='ocrx_word' id='word_1_241' title='bbox 1490 1903 1522 1952; x_wconf 85' lang='grc' dir='ltr'><strong>ό</strong></span> <span class='ocrx_word' id='word_1_242' title='bbox 1572 1901 1752 1964; x_wconf 79' lang='grc' dir='ltr'><em>ὑπερ-</em></span> 
     </span>
    </p>
   </div>
   <div class='ocr_carea' id='block_1_34' title="bbox 1853 1866 3431 1975">
    <p class='ocr_par' dir='ltr' id='par_1_34' title="bbox 1859 1877 3431 1951">
     <span class='ocr_line' id='line_1_34' title="bbox 1859 1877 3431 1951; baseline -0.009 -10"><span class='ocrx_word' id='word_1_243' title='bbox 1859 1888 2009 1941; x_wconf 88' lang='lat' dir='ltr'><strong>liberi</strong></span> <span class='ocrx_word' id='word_1_244' title='bbox 2040 1884 2248 1939; x_wconf 77' lang='lat' dir='ltr'><strong>arbitrii</strong></span> <span class='ocrx_word' id='word_1_245' title='bbox 2287 1881 2543 1951; x_wconf 83' lang='lat' dir='ltr'><strong>facultate</strong></span> <span class='ocrx_word' id='word_1_246' title='bbox 2582 1880 2881 1949; x_wconf 77' lang='lat' dir='ltr'><strong>prteditum,</strong></span> <span class='ocrx_word' id='word_1_247' title='bbox 2918 1896 3020 1935; x_wconf 83' lang='lat' dir='ltr'><strong>non</strong></span> <span class='ocrx_word' id='word_1_248' title='bbox 3052 1880 3105 1931; x_wconf 90' lang='lat' dir='ltr'><strong>in</strong></span> <span class='ocrx_word' id='word_1_249' title='bbox 3139 1878 3300 1946; x_wconf 78' lang='lat' dir='ltr'><strong>ﬁnem</strong></span> <span class='ocrx_word' id='word_1_250' title='bbox 3332 1877 3431 1929; x_wconf 88' lang='lat' dir='ltr'><strong>de-</strong></span> 
     </span>
    </p>
   </div>
   <div class='ocr_carea' id='block_1_35' title="bbox 172 1990 1755 2069">
    <p class='ocr_par' dir='ltr' id='par_1_35' title="bbox 172 1990 1755 2069">
     <span class='ocr_line' id='line_1_35' title="bbox 172 1990 1755 2069; baseline -0.007 -16"><span class='ocrx_word' id='word_1_251' title='bbox 172 2001 386 2069; x_wconf 75' lang='grc' dir='ltr'><em>άγαΰος</em></span> <span class='ocrx_word' id='word_1_252' title='bbox 416 1997 700 2065; x_wconf 75' lang='grc' dir='ltr'><strong>παρεῖδεν</strong></span> <span class='ocrx_word' id='word_1_253' title='bbox 721 2012 736 2027; x_wconf 81' lang='grc'><strong><em>⁸</em></strong></span> <span class='ocrx_word' id='word_1_254' title='bbox 772 1995 912 2050; x_wconf 83' lang='grc' dir='ltr'><em>ἀλλ’</em></span> <span class='ocrx_word' id='word_1_255' title='bbox 951 1996 1135 2060; x_wconf 86' lang='grc' dir='ltr'><em>αὐτὸς</em></span> <span class='ocrx_word' id='word_1_256' title='bbox 1166 1994 1399 2058; x_wconf 80' lang='grc' dir='ltr'><em>ἐκεῖνος</em></span> <span class='ocrx_word' id='word_1_257' title='bbox 1424 1995 1458 2046; x_wconf 86' lang='grc' dir='ltr'><strong>ό</strong></span> <span class='ocrx_word' id='word_1_258' title='bbox 1497 1990 1755 2059; x_wconf 82' lang='grc' dir='ltr'><em>σύνθρο-</em></span> 
     </span>
    </p>
   </div>
   <div class='ocr_carea' id='block_1_36' title="bbox 171 2082 1755 2157">
    <p class='ocr_par' dir='ltr' id='par_1_36' title="bbox 171 2082 1755 2157">
     <span class='ocr_line' id='line_1_36' title="bbox 171 2082 1755 2157; baseline -0.007 -14"><span class='ocrx_word' id='word_1_259' title='bbox 171 2108 270 2153; x_wconf 88' lang='grc' dir='ltr'><strong>νος</strong></span> <span class='ocrx_word' id='word_1_260' title='bbox 296 2089 400 2142; x_wconf 75' lang='grc' dir='ltr'><em>καὶ</em></span> <span class='ocrx_word' id='word_1_261' title='bbox 433 2086 724 2157; x_wconf 64' lang='grc' dir='ltr'><em>συμφυὴς</em></span> <span class='ocrx_word' id='word_1_262' title='bbox 753 2083 834 2150; x_wconf 82' lang='grc' dir='ltr'><em>τῷ</em></span> <span class='ocrx_word' id='word_1_263' title='bbox 862 2084 1043 2153; x_wconf 76' lang='grc' dir='ltr'><em>Πατρι</em></span> <span class='ocrx_word' id='word_1_264' title='bbox 1074 2086 1286 2153; x_wconf 72' lang='grc' dir='ltr'><em>Λόγος.</em></span> <span class='ocrx_word' id='word_1_265' title='bbox 1321 2083 1355 2135; x_wconf 88' lang='grc' dir='ltr'><em>ὁ</em></span> <span class='ocrx_word' id='word_1_266' title='bbox 1388 2082 1684 2151; x_wconf 79' lang='grc' dir='ltr'><strong>ὁμότιμος,</strong></span> <span class='ocrx_word' id='word_1_267' title='bbox 1722 2083 1755 2133; x_wconf 85' lang='grc' dir='ltr'><strong><em>ὀ</em></strong></span> 
     </span>
    </p>
   </div>
   <div class='ocr_carea' id='block_1_37' title="bbox 172 2172 1754 2249">
    <p class='ocr_par' dir='ltr' id='par_1_37' title="bbox 172 2172 1754 2249">
     <span class='ocr_line' id='line_1_37' title="bbox 172 2172 1754 2249; baseline -0.007 -15"><span class='ocrx_word' id='word_1_268' title='bbox 172 2183 453 2249; x_wconf 80' lang='grc' dir='ltr'><em>ὁμόθεος,</em></span> <span class='ocrx_word' id='word_1_269' title='bbox 502 2177 913 2247; x_wconf 75' lang='grc' dir='ltr'><em>όμονογενης.</em></span> <span class='ocrx_word' id='word_1_270' title='bbox 968 2176 1150 2241; x_wconf 84' lang='grc' dir='ltr'><em>αὐτὸς</em></span> <span class='ocrx_word' id='word_1_271' title='bbox 1198 2172 1621 2238; x_wconf 87' lang='grc' dir='ltr'><em>ἀναλλοιώτως</em></span> <span class='ocrx_word' id='word_1_272' title='bbox 1655 2172 1754 2224; x_wconf 78' lang='grc' dir='ltr'><strong>καὶ</strong></span> 
     </span>
    </p>
   </div>
   <div class='ocr_carea' id='block_1_38' title="bbox 170 2260 1757 2336">
    <p class='ocr_par' dir='ltr' id='par_1_38' title="bbox 170 2260 1757 2336">
     <span class='ocr_line' id='line_1_38' title="bbox 170 2260 1757 2336; baseline -0.006 -13"><span class='ocrx_word' id='word_1_273' title='bbox 170 2269 470 2336; x_wconf 76' lang='grc' dir='ltr'><strong>ἀτρέπτως</strong></span> <span class='ocrx_word' id='word_1_274' title='bbox 499 2269 568 2322; x_wconf 81' lang='grc' dir='ltr'><em>ὲν</em></span> <span class='ocrx_word' id='word_1_275' title='bbox 598 2266 678 2332; x_wconf 85' lang='grc' dir='ltr'><em>τῷ</em></span> <span class='ocrx_word' id='word_1_276' title='bbox 702 2266 962 2321; x_wconf 84' lang='grc' dir='ltr'><em>τετοκότι</em></span> <span class='ocrx_word' id='word_1_277' title='bbox 983 2264 1202 2333; x_wconf 82' lang='grc' dir='ltr'><em>μένων,</em></span> <span class='ocrx_word' id='word_1_278' title='bbox 1233 2264 1327 2317; x_wconf 78' lang='grc' dir='ltr'><strong>ἐπ’</strong></span> <span class='ocrx_word' id='word_1_279' title='bbox 1346 2262 1609 2333; x_wconf 82' lang='grc' dir='ltr'><strong>ἐσχάτου</strong></span> <span class='ocrx_word' id='word_1_280' title='bbox 1637 2260 1757 2313; x_wconf 88' lang='grc' dir='ltr'><em>τῶν</em></span> 
     </span>
    </p>
   </div>
   <div class='ocr_carea' id='block_1_39' title="bbox 170 2352 1758 2430">
    <p class='ocr_par' dir='ltr' id='par_1_39' title="bbox 170 2352 1758 2430">
     <span class='ocr_line' id='line_1_39' title="bbox 170 2352 1758 2430; baseline -0.009 -15"><span class='ocrx_word' id='word_1_281' title='bbox 170 2360 400 2430; x_wconf 78' lang='grc' dir='ltr'><em>ἡμερῶν</em></span> <span class='ocrx_word' id='word_1_282' title='bbox 422 2360 650 2414; x_wconf 84' lang='grc' dir='ltr'><em>τούτων</em></span> <span class='ocrx_word' id='word_1_283' title='bbox 668 2353 1228 2423; x_wconf 83' lang='grc' dir='ltr'><em>ἐνανθρωπισθῆναι</em></span> <span class='ocrx_word' id='word_1_284' title='bbox 1255 2353 1354 2407; x_wconf 86' lang='grc' dir='ltr'><strong>διὰ</strong></span> <span class='ocrx_word' id='word_1_285' title='bbox 1393 2353 1499 2406; x_wconf 84' lang='grc' dir='ltr'><strong>τὸν</strong></span> <span class='ocrx_word' id='word_1_286' title='bbox 1535 2352 1758 2419; x_wconf 81' lang='grc' dir='ltr'><em>ἅνθρω-</em></span> 
     </span>
    </p>
   </div>
   <div class='ocr_carea' id='block_1_40' title="bbox 170 2442 1756 2519">
    <p class='ocr_par' dir='ltr' id='par_1_40' title="bbox 170 2442 1756 2519">
     <span class='ocr_line' id='line_1_40' title="bbox 170 2442 1756 2519; baseline -0.006 -15"><span class='ocrx_word' id='word_1_287' title='bbox 170 2469 280 2505; x_wconf 74' lang='grc' dir='ltr'><em>πον</em></span> <span class='ocrx_word' id='word_1_288' title='bbox 327 2452 661 2519; x_wconf 81' lang='grc' dir='ltr'><em>ἠνέσχετο,</em></span> <span class='ocrx_word' id='word_1_289' title='bbox 697 2448 798 2501; x_wconf 80' lang='grc' dir='ltr'><strong>καὶ</strong></span> <span class='ocrx_word' id='word_1_290' title='bbox 841 2448 1065 2514; x_wconf 80' lang='grc' dir='ltr'><em>λύτρον</em></span> <span class='ocrx_word' id='word_1_291' title='bbox 1124 2444 1344 2499; x_wconf 80' lang='grc' dir='ltr'><em>ἑαυτὸν</em></span> <span class='ocrx_word' id='word_1_292' title='bbox 1391 2444 1543 2511; x_wconf 83' lang='grc' dir='ltr'><em>ὑπὲρ</em></span> <span class='ocrx_word' id='word_1_293' title='bbox 1586 2442 1756 2511; x_wconf 72' lang='grc' dir='ltr'><em>ἡμῶν</em></span> 
     </span>
    </p>
   </div>
   <div class='ocr_carea' id='block_1_41' title="bbox 170 2532 1751 2607">
    <p class='ocr_par' dir='ltr' id='par_1_41' title="bbox 170 2532 1751 2607">
     <span class='ocr_line' id='line_1_41' title="bbox 170 2532 1751 2607; baseline -0.006 -12"><span class='ocrx_word' id='word_1_294' title='bbox 170 2542 459 2607; x_wconf 76' lang='grc' dir='ltr'><em>δεδωκὼς,</em></span> <span class='ocrx_word' id='word_1_295' title='bbox 488 2539 900 2607; x_wconf 79' lang='grc' dir='ltr'><em>ἐξητορήσατο</em></span> <span class='ocrx_word' id='word_1_296' title='bbox 919 2554 933 2569; x_wconf 80' lang='lat'><strong><em>°</em></strong></span> <span class='ocrx_word' id='word_1_297' title='bbox 977 2537 1075 2590; x_wconf 75' lang='grc' dir='ltr'><strong>καὶ</strong></span> <span class='ocrx_word' id='word_1_298' title='bbox 1107 2535 1182 2589; x_wconf 85' lang='grc' dir='ltr'><em>δι’</em></span> <span class='ocrx_word' id='word_1_299' title='bbox 1210 2534 1429 2589; x_wconf 77' lang='grc' dir='ltr'><em>ἑαυτοῦ</em></span> <span class='ocrx_word' id='word_1_300' title='bbox 1462 2532 1542 2598; x_wconf 83' lang='grc' dir='ltr'><em>τῷ</em></span> <span class='ocrx_word' id='word_1_301' title='bbox 1574 2533 1751 2601; x_wconf 76' lang='grc' dir='ltr'><em>Πατρὶ</em></span> 
     </span>
    </p>
   </div>
   <div class='ocr_carea' id='block_1_42' title="bbox 172 2626 1755 2698">
    <p class='ocr_par' dir='ltr' id='par_1_42' title="bbox 172 2626 1755 2698">
     <span class='ocr_line' id='line_1_42' title="bbox 172 2626 1755 2698; baseline -0.005 -13"><span class='ocrx_word' id='word_1_302' title='bbox 172 2632 701 2698; x_wconf 62' lang='grc' dir='ltr'><em>προσῳκειὼσατω</em></span> <span class='ocrx_word' id='word_1_303' title='bbox 743 2630 839 2683; x_wconf 81' lang='grc' dir='ltr'><strong>διὰ</strong></span> <span class='ocrx_word' id='word_1_304' title='bbox 887 2627 1154 2693; x_wconf 83' lang='grc' dir='ltr'><em>σταυροῦ</em></span> <span class='ocrx_word' id='word_1_305' title='bbox 1177 2626 1294 2695; x_wconf 85' lang='grc' dir='ltr'><em>μὲν</em></span> <span class='ocrx_word' id='word_1_306' title='bbox 1326 2626 1434 2678; x_wconf 87' lang='grc' dir='ltr'><strong>τὸν</strong></span> <span class='ocrx_word' id='word_1_307' title='bbox 1459 2626 1755 2692; x_wconf 86' lang='grc' dir='ltr'><em>τύραννον</em></span> 
     </span>
    </p>
   </div>
   <div class='ocr_carea' id='block_1_43' title="bbox 171 2715 1751 2784">
    <p class='ocr_par' dir='ltr' id='par_1_43' title="bbox 171 2715 1751 2784">
     <span class='ocr_line' id='line_1_43' title="bbox 171 2715 1751 2784; baseline -0.006 -8"><span class='ocrx_word' id='word_1_308' title='bbox 171 2725 437 2776; x_wconf 73' lang='grc' dir='ltr'><em>καθελών</em></span> <span class='ocrx_word' id='word_1_309' title='bbox 460 2740 473 2754; x_wconf 91' lang='grc'><strong>·</strong></span> <span class='ocrx_word' id='word_1_310' title='bbox 504 2722 579 2773; x_wconf 81' lang='grc' dir='ltr'><em>δι’</em></span> <span class='ocrx_word' id='word_1_311' title='bbox 596 2718 987 2782; x_wconf 75' lang='grc' dir='ltr'><em>ἀναστάσεως</em></span> <span class='ocrx_word' id='word_1_312' title='bbox 1005 2717 1073 2769; x_wconf 85' lang='grc' dir='ltr'><em>δὲ</em></span> <span class='ocrx_word' id='word_1_313' title='bbox 1101 2715 1437 2784; x_wconf 85' lang='grc' dir='ltr'><em>τριημέρου,</em></span> <span class='ocrx_word' id='word_1_314' title='bbox 1466 2715 1580 2782; x_wconf 84' lang='grc' dir='ltr'><em>τὴν</em></span> <span class='ocrx_word' id='word_1_315' title='bbox 1609 2716 1751 2781; x_wconf 74' lang='grc' dir='ltr'><em>ἡμε-</em></span> 
     </span>
    </p>
   </div>
   <div class='ocr_carea' id='block_1_44' title="bbox 170 2800 1748 2879">
    <p class='ocr_par' dir='ltr' id='par_1_44' title="bbox 170 2800 1748 2879">
     <span class='ocr_line' id='line_1_44' title="bbox 170 2800 1748 2879; baseline -0.008 -14"><span class='ocrx_word' id='word_1_316' title='bbox 170 2814 341 2879; x_wconf 83' lang='grc' dir='ltr'><em>τέραν</em></span> <span class='ocrx_word' id='word_1_317' title='bbox 373 2812 613 2875; x_wconf 76' lang='grc' dir='ltr'><em>ζωώσας</em></span> <span class='ocrx_word' id='word_1_318' title='bbox 660 2810 757 2862; x_wconf 75' lang='grc' dir='ltr'><strong>καὶ</strong></span> <span class='ocrx_word' id='word_1_319' title='bbox 812 2806 1040 2871; x_wconf 87' lang='grc' dir='ltr'><em>θεώσας</em></span> <span class='ocrx_word' id='word_1_320' title='bbox 1057 2804 1300 2874; x_wconf 69' lang='grc' dir='ltr'><em>μορφήν</em></span> <span class='ocrx_word' id='word_1_321' title='bbox 1324 2819 1338 2834; x_wconf 78' lang='grc' dir='ltr'><strong>ο</strong></span> <span class='ocrx_word' id='word_1_322' title='bbox 1394 2800 1574 2868; x_wconf 81' lang='grc' dir='ltr'><em>οὗτος</em></span> <span class='ocrx_word' id='word_1_323' title='bbox 1605 2804 1748 2856; x_wconf 79' lang='grc' dir='ltr'><em>ἀνα-</em></span> 
     </span>
    </p>
   </div>
   <div class='ocr_carea' id='block_1_45' title="bbox 169 2892 1751 2969">
    <p class='ocr_par' dir='ltr' id='par_1_45' title="bbox 169 2892 1751 2969">
     <span class='ocr_line' id='line_1_45' title="bbox 169 2892 1751 2969; baseline -0.007 -15"><span class='ocrx_word' id='word_1_324' title='bbox 169 2902 618 2969; x_wconf 65' lang='grc' dir='ltr'><em>λαμϐανόμενος</em></span> <span class='ocrx_word' id='word_1_325' title='bbox 653 2898 803 2966; x_wconf 82' lang='grc' dir='ltr'><em>πρὸς</em></span> <span class='ocrx_word' id='word_1_326' title='bbox 825 2897 930 2950; x_wconf 82' lang='grc' dir='ltr'><em>τὸν</em></span> <span class='ocrx_word' id='word_1_327' title='bbox 958 2897 1028 2950; x_wconf 86' lang='grc' dir='ltr'><em>ἐν</em></span> <span class='ocrx_word' id='word_1_328' title='bbox 1057 2894 1336 2962; x_wconf 80' lang='grc' dir='ltr'><em>οὐρανοῖς</em></span> <span class='ocrx_word' id='word_1_329' title='bbox 1358 2892 1606 2959; x_wconf 79' lang='grc' dir='ltr'><em>Πατέρα,</em></span> <span class='ocrx_word' id='word_1_330' title='bbox 1644 2892 1751 2943; x_wconf 75' lang='grc' dir='ltr'><strong>δὼο</strong></span> 
     </span>
    </p>
   </div>
   <div class='ocr_carea' id='block_1_46' title="bbox 168 2980 1753 3054">
    <p class='ocr_par' dir='ltr' id='par_1_46' title="bbox 168 2980 1753 3054">
     <span class='ocr_line' id='line_1_46' title="bbox 168 2980 1753 3054; baseline -0.006 -11"><span class='ocrx_word' id='word_1_331' title='bbox 168 2988 303 3043; x_wconf 78' lang='grc' dir='ltr'><em>δεκα</em></span> <span class='ocrx_word' id='word_1_332' title='bbox 322 2991 471 3053; x_wconf 83' lang='grc' dir='ltr'><em>τοὺς</em></span> <span class='ocrx_word' id='word_1_333' title='bbox 492 2989 722 3053; x_wconf 81' lang='grc' dir='ltr'><em>πάντας</em></span> <span class='ocrx_word' id='word_1_334' title='bbox 760 2985 917 3054; x_wconf 76' lang='grc' dir='ltr'><em>ἡμᾶς</em></span> <span class='ocrx_word' id='word_1_335' title='bbox 951 2984 1070 3039; x_wconf 86' lang='grc' dir='ltr'><em>τῶν</em></span> <span class='ocrx_word' id='word_1_336' title='bbox 1099 2984 1285 3037; x_wconf 82' lang='grc' dir='ltr'><em>αὐτοῦ</em></span> <span class='ocrx_word' id='word_1_337' title='bbox 1309 2980 1590 3050; x_wconf 77' lang='grc' dir='ltr'><em>μαθητῶν</em></span> <span class='ocrx_word' id='word_1_338' title='bbox 1613 2980 1753 3045; x_wconf 78' lang='grc' dir='ltr'><em>τοὺς</em></span> 
     </span>
    </p>
   </div>
   <div class='ocr_carea' id='block_1_47' title="bbox 168 3072 1753 3146">
    <p class='ocr_par' dir='ltr' id='par_1_47' title="bbox 168 3072 1753 3146">
     <span class='ocr_line' id='line_1_47' title="bbox 168 3072 1753 3146; baseline -0.004 -16"><span class='ocrx_word' id='word_1_339' title='bbox 168 3081 455 3146; x_wconf 77' lang='grc' dir='ltr'><em>ἀρίστους</em></span> <span class='ocrx_word' id='word_1_340' title='bbox 490 3078 879 3137; x_wconf 79' lang='grc' dir='ltr'><em>ἀποστέλλει,</em></span> <span class='ocrx_word' id='word_1_341' title='bbox 928 3077 1154 3139; x_wconf 83' lang='grc' dir='ltr'><em>ταύτην</em></span> <span class='ocrx_word' id='word_1_342' title='bbox 1212 3074 1292 3138; x_wconf 87' lang='grc' dir='ltr'><em>τῷ</em></span> <span class='ocrx_word' id='word_1_343' title='bbox 1342 3075 1545 3141; x_wconf 81' lang='grc' dir='ltr'><em>κόσμῳ</em></span> <span class='ocrx_word' id='word_1_344' title='bbox 1573 3072 1753 3125; x_wconf 77' lang='grc' dir='ltr'><em>παντὶ</em></span> 
     </span>
    </p>
   </div>
   <div class='ocr_carea' id='block_1_48' title="bbox 168 3166 1545 3234">
    <p class='ocr_par' dir='ltr' id='par_1_48' title="bbox 168 3166 1545 3234">
     <span class='ocr_line' id='line_1_48' title="bbox 168 3166 1545 3234; baseline -0.003 -15"><span class='ocrx_word' id='word_1_345' title='bbox 168 3171 274 3234; x_wconf 79' lang='grc' dir='ltr'><em>τὴν</em></span> <span class='ocrx_word' id='word_1_346' title='bbox 299 3169 605 3234; x_wconf 78' lang='grc' dir='ltr'><em>σωτήριον</em></span> <span class='ocrx_word' id='word_1_347' title='bbox 635 3168 980 3234; x_wconf 74' lang='grc' dir='ltr'><em>οἰκονομίαν</em></span> <span class='ocrx_word' id='word_1_348' title='bbox 1003 3166 1545 3232; x_wconf 77' lang='grc' dir='ltr'><em>καταγγέλλοντας.</em></span> 
     </span>
    </p>
   </div>
   <div class='ocr_carea' id='block_1_49' title="bbox 244 3253 1750 3327">
    <p class='ocr_par' dir='ltr' id='par_1_49' title="bbox 244 3253 1750 3327">
     <span class='ocr_line' id='line_1_49' title="bbox 244 3253 1750 3327; baseline -0.005 -16"><span class='ocrx_word' id='word_1_349' title='bbox 244 3260 536 3327; x_wconf 78' lang='grc' dir='ltr'><em>Ὀρῶντες</em></span> <span class='ocrx_word' id='word_1_350' title='bbox 584 3253 721 3319; x_wconf 87' lang='grc' dir='ltr'><em>οὖν,</em></span> <span class='ocrx_word' id='word_1_351' title='bbox 754 3253 801 3311; x_wconf 86' lang='grc' dir='ltr'><strong><em>ὦ</em></strong></span> <span class='ocrx_word' id='word_1_352' title='bbox 842 3256 1058 3324; x_wconf 76' lang='grc' dir='ltr'><em>ἄνδρες</em></span> <span class='ocrx_word' id='word_1_353' title='bbox 1086 3254 1412 3324; x_wconf 66' lang='grc' dir='ltr'><em>ἐχέφρονες</em></span> <span class='ocrx_word' id='word_1_354' title='bbox 1465 3254 1563 3305; x_wconf 85' lang='grc' dir='ltr'><strong>καὶ</strong></span> <span class='ocrx_word' id='word_1_355' title='bbox 1598 3270 1750 3306; x_wconf 87' lang='grc' dir='ltr'><em>συν-</em></span> 
     </span>
    </p>
   </div>
   <div class='ocr_carea' id='block_1_50' title="bbox 166 3344 1750 3418">
    <p class='ocr_par' dir='ltr' id='par_1_50' title="bbox 166 3344 1750 3418">
     <span class='ocr_line' id='line_1_50' title="bbox 166 3344 1750 3418; baseline -0.005 -15"><span class='ocrx_word' id='word_1_356' title='bbox 166 3352 298 3413; x_wconf 79' lang='grc' dir='ltr'><em>ετοὶ,</em></span> <span class='ocrx_word' id='word_1_357' title='bbox 328 3350 456 3403; x_wconf 84' lang='grc' dir='ltr'><em>τῶν</em></span> <span class='ocrx_word' id='word_1_358' title='bbox 495 3351 763 3418; x_wconf 82' lang='grc' dir='ltr'><em>σημείων</em></span> <span class='ocrx_word' id='word_1_359' title='bbox 800 3348 913 3414; x_wconf 79' lang='grc' dir='ltr'><em>τὴν</em></span> <span class='ocrx_word' id='word_1_360' title='bbox 942 3347 1202 3415; x_wconf 87' lang='grc' dir='ltr'><em>δύναμιν</em></span> <span class='ocrx_word' id='word_1_361' title='bbox 1254 3344 1373 3398; x_wconf 86' lang='grc' dir='ltr'><em>τῶν</em></span> <span class='ocrx_word' id='word_1_362' title='bbox 1400 3344 1750 3412; x_wconf 76' lang='grc' dir='ltr'><em>ἐνεργουμέ-</em></span> 
     </span>
    </p>
   </div>
   <div class='ocr_carea' id='block_1_51' title="bbox 166 3435 1751 3507">
    <p class='ocr_par' dir='ltr' id='par_1_51' title="bbox 166 3435 1751 3507">
     <span class='ocr_line' id='line_1_51' title="bbox 166 3435 1751 3507; baseline -0.003 -15"><span class='ocrx_word' id='word_1_363' title='bbox 166 3458 276 3494; x_wconf 87' lang='grc' dir='ltr'><strong>νων</strong></span> <span class='ocrx_word' id='word_1_364' title='bbox 301 3443 374 3495; x_wconf 83' lang='grc' dir='ltr'><em>ἐν</em></span> <span class='ocrx_word' id='word_1_365' title='bbox 418 3441 586 3507; x_wconf 79' lang='grc' dir='ltr'><em>ἡμῖν,</em></span> <span class='ocrx_word' id='word_1_366' title='bbox 631 3439 753 3493; x_wconf 85' lang='grc' dir='ltr'><em>τῶν</em></span> <span class='ocrx_word' id='word_1_367' title='bbox 802 3437 1032 3506; x_wconf 78' lang='grc' dir='ltr'><em>νεκρῶν</em></span> <span class='ocrx_word' id='word_1_368' title='bbox 1062 3438 1175 3504; x_wconf 77' lang='grc' dir='ltr'><em>τὴν</em></span> <span class='ocrx_word' id='word_1_369' title='bbox 1229 3436 1597 3499; x_wconf 83' lang='grc' dir='ltr'><em>ἀνάστασιν,</em></span> <span class='ocrx_word' id='word_1_370' title='bbox 1631 3435 1751 3487; x_wconf 87' lang='grc' dir='ltr'><em>τῶν</em></span> 
     </span>
    </p>
   </div>
   <div class='ocr_carea' id='block_1_52' title="bbox 166 3528 1749 3601">
    <p class='ocr_par' dir='ltr' id='par_1_52' title="bbox 166 3528 1749 3601">
     <span class='ocr_line' id='line_1_52' title="bbox 166 3528 1749 3601; baseline -0.005 -15"><span class='ocrx_word' id='word_1_371' title='bbox 166 3534 401 3601; x_wconf 57' lang='grc' dir='ltr'><em>τυφλῶν</em></span> <span class='ocrx_word' id='word_1_372' title='bbox 426 3533 548 3597; x_wconf 73' lang='grc' dir='ltr'><em>τὴν</em></span> <span class='ocrx_word' id='word_1_373' title='bbox 582 3532 941 3599; x_wconf 75' lang='grc' dir='ltr'><em>ἀνάϐλεψιν,</em></span> <span class='ocrx_word' id='word_1_374' title='bbox 976 3531 1075 3583; x_wconf 80' lang='grc' dir='ltr'><em>καί</em></span> <span class='ocrx_word' id='word_1_375' title='bbox 1111 3528 1229 3598; x_wconf 70' lang='grc' dir='ltr'><strong>τῶν</strong></span> <span class='ocrx_word' id='word_1_376' title='bbox 1256 3528 1454 3593; x_wconf 81' lang='grc' dir='ltr'><em>κακῶς</em></span> <span class='ocrx_word' id='word_1_377' title='bbox 1483 3528 1749 3592; x_wconf 79' lang='grc' dir='ltr'><em>πασχόνο</em></span> 
     </span>
    </p>
   </div>
   <div class='ocr_carea' id='block_1_53' title="bbox 164 3618 1748 3688">
    <p class='ocr_par' dir='ltr' id='par_1_53' title="bbox 164 3618 1748 3688">
     <span class='ocr_line' id='line_1_53' title="bbox 164 3618 1748 3688; baseline -0.004 -10"><span class='ocrx_word' id='word_1_378' title='bbox 164 3643 271 3677; x_wconf 84' lang='grc' dir='ltr'><em>των</em></span> <span class='ocrx_word' id='word_1_379' title='bbox 314 3626 574 3678; x_wconf 73' lang='grc' dir='ltr'><em>πάντων</em></span> <span class='ocrx_word' id='word_1_380' title='bbox 626 3624 740 3688; x_wconf 84' lang='grc' dir='ltr'><em>τὴν</em></span> <span class='ocrx_word' id='word_1_381' title='bbox 774 3623 962 3683; x_wconf 82' lang='grc' dir='ltr'><em>τασιν,</em></span> <span class='ocrx_word' id='word_1_382' title='bbox 1016 3620 1115 3674; x_wconf 84' lang='grc' dir='ltr'><strong>διὰ</strong></span> <span class='ocrx_word' id='word_1_383' title='bbox 1148 3622 1375 3675; x_wconf 85' lang='grc' dir='ltr'><em>τούτων</em></span> <span class='ocrx_word' id='word_1_384' title='bbox 1416 3618 1748 3683; x_wconf 80' lang='grc' dir='ltr'><em>πιστώθητε</em></span> 
     </span>
    </p>
   </div>
   <div class='ocr_carea' id='block_1_54' title="bbox 164 3710 1750 3783">
    <p class='ocr_par' dir='ltr' id='par_1_54' title="bbox 164 3710 1750 3783">
     <span class='ocr_line' id='line_1_54' title="bbox 164 3710 1750 3783; baseline -0.005 -15"><span class='ocrx_word' id='word_1_385' title='bbox 164 3720 230 3783; x_wconf 75' lang='grc' dir='ltr'><em>τῇ</em></span> <span class='ocrx_word' id='word_1_386' title='bbox 258 3716 541 3782; x_wconf 79' lang='grc' dir='ltr'><em>ἀληθείᾳ,</em></span> <span class='ocrx_word' id='word_1_387' title='bbox 581 3713 979 3781; x_wconf 79' lang='grc' dir='ltr'><em>κραταιώθητε</em></span> <span class='ocrx_word' id='word_1_388' title='bbox 1010 3711 1091 3776; x_wconf 84' lang='grc' dir='ltr'><em>τῷ</em></span> <span class='ocrx_word' id='word_1_389' title='bbox 1142 3713 1301 3780; x_wconf 81' lang='grc' dir='ltr'><em>λόγῳ</em></span> <span class='ocrx_word' id='word_1_390' title='bbox 1329 3710 1405 3776; x_wconf 86' lang='grc' dir='ltr'><em>τῷ</em></span> <span class='ocrx_word' id='word_1_391' title='bbox 1444 3712 1750 3778; x_wconf 71' lang='grc' dir='ltr'><em>εὐαγγελι-</em></span> 
     </span>
    </p>
   </div>
   <div class='ocr_carea' id='block_1_55' title="bbox 163 3799 1749 3874">
    <p class='ocr_par' dir='ltr' id='par_1_55' title="bbox 163 3799 1749 3874">
     <span class='ocr_line' id='line_1_55' title="bbox 163 3799 1749 3874; baseline -0.006 -15"><span class='ocrx_word' id='word_1_392' title='bbox 163 3806 372 3874; x_wconf 71' lang='grc' dir='ltr'><em>ζομένῳ</em></span> <span class='ocrx_word' id='word_1_393' title='bbox 402 3806 531 3859; x_wconf 83' lang='grc' dir='ltr'><strong>νῦν</strong></span> <span class='ocrx_word' id='word_1_394' title='bbox 554 3805 624 3857; x_wconf 83' lang='grc' dir='ltr'><em>ἐν</em></span> <span class='ocrx_word' id='word_1_395' title='bbox 648 3804 812 3872; x_wconf 81' lang='grc' dir='ltr'><em>ὑμῖν,</em></span> <span class='ocrx_word' id='word_1_396' title='bbox 841 3804 939 3856; x_wconf 77' lang='grc' dir='ltr'><strong>καὶ</strong></span> <span class='ocrx_word' id='word_1_397' title='bbox 970 3802 1085 3867; x_wconf 83' lang='grc' dir='ltr'><em>τὴν</em></span> <span class='ocrx_word' id='word_1_398' title='bbox 1105 3804 1369 3854; x_wconf 81' lang='grc' dir='ltr'><em>παλαιὰν</em></span> <span class='ocrx_word' id='word_1_399' title='bbox 1390 3800 1629 3864; x_wconf 80' lang='grc' dir='ltr'><em>πλάνην</em></span> <span class='ocrx_word' id='word_1_400' title='bbox 1655 3799 1749 3850; x_wconf 82' lang='grc' dir='ltr'><strong>καὶ</strong></span> 
     </span>
    </p>
   </div>
   <div class='ocr_carea' id='block_1_56' title="bbox 163 3887 1749 3960">
    <p class='ocr_par' dir='ltr' id='par_1_56' title="bbox 163 3887 1749 3960">
     <span class='ocr_line' id='line_1_56' title="bbox 163 3887 1749 3960; baseline -0.008 -9"><span class='ocrx_word' id='word_1_401' title='bbox 163 3892 361 3951; x_wconf 76' lang='grc' dir='ltr'><em>πᾶσαν</em></span> <span class='ocrx_word' id='word_1_402' title='bbox 379 3893 825 3960; x_wconf 76' lang='grc' dir='ltr'><em>ἀπανθρωπίαν</em></span> <span class='ocrx_word' id='word_1_403' title='bbox 852 3893 948 3944; x_wconf 79' lang='grc' dir='ltr'><em>καὶ</em></span> <span class='ocrx_word' id='word_1_404' title='bbox 971 3890 1251 3944; x_wconf 76' lang='grc' dir='ltr'><em>ἀσέϐειαν</em></span> <span class='ocrx_word' id='word_1_405' title='bbox 1280 3887 1692 3955; x_wconf 73' lang='grc' dir='ltr'><em>ἑκτιναξὰμενι</em></span> <span class='ocrx_word' id='word_1_406' title='bbox 1711 3905 1749 3950; x_wconf 93' lang='grc' dir='ltr'><strong>ι,</strong></span> 
     </span>
    </p>
   </div>
   <div class='ocr_carea' id='block_1_57' title="bbox 160 3979 1747 4049">
    <p class='ocr_par' dir='ltr' id='par_1_57' title="bbox 160 3979 1747 4049">
     <span class='ocr_line' id='line_1_57' title="bbox 160 3979 1747 4049; baseline -0.005 -12"><span class='ocrx_word' id='word_1_407' title='bbox 160 3987 503 4039; x_wconf 76' lang='grc' dir='ltr'><em>ἐνδύσασθε</em></span> <span class='ocrx_word' id='word_1_408' title='bbox 557 3982 664 4036; x_wconf 85' lang='grc' dir='ltr'><em>τὸν</em></span> <span class='ocrx_word' id='word_1_409' title='bbox 716 3984 936 4049; x_wconf 77' lang='grc' dir='ltr'><em>Κύριον</em></span> <span class='ocrx_word' id='word_1_410' title='bbox 975 3980 1145 4048; x_wconf 81' lang='grc' dir='ltr'><em>ἡμῶν</em></span> <span class='ocrx_word' id='word_1_411' title='bbox 1188 3979 1422 4044; x_wconf 85' lang='grc' dir='ltr'><em>Ἰησοῦν</em></span> <span class='ocrx_word' id='word_1_412' title='bbox 1459 3979 1747 4045; x_wconf 81' lang='grc' dir='ltr'><em>Χριστόν’</em></span> 
     </span>
    </p>
   </div>
   <div class='ocr_carea' id='block_1_58' title="bbox 161 4068 1739 4138">
    <p class='ocr_par' dir='ltr' id='par_1_58' title="bbox 161 4068 1739 4138">
     <span class='ocr_line' id='line_1_58' title="bbox 161 4068 1739 4138; baseline -0.006 -9"><span class='ocrx_word' id='word_1_413' title='bbox 161 4077 227 4129; x_wconf 64' lang='grc' dir='ltr'><em>δι’</em></span> <span class='ocrx_word' id='word_1_414' title='bbox 258 4073 329 4130; x_wconf 82' lang='grc' dir='ltr'><em>οὗ</em></span> <span class='ocrx_word' id='word_1_415' title='bbox 361 4075 466 4128; x_wconf 75' lang='grc' dir='ltr'><strong>καὶ</strong></span> <span class='ocrx_word' id='word_1_416' title='bbox 492 4074 785 4135; x_wconf 76' lang='grc' dir='ltr'><em>λαϐόντες</em></span> <span class='ocrx_word' id='word_1_417' title='bbox 818 4072 882 4123; x_wconf 83' lang='grc' dir='ltr'><em>τὸ</em></span> <span class='ocrx_word' id='word_1_418' title='bbox 925 4071 1167 4138; x_wconf 80' lang='grc' dir='ltr'><em>Πνεῦμα</em></span> <span class='ocrx_word' id='word_1_419' title='bbox 1196 4068 1302 4135; x_wconf 84' lang='grc' dir='ltr'><em>τῆς</em></span> <span class='ocrx_word' id='word_1_420' title='bbox 1334 4069 1593 4137; x_wconf 79' lang='grc' dir='ltr'><em>χάριτος,</em></span> <span class='ocrx_word' id='word_1_421' title='bbox 1643 4070 1739 4120; x_wconf 78' lang='grc' dir='ltr'><em>καὶ</em></span> 
     </span>
    </p>
   </div>
   <div class='ocr_carea' id='block_1_59' title="bbox 162 4158 1739 4234">
    <p class='ocr_par' dir='ltr' id='par_1_59' title="bbox 162 4158 1739 4234">
     <span class='ocr_line' id='line_1_59' title="bbox 162 4158 1739 4234; baseline -0.01 -14"><span class='ocrx_word' id='word_1_422' title='bbox 162 4166 233 4231; x_wconf 79' lang='grc' dir='ltr'><em>τῷ</em></span> <span class='ocrx_word' id='word_1_423' title='bbox 258 4166 360 4234; x_wconf 81' lang='grc' dir='ltr'><em>τῆς</em></span> <span class='ocrx_word' id='word_1_424' title='bbox 391 4166 867 4231; x_wconf 73' lang='grc' dir='ltr'><em>παλιγγενεσίας</em></span> <span class='ocrx_word' id='word_1_425' title='bbox 917 4159 1449 4222; x_wconf 77' lang='grc' dir='ltr'><em>ἀνακαινισθέντες</em></span> <span class='ocrx_word' id='word_1_426' title='bbox 1489 4158 1739 4223; x_wconf 79' lang='grc' dir='ltr'><em>λουτρῷ,</em></span> 
     </span>
    </p>
   </div>
   <div class='ocr_carea' id='block_1_60' title="bbox 163 4243 1746 4325">
    <p class='ocr_par' dir='ltr' id='par_1_60' title="bbox 163 4243 1746 4325">
     <span class='ocr_line' id='line_1_60' title="bbox 163 4243 1746 4325; baseline -0.006 -16"><span class='ocrx_word' id='word_1_427' title='bbox 163 4259 221 4309; x_wconf 72' lang='grc' dir='ltr'><em>τὸ</em></span> <span class='ocrx_word' id='word_1_428' title='bbox 246 4243 539 4325; x_wconf 81' lang='grc' dir='ltr'><em>θηριῶδες</em></span> <span class='ocrx_word' id='word_1_429' title='bbox 588 4253 706 4320; x_wconf 83' lang='grc' dir='ltr'><em>μὲν</em></span> <span class='ocrx_word' id='word_1_430' title='bbox 734 4252 843 4316; x_wconf 85' lang='grc' dir='ltr'><em>τῆς</em></span> <span class='ocrx_word' id='word_1_431' title='bbox 872 4249 1106 4318; x_wconf 81' lang='grc' dir='ltr'><em>γνώμης</em></span> <span class='ocrx_word' id='word_1_432' title='bbox 1141 4251 1234 4301; x_wconf 76' lang='grc' dir='ltr'><strong>καὶ</strong></span> <span class='ocrx_word' id='word_1_433' title='bbox 1272 4249 1620 4314; x_wconf 71' lang='grc' dir='ltr'><em>δύστροπον</em></span> <span class='ocrx_word' id='word_1_434' title='bbox 1660 4250 1746 4312; x_wconf 79' lang='grc' dir='ltr'><strong>είς</strong></span> 
     </span>
    </p>
   </div>
   <div class='ocr_carea' id='block_1_61' title="bbox 1854 1968 3431 2049">
    <p class='ocr_par' dir='ltr' id='par_1_61' title="bbox 1854 1968 3431 2049">
     <span class='ocr_line' id='line_1_61' title="bbox 1854 1968 3431 2049; baseline -0.008 -18"><span class='ocrx_word' id='word_1_435' title='bbox 1854 1978 2043 2049; x_wconf 76' lang='lat' dir='ltr'><strong>spexit,</strong></span> <span class='ocrx_word' id='word_1_436' title='bbox 2082 1976 2169 2045; x_wconf 87' lang='lat' dir='ltr'><strong>qui</strong></span> <span class='ocrx_word' id='word_1_437' title='bbox 2212 1990 2375 2043; x_wconf 88' lang='lat' dir='ltr'><strong>supra</strong></span> <span class='ocrx_word' id='word_1_438' title='bbox 2407 1988 2567 2042; x_wconf 88' lang='lat' dir='ltr'><strong>quam</strong></span> <span class='ocrx_word' id='word_1_439' title='bbox 2602 1970 2765 2024; x_wconf 89' lang='lat' dir='ltr'><strong>bonus</strong></span> <span class='ocrx_word' id='word_1_440' title='bbox 2796 1987 2859 2023; x_wconf 89' lang='lat' dir='ltr'><strong>ac</strong></span> <span class='ocrx_word' id='word_1_441' title='bbox 2894 1969 3143 2039; x_wconf 79' lang='lat' dir='ltr'><strong>benignus</strong></span> <span class='ocrx_word' id='word_1_442' title='bbox 3184 1968 3431 2032; x_wconf 68' lang='lat' dir='ltr'><strong>exsistit:</strong></span> 
     </span>
    </p>
   </div>
   <div class='ocr_carea' id='block_1_62' title="bbox 1854 2056 3434 2138">
    <p class='ocr_par' dir='ltr' id='par_1_62' title="bbox 1854 2056 3434 2138">
     <span class='ocr_line' id='line_1_62' title="bbox 1854 2056 3434 2138; baseline -0.009 -15"><span class='ocrx_word' id='word_1_443' title='bbox 1854 2070 1945 2123; x_wconf 89' lang='lat' dir='ltr'><strong>sed</strong></span> <span class='ocrx_word' id='word_1_444' title='bbox 1966 2070 2008 2122; x_wconf 88' lang='lat' dir='ltr'><strong>is</strong></span> <span class='ocrx_word' id='word_1_445' title='bbox 2032 2069 2142 2138; x_wconf 89' lang='lat' dir='ltr'><strong>ipse</strong></span> <span class='ocrx_word' id='word_1_446' title='bbox 2170 2064 2353 2120; x_wconf 89' lang='lat' dir='ltr'><strong>Sermo</strong></span> <span class='ocrx_word' id='word_1_447' title='bbox 2384 2063 2541 2117; x_wconf 90' lang='lat' dir='ltr'><strong>Patri</strong></span> <span class='ocrx_word' id='word_1_448' title='bbox 2568 2078 2833 2115; x_wconf 88' lang='lat' dir='ltr'><strong>consessor</strong></span> <span class='ocrx_word' id='word_1_449' title='bbox 2874 2062 3211 2130; x_wconf 86' lang='lat' dir='ltr'><strong>ejusdemque</strong></span> <span class='ocrx_word' id='word_1_450' title='bbox 3240 2075 3304 2111; x_wconf 85' lang='lat' dir='ltr'><strong>ac</strong></span> <span class='ocrx_word' id='word_1_451' title='bbox 3341 2056 3434 2110; x_wconf 89' lang='lat' dir='ltr'><strong>ille</strong></span> 
     </span>
    </p>
   </div>
   <div class='ocr_carea' id='block_1_63' title="bbox 1858 2151 3429 2225">
    <p class='ocr_par' dir='ltr' id='par_1_63' title="bbox 1858 2151 3429 2225">
     <span class='ocr_line' id='line_1_63' title="bbox 1858 2151 3429 2225; baseline -0.01 -9"><span class='ocrx_word' id='word_1_452' title='bbox 1858 2171 2087 2224; x_wconf 78' lang='lat' dir='ltr'><strong>naturte,</strong></span> <span class='ocrx_word' id='word_1_453' title='bbox 2133 2161 2327 2213; x_wconf 81' lang='lat' dir='ltr'><strong>honore</strong></span> <span class='ocrx_word' id='word_1_454' title='bbox 2368 2172 2604 2225; x_wconf 87' lang='lat' dir='ltr'><strong>compar,</strong></span> <span class='ocrx_word' id='word_1_455' title='bbox 2657 2154 2860 2223; x_wconf 81' lang='lat' dir='ltr'><strong>pariter</strong></span> <span class='ocrx_word' id='word_1_456' title='bbox 2895 2152 3054 2215; x_wconf 87' lang='lat' dir='ltr'><strong>Deus,</strong></span> <span class='ocrx_word' id='word_1_457' title='bbox 3085 2151 3387 2219; x_wconf 89' lang='lat' dir='ltr'><strong>unigenitus</strong></span> <span class='ocrx_word' id='word_1_458' title='bbox 3412 2189 3429 2213; x_wconf 95' lang='lat'><strong>,</strong></span> 
     </span>
    </p>
   </div>
   <div class='ocr_carea' id='block_1_64' title="bbox 1856 2241 3430 2311">
    <p class='ocr_par' dir='ltr' id='par_1_64' title="bbox 1856 2241 3430 2311">
     <span class='ocr_line' id='line_1_64' title="bbox 1856 2241 3430 2311; baseline -0.011 -2"><span class='ocrx_word' id='word_1_459' title='bbox 1856 2254 2007 2310; x_wconf 86' lang='lat' dir='ltr'><strong>nulla</strong></span> <span class='ocrx_word' id='word_1_460' title='bbox 2046 2252 2335 2306; x_wconf 88' lang='lat' dir='ltr'><strong>mutatione</strong></span> <span class='ocrx_word' id='word_1_461' title='bbox 2373 2256 2466 2302; x_wconf 91' lang='lat' dir='ltr'><strong>aut</strong></span> <span class='ocrx_word' id='word_1_462' title='bbox 2500 2247 2615 2300; x_wconf 88' lang='lat' dir='ltr'><strong>labe</strong></span> <span class='ocrx_word' id='word_1_463' title='bbox 2662 2247 2717 2299; x_wconf 91' lang='lat' dir='ltr'><strong>in</strong></span> <span class='ocrx_word' id='word_1_464' title='bbox 2747 2246 2805 2297; x_wconf 86' lang='lat' dir='ltr'><strong>eo</strong></span> <span class='ocrx_word' id='word_1_465' title='bbox 2842 2260 3063 2297; x_wconf 89' lang='lat' dir='ltr'><strong>manens</strong></span> <span class='ocrx_word' id='word_1_466' title='bbox 3109 2243 3200 2311; x_wconf 88' lang='lat' dir='ltr'><strong>qui</strong></span> <span class='ocrx_word' id='word_1_467' title='bbox 3232 2241 3430 2311; x_wconf 87' lang='lat' dir='ltr'><strong>genuit,</strong></span> 
     </span>
    </p>
   </div>
   <div class='ocr_carea' id='block_1_65' title="bbox 1857 2333 3434 2401">
    <p class='ocr_par' dir='ltr' id='par_1_65' title="bbox 1857 2333 3434 2401">
     <span class='ocr_line' id='line_1_65' title="bbox 1857 2333 3434 2401; baseline -0.012 0"><span class='ocrx_word' id='word_1_468' title='bbox 1857 2346 2104 2401; x_wconf 76' lang='lat' dir='ltr'><strong>extremis</strong></span> <span class='ocrx_word' id='word_1_469' title='bbox 2132 2346 2267 2398; x_wconf 87' lang='lat' dir='ltr'><strong>hisce</strong></span> <span class='ocrx_word' id='word_1_470' title='bbox 2293 2342 2470 2395; x_wconf 89' lang='lat' dir='ltr'><strong>diebus</strong></span> <span class='ocrx_word' id='word_1_471' title='bbox 2503 2339 2773 2393; x_wconf 87' lang='lat' dir='ltr'><strong>hominum</strong></span> <span class='ocrx_word' id='word_1_472' title='bbox 2796 2353 2956 2389; x_wconf 88' lang='lat' dir='ltr'><strong>causa</strong></span> <span class='ocrx_word' id='word_1_473' title='bbox 2998 2335 3151 2387; x_wconf 89' lang='lat' dir='ltr'><strong>homo</strong></span> <span class='ocrx_word' id='word_1_474' title='bbox 3179 2333 3297 2401; x_wconf 76' lang='lat' dir='ltr'><strong>ﬁeri</strong></span> <span class='ocrx_word' id='word_1_475' title='bbox 3335 2348 3434 2383; x_wconf 85' lang='lat' dir='ltr'><strong>un-</strong></span> 
     </span>
    </p>
   </div>
   <div class='ocr_carea' id='block_1_66' title="bbox 1856 2422 3434 2504">
    <p class='ocr_par' dir='ltr' id='par_1_66' title="bbox 1856 2422 3434 2504">
     <span class='ocr_line' id='line_1_66' title="bbox 1856 2422 3434 2504; baseline -0.013 -11"><span class='ocrx_word' id='word_1_476' title='bbox 1856 2442 1991 2502; x_wconf 87' lang='lat' dir='ltr'><strong>nuit,</strong></span> <span class='ocrx_word' id='word_1_477' title='bbox 2031 2454 2092 2490; x_wconf 90' lang='lat' dir='ltr'><strong>ac</strong></span> <span class='ocrx_word' id='word_1_478' title='bbox 2128 2437 2358 2504; x_wconf 88' lang='lat' dir='ltr'><strong>seipsum</strong></span> <span class='ocrx_word' id='word_1_479' title='bbox 2402 2433 2536 2485; x_wconf 88' lang='lat' dir='ltr'><strong>dans</strong></span> <span class='ocrx_word' id='word_1_480' title='bbox 2580 2446 2674 2499; x_wconf 91' lang='lat' dir='ltr'><strong>pro</strong></span> <span class='ocrx_word' id='word_1_481' title='bbox 2709 2427 2853 2480; x_wconf 87' lang='lat' dir='ltr'><strong>nobis</strong></span> <span class='ocrx_word' id='word_1_482' title='bbox 2885 2428 3132 2493; x_wconf 88' lang='lat' dir='ltr'><strong>pretium,</strong></span> <span class='ocrx_word' id='word_1_483' title='bbox 3174 2422 3434 2485; x_wconf 85' lang='lat' dir='ltr'><strong>redemit;</strong></span> 
     </span>
    </p>
   </div>
   <div class='ocr_carea' id='block_1_67' title="bbox 1852 2512 3433 2599">
    <p class='ocr_par' dir='ltr' id='par_1_67' title="bbox 1852 2512 3433 2599">
     <span class='ocr_line' id='line_1_67' title="bbox 1852 2512 3433 2599; baseline -0.014 -14"><span class='ocrx_word' id='word_1_484' title='bbox 1852 2546 2053 2599; x_wconf 88' lang='lat' dir='ltr'><strong>suaque</strong></span> <span class='ocrx_word' id='word_1_485' title='bbox 2081 2530 2190 2598; x_wconf 84' lang='lat' dir='ltr'><strong>ipse</strong></span> <span class='ocrx_word' id='word_1_486' title='bbox 2214 2541 2376 2595; x_wconf 86' lang='lat' dir='ltr'><strong>Opera</strong></span> <span class='ocrx_word' id='word_1_487' title='bbox 2408 2539 2471 2576; x_wconf 91' lang='lat' dir='ltr'><strong>ac</strong></span> <span class='ocrx_word' id='word_1_488' title='bbox 2517 2520 2887 2575; x_wconf 87' lang='lat' dir='ltr'><strong>intercessione</strong></span> <span class='ocrx_word' id='word_1_489' title='bbox 2922 2515 3074 2569; x_wconf 90' lang='lat' dir='ltr'><strong>Patri</strong></span> <span class='ocrx_word' id='word_1_490' title='bbox 3114 2512 3433 2575; x_wconf 81' lang='lat' dir='ltr'><strong>conciliavit,</strong></span> 
     </span>
    </p>
   </div>
   <div class='ocr_carea' id='block_1_68' title="bbox 1855 2607 3436 2691">
    <p class='ocr_par' dir='ltr' id='par_1_68' title="bbox 1855 2607 3436 2691">
     <span class='ocr_line' id='line_1_68' title="bbox 1855 2607 3436 2691; baseline -0.013 -15"><span class='ocrx_word' id='word_1_491' title='bbox 1855 2640 1949 2691; x_wconf 88' lang='lat' dir='ltr'><strong>per</strong></span> <span class='ocrx_word' id='word_1_492' title='bbox 1997 2636 2203 2674; x_wconf 88' lang='lat' dir='ltr'><strong>crucem</strong></span> <span class='ocrx_word' id='word_1_493' title='bbox 2242 2617 2452 2688; x_wconf 89' lang='lat' dir='ltr'><strong>quidem</strong></span> <span class='ocrx_word' id='word_1_494' title='bbox 2492 2612 2699 2667; x_wconf 89' lang='lat' dir='ltr'><strong>sublato</strong></span> <span class='ocrx_word' id='word_1_495' title='bbox 2743 2620 2992 2681; x_wconf 81' lang='lat' dir='ltr'><strong>tyranno,</strong></span> <span class='ocrx_word' id='word_1_496' title='bbox 3036 2607 3287 2659; x_wconf 86' lang='lat' dir='ltr'><strong>triduana</strong></span> <span class='ocrx_word' id='word_1_497' title='bbox 3314 2620 3436 2658; x_wconf 85' lang='lat' dir='ltr'><strong>vero</strong></span> 
     </span>
    </p>
   </div>
   <div class='ocr_carea' id='block_1_69' title="bbox 1856 2695 3435 2772">
    <p class='ocr_par' dir='ltr' id='par_1_69' title="bbox 1856 2695 3435 2772">
     <span class='ocr_line' id='line_1_69' title="bbox 1856 2695 3435 2772; baseline -0.014 -6"><span class='ocrx_word' id='word_1_498' title='bbox 1856 2712 2233 2765; x_wconf 85' lang='lat' dir='ltr'><strong>resurrectione</strong></span> <span class='ocrx_word' id='word_1_499' title='bbox 2274 2705 2536 2772; x_wconf 82' lang='lat' dir='ltr'><strong>vivificata</strong></span> <span class='ocrx_word' id='word_1_500' title='bbox 2567 2720 2627 2756; x_wconf 89' lang='lat' dir='ltr'><strong>ac</strong></span> <span class='ocrx_word' id='word_1_501' title='bbox 2655 2701 2902 2769; x_wconf 74' lang='lat' dir='ltr'><strong>deiﬁcata</strong></span> <span class='ocrx_word' id='word_1_502' title='bbox 2941 2705 3122 2752; x_wconf 89' lang='lat' dir='ltr'><strong>nostra</strong></span> <span class='ocrx_word' id='word_1_503' title='bbox 3165 2695 3435 2747; x_wconf 82' lang='lat' dir='ltr'><strong>hominum</strong></span> 
     </span>
    </p>
   </div>
   <div class='ocr_carea' id='block_1_70' title="bbox 1855 2791 3435 2871">
    <p class='ocr_par' dir='ltr' id='par_1_70' title="bbox 1855 2791 3435 2871">
     <span class='ocr_line' id='line_1_70' title="bbox 1855 2791 3435 2871; baseline -0.013 -16"><span class='ocrx_word' id='word_1_504' title='bbox 1855 2805 2049 2871; x_wconf 89' lang='lat' dir='ltr'><strong>forma.</strong></span> <span class='ocrx_word' id='word_1_505' title='bbox 2084 2801 2178 2853; x_wconf 86' lang='lat' dir='ltr'><strong>Hic</strong></span> <span class='ocrx_word' id='word_1_506' title='bbox 2208 2799 2277 2851; x_wconf 87' lang='lat' dir='ltr'><strong>ad</strong></span> <span class='ocrx_word' id='word_1_507' title='bbox 2306 2796 2523 2849; x_wconf 88' lang='lat' dir='ltr'><strong>Patrem</strong></span> <span class='ocrx_word' id='word_1_508' title='bbox 2551 2794 2606 2846; x_wconf 90' lang='lat' dir='ltr'><strong>in</strong></span> <span class='ocrx_word' id='word_1_509' title='bbox 2636 2791 2790 2845; x_wconf 76' lang='lat' dir='ltr'><strong>caelos</strong></span> <span class='ocrx_word' id='word_1_510' title='bbox 2818 2795 3079 2858; x_wconf 88' lang='lat' dir='ltr'><strong>receptus,</strong></span> <span class='ocrx_word' id='word_1_511' title='bbox 3119 2800 3297 2839; x_wconf 90' lang='lat' dir='ltr'><strong>omnes</strong></span> <span class='ocrx_word' id='word_1_512' title='bbox 3340 2799 3435 2837; x_wconf 89' lang='lat' dir='ltr'><strong>nos</strong></span> 
     </span>
    </p>
   </div>
   <div class='ocr_carea' id='block_1_71' title="bbox 1854 2873 3432 2957">
    <p class='ocr_par' dir='ltr' id='par_1_71' title="bbox 1854 2873 3432 2957">
     <span class='ocr_line' id='line_1_71' title="bbox 1854 2873 3432 2957; baseline -0.014 -10"><span class='ocrx_word' id='word_1_513' title='bbox 1854 2893 2125 2946; x_wconf 88' lang='lat' dir='ltr'><strong>duodecim</strong></span> <span class='ocrx_word' id='word_1_514' title='bbox 2153 2889 2299 2943; x_wconf 81' lang='lat' dir='ltr'><strong>illius</strong></span> <span class='ocrx_word' id='word_1_515' title='bbox 2334 2888 2625 2957; x_wconf 58' lang='lat' dir='ltr'><strong>pracipuos</strong></span> <span class='ocrx_word' id='word_1_516' title='bbox 2659 2880 2939 2950; x_wconf 87' lang='lat' dir='ltr'><strong>discipulos</strong></span> <span class='ocrx_word' id='word_1_517' title='bbox 2961 2879 3140 2938; x_wconf 88' lang='lat' dir='ltr'><strong>mittit,</strong></span> <span class='ocrx_word' id='word_1_518' title='bbox 3176 2876 3266 2945; x_wconf 88' lang='lat' dir='ltr'><strong>qui</strong></span> <span class='ocrx_word' id='word_1_519' title='bbox 3286 2873 3432 2928; x_wconf 83' lang='lat' dir='ltr'><strong>omni</strong></span> 
     </span>
    </p>
   </div>
   <div class='ocr_carea' id='block_1_72' title="bbox 1856 2966 3429 3045">
    <p class='ocr_par' dir='ltr' id='par_1_72' title="bbox 1856 2966 3429 3045">
     <span class='ocr_line' id='line_1_72' title="bbox 1856 2966 3429 3045; baseline -0.013 -7"><span class='ocrx_word' id='word_1_520' title='bbox 1856 2983 2051 3038; x_wconf 88' lang='lat' dir='ltr'><strong>mundo</strong></span> <span class='ocrx_word' id='word_1_521' title='bbox 2084 2980 2377 3035; x_wconf 84' lang='lat' dir='ltr'><strong>salutarem</strong></span> <span class='ocrx_word' id='word_1_522' title='bbox 2393 2980 2529 3032; x_wconf 85' lang='lat' dir='ltr'><strong>hanc</strong></span> <span class='ocrx_word' id='word_1_523' title='bbox 2562 2973 3008 3045; x_wconf 87' lang='lat' dir='ltr'><strong>dispensationem</strong></span> <span class='ocrx_word' id='word_1_524' title='bbox 3039 2966 3429 3022; x_wconf 88' lang='lat' dir='ltr'><strong>annuntiemus.</strong></span> 
     </span>
    </p>
   </div>
   <div class='ocr_carea' id='block_1_73' title="bbox 1926 3238 3429 3321">
    <p class='ocr_par' dir='ltr' id='par_1_73' title="bbox 1926 3238 3429 3321">
     <span class='ocr_line' id='line_1_73' title="bbox 1926 3238 3429 3321; baseline -0.011 -15"><span class='ocrx_word' id='word_1_525' title='bbox 1926 3252 2058 3308; x_wconf 88' lang='lat' dir='ltr'><strong>Cum</strong></span> <span class='ocrx_word' id='word_1_526' title='bbox 2086 3253 2266 3321; x_wconf 81' lang='lat' dir='ltr'><strong>igitur,</strong></span> <span class='ocrx_word' id='word_1_527' title='bbox 2297 3251 2394 3303; x_wconf 83' lang='lat' dir='ltr'><strong>viri</strong></span> <span class='ocrx_word' id='word_1_528' title='bbox 2426 3246 2708 3317; x_wconf 88' lang='lat' dir='ltr'><strong>prudentes</strong></span> <span class='ocrx_word' id='word_1_529' title='bbox 2736 3259 2798 3297; x_wconf 89' lang='lat' dir='ltr'><strong>ac</strong></span> <span class='ocrx_word' id='word_1_530' title='bbox 2837 3242 3119 3311; x_wconf 87' lang='lat' dir='ltr'><strong>sapientes,</strong></span> <span class='ocrx_word' id='word_1_531' title='bbox 3156 3238 3429 3307; x_wconf 84' lang='lat' dir='ltr'><strong>signorum</strong></span> 
     </span>
    </p>
   </div>
   <div class='ocr_carea' id='block_1_74' title="bbox 1853 3337 3427 3418">
    <p class='ocr_par' dir='ltr' id='par_1_74' title="bbox 1853 3337 3427 3418">
     <span class='ocr_line' id='line_1_74' title="bbox 1853 3337 3427 3418; baseline -0.007 -19"><span class='ocrx_word' id='word_1_532' title='bbox 1853 3365 1968 3418; x_wconf 73' lang='lat' dir='ltr'><strong>qua:</strong></span> <span class='ocrx_word' id='word_1_533' title='bbox 1981 3350 2034 3400; x_wconf 89' lang='lat' dir='ltr'><strong>in</strong></span> <span class='ocrx_word' id='word_1_534' title='bbox 2052 3348 2196 3399; x_wconf 88' lang='lat' dir='ltr'><strong>nobis</strong></span> <span class='ocrx_word' id='word_1_535' title='bbox 2213 3345 2344 3411; x_wconf 80' lang='lat' dir='ltr'><strong>ﬁunt</strong></span> <span class='ocrx_word' id='word_1_536' title='bbox 2367 3345 2467 3397; x_wconf 87' lang='lat' dir='ltr'><strong>vim</strong></span> <span class='ocrx_word' id='word_1_537' title='bbox 2485 3340 2811 3412; x_wconf 87' lang='lat' dir='ltr'><strong>perspiciatis</strong></span> <span class='ocrx_word' id='word_1_538' title='bbox 2833 3337 3148 3391; x_wconf 84' lang='lat' dir='ltr'><strong>:suscitatos</strong></span> <span class='ocrx_word' id='word_1_539' title='bbox 3174 3343 3427 3401; x_wconf 84' lang='lat' dir='ltr'><strong>mortuos,</strong></span> 
     </span>
    </p>
   </div>
   <div class='ocr_carea' id='block_1_75' title="bbox 1851 3430 3433 3498">
    <p class='ocr_par' dir='ltr' id='par_1_75' title="bbox 1851 3430 3433 3498">
     <span class='ocr_line' id='line_1_75' title="bbox 1851 3430 3433 3498; baseline -0.011 -3"><span class='ocrx_word' id='word_1_540' title='bbox 1851 3457 2010 3495; x_wconf 70' lang='lat' dir='ltr'><strong>carcos</strong></span> <span class='ocrx_word' id='word_1_541' title='bbox 2040 3439 2139 3490; x_wconf 87' lang='lat' dir='ltr'><strong>luci</strong></span> <span class='ocrx_word' id='word_1_542' title='bbox 2170 3437 2416 3497; x_wconf 81' lang='lat' dir='ltr'><strong>redditos,</strong></span> <span class='ocrx_word' id='word_1_543' title='bbox 2464 3432 2602 3486; x_wconf 88' lang='lat' dir='ltr'><strong>male</strong></span> <span class='ocrx_word' id='word_1_544' title='bbox 2631 3430 2934 3484; x_wconf 87' lang='lat' dir='ltr'><strong>habentium</strong></span> <span class='ocrx_word' id='word_1_545' title='bbox 2970 3443 3132 3498; x_wconf 87' lang='lat' dir='ltr'><strong>genus</strong></span> <span class='ocrx_word' id='word_1_546' title='bbox 3169 3442 3319 3479; x_wconf 90' lang='lat' dir='ltr'><strong>omne</strong></span> <span class='ocrx_word' id='word_1_547' title='bbox 3345 3442 3433 3480; x_wconf 84' lang='lat' dir='ltr'><strong>sa—</strong></span> 
     </span>
    </p>
   </div>
   <div class='ocr_carea' id='block_1_76' title="bbox 1852 3515 3434 3597">
    <p class='ocr_par' dir='ltr' id='par_1_76' title="bbox 1852 3515 3434 3597">
     <span class='ocr_line' id='line_1_76' title="bbox 1852 3515 3434 3597; baseline -0.009 -15"><span class='ocrx_word' id='word_1_548' title='bbox 1852 3542 2025 3588; x_wconf 86' lang='lat' dir='ltr'><strong>natos,</strong></span> <span class='ocrx_word' id='word_1_549' title='bbox 2064 3544 2154 3597; x_wconf 87' lang='lat' dir='ltr'><strong>per</strong></span> <span class='ocrx_word' id='word_1_550' title='bbox 2180 3529 2288 3579; x_wconf 76' lang='lat' dir='ltr'><strong>ha’c</strong></span> <span class='ocrx_word' id='word_1_551' title='bbox 2317 3525 2473 3592; x_wconf 78' lang='lat' dir='ltr'><strong>ﬁdem</strong></span> <span class='ocrx_word' id='word_1_552' title='bbox 2498 3523 2707 3576; x_wconf 81' lang='lat' dir='ltr'><strong>veritati</strong></span> <span class='ocrx_word' id='word_1_553' title='bbox 2738 3526 3005 3588; x_wconf 76' lang='lat' dir='ltr'><strong>prtestate.</strong></span> <span class='ocrx_word' id='word_1_554' title='bbox 3030 3515 3434 3582; x_wconf 75' lang='lat' dir='ltr'><strong>Confirmamini</strong></span> 
     </span>
    </p>
   </div>
   <div class='ocr_carea' id='block_1_77' title="bbox 1853 3610 3432 3685">
    <p class='ocr_par' dir='ltr' id='par_1_77' title="bbox 1853 3610 3432 3685">
     <span class='ocr_line' id='line_1_77' title="bbox 1853 3610 3432 3685; baseline -0.01 -12"><span class='ocrx_word' id='word_1_555' title='bbox 1853 3638 1913 3673; x_wconf 92' lang='lat' dir='ltr'><strong>ea</strong></span> <span class='ocrx_word' id='word_1_556' title='bbox 1940 3619 2178 3672; x_wconf 84' lang='lat' dir='ltr'><strong>doctrina</strong></span> <span class='ocrx_word' id='word_1_557' title='bbox 2207 3632 2323 3685; x_wconf 72' lang='lat' dir='ltr'><strong>qua!</strong></span> <span class='ocrx_word' id='word_1_558' title='bbox 2352 3614 2492 3684; x_wconf 87' lang='lat' dir='ltr'><strong>apud</strong></span> <span class='ocrx_word' id='word_1_559' title='bbox 2521 3630 2609 3666; x_wconf 80' lang='lat' dir='ltr'><strong>vos</strong></span> <span class='ocrx_word' id='word_1_560' title='bbox 2635 3611 2787 3665; x_wconf 87' lang='lat' dir='ltr'><strong>modo</strong></span> <span class='ocrx_word' id='word_1_561' title='bbox 2808 3610 3157 3680; x_wconf 66' lang='lat' dir='ltr'><strong>pra’dicatur,</strong></span> <span class='ocrx_word' id='word_1_562' title='bbox 3177 3615 3432 3659; x_wconf 81' lang='lat' dir='ltr'><strong>veterem-</strong></span> 
     </span>
    </p>
   </div>
   <div class='ocr_carea' id='block_1_78' title="bbox 1855 3699 3433 3779">
    <p class='ocr_par' dir='ltr' id='par_1_78' title="bbox 1855 3699 3433 3779">
     <span class='ocr_line' id='line_1_78' title="bbox 1855 3699 3433 3779; baseline -0.01 -16"><span class='ocrx_word' id='word_1_563' title='bbox 1855 3728 1953 3779; x_wconf 85' lang='lat' dir='ltr'><strong>que</strong></span> <span class='ocrx_word' id='word_1_564' title='bbox 1984 3725 2214 3762; x_wconf 88' lang='lat' dir='ltr'><strong>errorem</strong></span> <span class='ocrx_word' id='word_1_565' title='bbox 2246 3723 2307 3758; x_wconf 89' lang='lat' dir='ltr'><strong>ac</strong></span> <span class='ocrx_word' id='word_1_566' title='bbox 2350 3722 2555 3758; x_wconf 77' lang='lat' dir='ltr'><strong>omnem</strong></span> <span class='ocrx_word' id='word_1_567' title='bbox 2592 3702 2977 3755; x_wconf 88' lang='lat' dir='ltr'><strong>immanitatem</strong></span> <span class='ocrx_word' id='word_1_568' title='bbox 3011 3699 3433 3765; x_wconf 86' lang='lat' dir='ltr'><strong>impietatemque</strong></span> 
     </span>
    </p>
   </div>
   <div class='ocr_carea' id='block_1_79' title="bbox 1854 3786 3433 3860">
    <p class='ocr_par' dir='ltr' id='par_1_79' title="bbox 1854 3786 3433 3860">
     <span class='ocr_line' id='line_1_79' title="bbox 1854 3786 3433 3860; baseline -0.011 -4"><span class='ocrx_word' id='word_1_569' title='bbox 1854 3804 2184 3860; x_wconf 68' lang='lat' dir='ltr'><strong>excutientes,</strong></span> <span class='ocrx_word' id='word_1_570' title='bbox 2204 3798 2482 3850; x_wconf 86' lang='lat' dir='ltr'><strong>induimini</strong></span> <span class='ocrx_word' id='word_1_571' title='bbox 2512 3794 2792 3846; x_wconf 87' lang='lat' dir='ltr'><strong>Dominum</strong></span> <span class='ocrx_word' id='word_1_572' title='bbox 2815 3800 3051 3843; x_wconf 82' lang='lat' dir='ltr'><strong>nostrum</strong></span> <span class='ocrx_word' id='word_1_573' title='bbox 3072 3788 3251 3843; x_wconf 73' lang='lat' dir='ltr'><strong>Iesum</strong></span> <span class='ocrx_word' id='word_1_574' title='bbox 3276 3786 3433 3843; x_wconf 85' lang='lat' dir='ltr'><strong>Chri-</strong></span> 
     </span>
    </p>
   </div>
   <div class='ocr_carea' id='block_1_80' title="bbox 1853 3882 3431 3960">
    <p class='ocr_par' dir='ltr' id='par_1_80' title="bbox 1853 3882 3431 3960">
     <span class='ocr_line' id='line_1_80' title="bbox 1853 3882 3431 3960; baseline -0.011 -14"><span class='ocrx_word' id='word_1_575' title='bbox 1853 3904 2035 3955; x_wconf 88' lang='lat' dir='ltr'><strong>stum;</strong></span> <span class='ocrx_word' id='word_1_576' title='bbox 2073 3908 2164 3960; x_wconf 86' lang='lat' dir='ltr'><strong>per</strong></span> <span class='ocrx_word' id='word_1_577' title='bbox 2198 3906 2351 3960; x_wconf 84' lang='lat' dir='ltr'><strong>quem</strong></span> <span class='ocrx_word' id='word_1_578' title='bbox 2391 3894 2601 3954; x_wconf 89' lang='lat' dir='ltr'><strong>accepto</strong></span> <span class='ocrx_word' id='word_1_579' title='bbox 2640 3883 2842 3951; x_wconf 87' lang='lat' dir='ltr'><strong>Spiritu</strong></span> <span class='ocrx_word' id='word_1_580' title='bbox 2872 3882 3078 3951; x_wconf 67' lang='lat' dir='ltr'><strong>gratim.</strong></span> <span class='ocrx_word' id='word_1_581' title='bbox 3119 3897 3180 3933; x_wconf 87' lang='lat' dir='ltr'><strong>ac</strong></span> <span class='ocrx_word' id='word_1_582' title='bbox 3218 3894 3431 3949; x_wconf 80' lang='lat' dir='ltr'><strong>regene-</strong></span> 
     </span>
    </p>
   </div>
   <div class='ocr_carea' id='block_1_81' title="bbox 1856 3972 3432 4039">
    <p class='ocr_par' dir='ltr' id='par_1_81' title="bbox 1856 3972 3432 4039">
     <span class='ocr_line' id='line_1_81' title="bbox 1856 3972 3432 4039; baseline -0.011 -3"><span class='ocrx_word' id='word_1_583' title='bbox 1856 3983 2075 4036; x_wconf 87' lang='lat' dir='ltr'><strong>rationis</strong></span> <span class='ocrx_word' id='word_1_584' title='bbox 2098 3979 2334 4032; x_wconf 87' lang='lat' dir='ltr'><strong>innovati</strong></span> <span class='ocrx_word' id='word_1_585' title='bbox 2361 3977 2596 4039; x_wconf 89' lang='lat' dir='ltr'><strong>lavacro,</strong></span> <span class='ocrx_word' id='word_1_586' title='bbox 2630 3974 2796 4026; x_wconf 89' lang='lat' dir='ltr'><strong>animi</strong></span> <span class='ocrx_word' id='word_1_587' title='bbox 2833 3972 3097 4037; x_wconf 82' lang='lat' dir='ltr'><strong>feritatem</strong></span> <span class='ocrx_word' id='word_1_588' title='bbox 3140 3986 3198 4021; x_wconf 87' lang='lat' dir='ltr'><strong>ac</strong></span> <span class='ocrx_word' id='word_1_589' title='bbox 3226 3984 3432 4021; x_wconf 89' lang='lat' dir='ltr'><strong>morum</strong></span> 
     </span>
    </p>
   </div>
   <div class='ocr_carea' id='block_1_82' title="bbox 1850 4061 3426 4144">
    <p class='ocr_par' dir='ltr' id='par_1_82' title="bbox 1850 4061 3426 4144">
     <span class='ocr_line' id='line_1_82' title="bbox 1850 4061 3426 4144; baseline -0.011 -17"><span class='ocrx_word' id='word_1_590' title='bbox 1850 4075 2165 4144; x_wconf 83' lang='lat' dir='ltr'><strong>pravitatem</strong></span> <span class='ocrx_word' id='word_1_591' title='bbox 2208 4072 2260 4122; x_wconf 92' lang='lat' dir='ltr'><strong>in</strong></span> <span class='ocrx_word' id='word_1_592' title='bbox 2295 4069 2562 4121; x_wconf 86' lang='lat' dir='ltr'><strong>lenitatem</strong></span> <span class='ocrx_word' id='word_1_593' title='bbox 2610 4065 2917 4117; x_wconf 82' lang='lat' dir='ltr'><strong>convertetis</strong></span> <span class='ocrx_word' id='word_1_594' title='bbox 2960 4078 3019 4113; x_wconf 90' lang='lat' dir='ltr'><strong>ac</strong></span> <span class='ocrx_word' id='word_1_595' title='bbox 3055 4061 3371 4114; x_wconf 86' lang='lat' dir='ltr'><strong>modestiam</strong></span> <span class='ocrx_word' id='word_1_596' title='bbox 3410 4099 3426 4123; x_wconf 53' lang='grc' dir='ltr'><em>ι</em></span> 
     </span>
    </p>
   </div>
   <div class='ocr_carea' id='block_1_83' title="bbox 1850 4151 3433 4230">
    <p class='ocr_par' dir='ltr' id='par_1_83' title="bbox 1850 4151 3433 4230">
     <span class='ocr_line' id='line_1_83' title="bbox 1850 4151 3433 4230; baseline -0.008 -16"><span class='ocrx_word' id='word_1_597' title='bbox 1850 4177 2046 4230; x_wconf 86' lang='lat' dir='ltr'><strong>proque</strong></span> <span class='ocrx_word' id='word_1_598' title='bbox 2078 4177 2135 4212; x_wconf 90' lang='lat' dir='ltr'><strong>eo</strong></span> <span class='ocrx_word' id='word_1_599' title='bbox 2172 4176 2233 4212; x_wconf 89' lang='lat' dir='ltr'><strong>ac</strong></span> <span class='ocrx_word' id='word_1_600' title='bbox 2262 4160 2493 4211; x_wconf 85' lang='lat' dir='ltr'><strong>homines</strong></span> <span class='ocrx_word' id='word_1_601' title='bbox 2524 4158 2660 4217; x_wconf 86' lang='lat' dir='ltr'><strong>sitis,</strong></span> <span class='ocrx_word' id='word_1_602' title='bbox 2692 4154 2791 4221; x_wconf 82' lang='lat' dir='ltr'><strong>ﬁlii</strong></span> <span class='ocrx_word' id='word_1_603' title='bbox 2830 4154 2924 4206; x_wconf 88' lang='lat' dir='ltr'><strong>Dei</strong></span> <span class='ocrx_word' id='word_1_604' title='bbox 2955 4168 3044 4219; x_wconf 85' lang='lat' dir='ltr'><strong>per</strong></span> <span class='ocrx_word' id='word_1_605' title='bbox 3068 4151 3295 4221; x_wconf 88' lang='lat' dir='ltr'><strong>gratiam</strong></span> <span class='ocrx_word' id='word_1_606' title='bbox 3333 4163 3433 4202; x_wconf 73' lang='lat' dir='ltr'><strong>ca-</strong></span> 
     </span>
    </p>
   </div>
   <div class='ocr_carea' id='block_1_84' title="bbox 1855 4240 3295 4311">
    <p class='ocr_par' dir='ltr' id='par_1_84' title="bbox 1855 4240 3295 4311">
     <span class='ocr_line' id='line_1_84' title="bbox 1855 4240 3295 4311; baseline -0.008 -12"><span class='ocrx_word' id='word_1_607' title='bbox 1855 4247 1969 4299; x_wconf 73' lang='lat' dir='ltr'><strong>lrsti</strong></span> <span class='ocrx_word' id='word_1_608' title='bbox 2002 4246 2153 4299; x_wconf 84' lang='lat' dir='ltr'><strong>Patri</strong></span> <span class='ocrx_word' id='word_1_609' title='bbox 2183 4245 2586 4311; x_wconf 86' lang='lat' dir='ltr'><strong>adoptabimini,</strong></span> <span class='ocrx_word' id='word_1_610' title='bbox 2620 4246 2674 4293; x_wconf 86' lang='lat' dir='ltr'><strong>in</strong></span> <span class='ocrx_word' id='word_1_611' title='bbox 2699 4242 2902 4295; x_wconf 87' lang='lat' dir='ltr'><strong>Christo</strong></span> <span class='ocrx_word' id='word_1_612' title='bbox 2927 4241 3074 4294; x_wconf 83' lang='lat' dir='ltr'><strong>Jesu.</strong></span> <span class='ocrx_word' id='word_1_613' title='bbox 3108 4240 3295 4292; x_wconf 80' lang='lat' dir='ltr'><strong>Amen.</strong></span> 
     </span>
    </p>
   </div>
   <div class='ocr_carea' id='block_1_85' title="bbox 163 4326 3432 4411">
    <p class='ocr_par' dir='ltr' id='par_1_85' title="bbox 163 4326 3432 4411">
     <span class='ocr_line' id='line_1_85' title="bbox 163 4326 3432 4411; baseline -0.006 -15"><span class='ocrx_word' id='word_1_614' title='bbox 163 4346 447 4411; x_wconf 75' lang='grc' dir='ltr'><em>ἡπιότητα</em></span> <span class='ocrx_word' id='word_1_615' title='bbox 483 4340 1049 4410; x_wconf 76' lang='grc' dir='ltr'><em>μεταποιηθήσεσθε</em></span> <span class='ocrx_word' id='word_1_616' title='bbox 1079 4339 1177 4390; x_wconf 76' lang='grc' dir='ltr'><em>καὶ</em></span> <span class='ocrx_word' id='word_1_617' title='bbox 1209 4339 1534 4390; x_wconf 70' lang='grc' dir='ltr'><em>ἐπιείκειαν</em></span> <span class='ocrx_word' id='word_1_618' title='bbox 1559 4355 1571 4367; x_wconf 74' lang='grc' dir='ltr'><strong>ο</strong></span> <span class='ocrx_word' id='word_1_619' title='bbox 1609 4339 1739 4390; x_wconf 75' lang='grc' dir='ltr'><em>ἀντὶ</em></span> <span class='ocrx_word' id='word_1_620' title='bbox 1782 4336 2112 4403; x_wconf 80' lang='grc' dir='ltr'><em>ἀνθρώπων</em></span> <span class='ocrx_word' id='word_1_621' title='bbox 2146 4335 2233 4399; x_wconf 82' lang='grc' dir='ltr'><em>δὲ,</em></span> <span class='ocrx_word' id='word_1_622' title='bbox 2268 4335 2386 4387; x_wconf 81' lang='grc' dir='ltr'><strong>υίοὶ</strong></span> <span class='ocrx_word' id='word_1_623' title='bbox 2449 4331 2599 4386; x_wconf 84' lang='grc' dir='ltr'><em>Θεοῦ</em></span> <span class='ocrx_word' id='word_1_624' title='bbox 2631 4334 2780 4384; x_wconf 84' lang='grc' dir='ltr'><em>κατὰ</em></span> <span class='ocrx_word' id='word_1_625' title='bbox 2802 4330 2997 4398; x_wconf 86' lang='grc' dir='ltr'><em>χάριν,</em></span> <span class='ocrx_word' id='word_1_626' title='bbox 3038 4328 3117 4393; x_wconf 81' lang='grc' dir='ltr'><em>τῷ</em></span> <span class='ocrx_word' id='word_1_627' title='bbox 3179 4326 3432 4394; x_wconf 81' lang='grc' dir='ltr'><em>οὐρανίῳ</em></span> 
     </span>
    </p>
   </div>
   <div class='ocr_carea' id='block_1_86' title="bbox 163 4427 1746 4500">
    <p class='ocr_par' dir='ltr' id='par_1_86' title="bbox 163 4427 1746 4500">
     <span class='ocr_line' id='line_1_86' title="bbox 163 4427 1746 4500; baseline -0.004 -12"><span class='ocrx_word' id='word_1_628' title='bbox 163 4434 672 4500; x_wconf 73' lang='grc' dir='ltr'><em>εὶσποιηθήσεσθε</em></span> <span class='ocrx_word' id='word_1_629' title='bbox 696 4430 895 4497; x_wconf 74' lang='lat' dir='ltr'><strong>&quot;arpi,</strong></span> <span class='ocrx_word' id='word_1_630' title='bbox 927 4432 996 4481; x_wconf 78' lang='grc' dir='ltr'><em>ἐν</em></span> <span class='ocrx_word' id='word_1_631' title='bbox 1025 4428 1253 4495; x_wconf 76' lang='grc' dir='ltr'><em>Χριστῷ</em></span> <span class='ocrx_word' id='word_1_632' title='bbox 1290 4427 1516 4495; x_wconf 85' lang='grc' dir='ltr'><em>Ἰησοῦ.</em></span> <span class='ocrx_word' id='word_1_633' title='bbox 1548 4428 1746 4496; x_wconf 80' lang='grc' dir='ltr'><em>Ἀμήν.</em></span> 
     </span>
    </p>
   </div>
   <div class='ocr_carea' id='block_1_87' title="bbox 226 4521 1820 4591">
    <p class='ocr_par' dir='ltr' id='par_1_87' title="bbox 226 4521 1820 4591">
     <span class='ocr_line' id='line_1_87' title="bbox 226 4521 1820 4591; baseline -0.004 -14"><span class='ocrx_word' id='word_1_634' title='bbox 226 4526 445 4579; x_wconf 76' lang='grc' dir='ltr'><em>Τούτων</em></span> <span class='ocrx_word' id='word_1_635' title='bbox 476 4526 531 4576; x_wconf 77' lang='lat' dir='ltr'><strong>oi</strong></span> <span class='ocrx_word' id='word_1_636' title='bbox 566 4523 794 4591; x_wconf 64' lang='grc' dir='ltr'><strong>ἀπηπρεῖς</strong></span> <span class='ocrx_word' id='word_1_637' title='bbox 817 4524 1014 4573; x_wconf 79' lang='grc' dir='ltr'><em>ἐκεῖνοι</em></span> <span class='ocrx_word' id='word_1_638' title='bbox 1043 4521 1183 4573; x_wconf 75' lang='grc' dir='ltr'><em>κατὰ</em></span> <span class='ocrx_word' id='word_1_639' title='bbox 1225 4522 1326 4590; x_wconf 79' lang='grc' dir='ltr'><em>τὴν</em></span> <span class='ocrx_word' id='word_1_640' title='bbox 1370 4521 1549 4573; x_wconf 79' lang='grc' dir='ltr'><em>αὐτῶν</em></span> <span class='ocrx_word' id='word_1_641' title='bbox 1577 4522 1744 4573; x_wconf 72' lang='grc' dir='ltr'><em>διάλε-</em></span> <span class='ocrx_word' id='word_1_642' title='bbox 1780 4527 1820 4581; x_wconf 85' lang='lat' dir='ltr'><strong>D</strong></span> 
     </span>
    </p>
   </div>
   <div class='ocr_carea' id='block_1_88' title="bbox 166 4612 1743 4682">
    <p class='ocr_par' dir='ltr' id='par_1_88' title="bbox 166 4612 1743 4682">
     <span class='ocr_line' id='line_1_88' title="bbox 166 4612 1743 4682; baseline -0.001 -15"><span class='ocrx_word' id='word_1_643' title='bbox 166 4634 278 4669; x_wconf 83' lang='grc' dir='ltr'><em>κτον</em></span> <span class='ocrx_word' id='word_1_644' title='bbox 306 4619 606 4676; x_wconf 76' lang='grc' dir='ltr'><em>ἐπαΐοντες</em></span> <span class='ocrx_word' id='word_1_645' title='bbox 637 4614 744 4664; x_wconf 82' lang='grc' dir='ltr'><em>τῶν</em></span> <span class='ocrx_word' id='word_1_646' title='bbox 778 4612 1089 4678; x_wconf 66' lang='grc' dir='ltr'><em>θεολογῶν,</em></span> <span class='ocrx_word' id='word_1_647' title='bbox 1140 4612 1234 4664; x_wconf 66' lang='grc' dir='ltr'><strong>καὶ</strong></span> <span class='ocrx_word' id='word_1_648' title='bbox 1261 4615 1360 4681; x_wconf 77' lang='grc' dir='ltr'><em>τὴν</em></span> <span class='ocrx_word' id='word_1_649' title='bbox 1392 4613 1561 4682; x_wconf 81' lang='grc' dir='ltr'><em>ὀργὴν</em></span> <span class='ocrx_word' id='word_1_650' title='bbox 1608 4613 1743 4666; x_wconf 80' lang='grc' dir='ltr'><strong>καθ-</strong></span> 
     </span>
    </p>
   </div>
   <div class='ocr_carea' id='block_1_89' title="bbox 166 4703 1746 4773">
    <p class='ocr_par' dir='ltr' id='par_1_89' title="bbox 166 4703 1746 4773">
     <span class='ocr_line' id='line_1_89' title="bbox 166 4703 1746 4773; baseline -0.003 -15"><span class='ocrx_word' id='word_1_651' title='bbox 166 4707 424 4773; x_wconf 74' lang='grc' dir='ltr'><em>υφιέντες.</em></span> <span class='ocrx_word' id='word_1_652' title='bbox 458 4704 563 4757; x_wconf 80' lang='grc' dir='ltr'><strong>καὶ</strong></span> <span class='ocrx_word' id='word_1_653' title='bbox 592 4704 690 4771; x_wconf 78' lang='grc' dir='ltr'><em>τὴν</em></span> <span class='ocrx_word' id='word_1_654' title='bbox 717 4703 945 4772; x_wconf 78' lang='grc' dir='ltr'><em>ἀπειλὴν</em></span> <span class='ocrx_word' id='word_1_655' title='bbox 980 4703 1383 4771; x_wconf 70' lang='grc' dir='ltr'><em>μετατιθέντες,</em></span> <span class='ocrx_word' id='word_1_656' title='bbox 1434 4704 1614 4755; x_wconf 75' lang='grc' dir='ltr'><em>πίστι-ι</em></span> <span class='ocrx_word' id='word_1_657' title='bbox 1649 4704 1746 4770; x_wconf 73' lang='grc' dir='ltr'><em>μὲν</em></span> 
     </span>
    </p>
   </div>
   <div class='ocr_carea' id='block_1_90' title="bbox 165 4794 1745 4864">
    <p class='ocr_par' dir='ltr' id='par_1_90' title="bbox 165 4794 1745 4864">
     <span class='ocr_line' id='line_1_90' title="bbox 165 4794 1745 4864; baseline 0 -17"><span class='ocrx_word' id='word_1_658' title='bbox 165 4797 273 4848; x_wconf 72' lang='grc' dir='ltr'><em>ἀντὶ</em></span> <span class='ocrx_word' id='word_1_659' title='bbox 300 4798 399 4864; x_wconf 66' lang='grc' dir='ltr'><em>τῆς</em></span> <span class='ocrx_word' id='word_1_660' title='bbox 433 4794 755 4856; x_wconf 73' lang='grc' dir='ltr'><em>ἀπειθείας,</em></span> <span class='ocrx_word' id='word_1_661' title='bbox 786 4796 904 4846; x_wconf 75' lang='grc' dir='ltr'><em>ἀντὶ</em></span> <span class='ocrx_word' id='word_1_662' title='bbox 927 4794 1024 4861; x_wconf 79' lang='grc' dir='ltr'><em>τῆς</em></span> <span class='ocrx_word' id='word_1_663' title='bbox 1051 4794 1241 4862; x_wconf 86' lang='grc' dir='ltr'><em>πρώην</em></span> <span class='ocrx_word' id='word_1_664' title='bbox 1266 4794 1322 4845; x_wconf 82' lang='grc' dir='ltr'><em>δὲ</em></span> <span class='ocrx_word' id='word_1_665' title='bbox 1344 4796 1540 4862; x_wconf 82' lang='grc' dir='ltr'><em>μανέας</em></span> <span class='ocrx_word' id='word_1_666' title='bbox 1575 4795 1745 4847; x_wconf 79' lang='grc' dir='ltr'><em>ἐπιεί-</em></span> 
     </span>
    </p>
   </div>
   <div class='ocr_carea' id='block_1_91' title="bbox 166 4885 1647 4955">
    <p class='ocr_par' dir='ltr' id='par_1_91' title="bbox 166 4885 1647 4955">
     <span class='ocr_line' id='line_1_91' title="bbox 166 4885 1647 4955; baseline -0.001 -16"><span class='ocrx_word' id='word_1_667' title='bbox 166 4906 325 4949; x_wconf 77' lang='grc' dir='ltr'><em>κειαν,</em></span> <span class='ocrx_word' id='word_1_668' title='bbox 350 4890 449 4940; x_wconf 70' lang='grc' dir='ltr'><strong>καὶ</strong></span> <span class='ocrx_word' id='word_1_669' title='bbox 482 4887 591 4954; x_wconf 77' lang='grc' dir='ltr'><em>τὴν</em></span> <span class='ocrx_word' id='word_1_670' title='bbox 618 4885 817 4955; x_wconf 84' lang='grc' dir='ltr'><em>ἀρετὴν</em></span> <span class='ocrx_word' id='word_1_671' title='bbox 847 4889 946 4954; x_wconf 77' lang='grc' dir='ltr'><em>τῆς</em></span> <span class='ocrx_word' id='word_1_672' title='bbox 978 4886 1178 4947; x_wconf 77' lang='grc' dir='ltr'><em>κακίας</em></span> <span class='ocrx_word' id='word_1_673' title='bbox 1206 4886 1647 4954; x_wconf 78' lang='grc' dir='ltr'><em>ἀντηλλάττοντο.</em></span> 
     </span>
    </p>
   </div>
   <div class='ocr_carea' id='block_1_92' title="bbox 227 4970 1749 5045">
    <p class='ocr_par' dir='ltr' id='par_1_92' title="bbox 227 4970 1749 5045">
     <span class='ocr_line' id='line_1_92' title="bbox 227 4970 1749 5045; baseline -0.001 -15"><span class='ocrx_word' id='word_1_674' title='bbox 227 4979 378 5045; x_wconf 66' lang='grc' dir='ltr'><em>Παρὰ</em></span> <span class='ocrx_word' id='word_1_675' title='bbox 422 4976 665 5037; x_wconf 76' lang='grc' dir='ltr'><em>τούτοις,</em></span> <span class='ocrx_word' id='word_1_676' title='bbox 690 4970 733 5026; x_wconf 82' lang='grc' dir='ltr'>ὦ</span> <span class='ocrx_word' id='word_1_677' title='bbox 769 4976 1143 5041; x_wconf 69' lang='grc' dir='ltr'><em>παναγέστατε</em></span> <span class='ocrx_word' id='word_1_678' title='bbox 1190 4976 1395 5040; x_wconf 65' lang='lat' dir='ltr'><strong>Mutila,</strong></span> <span class='ocrx_word' id='word_1_679' title='bbox 1423 4977 1514 5028; x_wconf 69' lang='grc' dir='ltr'><strong>ἐπὶ</strong></span> <span class='ocrx_word' id='word_1_680' title='bbox 1538 4978 1749 5045; x_wconf 78' lang='grc' dir='ltr'><em>χρόνοις</em></span> 
     </span>
    </p>
   </div>
   <div class='ocr_carea' id='block_1_93' title="bbox 170 5067 1749 5139">
    <p class='ocr_par' dir='ltr' id='par_1_93' title="bbox 170 5067 1749 5139">
     <span class='ocr_line' id='line_1_93' title="bbox 170 5067 1749 5139; baseline -0.001 -18"><span class='ocrx_word' id='word_1_681' title='bbox 170 5068 489 5139; x_wconf 75' lang='grc' dir='ltr'><em>μεμενηκὼς</em></span> <span class='ocrx_word' id='word_1_682' title='bbox 516 5070 752 5129; x_wconf 72' lang='grc' dir='ltr'><em>ἱκανοῖς,</em></span> <span class='ocrx_word' id='word_1_683' title='bbox 778 5068 872 5118; x_wconf 71' lang='grc' dir='ltr'><strong>καὶ</strong></span> <span class='ocrx_word' id='word_1_684' title='bbox 906 5067 1133 5129; x_wconf 76' lang='grc' dir='ltr'><em>πολλοὺς</em></span> <span class='ocrx_word' id='word_1_685' title='bbox 1160 5068 1261 5136; x_wconf 84' lang='grc' dir='ltr'><em>μὲν</em></span> <span class='ocrx_word' id='word_1_686' title='bbox 1300 5070 1392 5120; x_wconf 79' lang='grc' dir='ltr'><strong>ἐπὶ</strong></span> <span class='ocrx_word' id='word_1_687' title='bbox 1416 5069 1475 5121; x_wconf 86' lang='grc' dir='ltr'><em>τὸ</em></span> <span class='ocrx_word' id='word_1_688' title='bbox 1505 5072 1749 5137; x_wconf 85' lang='grc' dir='ltr'><em>κρεῖττον</em></span> 
     </span>
    </p>
   </div>
   <div class='ocr_carea' id='block_1_94' title="bbox 168 5159 1749 5231">
    <p class='ocr_par' dir='ltr' id='par_1_94' title="bbox 168 5159 1749 5231">
     <span class='ocr_line' id='line_1_94' title="bbox 168 5159 1749 5231; baseline 0.002 -22"><span class='ocrx_word' id='word_1_689' title='bbox 168 5161 487 5227; x_wconf 69' lang='grc' dir='ltr'><strong>ἠλλοιωκὼς.</strong></span> <span class='ocrx_word' id='word_1_690' title='bbox 521 5161 621 5213; x_wconf 70' lang='grc' dir='ltr'><strong>καὶ</strong></span> <span class='ocrx_word' id='word_1_691' title='bbox 646 5159 941 5228; x_wconf 77' lang='grc' dir='ltr'><em>ἐκκλησίας</em></span> <span class='ocrx_word' id='word_1_692' title='bbox 969 5159 1293 5229; x_wconf 78' lang='grc' dir='ltr'><em>ἀφιερωκὼς</em></span> <span class='ocrx_word' id='word_1_693' title='bbox 1325 5161 1400 5231; x_wconf 84' lang='grc' dir='ltr'><em>τῷ</em></span> <span class='ocrx_word' id='word_1_694' title='bbox 1421 5161 1537 5230; x_wconf 82' lang='grc' dir='ltr'><strong>Θεῷ</strong></span> <span class='ocrx_word' id='word_1_695' title='bbox 1560 5179 1571 5190; x_wconf 89' lang='grc'><strong>·</strong></span> <span class='ocrx_word' id='word_1_696' title='bbox 1595 5162 1749 5213; x_wconf 78' lang='grc' dir='ltr'><em>πλεί-</em></span> 
     </span>
    </p>
   </div>
   <div class='ocr_carea' id='block_1_95' title="bbox 173 5251 1748 5319">
    <p class='ocr_par' dir='ltr' id='par_1_95' title="bbox 173 5251 1748 5319">
     <span class='ocr_line' id='line_1_95' title="bbox 173 5251 1748 5319; baseline -0.001 -13"><span class='ocrx_word' id='word_1_697' title='bbox 173 5270 307 5316; x_wconf 81' lang='grc' dir='ltr'><em>σταις</em></span> <span class='ocrx_word' id='word_1_698' title='bbox 334 5254 391 5306; x_wconf 82' lang='grc' dir='ltr'><em>δὲ</em></span> <span class='ocrx_word' id='word_1_699' title='bbox 420 5252 649 5319; x_wconf 52' lang='lat' dir='ltr'><strong>etiam</strong></span> <span class='ocrx_word' id='word_1_700' title='bbox 685 5251 835 5319; x_wconf 81' lang='grc' dir='ltr'><strong>παρᾶ</strong></span> <span class='ocrx_word' id='word_1_701' title='bbox 856 5251 962 5303; x_wconf 83' lang='grc' dir='ltr'><em>τῶν</em></span> <span class='ocrx_word' id='word_1_702' title='bbox 992 5251 1334 5305; x_wconf 75' lang='grc' dir='ltr'><em>ἀσεὸούντων</em></span> <span class='ocrx_word' id='word_1_703' title='bbox 1366 5255 1456 5305; x_wconf 75' lang='grc' dir='ltr'><strong>καὶ</strong></span> <span class='ocrx_word' id='word_1_704' title='bbox 1485 5253 1748 5317; x_wconf 75' lang='grc' dir='ltr'><em>κινδύνοις</em></span> 
     </span>
    </p>
   </div>
   <div class='ocr_carea' id='block_1_96' title="bbox 174 5339 1746 5413">
    <p class='ocr_par' dir='ltr' id='par_1_96' title="bbox 174 5339 1746 5413">
     <span class='ocr_line' id='line_1_96' title="bbox 174 5339 1746 5413; baseline -0.001 -18"><span class='ocrx_word' id='word_1_705' title='bbox 174 5343 493 5413; x_wconf 68' lang='grc' dir='ltr'><em>περεπεεὼν,</em></span> <span class='ocrx_word' id='word_1_706' title='bbox 535 5339 1057 5409; x_wconf 77' lang='grc' dir='ltr'><em>ἐπιδουλευόμενος,</em></span> <span class='ocrx_word' id='word_1_707' title='bbox 1099 5339 1606 5409; x_wconf 74' lang='grc' dir='ltr'><em>βλατφημούμενος,</em></span> <span class='ocrx_word' id='word_1_708' title='bbox 1640 5360 1746 5407; x_wconf 85' lang='grc' dir='ltr'><em>μα-</em></span> 
     </span>
    </p>
   </div>
   <div class='ocr_carea' id='block_1_97' title="bbox 177 5428 1747 5502">
    <p class='ocr_par' dir='ltr' id='par_1_97' title="bbox 177 5428 1747 5502">
     <span class='ocr_line' id='line_1_97' title="bbox 177 5428 1747 5502; baseline 0 -18"><span class='ocrx_word' id='word_1_709' title='bbox 177 5434 538 5502; x_wconf 72' lang='grc' dir='ltr'><em>στιγούμενος,</em></span> <span class='ocrx_word' id='word_1_710' title='bbox 591 5428 1171 5499; x_wconf 73' lang='grc' dir='ltr'><em>προπηλακιζόμενος·</em></span> <span class='ocrx_word' id='word_1_711' title='bbox 1212 5434 1301 5484; x_wconf 71' lang='grc' dir='ltr'><strong>καὶ</strong></span> <span class='ocrx_word' id='word_1_712' title='bbox 1354 5431 1496 5484; x_wconf 76' lang='grc' dir='ltr'><em>οὕτω</em></span> <span class='ocrx_word' id='word_1_713' title='bbox 1547 5433 1747 5485; x_wconf 80' lang='grc' dir='ltr'><em>τέλειον</em></span> 
     </span>
    </p>
   </div>
   <div class='ocr_carea' id='block_1_98' title="bbox 176 5519 1747 5593">
    <p class='ocr_par' dir='ltr' id='par_1_98' title="bbox 176 5519 1747 5593">
     <span class='ocr_line' id='line_1_98' title="bbox 176 5519 1747 5593; baseline 0 -20"><span class='ocrx_word' id='word_1_714' title='bbox 176 5526 225 5575; x_wconf 70' lang='grc' dir='ltr'><em>τὸ</em></span> <span class='ocrx_word' id='word_1_715' title='bbox 256 5523 556 5593; x_wconf 78' lang='grc' dir='ltr'><em>μαρτύριον</em></span> <span class='ocrx_word' id='word_1_716' title='bbox 594 5519 877 5580; x_wconf 75' lang='grc' dir='ltr'><em>ἀποδιδοὺς</em></span> <span class='ocrx_word' id='word_1_717' title='bbox 905 5520 979 5586; x_wconf 79' lang='grc' dir='ltr'><em>τῷ</em></span> <span class='ocrx_word' id='word_1_718' title='bbox 1006 5520 1146 5588; x_wconf 81' lang='grc' dir='ltr'>Θεῷ.</span> <span class='ocrx_word' id='word_1_719' title='bbox 1180 5520 1529 5582; x_wconf 71' lang='grc' dir='ltr'><em>καταλείπεις</em></span> <span class='ocrx_word' id='word_1_720' title='bbox 1565 5522 1661 5589; x_wconf 82' lang='grc' dir='ltr'><em>μὲν</em></span> <span class='ocrx_word' id='word_1_721' title='bbox 1688 5522 1747 5573; x_wconf 74' lang='grc' dir='ltr'><em>τὸ</em></span> 
     </span>
    </p>
   </div>
   <div class='ocr_carea' id='block_1_99' title="bbox 181 5607 1743 5680">
    <p class='ocr_par' dir='ltr' id='par_1_99' title="bbox 181 5607 1743 5680">
     <span class='ocr_line' id='line_1_99' title="bbox 181 5607 1743 5680; baseline -0.002 -17"><span class='ocrx_word' id='word_1_722' title='bbox 181 5614 381 5680; x_wconf 70' lang='grc' dir='ltr'><em>σαρκίον</em></span> <span class='ocrx_word' id='word_1_723' title='bbox 406 5612 484 5673; x_wconf 84' lang='grc' dir='ltr'><em>ὡς</em></span> <span class='ocrx_word' id='word_1_724' title='bbox 514 5608 687 5677; x_wconf 59' lang='grc' dir='ltr'><em>ἄχθος</em></span> <span class='ocrx_word' id='word_1_725' title='bbox 718 5609 808 5659; x_wconf 78' lang='grc' dir='ltr'><strong>ἐπὶ</strong></span> <span class='ocrx_word' id='word_1_726' title='bbox 839 5608 933 5674; x_wconf 65' lang='grc' dir='ltr'><em>τῆς</em></span> <span class='ocrx_word' id='word_1_727' title='bbox 961 5607 1083 5673; x_wconf 74' lang='grc' dir='ltr'><em>γῆς,</em></span> <span class='ocrx_word' id='word_1_728' title='bbox 1133 5608 1292 5669; x_wconf 71' lang='grc' dir='ltr'><em>αὐτὸς</em></span> <span class='ocrx_word' id='word_1_729' title='bbox 1324 5607 1379 5659; x_wconf 79' lang='grc' dir='ltr'><em>δὲ</em></span> <span class='ocrx_word' id='word_1_730' title='bbox 1413 5608 1610 5676; x_wconf 78' lang='grc' dir='ltr'><em>κοῦφος</em></span> <span class='ocrx_word' id='word_1_731' title='bbox 1651 5609 1743 5660; x_wconf 78' lang='grc' dir='ltr'><em>ἀνο</em></span> 
     </span>
    </p>
   </div>
   <div class='ocr_carea' id='block_1_100' title="bbox 183 5696 1745 5773">
    <p class='ocr_par' dir='ltr' id='par_1_100' title="bbox 183 5696 1745 5773">
     <span class='ocr_line' id='line_1_100' title="bbox 183 5696 1745 5773; baseline -0.001 -20"><span class='ocrx_word' id='word_1_732' title='bbox 183 5702 329 5773; x_wconf 65' lang='grc' dir='ltr'><em>ἐπτης</em></span> <span class='ocrx_word' id='word_1_733' title='bbox 362 5703 441 5764; x_wconf 82' lang='grc' dir='ltr'><em>εἰς</em></span> <span class='ocrx_word' id='word_1_734' title='bbox 463 5696 742 5769; x_wconf 71' lang='grc' dir='ltr'><em>οὐρανούς</em></span> <span class='ocrx_word' id='word_1_735' title='bbox 765 5715 779 5727; x_wconf 89' lang='grc'><strong>·</strong></span> <span class='ocrx_word' id='word_1_736' title='bbox 806 5700 896 5749; x_wconf 80' lang='grc' dir='ltr'><strong>καὶ</strong></span> <span class='ocrx_word' id='word_1_737' title='bbox 922 5698 1048 5759; x_wconf 68' lang='grc' dir='ltr'><em>τοὺς</em></span> <span class='ocrx_word' id='word_1_738' title='bbox 1086 5698 1321 5765; x_wconf 76' lang='grc' dir='ltr'><em>μέλανας</em></span> <span class='ocrx_word' id='word_1_739' title='bbox 1362 5699 1745 5767; x_wconf 73' lang='grc' dir='ltr'><em>ἀπεκδυσάμεο</em></span> 
     </span>
    </p>
   </div>
   <div class='ocr_carea' id='block_1_101' title="bbox 184 5790 1743 5862">
    <p class='ocr_par' dir='ltr' id='par_1_101' title="bbox 184 5790 1743 5862">
     <span class='ocr_line' id='line_1_101' title="bbox 184 5790 1743 5862; baseline -0.01 -15"><span class='ocrx_word' id='word_1_740' title='bbox 184 5811 274 5858; x_wconf 55' lang='grc' dir='ltr'><em>γῆς,</em></span> <span class='ocrx_word' id='word_1_741' title='bbox 296 5797 407 5857; x_wconf 77' lang='grc' dir='ltr'><em>ταῖς</em></span> <span class='ocrx_word' id='word_1_742' title='bbox 438 5790 705 5862; x_wconf 60' lang='lat' dir='ltr'><strong>apo-10:15;</strong></span> <span class='ocrx_word' id='word_1_743' title='bbox 720 5791 925 5851; x_wconf 68' lang='grc' dir='ltr'><em>πτάτοις</em></span> <span class='ocrx_word' id='word_1_744' title='bbox 960 5790 1387 5860; x_wconf 71' lang='grc' dir='ltr'><em>προσεχώρηςας</em></span> <span class='ocrx_word' id='word_1_745' title='bbox 1436 5793 1539 5845; x_wconf 75' lang='grc' dir='ltr'><em>τῶν</em></span> <span class='ocrx_word' id='word_1_746' title='bbox 1578 5792 1743 5862; x_wconf 58' lang='grc' dir='ltr'><em>οὖρα-</em></span> 
     </span>
    </p>
   </div>
   <div class='ocr_carea' id='block_1_102' title="bbox 1922 4512 3432 4588">
    <p class='ocr_par' dir='ltr' id='par_1_102' title="bbox 1922 4512 3432 4588">
     <span class='ocr_line' id='line_1_102' title="bbox 1922 4512 3432 4588; baseline -0.005 -14"><span class='ocrx_word' id='word_1_747' title='bbox 1922 4520 2018 4574; x_wconf 87' lang='lat' dir='ltr'><strong>His</strong></span> <span class='ocrx_word' id='word_1_748' title='bbox 2070 4520 2237 4588; x_wconf 81' lang='lat' dir='ltr'><strong>igitur</strong></span> <span class='ocrx_word' id='word_1_749' title='bbox 2281 4518 2521 4572; x_wconf 87' lang='lat' dir='ltr'><strong>immites</strong></span> <span class='ocrx_word' id='word_1_750' title='bbox 2570 4517 2644 4572; x_wconf 91' lang='lat' dir='ltr'><strong>illi</strong></span> <span class='ocrx_word' id='word_1_751' title='bbox 2691 4515 2893 4571; x_wconf 84' lang='lat' dir='ltr'><strong>divinis</strong></span> <span class='ocrx_word' id='word_1_752' title='bbox 2945 4512 3432 4585; x_wconf 65' lang='lat' dir='ltr'><strong>praedicationibus</strong></span> 
     </span>
    </p>
   </div>
   <div class='ocr_carea' id='block_1_103' title="bbox 1851 4602 3431 4678">
    <p class='ocr_par' dir='ltr' id='par_1_103' title="bbox 1851 4602 3431 4678">
     <span class='ocr_line' id='line_1_103' title="bbox 1851 4602 3431 4678; baseline -0.004 -17"><span class='ocrx_word' id='word_1_753' title='bbox 1851 4610 1969 4678; x_wconf 86' lang='lat' dir='ltr'><strong>ipso</strong></span> <span class='ocrx_word' id='word_1_754' title='bbox 2001 4609 2219 4661; x_wconf 91' lang='lat' dir='ltr'><strong>illorum</strong></span> <span class='ocrx_word' id='word_1_755' title='bbox 2259 4607 2517 4660; x_wconf 86' lang='lat' dir='ltr'><strong>idiomate</strong></span> <span class='ocrx_word' id='word_1_756' title='bbox 2560 4606 2784 4667; x_wconf 81' lang='lat' dir='ltr'><strong>auditis,</strong></span> <span class='ocrx_word' id='word_1_757' title='bbox 2827 4606 3015 4670; x_wconf 85' lang='lat' dir='ltr'><strong>iraque</strong></span> <span class='ocrx_word' id='word_1_758' title='bbox 3054 4602 3333 4671; x_wconf 80' lang='lat' dir='ltr'><strong>mitigata,</strong></span> <span class='ocrx_word' id='word_1_759' title='bbox 3367 4617 3431 4655; x_wconf 86' lang='lat' dir='ltr'><strong>ac</strong></span> 
     </span>
    </p>
   </div>
   <div class='ocr_carea' id='block_1_104' title="bbox 1852 4692 3428 4767">
    <p class='ocr_par' dir='ltr' id='par_1_104' title="bbox 1852 4692 3428 4767">
     <span class='ocr_line' id='line_1_104' title="bbox 1852 4692 3428 4767; baseline -0.005 -15"><span class='ocrx_word' id='word_1_760' title='bbox 1852 4700 2044 4753; x_wconf 77' lang='lat' dir='ltr'><strong>missas</strong></span> <span class='ocrx_word' id='word_1_761' title='bbox 2091 4699 2351 4752; x_wconf 78' lang='lat' dir='ltr'><strong>facientes</strong></span> <span class='ocrx_word' id='word_1_762' title='bbox 2395 4700 2592 4760; x_wconf 86' lang='lat' dir='ltr'><strong>minas,</strong></span> <span class='ocrx_word' id='word_1_763' title='bbox 2639 4713 2738 4767; x_wconf 92' lang='lat' dir='ltr'><strong>pro</strong></span> <span class='ocrx_word' id='word_1_764' title='bbox 2800 4695 3181 4749; x_wconf 81' lang='lat' dir='ltr'><strong>incredulitate</strong></span> <span class='ocrx_word' id='word_1_765' title='bbox 3242 4692 3428 4757; x_wconf 85' lang='lat' dir='ltr'><strong>ﬁdem,</strong></span> 
     </span>
    </p>
   </div>
   <div class='ocr_carea' id='block_1_105' title="bbox 1852 4787 3430 4859">
    <p class='ocr_par' dir='ltr' id='par_1_105' title="bbox 1852 4787 3430 4859">
     <span class='ocr_line' id='line_1_105' title="bbox 1852 4787 3430 4859; baseline -0.003 -16"><span class='ocrx_word' id='word_1_766' title='bbox 1852 4806 1951 4859; x_wconf 91' lang='lat' dir='ltr'><strong>pro</strong></span> <span class='ocrx_word' id='word_1_767' title='bbox 1984 4790 2211 4859; x_wconf 80' lang='lat' dir='ltr'><strong>pristina</strong></span> <span class='ocrx_word' id='word_1_768' title='bbox 2244 4790 2457 4844; x_wconf 81' lang='lat' dir='ltr'><strong>leritate</strong></span> <span class='ocrx_word' id='word_1_769' title='bbox 2499 4799 2664 4857; x_wconf 84' lang='lat' dir='ltr'><strong>atque</strong></span> <span class='ocrx_word' id='word_1_770' title='bbox 2705 4789 2889 4842; x_wconf 80' lang='lat' dir='ltr'><strong>furore</strong></span> <span class='ocrx_word' id='word_1_771' title='bbox 2923 4787 3201 4841; x_wconf 87' lang='lat' dir='ltr'><strong>lenitatem</strong></span> <span class='ocrx_word' id='word_1_772' title='bbox 3234 4794 3291 4839; x_wconf 90' lang='lat' dir='ltr'><strong>et</strong></span> <span class='ocrx_word' id='word_1_773' title='bbox 3314 4800 3430 4838; x_wconf 85' lang='lat' dir='ltr'><strong>mo—</strong></span> 
     </span>
    </p>
   </div>
   <div class='ocr_carea' id='block_1_106' title="bbox 1852 4882 3155 4951">
    <p class='ocr_par' dir='ltr' id='par_1_106' title="bbox 1852 4882 3155 4951">
     <span class='ocr_line' id='line_1_106' title="bbox 1852 4882 3155 4951; baseline -0.004 -15"><span class='ocrx_word' id='word_1_774' title='bbox 1852 4884 2104 4946; x_wconf 84' lang='lat' dir='ltr'><strong>destiam,</strong></span> <span class='ocrx_word' id='word_1_775' title='bbox 2142 4898 2244 4951; x_wconf 91' lang='lat' dir='ltr'><strong>pro</strong></span> <span class='ocrx_word' id='word_1_776' title='bbox 2268 4883 2400 4935; x_wconf 91' lang='lat' dir='ltr'><strong>vitio</strong></span> <span class='ocrx_word' id='word_1_777' title='bbox 2431 4882 2689 4934; x_wconf 89' lang='lat' dir='ltr'><strong>virtutem</strong></span> <span class='ocrx_word' id='word_1_778' title='bbox 2723 4888 3155 4933; x_wconf 78' lang='lat' dir='ltr'><strong>corunmtavere.</strong></span> 
     </span>
    </p>
   </div>
   <div class='ocr_carea' id='block_1_107' title="bbox 1922 4967 3425 5041">
    <p class='ocr_par' dir='ltr' id='par_1_107' title="bbox 1922 4967 3425 5041">
     <span class='ocr_line' id='line_1_107' title="bbox 1922 4967 3425 5041; baseline -0.005 -14"><span class='ocrx_word' id='word_1_779' title='bbox 1922 4974 2214 5041; x_wconf 83' lang='lat' dir='ltr'><strong>Postquam</strong></span> <span class='ocrx_word' id='word_1_780' title='bbox 2262 4982 2442 5026; x_wconf 87' lang='lat' dir='ltr'><strong>autem</strong></span> <span class='ocrx_word' id='word_1_781' title='bbox 2506 4987 2679 5025; x_wconf 83' lang='lat' dir='ltr'><strong>annos</strong></span> <span class='ocrx_word' id='word_1_782' title='bbox 2723 4980 2805 5024; x_wconf 86' lang='lat' dir='ltr'><strong>sat</strong></span> <span class='ocrx_word' id='word_1_783' title='bbox 2858 4972 3061 5023; x_wconf 91' lang='lat' dir='ltr'><strong>multos</strong></span> <span class='ocrx_word' id='word_1_784' title='bbox 3116 4967 3258 5037; x_wconf 88' lang='lat' dir='ltr'><strong>apud</strong></span> <span class='ocrx_word' id='word_1_785' title='bbox 3305 4983 3425 5021; x_wconf 83' lang='lat' dir='ltr'><strong>eam</strong></span> 
     </span>
    </p>
   </div>
   <div class='ocr_carea' id='block_1_108' title="bbox 1851 5058 3427 5133">
    <p class='ocr_par' dir='ltr' id='par_1_108' title="bbox 1851 5058 3427 5133">
     <span class='ocr_line' id='line_1_108' title="bbox 1851 5058 3427 5133; baseline -0.003 -17"><span class='ocrx_word' id='word_1_786' title='bbox 1851 5073 2090 5133; x_wconf 82' lang='lat' dir='ltr'><strong>gentem,</strong></span> <span class='ocrx_word' id='word_1_787' title='bbox 2119 5062 2468 5116; x_wconf 87' lang='lat' dir='ltr'><strong>sanctissime</strong></span> <span class='ocrx_word' id='word_1_788' title='bbox 2496 5062 2721 5121; x_wconf 86' lang='lat' dir='ltr'><strong>Mathia,</strong></span> <span class='ocrx_word' id='word_1_789' title='bbox 2744 5073 2997 5114; x_wconf 86' lang='lat' dir='ltr'><strong>versatus</strong></span> <span class='ocrx_word' id='word_1_790' title='bbox 3022 5075 3192 5123; x_wconf 83' lang='lat' dir='ltr'><strong>esses,</strong></span> <span class='ocrx_word' id='word_1_791' title='bbox 3219 5058 3427 5126; x_wconf 82' lang='lat' dir='ltr'><strong>plures-</strong></span> 
     </span>
    </p>
   </div>
   <div class='ocr_carea' id='block_1_109' title="bbox 1850 5149 3428 5223">
    <p class='ocr_par' dir='ltr' id='par_1_109' title="bbox 1850 5149 3428 5223">
     <span class='ocr_line' id='line_1_109' title="bbox 1850 5149 3428 5223; baseline -0.004 -15"><span class='ocrx_word' id='word_1_792' title='bbox 1850 5170 1956 5223; x_wconf 89' lang='lat' dir='ltr'><strong>que</strong></span> <span class='ocrx_word' id='word_1_793' title='bbox 2007 5155 2070 5206; x_wconf 83' lang='lat' dir='ltr'><strong>ad</strong></span> <span class='ocrx_word' id='word_1_794' title='bbox 2114 5153 2393 5205; x_wconf 86' lang='lat' dir='ltr'><strong>meliorem</strong></span> <span class='ocrx_word' id='word_1_795' title='bbox 2448 5152 2659 5221; x_wconf 81' lang='lat' dir='ltr'><strong>frugem</strong></span> <span class='ocrx_word' id='word_1_796' title='bbox 2700 5166 3034 5211; x_wconf 75' lang='lat' dir='ltr'><strong>revocasses,</strong></span> <span class='ocrx_word' id='word_1_797' title='bbox 3057 5167 3121 5205; x_wconf 87' lang='lat' dir='ltr'><strong>ac</strong></span> <span class='ocrx_word' id='word_1_798' title='bbox 3161 5149 3428 5204; x_wconf 86' lang='lat' dir='ltr'><strong>ecclesias</strong></span> 
     </span>
    </p>
   </div>
   <div class='ocr_carea' id='block_1_110' title="bbox 1850 5240 3426 5311">
    <p class='ocr_par' dir='ltr' id='par_1_110' title="bbox 1850 5240 3426 5311">
     <span class='ocr_line' id='line_1_110' title="bbox 1850 5240 3426 5311; baseline -0.003 -14"><span class='ocrx_word' id='word_1_799' title='bbox 1850 5246 1960 5298; x_wconf 87' lang='lat' dir='ltr'><strong>Deo</strong></span> <span class='ocrx_word' id='word_1_800' title='bbox 2006 5259 2383 5297; x_wconf 87' lang='lat' dir='ltr'><strong>consecrasses</strong></span> <span class='ocrx_word' id='word_1_801' title='bbox 2426 5260 2439 5305; x_wconf 88' lang='lat'><strong>;</strong></span> <span class='ocrx_word' id='word_1_802' title='bbox 2492 5242 2912 5311; x_wconf 88' lang='lat' dir='ltr'><strong>quamplurimis</strong></span> <span class='ocrx_word' id='word_1_803' title='bbox 2965 5258 3062 5310; x_wconf 90' lang='lat' dir='ltr'><strong>per</strong></span> <span class='ocrx_word' id='word_1_804' title='bbox 3131 5240 3426 5309; x_wconf 89' lang='lat' dir='ltr'><strong>impiorum</strong></span> 
     </span>
    </p>
   </div>
   <div class='ocr_carea' id='block_1_111' title="bbox 1850 5331 3421 5403">
    <p class='ocr_par' dir='ltr' id='par_1_111' title="bbox 1850 5331 3421 5403">
     <span class='ocr_line' id='line_1_111' title="bbox 1850 5331 3421 5403; baseline -0.004 -13"><span class='ocrx_word' id='word_1_805' title='bbox 1850 5348 2055 5390; x_wconf 83' lang='lat' dir='ltr'><strong>struem</strong></span> <span class='ocrx_word' id='word_1_806' title='bbox 2088 5335 2409 5403; x_wconf 78' lang='lat' dir='ltr'><strong>perfunctus</strong></span> <span class='ocrx_word' id='word_1_807' title='bbox 2433 5334 2717 5394; x_wconf 67' lang='lat' dir='ltr'><strong>terumnis,</strong></span> <span class='ocrx_word' id='word_1_808' title='bbox 2749 5344 3118 5401; x_wconf 83' lang='lat' dir='ltr'><strong>exceptusque</strong></span> <span class='ocrx_word' id='word_1_809' title='bbox 3142 5331 3421 5401; x_wconf 86' lang='lat' dir='ltr'><strong>periculis,</strong></span> 
     </span>
    </p>
   </div>
   <div class='ocr_carea' id='block_1_112' title="bbox 1852 5422 3422 5496">
    <p class='ocr_par' dir='ltr' id='par_1_112' title="bbox 1852 5422 3422 5496">
     <span class='ocr_line' id='line_1_112' title="bbox 1852 5422 3422 5496; baseline -0.004 -14"><span class='ocrx_word' id='word_1_810' title='bbox 1852 5428 2066 5483; x_wconf 86' lang='lat' dir='ltr'><strong>insidiis</strong></span> <span class='ocrx_word' id='word_1_811' title='bbox 2103 5428 2399 5496; x_wconf 87' lang='lat' dir='ltr'><strong>appetitus,</strong></span> <span class='ocrx_word' id='word_1_812' title='bbox 2434 5426 2794 5495; x_wconf 84' lang='lat' dir='ltr'><strong>blasphemiis</strong></span> <span class='ocrx_word' id='word_1_813' title='bbox 2830 5425 3136 5485; x_wconf 87' lang='lat' dir='ltr'><strong>lacessitus,</strong></span> <span class='ocrx_word' id='word_1_814' title='bbox 3171 5422 3422 5477; x_wconf 82' lang='lat' dir='ltr'><strong>verberi-</strong></span> 
     </span>
    </p>
   </div>
   <div class='ocr_carea' id='block_1_113' title="bbox 1850 5516 3421 5579">
    <p class='ocr_par' dir='ltr' id='par_1_113' title="bbox 1850 5516 3421 5579">
     <span class='ocr_line' id='line_1_113' title="bbox 1850 5516 3421 5579; baseline -0.005 -5"><span class='ocrx_word' id='word_1_815' title='bbox 1850 5521 1956 5574; x_wconf 86' lang='lat' dir='ltr'><strong>bus</strong></span> <span class='ocrx_word' id='word_1_816' title='bbox 1994 5518 2406 5579; x_wconf 81' lang='lat' dir='ltr'><strong>dehonestatus,</strong></span> <span class='ocrx_word' id='word_1_817' title='bbox 2456 5517 2697 5570; x_wconf 86' lang='lat' dir='ltr'><strong>ludibrio</strong></span> <span class='ocrx_word' id='word_1_818' title='bbox 2730 5518 2950 5571; x_wconf 79' lang='lat' dir='ltr'><strong>habitus</strong></span> <span class='ocrx_word' id='word_1_819' title='bbox 2994 5516 3421 5578; x_wconf 72' lang='lat' dir='ltr'><strong>acvellicatus;</strong></span> 
     </span>
    </p>
   </div>
   <div class='ocr_carea' id='block_1_114' title="bbox 1853 5605 3427 5680">
    <p class='ocr_par' dir='ltr' id='par_1_114' title="bbox 1853 5605 3427 5680">
     <span class='ocr_line' id='line_1_114' title="bbox 1853 5605 3427 5680; baseline -0.004 -16"><span class='ocrx_word' id='word_1_820' title='bbox 1853 5613 2015 5680; x_wconf 90' lang='lat' dir='ltr'><strong>inque</strong></span> <span class='ocrx_word' id='word_1_821' title='bbox 2048 5612 2193 5664; x_wconf 87' lang='lat' dir='ltr'><strong>hunc</strong></span> <span class='ocrx_word' id='word_1_822' title='bbox 2239 5610 2460 5663; x_wconf 87' lang='lat' dir='ltr'><strong>modum</strong></span> <span class='ocrx_word' id='word_1_823' title='bbox 2494 5608 2797 5677; x_wconf 85' lang='lat' dir='ltr'><strong>perfectum</strong></span> <span class='ocrx_word' id='word_1_824' title='bbox 2840 5610 2951 5663; x_wconf 89' lang='lat' dir='ltr'><strong>Deo</strong></span> <span class='ocrx_word' id='word_1_825' title='bbox 2984 5608 3221 5663; x_wconf 88' lang='lat' dir='ltr'><strong>reddens</strong></span> <span class='ocrx_word' id='word_1_826' title='bbox 3271 5605 3427 5659; x_wconf 82' lang='lat' dir='ltr'><strong>testi-</strong></span> 
     </span>
    </p>
   </div>
   <div class='ocr_carea' id='block_1_115' title="bbox 1853 5698 3423 5769">
    <p class='ocr_par' dir='ltr' id='par_1_115' title="bbox 1853 5698 3423 5769">
     <span class='ocr_line' id='line_1_115' title="bbox 1853 5698 3423 5769; baseline -0.006 -12"><span class='ocrx_word' id='word_1_827' title='bbox 1853 5703 2117 5764; x_wconf 85' lang='lat' dir='ltr'><strong>monium,</strong></span> <span class='ocrx_word' id='word_1_828' title='bbox 2149 5702 2297 5755; x_wconf 83' lang='lat' dir='ltr'><strong>velut</strong></span> <span class='ocrx_word' id='word_1_829' title='bbox 2336 5700 2548 5753; x_wconf 85' lang='lat' dir='ltr'><strong>sarcina</strong></span> <span class='ocrx_word' id='word_1_830' title='bbox 2579 5700 2911 5769; x_wconf 88' lang='lat' dir='ltr'><strong>corpusculo</strong></span> <span class='ocrx_word' id='word_1_831' title='bbox 2947 5701 3001 5754; x_wconf 89' lang='lat' dir='ltr'><strong>in</strong></span> <span class='ocrx_word' id='word_1_832' title='bbox 3029 5709 3172 5753; x_wconf 87' lang='lat' dir='ltr'><strong>terra</strong></span> <span class='ocrx_word' id='word_1_833' title='bbox 3206 5698 3423 5758; x_wconf 77' lang='lat' dir='ltr'><strong>relicto,</strong></span> 
     </span>
    </p>
   </div>
   <div class='ocr_carea' id='block_1_116' title="bbox 1853 5789 3424 5861">
    <p class='ocr_par' dir='ltr' id='par_1_116' title="bbox 1853 5789 3424 5861">
     <span class='ocr_line' id='line_1_116' title="bbox 1853 5789 3424 5861; baseline -0.003 -17"><span class='ocrx_word' id='word_1_834' title='bbox 1853 5793 1965 5861; x_wconf 79' lang='lat' dir='ltr'><strong>ipse</strong></span> <span class='ocrx_word' id='word_1_835' title='bbox 2011 5800 2072 5844; x_wconf 89' lang='lat' dir='ltr'><strong>ut</strong></span> <span class='ocrx_word' id='word_1_836' title='bbox 2126 5790 2263 5846; x_wconf 79' lang='lat' dir='ltr'><strong>levis</strong></span> <span class='ocrx_word' id='word_1_837' title='bbox 2315 5790 2367 5844; x_wconf 90' lang='lat' dir='ltr'><strong>in</strong></span> <span class='ocrx_word' id='word_1_838' title='bbox 2420 5789 2588 5843; x_wconf 60' lang='lat' dir='ltr'><strong>cados</strong></span> <span class='ocrx_word' id='word_1_839' title='bbox 2641 5789 2921 5856; x_wconf 84' lang='lat' dir='ltr'><strong>evolasti;</strong></span> <span class='ocrx_word' id='word_1_840' title='bbox 2975 5789 3237 5860; x_wconf 76' lang='lat' dir='ltr'><strong>nigraque</strong></span> <span class='ocrx_word' id='word_1_841' title='bbox 3297 5792 3424 5841; x_wconf 82' lang='lat' dir='ltr'><strong>cute</strong></span> 
     </span>
    </p>
   </div>
  </div>
