4180 6434
755 410 859 473 283

1906 399 2200 462 NICET/E
2238 398 2761 463 PAPHLAGONIS

3881 400 3990 461 284

749 524 1036 595 ΑΞιΙιὶοριιε
1074 535 1316 589 exuens,
1363 516 1698 573 lucidissima
1754 517 2070 586 angelorum
2126 523 2352 574 castra;

2449 515 2540 568 ίων
2595 516 2843 583 ἀγγέλων
2880 516 3289 587 παρεμϐολαῖς’
3342 513 3435 569 καὶ
3476 514 3604 579 τοὺς
3646 513 3991 585 διοχλοῦντας

748 616 933 670 adiisti
964 633 977 667 :
1017 612 1259 667 dimissis
1292 610 1385 681 qui
1419 609 1633 663 molesti
1689 623 1753 663 ac
1786 623 1977 679 graves
2021 615 2174 661 erant
2195 646 2207 667 ,
2241 605 2308 658 ad

2415 609 2590 675 ἀφεῖς,
2638 608 2775 678 πρὸς
2807 608 2900 662 τὸν
2929 608 3227 679 εὐεργέτην
3257 608 3353 661 καὶ
3377 605 3608 677 Σωτῆρα
3648 622 3741 660 σου
3784 606 3990 676 χαίρων

751 705 1058 759 beneﬁcum
1091 717 1153 756 ac
1201 702 1537 756 Salvatorem
1580 708 1734 754 tuum
1758 701 2037 755 Christum
2070 700 2314 769 gaudens

2450 700 2718 770 νελήφθης
2745 702 2978 768 Χριστόν
2995 716 3009 729 °
3034 700 3128 754 ml
3166 702 3371 769 σφόδρα
3393 700 3543 767 πρὸς
3570 698 3677 753 τὸν
3711 700 3861 751 Θεὸν
3886 699 3995 751 τὸν

754 803 1005 861 receptus
1043 808 1146 850 es:
1193 792 1286 861 qui
1316 791 1554 859 denique
1591 792 1658 843 ad
1713 790 1879 844 Deum
1916 790 2099 858 fortem
2143 793 2314 845 vivum

2448 793 2668 865 τχυρὸν
2694 793 2802 845 τὸν
2831 792 3016 852 ζῶντα
3042 791 3363 862 δεδιψηκὼς,
3389 792 3483 844 καὶ
3518 795 3575 844 ὲν
3605 790 3991 858 ἐξομολογήσει

754 885 1108 937 vehementer
1134 883 1404 941 sitiens".
1426 893 1586 950 atque
1606 882 1660 935 in
1690 882 2029 935 confessione
2055 891 2110 935 et
2134 881 2317 935 exsul-

757 977 965 1027 latione
1003 975 1054 1027 in
1090 982 1441 1040 conspectum
1496 974 1793 1042 magniﬁca:
1833 973 2020 1041 gloriae
2068 974 2316 1036 veniens,

756 1067 903 1118 nulla
933 1065 1223 1117 verborum
1258 1064 1307 1115 vi
1340 1063 1720 1131 explicabilem
1757 1065 2071 1117 beatitatem
2101 1079 2163 1117 ac
2190 1063 2317 1115 dul-

756 1157 1026 1216 ccdinem,
1060 1154 1571 1223 penitissimumque
1600 1171 1721 1208 cum
1760 1154 2054 1222 primitivis
2072 1154 2165 1208 Dei
2194 1153 2321 1207 ﬁliis

759 1248 1067 1300 recubitum
1106 1256 1298 1300 nactus
1333 1262 1412 1300 es.

828 1338 986 1391 Salve
1002 1338 1078 1391 sis
1096 1337 1299 1406 itaque,
1325 1337 1633 1390 venerande
1651 1351 1711 1389 ac
1727 1335 2120 1405 perfectissime
2144 1350 2323 1405 praeco

756 1445 819 1483 ac
845 1428 1292 1496 discipule,quod
1325 1428 1630 1481 sanctitatis
1668 1429 1987 1481 excellentia
2013 1444 2322 1498 supremam

759 1523 1099 1591 primamque
1144 1529 1456 1575 sanctorum
1494 1522 1723 1576 classem
1772 1521 2003 1590 adeptus
2036 1536 2113 1576 es.
2164 1521 2324 1576 Salve

759 1628 822 1666 ac
865 1611 1061 1681 gaude,
1092 1612 1237 1680 quod
1271 1613 1368 1666 tibi
1401 1613 1662 1665 auxilium
1700 1628 1765 1665 ex
1812 1612 1924 1665 Deo
1953 1620 2036 1665 est
2070 1628 2083 1676 ;
2124 1613 2328 1680 quibus

758 1714 814 1755 et
850 1704 1219 1765 ascensiones,
1252 1702 1328 1753 uti
1379 1701 1644 1769 scriptum
1696 1709 1781 1755 est
1804 1702 1873 1765 ",
1918 1702 1971 1756 in
2020 1703 2185 1756 corde
2233 1711 2327 1756 tuo

761 1792 1117 1859 disposueris,
1152 1798 1315 1858 atque
1352 1791 1405 1843 in
1438 1791 1577 1843 valle
1602 1791 1921 1858 plorationis
1951 1796 1967 1862 (
1994 1792 2185 1846 humili
2216 1793 2326 1845 sci-

2417 885 2509 935 καὶ
2540 884 2856 949 ἀγαλλιάσει
2881 883 2957 953 τῷ
2987 884 3263 954 προσώπῳ
3294 882 3390 951 τῆς
3434 882 3883 951 μεγαλοπρεποῦς
3906 880 3993 931 δό-

2419 975 2514 1045 ξης
2563 976 2937 1044 ἐμφανισθεὶς,
2996 978 3093 1041 τῆς
3143 975 3421 1044 ἀφράστου
3475 974 3871 1044 μακαριότητος
3899 972 3996 1024 καὶ

2420 1066 2778 1135 γλυκύτητος,
2805 1068 2898 1120 καῖ
2918 1067 3014 1135 τῆς
3039 1067 3301 1121 ἐνδοτάτω
3330 1066 3702 1127 κατακλίσεως
3729 1065 3865 1134 μετά
3887 1063 3997 1115 τῶν

2422 1158 2779 1227 πρωτοτόκων
2802 1158 2894 1211 τοῦ
2927 1158 3062 1211 Θεοῦ
3092 1156 3436 1229 κατηξιώθης
3466 1158 3620 1211 υίῶν.

2494 1342 2663 1412 Χαῖρέ
2697 1358 2783 1411 μοι
2821 1340 3134 1411 τοιγαροῦν,
3168 1333 3213 1393 ὦ
3247 1341 3539 1403 σεπτότατε
3576 1339 3667 1391 καὶ
3697 1338 4001 1391 τελειότατε

2426 1433 2603 1502 κήρυξ
2660 1433 2753 1485 καὶ
2802 1432 3041 1501 μαθητὰ,
3078 1433 3159 1484 ὅτι
3211 1431 3309 1499 τῆς
3355 1432 3615 1485 ἀνωτάτω
3647 1431 3739 1482 καὶ
3777 1428 4001 1498 πρώτης

2424 1524 2530 1577 τῶν
2556 1526 2724 1591 ἁγίων
2754 1524 2959 1588 τάξεως
2979 1525 3045 1576 δι’
3083 1524 3387 1594 ὑπερϐολὴν
3414 1524 3698 1590 ἁγιότητος
3733 1522 4008 1588 κατηξιώ-

2428 1615 2547 1684 θης.
2576 1618 2747 1687 Χαῖρε
2768 1620 2849 1671 ὃτι
2875 1617 2990 1669 ἔστι
3025 1633 3103 1668 σοι
3133 1616 3418 1683 ἀντίληψις
3449 1615 3581 1687 πρὸς
3610 1614 3759 1677 Θεὸν,
3797 1608 3877 1676 οἷς
3909 1614 4006 1665 καὶ

2429 1708 2742 1772 ἀναϐάσεις,
2772 1709 2846 1771 ὡς
2876 1708 3208 1776 γέγραπται,
3239 1710 3304 1777 τῇ
3328 1706 3525 1776 καρδία
3559 1722 3650 1757 σου
3680 1704 3878 1767 διέθου,
3912 1705 4008 1756 καὶ⁵

2432 1802 2489 1853 ὲν
2545 1800 2749 1853 κοιλάδι
2806 1801 2901 1853 τοῦ
2933 1798 3324 1867 κλαυθμῶνος,
3360 1802 3424 1868 τῇ
3471 1797 3855 1866 ταπεινόφρονι
3910 1798 4010 1848 καὶ

764 1883 890 1936 licet
909 1897 972 1935 ac
1006 1890 1333 1949 compuncto
1366 1880 1571 1947 animo)
1604 1880 1775 1950 ipsius
1807 1882 1858 1935 in
1897 1890 1949 1935 te
1988 1882 2330 1950 disponentis

2448 1891 2876 1963 ιατανενυγμένῃ
2909 1889 3136 1960 διανοίᾳ,
3165 1888 3262 1950 τάς
3296 1887 3545 1951 εὐλογίας
3581 1885 3676 1938 τοῦ
3706 1889 3763 1937 ἐν
3787 1886 3866 1936 σοὶ
3894 1884 4012 1935 δια·

763 1989 825 2026 ac
852 1974 966 2040 lege
995 1971 1292 2025 sancientis
1330 1971 1809 2025 benedictionibus
1837 1977 2126 2040 susceptis,
2154 1972 2331 2026 subli-

766 2064 838 2115 mi
868 2078 1098 2115 ascensu
1138 2060 1205 2114 de
1250 2062 1452 2114 virtute
1488 2062 1553 2115 ad
1603 2062 1973 2131 apostolorum
2016 2078 2331 2131 supremum

768 2155 1016 2207 ordinem
1042 2156 1282 2207 evaseris
1308 2172 1322 2219 ;
1349 2155 1550 2221 quibus
1572 2154 1735 2206 ctiam
1767 2154 1907 2208 Deus
1926 2154 2151 2208 deorum
2186 2155 2334 2207 velut

768 2247 823 2299 in
860 2247 1073 2300 excelsa
1104 2247 1423 2316 caelestique
1471 2248 1634 2300 Sione
1685 2247 2110 2315 (contemplante
2154 2247 2336 2301 animo

770 2342 885 2404 tuo)
928 2339 1195 2391 cernitur.

847 2431 1003 2485 Salve
1050 2430 1123 2484 sis
1151 2445 1213 2482 ac
1246 2427 1441 2498 gaude,
1470 2427 1668 2480 Mathia
1698 2427 2007 2480 venerande
2042 2434 2339 2494 sancteque

770 2539 833 2576 ac.
876 2520 1216 2580 admirando,
1275 2518 1419 2586 quod
1483 2518 1534 2569 in
1589 2517 1914 2569 crudivoros
1963 2517 2094 2570 leris
2151 2516 2339 2569 bestiis

771 2611 1108 2666 crudeliores
1144 2624 1266 2663 cum
1310 2607 1604 2675 aliquando
1644 2606 1932 2659 incidisses
1960 2646 1973 2669 ,
2013 2606 2340 2674 claususque

771 2718 991 2757 carcere
1010 2710 1065 2754 et
1094 2701 1147 2753 in
1174 2698 1418 2752 tenebris
1446 2712 1617 2757 esses,
1644 2698 1861 2765 impuro
1887 2697 2147 2750 nimirum
2169 2696 2341 2750 scele-

773 2796 1123 2862 stissimoque
1154 2801 1404 2845 servatus
1435 2789 1709 2849 convivio,
1748 2788 1970 2842 minime
2000 2789 2068 2842 ab
2097 2789 2178 2841 eis
2209 2802 2343 2841 con-

774 2894 1025 2953 sumptus
1053 2898 1133 2943 es,
1168 2880 1263 2936 sed
1304 2880 1683 2950 benignissimi
1726 2880 1817 2933 Dei
1866 2880 2100 2950 benigna
2159 2880 2345 2948 provi-

773 2979 956 3031 dentia
989 2984 1153 3045 atque
1184 2974 1429 3033 numine,
1473 2973 1870 3027 homicidarum
1911 2972 2059 3025 omni
2098 2972 2345 3026 molestia

776 3071 1149 3147 liberatuses.
1204 3064 1391 3119 Gaude
1438 3073 1493 3118 et
1537 3064 1775 3127 exsulta,
1820 3063 1964 3133 quod
2014 3078 2110 3132 per
2150 3063 2347 3116 multas

2430 1982 2712 2052 τιθεμένου
2740 1983 2835 2035 καὶ
2861 1981 3275 2051 νομοθετοῦντος
3314 1978 3791 2047 καταδεδεγμένος,
3823 1978 3887 2027 ἐκ
3917 1976 4005 2027 δυ-

2431 2074 2645 2142 νάμεως
2701 2072 3003 2141 ὲπορεύθης
3054 2073 3133 2134 εἰς
3183 2073 3281 2139 τὴν
3329 2071 3639 2139 ὑπερτάτην
3696 2070 3846 2132 τάξιν
3897 2066 4012 2118 τῶν

2433 2162 2746 2214 ἀποστόλων
2776 2161 3124 2232 προσαναὸάς
3150 2178 3161 2191 ·
3186 2156 3269 2223 οἷς
3308 2161 3400 2211 καὶ
3428 2162 3456 2212 ό
3483 2159 3614 2220 Θεδς
3639 2159 3745 2210 τῶν
3772 2158 3910 2209 θεῶν
3933 2158 4012 2219 ὡς

2434 2253 2492 2304 ὲν
2519 2252 2695 2321 ὑψηλῇ
2725 2253 2820 2304 καὶ
2846 2252 3075 2322 οὐρανίᾳ.
3125 2252 3284 2317 Σιὼν,
3312 2255 3376 2323 τῇ
3420 2252 3878 2322 θεωρητικωτάτη
3911 2267 4017 2302 σου

2437 2343 2790 2413 ἐμφανίζεται
2820 2344 3034 2413 καρδίᾳ..

2508 2438 2702 2506 Χαῖρε.
2718 2436 2903 2488 Μαθία
2918 2437 3087 2502 τίμιε,
3111 2436 3204 2487 καὶ
3228 2434 3340 2504 laps
3372 2436 3461 2487 καὶ
3479 2435 3767 2501 θαυμάσιε,
3785 2435 3863 2486 ὃτι
3897 2437 4017 2497 τςῖς

2439 2527 2735 2596 ὠμοϐόροις
2769 2527 2973 2596 Θηρίων
3014 2527 3313 2597 ώμοτέροις
3348 2526 3478 2580 ποτὲ
3530 2526 3859 2597 περιπεσὼν,
3917 2528 4017 2578 καὶ

2440 2619 2629 2688 εἱρκτῇ
2655 2618 3067 2681 κατακλεισθεὶς
3094 2618 3189 2671 καὶ
3217 2622 3413 2687 σκότῳ,
3446 2619 3539 2670 καὶ
3562 2620 3641 2678 είς
3669 2617 4018 2686 κατάὁρωμα

2441 2708 2650 2772 τούτοις
2674 2711 2767 2763 καὶ
2798 2709 2980 2779 θοίνην
3009 2709 3107 2763 οὐκ
3128 2708 3303 2777 εὐαγῆ
3325 2709 3740 2778 ταμιευόμενος,
3780 2710 3840 2761 οὐ
3879 2725 4017 2760 κατ-

2444 2799 2725 2870 ηναλώθης
2758 2802 2816 2852 έν
2845 2800 3029 2863 αὐτοῖς
3054 2818 3068 2831 ο
3110 2800 3321 2868 ἀγαθῆς
3370 2799 3428 2852 δὲ
3456 2799 3710 2869 προνοίας
3759 2799 3893 2870 πρὸς
3919 2798 4020 2851 τοῦ

2446 2867 2652 2958 ἀγαθοῦ
2692 2891 2851 2959 μόνου
2885 2890 2975 2944 καὶ
3010 2867 3317 2961 κρείττονος
3343 2867 3662 2959 ἐπικουρίας
3690 2867 3884 2959 τυχίαν,
3918 2890 4025 2941 πά-

2449 2997 2546 3050 σης
2572 2980 2892 3051 ἀπηλλάγης
2923 2981 3240 3050 δυσχερείας
3263 2982 3371 3035 τῶν
3408 2981 3700 3048 φονευτῶν.
3733 2982 3899 3050 Χαῖρε
3925 2980 4025 3033 καὶ

2449 3073 2701 3141 ἀγαλλία,
2759 3072 2954 3125 ὅτιδιά
2978 3071 3187 3124 πολλῶν
3238 3072 3348 3125 τῶν
3385 3072 3524 3139 ὑπὲρ
3552 3071 3647 3125 τοῦ
3682 3072 4023 3137 Εὐαγγελίου

776 3158 1049 3228 Evangelii
1074 3172 1237 3211 causa
1265 3155 1628 3217 turbationes,
1656 3154 1895 3218 labores,
1934 3169 2225 3215 mrumnas,
2254 3154 2347 3207 lir-

2451 3164 2866 3217 ἀκαταστασιῶν
2917 3162 3013 3217 καὶ
3036 3163 3215 3215 πόνων
3238 3164 3332 3217 καὶ
3361 3163 3611 3231 θλίψεων,
3651 3166 3750 3230 τῆς
3778 3161 4025 3231 ἑστώσης

777 3266 924 3304 nium
956 3265 1018 3303 ac
1047 3248 1240 3303 stabile
1272 3247 1531 3316 gaudium
1563 3256 1895 3300 consecutus
1922 3260 1982 3299 es
2015 3262 2027 3297 :
2064 3243 2209 3314 quod
2254 3260 2352 3313 per

778 3342 1077 3404 molestias,
1110 3339 1360 3408 malaque
1390 3353 1529 3407 pene
1565 3338 1874 3401 innumera,
1910 3352 1973 3391 ac
1996 3336 2352 3391 necessitates

780 3436 1009 3489 nimium
1062 3442 1292 3502 quantas
1346 3430 1590 3484 veritatis
1632 3444 1829 3491 causa,
1886 3429 2032 3480 nulla
2090 3427 2351 3480 caducam

780 3526 1182 3585 mutabilitate,
1241 3536 1567 3590 semperque
1616 3519 1865 3573 eamdem
1926 3533 1991 3571 ac
2044 3527 2352 3571 manentem

774 3614 1175 3686 iucunditatem
1210 3613 1485 3682 ingressus
1544 3625 1624 3663 es.
1643 3608 1852 3669 Gaude,
1880 3622 2085 3676 qua-so,
2111 3606 2345 3670 intende,

781 3722 1024 3776 prospere
1053 3704 1268 3775 procede
1287 3714 1334 3756 et
1364 3719 1526 3772 regna
1550 3704 1620 3766 ⁸⁸,
1658 3710 1912 3769 tanquam
1944 3708 2092 3751 totus
2134 3697 2351 3751 bonita-

784 3807 891 3849 tem
930 3796 1164 3865 spirans,
1214 3808 1487 3861 verusqne
1529 3791 1694 3861 Regis
1728 3790 1908 3859 magni
1962 3788 2126 3841 ﬁlius.
2165 3786 2355 3841 Gaude

782 3896 839 3939 et
871 3888 1051 3940 laetare
1084 3904 1098 3949 ;
1146 3900 1340 3953 meque
1382 3892 1575 3937 vestrae
1624 3882 1813 3950 partis,
1854 3897 1886 3933 ο
1920 3879 2117 3933 beatel
2161 3888 2355 3932 vestrae

789 3977 1100 4031 dilectionis
1143 3992 1205 4029 ac
1233 3976 1419 4045 gratiae
1449 3974 1657 4028 socium
1686 3986 1989 4033 assumens,
2038 3970 2121 4023 l'ac
2148 3978 2207 4023 ut
2230 3985 2353 4024 cum

790 4068 986 4121 ﬁducia
1028 4067 1135 4119 Deo
1182 4066 1510 4135 praesenter',
1572 4065 1627 4117 in
1680 4063 1901 4117 Christo
1948 4062 2075 4116 Jesu
2126 4062 2356 4116 Domino

787 4169 995 4220 nostro,
1028 4174 1188 4226 quem
1218 4158 1374 4212 decet
1401 4157 1580 4210 omnis
1607 4155 1799 4225 gloria,
1820 4162 2060 4224 potestas
2080 4161 2136 4208 et
2167 4154 2357 4208 lauda-

788 4250 886 4314 tio,
921 4249 976 4302 in
1010 4250 1205 4303 saecula
1241 4250 1591 4303 saeculorum.
1632 4247 1827 4300 Amen.

1368 4374 1625 4428 ORATIO
1654 4373 1767 4428 XV.

2453 3254 2767 3323 κατεδράξω
2801 3256 2972 3324 χαρᾶς
2993 3270 3005 3283 ·
3038 3256 3120 3307 ὅτι
3147 3254 3235 3308 διὰ
3282 3254 3681 3318 κακοπαθείας,
3716 3255 3809 3307 καὶ
3838 3254 4029 3306 κόπων

2457 3344 2666 3413 μυρίων
2687 3344 2825 3395 ὅσων
2860 3343 2954 3394 καὶ
2987 3342 3096 3394 τῶν
3136 3342 3273 3412 ὐπὲρ
3297 3342 3557 3411 ἀληθείας
3599 3343 3871 3409 ἀναγκῶν,
3925 3341 4031 3411 τῆς

2454 3433 2849 3504 ἀμεταπτώτου
2879 3434 2973 3484 καὶ
3020 3434 3108 3485 ἀεὶ
3134 3432 3396 3494 ὡσαύτως
3424 3432 3653 3502 ἐχούσης
3687 3432 4030 3501 εὐφροσύνης

2454 3524 2805 3591 ὲπιδέὕηκας.
2829 3524 2997 3594 Χαίρέ
3028 3540 3136 3592 μοι,
3168 3523 3263 3577 καὶ
3286 3523 3532 3586 Errare,
3566 3524 3663 3576 καί
3699 3520 4031 3575 κατενοδοῦ

2455 3617 2551 3668 καὶ
2569 3616 2868 3677 βασίλευε
2888 3654 2902 3676 ,
2935 3614 3010 3676 ὠς
3036 3612 3373 3682 ἀγαθοειδὴς,
3402 3613 3498 3665 καὶ
3525 3613 3638 3674 υίὸς
3683 3614 3903 3680 γνήσιος
3931 3610 4031 3663 τοῦ

2454 3707 2727 3768 Βασιλέως
2760 3704 2853 3758 τοῦ
2896 3704 3154 3774 μεγάλου.
3198 3704 3499 3772 Εὐφραίνου
3526 3704 3619 3755 καὶ
3640 3703 3989 3773 κατα-τέρπου
4014 3717 4029 3730 '

2458 3798 2547 3849 καί
2581 3813 2647 3865 με
2677 3796 2775 3863 τῆς
2806 3796 3076 3865 ὑμετέρας
3110 3796 3347 3864 μερίδος,
3369 3788 3414 3847 ὦ
3447 3796 3679 3863 μακάριε
3700 3833 3714 3857 ,
3756 3792 3856 3861 τῆς
3889 3793 4031 3862 ὑμε-

2455 3888 2618 3958 τέρας
2667 3888 2888 3956 ἀγάπης
2926 3889 3020 3939 καὶ
3081 3888 3301 3956 χάριτος
3343 3885 3600 3939 κοινωνὸν
3650 3883 4033 3954 παρειληφὼς,

2456 3981 2947 4050 εὐπαρρησιάστως
2969 3978 3197 4049 ὀφθῆναι
3226 3978 3643 4049 παρασκεύασον
3687 3976 3767 4045 τῷ
3792 3976 3943 4042 Θεῷ·
3976 3978 4037 4027 έν

2457 4069 2676 4140 Χριστῷ
2707 4069 2881 4137 Ἰησοῦ
2906 4069 2984 4140 τῷ
3009 4066 3198 4139 Κυρίῳ
3224 4067 3401 4138 ἡμῶν,
3420 4060 3465 4133 ᾧ
3494 4066 3694 4133 πρέπει
3713 4066 3859 4116 πᾶσα
3876 4063 4033 4139 δόξα,

2456 4158 2655 4227 κράτος
2688 4157 2783 4208 καὶ
2811 4155 3038 4223 αίνεσις,
3074 4156 3168 4217 ’τίς
3220 4156 3347 4217 τοὺς
3396 4152 3596 4216 αἰῶνας
3635 4153 3742 4205 τῶν
3795 4150 4036 4205 αίώνων.

2470 4247 2659 4318 Ἀμήν.

3074 4378 3291 4431 ΛΟΓΟΣ
3333 4375 3433 4431 ῙΕ’.

789 4488 1054 4544 Laudatio
1085 4489 1256 4542 sancti
1283 4504 1343 4541 ac
1376 4488 1777 4559 celebratissimi
1809 4484 1980 4539 Marci
2026 4487 2252 4555 apostoli
2307 4495 2352 4540 et

2458 4491 2560 4555 Είς
2584 4491 2692 4544 τὸν
2735 4490 2909 4559 ἅγιον
2935 4490 3032 4542 καί
3080 4491 3474 4558 πανεύφημον
3505 4489 3854 4545 ἀπόστολον
3875 4487 4047 4555 Mdp-

1398 4556 1755 4626 evangelista.

860 4670 1332 4736 Quemadmodum
1372 4683 1480 4721 non
1530 4668 1775 4722 omnium
1818 4683 2110 4737 corporum
2170 4667 2360 4722 forma:

793 4761 1024 4827 similes,
1055 4762 1136 4817 sic
1171 4777 1269 4816 nec
1299 4761 1607 4815 animorum
1638 4760 1839 4815 easdem
1872 4762 2003 4830 ipsae
2050 4760 2357 4830 pr0prieta-

2806 4577 2919 4613 κον
2952 4559 3057 4613 τὸν
3084 4559 3523 4627 εὐαγγελιστήν
3545 4559 3676 4624 (54).

2533 4671 2743 4740 ’Ὠσπερ
2769 4671 2866 4741 οὐχ
2894 4671 3077 4739 ὅμοιαι
3101 4669 3209 4723 τῶν
3252 4669 3519 4739 σωμάτων
3557 4670 3773 4722 πάντων
3807 4669 3863 4721 αί
3897 4687 4046 4737 μορ-

2467 4762 2588 4831 φαὶ,
2624 4762 2796 4826 οὔτως
2827 4762 2949 4814 οὐδὲ
2971 4762 3077 4815 τῶν
3108 4762 3297 4831 ψυχῶν
3324 4762 3582 4830 ἰδιότητες
3622 4762 3678 4815 αί
3715 4760 3872 4813 αὐταί
3892 4778 3908 4791 ο
3948 4763 4050 4814 καὶ¹

862 4939 909 4971 ⁸⁸
936 4940 1077 4994 Psal.
1105 4955 1209 5003 xtl,
1238 4940 1291 4993 5.
1371 4939 1413 4969 ⁸¹
1449 4938 1592 4992 Psal.
1639 4952 1861 5001 LXXXIII,
1894 4937 1947 4991 6.
2006 4937 2048 4969 "
2076 4936 2382 5005 Psal.xuv,
2411 4939 2463 4993 5.

867 5095 982 5167 (54)
1016 5094 1182 5167 Marci
1212 5095 1563 5167 evangelista:
1601 5110 1725 5148 cum
1754 5095 1842 5167 alii
1875 5096 2063 5167 plures
2085 5095 2360 5167 prosecuti

797 5165 927 5227 sint,
955 5167 1043 5218 vix
1064 5166 1202 5217 alius
1221 5165 1441 5233 gravius
1468 5167 1789 5233 majorique,
1807 5166 2016 5232 judicio
2041 5176 2250 5225 nostro,
2274 5165 2363 5219 hic

796 5239 983 5291 Niceta
1017 5251 1128 5287 rem
1182 5243 1476 5288 exsecutus
1515 5235 1712 5288 merito
1758 5234 1929 5288 videri
1979 5236 2184 5304 possit;
2218 5235 2365 5287 illius

796 5307 1053 5359 omnibus
1076 5321 1196 5372 qua:
1221 5315 1365 5357 certa
1395 5304 1606 5366 habuit,
1644 5320 1969 5371 summoque
2002 5304 2216 5358 delectu
2241 5318 2364 5356 ora-

799 5376 967 5429 tionis
992 5383 1313 5443 argumento
1341 5374 1648 5443 proposuit,
1696 5375 2007 5427 luculenter
2042 5375 2180 5443 stylo
2207 5388 2366 5427 exor-

800 5447 962 5507 natis,
998 5445 1217 5497 omissis
1246 5459 1367 5511 qua:
1406 5444 1473 5497 de
1507 5445 1600 5497 illo
1631 5444 1837 5497 incerta
1873 5453 1966 5496 aut
2000 5444 2186 5511 spuria
2229 5459 2365 5495 non-

800 5516 934 5568 nulli
974 5524 1217 5571 narraut,
1249 5513 1413 5566 etiam
1460 5524 1694 5576 veteres,
1744 5529 1977 5582 quorum
2010 5513 2151 5565 dicta
2179 5512 2243 5566 ad
2275 5515 2361 5580 ju-

801 5585 931 5638 dicii
962 5585 1157 5637 libram
1179 5583 1467 5650 exigenda,
1510 5599 1577 5635 ne
1603 5599 1668 5636 ex
1701 5585 1813 5652 ipsa
1847 5598 2039 5635 eorum
2084 5592 2359 5635 vetustate

801 5654 935 5706 ﬁant
979 5653 1187 5707 erroris
1235 5668 1432 5714 causa;
1464 5653 1609 5721 quod
1644 5653 1710 5705 de
1756 5653 1918 5721 Papia
1952 5652 2172 5705 homine
2228 5652 2362 5705 sim-

800 5723 929 5801 plici
956 5723 1123 5801 refert
1154 5722 1354 5801 Euseb.
1379 5724 1416 5774 Ι.
1456 5739 1534 5801 ιιι,
1559 5738 1609 5801 c.
1634 5723 1840 5801 59._qui
1882 5723 2081 5801 σῖὸδρα
2132 5722 2361 5801 σμικρδς

804 5795 894 5845 τὸν
924 5794 1067 5858 νοῦν,
1094 5792 1351 5858 pertenui:
1388 5792 1537 5846 valde
1567 5794 1781 5861 ingenii,
1827 5793 2013 5846 audita
2053 5809 2081 5845 a
2126 5792 2383 5845 seniori»

2466 5095 2595 5156 bus,
2627 5108 2729 5147 nec
2756 5093 2889 5148 satis
2927 5091 3235 5161 intellecta,
3262 5090 3419 5143 libris
3442 5089 3801 5161 consignavit,
3847 5105 3911 5143 ac
3943 5108 4053 5161 po-

2468 5164 2705 5218 steritati
2737 5163 2983 5217 tradidit.
3020 5162 3079 5215 In
3125 5160 3329 5227 quibus
3370 5160 3502 5212 mihi
3537 5161 3720 5211 statim
3772 5160 4049 5225 occurrit,

2467 5233 2615 5301 quod
2649 5234 2716 5287 de
2746 5233 2927 5287 Marco
2955 5233 3008 5284 in
3041 5232 3155 5283 haec
3170 5230 3338 5301 verba
3390 5236 3575 5281 narrat
3603 5228 3797 5281 eodem
3834 5230 3930 5301 illo
3953 5248 4054 5285 ca-

2468 5299 2577 5372 pite
2605 5303 2759 5365 quasi
2782 5318 2849 5355 ex
2874 5302 3152 5372 Aristione
3178 5299 3504 5372 presbytero
3530 5307 3752 5372 accepta
3776 5318 3786 5352 :
3808 5300 4055 5372 Μάρκος

2471 5369 2569 5441 μὲν
2615 5373 2958 5441 ἑρμηνευτὴς
2998 5370 3222 5441 Πέτρου
3282 5369 3590 5441 γενόμενος,
3655 5370 3753 5441 ὅσα
3804 5370 4061 5441 sitqu

2468 5436 2955 5507 νευσεν,“ἀκρι6ῶς
2984 5437 3245 5507 ἔγραψεν.
3283 5437 3377 5507 Οὐ,
3398 5437 3582 5505 μέντοι
3610 5436 3780 5507 ,τάξει
3813 5440 3880 5489 τὰ
3938 5441 4059 5492 ὐπὸ

2576 5490 2813 5577 ρίστοῦ
2886 5490 3189 5579 λεχθένταῆ
3213 5490 3541 5579 πραχθέντα.
3562 5506 3704 5579 Oliva
3714 5490 4056 5579 γαρ-ἤκουσε

2467 5580 2559 5631 τοῦ
2603 5574 2829 5646 Κυρίου,
2852 5574 2863 5579 ’
2888 5574 3011 5630 οὐτε
3054 5574 3536 5646 παρηκολούθησεν
3570 5575 3735 5643 αὐτῷ.
3772 5575 4054 5646 ’Ὕστερον

2468 5650 2549 5734 δὲζ
2574 5649 2648 5710 ὼς
2673 5645 2829 5734 ἐξρην,
3100 5645 3158 5728 ὃς
3190 5648 3326 5714 πρὸς
3348 5645 3446 5727 τάς
3479 5646 3672 5734 χρείας
3686 5648 3922 5734 ὲτῐοιεῖτο
3949 5645 4059 5727 τᾲς

2468 5714 2840 5779 διδασκαλίας,
2870 5714 2983 5769 ἀλλ’
3000 5714 3097 5784 οὐχ
3117 5714 3307 5783 ὥσπερ
3335 5715 3584 5784 σύνταξιν
3606 5714 3715 5765 τῶν
3747 5716 4058 5782 Κυριακῶν

2471 5787 2790 5857 ποιούμενος
2848 5786 3039 5853 λόγων.
3068 5783 3296 5839 'Marctts
3355 5783 3500 5838 Petri
3560 5785 3837 5854 interpres,
3890 5803 4057 5853 qm:-
