4180 6434
761 402 871 466 237

1960 411 2254 471 NICET/E
2298 412 2745 473 PAPHLAGON
2755 414 2826 473 IS

3905 412 4008 473 288

761 522 959 576 liarius
1020 519 1316 586 excellunt,
1374 520 1443 575 ab
1493 521 1561 575 iis
1608 519 2037 592 distinguantur,
2097 523 2190 590 qui
2237 524 2323 577 sui

2442 524 2547 577 κατ’
2582 524 2744 577 αὑτὸν
2776 524 2991 585 οἰκείως
3020 522 3416 595 ἀφοριζομὲνου
3463 522 3672 592 τάγμα,
3713 523 3886 587 οὕτως
3913 524 4008 577 καὶ

759 628 929 684 prope
975 613 1185 667 ordinis
1226 624 1388 681 atque
1418 614 1610 668 classis
1638 622 1769 669 sunt
1801 634 1816 669 :
1852 618 1933 669 sic
1968 623 2023 668 et
2051 632 2173 684 qua:
2202 617 2322 670 illo-

762 719 883 756 rutn
939 702 1196 758 laudibus
1249 703 1577 773 defungatur
1638 707 1839 769 oratio,
1878 705 2029 758 varia
2078 707 2325 775 quaedam

760 796 905 850 baud
937 795 1104 849 dubie
1157 796 1342 861 fuerit,
1374 812 1475 851 nec
1508 798 1756 865 ejusdem
1795 798 2020 852 omnino
2076 799 2327 865 rationis,

760 889 888 939 ilum
953 889 1127 955 ipsam
1182 903 1364 941 rerum
1419 890 1727 954 veritatem,
1788 890 1864 943 uti
1903 904 1961 944 se
1996 891 2088 944 illa
2141 891 2325 955 habet,

757 984 904 1029 certa
934 977 1187 1043 jnstaqne
1215 977 1530 1044 conjectura
1562 988 1886 1033 assecutura
1918 980 2009 1033 sit.

832 1068 947 1120 Alia
982 1068 1164 1137 itaque
1196 1069 1567 1137 apostolorum
1596 1072 1727 1131 vita,
1753 1070 1855 1123 alia
1888 1071 2276 1140 prophetarum
2310 1111 2326 1135 ,

762 1160 837 1211 uti
872 1174 969 1211 nec
997 1159 1183 1212 eadem
1224 1160 1530 1215 divinorum
1567 1162 1873 1213 antistitum
1928 1162 2221 1230 disciplina
2257 1177 2322 1215 ac

759 1249 1053 1303 institutio.
1090 1249 1358 1305 Praeterea
1392 1267 1610 1319 quoque
1637 1251 1743 1304 alia
1798 1252 2147 1319 triumphalis
2175 1253 2329 1304 ordi-

760 1342 848 1391 nis
882 1338 949 1390 ad
979 1340 1305 1409 sanguinem
1340 1354 1513 1407 usque
1546 1340 1815 1394 adversus
1846 1342 2043 1409 impios
2091 1340 2327 1394 relucta-

760 1428 859 1493 tio,
883 1444 946 1482 ac
983 1444 1082 1496 pro
1117 1431 1350 1483 veritate
1382 1430 1435 1483 in
1473 1432 1633 1483 linem
1677 1446 1852 1500 usque
1901 1431 2150 1485 certandi
2196 1446 2330 1486 cou-

760 1520 960 1572 stantia
996 1536 1009 1572 :
1042 1534 1356 1589 quanquam
1383 1518 1626 1589 proiecto
1660 1534 1723 1573 ac
1747 1520 2027 1588 explorate
2062 1520 2129 1574 ad
2160 1536 2328 1574 unum

759 1624 951 1664 omnes
988 1621 1235 1678 spectent
1266 1625 1514 1680 scopum,
1554 1618 1610 1663 ut
1652 1611 1911 1679 praeclara
1943 1612 2068 1667 vita!
2106 1614 2329 1668 institu-

758 1700 909 1753 tione
941 1699 1050 1754 Deo
1081 1701 1380 1771 probentur
1402 1708 1563 1769 atque
1601 1698 1872 1769 placeant.
1922 1699 2102 1756 Tanto
2146 1711 2327 1757 autem

760 1793 991 1860 quisque
1018 1791 1232 1844 illorum
1262 1791 1527 1846 orationis
1556 1799 1876 1861 argumento
1908 1792 2199 1856 dillicilior,
2229 1810 2319 1847 ar-

761 1883 977 1950 duoque
1010 1883 1181 1952 magis
1206 1894 1406 1937 conatu
1436 1882 1741 1938 laudandus
1768 1884 1861 1949 sit,
1919 1895 2126 1953 quanto
2159 1887 2324 1941 etiam
2360 1866 2400 1921 Β

761 1972 1014 2041 pluribus
1053 1972 1314 2027 virtutum
1365 1974 1711 2029 ornamentis
1757 1989 1822 2029 ac
1870 1976 2153 2045 praeclaris
2183 1978 2327 2033 doti-

762 2064 887 2127 bus,
918 2064 1061 2117 illius
1084 2064 1191 2117 vita
1220 2065 1535 2135 insignitur.
1571 2065 1728 2118 Nulla
1759 2081 1923 2135 porro
1954 2074 2101 2121 tanta
2122 2070 2329 2124 oratio-

763 2154 849 2207 nis
878 2156 979 2216 vis,
1013 2156 1158 2207 nulla
1185 2156 1391 2209 lumina
1421 2170 1484 2210 ac
1506 2156 1777 2223 exquisita
1814 2158 2030 2211 dicendi
2062 2158 2320 2225 facultas,

764 2260 888 2313 qua:
914 2261 1018 2298 non
1044 2248 1357 2314 apostolicae
1391 2246 1715 2316 perfectioni
1752 2248 1893 2301 victa
1917 2249 2205 2304 concedat.
2233 2251 2326 2305 Sin

765 2347 943 2387 autem
976 2336 1139 2388 etiam
1171 2337 1224 2389 iu
1264 2352 1349 2401 eo,
1398 2339 1491 2405 qui
1529 2353 1781 2392 sermone
1827 2340 2183 2394 exornandus
2232 2344 2326 2403 sit,

765 2425 1109 2494 evangelista
1145 2442 1343 2481 munus
1378 2438 1543 2496 atque
1578 2428 1719 2481 ratio
1742 2428 1987 2491 accedat,
2017 2445 2179 2498 quam
2209 2447 2334 2497 pro-

770 2514 879 2568 lixa
912 2518 1219 2585 argumenti
1260 2517 1540 2588 dignitas?
1576 2519 1669 2571 Sin
1724 2520 1957 2588 denique
1986 2520 2311 2574 sacerdotali

768 2623 986 2676 quoque
1035 2611 1341 2681 principatu
1375 2653 1388 2677 ,
1446 2628 1509 2667 ac
1561 2612 1862 2683 pontificali
1899 2612 2070 2666 infula
2106 2614 2152 2667 is
2194 2631 2333 2683 pne-

768 2698 1008 2768 fulgeat;
1066 2701 1133 2755 ad
1168 2701 1281 2756 haec
1318 2718 1449 2757 vero
1500 2708 1664 2758 etiam
1718 2714 2015 2775 martyrum
2070 2704 2336 2760 desudato

771 2804 944 2857 agone
990 2790 1541 2847 iimnarcescibilibus
1571 2794 1813 2861 supremi
1868 2794 2115 2846 omnium
2168 2792 2331 2863 Regis

768 2894 932 2933 manu
966 2883 1189 2936 coronis
1220 2882 1581 2946 inclarescat;
1616 2884 1775 2937 habet
1813 2900 1946 2938 sane
1980 2900 2143 2953 quem
2181 2896 2328 2938 tanta

2428 616 2457 666 ὁ
2487 614 2920 684 ὲγκωμιαστικὸς
2973 614 3153 667 αὐτῶν
3209 614 3366 681 λόγος
3405 614 3646 677 ποικίλος
3680 630 3763 677 τις
3806 612 3872 667 ἂν
3900 616 4008 683 εἴη,

2430 709 2523 758 καὶ⁵
2551 708 2610 758 οὐ
2646 705 2924 775 μονοειδὴς
2956 705 3231 775 καθαρῶς,
3271 706 3325 758 εί
3358 723 3419 773 γε
3462 705 3643 776 μέλλει
3673 705 3770 776 τῆς
3794 707 3853 758 ὲν
3874 708 4010 775 πράο

2428 813 2634 867 γμασιν
2664 795 2923 867 ἀληθείας
2955 798 3356 866 κατευστοχεῖν.

2504 1070 2697 1135 Ἀλλος
2734 1070 2912 1124 τοίνυν
2960 1069 3069 1125 τῶν
3114 1071 3449 1133 ἀποστόλων,
3505 1067 3601 1122 καὶ
3630 1067 3788 1129 ἄλλος
3836 1070 3865 1122 ό
3896 1068 4011 1138 βίος

2428 1159 2537 1215 τῶν
2572 1161 2895 1231 προφητῶν*
2929 1160 3117 1232 ὥσπερ
3172 1161 3400 1213 καὶτῶν
3429 1158 3589 1212 θείων
3657 1158 3927 1228 ίεραρχῶν
3973 1160 4009 1228 ἠ

2431 1251 2707 1305 πολιτεία·
2768 1252 2861 1304 καὶ⁵
2911 1251 3061 1322 παρά
3098 1250 3321 1313 τούτους
3379 1251 3512 1319 άλλη
3557 1249 3666 1302 τῶν
3695 1249 4010 1319 ἀθλοφόρων

2432 1343 2525 1395 καὶ
2564 1342 2754 1411 μέχρις
2780 1343 3009 1411 αἳματος
3040 1342 3173 1413 πρὸς
3201 1344 3325 1404 τοὺς
3354 1341 3574 1404 ἀσεὸείς
3612 1341 4012 1394 ἀντικατάσταο

2434 1450 2538 1498 σις,
2568 1432 2662 1486 καὶ
2697 1434 2724 1485 ό
2752 1431 2893 1503 ὑπὲρ
2924 1432 3179 1502 ἀληθείας
3211 1432 3339 1502 ἄχρι
3372 1430 3555 1493 τέλους
3586 1431 3766 1492 ἀγῶν’
3827 1434 3875 1485 εἰ
3916 1432 4012 1484 καὶ

2433 1526 2633 1587 πάντες
2671 1522 3115 1593 ὁμολογουμένως
3178 1524 3314 1592 πρὸς
3368 1522 3462 1576 ἕνα
3513 1522 3735 1583 σκοπὸν,
3767 1524 3867 1591 τὴν
3913 1521 4011 1575 τοῦ

2438 1614 2573 1667 Θεοῦ
2605 1614 2983 1685 εὐαρέστησιν,
3004 1613 3224 1684 ὁρῶσιν.
3255 1613 3525 1666 Τοσοῦτον
3553 1613 3608 1665 δὲ
3643 1612 3848 1665 τούτων
3875 1613 4015 1665 Eua.-

2433 1724 2555 1771 στος
2581 1707 2845 1777 δυσχερὴς
2870 1707 2937 1759 ἂν
2964 1706 3097 1776 πρὸς
3134 1705 3387 1759 ὑπόθεσιν
3426 1705 3503 1775 τῷ
3533 1704 3678 1774 λόγῳ
3713 1707 3803 1757 καὶ
3846 1722 4018 1775 προσ-

2433 1798 2758 1868 αντέστερος
2812 1797 3155 1868 γνωρίζοιτο,
3215 1796 3447 1849 καθόσον
3496 1797 3593 1851 καὶ
3622 1796 3709 1849 διὰ
3752 1795 4018 1848 πλειόνων

2432 1888 2898 1959 χαρακτηρίζεται
2918 1888 3379 1959 κατορθωμάτων.
3402 1888 3589 1941 Πάντα
3607 1888 3703 1957 μὲν
3721 1885 3813 1939 οὖν
3832 1885 4018 1955 λόγον⁹

2432 1981 2639 2034 καὶτὸν
2672 1979 3181 2049 μεγαλοφυέστατον
3223 1979 3320 2048 τῆς
3350 1977 3714 2045 άποστολικῆς
3747 1975 4018 2046 ἡττᾶσθαι

2432 2074 2790 2137 τελειότητος.
2821 2069 2882 2123 Εἰ
2911 2071 2968 2123 δι
2997 2072 3093 2123 καὶ
3117 2070 3223 2123 τῶν
3258 2068 3660 2137 εὐαγγελιστῶν
3686 2063 3766 2130 εἷς
3798 2070 3825 2120 ὁ
3858 2068 4021 2119 ἐπαι-

2434 2161 2712 2229 νούμενος,
2742 2162 2975 2229 πηλίκον
2994 2162 3057 2213 τὸ
3082 2161 3310 2229 μέγεθος
3342 2160 3442 2228 τῆς
3482 2158 3832 2221 ὑποθέσεωςῑ
3871 2158 3919 2209 εί
3958 2157 4020 2210 δὲ

2437 2253 2529 2304 καὶ
2562 2254 2809 2322 ίερατικῇ
2856 2252 3197 2323 τελεταρχίᾳ.
3230 2253 3325 2305 καὶ
3355 2251 3491 2321 πρὸς
3519 2250 3727 2311 τούτοις
3757 2249 3836 2301 ἔτι
3872 2266 4019 2317 pap-

2432 2345 2683 2412 τυρικαίς
2711 2342 2970 2409 ἀγωνίαις
3025 2342 3115 2395 καὶ
3149 2342 3537 2411 ἁμαραντίνοις
3596 2342 3681 2410 εἴη
3735 2339 4023 2406 στεφάνοις

2434 2433 2541 2487 ὑπὸ
2568 2431 2662 2484 τοῦ
2690 2432 3080 2500 παμϐασιλέως
3111 2431 3575 2501 ἐστεφανωμένος,
3597 2431 3713 2500 εχει
3740 2428 3839 2498 μὲν
3862 2423 4023 2489 οὗτος

2434 2522 2668 2590 κρείττω
2722 2522 2901 2591 πάσης
2949 2523 3155 2585 ἑννοίας
3197 2522 3505 2593 ἀνθρώπων
3548 2521 3642 2573 καὶ
3677 2519 3868 2587 σοφίας
3921 2518 4021 2570 τὸν

2438 2615 2657 2667 ἔπαινον
2703 2615 2855 2684 παρὰ
2898 2614 2976 2682 τῷ
3004 2614 3169 2679 ἀξίως
3224 2614 3497 2678 δοξάζοντι
3522 2615 3648 2674 τοὺς
3693 2611 4022 2677 δοξάζοντας

2438 2704 2599 2754 αὐτόν
2620 2718 2636 2736 ο
2666 2704 2755 2754 καὶ
2787 2703 2959 2765 οὐδεὶς
2988 2702 3131 2755 οὕτω
3169 2703 3417 2771 θρασέως
3452 2701 3561 2754 τῶν
3584 2700 3887 2767 ἀνεφίκτων
3917 2714 4024 2750 κα-

2437 2796 2711 2865 τατολμᾷν
2767 2796 2926 2849 ἕλοιτ’
2974 2794 3137 2859 ἂν,εἰ
3193 2794 3266 2864 μὴ
3308 2794 3407 2864 τὴν
3455 2796 3520 2848 tu
3569 2792 3664 2847 τοῦ
3699 2790 4024 2860 Πνεύματος

2437 2886 2639 2941 άνωθεν
2666 2887 3030 2939 ἐπισπάσαιτο
3062 2888 3258 2956 ῥοπήν.

772 2973 859 3028 illa
896 2976 1179 3037 decorant,
1210 2976 1278 3029 ab
1312 2990 1378 3029 eo
1400 2976 1496 3044 qui
1538 2976 1713 3043 ipsum
1746 2974 2029 3031 laudantes
2051 2977 2210 3047 digne
2246 2994 2423 3046 exque
2461 2980 2637 3032 meriti
2669 2981 2881 3032 ratione
2914 2979 3206 3047 glorificat,
3234 2994 3352 3034 eam
3383 2977 3627 3040 laudem,
3669 2991 3790 3044 qua:
3818 2976 4024 3028 huma-

769 3081 899 3120 num
927 3082 1140 3120 onmem
1173 3066 1467 3136 cogitatum
1500 3080 1564 3118 ac
1588 3066 1916 3134 sapientiam
1975 3068 2225 3121 excedat.
2288 3066 2399 3123 Nec
2439 3070 2731 3139 quisquam
2765 3069 2900 3124 adeo
2952 3053 3302 3138 temerarius,
3342 3082 3401 3125 ut
3424 3070 3531 3124 nisi
3581 3068 3754 3123 divini
3788 3067 4015 3122 caelitus

772 3157 1008 3227 Spiritus
1065 3172 1167 3228 ope
1224 3158 1540 3220 conciliata,
1596 3157 1922 3213 inconcessa
1966 3161 2401 3228 presumpserit.
2822 3228 2827 3235 ι

838 3251 1189 3321 lmploremus
1227 3251 1391 3321 igitur
1422 3250 1685 3304 Paracleti
1714 3251 1995 3316 virtutem,
2029 3267 2093 3306 ac
2122 3253 2340 3321 sapien-

2514 3253 2817 3323 Τοιγαροῦν
2861 3250 3319 3320 ὲπικαλεσὼμεθα
3371 3251 3466 3304 τοῦ
3502 3249 3858 3319 Παρακλήτου
3917 3249 4025 3321 τὴν

771 3341 903 3395 tiam
929 3356 1051 3410 qua:
1098 3341 1166 3395 de
1206 3341 1363 3396 caelis
1400 3350 1505 3405 est,
1549 3340 2072 3411 intelligentiamque
2103 3342 2208 3395 fide
2256 3350 2338 3394 at-

2443 3342 2691 3410 δύναμιν,
2720 3345 2814 3395 καὶ
2836 3342 2934 3411 τὴν
2980 3340 3187 3395 ἄνωθεν
3218 3340 3407 3407 σοφίαν
3436 3341 3530 3391 καὶ
3570 3337 3784 3391 σύνεσιν
3803 3338 3892 3391 διὰ
3926 3339 4028 3391 πί-

773 3431 1086 3495 trahamus,
1138 3445 1248 3500 quo
1304 3446 1559 3501 magnum
1614 3431 1920 3500 apostolum
1949 3439 2005 3485 et
2062 3432 2337 3502 evangeli-

2446 3448 2615 3493 στεως
2664 3429 3109 3499 ὲφελκυσώμεθα,
3161 3428 3301 3481 ὥστε
3358 3428 3450 3480 τὸν
3502 3427 3677 3497 μέγαν
3720 3425 4028 3481 ἀπόστολον

776 3590 1086 3645 σκανδάλων
1111 3591 1205 3645 καὶ
1233 3590 1560 3660 πειρασμῶν
1582 3591 1673 3644 καὶ
1694 3591 1969 3658 ἁμαρτίας
1996 3590 2337 3659 λυτρωθῆναί

775 3678 868 3729 με,
902 3662 1092 3729 Μάρκε
1116 3661 1411 3715 ἀπόστολεί
1450 3660 1621 3714 Mente
1667 3664 1895 3729 perfecta
1944 3660 2117 3713 Paulo
2165 3661 2340 3729 divino

774 3731 1023 3799 praeconii
1059 3732 1307 3783 itinerum
1349 3746 1540 3793 comes,
1585 3732 1766 3783 mundi
1793 3732 1965 3783 orbem
2016 3730 2340 3793 illustrasti;

2438 3590 2719 3662 Barnabas.
2756 3589 2874 3643 Non
2924 3598 3045 3662 erat
3083 3606 3213 3662 ergo
3245 3599 3376 3645 tunc
3418 3589 3636 3643 Marcus
3667 3588 3856 3662 Romae
3890 3604 4028 3644 cum

2436 3661 2624 3723 Paulo,
2650 3674 2714 3713 ac
2738 3675 2839 3713 nec
2870 3659 3081 3713 venisse
3115 3658 3305 3729 liquet,
3337 3667 3433 3713 aut
3488 3658 3757 3729 quamdiu
3781 3674 3907 3729 cum
3953 3676 4030 3713 eo

2440 3730 2726 3790 manserit,
2763 3744 2888 3783 cum
2920 3729 3014 3782 diu
3042 3730 3152 3799 jam
3177 3727 3388 3785 Paulus
3424 3728 3611 3782 Romae
3638 3727 3797 3781 valde
3851 3728 4029 3799 deso-

774 3816 996 3870 quocum
1061 3816 1198 3853 nunc
1227 3800 1504 3861 intercede,
1550 3817 1579 3853 ο
1626 3799 1803 3853 Marce
1839 3800 2112 3870 apostole!
2176 3801 2345 3870 utab

773 3869 1040 3923 scandalis
1064 3880 1110 3921 et
1146 3870 1517 3921 tentationibus
1560 3876 1608 3921 et
1663 3868 1883 3938 peccato
1911 3870 2209 3922 liberemur.
2240 3868 2344 3921 Alii

780 3946 959 3991 tamen
978 3940 1255 3992 diversum
1277 3939 1445 3992 fuisse
1471 3948 1746 3999 asserunt,
1764 3939 1909 4007 quod
1932 3939 2146 3991 Marcus
2175 3953 2342 3990 evan-

777 4009 966 4076 gelista
1022 4009 1101 4063 sic
1154 4009 1315 4062 Petro
1349 4007 1604 4061 assiduus
1653 4006 1893 4069 lmesérit,
1960 4008 2028 4060 ab
2072 4023 2247 4074 eoque
2281 4006 2334 4059 in

776 4077 1007 4147 Egypto
1034 4078 1312 4142 dimissus,
1345 4093 1519 4147 annos
1546 4078 1925 4131 novemdecim
1972 4092 2092 4129 eam
2142 4077 2334 4147 Eccle-

778 4145 912 4200 siam
950 4147 1173 4205 rexerit.
1214 4156 1271 4200 et
1311 4149 1363 4199 in
1391 4145 1622 4215 [Egyth
1654 4156 1711 4200 et
1746 4147 1909 4215 Libya
1936 4145 2340 4215 prmdicaverit;

777 4231 900 4269 cum
931 4216 1144 4270 Marcus
1176 4217 1315 4269 alter
1351 4214 1567 4268 diversa
1594 4216 1775 4269 omnia
1822 4214 2015 4283 egerit.
2048 4215 2170 4269 Vid.
2216 4214 2341 4267 Bar.

777 4301 867 4339 an.
897 4285 987 4348 45,
1019 4301 1072 4337 ιι.
1131 4288 1218 4338 Η.
1252 4285 1405 4339 Unde
1439 4295 1494 4337 et
1549 4294 1741 4338 auctor
1804 4285 2003 4341 Svnax.
2065 4285 2343 4337 diversum

778 4356 1004 4409 omnino
1040 4354 1265 4416 indicat,
1294 4355 1545 4423 pluribus
1574 4354 1906 4409 refcreusilli
1930 4370 2025 4422 per
2052 4352 2342 4422 Egyptum

779 4432 835 4477 et
868 4424 1089 4494 Libyam
1131 4432 1186 4477 et
1214 4423 1561 4477 Barbaricam
1621 4428 1773 4491 (num
1827 4425 2265 4490 Marmaricam?)
2292 4431 2346 4475 et

780 4494 1119 4562 Pentapolim
1160 4504 1333 4563 gesta,
1366 4508 1427 4545 ac
1453 4504 1731 4562 postremo
1764 4494 2086 4563 martyrium
2112 4494 2341 4563 Αἰολίδης

781 4539 1095 4626 drize,rcum
1128 4539 1252 4617 aliane
1284 4539 1635 4631 Evarig'elium
1677 4539 1984 4632 scripsisse,
2009 4562 2215 4631 Πέτρου
2248 4561 2341 4612 τοῦ
2378 4539 2419 4593 D

780 4634 1076 4705 ἀποστόλου
1101 4633 1463 4705 ἐξηγουμένου
1494 4633 1657 4705 αὐτῷ,
1710 4631 1888 4705 quasi;
1905 4631 2097 4705 Ρεενο⁸
2114 4634 2353 4705 doctore.

782 4702 1003 4772 Nicetas
1033 4700 1250 4772 quoque
1282 4701 1335 4753 in
1372 4717 1489 4754 eam
1520 4702 1617 4755 ivit
1656 4700 2004 4756 sententiam.
2063 4700 2224 4772 Quod
2251 4701 2346 4752 ad—

782 4771 863 4825 dit
890 4771 1177 4833 Baronius,
1212 4772 1429 4824 novisse
1463 4772 1763 4840 hocipsum
1810 4782 1865 4825 et
1907 4772 2141 4840 majores
2166 4771 2343 4826 (Basi-

785 4840 887 4893 lius
960 4844 1115 4905 enim,
1167 4842 1368 4909 inquit,
1422 4857 1481 4893 eo
1527 4851 1757 4908 tempore
1788 4858 1888 4906 quo
1934 4840 2137 4893 Paulus
2170 4840 2347 4892 Romi:

785 4911 973 4979 agebat
1004 4928 1225 4979 quocum
1270 4922 1345 4977 (ut
1386 4911 1635 4970 diximus)
1664 4913 1848 4964 aderat
1902 4912 2112 4963 Marcus
2166 4925 2348 4961 conso-

785 4980 963 5033 brinus
984 4980 1269 5045 Barnabw,
1322 4979 1555 5032 Murcum
1613 4982 1989 5050 evangelistam
2034 4979 2348 5032 Alexandri-

789 5066 913 5102 nam
970 5051 1260 5105 Ecclesiam
1304 5050 1589 5103 excoluisse
1643 5060 1885 5103 testatur.
1944 5050 2124 5104 Basilii
2180 5050 2345 5100 verba

788 5130 919 5172 sunt
944 5121 982 5173 Ι.
1025 5136 1039 5174 ι
1072 5129 1257 5173 contra
1277 5119 1441 5181 Eum,
1477 5136 1522 5172 c,
1553 5122 1687 5184 ult.:.
1709 5123 1815 5173 Καὶ
1834 5121 2041 5182 Παῦλος
2072 5122 2128 5170 ὲν
2162 5118 2348 5188 Ῥώμῃ

790 5190 1294 5259 εὐαγγελιζόμενος,
1326 5190 1419 5241 καὶ
1460 5190 1719 5251 Ἰάκωϐος
1750 5193 1807 5240 ὲν
1845 5189 2222 5259 Ἰερουσαλὴμ,
2251 5192 2345 5239 καὶ

789 5260 1016 5330 Μάρκος
1077 5258 1135 5312 ἐν
1189 5259 1586 5330 Ἀλεξανδρείᾳ,
1617 5264 1710 5311 καὶ
1732 5260 1887 5320 ἄλλος
1914 5258 1971 5311 ὲν
2004 5260 2134 5327 ἄλλῃ
2162 5258 2329 5318 πόλει,

792 5330 930 5398 ἐπλη
944 5329 1122 5381 οοῦντο
1149 5328 1226 5397 τῷ
1269 5328 1565 5395 lli/adpare;
1602 5330 1809 5391 οὐδενὸς
1840 5330 2203 5396 διαστήματος
2235 5345 2351 5377 κω-

792 5397 1008 5459 λύοιτος
1033 5402 1088 5449 ὲν
1125 5398 1201 5466 τῷ
1232 5398 1381 5463 αὐτῷ
1404 5399 1739 5467 ἐνεργεῖσξαι
1797 5400 1893 5467 τὴν
1948 5398 2116 5467 αὐτὴν
2171 5398 2347 5463 χάριν.

797 5416 1008 5459 Αυοιτος
1033 5416 1088 5449 εν
1125 5416 1201 5466 τῳ
1232 5416 1739 5467 αυτῳενεργεισέαι
1797 5416 1824 5449 τ
1867 5418 1893 5448 ν
1948 5416 2116 5467 αυτην
2171 5416 2347 5463 χάριν.

797 5468 863 5521 Ισίι
890 5468 1092 5521 Paulus
1128 5468 1304 5520 Romae
1333 5469 1720 5537 evangelisaus,
1748 5477 1795 5521 et
1827 5416 2050 5521 yacobus
2085 5467 2351 5534 Jerosoly-

795 5538 916 5601 mis,
944 5548 990 5590 et
1026 5537 1228 5591 Marcus
1249 5538 1603 5601 Alexandriw,
1632 5557 1691 5591 ac
1713 5539 1848 5591 alius
1884 5538 1993 5590 alia
2032 5538 2086 5588 in
2120 5539 2350 5599 civitate,

797 5605 1005 5675 Spiritu
1058 5607 1506 5676 adimplebautur,
1560 5609 1706 5661 nullo
1762 5610 1997 5659 obstante
2051 5605 2350 5665 intentallo,

795 5678 1124 5749 quincadem
1154 5678 1333 5749 eodem
1357 5685 1585 5749 tempore
1618 5680 1924 5749 afﬂarentur
1964 5676 2354 5749 gratia),__nibil

796 5746 931 5798 mihi
958 5762 1071 5800 rem
1099 5747 1338 5799 conlicit.
1368 5747 1510 5800 Petit
1538 5745 1738 5802 Paulus
1767 5749 1818 5800 in
1860 5747 1899 5798 ll
1927 5762 2023 5799 sua
2061 5745 2127 5797 ad
2167 5745 2355 5798 Timo-

801 5816 1012 5883 theum,
1043 5825 1101 5871 ut
1132 5817 1179 5872 is
1207 5816 1430 5871 veniens
1446 5816 1680 5872 adducat
1704 5818 1941 5872 Marcum
1964 5815 2353 5870 consobrinum

2438 3800 2584 3853 latus
2602 3799 2826 3867 egisset,
2865 3806 3029 3866 atque
3079 3799 3194 3853 haec
3245 3799 3497 3852 scribens
3550 3806 3782 3867 mortem
3827 3798 4030 3867 proxi-

2439 3883 2583 3922 mam
2614 3865 2976 3937 exspectaret.
3008 3868 3211 3933 Quidni
3246 3884 3378 3937 ergo
3416 3882 3546 3937 vera
3596 3865 3775 3937 Basilii
3822 3865 4033 3935 proba-

2440 3940 2538 4002 tio,
2568 3938 2671 3991 etsi
2704 3936 2917 3990 Marcus
2970 3938 3232 3991 Barnaba:
3277 3936 3663 3996 censobrinus,
3718 3936 3836 4004 ipse
3889 3938 4031 3992 Ale-

2444 4008 2747 4061 xandrinus
2783 4006 3079 4075 episcopus
3101 4007 3229 4059 est?
3262 4005 3420 4071 Quod
3442 4005 3717 4075 praecipue
3752 4021 3861 4059 non
3892 4008 4025 4073 ejus

2444 4076 2973 4147 generisrepiscopus
2998 4076 3185 4136 fuerit,
3210 4090 3275 4129 ac
3320 4075 3564 4147 Jacobus
3602 4075 4029 4147 Jerosolymita-

2446 4142 2551 4199 nus
2585 4142 2897 4213 episcopus,
2930 4160 3147 4214 semper
3169 4144 3372 4212 templo
3418 4142 3695 4214 assiduus,
3728 4142 3835 4197 nec
3873 4146 4029 4198 ullas

2446 4212 2734 4284 apostolici
2773 4214 3021 4267 muneris
3052 4212 3260 4283 partes
3300 4212 3702 4284 impleus,sed_
3738 4216 4035 4280 apostolo-

2450 4281 2573 4338 rum
2606 4285 2823 4353 adjutor
2849 4281 3089 4352 ipseque
3131 4281 3434 4351 apostolus,
3474 4282 3645 4353 variis
3679 4281 3827 4353 locis
3874 4297 4026 4351 prae-

2448 4354 2641 4408 dicans
2674 4349 3046 4421 'fundansque
3105 4349 3397 4414 Ecclesias,
3442 4352 3644 4421 nedum
3677 4349 4027 4421 iangypto,

2450 4424 2757 4491 Pentapoli,
2788 4420 3124 4492 Cyrenaica;
3159 4422 3251 4475 sed
3314 4423 3368 4474 in
3413 4422 3570 4492 Italia
3587 4420 4028 4492 Aquileiensem,

2448 4490 2715 4560 aliasque.
2782 4490 2848 4545 Si
2875 4508 3003 4545 vera
3069 4492 3354 4556 Synaxarii
3416 4491 3629 4559 epocha
3687 4490 4031 4560 praedicasse

2448 4559 2687 4616 Marcum
2744 4562 3089 4615 Alexandria:
3140 4564 3276 4613 κατά
3306 4562 3433 4621 τοὺς
3482 4560 3704 4627 χρόνους
3756 4559 4029 4625 Τιὸερίου

2447 4632 2741 4701 Καίσαρος,
2772 4631 3089 4701 dicendum,
3125 4629 3351 4701 missurn
3375 4629 3451 4701 ab
3486 4627 3737 4701 apostolo
3764 4628 4020 4701 Alexan-

2446 4696 2711 4754 driam'et
2746 4702 2798 4753 in
2838 4700 3127 4769 Egyptum
3176 4699 3471 4753 Palaastiuze
3504 4696 3926 4769 vicin_a_m._dum
3961 4699 4029 4753 in

2448 4772 2573 4825 Asia
2605 4772 2785 4824 adhuc
2816 4765 2955 4838 ipse'
2979 4765 3314 4827 moraretur,
3368 4778 3424 4821 et
3454 4779 3580 4820 ante
3626 4765 3836 4838 Claudii
3878 4775 4034 4820 tem-

2448 4858 2603 4909 pora,
2664 4835 3030 4906 fundasseque
3068 4854 3186 4909 eam
3240 4838 3537 4909 Eeclesiant
3603 4835 4029 4909 per_Ma_rct_tm,

2448 4905 2557 4977 quo
2584 4911 2695 4963 fere
2727 4905 2967 4977 tempore
2997 4910 3109 4976 ipse
3149 4907 3394 4960 fundavit
3429 4907 3677 4971 rexitque
3715 4905 4030 4977 Ecclesiam

2451 4974 2884 5042 Antiochenam;
2952 4974 3184 5045 utquod
3244 4993 3340 5044 per
3366 4977 3607 5043 seipsum
3637 4974 3879 5045 explere
3908 4990 4033 5030 non

2455 5060 2689 5119 poterat,
2742 5064 2836 5119 per
2879 5043 3213 5119 discipulum
3250 5043 3576 5119 expleret;
3604 5043 3794 5112 sicque
3835 5053 4036 5119 ccepta

2449 5114 2568 5189 ejus
2630 5114 2889 5189 Ecclesia:
2954 5114 3306 5189 fundatione,
3360 5114 3483 5167 eum
3533 5114 4034 5189 _Roman_t‘se.dem

2453 5183 2753 5247 transtulit,
2810 5188 3050 5241 Marcum
3108 5187 3211 5240 sibi
3268 5184 3643 5238 necessarium
3699 5183 4031 5247 adduxisse,

2452 5274 2563 5327 quo
2598 5259 2897 5331 interprete
2944 5268 2999 5310 et
3035 5256 3288 5331 ministro
3317 5256 3487 5323 ipsam
3520 5252 3747 5331 Romani
3794 5252 4036 5330 imperii

2452 5344 2633 5381 arcem
2702 5327 3010 5387 invaderet;
3062 5327 3206 5379 unde
3258 5338 3470 5379 rursus.
3532 5327 3719 5388 sicque
3762 5327 4037 5389 exigente

2454 5396 2823 5451 Ecclesiarum
2860 5397 3113 5457 utilitate,
3136 5395 3391 5449 eumdem
3436 5394 3488 5445 in
3520 5389 3807 5459 [Egyptqu
3843 5392 4037 5444 remi-

2456 5469 2626 5530 serit;
2655 5475 2712 5517 ut
2757 5480 2859 5518 nec
2888 5465 3003 5534 ipse
3041 5465 3257 5529 Petrus,
3295 5463 3387 5516 ubi
3417 5461 3590 5534 semel
3657 5461 3885 5534 Romam
3926 5476 4044 5514 ve-

2455 5546 2631 5597 nerat,
2686 5530 3122 5602 semper'Roma:
3156 5534 3389 5595 mansit;
3425 5530 3518 5584 sed
3580 5532 3634 5602 in
3690 5530 3903 5602 Syriam
3936 5546 4045 5584 re-

2456 5607 2578 5667 diit,
2613 5598 2855 5672 aliasque
2876 5604 3060 5672 plures
3109 5606 3357 5673 regiones
3406 5598 3680 5673 lustravit.
3733 5598 3882 5673 Era_t_
3908 5614 4041 5654 non

2458 5676 2635 5729 otiosa
2662 5667 3206 5746 primoruirtillorum
3253 5680 3549 5746 mystaruut
3578 5667 3723 5746 vitat
3751 5667 4041 5746 nubium-

2458 5760 2564 5812 que
2604 5736 2879 5812 assimilcs
2908 5742 3030 5795 aliis
3059 5743 3291 5810 aliisque
3310 5736 3461 5812 locis
3479 5736 3880 5812 div_in‘i_e|oquii
3919 5737 4045 5792 im-

2462 5805 2613 5869 brem
2639 5811 2969 5882 dcplucbant
3006 5805 3289 5881 totumque
3311 5810 3503 5865 urbem
3537 5805 3803 5876 rigabant.
