4180 6434
185 443 281 505 289

950 440 1236 500 ORATIO
1276 441 1391 499 XV.
1421 467 1485 477 —-
1533 442 1609 501 1N
1644 440 1954 500 LAUDEM
1996 444 2056 501 S.
2099 444 2335 504 MARCI
2362 443 2617 504 APOST.

3302 444 3416 510 290

182 547 257 599 καὶ
304 539 717 610 εὖαγγελιστὴν,
766 541 1057 610 προσθήσω
1102 540 1158 592 δὲ
1190 542 1283 594 καὶ
1317 542 1596 611 ίεράρχην,
1646 541 1740 594 καὶ
1776 546 1801 599 Α

1847 555 1992 597 alam
2017 584 2032 608 ,
2065 546 2253 599 addam
2283 562 2412 600 vero
2439 557 2489 600 et
2514 546 2832 609 antistitem,
2856 546 3093 617 Jesuque
3117 551 3414 618 maiestatis

181 637 262 705 τῆς
312 634 489 703 Ἰησοῦ
539 636 964 703 μεγαλειότητος
988 632 1238 701 μάρτυρα
1268 631 1492 701 Μάρκον
1520 631 1743 698 ἀφηγῆ-

182 741 252 776 σαι
272 739 286 753 '
316 722 412 775 καὶ
445 724 557 784 τοῖς
589 724 652 775 ὲκ
683 721 793 773 τῶν
821 720 993 786 λόγων
1036 720 1277 781 ἐπαίνοις
1299 720 1374 782 ὡς
1408 721 1624 774 ἄνθεσιν
1653 720 1745 771 εὑ-

182 814 386 867 ωδιάσαι
404 814 501 866 καὶ
527 813 965 880 κατακοσμῆσαι.
988 805 1157 872 Οὗτος
1181 811 1289 879 γὰρ
1320 814 1467 880 ἡμᾶς
1486 813 1740 880 σήμερον,

180 906 240 977 τῷ
262 903 514 974 γλυκερῷ
542 902 642 973 μὲν
672 903 767 955 καὶ
796 902 994 973 ἡδίστῳ
1024 901 1124 971 τῆς
1154 902 1320 955 αὑτοῦ
1362 903 1581 971 μνήμης
1610 905 1742 971 πρὸς

182 1000 354 1051 οίιιεῖον
383 994 761 1063 ἀναζωπυρῶν
790 989 940 1047 αἶνον
958 1012 972 1025 ·
997 993 1074 1063 τῷ
1098 992 1323 1059 ποικίλῳ
1344 994 1400 1046 δὲ
1420 994 1513 1061 τῆς
1546 995 1744 1065 ἀρετῆς

182 1087 255 1139 καὶ
291 1086 728 1156 μεγαλοπρεπεῖ,
789 1086 880 1138 τὸν
924 1084 1084 1138 ὄκνον
1126 1086 1257 1154 ἡμῖν
1283 1086 1466 1145 ἐνιεὶς.
1505 1085 1741 1151 ἀγωνίας

182 1194 227 1230 τε
258 1177 371 1247 ἅμα
404 1176 501 1229 καὶ
534 1175 842 1247 προθυμίας
878 1174 1237 1245 ἐμπίπλησιν.
1280 1174 1417 1228 Ἀλλ’
1464 1177 1625 1244 ἡμεῖς
1648 1174 1741 1226 τοῦ

184 1268 479 1336 Πνεύματος
521 1266 621 1337 τὴν
666 1267 977 1336 ἐνέργειαν,
1032 1267 1125 1319 καὶ
1188 1266 1284 1319 τοῦ
1320 1265 1739 1335 εὐφημουμένου

182 1361 261 1430 τὴν
284 1359 538 1426 θεολόγον
564 1359 1024 1427 ἐπικαλεσάμενοι
1055 1359 1263 1429 φωνὴν,
1298 1356 1506 1427 βραχέα
1546 1357 1740 1426 τούτῳ,

183 1454 257 1507 καὶ
297 1453 402 1506 ὅσα
457 1451 621 1504 δώσει
675 1450 1144 1521 προσλαλήσωμεν
1170 1465 1185 1480 ο
1232 1449 1373 1502 οὕτω
1407 1449 1514 1520 γὰρ
1560 1434 1653 1503 καλ
1683 1448 1744 1500 τὸ

183 1545 313 1615 χρέος
342 1543 425 1614 τῷ
454 1543 766 1612 λογιωτάτῳ
794 1543 887 1594 τοῦ
918 1542 1093 1608 Λόγου
1125 1542 1268 1593 κατά
1285 1541 1521 1609 δύναμιν
1549 1539 1743 1608 ὑφέξο-

186 1655 265 1705 μεν
300 1636 542 1704 μαθητῇ.
582 1635 674 1687 καὶ¹
709 1637 774 1703 τῇ
834 1632 1129 1702 Ἐκκλησία
1175 1633 1271 1685 τοῦ
1318 1631 1453 1686 Θεοῦ
1483 1633 1576 1684 τὸν
1601 1632 1742 1701 ἱερὸν

181 1727 578 1796 ἀφοσιωσόμεθα
613 1724 798 1777 πόθον.

239 1811 396 1881 υῦτος
421 1819 603 1871 τοίνυν
632 1818 661 1869 6
694 1815 946 1879 ἐκλεκτὸς
975 1818 1067 1868 καὶ
1099 1816 1323 1883 δόκιμος
1349 1814 1741 1885 εὐαγγελιστὴς

1850 642 2042 687 testem
2074 634 2311 690 Marcum
2346 638 2601 692 laudibus
2619 638 2980 701 celebremus,
3010 655 3073 695 ac
3101 640 3248 695 velut
3278 659 3406 697 sua-

1848 724 2191 781 veolentibus
2221 725 2469 790 ﬁoribus,
2505 727 2900 783 enromiastico
2925 745 3176 783 sermone
3220 745 3412 798 asper-

1846 830 2039 885 gamus
2067 831 2127 868 ac
2161 832 2512 872 exornemus.
2544 820 2644 873 Hic
2662 819 2807 873 enim
2833 836 2933 874 nos
2957 821 3113 877 hodie
3135 822 3279 877 dulci
3312 839 3412 877 sua

1846 907 2284 974 suavissimaque
2318 908 2599 973 memoria,
2636 909 2689 962 in
2734 923 2888 963 suam
2914 911 3114 963 excitat
3160 912 3409 977 laudem;

1847 992 2100 1063 idemque
2155 995 2516 1048 nihilominus
2548 998 2701 1051 vario
2733 1012 2797 1051 ac
2850 1000 3253 1067 prazinagnilico
3289 1018 3413 1055 sua-

1846 1100 1965 1137 rum
2004 1087 2264 1139 virtutum
2315 1086 2490 1151 cultu,
2542 1095 2819 1155 torporem
2874 1090 3152 1158 injiciens,
3220 1091 3414 1149 timore

1845 1176 2049 1244 pariter
2079 1191 2141 1229 ac
2172 1177 2455 1230 alacritate
2478 1178 2761 1246 adimplet.
2795 1179 2906 1234 Nos
2934 1182 3217 1234 enimvero
3249 1182 3407 1235 invo-

1846 1274 1971 1320 cato
2018 1266 2257 1335 Spiritus
2282 1267 2487 1331 alllatu,
2520 1269 2753 1337 ejusque
2789 1271 2965 1339 ipsius
2991 1272 3082 1340 qui
3115 1274 3290 1328 laudis
3324 1289 3415 1327 ar-

1844 1366 2103 1426 gumento
2127 1361 2441 1427 propositus
2464 1371 2564 1425 est,
2587 1361 2773 1414 divina
2802 1361 2959 1416 nobis
2982 1364 3223 1416 adhibita
3253 1380 3408 1431 voce,

1844 1462 2015 1517 pauca
2075 1448 2172 1513 illi,
2210 1459 2261 1503 et
2315 1466 2436 1519 quae
2496 1451 2802 1516 donaverit,
2853 1452 3261 1522 proloquamur.
3321 1458 3414 1511 Sic

1841 1541 2010 1596 enim.
2044 1547 2162 1591 tum
2198 1541 2645 1609 eloquentissimo
2699 1542 2859 1597 Verbi
2892 1546 3161 1614 discipulo
3207 1563 3304 1615 pro
3334 1550 3417 1600 vi-

1842 1630 1930 1683 rili
1964 1639 2149 1682 nostra
2173 1629 2415 1684 debitum
2446 1632 2805 1689 exsolvemus.
2837 1641 2948 1685 tum
2973 1649 3132 1689 sacro
3162 1635 3415 1691 Ecclesia:

1844 1717 1935 1772 Dei
1960 1717 2236 1770 desiderio
2261 1717 2647 1792 defungcmur.

1916 1807 2014 1862 llic
2047 1810 2210 1879 igitur
2240 1810 2503 1878 probatus
2534 1819 2701 1879 atque
2744 1811 2954 1868 electus
3001 1813 3130 1868 Jcsu
3171 1831 3410 1884 evange-

182 1908 257 1961 τοῦ
293 1872 488 1976 Ἰησοῦ,
525 1910 552 1960 6
580 1907 832 1978 λαμπρὸς
862 1872 961 1974 τῆς
1000 1872 1318 1974 οἰκονομίας
1338 1905 1430 1958 τοῦ
1461 1872 1598 1958 δεοῦ
1777 1872 1801 1928 ε

1846 1899 1988 1961 lista,
2051 1899 2141 1952 Dei
2191 1899 2349 1954 Verbi
2408 1900 2838 1970 dispensationis
2868 1906 3052 1960 clarus
3106 1872 3412 1975 theologus,

182 2016 262 2066 γου
297 1998 585 2065 θεολόγος’
638 2000 667 2049 6
720 1996 1205 2065 φωτοφανέστατος
1261 1996 1359 2065 τῆς
1414 1994 1739 2065 Ἐκκλησίας

180 2090 418 2160 λαμπτὴρ
442 2103 456 2115 °
480 2091 508 2141 6
528 2090 602 2160 μὴ
628 2089 808 2155 λόγοις
843 2087 1002 2157 μόνον
1039 2090 1244 2153 σοφοῖς,
1276 2086 1413 2140 ἀλλὰ
1446 2089 1539 2140 καὶ
1558 2087 1741 2155 ἁγίαις

183 2181 422 2252 Γραφαῖς.
455 2180 589 2233 ἀλλὰ
615 2181 711 2231 καὶ
748 2178 921 2246 ἀγῶσι
959 2181 1229 2249 στερροῖς,
1266 2177 1401 2230 ἀλλά
1435 2180 1526 2231 καὶ
1568 2181 1743 2249 παθή-

183 2290 325 2341 μασιν
352 2273 670 2341 ἀθλητικοῖς
727 2270 1122 2340 ὑπέρλαμπρον
1149 2269 1211 2321 τὸ
1263 2270 1384 2323 κατ’
1415 2271 1576 2324 αὑτὸν
1605 2288 1743 2338 μαρ-

180 2365 339 2433 τὺριον
389 2361 805 2433 ἀποπληρώσας
855 2360 934 2431 τῷ
977 2359 1119 2430 Θεῷ.
1178 2353 1366 2425 Οῦτος,
1424 2361 1526 2431 τὴν
1574 2361 1742 2428 ἀκοὴν

179 2454 422 2523 πρότερον
478 2452 735 2523 ἀκηκοὼς
794 2449 890 2504 τοῦ
924 2449 1119 2521 Ἰησοῦ,
1164 2452 1265 2505 οὐκ
1313 2451 1474 2503 ἐϐυσε
1526 2452 1594 2504 τά
1627 2444 1741 2504 ὦτα

179 2546 298 2599 κατά
318 2547 447 2607 τοὺς
481 2543 729 2606 ἀπειθεῖς
752 2584 767 2607 ,
801 2541 912 2596 οὐδ’
941 2543 1144 2613 ἤκουσε
1191 2543 1311 2612 μὲν,
1344 2544 1621 2606 ἀσυνέτως
1648 2543 1702 2595 δέ
1723 2559 1739 2575 ο

175 2636 280 2687 οὐδὲ
306 2636 548 2698 συνετῶς
573 2635 691 2705 μὲν,
726 2635 784 2687 οὐ
816 2634 955 2705 μετά
985 2635 1225 2697 πίστεως
1264 2635 1321 2688 δέ
1343 2652 1355 2666 ·
1385 2635 1507 2687 οὐδὲ
1538 2635 1742 2697 πιστῶς

178 2728 281 2795 μὲν,
308 2726 534 2796 ἀμελῶς
571 2726 627 2779 δὲ
669 2724 747 2796 τῷ
780 2726 1173 2796 κηρυττομένῳ
1219 2729 1526 2797 προσφοιτᾷ
1551 2727 1693 2794 λόγῳ
1722 2740 1737 2754 ο

176 2818 336 2885 πάσης
384 2817 443 2870 δὲ
489 2816 632 2868 κατά
680 2816 862 2886 σάρκα
891 2816 1234 2883 συγγενείας,
1267 2816 1450 2886 πάσης
1496 2819 1742 2883 κτήσεως

172 2911 251 2959 καὶ
274 2907 652 2979 προσπαθείας
672 2906 729 2959 δὲ
756 2906 936 2975 πάσης
959 2906 1069 2958 τῶν
1100 2907 1304 2975 γηῖνων
1333 2906 1549 2970 τελείως
1578 2908 1743 2977 ὑπερ.

176 3000 302 3065 ιᾶὼν,
332 3000 527 3071 ὥσπερ
581 3001 776 3068 ἔλαφος
816 2999 1052 3069 ἔδραμεν
1081 3002 1138 3051 ὲν
1161 2999 1321 3066 δίψει,
1350 2999 1457 3052 τῶν
1486 3000 1741 3071 ζωηρρῦ-

168 3109 264 3146 των
290 3096 536 3166 Χριστοῦ
572 3094 1018 3167 πλησθησόμενος
1041 3094 1255 3163 πηγῶν.

224 3278 286 3331 Τί
310 3277 406 3331 οῦν
429 3280 460 3331 6
483 3276 715 3347 Κύριος,
742 3276 776 3343 η
803 3274 954 3345 πηγὴ
982 3273 1091 3326 τῶν
1122 3273 1359 3341 δωρεῶν,
1381 3275 1441 3326 τὺ
1469 3274 1738 3345 πλήρωμα

164 3370 260 3423 τῶν
289 3370 541 3438 ἀγαθῶν,
575 3369 605 3420 ὁ
624 3367 719 3420 τοῦ
749 3368 959 3436 Πατρὺς
982 3365 1400 3436 ἀπαράλλακτος
1433 3368 1741 3439 χαρακτὴρ,

160 3461 185 3511 6
218 3460 303 3513 τοῦ
328 3457 609 3512 θεωτικοῦ
632 3457 946 3527 Πνεῦματος
966 3456 1169 3525 δοτήρ;
1206 3455 1315 3519 πῶς
1346 3452 1521 3518 οὗτος,
1556 3456 1589 3527 ἦ
1618 3459 1745 3527 ποίᾳ

161 3549 382 3605 διαθέσει
407 3551 509 3603 τὸν
534 3548 740 3618 θερμὸν
770 3545 912 3599 οῦτω
932 3547 1249 3616 προσήκατο
1272 3547 1532 3616 φοιτητὴν
1556 3564 1569 3611 ;
1600 3543 1746 3618 τΑρά

157 3661 213 3709 γε
238 3643 529 3706 ωῦτονὼς
558 3641 660 3693 οὐκ
689 3637 905 3691 εὔθετον
934 3636 1229 3702 ἀπώσατο;
1268 3636 1301 3707 ἢ
1334 3636 1491 3703 λόγου
1517 3638 1745 3707 βραχέος

153 3736 372 3806 aheni}
406 3734 494 3805 τῷ
532 3730 718 3801 πολλῷ
764 3728 962 3799 πλήθει
1009 3730 1335 3798 συναριθμεῖ
1360 3729 1468 3781 τῶν
1500 3730 1743 3795 πιστῶν;

153 3828 309 3896 ἡτῶν
363 3823 890 3897 πρωτοαποστόλων
943 3821 1089 3882 τινὸς
1120 3822 1268 3890 ἥττω
1305 3820 1611 3888 παρέσχετο
1644 3821 1742 3888 τὴν

148 3920 303 3989 τιμήν
326 3936 341 3984 ;
381 3916 702 3986 υῦμενουν.
741 3912 907 3982 Ὁμοῦ
935 3913 990 3965 δὲ
1011 3907 1118 3964 εῐδε
1143 3911 1349 3977 τοῦτον,
1381 3910 1568 3980 καὶτῷ
1591 3911 1744 3981 βάθει

148 4007 240 4076 τῆς
266 4008 507 4078 καρδίας
562 4003 732 4058 αὑτοῦ
782 4002 1064 4069 ἐνέϐλεψεν
1109 4001 1183 4064 ὡς
1212 4001 1367 4064 Θεὸς,
1424 4006 1518 4053 καὶ
1548 4002 1606 4054 ὃν
1642 4003 1746 4071 πρὸ

147 4100 451 4169 καταϐολῆς
486 4097 622 4167 ᾔδει
656 4093 750 4148 τοῦ
783 4094 987 4163 κόσμου
1031 4094 1111 4163 τῷ
1143 4092 1309 4145 αὑτοῦ
1364 4092 1575 4161 σώματι
1606 4093 1744 4163 σύμ-

150 4208 345 4261 μορφον
378 4191 687 4258 ἐσόμενον,
718 4187 904 4240 τοῦτον
942 4176 1052 4239 “καὶ
1084 4184 1413 4253 σωματικῶς
1463 4185 1588 4256 ἀρτι
1625 4203 1745 4253 φοι-

146 4282 306 4335 τῶντα
330 4282 473 4353 παρ’
500 4278 683 4334 αὑτὸν
712 4276 854 4340 ἰδὼν,
888 4276 985 4347 τὴν
1007 4276 1099 4329 τοῦ
1131 4275 1249 4337 νοὸς
1282 4274 1444 4339 εὐθὺς
1488 4276 1743 4346 ᾑρέτισεν

146 4375 429 4446 εὐθύτητα,
496 4372 610 4425 καὶ
649 4369 709 4422 τὸ
742 4368 1038 4439 ἀκραιφνὲς
1086 4368 1301 4437 ἠγάσθη
1352 4368 1452 4436 τῆς
1483 4368 1738 4430 πίστεως,

146 4468 225 4518 καὶ
241 4467 301 4519 τὸ
320 4465 589 4535 καθαρὸν
607 4460 865 4530 ἠγάπησε
890 4460 986 4529 τῆς
1018 4459 1278 4521 διανοίας,
1301 4459 1396 4512 καὶ
1425 4458 1485 4511 τὸ
1517 4458 1743 4526 ἀληθευ-

1842 1993 2104 2047 Ecclesim
2134 1992 2534 2046 lucidissiinum
2573 1995 2794 2058 lumen,
2829 1999 2920 2065 qui
2953 1999 3153 2051 nedum
3186 2000 3409 2069 sapien-

1844 2085 2071 2137 tissimis
2108 2083 2477 2144 sermonibus,
2511 2082 2607 2136 sed
2652 2095 2704 2137 et
2732 2082 3033 2154 Scripturis
3082 2087 3281 2153 sacris,
3313 2089 3410 2143 sed

1842 2183 1895 2228 et
1919 2174 2130 2227 robusti
2152 2175 2318 2228 animi
2346 2177 2759 2241 certaminibus,
2784 2178 2877 2231 sed
2904 2189 2956 2232 et
2985 2181 3260 2233 athleticis
3285 2194 3412 2246 pas-

1844 2265 2112 2327 sionibus,
2142 2281 2307 2335 supra
2339 2266 2557 2320 modum
2610 2268 2822 2323 illustre
2871 2271 3193 2339 martyrium
3246 2286 3410 2323 suum

1846 2357 1956 2411 Deo
2007 2357 2342 2427 adimplevit.
2388 2356 2461 2422 Is,
2506 2357 2691 2411 audita
2736 2360 2888 2429 prius
2930 2356 3058 2415 Jesn
3113 2361 3410 2422 auditione.

1844 2447 2266 2517 haudquaquam
2297 2447 2701 2502 iucredulorum
2726 2465 2876 2505 more
2902 2466 3062 2507 aures
3092 2454 3364 2507 obturavit
3393 2470 3408 2518 ;

1844 2554 1943 2592 nec
1972 2554 2101 2592 vero
2133 2539 2342 2592 audivit
2388 2548 2619 2605 tantum,
2654 2549 2710 2593 at
2764 2542 2881 2597 sine
2945 2543 3260 2610 intellectu;
3312 2562 3410 2600 nec

1841 2646 1964 2685 cum
1997 2630 2276 2683 intellectu
2325 2630 2569 2699 quidem,
2617 2640 2672 2685 at
2700 2632 2818 2685 sine
2850 2632 2990 2698 ﬁde;
3023 2650 3123 2689 nec
3154 2637 3257 2689 lide
3286 2637 3410 2705 qui-

1843 2724 1991 2783 dem,
2032 2731 2087 2773 at
2122 2722 2291 2774 animi
2333 2722 2584 2775 socordia
2616 2724 2987 2793 praedicationi
3036 2727 3279 2780 auditum
3313 2728 3412 2781 ad-

1843 2815 2011 2867 movit
2044 2831 2057 2866 :
2088 2812 2338 2883 quinimo
2378 2813 2584 2867 carnali
2624 2816 2773 2867 omni
2826 2825 3009 2884 spreta
3057 2822 3409 2887 cegitatione,

1842 2905 1989 2957 omni
2031 2906 2286 2972 despecta
2320 2904 2653 2967 substantia,
2704 2914 3043 2960 tcrrenorum
3094 2910 3241 2961 omni
3288 2910 3413 2963 libi-

1841 2995 1968 3049 dine
2001 2994 2237 3064 perfecte
2260 3005 2591 3062 contempia,
2620 2996 2764 3047 cervi
2803 2996 2856 3049 in
2896 3011 3122 3062 morem,
3156 3000 3413 3053 vitalibus

1838 3089 2045 3143 Christi
2079 3089 2333 3144 laticibus
2362 3090 2717 3147 inebriamlus
2760 3107 2823 3146 ac
2852 3092 3187 3161 prolueudus
3217 3106 3411 3146 accur-

1764 3207 1809 3269 ε
1841 3181 1911 3233 rit
1941 3181 1993 3233 in
2026 3180 2113 3234 siti
2144 3179 2211 3232 ⁸³.

1916 3292 2057 3358 Quid
2090 3291 2254 3361 igitur
2281 3291 2562 3357 Dominus,
2602 3292 2723 3348 l‘ons
2762 3292 2853 3347 ille
2891 3294 3186 3356 donorum,
3241 3292 3414 3347 bono-

1845 3398 1965 3436 rum
1992 3384 2294 3452 plenitudo,
2327 3381 2505 3437 Patris
2529 3383 2989 3437 incommutabilis
3017 3384 3208 3449 ﬁgura,
3233 3381 3411 3437 deiﬁci

1846 3472 2084 3542 Spiritus
2112 3472 2312 3525 dator?
2342 3470 2391 3526 Is
2422 3472 2682 3525 nimirum
2707 3488 2940 3540 quanam
2983 3475 3210 3536 ratione,
3233 3487 3411 3543 quove

1848 3564 2049 3618 mentis
2084 3563 2303 3625 allecto,
2333 3571 2485 3617 tanto
2510 3571 2691 3615 actum
2719 3562 2931 3618 fervore
2959 3564 3285 3632 discipulum
3311 3565 3411 3619 ad—

1846 3654 2038 3708 misit?
2078 3654 2215 3707 Num
2243 3654 2402 3721 quasi
2439 3654 2621 3705 minus
2644 3652 2897 3707 idoneum
2918 3654 3155 3722 repulit?
3182 3664 3275 3707 aut
3305 3654 3412 3707 mi-

1844 3745 1997 3799 noris
2036 3743 2209 3797 fecit?
2244 3744 2325 3797 vel
2368 3743 2693 3811 promiscua:
2734 3742 2972 3796 ﬁdelium
3014 3743 3187 3795 turbae
3232 3757 3411 3796 annu-

1843 3835 2054 3888 merat?
2082 3842 2177 3887 aut
2210 3834 2420 3886 minore
2450 3835 2659 3886 honore
2706 3833 2868 3886 habet
2908 3847 2971 3886 ae
3023 3833 3191 3885 ullum
3246 3832 3412 3900 primi

1843 3929 2052 3981 ordinis
2092 3925 2433 3995 apostolum?
2478 3924 2693 3977 Minime
2710 3926 2952 3993 gentium
3000 3926 3175 3992 :quin
3200 3938 3322 3976 mox
3348 3937 3412 3976 ac

1845 4017 2001 4077 vidit,
2032 4026 2086 4069 et
2116 4000 2474 4075 velutDeus,
2518 4015 2665 4066 illius
2701 4015 2808 4066 alta
2843 4015 3079 4082 pectoris
3137 4015 3410 4080 inspexit;

1843 4126 2004 4176 quem
2034 4118 2159 4162 ante
2187 4106 2373 4161 mutuli
2404 4106 2851 4159 constitutionem
2890 4119 2992 4158 suo
3022 4105 3239 4172 corpori
3272 4119 3407 4157 con-

1844 4199 2073 4252 formcm
2122 4200 2237 4250 lore
2277 4203 2539 4250 noverat:
2570 4196 2633 4247 ad
2676 4210 2733 4248 se
2767 4195 2880 4262 jam
2934 4196 3095 4248 etiam
3139 4194 3408 4262 corporali

1843 4303 2032 4359 gressu
2060 4290 2367 4341 Venientem
2401 4301 2655 4349 cernens,
2694 4284 2815 4353 ejus
2833 4288 3019 4338 statim
3052 4287 3215 4338 animi
3250 4286 3411 4339 recti-

1850 4376 2095 4430 tudinem
2140 4374 2429 4443 probavit;
2463 4374 2581 4426 ﬁdei
2624 4374 2993 4427 sinceritatem
3043 4375 3272 4426 miratus
3302 4382 3407 4437 est,

1846 4468 2045 4521 mentis
2096 4467 2386 4535 puritatem
2413 4466 2642 4527 dilexit;
2680 4479 2967 4533 moresque
3014 4466 3126 4518 veri
3186 4474 3410 4520 tenaces

144 4562 276 4614 τιιιδν
303 4562 401 4615 τοῦ
444 4561 678 4629 τρόπον
709 4556 806 4608 καὶ
833 4555 1109 4608 ἄπλαστον
1135 4552 1471 4622 πεφιληκὼς,
1499 4555 1611 4616 τοῖς
1646 4570 1737 4604 πιο
1771 4552 1801 4605 Ε

1846 4569 2007 4627 atque
2040 4557 2316 4626 simplices
2360 4570 2575 4619 amans,
2626 4554 3066 4609 ﬁdelissimorum
3110 4555 3413 4626 discipulo-

147 4655 411 4716 στοτάτοις
449 4648 763 4704 συντάττει
787 4647 895 4699 τῶν
926 4645 1221 4716 ὁμιλητῶν.

1848 4665 1965 4703 rum
1995 4646 2227 4715 collegio
2257 4645 2521 4715 ailjnngil.

202 4743 305 4796 Καὶ
367 4741 587 4809 ἐπειδὴ
667 4738 783 4798 τοῖς
832 4736 1229 4806 πρεσϐυτάτοις
1306 4734 1747 4803 ὲγκαταλεγῆναι

1915 4738 2185 4804 Quoniam
2210 4752 2342 4791 vero
2378 4736 2520 4790 haud
2557 4734 2671 4788 ﬁeri
2732 4742 2964 4804 poterat,
3002 4742 3062 4787 ut
3111 4749 3270 4789 sacro
3295 4735 3411 4803 jam

144 4834 392 4886 ἀδύνατον
411 4829 515 4903 ἦν,
564 4831 679 4901 ἤδη
712 4828 814 4897 τῆς
844 4829 993 4898 ίερᾶς
1018 4827 1316 4889 δωδεκάδος
1343 4828 1749 4897 συμπεπληρω-

1844 4828 2181 4883 duodenario
2228 4826 2497 4894 completo
2552 4838 2803 4887 numero,
2856 4823 3255 4891 antiquissimis
3303 4825 3413 4879 illis

145 4926 327 4991 μένης.
381 4928 508 4988 τοῖς
563 4919 855 4989 δευτέροις
883 4919 982 4986 μὲν
1005 4916 1100 4987 τὴν
1133 4916 1286 4981 τάξιν
1309 4917 1593 4986 ὲναριθμεῖ
1617 4929 1631 4945 ⁶
1681 4919 1745 4985 τῇ

1845 4920 2140 4988 primisque
2165 4922 2508 4978 aecenseret;
2533 4914 2598 4967 iis
2624 4921 2899 4991 accenset,
2927 4915 3019 4981 qui
3045 4911 3267 4966 secundi
3293 4913 3413 4981 qui.

146 5018 465 5088 ἑϐδοματικῇ
529 5014 699 5081 λέγω
759 5010 943 5079 λογάδι
996 5009 1104 5062 τῶν
1163 5008 1454 5079 μαθητῶν·
1507 5011 1606 5079 τῆς
1638 5011 1748 5062 τῶν

1848 5011 1970 5063 dem
2008 5009 2218 5063 ordinis
2260 5015 2442 5061 essent
2484 4994 2864 5075 (septuaginta
2915 5004 3171 5057 nimirum
3224 5004 3412 5060 electis

144 5109 356 5175 πρώτων
387 5108 448 5160 δὲ
481 5106 737 5175 χάριτος
769 5098 1017 5165 καταξιοῖ
1041 5100 1135 5153 καὶ
1165 5098 1327 5169 τιμῆς
1348 5115 1363 5129 ο
1398 5093 1499 5163 οἷς,
1526 5099 1619 5151 καὶ
1653 5100 1746 5152 τοῦ

1848 5096 2183 5167 discipulis),
2226 5105 2282 5149 at
2318 5096 2615 5164 primorum
2665 5104 2843 5147 tamen
2878 5094 3050 5161 gratia
3097 5102 3153 5147 et
3204 5094 3412 5149 honore

147 5197 470 5269 Εὑαγγελίου
510 5194 740 5251 σεπτὸν
768 5193 1049 5262 ὑποφήτην
1080 5192 1241 5246 αὑτὸν
1277 5193 1413 5261 μετά
1441 5192 1634 5259 ταῦτα,
1654 5192 1748 5247 καὶ

1848 5200 2046 5259 auget;
2083 5205 2190 5260 qua
2217 5198 2269 5243 et
2297 5188 2642 5259 postmodum
2676 5186 2951 5255 Evangelii
2983 5189 3301 5255 praeclarum
3335 5188 3413 5240 in~

144 5293 369 5356 ἁξιόθεον
392 5288 818 5345 ἀποδείκνυσιν
842 5281 1193 5353 ἱεροφάντην.
1255 5282 1474 5351 Ἐπειδὴ
1507 5282 1615 5352 γάρ
1638 5284 1747 5336 τῶν

1849 5291 2162 5350 terpretem,
2199 5280 2554 5348 divinumque
2589 5294 2872 5332 sacrorum
2921 5279 3223 5332 antistitem
3258 5276 3409 5335 facit.

146 5384 248 5437 κατ’
282 5385 449 5439 αὑτὸν
482 5375 839 5453 μυστηρίων
874 5374 1172 5444 ἀκροατὴν,
1204 5373 1299 5426 καὶ
1336 5373 1443 5425 τῶν
1481 5374 1741 5426 θεοτελῶν

1848 5375 2005 5441 Quod
2035 5375 2182 5427 enim
2211 5388 2433 5427 suorum
2472 5380 2523 5424 te
2555 5370 2939 5440 mysteriorum
2968 5368 3294 5431 auditorem,
3324 5368 3408 5422 di-

147 5474 302 5541 ἔργων
358 5474 609 5528 ἐκείνων
637 5508 657 5533 ,
732 5465 827 5518 καὶ
882 5462 993 5516 τῶν
1033 5462 1313 5526 ζωοποιῶν
1358 5463 1737 5533 παθημάτων,

1846 5468 2208 5531 vinorumque
2235 5474 2456 5530 operum
2484 5460 2724 5524 illorum,
2754 5472 2816 5511 ac
2836 5457 3175 5511 viviﬁcarum
3201 5456 3411 5526 passio-

149 5566 228 5619 καὶ
278 5566 375 5637 τῆς
433 5559 831 5620 ἀναστάσεως
894 5556 987 5607 καὶ
1032 5553 1129 5623 τῆς
1191 5553 1511 5624 ἀναλήψεως
1575 5555 1739 5607 αὑτὸν

1845 5572 1996 5620 Ιιιιιιι,
2038 5552 2562 5621 resurrectionisque
2594 5560 2759 5621 atque
2813 5550 2865 5604 in
2900 5550 3097 5604 caelum
3135 5558 3402 5618 rereptio~

150 5658 369 5729 éﬁézmvs
424 5659 669 5729 μύστην
738 5648 832 5700 καὶ
886 5646 1110 5718 θεατήν·
1181 5647 1277 5698 καὶ
1342 5646 1434 5699 τοῦ
1490 5647 1739 5717 Πνεῦμα·

1849 5649 1935 5701 nis
1982 5645 2291 5716 cognitione
2352 5644 2640 5708 imbuerat,
2698 5642 3003 5713 horumque
3046 5648 3415 5711 spectatorem

207 5836 409 5893 "i‘sal.
454 5851 575 5901 ut,
613 5830 679 5885 5.
