4180 6434
745 420 844 485 291

1953 414 2247 475 NICETA’.
2280 412 2806 473 PAPIILAGOXIS

3896 411 3998 474 29?.

747 530 991 589 fecerat;
1042 524 1184 593 ignis
1213 522 1341 576 item
1398 522 1582 589 specie
1629 521 1857 593 delapso
1918 521 1973 574 in
2028 522 2328 590 discipulos

2431 536 2524 581 τος
2580 521 2678 588 μὲν
2754 519 3054 587 πυροειδῶς
3110 520 3198 572 ἐπ’
3250 519 3449 582 αντοῦς
3510 519 3821 587 κατιόντος.
3872 521 3999 581 ἴσως

748 617 959 687 Spiritu
990 624 1206 675 sancto.
1236 616 1353 683 pari
1383 630 1507 668 cum
1536 614 1843 683 corypbasis
1864 615 2191 682 compendio
2217 614 2316 666 do-

748 719 994 768 naverat,
1028 709 1322 778 omnisque
1360 708 1599 760 caelestis
1651 709 1896 760 muneris
1946 704 2319 775 participatio-

749 815 869 853 nem
907 797 1209 852 indulserat
1235 815 1249 861 ;
1280 808 1337 849 ut
1359 796 1502 864 quod
1536 797 1752 850 ordinis
1779 796 2096 866 praejudieio
2127 796 2322 849 deesse

746 890 1047 952 videretur,
1081 889 1189 941 alio
1234 888 1546 955 expleretur
1590 902 1851 951 munere;
1886 886 2071 955 implet
2106 886 2324 953 sapien-

749 982 847 1048 tia,
886 982 1074 1049 itnplet
1105 981 1311 1046 majore
1357 979 1532 1047 gratia
1570 987 1624 1031 et
1678 980 1940 1039 veritate;
1987 977 2169 1029 omnis
2194 978 2247 1029 in
2274 988 2325 1029 te

749 1071 1181 1141 dispensationis
1215 1069 1511 1123 dilucidam
1548 1071 1862 1139 claramque
1890 1070 2205 1121 memoriam
2232 1082 2324 1119 ex-

752 1167 909 1217 citat.
946 1163 1312 1225 Quamobrem
1347 1171 1491 1214 totus
1520 1161 1627 1215 Deo
1660 1160 1891 1221 :illlatus,
1924 1170 2089 1221 totus,
2116 1174 2149 1211 ο
2172 1160 2325 1213 beate

752 1255 960 1307 ltuit-el
1014 1254 1235 1306 Christo
1286 1253 1582 1317 excedens,
1618 1254 1844 1321 ejusque
1873 1253 2087 1305 fervens
2117 1252 2323 1321 Spiritu

750 1355 911 1409 ιιιςμιε
938 1345 1201 1396 instinctu
1236 1353 1423 1405 actus;
1460 1343 1588 1407 quin
1615 1343 1778 1393 etiam
1814 1356 2010 1409 magno
2038 1344 2323 1410 primoque

752 1451 815 1487 ac
844 1436 1089 1503 principe
1119 1434 1491 1504 apostolorum
1527 1431 1711 1493 Petro,
1745 1434 1819 1484 uti
1852 1432 1992 1485 fama
2018 1446 2119 1496 ρει,
2150 1435 2202 1485 in
2226 1434 2326 1486 hoc

752 1536 1085 1596 provocante
1137 1536 1300 1593 alque
1344 1525 1610 1593 jubente,
1654 1526 2004 1591 evangelicus
2054 1526 2323 1594 scriptor,

755 1623 1085 1688 baptismum
1144 1634 1339 1674 natras
1386 1629 1439 1673 et
1492 1619 1868 1681 tentationem,
1914 1618 2080 1671 ducto
2130 1618 2328 1672 divina:

752 1724 857 1765 tuae
884 1711 1206 1780 scriptionis
1252 1711 1475 1763 exordio
1504 1710 1573 1762 ab
1614 1710 1933 1762 ostensione
1964 1708 2090 1762 Jesu
2140 1709 2323 1763 Israel.

748 1807 1069 1862 Couseribis
1098 1820 1226 1858 vero
1253 1804 1627 1873 apostolorum
1658 1804 1978 1857 electionem
2005 1804 2326 1857 sublimem-

751 1916 857 1967 que
903 1897 1327 1968 legislationem,
1382 1912 1445 1949 ac
1506 1896 1780 1965 parabolis
1834 1898 2070 1950 intextas
2106 1895 2324 1951 divinas

752 1988 1172 2058 praedicationes
1201 2004 1216 2054 ;
1246 1990 1312 2042 ad
1340 1988 1455 2041 haec
1481 1987 1659 2041 omnis
1683 1989 1900 2056 generis
1945 1988 2084 2041 male
2116 1988 2324 2041 baben-

751 2082 882 2134 lium
916 2081 1257 2143 curationes,
1294 2080 1555 2145 variaque
1595 2077 1858 2129 miracula
1898 2093 1961 2130 ac
1987 2078 2040 2129 iu
2074 2076 2326 2132 Thaborc

750 2170 1316 2233 transformatimiem,
1344 2179 1435 2220 tuo
1461 2167 1537 2220 illi
1572 2182 1731 2220 sacro
1766 2166 1966 2220 inseris
1991 2178 2325 2219 commenta-

752 2265 855 2317 rio.
897 2264 1107 2316 Exinde
1142 2259 1522 2314 admirandum
1555 2258 1760 2312 Christi
1806 2255 2203 2328 Jerosolyuiam
2243 2260 2325 2311 in-

752 2372 1001 2427 gressum
1030 2354 1312 2416 edisseris,
1349 2354 1819 2420 inuocentumque
1848 2352 2117 2403 olivarum
2159 2350 2326 2404 ramis

752 2465 815 2502 ac
842 2448 1031 2502 stratis
1062 2446 1308 2501 vestibus
1340 2443 1601 2514 triumphi
1631 2444 1830 2513 specie,
1863 2443 2069 2495 clarum
2099 2442 2328 2497 comita-

754 2550 865 2593 tum
908 2547 960 2591 et
990 2538 1362 2606 acccplionem
1388 2553 1403 2601 ;
1432 2550 1644 2589 sacram
1676 2534 1911 2603 denique
1945 2549 2179 2597 caenam,
2206 2549 2332 2603 pro-

754 2630 1039 2692 ditionem,
1078 2628 1319 2695 iniquam
1356 2628 1704 2686 sententiam,
1746 2640 1989 2687 erucem,
2025 2623 2209 2686 funus,
2242 2639 2329 2677 se-

757 2724 1053 2793 pulturam,
1080 2718 1538 2772 resurrectionem
1559 2716 1647 2769 die
1674 2719 1833 2769 tertia
1859 2726 1907 2770 et
1934 2716 2325 2783 apparitionem

753 2826 919 2881 atque
962 2812 1015 2865 in
1053 2811 1255 2865 ctelum
1298 2810 1687 2877 receptiouem,
1717 2809 1888 2862 sacris
1915 2808 2327 2876 Scripturarttm

754 2902 1127 2956 monumentis
1164 2899 1517 2967 consignatis,
1556 2913 1622 2952 ne
1654 2914 1849 2967 magna
1897 2898 2092 2951 salutis
2131 2907 2330 2950 nostrze

756 2993 1013 3062 mysteria
1034 2990 1295 3044 memoria
1318 2988 1647 3052 dillluerent,
1676 2989 1892 3058 egregie
1940 2989 2157 3049 cavisti,
2197 2987 2327 3056 quin

753 3094 809 3139 et
859 3084 1120 3136 universo
1161 3093 1430 3135 terrarum
1476 3080 1617 3144 orbi,
1658 3079 2014 3146 omniumque
2046 3079 2326 3130 hominum

755 3175 954 3227 animis
1006 3172 1186 3241 (quod
1231 3180 1323 3223 tua
1374 3171 1698 3239 spectabat)
1730 3185 1983 3238 magnum
2048 3166 2327 3237 Evangelii

759 3266 943 3317 lumen
969 3263 1119 3317 claro
1151 3262 1328 3317 sidere
1348 3262 1581 3315 intulisti
1616 3277 1631 3314 :
1664 3262 1924 3330 pariaque
1957 3259 2330 3333 sacratissimo

756 3352 1034 3418 Mattlueo,
1055 3352 1369 3419 divinisque
1396 3351 1518 3404 aliis
1542 3348 1783 3417 Spiritus
1807 3349 2172 3420 scriptoribus
2197 3364 2328 3402 con-

756 3455 1019 3499 sentanea
1073 3444 1325 3509 idemque
1381 3440 1616 3494 valentia
1673 3441 1864 3493 eodem
1907 3441 2109 3507 Spiritu
2141 3440 2331 3493 elucu-

760 3537 979 3599 liratus,
1006 3548 1351 3588 communem
1396 3530 1615 3600 pietatis
1660 3545 1911 3599 veraeque
1960 3531 2221 3583 doctrinae
2253 3540 2331 3583 ιιι·

756 3626 980 3689 bellam,
1028 3624 1125 3676 abs
1172 3630 1224 3676 te
1280 3620 1659 3690 conscriptum
1709 3620 2061 3688 Evangeliqu
2120 3620 2332 3674 cunctis

756 3714 1118 3787 proposuisti.
2150 3726 2153 3731 '

831 3809 967 3862 Eum
1002 3808 1055 3861 in
1090 3803 1338 3864 modum.
1378 3802 1629 3857 eumdem
1670 3816 1732 3854 ac
1762 3801 1919 3871 primi
1969 3799 2199 3869 apostoli
2233 3800 2331 3852 ho-

759 3915 948 3955 norem
984 3905 1342 3957 consecutus,
1371 3893 1566 3948 iisdem
1592 3909 1811 3963 quoque
1842 3907 2140 3945 euttsessor
2169 3892 2333 3944 exsti-

761 3991 900 4043 tisti.
938 3987 1028 4041 Sic
1061 3986 1429 4055 apostolorum
1471 3983 1735 4053 principis
1761 3982 2026 4051 regnique
2067 3982 2330 4033 etelorum

758 4070 1039 4148 clavigeri,
1080 4079 1206 4131 boni
1246 4076 1396 4129 illius
1446 4074 1632 4130 statim
1663 4090 1691 4126 a
1723 4073 1943 4127 Christo
1987 4073 2223 4140 pastoris
2269 4086 2332 4124 ac

762 4168 1104 4225 successoris
1152 4175 1411 4229 sectator,
1446 4165 1678 4232 ejusque
1700 4163 1848 4216 omni
1886 4160 1998 4216 fere
2023 4163 2240 4216 civitate
2271 4178 2332 4215 ac

761 4271 922 4331 gente
954 4261 1238 4321 itinerum,
1296 4271 1725 4325 sermonumque
1767 4269 1831 4308 ac.
1875 4255 2331 4322 disputationum,

762 4369 979 4408 necnon
1041 4352 1325 4422 signorum
1374 4364 1438 4403 ac
1480 4348 1855 4417 prodigiorum
1917 4347 2121 4409 socius,
2189 4347 2334 4400 illius

762 4453 1048 4513 tantopere
1076 4442 1275 4509 spiritu
1310 4440 1596 4509 sacrisque
1646 4437 1924 4507 Evangelii
1957 4436 2333 4491 [unctionibus

761 4546 926 4603 atque
957 4535 1079 4588 aliis
1146 4534 1388 4603 Spiritus
1431 4532 1931 4586 ministrationibus
1975 4530 2245 4594 claruisti,
2277 4537 2335 4582 ut

762 4628 883 4697 ejus
916 4627 1091 4697 ipsius
1120 4627 1174 4679 in
1200 4626 1397 4696 spiritu
1436 4625 1605 4680 Filius
1637 4635 1751 4679 tant
1777 4624 2092 4691 eﬂicereris,
2125 4634 2238 4677 tum
2265 4624 2341 4677 iu-

763 4723 908 4787 clyta
939 4719 1178 4773 nominis
1207 4718 1570 4789 appellatione
1600 4718 1890 4772 dicereris.

837 4810 966 4880 Ejus
1012 4811 1170 4879 jussu
1224 4823 1389 4878 atque
1448 4810 1887 4881 ordinationibus
1952 4808 2333 4863 Alexandriam

767 4897 984 4968 Egypti
1018 4898 1295 4966 profectus
1353 4897 1574 4951 Christo
1601 4899 1653 4951 in
1704 4914 1766 4953 ea
1804 4898 2096 4951 Ecclesiam
2133 4897 2338 4951 consti-

766 4994 920 5046 tuisti
957 5012 969 5045 :
1004 4992 1097 5045 illo
1137 4994 1255 5061 ipso
1314 4993 1643 5047 inconcusso
1702 4992 2059 5046 fundamento
2116 4991 2334 5060 posito;

766 5085 882 5153 ipse
932 5085 1115 5137 statim
1164 5100 1192 5135 a
1238 5084 1366 5137 Jesu
1402 5083 1894 5153 supersedillcmus,
1948 5082 2113 5150 inque
2160 5083 2332 5150 teipso

765 5186 997 5230 cunctos
1029 5176 1266 5229 tidelium
1313 5184 1492 5229 curtus
1540 5175 1890 5228 committens
1939 5185 2331 5242 coaptansque.

768 5271 844 5323 Ae
873 5271 1012 5337 quod
1049 5268 1457 5321 sacratissimus
1489 5266 1728 5319 Jacobus
1755 5264 2219 5335 Jerosolymorum
2247 5263 2338 5319 lic-

767 5362 968 5425 clesize,
995 5372 1047 5415 et
1078 5362 1161 5414 his
1194 5362 1286 5429 qui
1331 5370 1488 5413 erant
1517 5377 1578 5413 ex
1613 5360 2059 5422 circumcisione,
2099 5360 2200 5412 hoc
2225 5360 2338 5428 ipse

766 5453 1148 5508 Alexandrina:
1175 5471 1233 5505 ac
1264 5456 1530 5506 universa.-
1561 5451 1797 5522 AEgypto
1829 5452 2106 5506 exstitisti.

844 5751 952 5819 (55)
1002 5751 1180 5818 Ὅπερ
1221 5753 1252 5804 ό
1302 5750 1456 5817 ἱερὸς
1514 5748 1801 5811 Ἰάκωϐος.
1851 5747 2331 5817 Comparationem

768 5831 929 5893 auget
954 5820 1319 5892 Hieronymus
1365 5822 1419 5874 in
1451 5821 1719 5887 catalogo,
1762 5830 1981 5874 secutus
2011 5820 2329 5889 Eusebium,

2356 3226 2460 3297 0.?

2421 612 2534 670 τοῖς
2607 610 2926 678 κορυφαίοις
2976 610 3345 678 κατηξίωσεν·
3399 610 3656 661 κοινωνόν
3705 625 3765 662 τε
3822 610 4000 679 πάσης

3008 706 3259 769 ἀπέδειξε
3328 705 3576 774 δωρεᾶς,
3634 706 3723 758 ἵνα
3785 705 3845 757 τὸ
3895 704 4005 757 λεῖ-

2425 815 2524 849 πον
2582 797 2683 864 τῆς
2741 797 2951 861 τάξεως
3002 796 3069 848 δι’
3127 799 3315 866 ἐτέρου
3367 797 3707 867 χαρίσματος
3758 798 4003 864 ἀναπλη-

2426 890 2547 958 σθῇ·
2610 889 2808 958 πληροῖ
2870 890 2969 958 μὲν
3012 889 3224 956 σοφίας,
3290 890 3489 958 πληροῖ
3550 890 3605 942 δὲ
3670 891 4006 958 χαρίσματος

2435 981 2680 1049 μείζονος
2712 980 2807 1030 καὶ
2836 980 3091 1047 ἀληθείας
3111 996 3124 1008 ·
3176 981 3423 1031 ἀνακινεῖ
3459 979 3514 1031 δὲ
3548 980 3769 1048 μνήμην
3801 978 4005 1046 ἐναργῆ

2425 1074 2522 1139 τῆς
2545 1072 2674 1139 ὅλης
2718 1070 3028 1137 οἰκονομίας
3068 1072 3125 1121 ὲν
3156 1070 3257 1121 σοί.
3300 1070 3464 1121 ’ὉΟεν
3490 1072 3610 1132 ὅλος
3646 1069 3854 1127 ἔνθους,
3882 1070 4006 1129 ὅλος

2426 1164 2680 1228 ἑξεστὼς,
2709 1156 2753 1215 ὦ
2788 1162 3027 1230 μακάριε
3062 1163 3276 1230 Μάρκε,
3315 1161 3558 1230 Χριστῷ,
3604 1164 3698 1213 καὶ
3734 1162 3809 1229 τῷ
3836 1159 4003 1214 αὑτοῦ

2429 1253 2705 1319 "vatiuati.
2744 1252 3165 1322 διαθερμανθείς
3220 1270 3279 1305 τε
3330 1253 3423 1304 καὶ
3465 1254 3862 1322 ὲμπνευσΟεὶς,
3912 1253 4010 1304 καὶ

2428 1343 2533 1395 ὑπὸ
2579 1343 2675 1395 τοῦ
2747 1344 2981 1413 μεγάλου
3039 1342 3094 1395 δὲ
3155 1344 3249 1394 καὶ
3298 1340 3749 1411 πρωταποστίλου
3802 1340 4011 1408 Πέτρου

2428 1435 2850 1504 παρακινηθεὶς,
2882 1435 2958 1497 ὥς
2995 1436 3058 1503 γέ
3095 1450 3252 1502 φασι,
3279 1436 3415 1503 πρὸς
3448 1441 3604 1487 τοῦτο
3650 1434 3746 1487 καὶ
3774 1450 4015 1502 προτρα-

2428 1526 2572 1589 πεὶς,
2608 1526 2934 1596 εὐαγγελίζῃ
2989 1527 3089 1595 μὲν
3122 1524 3221 1594 τὴν
3269 1524 3519 1593 βάπτισιν
3553 1525 3645 1575 καὶ
3684 1523 3774 1574 τὸν
3822 1540 4016 1589 πειρα-

2430 1616 2587 1684 σμὸν,
2621 1616 2796 1684 ἀρχὴν
2834 1615 2933 1682 τῆς
2976 1615 3117 1666 κατά
3162 1617 3220 1667 σὲ
3254 1614 3611 1667 Θεοπνεύστου
3641 1614 3884 1683 Γρσφῆς,
3914 1611 4018 1681 τὴν

2428 1704 2698 1770 ἀνάδειξιν
2736 1705 2872 1774 πρὸς
2919 1704 3011 1756 τὸν
3046 1705 3266 1773 Ἰσραὴλ
3312 1705 3747 1774 ἀναταττόμενος
3778 1706 3871 1758 τοῦ
3910 1705 4022 1775 Ἰη-

2431 1793 2549 1846 σοῦ·
2585 1794 2908 1863 εὐαγγελίζῃ
2943 1794 2998 1846 δὲ
3028 1794 3135 1845 τῶν
3187 1796 3499 1847 ἀποστόλων
3526 1797 3623 1863 τὴν
3646 1795 3875 1862 ἐκλογὴν
3919 1799 4020 1849 καὶ

2421 705 2623 774 ὁμοίως
2680 706 2938 774 οὐρανίας

2356 1867 2397 1921 Β
2425 1886 2517 1955 τὴν
2562 1886 2770 1954 ὑψηλὴν
2805 1887 3146 1954 νομοθεσίαν,
3184 1888 3279 1940 καὶ⁵
3304 1888 3400 1950 τὰς
3428 1888 3805 1959 παραδολικὲις
3834 1888 4023 1940 05010-

2426 1977 2573 2043 γίας’
2610 1975 2745 2044 πρὸς
2774 1975 2832 2028 δὲ
2878 1976 2973 2028 καὶ
3022 1977 3122 2039 τὰς
3160 1978 3512 2041 παντοδαπὰς
3545 1979 3652 2030 τῶν
3683 1978 3869 2041 κακῶς
3898 1993 4014 2034 πα·

2428 2068 2665 2136 σχόντων
2696 2067 3011 2135 θεραπείας,
3062 2068 3157 2121 καὶ
3211 2070 3279 2121 τά
3338 2068 3558 2121 ποικίλα
3587 2068 3860 2137 θαύματα,
3907 2070 4013 2122 καὶ

2425 2160 2524 2228 τὴν
2567 2160 2663 2210 ἐπὶ
2691 2158 2783 2211 τοῦ
2824 2158 3105 2228 Θαδωρίου
3162 2162 3589 2231 μεταμορφωσιν
3630 2166 3697 2233 τῇ
3731 2164 3853 2234 ἱερᾷ
3892 2165 4026 2215 ἐπι-

2429 2249 2697 2319 συνεὶρεις
2745 2250 2959 2319 Γραφῇ·
3011 2252 3103 2302 ἐπὶ
3146 2250 3358 2314 τούτοις
3390 2253 3490 2323 τὴν
3533 2254 3840 2324 θαυμασίαν
3885 2255 4027 2324 Χρι-

2429 2341 2555 2394 στοῦ
2591 2341 2727 2411 πρὸς
2774 2341 2873 2411 τὴν
2923 2340 3285 2414 Ἰερουσαλὴμ
3314 2344 3547 2396 είσοδίαν
3580 2344 3881 2415 θεηγορείς,
3924 2348 4028 2398 καὶ

2426 2435 2525 2502 τὴν
2561 2434 2700 2503 μετά
2726 2435 2935 2488 κλάδων
2967 2434 3183 2497 ἐλαιῶν,
3210 2436 3306 2487 καὶ
3332 2435 3562 2503 ἱματίων
3594 2434 3882 2505 στρώσεως
3907 2436 4029 2488 τῶν

2429 2528 2814 2595 ἁπειροκάκων
2859 2526 3185 2597 δορυφορίαν
3219 2529 3311 2581 καὶ
3343 2527 3610 2592 δεξίωσιν.
3658 2528 3780 2580 Ἐπὶ
3804 2525 4031 2590 τούτοις

2426 2619 2486 2671 τὸ
2518 2620 2731 2671 δεῖπνον
2759 2619 2820 2671 τὸ
2850 2620 3016 2691 ἱερὸν,
3060 2618 3159 2689 τὴν
3190 2619 3505 2689 προδοσίαν,
3550 2620 3647 2690 τὴν
3677 2620 3859 2673 ἄδικον
3886 2620 4026 2690 κρί-

2431 2726 2535 2773 σιν,
2562 2710 2654 2762 τὺν
2702 2710 2957 2780 σταυρὸν,
2986 2709 3084 2780 τὴν
3134 2711 3376 2780 κηδείαν,
3404 2711 3505 2781 τὴν
3534 2712 3731 2779 ταφὴν,
3767 2712 3868 2780 τὴν
3900 2728 4035 2779 τρι-

2428 2803 2635 2872 ήμερον
2658 2803 2956 2856 ἀνάστασιν
2990 2804 3085 2856 καὶ
3111 2804 3402 2871 ἐμφάνισιν
3432 2804 3523 2856 καὶ
3547 2802 3834 2872 ἀνάληψιν,
3872 2804 4034 2874 ἱερο-

2431 2894 2643 2961 λογίαις
2665 2894 2839 2955 θείαις
2878 2894 3239 2963 συντεταχὼς,
3266 2894 3366 2946 οὐκ
3400 2894 3620 2963 ἀφῆκας
3649 2894 3787 2964 λήθῃ
3816 2893 3887 2947 τά
3924 2911 4037 2964 με.

2430 2986 2571 3054 γάλα
2618 2987 2718 3053 τῆς
2758 2987 2916 3054 ἡμῶν
2958 2987 3232 3055 σωτηρίας
3278 2988 3551 3056 μυστήρια
3602 2988 4031 3058 παραρρυἦσαιο

2430 3083 2494 3149 τῇ
2525 3080 2821 3150 οἰκουμένῃ
2870 3080 2926 3131 δὲ
2962 3079 3132 3149 πάσῃ,
3181 3079 3276 3130 καὶ
3315 3078 3518 3140 πάσαις
3567 3078 3870 3146 ἀνθρώπων
3912 3079 4032 3148 ψυ-

2435 3173 2577 3240 χαῖς,
2611 3172 2733 3222 ὅσον
2762 3172 2853 3222 ὲπὶ
2881 3172 2987 3233 σοὶ,
3012 3170 3072 3222 τὸ
3109 3170 3249 3240 μέγα
3277 3171 3369 3222 τοῦ
3395 3170 3726 3237 Εὑαγγελίου
3758 3172 4038 3239 ἐνήστρα-

2432 3262 2542 3332 ψας
2586 3263 2723 3331 φῶς*
2753 3264 2847 3315 καὶ
2876 3261 2954 3331 τῷ
2985 3260 3116 3331 ἱερῷ
3156 3262 3421 3332 Ματθαίῳ
3456 3263 3747 3331 ἐφάμιλλα,
3782 3262 3878 3315 καὶ
3905 3265 4037 3324 τοῖς

2433 3354 2612 3417 ἄλλοις
2648 3354 3146 3424 μυσταγωγράφοις
3174 3353 3268 3405 τοῦ
3298 3354 3635 3422 Πνεύματος,
3666 3352 3925 3423 σύστοιχά
3965 3370 4039 3407 τι

2434 3444 2531 3495 καὶ
2564 3443 2884 3513 ὁμοδύναμα
2904 3443 2980 3511 τῷ
3016 3444 3115 3512 ἴσῳ
3147 3442 3424 3513 Πνεύματι
3451 3443 3792 3513 διαθέμενος,
3828 3460 4043 3496 κοινωο

2432 3534 2522 3585 νὸν
2554 3531 2572 3604 [
2601 3533 2676 3585 al.
2702 3532 2901 3604 κοινὸν]
2930 3532 3214 3595 εὐσεόείας
3234 3536 3328 3587 καὶ
3356 3533 3763 3603 ἀληθογνωσίας
3815 3532 4044 3586 πίνακα.

2437 3627 2572 3678 πᾶσι
2610 3625 2666 3676 τὸ
2704 3626 2843 3678 κατὰ
2879 3626 2938 3676 σὲ
2966 3625 3321 3693 προτεθεικας
3352 3626 3700 3695 Εὑαγγέλιον.

2505 3810 2661 3863 Οὕτω
2690 3813 2799 3873 τοῖς
2833 3810 3307 3877 πρωταποστκελοις
3328 3810 3680 3882 κατηξιὼΟης
3707 3812 3894 3882 τιμῆς,
3927 3813 4048 3866 καὶ

2436 3901 2804 3972 συγκάοεδρος
2848 3902 3224 3971 ὲχρημάτισας
3256 3903 3367 3964 τοῖς
3401 3904 3606 3963 αὐτοῖς.
3632 3901 3791 3956 Οὕτω
3813 3902 3892 3972 τῷ
3928 3919 4050 3955 κο-

2437 3993 2671 4064 ρυφαίῳ,
2709 3996 2802 4047 καὶ
2847 3995 2945 4063 τῆς
2978 3994 3073 4047 τοῦ
3109 3993 3244 4047 θεοῦ
3283 3994 3579 4064 κλειδούχῳ
3624 3994 3928 4063 βασιλείας,
3968 3995 4048 4047 τὸ

2439 4085 2577 4154 μετά
2608 4085 2843 4153 Χριστὸν
2873 4085 3035 4148 εὐθὺς
3060 4084 3250 4155 ἀγαθῷ
3274 4085 3497 4155 ποιμένι
3532 4086 3628 4137 καὶ
3656 4084 3885 4153 διαδόχῳ
3910 4086 4003 4139 [li
4020 4113 4051 4127 -

2434 4193 2549 4245 τρῳ
2620 4175 3036 4228 κατακολουθῶν
3065 4216 3079 4240 ,
3142 4179 3235 4229 καὶ
3303 4177 3412 4229 τῶν
3478 4176 3622 4229 κατά
3687 4178 3869 4229 πᾶσαν
3936 4193 4055 4246 μι-

2434 4264 2570 4335 κροῦ
2616 4247 2768 4318 πολιν
2809 4267 2903 4318 καὶ
2948 4267 3053 4318 πᾶν
3091 4265 3241 4329 ἔθνος
3278 4266 3566 4336 περιόδων,
3608 4265 3784 4332 λόγων
3832 4280 3892 4317 τε
3935 4267 4057 4318 καὶ

2439 4358 2731 4425 συλλόγων,
2777 4357 3020 4427 σημείων
3058 4374 3116 4410 τε
3143 4358 3239 4411 καὶ
3272 4358 3516 4429 τεράτων
3542 4356 3692 4426 αὐτῷ
3723 4355 4055 4423 κοινωνῶν,

2438 4451 2533 4502 ἐπὶ
2573 4449 2828 4502 τοσοῦτον
2882 4449 3045 4502 αὑτοῦ
3080 4448 3158 4518 τῷ
3188 4452 3495 4518 πνεύματι,
3545 4451 3665 4511 ταῖς
3700 4465 3757 4499 τε
3818 4448 4062 4517 ἱερολο-

2373 4569 2412 4622 D
2441 4540 2587 4606 γίαις
2622 4538 2717 4591 τοῦ
2752 4537 3109 4605 Εὐαγγελίου,
3139 4542 3259 4601 ταῖς
3276 4538 3323 4591 τ’
3357 4539 3541 4601 ἄλλαις
3578 4539 3670 4592 τοῦ
3705 4540 4060 4606 Πνεύματος

2443 4628 2779 4698 ἱερουργίαις
2834 4630 2929 4680 καὶ
2970 4629 3283 4693 διακονίαις
3333 4632 3726 4701 εὐηρέστησας,
3752 4629 3896 4683 ὥστε
3934 4635 4065 4684 καὶ

2443 4722 2521 4781 εἰς
2562 4721 2676 4771 υἱὸν
2708 4718 2853 4788 αὐτῷ
2886 4721 3024 4772 κατὰ
3060 4719 3275 4790 πνεῦμα
3310 4722 3567 4790 γενέσθαι
3598 4725 3691 4775 καὶ
3733 4720 4061 4791 κληθῆναι.

2512 4809 2643 4870 Ταῖς
2668 4808 2833 4861 αὑτοῦ
2879 4808 2934 4861 δὲ
2973 4814 3310 4880 προτροπαῖς
3362 4812 3455 4865 καὶ
3506 4812 3885 4882 προχειρίσεσι
3933 4820 4064 4868 καὶ

2437 4898 2534 4966 τὴν
2569 4900 2689 4949 κατ’
2737 4897 3013 4965 Αἴγυπτον
3058 4899 3465 4969 Ἀλεξάνδρειαν
3506 4901 3851 4964 καταλαϐὼν,
3899 4904 4064 4957 Ἐκο

2438 4988 2665 5057 κλησίαν
2723 4991 2779 5041 ὲν
2834 4990 2972 5059 αὐτῇ
3025 4992 3309 5059 ἀνεστὴσω
3340 4991 3580 5062 Χριστῷο
3614 4992 3891 5064 ἄρρηκτον
3932 4998 4068 5064 μὲν

2441 5078 2687 5147 Θεμέλιον
2736 5081 2942 5131 ἐκεῖνον
2996 5080 3399 5149 καταθέμενος’
3435 5080 3596 5145 εὐθὺς
3650 5082 3704 5134 δὲ
3756 5082 3897 5149 μετά
3931 5087 4071 5139 ’τον

2456 5170 2661 5240 Ἰησοῦν
2716 5173 3237 5241 ὲποικοδομούμενος
3295 5172 3497 5235 αὐτὸς,
3563 5176 3655 5227 καὶ
3714 5176 3800 5241 ἐφ’
3850 5176 4076 5249 ἑαυτῷ

2446 5264 2625 5315 πάντα
2651 5265 3072 5334 συναρμολογῶν
3104 5267 3198 5319 καὶ
3227 5266 3582 5336 συμϐιϐάζων
3602 5269 3670 5320 τά
3703 5272 4079 5339 συστήματα

2445 5354 2551 5405 τῶν
2591 5355 2834 5406 πιστῶν·
2892 5357 2988 5409 καὶ
3035 5359 3169 5426 ὅπερ
3208 5360 3236 5409 ὁ
3292 5359 3435 5428 ἱερὸς
3495 5360 3745 5423 Ἰάκωϐος
3800 5362 3924 5429 (55)
3987 5371 4077 5439 τῇ

2446 5445 2587 5496 κατὰ
2622 5444 2975 5515 Ἰερουσαλὴμ
3017 5447 3333 5517 Ἐκκλησία.
3352 5449 3447 5501 καὶ
3475 5452 3587 5514 τοῖς
3613 5451 3677 5501 ἐκ
3701 5454 4080 5523 περιτομῆς,

2442 5534 2601 5586 τοῦτο
2631 5536 2725 5587 καὶ
2761 5536 2923 5598 αὐτὸς
2953 5537 3144 5608 ἐκείνῃ
3183 5540 3249 5605 τῇ
3306 5539 3482 5602 πόλει,
3518 5540 3615 5592 καὶ
3651 5542 3717 5611 τῇ
3760 5542 4083 5619 Αἰγύπτῳ

2443 5625 2596 5697 πάσῃ
2633 5627 3070 5696 κεχρημάτικας.

2444 5763 2504 5834 ιιι
2529 5756 2691 5834 solet,
2722 5756 2759 5810 I.
2795 5772 2854 5822 ιι,
2904 5773 2953 5834 c_.
3001 5759 3087 5834 l7,
3146 5760 3237 5834 ubi
3276 5759 3484 5834 multis
3511 5761 3833 5834 contendit,
3893 5782 4089 5833 qurs

2445 5825 2601 5879 l’hilo
2634 5837 2891 5895 tauquam
2918 5829 3136 5885 Judtcos
3169 5830 3380 5894 laudat,
3404 5830 3560 5885 Libro
3590 5832 3652 5885 de
3674 5825 4089 5910 supplicibus:
