4180 6434
165 468 261 528 293

938 468 1221 530 ORATIO
1249 468 1366 528 XV.
1409 493 1476 506 -
1541 467 1623 528 IN
1655 463 1968 527 LAUDEM
2003 463 2065 524 S.
2106 465 2344 527 MARCI
2379 463 2630 526 APOST.

3303 465 3409 530 294

223 577 354 630 Δυσὶ
385 575 519 644 γοῦν
549 577 662 639 τοῖς
693 575 956 631 ἀνωτάτω
985 576 1077 629 τοῦ
1110 577 1424 647 Πνεύματος
1453 576 1731 647 χαρίσμα-

1907 572 2114 642 Duplici
2143 575 2327 646 itaque
2357 589 2615 646 supremo
2643 574 2883 644 Spiritus
2906 590 3130 632 munere
3156 585 3400 645 (aposto-

163 686 256 732 σιν,
287 666 639 739 ἀποστολικῷ
690 685 751 722 τε
805 669 900 720 καὶ
949 666 1250 739 ἱεραρχικῷ
1278 668 1731 740 κατηρτισμένος,

161 760 229 829 τῷ
257 761 354 829 μὲν
387 759 524 830 πρὸς
573 759 700 823 τοὺς
748 759 852 824 ἔξω
905 759 1004 828 τῆς
1061 760 1317 826 πίστεως,
1365 760 1442 832 τῷ
1493 762 1550 815 δὲ
1598 761 1733 830 πρὸς

159 852 274 914 τοὺς
297 851 365 905 δι’
404 852 571 905 αὑτοῦ
617 852 971 916 πιστεύοντας
998 855 1024 907 ό
1062 852 1480 923 μακαριώτατος
1509 853 1729 926 ἐχρῆτοο

161 947 246 1000 καὶ
269 939 356 998 οἵα
419 946 521 1016 μὲν
552 945 869 1012 ἀπόστολος,
921 945 1058 1017 πρὸς
1089 946 1212 1009 τοὺς
1246 946 1622 1013 ἑλληνίζοντας
1654 949 1732 1004 ἔτι

159 1037 690 1108 παρρησιαζόμενος,
746 1037 1082 1108 παρακαλῶν
1109 1077 1124 1103 ,
1165 1037 1450 1102 νουθετῶν,
1496 1040 1734 1110 ἐλέγχων

161 1129 248 1197 τὴν
276 1127 559 1192 ἀσέϐειαν,
595 1127 869 1201 διασύρων
909 1130 1010 1198 τὴν
1040 1130 1350 1198 ἀσέλγειαν,
1381 1131 1732 1202 θριαμϐεύων

158 1218 245 1289 τὴν
293 1219 400 1288 τῆς
446 1219 742 1290 θρησκείας
795 1222 1166 1291 ματαιότητα,
1217 1223 1734 1293 παραδειγματίζων

161 1313 256 1363 τῶν
302 1312 672 1381 σεϐασμάτων
713 1312 812 1383 τὴν
855 1313 1187 1384 σαθρότητα,
1229 1316 1735 1386 διαμαρτυρόμενος

158 1402 206 1454 δὲ
233 1403 324 1454 τὸν
353 1402 470 1456 τῶν
503 1403 639 1456 ὅλων
662 1404 1007 1474 Δημιουργὸν
1041 1406 1138 1459 καὶ
1162 1407 1391 1476 συνοχέα
1420 1407 1573 1462 Θεόν.
1609 1409 1735 1460 Δια-

161 1492 567 1561 μαρτυρόμενος
594 1493 878 1546 πιστεύειν
900 1495 1020 1564 Θεῴ
1048 1494 1212 1558 ζῶντι
1243 1496 1334 1549 καὶ
1357 1497 1613 1568 ἀληθινῷ,
1641 1499 1736 1550 κα)⁸

156 1582 225 1650 τῷ
253 1583 423 1635 αὑτοῦ
461 1583 620 1654 Λόγῳ
680 1584 756 1648 ὡς
827 1589 1066 1655 συμφυεῖ
1121 1589 1214 1640 καὶ
1268 1591 1606 1660 ωνανάρχῳ,
1660 1589 1737 1652 ὡς

157 1674 482 1743 πρωτοτόκῳ
539 1676 722 1745 πάσης
762 1677 1012 1741 κτίσεως,
1045 1676 1140 1730 καὶ
1172 1679 1467 1746 Μονογενεῖ
1490 1696 1503 1709 ·
1535 1680 1736 1733 εἰδέναι

154 1766 204 1816 δὲ
234 1766 327 1817 ml.
362 1765 591 1836 Πνεῦμα
638 1765 700 1819 τὸ
754 1767 908 1835 ἅγιον
955 1767 1031 1831 ὡς
1091 1769 1352 1840 ὁμότιμον
1393 1771 1608 1832 τούτοις
1643 1771 1735 1824 καὶ

155 1853 442 1923 σῦνθρονον
492 1856 586 1908 καὶ
616 1856 865 1925 συμφυές
887 1874 898 1886 ·
931 1857 1220 1924 διδάσκων,
1260 1861 1356 1911 καὶ
1404 1861 1736 1929 παρακαλῶν

1837 663 1944 719 lico
1966 663 2180 720 scilicet
2209 675 2264 720 et
2285 666 2629 722 hierarchico
2648 680 2743 722 seu
2769 666 3070 738 pontiﬁcio)
3101 665 3370 736 perfectus
3391 707 3407 733 ,

1833 757 2006 813 altero
2035 756 2255 827 quidem
2283 759 2365 813 vir
2396 760 2748 816 beatissimus
2769 774 2890 828 erga
2925 775 3020 814 eos
3047 759 3298 814 utebatur
3317 759 3412 828 qui

1834 858 2082 904 extranei
2112 865 2142 904 a
2181 851 2285 904 lide
2310 861 2465 906 erant
2485 893 2500 917 ,
2541 854 2714 907 altero
2738 851 2790 906 in
2814 867 2929 917 eos,
2954 851 3044 920 qui
3075 852 3220 908 illius
3244 865 3410 922 opera

1835 940 1901 993 ad
1958 939 2116 995 [idem
2166 942 2570 1007 accessissent;
2626 959 2710 1008 ac,
2759 958 2856 1013 pro
2906 943 3136 1011 apostoli
3186 943 3406 1009 quidem

1836 1047 2084 1097 munere,
2128 1033 2193 1088 ad
2221 1049 2316 1088 eos
2347 1035 2439 1102 qui
2469 1033 2783 1088 Graecanico
2815 1034 2993 1088 adlmc
3033 1049 3220 1088 errore
3252 1043 3402 1089 tene-

1836 1112 2030 1176 rentur
2068 1126 2299 1193 loquens
2346 1125 2540 1191 libere,
2579 1127 2900 1189 obsecrans,
2955 1126 3270 1195 increpans,
3319 1142 3411 1180 ar-

1837 1214 2394 1284 gueusimpietatem,
2428 1215 2830 1284 impudicitiam
2876 1229 3167 1280 accusans,
3218 1228 3413 1282 super-

1837 1305 2079 1359 stitionis
2105 1307 2396 1360 vanitatem
2424 1305 2740 1362 traducens.
2765 1304 3050 1357 numinum
3074 1305 3410 1358 debilitatem

1837 1397 2173 1467 suggillatis;
2219 1400 2709 1466 universorumque
2744 1397 3054 1450 Creatorem
3092 1405 3145 1450 et
3189 1412 3403 1450 conser.

1837 1496 2080 1543 vatorem
2141 1488 2313 1543 Deum
2369 1499 2704 1544 contestans.
2764 1488 3094 1544 Contestans
3154 1488 3411 1542 nimirum

1839 1577 1949 1632 Deo
1974 1581 2095 1634 vivo
2134 1596 2196 1634 ac
2221 1596 2348 1635 vero
2378 1582 2623 1641 credere,
2654 1581 2886 1650 ejusque
2915 1579 3117 1644 Verbo,
3168 1578 3412 1648 ejusdem

1839 1671 2051 1725 scilicet
2083 1687 2146 1726 ac
2180 1672 2269 1725 ille
2303 1680 2535 1735 natum,
2568 1687 2629 1725 ac
2663 1682 2960 1736 coaeterni),
2993 1684 3251 1737 tauquam
3289 1670 3407 1738 pri-

1840 1767 2116 1836 mogenito
2160 1767 2342 1820 omnis
2387 1775 2656 1821 creaturae
2690 1766 2759 1826 ⁵⁵,
2793 1774 2846 1819 et
2883 1764 3197 1834 Unigeuito.
3258 1764 3414 1818 Scire

1840 1875 1969 1912 vero
2027 1861 2189 1912 etiam
2250 1858 2514 1928 Spiritum
2569 1869 2840 1921 sanctum,
2896 1867 3156 1926 tanquam
3198 1857 3311 1926 pari
3350 1870 3414 1910 ac

155 1947 428 1998 πιστεύειν
461 1948 556 2000 καὶ
590 1952 942 2018 προσκυνεῖν,
986 1949 1207 2018 Πατέρα
1244 1952 1343 2020 μὲν
1389 1950 1465 2014 ὡς
1506 1951 1736 2022 ἀγέννη-

1839 1949 1914 2002 illi
1974 1953 2180 2002 honore
2234 1956 2285 2002 et
2330 1949 2628 2017 dignitate,
2693 1950 2990 2018 eademque
3044 1949 3172 2002 sede
3238 1947 3417 2001 subli-

151 2053 235 2087 τον
260 2039 355 2090 καὶ
377 2038 492 2091 τῶν
525 2039 664 2092 ὅλων
692 2041 890 2104 αἴτιον,
928 2040 1022 2092 καὶ
1055 2041 1411 2112 προάναρχον
1437 2042 1543 2094 τῶν
1570 2043 1738 2096 ὄντων

153 2131 363 2182 πάντων
405 2131 583 2201 ἀρχὴν
605 2148 618 2160 ’
658 2130 788 2183 Υἱδν
812 2130 888 2191 δὲ,
919 2129 994 2192 ὡς
1048 2132 1114 2184 ἐκ
1162 2131 1256 2185 τοῦ
1292 2134 1500 2203 [ἰατρὸς
1535 2133 1737 2202 γεννώ-

155 2237 306 2286 μενον
341 2221 697 2289 προαιωνίως
750 2223 844 2275 καὶ
889 2222 1250 2292 ύπερουσίως’
1299 2225 1395 2278 καὶ
1427 2225 1649 2294 Πνεῦμα
1682 2225 1738 2276 δὲ

152 2309 205 2359 τὸ
232 2311 409 2376 ἅγιον,
445 2311 522 2373 ῶς
547 2311 610 2362 ὲκ
632 2311 730 2377 τῆς
763 2309 935 2380 αὐτῆς
961 2313 1140 2376 αἰτίας
1163 2313 1557 2384 ὑπερανάρχως
1583 2313 1738 2379 ὲξαλ-

150 2399 390 2468 ἱκόμενον.
427 2400 722 2472 Παραινῶν
746 2401 800 2454 δὲ
832 2403 927 2456 καὶ
957 2404 1419 2474 παρεγγυώμενος
1453 2406 1548 2479 ὅλῃ
1578 2405 1738 2459 δυνά-

153 2508 233 2558 μει
264 2494 359 2544 καὶ
386 2491 487 2544 τοῦ
520 2493 638 2557 ἐνὸς
670 2493 769 2560 τῆς
812 2496 1136 2565 ύπερουσίου
1175 2496 1380 2566 ταύτης
1412 2499 1506 2552 καὶ
1536 2516 1736 2569 μοναρ-

149 2584 300 2651 χικῆς
340 2584 579 2654 Τριάδος
610 2584 711 2652 τὴν
736 2584 1117 2656 φιλάνθρωπον
1149 2587 1379 2640 κένωσιν
1412 2589 1732 2656 ἐπιγνῶναι,

149 2673 364 2726 καὶτοῦ
402 2673 546 2727 Θεοῦ
577 2674 753 2742 Λόγου
808 2676 907 2745 τὴν
971 2677 1247 2745 σάρκωσιν
1309 2678 1384 2749 μὴ
1439 2680 1734 2733 ἀπαναίνε-

150 2764 287 2816 σθαι·
318 2765 462 2817 ἀλλά
509 2767 601 2817 καὶ
660 2766 758 2836 τὴν
808 2767 866 2832 ἐξ
920 2767 1090 2836 ἁγνῆς
1120 2772 1294 2837 κόρης
1326 2771 1601 2840 γέννησιν,
1640 2771 1734 2823 καὶ

147 2854 236 2923 τὴν
264 2853 354 2907 διὰ
386 2853 486 2906 τοῦ
532 2853 778 2907 Ἰωάννου
807 2856 1087 2924 βάπτισιν,
1118 2860 1211 2910 κα)⁸
1237 2857 1336 2928 τὴν
1369 2859 1733 2929 εύαγγελικὴν

144 2946 358 3014 διδαχὴν
411 2947 636 3008 πᾶσαν,
684 2945 760 3008 ὼς
797 2947 1067 3016 σωτήριον
1121 2948 1332 3011 πάντας
1371 2950 1733 3020 ἀποδέχεσθαι

147 3039 301 3106 νόμον
351 3038 452 3089 καὶ
513 3037 775 3106 ἀληθείας
815 3037 1066 3107 δόγματα
1106 3042 1432 3111 παρεκάλει·
1485 3043 1619 3112 πρὸς
1651 3043 1730 3106 δὲ,

145 3131 232 3179 καὶ
284 3129 385 3197 τὴν
450 3129 595 3197 ὑπὲρ
642 3128 800 3198 ἡμῶν
859 3130 1184 3201 σταύρωσιν,
1219 3133 1440 3185 καὶτὸν
1475 3133 1728 3196 θάνατον,

145 3221 230 3269 καὶ
274 3222 372 3288 τὴν
414 3220 652 3288 λόγχην,
696 3220 788 3272 καὶ
835 3220 931 3290 τὴν
967 3221 1147 3291 ταφὴν
1191 3222 1265 3292 μὴ
1308 3225 1728 3294 ἐπαισχύνεσθαι

143 3309 209 3371 ὡς
239 3312 451 3381 ἀσθενῆ
485 3312 584 3362 καὶ
621 3311 983 3364 ἐπονείδισταο
1012 3313 1148 3366 ἀλλὰ
1180 3315 1276 3384 τὴν
1303 3315 1361 3378 ἐξ
1405 3315 1533 3386 ᾅδου
1585 3335 1672 3388 τρι
1699 3345 1724 3356 ο

142 3402 344 3471 ἠςιερον
360 3403 488 3472 μετ’
507 3402 757 3466 ἐξουσίας
775 3405 1012 3474 ἔγερσιν,
1034 3407 1127 3457 καὶ
1144 3406 1242 3471 τὴν
1268 3410 1728 3473 συνεξαναστασιν

143 3494 242 3544 τῶν
268 3493 514 3565 νεκρῶν,
552 3495 649 3546 καὶ
676 3494 774 3564 τὴν
805 3498 883 3558 είς
915 3497 1145 3566 οὐρανὸν
1169 3499 1362 3551 ἄνοδον
1383 3499 1728 3570 θεωροῦντας

143 3589 224 3634 καί
256 3586 646 3649 πιστεύοντας,
677 3585 1158 3656 ὲλλαμπρύνεσθαι
1199 3588 1401 3658 μᾶλλον
1433 3593 1526 3643 καὶ
1570 3591 1727 3656 δοξὰ-

142 3677 365 3740 ςεσθαι,
410 3678 578 3747 εἰπερ
634 3677 771 3729 Θεοῦ
815 3679 1098 3747 δυνάμεως
1145 3679 1320 3732 ταῦτα
1371 3683 1728 3752 γνωρίσματα

144 3770 306 3838 σαφῆο
343 3770 664 3840 προσδοκᾷν
693 3769 750 3823 δὲ
780 3771 874 3823 καὶ
906 3771 1002 3841 τὴν
1035 3770 1094 3834 ἐξ
1119 3771 1350 3839 ούρανοῦ
1404 3774 1566 3827 πάλιν
1607 3775 1729 3826 δευ-

142 3860 300 3930 τέραν
349 3863 498 3930 μετὰ
523 3860 682 3928 δόξης
712 3863 1050 3930 ἐπιφάνειαν,
1080 3863 1175 3915 καὶ
1210 3865 1410 3928 παντὸς
1455 3864 1604 3918 τοῦδε
1635 3867 1728 3920 τοῦ

139 3955 342 4019 κόσμου
384 3955 487 4022 τὴν
532 3956 625 4006 ἐπὶ
695 3955 753 4006 τὸ
799 3957 1044 4024 κρεῖττον
1094 3955 1380 4010 ἀλλοίωσιν
1431 3959 1526 4010 καὶ
1564 3975 1730 4026 μετα-

143 4043 381 4110 ποίησιν,
437 4043 537 4094 καὶ
584 4041 694 4094 τῶν
738 4042 950 4111 νεκρῶν
978 4044 1078 4111 τὴν
1122 4045 1443 4108 ἀνάστασιν,
1481 4048 1574 4099 καὶ
1625 4047 1732 4100 τῶν

139 4127 362 4180 δικαίων
407 4129 510 4198 τὴν
563 4128 796 4192 ζώωσιν,
836 4132 931 4181 καὶ
969 4129 1076 4182 τῶν
1107 4132 1452 4201 ἁμαρτωλῶν
1484 4135 1582 4206 τὴν
1629 4153 1729 4187 κα-

141 4232 414 4287 τακρισιν.

1841 2057 1981 2096 mem
2034 2057 2096 2094 ac
2128 2039 2371 2108 ejusdem
2428 2049 2658 2093 naturae.
2725 2041 2935 2094 [)oceus
2972 2040 3248 2101 nimirum,
3285 2039 3413 2091 hor-

1840 2145 2078 2201 tansque
2112 2147 2174 2186 ac
2203 2133 2524 2193 obsecrans,
2558 2131 2848 2185 crederent
2880 2142 2929 2184 et
2961 2119 3274 2194 adorarent,
3311 2129 3414 2180 Pa-

1839 2235 1976 2280 trem
2015 2225 2234 2294 quidem
2265 2233 2322 2276 ttt
2354 2225 2652 2292 ingenitum
2699 2239 2989 2291 rerumque
3030 2225 3411 2275 universarum

1839 2327 2136 2379 auctorem,
2177 2317 2422 2369 omnium
2468 2313 2702 2380 denique
2732 2312 3063 2382 principium
3096 2326 3258 2364 omne
3309 2325 3410 2362 an-

1838 2409 2096 2462 tecedens
2149 2406 2482 2476 principium
2524 2423 2539 2458 :
2575 2403 2773 2457 Filium
2824 2419 2975 2469 vero,
3023 2411 3082 2456 ut
3129 2417 3194 2456 ex
3252 2401 3416 2456 Patre

1838 2508 2160 2567 praeterire
2183 2509 2247 2548 ac
2276 2492 2884 2562 supersubstantialiter
2908 2502 3097 2544 natum
3129 2509 3142 2544 :
3168 2506 3230 2544 ac
3263 2491 3412 2544 deui-

1835 2604 1942 2657 que
1977 2587 2241 2656 Spiritum
2283 2595 2560 2648 sanctum,
2596 2595 2653 2638 ut
2683 2584 2777 2653 qui
2807 2584 2997 2637 eodem
3031 2592 3258 2636 auctore
3282 2596 3416 2650 pra:-

1834 2687 2038 2732 azlerne
2060 2676 2334 2746 prosiliat.
2363 2673 2602 2730 Hortans
2633 2675 2764 2728 lotis
2794 2674 3008 2728 viribus
3045 2683 3210 2743 atque
3233 2674 3416 2726 admo-

1837 2786 2019 2834 nens,
2092 2770 2260 2823 unius
2327 2784 2544 2838 quoque
2617 2767 3168 2836 supersubstautialis
3247 2766 3412 2834 hujus

1836 2861 2131 2916 Trinitatis
2176 2877 2393 2931 unoque
2428 2861 2740 2930 principatu
2779 2860 3035 2929 pollentis
3080 2860 3409 2928 benignissi-

1837 2968 1980 3006 tuam
2005 2951 2839 3019 exinanitionemagtioscerent,
2879 2948 3081 3018 Deique
3116 2947 3275 3002 Verbi
3323 2949 3410 3003 in-

1835 3043 2211 3096 carnationem
2258 3057 2364 3096 non
2407 3042 2728 3096 abnuerent.
2765 3040 2907 3106 Quin
2933 3050 2986 3093 et
3019 3041 3283 3095 suadebat
3314 3056 3414 3093 na.

1835 3145 1948 3188 tum
1987 3151 2049 3189 ex
2076 3135 2387 3189 castissima
2422 3135 2622 3204 puella,
2669 3142 2722 3188 et
2763 3148 2792 3186 a
2825 3132 3040 3187 Joanne
3094 3134 3408 3200 intinctum,

1833 3244 2160 3296 omnemque
2183 3228 2550 3294 evangelicam
2583 3227 2916 3290 doctrinam,
2953 3241 3052 3280 ceu
3111 3227 3409 3280 salutarem

1832 3319 2001 3384 legem
2023 3333 2087 3370 ac
2117 3316 2365 3371 veritatis
2405 3315 2650 3380 decreta,
2684 3332 2874 3368 omnes
2902 3315 3228 3384 reciperent.
3266 3313 3410 3368 Prae-

1832 3418 1980 3464 terea
2015 3423 2145 3462 vero
2175 3409 2342 3462 etiam
2393 3419 2612 3477 propter
2673 3421 2773 3462 nos
2805 3421 3118 3476 susceptam
3167 3421 3413 3471 crucem,

1831 3510 2176 3571 mortemque
2204 3508 2258 3555 et
2287 3502 2650 3570 sepulturam,
2684 3509 2742 3554 ut
2780 3500 2994 3553 iulirma
3036 3507 3090 3552 et
3139 3499 3399 3568 probrum

1834 3593 2087 3646 habentia
2119 3609 2226 3646 non
2263 3592 2686 3654 erubescerent;
2719 3590 2813 3644 sed
2840 3591 2932 3658 qui
2988 3590 3299 3643 triduanam
3339 3605 3406 3643 ex

1835 3685 2029 3738 inferis
2049 3700 2171 3737 cum
2205 3691 2473 3752 porestate
2502 3681 2941 3743 suscitationein,
2963 3691 3412 3750 mortuorumque

1830 3775 2033 3844 pariter
2069 3775 2480 3834 excitationem,
2535 3782 2697 3842 atque
2747 3774 2798 3826 in
2852 3773 3050 3850 cmlum
3112 3788 3404 3826 ascensum

1829 3865 2247 3920 considerarent
2295 3879 2360 3920 ac
2412 3865 2698 3918 crederent
2751 3864 3066 3917 laetarentur
3118 3865 3292 3932 magis
3345 3878 3410 3917 ac

1831 3962 2196 4027 gloriarentur
2222 3977 2234 4010 :
2265 3958 2462 4027 quippe
2485 3972 2608 4009 cum
2649 3957 2763 4009 haec
2792 3956 2991 4010 divitiae
3023 3956 3240 4008 virtutis
3286 3972 3407 4023 per-

1834 4050 2021 4116 spicua
2057 4049 2255 4102 indicia
2287 4056 2472 4101 essent
2509 4065 2522 4100 :
2559 4055 2942 4115 exspectarent
2981 4049 3213 4116 denique
3243 4049 3404 4101 etiam

1840 4137 2132 4188 secundam
2192 4150 2221 4188 e
2281 4138 2420 4188 caelo
2476 4149 2693 4186 rursum
2741 4149 2864 4186 cum
2919 4134 3198 4201 majestate
3241 4150 3408 4202 appa-

1834 4227 2110 4288 ritionem,
2178 4225 2474 4293 mundique
2528 4225 2764 4278 universi
2816 4223 2868 4276 in
2906 4226 3098 4277 melius
3149 4225 3409 4277 immuta-

141 4323 363 4372 ποιεί-ιη,
394 4328 613 4367 necnon
643 4320 982 4364 mortuorttm
1011 4317 1492 4379 resurrectionem,
1530 4318 1916 4388 justorumqne
1942 4316 2362 4370 vivilicatiouem
2395 4329 2459 4367 ac
2491 4325 2839 4384 peccatorum
2874 4314 3404 4367 condi-ninationem.

170 4409 215 4438 “
238 4409 463 4462 Coloss.
517 4423 556 4469 ι,
585 4406 669 4460 15.

143 4544 486 4610 θεραπευτὰς
519 4555 616 4593 seu
644 4542 887 4595 cultores
928 4540 1277 4596 Christianos
1303 4542 1412 4611 jam
1449 4551 1562 4595 tum
1603 4557 1721 4594 mo—

143 4616 345 4666 nachos
380 4612 714 4681 fuisse,iqui
735 4611 916 4665 Marco
947 4612 1176 4666 doctore
1210 4611 1553 4664 Alexandria:
1579 4628 1718 4681 prae-

143 4694 366 4740 starent.
399 4680 558 4750 quod
586 4680 943 4752 Jerosolymis
983 4682 1193 4745 ﬁdeles,
1229 4697 1369 4751 quos
1401 4680 1592 4736 Lucas
1635 4697 1724 4735 rc-

143 4753 260 4815 fert,
324 4751 580 4805 venditis
610 4752 1092 4820 possessionibus,
1146 4753 1211 4806 ad
1243 4753 1408 4820 pedes
1444 4753 1728 4820 apostolo-

143 4839 257 4874 rum
293 4822 546 4891 pretium
592 4819 879 4891 detulisse,
936 4819 1306 4889 habuisseque
1352 4819 1534 4874 omnia
1577 4837 1730 4876 com-

145 4890 362 4957 munia;
396 4906 530 4959 qua:
563 4890 724 4944 nobis
759 4891 934 4944 forma
968 4892 1234 4960 religiosae
1279 4892 1638 4960 paupertatis,
1673 4893 1726 4945 in

142 4963 346 5018 Christi
396 4963 521 5030 ipsa
556 4960 761 5014 familia
792 4969 847 5013 et
874 4965 1136 5030 apostolis
1196 4968 1535 5015 consecrata.
1569 4961 1724 5026 Quod

145 5033 212 5085 ita
236 5032 487 5087 senserit
526 5030 799 5084 Eusebius
828 5040 883 5084 et
935 5032 1240 5100 scripserit,
1270 5033 1512 5100 graviter
1540 5049 1728 5100 repre-

146 5105 334 5156 bendit
385 5102 814 5170 Scaligerilihro
843 5117 894 5155 νι
936 5103 1009 5155 De
1048 5103 1251 5154 emend.
1301 5113 1613 5170 temporum,
1647 5104 1728 5155 ei-

146 5190 243 5240 que
279 5172 599 5227 assentitur
628 5169 850 5225 lleuric.
916 5171 1164 5226 Valesius
1229 5173 1295 5225 ad
1323 5169 1576 5224 eumdem
1615 5173 1725 5226 Eu-

146 5245 396 5305 sebium;
430 5256 537 5295 nec
574 5249 760 5308 putem
791 5241 1093 5296 abhorrere
1124 5258 1264 5311 quos
1295 5257 1487 5294 omnes
1534 5243 1588 5294 in
1617 5259 1730 5296 ma-

148 5317 312 5367 nibus
348 5311 528 5367 Marci
587 5311 897 5365 laudatores
949 5311 1126 5366 habeo
1175 5312 1344 5380 (Beda
1395 5319 1625 5380 excepto
1673 5325 1727 5366 ct

149 5383 463 5448 Damiano),
522 5380 794 5440 Nicetam.
859 5382 1188 5451 Procopium
1250 5382 1418 5443 rhet.,
1480 5380 1726 5435 Lauren-

146 5457 277 5507 tium
299 5454 542 5514 Justin.,
573 5461 704 5514 etc.,
752 5452 900 5520 quod
935 5451 990 5504 in
1037 5454 1155 5506 suis
1209 5451 1477 5506 encomiis
1522 5453 1726 5506 nullam

148 5526 263 5591 ejus
297 5526 376 5578 rei
413 5521 758 5576 mentionem
791 5520 1042 5585 fecerint,
1078 5534 1138 5575 ttt
1175 5539 1277 5576 nec
1316 5521 1487 5576 Grzeci
1529 5523 1582 5575 in
1615 5523 1724 5576 Me-

147 5599 317 5649 naeis:
366 5607 616 5664 quorum
659 5591 905 5664 proinde
954 5608 1055 5661 ego
1099 5593 1370 5662 judicium
1425 5592 1722 5664 nonfacile

150 5661 462 5730 τείρεα-ιιι).
493 5661 561 5717 Ut
582 5661 730 5714 enim
762 5661 1013 5730 placeant
1048 5661 1445 5717 monachorum
1484 5663 1728 5732 origines

149 5736 224 5788 sic
258 5738 531 5803 antiquae,
566 5747 678 5785 non
711 5743 906 5803 tamen
962 5733 1120 5787 facile
1145 5743 1252 5794 est,
1305 5743 1452 5788 tanta
1479 5749 1600 5802 qua:
1624 5733 1725 5786 ob-

149 5815 296 5858 stant
323 5802 662 5872 decoquere.
710 5802 879 5856 Brant
929 5803 1272 5856 Alexandriae
1296 5820 1324 5856 a
1350 5804 1523 5871 prima
1555 5804 1727 5872 capti-

155 5887 322 5926 rnat-s
357 5873 802 5928 innumerabiles
823 5872 1033 5938 Judaei;
1070 5873 1170 5942 ipsi
1195 5874 1330 5942 legis
1353 5875 1722 5937 aemulatores,

148 5942 203 5995 in
264 5947 476 6015 quibus
514 5954 675 6000 erant
717 5945 765 5996 ot
825 5943 892 5996 τά
938 5945 1143 6014 πάτρια
1197 5942 1634 6012 φιλοσοφοῦντες,
1671 5957 1728 6000 et

1832 4541 2151 4604 ἀσκοῦντες,
2187 4543 2280 4610 qui
2316 4542 2425 4596 vita
2451 4541 2718 4594 severiori
2742 4541 3085 4594 sanctitatem
3111 4543 3402 4606 quamdam

1832 4615 1997 4680 vulgo
2018 4615 2278 4682 majorem
2307 4614 2653 4682 praeferrent,
2684 4627 2822 4679 quos
2846 4613 3069 4664 latuisse
3096 4610 3401 4682 lr’hiloncm,

1831 4683 2076 4737 Jud:eiue
2105 4680 2296 4735 essent
2331 4698 2398 4734 ait
2427 4680 2752 4744 Christiani,
2779 4696 2903 4733 cum
2931 4682 3042 4749 ipse
3068 4681 3403 4737 Alexandria:

1832 4762 2038 4821 ageret,
2081 4767 2372 4820 rerumque
2413 4751 2767 4821 Judaicarum
2821 4752 3188 4818 peritissimus
3234 4762 3400 4812 esset.

1832 4820 1933 4874 nec
1969 4838 2093 4875 eum
2154 4837 2242 4874 res
2297 4821 2628 4875 Christiana:
2687 4820 2954 4878 laterent;
2987 4837 3126 4890 azgre
3180 4822 3402 4876 suaderi

1832 4904 2047 4962 potest.
2089 4891 2534 4962 ACthtlllltlmalia
2588 4906 2710 4959 quae
2747 4891 3098 4962 prosequitur
3160 4891 3405 4962 Valesius

1833 4960 1990 5031 longe
2021 4961 2330 5015 dirersaah
2373 4961 2482 5014 illis
2508 4976 2629 5028 quae
2683 4970 2841 5013 erant
2885 4960 3182 5031 Christiani
3235 4963 3397 5026 ritus,

1831 5042 1885 5085 et
1912 5030 2032 5100 qum
2067 5040 2287 5100 recepta
2338 5031 2780 5084 Christianorum
2837 5030 3086 5083 moribus
3131 5030 3405 5101 .lcrosoly-

1833 5102 1937 5156 mis
1991 5117 2092 5156 nos
2122 5103 2285 5155 docet
2319 5101 2554 5155 Actuum
2594 5102 2752 5154 liber.
2796 5101 3050 5154 Diversus
3080 5101 3147 5153 ab
3179 5101 3399 5156 l'lssenis

1829 5173 2076 5227 ostendit
2131 5173 2378 5225 Valesius
2437 5179 2627 5224 contra
2674 5170 3225 5240 Scaligerumuhlihi
3291 5187 3399 5225 non

1830 5242 1958 5297 licet
2013 5243 2168 5312 plura
2219 5244 2519 5312 inquirere.
2573 5239 2959 5312 Monacho’rum
3023 5239 3399 5312 .ilgyptiorum

1829 5310 2093 5380 origines.
2129 5321 2249 5381 post
2285 5310 2406 5366 illas
2435 5310 2788 5381 Ja-rosolytnis
2814 5310 2952 5381 etin
3007 5311 3269 5377 apostolis
3302 5313 3398 5364 de-

1831 5379 2198 5452 signationes.
2235 5383 2465 5438 maxime
2496 5379 2690 5449 probo,
2717 5396 2852 5449 quas
2877 5379 2930 5433 in
2964 5381 3245 5434 monachis
3273 5381 3400 5452 Baii-

1832 5451 2355 5506 thtmisctSiuaitis
2387 5453 2553 5506 habet
2606 5453 2930 5505 Ammonius
2969 5466 2999 5503 a
3047 5465 3132 5503 me
3189 5451 3397 5519 produ-

1829 5531 1970 5586 ctus,
2004 5523 2354 5590 insinuatque
2398 5522 2616 5577 Antonii
2669 5521 2810 5583 Vita,
2842 5529 2897 5574 et
2941 5520 3089 5574 Pauli
3125 5520 3397 5584 Ercmitaz,

1830 5607 1892 5645 ac
1914 5593 1956 5645 si
1995 5592 2124 5661 quid
2152 5592 2439 5646 exslathis
2495 5591 2797 5660 antiquius,
2857 5591 3018 5644 modo
3074 5606 3218 5645 sana:
3249 5591 3398 5655 ﬁdei,

1828 5678 1937 5715 non
1991 5663 2434 5732 apocryphorum
2492 5662 3159 5732 insomniisntttaus,_aut
3218 5663 3400 5716 minus

1828 5730 2196 5799 exploratum.
2257 5732 2314 5787 Si
2360 5733 2446 5787 cui
2494 5743 2672 5785 tamen
2727 5732 2980 5794 Eusebii,
3044 5730 3397 5801 Hieronymi,

1830 5802 2147 5870 Epiphauii,
2178 5813 2311 5864 εις..
2341 5803 2612 5858 sententia
2642 5802 2843 5870 placet,
2873 5811 2933 5855 ut
2981 5801 3152 5870 magis
3203 5803 3290 5870 pia
3342 5812 3399 5856 et

1830 5869 2019 5926 favens
2077 5872 2329 5929 instituto
2400 5869 2834 5938 monachorum,
2900 5869 3398 5929 adeat’Bar’ontnm

1832 5959 1920 5996 au.
1953 5943 2039 5998 ti-i.
