4180 6434
784 399 896 464 995

2020 394 2311 454 NICETE
2341 394 2867 453 PAPHIAGONIS

3918 398 4017 460 296

873 513 997 567 llaec
1027 513 1242 583 quidem
1291 513 1403 575 ille,
1462 526 1558 566 ceu
1592 510 1749 580 plane
1795 523 1956 561 verax
2007 522 2068 561 ac
2110 508 2347 560 veritatis

2525 506 2706 557 Ταῦτα
2727 509 2753 558 ό
2779 507 2898 573 μὲν,
2923 508 2997 569 ὼς
3015 508 3221 579 ἀληθὴς
3236 508 3312 578 τῷ
3328 509 3441 561 ὄντι
3468 510 3561 562 καὶ
3582 508 3840 579 ἀληθείας
3858 512 4013 579 εὐαγ-

784 620 989 676 prmco,
1026 604 1233 673 scripto
1275 604 1482 673 pariter
1513 604 1743 670 vivaque
1774 615 1906 654 voce
1964 600 2206 661 tradens,
2251 612 2349 666 po-

786 700 929 769 pulis
963 698 1309 767 praulicabat.
1346 695 1422 748 Ex
1460 694 1563 747 illis
1595 709 1742 755 vero,
1777 694 1865 745 alii
1898 693 2115 761 quidem
2176 689 2353 743 verbis

786 790 1266 852 :lSSt‘ﬂllellallllll‘;
1317 789 1634 856 quicunque
1680 787 1894 838 scilicet
1960 794 2110 838 recto
2168 784 2351 836 animo

784 890 960 944 ﬂl‘illll,
998 897 1059 932 ac
1091 897 1322 947 quorum
1358 895 1453 932 cor
1502 879 1796 932 invisibilis
1852 876 2088 947 Spiritus
2140 875 2353 929 :ill‘latus

795 973 1064 1042 tetigerat.
1099 970 1206 1023 llos
1230 970 1484 1022 nimirum
1519 970 1733 1023 veritati
1763 970 2024 1021 doctrina:
2056 967 2352 1018 admovens

781 1080 845 1115 ac
872 1080 1010 1133 aqua
1035 1062 1356 1125 emundans,
1390 1061 1709 1129 Spirituque
1766 1060 2102 1115 ilimninans.
2140 1072 2350 1110 necnon

780 1170 895 1207 suc:
912 1158 953 1208 is
973 1155 1278 1206 divmoruni
1311 1152 1485 1221 signis
1507 1154 1730 1205 initiatis
1755 1161 1914 1218 atque
1933 1163 2349 1210 cousinnmaus,

783 1242 920 1293 lilios
947 1240 1327 1293 immaculatos
1358 1257 1453 1309 per
1479 1242 1751 1294 lavacrum
1773 1240 2202 1305 regenerationis
2227 1238 2335 1291 Deo

779 1334 1128 1399 obsignabat.
1179 1334 1503 1400 Quicunque
1554 1341 1734 1384 autent
1793 1345 1960 1398 pravo
1992 1328 2158 1384 corde
2188 1337 2351 1398 atque

781 1423 931 1488 impii
980 1430 1155 1485 erant,
1200 1424 1251 1474 in
1289 1422 1525 1474 divinam
1577 1422 1960 1476 contumeliosi
2019 1420 2347 1483 doctrinam,

780 1513 1018 1582 superbo
1040 1514 1222 1566 animo
1253 1527 1317 1565 ac
1342 1513 1479 1565 dura
1535 1521 1717 1567 mente
1758 1514 2021 1566 adversus
2052 1510 2353 1564 disertissi-

778 1623 926 1660 mum
962 1617 1323 1661 contumaces
1351 1620 1680 1675 praconem,
1714 1606 1883 1657 nimio
1918 1602 2101 1656 furore
2155 1601 2347 1668 perciti

780 1698 1037 1751 dentibus
1074 1698 1126 1751 in
1150 1714 1272 1751 eum
1306 1698 1643 1760 stridebant;
1675 1695 2067 1762 struebantque
2093 1693 2345 1755 insidias,

778 1806 887 1860 qua
915 1800 1101 1859 aperta
1138 1792 1419 1843 molitione
1447 1797 1785 1859 grassantes,
1808 1803 1915 1854 qua
1956 1787 2191 1841 occultis
2216 1801 2349 1840 con-

2458 594 3042 666 γιλισεὴς,ὲγγράφως
3065 616 3124 651 τε
3144 602 3237 653 καὶ
3270 601 3534 671 ἀγράφως
3562 601 3885 671 παραδιδοὺς
3912 606 4017 667 τοῖς

2460 688 2606 748 λαοῖς
2633 686 3033 754 εὐηγγελίζετο·
3056 688 3161 741 τῶν
3184 690 3239 741 δὲ
3268 692 3316 741 οί
3346 691 3443 758 μὲν
3472 688 3708 743 ἐτίθεντο
3737 693 3847 753 τοῖς
3874 690 4020 759 λεγοο

2458 776 2785 843 μένοις,ὂσοι
2802 776 2893 827 τὸν
2924 776 3047 830 νοῦν
3066 774 3206 848 ἦσαν
3236 781 3436 845 εύθεῖς,
3454 783 3545 834 καὶ
3571 777 3647 835 ὧν
3678 781 3775 849 τῆς
3799 781 4017 849 καρδίας

2454 866 2707 934 ἀοράτως
2739 867 2799 919 τὸ
2832 867 3054 937 Πνεῦμα
3074 870 3484 940 κατεδράττετο·
3526 872 3747 932 τούτους
3775 870 3852 940 τῷ
3882 872 4017 941 λόγῳ

2451 961 2552 1027 τῆς
2584 957 2839 1029 ἀληθείας
2874 964 3303 1033 προσαγόμενος,
3330 964 3515 1034 καὶτῷ
3542 966 3692 1018 ὕδατι
3725 966 4015 1036 καθαίρων,

2452 1052 2547 1102 καὶ
2590 1051 2669 1121 τῷ
2723 1050 2997 1121 Πνεύματι
3032 1055 3304 1123 φωτίζων,
3347 1058 3444 1109 καί
3490 1058 3831 1126 ίερομύστοις
3870 1058 4019 1110 τελε-

2453 1145 2723 1213 σιουργῶν
2772 1143 3195 1211 θεοπλαστίαις,
3253 1147 3534 1218 ἀμώμητα
3576 1149 3743 1200 τέκνα
3795 1150 3881 1202 διὰ
3922 1152 4020 1219 τῆς

2462 1237 2883 1305 παλιγγενεσίας
2908 1239 3202 1308 ἐσφράγιζε
3232 1241 3372 1310 Θεῷ·
3408 1244 3522 1294 ὅσοι
3551 1241 3607 1294 δὲ
3636 1242 3852 1302 σκολιᾶς
3873 1241 4020 1302 ὄντες

2453 1327 2751 1396 ἐτύγχανον
2798 1329 3024 1400 καρδίας
3060 1330 3153 1383 καὶ
3205 1330 3516 1397 δυσσεϐοῦς,
3572 1332 3709 1402 πρὸς
3750 1333 3840 1383 τὸν
3883 1331 4021 1383 θεῖον

2452 1416 2608 1484 λόγον
2660 1416 3057 1488 ἐξυϐρίζοντες,
3101 1421 3194 1472 καὶ
3230 1420 3448 1483 ἀλαζόνι
3498 1424 3653 1489 φρενὶ
3697 1420 3788 1473 καὶ
3834 1421 4024 1490 γνώμῃ

2456 1509 2669 1579 σκληρᾷ.
2706 1507 2801 1560 τοῦ
2829 1509 3162 1576 λογιωτάτου
3202 1512 3441 1581 κήρυκος
3475 1511 4021 1578 ἀπαυθαδιαζόμενοι,

2453 1600 2664 1671 ἔτριζον
2721 1601 2819 1670 μὲν
2869 1603 2994 1664 τοὺς
3038 1603 3261 1665 ὀδόντας
3314 1604 3715 1672 ἐμμαινόμενοι
3749 1600 4017 1670 σςοδρῶς·

2451 1692 2808 1746 ἐπεϐούλευον
2864 1694 2957 1747 δέ·
3016 1694 3174 1745 τοῦτο
3229 1694 3330 1763 μὲν
3380 1694 3684 1763 ἀναφανδὸν
3714 1693 3830 1747 κατ’
3861 1692 4024 1745 αὑτοῦ

2452 1785 2930 1855 συσκευαζόμενος,
2960 1784 3116 1839 τοῦτο
3144 1787 3201 1837 δὲ
3246 1786 3339 1838 καὶ
3387 1786 3571 1855 κρυφῆ
3608 1785 4025 1855 σκαιωροῦντες,

777 1883 917 1935 δίιίὶε
946 1882 1328 1951 malignantes,
1362 1890 1526 1950 atque
1555 1896 1651 1936 eos
1675 1882 1767 1951 qui
1792 1888 1977 1934 essent
2003 1895 2068 1933 ex
2108 1877 2347 1933 Ecclesia

2451 1876 2545 1928 καί
2584 1877 2711 1939 τοὺς
2753 1878 2863 1929 ἀπὸ
2906 1877 3007 1946 τῆς
3056 1877 3380 1949 Ἐκκλησίας
3434 1876 3889 1949 συναρπάζοντες,
3935 1878 4029 1927 καὶ

777 1974 1158 2043 corripientes,
1193 1974 1720 2045 magistratibusque
1754 1988 1817 2026 ac
1853 1971 2178 2041 praesidibus
2208 1969 2343 2025 offe-

776 2076 983 2127 rentes,
1013 2066 1440 2129 calumniantes,
1475 2064 1764 2119 facultates
1793 2064 2126 2126 auferentes,
2166 2062 2348 2116 modis

774 2158 1034 2211 omnibus
1062 2156 1461 2225 aggredientes,
1488 2154 1637 2208 omni
1676 2154 1926 2208 machina
1955 2145 2180 2221 arteqt'ie
2211 2150 2350 2204 ami-

777 2255 969 2316 geutes
1005 2248 1021 2315 (
1050 2244 1389 2314 ejuscemodi
1414 2243 1673 2297 nimirum
1704 2241 1904 2294 diaboli
1931 2238 2205 2291 annnlatio
2222 2237 2348 2305 est)

775 2342 1065 2410 omnisth
1090 2338 1308 2407 generis
1338 2337 1577 2391 inventis
1600 2344 1884 2389 creaturos
1938 2347 1997 2384 se
2042 2331 2347 2383 molestiam

776 2431 1053 2499 animique
1131 2437 1419 2500 angustam
1500 2427 1819 2481 beatissimo
1893 2424 2008 2477 viro
2072 2422 2348 2476 arbitran-

774 2528 878 2576 tes.

847 2613 895 2666 Is
927 2621 1129 2674 autem,
1162 2611 1301 2665 haud
1330 2626 1491 2665 secus
1515 2626 1575 2663 ac
1602 2609 1827 2680 grandis
1857 2609 2101 2678 quaedam
2137 2608 2347 2661 marina

775 2717 940 2772 rupes
974 2714 1134 2769 atque
1158 2704 1430 2772 praedura.
1462 2703 1660 2771 vixque
1689 2717 1797 2754 non
1822 2701 2024 2762 dicant,
2053 2703 2161 2752 imo
2188 2714 2346 2753 terra:

775 2793 898 2846 sinu
967 2794 1233 2854 radicata,
1292 2792 1615 2844 irruentium
1692 2790 1951 2843 ﬂuctuum
2034 2791 2348 2844 im-ursibus

774 2882 1028 2938 Omnibus
1055 2897 1119 2936 ac
1168 2882 1467 2951 reciprocis
1500 2882 1751 2943 testibus,
1784 2884 2108 2948 cunctisque
2162 2893 2348 2935 vento-

775 2990 897 3027 rum
933 2973 1185 3026 violentis
1234 2973 1450 3026 ﬂatibus
1501 2974 1831 3026 inconcussa
1897 2972 2196 3040 inllexaque
2231 2987 2347 3024 ma—

776 3070 897 3124 net;
939 3061 1023 3114 sic'
1045 3075 1175 3113 sane
1204 3058 1291 3111 hic
1313 3072 1553 3127 quoque,
1600 3058 1714 3110 alto
1747 3057 1902 3110 valde
1934 3060 2165 3111 Consilio
2186 3067 2349 3126 atque

774 3153 981 3217 animo,
1021 3153 1073 3204 in
1116 3167 1265 3211 vera.
1302 3159 1507 3219 etquae
1549 3159 1730 3203 mente
1768 3150 2111 3217 intelligitur.
2152 3151 2346 3203 funda-

774 3250 865 3294 tus
895 3253 1065 3309 petra,
1117 3240 1550 3307 reetissimisque
1595 3254 1658 3292 ac
1694 3239 2008 3294 fortissimis
2042 3240 2347 3295 rationibus

776 3332 1110 3386 inconcusse
1143 3330 1196 3383 iu
1255 3330 1479 3384 Christo
1523 3330 1816 3394 radicatus,
1874 3331 2142 3384 concinne
2195 3340 2346 3384 tran-

774 3424 1058 3493 quillaque
1115 3424 1416 3477 securitate
1471 3422 1622 3475 ineo
1663 3423 2030 3485 consistebat;
2091 3423 2349 3491 nulloque

774 3514 1099 3567 terrentium
1129 3513 1335 3566 insultu
1367 3512 1619 3581 pavidus.
1675 3511 1747 3575 ei,
1783 3513 1874 3579 qui
1911 3516 2212 3565 secundum
2259 3514 2350 3565 do-

773 3606 1013 3658 ctrinam
1056 3614 1160 3669 est,
1194 3604 1337 3658 ﬁdeli
1387 3603 1626 3657 sermoni
1660 3603 2040 3668 incumbebat;
2088 3612 2250 3672 atque
2280 3604 2346 3657 ad

770 3707 936 3747 omne
971 3695 1239 3747 tentantis
1272 3692 1573 3762 periculum
1609 3702 1925 3761 struemque
1980 3684 2346 3759 impercussus

773 3792 941 3853 atque
996 3782 1231 3836 inﬂexus
1264 3796 1515 3845 manens,
1558 3781 1853 3836 Ecclesiam
1903 3796 2058 3835 suam
2120 3782 2347 3837 ﬁrmiter

774 3886 962 3932 tutam
990 3878 1331 3945 stipansque,
1352 3876 1421 3929 ab
1448 3875 1853 3930 adversantium
1884 3874 2110 3949 ﬂetuum
2146 3877 2346 3946 injuria

776 3969 1006 4022 illa-sam
1038 3967 1429 4021 conservabat.
2092 3966 2115 4000 ί

845 4060 981 4114 Eum
1017 4060 1069 4112 in
1105 4059 1330 4112 modum
1360 4058 1442 4112 vir
1476 4058 1712 4129 inclytus
1737 4057 1973 4120 Marcus.
2003 4074 2122 4127 quae
2150 4059 2202 4113 in
2230 4075 2349 4113 ver-

773 4151 858 4206 bis
888 4152 1062 4219 posita
1094 4158 1176 4203 est
1217 4148 1570 4219 (quandoque
1597 4164 1726 4204 vero
1746 4152 1909 4205 etiam
1939 4167 2060 4219 qua:
2092 4152 2145 4204 in
2174 4152 2346 4221 signis

772 4250 941 4311 atque
967 4240 1257 4311 portentis)
1292 4241 1645 4309 apostolicam
1676 4242 1933 4296 virtutem
1964 4258 2089 4314 erga
2125 4243 2347 4300 Graecos

769 4336 1093 4397 ostendens,
1132 4333 1563 4388 domesticorum
1604 4333 1727 4388 ﬁdei
1771 4342 2030 4404 tanquam
2066 4336 2347 4391 divinissi-

775 4442 897 4481 mus
922 4428 1151 4480 antistes
1179 4425 1412 4480 salutem
1465 4424 1817 4495 adimplcbat.
1870 4424 2004 4490 Quis
2066 4428 2346 4483 enimvero

2453 1969 2565 2029 τοῖς
2592 1967 2950 2038 πολιτάρχαις
2993 1969 3383 2038 προσάγοντες,
3414 1966 3899 2035 συκοφαντοῦντες.
3928 1967 4030 2034 ζη-

2453 2059 2725 2129 μιοῦντες,
2779 2062 2913 2113 πᾶσι
2960 2060 3181 2131 τρόποις
3212 2060 3632 2131 ἐπιχειροῦντες,
3671 2061 3818 2130 πάσῃ
3849 2077 4033 2129 μηχα-

2450 2152 2514 2220 νῇ
2542 2150 2841 2213 κακοῦντες
2863 2150 3120 2221 (τοιοῦτος
3145 2151 3251 2222 γάρ
3308 2154 3337 2205 ό
3389 2151 3484 2204 τοῦ
3517 2149 3764 2203 διαϐόλου
3813 2150 4019 2217 ζῆλος),

2450 2241 2545 2293 καὶ
2578 2242 2779 2305 πάσαις
2827 2242 3097 2305 ἐπινοίαις
3128 2242 3220 2295 τὸν
3279 2240 3699 2311 μακαριώτατον
3746 2240 3913 2309 ἄνδρα
3947 2241 4032 2292 δο-

2450 2331 2674 2396 κοῦντες
2701 2333 2913 2388 λυπεῖν.

2531 2608 2590 2661 'U
2622 2609 2697 2672 δὲ,
2732 2609 2984 2681 καθάπερ
3008 2627 3087 2673 τις
3116 2610 3294 2679 πέτρα
3329 2610 3511 2672 πελιὺς
3544 2609 3752 2680 μεγάλη
3778 2609 3873 2662 καὶ
3906 2625 4039 2661 στεο

2451 2701 2571 2771 ρεά,
2612 2704 2689 2763 είς
2715 2701 2874 2770 βάθος
2902 2702 3025 2771 γῆς,
3054 2702 3115 2754 ού
3155 2702 3252 2771 μὲν
3282 2701 3376 2755 οῦν
3404 2702 3527 2754 ὅσον
3557 2702 3756 2762 είπεῖν,
3791 2701 4037 2769 ἐρριζω-

2454 2790 2842 2859 μένη,πάσαις
2891 2792 2988 2860 μὲν
3040 2791 3300 2860 χυμάτων
3333 2790 3647 2860 ἐμπτώσεσι
3692 2791 3785 2843 καὶ
3831 2790 4040 2861 παλιρ-

2456 2883 2653 2953 ροίαις,
2688 2884 2887 2947 πάσαις
2921 2884 2975 2936 δέ
3023 2883 3163 2953 βίαις
3194 2885 3516 2955 πνευμάτων
3564 2886 3658 2938 καὶ
3706 2884 4041 2955 προσϐολαῖς

2450 2974 2720 3043 appara,-
2768 2992 2825 3026 τε
2852 2976 3001 3043 μένει
3050 2975 3144 3027 καὶ
3193 2975 3438 3045 ἀκλινὴς,
3471 2976 3614 3029 οὕτω
3644 2976 3707 3045 δὴ
3732 2978 3824 3029 καὶ
3850 2969 4037 3041 οὗτος,

2454 3068 2644 3136 βαθείᾳ
2676 3068 2880 3137 σφόδρα
2919 3067 3130 3139 διανοίᾳ
3176 3071 3241 3138 τῇ
3268 3068 3499 3140 ἀληθινῇ
3531 3069 3706 3140 πέτρᾳ
3735 3069 3830 3121 καὶ
3860 3072 4035 3141 νοητῇ

2450 3157 2939 3227 τεθεμελιωμένος,
2982 3160 3078 3212 καὶ
3126 3160 3404 3230 λογισμοῖς
3460 3160 3772 3223 εύθυτάτοις
3826 3177 3885 3212 τε
3936 3162 4040 3212 καὶ

2454 3249 2831 3316 στερροτάτοις
2889 3250 3297 3314 ἀκατασείστως
3353 3251 3720 3322 ἐρῤιζωμένος
3781 3250 4035 3319 Χριστῷ,

2447 3337 2640 3406 ἔμενεν
2673 3339 2772 3406 μὲν
2822 3340 3107 3409 ἀραρότως
3152 3342 3248 3394 καὶ
3301 3341 3524 3403 ἀπαθῶς
3560 3342 3617 3393 ἐν
3647 3340 3814 3409 αὐτῷ·
3842 3341 4039 3393 ἀντεί-

2447 3446 2573 3497 χετο
2604 3430 2660 3481 δὲ
2691 3429 2784 3481 τοῦ
2817 3430 2956 3483 κατὰ
2980 3432 3079 3502 τὴν
3109 3432 3331 3504 διδαχὴν
3366 3431 3559 3486 πιστοῦ
3591 3432 3769 3501 λόγου,
3800 3433 4042 3504 οὐδεμιᾷ

2450 3522 2791 3591 πτυρόμενος
2824 3524 2934 3575 τῶν
2965 3523 3298 3594 νομιζόντων
3341 3525 3528 3594 φοϐεῖν
3570 3526 3861 3596 προσϐολῇ·
3887 3526 4039 3578 dx:-

2448 3614 2758 3683 τάπληκτος
2806 3616 2861 3668 δὲ
2908 3617 3085 3686 μένων
3141 3618 3278 3688 πρὸς
3321 3620 3503 3672 πᾶσαν
3533 3618 3626 3672 τοῦ
3672 3617 4042 3688 πειράζοντος

2448 3710 2644 3775 πεῖραν
2678 3707 2774 3760 καὶ
2812 3710 3083 3779 ἀρῤεπὴς,
3116 3711 3209 3763 καὶ
3261 3711 3359 3780 τὴν
3408 3688 3529 3763 κατ’
3556 3710 3721 3764 αὐτοῦ
3766 3710 4042 3781 άρῤαγῶς

2462 3796 2788 3866 Ἐκκλησίαν
2820 3798 3159 3869 συγκροτῶν,
3183 3801 3281 3869 τῆς
3303 3801 3411 3853 ἀπὺ
3432 3799 3542 3852 τῶν
3570 3799 3827 3854 ἐναντίων
3857 3816 4005 3853 πνευ
4023 3829 4042 3840 -

2452 3887 2637 3957 μάτων
2663 3889 2923 3960 ἐπηρείας
2959 3891 3368 3962 ἀνεπηρέαστον
3392 3894 3599 3963 ἐτήρει.

2519 4066 2706 4130 Οὕτως
2738 4068 2767 4120 ό
2812 4067 2983 4136 μέγας
3014 4069 3239 4138 Μάρκος
3281 4070 3418 4138 πρὸς
3453 4070 3579 4132 τοὺς
3616 4069 4040 4140 ἑλληνίζοντας,

2445 4156 2544 4227 τὴν
2574 4159 2633 4209 ἐν
2665 4160 2776 4220 τοῖς
2806 4158 3006 4225 λόγοις,
3044 4159 3156 4211 ἔστι
3200 4159 3243 4211 δ’
3282 4160 3370 4211 ὅτε
3415 4161 3507 4212 καὶ
3538 4162 3636 4229 τὴν
3676 4163 3734 4213 ἐν
3776 4164 4045 4231 σημείοις

2447 4250 2539 4301 καὶ
2586 4248 2829 4318 τέρασιν,
2860 4249 3224 4319 ἀποστολικὴν
3263 4249 3491 4318 δύναμιν
3542 4250 3996 4320 ἐπιδεικνύμενος
4024 4292 4042 4315 ,

2444 4338 2555 4390 τῶν
2580 4338 2795 4391 οἰκείων
2825 4339 2972 4410 αύτῷ
3003 4340 3142 4393 κατά
3182 4341 3363 4395 πίστιν
3394 4340 3467 4405 ὡς
3532 4342 3797 4411 ἱεράρχης
3823 4342 4045 4395 ἐνθεὼ-

2444 4445 2604 4491 τατος
2642 4429 2741 4499 τὴν
2786 4432 3062 4500 σωτηρίαν
3113 4432 3408 4502 ίερούργει.
3447 4432 3607 4486 ’Λλλά
3640 4434 3722 4496 τίς
3751 4435 3779 4486 ό
3817 4433 3924 4505 τῆς
3953 4436 4047 4488 ίε-

774 4518 896 4587 ejus
932 4518 1218 4588 implenda!
1246 4516 1444 4572 modus
1464 4518 1487 4572 ἳ
1506 4518 1712 4573 Divina
1742 4519 2024 4587 sapientia:
2060 4520 2241 4576 verbis
2269 4530 2347 4575 at-

2450 4521 2703 4591 ρουργίας
2729 4521 2959 4591 τρόπος;
2990 4523 3184 4590 Λόγοις
3212 4524 3309 4593 μὲν
3337 4524 3620 4593 θεοσοφίας
3654 4527 3746 4577 καὶ
3766 4524 4045 4579 διδασκα-

774 4624 881 4680 que
906 4608 1168 4663 doctrina!
1216 4609 1476 4679 Spiritus,
1512 4624 1705 4664 eorum
1748 4610 1996 4681 quotidie
2051 4620 2260 4667 mentes
2289 4613 2348 4667 il-

777 4699 1077 4763 lustrabat;
1130 4714 1195 4752 ac
1236 4700 1513 4754 carnalem
1553 4701 1773 4771 quidem
1833 4702 2129 4757 amicitiam
2182 4715 2347 4773 atque

776 4792 988 4861 peccati
1050 4791 1505 4847 consuetudinem
1558 4793 1837 4859 inhibens,
1871 4795 2101 4863 spiritus
2130 4795 2245 4864 lege
2283 4810 2348 4849 ac

769 4885 982 4939 amoris
1013 4885 1064 4937 vi
1098 4884 1321 4939 Christo
1354 4885 1760 4955 despondebat;
1788 4888 1855 4939 ab
1880 4887 2139 4957 omnique
2180 4889 2344 4942 noxia

769 4977 1096 5047 cupiditate.
1124 4992 1196 5032 ac
1220 4987 1567 5033 terrenorum
1597 4978 1835 5033 dementi
1870 4979 2104 5043 ratione,
2130 4981 2345 5051 appeti-

775 5070 925 5123 tione
961 5084 1181 5135 arcens,
1212 5070 1521 5125 caelestium
1571 5069 1839 5124 duntaxat
1871 5079 1926 5125 et
1956 5072 2260 5141 stabilium,
2289 5081 2345 5128 et

768 5176 895 5230 .qna'.
929 5174 1055 5216 vera
1076 5161 1219 5215 bona
1251 5163 1382 5226 sint,
1412 5160 1748 5217 desiderium
1785 5163 2108 5218 instillabat.

850 5250 942 5305 Sic
989 5252 1178 5317 igitur,
1215 5262 1272 5306 ut
1322 5253 1514 5321 paucis
1544 5252 1746 5318 dicam,
1792 5256 1964 5308 sacris
1992 5256 2344 5312 sermonibus

776 5348 942 5409 atque
965 5340 1218 5395 doctrina
1268 5339 1508 5396 ﬁdelium
1543 5351 1750 5397 mentes
1780 5344 2077 5407 aediﬁcanti,
2120 5360 2345 5400 rursus-

769 5445 879 5501 que
906 5430 1164 5511 operibus
1195 5446 1386 5487 sacras
1417 5441 1898 5488 sacrosanctorum
1951 5438 2340 5506 mysteriorum

844 5576 1105 5669 (56)nfdc
1134 5586 1311 5669 ἱερὰς.
1337 5584 1456 5669 τῶν
1508 5585 1682 5669 tapin-
1700 5658 1712 5669 ν
1727 5590 2080 5669 μυστηρίων
2113 5592 2346 5669 [egerv-

773 5656 935 5733 θείης.
970 5654 1068 5708 Est
1100 5670 1263 5725 grave
1279 5656 1403 5733 _hoc
1434 5654 1809 5733 testimonium
1838 5654 1942 5733 pro
1964 5660 2142 5733 Marci
2161 5654 2346 5733 Litur-

810 5726 880 5810 ιη,
911 5739 1017 5793 qua
1068 5726 1333 5810 etmodo
1384 5735 1616 5782 utuntur
1668 5726 1929 5810 Aigyptii.
1983 5731 2345 5810 meminitque

817 5793 1082 5861 atsamon,
1110 5795 1213 5853 etsi
1244 5796 1398 5854 locus
1426 5811 1537 5854 non
1582 5793 1846 5865 occurrit,
1902 5816 2010 5871 qua
2042 5812 2232 5871 tamen
2254 5793 2343 5858 ἐἰς

2450 4612 2571 4674 λίας
2597 4612 2693 4665 τοῦ
2727 4612 3065 4683 Πνεύματος,
3104 4616 3204 4677 τὰς
3238 4614 3420 4668 αὐτῶν
3473 4616 3747 4686 ὁσημέραι
3775 4618 4057 4686 κατεφώ-

2450 4704 2567 4770 τιζε
2596 4705 2792 4775 ψυχάς
2836 4706 2930 4758 καὶ
2962 4706 3059 4776 τὴν
3091 4708 3363 4776 σαρκικὴν
3415 4708 3516 4778 μέν
3560 4710 3767 4778 φιλίαν,
3796 4710 3895 4762 καὶ
3930 4709 4051 4782 τὴν

2451 4796 2740 4867 συνήθειαν
2784 4797 2885 4867 τῆς
2929 4798 3203 4868 ἁμαρτίας
3240 4799 3573 4864 ἐπικόπτων,
3639 4801 3718 4868 τῷ
3746 4800 3902 4869 νόμῳ
3934 4801 4053 4855 τοῦ

2449 4888 2764 4960 Πνεύματος
2792 4890 2885 4943 καὶ
2910 4888 2988 4960 τῷ
3021 4889 3226 4961 φίλτρῳ
3246 4893 3597 4960 κατηγγυᾶτο
3626 4891 3886 4962 Χριστοῦ⁸
3923 4893 4063 4946 πά-

2454 4999 2555 5053 σης
2602 4982 2658 5036 δὲ
2712 4981 2986 5053 βλαϐερᾶς
3029 4982 3325 5053 ἐπιθυμίας
3378 4983 3640 5053 ἐξείργων
3682 4983 3782 5053 τῆς
3840 4982 4067 5051 ἀλογι-

2454 5076 2605 5141 στίας
2642 5076 2752 5129 τῶν
2799 5075 2891 5129 ἐπὶ
2929 5075 3053 5145 γῆς,
3089 5076 3251 5145 μόνον
3281 5076 3390 5129 τῶν
3423 5075 3688 5146 οὐρανίων
3726 5076 3821 5129 καὶ
3849 5075 4067 5130 ἑστώ-

2449 5183 2578 5229 των,
2610 5167 2702 5220 καὶ
2734 5167 2901 5230 δντως
2930 5167 3111 5221 καλῶν
3142 5169 3241 5237 τὴν
3285 5166 3466 5238 ὄρεξιν
3499 5167 3802 5233 ἐνέσταζεν.

2529 5258 2620 5323 Ὦς
2669 5260 2725 5312 ἐν
2778 5259 2972 5329 βραχεῖ
3008 5259 3106 5329 μὲν
3134 5255 3230 5313 οὖν
3266 5259 3331 5329 δὴ
3360 5261 3555 5325 είπεῖν,
3590 5262 3765 5323 οὕτως
3803 5262 3863 5313 ἐν
3914 5266 4073 5328 τοῖς·

2454 5348 2619 5418 ἱεροῖς
2650 5349 2827 5418 λόγοις
2855 5350 2952 5413 τὰς
2986 5348 3192 5402 πιστῶν
3222 5348 3488 5421 ᾠκοδόμει
3522 5350 3720 5420 ψυχάς·
3751 5349 3942 5420 ἔργοις
3980 5351 4079 5406 δὲ

2452 5440 2908 5514 πάλιινςτάςίεράς
2927 5441 3035 5495 τῶν
3065 5445 3106 5495 is
3117 5433 3224 5513 ρῶν
3248 5444 3561 5514 μυστηρίων
3586 5444 3903 5515 ίεροτυπίας
3914 5445 4081 5520 (56)

2453 5595 2532 5649 uti
2560 5612 2671 5651 non
2726 5612 2953 5667 prorsus
2990 5596 3231 5669 liberum
3281 5598 3353 5653 sit
3386 5596 3901 5669 Constantinopoli,
3931 5608 4088 5665 sed

2452 5681 2515 5720 ea
2564 5682 2730 5735 quam
2763 5669 2966 5737 passim
3003 5668 3059 5722 in
3113 5669 3286 5723 sacris
3333 5668 3563 5724 adhibet
3604 5668 3849 5724 Ecclesia
3884 5672 4099 5730 Con-

2453 5738 2944 5821 stantinopplitapa
2973 5764 3049 5821 εξ..
3082 5754 3281 5821 nempe
3316 5737 3725 5821 "Chrysostomi
3757 5756 3772 5805 ;
3854 5746 4099 5821 certis

2448 5811 2616 5862 etiam
2640 5807 2837 5865 diebus
2868 5807 3073 5866 Basilii.
3106 5807 3293 5866 Edidit
3315 5807 3482 5867 Marci
3509 5809 3812 5870 Liturttiam
3863 5812 4041 5873 Joan
4066 5865 4095 5877 -
