4180 6434
185 411 274 478 297

969 405 1251 466 ORATIO
1289 407 1405 466 XV.
1445 431 1513 442 -
1549 405 1632 466 ΙΝ
1671 405 1985 512 ΙιλρῡΕΜ
2012 405 2070 465 S.
2103 402 2335 464 MARCl
2379 403 2629 464 APOST.

3312 404 3416 467 298

189 529 444 594 πανιέρως
477 522 990 590 διασκευαζόμενος,
1047 522 1142 574 καὶ
1180 519 1492 589 προσευχὰς
1544 518 1745 585 ἐγγρά-

1849 517 2204 571 caeremonias
2283 519 2656 574 sacratissime
2707 532 3040 589 componens
3095 535 3159 574 ac
3231 538 3420 591 preces

189 634 302 684 φους
333 613 682 684 παραδιδοὺς,
715 615 809 665 καὶ
835 614 934 681 τὴν
967 611 1233 681 μυστικὴν
1264 611 1357 663 καὶ
1405 609 1743 677 ἀναίμακτον

186 709 261 761 τοῦ
305 705 621 779 ζωαρχικοῦ
670 705 923 773 σώματος
971 703 1067 755 κα)⁵
1097 702 1326 770 αἵματος
1349 700 1744 770 ἱεροτελεστίαν

188 819 235 853 τε
289 801 387 856 καὶ
442 796 807 867 λειτουργίαν,
856 794 1217 855 θεοτυπὼτοις
1268 793 1615 862 παραδόσεσι.
1652 791 1744 843 καὶ

189 889 423 959 ἀμώμοις
460 886 540 957 τῷ
589 886 861 957 πνεύματι
909 883 1339 952 διατυπούμενος
1379 883 1741 946 ἀκολουθίαις,

189 985 337 1035 τ’ὶπον
386 999 446 1034 τε
485 981 594 1034 τῶν
624 978 954 1050 βαπτισμῶν
1011 985 1106 1030 καὶ
1157 975 1503 1048 χειροτονιῶν
1560 976 1742 1046 ἱερῶν,

190 1072 267 1125 καὶ
313 1073 498 1126 πᾶσαν
546 1071 734 1133 ἁπλῶς
777 1071 876 1138 τὴν
923 1068 1382 1139 ἐκκλησιαστικὴν
1438 1067 1740 1136 ίεραρχίαν,

191 1164 345 1234 εὐχῶν
395 1181 454 1216 τε
491 1162 772 1234 μυστικῶν
826 1161 1172 1233 ἱερολογίαις,
1229 1161 1324 1213 καὶ
1387 1159 1746 1228 συμϐολικαῖς

192 1257 554 1328 θεσμοθεσίαις
584 1255 956 1317 ἀποστολικῶς
989 1254 1404 1323 διαταξάμενος,
1433 1251 1494 1303 οὐ
1527 1254 1592 1320 τῇ
1625 1252 1745 1304 κατ’

192 1351 332 1403 αὑτὸν
357 1352 520 1419 γενεᾷ
556 1350 738 1418 μόνον,
787 1349 921 1403 ἀλλὰ
975 1350 1068 1401 καὶ
1108 1349 1310 1410 πάσαις
1344 1345 1492 1414 ἑξῆς,
1543 1344 1744 1425 ἱερρθέ·

188 1457 270 1508 της
301 1441 591 1508 σωτήριος,
645 1439 740 1491 καὶ
784 1441 976 1509 καινῆς
1027 1434 1292 1506 διαθήκης
1322 1435 1542 1506 ἄριστος
1589 1429 1750 1503 νομο-

193 1532 331 1600 θέτης
371 1532 744 1600 ἀναπέφηνεν.

247 1623 345 1673 Καὶ
375 1621 475 1690 οὐχ
517 1620 706 1692 ὥσπερ
743 1622 948 1692 Μωσῆς
992 1621 1198 1683 ἐκεῖνος
1237 1621 1266 1673 ὁ
1312 1620 1476 1684 πάνυ,
1509 1619 1748 1690 κραταιᾷ

188 1713 311 1782 χειρὶ
370 1716 488 1774 τοῖς
543 1715 860 1781 Αἰγυπτίοις
899 1712 1258 1783 ὲμπεπαιλώς
1279 1729 1293 1742 ⁸
1328 1714 1464 1783 πρὸς
1494 1714 1591 1781 τὴν
1621 1711 1747 1781 ἔρη-

190 1821 274 1871 μον
299 1804 351 1858 δὲ
382 1806 481 1858 καὶ
533 1806 595 1858 τὸ
639 1807 666 1858 ὅ
679 1824 769 1877 ρος
809 1806 1176 1878 διαϐεϐηκώς·
1207 1805 1428 1860 ἐδέξατο
1477 1804 1575 1873 μὲν
1604 1804 1745 1857 ἄνω-

1852 605 2059 674 scripto
2089 606 2332 669 tradens,
2365 610 2762 678 tnysticamquc
2791 619 2846 662 et
2903 610 3245 666 lncruentam
3285 612 3423 666 vivi-

1851 697 1940 751 Iici
1972 697 2222 765 corporis
2249 705 2415 768 atque
2440 702 2723 770 sanguinis
2761 701 3188 758 celebrationem
3225 705 3422 758 ritum—

1851 804 1959 857 que
1983 788 2184 843 divinis
2217 790 2628 856 traditionibus,
2657 808 2723 847 ac
2753 794 2903 846 omni
2956 794 3079 850 labe
3111 798 3265 865 puris
3308 796 3426 851 olli—

1853 881 2325 948 ciis‘inl‘nrmans;
2359 884 2746 955 baptismatum
2781 888 3018 957 denique
3049 903 3112 942 ac
3143 903 3421 945 sacrarum

1853 973 2258 1029 ordinatiouum
2316 976 2503 1042 ritum,
2536 992 2862 1047 omnemque
2902 994 3132 1049 prorsus
3172 981 3426 1035 ecclesia-

1853 1067 2049 1121 sticam
2084 1068 2446 1122 hierarchiam
2483 1084 2705 1139 precum
2731 1074 3080 1140 mysticarum
3115 1074 3290 1128 sacris
3319 1089 3428 1127 scr-

1855 1159 2110 1212 monibus
2147 1175 2210 1214 ac
2264 1161 2582 1230 symbolicis
2632 1162 3072 1220 institutionibus
3125 1167 3428 1236 apostolico

1855 1263 2018 1301 sensu
2054 1259 2296 1319 nutuque
2325 1251 2640 1314 instituens.
2677 1254 2878 1307 nedum
2913 1269 3048 1320 suae,
3076 1257 3170 1310 sed
3211 1268 3266 1312 et
3287 1272 3425 1311 cun-

1853 1341 1957 1392 ctis
1986 1340 2245 1410 deinceps
2265 1342 2542 1406 aetatibus,
2572 1344 2830 1399 salutaris
2851 1361 3138 1400 sacrorum
3167 1350 3422 1416 antistes,

1855 1433 2090 1501 novique
2117 1434 2430 1488 testamenti
2457 1437 2699 1504 optimus
2725 1437 3005 1507 lcgislator
3033 1438 3258 1496 ellulsit.

1924 1614 2033 1668 Nec
2068 1615 2208 1668 sicut
2239 1615 2633 1670 celeberrimus
2674 1616 2765 1671 ille
2800 1615 2975 1674 Moses
3010 1621 3063 1674 in
3098 1635 3263 1675 manu
3295 1620 3422 1676 farti

1854 1707 2136 1777 percussis
2165 1706 2456 1778 Egyptiis,
2483 1715 2649 1778 atque
2702 1709 2757 1762 in
2812 1709 3092 1766 desertum
3140 1715 3424 1776 secedens,

1853 1814 2270 1870 conscensoque
2298 1809 2484 1856 monte
2507 1802 2728 1856 caelitus
2755 1803 3000 1872 quidem,
3035 1815 3091 1858 at
3125 1806 3178 1859 in
3237 1807 3425 1861 littera

187 1897 263 1949 θεν
285 1897 468 1968 νόμον,
502 1899 596 1950 τὸν
644 1901 702 1950 έν
739 1899 1026 1968 γράμματι
1060 1900 1146 1952 δέ’
1180 1899 1275 1951 κα)⁴
1309 1897 1589 1965 νομοθετεῖ
1620 1896 1739 1965 μὲν,

1852 1900 2033 1944 tamen
2066 1893 2298 1958 positam
2325 1891 2522 1962 Legem
2555 1894 2794 1962 accepit;
2819 1909 2885 1949 ac
2911 1895 3028 1959 lege
3053 1896 3275 1965 quidem
3307 1913 3427 1951 san-

190 1991 315 2058 μόνῳ
345 1989 425 2059 τῷ
471 1991 689 2060 Ἰσραὴλ
732 1990 824 2042 δέ·
876 1991 990 2064 ἀλλ’
1024 1989 1343 2057 Αἰγυπτίοις
1379 1989 1477 2058 μὲν
1509 1991 1739 2060 νοητοῖς,

183 2084 284 2142 ταῖς
329 2083 814 2149 ἅντιτεταγμέναις
847 2083 1132 2152 δυνάμεσι,
1191 2084 1281 2135 καὶ
1313 2085 1446 2136 πᾶσι
1474 2085 1585 2146 τοῖς
1613 2084 1745 2134 ἀσε-

187 2173 317 2225 ϐέσιν
339 2173 450 2225 τῶν
477 2175 793 2242 Αἰγυπτίων
832 2175 1302 2244 συμπλεκόμενος,
1338 2177 1433 2228 καὶ
1463 2173 1743 2242 κατακρά-

183 2282 260 2328 τος
285 2266 505 2328 τούτους
555 2267 926 2336 τροποὺμενος
972 2267 1068 2319 καὶ
1116 2266 1426 2338 καθαιρῶν·
1464 2267 1566 2336 τὴν
1611 2265 1741 2318 ἀσέ-

185 2358 317 2410 ϐειαν
342 2359 398 2411 δὲ
429 2360 611 2413 αὐτῶν
641 2360 735 2412 καὶ
787 2359 1075 2426 ἀσέλγειαν
1105 2361 1442 2428 ἀπημάντως
1477 2359 1554 2420 ὡς
1593 2358 1744 2426 Ἐρυ-

183 2451 301 2519 θρὰν
340 2455 400 2506 έν
445 2452 672 2522 Χριστῷ
715 2452 890 2520 Ἰησοῦ
939 2453 1151 2519 διαϐὰς,
1186 2453 1282 2506 καὶ
1326 2452 1460 2520 πρὸς
1488 2452 1588 2520 τὴν
1618 2452 1742 2521 ἠρε-

184 2542 331 2609 μαίαν
354 2543 450 2596 τοῦ
476 2543 572 2596 νοῦ
604 2543 940 2597 κατάστασιν
973 2545 1066 2596 καὶ
1097 2544 1374 2612 γαλήνιον,
1407 2542 1482 2606 ὡς
1532 2541 1740 2610 ἔρημον

183 2637 524 2707 πῳσχωρῶν,
574 2637 666 2690 καὶ
709 2636 788 2707 τῷ
841 2639 938 2705 τῆς
977 2635 1256 2702 θεολογίας
1292 2636 1742 2706 προσαναὼίνων

177 2726 278 2794 όρει
306 2728 485 2796 στόμα
515 2729 658 2781 κατὰ
699 2728 876 2797 στόμα
919 2727 1215 2798 προσλαλεϊ
1245 2727 1322 2796 τῷ
1352 2727 1493 2798 Θεῷ·
1529 2729 1625 2781 καὶ
1651 2727 1744 2779 τὸν

178 2815 324 2884 νόμον
363 2818 585 2870 ἐκεῖθεν
619 2819 679 2871 οὐ
705 2818 800 2870 τοῦ
830 2819 1180 2888 γράμματος,
1210 2818 1344 2871 ἀλλὰ
1371 2818 1466 2871 τοῦ
1498 2819 1742 2887 πνεύμα-

177 2922 253 2968 τος
283 2908 662 2976 νομοθετεῖται
682 2926 696 2940 ·
730 2910 823 2962 καὶ
873 2910 1208 2980 ἱερουργίαν,
1235 2911 1296 2962 οὐ
1326 2910 1427 2980 τὴν
1459 2911 1518 2963 έν
1552 2909 1742 2973 τύποις

175 3013 225 3047 τε
271 3003 361 3051 καὶ
395 3004 609 3064 σκιαῖς,
638 3001 774 3054 ἀλλὰ
804 3001 900 3070 τὴν
952 3005 1008 3055 ὲν
1038 3001 1268 3072 ἀληθείᾳ
1321 3001 1419 3053 καὶ
1471 3001 1744 3072 πνεύματι

173 3086 545 3160 θεωρουμένην
582 3091 1059 3162 μυσταγωγηθεὶς,
1088 3091 1150 3144 οὑ
1183 3094 1249 3161 τῇ
1279 3092 1400 3143 κατ’
1428 3092 1592 3146 αὑτὸν
1625 3092 1746 3144 Ἐκ-

173 3178 352 3250 adqui;
381 3184 573 3251 μόνον,
611 3183 746 3234 ἀλλὰ
778 3186 842 3252 τῇ
877 3183 1140 3252 καθολικῇ
1179 3183 1479 3252 νομοθετεῖ.
1513 3185 1621 3238 Καὶ
1641 3187 1739 3254 οὐχ
1766 3229 1812 3290 c

169 3272 420 3341 ἑνὶμόνον
446 3275 618 3339 ἔθνει,
646 3275 740 3327 καὶ
771 3275 944 3344 τούτῳ
982 3274 1164 3346 μικρῷ
1193 3277 1288 3329 καὶ
1324 3275 1493 3345 ὁρίοις
1523 3279 1739 3347 μικροῖς

166 3360 547 3436 διειλημμένῳ,
587 3370 654 3436 τῇ
695 3367 990 3437 οἰκουμένῃ
1022 3369 1080 3420 δὲ
1123 3368 1294 3440 πάσῃ,
1333 3369 1424 3421 καὶ
1471 3369 1634 3421 παντὶ
1664 3369 1742 3438 τῷ

165 3454 536 3527 Χριστωνύμῳ
586 3457 911 3528 πληρώματι
963 3459 1242 3528 μυστικῶς
1299 3462 1601 3514 ἐπιστατεῖ·
1641 3462 1738 3515 καὶ

163 3541 375 3614 διαθήκη
396 3547 593 3616 καινὴ,
622 3550 719 3600 καὶ
747 3549 1040 3618 παράδοσις
1074 3551 1428 3621 ἀποστολικὴ,
1456 3553 1553 3605 καὶ
1578 3553 1741 3621 νόμος

162 3639 423 3707 ἀληθείας,
468 3645 588 3696 πᾶν
610 3643 672 3694 τὸ
701 3646 831 3712 παρ’
865 3643 1076 3696 ἐκείνου
1111 3644 1320 3714 λεχθὲν,
1347 3645 1381 3715 ἢ
1413 3646 1736 3715 παραδοθὲν,

158 3730 208 3780 οὐ
234 3735 342 3797 τοῖς
386 3733 813 3804 Ἀλεξανδρεῦσι
846 3735 1048 3804 μόνοις,
1081 3735 1219 3789 ἀλλὰ
1242 3737 1335 3789 καὶ
1369 3737 1568 3800 πάσαις
1597 3737 1734 3790 καθ-

160 3819 263 3872 όλου
289 3825 411 3886 ταῖς
440 3825 626 3891 ίερατς
674 3822 1023 3891 Ἐκκλησίαις
1053 3827 1396 3895 χρηματίζει.

230 3912 379 3966 Ἐπεὶ
421 3915 484 3967 δὲ
538 3916 748 3976 πάσαις
789 3915 892 3984 μὲν
939 3917 1329 3978 ἁποστολικαῖς
1360 3917 1735 3986 θεοσημείαις,

158 4004 339 4066 πάσαις
365 4006 426 4058 δὲ
467 4004 655 4067 θείαις
680 4005 960 4075 χρώμενος
990 4007 1346 4076 ἱερουργίαις,
1375 4007 1437 4060 τὸ
1465 4007 1626 4078 ἔργον
1658 4009 1739 4060 sii-

155 4093 363 4161 ἁρεστον
403 4095 536 4164 Θεῷ
570 4096 669 4147 καὶ
699 4095 907 4148 τέλειον
945 4096 1043 4166 τῆς
1073 4096 1238 4150 αὑτοῦ
1277 4099 1591 4168 παρέστησε
1620 4099 1737 4150 δια-

156 4187 341 4251 κονίας,
360 4189 460 4239 καὶ
499 4185 744 4249 πολλοὺς
777 4187 876 4256 μὲν
904 4187 984 4258 τῷ
1012 4187 1274 4259 χρίσματι
1302 4189 1402 4258 τῆς
1438 4190 1738 4260 ἱερωσύνης

151 4277 529 4340 caelamina:
582 4278 938 4346 παμπόλλους
982 4279 1039 4332 δὲ
1069 4282 1166 4349 τῆς
1200 4279 1484 4348 είδωλικῆς
1510 4282 1734 4351 ἀπάτης

153 4370 228 4420 καὶ
255 4370 469 4440 πλάνης
516 4371 840 4441 ῥυσάμενος
860 4408 874 4432 ,
910 4369 999 4423 διὰ
1029 4371 1266 4434 πίστεως
1310 4373 1627 4442 προσήγαγε
1658 4371 1735 4440 τῷ

151 4458 370 4530 Χριστῷ,
407 4462 577 4525 ἄξιον
612 4460 866 4530 κέκριται
908 4462 1042 4532 μηδὲ
1089 4462 1191 4532 τῆς
1219 4462 1583 4534 ἁθλοφορικῆς
1619 4464 1732 4534 (57)

151 4550 288 4603 αὑτὸν
315 4552 739 4622 ἀπολελεῖφθαι
771 4553 960 4624 τιμῆς.

1852 1983 1947 2047 cit,
1981 1999 2171 2038 verum
2223 1984 2325 2039 soli
2363 1983 2548 2039 lsraeli
2580 2003 2593 2038 :
2628 1985 2878 2054 quinin‘io
2918 2001 3042 2042 cum
3080 1989 3428 2058 spiritalibus

1854 2078 2124 2151 Egyptiis
2158 2079 2514 2146 (adversariis
2541 2081 2754 2136 scilicet
2786 2083 3151 2150 potestatibus
3180 2085 3429 2140 cunctis-

1855 2184 1960 2238 que
1990 2168 2372 2241 Egyptiorum
2406 2171 2613 2240 impiis)
2634 2186 2988 2241 congressus,
3018 2174 3194 2243 iisque
3211 2177 3428 2246 penitus

1855 2260 1992 2315 fusis
2028 2276 2092 2314 ac
2152 2259 2478 2329 proﬂigatis.
2531 2275 2742 2314 necnon
2800 2261 3018 2316 illorum
3061 2262 3340 2333 impietate
3361 2279 3428 2323 ac

1853 2350 2100 2413 lascivia,
2137 2351 2314 2404 instar
2339 2350 2505 2404 maris
2531 2349 2701 2405 Rubri
2727 2353 2946 2408 innoxie
2973 2355 3026 2408 in
3049 2354 3270 2411 Christo
3296 2355 3424 2410 Jesu

1851 2449 2139 2510 superata;
2175 2443 2430 2512 velutquc
2483 2446 2535 2496 in
2577 2443 2882 2512 desertum,
2933 2446 3001 2502 ad
3067 2450 3424 2518 tranquillum

1851 2537 2050 2588 mentis
2079 2542 2279 2588 statum
2314 2537 2669 2606 quietumque
2700 2539 2982 2602 secedens,
3011 2548 3238 2610 tumque
3262 2546 3428 2596 abur-

1851 2624 1918 2679 de
1954 2640 2260 2682 conscenso
2297 2628 2585 2696 theologiae
2611 2638 2815 2688 monte,
2849 2645 2945 2683 ore
2974 2632 3041 2686 ad
3068 2649 3131 2687 os
3165 2651 3288 2688 cum
3317 2635 3427 2690 Deo

1853 2733 2136 2774 sermones
2195 2721 2422 2786 miscet;
2467 2722 2704 2791 indeque
2745 2737 2851 2776 non
2911 2723 3127 2790 litterae,
3166 2729 3262 2783 sed
3319 2733 3430 2800 spi-

1850 2812 1991 2867 ritus
2024 2812 2197 2882 legem
2232 2813 2498 2881 docetur;
2547 2830 2874 2885 sacramque
2919 2817 3279 2888 l'unctioncm,
3314 2840 3421 2878 non

1849 2918 1969 2973 qua:
1999 2905 2053 2958 in
2098 2905 2288 2974 ﬁguris
2317 2914 2373 2959 et
2424 2905 2670 2969 umbris,
2725 2910 2820 2964 sed
2847 2927 2968 2980 quae
3027 2913 3080 2966 in
3137 2915 3332 2984 Spiritu
3371 2928 3425 2969 et

1848 2995 2078 3047 veritate
2107 2994 2467 3064 intelligatur,
2491 2996 2773 3063 hauriens,
2803 2999 3000 3054 nedum
3024 3017 3137 3056 sum
3163 3004 3296 3072 ipse,
3327 3007 3420 3057 sed

1847 3093 1902 3138 et
1958 3083 2258 3140 universali
2309 3086 2488 3140 sancit
2549 3086 2843 3155 Ecclesiae;
2873 3105 2973 3144 nec
3021 3092 3113 3145 uni
3158 3091 3425 3147 duntaxat

1848 3177 2018 3244 genti,
2043 3177 2206 3254 eique
2243 3177 2536 3247 ejusmodi,
2570 3188 2631 3232 ut
2683 3181 2799 3249 ipsa
2859 3182 3056 3252 exigua
3097 3185 3426 3254 angustiori-

1846 3267 2060 3335 busque
2109 3249 2360 3322 terminis
2416 3269 2817 3337 comprehensa
2865 3271 2960 3336 sit,
3005 3270 3102 3326 sed
3165 3274 3423 3329 universo

1845 3365 2118 3416 terrarum
2151 3358 2268 3412 orbi
2302 3372 2367 3410 ac
2417 3357 2860 3412 Christianorum
2897 3359 3045 3413 omni
3079 3361 3248 3414 coetui
3301 3377 3423 3432 my-

1845 3451 1986 3506 stice
2015 3451 2365 3520 praescribit;
2420 3467 2735 3520 novumque
2763 3460 3155 3507 testamentum
3191 3465 3243 3508 ct
3284 3469 3419 3524 apo-

1843 3543 2040 3598 stolica
2075 3544 2317 3607 traditio,
2350 3543 2548 3612 lexque
2567 3544 2814 3597 veritatis
2843 3544 3017 3608 audit,
3049 3546 3314 3614 quidquid
3349 3547 3417 3598 ah

1842 3648 1908 3687 eo
1936 3633 2135 3688 nedum
2161 3633 2576 3702 Alexandrinis,
2612 3633 2707 3689 sed
2735 3642 2788 3689 et
2840 3637 3056 3690 cunctis
3117 3638 3416 3692 universim

1842 3727 2050 3780 sanctis
2076 3723 2343 3781 Ecclesiis
2375 3727 2585 3780 dictum
2613 3735 2706 3780 aut
2731 3727 2994 3781 traditum
3037 3731 3125 3782 sit.

1913 3904 2070 3971 Quod
2131 3920 2262 3960 vero
2319 3905 2599 3961 universis
2651 3908 2978 3976 apostolicis
3027 3907 3202 3978 signis
3231 3910 3415 3966 divina

1841 3999 2045 4052 virtute
2104 3999 2385 4062 exhibitis,
2437 3999 2766 4064 cunctisque
2825 4001 3002 4056 sacris
3040 4000 3418 4057 {unctionibus

1841 4091 2106 4158 peractis,
2144 4091 2433 4145 ministerii
2487 4093 2571 4145 sui
2607 4107 2747 4160 opus
2773 4108 2938 4161 quam
2981 4106 3265 4162 acceptum
3311 4094 3419 4149 Deo

1837 4181 2252 4252 perfectumque
2333 4184 2681 4249 reddiderat,
2743 4187 3043 4256 multisque
3087 4189 3417 4244 sacerdotali

1840 4278 2098 4331 uni-tione
2121 4279 2544 4338 consummatis,
2567 4281 2886 4348 complures
2916 4293 2946 4332 a
2984 4280 3412 4335 simulacrorum

1837 4368 1988 4423 cultu
2023 4377 2188 4438 atque
2219 4383 2411 4423 errore
2441 4369 2705 4424 liberatos
2732 4385 2828 4438 per
2857 4371 3018 4425 ﬁdem
3052 4371 3279 4426 Christo
3319 4370 3386 4424 ad

1835 4459 2119 4528 junxerat,
2157 4474 2340 4526 operae
2397 4462 2633 4528 pretium
2695 4463 2872 4515 visum
2911 4471 3018 4525 est,
3045 4479 3115 4516 ne
3145 4474 3197 4517 et
3222 4461 3416 4516 trimu-

1823 4556 2003 4626 phalis
2045 4570 2388 4625 cumpugna:
2425 4556 2602 4610 honor
2631 4554 2913 4610 deﬁceret.

149 4721 172 4762 a
194 4708 705 4787 SanctoAndrea.”
741 4711 1012 4787 Ecclesiae.
1046 4713 1374 4787 Parisiensis
1419 4714 1738 4787 canonicus,
1769 4717 1823 4776 D
1850 4715 2217 4787 singulariter
2239 4731 2299 4769 se
2341 4715 2569 4770 missum
2599 4731 2628 4769 a
2660 4715 2870 4785 Spiritu
2901 4726 3091 4771 sancto
3134 4717 3418 4787 professus

149 4795 200 4854 μ
222 4783 335 4836 eod.
357 4782 708 4838 monasterii
737 4781 794 4835 S.
817 4783 998 4836 Mariae
1025 4785 1122 4853 τῆς
1158 4785 1516 4854 Ὀδηγητρία;
1547 4788 1602 4839 in
1629 4785 1734 4839 Ca-

151 4851 319 4922 labria,
336 4855 724 4909 exscribente
747 4861 912 4921 atque
932 4851 1182 4908 mittente
1206 4851 1409 4907 Sirlc’to
1428 4854 1732 4909 cardinale.

152 4918 469 4995 l‘nerintque
490 4924 654 4995 adeo
677 4922 796 4995 duo
818 4918 994 4992 magni
1025 4925 1303 4978 antistites
1320 4924 1421 4993 ipsi
1448 4940 1732 4978 sacrorum

148 4993 398 5049 antistites
446 5003 512 5049 et
568 4993 898 5046 divinarum
950 4996 1403 5048 caeremoniarum
1453 5003 1732 5059 auctores,

149 5062 287 5135 ambo
322 5064 576 5135 apostoli
612 5062 854 5135 secundi
884 5062 1119 5124 ordinis,
1141 5066 1255 5135 Aviri
1302 5065 1536 5118 maxime
1566 5066 1734 5133 spiri-

151 5133 282 5196 tales,
321 5131 582 5190 Jacobus
628 5143 692 5203 et
740 5131 985 5185 Marcus:
1045 5133 1189 5188 unde
1231 5135 1428 5203 reliqui
1475 5131 1733 5203 tanquam

151 5203 631 5275 {xlimpidissimo
660 5200 838 5275 fonte,
867 5217 988 5275 quae
1022 5204 1143 5271 ejus
1165 5200 1385 5273 generis
1411 5200 1601 5258 sancta
1628 5203 1730 5260 ira-

151 5271 396 5336 diderunt,
449 5273 799 5335 hauserint;
834 5273 948 5326 sive
987 5271 1185 5327 etiam‘
1217 5275 1346 5335 illis,
1381 5290 1481 5327 ceu
1511 5276 1730 5328 solidis-

150 5342 265 5396 simo
289 5345 704 5404 fundamento,
740 5355 837 5395 sua
893 5357 994 5410 pro
1033 5355 1341 5412 temporum
1398 5346 1610 5399 ratione
1641 5347 1725 5401 vel

151 5415 481 5480 csplicatoria
514 5415 610 5468 vel
645 5411 924 5483 breviata,
959 5427 1052 5465 seu
1079 5411 1241 5466 aliter
1275 5416 1601 5483 composita,
1634 5432 1728 5470 su-

154 5488 582 5555 perstruxerint;
623 5483 753 5534 sive
794 5481 846 5533 id
880 5482 952 5535 ita
1001 5483 1110 5536 illis
1158 5481 1484 5553 usurpatum
1539 5486 1729 5541 divino

155 5553 405 5612 instinctu.
441 5571 511 5610 ac
543 5560 887 5624 sponte__e_a
936 5563 1216 5624 assumpta
1263 5555 1569 5622 provincia.
1614 5558 1727 5611 sive

153 5624 254 5685 quia
276 5629 508 5695 majores
540 5621 805 5695 apostoli
853 5621 999 5674 istud
1046 5621 1297 5677 muneris
1329 5625 1412 5677 eis
1466 5625 1724 5693 iniunxe-

155 5701 273 5751 runt.
300 5693 427 5749 dum
464 5695 575 5756 illi,
607 5693 690 5764 iis
713 5705 837 5758 qua:
862 5699 992 5764 sunt
1020 5695 1255 5764 propius,
1281 5695 1570 5764 apostolici
1598 5712 1721 5749 mu-

158 5764 293 5835 neris,
325 5768 418 5820 toti
445 5761 928 5835 incum_buut.‘_i_d
954 5761 1059 5824 est,
1115 5761 1530 5832 pradicationi;
1561 5782 1724 5835 quam

159 5827 324 5889 Paulus
349 5839 427 5891 sic
453 5832 777 5906 proprium
803 5830 908 5883 sibi
929 5827 1130 5888 munus
1180 5835 1375 5902 voluit,
1415 5845 1476 5889 ut
1503 5827 1594 5890 ad'
1622 5837 1726 5891 hoc

452 5930 760 5988 ΡΑτιιοΙ..
803 5922 922 5984 Gn.
955 5922 1080 5985 CV.

1848 4787 1940 4848 sit,
1969 4803 2077 4840 non
2111 4787 2176 4839 ad
2209 4786 2622 4856 baptizandum,
2657 4789 2740 4841 vel
2764 4789 2930 4840 etiam
2956 4788 3022 4841 ad
3063 4786 3203 4842 ritus
3230 4803 3417 4844 sacros

1838 4856 2300 4910 conscribendum
2333 4875 2346 4910 :
2383 4873 2695 4927 quanquam
2726 4858 3018 4913 tradidisse
3070 4875 3195 4913 eum
3219 4857 3414 4915 Corin-

1841 4928 1992 4986 thiis.
2047 4943 2169 4995 qua:
2230 4927 2588 4982 Eucharistiaa
2645 4928 2811 4981 ritum
2854 4937 3190 4996 spectarent,
3235 4938 3292 4983 et
3344 4933 3411 4984 ad

1839 4997 2096 5061 εὐταξίαν
2121 4997 2476 5068 ἱιιγΕεοιρείιι,
2511 4998 2729 5068 aliaque
2754 5001 2874 5068 ejus
2907 5001 3148 5068 generis,
3208 5000 3410 5054 nedum

1840 5068 2068 5136 scripto,
2107 5067 2204 5139 scd
2231 5069 2398 5122 etiam
2431 5068 2622 5131 verbo,
2642 5067 2723 5122 ex
2751 5067 2872 5138 ejus
2900 5067 2967 5122 ad
2993 5085 3091 5124 eos
3151 5070 3413 5139 Epistolis

1838 5138 2343 5207 compertissimum
2372 5149 2474 5192 est.
2513 5139 2806 5194 DeJacobo
2842 5139 2979 5192 alias
3028 5140 3139 5193 dixi
3193 5138 3246 5192 in
3288 5157 3412 5194 meo

1833 5205 2136 5280 Hippolyti,
2172 5208 2436 5270 indiculo,
2491 5207 2670 5278 deque
2717 5209 2970 5275 regendae
3034 5211 3293 5264 Ecclesia:
3347 5228 3412 5265 ac

1833 5277 2190 5332 instituendas
2235 5281 2311 5331 sic
2367 5280 2510 5332 inter
2551 5279 2704 5333 illum
2727 5288 2784 5334 et
2806 5281 3028 5334 Petrum
3053 5296 3117 5334 ac
3142 5280 3408 5335 Joannem

1833 5349 2138 5402 distributo
2171 5364 2418 5402 munere.
3490 5403 3492 5405 .

1905 5419 2027 5492 (57ιΔ
2052 5419 2216 5492 Μηὸξὲ
2256 5419 2358 5483 τῆς
2417 5420 2846 5492 ἀθλοφοριξίῆς.
2874 5420 3039 5475 Marci
3082 5423 3408 5492 martyrium

1833 5489 2066 5560 perinde
2134 5490 2334 5542 Mena’a
2372 5490 2642 5553 referunt,
2703 5491 2967 5560 lllctaph.,
3002 5489 3258 5560 Niecphf,
3298 5503 3404 5548 etc.

1833 5559 1990 5624 Quod
2020 5561 2196 5629 ignem
2224 5561 2522 5612 accessisse
2544 5561 2610 5613 ad
2646 5559 2861 5627 reliqua
2907 5559 3178 5615 tormenta
3211 5564 3407 5617 scribit

1835 5629 2075 5690 Nectas,
2118 5629 2340 5681 videtur
2396 5631 2694 5699 singulare.
2748 5631 2933 5684 Potuit
2980 5634 3060 5686 sic
3124 5633 3281 5687 turba
3321 5644 3408 5688 tu-

1835 5700 2141 5754 multuante
2170 5714 2233 5752 ac
2258 5699 2607 5765 saeviente,ut
2629 5710 2712 5755 est
2731 5703 3224 5756 Alexandrinorum
3256 5705 3409 5758 ferox

1837 5769 2140 5842 ingenium,
2174 5770 2411 5823 cadaver
2445 5772 2500 5824 in
2560 5773 2736 5841 ignem
2784 5774 3021 5842 conjici;
3063 5773 3207 5827 unde
3240 5774 3405 5829 Marci

1835 5839 2090 5908 discipuli
2119 5847 2426 5894 extractum
2459 5839 2762 5898 honerilice
2822 5839 3165 5912 sepelierint.

2843 5931 2912 5992 10
