4180 6434
763 417 866 478 299

764 631 866 685 pus
896 632 960 669 ac
990 615 1210 685 praemia
1234 615 1566 669 conferenda
1600 625 1809 676 essent,
1872 619 2163 685 derepente
2207 616 2333 668 Ale-

766 708 1161 761 xandrinorum
1226 709 1587 777 nequissimis
1619 710 1771 764 zelus
1800 710 2129 775 inardescit;
2186 708 2338 763 zelus

767 800 980 854 scilicet
1042 797 1372 853 dremoniaci
1413 798 1618 853 furoris
1665 815 1731 855 ac
1789 801 1872 854 sui
1922 800 2211 869 impotens.
2250 797 2336 862 Hi,

764 891 1057 946 consilium
1082 892 1136 944 in
1167 900 1417 946 sanctum
1442 889 1717 955 ineuntes,
1748 892 1990 962 atquein
2044 891 2169 960 ejus
2193 891 2339 945 aedes

765 984 1105 1048 invadentes,
1129 996 1254 1037 cum
1283 981 1627 1036 Dominicqu
1676 998 1815 1053 opus
1865 990 2114 1052 agentem
2164 982 2337 1037 oﬂ‘en-

764 1076 1000 1140 dissent,
1089 1074 1329 1129 violenta
1381 1090 1546 1130 manu
1614 1076 1924 1146 abreptum,
2009 1074 2109 1130 soli
2177 1074 2340 1144 pavi-

768 1177 955 1223 mento
995 1166 1272 1233 allidunt;
1322 1176 1550 1238 tumque
1608 1167 1793 1237 ligatis
1822 1183 1853 1222 e
1885 1167 2028 1221 collo
2096 1166 2337 1230 funibus,

766 1259 857 1311 alii
887 1258 1108 1326 quidem
1146 1259 1325 1314 media
1356 1258 1687 1313 Alexandria
1715 1258 1951 1313 ludibrio
1983 1257 2342 1327 propudiosa-

766 1366 871 1419 que
901 1352 1216 1419 spectaculo
1240 1353 1309 1406 ab
1343 1360 1468 1405 ante
1492 1351 1804 1415 trahebant,
1841 1350 1930 1405 alii
1962 1350 2137 1405 secuti
2178 1350 2337 1404 t'usti-p

766 1442 1274 1512 buslapidibusque
1312 1440 1623 1496 tundehant
1657 1459 1670 1495 :
1706 1456 1813 1510 qua
1837 1440 1882 1494 is
1914 1441 2145 1501 saevitia,
2182 1455 2340 1494 sacra

767 1532 990 1601 Deoque
1020 1532 1216 1586 dilecta
1248 1547 1311 1585 ac
1348 1533 1664 1602 gratissima
1690 1533 1911 1585 victima
1939 1532 2173 1584 exstitit.

840 1710 971 1762 Eum
998 1711 1052 1763 in
1078 1708 1322 1774 modum,
1344 1708 1714 1777 apostolorum
1739 1722 1951 1762 sununa
1984 1708 2342 1761 admiratione

765 1800 951 1867 digne,
1002 1813 1291 1853 sacrorum
1350 1798 1658 1851 antistitum
1715 1796 2111 1859 sacratissime,
2140 1798 2339 1849 trium-

1954 415 2245 475 NiCET/E
2282 414 2809 477 PAPHLAGONIS

831 523 1097 592 tlnmjam
1126 524 1310 593 itaque
1361 535 1560 592 pra:sto
1612 534 1760 578 esset
1791 526 2164 596 emigrationis
2196 534 2331 579 tem-
2368 530 2412 586 Α

3921 421 4027 481 3θο

2529 524 2678 577 Ἐπεὶ
2710 524 2766 577 δὲ
2795 523 2895 592 τῆς
2920 523 3232 587 ἀναλύσεως
3261 525 3355 577 καὶ
3388 524 3495 576 τῶν
3528 529 3808 596 στεφάνων
3834 529 3865 582 ὁ
3897 546 4024 583 και-

2445 616 2537 686 ρὸς
2575 615 2676 685 ήδη
2721 616 2904 686 παρῆν
2926 656 2941 681 ,
2976 615 3137 680 ζῆλος
3182 616 3280 685 μέν
3320 615 3549 680 ἐξάπινα
3586 621 3697 683 τοῖς
3726 621 3834 672 τῶν
3877 622 4028 673 Ἀλε-

2440 705 2710 775 ξανδρέων
2742 706 3043 759 άνάπτεται
3077 708 3490 778 πονηροτάτοις·
3518 710 3677 781 ζῆλος
3712 712 4025 782 δαιμωνιὼ-

2439 798 2557 869 δης,
2582 799 2676 852 καὶ
2708 799 2767 850 οὐ
2795 798 3078 861 καθεκτός·
3117 799 3167 851 οἰ
3200 800 3524 869 συμϐούλιον
3561 806 3681 857 κατ’
3723 805 3889 859 αὐτοῦ
3921 807 4023 858 λα-

2440 890 2649 957 ὀόντες,
2689 891 2783 943 καὶ
2826 892 2925 962 τὴν
2982 892 3162 944 οἰκίαν
3205 892 3301 945 τοῦ
3341 897 3618 965 μακαρίου
3652 898 4021 965 πεφθακότες,

2440 980 2535 1032 καὶ
2559 980 2745 1033 τοῦτον
2773 978 2866 1033 τοῦ
2900 981 3107 1052 Κυρίου
3137 982 3198 1033 τὸ
3231 982 3393 1053 ἔργον
3428 986 3828 1051 καταλασόντες
3853 990 4022 1059 ἐργα-

2442 1068 2693 1140 ζόμενον,
2726 1072 3137 1141 συναρπάζουσί
3159 1089 3219 1126 τε
3256 1074 3522 1145 σφοδρῶς,
3557 1077 3652 1129 καὶ
3680 1077 3758 1148 τῷ
3785 1079 3883 1148 τῆς
3916 1080 4020 1151 γῆς

2441 1162 2630 1231 ἐδάφει
2668 1163 3165 1234 προσαράσσουσιν.
3213 1161 3347 1219 Είτα
3392 1166 3677 1230 καλωδίοις
3719 1170 3885 1223 αὐτοῦ
3926 1174 4025 1223 τὸν

2442 1251 2714 1322 τράχηλον
2762 1252 3095 1322 ἐξάψαντες,
3140 1256 3190 1307 οἱ
3232 1256 3331 1325 μὲν
3361 1254 3674 1327 ἔμπροσθεν
3723 1253 3904 1314 εἷλκον
3934 1261 4029 1313 διὰ

2446 1342 2621 1411 μέσης
2658 1345 3069 1417 Ἀλεξανδρείας
3123 1346 3495 1420 θεατρίζοντες
3542 1354 3636 1403 καὶ
3670 1352 3918 1419 παίγνιον
3947 1370 4029 1405 τι-

2443 1433 2645 1497 θέντες·
2678 1437 2727 1489 οἰ
2774 1438 2831 1491 δέ
2866 1437 3042 1503 ξύλοις
3079 1439 3171 1493 καὶ
3219 1438 3393 1507 λίθοις
3425 1442 3678 1512 ἑπόμενοι
3714 1444 4023 1498 κατέκλων

2447 1528 2537 1577 καὶ
2562 1526 2709 1596 θῦμα
2752 1529 2895 1599 ἱερὸν
2935 1530 3078 1582 οὐτω
3111 1532 3205 1584 καὶ
3245 1531 3400 1599 φίλον
3425 1533 3545 1603 Θεῷ
3574 1534 3668 1587 καὶ
3697 1536 4023 1605 εὐχάριστον

2448 1617 2711 1687 ἱέρευσαν.

2515 1710 2704 1774 Οὐτως
2732 1751 2747 1775 ,
2792 1704 2837 1764 ὦ
2879 1711 3296 1781 θαυμασιώτατε
3356 1714 3466 1767 τῶν
3517 1718 3857 1786 ἀποστόλων,
3909 1718 4025 1771 τῶν

2456 1804 2725 1875 ἱεραρχῶν
2783 1805 3350 1874 ἰεροτελεστικώκατε·
3386 1808 3494 1860 τῶν
3520 1808 3842 1880 άθληφόρων
3863 1814 4025 1884 στερ-

767 1894 1065 1955 phatorum
1098 1891 1427 1945 athletarum
1471 1891 1774 1945 fortissime
1804 1905 1865 1943 ac
1894 1889 2336 1960 generosissime,

2445 1898 2639 1967 ρότατε
2676 1900 2772 1950 καὶ
2809 1900 3184 1966 γενναιότατε,
3236 1901 3297 1953 τὸ
3329 1903 3583 1971 σάρκινον
3620 1903 3837 1974 ἔλυτρον
3867 1923 4024 1974 μιαι-

767 1990 1056 2035 cruentum
1080 1982 1260 2036 adhuc
1293 1982 1608 2036 necantiurn
1662 1982 1915 2035 manibus
1956 1983 2196 2036 scissum
2225 1996 2342 2035 car-

766 2075 853 2127 nis
879 2074 1314 2143 integumenturn
1338 2074 1677 2141 relinquens,
1705 2075 1771 2127 ad
1812 2074 2131 2128 certaminis
2163 2074 2338 2142 ipsum

768 2164 1051 2233 pt‘.t'sidem
1085 2179 1148 2218 ac
1174 2162 1523 2217 Servatorem
1554 2163 1833 2218 Christum
1860 2179 2061 2217 corona
2129 2164 2341 2217 redimi-

766 2266 855 2308 tus
881 2264 1137 2325 receptus
1177 2270 1266 2321 es;
1316 2263 1619 2323 posteaque
1668 2271 1829 2310 sacro
1875 2257 1967 2309 illo
2014 2256 2342 2325 corpusnulo

768 2348 877 2415 igni
923 2346 1257 2408 sacriﬁcate,
1293 2346 1367 2399 ita
1418 2347 1659 2415 undique
1713 2346 1785 2408 ei.
1832 2363 1993 2417 quem
2048 2348 2339 2409 dilexeras,

766 2442 945 2491 lactus
979 2437 1182 2501 hostia,
1224 2436 1608 2491 holocaustum
1663 2436 1967 2505 perfectum
2027 2438 2339 2492 immacula-

768 2540 880 2581 tum
914 2528 967 2580 in
993 2527 1215 2582 odorem
1251 2529 1538 2583 suavitatis
1591 2528 1809 2583 oblatus
1832 2542 1911 2582 es.

836 2619 948 2671 Ave
970 2619 1175 2686 itaque,
1206 2618 1389 2671 divine
1437 2618 1734 2687 divinaque
1786 2634 1951 2673 sensu
1975 2621 2336 2689 evangelista!

765 2708 976 2766 Gaude,
993 2708 1137 2774 quod
1155 2707 1257 2761 etsi
1278 2707 1524 2761 inferiori
1547 2706 1835 2761 duodecim
1850 2708 2041 2761 ordine
2062 2724 2125 2761 ac
2142 2709 2338 2773 classe,

765 2798 1042 2867 Evangelii
1101 2806 1285 2853 tamen
1338 2797 1622 2853 iunctione
1668 2814 1729 2853 ac
1754 2799 2022 2853 Pararleti
2049 2802 2227 2867 donis,
2273 2804 2342 2855 ab

766 2905 957 2945 eorum
1002 2890 1137 2944 nihil
1170 2890 1509 2961 perfectione
1542 2892 1797 2946 delicias.

837 3067 1194 3136 Gaude_quod
1225 3067 1493 3137 apostolis
1552 3077 1611 3121 ut
1656 3068 1954 3137 apostolus,
1995 3070 2341 3137 evangelistis

767 3168 1028 3227 tanquam
1085 3158 1446 3226 evangelista,
1506 3160 1832 3227 patriarchis
1894 3167 1951 3213 ut
2006 3162 2333 3227 patriarcha,

768 3262 930 3317 atque
962 3258 1019 3301 ut
1045 3261 1250 3319 martyr
1281 3252 1612 3320 martyribus
1668 3262 2099 3328 conuulneratus
2151 3254 2226 3306 sis
2271 3268 2335 3307 ac

766 3352 1085 3411 eooptatus;
1152 3342 1389 3409 hincque
1467 3345 1601 3397 varii
1648 3346 1864 3413 generis
1907 3361 2106 3399 corona
2143 3347 2339 3399 eximie

768 3431 1125 3501 praefulgens,
1157 3447 1371 3485 summo
1404 3434 1647 3485 omnium
1690 3432 1819 3503 Regi
1857 3444 2035 3489 astare
2065 3450 2095 3488 a
2130 3434 2337 3489 dextris

768 3528 966 3593 dignus
994 3524 1212 3577 habitus
1244 3538 1323 3575 cs.

840 3614 1053 3676 Gaude,
1111 3614 1257 3681 quod
1302 3629 1407 3666 non
1440 3614 1631 3677 semel,
1677 3614 1771 3668 sed
1827 3623 1883 3669 et
1940 3616 2161 3684 sapius,
2196 3615 2341 3670 bono

767 3707 896 3759 ,Ιιοειι
937 3704 1251 3758 testimonio
1295 3704 1641 3772 perfunctus,
1687 3720 1861 3774 neque
1902 3706 2072 3759 semel
2124 3709 2340 3761 vinctus

772 3799 1017 3856 tunihus,
1055 3794 1229 3847 media
1271 3795 1493 3849 civitate
1520 3806 1753 3860 tractus,
1786 3808 1839 3849 et
1868 3795 2141 3850 laceratus
2169 3798 2342 3850 carni-

769 3889 870 3941 hus
917 3902 1000 3951 es,
1025 3897 1078 3938 et
1128 3895 1220 3937 tuo
1275 3886 1449 3953 ipsius
1493 3901 1691 3941 cruore
1750 3885 2033 3941 infectus:
2077 3887 2169 3941 sed
2220 3897 2341 3957 post

770 3980 1001 4047 primum
1052 3976 1347 4038 lanienam,
1399 3976 1700 4029 semivivus
1741 3976 1794 4029 iu
1837 3992 2117 4030 carcerem
2154 3978 2339 4046 conje-

768 4081 915 4133 etus,
951 4085 1015 4122 ac
1049 4081 1213 4122 noctu
1253 4068 1497 4137 angelica
1526 4083 1656 4122 voce
1686 4078 1912 4123 sanatus
1946 4079 2110 4137 atque
2141 4071 2343 4124 anima-

768 4174 895 4227 tus,
933 4163 1069 4215 etin
1131 4162 1436 4214 crastinum
1473 4162 1636 4215 simili
1682 4163 1862 4214 adhuc
1904 4163 2116 4214 ratione
2148 4163 2342 4231 ligatus

771 4263 1090 4321 tractusque
1118 4290 1133 4314 ,
1171 4253 1336 4320 inque
1364 4267 1487 4306 eunt
1524 4252 1745 4305 modum
1772 4253 2005 4305 astantis
2033 4253 2245 4305 Domini
2278 4268 2342 4306 ac

770 4344 921 4412 pacis
946 4344 1136 4396 osculo
1169 4342 1429 4395 donantis
1457 4348 1679 4409 aspectu
1712 4350 1993 4394 recreatus
2047 4341 2190 4393 nulla
2223 4357 2343 4394 ver-

770 4435 965 4485 borum
1000 4432 1047 4484 vi
1083 4430 1390 4499 explicabili
1416 4432 1615 4499 gaudio
1641 4443 1695 4485 et
1724 4430 2090 4485 exsultatione
2120 4434 2185 4483 ad
2218 4446 2339 4485 eum

769 4526 1074 4593 emigrasti.

838 4616 1048 4679 Gaude,
1084 4615 1283 4681 Marce,
1350 4615 1559 4669 Excelsi
1628 4616 1937 4668 mandatum
1987 4633 2049 4669 ex
2103 4618 2343 4673 nominis

771 4711 890 4777 ipsa
926 4710 1162 4760 ratione.
1232 4706 1371 4761 Vere
1420 4709 1562 4760 enim
1617 4708 1880 4761 Altissimi
1944 4709 2339 4778 propemodum

773 4802 1089 4855 mandatum
1124 4802 1407 4863 exstitisti,
1431 4801 1743 4869 justiﬁcans
1774 4817 1869 4855 eos
1902 4803 1993 4870 qui
2046 4818 2345 4871 sequeren-

775 4901 883 4953 tur,
905 4905 968 4944 ac
989 4889 1362 4943 condetnnans
1384 4906 1502 4951 eos,
1522 4892 1615 4958 qui
1642 4898 1736 4942 tuo
1762 4889 2052 4959 Evangelio
2080 4891 2342 4945 increduli

775 4989 978 5035 essent.
1016 4979 1206 5034 Gaude
1232 4991 1286 5034 et
1311 4980 1517 5042 laetare,
1556 4982 1745 5048 tuique
1770 4996 2073 5033 memorum
2112 4996 2341 5046 memor,

776 5084 884 5126 tua:
914 5088 1013 5126 nos
1037 5072 1307 5126 claritatis
1352 5080 1406 5125 et
1462 5074 1671 5140 gratim,
1724 5080 1831 5125 tuae
1864 5072 1915 5124 in
1967 5074 2345 5141 crelisjucuu-

773 5165 962 5218 ditatis
1019 5173 1072 5216 et
1103 5163 1409 5234 splendoris
1445 5168 1740 5232 participes
1794 5165 2051 5233 precibus
2086 5165 2257 5227 ellice,
2288 5166 2341 5217 in

771 5257 991 5309 Clu-isto
1020 5254 1148 5309 Jesu
1175 5254 1403 5309 Domino
1439 5265 1650 5321 nostro,
1682 5255 1771 5309 cui
1804 5264 1885 5309 est
1918 5256 2112 5318 honor,
2170 5257 2341 5327 gloria

772 5355 827 5399 et
849 5356 1093 5414 potestas
1120 5354 1343 5400 aeterna.
1386 5345 1581 5399 Amen.

2443 1982 2620 2049 φόνοις
2654 1982 2735 2037 ἐτι
2772 1985 3108 2056 ῥηγνύμενον
3142 1989 3331 2058 χερσὶν
3356 1991 3537 2058 ἀφεὶς,
3571 1992 3705 2061 πρὸς
3738 1994 3827 2047 τὸν
3869 1995 4026 2061 ἀγω-

2440 2070 2667 2141 νοθέτην
2709 2074 2804 2125 καλ⁹
2834 2074 3063 2145 Σωτῆρα
3094 2079 3520 2149 στεφανηφορῶν
3549 2082 3853 2152 ἀνελήφθης
3885 2084 4026 2152 Χρι-

2443 2164 2588 2215 στόν·
2623 2163 2720 2216 καὶ
2754 2165 2815 2216 τὸ
2846 2166 2989 2236 ίερὸν
3020 2166 3077 2220 δὲ
3113 2168 3251 2236 μετὰ
3288 2169 3460 2223 ταῦτα
3498 2173 3771 2240 σωμάτιον
3800 2174 3886 2227 διὰ
3914 2192 4024 2226 πυ-

2445 2256 2537 2322 ρδ.ς
2580 2255 3057 2325 ἱερουργούμενος,
3099 2261 3194 2311 καὶ
3214 2260 3377 2323 οὕτω,
3410 2263 3495 2315 διὰ
3527 2264 3742 2317 πάντων
3778 2265 3855 2335 τῷ
3877 2267 4025 2334 ἠγα-

2442 2346 2648 2417 πηκότι
2679 2365 2737 2400 σε
2769 2349 3211 2421 καθιερούμενος,
3236 2353 3605 2424 ὀλοκάρπωμα
3634 2356 3837 2410 τέλειον
3863 2358 4025 2427 ἄμω-

2445 2454 2545 2506 μον
2574 2438 2655 2503 είς
2686 2439 2863 2511 ὀσμὴν
2899 2442 3125 2505 εὐωδίας
3166 2446 3467 2516 ἀνηνέχθης
3498 2446 3666 2515 αὐτῷ.

2512 2611 2683 2682 Χαῖρε
2710 2613 2910 2675 τοίνυν,
2950 2609 2993 2667 ὦ
3039 2615 3289 2670 θεσπέσιε
3341 2620 3435 2672 καὶ
3464 2618 3691 2688 θεόφρον
3728 2618 4025 2687 εὐαγγελι-

2442 2703 2565 2767 στά.
2598 2704 2791 2774 Χαῖρε,
2817 2705 2898 2758 ὅτι
2928 2708 2975 2758 εἰ
3000 2708 3095 2759 καὶ
3131 2708 3230 2777 τὴν
3254 2710 3405 2775 τάξιν
3434 2713 3531 2779 τῆς
3556 2710 3852 2773 δωδεκάδος
3879 2712 4021 2763 ὐπο-

2442 2792 2685 2863 ϐέϐηκας
2709 2836 2724 2858 ,
2755 2795 2891 2849 ἀλλὰ
2923 2801 2990 2867 τῇ
3019 2799 3297 2871 ἱερουργία
3320 2800 3412 2853 τοῦ
3434 2802 3767 2869 Εὐαγγελίου
3792 2803 3882 2855 καὶ
3906 2804 4026 2864 τοῖς

2441 2884 2536 2939 τοῦ
2604 2888 2964 2959 Παρακλήτου
3027 2893 3361 2962 χαρίσμασιν
3435 2893 3587 2947 οὐδὲν
3638 2895 3736 2963 τῆς
3793 2895 4026 2946 ἐκείνων

2443 2975 2698 3047 ἐλείφθης
2739 2979 3100 3047 τελειότητος.

2515 3068 2709 3137 Χαῖρε,
2764 3071 2847 3122 ὅτι
2898 3074 3011 3134 τοῖς
3055 3072 3370 3135 ἀποστόλοις
3399 3073 3475 3137 ὡς
3532 3074 3861 3137 ἀπόστολος,
3905 3076 4025 3136 τοῖς

2445 3158 2856 3227 εὐαγγελισταῖς
2895 3161 2970 3223 ὡς
3002 3163 3424 3231 εὐαγγελιστὴς.
3481 3164 3577 3216 καὶ
3607 3166 3721 3226 τοῖς
3750 3165 4027 3233 πατριάρ-

2439 3267 2560 3318 χαις
2594 3250 2693 3317 μὲν
2737 3250 2812 3313 ὠς
2849 3252 3212 3322 πατριάρχης,
3246 3252 3322 3313 ὼς
3383 3253 3588 3321 μάρτυς
3620 3252 3675 3304 δὲ
3726 3253 3838 3315 τοῖς
3879 3252 4028 3321 μάρ⁴

2438 3354 2563 3390 τυσι
2622 3340 3093 3410 συνηριθμημένος
3157 3342 3250 3393 καὶ
3283 3340 3735 3410 συντεταγμένος,
3768 3343 3862 3395 καὶ
3893 3358 4026 3394 ποι-

2440 3427 2576 3498 κίλῳ
2606 3431 2857 3501 στεφάνῳ
2892 3431 2978 3484 διὰ
3010 3432 3184 3485 ταῦτα
3215 3431 3711 3501 καθωραῖζόμενος,
3739 3434 3802 3485 ἐκ
3830 3432 4026 3498 δεξιῶι

2440 3521 2792 3590 παραστῆναι
2817 3522 2893 3590 τῷ
2921 3522 3258 3593 Παμσασιλεῖ
3286 3522 3661 3588 καταξιούσαι.

2511 3614 2707 3681 Χαῖρε,
2736 3615 2931 3684 ὃτιούχ
2952 3615 3101 3680 ama
3147 3614 3248 3683 τὴν
3285 3613 3455 3683 καλὴν
3496 3612 3670 3682 Ἰησοῦ
3710 3612 4027 3682 μαρτυρίαν

2442 3703 2855 3773 ἐμαρτύρησας,
2938 3705 3227 3761 πλεονάκις
3269 3704 3327 3757 δέ
3354 3720 3367 3733 ⁸
3415 3703 3521 3756 οὐδ’
3576 3703 3723 3768 ἅπαξ
3763 3703 4030 3771 σχοινίοις

2442 3794 2759 3858 καταδεθεὶς
2813 3794 2901 3846 διὰ
2955 3796 3126 3864 μέσης
3168 3795 3267 3862 τῆς
3308 3795 3517 3855 πόλεως
3560 3794 3891 3861 είλκύσθης,
3925 3794 4031 3845 καὶ

2442 3884 2540 3948 τὰς
2570 3886 2780 3954 σάρκας
2837 3885 3242 3955 κατετρύιρθης,
3306 3887 3401 3940 καὶ
3446 3885 3526 3955 τῷ
3584 3885 3768 3951 οἰκείῳ
3822 3884 4029 3953 αἵματι

2444 3976 2673 4046 ἐΰάφης·
2707 3977 2842 4029 ἀλλὰ
2885 3978 3023 4045 μετὰ
3069 3977 3158 4027 τὸν
3204 3978 3536 4046 σπαραγμὸν
3571 3976 3661 4029 τὸν
3697 3975 3910 4045 πρῶτον
3939 3978 4026 4039 εἰς

2443 4066 2669 4135 εἱρκτὴν
2720 4064 2987 4136 ἡμιθανὴς
3030 4064 3345 4133 ἐμϐληθεὲς,
3391 4066 3485 4117 καὶ
3524 4066 3591 4117 δι’
3632 4063 3865 4131 ἀγγέλου
3902 4080 4027 4130 φω-

2443 4159 2537 4227 νῆς
2572 4156 2763 4218 νυκτὸς
2794 4155 2962 4217 ἰαθεὶς
2995 4156 3090 4208 καὶ
3123 4153 3641 4224 προθυμοποιηθείς·
3668 4154 3763 4206 καὶ
3794 4155 3861 4221 τῇ
3889 4153 4025 4220 ἑξῆς

2442 4246 2597 4309 αὖθις
2644 4247 2846 4315 ὁμοίως
2881 4246 3058 4308 δεθεὶς
3120 4248 3216 4299 καὶ
3274 4247 3630 4316 κατασυρεὶς,
3691 4246 3787 4297 καὶ⁸
3848 4243 4033 4307 οὕτως

2443 4336 2743 4390 ἐπιστάντα
2788 4336 2880 4389 τὸν
2932 4336 3137 4405 Κύριον
3176 4341 3269 4391 καὶ
3320 4338 3613 4407 εἰρηνικῶς
3641 4337 4033 4405 ἀσπαζόμενον

2442 4428 2792 4498 τεθεαμένος,
2823 4429 2962 4498 μετά
2988 4431 3161 4500 χαρᾶς
3184 4430 3466 4500 άφράστου
3515 4431 3609 4483 καὶ
3649 4427 4032 4497 ἀγαλλιάσεως

2368 4549 2424 4607 D
2450 4522 2789 4591 ὲξεδήμησας
2830 4524 2968 4590 πρὶς
2994 4523 3179 4575 αὐτόν.

2518 4615 2712 4684 Χαῖρε,
2739 4615 2935 4684 Μάρκε
2957 4653 2971 4677 ,
2997 4615 3035 4681 ἠ
3060 4615 3166 4668 τοῦ
3184 4614 3449 4683 Ὑψηλοῦ
3472 4612 3712 4679 ἐντολὴ,
3753 4609 3895 4665 κατὰ
3923 4610 4034 4681 τὴν

2449 4707 2729 4775 σημασίαν
2781 4705 2873 4758 τοῦ
2927 4706 3229 4776 ὀνόματος·
3281 4705 3522 4776 καὶγὰρ
3562 4703 3775 4775 άληθῶς
3821 4703 4034 4771 τρόπον

2448 4798 2570 4851 τινὰ
2620 4797 2715 4849 τοῦ
2764 4798 3018 4866 Ὑψίστου
3054 4799 3281 4865 γέγονας
3334 4797 3546 4867 ἐντολὴ,
3606 4792 3887 4849 δικαιοῦσα
3925 4794 4036 4861 μὲν

2450 4888 2577 4950 τοὺς
2610 4888 2932 4955 ἑπομένους,
2960 4887 3368 4957 κατακρίνουσα
3409 4886 3467 4939 δὲ
3508 4886 3631 4947 τοὺς
3660 4882 4036 4944 ἀπειθοῦντας

2449 4978 2527 5047 τῷ
2562 4978 2874 5046 Εὐαγγελίῳ
2927 4995 3042 5030 σου·
3086 4982 3245 5049 χαῖρε
3291 4980 3386 5032 καὶ
3441 4978 3760 5048 εὐφραίνου,
3790 4976 3885 5027 καὶ
3914 4976 4038 5026 τῶν

2451 5071 2814 5139 μεμνημένων
2871 5087 2964 5122 σου
3004 5070 3372 5139 μεμνημένος,
3426 5072 3528 5141 τῆς
3584 5069 3681 5139 σῆς
3723 5067 3879 5135 δόξης
3929 5071 4037 5119 καί

2448 5162 2691 5231 χάριτος,
2721 5164 2821 5232 τῆς
2850 5161 2947 5230 σῆς
2992 5164 3051 5215 ἐν
3096 5162 3346 5231 οὐρανοῖς
3386 5159 3725 5231 εὐφροσύνης
3767 5160 3860 5211 καὶ
3886 5156 4033 5226 λαμ-

2448 5255 2720 5323 πρότητος
2783 5253 3085 5324 πρόσευξαι
3138 5256 3451 5323 μετασχεῖν·
3491 5255 3549 5305 ἐν
3584 5249 3805 5322 Χριστῷ
3846 5249 4035 5316 Ἰησοῦ

2446 5344 2524 5413 τῷ
2556 5346 2744 5415 Κυρίῳ
2769 5346 2944 5415 ἡμῶν,
2972 5339 3015 5412 ᾧ
3044 5346 3077 5413 ἡ
3106 5344 3251 5409 δόξα,
3279 5345 3415 5413 τιμὴ
3436 5344 3527 5397 καὶ
3550 5343 3749 5413 κράτος
3781 5340 4032 5395 αἰώνιον.

2462 5436 2654 5507 Ἀμήνο
