4180 6434
212 392 300 457 30l

800 504 1016 558 ΑοΓοΣ
1076 508 1187 574 ις’.

214 618 309 684 El;-
364 618 480 684 τὴν
524 616 704 686 ἁγίαν
765 618 1231 687 πρωτομᾶρτυρα
1278 620 1377 675 καὶ
1433 622 1779 678 ἀπόστολον

793 689 1026 741 Θέκλαν
1068 690 1202 759 (58).

283 802 598 864 Ἐπαινετδς
646 803 673 854 ὁ
729 802 827 870 τῆς
880 802 1205 872 Ἑκκλησίας
1260 802 1483 872 θεσμὸς,
1534 806 1779 858 ἐπαινεῖν

213 896 287 949 ἀεὶ
327 896 456 957 τοὺς
502 894 850 959 ἀξιεπαίνους
899 896 1372 965 προτρεπόμενος·
1429 897 1674 964 εὐλογεῖν
1720 915 1777 950 τε

213 990 293 1039 καὶ
321 988 673 1056 μακαρίζειν,
709 988 837 1050 τοὺς
856 988 1184 1055 ’ἐγγίζοντας
1209 987 1326 1058 Θεῷ
1353 987 1779 1058 παραινῶν.⁶’1να

210 1079 307 1145 γὰρ
346 1079 423 1148 μὴ
453 1076 922 1146 ἁποοτενούμενον
951 1076 1013 1130 τὸ
1046 1078 1268 1145 ἀγαθὸν,
1301 1081 1380 1141 εἰς
1422 1078 1616 1147 μόνους
1653 1078 1780 1141 τοὺς

212 1171 606 1241 κατορθοῦντας
645 1170 780 1223 αὐτὸ
829 1170 1245 1241 περιορὶζηται·
1280 1170 1680 1239 πλατυνόμενον
1722 1170 1778 1223 δὲ

214 1266 297 1315 καὶ
330 1264 591 1332 χεόμενον
625 1265 705 1326 εἰς
738 1263 959 1325 πλείους
1006 1264 1244 1315 ἐκτεῖναι
1297 1261 1396 1332 τὴν
1436 1262 1775 1331 εὐεργεσίαν,

212 1353 391 1406 τούτου
444 1354 606 1423 χάριν
650 1354 895 1421 εὐλογεῖν
932 1354 1062 1417 τοὺς
1107 1352 1510 1423 εὐλογημένους
1541 1351 1777 1406 ὑποστοῦ

212 1445 497 1515 εὐλογητοῦ
520 1444 979 1515 νενομοθετῆσθαι
1017 1444 1177 1498 Θεοῦ.
1218 1444 1427 1498 Οὐκοῦν
1464 1444 1777 1512 εὐλογῶμεν

211 1539 323 1599 τοὺς
352 1537 774 1606 εὐλογημένους,
826 1539 920 1589 καὶ
947 1537 1071 1599 τοὺς
1104 1536 1208 1589 ὑπὸ
1239 1538 1444 1607 Κυρίου
1475 1535 1775 1605 τετιμημέ-

211 1646 341 1689 νους.
375 1630 775 1698 μακαρίσωμεν
802 1646 815 1658 ⁸
866 1628 963 1698 οὐχ
1013 1629 1099 1681 ἴνα
1143 1629 1264 1681 τινὰ
1316 1629 1528 1690 τούτοις
1568 1626 1657 1680 διὰ
1679 1626 1774 1696 τῆς

211 1719 478 1789 ἡμετέρας
533 1720 861 1789 προσθῶμεν
899 1720 1174 1789 εὐφημίας
1221 1720 1507 1788 (ἑστήκασι
1545 1719 1651 1787 γὰρ
1688 1715 1774 1772 diti.

210 1813 297 1879 τῆς
341 1815 401 1864 ἐν
446 1812 636 1881 Κυρίῳ
678 1812 1100 1881 πεπληρωμένοι
1154 1812 1348 1875 δόξης,
1385 1812 1478 1863 καὶ
1512 1812 1619 1864 τῶν
1662 1812 1769 1864 ἀπὸ

210 1902 301 1970 γῆς
347 1903 547 1964 ἐνδεῶς
586 1902 801 1971 ἔχοντες
859 1902 1100 1971 οὐδενός)
1123 1919 1137 1932 ·
1174 1902 1292 1954 ἀλλ’
1323 1902 1388 1954 ἶν’
1427 1905 1587 1972 ἡμεῖς
1634 1903 1769 1974 πρὸς

211 1996 396 2056 αὐτοὺς
440 1995 865 2063 ἀνατεινάμενοι,
902 1994 996 2047 καὶ
1045 1992 1136 2046 διά
1185 2010 1245 2045 τε
1285 1997 1384 2065 τῆς
1425 1997 1647 2065 μνήμης
1676 1996 1773 2048 καὶ

210 2083 305 2133 τῶν
364 2083 605 2134 ἐπαίνων
659 2083 860 2152 νοερῶς
930 2079 1329 2147 συναπτόμενοι
1373 2082 1467 2134 καὶ
1515 2082 1770 2149 συγγινό·

273 2208 377 2274 (58)
444 2208 646 2269 llabuit
691 2209 910 2261 Nicetas
955 2210 1145 2263 eadem
1200 2210 1318 2276 ipsa
1370 2208 1588 2263 Thecla:
1632 2210 1767 2264 Acta

210 2290 402 2332 vetera.
461 2295 582 2344 qua:
642 2279 834 2330 habuit
902 2279 1133 2333 Basilius
1182 2279 1466 2341 Seleucize,
1516 2279 1631 2332 sive
1665 2281 1757 2348 qui

210 2356 373 2400 exstat
399 2355 598 2399 auctor
626 2348 744 2416 ejus
776 2349 1018 2411 nomine,
1050 2350 1234 2402 editus
1260 2348 1426 2401 semel
1453 2356 1508 2401 et
1538 2349 1760 2410 iterum,

213 2416 359 2469 Petro
421 2417 655 2469 Paulino
707 2417 941 2470 Bruxell.
1015 2419 1366 2486 interprete:
1421 2418 1529 2470 alio
1583 2426 1763 2472 tamen

213 2487 339 2556 stylo
362 2488 674 2548 exornavit,
708 2488 964 2554 prcssiori
998 2489 1091 2541 illo
1122 2487 1375 2556 quidem,
1411 2487 1509 2540 sed
1540 2487 1765 2556 elegan-

214 2555 347 2625 tiori,
369 2567 424 2606 et
447 2571 562 2623 quo
590 2556 808 2624 egregie
829 2566 1011 2609 servet
1040 2555 1328 2616 decorum,
1373 2558 1503 2607 dum
1548 2555 1767 2625 aliquos

212 2624 486 2692 loquentes
518 2640 616 2678 seu
648 2627 1038 2679 concionantes
1067 2626 1296 2679 inducit.
1324 2626 1454 2690 Quae
1476 2624 1769 2679 videantur

212 2694 405 2760 aliquid
440 2695 647 2748 habere
675 2696 913 2765 alienum
942 2711 970 2747 a
1003 2696 1207 2765 regulis
1231 2695 1642 2765 ecclesiasticis,
1674 2697 1763 2749 vel

213 2765 384 2829 paucis
411 2765 756 2831 perstringit,
780 2764 875 2816 vcl'
896 2764 1111 2819 licentia
1150 2764 1419 2818 rhetorica
1441 2764 1774 2833 quandoque

210 2834 517 2900 supprimit.
555 2833 739 2885 Multis
759 2834 909 2886 card.
942 2834 1209 2887 Barouius
1265 2836 1319 2885 in
1383 2843 1496 2886 not.
1535 2833 1601 2886 ad
1634 2834 1772 2886 Mar-

212 2913 301 2972 tyr.
337 2905 495 2955 Rom.
532 2901 684 2970 Sept.
712 2902 801 2967 23,
840 2913 969 2956 tom.
996 2918 1012 2957 ι
1037 2903 1238 2957 Annal.
1269 2917 1369 2972 pro
1393 2903 1541 2957 Actis
1572 2913 1772 2958 sancta:

211 2971 411 3025 Thecla:
438 2982 671 3040 pugnat,
713 2974 1004 3039 omniaque
1035 2973 1187 3025 illius
1240 2981 1483 3026 veterum
1521 2973 1769 3026 testimo-

210 3041 289 3092 nio
318 3042 583 3100 vindicat,
623 3042 889 3110 longeque
916 3041 1021 3094 alia
1048 3042 1117 3093 ab
1146 3043 1296 3095 Actis
1328 3042 1537 3110 pridem
1582 3058 1767 3109 repro-

210 3110 351 3179 luatis,
378 3122 436 3164 et
465 3110 672 3179 quibus
722 3110 964 3163 haeretici
1034 3120 1338 3171 uterentur,
1402 3114 1759 3166 demonstrat.

210 3178 415 3233 Viderat
448 3178 631 3232 selum
655 3190 773 3232 acta
813 3195 843 3232 a
872 3180 1237 3248 Metaphraste
1299 3180 1630 3248 conscripta,
1682 3183 1762 3235 vcl

207 3251 353 3302 etiam
378 3265 502 3317 qua:
524 3249 595 3301 de
629 3249 831 3303 Thecla
861 3249 1095 3303 habeant
1129 3249 1330 3304 Meuzea
1347 3249 1416 3302 24
1457 3250 1760 3318 Septemb.,

207 3320 333 3383 quod
385 3320 477 3372 die
512 3319 584 3370 25
626 3320 889 3371 solemnis
944 3319 998 3371 in
1049 3320 1130 3372 eis
1173 3319 1441 3372 habeatur
1500 3321 1761 3373 memoria

205 3387 573 3456 conceptionis
602 3388 776 3441 sancti
797 3388 1057 3452 Joannis;
1118 3389 1170 3441 in
1231 3389 1433 3456 quibus
1466 3387 1534 3441 de
1588 3388 1762 3456 bapti-

205 3472 308 3527 smo
339 3473 369 3509 a
397 3458 608 3510 Thecla
634 3467 899 3527 usurpato
920 3458 1053 3510 nihil
1086 3459 1307 3527 legerat.
1344 3458 1556 3511 Habent
1580 3467 1760 3512 tamen

206 3524 419 3580 llisilius
466 3527 690 3580 Seleuc.
756 3536 813 3579 et
860 3526 1100 3587 Nicetas,
1146 3524 1575 3594 habueruntque
1626 3528 1759 3581 Acta

204 3606 393 3666 vetera,
430 3612 563 3664 quae
592 3596 666 3648 illi
701 3595 841 3666 stylo
872 3605 1140 3649 exornant
1164 3613 1178 3659 ;
1201 3604 1605 3665 potueruntque
1640 3597 1753 3649 lue-

204 3665 343 3719 rctici
376 3667 482 3718 hoc
506 3680 579 3718 ex
610 3666 716 3718 illis
738 3666 953 3719 'lheclze
981 3666 1232 3729 exemplo
1253 3666 1427 3729 abuti,
1460 3674 1517 3718 ut
1549 3680 1755 3719 sacram

204 3736 531 3788 iunctionem
590 3745 648 3788 et
695 3734 1091 3788 hierarchicam
1146 3734 1367 3789 feminis
1406 3747 1752 3799 asscrerent;

202 3816 403 3882 gum-et
428 3804 572 3857 illud
601 3805 850 3882 escusari
882 3805 1167 3882 possit,_ut
1197 3814 1253 3857 et
1298 3813 1523 3859 excusat
1566 3806 1757 3882 Petrus

200 3870 471 3936 l'antinus,
506 3872 661 3941 quod
702 3884 812 3925 non
843 3870 949 3925 nisi
1002 3874 1218 3927 delectu
1273 3889 1554 3927 sacrorum
1598 3874 1758 3925 mini-

198 3952 421 4011 strorum
452 3952 511 3996 et
538 3944 868 4011 necessitate
900 3953 1148 4011 cogente,
1176 3942 1228 3995 id
1257 3943 1361 3995 sibi
1397 3944 1484 3995 itla
1513 3942 1754 3994 indulse-

199 4010 288 4062 rit:
317 4011 607 4080 quomodo
640 4013 803 4064 etiam
833 4010 1006 4065 Latini
1039 4012 1253 4065 femina:
1277 4013 1607 4080 baptismum
1648 4027 1755 4064 non

199 4083 516 4149 repuitiant,
598 4080 914 4149 habentque
976 4081 1304 4149 legitimum,
1366 4083 1468 4134 etsi
1526 4081 1754 4134 forsitan

198 4148 351 4202 Graeci
386 4167 500 4203 non
530 4148 1206 4219 admittuntAOrien’tales,
1254 4150 1580 4219 videturque
1617 4150 1752 4202 insi-

198 4232 348 4287 nuare
410 4220 692 4272 Maximus
731 4220 782 4271 in
836 4217 1056 4281 Collat.,
1112 4220 1349 4287 hincque
1388 4217 1755 4273 adeoNicctas

199 4285 297 4357 ipse
347 4288 579 4341 Graecus
606 4299 665 4341 et
688 4287 1165 4356 Constantinopoli
1194 4285 1427 4357 rhetor,
1471 4288 1753 4357 singulare

196 4356 318 4409 dicit
341 4357 570 4411 Thecla:
600 4357 970 4425 privilegium,
1005 4373 1108 4410 nec
1134 4356 1229 4410 ulli
1267 4356 1595 4411 feminarum
1617 4373 1750 4411 con-

196 4439 413 4496 cessum.
466 4427 638 4496 Ἀλλα
671 4428 765 4477 καὶ
813 4426 891 4493 τῷ
930 4427 1068 4496 ἁγίῳ
1101 4427 1437 4495 βαπτίσματι
1470 4428 1752 4495 τελετουρ-

196 4494 369 4571 Isiaci,
435 4494 735 4571 Perﬁciens
802 4494 1149 4571 initiausque_
1191 4510 1371 4571 sacro_
1416 4496 1747 4571 baptismate.

1021 400 1123 461 ΟΒ
1149 402 1303 464 lTIO
1338 403 1491 464 XVI.
1522 430 1583 445 -
1624 403 1707 463 IN
1748 403 2059 464 LAUDEM
2090 404 2150 465 S.
2191 405 2522 466 THECLIE.

3342 414 3447 477 302

2446 512 2708 571 ORATIO
2739 514 2853 569 XVI

1882 622 2147 677 Laudatio
2178 634 2378 679 sanch
2407 629 2814 698 protomartyris
2864 638 2917 683 et
2963 634 3191 699 apostoli
3221 634 3263 688 Τ
3265 635 3445 694 Ιιεοίιε.

1953 796 2269 855 Laudabilis
2303 796 2562 857 Ecclesia:
2603 804 2765 867 ritus,
2811 820 2909 862 eos
2952 810 3045 878 qui
3094 810 3243 879 digni
3290 814 3451 871 laude

1883 890 2083 943 merito
2129 890 2450 956 habeantur,
2500 908 2715 963 semper
2749 896 2972 955 laudare
3009 899 3167 968 jubet
3200 920 3215 956 :
3244 919 3449 976 eosque

1885 977 1980 1046 qui
2016 978 2124 1036 Deo
2156 982 2541 1051 propinquent,
2585 983 2903 1041 benedicere
2935 1001 3000 1043 ac
3028 990 3218 1046 beatos
3249 995 3444 1061 praedi-

1880 1088 2007 1127 care
2076 1074 2352 1130 admonet.
2422 1074 2501 1131 Ne
2556 1078 2702 1132 enim
2771 1078 2972 1137 bonum
3035 1093 3450 1155 coangustetur,

1881 1166 2132 1233 intraque
2178 1166 2297 1221 illos
2324 1167 2593 1223 duntaxat
2635 1170 2728 1238 qui
2772 1170 2907 1225 illud
2951 1183 3165 1242 gerunt,
3223 1176 3452 1233 deﬁniao

1884 1264 1976 1309 tur
2015 1275 2031 1317 ;
2068 1258 2162 1312 sed
2206 1267 2263 1311 ut
2310 1260 2595 1315 dilatatum
2632 1261 2927 1332 fusumque
2956 1263 3009 1317 in
3045 1266 3230 1334 plures
3276 1270 3447 1325 bene-

1881 1347 2063 1400 ﬁcium
2106 1350 2407 1417 producat;
2473 1352 2677 1407 idcirco
2733 1354 3077 1419 benedicere,
3127 1358 3221 1426 qui
3282 1359 3448 1415 bene-

1878 1436 2008 1490 dicti
2051 1439 2163 1491 sint
2192 1452 2222 1490 a
2253 1436 2364 1493 Deo
2405 1441 2715 1505 benedicta,
2769 1444 2926 1499 nobis
2970 1452 3057 1499 est
3096 1446 3444 1516 imperatum.

1881 1525 2276 1583 Beiiedicamus
2338 1529 2509 1598 igitur
2563 1530 2903 1599 benedictus,
2977 1542 3031 1588 et
3108 1538 3200 1605 qui
3258 1552 3287 1590 ει
3335 1536 3445 1593 Deo

1880 1616 2142 1670 honorem
2199 1619 2380 1687 adepti
2436 1628 2588 1683 sunt,
2651 1620 2840 1674 beatos
2892 1622 3250 1691 praedicemus
3284 1645 3298 1680 :
3332 1642 3444 1683 non

1878 1714 1937 1760 ut
1968 1708 2171 1763 nostris
2195 1709 2448 1768 laudibus
2479 1725 2667 1764 eorum
2703 1713 2927 1766 cumulo
2949 1713 3155 1783 aliquid
3199 1717 3448 1771 confera-

1879 1811 2001 1850 mus
2032 1798 2049 1863 (
2067 1806 2199 1851 sunt
2225 1797 2369 1851 enini
2400 1812 2615 1867 semper
2648 1799 2700 1851 in
2732 1797 2961 1854 Domino
2995 1801 3246 1857 claritate
3277 1805 3443 1873 pleni,

1874 1889 2191 1957 nulliusque
2249 1898 2591 1943 terrenoruln
2625 1892 2846 1960 egent),
2877 1893 2971 1947 sed
3020 1904 3075 1948 ut
3115 1894 3340 1951 intentis
3388 1898 3445 1952 in

1875 1995 1971 2033 eos
2026 1980 2242 2045 animis,
2296 1981 2685 2046 memoriaeque
2756 1997 2820 2038 ac
2872 1984 3089 2038 laudum
3154 1988 3301 2042 cultu
3363 1992 3445 2045 eis

1877 2079 2056 2125 mente
2103 2073 2383 2141 conjuncti
2443 2089 2660 2144 unaque
2713 2086 3010 2142 versantes,
3058 2092 3179 2147 quae
3225 2096 3288 2134 ex
3335 2081 3444 2137 illis

1872 2205 2016 2259 Iuris
2050 2204 2251 2259 Orient.
2287 2204 2325 2256 l.
2353 2219 2412 2266 ιι,
2440 2204 2532 2256 ubi
2559 2205 2703 2257 inter
2731 2205 2869 2258 alios
2905 2221 3145 2260 canones
3172 2208 3239 2261 de
3286 2210 3443 2267 libris

1867 2275 2194 2347 apocryphls
2226 2292 2239 2326 :
2272 2275 2403 2347 The
2434 2273 2797 2347 Ἀποκςὶλυψιν
2833 2275 3029 2347 ’ξοδρᾶ
3057 2278 3161 2347 καὶ
3193 2280 3439 2347 Ζωςιμᾶ,

1871 2333 1965 2425 καῖ
1991 2333 2085 2395 1&-
2107 2344 2201 2396 δύο
2233 2333 2505 2425 μαρτύρια
2533 2344 2625 2425 τοῦ
2652 2333 2810 2425 ἁγῖομ
2855 2333 3150 2425 [εώργίοψ
3187 2350 3298 2425 καὶ⁸
3332 2333 3440 2425 τῷν

1873 2414 2044 2485 ἁγίων
2076 2412 2371 2485 μαρτύρων
2397 2412 2658 2485 ,Κηρύκου
2710 2414 2804 2485 καῖ
2870 2412 3181 2485 Ἰουλίττης,
3217 2420 3309 2469 καὶ
3341 2420 3440 2485 τὴν

1875 2483 2053 2553 βίϐλον
2074 2482 2298 2552 Μάρκου
2327 2483 2417 2553 καλ⁵
2446 2482 2720 2553 Διαδόχου.
2746 2482 2807 2533 οὐ
2839 2482 2943 2551 χρὴ
2976 2483 3227 2551 δέχεσθαι
3248 2501 3261 2515 '
3302 2482 3438 2539 ἀπδ-

1873 2551 2044 2621 6λητα
2064 2554 2172 2621 γὰρ
2218 2553 2313 2603 καὶ
2341 2552 2401 2603 οὐ
2436 2552 2617 2622 δεκτά.
2653 2551 3018 2622 Apocalypsim
3040 2552 3225 2607 Esdrle
3253 2565 3302 2607 et
3327 2555 3437 2609 Ζο-

1874 2619 2044 2684 sinia',
2071 2632 2117 2674 et
2143 2619 2247 2673 duo
2274 2622 2444 2673 sancti
2478 2619 2685 2687 Georgii
2714 2619 2996 2689 Mariyria,
3029 2633 3079 2676 et
3133 2633 3439 2681 sanctorum

1876 2701 2174 2760 martyrum
2206 2689 2388 2761 Ccryci
2418 2699 2466 2743 et
2491 2689 2695 2744 Julittw
2725 2690 3017 2761 librumque
3047 2693 3215 2746 Marci
3234 2706 3280 2746 et
3308 2695 3437 2750 Dia-

1873 2758 2444 2829 rlochi'suscipere'nou
2503 2769 2724 2828 oportet.
2762 2758 3064 2829 Rejicienda
3115 2765 3251 2815 enim
3304 2766 3433 2827 Ita'c,

1874 2846 1979 2883 non
2006 2830 2354 2900 admittenda.
2377 2830 2511 2894 Quis
2548 2831 2693 2885 enim
2734 2839 2889 2900 putet
2942 2831 3309 2900 Nicephorum
3364 2835 3433 2890 de

1872 2900 1996 2953 aliis
2029 2900 2177 2967 loqui
2207 2898 2424 2967 Georgii
2456 2900 2624 2956 Actis.
2650 2914 2814 2966 quam
2855 2899 2923 2953 de
2959 2898 3173 2955 illis'sic
3229 2902 3433 2959 Graecis

1873 2969 2049 3049 tritis;
2081 2985 2204 3038 qua),
2225 2968 2337 3049 ipsa
2371 2968 2844 3049 proindeGelasii
2882 2984 3139 3049 censura,
3185 2987 3295 3049 non
3325 2974 3431 3028 alia

1870 3037 2109 3091 obscura
2137 3048 2195 3092 et
2237 3037 2388 3107 fungi
2422 3039 2574 3107 Acta,
2603 3038 2655 3090 in
2685 3038 2883 3107 angulo
2900 3038 3038 3093 forte
3083 3040 3432 3099 latentia,at-

1870 3107 2089 3176 tigerit;
2133 3123 2257 3161 cum
2297 3105 2477 3160 tamen
2526 3105 2697 3160 Graeci
2764 3105 2955 3177 reliqui
2982 3124 3102 3162 eam
3145 3111 3231 3164 vel
3267 3110 3432 3165 Nice-

1866 3178 2023 3245 phori
2051 3179 2133 3248 vel
2173 3177 2372 3231 Gelasii
2395 3191 2812 3248 censuramnon
2849 3177 3140 3248 videantur
3172 3181 3428 3248 amplexi,

1865 3244 1961 3317 aut
1980 3247 2275 3317 quidquam
2298 3245 2626 3317 repudiasse
2668 3246 2757 3317 illa
2783 3244 2915 3300 Acta
2935 3245 3177 3317 Georgii.
3204 3244 3293 3303 Sic
3323 3244 3432 3303 An?

1865 3262 1961 3299 aut
1980 3262 2275 3316 qumquam
2311 3262 2367 3300 re
2412 3262 2626 3299 nutasse
2668 3262 2757 3299 tua
2783 3262 2915 3300 acta
2935 3262 3177 3317 ueorgn.
3204 3262 3293 3303 διο
3323 3262 3431 3303 An-

1864 3316 2026 3369 dreas
2059 3316 2339 3369 Cretensis
2361 3262 2513 3370 Brut.
2568 3316 2622 3367 in
2662 3315 2942 3384 Georgium
2996 3326 3161 3371 totam
3202 3333 3269 3372 ex
3324 3320 3431 3374 illis

1862 3386 1984 3455 ejus
2017 3385 2223 3439 delibat
2252 3385 2564 3443 historiam,
2593 3400 2756 3452 quam
2784 3394 2841 3437 et
2888 3387 3112 3440 memini
3152 3387 3429 3442 vindicas-

1861 3470 1941 3517 se,
1973 3456 2172 3525 quibus
2204 3456 2292 3508 illa
2324 3455 2632 3525 petiturill.
2665 3455 2945 3507 annalium
2993 3465 3170 3524 patre,
3207 3458 3313 3511 levi
3341 3473 3431 3512 sa—

1862 3525 1931 3578 tis
1957 3533 2279 3593 argumento
2303 3524 2619 3592 ὁμωνυμίας
2640 3524 2921 3577 Athanasii
2946 3525 3081 3593 Magi
3132 3541 3258 3579 cum
3310 3542 3429 3581 ma-

1862 3542 1931 3578 us
1957 3542 2018 3579 ar
2058 3542 2279 3578 umento
2303 3542 2619 3592 ομωνυμιας
2640 3542 2921 3577 Atnanasn
2946 3542 3081 3593 magi
3132 3542 3258 3579 cum
3310 3542 3426 3581 ma-

1861 3611 1969 3663 gno
2008 3542 2328 3665 Ethanasio.
2377 3593 2455 3665 ljjo
2475 3663 2481 3665 _
2503 3594 2724 3646 nomine
2768 3593 3059 3648 videantur
3082 3596 3426 3665 proscripta,

1858 3664 2004 3728 quod
2065 3663 2312 3732 quaedam
2352 3663 2519 3716 nimis
2561 3672 2895 3730 portentosa,
2923 3674 3018 3717 aut
3047 3663 3129 3719 sic
3159 3666 3303 3729 visa,
3335 3666 3431 3718 ha-

1859 3732 2061 3799 beant;
2096 3748 2222 3787 cum
2261 3733 2375 3786 haec
2421 3733 2558 3800 ipsa,
2602 3740 2695 3785 aut
2730 3732 2796 3784 iis
2836 3734 3041 3800 majora
3081 3750 3192 3789 non
3224 3734 3427 3792 desint.

1856 3804 2087 3874 aliorum
2146 3803 2508 3869 quorumdam
2562 3811 2858 3874 martyrum
2908 3802 3074 3874 Actis.
3136 3803 3328 3874 Ceryci
3372 3812 3429 3874 et

1856 3869 2059 3926 Julittae
2097 3873 2229 3926 Acta
2263 3874 2522 3939 genuina,
2560 3869 2741 3939 qualia
2786 3871 3078 3925 Justiniani
3118 3869 3278 3927 aitat'e
3310 3873 3429 3927 col-

1857 3940 2027 4012 ligere
2055 3940 2586 4012 potuitlTheodorus
2621 3940 2919 4012 Iconiensis
2944 3942 3259 4012 episcopus,
3300 3942 3427 3996 dedi

1856 4024 1922 4062 ex
1958 4010 2091 4063 bibl.
2120 4010 2319 4078 Regia;
2354 4026 2475 4079 qua:
2508 4011 2625 4077 ipsa
2656 4023 2752 4080 per
2774 4010 3045 4063 inscitiam
3079 4010 3432 4080 in'suspicio-

1857 4094 1981 4149 nem
2002 4081 2281 4133 nonnullis
2297 4078 2578 4136 venerant,
2598 4078 2751 4147 quasi
2770 4080 3080 4149 apocrypha
3099 4081 3189 4134 illa
3211 4078 3428 4136 Gelasio

1854 4162 1917 4219 ac
1959 4148 2272 4219 Nicephoro
2302 4158 2508 4211 notata,
2546 4163 2655 4201 non
2683 4148 2884 4219 quibus
2923 4148 3253 4219 apocryphis
3286 4150 3424 4204 itum

1853 4217 2070 4287 obviam
2103 4226 2267 4280 esset,
2298 4233 2363 4271 ac
2387 4226 2635 4287 paratum
2676 4218 2984 4271 antidotum
3017 4217 3282 4287 sapientis
3319 4221 3423 4274 viri

1854 4286 2135 4356 diligentia
2169 4303 2231 4358 ac
2263 4288 2504 4358 solertia.
2536 4286 2744 4358 Eratet
2772 4288 2826 4339 in
2866 4286 3110 4356 antiquis
3141 4289 3248 4342 illis
3280 4304 3428 4358 apo-

1852 4358 2076 4425 cryphis
2118 4357 2268 4411 Actis
2305 4356 2775 4428 .lulittzelfemime
2809 4358 3133 4425 baptismus,
3173 4358 3268 4412 sed
3293 4356 3425 4428 por-

1854 4432 2107 4508 “..mqsus
2140 4434 2197 4508 ρι
2242 4426 2799 4508 ριμιῃμο-,Ιὶιμιιειιιςξ
2847 4429 3063 4508 aliaque
3109 4428 3266 4508 plane
3296 4426 3426 4508 reji.

1853 4494 2069 4557 cienda,
2101 4503 2157 4550 et
2204 4494 2588 4550 ecclesiasticae
2619 4495 2900 4549 traditioni
2935 4494 3187 4559 adverSa,
3226 4494 3425 4552 inscite

196 4563 392 4635 ’[αρτην
418 4559 710 4635 γὰρ’μὸνη
760 4559 1045 4630 γυναικῶν
1084 4565 1273 4632 εἴληφε
1324 4566 1422 4634 τὴν
1480 4559 1747 4628 ἐξουοίαν.

1858 4565 2021 4635 nimis
2051 4566 2110 4619 P.
2152 4566 2323 4635 Poree
2357 4565 2477 4617 0rd.
2513 4565 2862 4635 PraemonStr.
2909 4565 3128 4619 laudata
3160 4580 3243 4632 ac,
3279 4567 3425 4635 quod

197 4632 468 4687 Solniuter
494 4632 753 4687 mulieres
808 4636 943 4686 hanc
988 4644 1145 4687 nacta
1176 4642 1252 4685 est
1310 4632 1637 4702 potestatem,
1700 4646 1755 4689 et

198 4717 298 4767 quae
324 4713 667 4773 sequuntur.
698 4703 936 4757 Proinde
981 4705 1138 4757 valde
1190 4704 1437 4756 adducor
1467 4714 1527 4757 ut
1565 4704 1755 4758 existi-

200 4788 340 4833 mem,
383 4774 475 4826 illa
496 4776 622 4842 ipsa
645 4783 766 4825 acta
797 4788 937 4835 esse,
963 4788 1027 4826 ex
1084 4773 1301 4842 quibus_
1340 4783 1550 4826 veteres
1581 4773 1753 4828 Grzeci

198 4843 380 4905 pariter
433 4840 750 4897 ac'Latini
819 4852 968 4896 tanta
1020 4840 1115 4896 illa
1152 4843 1220 4896 de
1283 4840 1481 4895 Thecla
1533 4851 1748 4895 mutua-

198 4913 227 4980 ti
275 4923 447 4975 sunt,
515 4928 587 4964 ac
660 4912 868 4979 scripto
939 4912 1324 4975 tradiderunt,
1390 4927 1513 4980 qua:
1569 4915 1754 4966 omnia

197 4978 242 5030 in
296 4982 395 5035 illis
456 4982 739 5034 hactenus
775 4978 1164 5042 continentur,
1228 4991 1283 5035 et
1328 4978 1451 5049 qua:
1502 4983 1752 5036 nonnulli

198 5052 583 5122 utapocryplia
627 5061 986 5122 exceperunt,
1042 5067 1154 5105 rein
1202 5050 1468 5104 habentes
1498 5065 1620 5122 cum
1647 5052 1754 5122 ha:-

198 5119 380 5188 rcticis,
418 5119 485 5175 ac
509 5120 673 5188 quod
709 5121 817 5173 illis
844 5122 1023 5175 favere
1051 5122 1470 5173 arbitrarentur.
1496 5121 1751 5175 Fabulam

198 5183 371 5260 leonis
395 5183 672 5260 baptizati
702 5205 810 5242 non
840 5206 1044 5253 moror,
1097 5205 1218 5259 qua:
1268 5203 1372 5241 una
1422 5192 1617 5245 merito
1659 5207 1754 5245 ex-

197 5259 335 5330 sulat,
366 5259 674 5329 potuitque
710 5259 801 5330 pio
824 5261 1055 5330 alicujus
1108 5261 1227 5313 zelo
1265 5261 1523 5330 expungi.
1564 5260 1628 5316 Ut
1673 5262 1753 5315 sic

198 5324 348 5381 dicam
367 5324 449 5383 de
489 5324 1029 5399 Th—eclaérActisnon
1053 5330 1250 5399 exiguo
1298 5324 1431 5381 mihi
1456 5324 1751 5385 'momento

198 5407 285 5469 est.
312 5401 483 5453 simile
522 5398 749 5471 aliquid
792 5400 1065 5471 inuActis
1096 5397 1165 5471 ὃς
1203 5397 1747 5471 Georgii_martyris,

199 5464 319 5538 inter
346 5464 674 5538 apocrypha
711 5466 909 5521 Gelasii
942 5468 1169 5521 Romani
1210 5464 1485 5538 pontilicis
1513 5464 1748 5524 censura

201 5536 393 5607 relatis;
426 5536 805 5607 quaeLipom.
855 5538 1039 5606 spuria
1068 5536 1317 5606 quaedam
1357 5546 1410 5590 et
1441 5539 1751 5594 aniliaActa

200 5599 361 5675 latina
383 5599 511 5661 esse
538 5599 853 5667 existimat,
877 5599 983 5660 non
1015 5599 1106 5661 illa
1157 5607 1397 5674 duplicia
1443 5622 1564 5675 quae
1597 5610 1651 5662 in
1681 5610 1749 5663 li-

202 5670 295 5746 bris
323 5676 645 5731 Graecorum
704 5678 1091 5731 ecclesiasticis
1138 5670 1341 5746 passim
1381 5670 1619 5741 exstant,
1651 5680 1750 5733 ha-

203 5740 411 5813 bentque
436 5748 723 5817 Graciac
762 5747 950 5817 legunt
1009 5755 1069 5800 ut
1124 5740 1253 5817 vera
1304 5745 1525 5817 Georgii
1576 5749 1747 5815 Acta;

203 5822 303 5866 cum
328 5823 508 5872 tamen
542 5816 603 5873 S.
633 5814 982 5885 Nicephorus
1011 5817 1102 5873 illa
1143 5816 1258 5887 ipsa
1309 5828 1430 5871 esse
1458 5814 1751 5888 signiﬁcet

1855 4634 2079 4697 mirum,
2107 4635 2161 4688 in
2182 4634 2366 4688 Gallize
2390 4635 2596 4702 aliquot
2620 4634 2878 4687 Ecclesiis
2902 4643 3137 4702 recepta,
3158 4636 3251 4688 sed
3278 4634 3427 4690 nunc

1856 4718 1995 4773 pene
2043 4705 2258 4758 saniore
2300 4720 2462 4758 sensu
2504 4704 2570 4755 ab
2598 4704 2711 4773 illis
2748 4704 3054 4773 proﬂigata.
3082 4704 3211 4773 Τὴν
3245 4705 3426 4773 βίϐλον

1854 4771 2084 4839 Μάρκου
2102 4778 2193 4826 καὶ
2216 4774 2490 4841 Διαδόχου.
2507 4772 2852 4825 Enimundus
2871 4771 3093 4826 Bonelid
3129 4771 3201 4827 ita
3224 4771 3422 4837 reddit,

1857 4841 2147 4913 librumque
2208 4843 2374 4897 Marci
2413 4851 2461 4895 et
2513 4845 2852 4913 successoris.
2901 4843 3038 4907 Quis
3080 4858 3213 4895 vero
3260 4844 3425 4897 Marci

1856 4912 2161 4976 succesSor,
2184 4928 2378 4981 nempe
2410 4913 2786 4965 anachoretaa?
2812 4912 3078 4981 Habuerit
3106 4912 3422 4981 episcopus,

1856 4982 1939 5033 vel
1990 4983 2157 5036 etiam
2202 4980 2542 5052 hegmnenus
2585 4990 2679 5052 aut
2710 4980 3207 5052 archimandrita;
3242 4980 3426 5036 nudus

1854 5053 2158 5107 monachus
2208 5049 2314 5106 non
2375 5052 2445 5104 ita
2499 5050 2657 5103 lacile
2710 5049 2966 5104 habuisse
3015 5050 3282 5105 dicendus
3331 5054 3422 5113 sit,

1854 5121 2011 5189 cujus
2060 5123 2332 5190 praecipue
2388 5136 2475 5174 res
2516 5120 2787 5190 obscurae,
2824 5121 2928 5174 etsi
2982 5129 3109 5190 nota
3134 5121 3328 5190 capita
3368 5130 3426 5175 et

1852 5188 2136 5258 opuscula.
2156 5188 2333 5245 Malim
2355 5206 2486 5258 ergo
2511 5189 2700 5242 librum
2721 5189 2909 5253 Marci,
2932 5199 2984 5241 et
3003 5188 3259 5243 Diadoclli
3285 5190 3426 5243 κατὰ

1853 5261 2057 5329 κοινοῦ,
2106 5262 2298 5329 supple
2349 5260 2575 5323 librum;
2610 5260 2703 5329 qui
2750 5261 2865 5327 ipse
2910 5268 3090 5313 exstat
3135 5259 3425 5329 Francisco

1853 5326 2127 5383 'l‘urriano
2154 5326 2472 5398 interprete,
2512 5330 2583 5382 De
2626 5326 2941 5397 perfectione
2967 5328 3256 5398 spirituali,
3294 5344 3425 5383 cen-

1855 5406 1969 5470 tum
2007 5401 2279 5470 capitibus
2307 5400 2762 5469 comprehensus,
2792 5399 2896 5452 etsi
2924 5398 3091 5470 semel
3128 5405 3187 5451 et
3222 5399 3423 5470 iterum

1852 5466 1907 5520 in
1942 5466 2090 5523 Bibl:
2116 5470 2217 5524 PP.
2260 5466 2456 5523 Colon'.
2497 5485 2592 5538 per
2617 5483 2859 5522 errorem
2903 5468 3168 5538 scriptum
3213 5478 3316 5538 est,
3338 5468 3425 5538 ille

1850 5542 2228 5604 persecutione,
2269 5548 2390 5603 etc.,
2428 5535 2627 5608 in'quo
2658 5538 2776 5607 ipso
2802 5539 2942 5591 libro
2978 5535 3090 5590 non
3117 5535 3298 5591 desint
3317 5537 3424 5590 du-

1850 5608 2017 5667 riora.
2048 5610 2123 5662 uti
2148 5610 2261 5663 fere
2298 5610 2500 5663 habent
2531 5609 2830 5677 scriptores
2851 5608 2972 5677 ejus
2996 5608 3235 5675 generis,
3265 5617 3426 5660 caute

1850 5678 2080 5746 proinde
2120 5678 2368 5748 legenda,
2400 5689 2455 5733 et
2483 5679 2549 5731 ad
2586 5678 2821 5748 sanioris
2856 5678 3142 5745 theologia:
3177 5691 3423 5748 normam

1850 5745 2250 5824 componenda.
2283 5749 2357 5824 ob
2380 5764 2501 5818 quae
2550 5747 3002 5824 ha_iic_l‘iicepl1ori
3019 5761 3308 5824 censuram
3336 5745 3427 5799 ille

1849 5819 2132 5875 meruerit.
2150 5818 2359 5874 Laudat
2387 5816 2565 5874 tamen
2575 5817 2849 5889 Maximus
2865 5817 3039 5884 Qu.ad
3059 5816 3422 5871 Thalassium.
