4180 6434
783 406 889 468 303

1965 408 2253 467 NlCETr‘E
2287 408 2372 467 ΡΑ
2383 410 2806 473 PHLAGUNIS

3926 420 4025 479 3M

782 526 868 570 est
902 512 1391 569 sanctiﬁcationem
1423 515 1580 570 nobis
1610 516 1968 579 asciseamus,
2003 517 2351 586 condignam-

2457 537 2629 589 μενοι,
2677 522 2768 573 τὸν
2821 524 2952 592 παρ’
2985 523 3163 576 αὐτῶν
3224 525 3321 591 μὲν
3357 526 3626 593 ἁγιασμόν
3664 528 3747 593 ἐφ’
3799 530 4028 592 ἑαυτοὺς

781 622 890 676 que
924 607 1033 661 illis
1061 605 1258 667 vicem,
1294 605 1526 660 salutem
1557 613 1804 659 nostram
1837 606 2153 661 oﬂeramus.

854 779 1111 834 Sanctum
1132 777 1349 847 quidem
1368 791 1431 831 ac
1447 776 2044 843 convenientissimum,
2065 786 2123 831 ut
2140 779 2230 847 qui
2248 778 2355 832 Deo

784 870 1178 940 propinquant,
1226 883 1418 922 omnes
1456 866 1713 921 laudibus
1758 876 1922 937 atque
1967 870 2173 923 honore
2226 885 2354 939 pro-

784 976 1101 1029 sequamur,
1130 960 1222 1015 sed
1250 973 1344 1014 eos
1374 960 1631 1022 maxime,
1678 959 1773 1028 qui
1826 960 2063 1013 maxima
2101 960 2213 1014 Deo
2261 977 2356 1015 ne-

780 1050 1118 1105 cessitudine
1146 1047 1472 1118 junguntur.
1514 1048 1634 1102 Non
1686 1048 1830 1103 enim
1882 1064 2072 1102 omnes
2108 1050 2351 1118 ejusdem

781 1141 992 1194 ordinis
1020 1154 1083 1193 ac
1103 1140 1300 1194 classis
1322 1141 1623 1204 exsistunt;
1650 1140 1745 1194 sed
1779 1140 1831 1192 in
1851 1140 2025 1208 primo
2048 1141 2137 1193 alii
2162 1156 2352 1207 censu,

780 1233 874 1285 alii
935 1232 991 1285 in
1053 1240 1332 1301 postremo
1384 1231 1676 1286 habentur.
1741 1232 1832 1287 Uti
1884 1232 2143 1285 nimirum
2186 1235 2353 1287 etiam

784 1323 927 1391 apud
961 1338 1117 1392 reges
1148 1334 1306 1377 terrae
1335 1338 1441 1377 non
1468 1338 1614 1377 unus
1669 1322 1923 1391 idemque
1952 1324 2196 1377 omnium
2223 1340 2355 1378 eon-

781 1430 971 1470 sessus
1006 1415 1338 1484 gradusque,
1392 1416 1486 1470 sed
1543 1415 1635 1467 alii
1677 1414 1878 1482 primo,
1930 1414 2019 1467 alii
2077 1411 2353 1485 pust'remo

782 1510 1056 1561 habentur
1107 1525 1119 1560 :
1168 1507 1393 1576 quidam
1447 1507 1610 1561 etiam
1668 1506 1871 1568 medio,
1929 1520 2029 1573 pro
2084 1506 2356 1576 cujusQue

781 1595 998 1647 virtutis
1021 1595 1253 1659 ratione,
1287 1602 1381 1647 aut
1408 1595 1531 1661 ejus
1556 1594 1647 1661 qui
1676 1603 1872 1661 praeest
1895 1596 1961 1647 ad
1987 1610 2083 1650 eos
2115 1611 2305 1649 amore
2335 1616 2348 1649 :

780 1684 855 1736 ita
911 1685 1173 1738 nimirum
1229 1686 1391 1738 etiam
1427 1685 1484 1738 in
1536 1685 1849 1739 coelestibus
1897 1685 2153 1750 arbitror,
2211 1687 2353 1742 alios

781 1778 1095 1844 superiores
1121 1777 1643 1849 eminentioresque,
1675 1776 1812 1831 alios
1839 1776 2131 1833 inferiores
2159 1789 2350 1835 nactos

2461 612 2918 684 ὲπισπασὼμεθαο
2978 616 3215 687 ἀμοιϐὴν
3259 618 3315 670 δὲ
3364 619 3548 681 αὐτοῖς
3582 620 3902 693 ἀξιόχρεων,
3930 626 4032 692 τὴν

2460 704 2618 774 ἡμῶν
2658 706 2932 776 σωτηρίαν
2962 708 3417 776 άφοσιωσὼμεθα.

2531 795 2744 857 Πάντας
2777 795 2878 863 μὲν
2909 792 3003 849 οὖν
3039 796 3227 865 ὑμνεῖν
3251 798 3343 848 καὶ¹
3366 801 3531 868 τιμᾷν
3559 803 3685 864 τοὺς
3716 805 4033 871 ἐγγίζοντας

2455 882 2538 951 τῷ
2565 882 2702 952 Θεῷ,
2732 883 2877 936 ὅσιόν
2910 902 2969 937 τε
2998 884 3133 954 ὁμοῦ
3162 886 3254 937 καὶ
3291 890 3764 956 πρεπωδέστατον·
3794 896 4034 965 μάλιστα

2455 973 2513 1026 δὲ
2540 976 2665 1039 τοὺς
2712 976 2943 1046 μάλιστα
2994 977 3168 1046 τούτῳ
3223 984 3767 1051 προσῳκειωμένους.
3804 989 3876 1041 Οὐ
3923 992 4035 1058 γὰρ

2456 1069 2554 1135 τῆς
2586 1067 2754 1137 αὐτῆς
2782 1062 2920 1119 εἶναι
2951 1072 3161 1130 πάντας
3195 1070 3404 1133 τάξεως
3434 1072 3526 1125 καὶ
3550 1075 3815 1140 στάσεως·
3842 1079 4034 1150 ὥσπερ

2454 1155 2517 1224 δὴ
2550 1160 2645 1210 καὶ
2691 1161 2842 1228 παρά
2890 1162 3003 1220 τοῖς
3041 1161 3299 1228 κρατοῦσι
3347 1161 3469 1229 γῆς,
3502 1164 3563 1215 οὐ
3615 1168 3743 1235 μιᾶς
3783 1171 3900 1222 οὐδὲ
3931 1173 4036 1239 τῆς

2455 1248 2625 1316 αὐτῆς
2681 1250 2882 1312 πάντες
2944 1250 3209 1320 καθέδρας
3256 1254 3289 1322 ἢ
3348 1255 3590 1319 στάσεως
3649 1266 4033 1330 τυγχάνουσιν

2454 1337 2567 1389 ἀλλ’
2594 1340 2643 1389 οί
2675 1339 2775 1407 μὲν
2803 1340 3044 1409 πρώτης,
3084 1342 3133 1393 oi
3176 1343 3231 1395 δὲ
3274 1345 3532 1415 ἐσχάτης
3562 1348 3711 1402 ἄλλοι
3740 1351 3796 1403 δὲ
3826 1354 4037 1406 τούτων

2457 1428 2659 1497 μεταξὺ
2695 1430 2815 1482 κατ’
2840 1433 3131 1499 ἀναλογίαν
3158 1434 3257 1502 τῆς
3285 1436 3508 1507 ἀρετῆς,
3546 1440 3578 1506 ἢ
3606 1441 3704 1510 τῆς
3732 1444 3824 1495 τοῦ
3866 1446 4038 1514 ὑπερ-

2455 1520 2670 1589 έχοντος
2704 1521 2840 1590 πρὸς
2869 1523 3067 1587 αὐτοὺς
3095 1524 3473 1580 διατάττονται
3507 1529 3812 1599 φιλότητος·
3857 1532 4038 1597 οὕτως

2454 1608 2692 1679 ἠγοῦμαι
2740 1614 2844 1666 κάν
2893 1617 3004 1677 τοῖς
3057 1616 3347 1685 οὐρανίοις,
3381 1622 3507 1682 τοὺς
3557 1622 3656 1690 μὲν
3696 1625 4034 1695 ὑπερτέρας,

2452 1702 2577 1765 τοὺς
2610 1702 2667 1755 δὲ
2694 1705 3120 1775 καταδεεστέρας
3150 1708 3332 1778 λαχεῖν
3362 1711 3587 1779 τάξεως,
3624 1716 3901 1784 ἀναλόγως
3924 1719 4029 1785 τῆς

2460 1791 2762 1861 μειωτικῆς
2787 1794 2896 1847 ἀπὸ
2928 1796 3037 1848 τῶν
3089 1798 3325 1867 πρώτων
3375 1802 3617 1869 ὑφέσεως
3677 1806 3770 1857 καὶ
3829 1808 4041 1862 ὑποδά-

779 1867 959 1929 sedes,
982 1882 1045 1920 ea
1082 1876 1198 1920 rata
1247 1858 1477 1934 ratione,
1506 1883 1611 1937 qua
1644 1884 1673 1921 a
1703 1868 1894 1936 primis
1947 1871 2153 1924 minore
2214 1884 2349 1939 prae-

2456 1898 2613 1944 σεως.
2646 1858 2785 1935 Είδὲ
2815 1858 3148 1955 μακαριστοί
3186 1858 3536 1954 πάντεςίκαὶ
3565 1858 3762 1958 πάντες
3802 1896 4036 1950 ἐπαινε-

779 1960 981 2013 stantia
1061 1968 1225 2028 atque
1290 1961 1490 2015 virtute
1549 1961 1831 2015 recedunt.
1877 1961 2032 2026 Quod
2086 1964 2130 2017 si
2162 1978 2350 2017 omnes

782 2051 925 2103 heati
961 2051 1155 2104 merito
1193 2051 1521 2120 praedicandi
1545 2064 1711 2120 atque
1739 2054 1988 2107 laudibus
2014 2055 2349 2118 celebrandi,

782 2142 939 2210 longe
972 2143 1125 2210 prius
1158 2144 1248 2211 qui
1290 2144 1464 2211 primo
1494 2144 1546 2195 in
1583 2144 1690 2199 illis
1718 2146 1890 2213 gradu
1942 2153 2088 2208 sunt,
2146 2146 2348 2214 prima-

778 2250 883 2302 que
906 2233 1130 2287 Christo
1164 2234 1577 2288 necessitudine
1607 2236 1867 2288 devincti.

849 2322 970 2390 Quo
1002 2326 1167 2395 igitur
1212 2326 1331 2379 loco
1386 2323 1645 2379 Theclam
1705 2327 2125 2390 collocabimus,
2180 2342 2351 2383 sacra:

782 2418 910 2470 lldei
939 2418 1197 2471 decorum
1221 2418 1438 2487 pignus,
1473 2419 1797 2473 venerandae
1845 2421 2178 2488 virginitatis
2228 2436 2349 2475 mo-

781 2509 911 2570 nile,
948 2510 1209 2561 intactam
1250 2508 1457 2561 Christi
1507 2524 1787 2577 sponsam,
1838 2512 2203 2566 inviolabilem
2256 2529 2349 2582 ge-

779 2604 983 2655 nialem
1045 2600 1437 2656 lectum?Ubi
1496 2602 1742 2670 inquam,
1802 2618 1979 2672 quove
2031 2605 2222 2659 ordine
2283 2620 2347 2659 ac

779 2697 900 2751 loco
955 2703 1278 2759 statuemus,
1342 2708 1505 2762 quam
1551 2695 1600 2747 ei
1647 2696 2061 2750 convenientem
2127 2697 2345 2751 laudem

778 2783 1014 2839 oblaturi
1048 2798 1236 2835 sumus
1257 2783 1280 2833 ’ἶ
1302 2781 1487 2837 lllisne
1514 2784 1895 2862 accensebitur
1918 2784 2008 2852 qui
2037 2785 2348 2855 virginitate

778 2877 1103 2941 sanctisque
1155 2872 1404 2925 moribus
1468 2873 1632 2925 vitam
1688 2874 2063 2937 instituermit,
2116 2883 2175 2927 ut
2225 2890 2346 2943 qua:

780 2962 1041 3015 nimirum
1076 2961 1257 3015 omnis
1288 2962 1561 3014 castitatis
1594 2961 1826 3028 vitaeque
1856 2963 2125 3031 religiosa:
2152 2977 2342 3015 norma

783 3053 986 3106 inumlo
1039 3052 1359 3106 exstiterit?
1401 3050 1556 3105 Haud
1615 3054 1892 3106 enimvero
1942 3069 1971 3107 a
2030 3054 2342 3123 triumphali

779 3148 994 3213 agmine
1028 3144 1221 3197 abesse
1269 3143 1551 3209 patiatur;
1587 3154 1639 3197 at
1685 3158 1860 3211 neque
1914 3145 2144 3211 primam
2197 3159 2343 3197 mar-

2452 1973 2558 2036 τοὶ,
2581 1975 2762 2043 πολλῷ
2786 1978 3002 2045 πρῶτον
3026 1982 3074 2032 οί
3108 1981 3314 2051 πρῶτοι
3337 1985 3436 2051 τὴν
3458 1985 3612 2050 τάξιν
3642 1990 3737 2039 καὶ
3764 1988 3865 2059 τὴν
3893 1992 4039 2058 πρὸς

2451 2062 2544 2115 τὸν
2579 2066 2815 2134 Χριστὸν
2854 2070 3150 2124 οίκείωσιν.

2520 2321 2634 2373 Ποῦ
2672 2324 2849 2378 τοίνυν
2874 2326 3111 2396 θήσομεν
3145 2329 3371 2395 Θέκλαν,
3400 2333 3461 2384 τὸ
3482 2335 3580 2404 τῆς
3617 2335 3765 2404 ίερᾶς
3794 2337 4040 2401 πίστεως

2448 2410 2711 2481 ἄγαλμα,
2762 2416 2824 2467 τὸ
2895 2421 2996 2486 τῆς
3075 2419 3278 2489 σεπτῆς
3348 2424 3643 2493 παρθενίας
3721 2428 4037 2497 κειμήλιον.

2448 2502 2546 2572 τὴν
2594 2504 2869 2573 ἄψαυστον
2916 2509 3010 2561 τοῦ
3062 2511 3299 2578 Χριστοῦ
3342 2513 3561 2584 νύμφην
3591 2518 3683 2568 καὶ
3705 2518 4041 2572 ἀνεπίϐατον

2450 2596 2699 2648 παστάδα
2726 2614 2739 2661 ;
2774 2600 2882 2651 Ποῦ
2912 2601 3137 2671 ταύτην,
3171 2604 3264 2655 καὶ
3289 2605 3347 2656 ὲν
3375 2604 3513 2675 ποίῳ
3536 2606 3749 2677 θέμενοι
3769 2610 4040 2680 τάγματι,

2450 2687 2547 2756 τὴν
2587 2688 2724 2759 αὐτῇ
2759 2691 3077 2757 πρέπουσαν
3105 2694 3312 2748 αἴνεσιν
3338 2698 3709 2768 προσάξομεν;
3729 2703 3859 2765 Ταῖς
3886 2722 4043 2774 παρ-

2448 2777 2673 2833 θενικῶς
2729 2783 2820 2833 καὶ
2864 2783 3024 2846 ὁσίως
3081 2786 3429 2855 βεδιωκυίαις
3491 2794 3891 2858 συντετάξεται,
3958 2797 4045 2859 ὡς

2446 2868 2739 2938 ἀγνότητος
2759 2875 2937 2942 πάσης
2956 2878 3047 2927 καὶ
3064 2878 3361 2947 ἀσκητικοῦ
3384 2882 3499 2951 βίου
3517 2884 3804 2952 νομοθεσία
3819 2888 3931 2954 (59)
3953 2890 4044 2957 τῷ

2446 2957 2547 3027 βίῳ
2574 2963 2873 3033 γενομένη;
2906 2966 3046 3018 Ἀλλ’
3081 2970 3179 3021 οὐκ
3209 2970 3276 3023 ἂν
3308 2974 3405 3039 τῆς
3438 2974 3797 3047 ἀθλοφορικῆς
3821 2979 4044 3030 ἀπολεί·

2445 3050 2639 3103 πεσθαι
2672 3053 2872 3119 τάξεως
2895 3057 3199 3127 ἀνάσχοιτο·
3218 3063 3329 3113 ἀλλ’
3351 3064 3467 3116 οὐδὲ
3486 3065 3551 3117 τὸ
3574 3069 3907 3135 πρωτοτόκια
3932 3072 4042 3140 τῆς

2448 3142 2753 3211 μαρτυρίας
2804 3145 2947 3212 ἄλλῳ
2980 3152 3236 3217 παρεῖναι
3298 3154 3673 3217 καταδέξαιτο’
3711 3159 3898 3228 πρώτη
3928 3178 4039 3227 γυ-

779 3236 904 3305 tyrii
946 3236 1185 3288 lauream
1220 3234 1311 3287 ulli
1350 3222 1663 3287 mortalium
1695 3235 1852 3288 cedat
1886 3252 1902 3300 ;
1934 3250 2055 3303 qua:
2089 3236 2346 3290 videlicet

2452 3231 2649 3283 ναικῶν
2675 3235 2907 3298 ὲντόνοις
2925 3239 3183 3304 ἀγωνίαις
3204 3242 3264 3294 τὸ
3281 3243 3376 3311 τῆς
3406 3245 3627 3315 θηλείας
3645 3222 3858 3316 φύσεως
3884 3222 4038 3303 δννει-

779 3326 1070 3379 mulierum
1116 3324 1311 3391 prima,
1342 3324 1692 3376 contentione
1725 3324 1998 3384 certandi,
2031 3323 2344 3393 ingentique

776 3413 1082 3466 animorum
1119 3411 1191 3477 vi,
1221 3411 1505 3465 muliebris
1546 3426 1710 3464 sexus
1736 3412 1995 3480 probrum
2022 3414 2342 3479 sustulerit,

780 3506 1070 3573 primaque
1133 3502 1420 3570 spirituale
1494 3504 1840 3571 pancratiuin
1918 3505 2269 3557 desudaret-it
2328 3522 2341 3569 ;

777 3608 899 3662 qua:
965 3591 1165 3646 teneris
1226 3590 1454 3659 pedibus
1513 3590 1805 3643 draconem
1870 3590 2020 3642 illum
2088 3605 2344 3659 magnum

781 3684 1116 3756 protriverit,
1172 3698 1235 3734 ac
1291 3685 1436 3735 velut
1516 3683 1698 3749 regina
1756 3696 1784 3733 a
1854 3681 2062 3734 dextris
2141 3682 2338 3735 summi

777 3775 1019 3827 omnium
1077 3772 1238 3841 Regis
1290 3786 1490 3823 corona
1543 3771 1798 3844 insignita
1825 3772 1914 3823 sit.
1971 3770 2109 3834 Quid
2158 3771 2342 3838 igitur,

781 3863 1095 3932 triumphali
1132 3862 1333 3930 agmini
1365 3861 1744 3913 accensi-bitur
1772 3860 1794 3911 ?
1826 3859 2113 3912 Enimvero
2172 3859 2343 3913 Paulo

781 3954 1186 4025 praedicationis
1218 3952 1390 4015 socia,
1421 3966 1655 4018 eumque
1694 3950 1962 4005 doctrinis
1988 3966 2051 4003 ac
2086 3951 2341 4018 operibus

782 4048 1011 4107 imitata,
1065 4044 1453 4107 communique
1503 4044 1943 4111 persecutionum
1990 4056 2052 4094 ac
2099 4043 2348 4094 tentatio-

780 4152 909 4191 num
947 4136 1147 4199 stadio,
1180 4133 1383 4187 Christi
1418 4131 1546 4187 Jesu
1597 4133 1879 4201 apostolus
1920 4131 2084 4193 facta,
2140 4141 2345 4201 marty-

781 4244 901 4281 rum
954 4234 1099 4280 ctetu
1158 4224 1401 4279 coerceri
1453 4224 1611 4276 nolit.
1670 4222 1917 4287 Quonam
1976 4222 2141 4292 igitur
2186 4224 2344 4276 modo

778 4320 901 4382 ejus
934 4317 1190 4370 laudibus
1218 4314 1603 4383 deiungentes,
1632 4329 1753 4383 qua:
1794 4323 1949 4383 grata
1984 4312 2166 4367 futura
2212 4316 2344 4379 sint,

779 4406 1234 4475 prmatiterimus?
1260 4404 1398 4457 Num
1441 4404 1619 4473 plane,
1661 4418 1769 4456 non
1817 4412 2073 4471 tanquam
2127 4418 2193 4457 ex
2239 4420 2345 4457 uua

2447 3321 2535 3382 δος
2556 3324 2901 3392 περιελοῦσα,
2926 3333 3019 3381 καὶ
3042 3331 3229 3400 πρώτη
3257 3334 3445 3403 νοητὸν
3470 3340 3806 3407 παγκράτιον
3826 3344 4037 3407 διαγω-

2451 3414 2732 3484 νισαμένη·
2780 3418 2873 3469 καὶ
2897 3421 3053 3473 ποσὶν
3089 3423 3313 3486 ἁπαλοῖς
3352 3428 3443 3478 τὸν
3479 3428 3743 3496 δράκοντα
3775 3448 4039 3485 καταπα-

2453 3504 2664 3571 τήσασα
2706 3507 2798 3559 τὸν
2831 3510 3024 3578 μέγαν·
3055 3513 3151 3565 καὶ
3179 3518 3515 3587 στεφηφόρος
3536 3513 3625 3573 οἷα
3651 3520 3934 3587 βασίλισσα
3964 3525 4038 3576 ἐκ

2452 3592 2643 3657 δεξιῶν
2687 3598 2761 3665 τῷ
2790 3600 3152 3668 Παμὸασιλεῖ.
3180 3605 3245 3656 Τί
3270 3603 3400 3672 οῦν;
3427 3612 3535 3672 τοῖς
3566 3610 3882 3681 ἁθλοφόροις
3901 3631 4038 3665 συν-

2450 3685 2732 3751 τετάξεται
2749 3708 2762 3754 ;
2792 3692 2929 3743 Ἀλλ’
2955 3694 3091 3764 αὑτὴ
3111 3696 3306 3765 Παύλῳ
3319 3701 3413 3752 τοῦ
3430 3702 3745 3769 εὐαγγελίου
3763 3710 4035 3776 κοινωνή-

2454 3792 2592 3829 σασα
2634 3779 2767 3848 (60),
2812 3784 2905 3834 καὶ
2943 3786 3006 3853 τῇ
3044 3790 3272 3855 μιμήσει
3302 3789 3411 3840 τῶν
3464 3790 3637 3858 λόγων
3682 3795 3906 3847 καὶτῶν
3936 3796 4039 3863 ερ-

2450 3883 2583 3933 γων·
2612 3871 2706 3921 καὶ
2730 3874 2794 3939 τῇ
2821 3877 3078 3944 κοινωνίᾳ
3107 3878 3213 3927 τῶν
3260 3878 3515 3948 διωγμῶν
3547 3884 3640 3935 καὶ
3678 3887 4030 3954 πειρασμῶν⁹

2452 3958 2746 4021 ἀπόστολος
2789 3961 2962 4028 Ἰησοῦ
2999 3963 3236 4032 Χριστοῦ
3272 3969 3638 4036 γεγενημένη,
3670 3970 3768 4021 οὐκ
3810 3970 3877 4023 ἂν
3902 3971 4037 4023 ἐθέ-

2454 4047 2533 4099 λοι
2566 4052 2677 4111 τοῖς
2707 4052 2946 4120 μάρτυσι
2975 4055 3357 4124 περιωρίσθαι.
3393 4059 3513 4120 Πῶς
3543 4055 3635 4112 οὖν
3668 4062 3835 4126 αὐτὴν
3865 4064 4038 4115 ἐπαι-

2454 4136 2691 4203 νοῦντες,
2724 4142 3095 4210 κεχαρισμένα
3136 4143 3439 4214 δράσαιμεν
3475 4149 3538 4199 ἄν
3568 4164 3581 4211 ;
3628 4149 3698 4200 Ἢ
3732 4150 3889 4218 δῆλον
3946 4152 4033 4212 ὡς

2453 4225 2554 4276 οὐκ
2597 4225 2674 4288 ἐξ·
2701 4227 2819 4289 ἐνὸς
2876 4229 2908 4297 ἢ
2950 4229 3217 4299 δευτέρουέ
3256 4235 3417 4300 μόνον
3464 4239 3908 4307 προτερήματοςο
3963 4242 4036 4292 ἐκ

2455 4315 2671 4368 πάντων
2729 4317 2787 4369 δὲ
2833 4318 2940 4370 τῶν
2996 4322 3155 4390 ἱερῶν
3207 4325 3374 4394 αὐτῆς
3426 4326 3870 4396 ἐπιτηδευμάτων
3891 4326 4035 4393 ,ουῖς

2456 4407 2597 4459 κατά
2651 4409 2713 4460 τὸ
2761 4411 3062 4478 ἀκρότατον
3114 4414 3591 4486 ὲνευδοκιμηκέναι
3670 4423 4037 4495 μεμαρτύρηο

779 4497 1019 4551 alterave
1065 4497 1243 4551 solum
1275 4495 1618 4559 excellentia,
1672 4494 1766 4548 sed
1816 4509 1881 4547 ex
1929 4494 2182 4547 omnibus
2223 4494 2343 4562 ejus

2452 4512 2561 4559 ται,
2598 4500 2835 4571 ἀγαπῴη
2866 4501 2933 4554 ἂν
2967 4504 3306 4558 ἐπαινεῖσθαι
3352 4484 3444 4560 καλι
3480 4484 3874 4579 θαυμάζεσθαι.

778 4588 955 4641 sacris
984 4587 1277 4654 institutis,
1312 4585 1511 4653 quibus
1541 4599 1753 4637 summe
1783 4584 2071 4647 claruisse,
2096 4585 2349 4654 egregiaq

2493 4588 2651 4643 laude
2712 4590 3054 4659 perfunctam
3108 4610 3249 4659 esse,
3300 4598 3659 4666 conspicuum
3724 4613 3827 4667 est,
3897 4604 4031 4660 lau-

777 4679 894 4734 dari
930 4686 1142 4745 exoptet
1178 4692 1243 4730 ac
1275 4675 1622 4729 admirationi
1658 4675 1886 4728 haberi?

851 4768 962 4833 (59)
1001 4766 1355 4832 Ἀσκητικοῦ
1373 4769 1515 4829 βίου
1532 4768 1872 4832 νομοθεσία.
1910 4765 1960 4817 Ν
1966 4784 2135 4832 arma,
2158 4770 2338 4836 regula

778 4839 898 4891 vitae
923 4838 1202 4904 religiose.
1245 4838 1335 4907 Sic
1367 4838 1559 4888 merito
1593 4840 1837 4904 σεμνείον
1896 4846 2054 4907 vocat
2104 4854 2337 4907 sequen-

781 4908 947 4967 tibus,
982 4908 1261 4959 sedieulam
1324 4906 1378 4956 in
1443 4914 1623 4957 monte
1670 4921 1834 4973 prope
1891 4906 2214 4970 Seleuciam,
2250 4910 2338 4962 ubi

779 4980 1017 5046 quietam
1050 4977 1213 5028 vitam
1248 4976 1634 5044 agebat.extra
1672 4978 1871 5026 civium
1906 4980 2115 5037 turbas,
2141 4986 2194 5029 et
2230 4993 2338 5046 quo

783 5048 929 5098 illam
986 5044 1198 5097 femina:
1256 5055 1310 5096 ct
1367 5046 1552 5111 aegroti
1610 5046 2159 5111 conveniebant;ubi
2212 5044 2262 5101 ei
2312 5064 2337 5099 a

781 5126 929 5180 petra
953 5130 1117 5168 orans
1150 5116 1425 5182 absorpta,
1455 5124 1506 5164 ut
1530 5114 1597 5166 ab
1620 5115 1834 5180 spurcis
1864 5115 2176 5169 hominibus
2200 5127 2345 5170 esset

782 5185 855 5236 illi
889 5194 1025 5245 tuta,
1054 5184 1261 5235 illibata
1288 5185 1592 5249 virginitas.
1642 5185 1723 5235 Sit
1775 5185 1957 5251 itaque
2003 5185 2227 5250 Thecla,
2267 5186 2344 5239 liti

781 5263 1105 5323 martyrum,
1134 5254 1212 5305 sic
1236 5262 1290 5305 et
1320 5267 1599 5306 sacrarum
1647 5253 1937 5319 Virginum,
1994 5258 2096 5307 sub
2157 5266 2347 5308 sancto

782 5325 1034 5376 instituto
1072 5325 1324 5391 princeps
1349 5333 1404 5375 et
1429 5337 1813 5393 liOl‘lllatVCl'c
1859 5324 2180 5393 dexiﬁtpem,
2226 5328 2346 5393 ejus

784 5394 859 5446 illi
886 5393 1120 5445 instituti
1152 5390 1369 5445 auctore
1427 5406 1620 5459 magno
1646 5392 1835 5445 Paulo.
1888 5390 2065 5445 Nostri
2102 5390 2345 5447 l‘horén-

782 5479 869 5515 ses
891 5465 1029 5515 hanc
1055 5463 1265 5514 laudem
1296 5462 1513 5513 Martha:
1539 5461 1806 5521 tribuunt,
1838 5462 1949 5514 sive
1972 5465 2133 5515 etiam
2172 5463 2349 5517 Maria:

784 5532 1132 5600 Magdalcnw,
1164 5548 1283 5599 qua:
1333 5533 1413 5585 sic
1467 5532 1773 5598 religiosam
1816 5532 1980 5584 vitam
2036 5533 2345 5597 coluerint;

784 5603 1083 5668 .icquidem
1124 5600 1386 5653 Martham
1437 5601 1693 5652 similium
1748 5602 2015 5668 virginum
2074 5603 2345 5665 sodalitio,

783 5672 926 5738 quod
960 5672 1115 5723 iidem
1152 5674 1392 5732 haberet,
1424 5671 1523 5722 nisi
1565 5679 1684 5722 aeta
1746 5671 2077 5736 laborarent,
2120 5688 2240 5739 quae
2296 5680 2349 5725 et

783 5742 911 5795 Pius
943 5740 979 5792 V
1012 5758 1040 5793 e
1071 5740 1228 5791 “Olli.
1266 5739 1540 5792 Breviario
1570 5755 1783 5791 tuovet‘e
1813 5742 2105 5809 cogitabat,
2141 5757 2196 5795 ιιι
2230 5750 2348 5797 erat

784 5812 1215 5866 cuiunctissiuur
1252 5810 1421 5873 naris,
1452 5819 1503 5861 et
1534 5809 1612 5862 sic
1664 5809 1889 5863 incertis
1924 5812 2067 5878 piam
2106 5811 2343 5866 ﬁdelium

2446 4770 2826 4841 credulitatem
2856 4774 3075 4825 onerari
3108 4789 3250 4841 argre
3282 4775 3513 4832 ferebat.

2518 4840 2630 4910 (60)
2653 4841 2759 4922 Τοῦ
2771 4842 3122 4922 εὐαγγελίου
3146 4840 3590 4922 κοίνωγήσ-ᾳσατ
3617 4849 3705 4904 Sic
3729 4867 3823 4905 era
3834 4856 4027 4922 ngelii,

2448 4924 2543 4963 seu
2574 4911 2979 4985 praedicationis
3008 4914 3155 4965 socia
3207 4914 3376 4967 Paulo
3431 4915 3630 4972 Thecla
3672 4911 3901 4985 exstitif,
3963 4911 4031 4979 ut

2451 4994 2555 5032 non
2590 4980 2687 5032 nisi
2725 4982 2976 5048 privatim
3011 4995 3073 5034 ac
3109 4985 3454 5047 necessitate,
3499 4990 3612 5041 sive
3662 4987 3814 5045 Pauli
3881 4980 4017 5051 alio.

2449 5065 2681 5117 rumque
2737 5051 3113 5102 ministrorum
3176 5054 3439 5116 absentia,
3515 5059 3743 5113 docendi
3817 5077 4031 5117 munus

2451 5119 2729 5197 usurparit
2756 5138 2769 5171 :
2799 5121 2949 5197 quod
2976 5122 3290 5197 certe-ipsis
3316 5124 3475 5197 Pauli
3505 5128 3713 5197 legibus
3737 5145 3798 5183 ac
3829 5128 4033 5187 Eccle-

2449 5190 2563 5260 εἰπε,
2592 5191 2658 5260 de
2701 5190 2987 5260 mulierum
3025 5192 3078 5243 in
3121 5190 3362 5245 Ecclesia
3417 5190 3655 5260 sileniio,
3694 5214 3799 5251 non
3835 5214 4026 5256 nocet.

2450 5258 2604 5322 Quod
2634 5272 2766 5334 ergo
2798 5259 3096 5322 ἀπόστολος
3126 5261 3330 5334 dicitur
3356 5265 3616 5332 singulari
3644 5258 4027 5334 excellentia,

2452 5341 2603 5379 more
2636 5326 2946 5380 Graecorum
2999 5338 3116 5404 est,
3149 5332 3240 5398 qui
3294 5326 3567 5404 apostolos
3634 5340 3871 5404 proclive
3920 5326 4027 5391 vo:

2452 5404 2578 5448 cant
2610 5412 2703 5450 eos
2729 5411 2919 5476 omnes
2956 5400 3357 5476 quiminmreni”
3382 5403 3500 5476 ﬁdei
3526 5400 3776 5476 “Illa-jOl‘lS
3810 5408 4027 5476 aliquid

2454 5480 2633 5532 oper-.e
2649 5467 3025 5544 contulerunt.
3050 5466 3146 5544 “Sic
3169 5470 3275 5544 illis
3304 5471 3557 5544 discipuli
3604 5466 3793 5529 omnes
3825 5466 4032 5544 primi-

2457 5549 2563 5613 que
2594 5536 2824 5613 ministri
2850 5537 3103 5602 apostoli,
3162 5540 3242 5613 sic
3296 5536 3687 5613 constantinus
3739 5536 4033 5613 Augustus

2460 5604 2828 5677 ἰσαπὸστολος,
2854 5620 2953 5677 par
2984 5606 3233 5677 apostolis
3291 5609 3464 5677 eisque
3505 5625 3789 5677 consertus,
3825 5604 3890 5667 ἶιι
3922 5619 4029 5671 Sc—

2456 5689 2618 5753 verus
2652 5674 2703 5725 in
2731 5672 2984 5753 Martino.
3016 5674 3105 5728 Sic
3138 5672 3409 5753 “Mentem-7
3444 5681 3554 5750 Τῆς
3581 5684 3740 5748 ἁγίας
3778 5672 4039 5753 ’μεγαλο-

2459 5744 2733 5824 μάρτυροις
2770 5744 2864 5824 καὶ
2892 5744 3243 5824 ίσαποστό).ου
3290 5744 3522 5821 Θέκληςξ
3569 5744 4039 5824 Δήσιόλίπρωτο-

2459 5815 2667 5881 μάρτυς
2690 5812 2975 5867 ἀπόστολε.
