4180 6434
206 408 290 469 305
994 404 1282 466 ORATIO
1310 406 1460 466 XVI.
1496 430 1563 443 -·
1598 406 1680 467 ΙΝ
1713 405 2025 467 LAUDEM
2067 407 2125 465 S.
2167 407 2501 468 THECLXE.

3333 416 3435 475 3H}

265 520 487 587 Πρῶτον
517 520 616 590 μὲν
644 513 740 572 οὖν
768 520 868 588 τὴν
898 519 1236 589 παρθενικὴν
1266 518 1434 589 αὐτῆς
1478 520 1542 573 ἐκ
1573 519 1764 589 νεότη-

1938 519 2180 572 Primum
2240 520 2423 588 itaque
2495 521 2815 592 virginalem
2889 525 3009 591 ejus
3066 541 3094 579 a
3149 524 3437 594 juventute

206 628 277 676 τος
320 612 689 684 ἀναστροφὴν,
730 611 929 682 μᾶλλον
967 612 1024 665 δὲ
1088 612 1188 682 τὴν
1236 612 1316 673 εἰς
1355 611 1593 681 Χριστὸν
1631 609 1767 677 ἀγά-

208 721 352 774 πησιν
403 706 498 758 καὶ
548 703 734 757 πίστιν
783 702 924 756 κατά
974 702 1206 773 δύναμιν
1270 702 1654 772 ὲπαινώμεθα·
1698 701 1766 755 δι’

208 789 274 864 ἧς,
315 795 350 864 ἦ
408 810 467 846 τε
517 794 788 863 παρθενέα
832 796 924 846 καὶ
955 796 989 864 ἡ
1044 792 1272 862 ἄθλησις
1313 792 1762 859 ὑπερανθήσασα,

209 889 273 949 εἰς
313 886 414 954 τὴν
454 883 823 952 ἀποστολικὴν
857 884 1028 953 αὑτὴν
1063 883 1496 953 προσανύψωσεν
1523 882 1769 953 κορυφὴν

208 976 567 1045 ῆπεριωττὴν.
607 976 766 1044 Ἀρτι
805 976 913 1047 γὰρ
934 972 1028 1026 τοῦ
1087 974 1330 1043 μεγάλου
1376 977 1474 1044 τῆς
1512 974 1768 1045 ἀληθείας

210 1067 583 1137 εὐαγγελιστοῦ
604 1107 618 1130 ,
671 1067 771 1137 τῆς
806 1066 1067 1135 οὐρανίας
1100 1068 1193 1119 καὶ
1243 1067 1767 1138 μεγαλοφωνοτάτης

209 1161 286 1213 τοῦ
315 1160 649 1227 Εὑαγγελίου
688 1159 942 1229 βροντῆς,
972 1159 1070 1225 τῆς
1097 1159 1425 1227 ὑπερφώτου
1457 1157 1563 1210 τῶν
1593 1160 1770 1231 ἔργων

213 1249 427 1318 Χριστοῦ
460 1250 553 1302 καὶ
587 1250 765 1318 λόγων
810 1248 1098 1316 ἀστραπῆς
1151 1248 1299 1317 (61)·
1350 1248 1560 1302 Παύλου
1604 1250 1767 1317 λέγω,

212 1343 290 1394 τοῦ
315 1343 584 1411 στόματος
643 1339 837 1407 Ἰησοῦ,
870 1339 965 1392 τοῦ
1012 1340 1247 1410 ὀργάνου
1297 1340 1390 1392 τοῦ
1432 1341 1769 1412 Πνεύμαῖος,

214 1435 293 1502 τῆς
319 1431 693 1501 εὑηχεστάτης
731 1431 867 1484 Θεοῦ
925 1432 1247 1499 σάλπιγγος,
1293 1432 1392 1500 τῆς
1447 1433 1514 1485 τὰ
1569 1414 1773 1501 πέράὶτα

214 1524 675 1593 συγκαλουμένης·
707 1523 923 1586 τούτου,
958 1524 1006 1575 τ’
1036 1523 1170 1576 ἄλλα
1215 1540 1274 1576 τε
1309 1524 1409 1592 τῆς
1447 1525 1772 1593 οἰκουμένης

213 1616 422 1678 διιόντος
474 1615 641 1685 μέρη,
690 1615 904 1668 καὶτὸν
946 1617 1046 1683 τῆς
1095 1614 1241 1684 ζωῆς
1296 1614 1454 1682 λόγον
1492 1614 1683 1683 ὥσπερ
1717 1632 1770 1668 τι

214 1710 341 1762 θεῖον
386 1708 874 1779 καταδαλλομένου
917 1708 1145 1778 σπέρμα
1178 1724 1191 1738 ·
1242 1708 1324 1761 ἔτι
1378 1708 1435 1761 δὲ
1495 1708 1632 1776 πρὸς
1661 1710 1773 1769 τοῖς

216 1802 372 1867 ἀλλοις
420 1804 519 1857 καὶ
575 1803 797 1856 Ἰκόνιον
850 1800 1259 1870 κατειληφότος,
1309 1803 1404 1855 καὶ
1451 1800 1583 1869 παρ’
1619 1799 1771 1869 ἀνδρὶ

218 1894 679 1964 ξεναγωγουμένου
712 1893 906 1963 πιστῷ·
945 1894 1040 1947 καὶ
1062 1868 1238 1974 ζάρτῳ
1274 1893 1374 1964 μὲν
1417 1892 1495 1962 τῷ
1526 1868 1635 1945 ἀπὸ
1665 1868 1771 1961 γῆς

1883 1892 1980 1946 lem
2055 1891 2259 1959 hospes
2312 1899 2497 1959 ageret
2544 1907 2559 1956 ;

214 1990 266 2039 τὺ
300 1988 579 2056 σωμάτιον
624 1984 1040 2056 στηριζομένου·
1096 1986 1245 2057 ἄρτῳ
1292 1985 1347 2037 δὲ
1390 1984 1626 2054 οὐρανίῳ
1663 1983 1770 2037 τῶν

213 2081 673 2150 ὲπισυναγομένων
703 2076 1055 2148 στηρίζοντος
1089 2078 1335 2148 καρδίας·
1391 2077 1484 2130 καλ⁸
1518 2076 1654 2129 θεῶν
1674 2076 1772 2146 μὲν

213 2172 391 2234 ἀθέων,
455 2172 553 2224 καὶ
622 2170 912 2241 συνηθείας
955 2174 1165 2241 κακῆς,
1228 2170 1324 2223 καὶ
1381 2169 1773 2239 δεισιδαίμονος

214 2264 417 2331 ἀγωγῆς
461 2263 526 2313 τὸ
576 2261 871 2330 θεοστυγὲς
924 2261 1273 2331 διασύροντος
1340 2262 1432 2313 καὶ
1502 2260 1771 2330 μυσαρόν·

215 2352 456 2421 ὑψοῦντος
509 2354 569 2406 δὲ
620 2356 718 2422 τὴν
768 2352 929 2418 δόξαν
980 2352 1076 2406 τοῦ
1114 2352 1337 2420 ὑψίστου
1370 2351 1531 2415 Θεοῦ,
1557 2350 1651 2405 καὶ
1676 2352 1776 2421 τὴν

215 2448 435 2517 ἀρρητον
492 2447 777 2517 σάρκωσιν
818 2445 911 2499 τοῦ
956 2444 1155 2515 Ἰησοῦ·
1195 2446 1255 2498 τό
1278 2464 1339 2499 τε
1379 2445 1640 2509 ζωοποιὸν
1674 2445 1777 2498 πά-

214 2537 291 2598 Οος
326 2538 421 2590 καὶ
469 2539 760 2607 σωτήριον·
790 2537 890 2605 τήν
940 2553 1000 2589 τε
1022 2538 1325 2607 τριήμερον
1368 2536 1676 2590 ἀνάστασιν
1706 2537 1771 2589 ὲκ

214 2630 430 2698 νεκρῶν,
473 2631 573 2683 καὶ
609 2631 710 2699 τὴν
751 2629 1340 2700 τεσσαρακονθήμερον
1371 2627 1637 2698 ἀνάληψιν
1669 2629 1779 2682 ἀπὸ

211 2719 325 2788 γῆς·
353 2721 448 2773 καὶ
476 2720 579 2788 τὴν
602 2720 894 2789 οὐρανόθεν
927 2714 1093 2781 αὖθις
1119 2719 1442 2786 ἐπιφάνειαν
1458 2719 1553 2772 καὶ
1571 2718 1775 2788 κρίσιν’

213 2810 294 2860 καὶ
322 2809 421 2879 τὴν
462 2809 683 2862 δικαίαν
713 2809 824 2862 τῶν
876 2808 1223 2878 βεϐιωμένων
1261 2809 1516 2862 ἀπόδοσιν
1560 2808 1779 2876 φιλοσο-

212 2902 444 2969 φοῦντος,
480 2902 580 2957 καὶ
607 2904 819 2975 ῥήμασι
851 2903 1071 2972 χάριτος
1092 2901 1387 2973 ὑμνοῦντος
1418 2903 1657 2971 μεστοῖς·
1693 2902 1781 2954 ναὶ

213 2997 308 3065 μὴν
348 2997 445 3049 καὶ
480 2997 576 3049 τὸν
610 2994 860 3065 ἡδυπαθῆ
896 2995 994 3063 μὲν
1039 2997 1135 3048 καὶ
1174 2994 1475 3047 ἀκόλαστον
1506 2993 1620 3063 βίον
1660 2994 1782 3045 ἑπι-

212 3087 554 3150 σκὼπτοντος
585 3086 663 3147 ὡς
702 3084 1007 3155 βδελυκτὸν·
1033 3086 1125 3140 τὸν
1153 3086 1382 3157 ἄμωμον
1408 3085 1466 3139 δὲ
1488 3086 1581 3140 καὶ
1618 3085 1782 3154 ἁγνὸν

1872 610 2374 673 conversationem,
2421 613 2552 679 quin
2603 615 2805 683 potius,
2845 630 2953 685 qua
2984 616 3262 671 Christum
3310 632 3440 687 pro-

1872 711 2060 757 secuta
2100 710 2207 767 est,
2231 702 2585 758 dilectionem
2622 719 2687 757 ac
2717 705 2899 771 ﬁdem,
2947 721 3045 776 pro
3078 709 3217 761 virili
3250 717 3440 765 nostra

1873 793 2159 849 laudemus
2192 831 2210 858 ,
2241 792 2400 862 cujus
2439 793 2695 847 nimirum
2735 811 2859 866 ope,
2905 797 3189 867 virginitas
3234 800 3441 866 pariter

1872 884 2139 952 vigorque
2197 883 2518 939 certaminis
2576 884 2772 940 altiore
2835 888 3111 941 cumulata
3170 886 3325 951 ﬂore,
3373 889 3441 942 ad

1876 975 2244 1043 apostolicum
2276 976 2448 1045 ipsam
2492 991 2766 1030 summum
2795 979 3053 1032 verticem
3103 993 3202 1033 seu
3250 993 3442 1047 specu-

1876 1066 1982 1117 lam
2028 1065 2244 1120 abunde
2278 1077 2663 1136 provexerunt.
2708 1065 2828 1122 Jam
2860 1071 3004 1123 enim
3050 1086 3249 1142 magno
3295 1071 3442 1133 veri-

1876 1158 2006 1211 tatis
2054 1172 2328 1226 praecone,
2396 1159 2608 1214 caelesti
2655 1160 3116 1230 vocalissimoque
3166 1162 3441 1231 Evangelii

1876 1252 2108 1315 tonitru,
2172 1250 2291 1303 luce
2331 1252 2480 1305 omni
2529 1253 2765 1307 clariore
2808 1251 3011 1307 Christi
3060 1268 3285 1322 eperum
3326 1268 3443 1309 ser-

1885 1357 2221 1410 mouumque
2283 1340 2540 1411 fulgetro,
2589 1343 2758 1397 Paulo
2810 1345 3094 1407 nimirum,
3144 1342 3273 1398 Jesu
3325 1360 3443 1408 ore,

1880 1432 2115 1502 Spiritus
2140 1447 2372 1502 organo,
2416 1433 2509 1487 Dei
2558 1435 2866 1488 clarissima
2907 1435 3059 1499 tuba,
3104 1434 3259 1489 orbis
3307 1448 3445 1488 eon-

1877 1535 2106 1579 vocante
2175 1524 2311 1579 ﬁnes
2361 1543 2374 1577 :
2424 1525 2564 1589 hoc,
2628 1526 2873 1594 inquam,
2926 1542 3050 1581 cum
3106 1528 3244 1582 alias
3295 1527 3447 1583 orbis

1878 1624 2197 1686 peragrante
2225 1624 2424 1685 partes,
2461 1631 2523 1671 ac
2560 1618 2785 1670 verbum
2832 1616 2954 1670 vita:
3013 1617 3162 1670 velut
3206 1616 3445 1670 divinam

1878 1709 2170 1777 quamdam
2206 1715 2503 1763 sementem
2533 1708 2889 1776 jaciente;ac
2921 1722 3047 1762 cum
3098 1718 3297 1776 praeter
3341 1708 3446 1761 alia

1880 1800 1996 1852 loca
2029 1799 2194 1851 etiam
2234 1795 2479 1851 Iconium
2513 1800 2778 1864 venisset,
2819 1807 2872 1853 et
2909 1797 3053 1868 apud
3104 1798 3283 1852 virum
3315 1796 3447 1851 fide-

2612 1905 2676 1944 ae
2742 1906 2881 1961 pane
2944 1890 3169 1960 quidem
3227 1898 3446 1944 terreno

1876 1979 2267 2047 corpusculum
2328 1976 2702 2039 conﬁrmaret,
2759 1979 2970 2032 cmlesti
3037 1992 3185 2040 vero,
3256 1992 3446 2031 eorum

1875 2071 1969 2143 qui
2027 2070 2093 2125 ad
2156 2085 2280 2125 eum
2347 2080 2845 2140 congregarentur,
2919 2072 3133 2125 animos
3190 2070 3446 2135 fulciret,

1876 2163 2233 2233 inaniumque
2266 2162 2495 2218 deorqu
2535 2174 2589 2219 et
2634 2179 2815 2233 pravae
2860 2162 3298 2226 consuetudinis,
3356 2177 3451 2216 su-

1878 2253 2320 2323 perstitiosaque
2365 2255 2755 2321 institutionis,
2819 2256 3054 2311 invisum
3110 2255 3221 2311 Deo
3269 2257 3453 2312 scelus

1878 2346 2371 2415 detestandumque
2406 2346 2744 2413 traduceret,
2798 2347 3002 2416 Deique
3044 2348 3300 2403 altissimi
3334 2348 3451 2417 glo-
3539 2338 3543 2345 ’

1879 2440 2037 2505 riam,
2071 2448 2124 2493 et
2167 2452 2423 2492 arcanam
2477 2437 2605 2494 Jesu
2660 2440 3095 2494 incarnationem
3151 2440 3451 2504 exaltaret,

1878 2532 2261 2602 vivificamque
2289 2540 2343 2586 et
2370 2532 2665 2588 salutarem
2695 2533 3005 2603 passionem
3032 2533 3456 2603 triduanamque

1879 2638 1944 2678 ex
1976 2624 2206 2679 mortuis
2238 2625 2720 2685 resurrectionem.
2755 2634 2920 2695 atque
2952 2641 2982 2681 e
3017 2625 3182 2680 terris
3213 2625 3453 2694 quadra-

1879 2716 2087 2786 gesimo
2132 2716 2221 2770 die
2264 2716 2317 2770 in
2371 2716 2544 2771 cmlos
2594 2717 2988 2785 reccptionem,
3046 2731 3381 2787 rursumque
3426 2734 3455 2771 c

1881 2811 2038 2863 caslis
2097 2808 2522 2878 apparitionem,
2574 2809 2955 2880 judiciumque
2998 2825 3062 2865 ac
3100 2809 3304 2879 justam
3358 2826 3459 2881 pro

1882 2903 2006 2955 vitae
2043 2901 2262 2956 meritis
2294 2905 2346 2955 in
2375 2916 2549 2970 eaque
2576 2902 2749 2971 gestis
2781 2903 3202 2957 retributionem
3232 2904 3455 2972 sapien-

1884 3003 1968 3047 ter
1992 2992 2326 3060 declararet,
2360 3009 2423 3048 ac
2475 2995 2657 3049 verbis
2688 2996 2879 3064 gratiae
2928 2995 3103 3064 plenis
3156 2993 3401 3049 laudaret
3439 3010 3454 3048 :

1883 3100 2097 3139 necnon
2156 3085 2319 3139 etiam
2375 3085 2740 3156 voluptariam
2768 3101 2832 3141 ac
2885 3086 3237 3141 libidinosam
3286 3087 3451 3139 vitam

210 3178 603 3247 μακαρίζοντος
650 3178 747 3230 καὶ
777 3177 1125 3249 παρθενικὸν,
1165 3178 1242 3242 ὡς
1270 3179 1470 3232 οίκιῖον
1509 3177 1637 3231 ὅντα
1661 3176 1782 3248 Θεῷ

1886 3176 2034 3229 velut
2061 3174 2442 3230 detestabilem
2478 3175 2818 3245 suggillarel,
2855 3175 3194 3245 impollutam
3233 3190 3366 3230 vero
3402 3186 3458 3230 et

208 3274 288 3323 καὶ
316 3272 575 3341 ἀρεστόν.

266 3453 450 3506 Ταῦτα
484 3452 589 3507 τοῦ
620 3453 829 3524 ὑψηλοῦ
869 3456 1112 3524 κήρυκος
1155 3454 1266 3517 τοῖς
1300 3451 1436 3523 πρὸς
1470 3453 1634 3505 αὑτὸν
1665 3453 1780 3505 εἰσ-

206 3540 368 3595 ιοῦσιν
400 3543 729 3614 ὁμιλοῦντος
752 3560 766 3574 ·
819 3545 912 3597 καὶ
936 3544 1100 3597 τινῶν
1136 3544 1238 3613 μὲν
1266 3544 1436 3613 ἡδέως
1479 3545 1574 3598 καὶ
1608 3560 1783 3612 προσ-

205 3634 339 3700 ηνῶς
370 3635 760 3706 ἀκροωμένων
780 3650 794 3663 “
829 3635 991 3687 τινῶν
1014 3634 1069 3687 δὲ
1096 3635 1232 3704 πρὸς
1261 3635 1350 3686 τὸν
1376 3634 1534 3702 λόγον
1558 3637 1786 3687 ἀνεπαι-

202 3726 403 3796 σθητως
419 3726 845 3795 διατιθεμένων·
865 3722 1032 3797 ἔίσ]τι
1048 3724 1093 3777 δ’
1116 3719 1191 3778 ὧν
1216 3726 1309 3778 καὶ
1329 3724 1784 3798 ὑποτονθορυζόν-

201 3833 315 3883 των,
350 3820 449 3873 καὶ
482 3820 709 3889 πονηρά
760 3817 1125 3887 λογιζομένων
1172 3818 1294 3870 ἀντὶ
1329 3817 1571 3884 ἀγαθῶν,
1608 3818 1785 3870 Θέκλα

198 3912 388 3975 νεᾶνις,
418 3911 687 3979 θυγάτηρ
718 3911 817 3980 μὲν
846 3910 1135 3972 Θεοκλείας
1161 3949 1175 3971 ,
1215 3913 1425 3979 μνηστὴ
1459 3910 1515 3963 δὲ
1541 3910 1785 3980 Θαμύρι-

200 4000 297 4066 δος,
324 4001 385 4067 ἐξ
412 4004 676 4071 ὑπογύου
719 4002 959 4071 μένουσα
986 4000 1221 4063 τούτοις,
1257 4004 1349 4053 καὶ
1379 4001 1467 4053 διὰ
1494 4004 1590 4071 τῆς
1629 4001 1782 4072 θυρί-

196 4095 273 4156 δος
304 4098 365 4149 τὸ
397 4096 500 4159 οὓς
550 4095 907 4164 ὑποσχομένη
935 4135 950 4159 ,
995 4094 1107 4145 τῶν
1165 4093 1379 4146 Παύλου
1423 4093 1783 4148 διδασκαλιῶν

196 4189 533 4258 Exeat-005.70.
572 4188 687 4241 Καὶ
720 4188 782 4239 τὸ
824 4187 1116 4255 πρόσωπον
1154 4184 1254 4254 μὲν
1294 4186 1428 4255 όρᾷν
1464 4185 1565 4238 οὑκ
1608 4183 1783 4255 εἶχεν·

197 4278 327 4331 οὕτω
354 4280 414 4332 δὲ
440 4282 548 4348 τῆς
589 4278 812 4347 διδαχῆς
842 4278 934 4329 καὶ
986 4278 1093 4329 τῶν
1123 4277 1287 4330 αὑτοῦ
1322 4277 1494 4345 λόγων
1522 4280 1789 4349 ἐξήρτητο

200 4372 622 4439 μυσταγωγίας,
674 4369 751 4432 ὡς
782 4368 908 4438 ὃλην
938 4369 1004 4421 δι’
1034 4370 1157 4422 ὅλου
1182 4370 1291 4422 τῶν
1342 4371 1627 4441 παρόντων
1681 4372 1788 4424 ἀπο

198 4464 527 4521 ἀναστᾶσαν,
568 4461 714 4527 πρὸς
743 4460 834 4511 τὸν
865 4459 1355 4529 εὐαγγελιζόμενον
1394 4460 1626 4532 ἀρθῆναι
1652 4461 1786 4531 Χρι-

198 4554 327 4605 στόν..
357 4553 569 4615 Οὕτως
592 4555 662 4604 ἐκ
686 4550 909 4621 πρώτης
931 4550 1091 4613 εὐθὺς
1121 4550 1372 4620 ἀκοῆς,ὣ
1394 4552 1495 4622 τῆς
1519 4553 1754 4617 πίστεως
1774 4554 1787 4607 l

1885 3270 2095 3315 castam
2130 3275 2193 3315 ac
2226 3262 2569 3332 virginalem,
2614 3269 2873 3334 tanquam
2926 3262 3033 3318 Deo
3089 3265 3457 3321 necessariam

1884 3354 2049 3422 eique
2075 3354 2329 3421 placitam
2367 3356 2579 3409 beatam
2614 3356 2957 3425 praedicaret.

1958 3448 2082 3503 Haec
2118 3449 2303 3517 itaque
2324 3448 2548 3503 sublimi
2579 3450 2931 3519 praeconemd
2963 3465 3087 3505 eum
3121 3449 3460 3506 adeuntibus

1887 3550 2197 3610 perorante,
2234 3554 2299 3595 ac
2322 3554 2449 3595 cum
2488 3540 2581 3595 alii
2618 3543 2837 3611 quidem
2871 3542 3108 3597 dulciter
3138 3542 3461 3612 placideque

1887 3632 2160 3695 audirent,
2193 3631 2286 3685 alii
2314 3646 2443 3687 vero
2474 3633 2626 3686 nullo
2665 3635 2939 3687 sermonis
2967 3650 3132 3689 sensu
3175 3635 3463 3688 aﬂiceren-

1886 3732 1996 3789 tur,
2059 3724 2152 3777 alii
2193 3723 2359 3778 etiam
2398 3734 2833 3790 murmurareut,
2880 3740 2943 3779 ae
2992 3740 3091 3795 pro
3132 3726 3288 3781 bouis
3322 3728 3462 3780 mala

1885 3817 2208 3888 cogitarent,
2261 3815 2460 3871 Thecla
2497 3818 2697 3886 puella,
2737 3816 3019 3874 Theoeleze
3064 3818 3282 3888 quidem
3334 3816 3463 3881 ﬁlia,

1886 3924 2091 3980 sponsa
2145 3924 2275 3965 vero
2327 3908 2700 3980 Thamyridis,
2733 3925 2763 3965 e
2802 3911 2984 3966 vicino
3031 3912 3177 3967 mdes
3229 3910 3463 3977 habens,

1887 4014 1952 4055 ac
1980 4016 2075 4070 per
2125 4000 2418 4055 fenestram
2445 4015 2630 4054 aurem
2667 4004 3111 4068 accommodans,
3153 4002 3307 4057 Pauli
3345 4002 3468 4057 doc-

1891 4094 2056 4148 trinis
2110 4093 2476 4148 auscultabat.
2528 4093 2606 4148 Ac
2637 4094 2857 4163 quidem
2896 4094 3089 4150 faciem
3136 4095 3323 4152 videre
3359 4110 3467 4150 nou

1891 4185 2093 4240 licebat
2142 4201 2156 4249 ;
2194 4184 2277 4241 sic
2344 4199 2472 4237 vero
2516 4199 2546 4238 a
2578 4185 2829 4240 doctrina
2879 4188 3109 4255 ejusque
3156 4202 3469 4242 sermonum

1893 4277 2248 4331 institutione
2283 4276 2577 4346 pendebat,
2613 4287 2673 4331 ut
2723 4285 2839 4332 tota
2887 4294 3118 4349 prorsus
3151 4294 3181 4334 e
3212 4279 3470 4341 terrenis.

1892 4370 1958 4423 ad
1998 4370 2279 4425 Christum
2303 4369 2396 4438 qui
2430 4371 2883 4437 annuntiabatur,
2936 4371 3120 4426 animo
3165 4371 3469 4426 tolleretur.

1894 4460 1986 4518 Sic
2011 4479 2078 4518 ex
2112 4463 2288 4532 primo
2313 4464 2494 4519 statim
2526 4464 2713 4517 auditu
2744 4464 2819 4535 (ο
2848 4464 3014 4519 fides!
3041 4468 3057 4532 )
3080 4464 3312 4519 excessit
3345 4464 3470 4535 qui-

1896 4554 2017 4609 dem
2061 4555 2248 4619 domo,
2290 4556 2530 4611 excessit
2568 4565 2621 4611 et
2651 4557 2833 4626 seipsa
2871 4573 2884 4621 ;
2922 4556 3087 4625 idque
3132 4570 3255 4611 cum
3292 4571 3472 4625 neque

198 4645 372 4716 ἐξέστη
399 4647 508 4715 μὲν
543 4644 667 4696 τῶν
693 4645 914 4697 οἰκείων
933 4658 947 4673 ·
969 4644 1162 4714 ἐξέστη
1202 4646 1259 4698 δὲ
1290 4646 1462 4716 αὑτῆς
1483 4660 1496 4675 ’
1533 4648 1629 4701 καὶ
1656 4650 1787 4718 μήτε

1896 4649 2176 4717 signorum
2246 4650 2680 4718 experimentum
2742 4650 2911 4703 ullqu
2983 4648 3229 4713 fecisset,
3294 4663 3470 4718 neque

198 4740 429 4803 σημείων
465 4737 687 4802 πεῖραν
712 4732 972 4795 λαϐοῦσα,
1006 4733 1144 4803 μήτε
1171 4733 1348 4804 χρόνῳ
1380 4733 1472 4786 τὸν
1506 4732 1665 4801 λόγον
1697 4734 1787 4787 τοῦ

1903 4740 2177 4810 Evangelii
2241 4742 2547 4795 doctrinam
2612 4757 2708 4811 per
2764 4750 2979 4812 tempus
3037 4742 3324 4811 probasset
3371 4750 3477 4795 :at

198 4828 533 4897 Εὑαγγελίου
584 4825 970 4895 δοκιμάσασα,
1011 4825 1150 4879 ἀλλὰ
1188 4824 1324 4895 μηδὲ
1367 4825 1460 4878 τὸν
1513 4825 1787 4893 εὐαγγελιε

1902 4844 2080 4896 neque
2127 4830 2540 4901 praedicatorem
2615 4832 2763 4900 (rem
2819 4848 3032 4886 summe
3096 4832 3474 4891 inauditamll

199 4923 339 4990 στῆν,
378 4926 442 4974 τὸ
494 4917 980 4989 παραδοξότατον,
1020 4917 1234 4987 ὄμμασι
1281 4917 1584 4988 τεθεαμένη
1608 4958 1621 4981 ,
1654 4917 1787 4971 οὕτω

1898 4922 2076 4976 Oculis
2122 4929 2461 4989 usurpasset,
2502 4923 2584 4976 sic
2625 4923 2842 4977 veritati
2880 4922 3123 4977 assensit
3177 4922 3341 4990 eique
3377 4936 3473 4991 per

198 5015 445 5068 κατέθετο
480 5017 554 5085 τῇ
584 5010 830 5081 ἀληθείᾳ
850 5050 866 5074 ,
915 5010 1011 5063 καὶ
1059 5010 1199 5081 πρὸς
1244 5011 1416 5080 αὑτῆς
1445 5010 1533 5063 διὰ
1560 5011 1787 5073 πίστεως

1903 5013 2063 5068 fidem
2116 5012 2365 5078 adhaesit,
2420 5022 2480 5068 ut
2530 5013 2715 5069 triduo
2758 5015 3005 5069 omnium
3053 5012 3224 5068 oblita
3273 5013 3369 5077 sit,
3420 5020 3476 5066 et

198 5106 418 5171 ἐγένετο,
456 5107 543 5169 ὡς
587 5104 696 5157 ἐπὶ
747 5105 930 5173 τρισὶν
988 5103 1225 5173 ἡμέραις
1279 5104 1581 5174 ἀμνηστείν
1626 5103 1787 5172 αὐτὴν

1902 5107 2010 5161 cibi
2035 5116 2089 5161 et
2115 5118 2296 5177 potus.

199 5200 379 5263 πάντα,
417 5201 522 5254 καὶ
551 5194 881 5269 βρώματος,
916 5197 1009 5248 καὶ
1039 5195 1303 5264 πόματος.

261 5295 365 5345 Καὶ
425 5296 637 5364 μήτηρ
688 5288 789 5359 μὲν
833 5289 1171 5359 φιλοστόργῳ
1219 5288 1328 5341 τινὶ
1366 5289 1462 5342 καὶ
1520 5286 1799 5357 φιλοψύχῳ

202 5384 424 5440 διαθέσει
466 5384 608 5455 περὶ
648 5381 825 5451 αὑτὴν
861 5379 1129 5443 είσιοῦσα,
1161 5380 1254 5433 καὶ
1287 5380 1546 5433 στένουσα
1574 5382 1666 5434 καὶ
1687 5380 1799 5432 δια-

204 5478 501 5549 κοινουμένη
523 5494 541 5509 ο
586 5473 699 5527 καὶ
728 5472 782 5525 τί
822 5473 930 5543 γὰρ
963 5474 996 5541 ἡ
1026 5472 1244 5542 μήτηρ;
1285 5471 1361 5539 πῆ
1400 5471 1501 5540 μὲν
1530 5469 1796 5523 κολακεύ-

204 5587 345 5633 ουσα,
381 5572 481 5626 καὶ
536 5564 838 5637 αἱμυλίοις
864 5563 1272 5634 ὑποποιουμένη
1313 5561 1514 5631 λόγοις,
1554 5563 1795 5625 Τέκνον,

206 5659 338 5725 ἐδήα,
370 5662 739 5731 φίλτατον·
773 5652 990 5707 τέκνον
1023 5651 1278 5721 ἥδιστόν
1317 5653 1371 5721 γ’
1407 5647 1522 5707 οὖν
1548 5652 1647 5706 καὶ
1674 5669 1799 5719 τερ-

1977 5281 2149 5335 Mater
2182 5297 2308 5336 vero
2350 5282 2580 5336 materni
2629 5282 2865 5352 quadam
2914 5280 3118 5337 amoris
3153 5281 3224 5346 vi,
3259 5280 3478 5349 impen-

1902 5375 2156 5444 sioreque
2184 5374 2237 5427 iu
2270 5388 2389 5428 eam
2420 5374 2625 5429 carnali
2661 5372 2855 5429 affectu
2909 5373 3179 5442 ingressa,
3225 5386 3477 5442 gemens-

1911 5486 2018 5540 que
2051 5484 2112 5523 ac
2142 5470 2439 5537 quiritans,
2473 5468 2623 5538 (quid
2660 5469 2807 5523 enim
2833 5468 2977 5522 aliud
3018 5468 3271 5535 mater?)
3313 5464 3477 5519 modo

1911 5563 2128 5630 quidem
2162 5560 2474 5623 blandiens,
2510 5560 2835 5629 lenibusque
2857 5559 3039 5614 verbis
3073 5558 3389 5613 demulceus
3413 5572 3478 5609 ac

1909 5653 2011 5709 sibi
2046 5652 2365 5720 concilians,
2413 5651 2555 5707 Filia
2582 5652 2895 5718 ,elamabat,
2930 5652 3249 5707 charissima
3277 5648 3297 5703 !
3331 5647 3480 5703 Filia

273 5842 373 5911 (6|)
409 5839 528 5910 Τῆς
552 5828 928 5903 ὑπερφώτου
953 5828 1289 5900 ἀστραπῆς.
1324 5827 1528 5901 Fulgur
1572 5848 1721 5887 omne
1776 5848 1787 5885 ι

1885 5850 1945 5885 ns
1986 5833 2177 5886 lumen.
2218 5830 2371 5886 Pauli
2408 5832 2603 5886 scitum
2624 5829 2941 5900 cpithelum,
