4180 6434
751 421 854 485 307

1935 418 2223 479 ΝΙΟΕΤιλΕ
2258 417 2698 479 PAPHLAGON
2706 418 2777 477 IS

3879 421 3982 485 308

754 533 887 586 mihi
923 547 1049 587 sane
1090 530 1424 592 dulcissima,
1470 529 1877 598 gratissimaque
1929 547 1992 584 ac
2044 532 2315 587 desidera-

2431 530 2715 582 rrro'racor
2744 528 2839 581 καὶ
2881 528 3330 583 ποθεινότατον·
3374 530 3430 582 τί
3459 530 3557 582 σοι
3597 530 3693 582 καὶ
3728 531 3802 594 τῷ
3828 532 3985 597 ξένῳ

756 627 994 684 tissima,
1040 625 1167 691 quid
1224 622 1317 677 tibi
1365 631 1413 676 et
1456 622 1727 688 peregrino
1773 622 1855 674 illi
1901 639 1962 673 ac
2001 621 2318 674 seductori?

759 716 957 785 Ecquid
988 733 1163 770 causa'
1188 727 1288 781 est,
1334 732 1428 768 cur
1475 716 1541 767 ad
1586 715 1699 781 ejus
1751 712 2034 765 absurdam
2076 712 2211 761 hanc
2258 726 2319 760 ac

754 806 1052 859 inauditam
1106 807 1483 873 fabulationem
1556 819 1733 857 aurem
1792 800 2317 855 accommodaveris?

756 897 901 962 Quid
926 910 1001 951 est
1030 898 1166 965 quod
1187 898 1477 961 excessisti,
1523 905 1879 965 portentosum
1920 895 2056 946 hunc
2098 893 2319 945 horren-

753 990 977 1054 dumque
1004 1004 1276 1041 excessum
1307 992 1331 1043 2
1356 988 1464 1041 Cur
1496 998 1605 1040 tota
1631 988 1832 1048 anima,
1863 995 1979 1054 post
2002 986 2317 1039 seductionis

756 1077 910 1145 hujus
946 1078 1099 1131 verba
1127 1078 1305 1131 abiisti
1338 1080 1364 1132 2
1393 1077 1663 1131 Revertere
1699 1078 1766 1129 ad
1796 1077 2101 1145 genitricem
2151 1086 2317 1142 tuam,

754 1184 871 1232 qua:
902 1178 950 1220 te
977 1171 1239 1222 educavit.
1303 1169 1490 1236 Aspice
1518 1171 1570 1221 in
1601 1184 1701 1231 me,
1750 1170 1864 1237 ﬁlia
1909 1184 2044 1219 mea.
2085 1166 2321 1236 Loquere

756 1256 823 1307 ad
856 1274 935 1310 me
970 1260 1223 1320 verbum;
1253 1258 1461 1325 loquere
1492 1261 1561 1309 ad
1607 1274 1707 1321 me,
1736 1259 1934 1311 viscera
1965 1272 2079 1308 mea
2107 1273 2127 1320 ;
2175 1257 2322 1325 obje-

756 1356 941 1413 etaque
960 1348 1057 1399 hac
1079 1348 1361 1406 dementia.
1387 1364 1605 1416 exsurge
1623 1360 1675 1400 ut
1694 1348 1864 1399 cibum
1886 1362 2086 1408 sumas,
2112 1362 2142 1398 o
2164 1346 2321 1413 ﬁlia!

754 1452 974 1505 exsurge
1027 1448 1083 1490 ut
1135 1439 1302 1491 bibas.
1347 1440 1487 1505 Quid
1526 1454 1703 1493 causa:
1750 1448 1825 1492 est
1882 1454 1977 1491 cur
2024 1439 2101 1491 ita
2144 1454 2319 1493 vecors

760 1530 1043 1598 ruentisque
1078 1532 1223 1598 inops
1254 1532 1433 1585 sedeas
1462 1531 1487 1583 2

827 1709 917 1761 Sic
951 1708 1110 1763 modo
1135 1708 1354 1776 quidem
1406 1708 1725 1770 obsecrans,
1765 1706 1928 1760 modo
1969 1720 2097 1759 vero
2154 1705 2317 1759 etiam

755 1801 1156 1854 auster-ictibus
1204 1802 1270 1853 ad
1311 1816 1428 1854 eam
1472 1802 1672 1863 verbis,
1704 1798 1813 1853 Cur
1844 1814 1981 1859 vero,
2013 1799 2149 1851 velut
2193 1797 2319 1850 insi-

2422 622 2607 682 τούτῳ
2639 618 2811 686 ἀνδρὶ
2841 621 2937 672 καὶ
2963 622 3163 688 γόητι;
3194 622 3291 674 καὶ
3328 621 3429 673 ἵνα
3463 623 3521 675 τί
3548 622 3695 688 πρὸς
3730 622 3843 688 τὴν
3873 626 3983 676 αὺ-

2422 712 2524 763 τοῦ
2572 710 2791 763 λαλιὰν
2840 711 2955 777 τὴν
2988 712 3326 765 ἀλλόκοτον
3373 713 3598 777 ταύτην
3643 712 3738 764 καὶ
3800 713 3986 778 ξένην

2420 802 2716 868 προσέθου
2768 801 2880 869 τὴν
2910 802 3137 868 ἀκοήν;
3165 805 3287 857 Ἵνα
3344 804 3400 855 τί
3432 802 3681 869 ἐξέστης
3711 804 3988 867 ἑξαισίαν

2419 897 2645 960 ταύτην
2677 895 2968 947 ἔκστασιν
3000 895 3097 947 καὶ
3120 894 3394 962 φρικτήνς
3420 895 3545 948 Ἵνα
3571 897 3627 947 τί
3671 898 3782 961 ὅλῃ
3814 893 3987 963 ψυχῇ

2419 986 2613 1037 ὀπίσω
2642 984 2760 1037 τῶν
2785 986 2983 1052 λόγων
3015 987 3233 1050 ταύτης
3284 986 3565 1052 ἀπήχθης
3616 984 3724 1051 τῆς
3755 985 3990 1052 πλανή-

2418 1091 2609 1141 σεως;
2645 1076 3041 1143 Ἑπίστρεψον
3073 1076 3219 1143 πρὸς
3255 1075 3368 1142 τὴν
3394 1076 3851 1144 γεννησαμένην
3885 1093 3983 1138 σε,

2418 1168 2534 1233 τὴν
2564 1169 3067 1236 ἀναθρεψαμένην
3086 1185 3161 1220 σε
3180 1185 3193 1197 ·
3219 1170 3464 1235 ,ϐλέψον
3482 1170 3629 1233 πρός
3660 1186 3753 1236 με,
3774 1168 3990 1219 τέκνον

2419 1260 2563 1327 ἐμόν
2584 1276 2599 1290 ο
2624 1260 2869 1328 φθέγξαι
2896 1261 3042 1325 πρὸς
3074 1259 3176 1327 ἐμὲ
3202 1262 3389 1327 λόγον
3410 1277 3423 1289 ·
3456 1258 3723 1327 φθέγξαι,
3750 1260 3989 1327 σπλάγ·

2420 1368 2570 1419 χνον
2631 1352 2813 1420 ἐμὸν,
2878 1351 2973 1404 καὶ
3048 1352 3505 1420 ἀπορῤιψαμένη
3576 1352 3819 1416 ταυτηνὶ
3875 1352 3995 1417 τὴν

2420 1441 2791 1509 παραφορὰν,
2844 1441 3140 1507 ἀνάστηθι
3192 1441 3573 1509 ἐπὶβρωτὸν.
3608 1437 3656 1494 ὦ
3706 1443 3991 1509 θύγατερ·

2420 1530 2712 1598 ἀνάστηθι
2736 1532 2835 1585 ἐπὶ
2862 1533 3050 1586 ποτόν
3069 1550 3081 1563 ο
3110 1532 3206 1585 καὶ
3240 1534 3339 1586 ἵνα
3373 1533 3428 1584 τί
3458 1533 3642 1598 οὓτως
3664 1533 3997 1599 ἀπονενοη-

2418 1622 2573 1690 ιιένη
2608 1623 2803 1689 milia;

2496 1712 2579 1780 [ιῆ
2613 1714 2711 1780 μὲν
2742 1713 2834 1766 οὖν
2876 1714 3073 1766 οὑτωσὶ
3114 1715 3509 1782 παρακαλοῦσα
3532 1756 3545 1779 ,
3582 1716 3657 1784 πῆ
3685 1716 3741 1768 δὲ
3774 1716 3866 1769 καὶ
3889 1716 3997 1769 αὑ-

2424 1803 2749 1873 στηρότερον
2787 1806 2923 1873 αὐτῇ
2956 1806 3252 1876 χρωμένη,
3282 1808 3415 1859 Ἵνα
3465 1810 3521 1859 τί
3540 1848 3555 1869 ,
3607 1808 3687 1872 ὠς
3723 1808 3831 1876 μία
3873 1806 3998 1859 τῶν

755 1896 1007 1961 pientium
1060 1910 1187 1956 una,
1240 1894 1578 1961 increpabat,
1634 1893 1854 1958 teipsam
1901 1890 2205 1958 desperans,
2258 1906 2319 1943 ac

2431 1872 2714 1960 ἀφρόνων,
2756 1872 3125 1963 ἐπέπληττεν),
3163 1872 3382 1962 ἑαυτῆς
3439 1872 3832 1964 ἀπεγνωκυῖα,
3892 1895 4000 1949 καὶ

754 1989 905 2057 quasi
939 2004 1054 2056 qum
1093 2004 1301 2039 sensum
1341 2000 1544 2038 omnem
1571 1986 1759 2037 mentis
1796 1982 2175 2051 consiliumque
2202 1997 2321 2049 per-

755 2078 974 2139 dideris,
1008 2080 1084 2137 sic,
1116 2076 1560 2130 irrationabiliter
1588 2074 1734 2128 sedes
1762 2076 1785 2128 2
1809 2072 2053 2127 Reverere
2075 2083 2319 2135 matrem,

752 2186 871 2233 qua:
898 2173 950 2223 in
978 2182 1025 2223 te
1048 2172 1321 2223 erubescit.
1358 2168 1604 2221 Reverere
1641 2176 1912 2233 cognatos,
1948 2164 2167 2225 amicos,
2191 2178 2324 2215 cow-

756 2272 959 2313 taneos.
998 2261 1201 2313 Pudeat
1237 2278 1267 2312 a
1297 2260 1433 2326 facie
1460 2273 1724 2311 servorum
1754 2266 1986 2310 tuorum.
2033 2253 2131 2307 Ubi
2166 2254 2325 2322 virgi-

756 2369 881 2405 neus
927 2353 1144 2417 pudoris
1194 2352 1405 2404 rubor?
1440 2351 1529 2403 ubi
1572 2352 1804 2403 incessus
1840 2348 1975 2401 ?ubi
2024 2347 2261 2416 gravitas
2296 2345 2321 2399 2

755 2442 841 2495 ubi
882 2442 1013 2496 ordo
1044 2446 1067 2495 2
1100 2443 1188 2495 ubi
1218 2444 1363 2508 prior
1388 2443 1481 2494 illa
1519 2442 1767 2494 honestas
1796 2442 1821 2494 2
1853 2436 2041 2492 Nescis
2078 2453 2191 2491 esse
2224 2453 2317 2491 nos

756 2535 957 2600 primos
1004 2535 1143 2586 inter
1192 2532 1363 2587 Iconii
1396 2535 1553 2597 cives,
1607 2542 1875 2600 totamque
1918 2530 1985 2583 ad
2038 2546 2131 2583 nos
2179 2528 2325 2581 urbis

756 2626 1144 2678 cumulationem
1197 2636 1449 2691 spectare,
1504 2640 1685 2693 resque
1749 2634 1961 2677 nostras
2018 2629 2327 2675 cunctorum

754 2718 1023 2784 expasitas
1062 2717 1389 2770 sermonibus
1423 2732 1557 2778 esse,
1596 2717 1701 2769 sive
1735 2716 1845 2770 illa:
1885 2716 2066 2784 fausto
2098 2732 2160 2768 ac
2194 2716 2329 2769 omi-

759 2820 884 2860 usto
913 2818 1117 2866 eventu.
1158 2810 1265 2861 sive
1297 2824 1443 2861 secus
1472 2807 1772 2861 succedant.
1829 2808 1937 2861 Cur
1972 2823 2095 2875 ergo
2124 2816 2173 2860 te
2210 2808 2327 2874 ipsa

760 2899 955 2950 invidis
1018 2897 1295 2966 gaudium,
1350 2898 1538 2951 amicis
1599 2914 1719 2952 vero
1766 2897 2214 2966 reprehensionem
2266 2913 2328 2950 ac

754 2988 1005 3056 probrum
1042 2988 1239 3056 prabes
1266 2987 1292 3040 2

833 3164 912 3217 Εη
935 3174 984 3217 et
1005 3181 1225 3231 sponsus
1254 3164 1420 3219 adest.
1460 3163 1540 3218 En
1570 3165 1757 3218 civium
1794 3163 1914 3232 ﬂos,
1933 3164 2214 3233 tequalium
2236 3164 2328 3217 de-

762 3271 875 3317 cor,
917 3253 1086 3307 Iconii
1121 3256 1326 3308 oculus.
1373 3254 1451 3309 En
1492 3265 1613 3308 tuus
1642 3253 1944 3323 Thamyris,
1977 3239 2189 3307 Thecla.
2222 3251 2331 3308 Es:-

760 3362 935 3413 surge,
992 3348 1046 3398 in
1103 3347 1372 3414 amplexus
1419 3362 1532 3410 rue,
1583 3345 1843 3399 osculare.
1908 3342 2054 3398 Scito
2107 3346 2194 3397 cui
2254 3345 2328 3397 sis

760 3446 1099 3505 aesponsata,
1130 3438 1217 3489 cui
1241 3438 1566 3504 nuptialibus
1595 3438 1769 3505 pactis
1798 3436 2078 3490 obstricta.
2127 3435 2208 3489 Ne
2241 3450 2329 3502 spe

762 3546 1005 3591 vacuum,
1038 3546 1100 3583 ne
1134 3540 1343 3582 tuarum
1364 3538 1625 3599 expertem
1654 3529 1969 3598 gratiarum,
1996 3544 2057 3582 ne
2100 3538 2187 3582 tuo
2222 3529 2332 3595 pri-

762 3632 941 3678 vatum
975 3625 1232 3692 colloquio
1266 3627 1434 3680 virum
1469 3626 1748 3691 repuleris.

834 3806 1127 3878 Thamyris
1162 3824 1318 3871 vero,
1366 3812 1460 3878 qui
1506 3817 1562 3863 et
1607 3809 1724 3879 ipse
1770 3808 1979 3873 aderat,
2036 3806 2167 3879 quid
2223 3820 2331 3859 non

767 3902 1024 3967 faciebat,
1085 3902 1215 3971 quid
1275 3918 1381 3956 non
1441 3902 1783 3971 loquebatur,
1850 3899 2053 3970 quibus
2098 3899 2331 3954 emolliri

768 4003 995 4048 noverat
1058 3995 1298 4047 animum
1355 4000 1517 4062 atque
1565 4008 1595 4047 a
1654 3992 1967 4047 constantia
2036 4001 2335 4059 tenoreque

774 4084 1031 4139 inﬂecti?
1070 4083 1283 4146 Thecla,
1350 4084 1552 4146 aiebat,
1622 4084 1751 4136 mihi
1802 4082 2133 4153 gratissima,
2205 4082 2335 4135 mihi

767 4180 1082 4245 desponsata
1110 4187 1265 4245 atque
1295 4186 1479 4245 aptata
1507 4175 1798 4230 lConverte
1832 4185 2094 4242 aspectum
2124 4176 2179 4228 in
2216 4189 2335 4241 pro-

767 4286 888 4323 cum
920 4279 1066 4321 tuum
1094 4284 1111 4322 :
1143 4285 1374 4322 reverere
1405 4283 1578 4321 vocem
1618 4268 1793 4335 sponsi
1826 4267 1924 4322 tui.
1963 4265 2093 4319 Veni
2140 4265 2209 4318 ad
2255 4281 2336 4318 me

768 4362 858 4431 qui
901 4378 1073 4414 amem
1103 4371 1172 4425 te,
1209 4362 1301 4430 qui
1358 4370 1405 4414 te
1457 4360 1703 4429 diligam,
1760 4360 1948 4428 quique
1993 4358 2173 4410 omnia
2220 4373 2337 4409 mea

770 4469 1074 4521 ontnemque
1116 4469 1285 4505 meam
1333 4452 1713 4513 substantiam,
1765 4466 1943 4518 meque
1990 4452 2161 4513 ipsum
2218 4463 2336 4499 cum

2423 1986 2623 2054 ὥσπερ
2679 1986 3099 2041 ἀπολωλεκυῖα
3146 1989 3407 2042 σύνεσιν
3453 1988 3549 2041 καὶ
3608 1990 3854 2055 βουλὴν
3880 2006 4000 2045 πα-

2416 2080 2688 2147 ραλόγως
2742 2078 2961 2132 οὑτωσὶ
3010 2079 3193 2147 aedon;
3245 2080 3561 2147 Αίδέσθητι
3588 2081 3815 2149 μητέρα
3866 2080 4002 2133 δια-

2424 2167 2796 2236 τρεπομένην
2846 2168 2916 2221 ἐν
2968 2169 3099 2221 σοί·
3149 2168 3456 2235 αὶδέσθητι
3503 2170 3838 2237 συγγενεῖς,
3897 2173 4002 2238 φί-

2424 2261 2592 2322 λους,
2628 2258 2924 2325 ὁμήλικας
2953 2274 2965 2287 ·
3027 2261 3381 2326 ιιίσχύνθητι
3410 2259 3477 2311 ἐκ
3510 2258 3832 2326 προσώπου
3875 2260 4003 2311 τῶν

2425 2345 2555 2400 σῶν
2579 2347 2847 2401 οἰκετῶν.
2876 2348 3000 2401 Ποῦ
3022 2350 3087 2402 τὸ
3123 2348 3442 2415 παρθένοις
3466 2350 3697 2417 πρέπον
3728 2351 4005 2418 ἐρύθημα

2427 2439 2537 2507 τῆς
2573 2439 2812 2505 αιδοῦς;
2842 2440 2961 2493 ποῦ
3001 2440 3066 2493 τὸ
3112 2440 3416 2509 βάδισμα;
3445 2442 3562 2495 ποῦ
3592 2443 3629 2508 ἡ
3664 2444 4007 2509 σεμνότης-ς

2428 2530 2545 2584 ποῦ
2581 2531 2618 2596 ἡ
2650 2530 2837 2595 τάξις,
2867 2532 2963 2583 καὶ
3007 2533 3043 2598 ἠ
3085 2533 3340 2600 προτέρα
3364 2534 3720 2599 κοσμιότης;
3763 2536 3882 2585 Οὐκ
3912 2529 4013 2585 οἶ.-

2427 2627 2546 2676 σθα
2573 2624 2651 2687 ὡς
2680 2622 2897 2690 πρῶτοι
2936 2621 3055 2675 τῶν
3095 2623 3391 2677 Ἰκονιέων
3412 2624 3601 2691 ἡμεῖς,
3638 2625 3731 2677 καὶ
3762 2627 3793 2677 ό
3816 2622 4011 2689 ζῆλος

2428 2714 2538 2783 τῆς
2562 2716 2792 2781 πόλεως
2820 2716 2969 2783 πρὸς
3000 2715 3155 2783 ἡμᾶς
3184 2716 3328 2780 ὅλος
3349 2757 3362 2779 ,
3396 2716 3491 2768 καὶ
3516 2718 3587 2769 τὰ
3619 2716 3871 2783 ἡμέτερα
3899 2715 4015 2768 ,ιά-

2429 2810 2589 2873 λημα
2613 2806 2821 2870 πᾶσιν,
2866 2807 2986 2860 εἶτε
3013 2806 3224 2872 δεξιῶς
3244 2847 3257 2869 ,
3292 2808 3347 2859 εἴ
3353 2824 3412 2860 τε
3441 2805 3554 2862 οὖν
3582 2808 3792 2875 ἑτέρως
3834 2807 3969 2873 ἔχοι
3992 2824 4014 2870 ;

2429 2899 2533 2951 Διὰ
2585 2898 2642 2951 τί
2687 2893 2839 2962 οὖν,
2900 2897 3096 2967 χάρμα
3138 2899 3254 2965 μὲν
3312 2898 3429 2964 τοῖς
3491 2900 3952 2963 βασκαίνουσιν
3990 2940 4008 2961 ,

2431 2990 2684 3058 ἐλεγγον
2714 2989 2782 3042 δὲ
2816 2990 2913 3042 καὶ
2954 2989 3185 3056 ὄνειδος
3238 2990 3361 3055 τοῖς
3399 2992 3601 3059 φίλοις
3640 2990 4008 3059 ἐμπαρέχεις

2430 3080 2666 3145 σαυτήν
2682 3099 2702 3146 ;

2521 3171 2675 3225 Ἰδού
2706 3186 2803 3225 σοι
2837 3168 2936 3223 καὶ
2967 3173 2999 3225 ὀ
3022 3171 3322 3239 μνηστήρ.
3376 3170 3531 3225 Ἰδοὺ
3562 3171 3628 3223 τὸ
3669 3172 3851 3233 ἄνθος
3884 3169 4015 3222 τῶν

2433 3264 2711 3327 πολιτῶν,
2739 3263 2805 3316 τὸ
2836 3263 3064 3326 κάλλος
3106 3261 3221 3315 τῶν
3269 3264 3595 3331 ὁμηλίκων,
3632 3265 3664 3315 ό
3716 3262 3819 3314 τοῦ
3861 3262 4014 3313 Ἰκο-

2428 3356 2564 3407 νίου
2623 3354 2960 3422 ὀφθαλμός⁸
3006 3352 3135 3406 ἰδοὺ
3193 3355 3225 3407 ὁ
3272 3354 3384 3418 σὸς
3443 3352 3730 3420 θάμυρις,
3775 3351 4015 3403 Θέκλα’

2430 3446 2746 3511 ἀνάστηθι,
2780 3445 3054 3498 ἄσπασαι
3079 3445 3284 3498 αὐτόν.
3307 3443 3501 3497 Γνῶθι
3531 3444 3637 3496 τὸν
3665 3442 4021 3510 νυμφευσά-

2426 3553 2630 3605 μενον,
2645 3536 2752 3587 τὸν
2775 3533 3364 3604 κατεγγυησάμενονο
3376 3534 3461 3602 μὴ
3483 3534 3662 3587 κενὸν
3692 3532 3807 3584 τῶν
3833 3531 4021 3583 έλπίο

2429 3626 2569 3689 δων,
2596 3625 2681 3693 μὴ
2716 3624 2835 3677 τῶν
2866 3625 2996 3678 σῶν
3024 3624 3271 3693 ἄμοιρον
3296 3627 3570 3692 χαρίτων.
3607 3624 3707 3676 καὶ
3741 3621 3849 3690 τῆς
3876 3621 4015 3689 σῆς

2431 3716 2795 3785 ἀποπέμψῃς
2819 3715 3200 3782 ἀστοχοῦντα
3240 3713 3642 3782 προσλαλιᾶς.

2502 3809 2746 3877 Θάμυρις
2777 3808 2833 3860 δὲ
2859 3806 3049 3877 παρὼν
3076 3808 3170 3860 καὶ
3199 3807 3381 3870 αὐτὸς,
3414 3808 3467 3858 τί
3496 3807 3594 3874 μὲν
3633 3806 3731 3859 οὐκ
3762 3806 3915 3874 ἔδρα,
3957 3804 4022 3858 τί

2434 3899 2478 3952 δ’
2513 3899 2573 3952 οὐ
2605 3898 2928 3969 προσελέιλει
2982 3900 3087 3952 τῶν
3119 3900 3219 3951 ὅπα
3263 3898 3497 3967 χαυνοῦν
3535 3895 3643 3950 οἶδε
3693 3898 3784 3949 καὶ
3834 3913 4025 3948 κατα-

2440 3992 2731 4061 μαλάττειν
2751 3991 2949 4059 ψυχήν;
2973 3991 3187 4052 Θέκλα,
3211 3991 3408 4057 λέγων,
3429 3990 3556 4059 ἐμοὶ
3582 3989 4023 4057 κεχαρισμένη,

2434 4084 2562 4153 ἐμοὶ
2614 4085 2988 4152 ἡρμοσμένῃ.
3049 4084 3143 4135 καὶ
3202 4079 3779 4150 νυμφοστολουμένη
3835 4080 3976 4146 ἐμοί
4000 4096 4018 4109 ·

2434 4176 2803 4244 ἐπίστρεψον
2848 4175 2913 4227 τὸ
2939 4175 3182 4242 βλέμμα
3218 4175 3368 4241 πρὸς
3399 4171 3721 4241 μνηστῆρα
3747 4172 3850 4225 τὸν
3869 4173 4027 4225 σόνο

2435 4246 2741 4332 αἰδέσθητι
2795 4265 3000 4335 φωνῆς
3029 4267 3294 4334 νυμφίου
3333 4265 3440 4318 τοῦ
3469 4264 3584 4317 σοῦ
3605 4279 3619 4293 ·
3652 4264 3830 4332 γενοῦ
3859 4264 4030 4331 πρὸς

2436 4358 2582 4427 ἐμοῦ
2617 4359 2721 4411 τοῦ
2754 4359 3159 4427 πεφιληκότος
3212 4373 3305 4421 σε,
3364 4357 3882 4425 τοῦδήγαπηκότος
3910 4373 4026 4420 σε,

2440 4450 2537 4502 καὶ
2567 4449 2766 4502 πάντα
2797 4448 2868 4501 τὰ
2896 4447 3027 4515 ἐμὰ,
3086 4447 3185 4500 καὶ
3222 4445 3431 4501 πᾶσαν
3479 4444 3698 4512 κτῆσιν
3755 4448 3851 4498 καὶ
3900 4448 4033 4499 ὓπ-

771 4542 1038 4605 omnibus,
1073 4544 1175 4596 tuis
1216 4542 1457 4594 manibus
1496 4540 1729 4595 credam.
1784 4538 2114 4599 Convertere,
2149 4547 2198 4590 et
2225 4535 2332 4589 vide

2442 4538 2616 4606 αρξιν
2636 4580 2651 4603 ,
2701 4537 2798 4590 καὶ
2847 4535 3109 4605 ἐμαυτὸν
3140 4534 3291 4601 πρὸς
3327 4533 3449 4599 τοῖς
3479 4532 3653 4594 πᾶσι,
3707 4532 3836 4596 ταῖς
3868 4534 4033 4600 σαῖς

774 4643 919 4685 tuum
978 4634 1287 4702 Thamyrin,
1354 4632 1570 4696 Thecla,
1634 4633 1782 4701 eique
1853 4631 1993 4699 loqui
2060 4629 2338 4697 dignare;

771 4728 979 4782 eosdem
1008 4728 1363 4795 percipiamus
1396 4725 1536 4779 sales
1566 4742 1585 4789 ;
1619 4740 1703 4789 ac,
1732 4724 1777 4776 si
1808 4722 1968 4783 lubet,
1999 4736 2135 4773 nunc
2160 4719 2343 4773 statim

781 4836 1026 4873 ranamus
1061 4821 1409 4889 hymenaum.
1449 4816 1545 4871 Sin
1600 4825 1775 4869 autem
1825 4830 1985 4883 neque
2032 4818 2128 4865 hoc
2178 4812 2341 4873 lubet,

776 4912 895 4965 iube
950 4912 1101 4973 mihi,
1157 4920 1206 4965 et
1268 4912 1470 4964 veniam
1525 4909 1593 4962 ad
1644 4906 2205 4975 te;quemadmodum
2250 4919 2344 4972 ego

778 5015 924 5056 tutus
956 5020 1071 5056 sum
1104 5012 1158 5055 ut
1196 5004 1288 5056 tibi
1308 5004 1570 5069 placeam,
1606 5012 1709 5054 tute
1743 5000 2000 5067 obsequar
2052 4996 2337 5061 voluntati,

780 5108 869 5148 tuo
911 5095 1170 5149 desiderio
1228 5105 1368 5149 totus
1425 5104 1600 5147 tenear
1640 5110 1657 5156 ;
1691 5091 1847 5145 modo
1902 5105 2073 5143 vocem
2104 5087 2342 5150 audiam,

781 5184 935 5237 modo
977 5184 1342 5237 dulcissimam
1388 5184 1519 5236 mihi
1554 5183 1963 5250 fabulationem,
2021 5178 2175 5233 modo
2220 5194 2346 5230 cou-

780 5275 959 5326 silium
986 5284 1131 5326 tuum
1149 5277 1396 5341 sentiam,
1426 5275 1578 5327 modo
1610 5290 1712 5326 non
1733 5272 1950 5325 surdum
1982 5271 2050 5323 ad
2074 5279 2122 5323 te
2150 5271 2350 5337 ingres-

780 5383 917 5427 sum,
953 5384 1054 5420 non
1102 5385 1315 5430 vanum,
1348 5385 1451 5421 non
1483 5370 1715 5432 inanem,
1766 5382 1795 5419 o
1826 5364 2164 5425 charissima,
2198 5362 2266 5413 ad
2299 5371 2345 5415 te

784 5460 913 5514 mihi
945 5464 1178 5529 prwbeas
1213 5462 1517 5514 adventum.

856 5719 1039 5788 Neque
1088 5720 1171 5775 bis
1219 5721 1484 5774 duntaxat
1537 5720 1739 5782 verbis.
1794 5719 1887 5774 sed
1914 5729 1967 5773 et
2014 5721 2236 5774 nutibus
2283 5719 2348 5772 ad

787 5812 1167 5869 inﬂectenduiu
1196 5816 1437 5868 animum
1464 5814 1783 5883 compositis
1827 5814 2049 5868 allicere
2093 5816 2341 5877 studens,

2442 4629 2868 4698 ἐγχειρίζοντος
2924 4628 3159 4695 χερσίν.
3200 4626 3621 4693 Ἑπίστρεψον,
3653 4624 3749 4679 καὶ
3779 4624 3869 4676 ιδε
3905 4626 4038 4677 τὸν

2440 4720 2557 4774 σὸν
2589 4720 2871 4787 Θάμυριν,
2909 4718 3123 4780 Θέιιλα,
3182 4717 3281 4770 καὶ
3328 4718 3516 4783 λόγου
3560 4715 3819 4784 μετάδος
3846 4731 3860 4744 ⁸
3913 4716 4037 4768 καὶ

2440 4808 2605 4863 ἀλῶν
2628 4808 3020 4878 μετάσχωμεν
3055 4805 3170 4859 τῶν
3211 4805 3444 4863 αὐτῶν*
3493 4806 3614 4866 καὶ,
3670 4807 3721 4858 ει
3767 4806 4041 4868 βούλει.

2441 4902 2655 4955 αὐτίκα
2683 4900 2800 4954 νῦν
2820 4898 3053 4966 ᾄδωμεν
3072 4897 3181 4950 τὸν
3214 4897 3520 4965 ὑμέναιον.
3555 4898 3624 4949 El
3653 4893 3704 4947 δ’
3734 4890 3847 4947 οὖν
3876 4894 4043 4948 οὔτε

2442 5006 2543 5044 σοι
2578 4990 2761 5059 φίλον
2808 4988 3003 5049 τοῦτο,
3034 4984 3346 5049 σύνταξον
3393 4982 3547 5051 ἐμοὶ,
3578 4981 3677 5034 καὶ
3714 4980 3839 5047 ἦξω
3868 4980 4047 5044 πρὸς

2446 5082 2519 5135 σέ
2542 5098 2553 5109 ·
2600 5081 2677 5145 ὡς
2704 5081 2884 5147 ἔγωγε
2914 5076 3022 5143 τῆς
3053 5075 3173 5142 σῆς
3215 5074 3359 5138 ὅλος
3386 5072 3733 5140 ἀρεσκείας,
3766 5068 3869 5121 τοῦ
3899 5071 4047 5122 σοῦ

2445 5168 2797 5237 θελήματος,
2819 5164 3043 5230 καὶτῆς
3076 5162 3395 5230 ἐπιθυμίας
3419 5160 3563 5223 ὅλος
3592 5158 3708 5226 ειμι
3740 5155 3850 5222 τῆς
3874 5154 4046 5221 σῆςο

2444 5265 2633 5327 μόνον
2666 5259 2910 5312 ἀκούσω
2936 5254 3171 5325 φωήςν
3223 5256 3416 5323 μόνον
3465 5250 3577 5319 τῆς
3608 5250 3861 5314 ἡδίστης
3888 5249 4051 5317 ἐμοὶ

2447 5350 2689 5417 λαλιᾶς⁸
2722 5348 2828 5416 τῆς
2850 5346 3089 5415 ,ϐουλῆς
3126 5349 3319 5415 μόνον
3358 5344 3683 5409 αἰσθοίμην
3731 5339 3841 5407 τῆς
3874 5340 4052 5407 σῆς.

2445 5446 2648 5499 Μόνον
2671 5440 2755 5510 μὴ
2788 5438 2995 5507 κωφὴν
3020 5438 3134 5505 τὴν
3170 5438 3250 5502 ὡς
3288 5436 3364 5490 σὲ
3398 5434 3664 5496 εισοδον,
3689 5434 3775 5503 μὴ
3806 5435 4053 5503 κενὴν,

2443 5536 2529 5606 μὴ
2578 5534 2926 5598 ἀνήνυτον,
2985 5526 3033 5585 ὦ
3067 5530 3355 5599 φιλτάτη,
3406 5526 3880 5597 παρασκευάσῃς
3917 5546 4056 5594 μοι

2452 5629 2565 5692 τὴν
2593 5624 2951 5691 παρουσίαν.

2522 5720 2629 5772 Καὶ
2656 5718 2716 5769 οὐ
2752 5716 2911 5783 μόνον
2939 5712 3148 5773 τούτοις
3174 5714 3281 5773 τοῖς
3318 5712 3577 5782 ῥήμασιν,
3611 5708 3747 5761 ἀλλὰ
3771 5708 3863 5759 καὶ
3894 5710 4058 5761 uti}-

2456 5828 2585 5881 μασι
2611 5809 3005 5876 δυσωπητικοίς
3032 5804 3325 5859 ὲπικλίνειν
3355 5804 3547 5872 δοκῶν,
3574 5803 3710 5858 ὰ).λὰ
3741 5804 3833 5855 καὶ
3858 5802 4011 5874 φιλή
4029 5839 4055 5848 .-
