4180 6434
190 391 278 454 309

1031 393 1317 463 ORATIO
1345 405 1497 467 XVI.
1538 433 1607 445 ·-
1667 411 1745 470 IN
1782 414 2094 478 LAUDEM
2147 421 2208 481 S.
2248 422 2582 488 THECLE.

3314 432 3419 496 3V)

191 518 301 571 μασι
328 503 687 573 χαυνωικοτς
705 518 721 535 ⁶
752 503 937 575 ἠρέμα
964 506 1021 559 δὲ
1046 511 1141 564 καὶ
1169 511 1271 582 τῆς
1298 512 1490 585 ὀθόνης
1519 517 1746 586 ὲπαφώ-
1776 524 1819 578 Α

1776 524 1819 578 Α
1851 523 1944 577 sed
1970 531 2023 578 et
2049 525 2306 583 mollibus
2335 532 2540 588 osculis
2562 575 2577 600 ,
2624 532 2830 589 sensim
2860 552 2989 592 vero
3014 541 3180 596 etiam
3221 559 3415 616 appre-

192 609 352 662 μενος,
380 592 475 644 καὶ
502 593 639 663 πρὸς
672 595 868 647 ἑαυτὸν
896 597 1283 670 ἐφελκόμενος,
1320 604 1598 675 "Ere/par,
1632 608 1745 675 φά-

190 699 381 752 γωμεν,
421 684 642 752 ἔλεγεν
691 684 845 757 τάχα
875 688 987 758 γὰρ
1018 691 1117 744 καὶ
1161 693 1199 761 ἡ
1228 694 1430 749 ἀσιτία
1467 697 1535 751 τὸ
1586 700 1745 754 πολὺ

189 774 342 843 μέρος
367 776 707 845 ἐξέστησεν
726 795 740 810 ·
775 780 1065 849 τραπέζης
1098 782 1168 837 δὲ
1194 791 1615 858 μετασχοῦσα,
1647 792 1746 847 καί

188 867 571 936 ἁταθυνθεῖσα
598 869 715 937 τὴν
749 871 1020 940 καρδίαν,
1054 876 1275 944 ἑαυτῆς
1315 881 1453 949 ἔσῃ,
1498 883 1597 936 καὶ
1641 886 1746 939 τὸν

189 962 349 1027 γόητα
378 959 594 1014 τοῦτον
620 960 812 1030 ἄνδρα
835 966 933 1018 καὶ
959 968 1250 1037 πονηρὸν,
1277 972 1359 1037 ὡς
1387 973 1626 1041 ἀλήτην
1645 977 1743 1032 καὶ

190 1052 405 1105 πλάνον
446 1054 925 1125 ἀποσεισαμένη.
953 1060 1141 1128 οὕτως
1190 1065 1433 1131 τελείως·
1484 1067 1744 1139 ἀνακάμ-

191 1147 306 1213 grate
334 1144 481 1213 ήμῖν
505 1162 518 1176 ·
559 1147 657 1200 καὶ
696 1150 805 1202 τὸν
832 1153 1112 1220 γαμεταῖς
1141 1156 1533 1225 προσήκοντα
1558 1162 1745 1216 πόθον

189 1237 317 1305 πρὸς
368 1237 529 1307 ἡμᾶς
584 1240 1085 1314 ἀνανεωσαμένη,
1141 1247 1255 1316 τῆς
1301 1253 1744 1323 νενομισμένης

190 1331 384 1384 αὐτίκα
409 1333 827 1402 συγκυρήσεις
849 1339 1109 1405 ὁμιλίας.
1619 1419 1653 1429 Δ

246 1422 303 1476 Τί
328 1422 421 1476 οῦν
469 1425 505 1493 ἡ
542 1426 844 1494 παρθένοςς
879 1425 968 1499 ἆρ’
1004 1430 1271 1501 ἐπέϐλεψε
1316 1432 1455 1504 πρὸς
1492 1436 1593 1509 τὴν
1619 1422 1741 1509 ’μηο

190 1515 339 1583 τέρας
374 1510 485 1585 ἄρα
509 1517 588 1586 τῷ
624 1519 887 1588 μνήστορι
942 1522 1279 1592 προσέσχεν;
1316 1520 1428 1591 ἆρά
1458 1544 1603 1592 τινος
1631 1529 1742 1581 τῶν

189 1603 381 1656 οἰκείων
416 1605 449 1675 ἦ
483 1606 652 1674 φίλων
685 1609 1002 1679 ήττηθεῖσα,
1050 1612 1112 1666 τὸ
1142 1612 1242 1681 τῆς
1291 1615 1607 1685 ἀκροάσεως
1650 1619 1741 1672 ὲν-

190 1699 463 1769 τεταμένον
499 1701 873 1771 ὑπεχάλασεν;
905 1703 1173 1773 υύδαμῶς
1193 1719 1207 1734 ·
1236 1704 1427 1777 ὥσπερ
1450 1708 1507 1761 δὲ
1535 1709 1741 1779 ὀρνέων

192 1795 333 1863 ἠχὴν,
363 1797 395 1866 ἥ
424 1799 697 1867 σωμάτων
718 1799 944 1870 ἀψύχων
969 1798 1143 1868 ψόφον
1173 1803 1271 1864 τὰς
1298 1806 1552 1869 τοιαύτας
1580 1807 1740 1877 ἡγου-

1849 615 2021 671 henso
2055 617 2222 673 linteo
2273 621 2341 674 ad
2392 640 2558 694 seque
2608 626 2851 694 trahens,
2916 630 3103 704 Surge,
3164 637 3415 706 edamus,

1848 707 2045 772 aiebat,
2078 710 2215 777 forte
2251 730 2365 766 vero
2393 716 2572 772 inedia
2618 736 2863 790 magnam
2910 736 3114 792 partem
3147 744 3419 799 stuporem

1846 799 2044 867 injecit.
2083 800 2181 855 Ubi
2224 812 2400 859 autem
2448 824 2637 864 mensa
2689 814 2977 883 particeps,
3047 818 3260 875 meliore
3297 823 3415 891 jam

1846 893 2023 944 animo
2059 893 2203 960 [acta
2237 897 2428 964 fueris,
2463 909 2555 954 tua
2580 903 2742 969 ipsius
2781 907 2906 971 eris,
2960 908 3200 979 hancque
3251 914 3417 969 virum

1845 982 2289 1051 prwstigiatorem
2341 1005 2404 1042 ac
2453 993 2850 1064 nequissimum,
2907 998 3043 1052 velut
3092 1000 3417 1059 seductorem

1844 1071 2161 1144 planumque
2195 1079 2520 1150 submovens,
2564 1087 2641 1138 sic
2679 1088 2905 1156 perfecte
2956 1092 3025 1145 ad
3053 1110 3148 1149 nos
3193 1097 3414 1160 redibis,

1846 1164 2247 1237 instauratoque
2284 1188 2463 1229 amore
2497 1177 2788 1247 conjugali,
2823 1191 3127 1237 consuetum
3158 1190 3417 1242 sermonis

1846 1270 1997 1309 usum
2024 1262 2271 1315 continue
2300 1268 2652 1333 recuperabis.

1917 1436 2056 1501 Quid
2109 1441 2274 1513 igitur
2315 1444 2522 1515 virgo?
2570 1447 2707 1503 Num
2754 1452 2819 1507 ad
2850 1462 3077 1508 matrem
3135 1458 3420 1525 respexit?

1844 1522 1979 1579 Num
2025 1530 2090 1582 ad
2135 1547 2360 1599 procum
2397 1535 2640 1592 animum
2692 1544 2924 1597 attendit
2952 1545 2975 1597 ἲ
3001 1546 3140 1600 Num
3189 1549 3285 1602 ulli
3325 1565 3417 1604 ce-

1844 1614 1978 1672 dens
2020 1622 2459 1678 necessariorqu
2498 1635 2593 1680 aut
2628 1631 2954 1697 amicorum,
3005 1636 3225 1691 auditus
3269 1639 3415 1708 rigo-

1845 1718 1955 1757 rem
2003 1706 2318 1763 relaxavit?
2346 1710 2704 1785 Nequaquam
2738 1734 2753 1783 ;
2789 1721 2881 1773 sed
2929 1721 3079 1774 velut
3125 1706 3413 1791 passercu-

1846 1794 2021 1848 lorum
2075 1798 2336 1856 stridulas
2396 1820 2579 1867 voces,
2642 1808 3077 1880 iuauimiumque
3122 1828 3411 1882 corporum

333 1857 666 1957 προσλαλιίκ
690 1930 704 1953 ,
760 1857 865 1943 ὲαῖ
894 1857 1085 1963 ὥσπερ
1130 1892 1188 1946 δὲ
1230 1857 1458 1964 θάμνος,
1501 1857 1739 1971 ἢυτέέοτρα
1767 1857 1814 1917 Β

3124 1857 3411 1882 ν...,,.,.....,

1767 1857 1814 1917 Β
1843 1884 2110 1956 fragorem
2175 1889 2478 1947 istiusmodi
2532 1898 2696 1953 verba
2729 1900 3119 1971 alloqueutium
3168 1906 3412 1975 ducens;

193 1976 455 2051 βαθύριζος
479 2022 495 2045 ,
530 1983 643 2044 τοῖς
676 1981 928 2037 ἕλκουσιν
958 1983 1057 2054 οὐχ
1102 1986 1344 2056 ἑπομένη
1369 2026 1385 2051 ,
1431 1988 1600 2060 μόνης
1631 1991 1740 2045 τῶν

191 2068 338 2136 λέγων
388 2071 604 2125 Παύλου
650 2073 752 2143 τῆς
784 2074 1005 2146 χάριτος
1035 2076 1095 2129 ὲν
1139 2079 1385 2152 ἠρεμαίᾳ
1429 2080 1521 2135 νοῦ
1570 2100 1741 2138 κατα-

191 2163 367 2231 στάσει,
390 2166 485 2218 καὶ
518 2165 871 2238 συναισθήσει
898 2169 1169 2241 κατηκουε
1196 2170 1393 2242 ψυχῆς.

248 2342 347 2395 Καὶ
390 2337 461 2413 ἦν
507 2345 659 2411 ἀξιον
725 2349 898 2415 ὅντως
941 2351 1003 2406 τὸ
1055 2353 1347 2425 γινόμενον
1404 2356 1737 2428 ἐκπλήξεως.

189 2433 420 2506 Τρυφερά
454 2440 616 2511 κόρη,
669 2443 938 2516 ἀμυθήτῳ
964 2446 1153 2501 κάλλει
1183 2449 1278 2503 καὶ
1309 2449 1604 2520 ὡραιότητι
1635 2452 1740 2506 σώ-

190 2544 333 2594 ματος
360 2531 543 2594 πάσας
579 2534 888 2605 ἀνθρώπων
914 2538 1015 2603 τὰς
1064 2540 1376 2611 θυγατέρας
1405 2545 1738 2612 παρευδοκι-

189 2617 358 2684 μοῦσα,
401 2621 459 2673 ὲν
491 2622 644 2692 αύτῷ
668 2624 770 2693 τῆς
815 2625 1030 2696 ἡλικίας
1056 2629 1136 2699 τῷ
1172 2629 1347 2693 ἄνθει,
1375 2631 1435 2683 ὲν
1467 2630 1603 2702 αὐτῇ
1639 2633 1734 2701 τῆς

186 2709 406 2777 mmo;
450 2714 519 2782 τῇ
562 2713 713 2784 ἀκμῇ
736 2731 750 2745 ο
811 2717 903 2769 καὶ
934 2718 1044 2789 γὰρ
1080 2713 1150 2788 ἦν
1177 2719 1484 2790 ἐπίγαμος,
1519 2723 1599 2785 είς
1640 2723 1739 2792 ὲφο

186 2796 326 2865 ἠϐους
346 2801 445 2871 ἤδη
469 2803 719 2858 τελοῦσω
743 2810 836 2860 καὶ
865 2808 1025 2880 αῦτη,
1056 2811 1193 2881 μήτε
1224 2812 1466 2881 Γραφαῖς
1493 2831 1731 2884 προπαι-

184 2888 419 2956 daresi“,
468 2898 609 2966 μήτε
638 2901 791 2969 νόμῳ
815 2901 951 2954 Θεοῦ
976 2904 1071 2956 καὶ
1116 2907 1429 2975 προφήταις
1455 2908 1731 2975 παιδαγω-

184 2984 380 3051 γηθείσα
399 3027 413 3050 ,
446 2989 527 3051 ὡς
556 2992 718 3059 μόνον
748 2994 849 3063 τῆς
881 2996 1246 3065 εύαγγελικῆς
1278 2996 1550 3069 ὲπῄσθετο
1577 3001 1735 3069 φθογο

183 3076 284 3144 γῆς.
310 3081 396 3131 καὶ
426 3080 636 3152 ταύτης
660 3084 721 3136 ού
757 3087 877 3138 κατ’
925 3088 1165 3149 εὐθεῖαν,
1216 3087 1332 3140 ἀλλ’
1382 3091 1445 3142 ὲκ
1498 3091 1733 3158 πλαγίας

185 3166 254 3217 ἐπ’
295 3168 455 3240 αὐτὴν
498 3171 709 3242 ἰούσης,
770 3174 961 3245 ἐξέστη
996 3176 1097 3245 μὲν
1142 3180 1380 3249 στοργῆς
1412 3182 1728 3251 μητρικῆς·

184 3257 345 3327 ὲξέστη
393 3261 448 3314 δὲ
482 3265 665 3334 πάσης
699 3267 998 3337 ἐπιθυμίας
1056 3272 1280 3338 σαρκός.
1317 3271 1391 3324 Ού
1440 3274 1601 3340 μόνον
1649 3273 1727 3339 δὲ,

182 3350 292 3403 ἀλλὰ
318 3355 406 3406 καὶ
436 3356 641 3425 ἑαυτῆς
673 3358 915 3412 ἑκστᾶσα
947 3360 1024 3431 τῷ
1051 3362 1346 3432 πνεύματι,
1395 3365 1487 3417 καὶ
1523 3365 1732 3436 διανοίᾳ

180 3442 369 3513 καθαρᾷ
398 3448 492 3498 καὶ
532 3448 848 3519 πιστοτάτῳ
873 3449 954 3503 νοτ
979 3492 994 3515 ,
1024 3450 1117 3505 τὸν
1167 3452 1626 3520 εύαγγελισθὲντα
1654 3454 1730 3507 λό-

179 3548 254 3597 γον
281 3536 433 3601 εὐθὺς
463 3539 825 3610 εἰσίεξαμὲνη
850 3557 864 3571 ·
926 3544 986 3595 ὲν
1034 3544 1203 3615 ἑαυτῇ
1235 3546 1290 3599 δὲ
1325 3546 1514 3600 τοῦτον
1574 3547 1732 3616 ἑδρά-

180 3641 316 3692 ςασα,
348 3630 438 3682 καὶ
479 3630 810 3699 ἑδρασθεῖσα
845 3633 1058 3702 παγίως
1090 3636 1149 3688 ὲν
1179 3636 1365 3707 αὐτῷ,
1416 3637 1599 3708 ὡρᾶτο
1631 3638 1731 3707 μὲν

179 3718 251 3768 ἐπὶ
275 3720 367 3787 γῆς
398 3716 558 3781 οὖσα,
592 3724 708 3785 τοῖς
741 3722 893 3777 οὖσιν
922 3726 987 3777 ὲκ
1032 3728 1133 3796 γῆς
1155 3742 1168 3755 '
1203 3723 1272 3796 ἦν
1302 3727 1360 3780 δὲ
1395 3730 1452 3781 ἐν
1478 3731 1730 3800 οὐρανοῖς

178 3812 379 3883 ἀληθῶς,
410 3820 504 3869 καὶ
538 3818 653 3869 τῶν
685 3819 847 3887 ἱερῶν
888 3820 1105 3873 Παύλου
1159 3821 1380 3889 λογίων,
1416 3824 1491 3887 ὡς
1525 3826 1589 3877 ἐκ
1633 3826 1729 3879 τοῦ

176 3907 541 3979 ὑπερουρανίου
588 3910 729 3963 Θεοῦ
790 3912 1199 3975 κατακούσασα,
1264 3917 1521 3984 οὐδεμιᾶς
1572 3919 1726 3987 ῂξίου

176 4003 276 4060 τὼς
312 4002 416 4054 ἀπὸ
458 4003 565 4071 γῆς
597 4003 912 4071 φωνοῦντας
946 4006 1303 4075 ἑπιστρνιφῆς.
1338 4009 1446 4061 Καὶ
1476 4008 1727 4081 καθάπερ

176 4090 306 4155 ἡμεῖς
340 4095 466 4163 περὶ
499 4094 614 4146 τῶν
672 4095 985 4161 ἀναγκαίων
1020 4096 1165 4159 τινὸς
1222 4098 1359 4168 πρὸς
1392 4099 1502 4152 τῶν
1555 4102 1726 4172 ύπερ-

175 4183 371 4249 εχόντων
421 4188 586 4257 ἡμῶν
655 4187 1196 4259 παραγγελλόμενα,
1276 4192 1485 4261 νηπίων
1555 4194 1725 4247 ἐνίοτε

176 4274 611 4346 ταραληρούντων
655 4278 930 4349 εἰώθαμεν
958 4285 1355 4352 παραφρονεῖν,
1388 4284 1475 4337 ἵνα
1519 4286 1593 4356 μὴ
1630 4285 1724 4340 τοῦ

174 4364 445 4432 κρείττονος
490 4368 660 4435 λόγου
716 4368 1146 4440 διαμάρτωμεν’
1180 4371 1356 4435 οὕτως
1399 4375 1432 4444 ἡ
1483 4376 1724 4447 μακαρία

179 4458 433 4525 παρθένος,
484 4462 616 4515 ὅλον
646 4461 969 4530 ἀκραιφνῶς
996 4463 1086 4516 διὰ
1114 4464 1461 4537 θερμοτάτης
1486 4466 1725 4531 πίστεως

1840 1976 1937 2033 sed
1983 1986 2039 2033 et
2071 1979 2211 2035 sicut
2255 1982 2597 2053 fruticetum,
2635 2001 2730 2044 aut
2773 2002 2923 2060 petra
2978 1996 3086 2051 alta
3168 1999 3413 2053 radicata

1841 2070 2031 2139 humo,
2081 2076 2384 2132 trahentem
2428 2096 2533 2134 non
2572 2086 2845 2153 sequitur,
2901 2089 3072 2142 solam
3121 2091 3411 2146 verborum

1841 2158 1992 2217 Pauli
2059 2167 2310 2235 gratiam,
2374 2174 2672 2243 tranquillo
2748 2178 2947 2232 mentis
3024 2189 3168 2234 statu
3250 2191 3415 2252 atque

1841 2254 2009 2309 animi
2037 2272 2201 2311 sensu
2236 2262 2512 2319 audiebat.

1915 2347 2153 2417 Eratque
2190 2366 2321 2407 sane
2358 2357 2501 2424 quod
2536 2360 2826 2428 gerebatur
2864 2364 3160 2432 ejusmodi,
3195 2373 3254 2419 ut
3292 2378 3411 2421 stu—

1840 2451 2027 2506 porem
2072 2442 2270 2495 merito
2334 2444 2625 2514 ingereret.
2680 2449 2883 2522 Nempe
2928 2456 3104 2523 puella
3156 2457 3409 2522 delicata,

1839 2526 2104 2585 immensa
2124 2531 2535 2591 pulchritudine
2560 2553 2624 2592 ac
2647 2543 2895 2610 corporis
2918 2555 3201 2601 venustate
3221 2561 3412 2603 oumrs

1837 2616 2121 2674 hominum
2146 2621 2287 2679 ﬁlias
2318 2625 2477 2697 longe
2507 2644 2796 2699 superans,
2830 2634 2882 2687 iu
2916 2636 3033 2703 ipso
3054 2639 3233 2692 aetatis
3259 2638 3410 2703 ﬂore,

1838 2705 1891 2759 in
1927 2709 2044 2776 ipso
2070 2710 2381 2776 iuventutis
2406 2717 2590 2787 vigore
2612 2722 2834 2789 (etenim
2868 2726 3021 2794 virgo
3046 2730 3245 2785 nuhilis
3269 2741 3404 2794 erat,

1836 2797 1982 2853 inter
2019 2804 2261 2871 ephebos
2297 2806 2408 2876 jam
2443 2812 2784 2881 constituta),
2830 2816 3053 2887 haecque
3089 2822 3245 2884 adeo,
3285 2840 3410 2879 cum

1835 2905 1937 2945 nec
1984 2904 2112 2948 ante
2147 2896 2449 2968 Scripturis
2493 2905 2708 2959 erudita
2752 2908 2965 2977 fuisset,
3017 2928 3115 2967 uec
3170 2914 3260 2968 Dei
3294 2917 3412 2985 lege

1836 2989 1998 3049 atque
2021 2987 2299 3055 prophetis
2337 2990 2590 3046 instituta
2613 3036 2628 3059 ,
2664 2997 2751 3049 ubi
2791 2999 2965 3054 solum
3002 3002 3277 3074 Evangelii
3314 3023 3410 3061 so-

1835 3085 1963 3124 num
2016 3079 2279 3146 percepit,
2316 3094 2551 3151 eumque
2587 3101 2695 3139 nou
2742 3098 2909 3151 reda,
2944 3091 3038 3144 sed
3084 3107 3149 3146 ex
3186 3095 3410 3164 obliquo

1832 3165 1899 3217 ad
1930 3183 2048 3221 eam
2079 3171 2403 3236 venientem,
2441 3187 2684 3232 materna
2715 3183 2976 3235 continuo
3004 3187 3239 3241 excessit
3262 3203 3407 3241 amo-

1838 3258 1910 3310 ris
1938 3259 1986 3311 vi
2024 3276 2038 3322 ;
2071 3263 2217 3315 omni
2250 3280 2377 3319 vero
2397 3270 2581 3322 carnis
2600 3269 2898 3341 cupiditate.
2922 3279 3160 3331 excessit
3186 3295 3197 3329 :
3233 3294 3408 3349 neque

1836 3348 1887 3402 id
1917 3352 2116 3418 solum,
2153 3355 2247 3409 sed
2276 3365 2329 3411 et
2363 3358 2476 3427 ipsa
2497 3363 2674 3431 seipsu
2707 3368 2974 3421 excedens
3003 3370 3218 3439 spiritu,
3253 3388 3406 3427 men-

1835 3449 1995 3510 teque
2033 3458 2165 3513 pura
2204 3461 2266 3501 ac
2307 3448 2623 3507 ﬁdelissimo
2674 3458 2877 3519 animo,
2916 3475 3079 3528 quam
3117 3462 3402 3527 audierat,

1831 3536 2015 3587 statim
2048 3549 2265 3609 arrepta
2298 3540 2569 3606 doctrina,
2604 3555 2768 3616 atque
2804 3549 2949 3602 illius
2988 3552 3110 3605 siuu
3155 3552 3262 3606 alie
3292 3554 3405 3607 cel-

1833 3625 2028 3693 locnta,
2067 3630 2291 3700 ipsaque
2330 3637 2383 3689 in
2418 3636 2505 3690 illa
2534 3637 2760 3693 firmiter
2789 3644 3156 3709 constabilita,
3188 3646 3405 3700 videba-

1830 3727 1920 3770 tur
1942 3720 2160 3787 quidem
2197 3724 2249 3778 in
2283 3736 2425 3779 terra
2452 3732 2677 3791 versari.
2710 3731 2795 3787 liis
2824 3737 2914 3802 qui
2945 3745 3099 3789 erant
3120 3736 3186 3790 de
3213 3747 3355 3791 terra
3385 3780 3401 3803 ,

1831 3826 1957 3865 vere
2002 3822 2181 3868 tamen
2220 3816 2274 3870 in
2325 3820 2478 3874 cmlis
2532 3824 2873 3889 versabatur,
2929 3828 3209 3898 sacrisque
3250 3827 3403 3885 Pauli

1830 3901 2063 3971 eloquiis
2091 3908 2236 3960 velut
2270 3924 2333 3963 ex
2370 3914 2749 3981 superctelesti
2801 3916 2908 3971 Deo
2937 3918 3161 3982 auditis,
3210 3936 3277 3975 ne
3321 3924 3405 3977 vel

1832 3994 2115 4049 minimum
2146 4002 2392 4055 converti
2427 4003 2491 4056 ad
2524 4019 2619 4059 eos
2642 4005 2989 4077 dignabatur,
3016 4011 3108 4079 qui
3136 4014 3405 4069 vocabant

1830 4089 1898 4143 de
1929 4098 2093 4147 terra.
2126 4093 2204 4147 Ac
2230 4096 2375 4149 sicut
2416 4113 2537 4162 nos,
2570 4101 2697 4155 dum
2738 4118 2765 4155 a
2803 4104 2938 4160 viris
2972 4108 3312 4177 principibus
3341 4127 3405 4168 ac

1831 4182 2137 4250 majoribus
2186 4192 2614 4245 necessariorum
2663 4196 2941 4265 quidpiam
2989 4199 3277 4269 jubenmr,
3322 4204 3407 4258 in-

1829 4274 2060 4331 fantium
2104 4281 2433 4350 quandoque
2486 4301 2659 4353 nugas
2704 4303 2766 4343 ac
2807 4288 3002 4345 deliria
3052 4305 3405 4353 contemnere

1827 4367 2086 4431 solemus,
2112 4386 2177 4423 ue
2196 4387 2290 4439 per
2309 4375 2396 4425 illa
2418 4375 2641 4443 majoris
2661 4383 2915 4434 momenti
2940 4398 3248 4439 sermonem
3290 4403 3397 4442 non

1827 4460 1961 4512 satis
1992 4475 2352 4530 assequamur
2386 4481 2400 4529 ;
2438 4467 2518 4520 sic
2550 4469 2701 4521 beata
2730 4471 2904 4541 virgo,
2940 4488 3060 4543 qua:
3083 4484 3254 4530 totum
3284 4479 3402 4534 sin-

173 4546 472 4621 ἑλὶαῦιιμένη
529 4551 630 4604 τὸν
663 4551 892 4624 Ἰησοῦν,
943 4554 1179 4619 συνετῶς
1226 4557 1323 4610 καὶ
1367 4559 1724 4619 πανευλαϐὦς
1752 4567 1801 4627 D

1752 4567 1801 4627 ι)
1827 4564 1951 4604 cere
1973 4550 2375 4611 ferventissimo
2400 4556 2503 4613 ﬁde
2527 4562 2691 4614 animi
2711 4562 2832 4617 sinu
2856 4568 3159 4635 accepisset
3187 4567 3396 4636 Jesum,

172 4635 323 4708 ἐπεῖχε
350 4641 428 4710 τῷ
460 4642 683 4697 ἐκείνου
732 4645 936 4715 κήρυκι
985 4646 1046 4699 τὸ
1079 4642 1193 4710 οῦς,
1249 4648 1338 4702 ἵνα
1384 4651 1498 4714 τοῖς
1556 4650 1723 4705 αὐτοῦ

172 4726 354 4796 inim,
378 4734 439 4786 τὸ
469 4734 567 4788 τοῦ
605 4736 949 4803 γνωσθέντος
989 4739 1127 4809 αὐτῇ
1158 4738 1293 4793 Θεοῦ
1319 4741 1531 4813 θέλημα
1561 4743 1724 4811 γνοῦ-

175 4836 241 4879 ει.
264 4826 348 4876 καὶ
379 4825 544 4880 τοῦτο
589 4829 1091 4901 καταπραξαμένη,
1150 4832 1369 4903 βέϐαιον
1424 4835 1587 4906 ἑαυτῇ
1627 4840 1723 4891 καὶ

172 4912 397 4979 ἄτρεπτον
424 4918 487 4972 τὸ
520 4918 784 4988 οὐράνιον
818 4920 1023 4989 ἀγαθὸν
1051 4922 1456 4995 διατηρήσειεν.

1580 5028 1609 5048 κ

220 5095 568 5170 Σωῳροσύνην
624 5102 757 5168 γοῦν
782 5101 879 5154 καὶ
916 5102 1250 5173 ἐγκράτειαν
1271 5146 1287 5170 ,
1320 5106 1591 5176 ἀκτησίαν
1626 5110 1721 5161 καὶ

172 5187 462 5256 παρθενίαν,
522 5193 721 5245 πίστιν
757 5210 817 5246 τε
852 5194 947 5247 καὶ
972 5195 1217 5267 ἀγάπην,
1272 5196 1348 5260 ὡς
1398 5198 1722 5267 βεσαιοῦντα

171 5276 352 5355 Χριστῷ
387 5286 485 5357 τὴν
517 5286 709 5357 ψυχὴν
741 5288 1100 5346 ὲπακούσασα
1135 5289 1553 5360 μακαριζόμενα
1574 5333 1588 5354 ,
1624 5292 1717 5362 ερ-

172 5386 260 5437 τοις
286 5378 473 5433 αὐτίκα
511 5380 616 5433 καὶ
650 5379 945 5450 πράξεσιν,
989 5382 1089 5453 τὴν
1122 5382 1277 5452 ἱερὰν
1328 5383 1522 5455 μετῄει
1572 5384 1719 5438 διδα-

173 5464 276 5531 ιήν·
304 5471 394 5522 καὶ
439 5474 543 5540 τῆς
583 5472 919 5538 ἐγκρατείας
962 5474 1301 5543 περιείχετο,
1352 5475 1446 5528 καὶ
1476 5478 1541 5545 τῇ
1574 5492 1719 5548 παρ-

174 5551 290 5637 θενίᾳ
318 5562 697 5630 προσεφύετο,
732 5563 825 5616 καὶ
858 5565 960 5633 τὴν
989 5566 1259 5634 ἀκτησίαν
1298 5564 1615 5637 ᾐρετίζετο·
1647 5567 1714 5620 δι’

173 5634 227 5697 ὧν
250 5650 318 5713 είς
342 5653 525 5708 πίστιν
552 5652 659 5707 τοῦ
697 5654 1069 5724 ἀγαπωμένου
1112 5634 1516 5727 κραταιουμένη
1580 5658 1714 5728 Χρι-

175 5736 289 5803 στοῦ,
314 5743 622 5815 ἔκπληκτος
660 5746 760 5817 μὲν
793 5747 964 5802 ἐδόκει
1007 5750 1120 5813 τοῖς
1164 5752 1245 5813 είς
1276 5750 1446 5819 αὐτὴν
1475 5750 1710 5822 ὁρῶσιν,

175 5826 245 5901 ὅλη
269 5831 318 5887 δὲ
345 5834 446 5909 ἄρα
478 5833 551 5911 ἧν
587 5837 874 5907 ὲξεστῶσα
899 5842 965 5911 τῇ
994 5839 1199 5915 θεωρίᾳ
1226 5839 1319 5896 τοῦ
1350 5840 1511 5896 Θεοῦ.

1830 4644 2123 4710 prudenter
2151 4648 2411 4714 omnique
2431 4654 2731 4705 reverentia
2754 4670 2816 4709 ac
2839 4656 3101 4725 religione
3126 4659 3247 4728 ejus
3261 4677 3400 4731 prae-

1826 4736 1948 4790 coni
1998 4752 2185 4792 aurem
2246 4741 2542 4810 praebebat,
2582 4752 2639 4798 ut
2688 4745 2835 4802 illius
2886 4748 3138 4817 eloquiis,
3176 4751 3267 4806 Dei
3322 4754 3398 4810 illi

1825 4828 2025 4907 cogtuti
2078 4833 2292 4899 cognita
2350 4835 2646 4899 voluntate,
2696 4852 2927 4907 ean-que
2995 4854 3253 4896 exsecuta
3307 4844 3399 4898 lir-

1825 4894 1981 4974 muui
2016 4921 2119 4975 sibi
2161 4939 2223 4976 ac
2259 4924 2536 4981 immobile
2566 4926 2793 4982 cmleste
2831 4930 3032 4985 bonum
3077 4949 3298 4991 servare
3333 4936 3400 4990 li-

1824 5020 1992 5065 ceret.

1892 5100 2211 5158 Castitatem
2261 5107 2428 5177 igitur
2459 5116 2515 5163 et
2544 5111 2963 5174 continentiam.
3018 5129 3392 5186 paupertatem

1821 5201 1875 5248 et
1918 5196 2309 5265 virginitatem,
2352 5202 2622 5271 fidemque
2658 5216 2710 5261 et
2738 5206 3060 5263 charitatem
3106 5211 3393 5280 praedicari

1821 5288 2072 5355 audiens,
2110 5301 2168 5345 ut
2193 5308 2314 5362 quze
2344 5294 2567 5349 Christo
2595 5298 2836 5351 animum
2864 5302 3093 5355 firmiter
3122 5303 3395 5374 astringe-

1819 5387 1962 5437 rent,
1990 5394 2153 5448 opere
2183 5384 2365 5436 statim
2396 5399 2457 5438 ac
2481 5387 2692 5441 actione
2724 5402 2937 5442 sacram
2971 5393 3160 5447 colens
3186 5394 3394 5447 doctri-

1819 5484 1966 5533 nam,
2004 5473 2357 5527 continentia:
2401 5476 2674 5544 studebat,
2711 5492 2774 5531 ac
2808 5479 3104 5550 virginitati
3147 5484 3388 5537 animum

1818 5561 2133 5623 adhibebat,
2163 5572 2325 5633 atque
2354 5577 2726 5635 paupertatem
2768 5572 2872 5625 sibi
2915 5573 3223 5641 deligeliat:
3267 5581 3391 5643 qui-

1818 5655 1919 5709 hus
1949 5655 2001 5708 in
2020 5654 2225 5710 Christi
2254 5658 2549 5726 praedileeti
2576 5661 2830 5717 roborata
2861 5664 2986 5723 ﬁde.
3014 5677 3237 5735 stupore
3265 5683 3385 5724 eor

1816 5756 1965 5815 repta
1998 5756 2165 5818 atque
2198 5749 2400 5817 percita
2437 5754 2795 5807 cernentibus
2832 5756 2885 5809 in
2918 5771 3038 5811 eam
3076 5758 3387 5827 videbatur,

1814 5854 1939 5893 cum
1974 5839 2161 5911 utique
2194 5839 2288 5897 Dei
2325 5844 2787 5914 contemplatione
2819 5856 2931 5904 tota
2963 5850 3316 5909 excessisset.
