4180 6434
745 415 843 480 311

745 636 937 690 traque
967 633 1019 677 et
1051 621 1236 678 l'u‘rore
1268 625 1541 694 impletur.
1581 626 1861 695 Ejusmodi
1899 631 2044 683 enin.
2081 641 2164 684 est
2198 649 2321 684 cor-

745 713 895 779 poris
923 712 1210 781 pliiltrum.
1247 713 1506 780 Quandiu
1532 719 1751 786 quidem
1779 721 1930 774 adest
1957 724 2100 790 quod
2139 726 2190 775 in
2224 724 2319 778 de-

747 803 886 856 liciis
931 815 1038 866 est,
1099 807 1245 860 velut
1273 807 1414 876 ignis
1447 809 1595 865 illius
1647 812 1944 882 cupiditate
1979 817 2316 881 accenditur,

745 894 889 961 quod
927 897 1100 949 artiori
1130 897 1402 962 habetur;
1435 901 1518 954 sin
1539 911 1718 955 autem
1745 903 2055 959 desiderato
2091 905 2318 959 frustre-

745 997 858 1051 tur,
891 998 1101 1042 mutata
1145 993 1330 1045 statim
1359 997 1632 1060 passione,
1669 997 1923 1052 desiderii
1949 997 2220 1052 ﬂammam
2259 1001 2314 1054 in

747 1078 841 1134 irae
883 1080 1060 1150 ignem
1104 1085 1373 1149 accendit,
1411 1086 1677 1142 adversus
1706 1105 1828 1143 eum
1871 1092 1962 1160 qui
2000 1091 2146 1145 illius
2175 1093 2316 1144 inhi-

747 1176 872 1225 bere
894 1174 1246 1241 cupiditatem
1271 1179 1642 1235 existimatur.
1672 1180 1761 1234 Sic
1791 1193 1842 1234 et
1864 1183 1952 1237 ille
1970 1183 2317 1238 aunulatione

741 1271 1028 1325 exaestuat,
1065 1262 1218 1328 furit,
1262 1265 1518 1334 iujuriam
1551 1271 1820 1338 queritur,
1861 1271 2190 1334 incenditur,
2235 1283 2318 1328 to-

744 1361 972 1421 tumque
1006 1356 1296 1410 succendit
1348 1358 1590 1411 Iconium
1619 1402 1632 1422 ,
1679 1377 2006 1432 onmemque
2059 1365 2318 1434 populum

741 1445 1007 1511 civitatis,
1039 1461 1101 1500 ac
1129 1450 1302 1501 turb-.e
1331 1465 1547 1504 onmem
1569 1452 1831 1509 adversus
1848 1471 1970 1508 eum
1995 1457 2316 1512 concionem

741 1538 907 1607 cogit,
945 1555 974 1591 a
1005 1555 1115 1608 quo
1153 1541 1314 1596 laesus
1361 1543 1564 1612 injuria
1597 1547 1900 1601 videbatur.
1952 1548 2050 1602 Ubi
2100 1550 2317 1604 diluxe-

744 1638 846 1692 rat,
891 1628 1221 1700 Onesiphori
1257 1633 1478 1688 domum
1516 1637 1793 1708 irrumpit,
1846 1641 2088 1710 injuriis,
2129 1644 2316 1708 minis,

743 1722 1051 1776 maledictis
1087 1740 1310 1792 procax,
1349 1728 1667 1796 turpissime
1704 1731 1928 1785 Paulum
1971 1749 2030 1788 se
2061 1735 2319 1787 multatu—

743 1827 861 1863 IUIII
889 1811 1084 1880 jurans
1113 1831 1127 1875 ;
1165 1815 1384 1869 trahens
1421 1818 1659 1885 primum
1687 1820 1740 1874 in
1781 1822 1956 1876 lorum
1987 1831 2040 1876 et
2067 1824 2133 1876 ad
2167 1824 2317 1893 prin-

741 1905 892 1973 cipes
931 1906 1184 1968 civitatis,
1231 1921 1434 1978 pestem
1472 1927 1596 1965 eum
1652 1931 1918 1971 accusans
1965 1933 2028 1972 ac
2075 1919 2316 1975 civitatis
2349 1905 2390 1960 Β

742 2010 1120 2068 corruptorem
1152 2018 1165 2066 ;
1222 2003 1401 2058 adhuc
1432 2022 1559 2059 vero
1595 2009 1759 2062 etiam
1799 2009 1939 2078 ejus,
1980 2027 2100 2080 qua:
2125 2013 2200 2066 illi
2231 2013 2317 2068 de-

741 2101 999 2154 sponsata
1027 2101 1172 2144 esset
1207 2095 1492 2158 ;eumdem
1531 2107 1714 2165 postea
1749 2101 1911 2153 etiam
1938 2101 2001 2154 ad
2032 2104 2316 2170 pra-sidem

741 2183 970 2235 ducens.
994 2184 1259 2253 Quodque
1279 2198 1528 2240 coactum
1551 2188 1818 2256 judicium
1842 2202 1980 2255 erat,
2010 2208 2319 2264 prmsesque

744 2291 840 2342 pro
871 2277 1129 2329 tribunali
1155 2277 1398 2342 sedebat,
1434 2294 1498 2332 ac
1527 2293 1720 2348 praesto
1750 2283 1967 2352 judices
2002 2301 2317 2342 assessores

742 2377 920 2427 erant,
968 2369 1316 2437 populusque
1358 2371 1732 2428 circumfusus
1786 2377 1988 2429 stabat.
2027 2393 2090 2431 ac
2139 2393 2318 2446 pra-co

743 2462 1018 2515 silentium
1059 2464 1355 2527 indicebat,
1404 2466 1714 2536 Paulusque
1773 2470 2048 2525 adductus
2078 2472 2130 2524 iu
2166 2472 2318 2540 judi-

742 2552 887 2605 cium
912 2564 1049 2617 erat,
1079 2553 1367 2626 Thamyris
1399 2572 1670 2613 accusans
1709 2560 1819 2612 ait:

816 2645 930 2699 Nec
991 2657 1219 2700 vestram
1267 2652 1593 2716 potentium,
1637 2654 2320 2722 inagni/icentissimamque

745 2741 932 2792 mentis
974 2741 1266 2805 solertiam,
1302 2759 1392 2795 nec
1427 2747 1764 2811 prwseutium
1807 2763 2120 2817 quemquam
2170 2750 2322 2819 igno-

746 2847 864 2883 rare
894 2832 1146 2888 arbitror.
1178 2849 1294 2900 qun:
1331 2850 1566 2887 mearum
1602 2852 1775 2888 rerum
1807 2848 1948 2890 sunt.
1987 2837 2146 2892 Scitis
2180 2856 2319 2902 vero,

744 2939 852 2976 tum
886 2925 1013 2976 mihi
1044 2941 1208 2994 genus
1235 2924 1592 2994 splendidum,
1631 2939 1739 2981 tum
1782 2930 1930 3000 longe
1973 2947 2181 3000 gravem
2209 2951 2321 2987 esse

741 3015 1124 3077 substantiam,
1189 3015 1559 3084 honoremque,
1592 3019 1681 3086 qui
1709 3019 1816 3085 ipse
1853 3036 2010 3086 opum
2041 3020 2319 3089 afﬂuentia:

741 3106 960 3172 paribus
988 3105 1156 3159 modis
1182 3107 1517 3174 respondeat.
1549 3109 1763 3161 Accedit
1792 3119 1840 3162 et
1864 3110 2049 3178 forma:
2075 3124 2320 3168 venustas

742 3214 856 3262 ipsa
883 3199 1114 3266 elegans,
1133 3211 1424 3268 cunctaque
1446 3199 1704 3265 illustria,
1730 3218 1792 3253 ac
1806 3213 1995 3254 cuncta
2012 3205 2316 3270 cvnspicuu.

745 3291 817 3343 Ac
843 3309 904 3343 ne
938 3290 1102 3344 verbis
1132 3291 1418 3344 obtundere
1449 3293 1650 3355 videar,
1699 3309 1811 3345 utea
1855 3295 2030 3346 omnia
2059 3295 2319 3362 ejusmodi

742 3395 885 3446 sunt,
921 3397 972 3435 ut
995 3385 1178 3436 merito
1210 3401 1440 3438 amorem
1469 3387 1641 3436 cieunt
1671 3401 1731 3437 ac
1757 3386 2170 3440 armulationem.
2219 3388 2321 3440 Sed

741 3486 789 3528 et
827 3477 954 3528 milii
985 3491 1202 3528 uxorem
1232 3477 1508 3542 despondi.
1548 3475 1729 3528 Nostis
1754 3493 1933 3529 omnes
1965 3477 2274 3531 ’l'heocleam
2304 3494 2320 3539 ;

741 3571 854 3635 ejus
881 3571 1010 3637 [ilia'
1036 3571 1280 3622 addictus
1305 3587 1440 3622 sum.
1473 3569 1674 3622 Parata
1692 3570 1809 3637 jam
1835 3571 2011 3622 omnia
2042 3590 2054 3635 ;
2092 3581 2322 3638 tempus-

740 3680 836 3725 que
853 3665 1150 3730 nuptiarum
1174 3664 1376 3729 aderat,
1393 3683 1453 3717 ac.
1474 3674 1662 3717 cuncta
1687 3665 1754 3717 ad
1775 3682 1863 3717 eas
1883 3668 2324 3740 ambitioso-cultu

743 3758 1025 3808 instructu.
1063 3755 1286 3823 Repente
1321 3774 1439 3809 vero
1484 3756 1624 3809 malo
1661 3758 1812 3826 genio
1841 3758 1996 3810 homo
2028 3759 2126 3812 iste
2155 3761 2324 3813 homi-

743 3849 895 3900 nibus
928 3850 1059 3912 lues,
1087 3851 1316 3918 ini/iique
1335 3867 1445 3917 pra:
1465 3853 1666 3904 cunctis
1689 3852 1906 3904 exitium
1933 3852 2164 3919 (fabellis
2184 3855 2321 3907 enim

743 3942 929 3994 dilutis
982 3957 1171 3994 uxores
1222 3943 1552 4004 dementnns,
1601 3945 1825 4013 virgines
1875 3945 2166 4009 seducens;
2227 3948 2322 4000 Itas

743 4031 952 4096 quidem
984 4049 1085 4085 non
1108 4034 1234 4085 sinit
1267 4033 1515 4102 legitimis
1537 4036 1732 4097 nuptiis
1768 4037 1890 4090 viris
1918 4036 2177 4102 copulari,
2199 4038 2321 4092 illas

747 4141 862 4177 rero
904 4126 1037 4178 vivos
1093 4136 1420 4180 contemnere
1464 4128 1638 4195 facit),
1698 4146 1816 4182 cum
1880 4130 2117 4183 omnibus
2159 4141 2321 4184 etiam

745 4232 914 4268 meam
955 4216 1199 4270 Tlieclam
1223 4219 1455 4284 corrupit
1489 4236 1506 4282 ;
1548 4219 1790 4273 Tlieclum
1837 4221 1964 4273 mihi
2007 4238 2254 4288 sponsam
2289 4240 2322 4275 a

748 4321 878 4356 sima
917 4316 1084 4358 mente
1134 4306 1344 4374 dejecit.
1381 4305 1652 4369 Siquidem
1683 4311 1844 4379 igitur
1883 4312 2092 4364 sinatur
2133 4312 2218 4364 hic
2250 4313 2322 4365 vi-

747 4414 880 4455 rere,
909 4400 1349 4464 praestantissime
1377 4417 1590 4467 praeses,
1627 4419 1718 4456 nec
1743 4403 1918 4456 urbem
1942 4403 2220 4458 habiturus
2241 4421 2318 4460 es.

745 4486 993 4552 Corrupit
1016 4489 1278 4553 Iconium,
1305 4492 1455 4556 periit
1483 4501 1530 4543 et
1549 4493 1716 4544 omnis
1743 4494 2115 4546 circmnvicina
2137 4496 2277 4564 regio
2300 4510 2318 4547 :

743 4597 906 4649 neque
937 4582 990 4634 id
1022 4583 1200 4647 modo,
1233 4584 1322 4636 sed
1351 4593 1398 4637 et
1425 4587 1594 4637 omnis
1619 4588 1888 4654 provincia
1922 4597 2079 4656 atque
2110 4590 2319 4658 civitas,

742 4676 790 4727 si
820 4673 888 4726 ad
922 4674 1066 4728 illius
1101 4675 1226 4745 legis
1261 4677 1419 4729 ritum
1453 4694 1621 4731 mores
1654 4695 1962 4747 componere
1997 4681 2053 4734 in
2083 4683 2320 4736 animum

746 4766 988 4830 inducat,
1022 4767 1163 4819 haud
1192 4771 1411 4821 evaserit
1443 4772 1568 4838 quin
1600 4781 1828 4838 tempore
1863 4773 2146 4827 liberorum
2175 4775 2320 4828 orbi-

747 4872 853 4912 tale
881 4861 1124 4914 intereat.
1156 4859 1364 4914 Etenim
1400 4863 1443 4914 si
1478 4864 1675 4931 nuptiae
1710 4867 1762 4916 in
1794 4881 1956 4918 causa
1986 4878 2106 4939 sunt
2137 4878 2190 4919 ut
2225 4884 2317 4936 pe-

744 4969 898 5005 renne
932 4954 1002 5005 sit
1042 4954 1331 5006 humanum
1367 4972 1526 5023 genus
1566 4973 1628 5008 ac
1672 4961 1956 5026 generatio,
2002 4976 2219 5030 quicque
2255 4977 2321 5014 ea:

743 5046 867 5098 aliis
887 5047 1119 5099 aliorum
1148 5050 1410 5100 successio
1438 5059 1514 5101 est
1548 5067 1564 5112 ;
1614 5051 1864 5103 nimirum
1891 5053 2167 5108 cwlibatus
2193 5054 2320 5108 libe-

743 5153 924 5190 Torum
951 5138 1232 5193 orbitatem
1255 5140 1481 5194 inducit.
1523 5143 1852 5212 universique
1889 5146 2092 5212 generis
2132 5147 2316 5199 interi-

743 5245 852 5286 tum
880 5235 1055 5297 a/I'ert.

813 5460 928 5530 (6‘2)
969 5459 1080 5513 Τὸν
1139 5461 1532 5528 Ὀνησιφόρου
1568 5462 1899 5514 κατέλαϐεν
1932 5459 2120 5516 οἶκον.
2160 5462 2319 5517 Hunc

742 5530 1651 5598 OuesiphorumexistimatBarun.
1673 5532 1984 5601 ipsumessc
2003 5537 2136 5601 quia
2152 5537 2324 5588 Paulo

745 5603 1085 5674 nominatur,
1119 5619 1155 5655 Il
1189 5601 1472 5674 jatlrj'l‘itu.)
1502 5613 1555 5654 et
1589 5618 1671 5674 tv,
1694 5603 1895 5671 quique
1927 5606 2322 5674 martyrliabe-

747 5685 833 5724 tur
859 5674 910 5724 in
939 5670 1094 5725 Rcui.
1127 5672 1330 5727 tabulis
1373 5675 1402 5725 7
1437 5672 1586 5741 Sept.
1642 5673 1768 5724 Sola
1811 5670 2150 5740 conjectura
2214 5683 2320 5729 est.

746 5743 947 5795 Menam
985 5743 1075 5793 illo
1101 5743 1209 5804 die,
1243 5743 1521 5811 iungentia
1563 5741 1789 5807 Evodio,
1845 5747 2020 5808 primo
2067 5757 2187 5812 post
2219 5744 2320 5798 Pe-

746 5824 889 5863 trum
922 5813 1176 5885 Antioch.
1213 5817 1512 5885 episcopo:
1544 5813 1667 5885 Τὸν
1689 5813 1744 5864 δὲ
1821 5815 2198 5885 Ὀνησιφόρον,
2260 5816 2319 5868 ὃν

748 5884 802 5934 ὲν
831 5887 892 5952 τῇ
954 5883 1090 5954 πρὸς
1137 5883 1397 5953 Τιμόθεον
1437 5884 1723 5955 Ἐπιστολῇ
1762 5887 1789 5938 ὀ
1825 5883 2145 5952 unda-.010;
2179 5904 2314 5958 παρ-

1943 429 2234 488 ΝΙΕΕἨΕ
2275 431 2797 493 ΡΑΡιιιιουΝιε

813 533 954 597 Quid
989 534 1152 604 igitur
1180 533 1468 606 Thamyris
1495 539 1518 590 ‘.’
1545 537 1742 591 Amara
1802 541 1927 596 inde
1953 544 2319 606 atumlatione,
2350 558 2393 613 Α

3895 430 3999 492 312

2496 546 2559 596 Ti
2590 545 2682 596 οὖν
2724 547 2752 596 ὁ
2785 545 3066 613 Θάμυριςς
3116 543 3287 611 Ζήλου
3331 541 3552 611 πικροῦ,
3597 540 3769 610 θυμοῦ
3812 557 3868 592 τε
3905 545 3997 594 καὶ

2423 639 2590 707 ὀργῆς
2618 637 2868 688 ἐντεῦθεν
2899 635 3344 701 ἀναπίμπλαται·
3373 633 3612 687 τοιοῦτον
3655 635 3762 703 γὰρ
3790 635 3850 685 τὸ
3876 634 3998 701 φίλ-

2421 746 2550 797 τρον
2577 729 2671 781 τοῦ
2705 727 2957 798 σώματος
2980 747 2992 759 ·
3018 728 3124 790 ἕως
3151 728 3250 794 μὲν
3276 726 3342 778 ἂν
3372 729 3521 796 παρῇ
3544 725 3604 778 τὸ
3634 724 3996 795 καταθύμιον,

2421 823 2496 883 ὡς
2524 821 2636 890 πῦρ
2665 821 2985 874 ἀνακαίεται
3003 822 3069 890 τῇ
3094 820 3222 890 περὶ
3251 819 3314 870 τὸ
3338 818 3664 886 φιλούμενον
3690 819 3956 890 ἐπιθυμία
3980 838 3994 850 ·

2419 914 2666 983 ἀστοχῶν
2699 914 2756 966 δὲ
2808 913 2902 965 τοῦ
2941 913 3407 982 ὲπιθυμουμένου,
3445 911 3700 981 ἐνήλλαξε
3735 913 3796 965 τὸ
3826 913 4000 974 πάθος

2420 1004 2604 1071 εὐθὺς,
2637 1007 2730 1058 καὶ
2754 1006 2852 1076 τὴν
2873 1005 3048 1072 φλόγα
3070 1006 3170 1074 τῆς
3201 1005 3498 1074 ἐπιθυμίας
3525 1007 3606 1066 εἰς
3652 1005 3765 1074 πῦρ
3791 1005 4000 1074 ἀνῆψεν

2419 1097 2610 1166 ὀργῆς.
2637 1097 2776 1150 κατᾶ
2804 1097 2896 1150 τοῦ
2928 1097 3262 1151 ἀνακόπτειν
3294 1097 3460 1152 αὐτοῦ
3491 1098 3588 1167 τὴν
3620 1099 3804 1165 ἔφεσιν
3838 1116 3998 1167 νομι-

2420 1185 2687 1257 ζομένου·
2755 1187 2898 1242 οῦτω
2959 1190 3231 1252 κάκεῖνος,
3305 1188 3646 1257 ζηλοτυπεῖ.
3711 1189 4000 1258 μαίνεται,

2422 1277 2764 1348 ὐῦριοπαθεῖ,
2802 1279 3116 1344 ἐξάπτεται,
3148 1280 3242 1331 καί
3272 1280 3392 1332 ὅλον
3413 1280 3634 1344 ἐξάπτει
3665 1278 3726 1330 τὸ
3755 1281 4002 1342 Ἰκόνιον,

2421 1371 2516 1423 καὶ
2569 1369 2746 1423 πάντα
2797 1370 2890 1423 τὸν
2938 1373 3110 1443 δῆμον
3141 1373 3239 1443 τῆς
3272 1371 3514 1435 πόλεως,
3551 1373 3645 1424 καὶ
3676 1372 3852 1426 πάντα
3904 1371 4002 1423 τὸν

2420 1462 2598 1530 ὖχλον,
2626 1464 2766 1516 κατὰ
2819 1463 2913 1517 τοῦ
2947 1465 3176 1517 ῦπονοου
3189 1464 3351 1533 μένου
3401 1465 3594 1516 λυπεῖν
3645 1463 3954 1533 ὀχλαγωγεί
3982 1480 3996 1492 ·

2421 1552 2640 1624 ὄρθρος,
2690 1555 2782 1607 καὶ
2815 1553 2905 1607 τὸν
2940 1555 3294 1624 Ὀνησιφόρου
3327 1553 3628 1610 κατέλαϐεν
3676 1551 3825 1606 οἷκον
3860 1554 3999 1621 (62),

2423 1645 2683 1715 ὐῦριζων,
2719 1646 2982 1712 ἀπειλῶν,
3034 1646 3393 1717 βλασφημῶν,
3451 1647 3546 1699 καὶ
3593 1644 3686 1698 τοῦ
3739 1647 4002 1716 αἴσχιστα

2422 1736 2635 1790 Παῦλον
2679 1737 2957 1807 διαθήσειν
2989 1737 3346 1808 διομνύμενος
3370 1753 3383 1766 ·
3416 1736 3590 1790 ’ἐλκων
3618 1737 3714 1790 ἐπὶ
3742 1737 3838 1800 τὰς
3867 1738 4004 1805 ἀγο-

2427 1830 2525 1899 ρὰς
2549 1830 2764 1900 πρῶτον
2810 1831 2904 1884 καὶ
2935 1833 3064 1893 τοὺς
3095 1831 3448 1902 πολιταρχας,
3500 1830 3755 1900 λυμεῶνα
3786 1830 4001 1893 τοῦτον,

2423 1921 2628 1994 φθορέα
2680 1926 2779 1994 τῆς
2831 1923 3074 1988 πόλεως,
3131 1922 3212 1976 ἔτι
3259 1923 3316 1976 δὲ
3363 1926 3457 1978 καὶ
3513 1924 3612 1994 τῆς
3662 1922 3810 1992 αὐτῷ
3870 1924 4007 1976 καθ-

2423 2017 2806 2085 ηρμοσμένης,
2874 2015 3410 2087 διαλοιδορούμενος·
3466 2017 3678 2084 ὲνάγων
3751 2015 3808 2068 δὲ
3861 2018 4008 2084 μετὰ.

2423 2107 2597 2160 ταῦτα
2627 2109 2720 2160 καὶ
2749 2109 2841 2160 ἐπὶ
2865 2107 2954 2160 τὸν
2989 2109 3237 2177 ἡγεμόνα
3259 2125 3270 2136 ·
3308 2108 3403 2162 καὶ
3440 2110 3626 2178 ἐπειδὴ
3658 2109 3718 2161 τὸ
3742 2109 4011 2179 δικαστή-

2428 2220 2539 2273 ριον
2575 2202 2946 2272 ωνεκροτήθη
2971 2243 2985 2264 ,
3019 2201 3111 2254 καὶ
3157 2205 3184 2254 ὁ
3239 2201 3462 2271 ἡγεμὼν
3505 2201 3598 2252 ἐπὶ
3627 2201 3816 2270 θρόνου
3847 2201 4010 2252 δικα-

2426 2295 2648 2356 στικοῦ,
2705 2295 2799 2348 καὶ
2833 2296 2882 2347 oi
2939 2295 3186 2365 σύνεδροι
3234 2295 3364 2364 περὶ
3417 2295 3600 2357 αὐτὸν,
3639 2296 3733 2346 καὶ
3783 2292 3945 2361 πέριξ
3980 2295 4010 2344 ὁ

2423 2388 2614 2456 δῆμος,
2672 2389 2766 2439 καὶ
2813 2388 3024 2457 σιωπὴν
3078 2388 3105 2439 ὁ
3168 2387 3345 2456 κῆρυξ
3395 2385 3797 2457 παρήγγελλεν,
3830 2384 3924 2436 καὶ
3978 2383 4012 2432 ὁ

2425 2480 2636 2544 Παῦλος
2668 2480 2743 2549 τῷ
2779 2480 2987 2550 βήματι
3035 2480 3313 2549 παρῆκτο,
3347 2479 3440 2531 καὶ
3500 2479 3528 2530 ὁ
3585 2478 3833 2547 Θάμυρις
3865 2492 4011 2528 κατ-

2422 2574 2642 2642 ηγορῶν
2674 2573 2812 2641 ἔφη·

2497 2663 2646 2716 Οὔτε
2690 2663 2756 2715 τὸ
2814 2662 3102 2731 ι”μέτερον
3151 2661 3396 2728 κράτος,
3442 2661 3540 2712 καὶ
3583 2660 3696 2726 τὴν
3747 2663 3982 2728 gerulo

2423 2754 2773 2823 φυεστάτην
2798 2755 3114 2823 ἀγχίνοιαν
3143 2753 3255 2818 τῆς
3293 2752 3583 2818 διανοίας.
3617 2752 3756 2804 οὔτε
3781 2751 3847 2804 δέ
3869 2768 4016 2803 τινα

2424 2847 2542 2900 τῶν
2575 2849 2888 2916 παρόντων
2921 2845 3165 2915 ἀγνοεῖν
3209 2842 3367 2914 οἶμαι
3401 2845 3471 2897 τίι
3504 2843 3635 2896 κατ’
3667 2844 3791 2912 ἐμέ.
3844 2844 4016 2896 Ἐπί-

2422 2942 2653 2993 στασθε
2707 2938 2796 3001 δὲ,
2841 2938 2932 2990 ὅτι
2987 2938 3084 2991 καὶ
3147 2937 3321 3005 γένος
3372 2937 3500 3005 ἐμοὶ
3543 2935 3842 3004 λαμπρὸν,
3902 2934 4014 2986 καὶ

2425 3034 2744 3099 περιουσία
2777 3031 3014 3099 σφόδρα
3069 3029 3305 3094 πολλὴ,
3339 3028 3436 3080 καὶ
3493 3026 3632 3095 τιμὴ
3694 3025 3840 3078 κατὰ
3892 3025 4017 3076 τὸν

2423 3123 2711 3177 πλοῦτον.
2772 3123 2929 3191 Πρὸς
2980 3123 3069 3187 δὲ,
3132 3123 3229 3174 καὶ
3277 3119 3433 3188 ὥρας
3475 3120 3701 3184 ἔλαχον
3728 3115 3966 3185 ἀγαθῆς
3995 3131 4012 3146 ’

2427 3216 2520 3268 καὶ
2557 3216 2754 3268 πάντα
2781 3217 3070 3282 ἐπίσημα,
3101 3214 3199 3266 καὶ
3245 3213 3440 3266 πάντα
3471 3214 3858 3279 περίϐλεπτα·
3903 3208 4018 3260 καὶ

2427 3311 2525 3362 ἵνα
2545 3308 2630 3378 μὴ
2662 3311 2895 3376 πολυῥρ
2907 3308 3150 3377 ημονεῖν
3178 3305 3334 3359 δοκῶ
3355 3347 3368 3370 ,
3401 3304 3597 3357 πάντα
3627 3303 3698 3356 τὰ
3725 3303 3848 3355 κατ’
3895 3302 4019 3368 ἐμὲ

2429 3399 2686 3465 ζηλωτὰ·
2712 3399 3169 3467 μεμνήστευμαι
3207 3397 3275 3449 δὲ
3310 3395 3406 3448 καὶ
3441 3393 3694 3462 γυναῖκα
3725 3389 3968 3461 ἐμαυτῷ
3998 3407 4013 3421 ·

2428 3492 2543 3558 τὴν
2600 3493 2926 3545 Θεόκλειαν
2973 3490 3236 3554 ἅπαντες
3285 3487 3511 3542 οἴδατε·
3569 3487 3790 3551 ταύτης
3817 3498 4022 3550 προσ-

2427 3585 2648 3654 εθέμην
2672 3583 2747 3651 τῇ
2779 3587 3054 3652 θυγατρί·
3077 3582 3174 3635 καὶ
3207 3581 3322 3650 ἤδη
3360 3581 3563 3647 ἕτοιμα
3588 3578 3784 3631 πάντα
3803 3592 3815 3605 ·
3846 3575 3951 3628 καὶ
3980 3578 4022 3628 ὁ

2427 3679 2630 3745 καιρὸς
2661 3676 2767 3731 τοῦ
2795 3676 2984 3746 γόμου
3011 3675 3233 3744 παρῆν,
3263 3673 3360 3727 καὶ
3391 3673 3586 3725 πάντα
3610 3669 3756 3738 πρὸς
3787 3668 4025 3722 τοῦτον

2426 3773 2746 3841 φιλοτίμως
2810 3769 3314 3837 παρεσκεύαστο·
3367 3765 3662 3829 ἐξαπίνης
3719 3761 3788 3814 δὲ
3839 3759 4023 3822 κακῷ

2427 3865 2666 3931 δαίμονι
2707 3866 2739 3915 ό
2765 3861 3077 3928 ἅνθρωπος
3106 3854 3304 3923 οὗτος,
3326 3857 3573 3924 ὄλεθρος
3602 3851 3879 3919 ἀνδράσι,
3902 3850 4020 3902 καὶ

2435 3952 2549 4020 πρὸ
2596 3951 2839 4004 πάντων
2863 3949 2990 4017 ἐμοὶ
3055 3947 3421 4017 (λογυδριόις
3453 3947 3562 4014 γὰρ
3589 3941 4020 4011 κεκομψευμέ-

2425 4062 2554 4108 νοις
2586 4043 2692 4108 τὰς
2745 4041 3030 4111 γυναῖκας
3077 4037 3469 4106 συλαγωγῶν,
3521 4036 3628 4100 τὰς
3667 4031 4028 4100 παρθένους

2424 4135 2764 4200 ἐξαπατῶν·
2817 4135 2924 4199 τὰς
2947 4132 3062 4202 μὲν
3090 4135 3201 4185 οὐκ
3233 4129 3303 4198 ἐᾷ
3338 4129 3464 4186 καθ’
3494 4129 3524 4181 ὃ
3553 4129 3718 4194 θέμις
3746 4122 4026 4190 ἀνδράσι

2425 4227 2761 4299 γαμηθῆναι
2785 4245 2796 4256 ·
2833 4227 2939 4291 τὰς
2992 4224 3061 4276 δὲ
3094 4225 3413 4277 συνεύνων
3455 4216 3757 4287 ὐπερορᾷν
3809 4234 4022 4285 παρα-

2425 4318 2751 4388 σκευάζει),
2777 4319 2927 4387 μετὰ
2950 4315 3193 4369 πάντων
3217 4314 3314 4367 καὶ
3343 4314 3457 4381 τὴν
3485 4313 3641 4397 έμὴν
3672 4309 4030 4378 διέρθειρεγ

2427 4416 2663 4468 Θέκλαν
2682 4427 2694 4440 ⁸
2734 4413 2846 4476 τὴν
2877 4409 3006 4478 ἐμοὶ
3044 4404 3550 4474 καθηρμοσμένην
3574 4403 3872 4470 ἐξέστησε
3898 4401 4030 4454 Θέ-

2425 4509 2602 4558 κλαν.
2629 4505 2697 4557 El
2713 4499 2826 4557 οὖν
2855 4502 3054 4567 ἑαθειή
3072 4498 3178 4566 ζῇν
3195 4495 3392 4563 οὗτος,
3421 4497 3624 4557 πόλιν,
3646 4490 3694 4548 ὦ
3724 4492 4032 4560 κράτιστε

2355 4595 2401 4653 D
2428 4597 2685 4667 ἡγεμὼν,
2714 4599 2826 4650 οὐκ
2856 4595 3048 4662 ἔχεις·
3087 4593 3381 4661 διέφθειρε
3417 4589 3784 4644 τόἾκόνιον·
3816 4587 4038 4640 ὤλετο

2422 4693 2521 4746 καὶ
2571 4689 2742 4744 πᾶσα
2801 4689 3126 4756 περιοικίς·
3172 4685 3272 4738 καὶ
3321 4687 3392 4737 οὐ
3444 4684 3655 4752 μόνον,
3690 4681 3852 4734 ἀλλὰ
3905 4683 4032 4733 καὶ

2421 4783 2589 4837 πᾶσα
2618 4781 2778 4851 χώρα
2808 4780 2908 4833 καὶ
2938 4781 3137 4843 πόλις,
3194 4777 3248 4830 ει
3279 4794 3342 4844 γε
3374 4774 3450 4841 δὴ
3489 4773 3638 4827 κατὰ
3676 4773 3780 4826 τὸν
3812 4773 4035 4827 αὑτοῦ

2419 4878 2608 4943 νόμον
2645 4873 2973 4940 ἀνάσχοιτο
2997 4869 3202 4934 βιοῦν,
3234 4871 3345 4922 οὐκ
3382 4866 3458 4920 ἃν
3490 4865 3776 4935 φθάνοιεν
3807 4867 4042 4930 χρόνῳ

2419 4966 2494 5018 δι’
2523 4965 2803 5028 ἀτεκνίας
2855 4963 3334 5024 ἐξαπολωλότες.
3387 4959 3499 5012 Καὶ
3531 4959 3643 5025 γὰρ
3671 4959 3723 5009 εὶ
3751 4957 3784 5009 ό
3815 4953 4043 5023 γάμος

2419 5057 2677 5122 ἁειζωῒας
2709 5055 2815 5108 τοῦ
2846 5054 3064 5122 γένους
3109 5051 3372 5121 ἀφορμὴ,
3427 5050 3524 5104 καὶ
3564 5049 3754 5115 αἴτιος
3781 5048 4042 5114 ἀνθρὼ-

2426 5165 2564 5212 ποις
2597 5146 2888 5215 γενέσεως
2912 5163 2926 5175 ·
2986 5142 3087 5196 καὶ
3129 5142 3238 5210 τῆς
3284 5144 3351 5207 ἐξ
3391 5143 3596 5195 ἄλλων
3631 5143 3719 5206 εις
3767 5139 4042 5207 ἄλλους

2426 5237 2648 5306 ἑφεξῆς
2683 5236 2996 5305 διαδοχῆςῖ
3043 5236 3326 5301 ἀπαιδίας
3357 5235 3433 5288 ἂν
3458 5236 3574 5300 εἴη,
3612 5233 3709 5287 καὶ
3737 5231 4048 5288 καθόλου

2429 5332 2533 5385 τοῦ
2565 5331 2782 5399 γένους
2805 5329 3188 5396 ἀναιρέσεως,
3213 5327 3251 5395 ἠ
3283 5327 3505 5396 ἀγαμία
3525 5324 3784 5392 δηλαδή.

2426 5467 2671 5534 εισάγει,
2741 5463 3090 5532 Κολοφωνίας
3166 5463 3462 5517 ἐπίσκοπον
3531 5462 3766 5534 εὕρομεν
3839 5479 4050 5530 γεγο-

2425 5537 2583 5588 νότα·
2616 5536 2790 5600 δεξιὸν
2827 5539 2883 5589 ἐν
2913 5539 3024 5597 τοῖς
3062 5535 3244 5602 λόγοις
3273 5537 3368 5587 καὶ
3399 5533 3782 5603 ἀλκιμώτατον
3811 5535 4054 5603 μέχρις

2426 5607 2660 5675 αἵματος
2685 5605 2851 5659 αὑτοῦ
2875 5606 2973 5675 τὴν
2998 5606 3179 5658 πίστιν
3204 5605 3572 5675 κρατῦνανεα.
3594 5602 4051 5673 Οηρείριιοηιίηι,

2429 5672 2583 5743 cujus
2609 5677 2895 5753 Apostolus
2928 5672 3094 5753 obiter
3125 5672 3358 5753 meminit
3386 5677 3439 5753 in
3467 5672 3706 5753 Epistola
3742 5676 3808 5726 ad
3834 5672 4052 5753 Titini-

2426 5749 2620 5806 tlteum,
2638 5748 2927 5800 invenimus
2947 5747 3110 5815 fuisse
3128 5745 3471 5812 Colophoniw
3485 5746 3809 5812 episcopum,
3834 5745 3968 5797 viru
3983 5765 4056 5802 iu

2423 5819 2630 5886 eloquio
2659 5818 2870 5884 facilem
2893 5834 2954 5868 ac
2979 5818 3353 5884 fortissimum,
3386 5816 3478 5886 qui
3506 5816 3574 5867 ad
3601 5830 3760 5882 usque
3785 5821 4058 5882 sangui-

2428 5885 2542 5943 nem
2574 5891 2894 5945 l'ObOl‘ﬂt‘t‘t‘tl
2927 5889 3103 5956 ﬁdem.
3141 5887 3370 5958 Reliqua
3397 5885 3554 5943 vobis
3576 5886 3810 5941 obscura
3849 5900 3920 5939 su
3935 5898 4053 5944 ut.
