4180 6434
740 361 845 425 315

1901 363 2195 425 NICETEE
2219 366 2307 427 ΡΛ
2318 367 2695 432 I‘HLAGONI
2709 374 2749 433 S

3894 375 4001 443 316

741 469 909 525 fecit?
934 467 1390 540 Haudquaquam.
1422 469 1561 537 Quid
1600 470 1783 541 itaque
1813 471 1941 525 facit
1969 474 1992 525 ?
2021 472 2207 543 Surgit
2236 474 2312 529 si-

2435 480 2713 548 )ῦμενοῦν.
2741 478 2902 534 Ἀλλά
2922 480 2974 533 τί
2999 484 3162 549 ποιεῖ;
3198 482 3506 537 Ἀνίσταται
3536 484 3675 540 κατά
3707 486 3877 557 μέσας
3906 494 4016 557 νύφ,

740 561 911 616 lentio
953 561 1129 615 media
1182 570 1393 628 nocte;
1447 562 1723 631 Deumque
1772 561 1922 617 Pauli
1969 563 2208 628 invocat,
2256 572 2314 617 ut

740 668 925 708 comes
954 668 1076 708 esse
1112 653 1243 707 vr-lit
1276 671 1291 719 ;
1340 660 1593 706 ornatum
1647 654 1876 723 spernit,
1910 654 2149 720 inaures,
2193 669 2315 724 spe-

744 747 886 809 cula,
912 746 1175 815 quidquid
1207 746 1583 800 illecebrarum
1615 756 1700 802 est
1752 747 2087 815 iuventutis;
2116 749 2315 802 iustar-

744 852 851 907 que
909 838 1207 907 evangelici
1244 838 1388 891 illius
1442 840 1786 899 mercatoris,
1829 838 2046 892 inventa
2079 840 2313 908 pretiosa

743 930 1037 1000 margarita
1058 972 1072 994 ,
1107 945 1328 982 suorum
1361 931 1605 983 omnium
1638 930 1813 999 pretio
1841 944 1959 983 eam
1992 930 2266 999 coemit-"
2298 945 2313 994 ;

742 1037 805 1075 ac
846 1025 993 1076 velut
1023 1022 1141 1091 ejus
1170 1033 1491 1091 praeceptor,
1537 1038 1658 1091 qum
1686 1023 1760 1075 illi
1792 1031 1950 1075 erant
1982 1023 2151 1085 lucra,
2185 1037 2315 1090 pro-

742 1124 827 1171 ter
855 1115 1131 1169 Christum
1177 1115 1565 1170 detrimentqu
1601 1115 1925 1169 existimans
1962 1116 2028 1181 ⁸ο,
2070 1115 2171 1167 alia
2231 1114 2318 1182 ja-

744 1208 908 1262 nitori
942 1209 1234 1278 praebebat,
1271 1209 1375 1262 alia
1405 1209 1738 1271 earcerario,
1774 1208 1934 1262 modo
1966 1208 2141 1263 solum
2174 1209 2320 1263 sine-

742 1310 895 1355 retur
924 1299 1151 1355 Paulum
1198 1303 1397 1361 videre.
1440 1301 1600 1369 eique
1640 1302 1906 1363 carceris,
1950 1302 2076 1365 soli,
2120 1302 2321 1356 vincu-

744 1392 920 1447 lorum
996 1394 1198 1448 sociam
1273 1391 1533 1446 accedere
1585 1410 1599 1456 ;
1660 1391 1972 1461 divinaeque
2044 1391 2320 1464 Evangelii

743 1485 1150 1555 prmdirationis
1180 1485 1474 1553 perfectius
1504 1486 1823 1555 participem
1843 1484 1977 1539 fore.
2020 1484 2149 1539 Erat
2181 1488 2323 1543 inter

744 1578 860 1631 haec
904 1580 1244 1643 conspicere,
1285 1578 1431 1631 illam
1465 1578 1684 1648 quidem
1719 1587 1776 1633 ut
1817 1578 2320 1636 siticulosissimam

742 1685 958 1724 cervam
992 1672 1055 1723 ad
1094 1671 1184 1725 Dei
1224 1686 1394 1740 aquas
1429 1686 1724 1727 accurrere
1766 1690 1785 1737 ,‘
1828 1673 1977 1728 hunc
2024 1689 2153 1728 vero
2202 1686 2322 1729 tan-

743 1778 904 1832 quam
942 1764 1295 1831 prolluentem
1324 1762 1571 1831 ﬂuvium,
1615 1765 1765 1820 illius
1809 1766 2008 1820 mentis
2042 1767 2122 1819 ori
2157 1767 2318 1822 uber-
2351 1787 2391 1840 η

746 1856 946 1909 rimum
989 1856 1273 1926 theologia:
1308 1856 1525 1912 laticem
1556 1857 1633 1912 illi
1663 1857 2061 1915 aﬂ‘undere.Ac
2090 1860 2167 1915 illi
2197 1862 2319 1933 qui-

746 1950 867 2004 dem
897 1949 948 2001 in
981 1949 1064 2003 his
1087 1958 1267 2002 erant.

814 2126 996 2182 Prima
1027 2128 1207 2182 statim
1237 2144 1457 2193 aurora,
1487 2130 1789 2201 ingensque
1820 2132 2155 2186 domesticos
2181 2136 2327 2204 cepit

746 2224 1009 2276 turbatio.
1044 2222 1401 2288 Quam-batur
1445 2239 1681 2294 namque
1730 2225 1933 2280 Thecla
1969 2242 1984 2279 :
2019 2227 2087 2279 de
2125 2226 2326 2280 Thecla

747 2330 937 2369 rumor
973 2326 1085 2368 erat
1115 2335 1127 2369 :
1164 2317 1303 2384 apud
1338 2324 1519 2380 notos,
1556 2316 1697 2386 apud
1730 2328 1990 2389 cognatos
2020 2320 2166 2372 omni
2202 2319 2327 2372 dili-

746 2410 929 2479 gentia
963 2410 1339 2476 vestigabatur
1366 2451 1381 2473 ,
1435 2411 1690 2480 interque
1724 2412 1954 2474 vicinos,
1994 2420 2052 2465 ut
2096 2427 2191 2479 par
2218 2420 2322 2473 est,

746 2511 799 2555 et
840 2503 1069 2554 amicos.
1104 2501 1312 2556 Famuli
1372 2502 1793 2570 inquirebantnr
1822 2518 1837 2567 ;
1869 2504 2080 2557 ancilla;
2140 2516 2328 2572 paenae

746 2592 990 2657 dabant;
1041 2595 1221 2647 munis
1264 2592 1469 2647 familia
1499 2594 1828 2661 agitabatur.
1861 2593 2089 2664 Cognita
2124 2605 2324 2660 tamen,

748 2684 814 2738 ad
857 2684 1006 2739 Pauli
1044 2686 1206 2753 pedes
1234 2687 1518 2754 provoluta
1547 2686 1763 2740 inventa
1806 2696 1890 2741 est
1922 2704 1937 2749 ;
1982 2702 2045 2740 ac
2085 2687 2326 2755 quidem,

746 2778 895 2850 juxta
946 2778 1161 2837 Isaiam,
1208 2779 1352 2831 illius
1384 2766 1580 2845 pedum
1628 2779 1905 2847 pulverem
1952 2779 2188 2845 lingehat
2218 2779 2259 2809 ⁶¹
2311 2796 2325 2841 ;

750 2881 1011 2939 tanquam
1033 2884 1161 2923 vero
1192 2868 1281 2924 Dei
1314 2868 1453 2923 Filio
1478 2870 1697 2939 Deoque
1728 2869 1807 2921 sic.
1826 2870 2132 2924 reverentia
2166 2880 2330 2938 atque

750 2973 987 3017 tremore
1017 2962 1094 3015 illi
1141 2962 1376 3015 astabat.
1418 2960 1508 3014 Sic
1539 2962 1800 3014 nimirum
1841 2976 2053 3016 summe
2080 2977 2198 3015 eam
2238 2962 2327 3014 Dei

754 3056 921 3107 timor
948 3062 1167 3121 ceperat
1200 3069 1310 3122 quo
1334 3054 1445 3121 jam
1475 3054 1687 3107 conﬁxa
1709 3061 1967 3121 lentaque
1997 3067 2059 3107 ac
2091 3055 2326 3107 constri-

2418 584 2549 630 κτας
2580 568 2759 638 ἡσυχῆ
2781 584 2794 599 °
2820 569 3161 625 ἐπικαλεῖται
3204 572 3295 626 τὸν
3327 572 3540 626 Παύλου
3573 574 3705 628 Θεὸν
3745 580 3824 641 είς
3880 597 4007 634 συν-

2415 661 2583 714 οδίαν·
2605 661 2874 725 ὲξουθενεῖ
2894 662 2958 716 τά
2985 664 3208 733 κόσμια,
3231 666 3299 719 τά
3340 666 3557 731 ἐνώτια,
3590 667 3658 722 τὰ
3693 672 4001 744 κάτοπτρα,

2416 751 2485 804 τὰ
2537 752 2809 824 θέλγητρα
2863 757 3042 808 πάντα
3087 756 3185 823 τῆς
3241 756 3524 827 νεότητος·
3560 761 3655 812 καὶ
3710 764 3850 816 κατά
3913 767 4007 819 τὸν

2417 842 2768 911 εὐαγγελικὸν
2806 846 3014 901 ἐκεῖνον
3064 847 3325 918 ἔμπορον,
3375 851 3467 904 τὸν
3511 852 3805 923 πολύτιμον
3836 857 4003 927 εὐρη-

2416 936 2545 986 κυία
2580 937 2959 1007 μαργαρίτην,
3008 940 3225 993 πάντων
3254 934 3329 995 ὧν
3357 937 3505 1011 εἶχεν
3537 944 3765 1015 ἐπρίατο
3795 947 3958 1000 αὐτόνι
3983 965 3996 977 ·

2417 1026 2509 1077 καὶ
2532 1029 2673 1080 κατὰ
2695 1028 2786 1080 τὸν
2813 1028 2982 1097 αὐτῆς
3002 1030 3340 1097 διδάσκαλον,
3374 1033 3529 1087 ἆτινα
3554 1030 3623 1105 ἦν
3642 1037 3778 1106 αὐτῇ
3814 1038 4002 1108 κέρδη,

2417 1116 2505 1168 διά
2537 1117 2630 1169 τὸν
2660 1118 2892 1188 Χριστὸν
2919 1118 3123 1187 ζημίαν
3146 1122 3493 1193 ἡγησαμένη,
3533 1123 3570 1177 ἃ
3603 1127 3701 1194 μὲν
3736 1128 3905 1181 ἐδίδου
3926 1129 4007 1198 τῷ

2420 1208 2675 1279 πυλωρῷ,
2701 1210 2814 1265 ass
2852 1212 2929 1282 τῷ
2975 1213 3376 1283 δεσμοφύλακι·
3416 1218 3596 1286 μόνον,
3637 1218 3779 1274 ὥστε
3826 1238 4010 1291 παρα-

2420 1298 2666 1367 χωρῆσαι
2698 1300 2867 1370 ταύτῃ
2912 1300 3002 1353 τὸν
3040 1300 3251 1355 Παῦλον
3304 1302 3463 1370 ἰδεῖν,
3496 1306 3586 1358 καὶ
3637 1307 3735 1376 τῆς
3781 1309 4009 1380 εἱρκτῆς

2421 1390 2568 1457 αὐτῲ
2622 1390 2713 1441 καὶ
2744 1391 2839 1442 τοῦ
2874 1392 3455 1463 ὲδᾶφουςκοινωνῆσαι
3489 1398 3582 1449 καὶ
3627 1399 3738 1452 τῶν
3767 1399 4005 1469 δεσμῶν,

2423 1484 2517 1535 καὶ
2542 1482 2607 1552 δὴ
2638 1483 2732 1535 καὶ
2785 1483 2887 1551 τῆς
2943 1486 3304 1554 εὐαγγελικῆς
3334 1486 3626 1554 θεηγορίας
3676 1491 4010 1558 τελεώτερον

2426 1579 2735 1647 μετασχεῖν.
2767 1572 2875 1629 Ἦν
2906 1573 2999 1631 οῦν
3030 1579 3146 1630 ἐκεῖ
3178 1580 3440 1651 καθορᾷν,
3462 1584 3563 1653 τὴν
3600 1582 3699 1652 μὲν
3732 1577 3819 1637 οἷα
3844 1583 4010 1653 διψη-

2422 1668 2726 1736 τικωτάτην
2752 1667 2947 1729 ἔλαφον
2970 1668 3154 1739 δρόμῳ
3172 1669 3242 1722 τὰ
3275 1669 3443 1725 ὕδατα
3470 1672 3563 1726 τοῦ
3601 1672 3735 1726 Θεοῦ
3766 1674 4016 1727 καταλα-

2423 1760 2624 1813 ϐοῦσαν
2648 1777 2660 1789 ·
2690 1762 2779 1813 τὸν
2810 1762 2886 1826 δὲ,
2948 1762 3197 1833 καθάπερ
3246 1766 3585 1835 προρῤἐοντα
3610 1767 3875 1835 ποταμὸν,
3913 1770 4012 1821 καὶ

2422 1853 2564 1906 κατά
2597 1852 2689 1906 τοῦ
2745 1854 2930 1923 νοεροῦ
2970 1855 3230 1924 στόματος
3266 1856 3433 1927 αὐτῆς
3493 1859 3554 1912 τὸ
3586 1859 3682 1928 τῆς
3732 1859 4015 1927 θεολογίας

2423 1946 2570 2015 νάμα
2608 1947 2991 2017 δαψιλέστατον
3020 1948 3396 2015 ἐπιδλύζοντα.
3440 1952 3548 2004 Καὶ
3578 1953 3626 2004 οί
3669 1952 3767 2023 μὲν
3796 1947 3935 2022 ἦσαν
3956 1953 4017 2005 ὲν

2424 2055 2651 2102 τούτοις.

2500 2133 2651 2198 ’Ἅμα
2683 2130 2739 2184 δὲ
2766 2131 2860 2196 ἕω,
2916 2133 3011 2185 καὶ
3049 2121 3284 2205 τάραχος
3328 2136 3501 2205 μέγας
3536 2134 3853 2205 κατειλήφει
3886 2135 4019 2199 τοὺς

2425 2223 2682 2285 οἰκείους.
2746 2224 3019 2295 Ἐζητεῖτο
3062 2226 3173 2298 γὰρ
3219 2226 3431 2279 Θέκλαο
3464 2226 3763 2280 διελαλεῖτο
3792 2228 3975 2281 Θέκλα
3998 2242 4015 2257 ⁸

2425 2318 2762 2387 ἀνηρευνᾶτο
2813 2318 2963 2388 παρά
2994 2322 3109 2382 τοῖς
3157 2324 3439 2387 γνωστοῖς,
3475 2322 3626 2392 παρά
3670 2324 3781 2383 τοῖς
3821 2338 4022 2388 συγγε-

2428 2410 2573 2472 νέσι,
2631 2409 2727 2463 καὶ
2761 2411 2911 2480 παρά
2957 2412 3214 2480 γείτοσιν,
3249 2412 3325 2475 ώς
3373 2412 3539 2475 εἰκὸς,
3597 2413 3693 2465 καὶ
3727 2412 3918 2481 φίλοις.
3953 2413 4022 2466 Ol

2426 2502 2633 2556 οίκέται
2690 2501 2987 2572 ὴτάζοντο,
3020 2505 3074 2555 αἱ
3104 2503 3485 2573 θεραπαινίδες
3537 2503 3694 2566 δίκας
3752 2504 4020 2558 ἑτίννυον·

2428 2595 2522 2645 καὶ
2543 2593 2590 2644 οἱ
2623 2593 2719 2645 ἐπὶ
2740 2592 2840 2661 τῆς
2865 2593 3045 2657 οἰκίας
3074 2596 3276 2657 πάντες
3314 2593 3609 2648 ὲδονοῦντο.
3664 2594 3945 2665 Ἐγνώσθη
3971 2590 4025 2649 δ’

2428 2683 2521 2737 οὖν
2547 2686 2715 2754 ὅμως,
2734 2686 2827 2737 καὶ
2851 2686 2983 2755 πρὸς
3011 2687 3122 2748 τοῖς
3145 2686 3357 2739 Παύλου
3384 2685 3679 2756 κυλιομένη
3704 2686 4024 2757 κατελήφθη

2431 2775 2606 2827 ποσίν·
2636 2776 2726 2827 καὶ
2744 2776 2835 2828 τὸν
2857 2776 2986 2845 χοῦν
3017 2775 3114 2845 μὲν
3141 2776 3249 2830 τῶν
3269 2776 3456 2842 αὐτοῦ,
3484 2778 3624 2829 κατὰ
3648 2776 3739 2830 τδν
3768 2777 4027 2842 Ἡσαΐαν,

2431 2866 2606 2935 ἐλειχε
2626 2866 2803 2919 ποδῶν
2825 2882 2838 2895 ⁸
2868 2865 3018 2937 αὐτῷ
3038 2867 3094 2919 δὲ
3130 2867 3245 2936 μετ’
3273 2868 3562 2931 εὐλαϐείας
3581 2869 3724 2923 οὓτω
3771 2868 3865 2922 καὶ
3890 2868 4030 2939 τρό-

2436 2977 2535 3030 μου
2576 2960 2900 3029 παρίστατο,
2947 2959 3023 3022 ὼς
3070 2960 3172 3031 υίῴ
3206 2960 3341 3013 Θεοῦ
3381 2965 3476 3013 καὶ
3523 2961 3665 3030 θεῷ·
3726 2960 3868 3014 οῦτω
3900 2944 4031 3013 κατ’

2435 3050 2611 3118 ἀκρας
2651 3048 2820 3120 αὐτὴν
2842 3044 2987 3102 εἷλεν
3020 3051 3049 3102 ὁ
3077 3049 3214 3102 Θεοῦ
3244 3050 3428 3118 φόϐος,
3459 3042 3504 3118 ᾧ
3550 3049 3735 3104 λοιπὸν
3764 3050 4022 3119 καθηλω-

751 3156 861 3211 cta,
900 3147 1033 3199 nihil
1085 3146 1239 3215 pensi
1290 3146 1525 3199 habebat
1565 3153 1660 3198 aut
1693 3144 2024 3207 attendebat,
2076 3146 2167 3213 qui
2214 3145 2331 3213 ejus

2440 3142 2575 3211 μένη
2611 3141 2704 3194 καὶ
2732 3141 3086 3210 συνεχομένη,
3119 3141 3377 3212 οὐδεμίαν
3407 3143 3553 3207 ὄπιν,
3601 3143 3860 3212 οὐδεμίαν
3892 3145 4028 3195 ἐπι-

754 3254 923 3293 causa
959 3248 1052 3292 aut
1086 3238 1272 3292 turbas
1307 3239 1536 3300 cierent,
1591 3245 1685 3291 aut
1726 3238 1859 3307 ipsis
1890 3237 2070 3291 illatas
2104 3236 2328 3292 ferrent.

831 3413 973 3479 Quid
1015 3413 1179 3483 igitur
1206 3410 1495 3484 Thamyris
1526 3413 1548 3464 ?
1582 3410 1787 3465 Furore
1819 3427 2013 3465 rursus
2042 3411 2282 3481 agitatur
2315 3429 2330 3477 ;

756 3518 953 3557 rursus
986 3504 1279 3570 turbatur;
1314 3519 1508 3556 rursus
1531 3503 1885 3564 incenditur;
1924 3518 2118 3556 rursus
2148 3503 2339 3557 turbas

756 3598 922 3667 cogit,
969 3596 1234 3665 longeque
1280 3597 1450 3664 magis
1500 3611 1562 3648 ac
1607 3596 1780 3664 prius,
1822 3603 2028 3663 quanto
2077 3595 2336 3649 nimirum

758 3692 920 3743 etiam
954 3691 1241 3743 certiorem
1282 3690 1508 3759 virginis
1543 3689 1917 3742 seductionem
1952 3689 2197 3756 putabat.
2232 3688 2339 3742 De-

760 3782 866 3836 fert
920 3798 1110 3836 rursus
1166 3783 1381 3851 prtesidi
1440 3780 1704 3836 adverSus
1761 3780 1985 3833 Paulqu
2026 3797 2041 3845 ;
2090 3780 2343 3851 velutque

760 3874 937 3941 palam
982 3873 1184 3941 injuria
1220 3873 1402 3932 ltesus,
1451 3885 1668 3939 poenam
1717 3870 1945 3938 irrogari
1994 3871 2261 3940 deposcit.
2295 3871 2343 3927 Is

760 3963 943 4030 itaque
962 3962 1300 4031 apparitores
1324 3971 1566 4023 secutus,
1588 3959 1652 4013 ad
1670 3959 1938 4028 judicaum
1960 3959 2124 4013 alacri
2153 3977 2345 4017 rursus

763 4054 947 4107 animo
1004 4053 1378 4107 ascendebat:
1430 4051 1524 4105 Sed
1575 4060 1629 4104 et
1678 4052 1789 4115 illa,
1846 4060 1904 4103 ut
1958 4052 2110 4104 Pauli
2158 4069 2345 4108 revera

762 4146 1053 4215 discipula,
1075 4154 1265 4200 vocata
1294 4160 1415 4197 eum
1444 4152 1612 4204 esset,
1650 4143 1909 4212 praeclara
1936 4143 2100 4196 animi
2135 4146 2348 4214 magni-

770 4238 956 4289 tudine
983 4252 1046 4289 ac
1082 4237 1414 4305 prarstantia.
1458 4234 1523 4287 ad
1552 4234 1789 4288 tribunal
1823 4234 2029 4287 adibat.
2058 4233 2173 4289 Non
2202 4236 2345 4289 enim

769 4331 976 4384 Christi
1003 4329 1351 4398 Evangelium
1377 4329 1734 4382 erubescebat
1756 4344 1771 4389 ;
1793 4326 1887 4382 sed
1912 4327 2170 4397 gaudium
2191 4330 2342 4384 illius

766 4423 965 4477 eximie
988 4432 1106 4483 cor;
1135 4422 1475 4493 mysticaque
1507 4420 1803 4474 exsultatio
1843 4430 2178 4489 pervaserat.
2201 4421 2347 4490 quod

767 4515 1233 4586 protjhristomrm
1252 4513 1416 4567 Paulo
1435 4512 1587 4566 urbis
1603 4512 1817 4566 theatro
1833 4510 2042 4565 traduci
2062 4522 2358 4577 meruerat,

849 4608 950 4663 Ubi
988 4607 1173 4675 itaque
1207 4605 1366 4659 ambo
1393 4604 1562 4671 jndici
1598 4603 1887 4657 astiterant
1921 4620 1935 4666 ;
1973 4601 2199 4657 Paulum
2231 4606 2355 4675 qui.-

770 4698 894 4754 dem
926 4713 1022 4750 nec
1055 4698 1222 4751 verbo
1257 4696 1569 4765 dignantur,
1602 4693 1745 4764 quod
1793 4693 1883 4747 ille
1905 4694 2017 4764 jam
2049 4694 2132 4748 sui
2161 4694 2353 4751 defen-

776 4794 931 4845 sione
971 4789 1292 4860 perfunctus
1331 4797 1469 4854 erat,
1517 4789 1772 4858 quodque
1834 4804 1899 4842 ex
1956 4788 2129 4858 prima
2171 4789 2355 4843 statim

773 4885 1135 4954 responsione
1173 4882 1382 4935 illatum
1429 4882 1637 4936 crimen
1673 4892 1894 4935 strenue
1926 4880 2145 4950 quidem
2182 4883 2356 4952 depu-

775 4976 914 5029 lerat
948 4992 961 5028 :
993 4990 1055 5027 ex
1084 4964 1285 5026 Thecla
1315 4988 1443 5027 vero
1470 4973 1736 5027 rationem
1788 4981 2094 5041 exposcunt
2139 4985 2357 5043 spreta-

778 5082 897 5121 rmn
944 5067 1284 5134 nuptiarum,
1327 5064 1526 5132 quidve
1568 5079 1736 5119 causa
1779 5065 1958 5119 aversi
1996 5064 2117 5134 ejus
2144 5080 2173 5119 a
2209 5066 2359 5119 Tha-

782 5151 989 5224 myride
1034 5152 1197 5215 animi
1238 5152 1488 5205 exsistat.
1527 5153 1596 5205 At
1626 5152 1737 5217 illa,
1770 5168 1838 5208 ne
1881 5154 2107 5208 verbum
2139 5154 2358 5222 quidem

781 5247 1005 5317 dignata
1039 5245 1207 5312 loqui,
1240 5244 1446 5298 intenta
1476 5245 1531 5298 in
1560 5243 1789 5297 Paulum
1825 5252 1965 5309 erat,
2030 5245 2362 5316 silentioque

783 5352 939 5393 suam
995 5338 1200 5391 sensim
1266 5344 1501 5389 mentem
1561 5335 1874 5390 videntibus
1921 5336 2358 5403 subindicabat;

785 5444 978 5497 nempe
1023 5443 1128 5481 non
1176 5428 1343 5482 licere
1386 5439 1652 5497 praesente
1703 5428 1988 5497 magistro,
2030 5428 2360 5498 discipulum

785 5536 885 5590 pro
914 5520 1180 5576 concione
1224 5520 1393 5592 loqui.
1439 5519 1885 5589 lndisciplinatos
1923 5522 2108 5589 itaque
2145 5537 2242 5576 seu
2278 5522 2365 5575 in-

785 5610 1123 5679 compositos
1174 5609 1581 5679 reprehendens
1631 5611 1999 5677 magnanimis
2049 5610 2213 5682 Virgo
2268 5612 2362 5681 qui

787 5702 1220 5769 sciscitarentur,
1238 5704 1290 5757 in
1313 5719 1433 5759 eum
1458 5703 1677 5759 modum
1697 5705 1829 5759 nihil
1851 5706 2078 5776 loquens
2098 5706 2376 5761 manebat.

2436 3232 2676 3300 στροφὴν
2713 3231 2822 3283 τῶν
2873 3230 2940 3284 δι’
2964 3230 3132 3301 αὐτὴν
3154 3230 3527 3302 θορυϐούντων
3553 3233 3587 3303 ἢ
3609 3232 4034 3304 θορυόουμένων

2436 3325 2688 3377 ἐποιεῖτο.

2509 3416 2575 3467 Τί
2601 3415 2657 3468 δὲ
2710 3417 2738 3468 ὁ
2773 3414 3063 3484 Θάμυριςς
3105 3414 3371 3467 Μαίνεται
3428 3415 3618 3468 πάλιν·
3674 3417 4037 3485 ταράττεται,

2440 3509 2602 3562 πάλιν
2634 3507 2922 3571 ἐξάπτεται
2948 3524 2960 3535 ·
2985 3506 3294 3576 ὀχλαγωγεῖ
3323 3507 3505 3570 πάλιν,
3534 3507 3629 3559 καὶ
3654 3506 3787 3559 πολὺ
3826 3506 4039 3575 μᾶλλον

2440 3601 2473 3672 ἢ
2506 3601 2694 3671 πρώην
2716 3641 2729 3662 ,
2762 3602 2870 3669 ὅσῳ
2892 3601 2984 3653 καὶ
3017 3598 3368 3670 βεόαιοτέραν
3395 3599 3660 3668 ὑπείληφε
3690 3598 3789 3668 τῆς
3818 3600 4036 3669 παρθέ-

2441 3710 2533 3745 νου
2557 3693 2654 3762 τὴν
2684 3692 2922 3761 ἀπάτην.
2963 3689 3280 3760 Ἐμφανίζει
3305 3690 3467 3753 αὖθις
3504 3690 3582 3759 τῷ
3632 3690 3859 3760 ἡγεμόνι
3887 3692 4042 3744 κατὰ

2444 3781 2692 3834 Παύλουο
2726 3782 2819 3833 καὶ
2873 3780 2948 3842 ὼς
2987 3780 3245 3848 ἄντικρυς
3281 3780 3627 3849 ἠδικημένος,
3681 3780 3838 3848 δίκην
3889 3783 4043 3834 αίτεί

2445 3872 2649 3931 λαϐεῖν,
2700 3872 2794 3925 καὶ
2843 3870 2900 3935 ὃς
2928 3874 3039 3935 τοῖς
3069 3873 3369 3941 κλητῆρσιν
3417 3872 3703 3939 ἑπόμενος,
3737 3871 4044 3941 προθύμως

2447 3958 2603 4025 αὖθις
2630 3961 2725 4014 ἐπὶ
2749 3960 2811 4013 τὸ
2844 3961 3195 4031 δικαστήριον
3224 3960 3399 4030 ἀνῄει.
3443 3960 3508 4012 Ἢ
3545 3959 3603 4011 δὲ
3638 3960 3733 4012 καὶ
3764 3959 3901 4027 αὐτὴ
3959 3959 4044 4019 ὡς

2447 4054 2663 4109 Παύλου
2705 4054 2784 4125 τῷ
2814 4053 2926 4106 ὄντι
2962 4053 3238 4123 μαθήτρια
3278 4053 3674 4120 κλητευομένη,
3707 4052 3844 4121 μετά
3880 4051 4044 4106 πλεί-

2450 4168 2581 4219 στης
2616 4152 2747 4219 ὅσης
2771 4148 2925 4218 ἀνῄει
2979 4148 3405 4218 μεγαλοψυχίας.
3449 4148 3523 4199 Οὐ
3556 4146 3666 4216 γάρ
3702 4147 4051 4218 ὲπῃσχύνετο

2450 4244 2512 4296 τὸ
2543 4222 2878 4308 Εὐαγγέλιον
2929 4239 3024 4293 τοῦ
3054 4238 3293 4309 Χριστοῦ
3315 4256 3328 4269 ’
3378 4237 3526 4309 χαρά
3561 4237 3618 4291 δὲ
3671 4238 3838 4306 αὐτῆς
3868 4239 4049 4304 ὐπερο

2454 4335 2607 4403 φυῶς
2634 4334 2733 4403 τὴν
2759 4333 3007 4403 καρδίαν,
3027 4334 3121 4386 καὶ
3154 4331 3389 4401 μυστικὴ
3411 4330 3677 4398 διειλήφει
3697 4329 3854 4397 ἀγαλ)
3871 4330 4047 4395 ίασις,

2390 4460 2436 4516 D
2463 4427 2545 4479 ὅτι
2582 4425 2721 4496 ὑπὲρ
2752 4422 2988 4495 Χριστοῦ
3023 4422 3161 4494 μετά
3185 4422 3401 4475 Παύλου
3430 4421 3736 4492 θεατρίςειν
3763 4420 4007 4489 ἠξιοῦτο.

2541 4602 2694 4656 Ἐπεὶ
2725 4596 2818 4655 οὖν
2845 4600 3196 4672 παρέστησαν
3220 4598 3390 4669 ἄμφω
3419 4597 3496 4666 τῷ
3524 4598 3749 4667 δικαστῇ
3772 4639 3787 4661 ,
3816 4597 3908 4650 τὸν
3945 4600 4055 4669 μὲν

2456 4695 2556 4748 οὐκ
2586 4694 2796 4759 ἀξιοῦσι
2828 4692 3013 4761 λόγου,
3054 4693 3156 4764 ἤδη
3190 4692 3257 4745 τά
3282 4690 3413 4762 περὶ
3439 4690 3605 4744 αὐτοῦ
3633 4688 3762 4743 ἀπο)
3774 4689 4059 4758 ελογημέ-

2455 4807 2568 4854 νον,
2600 4786 2696 4841 καὶ
2741 4786 2817 4848 ὡς
2876 4787 2942 4839 ὲκ
2991 4785 3092 4854 τῆς
3118 4783 3342 4853 πρώτης
3379 4782 3543 4845 εὐθὺς
3574 4781 3918 4850 ἀποκρίσεως
3948 4781 4061 4847 τὴν

2456 4879 2793 4950 κατηγορίαν
2853 4876 2955 4929 οὐκ
3002 4874 3244 4942 ἀγεννῶς
3295 4873 3793 4939 διακρουσάμενον·
3839 4870 3940 4940 τὴν
3993 4872 4061 4925 δὲ

2456 4970 2616 5037 λόγον
2646 4966 2943 5021 ἀπαιτοῦσι
2979 4964 3082 5033 τῆς
3131 4962 3397 5033 ἀγαμίας,
3455 4966 3552 5015 καὶ
3600 4961 3703 5030 τῆς
3736 4959 4061 5028 Θαμύριδος

2459 5057 2833 5130 ἀποστροφῆς.
2871 5056 2935 5109 Ἦ
2958 5056 3013 5109 δὲ
3033 5054 3195 5122 λόγου
3229 5055 3329 5124 μὲν
3356 5056 3583 5116 τοῦτους
3619 5050 3848 5121 ἠξίωσεν
3893 5050 4063 5103 οὐδε-

2459 5152 2578 5215 νὸς-
2603 5153 2893 5222 προσεῖχεν
2915 5149 2971 5201 δὲ
3019 5147 3247 5214 Παύλῳο
3284 5146 3379 5199 καὶ
3416 5145 3699 5207 σιωπῶσα,
3744 5144 3843 5214 τὴν
3875 5144 4064 5211 αὐτῆς

2460 5246 2573 5306 τοῖς
2603 5242 2772 5312 ὁρῶσι
2797 5240 3023 5310 γνώμην
3043 5240 3223 5309 ἠρέμα
3253 5236 3684 5305 καθυπέφαινεν,
3707 5235 3784 5299 ώς
3810 5236 3867 5288 οὐ
3891 5234 4066 5303 θεμι-

2467 5335 2557 5388 τὸν
2574 5334 2897 5388 διδασκάλου
2915 5331 3181 5403 παρόντος
3200 5330 3536 5399 δημηγορεῖν
3563 5328 3833 5400 μαθητήν.
3856 5328 4070 5379 Ἀπαια

2468 5424 2683 5487 δευσίας
2735 5422 2849 5485 οῦν,
2889 5421 2921 5490 ἢ
2974 5418 3198 5483 ἀταξίας
3223 5416 3332 5469 τῶν
3372 5416 3792 5486 πυνθανομένων
3816 5413 3993 5481 αὐτὴν
4028 5416 4070 5483 ἡ

2473 5518 2833 5589 μεγαλόφρων
2871 5512 3240 5585 καταγνοῦσα,
3271 5512 3465 5583 ἔμενεν
3497 5510 3640 5565 οὕτω
3677 5507 3912 5563 λαλοῦσα
3947 5525 4069 5579 μηο

2469 5607 2577 5661 δέν.

860 5826 907 5857 "
942 5820 1131 5880 Matth.
1166 5841 1281 5892 xm,
1308 5826 1392 5880 Η.
1472 5826 1517 5857 ⁸⁸
1549 5825 1783 5897 Philipp.
1818 5841 1895 5893 ιιι,
1925 5826 1978 5882 7.
2060 5826 2102 5859 "
2135 5826 2240 5883 lsa.
2268 5840 2416 5891 λιιι,
2444 5824 2535 5879 2'5.
