4180 6434
208 488 285 553 3Π
1024 493 1305 554 ORATIO
1332 494 1483 556 XVI.
1513 522 1578 532 —
1618 494 1698 554 IN
1740 496 1772 554 ἱ

1873 494 2051 556 lDEM
2092 498 2151 558 S.
2186 497 2519 558 TllECLE.

3315 496 3423 562 318

257 606 314 659 Τί
342 607 437 660 οὖν
464 609 491 660 ὁ
518 606 814 676 δικαστήςς
847 604 951 657 Τὸν
986 606 1083 676 μὲν
1119 604 1500 676 φραγελώσας,
1527 606 1625 674 τῆς
1656 606 1755 658 πό-

1933 606 2073 675 Quid
2108 624 2237 678 ergo
2266 609 2481 678 iudex?
2509 606 2739 662 Paulum
2772 606 3001 678 ﬂagellis
3032 622 3256 674 caesum,
3290 614 3423 668 urbe

208 700 313 761 λεως
347 698 626 771 ἀπήλασεν
647 714 662 728 ·
694 696 792 767 τὴν
820 697 876 749 δὲ
902 696 1083 759 ζῶσαν
1113 698 1316 765 καῆναι
1354 696 1564 749 κελεύει
1595 697 1749 764 πυρί.

209 789 350 841 Τοῦτο
378 790 487 859 γὰρ
530 789 606 857 μὴ
634 787 960 856 πειθομένης
982 789 1171 857 αὐτῆς,
1200 784 1293 840 καὶ
1317 790 1349 856 ἡ
1375 789 1556 857 μήτηρ
1585 787 1754 855 μεγά·

206 882 296 942 λαις
320 880 449 932 ἐσόα
480 883 770 947 κραυγαῖς.
807 877 1066 931 Ἐνταῦθά
1086 894 1175 947 μοι
1204 878 1281 949 τῷ
1305 879 1447 948 λόγῳ
1469 879 1751 946 κάμνοντι,

208 972 356 1024 καὶτὸ
375 971 469 1023 τοῦ
498 970 709 1038 ἀγῶνος
736 970 962 1039 μέγεθος
993 968 1362 1039 ἀμηχανοῦντι
1384 968 1750 1037 παραστῆσαι,

211 1061 619 1128 συναγωνίσασθέ
662 1078 773 1129 μοι,
827 1061 1147 1131 παρεγγυῶ,
1204 1061 1289 1114 διὰ
1340 1059 1646 1131 προσευχῆς
1692 1075 1751 1111 τε

211 1155 283 1204 καὶ
303 1153 607 1223 προσοχῆς⁹
646 1156 710 1223 τῇ
745 1153 866 1222 μὲν,
889 1151 1090 1221 νοερῶς
1126 1152 1496 1222 ἐξαιτούμενοι
1540 1149 1753 1203 εὐοδοῦ-

213 1243 307 1295 σθσί
332 1260 420 1311 μοι
445 1243 535 1295 τὸν
564 1244 720 1311 λόγον
748 1243 847 1310 τῆς
876 1243 1216 1310 ἀπαγγελίας
1238 1259 1249 1272 ο
1275 1242 1361 1294 διὰ
1396 1240 1668 1311 προσοχῆς
1697 1240 1753 1293 δὲ

211 1335 281 1386 καὶ
307 1334 627 1402 ἀταραξίας,
680 1334 865 1403 ὥσπερ
896 1335 953 1385 ὲν
1004 1334 1183 1403 λιμένι
1241 1333 1348 1386 τινὶ
1394 1332 1632 1401 γαληνῷ,
1675 1329 1754 1401 τῷ

211 1425 365 1495 οἰκείῳ
390 1424 488 1496 νῷ,
520 1425 706 1478 τοῦτον
736 1425 1040 1497 γαληναίως
1071 1424 1632 1496 ὲγκαθορμιζόμενοιν

263 1606 405 1658 Πᾶσα
426 1605 461 1674 ἡ
484 1604 637 1667 πόλις
666 1603 760 1656 ἐπὶ
783 1603 844 1656 τὸ
873 1602 1099 1672 θέατρον
1151 1603 1301 1674 ἀνῄει
1340 1603 1477 1671 μετὰ
1502 1601 1754 1671 σπουδῆς·

210 1698 368 1765 ἄνδρες
410 1696 651 1758 πάντες,⁸
706 1694 1025 1763 αὐτόχθονες
1060 1695 1153 1747 καὶ
1190 1694 1453 1763 ἐπήλυδες
1476 1731 1490 1754 ,
1529 1694 1754 1760 ἀφανεῖς

210 1787 285 1839 καὶ
305 1789 645 1856 περιφανεῖς·
699 1788 958 1854 γυναῖκες
1009 1788 1207 1851 πᾶσαι,
1243 1784 1614 1854 πρεσϐύτεραι
1664 1783 1757 1837 καὶ

211 1880 462 1949 νεώτεραι,
496 1879 700 1947 ἄσημοι
742 1878 835 1930 καὶ
871 1879 1133 1946 ἐπίσημοι
1156 1894 1169 1906 ’
1211 1877 1306 1929 καὶ
1336 1878 1505 1944 νήπια
1526 1875 1581 1928 δὲ
1618 1877 1757 1945 μετὰ

1860 702 2008 770 ejieit
2039 700 2327 766 ;'l‘bec|am
2356 716 2480 755 vero
2497 701 2670 754 vivam
2695 700 2849 768 jubet
2871 701 2993 768 igne
3018 702 3278 757 cremari.
3311 703 3426 756 Hoc

1856 792 2002 847 enim
2043 807 2165 845 cum
2215 806 2415 845 morem
2453 809 2562 846 non
2596 801 2829 860 gereret,
2865 793 2979 860 ipsa
3010 802 3182 845 mater
3217 794 3429 862 magnis

1860 882 2191 937 clamoribus
2236 882 2483 950 urgebat.
2538 884 2656 945 Hic,
2706 898 2913 952 qumso,
2971 881 3253 937 fatiscente
3296 884 3427 935 mihi

1861 974 2131 1029 sermonis
2176 973 2249 1038 vi,
2282 988 2378 1027 nec
2411 974 2727 1030 certaminis
2756 978 2951 1028 molem
2986 974 3196 1027 valente
3234 990 3426 1040 reprae-

1862 1071 2098 1127 scntare,
2149 1079 2244 1118 vos
2281 1064 2379 1132 ipsi
2428 1064 2680 1130 precibus
2724 1064 3161 1133 propensiusque
3203 1065 3424 1115 attentis

1862 1153 2060 1207 animis
2091 1170 2244 1223 opem
2280 1154 2453 1209 ferte:
2510 1154 2762 1220 precibus
2801 1156 3039 1222 quidem.
3077 1161 3256 1206 mente
3296 1169 3427 1204 exo-

1863 1252 2048 1297 rantes
2081 1253 2140 1296 ut
2176 1245 2462 1299 enarrandi
2505 1260 2686 1299 sermo
2719 1245 2848 1297 milii
2893 1254 3242 1313 prosperetur
3277 1261 3291 1307 ;
3345 1256 3428 1297 at-

1864 1335 2030 1388 tentis
2068 1349 2197 1388 vero
2227 1335 2424 1389 animis
2461 1346 2514 1390 et
2546 1336 2861 1400 inturbatis,
2901 1345 2958 1386 ut
3000 1335 3146 1389 velut
3177 1336 3229 1388 in
3278 1344 3430 1390 tran-

1869 1426 2038 1495 quillo
2080 1427 2315 1495 quodam
2368 1439 2546 1496 portu,
2593 1430 2646 1483 in
2700 1439 2877 1483 mente
2905 1436 3103 1489 vestra,
3140 1428 3429 1497 tranquilla

1863 1532 1985 1573 eum
2016 1518 2250 1572 statione
2288 1520 2589 1588 accipiatis.

1938 1609 2080 1665 Urbs
2109 1620 2218 1664 tota
2251 1610 2503 1665 festinato
2530 1611 2579 1664 in
2612 1612 2876 1666 theatrum
2907 1626 3256 1670 concesserat
3286 1633 3300 1669 :
3333 1613 3431 1666 viri

1866 1715 2079 1766 omnes,
2124 1702 2390 1770 indigenae
2430 1712 2483 1756 et
2517 1704 2789 1770 inquilini,
2822 1707 3036 1759 obscuri
3063 1717 3115 1760 et
3140 1708 3380 1761 illustres
3420 1724 3432 1758 :

1865 1790 2124 1845 mulieres
2159 1806 2372 1856 omnes,
2405 1793 2649 1847 seniores
2672 1802 2723 1847 et
2751 1794 3020 1862 jnuiorcs,
3049 1797 3313 1863 ignobiles
3345 1806 3431 1849 at-

1867 1895 1972 1949 que
2023 1880 2275 1934 nobiles:
2332 1882 2461 1949 quin
2494 1892 2547 1934 et
2588 1884 2822 1939 infantes
2861 1902 2984 1937 cum
3024 1886 3106 1939 his
3142 1887 3231 1954 qui
3261 1890 3435 1940 aetatis

210 1973 298 2024 τῶν
324 1970 734 2040 καθεστηκότων
760 1970 979 2041 ἔτρεχον
1021 1971 1150 2023 ἰδεῖν
1172 1987 1185 1999 ·
1218 1972 1310 2023 καὶ
1344 1970 1448 2039 πρὸ
1479 1968 1715 2032 πάντων,
1739 1969 1767 2019 ό

1873 1986 2176 2040 sensusque
2203 1972 2396 2042 integri
2421 1981 2596 2035 erant,
2619 1974 2683 2028 ad
2709 1976 3078 2042 spectaculum
3102 1978 3391 2029 currebant
3416 1994 3431 2042 ;

207 2064 287 2133 τὴν
338 2064 535 2116 ἄτοπον
585 2061 727 2113 οὕτω
757 2062 941 2131 κρίσιν
980 2062 1071 2113 καὶ
1111 2061 1293 2113 ἄδικον
1346 2060 1765 2129 ἀποφηνάμενος

210 2153 432 2219 ἡγεμών*
456 2156 550 2205 καὶ
573 2152 758 2222 ἐπειδὴ
774 2156 842 2204 τα
870 2169 926 2204 τε
953 2151 1083 2215 ξύλα
1123 2152 1420 2221 ἡτοίμαστο
1446 2152 1580 2220 πρὸς
1605 2148 1768 2201 ὑπέκ-

210 2261 392 2311 καυμα,
419 2244 518 2297 καὶ
541 2244 715 2296 πάντα
741 2244 937 2311 ἕτοιμα
967 2245 1090 2314 ἤδη,
1118 2246 1210 2296 καὶ
1234 2245 1409 2296 πάντα
1431 2241 1672 2311 εὐτρεπῆ
1699 2241 1766 2294 τὰ

211 2337 323 2405 πρὸς
348 2338 443 2407 τὴν
483 2338 683 2404 πυρὰν,
718 2336 1002 2406 προσήχθη
1046 2337 1139 2388 καὶ
1170 2336 1308 2406 αὑτὴ
1335 2334 1542 2387 Θέκλασ
1579 2334 1672 2386 καὶ
1704 2332 1764 2384 τὸ

206 2429 509 2498 θαυμάσιον,
547 2429 629 2481 ὃτι
668 2429 767 2481 οὐκ
817 2429 1087 2497 ὠχρίασεν
1122 2427 1261 2498 πρὸς
1315 2427 1411 2497 τὴν
1448 2425 1541 2479 τοῦ
1592 2426 1763 2495 πυρὸς

209 2520 440 2589 ἀπειλήνο
463 2520 565 2572 οὐκ
594 2520 888 2573 ὲδειλίασεν
919 2520 1016 2590 τὴν
1064 2519 1247 2588 ψυχήν
1268 2535 1281 2550 ⁸
1341 2519 1474 2572 ἀλλὰ
1503 2518 1600 2588 τὴν
1635 2534 1769 2586 καρ-

205 2612 306 2663 δίαν
362 2613 458 2682 μὲν
491 2613 871 2682 ἀνατεταμένη
932 2613 1025 2665 καὶ
1077 2611 1479 2679 εύφραινομένη
1536 2611 1671 2679 πρὸς
1709 2608 1769 2661 ὃν

206 2702 492 2767 ἐπίστευσε,
552 2701 758 2771 Κύριον
780 2717 792 2730 ·
850 2702 1118 2753 θάλλουσα
1164 2702 1218 2753 δὲ
1252 2701 1310 2754 τὸ
1335 2703 1643 2771 πρόσωπον,
1676 2701 1771 2752 καὶ

203 2793 368 2862 ῶσπερ
399 2796 479 2855 είς
525 2792 803 2861 βαλανεῖον
831 2792 923 2845 τοῦ
956 2792 1252 2846 λούσασθαι
1279 2794 1438 2861 χάριν
1476 2792 1769 2861 προθύμως

202 2884 611 2953 ἀποδυσαμένη·
657 2884 691 2952 ἢ
735 2883 920 2952 ὥσπερ
948 2884 1039 2934 ἐπὶ
1070 2884 1315 2936 παστάδα
1349 2881 1601 2952 χωροῦσα
1635 2897 1771 2949 παρ-

203 2972 444 3044 θενικὴν,
496 2974 671 3037 οὕτως
736 2976 934 3043 ἑαυτὴν
997 2972 1607 3046 κατασφραγισαμένη,
1661 2971 1769 3024 τῶν

198 3066 546 3135 ἐστρωμένων
569 3066 838 3119 ἐπιϐαίνει
872 3064 1039 3129 ξύλων
1063 3068 1195 3135 ((35).

257 3159 346 3221 Τίς
378 3161 439 3212 ού
474 3158 824 3227 κατεκλάσθη
872 3160 969 3228 τὴν
1022 3162 1245 3228 καρδίαν
1300 3162 1410 3220 τοῖς
1468 3160 1764 3231 όδυρμοῖς;

199 3250 277 3311 Τίς
297 3252 355 3302 ού
381 3251 627 3320 παρείθη
663 3254 835 3304 πάντα
860 3252 958 3319 τῆς
993 3251 1193 3321 σαρκὸς
1233 3251 1408 3318 pem;
1464 3253 1607 3312 τίνος
1663 3269 1766 3303 πα-

201 3339 301 3397 ρειά
320 3338 585 3408 δακρύων
622 3341 683 3391 ού
719 3338 1025 3407 πίμπλαται
1055 3357 1069 3405 ;
1099 3339 1177 3399 τίς
1212 3339 1266 3391 δὲ
1310 3343 1407 3391 οὐκ
1454 3342 1763 3392 dissonans--

193 3446 308 3498 τησε
338 3434 450 3493 τοῖς
478 3432 856 3500 κεκριμένοις,
885 3432 979 3483 καὶ
1027 3431 1266 3500 σφοδρῶς
1314 3434 1430 3483 ἐκεῖ
1483 3432 1576 3485 τοῦ
1619 3433 1772 3485 δικά-

198 3519 363 3582 ζοντος
392 3524 697 3585 κατείπεν;
740 3523 879 3573 [ἰᾶσι
910 3522 1016 3591 γὰρ
1055 3522 1224 3583 ἔλεον,
1279 3523 1538 3589 ούμενουν
1576 3525 1771 3576 ὁπόσον

192 3611 346 3661 εἰπεῖν
372 3611 559 3673 ἔστιν,
591 3610 827 3662 ἐνεποίει
867 3608 927 3659 τὸ
967 3609 1274 3677 γινόμενον,
1335 3609 1534 3676 ὁρῶσιν
1594 3612 1769 3660 νεᾶνιν

192 3701 343 3772 καλὴν
374 3704 483 3772 μὲν
550 3704 612 3754 τὸ
670 3700 826 3770 σῶμα
879 3702 973 3753 καὶ
1023 3702 1301 3770 τρυφερὰν
1336 3716 1349 3729 ·

188 3794 490 3862 πνεύματος
528 3793 906 3847 ἀνυποστάτου
934 3792 1360 3860 κατατολμὼσαν
1387 3793 1602 3858 φλογὸς,
1666 3791 1761 3843 καλ⁸

186 3884 514 3953 αἱρουμένην
539 3885 620 3947 εἰς
647 3884 853 3949 τέφραν
870 3882 1062 3934 αὐτίκα
1084 3882 1147 3951 δὴ
1173 3881 1251 3950 τῷ
1271 3882 1401 3950 πνρὶ
1424 3881 1759 3950 διαλυθῆναι,

185 3975 213 4041 ἢ
240 3976 332 4042 τὴν
363 3977 553 4044 αὐτῆς
584 3974 850 4045 προέσθαι
892 3973 1210 4041 παρθενίαν,
1240 3973 1335 4025 καὶ
1380 3973 1470 4025 τὸν
1517 3974 1762 4044 ἁρμοσα-

185 4082 330 4131 μενον
369 4065 842 4133 καταψεύσασθαι
875 4064 1125 4133 Χριστόν.

258 4157 403 4209 Ἐκεῖ
435 4160 543 4210 καὶ
577 4158 761 4217 πασας
790 4152 945 4225 οἶμαι
979 4155 1077 4218 τὰς
1128 4154 1384 4223 δυνάμεις
1443 4154 1551 4210 τῶν
1607 4156 1767 4227 ούρα-

181 4247 273 4301 νών
293 4250 549 4319 ὁρώσας,
598 4249 693 4301 τὸν
723 4247 817 4300 τού
861 4248 1070 4316 ἀγῶνος
1110 4246 1509 4317 ᾠκτειρηκέναι
1552 4250 1776 4320 τρόπον.

1407 3699 1684 3769 προθυμία
1713 3699 1767 3751 δὲ

239 4452 346 4520 (f3)
370 4450 506 4505 τῶν
530 4445 935 4514 ἐστρωμένων
962 4447 1247 4501 ἐπιϐαίνει
1275 4446 1491 4520 ξύλων.
1523 4446 1771 4503 Nondum

1870 2077 2084 2131 prteque
2127 2063 2412 2126 omnibus,
2465 2079 2665 2133 praeses
2712 2065 2825 2133 ipse
2874 2068 2965 2134 qui
3014 2069 3095 2120 sic
3142 2066 3434 2119 absurdam

1870 2162 2033 2223 atque
2074 2155 2314 2224 iniquam
2370 2156 2568 2209 tulerat
2602 2159 2951 2214 sententiain.
2983 2156 3249 2225 Quodque
3292 2158 3435 2223 ligna

1868 2245 1933 2298 ad
1979 2245 2217 2299 fomitem
2266 2256 2454 2314 parata
2491 2255 2669 2312 erant,
2703 2258 3008 2317 cunctaque
3040 2249 3149 2316 jam
3186 2249 3436 2317 expedita

1866 2346 1921 2392 et
1953 2339 2018 2391 ad
2056 2353 2243 2407 rogum
2276 2346 2457 2407 aptata
2492 2350 2667 2405 erant,
2709 2341 2939 2393 adducta
2968 2349 3051 2394 est
3093 2348 3148 2393 et
3188 2338 3387 2392 Thecla
3426 2356 3439 2391 :

1868 2444 2092 2497 remque
2124 2430 2339 2492 miram,
2363 2430 2505 2499 quod
2534 2446 2640 2483 non
2674 2432 2932 2499 expalluit
2955 2434 3019 2485 ad
3052 2432 3191 2501 ignis
3220 2432 3395 2484 minas
3423 2447 3436 2489 :

1870 2535 1977 2572 non
2018 2519 2199 2573 animo
2234 2519 2543 2573 formidavit
2572 2538 2587 2588 ;
2622 2522 2714 2575 sed
2765 2522 2970 2576 intenta
3014 2532 3190 2576 mente
3225 2523 3441 2576 laetans-

1869 2626 1975 2680 que
2024 2611 2076 2663 in
2119 2609 2370 2675 Domino,
2412 2612 2465 2665 in
2508 2628 2667 2681 quem
2718 2612 3046 2674 crediderat,
3101 2612 3437 2683 llerenteque

1871 2702 2019 2754 vultu
2055 2702 2107 2753 in
2139 2702 2330 2755 balneo
2371 2703 2435 2754 ad
2489 2702 2775 2756 lavandum
2802 2703 3056 2757 alacriter
3085 2718 3313 2768 exuens,
3347 2710 3441 2755 aut

1870 2794 2015 2846 velut
2058 2794 2321 2862 genialem
2361 2795 2510 2862 virgo
2552 2795 2750 2848 lectum
2791 2805 3007 2865 petens,
3053 2798 3133 2850 sic
3167 2798 3270 2852 sibi
3305 2810 3443 2850 con-

1871 2886 2116 2955 Slgllillls,
2152 2886 2422 2953 lignorum
2457 2894 2663 2940 struem
2700 2887 3047 2942 conscendit.

1942 3150 2113 3219 Cujus
2160 3166 2267 3205 non
2299 3152 2441 3206 tristi
2472 3153 2677 3223 gemitu
2726 3152 2934 3208 fractus
2969 3152 3228 3209 animus?
3272 3153 3443 3225 Cujus

1875 3257 1981 3295 non
2007 3242 2183 3295 soluta
2218 3244 2401 3296 omnia
2434 3244 2619 3296 carnis
2652 3244 2930 3297 membra?
2960 3244 3129 3312 Cujus
3162 3260 3310 3315 genae
3336 3259 3446 3300 non

1873 3334 2128 3403 laerymis
2151 3333 2416 3402 oppletae?
2448 3333 2583 3398 Quis
2620 3350 2727 3387 non
2762 3334 2982 3402 indigne
3012 3334 3180 3390 ferret
3215 3346 3440 3390 senten-

1870 3426 2021 3487 tiam,
2060 3424 2414 3493 judicemqne
2454 3426 2652 3478 acriter
2690 3432 2840 3478 tanta
2870 3425 2957 3477 illa
2990 3427 3144 3479 turba
3196 3442 3303 3480 non
3350 3442 3441 3481 re-

1872 3516 2236 3586 prehenderet
2257 3516 2523 3571 “iunctis
2555 3518 2699 3570 enim
2731 3518 3162 3583 miserationem,
3183 3528 3444 3587 quantam

1871 3624 1969 3661 nec
2000 3608 2180 3660 verbis
2212 3609 2520 3677 exprimere
2555 3608 2736 3669 liceat,
2789 3624 2875 3662 res
2907 3624 2969 3663 ea
3004 3608 3275 3674 faciebat;
3306 3610 3443 3663 dum

1868 3696 2113 3750 videlicet
2135 3698 2424 3750 formosam
2442 3713 2667 3766 corpore
2688 3712 2749 3751 ac
2763 3698 3046 3751 delicatam
3075 3699 3305 3767 puellam
3363 3701 3445 3751 vi-

1865 3790 2317 3858 derent,spiritus
2334 3791 2634 3854 alacritate,
2652 3792 2928 3860 animique
2956 3792 3165 3845 fervore
3186 3791 3447 3845 intolera-

1864 3881 2022 3935 bilem
2046 3880 2279 3934 incendii
2311 3880 2415 3934 vim
2438 3891 2805 3945 contemnere,
2824 3884 3088 3951 malleque
3113 3883 3163 3935 iu
3200 3881 3439 3935 favillam

1867 3976 2049 4028 statim
2070 3974 2192 4043 igne
2204 3982 2463 4027 exurente
2476 3974 2723 4037 dissolvi,
2737 3990 2897 4041 quam
2916 3974 3276 4042 virginitatem
3292 3988 3449 4026 suam

1872 4067 2122 4137 prodere,
2152 4074 2245 4119 aut
2274 4063 2492 4119 Christo
2520 4081 2721 4135 sponse
2747 4068 2925 4119 datam
2953 4065 3110 4120 fidem
3145 4064 3352 4118 fallere.

1943 4157 2017 4211 lbi
2063 4159 2304 4211 arbitror
2354 4164 2409 4211 et
2455 4157 2709 4211 caelestes
2745 4173 2936 4211 omnes
2976 4163 3276 4225 potestates
3319 4170 3446 4209 cum

1884 4250 2136 4305 viderent
2159 4248 2478 4305 certaminis
2517 4249 2762 4312 modum,
2798 4248 3086 4302 miseratas
3104 4262 3248 4302 esse.
3280 4244 3355 4300 lbi
3395 4252 3452 4299 et

1886 4451 2067 4521 pisces
2095 4446 2434 4519 grandiores,
2491 4446 2593 4521 ipsi
2648 4461 2893 4521 voraces,
2943 4452 3166 4521 utuerat
3220 4442 3456 4498 nocendi-

181 4516 375 4575 sci'licet
398 4534 664 4572 accensa
713 4532 843 4587 pyra
870 4535 881 4569 :
940 4523 1085 4587 quod
1139 4520 1303 4572 etiam
1367 4518 1631 4587 Metaphr.
1662 4521 1735 4572 ait
1763 4537 1778 4584 ;
1814 4525 1857 4581 ι)
1884 4516 2060 4575 solers
2095 4516 2156 4573 ac
2173 4520 2390 4572 curiosa
2419 4518 2600 4571 omnis
2630 4516 2841 4585 generis
2873 4517 3063 4587 bestiis
3110 4529 3251 4568 caeca
3307 4530 3446 4582 gena

180 4593 422 4659 quodque
456 4590 685 4643 desunt
715 4585 923 4659 Graeca.
972 4586 1161 4639 Latina
1210 4585 1561 4656 reprazsento,
1594 4587 1775 4657 Lignis

181 4658 338 4714 autem
367 4662 483 4722 iam
513 4658 844 4717 substratis,
869 4666 1089 4709 tortores
1134 4668 1189 4708 ut
1237 4659 1604 4712 conscenderet
1636 4676 1775 4726 prte-

178 4741 409 4799 cepernnt
448 4747 467 4784 :
535 4726 859 4782 conscendit
905 4726 1025 4799 ille,
1075 4728 1224 4795 signa
1282 4729 1556 4799 sercrucis
1599 4730 1775 4782 carisi—

178 4796 329 4868 gms
355 4818 373 4855 :
399 4802 491 4853 illi
528 4800 725 4868 ignem
760 4796 1090 4868 accendunt,
1145 4807 1274 4861 etc.,
1313 4797 1403 4851 ubi
1452 4799 1587 4852 nihil
1617 4808 1774 4853 extra

181 4864 438 4936 ordinem,
468 4880 532 4924 et
550 4864 679 4937 quo
708 4866 810 4920 sibi
845 4864 1097 4920 Theclam
1157 4882 1342 4921 necem
1404 4868 1654 4923 intulisse
1691 4872 1774 4921 vi-

177 4944 374 4995 dvatitr.
410 4945 512 4995 Sic
550 4939 719 4991 «enim
755 4938 1001 5004 quotidie
1029 4938 1296 5004 jnbentur
1338 4937 1436 4997 rei,
1473 4954 1594 5006 qua:
1631 4950 1769 4992 sunt

182 5013 470 5065 infrrenda:
502 5010 645 5063 neci
690 5010 909 5075 prievia,
941 5009 1040 5075 ipsi
1066 5017 1346 5077 praestare,
1374 5016 1770 5077 praestantque,

181 5084 380 5136 nemine
415 5100 539 5136 rem
593 5078 827 5132 crimini
887 5078 1072 5129 dante.
1135 5080 1202 5128 At
1252 5076 1415 5131 Basil.
1488 5079 1539 5130 in
1601 5076 1772 5146 ipsam

176 5152 269 5216 j'ﬂl
306 5155 357 5204 iu
388 5154 665 5205 sublimn
708 5148 935 5216 _elatam
977 5148 1247 5199 flammam
1286 5147 1546 5201 insiliisse
1581 5158 1775 5201 auctor

180 5214 267 5285 est,
290 5231 667 5287 excusatque
706 5214 970 5287 Paulinus
1004 5218 1253 5284 exemplo
1301 5217 1530 5269 aliarum
1563 5230 1776 5271 sancta-

183 5308 281 5343 nnu
337 5286 699 5345 mulierum.
760 5302 881 5352 qua:
936 5286 1171 5355 Spiritus
1252 5288 1426 5340 sancti
1515 5288 1774 5341 instinctu

184 5362 385 5428 perinde
417 5379 480 5417 se
523 5364 584 5414 in
626 5360 819 5428 ignem
872 5366 963 5407 aut
1014 5372 1209 5428 aquam
1239 5366 1432 5424 sponte
1469 5359 1776 5428 principites

184 5426 487 5486 δεάενυηιε
578 5427 805 5496 quibus
861 5426 1139 5496 omnibus
1183 5427 1480 5492 prmitisset
1552 5426 1775 5493 Thecla,

186 5512 395 5571 utroque
418 5494 737 5567 exemplo,
761 5496 805 5549 si
836 5510 959 5547 vera
997 5496 1084 5548 hic
1112 5494 1179 5548 de
1236 5497 1357 5561 igne
1409 5496 1607 5571 Basilio
1627 5515 1776 5571 guar-

184 5586 280 5625 rata
309 5568 322 5628 Ξ
360 5589 494 5627 nam
520 5575 599 5623 de
633 5574 768 5620 lacu
816 5574 1149 5618 conveniunt
1200 5581 1408 5623 omnes,
1443 5581 1501 5619 se
1536 5568 1589 5619 in
1626 5568 1775 5620 illum

187 5644 499 5712 praecipitem
535 5638 807 5696 dedisse,
845 5635 898 5686 in
937 5651 1042 5712 quo
1067 5644 1120 5687 et
1142 5649 1191 5712 la
1228 5635 1417 5712 phocis
1450 5642 1584 5712 foret
1612 5638 1777 5712 devo-

192 5705 376 5778 randa';
424 5720 815 5782 quaecunque
866 5705 1081 5782 tandem
1140 5705 1245 5757 illa:
1298 5706 1483 5772 phocae
1530 5707 1774 5759 fuerint:

190 5774 461 5849 grandiora
485 5782 659 5836 enim
697 5783 825 5849 cete
866 5782 920 5828 et
960 5774 1341 5849 balenas,quae
1371 5784 1499 5849 sunt
1532 5785 1774 5849 monstra

194 5844 401 5915 marina,
440 5854 499 5906 in
546 5846 729 5906 brevi
789 5845 907 5896 lacu
940 5854 992 5898 et
1027 5854 1219 5915 stagno
1248 5844 1339 5915 ad
1391 5846 1566 5915 ipsimi
1618 5847 1776 5897 thea-

196 5933 337 5993 trum,
376 5940 491 5983 non
530 5921 819 5976 vidcnter
866 5914 1065 5969 servari
1108 5914 1371 5982 potuisse.
1406 5914 1629 5971 Fuerint
1683 5917 1774 5968 alii

1882 4590 2073 4650 tilitas,
2103 4604 2276 4656 eoque
2296 4587 2609 4653 spectaculo
2649 4587 2854 4638 insana:
2906 4586 3076 4651 plebis
3128 4588 3179 4637 in
3240 4588 3461 4656 magnis

1878 4660 2186 4729 quibusque
2213 4656 2463 4729 urbibus,
2494 4656 2672 4729 qualis
2699 4656 3023 4729 ᾼιιιὶ-υοιιιίι.Δ
3043 4655 3289 4729 Orientis
3316 4670 3452 4729 ocu-

1878 4725 1981 4791 lus,
2020 4728 2209 4782 oculos
2240 4727 2515 4795 pascebat.
2550 4728 2665 4793 Ipsa
2698 4725 2881 4779 Basilii
2918 4726 3077 4777 verba
3114 4726 3256 4776 haud
3308 4726 3447 4795 satis

1882 4813 2189 4853 consonare
2219 4792 2511 4860 videntur;
2539 4792 2727 4863 sicque
2772 4810 2881 4847 rem
2930 4805 3135 4856 narrat,
3175 4792 3451 4862 quomodo

1878 4884 2038 4923 nemo
2068 4882 2200 4922 sane
2250 4876 2456 4934 gestant
2518 4866 2826 4933 putaverit:
2880 4864 3103 4934 Πάντων
3160 4863 3461 4934 τοιγαροῦν.

1877 4936 2215 5006 πανταχόθεν
2243 4933 2375 5000 ξύλα
2408 4936 2905 5006 συμφορησὼιτων,
2956 4933 3048 4984 καὶ
3081 4935 3229 5006 λτῆςλ
3254 4933 3451 4999 φλογὸς

1876 5012 1954 5071 εἰς
1984 5002 2148 5061 αὑτὸν
2215 5008 2307 5059 τὸν
2340 5004 2534 5074 αἰθέρα
2585 5002 3022 5073 κορυφωθείσης,
3074 5002 3329 5074 ἐπιϐῆναι
3361 5019 3449 5054 κε-

1877 5078 2090 5131 λεύεται
2112 5079 2176 5145 τῇ
2210 5075 2380 5138 οὕτως
2419 5071 2825 5143 ἐκφλογωθείσῃ
2863 5074 3028 5142 πυρᾷ.
3072 5071 3267 5145 Ligm'a
3327 5089 3452 5125 con-

1880 5149 2017 5216 ferta
2049 5142 2278 5200 omnium
2314 5161 2472 5214 opera
2509 5145 2735 5213 undique
2764 5142 3196 5216 comportatis,et
3230 5142 3455 5216 ﬂamina

1879 5212 1932 5271 in
1964 5220 2133 5284 ipsum
2174 5217 2291 5284 jam
2340 5212 2540 5268 aethera
2585 5212 2695 5266 sese
2754 5213 3083 5284 suuollente,
3130 5226 3318 5284 pyram
3367 5212 3450 5284 ita

1877 5280 2235 5357 ﬂammantem
2261 5286 2403 5354 uirgo
2434 5284 2735 5357 inscendere
2755 5284 2992 5351 jubetur.
3035 5280 3151 5333 Non
3208 5282 3310 5357 hoc
3360 5280 3450 5357 ju-

1881 5350 2011 5412 bent
2060 5350 2370 5416 carnifices,
2397 5370 2495 5408 nec
2522 5368 2650 5406 vero
2681 5356 2978 5406 buniauutu
3026 5360 3111 5405 est
3163 5350 3308 5418 quod
3362 5352 3451 5416 ju-

1879 5429 1991 5483 beri
2026 5426 2219 5479 debeat
2252 5442 2265 5483 ;
2303 5427 2393 5479 sed
2424 5425 2521 5492 ipsi
2561 5423 2942 5491 precipitant,
2973 5422 3073 5475 etsi
3113 5422 3443 5489 quandoque

1880 5500 2095 5552 illorum
2126 5496 2232 5547 vim
2272 5495 2546 5549 nonnulla:
2571 5502 2775 5546 sancite
2832 5492 3090 5545 mulieres
3156 5505 3455 5557 oecupave-

1880 5568 2078 5631 verinl,
2115 5566 2303 5633 sicque
2344 5573 2534 5633 parato
2554 5579 2686 5631 rogo
2745 5563 2875 5633 ipsae
2929 5570 3272 5633 spontenon
3315 5560 3445 5612 abs-

1879 5654 1993 5708 que
2026 5630 2267 5708 ipsorum
2306 5630 2569 5708 tortorum
2611 5630 2834 5700 stupore
2862 5632 3094 5708 immuni
3129 5630 3445 5708 insilieriut,

1882 5699 1939 5761 ut
1965 5706 2031 5758 de
2047 5699 2346 5771 'Apollonia
2378 5705 2618 5773 graviter
2665 5699 2849 5773 uariat
2895 5700 3114 5771 Dionys.
3149 5699 3445 5752 Alexandr.

1881 5768 2155 5842 refv-rtque
2184 5790 2247 5826 ex
2282 5768 2404 5827 illo'
2428 5772 2717 5826 Eusebius.
2766 5768 2941 5823 Etiam
2990 5768 3149 5826 nemo
3202 5778 3448 5824 veterum

1885 5845 2031 5902 istud
2058 5844 2270 5901 Thecltc
2296 5845 2524 5898 adduxit
2554 5842 2609 5896 in
2632 5842 2961 5911 exetnplum.
