  <div class='ocr_page' id='page_1' title='image "/cluster/home/n/w/nwhite01/storage/ocr_20150623/105/nnc1.0046980105/169.png"; bbox 0 0 4180 6434; ppageno 0'>
   <div class='ocr_carea' id='block_1_1' title="bbox 748 331 851 393">
    <p class='ocr_par' dir='ltr' id='par_1_1' title="bbox 748 331 851 393">
     <span class='ocr_line' id='line_1_1' title="bbox 748 331 851 393; baseline 0 0"><span class='ocrx_word' id='word_1_1' title='bbox 748 331 851 393; x_wconf 72' lang='lat'><strong>323</strong></span> 
     </span>
    </p>
   </div>
   <div class='ocr_carea' id='block_1_2' title="bbox 1960 316 2805 385">
    <p class='ocr_par' dir='ltr' id='par_1_2' title="bbox 1960 316 2805 385">
     <span class='ocr_line' id='line_1_2' title="bbox 1960 316 2805 385; baseline -0.007 0"><span class='ocrx_word' id='word_1_2' title='bbox 1960 322 2249 385; x_wconf 67' lang='grc' dir='ltr'><strong>ΝΙΟΕΤΕ</strong></span> <span class='ocrx_word' id='word_1_3' title='bbox 2282 316 2805 383; x_wconf 71' lang='grc' dir='ltr'><strong>ΡΑΡΗιΑοοΝιε</strong></span> 
     </span>
    </p>
   </div>
   <div class='ocr_carea' id='block_1_3' title="bbox 3875 308 3972 377">
    <p class='ocr_par' dir='ltr' id='par_1_3' title="bbox 3875 308 3972 377">
     <span class='ocr_line' id='line_1_3' title="bbox 3875 308 3972 377; baseline -0.031 0"><span class='ocrx_word' id='word_1_4' title='bbox 3875 308 3972 377; x_wconf 67' lang='grc'><strong>324</strong></span> 
     </span>
    </p>
   </div>
   <div class='ocr_carea' id='block_1_4' title="bbox 750 422 2337 510">
    <p class='ocr_par' dir='ltr' id='par_1_4' title="bbox 750 432 2307 510">
     <span class='ocr_line' id='line_1_4' title="bbox 750 432 2307 510; baseline -0.011 -12"><span class='ocrx_word' id='word_1_5' title='bbox 750 454 863 507; x_wconf 83' lang='lat' dir='ltr'><strong>est;</strong></span> <span class='ocrx_word' id='word_1_6' title='bbox 898 440 1057 510; x_wconf 87' lang='lat' dir='ltr'><strong>cujus</strong></span> <span class='ocrx_word' id='word_1_7' title='bbox 1081 439 1325 501; x_wconf 78' lang='lat' dir='ltr'><strong>dorsum,</strong></span> <span class='ocrx_word' id='word_1_8' title='bbox 1349 435 1495 489; x_wconf 90' lang='lat' dir='ltr'><strong>omni</strong></span> <span class='ocrx_word' id='word_1_9' title='bbox 1531 434 1702 503; x_wconf 82' lang='lat' dir='ltr'><strong>major</strong></span> <span class='ocrx_word' id='word_1_10' title='bbox 1724 432 2083 487; x_wconf 72' lang='lat' dir='ltr'><strong>admiratione</strong></span> <span class='ocrx_word' id='word_1_11' title='bbox 2114 432 2307 500; x_wconf 82' lang='lat' dir='ltr'><strong>puella,</strong></span> 
     </span>
    </p>
   </div>
   <div class='ocr_carea' id='block_1_5' title="bbox 2442 422 3971 510">
    <p class='ocr_par' dir='ltr' id='par_1_5' title="bbox 2442 422 3971 499">
     <span class='ocr_line' id='line_1_5' title="bbox 2442 422 3971 499; baseline 0 -20"><span class='ocrx_word' id='word_1_12' title='bbox 2442 428 2711 497; x_wconf 70' lang='grc' dir='ltr'>προσεδέθη</span> <span class='ocrx_word' id='word_1_13' title='bbox 2742 429 2916 499; x_wconf 76' lang='grc' dir='ltr'>πικρᾷ</span> <span class='ocrx_word' id='word_1_14' title='bbox 2937 444 2951 458; x_wconf 80' lang='grc'><strong><em>⁸</em></strong></span> <span class='ocrx_word' id='word_1_15' title='bbox 2982 422 3048 498; x_wconf 78' lang='grc' dir='ltr'>ἦς</span> <span class='ocrx_word' id='word_1_16' title='bbox 3079 427 3171 481; x_wconf 68' lang='grc' dir='ltr'><strong>ἐπὶ</strong></span> <span class='ocrx_word' id='word_1_17' title='bbox 3200 425 3292 479; x_wconf 79' lang='grc' dir='ltr'>τὸν</span> <span class='ocrx_word' id='word_1_18' title='bbox 3322 424 3491 478; x_wconf 81' lang='grc' dir='ltr'>νῶτον</span> <span class='ocrx_word' id='word_1_19' title='bbox 3521 424 3636 495; x_wconf 79' lang='lat'><strong>(66)</strong></span> <span class='ocrx_word' id='word_1_20' title='bbox 3685 424 3719 496; x_wconf 76' lang='grc' dir='ltr'><strong>ἡ</strong></span> <span class='ocrx_word' id='word_1_21' title='bbox 3767 425 3971 496; x_wconf 81' lang='grc' dir='ltr'>θαυμαο</span> 
     </span>
    </p>
   </div>
   <div class='ocr_carea' id='block_1_6' title="bbox 752 525 2313 600">
    <p class='ocr_par' dir='ltr' id='par_1_6' title="bbox 752 525 2313 600">
     <span class='ocr_line' id='line_1_6' title="bbox 752 525 2313 600; baseline -0.008 -13"><span class='ocrx_word' id='word_1_22' title='bbox 752 538 897 587; x_wconf 86' lang='lat' dir='ltr'><strong>velnt</strong></span> <span class='ocrx_word' id='word_1_23' title='bbox 950 531 1072 600; x_wconf 84' lang='lat' dir='ltr'><strong>equi</strong></span> <span class='ocrx_word' id='word_1_24' title='bbox 1108 530 1245 583; x_wconf 88' lang='lat' dir='ltr'><strong>lenis</strong></span> <span class='ocrx_word' id='word_1_25' title='bbox 1304 541 1631 589; x_wconf 86' lang='lat' dir='ltr'><strong>conscensu,</strong></span> <span class='ocrx_word' id='word_1_26' title='bbox 1666 526 1746 580; x_wconf 90' lang='lat' dir='ltr'><strong>sic</strong></span> <span class='ocrx_word' id='word_1_27' title='bbox 1803 526 1989 579; x_wconf 89' lang='lat' dir='ltr'><strong>sedate</strong></span> <span class='ocrx_word' id='word_1_28' title='bbox 2026 538 2091 578; x_wconf 83' lang='lat' dir='ltr'><strong>ac</strong></span> <span class='ocrx_word' id='word_1_29' title='bbox 2123 525 2313 578; x_wconf 85' lang='lat' dir='ltr'><strong>incorr-</strong></span> 
     </span>
    </p>
   </div>
   <div class='ocr_carea' id='block_1_7' title="bbox 752 614 2316 686">
    <p class='ocr_par' dir='ltr' id='par_1_7' title="bbox 752 614 2316 686">
     <span class='ocr_line' id='line_1_7' title="bbox 752 614 2316 686; baseline -0.01 -5"><span class='ocrx_word' id='word_1_30' title='bbox 752 641 913 681; x_wconf 87' lang='lat' dir='ltr'><strong>cusse</strong></span> <span class='ocrx_word' id='word_1_31' title='bbox 941 622 1259 676; x_wconf 73' lang='lat' dir='ltr'><strong>vehebatur.</strong></span> <span class='ocrx_word' id='word_1_32' title='bbox 1294 619 1472 673; x_wconf 86' lang='lat' dir='ltr'><strong>Bestia</strong></span> <span class='ocrx_word' id='word_1_33' title='bbox 1501 628 1653 679; x_wconf 84' lang='lat' dir='ltr'><strong>vero,</strong></span> <span class='ocrx_word' id='word_1_34' title='bbox 1682 616 1838 686; x_wconf 89' lang='lat' dir='ltr'><strong>quasi</strong></span> <span class='ocrx_word' id='word_1_35' title='bbox 1867 630 2022 669; x_wconf 89' lang='lat' dir='ltr'><strong>suam</strong></span> <span class='ocrx_word' id='word_1_36' title='bbox 2061 615 2179 683; x_wconf 88' lang='lat' dir='ltr'><strong>ipsa</strong></span> <span class='ocrx_word' id='word_1_37' title='bbox 2230 614 2316 666; x_wconf 90' lang='lat' dir='ltr'><strong>in-</strong></span> 
     </span>
    </p>
   </div>
   <div class='ocr_carea' id='block_1_8' title="bbox 2422 518 3971 590">
    <p class='ocr_par' dir='ltr' id='par_1_8' title="bbox 2422 518 3971 590">
     <span class='ocr_line' id='line_1_8' title="bbox 2422 518 3971 590; baseline -0.001 -18"><span class='ocrx_word' id='word_1_38' title='bbox 2422 520 2658 589; x_wconf 83' lang='grc' dir='ltr'>σιωτάτη</span> <span class='ocrx_word' id='word_1_39' title='bbox 2687 520 2844 588; x_wconf 84' lang='grc' dir='ltr'>κόρη,</span> <span class='ocrx_word' id='word_1_40' title='bbox 2881 520 3131 590; x_wconf 85' lang='grc' dir='ltr'>καθάπερ</span> <span class='ocrx_word' id='word_1_41' title='bbox 3162 522 3247 589; x_wconf 77' lang='grc' dir='ltr'>ἐφ’</span> <span class='ocrx_word' id='word_1_42' title='bbox 3276 519 3441 570; x_wconf 79' lang='grc' dir='ltr'>ἵππου</span> <span class='ocrx_word' id='word_1_43' title='bbox 3471 518 3689 587; x_wconf 83' lang='grc' dir='ltr'>πραέως</span> <span class='ocrx_word' id='word_1_44' title='bbox 3715 518 3971 581; x_wconf 81' lang='grc' dir='ltr'>ἀναϐᾶσα,</span> 
     </span>
    </p>
   </div>
   <div class='ocr_carea' id='block_1_9' title="bbox 2422 609 3975 680">
    <p class='ocr_par' dir='ltr' id='par_1_9' title="bbox 2422 609 3975 680">
     <span class='ocr_line' id='line_1_9' title="bbox 2422 609 3975 680; baseline -0.002 -18"><span class='ocrx_word' id='word_1_45' title='bbox 2422 611 2677 679; x_wconf 80' lang='grc' dir='ltr'>γαληνῶς</span> <span class='ocrx_word' id='word_1_46' title='bbox 2702 611 2901 663; x_wconf 79' lang='grc' dir='ltr'>οὑτωσὶ</span> <span class='ocrx_word' id='word_1_47' title='bbox 2932 612 3023 663; x_wconf 74' lang='grc' dir='ltr'>καὶ</span> <span class='ocrx_word' id='word_1_48' title='bbox 3054 611 3429 680; x_wconf 83' lang='grc' dir='ltr'>ἀδιατρέπτως</span> <span class='ocrx_word' id='word_1_49' title='bbox 3452 610 3711 676; x_wconf 79' lang='grc' dir='ltr'>ἐπωχέῖτο</span> <span class='ocrx_word' id='word_1_50' title='bbox 3743 625 3756 639; x_wconf 90' lang='grc'><strong>·</strong></span> <span class='ocrx_word' id='word_1_51' title='bbox 3788 609 3845 661; x_wconf 83' lang='grc' dir='ltr'>τὸ</span> <span class='ocrx_word' id='word_1_52' title='bbox 3888 609 3975 678; x_wconf 71' lang='grc' dir='ltr'>θη-</span> 
     </span>
    </p>
   </div>
   <div class='ocr_carea' id='block_1_10' title="bbox 752 699 2337 778">
    <p class='ocr_par' dir='ltr' id='par_1_10' title="bbox 752 705 2320 778">
     <span class='ocr_line' id='line_1_10' title="bbox 752 705 2320 778; baseline -0.008 -9"><span class='ocrx_word' id='word_1_53' title='bbox 752 717 927 769; x_wconf 88' lang='lat' dir='ltr'><strong>dolern</strong></span> <span class='ocrx_word' id='word_1_54' title='bbox 974 711 1163 772; x_wconf 88' lang='lat' dir='ltr'><strong>oblita,</strong></span> <span class='ocrx_word' id='word_1_55' title='bbox 1209 709 1487 778; x_wconf 85' lang='lat' dir='ltr'><strong>speciosos</strong></span> <span class='ocrx_word' id='word_1_56' title='bbox 1541 721 1605 761; x_wconf 90' lang='lat' dir='ltr'><strong>ac</strong></span> <span class='ocrx_word' id='word_1_57' title='bbox 1667 705 2026 774; x_wconf 82' lang='lat' dir='ltr'><strong>triumphales</strong></span> <span class='ocrx_word' id='word_1_58' title='bbox 2068 706 2233 774; x_wconf 82' lang='lat' dir='ltr'><strong>pedes</strong></span> <span class='ocrx_word' id='word_1_59' title='bbox 2263 705 2320 773; x_wconf 83' lang='grc' dir='ltr'><strong>(ο</strong></span> 
     </span>
    </p>
   </div>
   <div class='ocr_carea' id='block_1_11' title="bbox 2442 699 3975 778">
    <p class='ocr_par' dir='ltr' id='par_1_11' title="bbox 2442 699 3975 770">
     <span class='ocr_line' id='line_1_11' title="bbox 2442 699 3975 770; baseline 0 -19"><span class='ocrx_word' id='word_1_60' title='bbox 2442 702 2535 753; x_wconf 61' lang='grc' dir='ltr'>δίον</span> <span class='ocrx_word' id='word_1_61' title='bbox 2563 700 2638 763; x_wconf 84' lang='grc' dir='ltr'>δὲ,</span> <span class='ocrx_word' id='word_1_62' title='bbox 2668 703 2764 770; x_wconf 81' lang='grc' dir='ltr'>τῆς</span> <span class='ocrx_word' id='word_1_63' title='bbox 2792 700 2963 753; x_wconf 76' lang='grc' dir='ltr'>αὑτοῦ</span> <span class='ocrx_word' id='word_1_64' title='bbox 3001 701 3211 769; x_wconf 78' lang='grc' dir='ltr'>φύσεως</span> <span class='ocrx_word' id='word_1_65' title='bbox 3242 700 3428 770; x_wconf 84' lang='grc' dir='ltr'>ὥσπερ</span> <span class='ocrx_word' id='word_1_66' title='bbox 3471 702 3550 763; x_wconf 84' lang='grc' dir='ltr'><strong>είς</strong></span> <span class='ocrx_word' id='word_1_67' title='bbox 3598 699 3769 769; x_wconf 82' lang='grc' dir='ltr'>λήθην</span> <span class='ocrx_word' id='word_1_68' title='bbox 3813 699 3975 762; x_wconf 69' lang='grc' dir='ltr'>ἐλθὸν,</span> 
     </span>
    </p>
   </div>
   <div class='ocr_carea' id='block_1_12' title="bbox 753 796 2317 870">
    <p class='ocr_par' dir='ltr' id='par_1_12' title="bbox 753 796 2317 870">
     <span class='ocr_line' id='line_1_12' title="bbox 753 796 2317 870; baseline -0.006 -13"><span class='ocrx_word' id='word_1_69' title='bbox 753 802 1112 858; x_wconf 84' lang='lat' dir='ltr'><strong>miraculum!</strong></span> <span class='ocrx_word' id='word_1_70' title='bbox 1144 818 1176 855; x_wconf 91' lang='grc' dir='ltr'><strong>ο</strong></span> <span class='ocrx_word' id='word_1_71' title='bbox 1216 799 1397 870; x_wconf 79' lang='lat' dir='ltr'><strong>papuli</strong></span> <span class='ocrx_word' id='word_1_72' title='bbox 1429 798 1725 851; x_wconf 87' lang='lat' dir='ltr'><strong>clamorem</strong></span> <span class='ocrx_word' id='word_1_73' title='bbox 1758 810 1821 849; x_wconf 83' lang='lat' dir='ltr'><strong>ac</strong></span> <span class='ocrx_word' id='word_1_74' title='bbox 1869 796 2208 863; x_wconf 84' lang='lat' dir='ltr'><strong>stuporem!)</strong></span> <span class='ocrx_word' id='word_1_75' title='bbox 2240 796 2317 848; x_wconf 89' lang='lat' dir='ltr'><strong>le-</strong></span> 
     </span>
    </p>
   </div>
   <div class='ocr_carea' id='block_1_13' title="bbox 752 888 2317 961">
    <p class='ocr_par' dir='ltr' id='par_1_13' title="bbox 752 888 2317 961">
     <span class='ocr_line' id='line_1_13' title="bbox 752 888 2317 961; baseline -0.006 -10"><span class='ocrx_word' id='word_1_76' title='bbox 752 899 894 951; x_wconf 83' lang='lat' dir='ltr'><strong>niter</strong></span> <span class='ocrx_word' id='word_1_77' title='bbox 917 909 1184 949; x_wconf 82' lang='lat' dir='ltr'><strong>conversa</strong></span> <span class='ocrx_word' id='word_1_78' title='bbox 1207 892 1685 961; x_wconf 89' lang='lat' dir='ltr'><strong>circumlingebat,</strong></span> <span class='ocrx_word' id='word_1_79' title='bbox 1716 888 1792 943; x_wconf 84' lang='lat' dir='ltr'><strong>Ne</strong></span> <span class='ocrx_word' id='word_1_80' title='bbox 1820 890 1947 959; x_wconf 89' lang='lat' dir='ltr'><strong>quis</strong></span> <span class='ocrx_word' id='word_1_81' title='bbox 1975 904 2104 942; x_wconf 90' lang='lat' dir='ltr'><strong>vero</strong></span> <span class='ocrx_word' id='word_1_82' title='bbox 2138 889 2317 941; x_wconf 88' lang='lat' dir='ltr'><strong>incre-</strong></span> 
     </span>
    </p>
   </div>
   <div class='ocr_carea' id='block_1_14' title="bbox 754 980 2319 1053">
    <p class='ocr_par' dir='ltr' id='par_1_14' title="bbox 754 980 2319 1053">
     <span class='ocr_line' id='line_1_14' title="bbox 754 980 2319 1053; baseline -0.006 -11"><span class='ocrx_word' id='word_1_83' title='bbox 754 990 997 1042; x_wconf 75' lang='lat' dir='ltr'><strong>dulitatis</strong></span> <span class='ocrx_word' id='word_1_84' title='bbox 1053 988 1137 1040; x_wconf 90' lang='lat' dir='ltr'><strong>hic</strong></span> <span class='ocrx_word' id='word_1_85' title='bbox 1188 984 1612 1053; x_wconf 73' lang='lat' dir='ltr'><strong>cogitationibus</strong></span> <span class='ocrx_word' id='word_1_86' title='bbox 1679 980 1914 1035; x_wconf 81' lang='lat' dir='ltr'><strong>fatiscat.</strong></span> <span class='ocrx_word' id='word_1_87' title='bbox 1972 980 2107 1033; x_wconf 89' lang='lat' dir='ltr'><strong>Cum</strong></span> <span class='ocrx_word' id='word_1_88' title='bbox 2173 981 2319 1033; x_wconf 89' lang='lat' dir='ltr'><strong>enim</strong></span> 
     </span>
    </p>
   </div>
   <div class='ocr_carea' id='block_1_15' title="bbox 756 1071 2318 1148">
    <p class='ocr_par' dir='ltr' id='par_1_15' title="bbox 756 1071 2318 1148">
     <span class='ocr_line' id='line_1_15' title="bbox 756 1071 2318 1148; baseline -0.008 -15"><span class='ocrx_word' id='word_1_89' title='bbox 756 1081 995 1148; x_wconf 75' lang='lat' dir='ltr'><strong>Spiritus</strong></span> <span class='ocrx_word' id='word_1_90' title='bbox 1018 1086 1240 1130; x_wconf 86' lang='lat' dir='ltr'><strong>sanctus</strong></span> <span class='ocrx_word' id='word_1_91' title='bbox 1265 1076 1511 1129; x_wconf 77' lang='lat' dir='ltr'><strong>velutrex</strong></span> <span class='ocrx_word' id='word_1_92' title='bbox 1535 1087 1763 1140; x_wconf 86' lang='lat' dir='ltr'><strong>magnus</strong></span> <span class='ocrx_word' id='word_1_93' title='bbox 1792 1087 1884 1141; x_wconf 91' lang='lat' dir='ltr'><strong>per</strong></span> <span class='ocrx_word' id='word_1_94' title='bbox 1905 1082 2120 1125; x_wconf 84' lang='lat' dir='ltr'><strong>sanctos</strong></span> <span class='ocrx_word' id='word_1_95' title='bbox 2147 1071 2318 1134; x_wconf 87' lang='lat' dir='ltr'><strong>adest,</strong></span> 
     </span>
    </p>
   </div>
   <div class='ocr_carea' id='block_1_16' title="bbox 753 1161 2319 1232">
    <p class='ocr_par' dir='ltr' id='par_1_16' title="bbox 753 1161 2319 1232">
     <span class='ocr_line' id='line_1_16' title="bbox 753 1161 2319 1232; baseline -0.005 -8"><span class='ocrx_word' id='word_1_96' title='bbox 753 1171 1174 1224; x_wconf 86' lang='lat' dir='ltr'><strong>contremiscere</strong></span> <span class='ocrx_word' id='word_1_97' title='bbox 1196 1167 1341 1220; x_wconf 81' lang='lat' dir='ltr'><strong>novit</strong></span> <span class='ocrx_word' id='word_1_98' title='bbox 1369 1166 1663 1218; x_wconf 80' lang='lat' dir='ltr'><strong>bestiarum</strong></span> <span class='ocrx_word' id='word_1_99' title='bbox 1693 1164 1918 1232; x_wconf 83' lang='lat' dir='ltr'><strong>spiritus</strong></span> <span class='ocrx_word' id='word_1_100' title='bbox 1940 1171 1992 1214; x_wconf 90' lang='lat' dir='ltr'><strong>et</strong></span> <span class='ocrx_word' id='word_1_101' title='bbox 2015 1161 2319 1230; x_wconf 81' lang='lat' dir='ltr'><strong>quiescere,</strong></span> 
     </span>
    </p>
   </div>
   <div class='ocr_carea' id='block_1_17' title="bbox 752 1256 2185 1332">
    <p class='ocr_par' dir='ltr' id='par_1_17' title="bbox 752 1256 2185 1332">
     <span class='ocr_line' id='line_1_17' title="bbox 752 1256 2185 1332; baseline -0.008 -15"><span class='ocrx_word' id='word_1_102' title='bbox 752 1278 927 1332; x_wconf 76' lang='lat' dir='ltr'><strong>exque</strong></span> <span class='ocrx_word' id='word_1_103' title='bbox 957 1260 1341 1330; x_wconf 85' lang='lat' dir='ltr'><strong>omnipotentis</strong></span> <span class='ocrx_word' id='word_1_104' title='bbox 1374 1257 1590 1311; x_wconf 85' lang='lat' dir='ltr'><strong>consilii</strong></span> <span class='ocrx_word' id='word_1_105' title='bbox 1618 1256 1917 1309; x_wconf 80' lang='lat' dir='ltr'><strong>rationibus</strong></span> <span class='ocrx_word' id='word_1_106' title='bbox 1944 1268 2185 1309; x_wconf 80' lang='lat' dir='ltr'><strong>cessare.</strong></span> 
     </span>
    </p>
   </div>
   <div class='ocr_carea' id='block_1_18' title="bbox 828 1513 2321 1588">
    <p class='ocr_par' dir='ltr' id='par_1_18' title="bbox 828 1513 2321 1588">
     <span class='ocr_line' id='line_1_18' title="bbox 828 1513 2321 1588; baseline -0.003 -16"><span class='ocrx_word' id='word_1_107' title='bbox 828 1519 1003 1588; x_wconf 84' lang='lat' dir='ltr'><strong>llnjus</strong></span> <span class='ocrx_word' id='word_1_108' title='bbox 1050 1521 1229 1588; x_wconf 89' lang='lat' dir='ltr'><strong>itaque</strong></span> <span class='ocrx_word' id='word_1_109' title='bbox 1282 1517 1471 1585; x_wconf 85' lang='lat' dir='ltr'><strong>agonis</strong></span> <span class='ocrx_word' id='word_1_110' title='bbox 1508 1517 1707 1570; x_wconf 91' lang='lat' dir='ltr'><strong>luctam</strong></span> <span class='ocrx_word' id='word_1_111' title='bbox 1765 1515 1910 1570; x_wconf 80' lang='lat' dir='ltr'><strong>velut</strong></span> <span class='ocrx_word' id='word_1_112' title='bbox 1954 1513 2321 1568; x_wconf 87' lang='lat' dir='ltr'><strong>rudimentum</strong></span> 
     </span>
    </p>
   </div>
   <div class='ocr_carea' id='block_1_19' title="bbox 755 1608 2323 1683">
    <p class='ocr_par' dir='ltr' id='par_1_19' title="bbox 755 1608 2323 1683">
     <span class='ocr_line' id='line_1_19' title="bbox 755 1608 2323 1683; baseline -0.005 -18"><span class='ocrx_word' id='word_1_113' title='bbox 755 1614 1027 1683; x_wconf 83' lang='lat' dir='ltr'><strong>quoddam</strong></span> <span class='ocrx_word' id='word_1_114' title='bbox 1075 1612 1337 1665; x_wconf 88' lang='lat' dir='ltr'><strong>adversus</strong></span> <span class='ocrx_word' id='word_1_115' title='bbox 1400 1609 1686 1663; x_wconf 83' lang='lat' dir='ltr'><strong>fortissimi</strong></span> <span class='ocrx_word' id='word_1_116' title='bbox 1762 1608 1999 1677; x_wconf 86' lang='lat' dir='ltr'><strong>pectoris</strong></span> <span class='ocrx_word' id='word_1_117' title='bbox 2059 1608 2323 1676; x_wconf 73' lang='lat' dir='ltr'><strong>virginem</strong></span> 
     </span>
    </p>
   </div>
   <div class='ocr_carea' id='block_1_20' title="bbox 758 1698 2320 1767">
    <p class='ocr_par' dir='ltr' id='par_1_20' title="bbox 758 1698 2320 1767">
     <span class='ocr_line' id='line_1_20' title="bbox 758 1698 2320 1767; baseline -0.005 -10"><span class='ocrx_word' id='word_1_118' title='bbox 758 1720 879 1757; x_wconf 89' lang='lat' dir='ltr'><strong>curn</strong></span> <span class='ocrx_word' id='word_1_119' title='bbox 909 1702 1247 1763; x_wconf 66' lang='lat' dir='ltr'><strong>statuissent,</strong></span> <span class='ocrx_word' id='word_1_120' title='bbox 1278 1701 1574 1753; x_wconf 87' lang='lat' dir='ltr'><strong>bestiarum</strong></span> <span class='ocrx_word' id='word_1_121' title='bbox 1607 1700 1865 1767; x_wconf 88' lang='lat' dir='ltr'><strong>deinceps</strong></span> <span class='ocrx_word' id='word_1_122' title='bbox 1893 1698 2320 1753; x_wconf 68' lang='lat' dir='ltr'><strong>saevissimarurn</strong></span> 
     </span>
    </p>
   </div>
   <div class='ocr_carea' id='block_1_21' title="bbox 2418 790 3975 865">
    <p class='ocr_par' dir='ltr' id='par_1_21' title="bbox 2418 790 3975 865">
     <span class='ocr_line' id='line_1_21' title="bbox 2418 790 3975 865; baseline -0.001 -21"><span class='ocrx_word' id='word_1_123' title='bbox 2418 794 2545 855; x_wconf 80' lang='grc' dir='ltr'>τοὺς</span> <span class='ocrx_word' id='word_1_124' title='bbox 2575 792 2809 861; x_wconf 78' lang='grc' dir='ltr'><strong>ὡραίους</strong></span> <span class='ocrx_word' id='word_1_125' title='bbox 2842 794 2935 846; x_wconf 79' lang='grc' dir='ltr'>καὶ</span> <span class='ocrx_word' id='word_1_126' title='bbox 2959 794 3348 865; x_wconf 72' lang='grc' dir='ltr'>ἀθλοφορικοὺς</span> <span class='ocrx_word' id='word_1_127' title='bbox 3376 792 3544 854; x_wconf 88' lang='grc' dir='ltr'>πόδας</span> <span class='ocrx_word' id='word_1_128' title='bbox 3615 790 3681 859; x_wconf 82' lang='grc' dir='ltr'><strong>(ὣ</strong></span> <span class='ocrx_word' id='word_1_129' title='bbox 3709 790 3803 843; x_wconf 88' lang='grc' dir='ltr'><strong>τοῦ</strong></span> <span class='ocrx_word' id='word_1_130' title='bbox 3846 791 3975 843; x_wconf 68' lang='lat' dir='ltr'><strong>Oari-</strong></span> 
     </span>
    </p>
   </div>
   <div class='ocr_carea' id='block_1_22' title="bbox 2423 880 3982 953">
    <p class='ocr_par' dir='ltr' id='par_1_22' title="bbox 2423 880 3982 953">
     <span class='ocr_line' id='line_1_22' title="bbox 2423 880 3982 953; baseline -0.003 -18"><span class='ocrx_word' id='word_1_131' title='bbox 2423 886 2628 952; x_wconf 73' lang='grc' dir='ltr'>ματοςε</span> <span class='ocrx_word' id='word_1_132' title='bbox 2661 883 2706 934; x_wconf 83' lang='grc' dir='ltr'><strong>ὣ</strong></span> <span class='ocrx_word' id='word_1_133' title='bbox 2744 884 2840 952; x_wconf 83' lang='grc' dir='ltr'>τῆς</span> <span class='ocrx_word' id='word_1_134' title='bbox 2863 884 2955 936; x_wconf 83' lang='grc' dir='ltr'><strong>τοῦ</strong></span> <span class='ocrx_word' id='word_1_135' title='bbox 2984 886 3157 953; x_wconf 89' lang='grc' dir='ltr'>δήμου</span> <span class='ocrx_word' id='word_1_136' title='bbox 3204 883 3452 953; x_wconf 77' lang='grc' dir='ltr'><strong>κραυγῆς</strong></span> <span class='ocrx_word' id='word_1_137' title='bbox 3494 883 3588 934; x_wconf 78' lang='grc' dir='ltr'>καὶ</span> <span class='ocrx_word' id='word_1_138' title='bbox 3633 882 3732 951; x_wconf 83' lang='grc' dir='ltr'>τῆς</span> <span class='ocrx_word' id='word_1_139' title='bbox 3789 880 3982 949; x_wconf 79' lang='grc' dir='ltr'>ἐκπλή-</span> 
     </span>
    </p>
   </div>
   <div class='ocr_carea' id='block_1_23' title="bbox 2421 974 3981 1046">
    <p class='ocr_par' dir='ltr' id='par_1_23' title="bbox 2421 974 3981 1046">
     <span class='ocr_line' id='line_1_23' title="bbox 2421 974 3981 1046; baseline -0.001 -19"><span class='ocrx_word' id='word_1_140' title='bbox 2421 976 2554 1041; x_wconf 80' lang='grc' dir='ltr'>ξεως</span> <span class='ocrx_word' id='word_1_141' title='bbox 2585 978 2622 1045; x_wconf 81' lang='lat' dir='ltr'><strong>l)</strong></span> <span class='ocrx_word' id='word_1_142' title='bbox 2650 976 3108 1045; x_wconf 78' lang='grc' dir='ltr'><strong>ἐπιστρεφόμενον</strong></span> <span class='ocrx_word' id='word_1_143' title='bbox 3159 977 3341 1046; x_wconf 67' lang='grc' dir='ltr'>ἡρέμα</span> <span class='ocrx_word' id='word_1_144' title='bbox 3384 974 3790 1046; x_wconf 83' lang='grc' dir='ltr'>περιελιχμᾶτο.</span> <span class='ocrx_word' id='word_1_145' title='bbox 3833 974 3981 1025; x_wconf 79' lang='grc' dir='ltr'>Ἀλλά</span> 
     </span>
    </p>
   </div>
   <div class='ocr_carea' id='block_1_24' title="bbox 2425 1065 3979 1135">
    <p class='ocr_par' dir='ltr' id='par_1_24' title="bbox 2425 1065 3979 1135">
     <span class='ocr_line' id='line_1_24' title="bbox 2425 1065 3979 1135; baseline -0.001 -16"><span class='ocrx_word' id='word_1_146' title='bbox 2425 1068 2613 1135; x_wconf 79' lang='grc' dir='ltr'>μηδεὶς</span> <span class='ocrx_word' id='word_1_147' title='bbox 2671 1068 2763 1122; x_wconf 81' lang='grc' dir='ltr'>ἐπὶ</span> <span class='ocrx_word' id='word_1_148' title='bbox 2815 1066 3025 1129; x_wconf 77' lang='grc' dir='ltr'><strong>τούτοις</strong></span> <span class='ocrx_word' id='word_1_149' title='bbox 3073 1069 3327 1131; x_wconf 77' lang='grc' dir='ltr'><strong>ἀπιστίας</strong></span> <span class='ocrx_word' id='word_1_150' title='bbox 3386 1066 3639 1135; x_wconf 81' lang='grc' dir='ltr'>καμνέτω</span> <span class='ocrx_word' id='word_1_151' title='bbox 3688 1065 3979 1133; x_wconf 76' lang='grc' dir='ltr'><strong>λογισμοῖς.</strong></span> 
     </span>
    </p>
   </div>
   <div class='ocr_carea' id='block_1_25' title="bbox 2424 1149 3978 1225">
    <p class='ocr_par' dir='ltr' id='par_1_25' title="bbox 2424 1149 3978 1225">
     <span class='ocr_line' id='line_1_25' title="bbox 2424 1149 3978 1225; baseline -0.003 -18"><span class='ocrx_word' id='word_1_152' title='bbox 2424 1155 2738 1224; x_wconf 72' lang='grc' dir='ltr'>Πνεῦματος</span> <span class='ocrx_word' id='word_1_153' title='bbox 2767 1156 2874 1225; x_wconf 82' lang='grc' dir='ltr'><strong>γάρ</strong></span> <span class='ocrx_word' id='word_1_154' title='bbox 2893 1156 3044 1220; x_wconf 82' lang='grc' dir='ltr'>ἁγίου</span> <span class='ocrx_word' id='word_1_155' title='bbox 3076 1155 3164 1207; x_wconf 70' lang='grc' dir='ltr'><strong>διὰ</strong></span> <span class='ocrx_word' id='word_1_156' title='bbox 3234 1155 3339 1207; x_wconf 87' lang='grc' dir='ltr'><strong>τῶν</strong></span> <span class='ocrx_word' id='word_1_157' title='bbox 3369 1155 3539 1221; x_wconf 81' lang='grc' dir='ltr'>ἁγίων</span> <span class='ocrx_word' id='word_1_158' title='bbox 3596 1149 3682 1207; x_wconf 75' lang='grc' dir='ltr'>οἷα</span> <span class='ocrx_word' id='word_1_159' title='bbox 3748 1152 3978 1222; x_wconf 80' lang='grc' dir='ltr'>μεγάλου</span> 
     </span>
    </p>
   </div>
   <div class='ocr_carea' id='block_1_26' title="bbox 2424 1242 3986 1316">
    <p class='ocr_par' dir='ltr' id='par_1_26' title="bbox 2424 1242 3986 1316">
     <span class='ocr_line' id='line_1_26' title="bbox 2424 1242 3986 1316; baseline -0.002 -18"><span class='ocrx_word' id='word_1_160' title='bbox 2424 1248 2689 1315; x_wconf 74' lang='grc' dir='ltr'>παρόντος</span> <span class='ocrx_word' id='word_1_161' title='bbox 2723 1247 3005 1316; x_wconf 84' lang='grc' dir='ltr'>βασιλέως,</span> <span class='ocrx_word' id='word_1_162' title='bbox 3035 1242 3175 1298; x_wconf 76' lang='grc' dir='ltr'>οἶδεν</span> <span class='ocrx_word' id='word_1_163' title='bbox 3199 1247 3412 1316; x_wconf 87' lang='grc' dir='ltr'>πνεῦμα</span> <span class='ocrx_word' id='word_1_164' title='bbox 3427 1246 3685 1315; x_wconf 76' lang='grc' dir='ltr'>θηριῶδες</span> <span class='ocrx_word' id='word_1_165' title='bbox 3715 1246 3986 1312; x_wconf 78' lang='grc' dir='ltr'>ὑποπτήσ-</span> 
     </span>
    </p>
   </div>
   <div class='ocr_carea' id='block_1_27' title="bbox 2425 1337 3985 1407">
    <p class='ocr_par' dir='ltr' id='par_1_27' title="bbox 2425 1337 3985 1407">
     <span class='ocr_line' id='line_1_27' title="bbox 2425 1337 3985 1407; baseline -0.001 -18"><span class='ocrx_word' id='word_1_166' title='bbox 2425 1354 2536 1390; x_wconf 90' lang='grc' dir='ltr'>σειν</span> <span class='ocrx_word' id='word_1_167' title='bbox 2553 1340 2646 1389; x_wconf 73' lang='grc' dir='ltr'>καὶ</span> <span class='ocrx_word' id='word_1_168' title='bbox 2671 1340 2921 1407; x_wconf 77' lang='grc' dir='ltr'>ἠρεμεῖν,</span> <span class='ocrx_word' id='word_1_169' title='bbox 2942 1339 3033 1390; x_wconf 77' lang='grc' dir='ltr'>καὶ</span> <span class='ocrx_word' id='word_1_170' title='bbox 3076 1340 3155 1401; x_wconf 78' lang='grc' dir='ltr'><strong>εἰς</strong></span> <span class='ocrx_word' id='word_1_171' title='bbox 3203 1337 3476 1407; x_wconf 82' lang='grc' dir='ltr'>πανσθενῆ</span> <span class='ocrx_word' id='word_1_172' title='bbox 3498 1337 3826 1391; x_wconf 78' lang='grc' dir='ltr'>διατίθεσθαι</span> <span class='ocrx_word' id='word_1_173' title='bbox 3866 1337 3985 1405; x_wconf 73' lang='grc' dir='ltr'>βου-</span> 
     </span>
    </p>
   </div>
   <div class='ocr_carea' id='block_1_28' title="bbox 2424 1429 2543 1497">
    <p class='ocr_par' dir='ltr' id='par_1_28' title="bbox 2424 1429 2543 1497">
     <span class='ocr_line' id='line_1_28' title="bbox 2424 1429 2543 1497; baseline 0.017 -19"><span class='ocrx_word' id='word_1_174' title='bbox 2424 1429 2543 1497; x_wconf 84' lang='grc' dir='ltr'>λήν.</span> 
     </span>
    </p>
   </div>
   <div class='ocr_carea' id='block_1_29' title="bbox 2492 1512 3989 1586">
    <p class='ocr_par' dir='ltr' id='par_1_29' title="bbox 2492 1512 3989 1586">
     <span class='ocr_line' id='line_1_29' title="bbox 2492 1512 3989 1586; baseline -0.001 -17"><span class='ocrx_word' id='word_1_175' title='bbox 2492 1516 2695 1570; x_wconf 84' lang='grc' dir='ltr'>Τούτου</span> <span class='ocrx_word' id='word_1_176' title='bbox 2729 1515 2829 1586; x_wconf 84' lang='grc' dir='ltr'>μὲν</span> <span class='ocrx_word' id='word_1_177' title='bbox 2852 1516 2945 1569; x_wconf 87' lang='grc' dir='ltr'><strong>τοῦ</strong></span> <span class='ocrx_word' id='word_1_178' title='bbox 2964 1517 3174 1583; x_wconf 89' lang='grc' dir='ltr'>ἀγῶνος</span> <span class='ocrx_word' id='word_1_179' title='bbox 3204 1512 3315 1570; x_wconf 72' lang='grc' dir='ltr'>οἷόν</span> <span class='ocrx_word' id='word_1_180' title='bbox 3348 1534 3399 1570; x_wconf 88' lang='grc' dir='ltr'><strong>τι</strong></span> <span class='ocrx_word' id='word_1_181' title='bbox 3420 1517 3825 1586; x_wconf 75' lang='grc' dir='ltr'>προγύμνασμα</span> <span class='ocrx_word' id='word_1_182' title='bbox 3854 1517 3989 1568; x_wconf 70' lang='grc' dir='ltr'>κατὶ</span> 
     </span>
    </p>
   </div>
   <div class='ocr_carea' id='block_1_30' title="bbox 2423 1608 3987 1678">
    <p class='ocr_par' dir='ltr' id='par_1_30' title="bbox 2423 1608 3987 1678">
     <span class='ocr_line' id='line_1_30' title="bbox 2423 1608 3987 1678; baseline -0.001 -16"><span class='ocrx_word' id='word_1_183' title='bbox 2423 1610 2521 1677; x_wconf 69' lang='grc' dir='ltr'>τῆς</span> <span class='ocrx_word' id='word_1_184' title='bbox 2545 1609 2923 1677; x_wconf 68' lang='grc' dir='ltr'><strong>γενναιοτάτης</strong></span> <span class='ocrx_word' id='word_1_185' title='bbox 2975 1610 3388 1678; x_wconf 84' lang='grc' dir='ltr'>ἐνστησάμενοι,</span> <span class='ocrx_word' id='word_1_186' title='bbox 3439 1614 3487 1659; x_wconf 81' lang='grc' dir='ltr'><strong>π</strong></span> <span class='ocrx_word' id='word_1_187' title='bbox 3511 1608 3639 1677; x_wconf 77' lang='grc' dir='ltr'>ἦθος</span> <span class='ocrx_word' id='word_1_188' title='bbox 3686 1609 3868 1660; x_wconf 75' lang='grc' dir='ltr'>λοιπον</span> <span class='ocrx_word' id='word_1_189' title='bbox 3892 1609 3987 1677; x_wconf 84' lang='grc' dir='ltr'>θη-</span> 
     </span>
    </p>
   </div>
   <div class='ocr_carea' id='block_1_31' title="bbox 2427 1701 3992 1773">
    <p class='ocr_par' dir='ltr' id='par_1_31' title="bbox 2427 1701 3992 1773">
     <span class='ocr_line' id='line_1_31' title="bbox 2427 1701 3992 1773; baseline 0 -21"><span class='ocrx_word' id='word_1_190' title='bbox 2427 1705 2555 1771; x_wconf 82' lang='grc' dir='ltr'>ρίων</span> <span class='ocrx_word' id='word_1_191' title='bbox 2585 1706 2963 1773; x_wconf 70' lang='grc' dir='ltr'>πονηροτάτων</span> <span class='ocrx_word' id='word_1_192' title='bbox 2995 1702 3373 1772; x_wconf 71' lang='grc' dir='ltr'>ἡτοιμάζοντο.</span> <span class='ocrx_word' id='word_1_193' title='bbox 3399 1702 3545 1754; x_wconf 82' lang='grc' dir='ltr'>Ἔδει</span> <span class='ocrx_word' id='word_1_194' title='bbox 3580 1703 3707 1770; x_wconf 73' lang='grc' dir='ltr'>γάρ,</span> <span class='ocrx_word' id='word_1_195' title='bbox 3736 1701 3828 1754; x_wconf 81' lang='grc' dir='ltr'><strong>τοῦ</strong></span> <span class='ocrx_word' id='word_1_196' title='bbox 3860 1701 3992 1770; x_wconf 82' lang='grc' dir='ltr'>Χρι-</span> 
     </span>
    </p>
   </div>
   <div class='ocr_carea' id='block_1_32' title="bbox 759 1769 2337 1864">
    <p class='ocr_par' dir='ltr' id='par_1_32' title="bbox 759 1789 2323 1861">
     <span class='ocr_line' id='line_1_32' title="bbox 759 1789 2323 1861; baseline -0.003 -14"><span class='ocrx_word' id='word_1_197' title='bbox 759 1793 1160 1847; x_wconf 88' lang='lat' dir='ltr'><strong>multitudinem</strong></span> <span class='ocrx_word' id='word_1_198' title='bbox 1189 1792 1475 1861; x_wconf 86' lang='lat' dir='ltr'><strong>parabant.</strong></span> <span class='ocrx_word' id='word_1_199' title='bbox 1512 1790 1745 1844; x_wconf 82' lang='lat' dir='ltr'><strong>Docebat</strong></span> <span class='ocrx_word' id='word_1_200' title='bbox 1778 1791 1946 1852; x_wconf 86' lang='lat' dir='ltr'><strong>enim,</strong></span> <span class='ocrx_word' id='word_1_201' title='bbox 1969 1800 2025 1842; x_wconf 93' lang='lat' dir='ltr'><strong>ut</strong></span> <span class='ocrx_word' id='word_1_202' title='bbox 2053 1789 2323 1843; x_wconf 88' lang='lat' dir='ltr'><strong>etChrisli</strong></span> 
     </span>
    </p>
   </div>
   <div class='ocr_carea' id='block_1_33' title="bbox 2442 1769 3993 1864">
    <p class='ocr_par' dir='ltr' id='par_1_33' title="bbox 2442 1794 3993 1864">
     <span class='ocr_line' id='line_1_33' title="bbox 2442 1794 3993 1864; baseline -0.002 -17"><span class='ocrx_word' id='word_1_203' title='bbox 2442 1795 2552 1847; x_wconf 75' lang='grc' dir='ltr'>ςτοῦ</span> <span class='ocrx_word' id='word_1_204' title='bbox 2597 1797 2695 1864; x_wconf 78' lang='grc' dir='ltr'>μὲν</span> <span class='ocrx_word' id='word_1_205' title='bbox 2724 1796 2821 1864; x_wconf 81' lang='grc' dir='ltr'>τὴν</span> <span class='ocrx_word' id='word_1_206' title='bbox 2850 1796 3078 1863; x_wconf 74' lang='grc' dir='ltr'>δύναμιν</span> <span class='ocrx_word' id='word_1_207' title='bbox 3102 1836 3118 1859; x_wconf 91' lang='grc'><strong>,</strong></span> <span class='ocrx_word' id='word_1_208' title='bbox 3153 1794 3251 1863; x_wconf 83' lang='grc' dir='ltr'>τῆς</span> <span class='ocrx_word' id='word_1_209' title='bbox 3301 1794 3358 1846; x_wconf 86' lang='grc' dir='ltr'><strong>δέ</strong></span> <span class='ocrx_word' id='word_1_210' title='bbox 3392 1796 3491 1863; x_wconf 73' lang='grc' dir='ltr'>τὴν</span> <span class='ocrx_word' id='word_1_211' title='bbox 3518 1796 3593 1857; x_wconf 85' lang='grc' dir='ltr'><strong>εἰς</strong></span> <span class='ocrx_word' id='word_1_212' title='bbox 3625 1794 3786 1846; x_wconf 82' lang='grc' dir='ltr'>αὐτὸν</span> <span class='ocrx_word' id='word_1_213' title='bbox 3815 1796 3993 1845; x_wconf 82' lang='grc' dir='ltr'>πίστιν</span> 
     </span>
    </p>
   </div>
   <div class='ocr_carea' id='block_1_34' title="bbox 756 1878 2327 1952">
    <p class='ocr_par' dir='ltr' id='par_1_34' title="bbox 756 1878 2327 1952">
     <span class='ocr_line' id='line_1_34' title="bbox 756 1878 2327 1952; baseline -0.003 -16"><span class='ocrx_word' id='word_1_214' title='bbox 756 1889 950 1947; x_wconf 85' lang='lat' dir='ltr'><strong>virtus,</strong></span> <span class='ocrx_word' id='word_1_215' title='bbox 976 1884 1309 1952; x_wconf 88' lang='lat' dir='ltr'><strong>virginisque</strong></span> <span class='ocrx_word' id='word_1_216' title='bbox 1349 1883 1399 1933; x_wconf 88' lang='lat' dir='ltr'><strong>itr</strong></span> <span class='ocrx_word' id='word_1_217' title='bbox 1430 1896 1551 1935; x_wconf 91' lang='lat' dir='ltr'><strong>eum</strong></span> <span class='ocrx_word' id='word_1_218' title='bbox 1588 1879 1719 1933; x_wconf 86' lang='lat' dir='ltr'><strong>fides</strong></span> <span class='ocrx_word' id='word_1_219' title='bbox 1749 1878 2009 1933; x_wconf 89' lang='lat' dir='ltr'><strong>illustrior</strong></span> <span class='ocrx_word' id='word_1_220' title='bbox 2034 1880 2175 1931; x_wconf 80' lang='lat' dir='ltr'><strong>inter</strong></span> <span class='ocrx_word' id='word_1_221' title='bbox 2197 1896 2327 1948; x_wconf 87' lang='lat' dir='ltr'><strong>gerr-</strong></span> 
     </span>
    </p>
   </div>
   <div class='ocr_carea' id='block_1_35' title="bbox 758 1969 2326 2041">
    <p class='ocr_par' dir='ltr' id='par_1_35' title="bbox 758 1969 2326 2041">
     <span class='ocr_line' id='line_1_35' title="bbox 758 1969 2326 2041; baseline -0.004 -13"><span class='ocrx_word' id='word_1_222' title='bbox 758 1988 837 2030; x_wconf 86' lang='lat' dir='ltr'><strong>tes</strong></span> <span class='ocrx_word' id='word_1_223' title='bbox 862 1976 1322 2029; x_wconf 70' lang='lat' dir='ltr'><strong>rnarril‘estaretur.</strong></span> <span class='ocrx_word' id='word_1_224' title='bbox 1357 1971 1557 2026; x_wconf 86' lang='lat' dir='ltr'><strong>Thecla</strong></span> <span class='ocrx_word' id='word_1_225' title='bbox 1589 1972 1753 2041; x_wconf 90' lang='lat' dir='ltr'><strong>igitur</strong></span> <span class='ocrx_word' id='word_1_226' title='bbox 1804 1970 1943 2038; x_wconf 90' lang='lat' dir='ltr'><strong>apud</strong></span> <span class='ocrx_word' id='word_1_227' title='bbox 1970 1969 2326 2039; x_wconf 73' lang='lat' dir='ltr'><strong>Tryphzenam</strong></span> 
     </span>
    </p>
   </div>
   <div class='ocr_carea' id='block_1_36' title="bbox 755 2062 2327 2137">
    <p class='ocr_par' dir='ltr' id='par_1_36' title="bbox 755 2062 2327 2137">
     <span class='ocr_line' id='line_1_36' title="bbox 755 2062 2327 2137; baseline -0.004 -17"><span class='ocrx_word' id='word_1_228' title='bbox 755 2070 1044 2137; x_wconf 77' lang='lat' dir='ltr'><strong>quamdam</strong></span> <span class='ocrx_word' id='word_1_229' title='bbox 1064 2067 1363 2130; x_wconf 85' lang='lat' dir='ltr'><strong>mulierem,</strong></span> <span class='ocrx_word' id='word_1_230' title='bbox 1392 2063 1567 2116; x_wconf 91' lang='lat' dir='ltr'><strong>indole</strong></span> <span class='ocrx_word' id='word_1_231' title='bbox 1598 2065 1799 2131; x_wconf 89' lang='lat' dir='ltr'><strong>pariter</strong></span> <span class='ocrx_word' id='word_1_232' title='bbox 1834 2074 1996 2130; x_wconf 90' lang='lat' dir='ltr'><strong>atque</strong></span> <span class='ocrx_word' id='word_1_233' title='bbox 2017 2062 2183 2113; x_wconf 69' lang='lat' dir='ltr'><strong>animi</strong></span> <span class='ocrx_word' id='word_1_234' title='bbox 2209 2075 2327 2113; x_wconf 85' lang='lat' dir='ltr'><strong>rno—</strong></span> 
     </span>
    </p>
   </div>
   <div class='ocr_carea' id='block_1_37' title="bbox 760 2153 2330 2223">
    <p class='ocr_par' dir='ltr' id='par_1_37' title="bbox 760 2153 2330 2223">
     <span class='ocr_line' id='line_1_37' title="bbox 760 2153 2330 2223; baseline -0.005 -14"><span class='ocrx_word' id='word_1_235' title='bbox 760 2160 913 2211; x_wconf 63' lang='lat' dir='ltr'><strong>r&#39;tbus</strong></span> <span class='ocrx_word' id='word_1_236' title='bbox 946 2159 1257 2223; x_wconf 69' lang='lat' dir='ltr'><strong>ingenuam,</strong></span> <span class='ocrx_word' id='word_1_237' title='bbox 1290 2156 1552 2208; x_wconf 78' lang='lat' dir='ltr'><strong>hactenus</strong></span> <span class='ocrx_word' id='word_1_238' title='bbox 1590 2153 1930 2215; x_wconf 82' lang='lat' dir='ltr'><strong>servabatur,</strong></span> <span class='ocrx_word' id='word_1_239' title='bbox 1960 2153 2330 2206; x_wconf 75' lang='lat' dir='ltr'><strong>convenientis</strong></span> 
     </span>
    </p>
   </div>
   <div class='ocr_carea' id='block_1_38' title="bbox 757 2244 2332 2321">
    <p class='ocr_par' dir='ltr' id='par_1_38' title="bbox 757 2244 2332 2321">
     <span class='ocr_line' id='line_1_38' title="bbox 757 2244 2332 2321; baseline -0.005 -17"><span class='ocrx_word' id='word_1_240' title='bbox 757 2253 897 2321; x_wconf 88' lang='lat' dir='ltr'><strong>apud</strong></span> <span class='ocrx_word' id='word_1_241' title='bbox 925 2266 1042 2303; x_wconf 86' lang='lat' dir='ltr'><strong>eam</strong></span> <span class='ocrx_word' id='word_1_242' title='bbox 1073 2247 1288 2316; x_wconf 68' lang='lat' dir='ltr'><strong>hospitii</strong></span> <span class='ocrx_word' id='word_1_243' title='bbox 1319 2262 1515 2299; x_wconf 88' lang='lat' dir='ltr'><strong>nnnnrs</strong></span> <span class='ocrx_word' id='word_1_244' title='bbox 1540 2254 1857 2299; x_wconf 87' lang='lat' dir='ltr'><strong>consecuta.</strong></span> <span class='ocrx_word' id='word_1_245' title='bbox 1893 2246 2045 2309; x_wconf 80' lang='lat' dir='ltr'><strong>Quod</strong></span> <span class='ocrx_word' id='word_1_246' title='bbox 2078 2257 2206 2297; x_wconf 91' lang='lat' dir='ltr'><strong>vero</strong></span> <span class='ocrx_word' id='word_1_247' title='bbox 2239 2244 2332 2296; x_wconf 88' lang='lat' dir='ltr'><strong>be-</strong></span> 
     </span>
    </p>
   </div>
   <div class='ocr_carea' id='block_1_39' title="bbox 758 2337 2337 2408">
    <p class='ocr_par' dir='ltr' id='par_1_39' title="bbox 758 2337 2337 2408">
     <span class='ocr_line' id='line_1_39' title="bbox 758 2337 2337 2408; baseline -0.006 -11"><span class='ocrx_word' id='word_1_248' title='bbox 758 2346 985 2397; x_wconf 73' lang='lat' dir='ltr'><strong>stiarum</strong></span> <span class='ocrx_word' id='word_1_249' title='bbox 1006 2343 1057 2393; x_wconf 93' lang='lat' dir='ltr'><strong>in</strong></span> <span class='ocrx_word' id='word_1_250' title='bbox 1073 2356 1187 2394; x_wconf 79' lang='lat' dir='ltr'><strong>eant</strong></span> <span class='ocrx_word' id='word_1_251' title='bbox 1204 2348 1525 2408; x_wconf 87' lang='lat' dir='ltr'><strong>congregata</strong></span> <span class='ocrx_word' id='word_1_252' title='bbox 1541 2338 1976 2398; x_wconf 88' lang='lat' dir='ltr'><strong>multitudoerat,</strong></span> <span class='ocrx_word' id='word_1_253' title='bbox 1991 2337 2211 2404; x_wconf 88' lang='lat' dir='ltr'><strong>jamque</strong></span> <span class='ocrx_word' id='word_1_254' title='bbox 2226 2350 2337 2389; x_wconf 86' lang='lat' dir='ltr'><strong>cer-</strong></span> 
     </span>
    </p>
   </div>
   <div class='ocr_carea' id='block_1_40' title="bbox 759 2425 2333 2491">
    <p class='ocr_par' dir='ltr' id='par_1_40' title="bbox 759 2425 2333 2491">
     <span class='ocr_line' id='line_1_40' title="bbox 759 2425 2333 2491; baseline -0.007 -6"><span class='ocrx_word' id='word_1_255' title='bbox 759 2433 981 2485; x_wconf 88' lang='lat' dir='ltr'><strong>taminis</strong></span> <span class='ocrx_word' id='word_1_256' title='bbox 1006 2434 1121 2482; x_wconf 72' lang='lat' dir='ltr'><strong>dies</strong></span> <span class='ocrx_word' id='word_1_257' title='bbox 1170 2429 1375 2490; x_wconf 86' lang='lat' dir='ltr'><strong>aderat,</strong></span> <span class='ocrx_word' id='word_1_258' title='bbox 1407 2437 1460 2479; x_wconf 90' lang='lat' dir='ltr'><strong>et</strong></span> <span class='ocrx_word' id='word_1_259' title='bbox 1490 2425 1773 2478; x_wconf 80' lang='lat' dir='ltr'><strong>certamini</strong></span> <span class='ocrx_word' id='word_1_260' title='bbox 1799 2425 2035 2479; x_wconf 77' lang='lat' dir='ltr'><strong>stadium</strong></span> <span class='ocrx_word' id='word_1_261' title='bbox 2086 2432 2333 2491; x_wconf 81' lang='lat' dir='ltr'><strong>apertum</strong></span> 
     </span>
    </p>
   </div>
   <div class='ocr_carea' id='block_1_41' title="bbox 758 2517 2336 2590">
    <p class='ocr_par' dir='ltr' id='par_1_41' title="bbox 758 2517 2336 2590">
     <span class='ocr_line' id='line_1_41' title="bbox 758 2517 2336 2590; baseline -0.006 -15"><span class='ocrx_word' id='word_1_262' title='bbox 758 2530 901 2583; x_wconf 82' lang='lat' dir='ltr'><strong>crat,</strong></span> <span class='ocrx_word' id='word_1_263' title='bbox 957 2521 1301 2590; x_wconf 78' lang='lat' dir='ltr'><strong>populusque</strong></span> <span class='ocrx_word' id='word_1_264' title='bbox 1357 2518 1691 2571; x_wconf 90' lang='lat' dir='ltr'><strong>clamoribus</strong></span> <span class='ocrx_word' id='word_1_265' title='bbox 1744 2517 1809 2569; x_wconf 92' lang='lat' dir='ltr'><strong>ad</strong></span> <span class='ocrx_word' id='word_1_266' title='bbox 1842 2517 2116 2568; x_wconf 88' lang='lat' dir='ltr'><strong>tlteatrurn</strong></span> <span class='ocrx_word' id='word_1_267' title='bbox 2139 2528 2336 2568; x_wconf 85' lang='lat' dir='ltr'><strong>evoca-</strong></span> 
     </span>
    </p>
   </div>
   <div class='ocr_carea' id='block_1_42' title="bbox 760 2605 2336 2677">
    <p class='ocr_par' dir='ltr' id='par_1_42' title="bbox 760 2605 2336 2677">
     <span class='ocr_line' id='line_1_42' title="bbox 760 2605 2336 2677; baseline -0.007 -9"><span class='ocrx_word' id='word_1_268' title='bbox 760 2616 939 2677; x_wconf 81' lang='lat' dir='ltr'><strong>barur,</strong></span> <span class='ocrx_word' id='word_1_269' title='bbox 975 2628 1035 2664; x_wconf 89' lang='lat' dir='ltr'><strong>ac</strong></span> <span class='ocrx_word' id='word_1_270' title='bbox 1068 2626 1243 2665; x_wconf 69' lang='lat' dir='ltr'><strong>saevus</strong></span> <span class='ocrx_word' id='word_1_271' title='bbox 1264 2617 1473 2662; x_wconf 87' lang='lat' dir='ltr'><strong>amator</strong></span> <span class='ocrx_word' id='word_1_272' title='bbox 1498 2618 1803 2677; x_wconf 80' lang='lat' dir='ltr'><strong>correptam</strong></span> <span class='ocrx_word' id='word_1_273' title='bbox 1840 2607 2101 2676; x_wconf 78' lang='lat' dir='ltr'><strong>virginem</strong></span> <span class='ocrx_word' id='word_1_274' title='bbox 2136 2605 2336 2674; x_wconf 81' lang='lat' dir='ltr'><strong>produ-</strong></span> 
     </span>
    </p>
   </div>
   <div class='ocr_carea' id='block_1_43' title="bbox 759 2696 2338 2767">
    <p class='ocr_par' dir='ltr' id='par_1_43' title="bbox 759 2696 2338 2767">
     <span class='ocr_line' id='line_1_43' title="bbox 759 2696 2338 2767; baseline -0.005 -10"><span class='ocrx_word' id='word_1_275' title='bbox 759 2707 915 2757; x_wconf 85' lang='lat' dir='ltr'><strong>cebat</strong></span> <span class='ocrx_word' id='word_1_276' title='bbox 945 2718 1102 2753; x_wconf 77' lang='lat' dir='ltr'><strong>:cunr</strong></span> <span class='ocrx_word' id='word_1_277' title='bbox 1133 2702 1378 2753; x_wconf 77' lang='lat' dir='ltr'><strong>urtchrSa</strong></span> <span class='ocrx_word' id='word_1_278' title='bbox 1427 2699 1538 2767; x_wconf 88' lang='lat' dir='ltr'><strong>jarrr</strong></span> <span class='ocrx_word' id='word_1_279' title='bbox 1590 2699 1804 2760; x_wconf 81' lang='lat' dir='ltr'><strong>civitas,</strong></span> <span class='ocrx_word' id='word_1_280' title='bbox 1852 2696 2110 2765; x_wconf 70' lang='lat' dir='ltr'><strong>praesides</strong></span> <span class='ocrx_word' id='word_1_281' title='bbox 2137 2696 2338 2764; x_wconf 83' lang='lat' dir='ltr'><strong>pariter</strong></span> 
     </span>
    </p>
   </div>
   <div class='ocr_carea' id='block_1_44' title="bbox 763 2789 2339 2859">
    <p class='ocr_par' dir='ltr' id='par_1_44' title="bbox 763 2789 2339 2859">
     <span class='ocr_line' id='line_1_44' title="bbox 763 2789 2339 2859; baseline -0.005 -13"><span class='ocrx_word' id='word_1_282' title='bbox 763 2810 826 2848; x_wconf 82' lang='lat' dir='ltr'><strong>ac</strong></span> <span class='ocrx_word' id='word_1_283' title='bbox 886 2795 1088 2848; x_wconf 84' lang='lat' dir='ltr'><strong>subditi</strong></span> <span class='ocrx_word' id='word_1_284' title='bbox 1140 2793 1204 2848; x_wconf 85' lang='lat' dir='ltr'><strong>ad</strong></span> <span class='ocrx_word' id='word_1_285' title='bbox 1247 2791 1589 2844; x_wconf 57' lang='lat' dir='ltr'><strong>tremendum</strong></span> <span class='ocrx_word' id='word_1_286' title='bbox 1639 2790 1766 2842; x_wconf 89' lang='lat' dir='ltr'><strong>illtrd</strong></span> <span class='ocrx_word' id='word_1_287' title='bbox 1811 2789 2182 2859; x_wconf 88' lang='lat' dir='ltr'><strong>spectaculum</strong></span> <span class='ocrx_word' id='word_1_288' title='bbox 2234 2799 2339 2838; x_wconf 84' lang='lat' dir='ltr'><strong>una</strong></span> 
     </span>
    </p>
   </div>
   <div class='ocr_carea' id='block_1_45' title="bbox 762 2881 2342 2952">
    <p class='ocr_par' dir='ltr' id='par_1_45' title="bbox 762 2881 2342 2952">
     <span class='ocr_line' id='line_1_45' title="bbox 762 2881 2342 2952; baseline -0.004 -14"><span class='ocrx_word' id='word_1_289' title='bbox 762 2901 884 2938; x_wconf 92' lang='lat' dir='ltr'><strong>cum</strong></span> <span class='ocrx_word' id='word_1_290' title='bbox 952 2884 1177 2952; x_wconf 71' lang='lat' dir='ltr'><strong>praeside</strong></span> <span class='ocrx_word' id='word_1_291' title='bbox 1240 2881 1644 2943; x_wconf 87' lang='lat' dir='ltr'><strong>convenissent,</strong></span> <span class='ocrx_word' id='word_1_292' title='bbox 1702 2882 1985 2949; x_wconf 74' lang='lat' dir='ltr'><strong>turbaeque</strong></span> <span class='ocrx_word' id='word_1_293' title='bbox 2054 2881 2342 2933; x_wconf 86' lang='lat' dir='ltr'><strong>tumultua-</strong></span> 
     </span>
    </p>
   </div>
   <div class='ocr_carea' id='block_1_46' title="bbox 763 2968 2342 3038">
    <p class='ocr_par' dir='ltr' id='par_1_46' title="bbox 763 2968 2342 3038">
     <span class='ocr_line' id='line_1_46' title="bbox 763 2968 2342 3038; baseline -0.006 -8"><span class='ocrx_word' id='word_1_294' title='bbox 763 2980 953 3030; x_wconf 71' lang='lat' dir='ltr'><strong>i&#39;r-ntur</strong></span> <span class='ocrx_word' id='word_1_295' title='bbox 979 2991 1040 3037; x_wconf 77' lang='lat' dir='ltr'><strong>ac</strong></span> <span class='ocrx_word' id='word_1_296' title='bbox 1094 2973 1560 3038; x_wconf 61' lang='lat' dir='ltr'><strong>vociferarentur;</strong></span> <span class='ocrx_word' id='word_1_297' title='bbox 1590 2984 1719 3026; x_wconf 92' lang='lat' dir='ltr'><strong>tunc</strong></span> <span class='ocrx_word' id='word_1_298' title='bbox 1758 2971 2014 3024; x_wconf 90' lang='lat' dir='ltr'><strong>nimirum</strong></span> <span class='ocrx_word' id='word_1_299' title='bbox 2060 2968 2342 3037; x_wconf 88' lang='lat' dir='ltr'><strong>splendida</strong></span> 
     </span>
    </p>
   </div>
   <div class='ocr_carea' id='block_1_47' title="bbox 2427 1884 3996 1954">
    <p class='ocr_par' dir='ltr' id='par_1_47' title="bbox 2427 1884 3996 1954">
     <span class='ocr_line' id='line_1_47' title="bbox 2427 1884 3996 1954; baseline -0.001 -17"><span class='ocrx_word' id='word_1_300' title='bbox 2427 1888 2849 1954; x_wconf 64' lang='grc' dir='ltr'>ἐπιφανέστερον</span> <span class='ocrx_word' id='word_1_301' title='bbox 2878 1890 2932 1938; x_wconf 85' lang='grc' dir='ltr'>ὲν</span> <span class='ocrx_word' id='word_1_302' title='bbox 2964 1889 3076 1948; x_wconf 88' lang='grc' dir='ltr'>τοῖς</span> <span class='ocrx_word' id='word_1_303' title='bbox 3104 1885 3312 1938; x_wconf 73' lang='grc' dir='ltr'>ἔθνεσιν</span> <span class='ocrx_word' id='word_1_304' title='bbox 3337 1884 3764 1953; x_wconf 76' lang='grc' dir='ltr'>ἐκκαλυφθῆναι.</span> <span class='ocrx_word' id='word_1_305' title='bbox 3801 1885 3861 1936; x_wconf 79' lang='grc' dir='ltr'><em>Ἠ</em></span> <span class='ocrx_word' id='word_1_306' title='bbox 3895 1886 3996 1952; x_wconf 74' lang='grc' dir='ltr'>μὲν</span> 
     </span>
    </p>
   </div>
   <div class='ocr_carea' id='block_1_48' title="bbox 2428 1975 3991 2047">
    <p class='ocr_par' dir='ltr' id='par_1_48' title="bbox 2428 1975 3991 2047">
     <span class='ocr_line' id='line_1_48' title="bbox 2428 1975 3991 2047; baseline -0.002 -17"><span class='ocrx_word' id='word_1_307' title='bbox 2428 1975 2520 2031; x_wconf 68' lang='grc' dir='ltr'>οὖν</span> <span class='ocrx_word' id='word_1_308' title='bbox 2553 1979 2748 2041; x_wconf 80' lang='grc' dir='ltr'>Θὲκλα,</span> <span class='ocrx_word' id='word_1_309' title='bbox 2782 1978 2934 2045; x_wconf 75' lang='grc' dir='ltr'>παρὰ</span> <span class='ocrx_word' id='word_1_310' title='bbox 2963 1978 3249 2047; x_wconf 79' lang='grc' dir='ltr'>Τρυφαίνῃ</span> <span class='ocrx_word' id='word_1_311' title='bbox 3272 1977 3379 2027; x_wconf 75' lang='grc' dir='ltr'>τινὶ</span> <span class='ocrx_word' id='word_1_312' title='bbox 3407 1977 3647 2043; x_wconf 77' lang='grc' dir='ltr'>γυναικὶ,</span> <span class='ocrx_word' id='word_1_313' title='bbox 3684 1976 3780 2045; x_wconf 84' lang='grc' dir='ltr'>τήν</span> <span class='ocrx_word' id='word_1_314' title='bbox 3806 1992 3862 2026; x_wconf 87' lang='grc' dir='ltr'><strong>τε</strong></span> <span class='ocrx_word' id='word_1_315' title='bbox 3892 1975 3991 2040; x_wconf 72' lang='grc' dir='ltr'><strong>φύ-</strong></span> 
     </span>
    </p>
   </div>
   <div class='ocr_carea' id='block_1_49' title="bbox 2432 2066 3993 2137">
    <p class='ocr_par' dir='ltr' id='par_1_49' title="bbox 2432 2066 3993 2137">
     <span class='ocr_line' id='line_1_49' title="bbox 2432 2066 3993 2137; baseline -0.002 -17"><span class='ocrx_word' id='word_1_316' title='bbox 2432 2087 2514 2121; x_wconf 89' lang='grc' dir='ltr'><strong>σιν</strong></span> <span class='ocrx_word' id='word_1_317' title='bbox 2544 2070 2633 2121; x_wconf 90' lang='grc' dir='ltr'><strong>τόν</strong></span> <span class='ocrx_word' id='word_1_318' title='bbox 2653 2086 2711 2119; x_wconf 87' lang='grc' dir='ltr'><strong>τε</strong></span> <span class='ocrx_word' id='word_1_319' title='bbox 2737 2068 2934 2137; x_wconf 80' lang='grc' dir='ltr'>τρόπον</span> <span class='ocrx_word' id='word_1_320' title='bbox 2957 2067 3058 2133; x_wconf 77' lang='grc' dir='ltr'>τῆς</span> <span class='ocrx_word' id='word_1_321' title='bbox 3077 2068 3252 2135; x_wconf 68' lang='grc' dir='ltr'>ψυχῆς</span> <span class='ocrx_word' id='word_1_322' title='bbox 3286 2067 3519 2134; x_wconf 86' lang='grc' dir='ltr'>εὐγενεῖ,</span> <span class='ocrx_word' id='word_1_323' title='bbox 3555 2066 3691 2127; x_wconf 80' lang='grc' dir='ltr'>τέως</span> <span class='ocrx_word' id='word_1_324' title='bbox 3719 2067 3993 2135; x_wconf 78' lang='grc' dir='ltr'>ἐτηρεῖτο·</span> 
     </span>
    </p>
   </div>
   <div class='ocr_carea' id='block_1_50' title="bbox 2431 2156 3999 2229">
    <p class='ocr_par' dir='ltr' id='par_1_50' title="bbox 2431 2156 3999 2229">
     <span class='ocr_line' id='line_1_50' title="bbox 2431 2156 3999 2229; baseline -0.002 -17"><span class='ocrx_word' id='word_1_325' title='bbox 2431 2160 2607 2224; x_wconf 75' lang='grc' dir='ltr'>ξενίας</span> <span class='ocrx_word' id='word_1_326' title='bbox 2648 2161 2702 2211; x_wconf 81' lang='grc' dir='ltr'><strong>δέ</strong></span> <span class='ocrx_word' id='word_1_327' title='bbox 2738 2160 2867 2229; x_wconf 86' lang='grc' dir='ltr'>παρ’</span> <span class='ocrx_word' id='word_1_328' title='bbox 2901 2161 3035 2227; x_wconf 69' lang='grc' dir='ltr'>αὐτῇ</span> <span class='ocrx_word' id='word_1_329' title='bbox 3067 2158 3247 2221; x_wconf 76' lang='grc' dir='ltr'>δεξιάς</span> <span class='ocrx_word' id='word_1_330' title='bbox 3307 2156 3564 2227; x_wconf 83' lang='grc' dir='ltr'>λαχοῦσα.</span> <span class='ocrx_word' id='word_1_331' title='bbox 3630 2158 3787 2210; x_wconf 82' lang='grc' dir='ltr'>Ἐπεὶ</span> <span class='ocrx_word' id='word_1_332' title='bbox 3833 2157 3888 2209; x_wconf 87' lang='grc' dir='ltr'><strong>δέ</strong></span> <span class='ocrx_word' id='word_1_333' title='bbox 3937 2159 3999 2209; x_wconf 79' lang='grc' dir='ltr'>τὸ</span> 
     </span>
    </p>
   </div>
   <div class='ocr_carea' id='block_1_51' title="bbox 2434 2245 4000 2317">
    <p class='ocr_par' dir='ltr' id='par_1_51' title="bbox 2434 2245 4000 2317">
     <span class='ocr_line' id='line_1_51' title="bbox 2434 2245 4000 2317; baseline -0.005 -15"><span class='ocrx_word' id='word_1_334' title='bbox 2434 2249 2630 2317; x_wconf 71' lang='grc' dir='ltr'>πλῆθος</span> <span class='ocrx_word' id='word_1_335' title='bbox 2664 2249 2772 2300; x_wconf 86' lang='grc' dir='ltr'><strong>τῶν</strong></span> <span class='ocrx_word' id='word_1_336' title='bbox 2806 2248 2925 2300; x_wconf 79' lang='grc' dir='ltr'>κατ’</span> <span class='ocrx_word' id='word_1_337' title='bbox 2951 2248 3119 2315; x_wconf 74' lang='grc' dir='ltr'>αὐτῆς</span> <span class='ocrx_word' id='word_1_338' title='bbox 3177 2246 3381 2315; x_wconf 87' lang='grc' dir='ltr'>θηρίων</span> <span class='ocrx_word' id='word_1_339' title='bbox 3433 2245 3686 2315; x_wconf 79' lang='grc' dir='ltr'>συνῆκτο,</span> <span class='ocrx_word' id='word_1_340' title='bbox 3721 2247 3813 2297; x_wconf 79' lang='grc' dir='ltr'>καὶ</span> <span class='ocrx_word' id='word_1_341' title='bbox 3839 2246 3870 2314; x_wconf 75' lang='grc' dir='ltr'>ἡ</span> <span class='ocrx_word' id='word_1_342' title='bbox 3901 2247 4000 2313; x_wconf 74' lang='grc' dir='ltr'>τῆς</span> 
     </span>
    </p>
   </div>
   <div class='ocr_carea' id='block_1_52' title="bbox 2433 2336 4002 2408">
    <p class='ocr_par' dir='ltr' id='par_1_52' title="bbox 2433 2336 4002 2408">
     <span class='ocr_line' id='line_1_52' title="bbox 2433 2336 4002 2408; baseline -0.003 -17"><span class='ocrx_word' id='word_1_343' title='bbox 2433 2340 2669 2407; x_wconf 84' lang='grc' dir='ltr'>ἀγωνίας</span> <span class='ocrx_word' id='word_1_344' title='bbox 2704 2340 2887 2407; x_wconf 72' lang='grc' dir='ltr'>ἡμέρα</span> <span class='ocrx_word' id='word_1_345' title='bbox 2917 2340 3017 2408; x_wconf 70' lang='grc' dir='ltr'>ήδη</span> <span class='ocrx_word' id='word_1_346' title='bbox 3071 2338 3285 2406; x_wconf 81' lang='grc' dir='ltr'>παρῆν·</span> <span class='ocrx_word' id='word_1_347' title='bbox 3323 2339 3417 2389; x_wconf 74' lang='grc' dir='ltr'><strong>καὶ</strong></span> <span class='ocrx_word' id='word_1_348' title='bbox 3469 2338 3529 2389; x_wconf 77' lang='grc' dir='ltr'><strong>τὸ</strong></span> <span class='ocrx_word' id='word_1_349' title='bbox 3578 2338 3673 2406; x_wconf 83' lang='grc' dir='ltr'>τῆς</span> <span class='ocrx_word' id='word_1_350' title='bbox 3724 2336 4002 2405; x_wconf 75' lang='grc' dir='ltr'><strong>ἀθλήσεως</strong></span> 
     </span>
    </p>
   </div>
   <div class='ocr_carea' id='block_1_53' title="bbox 2435 2426 4003 2497">
    <p class='ocr_par' dir='ltr' id='par_1_53' title="bbox 2435 2426 4003 2497">
     <span class='ocr_line' id='line_1_53' title="bbox 2435 2426 4003 2497; baseline -0.004 -15"><span class='ocrx_word' id='word_1_351' title='bbox 2435 2430 2644 2482; x_wconf 78' lang='grc' dir='ltr'>στάδιον</span> <span class='ocrx_word' id='word_1_352' title='bbox 2684 2430 2951 2497; x_wconf 77' lang='grc' dir='ltr'>ὴνέῳκτο·</span> <span class='ocrx_word' id='word_1_353' title='bbox 3006 2429 3102 2480; x_wconf 74' lang='grc' dir='ltr'>καὶ</span> <span class='ocrx_word' id='word_1_354' title='bbox 3130 2430 3158 2480; x_wconf 89' lang='grc' dir='ltr'><strong>ό</strong></span> <span class='ocrx_word' id='word_1_355' title='bbox 3186 2429 3353 2497; x_wconf 82' lang='grc' dir='ltr'>δῆμος</span> <span class='ocrx_word' id='word_1_356' title='bbox 3389 2427 3539 2497; x_wconf 85' lang='grc' dir='ltr'>βοαῖς</span> <span class='ocrx_word' id='word_1_357' title='bbox 3574 2429 3653 2487; x_wconf 83' lang='grc' dir='ltr'><strong>είς</strong></span> <span class='ocrx_word' id='word_1_358' title='bbox 3686 2427 3746 2479; x_wconf 74' lang='grc' dir='ltr'><strong>τὸ</strong></span> <span class='ocrx_word' id='word_1_359' title='bbox 3777 2426 4003 2495; x_wconf 84' lang='grc' dir='ltr'>θέατρον</span> 
     </span>
    </p>
   </div>
   <div class='ocr_carea' id='block_1_54' title="bbox 2435 2516 4003 2586">
    <p class='ocr_par' dir='ltr' id='par_1_54' title="bbox 2435 2516 4003 2586">
     <span class='ocr_line' id='line_1_54' title="bbox 2435 2516 4003 2586; baseline -0.003 -16"><span class='ocrx_word' id='word_1_360' title='bbox 2435 2518 2740 2585; x_wconf 78' lang='grc' dir='ltr'>ἐξεκαλεῖτο</span> <span class='ocrx_word' id='word_1_361' title='bbox 2766 2535 2780 2549; x_wconf 88' lang='grc'><strong>·</strong></span> <span class='ocrx_word' id='word_1_362' title='bbox 2808 2518 2899 2570; x_wconf 73' lang='grc' dir='ltr'>καὶ</span> <span class='ocrx_word' id='word_1_363' title='bbox 2923 2520 2950 2571; x_wconf 86' lang='grc' dir='ltr'>ὁ</span> <span class='ocrx_word' id='word_1_364' title='bbox 2982 2518 3176 2586; x_wconf 84' lang='grc' dir='ltr'>πικρὸς</span> <span class='ocrx_word' id='word_1_365' title='bbox 3205 2516 3409 2584; x_wconf 79' lang='grc' dir='ltr'>ταύτην</span> <span class='ocrx_word' id='word_1_366' title='bbox 3436 2516 3616 2569; x_wconf 86' lang='grc' dir='ltr'>λαϐὼν</span> <span class='ocrx_word' id='word_1_367' title='bbox 3643 2516 3843 2583; x_wconf 81' lang='grc' dir='ltr'>ἀνῆγεν</span> <span class='ocrx_word' id='word_1_368' title='bbox 3875 2518 4003 2584; x_wconf 80' lang='grc' dir='ltr'>ἐρα-</span> 
     </span>
    </p>
   </div>
   <div class='ocr_carea' id='block_1_55' title="bbox 2436 2606 4007 2679">
    <p class='ocr_par' dir='ltr' id='par_1_55' title="bbox 2436 2606 4007 2679">
     <span class='ocr_line' id='line_1_55' title="bbox 2436 2606 4007 2679; baseline -0.004 -18"><span class='ocrx_word' id='word_1_369' title='bbox 2436 2612 2599 2679; x_wconf 87' lang='grc' dir='ltr'>στής·</span> <span class='ocrx_word' id='word_1_370' title='bbox 2646 2611 2733 2662; x_wconf 88' lang='grc' dir='ltr'><strong>ὅτε</strong></span> <span class='ocrx_word' id='word_1_371' title='bbox 2770 2609 2834 2679; x_wconf 84' lang='grc' dir='ltr'>δὴ</span> <span class='ocrx_word' id='word_1_372' title='bbox 2879 2609 3028 2661; x_wconf 78' lang='grc' dir='ltr'>πᾶσα</span> <span class='ocrx_word' id='word_1_373' title='bbox 3068 2608 3167 2676; x_wconf 82' lang='grc' dir='ltr'><strong>μέν</strong></span> <span class='ocrx_word' id='word_1_374' title='bbox 3220 2608 3253 2676; x_wconf 74' lang='grc' dir='ltr'>ἡ</span> <span class='ocrx_word' id='word_1_375' title='bbox 3312 2608 3481 2671; x_wconf 81' lang='grc' dir='ltr'>πόλις,</span> <span class='ocrx_word' id='word_1_376' title='bbox 3523 2606 3778 2677; x_wconf 81' lang='grc' dir='ltr'>ἄρχοντές</span> <span class='ocrx_word' id='word_1_377' title='bbox 3818 2621 3881 2656; x_wconf 89' lang='grc' dir='ltr'><strong>τε</strong></span> <span class='ocrx_word' id='word_1_378' title='bbox 3912 2607 4007 2657; x_wconf 77' lang='grc' dir='ltr'>καὶ</span> 
     </span>
    </p>
   </div>
   <div class='ocr_carea' id='block_1_56' title="bbox 2436 2698 4008 2769">
    <p class='ocr_par' dir='ltr' id='par_1_56' title="bbox 2436 2698 4008 2769">
     <span class='ocr_line' id='line_1_56' title="bbox 2436 2698 4008 2769; baseline -0.003 -16"><span class='ocrx_word' id='word_1_379' title='bbox 2436 2700 2726 2769; x_wconf 81' lang='grc' dir='ltr'>ἀρχόμενοι</span> <span class='ocrx_word' id='word_1_380' title='bbox 2753 2702 2846 2752; x_wconf 74' lang='grc' dir='ltr'>ἐπὶ</span> <span class='ocrx_word' id='word_1_381' title='bbox 2878 2701 2974 2769; x_wconf 85' lang='grc' dir='ltr'>τὴν</span> <span class='ocrx_word' id='word_1_382' title='bbox 3026 2700 3259 2768; x_wconf 76' lang='grc' dir='ltr'>φρικτὴν</span> <span class='ocrx_word' id='word_1_383' title='bbox 3290 2698 3493 2769; x_wconf 86' lang='grc' dir='ltr'>ταύτην</span> <span class='ocrx_word' id='word_1_384' title='bbox 3521 2699 3646 2752; x_wconf 88' lang='grc' dir='ltr'>θέαν</span> <span class='ocrx_word' id='word_1_385' title='bbox 3674 2698 3752 2767; x_wconf 82' lang='grc' dir='ltr'>τῷ</span> <span class='ocrx_word' id='word_1_386' title='bbox 3775 2699 4008 2765; x_wconf 74' lang='grc' dir='ltr'>ἡγεμόνι</span> 
     </span>
    </p>
   </div>
   <div class='ocr_carea' id='block_1_57' title="bbox 2439 2793 4012 2865">
    <p class='ocr_par' dir='ltr' id='par_1_57' title="bbox 2439 2793 4012 2865">
     <span class='ocr_line' id='line_1_57' title="bbox 2439 2793 4012 2865; baseline -0.001 -19"><span class='ocrx_word' id='word_1_387' title='bbox 2439 2795 2799 2865; x_wconf 81' lang='grc' dir='ltr'>συνανῄεσαν·</span> <span class='ocrx_word' id='word_1_388' title='bbox 2834 2794 3052 2864; x_wconf 90' lang='grc' dir='ltr'>θόρυϐοι</span> <span class='ocrx_word' id='word_1_389' title='bbox 3087 2794 3142 2848; x_wconf 80' lang='grc' dir='ltr'>δὲ</span> <span class='ocrx_word' id='word_1_390' title='bbox 3170 2794 3295 2858; x_wconf 76' lang='grc' dir='ltr'>τοὺς</span> <span class='ocrx_word' id='word_1_391' title='bbox 3326 2793 3515 2863; x_wconf 76' lang='grc' dir='ltr'>ὄχλους</span> <span class='ocrx_word' id='word_1_392' title='bbox 3552 2793 3648 2845; x_wconf 79' lang='grc' dir='ltr'>καὶ</span> <span class='ocrx_word' id='word_1_393' title='bbox 3683 2793 3803 2861; x_wconf 81' lang='grc' dir='ltr'>βοαὶ</span> <span class='ocrx_word' id='word_1_394' title='bbox 3835 2794 4012 2845; x_wconf 79' lang='grc' dir='ltr'>συνεῖ-</span> 
     </span>
    </p>
   </div>
   <div class='ocr_carea' id='block_1_58' title="bbox 2438 2883 4012 2954">
    <p class='ocr_par' dir='ltr' id='par_1_58' title="bbox 2438 2883 4012 2954">
     <span class='ocr_line' id='line_1_58' title="bbox 2438 2883 4012 2954; baseline -0.001 -18"><span class='ocrx_word' id='word_1_395' title='bbox 2438 2903 2554 2954; x_wconf 85' lang='grc' dir='ltr'>χον,</span> <span class='ocrx_word' id='word_1_396' title='bbox 2590 2887 2682 2938; x_wconf 75' lang='grc' dir='ltr'>καὶ</span> <span class='ocrx_word' id='word_1_397' title='bbox 2704 2885 2936 2953; x_wconf 83' lang='grc' dir='ltr'>ταραχαί</span> <span class='ocrx_word' id='word_1_398' title='bbox 2958 2902 2973 2916; x_wconf 91' lang='grc'><strong>·</strong></span> <span class='ocrx_word' id='word_1_399' title='bbox 3001 2885 3119 2937; x_wconf 89' lang='grc' dir='ltr'>τότε</span> <span class='ocrx_word' id='word_1_400' title='bbox 3156 2886 3220 2953; x_wconf 85' lang='grc' dir='ltr'>δὴ</span> <span class='ocrx_word' id='word_1_401' title='bbox 3249 2886 3313 2937; x_wconf 84' lang='grc' dir='ltr'>σὺ</span> <span class='ocrx_word' id='word_1_402' title='bbox 3338 2883 3567 2953; x_wconf 86' lang='grc' dir='ltr'>λαμπρά</span> <span class='ocrx_word' id='word_1_403' title='bbox 3590 2883 3879 2952; x_wconf 81' lang='grc' dir='ltr'>λαμπρῶς,</span> <span class='ocrx_word' id='word_1_404' title='bbox 3912 2884 4012 2950; x_wconf 77' lang='grc' dir='ltr'>τὴν</span> 
     </span>
    </p>
   </div>
   <div class='ocr_carea' id='block_1_59' title="bbox 2441 2975 4009 3045">
    <p class='ocr_par' dir='ltr' id='par_1_59' title="bbox 2441 2975 4009 3045">
     <span class='ocr_line' id='line_1_59' title="bbox 2441 2975 4009 3045; baseline 0 -18"><span class='ocrx_word' id='word_1_405' title='bbox 2441 2977 2756 3044; x_wconf 76' lang='grc' dir='ltr'>γυναικείαν</span> <span class='ocrx_word' id='word_1_406' title='bbox 2794 2976 3110 3045; x_wconf 82' lang='grc' dir='ltr'>ἀποθεμένη</span> <span class='ocrx_word' id='word_1_407' title='bbox 3146 2976 3238 3029; x_wconf 82' lang='grc' dir='ltr'>καὶ</span> <span class='ocrx_word' id='word_1_408' title='bbox 3272 2976 3463 3044; x_wconf 84' lang='grc' dir='ltr'>στολὴν</span> <span class='ocrx_word' id='word_1_409' title='bbox 3518 2975 3613 3028; x_wconf 71' lang='grc' dir='ltr'>καὶ</span> <span class='ocrx_word' id='word_1_410' title='bbox 3648 2975 3825 3044; x_wconf 74' lang='grc' dir='ltr'>ψυχήν</span> <span class='ocrx_word' id='word_1_411' title='bbox 3847 2991 3860 3003; x_wconf 86' lang='grc'><strong>·</strong></span> <span class='ocrx_word' id='word_1_412' title='bbox 3890 2976 4009 3027; x_wconf 72' lang='grc' dir='ltr'>διάο</span> 
     </span>
    </p>
   </div>
   <div class='ocr_carea' id='block_1_60' title="bbox 764 3057 2337 3159">
    <p class='ocr_par' dir='ltr' id='par_1_60' title="bbox 764 3057 2337 3129">
     <span class='ocr_line' id='line_1_60' title="bbox 764 3057 2337 3129; baseline -0.004 -14"><span class='ocrx_word' id='word_1_413' title='bbox 764 3061 1052 3129; x_wconf 80' lang='lat' dir='ltr'><strong>splendide</strong></span> <span class='ocrx_word' id='word_1_414' title='bbox 1084 3060 1335 3112; x_wconf 90' lang='lat' dir='ltr'><strong>muliebri</strong></span> <span class='ocrx_word' id='word_1_415' title='bbox 1369 3075 1491 3113; x_wconf 84' lang='lat' dir='ltr'><strong>cum</strong></span> <span class='ocrx_word' id='word_1_416' title='bbox 1525 3057 1661 3112; x_wconf 88' lang='lat' dir='ltr'><strong>stola</strong></span> <span class='ocrx_word' id='word_1_417' title='bbox 1696 3058 1937 3125; x_wconf 90' lang='lat' dir='ltr'><strong>deposita</strong></span> <span class='ocrx_word' id='word_1_418' title='bbox 1991 3066 2104 3108; x_wconf 92' lang='lat' dir='ltr'><strong>tum</strong></span> <span class='ocrx_word' id='word_1_419' title='bbox 2136 3057 2337 3116; x_wconf 86' lang='lat' dir='ltr'><strong>animo.</strong></span> 
     </span>
    </p>
   </div>
   <div class='ocr_carea' id='block_1_61' title="bbox 2442 3057 4013 3159">
    <p class='ocr_par' dir='ltr' id='par_1_61' title="bbox 2444 3066 4013 3137">
     <span class='ocr_line' id='line_1_61' title="bbox 2444 3066 4013 3137; baseline -0.001 -18"><span class='ocrx_word' id='word_1_420' title='bbox 2444 3070 2639 3136; x_wconf 75' lang='grc' dir='ltr'>ζωσμα</span> <span class='ocrx_word' id='word_1_421' title='bbox 2686 3068 2741 3119; x_wconf 90' lang='grc' dir='ltr'><strong>δέ</strong></span> <span class='ocrx_word' id='word_1_422' title='bbox 2793 3068 3159 3137; x_wconf 80' lang='grc' dir='ltr'>περιθεμένη,</span> <span class='ocrx_word' id='word_1_423' title='bbox 3213 3067 3429 3118; x_wconf 72' lang='grc' dir='ltr'>καὶτὸν</span> <span class='ocrx_word' id='word_1_424' title='bbox 3470 3066 3678 3135; x_wconf 80' lang='grc' dir='ltr'>Ἰησοῦν</span> <span class='ocrx_word' id='word_1_425' title='bbox 3710 3068 3827 3118; x_wconf 84' lang='grc' dir='ltr'>ὅλον</span> <span class='ocrx_word' id='word_1_426' title='bbox 3862 3066 4013 3117; x_wconf 78' lang='grc' dir='ltr'>ἔνδον</span> 
     </span>
    </p>
   </div>
   <div class='ocr_carea' id='block_1_62' title="bbox 765 3143 2340 3219">
    <p class='ocr_par' dir='ltr' id='par_1_62' title="bbox 765 3143 2340 3219">
     <span class='ocr_line' id='line_1_62' title="bbox 765 3143 2340 3219; baseline -0.005 -13"><span class='ocrx_word' id='word_1_427' title='bbox 765 3152 1088 3219; x_wconf 78' lang='lat' dir='ltr'><strong>cinguloque</strong></span> <span class='ocrx_word' id='word_1_428' title='bbox 1117 3150 1428 3218; x_wconf 57' lang='lat' dir='ltr'><strong>praecincta,</strong></span> <span class='ocrx_word' id='word_1_429' title='bbox 1461 3163 1523 3202; x_wconf 88' lang='lat' dir='ltr'><strong>ac</strong></span> <span class='ocrx_word' id='word_1_430' title='bbox 1558 3156 1731 3200; x_wconf 92' lang='lat' dir='ltr'><strong>totum</strong></span> <span class='ocrx_word' id='word_1_431' title='bbox 1774 3147 1920 3200; x_wconf 89' lang='lat' dir='ltr'><strong>intus</strong></span> <span class='ocrx_word' id='word_1_432' title='bbox 1940 3143 2125 3199; x_wconf 82' lang='lat' dir='ltr'><strong>Jesttrn</strong></span> <span class='ocrx_word' id='word_1_433' title='bbox 2161 3143 2340 3198; x_wconf 84' lang='lat' dir='ltr'><strong>divine</strong></span> 
     </span>
    </p>
   </div>
   <div class='ocr_carea' id='block_1_63' title="bbox 764 3236 2341 3312">
    <p class='ocr_par' dir='ltr' id='par_1_63' title="bbox 764 3236 2341 3312">
     <span class='ocr_line' id='line_1_63' title="bbox 764 3236 2341 3312; baseline -0.004 -18"><span class='ocrx_word' id='word_1_434' title='bbox 764 3242 1121 3312; x_wconf 59' lang='lat' dir='ltr'><strong>prospiciens,</strong></span> <span class='ocrx_word' id='word_1_435' title='bbox 1143 3239 1477 3308; x_wconf 84' lang='lat' dir='ltr'><strong>Paulumque</strong></span> <span class='ocrx_word' id='word_1_436' title='bbox 1500 3239 1691 3292; x_wconf 86' lang='lat' dir='ltr'><strong>mentis</strong></span> <span class='ocrx_word' id='word_1_437' title='bbox 1718 3238 1891 3291; x_wconf 89' lang='lat' dir='ltr'><strong>oculis</strong></span> <span class='ocrx_word' id='word_1_438' title='bbox 1927 3246 2188 3289; x_wconf 87' lang='lat' dir='ltr'><strong>contuens</strong></span> <span class='ocrx_word' id='word_1_439' title='bbox 2210 3236 2341 3303; x_wconf 92' lang='lat' dir='ltr'><strong>(uno</strong></span> 
     </span>
    </p>
   </div>
   <div class='ocr_carea' id='block_1_64' title="bbox 763 3326 2339 3400">
    <p class='ocr_par' dir='ltr' id='par_1_64' title="bbox 763 3326 2339 3400">
     <span class='ocr_line' id='line_1_64' title="bbox 763 3326 2339 3400; baseline -0.004 -14"><span class='ocrx_word' id='word_1_440' title='bbox 763 3334 911 3386; x_wconf 90' lang='lat' dir='ltr'><strong>enim</strong></span> <span class='ocrx_word' id='word_1_441' title='bbox 948 3334 1143 3385; x_wconf 90' lang='lat' dir='ltr'><strong>tnentis</strong></span> <span class='ocrx_word' id='word_1_442' title='bbox 1165 3343 1388 3400; x_wconf 82' lang='lat' dir='ltr'><strong>aspectu</strong></span> <span class='ocrx_word' id='word_1_443' title='bbox 1422 3330 1572 3383; x_wconf 89' lang='lat' dir='ltr'><strong>velut</strong></span> <span class='ocrx_word' id='word_1_444' title='bbox 1604 3344 1772 3383; x_wconf 89' lang='lat' dir='ltr'><strong>unum</strong></span> <span class='ocrx_word' id='word_1_445' title='bbox 1802 3326 1991 3381; x_wconf 86' lang='lat' dir='ltr'><strong>ambos</strong></span> <span class='ocrx_word' id='word_1_446' title='bbox 2018 3326 2339 3395; x_wconf 88' lang='lat' dir='ltr'><strong>intuebaris)</strong></span> 
     </span>
    </p>
   </div>
   <div class='ocr_carea' id='block_1_65' title="bbox 769 3420 2340 3489">
    <p class='ocr_par' dir='ltr' id='par_1_65' title="bbox 769 3420 2340 3489">
     <span class='ocr_line' id='line_1_65' title="bbox 769 3420 2340 3489; baseline -0.002 -14"><span class='ocrx_word' id='word_1_447' title='bbox 769 3425 981 3475; x_wconf 65' lang='lat' dir='ltr'><strong>l’nrtiter</strong></span> <span class='ocrx_word' id='word_1_448' title='bbox 1042 3424 1333 3475; x_wconf 88' lang='lat' dir='ltr'><strong>admodum</strong></span> <span class='ocrx_word' id='word_1_449' title='bbox 1395 3420 1519 3473; x_wconf 87' lang='lat' dir='ltr'><strong>forti</strong></span> <span class='ocrx_word' id='word_1_450' title='bbox 1578 3422 1777 3473; x_wconf 91' lang='lat' dir='ltr'><strong>ruentis</strong></span> <span class='ocrx_word' id='word_1_451' title='bbox 1810 3420 2092 3489; x_wconf 86' lang='lat' dir='ltr'><strong>proposito</strong></span> <span class='ocrx_word' id='word_1_452' title='bbox 2127 3421 2178 3472; x_wconf 91' lang='lat' dir='ltr'><strong>in</strong></span> <span class='ocrx_word' id='word_1_453' title='bbox 2229 3434 2340 3472; x_wconf 87' lang='lat' dir='ltr'><strong>ute-</strong></span> 
     </span>
    </p>
   </div>
   <div class='ocr_carea' id='block_1_66' title="bbox 768 3510 2339 3582">
    <p class='ocr_par' dir='ltr' id='par_1_66' title="bbox 768 3510 2339 3582">
     <span class='ocr_line' id='line_1_66' title="bbox 768 3510 2339 3582; baseline -0.003 -17"><span class='ocrx_word' id='word_1_454' title='bbox 768 3514 915 3565; x_wconf 89' lang='lat' dir='ltr'><strong>dinrn</strong></span> <span class='ocrx_word' id='word_1_455' title='bbox 956 3513 1191 3567; x_wconf 89' lang='lat' dir='ltr'><strong>stadium</strong></span> <span class='ocrx_word' id='word_1_456' title='bbox 1229 3513 1467 3566; x_wconf 75' lang='lat' dir='ltr'><strong>insiliisti</strong></span> <span class='ocrx_word' id='word_1_457' title='bbox 1502 3530 1516 3567; x_wconf 92' lang='lat'><strong>:</strong></span> <span class='ocrx_word' id='word_1_458' title='bbox 1545 3513 1803 3582; x_wconf 81' lang='lat' dir='ltr'><strong>priusque</strong></span> <span class='ocrx_word' id='word_1_459' title='bbox 1825 3519 1995 3564; x_wconf 81' lang='lat' dir='ltr'><strong>toturn</strong></span> <span class='ocrx_word' id='word_1_460' title='bbox 2027 3525 2228 3579; x_wconf 88' lang='lat' dir='ltr'><strong>corpus</strong></span> <span class='ocrx_word' id='word_1_461' title='bbox 2265 3510 2339 3563; x_wconf 87' lang='lat' dir='ltr'><strong>si-</strong></span> 
     </span>
    </p>
   </div>
   <div class='ocr_carea' id='block_1_67' title="bbox 768 3603 2341 3674">
    <p class='ocr_par' dir='ltr' id='par_1_67' title="bbox 768 3603 2341 3674">
     <span class='ocr_line' id='line_1_67' title="bbox 768 3603 2341 3674; baseline 0 -21"><span class='ocrx_word' id='word_1_462' title='bbox 768 3619 876 3674; x_wconf 77' lang='lat' dir='ltr'><strong>gno</strong></span> <span class='ocrx_word' id='word_1_463' title='bbox 904 3605 1085 3656; x_wconf 90' lang='lat' dir='ltr'><strong>crucis</strong></span> <span class='ocrx_word' id='word_1_464' title='bbox 1112 3605 1471 3671; x_wconf 78' lang='lat' dir='ltr'><strong>consignatis,</strong></span> <span class='ocrx_word' id='word_1_465' title='bbox 1519 3606 1879 3671; x_wconf 79' lang='lat' dir='ltr'><strong>expansisqne</strong></span> <span class='ocrx_word' id='word_1_466' title='bbox 1906 3603 1959 3654; x_wconf 91' lang='lat' dir='ltr'><strong>in</strong></span> <span class='ocrx_word' id='word_1_467' title='bbox 1992 3604 2189 3654; x_wconf 67' lang='lat' dir='ltr'><strong>caelum</strong></span> <span class='ocrx_word' id='word_1_468' title='bbox 2227 3616 2341 3653; x_wconf 87' lang='lat' dir='ltr'><strong>ma-</strong></span> 
     </span>
    </p>
   </div>
   <div class='ocr_carea' id='block_1_68' title="bbox 772 3692 2340 3763">
    <p class='ocr_par' dir='ltr' id='par_1_68' title="bbox 772 3692 2340 3763">
     <span class='ocr_line' id='line_1_68' title="bbox 772 3692 2340 3763; baseline -0.001 -16"><span class='ocrx_word' id='word_1_469' title='bbox 772 3695 957 3757; x_wconf 89' lang='lat' dir='ltr'><strong>nibns,</strong></span> <span class='ocrx_word' id='word_1_470' title='bbox 1023 3696 1231 3748; x_wconf 88' lang='lat' dir='ltr'><strong>sedenti</strong></span> <span class='ocrx_word' id='word_1_471' title='bbox 1293 3709 1460 3763; x_wconf 77' lang='lat' dir='ltr'><strong>super</strong></span> <span class='ocrx_word' id='word_1_472' title='bbox 1519 3694 1801 3747; x_wconf 89' lang='lat' dir='ltr'><strong>cherubim</strong></span> <span class='ocrx_word' id='word_1_473' title='bbox 1854 3694 2070 3746; x_wconf 88' lang='lat' dir='ltr'><strong>arcanis</strong></span> <span class='ocrx_word' id='word_1_474' title='bbox 2106 3692 2340 3745; x_wconf 76' lang='lat' dir='ltr'><strong>maxime</strong></span> 
     </span>
    </p>
   </div>
   <div class='ocr_carea' id='block_1_69' title="bbox 771 3784 2339 3854">
    <p class='ocr_par' dir='ltr' id='par_1_69' title="bbox 771 3784 2339 3854">
     <span class='ocr_line' id='line_1_69' title="bbox 771 3784 2339 3854; baseline 0.001 -19"><span class='ocrx_word' id='word_1_475' title='bbox 771 3785 935 3837; x_wconf 87' lang='lat' dir='ltr'><strong>animi</strong></span> <span class='ocrx_word' id='word_1_476' title='bbox 958 3786 1193 3839; x_wconf 89' lang='lat' dir='ltr'><strong>motibus</strong></span> <span class='ocrx_word' id='word_1_477' title='bbox 1215 3800 1379 3839; x_wconf 88' lang='lat' dir='ltr'><strong>orans</strong></span> <span class='ocrx_word' id='word_1_478' title='bbox 1399 3784 1828 3854; x_wconf 83' lang='lat' dir='ltr'><strong>colloquebaris;</strong></span> <span class='ocrx_word' id='word_1_479' title='bbox 1861 3785 2339 3852; x_wconf 84' lang='lat' dir='ltr'><strong>immissorumque</strong></span> 
     </span>
    </p>
   </div>
   <div class='ocr_carea' id='block_1_70' title="bbox 773 3875 2337 3944">
    <p class='ocr_par' dir='ltr' id='par_1_70' title="bbox 773 3875 2337 3944">
     <span class='ocr_line' id='line_1_70' title="bbox 773 3875 2337 3944; baseline 0 -17"><span class='ocrx_word' id='word_1_480' title='bbox 773 3876 825 3927; x_wconf 91' lang='lat' dir='ltr'><strong>in</strong></span> <span class='ocrx_word' id='word_1_481' title='bbox 888 3885 937 3928; x_wconf 89' lang='lat' dir='ltr'><strong>te</strong></span> <span class='ocrx_word' id='word_1_482' title='bbox 998 3876 1235 3938; x_wconf 87' lang='lat' dir='ltr'><strong>leonum,</strong></span> <span class='ocrx_word' id='word_1_483' title='bbox 1272 3890 1638 3943; x_wconf 88' lang='lat' dir='ltr'><strong>ursorurnque</strong></span> <span class='ocrx_word' id='word_1_484' title='bbox 1688 3890 1751 3929; x_wconf 90' lang='lat' dir='ltr'><strong>ac</strong></span> <span class='ocrx_word' id='word_1_485' title='bbox 1779 3876 2071 3944; x_wconf 88' lang='lat' dir='ltr'><strong>pardorurn</strong></span> <span class='ocrx_word' id='word_1_486' title='bbox 2099 3875 2337 3943; x_wconf 86' lang='lat' dir='ltr'><strong>rngitunt</strong></span> 
     </span>
    </p>
   </div>
   <div class='ocr_carea' id='block_1_71' title="bbox 776 3966 2340 4035">
    <p class='ocr_par' dir='ltr' id='par_1_71' title="bbox 776 3966 2340 4035">
     <span class='ocr_line' id='line_1_71' title="bbox 776 3966 2340 4035; baseline 0.004 -23"><span class='ocrx_word' id='word_1_487' title='bbox 776 3966 918 4017; x_wconf 86' lang='lat' dir='ltr'><strong>velut</strong></span> <span class='ocrx_word' id='word_1_488' title='bbox 969 3966 1235 4033; x_wconf 90' lang='lat' dir='ltr'><strong>pecudum</strong></span> <span class='ocrx_word' id='word_1_489' title='bbox 1266 3967 1507 4019; x_wconf 86' lang='lat' dir='ltr'><strong>balatum</strong></span> <span class='ocrx_word' id='word_1_490' title='bbox 1555 3976 1850 4035; x_wconf 83' lang='lat' dir='ltr'><strong>reputans,</strong></span> <span class='ocrx_word' id='word_1_491' title='bbox 1902 3966 2340 4035; x_wconf 89' lang='lat' dir='ltr'><strong>populorumque</strong></span> 
     </span>
    </p>
   </div>
   <div class='ocr_carea' id='block_1_72' title="bbox 774 4055 2339 4123">
    <p class='ocr_par' dir='ltr' id='par_1_72' title="bbox 774 4055 2339 4123">
     <span class='ocr_line' id='line_1_72' title="bbox 774 4055 2339 4123; baseline 0.003 -19"><span class='ocrx_word' id='word_1_492' title='bbox 774 4055 1043 4120; x_wconf 80' lang='lat' dir='ltr'><strong>fragorem</strong></span> <span class='ocrx_word' id='word_1_493' title='bbox 1074 4064 1130 4106; x_wconf 88' lang='lat' dir='ltr'><strong>et</strong></span> <span class='ocrx_word' id='word_1_494' title='bbox 1165 4056 1548 4109; x_wconf 86' lang='lat' dir='ltr'><strong>tumultuantis</strong></span> <span class='ocrx_word' id='word_1_495' title='bbox 1600 4059 1774 4109; x_wconf 67' lang='lat' dir='ltr'><strong>turbae</strong></span> <span class='ocrx_word' id='word_1_496' title='bbox 1824 4057 2111 4123; x_wconf 81' lang='lat' dir='ltr'><strong>strepitum</strong></span> <span class='ocrx_word' id='word_1_497' title='bbox 2145 4056 2339 4109; x_wconf 81' lang='lat' dir='ltr'><strong>mulie-</strong></span> 
     </span>
    </p>
   </div>
   <div class='ocr_carea' id='block_1_73' title="bbox 775 4143 2335 4214">
    <p class='ocr_par' dir='ltr' id='par_1_73' title="bbox 775 4143 2335 4214">
     <span class='ocr_line' id='line_1_73' title="bbox 775 4143 2335 4214; baseline 0.004 -21"><span class='ocrx_word' id='word_1_498' title='bbox 775 4156 1001 4207; x_wconf 82' lang='lat' dir='ltr'><strong>rumque</strong></span> <span class='ocrx_word' id='word_1_499' title='bbox 1068 4143 1307 4197; x_wconf 91' lang='lat' dir='ltr'><strong>ululatus</strong></span> <span class='ocrx_word' id='word_1_500' title='bbox 1357 4155 1518 4213; x_wconf 86' lang='lat' dir='ltr'><strong>atque</strong></span> <span class='ocrx_word' id='word_1_501' title='bbox 1554 4146 1792 4214; x_wconf 75' lang='lat' dir='ltr'><strong>gemitus</strong></span> <span class='ocrx_word' id='word_1_502' title='bbox 1842 4147 1988 4200; x_wconf 83' lang='lat' dir='ltr'><strong>velut</strong></span> <span class='ocrx_word' id='word_1_503' title='bbox 2044 4145 2335 4200; x_wconf 85' lang='lat' dir='ltr'><strong>infantium</strong></span> 
     </span>
    </p>
   </div>
   <div class='ocr_carea' id='block_1_74' title="bbox 774 4232 2337 4306">
    <p class='ocr_par' dir='ltr' id='par_1_74' title="bbox 774 4232 2337 4306">
     <span class='ocr_line' id='line_1_74' title="bbox 774 4232 2337 4306; baseline 0.006 -24"><span class='ocrx_word' id='word_1_504' title='bbox 774 4233 1012 4306; x_wconf 77' lang='lat' dir='ltr'><strong>vagitum</strong></span> <span class='ocrx_word' id='word_1_505' title='bbox 1044 4232 1271 4295; x_wconf 84' lang='lat' dir='ltr'><strong>habens,</strong></span> <span class='ocrx_word' id='word_1_506' title='bbox 1308 4234 1389 4288; x_wconf 91' lang='lat' dir='ltr'><strong>sic</strong></span> <span class='ocrx_word' id='word_1_507' title='bbox 1414 4236 1598 4304; x_wconf 91' lang='lat' dir='ltr'><strong>quiete</strong></span> <span class='ocrx_word' id='word_1_508' title='bbox 1630 4237 1839 4300; x_wconf 88' lang='lat' dir='ltr'><strong>stabas,</strong></span> <span class='ocrx_word' id='word_1_509' title='bbox 1869 4252 1932 4291; x_wconf 87' lang='lat' dir='ltr'><strong>ac</strong></span> <span class='ocrx_word' id='word_1_510' title='bbox 1954 4238 2000 4291; x_wconf 88' lang='lat' dir='ltr'><strong>si</strong></span> <span class='ocrx_word' id='word_1_511' title='bbox 2053 4238 2108 4291; x_wconf 92' lang='lat' dir='ltr'><strong>in</strong></span> <span class='ocrx_word' id='word_1_512' title='bbox 2160 4238 2337 4293; x_wconf 90' lang='lat' dir='ltr'><strong>media</strong></span> 
     </span>
    </p>
   </div>
   <div class='ocr_carea' id='block_1_75' title="bbox 774 4324 2334 4396">
    <p class='ocr_par' dir='ltr' id='par_1_75' title="bbox 774 4324 2334 4396">
     <span class='ocr_line' id='line_1_75' title="bbox 774 4324 2334 4396; baseline 0.008 -23"><span class='ocrx_word' id='word_1_513' title='bbox 774 4324 977 4391; x_wconf 64' lang='lat' dir='ltr'><strong>publici</strong></span> <span class='ocrx_word' id='word_1_514' title='bbox 1017 4334 1195 4377; x_wconf 69' lang='lat' dir='ltr'><strong>cretus</strong></span> <span class='ocrx_word' id='word_1_515' title='bbox 1240 4326 1498 4395; x_wconf 89' lang='lat' dir='ltr'><strong>panegyri</strong></span> <span class='ocrx_word' id='word_1_516' title='bbox 1558 4327 1812 4384; x_wconf 81' lang='lat' dir='ltr'><strong>laudibus</strong></span> <span class='ocrx_word' id='word_1_517' title='bbox 1844 4331 2217 4396; x_wconf 86' lang='lat' dir='ltr'><strong>coronareris,</strong></span> <span class='ocrx_word' id='word_1_518' title='bbox 2268 4344 2334 4385; x_wconf 88' lang='lat' dir='ltr'><strong>ac</strong></span> 
     </span>
    </p>
   </div>
   <div class='ocr_carea' id='block_1_76' title="bbox 772 4415 1553 4484">
    <p class='ocr_par' dir='ltr' id='par_1_76' title="bbox 772 4415 1553 4484">
     <span class='ocr_line' id='line_1_76' title="bbox 772 4415 1553 4484; baseline 0.005 -17"><span class='ocrx_word' id='word_1_519' title='bbox 772 4415 1026 4484; x_wconf 84' lang='lat' dir='ltr'><strong>opulente</strong></span> <span class='ocrx_word' id='word_1_520' title='bbox 1057 4426 1235 4471; x_wconf 88' lang='lat' dir='ltr'><strong>mente</strong></span> <span class='ocrx_word' id='word_1_521' title='bbox 1266 4418 1553 4472; x_wconf 69' lang='lat' dir='ltr'><strong>laatareris.</strong></span> 
     </span>
    </p>
   </div>
   <div class='ocr_carea' id='block_1_77' title="bbox 844 4615 2344 4685">
    <p class='ocr_par' dir='ltr' id='par_1_77' title="bbox 844 4615 2344 4685">
     <span class='ocr_line' id='line_1_77' title="bbox 844 4615 2344 4685; baseline 0.005 -18"><span class='ocrx_word' id='word_1_522' title='bbox 844 4615 1069 4678; x_wconf 71' lang='lat' dir='ltr'><strong>Exinde,</strong></span> <span class='ocrx_word' id='word_1_523' title='bbox 1094 4616 1314 4685; x_wconf 91' lang='lat' dir='ltr'><strong>quando</strong></span> <span class='ocrx_word' id='word_1_524' title='bbox 1344 4616 1587 4672; x_wconf 89' lang='lat' dir='ltr'><strong>dimissis</strong></span> <span class='ocrx_word' id='word_1_525' title='bbox 1615 4618 1668 4671; x_wconf 90' lang='lat' dir='ltr'><strong>in</strong></span> <span class='ocrx_word' id='word_1_526' title='bbox 1690 4633 1809 4673; x_wconf 90' lang='lat' dir='ltr'><strong>eam</strong></span> <span class='ocrx_word' id='word_1_527' title='bbox 1834 4620 2093 4675; x_wconf 83' lang='lat' dir='ltr'><strong>omnibus</strong></span> <span class='ocrx_word' id='word_1_528' title='bbox 2131 4622 2344 4685; x_wconf 89' lang='lat' dir='ltr'><strong>bestiis,</strong></span> 
     </span>
    </p>
   </div>
   <div class='ocr_carea' id='block_1_78' title="bbox 787 4705 2350 4778">
    <p class='ocr_par' dir='ltr' id='par_1_78' title="bbox 787 4705 2350 4778">
     <span class='ocr_line' id='line_1_78' title="bbox 787 4705 2350 4778; baseline 0.003 -20"><span class='ocrx_word' id='word_1_529' title='bbox 787 4708 907 4759; x_wconf 78' lang='lat' dir='ltr'><strong>alia:</strong></span> <span class='ocrx_word' id='word_1_530' title='bbox 942 4707 1173 4758; x_wconf 89' lang='lat' dir='ltr'><strong>aliarum</strong></span> <span class='ocrx_word' id='word_1_531' title='bbox 1206 4705 1483 4761; x_wconf 90' lang='lat' dir='ltr'><strong>morsibus</strong></span> <span class='ocrx_word' id='word_1_532' title='bbox 1520 4707 1897 4774; x_wconf 85' lang='lat' dir='ltr'><strong>Ianiabantur;</strong></span> <span class='ocrx_word' id='word_1_533' title='bbox 1926 4710 2057 4778; x_wconf 53' lang='lat' dir='ltr'><strong>alia,</strong></span> <span class='ocrx_word' id='word_1_534' title='bbox 2073 4712 2218 4763; x_wconf 90' lang='lat' dir='ltr'><strong>velut</strong></span> <span class='ocrx_word' id='word_1_535' title='bbox 2241 4712 2350 4764; x_wconf 89' lang='lat' dir='ltr'><strong>alto</strong></span> 
     </span>
    </p>
   </div>
   <div class='ocr_carea' id='block_1_79' title="bbox 2363 4412 3153 4482">
    <p class='ocr_par' dir='ltr' id='par_1_79' title="bbox 2363 4412 3153 4482">
     <span class='ocr_line' id='line_1_79' title="bbox 2363 4412 3153 4482; baseline -0.005 0"><span class='ocrx_word' id='word_1_536' title='bbox 2363 4423 2407 4478; x_wconf 90' lang='lat' dir='ltr'><strong>D</strong></span> <span class='ocrx_word' id='word_1_537' title='bbox 2433 4413 2680 4482; x_wconf 79' lang='grc' dir='ltr'>ηγύρεως</span> <span class='ocrx_word' id='word_1_538' title='bbox 2736 4412 3153 4481; x_wconf 79' lang='grc' dir='ltr'>εὐφημουμένη.</span> 
     </span>
    </p>
   </div>
   <div class='ocr_carea' id='block_1_80' title="bbox 2445 3157 4014 3229">
    <p class='ocr_par' dir='ltr' id='par_1_80' title="bbox 2445 3157 4014 3229">
     <span class='ocr_line' id='line_1_80' title="bbox 2445 3157 4014 3229; baseline -0.001 -18"><span class='ocrx_word' id='word_1_539' title='bbox 2445 3160 2601 3220; x_wconf 80' lang='grc' dir='ltr'>θείως</span> <span class='ocrx_word' id='word_1_540' title='bbox 2632 3160 3025 3229; x_wconf 78' lang='grc' dir='ltr'>προορωμένη·</span> <span class='ocrx_word' id='word_1_541' title='bbox 3052 3161 3145 3211; x_wconf 65' lang='grc' dir='ltr'><strong>κα)⁸</strong></span> <span class='ocrx_word' id='word_1_542' title='bbox 3172 3158 3261 3210; x_wconf 82' lang='grc' dir='ltr'>τὸν</span> <span class='ocrx_word' id='word_1_543' title='bbox 3291 3157 3500 3210; x_wconf 79' lang='grc' dir='ltr'>Παῦλον</span> <span class='ocrx_word' id='word_1_544' title='bbox 3533 3158 3775 3227; x_wconf 76' lang='grc' dir='ltr'>ὄμμασιν</span> <span class='ocrx_word' id='word_1_545' title='bbox 3806 3160 4014 3226; x_wconf 86' lang='grc' dir='ltr'>νοεροίς</span> 
     </span>
    </p>
   </div>
   <div class='ocr_carea' id='block_1_81' title="bbox 2441 3245 4015 3316">
    <p class='ocr_par' dir='ltr' id='par_1_81' title="bbox 2441 3245 4015 3316">
     <span class='ocr_line' id='line_1_81' title="bbox 2441 3245 4015 3316; baseline -0.004 -16"><span class='ocrx_word' id='word_1_546' title='bbox 2441 3248 2785 3316; x_wconf 79' lang='grc' dir='ltr'>όπταζομένη</span> <span class='ocrx_word' id='word_1_547' title='bbox 2840 3248 2965 3316; x_wconf 81' lang='grc' dir='ltr'>(μιᾷ</span> <span class='ocrx_word' id='word_1_548' title='bbox 3019 3247 3126 3316; x_wconf 75' lang='grc' dir='ltr'>γὰρ</span> <span class='ocrx_word' id='word_1_549' title='bbox 3178 3247 3363 3315; x_wconf 79' lang='grc' dir='ltr'>ὁράσει</span> <span class='ocrx_word' id='word_1_550' title='bbox 3406 3246 3525 3307; x_wconf 72' lang='grc' dir='ltr'>νοὸς</span> <span class='ocrx_word' id='word_1_551' title='bbox 3554 3246 3897 3314; x_wconf 77' lang='grc' dir='ltr'>ἀμφοτέρους</span> <span class='ocrx_word' id='word_1_552' title='bbox 3935 3245 4015 3306; x_wconf 82' lang='grc' dir='ltr'>ὡς</span> 
     </span>
    </p>
   </div>
   <div class='ocr_carea' id='block_1_82' title="bbox 2442 3330 4018 3404">
    <p class='ocr_par' dir='ltr' id='par_1_82' title="bbox 2442 3330 4018 3404">
     <span class='ocr_line' id='line_1_82' title="bbox 2442 3330 4018 3404; baseline -0.004 -15"><span class='ocrx_word' id='word_1_553' title='bbox 2442 3338 2536 3390; x_wconf 77' lang='grc' dir='ltr'>ἕνα</span> <span class='ocrx_word' id='word_1_554' title='bbox 2574 3335 2951 3404; x_wconf 77' lang='grc' dir='ltr'>κατωπτρίζου</span> <span class='ocrx_word' id='word_1_555' title='bbox 2977 3337 3020 3403; x_wconf 88' lang='grc'>),</span> <span class='ocrx_word' id='word_1_556' title='bbox 3054 3335 3197 3403; x_wconf 89' lang='grc' dir='ltr'>μάλα</span> <span class='ocrx_word' id='word_1_557' title='bbox 3223 3334 3485 3396; x_wconf 83' lang='grc' dir='ltr'>νεανικῶς</span> <span class='ocrx_word' id='word_1_558' title='bbox 3514 3335 3570 3385; x_wconf 79' lang='grc' dir='ltr'><strong>ἐν</strong></span> <span class='ocrx_word' id='word_1_559' title='bbox 3600 3333 3904 3403; x_wconf 78' lang='grc' dir='ltr'>ἀρρενωπῴ</span> <span class='ocrx_word' id='word_1_560' title='bbox 3938 3330 4018 3403; x_wconf 78' lang='grc' dir='ltr'><strong>τῷ</strong></span> 
     </span>
    </p>
   </div>
   <div class='ocr_carea' id='block_1_83' title="bbox 2444 3423 4012 3496">
    <p class='ocr_par' dir='ltr' id='par_1_83' title="bbox 2444 3423 4012 3496">
     <span class='ocr_line' id='line_1_83' title="bbox 2444 3423 4012 3496; baseline -0.002 -19"><span class='ocrx_word' id='word_1_561' title='bbox 2444 3426 2784 3496; x_wconf 84' lang='grc' dir='ltr'>φρονήματι,</span> <span class='ocrx_word' id='word_1_562' title='bbox 2820 3425 2898 3487; x_wconf 85' lang='grc' dir='ltr'><strong>είς</strong></span> <span class='ocrx_word' id='word_1_563' title='bbox 2928 3425 2988 3476; x_wconf 84' lang='grc' dir='ltr'>τὸ</span> <span class='ocrx_word' id='word_1_564' title='bbox 3013 3423 3106 3475; x_wconf 89' lang='grc' dir='ltr'><strong>τοῦ</strong></span> <span class='ocrx_word' id='word_1_565' title='bbox 3144 3424 3358 3477; x_wconf 84' lang='grc' dir='ltr'>σταδίου</span> <span class='ocrx_word' id='word_1_566' title='bbox 3392 3424 3554 3492; x_wconf 89' lang='grc' dir='ltr'>μέσον</span> <span class='ocrx_word' id='word_1_567' title='bbox 3600 3424 3969 3493; x_wconf 79' lang='grc' dir='ltr'>εἰσεπήδησας</span> <span class='ocrx_word' id='word_1_568' title='bbox 3998 3440 4012 3454; x_wconf 89' lang='grc'><strong>·</strong></span> 
     </span>
    </p>
   </div>
   <div class='ocr_carea' id='block_1_84' title="bbox 2442 3515 4021 3585">
    <p class='ocr_par' dir='ltr' id='par_1_84' title="bbox 2442 3515 4021 3585">
     <span class='ocr_line' id='line_1_84' title="bbox 2442 3515 4021 3585; baseline -0.002 -17"><span class='ocrx_word' id='word_1_569' title='bbox 2442 3518 2533 3568; x_wconf 71' lang='grc' dir='ltr'>καὶ</span> <span class='ocrx_word' id='word_1_570' title='bbox 2587 3515 2805 3584; x_wconf 83' lang='grc' dir='ltr'>σταυρῷ</span> <span class='ocrx_word' id='word_1_571' title='bbox 2861 3516 2962 3581; x_wconf 82' lang='grc' dir='ltr'>μὲν</span> <span class='ocrx_word' id='word_1_572' title='bbox 3013 3517 3135 3567; x_wconf 80' lang='grc' dir='ltr'>ὅλον</span> <span class='ocrx_word' id='word_1_573' title='bbox 3183 3516 3244 3567; x_wconf 82' lang='grc' dir='ltr'>τὸ</span> <span class='ocrx_word' id='word_1_574' title='bbox 3274 3517 3432 3585; x_wconf 85' lang='grc' dir='ltr'>σῶμα</span> <span class='ocrx_word' id='word_1_575' title='bbox 3462 3518 3729 3584; x_wconf 82' lang='grc' dir='ltr'>πρότερον</span> <span class='ocrx_word' id='word_1_576' title='bbox 3773 3531 4021 3582; x_wconf 78' lang='grc' dir='ltr'>σημειω-</span> 
     </span>
    </p>
   </div>
   <div class='ocr_carea' id='block_1_85' title="bbox 2442 3605 4018 3675">
    <p class='ocr_par' dir='ltr' id='par_1_85' title="bbox 2442 3605 4018 3675">
     <span class='ocr_line' id='line_1_85' title="bbox 2442 3605 4018 3675; baseline -0.001 -18"><span class='ocrx_word' id='word_1_577' title='bbox 2442 3606 2594 3658; x_wconf 92' lang='grc' dir='ltr'>θεῖσα</span> <span class='ocrx_word' id='word_1_578' title='bbox 2614 3622 2627 3635; x_wconf 87' lang='grc'><strong>·</strong></span> <span class='ocrx_word' id='word_1_579' title='bbox 2656 3606 3109 3675; x_wconf 85' lang='grc' dir='ltr'>ἐκπεπετασμένη</span> <span class='ocrx_word' id='word_1_580' title='bbox 3140 3606 3195 3658; x_wconf 78' lang='grc' dir='ltr'>δὲ</span> <span class='ocrx_word' id='word_1_581' title='bbox 3238 3606 3336 3667; x_wconf 87' lang='grc' dir='ltr'>τὰς</span> <span class='ocrx_word' id='word_1_582' title='bbox 3368 3608 3555 3675; x_wconf 85' lang='grc' dir='ltr'>χεῖρας</span> <span class='ocrx_word' id='word_1_583' title='bbox 3587 3608 3668 3667; x_wconf 74' lang='grc' dir='ltr'>εἰς</span> <span class='ocrx_word' id='word_1_584' title='bbox 3717 3605 3808 3658; x_wconf 77' lang='grc' dir='ltr'><strong>τὸν</strong></span> <span class='ocrx_word' id='word_1_585' title='bbox 3852 3607 4018 3673; x_wconf 70' lang='grc' dir='ltr'>οὐρα-</span> 
     </span>
    </p>
   </div>
   <div class='ocr_carea' id='block_1_86' title="bbox 2441 3694 4020 3765">
    <p class='ocr_par' dir='ltr' id='par_1_86' title="bbox 2441 3694 4020 3765">
     <span class='ocr_line' id='line_1_86' title="bbox 2441 3694 4020 3765; baseline 0.004 -17"><span class='ocrx_word' id='word_1_586' title='bbox 2441 3698 2550 3759; x_wconf 75' lang='grc' dir='ltr'>νον,</span> <span class='ocrx_word' id='word_1_587' title='bbox 2582 3696 2660 3765; x_wconf 79' lang='grc' dir='ltr'>τῷ</span> <span class='ocrx_word' id='word_1_588' title='bbox 2704 3696 2799 3765; x_wconf 83' lang='grc' dir='ltr'>μὲν</span> <span class='ocrx_word' id='word_1_589' title='bbox 2835 3695 2928 3747; x_wconf 71' lang='grc' dir='ltr'>ἐπὶ</span> <span class='ocrx_word' id='word_1_590' title='bbox 2977 3696 3085 3747; x_wconf 82' lang='grc' dir='ltr'><strong>τῶν</strong></span> <span class='ocrx_word' id='word_1_591' title='bbox 3116 3695 3397 3765; x_wconf 75' lang='grc' dir='ltr'>Χερουϐὶμ</span> <span class='ocrx_word' id='word_1_592' title='bbox 3440 3696 3734 3765; x_wconf 85' lang='grc' dir='ltr'>καθημένῳ</span> <span class='ocrx_word' id='word_1_593' title='bbox 3772 3698 3886 3757; x_wconf 90' lang='grc' dir='ltr'>τοῖς</span> <span class='ocrx_word' id='word_1_594' title='bbox 3916 3694 4020 3761; x_wconf 74' lang='grc' dir='ltr'><strong>τῆς</strong></span> 
     </span>
    </p>
   </div>
   <div class='ocr_carea' id='block_1_87' title="bbox 2440 3784 4017 3855">
    <p class='ocr_par' dir='ltr' id='par_1_87' title="bbox 2440 3784 4017 3855">
     <span class='ocr_line' id='line_1_87' title="bbox 2440 3784 4017 3855; baseline -0.004 -16"><span class='ocrx_word' id='word_1_595' title='bbox 2440 3786 2675 3845; x_wconf 84' lang='grc' dir='ltr'>διανοίας</span> <span class='ocrx_word' id='word_1_596' title='bbox 2703 3784 3133 3853; x_wconf 85' lang='grc' dir='ltr'>μυστικωτάτοις</span> <span class='ocrx_word' id='word_1_597' title='bbox 3171 3787 3468 3854; x_wconf 83' lang='grc' dir='ltr'>κινήμασιν</span> <span class='ocrx_word' id='word_1_598' title='bbox 3517 3786 3785 3855; x_wconf 69' lang='grc' dir='ltr'>εὐχομένη</span> <span class='ocrx_word' id='word_1_599' title='bbox 3838 3799 4017 3853; x_wconf 70' lang='grc' dir='ltr'>προσ-</span> 
     </span>
    </p>
   </div>
   <div class='ocr_carea' id='block_1_88' title="bbox 2440 3872 4022 3943">
    <p class='ocr_par' dir='ltr' id='par_1_88' title="bbox 2440 3872 4022 3943">
     <span class='ocr_line' id='line_1_88' title="bbox 2440 3872 4022 3943; baseline -0.001 -17"><span class='ocrx_word' id='word_1_600' title='bbox 2440 3874 2696 3942; x_wconf 82' lang='grc' dir='ltr'>ωμίλεις·</span> <span class='ocrx_word' id='word_1_601' title='bbox 2730 3874 2837 3924; x_wconf 89' lang='grc' dir='ltr'><strong>τῶν</strong></span> <span class='ocrx_word' id='word_1_602' title='bbox 2869 3872 2961 3923; x_wconf 73' lang='grc' dir='ltr'>ἐπὶ</span> <span class='ocrx_word' id='word_1_603' title='bbox 3024 3877 3081 3925; x_wconf 82' lang='grc' dir='ltr'><strong>σέ</strong></span> <span class='ocrx_word' id='word_1_604' title='bbox 3146 3874 3203 3926; x_wconf 87' lang='grc' dir='ltr'><strong>δέ</strong></span> <span class='ocrx_word' id='word_1_605' title='bbox 3255 3875 3625 3943; x_wconf 77' lang='grc' dir='ltr'>πεμπομένων</span> <span class='ocrx_word' id='word_1_606' title='bbox 3652 3875 3882 3927; x_wconf 83' lang='grc' dir='ltr'>λεόντων</span> <span class='ocrx_word' id='word_1_607' title='bbox 3922 3873 4022 3926; x_wconf 72' lang='grc' dir='ltr'>καὶ</span> 
     </span>
    </p>
   </div>
   <div class='ocr_carea' id='block_1_89' title="bbox 2440 3962 4027 4035">
    <p class='ocr_par' dir='ltr' id='par_1_89' title="bbox 2440 3962 4027 4035">
     <span class='ocr_line' id='line_1_89' title="bbox 2440 3962 4027 4035; baseline 0.001 -21"><span class='ocrx_word' id='word_1_608' title='bbox 2440 3964 2655 4032; x_wconf 84' lang='grc' dir='ltr'>ἀρκτων</span> <span class='ocrx_word' id='word_1_609' title='bbox 2686 3964 2779 4014; x_wconf 65' lang='grc' dir='ltr'><strong>καῖ¹</strong></span> <span class='ocrx_word' id='word_1_610' title='bbox 2816 3962 3131 4031; x_wconf 79' lang='grc' dir='ltr'>παρδάλεων</span> <span class='ocrx_word' id='word_1_611' title='bbox 3161 3964 3251 4015; x_wconf 74' lang='grc' dir='ltr'><strong>τὸν</strong></span> <span class='ocrx_word' id='word_1_612' title='bbox 3300 3964 3567 4035; x_wconf 78' lang='grc' dir='ltr'>βρυγμδν,</span> <span class='ocrx_word' id='word_1_613' title='bbox 3611 3964 3687 4026; x_wconf 86' lang='grc' dir='ltr'>ὼς</span> <span class='ocrx_word' id='word_1_614' title='bbox 3732 3962 4027 4031; x_wconf 87' lang='grc' dir='ltr'>προϐάτων</span> 
     </span>
    </p>
   </div>
   <div class='ocr_carea' id='block_1_90' title="bbox 2440 4050 4020 4122">
    <p class='ocr_par' dir='ltr' id='par_1_90' title="bbox 2440 4050 4020 4122">
     <span class='ocr_line' id='line_1_90' title="bbox 2440 4050 4020 4122; baseline 0.001 -19"><span class='ocrx_word' id='word_1_615' title='bbox 2440 4050 2757 4121; x_wconf 77' lang='grc' dir='ltr'>λογιζομένη</span> <span class='ocrx_word' id='word_1_616' title='bbox 2798 4050 3109 4120; x_wconf 83' lang='grc' dir='ltr'>βληχηθμόν</span> <span class='ocrx_word' id='word_1_617' title='bbox 3134 4068 3147 4081; x_wconf 91' lang='grc'><strong>·</strong></span> <span class='ocrx_word' id='word_1_618' title='bbox 3186 4054 3279 4105; x_wconf 87' lang='grc' dir='ltr'><strong>τοῦ</strong></span> <span class='ocrx_word' id='word_1_619' title='bbox 3321 4055 3566 4122; x_wconf 77' lang='grc' dir='ltr'>πατάγου</span> <span class='ocrx_word' id='word_1_620' title='bbox 3600 4055 3656 4107; x_wconf 81' lang='grc' dir='ltr'>δὲ</span> <span class='ocrx_word' id='word_1_621' title='bbox 3680 4053 3788 4105; x_wconf 87' lang='grc' dir='ltr'><strong>τῶν</strong></span> <span class='ocrx_word' id='word_1_622' title='bbox 3822 4055 4020 4121; x_wconf 80' lang='grc' dir='ltr'>δήμων</span> 
     </span>
    </p>
   </div>
   <div class='ocr_carea' id='block_1_91' title="bbox 2442 4137 4030 4212">
    <p class='ocr_par' dir='ltr' id='par_1_91' title="bbox 2442 4137 4030 4212">
     <span class='ocr_line' id='line_1_91' title="bbox 2442 4137 4030 4212; baseline 0.004 -21"><span class='ocrx_word' id='word_1_623' title='bbox 2442 4141 2534 4191; x_wconf 77' lang='grc' dir='ltr'>καὶ</span> <span class='ocrx_word' id='word_1_624' title='bbox 2560 4139 2665 4207; x_wconf 81' lang='grc' dir='ltr'>τῆς</span> <span class='ocrx_word' id='word_1_625' title='bbox 2694 4137 2800 4190; x_wconf 88' lang='grc' dir='ltr'><strong>τῶν</strong></span> <span class='ocrx_word' id='word_1_626' title='bbox 2846 4138 3019 4207; x_wconf 81' lang='grc' dir='ltr'>ὄχλων</span> <span class='ocrx_word' id='word_1_627' title='bbox 3047 4141 3293 4209; x_wconf 75' lang='grc' dir='ltr'>ταραχῆς</span> <span class='ocrx_word' id='word_1_628' title='bbox 3338 4146 3433 4195; x_wconf 71' lang='grc' dir='ltr'>καὶ</span> <span class='ocrx_word' id='word_1_629' title='bbox 3467 4145 3565 4212; x_wconf 85' lang='grc' dir='ltr'>τῆς</span> <span class='ocrx_word' id='word_1_630' title='bbox 3600 4142 3705 4195; x_wconf 90' lang='grc' dir='ltr'><strong>τῶν</strong></span> <span class='ocrx_word' id='word_1_631' title='bbox 3736 4143 4030 4209; x_wconf 82' lang='grc' dir='ltr'>γυναικῶν</span> 
     </span>
    </p>
   </div>
   <div class='ocr_carea' id='block_1_92' title="bbox 2440 4229 4031 4303">
    <p class='ocr_par' dir='ltr' id='par_1_92' title="bbox 2440 4229 4031 4303">
     <span class='ocr_line' id='line_1_92' title="bbox 2440 4229 4031 4303; baseline 0.003 -21"><span class='ocrx_word' id='word_1_632' title='bbox 2440 4230 2704 4297; x_wconf 82' lang='grc' dir='ltr'>όλολυγῆς</span> <span class='ocrx_word' id='word_1_633' title='bbox 2760 4229 2835 4291; x_wconf 83' lang='grc' dir='ltr'>ὼς</span> <span class='ocrx_word' id='word_1_634' title='bbox 2895 4230 3104 4297; x_wconf 77' lang='grc' dir='ltr'>νηπίων</span> <span class='ocrx_word' id='word_1_635' title='bbox 3156 4232 3595 4303; x_wconf 77' lang='grc' dir='ltr'>ἐπαισθανομὲνη</span> <span class='ocrx_word' id='word_1_636' title='bbox 3644 4234 3795 4303; x_wconf 83' lang='grc' dir='ltr'>βοῆς,</span> <span class='ocrx_word' id='word_1_637' title='bbox 3845 4233 4031 4297; x_wconf 75' lang='grc' dir='ltr'>οὕτως</span> 
     </span>
    </p>
   </div>
   <div class='ocr_carea' id='block_1_93' title="bbox 2447 4321 4022 4394">
    <p class='ocr_par' dir='ltr' id='par_1_93' title="bbox 2447 4321 4022 4394">
     <span class='ocr_line' id='line_1_93' title="bbox 2447 4321 4022 4394; baseline 0 -19"><span class='ocrx_word' id='word_1_638' title='bbox 2447 4324 2692 4392; x_wconf 78' lang='grc' dir='ltr'>ἀτρέμας</span> <span class='ocrx_word' id='word_1_639' title='bbox 2720 4321 2905 4374; x_wconf 83' lang='grc' dir='ltr'>ἵστασο</span> <span class='ocrx_word' id='word_1_640' title='bbox 2933 4322 3185 4393; x_wconf 88' lang='grc' dir='ltr'>καθάπερ</span> <span class='ocrx_word' id='word_1_641' title='bbox 3235 4326 3292 4377; x_wconf 91' lang='grc' dir='ltr'><strong>ἐν</strong></span> <span class='ocrx_word' id='word_1_642' title='bbox 3327 4328 3475 4394; x_wconf 84' lang='grc' dir='ltr'>μέσῳ</span> <span class='ocrx_word' id='word_1_643' title='bbox 3505 4324 3839 4393; x_wconf 74' lang='grc' dir='ltr'>δημοτελοῦς</span> <span class='ocrx_word' id='word_1_644' title='bbox 3868 4340 4022 4377; x_wconf 79' lang='grc' dir='ltr'>παν-</span> 
     </span>
    </p>
   </div>
   <div class='ocr_carea' id='block_1_94' title="bbox 3240 4415 4035 4485">
    <p class='ocr_par' dir='ltr' id='par_1_94' title="bbox 3240 4415 4035 4485">
     <span class='ocr_line' id='line_1_94' title="bbox 3240 4415 4035 4485; baseline 0.001 -18"><span class='ocrx_word' id='word_1_645' title='bbox 3240 4416 3335 4469; x_wconf 76' lang='grc' dir='ltr'>καὶ</span> <span class='ocrx_word' id='word_1_646' title='bbox 3413 4416 3865 4485; x_wconf 82' lang='grc' dir='ltr'>κατατερπομένη</span> <span class='ocrx_word' id='word_1_647' title='bbox 3930 4415 4035 4468; x_wconf 71' lang='grc' dir='ltr'>τὸν</span> 
     </span>
    </p>
   </div>
   <div class='ocr_carea' id='block_1_95' title="bbox 2443 4523 2585 4562">
    <p class='ocr_par' dir='ltr' id='par_1_95' title="bbox 2443 4523 2585 4562">
     <span class='ocr_line' id='line_1_95' title="bbox 2443 4523 2585 4562; baseline 0.014 -2"><span class='ocrx_word' id='word_1_648' title='bbox 2443 4523 2585 4562; x_wconf 87' lang='grc' dir='ltr'>νουν.</span> 
     </span>
    </p>
   </div>
   <div class='ocr_carea' id='block_1_96' title="bbox 2514 4616 4029 4689">
    <p class='ocr_par' dir='ltr' id='par_1_96' title="bbox 2514 4616 4029 4689">
     <span class='ocr_line' id='line_1_96' title="bbox 2514 4616 4029 4689; baseline -0.001 -16"><span class='ocrx_word' id='word_1_649' title='bbox 2514 4618 2639 4674; x_wconf 81' lang='grc' dir='ltr'>Εἶεν</span> <span class='ocrx_word' id='word_1_650' title='bbox 2662 4639 2674 4652; x_wconf 92' lang='grc'><strong>·</strong></span> <span class='ocrx_word' id='word_1_651' title='bbox 2709 4622 2796 4674; x_wconf 88' lang='grc' dir='ltr'><strong>ὅτε</strong></span> <span class='ocrx_word' id='word_1_652' title='bbox 2831 4622 2887 4673; x_wconf 78' lang='grc' dir='ltr'>δὲ</span> <span class='ocrx_word' id='word_1_653' title='bbox 2920 4623 3026 4674; x_wconf 76' lang='grc' dir='ltr'>πᾶν</span> <span class='ocrx_word' id='word_1_654' title='bbox 3059 4619 3245 4689; x_wconf 83' lang='grc' dir='ltr'>θηρίον</span> <span class='ocrx_word' id='word_1_655' title='bbox 3302 4617 3502 4684; x_wconf 80' lang='grc' dir='ltr'>ἀφεθέν</span> <span class='ocrx_word' id='word_1_656' title='bbox 3558 4617 3681 4671; x_wconf 77' lang='grc' dir='ltr'>κατ’</span> <span class='ocrx_word' id='word_1_657' title='bbox 3710 4616 3881 4686; x_wconf 80' lang='grc' dir='ltr'>αὐτῆς</span> <span class='ocrx_word' id='word_1_658' title='bbox 3908 4659 3923 4681; x_wconf 90' lang='grc'><strong>,</strong></span> <span class='ocrx_word' id='word_1_659' title='bbox 3984 4618 4029 4672; x_wconf 78' lang='grc' dir='ltr'><strong>ἃ</strong></span> 
     </span>
    </p>
   </div>
   <div class='ocr_carea' id='block_1_97' title="bbox 2451 4706 4035 4782">
    <p class='ocr_par' dir='ltr' id='par_1_97' title="bbox 2451 4706 4035 4782">
     <span class='ocr_line' id='line_1_97' title="bbox 2451 4706 4035 4782; baseline -0.004 -16"><span class='ocrx_word' id='word_1_660' title='bbox 2451 4715 2548 4782; x_wconf 90' lang='grc' dir='ltr'><strong>μέν</strong></span> <span class='ocrx_word' id='word_1_661' title='bbox 2581 4713 2671 4764; x_wconf 82' lang='grc' dir='ltr'><strong>ὑπ’</strong></span> <span class='ocrx_word' id='word_1_662' title='bbox 2700 4713 2945 4781; x_wconf 86' lang='grc' dir='ltr'>ἀλλήλων</span> <span class='ocrx_word' id='word_1_663' title='bbox 2983 4711 3225 4780; x_wconf 81' lang='grc' dir='ltr'>ἀνήλωτο</span> <span class='ocrx_word' id='word_1_664' title='bbox 3250 4727 3263 4739; x_wconf 88' lang='grc'><strong>·</strong></span> <span class='ocrx_word' id='word_1_665' title='bbox 3312 4708 3347 4761; x_wconf 77' lang='grc' dir='ltr'>ἃ</span> <span class='ocrx_word' id='word_1_666' title='bbox 3379 4708 3424 4760; x_wconf 85' lang='grc' dir='ltr'>δ’</span> <span class='ocrx_word' id='word_1_667' title='bbox 3458 4708 3533 4769; x_wconf 86' lang='grc' dir='ltr'>ὼς</span> <span class='ocrx_word' id='word_1_668' title='bbox 3562 4706 3715 4776; x_wconf 80' lang='grc' dir='ltr'>ὕπνῳ</span> <span class='ocrx_word' id='word_1_669' title='bbox 3743 4707 3899 4775; x_wconf 82' lang='grc' dir='ltr'>βαθεῖ</span> <span class='ocrx_word' id='word_1_670' title='bbox 3924 4725 4035 4759; x_wconf 80' lang='grc' dir='ltr'>κα-</span> 
     </span>
    </p>
   </div>
   <div class='ocr_carea' id='block_1_98' title="bbox 777 4796 2337 4872">
    <p class='ocr_par' dir='ltr' id='par_1_98' title="bbox 777 4798 2337 4867">
     <span class='ocr_line' id='line_1_98' title="bbox 777 4798 2337 4867; baseline 0.003 -18"><span class='ocrx_word' id='word_1_671' title='bbox 777 4812 971 4865; x_wconf 81' lang='lat' dir='ltr'><strong>sopore</strong></span> <span class='ocrx_word' id='word_1_672' title='bbox 1005 4798 1301 4865; x_wconf 82' lang='lat' dir='ltr'><strong>consOpita:</strong></span> <span class='ocrx_word' id='word_1_673' title='bbox 1338 4813 1637 4867; x_wconf 78' lang='lat' dir='ltr'><strong>segnesque</strong></span> <span class='ocrx_word' id='word_1_674' title='bbox 1666 4798 1889 4865; x_wconf 66' lang='lat' dir='ltr'><strong>eﬁectae,</strong></span> <span class='ocrx_word' id='word_1_675' title='bbox 1932 4810 2138 4854; x_wconf 87' lang='lat' dir='ltr'><strong>tantum</strong></span> <span class='ocrx_word' id='word_1_676' title='bbox 2166 4804 2337 4855; x_wconf 76' lang='lat' dir='ltr'><strong>aberat</strong></span> 
     </span>
    </p>
   </div>
   <div class='ocr_carea' id='block_1_99' title="bbox 2442 4796 4038 4872">
    <p class='ocr_par' dir='ltr' id='par_1_99' title="bbox 2452 4796 4038 4872">
     <span class='ocr_line' id='line_1_99' title="bbox 2452 4796 4038 4872; baseline -0.004 -18"><span class='ocrx_word' id='word_1_677' title='bbox 2452 4802 2692 4872; x_wconf 86' lang='grc' dir='ltr'>ρωθέντα</span> <span class='ocrx_word' id='word_1_678' title='bbox 2712 4803 2804 4854; x_wconf 72' lang='grc' dir='ltr'>καὶ</span> <span class='ocrx_word' id='word_1_679' title='bbox 2840 4802 3208 4871; x_wconf 89' lang='grc' dir='ltr'>ναρκήσαντα,</span> <span class='ocrx_word' id='word_1_680' title='bbox 3242 4798 3493 4851; x_wconf 88' lang='grc' dir='ltr'>τοσοῦτον</span> <span class='ocrx_word' id='word_1_681' title='bbox 3523 4799 3717 4866; x_wconf 87' lang='grc' dir='ltr'>ἀπεῖχε</span> <span class='ocrx_word' id='word_1_682' title='bbox 3753 4796 3845 4850; x_wconf 89' lang='grc' dir='ltr'><strong>τοῦ</strong></span> <span class='ocrx_word' id='word_1_683' title='bbox 3880 4813 4038 4868; x_wconf 67' lang='grc' dir='ltr'>παρα</span> 
     </span>
    </p>
   </div>
   <div class='ocr_carea' id='block_1_100' title="bbox 776 4886 2344 4962">
    <p class='ocr_par' dir='ltr' id='par_1_100' title="bbox 776 4886 2344 4962">
     <span class='ocr_line' id='line_1_100' title="bbox 776 4886 2344 4962; baseline 0.004 -24"><span class='ocrx_word' id='word_1_684' title='bbox 776 4898 835 4939; x_wconf 80' lang='grc' dir='ltr'><strong>ιιι</strong></span> <span class='ocrx_word' id='word_1_685' title='bbox 889 4886 1150 4955; x_wconf 79' lang='lat' dir='ltr'><strong>virginale</strong></span> <span class='ocrx_word' id='word_1_686' title='bbox 1214 4901 1277 4941; x_wconf 88' lang='lat' dir='ltr'><strong>ac</strong></span> <span class='ocrx_word' id='word_1_687' title='bbox 1344 4888 1688 4957; x_wconf 82' lang='lat' dir='ltr'><strong>impollutam</strong></span> <span class='ocrx_word' id='word_1_688' title='bbox 1738 4905 1939 4960; x_wconf 89' lang='lat' dir='ltr'><strong>corpus</strong></span> <span class='ocrx_word' id='word_1_689' title='bbox 1994 4893 2344 4962; x_wconf 88' lang='lat' dir='ltr'><strong>attingerent,</strong></span> 
     </span>
    </p>
   </div>
   <div class='ocr_carea' id='block_1_101' title="bbox 2451 4887 4037 4961">
    <p class='ocr_par' dir='ltr' id='par_1_101' title="bbox 2451 4887 4037 4961">
     <span class='ocr_line' id='line_1_101' title="bbox 2451 4887 4037 4961; baseline -0.004 -16"><span class='ocrx_word' id='word_1_690' title='bbox 2451 4892 2665 4945; x_wconf 86' lang='grc' dir='ltr'>θενικοῦ</span> <span class='ocrx_word' id='word_1_691' title='bbox 2712 4893 2805 4944; x_wconf 78' lang='grc' dir='ltr'>καὶ</span> <span class='ocrx_word' id='word_1_692' title='bbox 2851 4892 3121 4961; x_wconf 79' lang='grc' dir='ltr'>ἀχράντου</span> <span class='ocrx_word' id='word_1_693' title='bbox 3157 4888 3406 4958; x_wconf 84' lang='grc' dir='ltr'>σώματος</span> <span class='ocrx_word' id='word_1_694' title='bbox 3438 4887 3759 4955; x_wconf 77' lang='grc' dir='ltr'>ἐνάψασθαι,</span> <span class='ocrx_word' id='word_1_695' title='bbox 3790 4888 3902 4956; x_wconf 81' lang='grc' dir='ltr'><strong>ὅσῳ</strong></span> <span class='ocrx_word' id='word_1_696' title='bbox 3929 4888 4037 4940; x_wconf 70' lang='grc' dir='ltr'>καὶ</span> 
     </span>
    </p>
   </div>
   <div class='ocr_carea' id='block_1_102' title="bbox 773 4977 2337 5053">
    <p class='ocr_par' dir='ltr' id='par_1_102' title="bbox 773 4979 2337 5053">
     <span class='ocr_line' id='line_1_102' title="bbox 773 4979 2337 5053; baseline 0.006 -26"><span class='ocrx_word' id='word_1_697' title='bbox 773 4988 1038 5046; x_wconf 88' lang='lat' dir='ltr'><strong>quantum</strong></span> <span class='ocrx_word' id='word_1_698' title='bbox 1074 4985 1133 5031; x_wconf 94' lang='lat' dir='ltr'><strong>ut</strong></span> <span class='ocrx_word' id='word_1_699' title='bbox 1160 4986 1214 5031; x_wconf 90' lang='lat' dir='ltr'><strong>et</strong></span> <span class='ocrx_word' id='word_1_700' title='bbox 1236 4979 1405 5032; x_wconf 89' lang='lat' dir='ltr'><strong>duros</strong></span> <span class='ocrx_word' id='word_1_701' title='bbox 1440 4980 1692 5035; x_wconf 90' lang='lat' dir='ltr'><strong>dentibus</strong></span> <span class='ocrx_word' id='word_1_702' title='bbox 1743 4981 1948 5049; x_wconf 85' lang='lat' dir='ltr'><strong>lapides</strong></span> <span class='ocrx_word' id='word_1_703' title='bbox 1978 4984 2337 5053; x_wconf 86' lang='lat' dir='ltr'><strong>apprehende-</strong></span> 
     </span>
    </p>
   </div>
   <div class='ocr_carea' id='block_1_103' title="bbox 2442 4977 4036 5053">
    <p class='ocr_par' dir='ltr' id='par_1_103' title="bbox 2448 4977 4036 5048">
     <span class='ocr_line' id='line_1_103' title="bbox 2448 4977 4036 5048; baseline -0.003 -15"><span class='ocrx_word' id='word_1_704' title='bbox 2448 4983 2612 5035; x_wconf 83' lang='grc' dir='ltr'>λίθων</span> <span class='ocrx_word' id='word_1_705' title='bbox 2660 4983 2981 5042; x_wconf 78' lang='grc' dir='ltr'>ἀντιτυπίας</span> <span class='ocrx_word' id='word_1_706' title='bbox 3010 4980 3190 5033; x_wconf 80' lang='grc' dir='ltr'>ὀδοῦσι</span> <span class='ocrx_word' id='word_1_707' title='bbox 3240 4979 3714 5048; x_wconf 79' lang='grc' dir='ltr'>καταδράξασθαι·</span> <span class='ocrx_word' id='word_1_708' title='bbox 3749 4979 3837 5031; x_wconf 88' lang='grc' dir='ltr'><strong>ὅτε</strong></span> <span class='ocrx_word' id='word_1_709' title='bbox 3893 4977 4036 5044; x_wconf 86' lang='grc' dir='ltr'>γοῦν</span> 
     </span>
    </p>
   </div>
   <div class='ocr_carea' id='block_1_104' title="bbox 778 5065 2341 5143">
    <p class='ocr_par' dir='ltr' id='par_1_104' title="bbox 778 5065 2341 5143">
     <span class='ocr_line' id='line_1_104' title="bbox 778 5065 2341 5143; baseline 0.007 -25"><span class='ocrx_word' id='word_1_710' title='bbox 778 5078 916 5121; x_wconf 87' lang='lat' dir='ltr'><strong>rent.</strong></span> <span class='ocrx_word' id='word_1_711' title='bbox 962 5065 1062 5120; x_wconf 80' lang='lat' dir='ltr'><strong>Ubi</strong></span> <span class='ocrx_word' id='word_1_712' title='bbox 1116 5070 1295 5137; x_wconf 87' lang='lat' dir='ltr'><strong>itaque</strong></span> <span class='ocrx_word' id='word_1_713' title='bbox 1331 5078 1608 5124; x_wconf 89' lang='lat' dir='ltr'><strong>certamen</strong></span> <span class='ocrx_word' id='word_1_714' title='bbox 1670 5072 1815 5126; x_wconf 90' lang='lat' dir='ltr'><strong>istud</strong></span> <span class='ocrx_word' id='word_1_715' title='bbox 1849 5071 2029 5128; x_wconf 90' lang='lat' dir='ltr'><strong>fauste</strong></span> <span class='ocrx_word' id='word_1_716' title='bbox 2083 5075 2160 5128; x_wconf 93' lang='lat' dir='ltr'><strong>illi</strong></span> <span class='ocrx_word' id='word_1_717' title='bbox 2219 5090 2341 5143; x_wconf 91' lang='lat' dir='ltr'><strong>per-</strong></span> 
     </span>
    </p>
   </div>
   <div class='ocr_carea' id='block_1_105' title="bbox 776 5158 2343 5229">
    <p class='ocr_par' dir='ltr' id='par_1_105' title="bbox 776 5158 2343 5229">
     <span class='ocr_line' id='line_1_105' title="bbox 776 5158 2343 5229; baseline 0.006 -20"><span class='ocrx_word' id='word_1_718' title='bbox 776 5169 957 5211; x_wconf 88' lang='lat' dir='ltr'><strong>actum</strong></span> <span class='ocrx_word' id='word_1_719' title='bbox 982 5168 1123 5221; x_wconf 85' lang='lat' dir='ltr'><strong>erat,</strong></span> <span class='ocrx_word' id='word_1_720' title='bbox 1178 5158 1445 5229; x_wconf 87' lang='lat' dir='ltr'><strong>Paterqne</strong></span> <span class='ocrx_word' id='word_1_721' title='bbox 1494 5160 1757 5214; x_wconf 87' lang='lat' dir='ltr'><strong>luminum</strong></span> <span class='ocrx_word' id='word_1_722' title='bbox 1797 5162 2147 5227; x_wconf 77' lang='lat' dir='ltr'><strong>clariﬁcatus,</strong></span> <span class='ocrx_word' id='word_1_723' title='bbox 2173 5164 2343 5219; x_wconf 81' lang='lat' dir='ltr'><strong>Filius</strong></span> 
     </span>
    </p>
   </div>
   <div class='ocr_carea' id='block_1_106' title="bbox 776 5248 2342 5320">
    <p class='ocr_par' dir='ltr' id='par_1_106' title="bbox 776 5248 2342 5320">
     <span class='ocr_line' id='line_1_106' title="bbox 776 5248 2342 5320; baseline 0.008 -22"><span class='ocrx_word' id='word_1_724' title='bbox 776 5250 1180 5316; x_wconf 74' lang='lat' dir='ltr'><strong>magniﬁcatus,</strong></span> <span class='ocrx_word' id='word_1_725' title='bbox 1208 5248 1525 5306; x_wconf 83' lang='lat' dir='ltr'><strong>Paracletus</strong></span> <span class='ocrx_word' id='word_1_726' title='bbox 1574 5251 1813 5320; x_wconf 83' lang='lat' dir='ltr'><strong>denique</strong></span> <span class='ocrx_word' id='word_1_727' title='bbox 1840 5253 1893 5307; x_wconf 93' lang='lat' dir='ltr'><strong>in</strong></span> <span class='ocrx_word' id='word_1_728' title='bbox 1919 5268 1984 5308; x_wconf 88' lang='lat' dir='ltr'><strong>ea</strong></span> <span class='ocrx_word' id='word_1_729' title='bbox 2019 5255 2342 5310; x_wconf 82' lang='lat' dir='ltr'><strong>mirificatus</strong></span> 
     </span>
    </p>
   </div>
   <div class='ocr_carea' id='block_1_107' title="bbox 775 5329 2346 5415">
    <p class='ocr_par' dir='ltr' id='par_1_107' title="bbox 775 5329 2346 5415">
     <span class='ocr_line' id='line_1_107' title="bbox 775 5329 2346 5415; baseline 0.008 -29"><span class='ocrx_word' id='word_1_730' title='bbox 775 5329 983 5403; x_wconf 89' lang='lat' dir='ltr'><strong>luerat;</strong></span> <span class='ocrx_word' id='word_1_731' title='bbox 1054 5351 1182 5393; x_wconf 93' lang='lat' dir='ltr'><strong>tunc</strong></span> <span class='ocrx_word' id='word_1_732' title='bbox 1227 5342 1485 5395; x_wconf 83' lang='lat' dir='ltr'><strong>nimirum</strong></span> <span class='ocrx_word' id='word_1_733' title='bbox 1568 5343 1622 5396; x_wconf 91' lang='lat' dir='ltr'><strong>in</strong></span> <span class='ocrx_word' id='word_1_734' title='bbox 1672 5344 1875 5397; x_wconf 86' lang='lat' dir='ltr'><strong>theatri</strong></span> <span class='ocrx_word' id='word_1_735' title='bbox 1952 5354 2103 5415; x_wconf 85' lang='lat' dir='ltr'><strong>parte</strong></span> <span class='ocrx_word' id='word_1_736' title='bbox 2167 5347 2346 5415; x_wconf 87' lang='lat' dir='ltr'><strong>aliqua</strong></span> 
     </span>
    </p>
   </div>
   <div class='ocr_carea' id='block_1_108' title="bbox 852 5511 2348 5589">
    <p class='ocr_par' dir='ltr' id='par_1_108' title="bbox 852 5511 2348 5589">
     <span class='ocr_line' id='line_1_108' title="bbox 852 5511 2348 5589; baseline 0.003 -22"><span class='ocrx_word' id='word_1_737' title='bbox 852 5515 965 5583; x_wconf 86' lang='lat'><strong>(66)</strong></span> <span class='ocrx_word' id='word_1_738' title='bbox 994 5511 1111 5583; x_wconf 69' lang='grc' dir='ltr'><strong>ἰις</strong></span> <span class='ocrx_word' id='word_1_739' title='bbox 1147 5518 1242 5589; x_wconf 68' lang='grc' dir='ltr'>ἐπὶ</span> <span class='ocrx_word' id='word_1_740' title='bbox 1271 5520 1378 5571; x_wconf 80' lang='grc' dir='ltr'><strong>τὸν</strong></span> <span class='ocrx_word' id='word_1_741' title='bbox 1428 5517 1636 5572; x_wconf 77' lang='grc' dir='ltr'>νῶτον.</span> <span class='ocrx_word' id='word_1_742' title='bbox 1695 5518 1982 5589; x_wconf 84' lang='lat' dir='ltr'><strong>Singulare</strong></span> <span class='ocrx_word' id='word_1_743' title='bbox 2043 5519 2189 5573; x_wconf 80' lang='lat' dir='ltr'><strong>istud</strong></span> <span class='ocrx_word' id='word_1_744' title='bbox 2253 5518 2348 5572; x_wconf 78' lang='lat' dir='ltr'><strong>Ni-</strong></span> 
     </span>
    </p>
   </div>
   <div class='ocr_carea' id='block_1_109' title="bbox 780 5588 2342 5661">
    <p class='ocr_par' dir='ltr' id='par_1_109' title="bbox 780 5588 2342 5661">
     <span class='ocr_line' id='line_1_109' title="bbox 780 5588 2342 5661; baseline 0.004 -24"><span class='ocrx_word' id='word_1_745' title='bbox 780 5597 913 5661; x_wconf 66' lang='lat' dir='ltr'><strong>cetis</strong></span> <span class='ocrx_word' id='word_1_746' title='bbox 935 5598 1044 5648; x_wconf 78' lang='lat' dir='ltr'><strong>est,</strong></span> <span class='ocrx_word' id='word_1_747' title='bbox 1077 5603 1175 5642; x_wconf 89' lang='lat' dir='ltr'><strong>nec</strong></span> <span class='ocrx_word' id='word_1_748' title='bbox 1200 5588 1339 5642; x_wconf 85' lang='lat' dir='ltr'><strong>forte</strong></span> <span class='ocrx_word' id='word_1_749' title='bbox 1396 5592 1531 5644; x_wconf 87' lang='lat' dir='ltr'><strong>satis</strong></span> <span class='ocrx_word' id='word_1_750' title='bbox 1563 5588 1858 5661; x_wconf 69' lang='lat' dir='ltr'><strong>credibile,</strong></span> <span class='ocrx_word' id='word_1_751' title='bbox 1930 5591 2011 5643; x_wconf 87' lang='lat' dir='ltr'><strong>sic</strong></span> <span class='ocrx_word' id='word_1_752' title='bbox 2076 5590 2342 5661; x_wconf 80' lang='lat' dir='ltr'><strong>virginem</strong></span> 
     </span>
    </p>
   </div>
   <div class='ocr_carea' id='block_1_110' title="bbox 783 5658 2338 5735">
    <p class='ocr_par' dir='ltr' id='par_1_110' title="bbox 783 5658 2338 5735">
     <span class='ocr_line' id='line_1_110' title="bbox 783 5658 2338 5735; baseline 0.004 -28"><span class='ocrx_word' id='word_1_753' title='bbox 783 5658 927 5735; x_wconf 80' lang='lat' dir='ltr'><strong>velut</strong></span> <span class='ocrx_word' id='word_1_754' title='bbox 948 5670 1147 5735; x_wconf 75' lang='lat' dir='ltr'><strong>equum</strong></span> <span class='ocrx_word' id='word_1_755' title='bbox 1172 5662 1385 5735; x_wconf 69' lang='lat' dir='ltr'><strong>leonem</strong></span> <span class='ocrx_word' id='word_1_756' title='bbox 1423 5658 1711 5735; x_wconf 72' lang='lat' dir='ltr'><strong>insedisse.</strong></span> <span class='ocrx_word' id='word_1_757' title='bbox 1739 5660 1843 5712; x_wconf 79' lang='lat' dir='ltr'><strong>Alii</strong></span> <span class='ocrx_word' id='word_1_758' title='bbox 1882 5660 2079 5735; x_wconf 69' lang='lat' dir='ltr'><strong>melius</strong></span> <span class='ocrx_word' id='word_1_759' title='bbox 2113 5658 2338 5714; x_wconf 50' lang='lat' dir='ltr'><strong>leanam</strong></span> 
     </span>
    </p>
   </div>
   <div class='ocr_carea' id='block_1_111' title="bbox 783 5726 2352 5797">
    <p class='ocr_par' dir='ltr' id='par_1_111' title="bbox 783 5726 2352 5797">
     <span class='ocr_line' id='line_1_111' title="bbox 783 5726 2352 5797; baseline 0.003 -19"><span class='ocrx_word' id='word_1_760' title='bbox 783 5726 978 5797; x_wconf 82' lang='lat' dir='ltr'><strong>virgini</strong></span> <span class='ocrx_word' id='word_1_761' title='bbox 1028 5728 1324 5793; x_wconf 80' lang='lat' dir='ltr'><strong>assedisse,</strong></span> <span class='ocrx_word' id='word_1_762' title='bbox 1390 5740 1443 5783; x_wconf 89' lang='lat' dir='ltr'><strong>et</strong></span> <span class='ocrx_word' id='word_1_763' title='bbox 1480 5730 1635 5783; x_wconf 86' lang='lat' dir='ltr'><strong>canis</strong></span> <span class='ocrx_word' id='word_1_764' title='bbox 1712 5745 1862 5783; x_wconf 87' lang='lat' dir='ltr'><strong>more</strong></span> <span class='ocrx_word' id='word_1_765' title='bbox 1918 5728 2112 5783; x_wconf 85' lang='lat' dir='ltr'><strong>blande</strong></span> <span class='ocrx_word' id='word_1_766' title='bbox 2181 5731 2352 5784; x_wconf 81' lang='lat' dir='ltr'><strong>cauda</strong></span> 
     </span>
    </p>
   </div>
   <div class='ocr_carea' id='block_1_112' title="bbox 2445 5067 4037 5141">
    <p class='ocr_par' dir='ltr' id='par_1_112' title="bbox 2445 5067 4037 5141">
     <span class='ocr_line' id='line_1_112' title="bbox 2445 5067 4037 5141; baseline -0.006 -15"><span class='ocrx_word' id='word_1_767' title='bbox 2445 5074 2634 5137; x_wconf 80' lang='grc' dir='ltr'>δεξιῶς</span> <span class='ocrx_word' id='word_1_768' title='bbox 2664 5074 2802 5141; x_wconf 81' lang='grc' dir='ltr'>αὐτῇ</span> <span class='ocrx_word' id='word_1_769' title='bbox 2836 5073 2984 5125; x_wconf 90' lang='grc' dir='ltr'>τόνδε</span> <span class='ocrx_word' id='word_1_770' title='bbox 3008 5068 3417 5125; x_wconf 75' lang='grc' dir='ltr'>συντετελέσθαι</span> <span class='ocrx_word' id='word_1_771' title='bbox 3437 5069 3528 5120; x_wconf 85' lang='grc' dir='ltr'>τὸν</span> <span class='ocrx_word' id='word_1_772' title='bbox 3558 5068 3766 5135; x_wconf 85' lang='grc' dir='ltr'>ἀγῶνα,</span> <span class='ocrx_word' id='word_1_773' title='bbox 3808 5067 3907 5119; x_wconf 78' lang='grc' dir='ltr'>καὶ</span> <span class='ocrx_word' id='word_1_774' title='bbox 3933 5068 4037 5117; x_wconf 74' lang='grc' dir='ltr'><strong>τὸν</strong></span> 
     </span>
    </p>
   </div>
   <div class='ocr_carea' id='block_1_113' title="bbox 2451 5159 4037 5232">
    <p class='ocr_par' dir='ltr' id='par_1_113' title="bbox 2451 5159 4037 5232">
     <span class='ocr_line' id='line_1_113' title="bbox 2451 5159 4037 5232; baseline -0.004 -15"><span class='ocrx_word' id='word_1_775' title='bbox 2451 5166 2666 5232; x_wconf 85' lang='grc' dir='ltr'>Πατέρα</span> <span class='ocrx_word' id='word_1_776' title='bbox 2698 5164 2806 5216; x_wconf 89' lang='grc' dir='ltr'><strong>τῶν</strong></span> <span class='ocrx_word' id='word_1_777' title='bbox 2842 5162 3034 5232; x_wconf 73' lang='grc' dir='ltr'>φώτων</span> <span class='ocrx_word' id='word_1_778' title='bbox 3064 5161 3410 5228; x_wconf 78' lang='grc' dir='ltr'>δοξασθῆναι,</span> <span class='ocrx_word' id='word_1_779' title='bbox 3432 5161 3525 5212; x_wconf 70' lang='grc' dir='ltr'>καὶ</span> <span class='ocrx_word' id='word_1_780' title='bbox 3554 5160 3645 5211; x_wconf 73' lang='grc' dir='ltr'><strong>τὸν</strong></span> <span class='ocrx_word' id='word_1_781' title='bbox 3681 5159 3807 5211; x_wconf 83' lang='grc' dir='ltr'>Υίὸν</span> <span class='ocrx_word' id='word_1_782' title='bbox 3845 5174 4037 5227; x_wconf 85' lang='grc' dir='ltr'>μεγα-</span> 
     </span>
    </p>
   </div>
   <div class='ocr_carea' id='block_1_114' title="bbox 2449 5252 4035 5325">
    <p class='ocr_par' dir='ltr' id='par_1_114' title="bbox 2449 5252 4035 5325">
     <span class='ocr_line' id='line_1_114' title="bbox 2449 5252 4035 5325; baseline -0.003 -18"><span class='ocrx_word' id='word_1_783' title='bbox 2449 5256 2725 5325; x_wconf 84' lang='grc' dir='ltr'>λυνθῆναι,</span> <span class='ocrx_word' id='word_1_784' title='bbox 2752 5257 2848 5308; x_wconf 81' lang='grc' dir='ltr'>καὶ</span> <span class='ocrx_word' id='word_1_785' title='bbox 2903 5256 2993 5307; x_wconf 62' lang='grc' dir='ltr'><strong>τόν</strong></span> <span class='ocrx_word' id='word_1_786' title='bbox 3027 5255 3390 5325; x_wconf 76' lang='grc' dir='ltr'>Παράκλητονι</span> <span class='ocrx_word' id='word_1_787' title='bbox 3412 5254 3469 5303; x_wconf 85' lang='grc' dir='ltr'><strong>ἐν</strong></span> <span class='ocrx_word' id='word_1_788' title='bbox 3522 5254 3659 5321; x_wconf 77' lang='grc' dir='ltr'>αὐτῇ</span> <span class='ocrx_word' id='word_1_789' title='bbox 3690 5252 4002 5318; x_wconf 88' lang='grc' dir='ltr'>θαυμαστω</span> <span class='ocrx_word' id='word_1_790' title='bbox 4022 5284 4035 5291; x_wconf 88' lang='grc'><strong>-</strong></span> 
     </span>
    </p>
   </div>
   <div class='ocr_carea' id='block_1_115' title="bbox 2461 5343 4035 5418">
    <p class='ocr_par' dir='ltr' id='par_1_115' title="bbox 2461 5343 4035 5418">
     <span class='ocr_line' id='line_1_115' title="bbox 2461 5343 4035 5418; baseline -0.004 -18"><span class='ocrx_word' id='word_1_791' title='bbox 2461 5348 2638 5417; x_wconf 82' lang='grc' dir='ltr'>θῆναι,</span> <span class='ocrx_word' id='word_1_792' title='bbox 2668 5349 2787 5401; x_wconf 89' lang='grc' dir='ltr'>τότε</span> <span class='ocrx_word' id='word_1_793' title='bbox 2814 5348 2877 5416; x_wconf 81' lang='grc' dir='ltr'>δὴ</span> <span class='ocrx_word' id='word_1_794' title='bbox 2908 5347 3042 5418; x_wconf 81' lang='grc' dir='ltr'>πρὸς</span> <span class='ocrx_word' id='word_1_795' title='bbox 3065 5347 3123 5399; x_wconf 79' lang='grc' dir='ltr'><strong>ἐν</strong></span> <span class='ocrx_word' id='word_1_796' title='bbox 3146 5363 3196 5398; x_wconf 90' lang='grc' dir='ltr'><strong>τι</strong></span> <span class='ocrx_word' id='word_1_797' title='bbox 3218 5344 3312 5398; x_wconf 89' lang='grc' dir='ltr'><strong>τοῦ</strong></span> <span class='ocrx_word' id='word_1_798' title='bbox 3352 5344 3578 5415; x_wconf 82' lang='grc' dir='ltr'>θεάτρου</span> <span class='ocrx_word' id='word_1_799' title='bbox 3609 5346 3772 5414; x_wconf 81' lang='grc' dir='ltr'>μέρος</span> <span class='ocrx_word' id='word_1_800' title='bbox 3798 5343 4035 5412; x_wconf 84' lang='grc' dir='ltr'>δρυγμα</span> 
     </span>
    </p>
   </div>
   <div class='ocr_carea' id='block_1_116' title="bbox 2453 5517 4041 5588">
    <p class='ocr_par' dir='ltr' id='par_1_116' title="bbox 2453 5517 4041 5588">
     <span class='ocr_line' id='line_1_116' title="bbox 2453 5517 4041 5588; baseline -0.003 -15"><span class='ocrx_word' id='word_1_801' title='bbox 2453 5520 2750 5574; x_wconf 76' lang='lat' dir='ltr'><strong>hlaudilam</strong></span> <span class='ocrx_word' id='word_1_802' title='bbox 2784 5536 2927 5575; x_wconf 87' lang='lat' dir='ltr'><strong>esse.</strong></span> <span class='ocrx_word' id='word_1_803' title='bbox 2969 5518 3135 5573; x_wconf 80' lang='lat' dir='ltr'><strong>Basil.</strong></span> <span class='ocrx_word' id='word_1_804' title='bbox 3170 5517 3577 5588; x_wconf 78' lang='grc' dir='ltr'>παρεκαθέζετό</span> <span class='ocrx_word' id='word_1_805' title='bbox 3639 5534 3697 5588; x_wconf 85' lang='grc' dir='ltr'><strong>τε</strong></span> <span class='ocrx_word' id='word_1_806' title='bbox 3742 5517 3836 5569; x_wconf 78' lang='grc' dir='ltr'>καὶ</span> <span class='ocrx_word' id='word_1_807' title='bbox 3869 5534 4041 5587; x_wconf 85' lang='grc' dir='ltr'>περι-</span> 
     </span>
    </p>
   </div>
   <div class='ocr_carea' id='block_1_117' title="bbox 2451 5587 4041 5657">
    <p class='ocr_par' dir='ltr' id='par_1_117' title="bbox 2451 5587 4041 5657">
     <span class='ocr_line' id='line_1_117' title="bbox 2451 5587 4041 5657; baseline -0.001 -16"><span class='ocrx_word' id='word_1_808' title='bbox 2451 5591 2631 5642; x_wconf 85' lang='grc' dir='ltr'>έσαινε</span> <span class='ocrx_word' id='word_1_809' title='bbox 2662 5591 2787 5651; x_wconf 81' lang='grc' dir='ltr'>τοὺς</span> <span class='ocrx_word' id='word_1_810' title='bbox 2816 5590 3005 5650; x_wconf 85' lang='grc' dir='ltr'>πόδας.</span> <span class='ocrx_word' id='word_1_811' title='bbox 3040 5587 3300 5656; x_wconf 65' lang='lat' dir='ltr'><strong>MetaphL,</strong></span> <span class='ocrx_word' id='word_1_812' title='bbox 3337 5588 3539 5657; x_wconf 75' lang='lat' dir='ltr'><strong>Lingua</strong></span> <span class='ocrx_word' id='word_1_813' title='bbox 3593 5587 3824 5657; x_wconf 76' lang='lat' dir='ltr'><strong>molh’ter</strong></span> <span class='ocrx_word' id='word_1_814' title='bbox 3869 5590 4041 5657; x_wconf 73' lang='lat' dir='ltr'><strong>pedes</strong></span> 
     </span>
    </p>
   </div>
   <div class='ocr_carea' id='block_1_118' title="bbox 2445 5656 4044 5726">
    <p class='ocr_par' dir='ltr' id='par_1_118' title="bbox 2445 5656 4044 5726">
     <span class='ocr_line' id='line_1_118' title="bbox 2445 5656 4044 5726; baseline 0 -15"><span class='ocrx_word' id='word_1_815' title='bbox 2445 5660 2559 5726; x_wconf 73' lang='lat' dir='ltr'><strong>ejus</strong></span> <span class='ocrx_word' id='word_1_816' title='bbox 2588 5659 2835 5713; x_wconf 74' lang='lat' dir='ltr'><strong>lambere.</strong></span> <span class='ocrx_word' id='word_1_817' title='bbox 2865 5660 3018 5723; x_wconf 80' lang='lat' dir='ltr'><strong>Quod</strong></span> <span class='ocrx_word' id='word_1_818' title='bbox 3043 5659 3107 5711; x_wconf 88' lang='lat' dir='ltr'><strong>ad</strong></span> <span class='ocrx_word' id='word_1_819' title='bbox 3145 5658 3302 5711; x_wconf 81' lang='lat' dir='ltr'><strong>fidem</strong></span> <span class='ocrx_word' id='word_1_820' title='bbox 3358 5656 3516 5726; x_wconf 90' lang='lat' dir='ltr'><strong>longe</strong></span> <span class='ocrx_word' id='word_1_821' title='bbox 3562 5656 3879 5726; x_wconf 69' lang='lat' dir='ltr'><strong>proclivius,</strong></span> <span class='ocrx_word' id='word_1_822' title='bbox 3935 5656 4044 5712; x_wconf 80' lang='lat' dir='ltr'><strong>dc-</strong></span> 
     </span>
    </p>
   </div>
   <div class='ocr_carea' id='block_1_119' title="bbox 2462 5726 3506 5799">
    <p class='ocr_par' dir='ltr' id='par_1_119' title="bbox 2462 5726 3506 5799">
     <span class='ocr_line' id='line_1_119' title="bbox 2462 5726 3506 5799; baseline -0.002 -17"><span class='ocrx_word' id='word_1_823' title='bbox 2462 5739 2656 5799; x_wconf 80' lang='lat' dir='ltr'><strong>cctquc</strong></span> <span class='ocrx_word' id='word_1_824' title='bbox 2697 5730 2867 5797; x_wconf 85' lang='lat' dir='ltr'><strong>magis</strong></span> <span class='ocrx_word' id='word_1_825' title='bbox 2906 5727 3225 5783; x_wconf 81' lang='lat' dir='ltr'><strong>modestiam</strong></span> <span class='ocrx_word' id='word_1_826' title='bbox 3263 5726 3506 5797; x_wconf 72' lang='lat' dir='ltr'><strong>virginis.</strong></span> 
     </span>
    </p>
   </div>
  </div>
