4180 6434
168 422 282 485 325

1059 413 1344 475 ORATIO
1384 414 1540 475 XVI.
1583 438 1651 449 -
1677 411 1754 471 ΙΝ
1785 411 2093 471 LAUDEM
2129 411 2188 471 Β.
2227 411 2563 473 THECI..‘E.

3326 416 3435 485 326

161 533 379 601 πλῆρες
431 529 618 591 ὓδατος
650 527 831 581 ἰδοῦσα
860 526 1003 595 (67),
1028 527 1125 579 καὶ
1152 528 1745 598 κατασφραγισαμὲνη,

1856 527 2056 581 fossam
2131 542 2273 595 aqua
2342 532 2557 595 plena-ti
2627 524 2835 587 videns,
2903 539 2965 581 ac
3031 527 3214 583 crucis
3269 531 3425 601 signo

161 623 441 688 ἀκοντίζει
479 624 576 694 μὲν
599 623 798 692 ἑαυτὴν
824 621 965 674 κατὰ
980 620 1073 673 τοῦ
1105 620 1297 683 ὕδατος
1331 623 1388 673 ὲν
1418 621 1495 691 τῷ
1519 620 1747 689 ὀνόματι

174 716 353 787 Ἰησοῦ
412 716 671 784 Χριστοῦ,
706 715 944 782 λέγουσα
969 729 984 743 '
1019 712 1103 778 Τῷ
1133 712 1306 767 ὕδατι
1341 714 1612 781 σήμερον
1637 713 1753 777 ,Βια-

162 807 456 878 πτίζομαι.
485 804 595 860 Ἦν
624 808 735 877 γὰρ
765 808 865 877 ἤδη
899 806 961 858 τὸ
1002 806 1226 876 Πνεῦμα
1256 805 1317 859 τὸ
1348 806 1503 874 ἅγιον
1533 804 1619 858 διὰ
1654 806 1753 874 τῆς

164 901 383 955 Παύλου
445 900 742 970 σφραγῖδος
788 898 1008 962 τελείως
1038 896 1512 967 ὲγκολπωσαμένη
1539 913 1551 927 ο
1586 896 1751 960 εὐθὺς

160 994 213 1045 δὲ
244 993 451 1061 νεφέλη
506 992 635 1061 περὶ
687 991 858 1058 αὐτὴν
899 988 1069 1058 πυρὸς
1101 982 1304 1052 ὦπται,
1367 987 1503 1055 ὁμοῦ
1534 989 1636 1057 τήν
1690 1004 1751 1040 τε

161 1084 449 1151 γύμνωσιν
480 1081 911 1152 περιστέλλουσα
941 1078 1036 1132 τοῦ
1063 1079 1333 1149 σώματος,
1360 1080 1455 1131 καὶ
1489 1078 1751 1147 ἀμίαντον

162 1176 272 1229 ἀπὸ
299 1175 411 1227 τῶν
439 1176 498 1226 ὲν
530 1172 691 1226 ὕδασι
728 1169 1065 1241 διατηροῦσα
1099 1169 1323 1237 φωκῶν.

241 1264 492 1317 Ἐκεῖθεν
542 1266 575 1333 ἡ
625 1262 934 1324 καλλίνικος
995 1262 1291 1332 ἀθλοφόρος
1357 1260 1622 1325 ἀναδῦσα,
1657 1262 1748 1314 ἵνα

166 1358 366 1426 μᾶλλον
399 1356 481 1408 ἔτι
516 1355 747 1424 δοξασθῇ
778 1356 890 1416 τοῖς
919 1355 1141 1417 οἰκείοις
1185 1354 1404 1423 μέλεσιν
1443 1354 1748 1426 ἁγιάζουσα

163 1450 425 1517 Χριστὸν,
459 1449 681 1518 ταύροις
720 1446 936 1514 ἀγρίοις
987 1447 1082 1499 καὶ
1140 1446 1527 1516 σκληροτάτοις
1580 1423 1750 1515 προσ-

163 1539 396 1591 εδέδετοο
432 1540 529 1590 καὶ
578 1537 675 1605 τῆς
711 1535 833 1604 βίας
866 1537 1054 1598 αἴτιος,
1106 1532 1454 1605 Ἀλέξανδρος
1495 1537 1522 1587 ὁ
1557 1536 1748 1603 ἄφρων

162 1632 333 1699 αὐτῆς
392 1631 640 1698 ὑπῆρχεν
696 1629 978 1699 ὲραστής’
1013 1626 1203 1680 τούτου
1259 1627 1368 1700 γὰρ
1402 1629 1500 1695 τῆς
1554 1628 1749 1697 μανίας

162 1723 406 1789 ἀγεννῶς
443 1724 471 1773 ὁ
505 1720 729 1791 ἡγεμὼν
759 1722 982 1789 ἡττᾶτο.
1036 1721 1147 1773 Καὶ
1176 1721 1377 1783 πάντες
1413 1721 1510 1790 μὲν
1557 1721 1747 1791 ἄνδρες

161 1819 271 1878 rei;
330 1814 643 1882 γινομένοις
711 1812 1242 1882 ὲπιμυκτηρίζοντες
1291 1812 1741 1865 ἀπεδυσπέτουν·

161 2019 267 2054 ναι.
295 1999 619 2069 Τρύφαιναν
646 1997 703 2049 δὲ
734 1996 887 2068 παρὰ
913 1997 974 2051 τὸ
1004 1996 1231 2066 θέατρον
1263 1997 1458 2067 μικροῦ
1480 1997 1591 2049 δεῖν
1614 1999 1747 2050 ἁπο-

157 2092 476 2144 πνεύσασαν
510 2090 813 2142 ἀνείλαντο.
875 2088 940 2142 0i
994 2088 1052 2141 δὲ
1094 2088 1289 2157 σίδηρα
1339 2089 1745 2159 κακομηχάνως

158 2185 541 2255 κυρώσαντες.
572 2184 792 2237 καὶτῶν
822 2182 1102 2253 ταυρικῶν
1132 2182 1339 2254 ὄρχεων
1361 2185 1749 2253 ἀπαιωρὴσαν-

157 2293 267 2338 τες,
304 2274 590 2327 ἐπι-πλεῖον
620 2275 818 2336 αὐτοὺς
860 2276 925 2344 τῇ
958 2273 1052 2327 τοῦ
1089 2276 1258 2346 πυρὸς
1291 2275 1428 2341 θίξει
1479 2274 1746 2344 συνταρά-

161 2367 265 2431 Eat,
291 2367 393 2420 καὶ
422 2367 522 2436 τὴν
552 2365 648 2418 τοῦ
684 2365 925 2435 Χριστοῦ
956 2366 1186 2437 δεσμίαν
1238 2366 1427 2436 βιαίως
1475 2366 1747 2430 ὲξανελεῖν

160 2457 544 2527 ἐμηχανῶντο.
566 2456 801 2527 Νὴπιοιί
837 2458 897 2510 οὗ
925 2459 1033 2527 γάρ
1066 2458 1162 2528 τὴν
1191 2457 1617 2527 ὑπερμαχοῦσαν
1651 2459 1750 2512 αὑ-

158 2550 253 2617 τῆς
281 2548 631 2603 κατεθεῶντο
661 2551 818 2619 χεῖρα
845 2566 857 2579 ο
888 2549 1050 2610 εὐθὺς
1077 2549 1185 2619 γὰρ
1207 2548 1314 2601 τῶν
1340 2550 1519 2601 κάλων
1551 2551 1748 2619 περιρ-

164 2641 447 2707 ραγέντων
471 2643 539 2710 τῇ
577 2641 755 2708 φλογὶ,
790 2642 837 2692 οἱ
876 2640 975 2709 μὲν
997 2640 1314 2711 ἀπέστησαν
1340 2658 1352 2671 ·
1412 2643 1444 2711 ἡ
1477 2641 1749 2711 παρθένος

160 2731 214 2782 δὲ
251 2733 397 2785 κατὰ
446 2730 634 2801 χώρας
683 2730 965 2800 άλώδητος
1019 2730 1446 2802 διαμεμένηκεν.
1479 2728 1691 2788 Ταῦτα.
1721 2729 1750 2781 ὁ

160 2824 249 2876 τὸν
278 2824 487 2890 Δανιὴλ
518 2823 801 2876 λεοντείων
828 2824 1129 2893 ῥυσάμενος
1156 2824 1450 2893 χασμάτων
1476 2839 1487 2850 ·
1518 2824 1546 2873 ὁ
1574 2820 1749 2889 στύλῳ

165 2917 337 2985 πυρὸς
375 2915 475 2968 καὶ
504 2915 732 2984 νεφέλης
763 2916 822 2967 ὲν
847 2917 915 2985 γῇ
946 2916 1039 2970 καὶ
1061 2914 1215 2967 ῦδατι
1248 2913 1632 2985 παραδοξάσας
1658 2911 1749 2964 τὸν

176 3005 427 3076 Ἰσραήλ⁸
462 3007 558 3057 καὶ
591 3004 797 3074 θηρίων
828 3006 1024 3066 αὐτοὺς
1053 3004 1342 3073 κράτορας,
1380 3004 1471 3055 καὶ
1499 3019 1751 3071 ’πονηρο-

164 3097 339 3150 τάτων
371 3096 657 3166 τυράννων
689 3094 1074 3164 ἰσχυροτάτους
1107 3094 1502 3165 ἐργασάμενος.

237 3348 509 3418 Ἐφριξεν
569 3347 870 3417 Ἀντιόχεια
907 3346 1089 3417 ὁρῶσα
1150 3346 1343 3405 ταῦτα.
1398 3347 1493 3399 καὶ
1528 3348 1741 3419 μεγάλῃ

166 3444 315 3509 φωνῇ
352 3441 448 3492 τὸν
476 3439 576 3507 τῆς
602 3439 812 3509 Θὲκλης
840 3439 1040 3509 ⁴ᾔνεσαν
1086 3439 1243 3491 Θεόν.
1292 3439 1508 3510 Τρόμος
1562 3439 1755 3493 ἔλαόεν

165 3533 251 3584 τὸν
286 3532 561 3601 ἡγεμόνα,
592 3531 687 3582 καὶ
721 3530 855 3600 πρὸς
884 3530 1077 3582 ἑαυτὸν
1107 3528 1354 3597 εὐμενῶς
1392 3530 1596 3583 οὑτωσὶ
1660 3532 1755 3583 καὶ

164 3626 354 3693 πράως
410 3622 514 3692 τὴν
576 3622 871 3691 νικηφόρον
926 3621 1466 3691 μετακαλεσάμενος,
1522 3620 1754 3674 ἐπύθετο

162 3714 289 3784 ποίᾳ
319 3712 559 3781 δυνάμει
589 3712 699 3765 τῶν
721 3711 989 3764 τοσούτων
1035 3711 1377 3782 περιγένοιτο
1403 3712 1604 3782 θηρῶν.
1641 3712 1750 3783 Τὴν

161 3806 216 3857 δὲ
244 3806 804 3874 παρρησιασαμένην,
826 3806 918 3856 καὶ
935 3803 1183 3872 θεολόγον
1199 3804 1462 3874 διάρασαν
1491 3805 1609 3857 ἐκεῖ
1630 3806 1752 3858 στό-

166 3917 260 3964 μα,
298 3898 701 3966 λαμπροτάτην
726 3895 1119 3966 ἑξερεύξασθαι
1147 3896 1239 3949 τοῦ
1276 3896 1450 3966 Ἰησοῦ
1481 3897 1579 3965 τὴν
1611 3913 1752 3965 μαρ-

160 3991 375 4059 τυρὶαν.
409 3989 544 4053 Kal,
589 3989 712 4055 εῖτε
734 3988 1009 4052 βούλοιο,
1041 3990 1228 4057 φησιν,
1268 3982 1315 4041 ὦ
1347 3986 1601 4056 ἡγεμὼν,
1640 3987 1754 4055 τὴν

160 4081 229 4133 ἐν
252 4080 393 4149 ἐμοὶ
438 4081 700 4148 δύναμιν
729 4078 1008 4139 ἀκοῦσαι,
1043 4080 1268 4148 φθόνος
1305 4078 1507 4146 οὐδεὶς
1542 4079 1749 4148 φάναι.

229 4198 275 4227 ⁸³⁸
317 4198 459 4249 Dan.
484 4211 596 4259 ιιν,
637 4192 727 4249 30.
804 4194 851 4225 ⁸⁸
891 4193 1063 4249 Exod.
1090 4209 1202 4259 xw,
1228 4191 1320 4247 25.

226 4314 346 4383 (67)
376 4314 652 4379 Ὄρυγμα
684 4311 910 4383 ξλῆρες
956 4311 1176 4383 {ﬁdamq-
1208 4309 1473 4383 ίδοῦσςι.⁸
1499 4307 1735 4383 Metaph.
1775 4342 1784 4352 -

159 4378 366 4439 uti:ro
443 4378 644 4450 μεστὸν
704 4382 915 4442 ὓδατος.
974 4381 1137 4433 Basil.
1198 4380 1590 4449 κολυμϐήθραν
1648 4378 1744 4430 καὶ

160 4456 330 4525 ὕδωρ,
364 4449 492 4525 qua:
518 4451 700 4525 omni_a
736 4451 860 4525 aliis
886 4452 1118 4525 aliisque
1156 4451 1338 4503 verbis
1392 4450 1533 4525 idem
1571 4449 1743 4517 signi-

160 4518 351 4579 ficant.
385 4524 622 4580 l’hocas.
658 4522 861 4575 bestias
889 4523 1130 4572 marinas
1154 4534 1219 4573 ac
1267 4520 1586 4573 carnivoras
1638 4527 1746 4570 tru-
1773 4522 1826 4581 D
1854 4518 2116 4586 baptizor,
2151 4522 2313 4571 lia-ret

158 4609 391 4663 easque,
422 4592 477 4644 in
514 4606 579 4644 eo
614 4590 785 4644 fuisse
814 4591 888 4642 ait
925 4589 1272 4663 Basiliu_s,_ad
1292 4588 1539 4663 _virginis
1566 4658 1577 4663 _
1608 4589 1747 4663 forte

159 4658 502 4733 supplicium
550 4668 817 4733 paratas;
879 4670 951 4733 ut
988 4659 1134 4728 quod
1184 4660 1239 4733 in
1286 4658 1489 4712 fossam
1548 4658 1751 4733 desiliit

159 4728 340 4799 virgo,
379 4728 731 4786 solummodo
762 4730 1085 4784 carniﬁcum
1148 4731 1256 4783 vim
1320 4730 1624 4796 occuparit,
1681 4728 1750 4781 ab

161 4805 269 4859 illis
302 4808 361 4855 in
389 4816 513 4855 eam
576 4815 700 4852 mox
767 4800 1123 4867 proiicienda,
1193 4810 1251 4851 ιιι
1308 4800 1583 4851 nullarum
1639 4814 1749 4851 non

158 4875 472 4928 bestiarum
512 4870 565 4921 in
595 4884 714 4923 eam
749 4870 1052 4938 periculum
1108 4868 1280 4922 fieret.
1316 4868 1603 4933 Quomodo
1672 4868 1744 4920 fa-

157 4955 311 4998 ctum
338 4940 489 4996 istud
532 4938 767 5002 Theclze,
824 4939 981 4993 alteri
1028 4938 1328 5008 Apollonia:
1384 4939 1655 5007 praaiverit
1694 4939 1746 4990 in

158 5016 385 5068 diverso
414 5013 543 5063 licet
571 5009 880 5063 elemento:
925 5009 1284 5078 videaturque
1332 5023 1437 5062 non
1496 5016 1608 5060 tam
1661 5008 1745 5061 sui

159 5093 477 5152 spontanea
504 5080 729 5152 occisia,
755 5095 919 5148 quam
950 5088 1111 5152 certa:
1131 5079 1242 5144 jam
1273 5078 1424 5152 necis
1458 5087 1748 5152 separata:

158 5147 352 5207 divino
403 5147 649 5218 quodam
698 5147 905 5218 impetu
961 5150 1197 5216 fideique
1248 5148 1572 5218 excellentia
1620 5162 1751 5200 nou-

161 5223 312 5277 nulla
348 5215 700 5275 acceleratio.
723 5215 1082 5287 llisplicuisse
1113 5215 1303 5271 tamen
1344 5216 1487 5271 istud
1531 5215 1749 5271 Thecla:

158 5294 381 5346 cunctis
417 5290 729 5344 astantibus
760 5290 927 5343 refert
976 5288 1143 5343 Basil.
1198 5288 1401 5355 quibus
1450 5290 1568 5339 visa
1618 5288 1746 5340 άτο-

158 5379 263 5423 τως
319 5360 422 5412 καὶ
488 5357 731 5425 ὀλέθριος
791 5359 987 5428 τόλμα,
1053 5358 1294 5411 absurda
1354 5356 1749 5426 exitiabilisque

160 5431 399 5483 audacia
454 5437 505 5482 et
534 5430 825 5493 temeritas,
868 5430 948 5481 sic
1008 5443 1068 5482 se
1130 5430 1183 5481 in
1222 5443 1417 5496 aquam
1484 5430 1745 5482 monstris

160 5499 470 5554 vorandam
530 5499 860 5567 praecipitem
944 5498 1097 5559 dare,
1153 5512 1467 5567 quanquam
1540 5507 1749 5565 poterat

160 5580 313 5624 certa
345 5584 473 5624 esse
499 5567 722 5632 Thecla,
752 5568 844 5636 qui
876 5583 935 5622 se
992 5569 1318 5621 incolumem
1349 5575 1620 5620 servasset
1673 5568 1741 5621 ab

162 5643 312 5693 otnni
338 5639 552 5691 illarum
586 5637 926 5692 terrestrium
983 5637 1281 5692 bestiarum
1337 5637 1571 5706 agmine,
1605 5651 1745 5706 ser-

163 5722 421 5762 vaturum
451 5719 510 5762 et
554 5723 585 5761 a
636 5708 886 5770 marinis,
949 5723 1056 5776 quo
1124 5707 1245 5776 ejus
1296 5705 1469 5775 nugis
1509 5705 1748 5774 undique

166 5780 340 5847 gloria
373 5778 729 5847 claresceret.
756 5776 911 5847 quod
940 5774 1068 5832 vero
1092 5777 1168 5830 ait
1190 5774 1419 5847 Thecla,
1444 5792 1503 5829 se
1542 5777 1594 5828 in
1633 5777 1741 5847 fos-

170 5844 291 5903 sam
319 5849 601 5918 jactando,
642 5846 737 5916 Τῷ
768 5845 1176 5918 ὖδατισήμερον
1239 5846 1588 5916 βαπτίζομαι,
1629 5844 1740 5897 Ilo-

1847 1807 2100 1876 degeneri
2160 1810 2347 1861 animo
2427 1818 2570 1863 totus
2631 1821 2996 1866 conoesserat.

161 1907 333 1960 πᾶσαι
360 1908 420 1959 δὲ
449 1909 703 1974 γυναῖκες
730 1905 1023 1968 ὠλόλυζον,
1050 1905 1150 1973 τὴν
1179 1904 1301 1973 βίαν
1325 1906 1744 1975 ἀπολοφυρόμε-

1852 1901 1946 1953 viri
2016 1917 2202 1955 omnes
2277 1901 2495 1968 probris
2582 1903 2939 1967 incessentes,

1863 619 2223 683 comnmnita,
2276 622 2396 673 sese
2454 619 2505 671 in
2538 632 2656 672 eam
2722 618 2888 687 iactat
2924 619 2975 672 iu
3044 621 3265 675 nomine
3299 620 3427 678 Jesu

1862 710 2067 763 Christi
2118 710 2309 765 dicens
2357 709 2573 764 :Hodie
2620 727 2759 780 aqua
2821 709 3085 778 baptizor.
3132 711 3253 767 Jam
3288 714 3432 768 enim

1855 801 2121 871 Spiritum
2173 811 2426 857 sanctum
2482 804 2650 856 Paulo
2702 804 3028 872 obsignaute
3084 807 3249 858 animi
3310 808 3435 860 sinu

1857 894 2096 960 perfecte
2145 904 2489 963 susceperat.
2525 893 2644 946 Mox
2710 909 2839 947 vero
2876 895 3033 963 ignea
3091 897 3263 950 nubes
3286 897 3435 949 circa

1851 996 1973 1034 eam
2006 985 2122 1036 visa
2151 991 2256 1047 est,
2303 1000 2422 1052 quae
2450 992 2503 1036 et
2535 984 2786 1053 corporis
2821 984 3122 1038 nuditatem
3154 985 3434 1053 obtegeret

1852 1084 1960 1125 cta
2021 1074 2213 1143 phocis
2252 1074 2305 1128 in
2376 1075 2534 1144 aquis
2559 1074 2885 1147 degentibus
2942 1076 3172 1131 illaesum
3223 1090 3425 1130 serva-

1852 1175 1951 1219 ret.

1922 1258 2061 1315 llinc
2093 1260 2350 1329 prazclara
2381 1260 2523 1330 pugil
2556 1261 2781 1315 victoria
2820 1261 3099 1333 triumpho
3122 1280 3431 1333 emergens,

1850 1362 1958 1415 quo
1983 1350 2175 1417 majori
2209 1349 2388 1402 adhuc
2430 1351 2680 1405 claritate
2712 1351 2872 1413 foret,
2905 1354 3189 1408 Christum
3223 1357 3427 1411 sancti-

1851 1437 2019 1491 licaus
2053 1439 2314 1493 membris
2343 1442 2484 1504 suis,
2550 1443 2733 1496 tauris
2769 1444 3073 1511 agrestibus
3102 1461 3165 1497 ac
3195 1448 3432 1501 sa'vissi-

1850 1531 1952 1583 mis
1984 1546 2321 1599 prorsusque
2367 1533 2647 1613 indomitis
2678 1535 2895 1603 alligata
2927 1548 3033 1589 est.
3067 1535 3309 1607 Ejusque
3360 1539 3429 1591 il-

1851 1622 1975 1674 lat-.e
2031 1624 2114 1675 vis
2172 1632 2362 1676 auctor
2415 1625 2639 1678 demens
2698 1626 3006 1679 Alexander
3093 1629 3237 1683 illius
3286 1646 3436 1683 auta-

1850 1725 1934 1767 tor
2002 1730 2065 1767 ac
2121 1732 2318 1785 procus
2379 1736 2391 1771 :
2459 1718 2631 1785 ipsius
2699 1719 2842 1771 enim
2928 1721 3156 1775 insania:
3234 1738 3433 1791 prmses

3076 1812 3153 1867 Ac
3209 1814 3429 1884 quidem

3027 1922 3135 1958 rem
3214 1908 3432 1978 indigne

1853 1992 2129 2058 ferebant;
2177 2003 2388 2047 cuin-tae
2419 2008 2547 2047 vero
2604 1995 2877 2059 mulieres,
2922 1996 3026 2048 vim
3074 1997 3221 2049 illam
3249 1998 3435 2067 deplo-

1853 2083 2046 2145 rando,
2120 2083 2329 2136 ululatu
2390 2099 2515 2138 aera
2577 2086 2881 2154 replebant.
2944 2083 3301 2157 Tryphamatn
3361 2090 3428 2143 ad

1849 2174 2048 2227 theatri
2086 2175 2287 2245 gradus
2321 2177 2686 2245 exspirantem
2716 2192 2909 2245 parum
2941 2180 3095 2232 abest
3128 2182 3257 2248 quin
3306 2196 3430 2236 sus~

1860 2265 2107 2317 tulerint.
2162 2264 2400 2320 Subulas
2454 2280 2620 2334 porro
2673 2265 2900 2329 ferreas,
2957 2268 3142 2321 subtili
3195 2269 3429 2322 nocendi

1850 2365 1967 2409 arte
1995 2357 2355 2411 incendentes
2385 2366 2777 2426 taurorumque
2804 2359 3004 2412 scrotis
3025 2358 3427 2427 appendcntes,

1852 2449 2115 2520 majorem
2154 2451 2205 2502 in
2244 2450 2464 2503 modum
2499 2450 2643 2519 ignis
2684 2459 2919 2504 attracto
2972 2452 3319 2515 conturbare,
3368 2469 3432 2507 ac

1848 2538 2052 2594 Christi
2086 2542 2329 2594 vinctam
2366 2542 2418 2593 vi
2442 2557 2672 2595 enecare
2695 2543 3006 2596 studebant.
3042 2545 3205 2596 Stulti
3246 2544 3433 2598 videli—

1850 2638 1933 2685 cet
1968 2631 2253 2685 homines!
2316 2629 2502 2701 Neque
2532 2633 2675 2686 enim
2716 2648 2929 2686 manum
2964 2635 3038 2687 illi
3079 2636 3430 2689 auxiliantent

1849 2720 2124 2776 videbant.
2161 2720 2354 2775 Statim
2410 2723 2553 2775 enim
2614 2721 2835 2777 funibus
2868 2722 3083 2777 flamma
3156 2727 3428 2795 abruptis.

1850 2810 2023 2865 tauris
2049 2812 2475 2867 abscedentibus
2510 2814 2847 2881 virgoillacsa
2882 2815 2933 2868 in
2960 2817 3138 2869 stadio
3181 2831 3243 2869 ac
3266 2834 3431 2871 arena

1850 2902 2172 2970 permansit.
2210 2902 2333 2956 Haec
2362 2906 2641 2966 nimirum,
2678 2908 2766 2972 qui
2808 2903 3080 2959 Danielum
3118 2923 3146 2960 e
3181 2907 3432 2963 faucibus

1853 2993 2134 3047 hiantibus
2166 2994 2386 3049 leonum
2436 2996 2791 3062 liberavit“;
2851 3001 2941 3067 qui
2986 3002 3236 3053 columna
3293 3002 3433 3070 ignis

1852 3098 1915 3135 ac
1944 3083 2124 3149 nubis,
2163 3093 2306 3137 terra
2341 3087 2585 3155 marique
2614 3086 2864 3141 Israelem
2898 3090 3155 3155 przeclare
3179 3088 3433 3145 honesta-

1854 3176 1930 3227 vit
1968 3175 2048 3242 “;
2080 3190 2203 3229 cum
2248 3176 2548 3230 bestiarum
2580 3179 2702 3232 illos
2729 3179 2984 3244 victores,
3016 3189 3128 3234 tum
3160 3182 3433 3250 ncquissi—

1779 3252 1822 3314 C
1858 3267 1960 3322 mis
1990 3267 2241 3337 tyrannis
2272 3268 2525 3321 fortiores
2556 3269 2703 3323 fecit.

1935 3354 2160 3410 llorruit
2212 3357 2494 3409 Antiochia
2529 3372 2650 3412 cum
2692 3358 2805 3413 haic
2852 3360 3078 3426 videret,
3129 3378 3432 3434 magnaque

1853 3461 1987 3500 voce
2046 3444 2260 3500 Thecla:
2305 3446 2470 3501 Deum
2506 3447 2815 3502 laudarunt.
2872 3449 3096 3505 Tremor
3144 3456 3429 3522 praesidem

1856 3538 2075 3598 invasit,
2124 3539 2312 3605 sicque
2348 3540 2554 3607 placide
2587 3540 2886 3610 blandeque
2942 3544 3169 3597 victoria
3226 3548 3429 3600 claram

1853 3643 2141 3683 aet-erscns
2176 3628 2463 3697 virginem,
2491 3630 2897 3692 sciscitabatur,
2925 3648 3028 3700 qua
3064 3633 3279 3687 demum
3320 3638 3430 3688 vir-

1859 3729 1971 3773 tute
2029 3731 2105 3774 tot
2139 3722 2432 3775 bestiarum
2461 3723 2651 3775 vii-trix
2683 3724 3004 3779 exstitisset.
3034 3726 3114 3780 Ad
3146 3743 3305 3796 quem
3339 3729 3429 3782 illa

1862 3810 2029 3863 libere
2064 3809 2370 3877 fiduciaque
2409 3813 2774 3879 theologicam
2808 3813 2917 3867 iilic
2958 3830 3019 3867 os
3051 3819 3325 3884 aperiens,
3362 3820 3430 3872 il-

1861 3901 2250 3954 lustrissimum
2304 3900 2431 3955 Jesu
2494 3907 2869 3957 testimonium
2921 3908 3210 3961 eructavit.
3248 3911 3429 3977 Atqui,

1859 3990 1904 4041 si
1936 3990 2097 4053 lubet,
2127 3992 2325 4060 inquit,
2358 4010 2386 4045 ο
2412 4008 2627 4061 praeses.
2659 3996 2711 4047 in
2744 4011 2823 4048 me
2859 3998 3196 4051 euisteutem
3264 4001 3420 4053 virtu.

1862 4092 1962 4136 tem
1986 4085 2193 4148 audire,
2227 4087 2376 4138 nulla
2414 4087 2615 4140 invidia
2647 4097 2747 4153 est,
2782 4104 2898 4155 qua’
2930 4088 3072 4159 loqui
3104 4101 3251 4147 retu.
3280 4094 3435 4147 Chri-

1848 4309 2082 4377 dieaqna
2115 4310 2435 4373 baptizanda
2463 4328 2597 4375 sum,
2634 4314 2739 4377 vel,
2774 4326 2831 4369 ut
2877 4317 3119 4372 referunt
3181 4317 3342 4374 Basil.
3375 4327 3431 4374 et

1850 4378 2108 4460 hletaph”
2142 4379 2230 4431 Ἐν
2250 4380 2337 4460 ,τῷ
2363 4382 2585 4460 ὀνόματί
2628 4386 2964 4460 σου,“Κὺριε,
3020 4388 3220 4459 ὑστέρα
3251 4390 3432 4460 ἡμέρᾳ

1853 4448 2208 4519 βαπτίζομαι,
2242 4449 2305 4501 In
2334 4448 2544 4504 nomine
2579 4463 2692 4514 tuo,
2731 4448 2969 4519 Domine,
3012 4448 3206 4511 ultima
3229 4448 3327 4511 hac
3345 4448 3431 4512 die

2357 4524 2637 4596 μυστικόν,
2706 4525 2880 4592 ipsum
2915 4528 3168 4596 λουτρόν,
3206 4543 3424 4581 verum-

1854 4604 1961 4656 que
1991 4590 2194 4643 Clll‘iSll
2231 4590 2581 4657 baptismum,
2609 4590 2855 4647 hoc—sibi
2902 4596 3016 4649 fore
3047 4590 3259 4651 'Thecla
3310 4600 3427 4651 exi-

1854 4660 2346 4726 stiinaverit.quod
2378 4671 2555 4713 tamen
2623 4675 2768 4715 reete
2818 4667 3093 4719 advorsari
3169 4666 3429 4722 Ecclesia:

1855 4729 2065 4797 legibus
2103 4730 2356 4782 advertit.
2389 4730 2580 4783 Mirum
2614 4748 2745 4786 sane
2774 4735 2817 4787 si
2869 4738 3095 4789 necdum
3127 4736 3281 4790 Pauli
3327 4739 3429 4790 mi-

1854 4801 2084 4851 nisterio
2140 4799 2317 4851 fuerat
2381 4800 2634 4863 intincta,
2669 4804 2748 4856 vel
2798 4804 2841 4857 si
2907 4805 3065 4858 istam
3103 4808 3430 4861 mersionem

1851 4884 2045 4946 verum
2116 4869 2443 4946 baptismum
2524 4876 2751 4946 putavit.
2838 4876 2942 4928 nisi
3044 4876 3184 4930 forte
3241 4886 3433 4946 quate-

1855 4954 1958 5015 nus
1993 4939 2086 4991 illo
2115 4941 2217 4993 sibi
2252 4941 2633 5015 complendum
2663 4947 2978 5015 martyrium
3029 4939 3279 5010 credidit,
3326 4949 3431 5001 etsl

1853 5008 1995 5084 Deus
2051 5024 2161 5062 rem
2228 5008 2391 5084 aliter
2442 5008 2819 5084 dispensavit.‘
2864 5014 2937 5067 Ex
3018 5015 3125 5069 illis
3173 5008 3293 5084 qua:
3348 5018 3429 5069 lo’o

1854 5081 2041 5146 quitur
2104 5081 2244 5147 apml
2323 5080 2608 5148 Metaplir.,
2664 5098 2775 5135 rem
2852 5086 2989 5137 hanc
3038 5080 3292 5139 habuisse
3345 5087 3431 5138 vi-

1850 5150 2008 5221 detur
2040 5164 2155 5221 pro
2196 5150 2503 5221 baptismo.
2542 5151 2630 5204 Sic
2686 5153 2831 5205 enim
2887 5165 3157 5221 postremo
3194 5154 3420 5209 Paulum

1852 5219 2169 5286 alloquitur,
2264 5235 2386 5273 cum
2458 5219 2662 5290 Myram
2728 5223 2793 5275 ad
2869 5219 2992 5275 eum
3072 5226 3428 5287 accessisset,

1852 5291 1989 5361 virili
2023 5290 2495 5361 seniper‘hahitu,
2540 5291 2684 5358 quod
2748 5308 3015 5360 nuSquam
3064 5295 3283 5361 placet:
3328 5294 3431 5347 Ac-

1851 5360 1994 5422 cepi,
2046 5374 2073 5409 o
2126 5358 2336 5411 Paule!
2388 5360 2661 5412 Iacuerunt
2713 5379 2724 5413 :
2778 5358 2883 5429 qui
2927 5358 3076 5414 enim'
3112 5379 3218 5415 una
3261 5374 3430 5416 tecum

1852 5439 2095 5492 operatus
2121 5442 2198 5482 est
2234 5431 2287 5480 in
2314 5429 2675 5499 Evangelium,
2708 5433 2835 5483 mihi
2862 5448 3061 5499 quoque
3102 5434 3192 5485 ille
3240 5435 3346 5499 ipse
3372 5442 3428 5485 ut

1850 5498 2113 5558 abluerer.
2139 5501 2414 5551 concessit.
2448 5498 2549 5558 Qui
2581 5504 2661 5553 sic
2716 5501 2956 5555 liberalis
2980 5498 3196 5556 Paulus
3225 5498 3277 5555 in
3306 5505 3426 5555 Act.

1850 5568 2066 5635 legitur,
2100 5578 2156 5621 ut
2187 5572 2371 5621 statim
2404 5569 2595 5634 jubeat
2629 5571 2889 5637 baptizari
2931 5575 2980 5623 in
3016 5573 3234 5625 nomine
3265 5570 3426 5625 Chri-

1849 5640 1943 5701 sti,
1978 5638 2253 5707 quomodo
2282 5637 2559 5693 inThecla
2620 5642 2699 5694 sic
2736 5655 2847 5693 rcin
2895 5642 3130 5702 distulit,
3158 5650 3214 5694 ut
3254 5642 3432 5694 mira-

1850 5709 2043 5781 culoso
2074 5709 2851 5781 baptismatetseumiraculo
2892 5712 3065 5781 ipsius
3118 5713 3224 5765 vim
3291 5724 3428 5780 sup-

1851 5779 2051 5846 plente,
2084 5779 2135 5832 in
2166 5793 2227 5832 ea
2260 5792 2401 5847 opus
2432 5778 2596 5834 Fuerit
2628 5779 2649 5832 ?
