4180 6434
749 406 853 471 39.7

1994 386 2288 450 NlCET/E
2330 386 2416 445 ΡΛ
2428 382 2857 444 PHLAGONIS

3904 374 4009 434 328

752 525 868 567 stus
902 513 985 566 hic
1000 519 1077 565 est
1100 509 1190 563 Dei
1220 507 1416 571 Filius,
1441 506 1550 570 cui,
1581 505 1720 558 Deus
1745 502 2050 561 invisibilis,
2078 502 2332 565 intempo-

2450 493 2686 560 k’pra’tdr;
2719 492 2890 542 ἐστιν
2918 483 3097 551 οὗτος
3146 489 3178 539 o'
3234 484 3361 548 Υἱὸς
3391 486 3497 538 τοῦ
3557 484 3725 545 Θεοῦ,
3783 485 3851 547 ὓς
3877 485 4019 547 θεὸς

753 607 909 669 ralis,
963 606 1301 669 incarporeus
1352 616 1468 653 cum
1510 606 1665 660 esset,
1718 612 1780 648 ac
1837 610 2037 662 semper
2070 609 2188 645 cum
2236 608 2331 644 suo

755 696 998 752 Genitore
1052 707 1209 757 esset,
1271 703 1393 746 ante
1441 706 1639 758 paucos
1696 690 1790 743 lios
1839 703 2025 746 annos,
2061 685 2332 737 hominum

754 805 918 841 causa
952 788 1212 840 hominem
1238 786 1354 853 ﬁeri
1381 798 1643 850 propensa
1679 781 1954 835 voluntate
1985 780 2224 845 placuit;
2270 793 2333 829 ac

754 877 842 945 qui
867 891 934 930 e1:
964 888 1152 930 sancta
1205 874 1439 943 Virgine,
1480 873 1644 927 nullis
1686 873 1853 925 verbis
1908 867 2211 934 explicabili
2245 882 2334 918 ra-

755 968 917 1030 tione,
951 978 1130 1029 natus,
1159 975 1358 1019 etcum
1413 965 1712 1017 hominibus
1764 970 2125 1024 conversatus,
2176 973 2336 1027 opera

751 1074 870 1127 qua:
904 1060 1005 1112 soli
1039 1059 1148 1111 Deo
1188 1059 1522 1118 conveniant,
1567 1057 1710 1125 fecit.
1756 1053 1885 1108 Solo
1917 1054 2055 1105 enim
2091 1055 2243 1106 verbo
2273 1068 2335 1105 ac

754 1150 994 1217 imperio,
1043 1151 1195 1202 caicis
1254 1150 1420 1202 nisum
1460 1148 1710 1215 prcebuit,
1750 1147 1909 1199 mutis
1960 1161 2022 1197 ac
2072 1144 2337 1213 impedito:

754 1237 949 1306 lingua:
994 1238 1141 1306 loqui
1183 1238 1452 1303 prit'cepit,
1523 1237 1710 1290 surdos
1768 1236 2049 1303 aridasque
2103 1235 2334 1294 sanavit,

754 1332 1081 1401 paralyticos
1113 1333 1442 1398 claudosque
1486 1330 1673 1391 erexit,
1721 1328 1985 1381 dwmones
2019 1327 2217 1395 fugavit
2255 1335 2337 1378 at-

755 1440 853 1492 que
905 1436 1139 1476 mortuos
1175 1424 1473 1483 suscitavit,
1525 1421 1735 1490 aliaque
1767 1422 2043 1473 innumera
2090 1419 2338 1471 humana:

756 1514 945 1565 salutis
1003 1529 1165 1564 causa
1216 1513 1467 1579 patravit.
1515 1509 1743 1573 Exinde,
1806 1520 1862 1562 ut
1905 1511 2062 1563 etiam
2114 1509 2335 1561 mortuis

757 1604 896 1654 vium
935 1606 1055 1657 vitet
1090 1605 1407 1660 ostenderet.
1444 1602 1666 1656 mortem
1704 1619 1823 1671 qum
1859 1602 2034 1655 crucis
2083 1601 2336 1667 supplicio

756 1705 858 1756 est,
916 1712 1017 1748 non
1049 1697 1289 1755 erubuit;
1332 1696 1421 1748 sed
1448 1698 1677 1748 moriens
1721 1704 1776 1745 ut
1828 1693 2002 1753 homo,
2055 1693 2335 1745 triduanus

762 1781 856 1833 Dei
892 1783 1126 1848 potentia
1163 1782 1434 1844 surrexit;
1463 1790 1801 1849 receptusque
1830 1781 1885 1831 in
1914 1781 2122 1840 ca'lum,
2152 1780 2285 1832 sedit
2306 1796 2338 1831 a

2436 587 2712 652 ἀόρατος,
2750 582 3031 650 ἇχρονος,
3086 577 3403 646 ἀσώματος
3434 575 3538 641 ὢν,
3573 578 3669 630 καὶ
3708 576 3793 629 ἀει
3832 574 3910 641 τῷ
3934 579 4016 628 ol-

2437 678 2577 740 κείῳ
2600 674 2913 745 γεννήτορι
2951 670 3180 731 συνὼν,
3206 671 3318 736 πρὸ
3348 670 3568 736 ὀλίγων
3596 668 3821 721 τούτων
3843 666 4017 728 ἐτῶν,

2435 767 2590 833 ὑπὲρ
2646 765 2976 831 ἀνθρώπων
3036 760 3377 827 εὐδόκησεν
3436 757 4018 825 ἐνανθρωπισοηῆναι,

2436 857 2536 909 καὶ
2562 858 2630 910 ἐκ
2665 854 2973 923 Παρθένου
3019 853 3190 918 ἁγίας
3244 852 3511 919 άρρἠως
3556 850 3883 918 γεννηθιλς,
3921 849 4020 902 καὶ

2435 947 2559 1013 τοῖς
2584 946 2913 1014 ἀνθρώποις
2933 944 3488 1010 συναναστραρεὶς,
3531 943 3677 1009 ἔργα
3717 940 3838 1005 Θεῴ
3857 943 4021 1008 μόνῳ

2437 1039 2743 1105 πρέποντα
2773 1038 3122 1101 πεποίηκεν.
3170 1036 3336 1101 Λόγῳ
3367 1038 3477 1103 γὰρ
3518 1034 3681 1101 μόνῳ
3712 1034 3807 1085 καὶ
3838 1045 4023 1097 προσ-

2438 1129 2704 1199 τάγματι,
2771 1127 3023 1197 τυφλοῖς
3093 1126 3401 1194 παρέσχεν
3453 1123 3622 1193 όρᾷν,
3672 1122 4022 1192 μογιλάλοις

2438 1224 2767 1293 προέτρεψε
2817 1221 3060 1276 λαλεῖν·
3098 1221 3197 1272 καὶ
3240 1217 3478 1287 κωφοὺς
3523 1218 3734 1271 ἰάσατο
3785 1218 3879 1269 καὶ
3913 1216 4022 1280 ξη-

2431 1318 2612 1384 ρούςο
2650 1318 2747 1368 καὶ
2798 1316 3198 1382 παρειμένους
3233 1310 3550 1379 άνώρθωσε
3586 1312 3684 1362 καὶ
3750 1312 3980 1378 χωλούς
4006 1325 4019 1338 ·

2438 1408 2724 1474 δαίμονας
2745 1409 3090 1475 ἀπήλασεν,
3127 1407 3222 1458 καὶ
3250 1404 3504 1471 νεκροὺς
3530 1403 3898 1468 ἀνέστησεν,
3928 1402 4025 1453 καὶ

2434 1502 2615 1570 μυριά
2643 1500 2721 1551 ἄλ
2740 1504 2803 1552 ια
2832 1501 2982 1566 πρὸς
3013 1498 3321 1564 σωτηρίαν
3373 1497 3704 1562 ἀνθρώπων
3730 1494 4026 1560 κατεπρά-

2440 1598 2605 1661 ξατο.
2642 1592 2805 1657 Εἶτα,
2840 1597 2940 1647 ἶνα
2980 1595 3077 1647 καὶ
3112 1595 3237 1657 τοῖς
3284 1592 3523 1659 νεκροῖς
3564 1592 3676 1659 τὴν
3706 1591 3850 1645 ὁδὸν
3881 1594 4027 1643 ὐπο-

2440 1688 2607 1755 δείξῃ
2641 1687 2751 1754 τῆς
2790 1685 2959 1753 ζωῆς,
3019 1686 3127 1739 τὸν
3170 1686 3268 1738 διὰ
3298 1684 3406 1737 τοῦ
3444 1684 3713 1751 σταυροῦ
3770 1684 4031 1739 θάνατον

2439 1782 2549 1832 οὐκ
2602 1778 2995 1846 ἐπῃσχύνθηο
3057 1776 3221 1830 ἀλλὰ
3284 1774 3484 1829 θανὼν
3544 1776 3625 1840 ὠς
3693 1776 4027 1841 ἄνθρωπος,

757 1873 957 1926 dextris
987 1873 1103 1927 Dei.
1141 1872 1337 1926 Postea
1366 1874 1533 1941 effuso
1575 1874 1627 1926 in
1658 1873 1948 1939 discipulos
1989 1889 2110 1925 suos
2137 1889 2163 1925 e
2192 1873 2336 1925 ca'lis

2450 1871 2667 1937 ἀνέστη
2699 1870 3015 1939 τριήμερος
3041 1866 3289 1935 δυνάμει
3315 1868 3463 1920 Θεοῦ
3480 1885 3494 1899 ο
3518 1868 3610 1920 καὶ
3639 1866 4029 1933 ἀναληφθεὶς,

760 1966 966 2033 Spiritu
1005 1976 1212 2029 sancto,
1261 1969 1577 2035 mittensque
1624 1966 1747 2019 illos
1794 1966 1847 2018 in
1875 1981 2079 2019 omnem
2124 1974 2341 2028 terram,

756 2074 847 2125 per
903 2058 1024 2111 illos
1086 2058 1275 2126 ubique
1333 2058 1578 2109 omnibus
1633 2057 1786 2125 jubet
1859 2066 1915 2108 ut
1983 2055 2343 2123 paenitentiam

758 2160 919 2218 agunt
972 2150 1306 2218 animumque
1364 2149 1432 2201 ad
1477 2164 1595 2202 eum
1641 2156 1993 2201 convertant:
2028 2150 2171 2201 ido'a
2227 2164 2345 2201 vero

758 2251 1009 2311 argentea
1068 2258 1352 2309 aureaque,
1420 2240 1556 2293 velut
1614 2241 1854 2293 inanima
1894 2240 2182 2308 inaniaque
2223 2256 2346 2291 con-

760 2345 1017 2387 temnant.
1050 2333 1447 2400 Discipuloruin
1479 2350 1615 2387 unus
1644 2342 1723 2386 est
1758 2344 1807 2386 et
1864 2350 2010 2385 meus
2046 2342 2339 2400 pra'ceptor

759 2425 983 2485 Paulus,
1015 2441 1047 2476 a
1095 2442 1198 2492 quo
1232 2436 1446 2491 accepto
1487 2424 1763 2494 mysterio,
1790 2440 1853 2475 ac
1876 2439 1965 2489 per
1991 2423 2144 2490 ﬁdem
2179 2421 2337 2475 Chri-

759 2528 899 2568 stum
944 2516 1187 2580 induens,
1215 2516 1411 2580 illcesa,
1439 2528 1491 2570 ut
1538 2516 1702 2581 vides,
1739 2534 1769 2569 a
1820 2516 2109 2568 bestiarum
2146 2516 2338 2581 impetu

760 2620 970 2662 seruata
1000 2624 1154 2671 sum;
1187 2610 1315 2677 quia
1345 2608 1429 2660 Iiie
1447 2618 1522 2661 est
1557 2607 1697 2661 Deus
1731 2607 1886 2667 fortis
1927 2622 1989 2659 ac
2014 2607 2213 2669 virens,
2248 2605 2339 2673 qui

762 2700 884 2768 fecit
928 2705 1115 2756 mlum
1152 2710 1200 2754 et
1234 2710 1450 2753 terram.
1482 2699 1548 2753 Et
1584 2715 1692 2753 non
1720 2706 1803 2754 est
1830 2697 1976 2751 aliud
2010 2713 2208 2751 nomen
2231 2697 2335 2751 sub

762 2792 924 2853 cci-lo,
960 2793 1038 2846 uti
1071 2793 1305 2861 loquitur
1339 2791 1643 2861 Scriptura,
1678 2791 1731 2845 in
1788 2806 1898 2861 quo
1944 2796 2195 2860 oporteat
2244 2804 2345 2844 nos

765 2885 947 2938 salvos
977 2886 1091 2938 lieri
1124 2885 1192 2939 “.

2441 1962 2725 2016 ἐκάθισεν
2776 1963 2846 2015 ὲν
2906 1958 3078 2028 δεξιᾷ
3123 1959 3229 2013 τοῦ
3282 1958 3431 2012 Θεοῦ
3460 1977 3474 1991 ο
3523 1959 3673 2027 μετὰ
3721 1958 3929 2020 ταῦτα,
3960 1956 4031 2011 τὸ

2443 2056 2683 2122 Πνεῦμα
2703 2055 2766 2108 τὸ
2786 2055 2963 2124 ἅγιον
2990 2055 3221 2107 ἄνωθεν
3243 2054 3369 2120 τοῖς
3398 2056 3641 2120 οἰκείοις
3679 2054 3903 2125 ἐκχέας
3918 2071 4032 2122 μα-

2442 2147 2667 2213 θηταῖς,
2698 2147 2796 2200 καὶ
2830 2148 3087 2211 τούτους
3119 2149 3207 2211 εἱς
3256 2145 3463 2201 πᾶσαν
3496 2144 3897 2200 ἀποστέλλων
3917 2144 4034 2210 τὴν

2446 2239 2586 2309 γῆν,
2607 2239 3007 2309 παραγγέλλει
3036 2239 3108 2291 δι’
3124 2238 3325 2292 αὐτῶν
3348 2239 3657 2306 πανταχοῦ
3680 2238 3827 2291 πᾶσι
3854 2255 4032 2306 μετα-

2438 2330 2621 2395 νοεῖν,
2663 2332 2762 2384 καὶ
2815 2330 3199 2399 ἐπιστρέφειν
3228 2332 3343 2397 τὴν
3376 2330 3631 2396 καρδίαν
3662 2329 3757 2382 ἐπ’
3800 2330 3981 2380 αὐτόν
4015 2343 4033 2356 ο

2439 2420 2745 2489 ἀργυρέων
2768 2420 2836 2475 δὲ
2866 2422 2965 2474 καὶ
3016 2420 3293 2489 χρυσέων
3320 2420 3605 2484 εἰδώλων,
3654 2420 3735 2485 ὡς
3770 2421 4031 2486 ἀψύχων

2443 2513 2541 2567 καὶ
2597 2515 2865 2581 ματαίων
2910 2512 3233 2581 ὑπερορᾶν.
3277 2515 3507 2567 Τούτων
3538 2509 3627 2578 εἷς
3675 2514 3773 2565 καὶ
3809 2516 3841 2565 ό
3886 2512 4033 2579 ἐμός

2445 2607 2577 2659 ἐστι
2604 2605 2952 2674 καθηγητὴς
2998 2607 3266 2671 Παῦλος,
3300 2606 3436 2672 παρ’
3466 2600 3538 2660 οὗ
3581 2605 3648 2657 to
3692 2608 4037 2672 μυστήριον

2446 2698 2907 2766 παραλαϐοῦσα,
2939 2697 3036 2750 καὶ
3066 2696 3165 2750 διὰ
3196 2698 3456 2763 πίστεως
3480 2696 3869 2764 ἐνδυσαμένη
3894 2698 3997 2762 Χρι
4015 2727 4027 2734 -

2449 2790 2620 2854 στὸν,
2651 2789 2982 2855 ἀνάλωτος,
3016 2790 3097 2855 ὡς
3149 2789 3314 2857 ὁρᾷς,
3354 2791 3475 2844 ἀπὸ
3520 2789 3633 2857 τῆς
3674 2788 3793 2841 τῶν
3817 2790 4039 2856 θηρίων

2453 2880 2829 2949 περιεσώθην
2850 2882 3037 2950 ὁρμῆς
3065 2898 3077 2909 ’
3121 2881 3209 2934 ὅτι
3237 2877 3417 2947 οὗτός
3454 2882 3584 2933 ἐστι
3618 2884 3762 2945 Θεὸς
3788 2882 4044 2947 ῑσχυρὸς

747 2974 859 3028 Δκαὶ
892 2974 1023 3038 ζῶν,
1068 2975 1135 3040 ὃς
1184 2974 1436 3041 ἐποίησε
1465 2974 1572 3027 τὸν
1601 2973 1863 3041 οὐρανὸν
1896 2971 1995 3025 καὶ
2031 2970 2140 3039 τὴν
2191 2970 2308 3040 γῆν
2331 2988 2345 3003 ο
2388 2972 2500 3025 Καὶ
2528 2973 2630 3024 οὐκ
2657 2971 2805 3024 ἐστιν
2836 2972 2964 3025 ἄλλο
2999 2972 3171 3041 ὄνομα.
3200 2971 3307 3024 ὑπὸ
3329 2971 3419 3023 τὸν
3444 2970 3696 3041 οὐρανὸν,
3756 2970 3905 3024 κατὰ
3973 2970 4041 3022 τὸ

764 3071 991 3137 λόγιον,
1026 3064 1085 3120 ἒν
1115 3061 1158 3134 ᾧ
1180 3068 1260 3120 δεῖ
1288 3065 1528 3135 σωθῆναι
1554 3066 1721 3136 ἡμᾶς.

852 3160 961 3214 Has
993 3160 1083 3213 ille
1110 3175 1233 3211 cum
1267 3159 1511 3212 audisset
1542 3171 1726 3220 voces,
1764 3170 1889 3209 cum
1922 3162 2115 3225 stupor
2163 3170 2226 3208 ex
2260 3168 2349 3207 sa-
2375 3157 2419 3218 α

768 3267 878 3306 (τηε
908 3252 1102 3320 puella:
1130 3252 1305 3314 vultu,
1358 3248 1684 3318 validasque
1736 3249 1903 3303 timor
1954 3248 2028 3302 ita
2084 3247 2252 3315 cepit,
2290 3256 2342 3300 ut

767 3358 886 3396 eam
915 3344 1101 3395 statim
1145 3343 1389 3397 vestibus
1423 3343 1685 3411 operiret,
1717 3341 2145 3409 conscriptaque
2171 3339 2348 3409 diplo-

771 3444 936 3496 mate,
973 3434 1043 3508 ab
1072 3436 1219 3488 omni
1251 3435 1546 3488 immunem
1582 3450 1722 3488 noxa
1744 3433 2070 3487 dimitteret.
2102 3432 2196 3484 Illa
2218 3445 2350 3484 vero

770 3530 834 3581 ad
869 3526 1229 3599 Tryphaenam
1258 3543 1453 3583 rursus
1481 3529 1757 3596 ingressa,
1786 3526 1906 3597 ejus
1935 3524 2098 3579 filiam
2149 3523 2347 3577 Falco-

771 3620 983 3683 nillaui,
1023 3620 1075 3673 in
1111 3622 1436 3675 deteriorem
1465 3619 1577 3687 jam
1602 3630 1831 3680 sortem,
1863 3632 1972 3687 qua
2000 3616 2349 3669 laboraverat

770 3714 1177 3776 incredulitate,
1218 3712 1563 3776 translatam,
1588 3711 1655 3765 ad
1686 3711 1963 3766 meliorem
1996 3708 2249 3778 precibus
2278 3707 2345 3760 ad

841 3869 887 3900 “
916 3870 1038 3923 Act.
1075 3883 1148 3932 iv,
1179 3867 1265 3923 l2.

846 4024 963 4094 (68)
1005 4024 1075 4094 To
1106 4020 1422 4094 θυγάτριον
1453 4018 1644 4094 αὐτῆς
1674 4016 2149 4094 φαλκωνίλλιον.
2202 4013 2355 4094 Hanc

775 4086 993 4166 quoque
1033 4086 1299 4166 Damasci
1324 4092 1439 4143 sive
1474 4088 1728 4166 quisquis
1787 4095 1979 4166 auctor
2023 4095 2107 4139 est
2155 4086 2359 4139 oratio-

780 4157 864 4220 iiis
903 4157 983 4226 ὲὶς
1024 4165 1150 4224 τοὺς
1205 4162 1644 4229 κεκοιμημένους
1694 4157 1831 4229 apud
1879 4157 2080 4225 ipsum,
2133 4163 2356 4229 secutus

776 4246 879 4297 est,
914 4225 995 4287 vel
1031 4232 1280 4287 fabellam
1320 4225 1399 4283 vel
1428 4225 1737 4285 historiam.
1767 4225 1978 4279 Mortua
2032 4234 2149 4279 erat
2187 4227 2240 4278 in
2274 4225 2358 4277 iu-

781 4306 1058 4367 tidclitate,
1098 4317 1197 4356 nec
1230 4301 1297 4353 ad
1323 4302 1485 4353 vitam
1524 4306 1776 4353 revocata
1828 4305 1936 4358 est,
1990 4297 2138 4349 velut
2191 4309 2352 4367 quem

780 4364 1071 4429 Martinum
1115 4372 1572 4424 cau-cluuuenum
1626 4367 1939 4431 suscitavit,
1970 4367 2064 4434 qui
2101 4375 2153 4417 ct
2188 4364 2357 4417 iuliu-

778 4458 902 4499 ctus
935 4452 1037 4507 cst,
1070 4450 1124 4495 et
1147 4441 1458 4493 Christiane
1494 4447 1677 4508 postea
1700 4438 1854 4495 vixit,
1877 4452 1997 4503 quae
2016 4436 2111 4508 les
2132 4445 2226 4508 est
2253 4448 2350 4501 pa-

780 4517 966 4568 randa!
989 4504 1219 4575 salutis;
1246 4527 1350 4563 non
1387 4521 1443 4561 ut
1485 4504 1732 4561 mortuus
1761 4508 1886 4575 quis
1935 4507 1985 4558 in
2015 4504 2355 4565 inﬁdelitate,

778 4586 1002 4653 jamque
1026 4598 1151 4635 reus
1200 4591 1415 4634 αξιοι-ηερ
1462 4578 1877 4653 ιιειιηιιιηίοιιίει
1918 4577 1972 4628 in
2022 4575 2142 4643 ipso
2182 4576 2355 4653 altero

781 4645 927 4716 aevo;
964 4653 1285 4720 cujusquam
1325 4652 1579 4718 precibus
1614 4649 1799 4700 salvus
1850 4646 1960 4720 liat,
2000 4650 2146 4720 velut
2191 4645 2354 4720 etiam

782 4714 1053 4791 Traianus
1083 4714 1339 4791 Gregorii
1385 4735 1533 4789 papae.
1561 4735 1573 4769 :
1608 4732 1768 4784 quam
1800 4717 2044 4769 eamdem
2082 4714 2353 4791 fabellam,

781 4784 944 4846 verus
964 4793 1051 4844 ille
1072 4784 1300 4845 ﬁctiisiie
1325 4784 1716 4845 Damasi-enus,
1740 4795 1995 4853 tauquam
2032 4800 2143 4837 rem
2172 4784 2357 4836 llomte

776 4864 1154 4933 pervulgatam
1189 4863 1259 4933 ita
1314 4862 1562 4933 intrmlit,
1609 4872 1879 4933 nusquam
1914 4856 1985 4908 ibi
2010 4862 2356 4933 putauimu-

783 4925 1071 4999 ilecuuque
1103 4932 1192 4984 ille
1242 4931 1508 4992 haUserit,
1558 4939 1652 4980 aut
1708 4926 1957 4979 fraudem
2021 4938 2216 4999 passus
2263 4925 2354 4976 sit.

784 4996 1084 5071 Stispetisio
1114 5003 1204 5053 illa
1235 5003 1404 5053 divini
1431 4999 1647 5066 jndicii,
1667 5013 1762 5051 seu
1804 5006 2090 5071 sententia!
2130 4996 2357 5046 damna-

783 5067 947 5127 tionis
968 5086 1204 5131 internae,
1237 5072 1308 5123 ob
1358 5071 1619 5139 pnevisas
1668 5067 1999 5139 quandoque
2036 5074 2353 5139 sanctorum

785 5159 991 5211 preces,
1013 5144 1180 5194 libera
1206 5134 1516 5206 conjectura
1539 5146 1624 5191 est
1650 5134 1701 5190 et
1718 5138 1922 5211 evasio,
1943 5152 2048 5189 non
2081 5143 2228 5188 certa
2260 5134 2358 5211 ali-

784 5205 891 5281 qua
936 5216 1148 5265 ratiOne
1186 5205 1319 5263 fulta
1349 5213 1569 5270 solutio,
1609 5209 1888 5281 excipiens
1939 5205 2352 5281 adversus_iuii-

786 5276 1050 5337 versalem
1082 5283 1230 5333 illam
1288 5282 1553 5347 regulam,
1582 5278 1727 5347 quod
1762 5279 1910 5329 nulla
1942 5287 2013 5329 Sit
2050 5279 2102 5328 in
2141 5276 2356 5347 inferno

788 5351 1274 5418 redemptio,un
1326 5343 1505 5402 οἶιιιιίε
1557 5343 1643 5400 hic
1688 5349 1929 5415 paranda
1987 5348 2156 5405 salus,
2211 5343 2354 5418 quod

784 5416 1033 5475 clausum
1058 5424 1126 5474 sit
1147 5416 1416 5472 adversus
1450 5420 1761 5473 defunctos.
1790 5429 1897 5469 etc.
1928 5417 1990 5466 Et
2027 5426 2083 5466 ut
2110 5416 2357 5481 apertius

787 5492 875 5545 hic
903 5506 1074 5543 meam
1113 5500 1345 5543 mentem
1378 5492 1637 5556 aperiam,
1660 5498 1839 5554 putem
1874 5488 2007 5538 Acta
2037 5488 2125 5546 illa
2153 5493 2356 5556 vetera,

790 5576 913 5629 qua:
973 5563 1053 5611 vel
1087 5557 1341 5618 Basilius,
1377 5552 1455 5611 vel
1504 5552 1898 5625 Met;ip|ir.,vel
1972 5558 2133 5609 etiam
2200 5552 2359 5629 Nice-

788 5625 872 5682 tis
920 5644 1212 5695 suscepere
1285 5630 1590 5681 enarranda
1660 5643 1723 5679 ac
1774 5630 1917 5696 stylo
2015 5625 2354 5683 exornanda,

790 5702 939 5763 imus
972 5700 1120 5751 Pauli
1170 5710 1222 5750 et
1250 5697 1463 5752 Thecla?
1500 5698 1768 5750 circuitus
1793 5712 1938 5756 esse,
1971 5698 2215 5764 antiquis
2252 5708 2359 5747 me-

791 5776 896 5822 rito
927 5769 1266 5837 reprobatos,
1300 5769 1353 5820 in
1398 5770 1600 5837 quibus
1633 5779 1811 5837 tamen
1848 5763 2115 5834 pleraque
2144 5763 2360 5818 Theclae

790 5855 919 5894 vera
948 5835 1385 5900 continerentur,
1416 5835 1569 5907 ‘quae
1608 5839 1701 5891 alii
1731 5835 1922 5891 Patres
1968 5851 2034 5891 ex
2064 5837 2171 5889 illis
2202 5850 2359 5889 acce-

2535 3151 2686 3204 Ἐπεὶ
2720 3150 2778 3203 δὲ
2807 3150 3014 3204 τούτων
3043 3152 3249 3214 ἐκεῖνος
3297 3141 3497 3221 ἤκουσε
3525 3151 3631 3204 τῶν
3665 3150 3878 3221 φωνῶν,
3899 3150 4044 3220 Θάμ-

2448 3244 2541 3305 ϋος
2576 3242 2739 3295 αὐτὸν
2765 3244 2830 3293 ἐκ
2860 3240 3154 3310 προσώπου
3183 3243 3284 3311 τῆς
3314 3244 3465 3312 ἱερᾶς
3525 3242 3694 3312 κόρης
3724 3243 3819 3294 καὶ
3868 3242 4037 3309 φόϐος

2450 3335 2712 3406 κραταιὸς
2757 3334 2931 3395 οὕτως
2965 3328 3133 3396 εἷλεν,
3184 3334 3326 3387 ὥστε
3375 3335 3584 3403 ταύτην
3612 3335 3772 3396 εὐθὺς
3808 3336 4045 3401 ἱματίοις

2449 3445 2508 3480 τε
2547 3425 2903 3494 περιστεῖλαι,
2942 3426 3037 3477 καὶ
3076 3425 3353 3495 ἔγγραφον
3398 3426 3596 3495 ἆςρεσιν
3648 3426 4041 3491 ἐνδειξάμενος,

2452 3522 2635 3589 πάσης
2669 3517 2854 3571 ἀθώαν
2883 3518 3075 3587 ἐνοχῆς
3122 3520 3357 3586 ἀφεῖναι.
3386 3518 3497 3589 Τὴν
3522 3518 3577 3570 δὲ
3604 3519 3739 3588 πρὸς
3766 3519 3863 3589 τὴν
3888 3521 4037 3589 Τρύ-

2460 3629 2657 3680 φαιναν
2692 3607 2849 3672 αὖθις
2884 3609 3255 3674 εἰσελθοῦσαν,
3288 3611 3382 3661 καὶ
3416 3611 3476 3661 τὸ
3517 3609 3814 3679 θυγάτριον
3873 3611 4049 3678 αὐτῆς

2452 3703 2853 3758 Φαλκωνίλ).ιον
2878 3700 3010 3771 (68),
3031 3701 3133 3771 ἤδη
3163 3702 3301 3772 πρὸς
3321 3703 3418 3771 τὴν
3441 3701 3608 3772 χείρω
3636 3700 3789 3769 λῆξιν
3818 3702 3887 3754 δι’
3911 3704 4048 3754 ἁπι-

2465 4013 2645 4080 perint
2675 4020 2730 4067 et
2765 4012 3137 4084 probaverim.
3188 4011 3395 4083 Nempe
3453 4015 3723 4084 scriptore
3778 4016 4051 4069 vetustis—

2466 4084 2699 4154 simo__et
2732 4083 3158 4151 apostolicorum
3211 4092 3538 4153 temporum,
3569 4083 3900 4154 ’cujnsmmli
3962 4103 4052 4139 re—

2467 4150 2572 4204 fert
2598 4150 2819 4209 Hieron.
2860 4155 2929 4205 De
2961 4150 3721 4219 scriptoribusecclesiasticis
3774 4157 3825 4209 in
3871 4155 4049 4221 Luca,

2463 4225 2679 4293 etquod
2724 4224 3009 4293 presbyter
3046 4224 3235 4275 linrum
3280 4235 3473 4277 auctor
3509 4224 3736 4279 Joannis
3766 4228 4050 4280 sententia

2465 4292 2636 4361 gradu
2681 4293 2991 4345 exciderit:
3037 4294 3109 4345 ob
3162 4294 3394 4346 udmista
3454 4296 3664 4349 scilicet
3712 4297 3846 4348 falsa
3901 4298 4052 4350 veris

2464 4362 2615 4435 Pauli
2651 4377 2856 4435 amore,
2886 4362 3103 4429 etquod
3137 4378 3243 4415 non
3286 4367 3420 4417 satis
3452 4380 3517 4417 ex
3553 4366 3737 4435 regula
3769 4366 4052 4420 ecclesia-

2466 4432 2602 4504 stica
2630 4433 2711 4485 sic
2769 4442 3087 4504 portentosa
3137 4436 3431 4504 scripserit
3466 4453 3479 4487 :
3542 4432 3744 4504 quibus
3780 4437 4055 4489 omnibus

2383 4535 2437 4594 D
2465 4503 2952 4594 quisa‘care-velit,
2990 4503 3109 4594 ipsaI
3136 4502 3247 4594 hiare
3280 4502 3499 4594 ΙΝιιτιιιεῐξ
3562 4502 3819 4594 quinibus
3875 4507 4054 4585 casti-

2464 4574 2695 4637 gatiora,
2730 4573 3010 4641 magisque
3044 4573 3111 4623 ad
3164 4573 3420 4626 Ecclesiae
3448 4576 3685 4637 regulam
3712 4575 4049 4641 composita,

2464 4643 2594 4694 inihi
2623 4641 2832 4695 dealbet
2864 4640 3201 4709 Aiihiopeui.
3254 4642 3466 4697 Maneat
3499 4644 3715 4697 Theciae
3746 4640 3847 4697 sua
3875 4661 4053 4696 vene-

2462 4714 2642 4784 ratio;
2676 4712 2750 4784 _sit
2771 4727 2895 4784 vere
2922 4714 3119 4784 nobile
3144 4716 3468 4766 feminarum
3501 4716 3670 4768 decus
3726 4729 3789 4767 ac
3842 4716 4049 4784 gloria,

2465 4782 2638 4849 prima
2664 4782 2727 4853 in
2752 4782 3084 4851 virginitate,
3112 4783 3164 4834 in
3191 4786 3478 4852 martyrio,
3519 4787 3570 4836 in
3613 4782 4052 4853 quadain‘quzisi

2462 4852 2805 4919 apostolatus
2835 4857 3057 4919 specula
3086 4869 3100 4916 ;
3140 4853 3234 4904 sed
3262 4858 3409 4905 salva
3470 4870 3686 4921 semper
3749 4855 4055 4908 honestate

2463 4922 2618 4975 sexui
2682 4922 2889 4985 debita,
2934 4922 3083 4976 salva
3142 4930 3197 4975 et
3244 4924 3427 4991 regula
3472 4925 3888 4977 ecclesiastica:
3953 4938 4052 4987 ac,

2460 5007 2589 5043 num
2620 4992 2711 5043 illa
2744 4995 2947 5053 omnia,
2978 5008 3039 5044 ex
3072 4993 3311 5045 cteuosis
3336 4993 3472 5046 adeo
3508 4994 3750 5047 fontibus
3779 4992 4052 5047 Patrilius

2464 5066 2681 5122 hausta,
2726 5078 2850 5115 vera
2876 5065 2986 5115 sint
3014 5077 3078 5114 ac
3112 5072 3284 5123 certa,
3320 5073 3579 5116 censeant
3619 5066 3732 5117 alii.
3756 5063 3871 5116 Hoc
3907 5064 4051 5116 milii

2460 5134 2828 5200 exploratum,
2863 5133 2949 5201 pie
3002 5132 3115 5186 lucc
3164 5134 3468 5186 veneranda
3525 5143 3687 5202 atque
3744 5135 4051 5192 credenda,

2460 5204 2700 5272 quandiu
2746 5220 2850 5255 non
2887 5215 3186 5272 suppetunt
3248 5204 3353 5256 alia
3384 5204 3642 5257 certiora.
3681 5202 3774 5256 Sic
3830 5203 4050 5255 factum

2461 5272 2619 5323 video
2648 5271 2699 5323 iu
2723 5273 3171 5341 Protoevangelio
3213 5272 3399 5326 Jacobi
3444 5273 3765 5340 ἁδελφοθὲου
3799 5276 4051 5333 nomine,

2461 5344 2693 5409 antiquo
2744 5341 2930 5396 ludam
2960 5352 3014 5395 et
3050 5359 3167 5412 ipso
3226 5345 3651 5411 apostolicorum
3717 5354 4055 5410 temporum,

2460 5426 2520 5463 cs
2546 5427 2654 5478 quo
2684 5425 2894 5465 certum
2927 5426 3010 5466 est
3044 5416 3293 5468 hausisse
3347 5414 3537 5467 Patres
3583 5413 3847 5481 quidquid
3878 5413 4052 5465 nobis

2471 5482 2537 5532 dc
2605 5482 2663 5533 S.
2722 5483 2901 5534 Maria:
2963 5495 3087 5536 ortu
3174 5495 3225 5537 et
3277 5485 3525 5544 infantia,
3621 5487 3943 5552 nuptiisque
4004 5495 4061 5534 et

2462 5560 2590 5603 voto
2618 5553 3003 5606 tradiderunt:
3071 5569 3169 5606 nec
3228 5554 3392 5607 alium
3432 5563 3712 5614 auctorem
3777 5554 4053 5605 habuisse

2464 5623 2546 5673 νει
2616 5620 3002 5694 Epiphaniuui,
3068 5624 3146 5677 vel
3214 5624 3536 5694 Gregorium
3596 5623 3930 5693 Nyssenum,
3970 5627 4057 5673 vel

2461 5700 2740 5745 auctorem
2765 5692 3085 5760 imperfecti,
3122 5708 3283 5762 quam
3334 5692 3433 5760 qui
3485 5692 3655 5747 nobis
3708 5704 3908 5751 exstat,
3951 5694 4057 5743 ha-

2462 5765 2701 5829 bentque
2730 5766 2935 5829 passim
2995 5763 3120 5816 libri
3184 5764 3500 5817 Graecorum
3534 5763 3895 5818 ecclesiastici
3930 5779 3944 5824 ;
3987 5776 4061 5813 ex

2460 5846 2571 5903 quo
2602 5833 2767 5887 etiam
2823 5833 3078 5889 haustum
3121 5834 3388 5904 quidquid
3420 5835 3687 5890 habemus
3729 5837 3796 5889 de
3842 5839 4060 5888 sanet-.c
