4180 6434
215 435 306 499 341

1014 441 1297 501 ORATIO
1326 442 1508 502 XVII.
1551 466 1615 476 --
1652 441 1734 500 ΙΝ
1773 445 2082 506 LAUDEM
2117 449 2176 508 S.
2210 451 2663 512 ANASTASIE.

3341 451 3446 512 342

213 554 372 617 φάναι
420 550 539 604 θεία
580 551 792 622 Γραφὴ,
853 552 1102 622 καθάπερ
1150 552 1268 604 τινὰ
1325 551 1524 603 σκοπὸν
1582 550 1780 620 ἀκριϐῆ
1816 557 1855 611 Α

1891 552 2192 621 Scriptura,
2233 558 2376 610 velut
2425 569 2632 610 certmn
2665 557 2954 627 quemdam
2999 574 3220 628 scopum
3270 575 3331 614 ac
3363 579 3450 615 ar-

214 644 407 712 ταὺτην
578 645 720 712 λόγῳ
784 645 1121 711 προτιθείσα,
1184 643 1260 711 πῆ
1320 643 1418 710 μὲν
1454 641 1785 711 ἀσυμφανῶς

214 738 296 788 καὶ
324 736 698 804 συμδολικῶζ,
731 737 807 803 πῆ
854 738 908 789 δὲ
948 737 1189 805 ἐναργῶς
1226 738 1318 787 καὶ
1357 733 1783 803 λαμπροφανῶς,

215 830 299 897 τὴν
337 829 814 898 μεγαλοπρέπειαν
883 829 1042 896 τῆσδε
1085 831 1183 896 τῆς
1232 827 1436 889 πόλεως
1479 829 1658 895 ὑμνεῖ,
1697 829 1786 881 καὶ

213 921 299 986 τὴν
349 922 407 972 ὲν
455 921 698 990 οὑρανοῖς
747 919 1248 989 ἀποκεκρυμμένην
1297 920 1466 987 αὐτῆς
1515 918 1782 984 διηγεῖται

214 1009 381 1072 δόξαν.

278 1103 335 1154 Εἰ
369 1104 464 1172 μὲν
496 1097 588 1155 οὖν
616 1101 852 1170 τοταὺτη
888 1120 972 1164 τις
1011 1104 1106 1154 καὶ
1138 1104 1272 1170 ἡμῖν
1313 1101 1471 1169 λόγου
1499 1100 1660 1170 χάρις
1691 1101 1783 1153 καὶ

217 1195 510 1264 πνεύματος
562 1195 788 1264 δύναμις
841 1197 1003 1262 ὑπῆν,
1059 1196 1198 1247 ὥστε
1250 1195 1390 1247 κατὰ
1437 1195 1561 1256 τοὺς
1607 1193 1782 1262 ἱεροὺς

202 1284 486 1350 θεολόγους
529 1287 619 1336 καὶ
665 1287 810 1354 ἡμᾶς
856 1285 987 1354 πρὸς
1019 1283 1271 1337 τοσοῦτον
1304 1282 1609 1344 ὑποθέσεως
1652 1282 1782 1351 ὕψος

214 1376 565 1445 ἀποχρώντως
593 1377 737 1445 ἔχειν
769 1377 1034 1441 ἀτενίσαι,
1067 1375 1432 1442 εὐλογώτατον
1463 1375 1528 1427 ἂν
1561 1375 1686 1438 ἴσως
1715 1369 1783 1444 ἦν

215 1469 300 1518 καὶ
326 1466 770 1518 λυσιτελέστατον
803 1465 1076 1530 ἁπάντων,
1104 1464 1164 1516 τὸ
1188 1464 1282 1517 τοῦ
1312 1465 1428 1528 νοὸς
1466 1465 1617 1535 ὄμμα
1648 1465 1783 1534 πρὸς

218 1559 371 1628 μόνην
425 1560 644 1627 ἐκείνην
687 1559 787 1626 τὴν
828 1557 1279 1628 ὑπερφυεστάτην
1323 1558 1782 1627 ὲπερεισαμένους

217 1648 419 1716 αἴγλην,
451 1649 586 1718 πρὸς
617 1649 784 1718 αὐτὴν
813 1649 907 1701 καὶ
947 1649 1008 1700 τὸ
1039 1648 1217 1717 ῥεῦμα
1255 1649 1346 1702 τοῦ
1389 1650 1545 1718 λόγου
1589 1667 1781 1702 κατευ-

217 1741 380 1794 θῦναι.
429 1743 581 1795 Ἐπεὶ
623 1743 679 1794 δὲ
735 1742 987 1795 τοσοῦτον
1028 1744 1160 1812 ἡμῖν
1208 1745 1440 1812 ταυτησὶ
1480 1744 1580 1813 τῆς
1625 1743 1781 1815 δόξης

217 1834 610 1899 ἀπολείπεσθαι,
660 1837 768 1902 ὅσῳ
817 1837 908 1887 καὶ
955 1833 1049 1886 τὸν
1095 1834 1368 1904 ὁρώμενον
1405 1835 1594 1887 τοῦτον
1631 1836 1779 1905 ἥλιον

1891 657 2204 712 gumentnm
2256 648 2358 701 sihi
2413 663 2532 701 eam
2575 652 2841 704 orationis
2895 665 3230 718 preponens,
3289 655 3450 705 modo

1887 737 2121 789 obscure
2145 745 2197 790 et
2229 740 2546 807 symbolice,
2584 741 2742 793 modo
2785 750 2964 794 autem
2995 741 3142 795 clare
3169 757 3231 795 ac
3266 743 3449 811 splen-

1891 827 2057 893 dide,
2125 829 2350 897 hujusce
2407 833 2658 886 civitatis
2713 833 2897 886 laudat
2957 833 3448 902 magnificentiam,

1887 917 2115 987 ejusque
2140 918 2194 972 in
2217 919 2372 973 emlis
2399 922 2670 974 occultam
2710 931 2933 976 enarrat
2961 922 3214 992 gloriam.
3510 913 3512 916 ’

1961 1101 2241 1171 Siquidem
2272 1104 2438 1173 igitur
2479 1107 2636 1160 nobis
2674 1109 2837 1161 etiam
2871 1118 3019 1162 tanta
3051 1119 3196 1164 esset
3231 1125 3445 1178 sermo-

1886 1194 1972 1250 nis
2014 1198 2185 1265 gratia
2219 1213 2281 1251 ae
2337 1198 2566 1267 spiritus
2611 1199 2716 1261 vis,
2767 1209 2826 1253 ut
2875 1215 2973 1255 nos
3027 1215 3244 1270 quoque
3303 1201 3446 1254 haud

1886 1305 2042 1343 secus
2059 1305 2120 1344 ac
2143 1291 2283 1343 sacri
2313 1292 2568 1362 theologi,
2594 1291 2660 1344 ad
2685 1300 2890 1346 tantam
2911 1298 3212 1363 argumenti
3231 1295 3448 1348 eelsita-

1886 1389 2014 1445 tem,
2039 1389 2301 1451 quantum
2327 1384 2456 1438 satis
2485 1383 2575 1449 sit,
2613 1398 2899 1452 possemus
2941 1383 3245 1442 intendere.
3281 1389 3448 1437 ratio-

1886 1474 2283 1529 nabilissttnum
2303 1472 2529 1529 forsitan
2552 1486 2697 1530 esset
2716 1476 3069 1544 onmiumque
3090 1475 3441 1531 utilissimum

1887 1567 1937 1618 in
1963 1568 2078 1620 solo
2110 1567 2203 1620 illo
2229 1581 2393 1635 supra
2423 1582 2580 1635 quam
2615 1567 2817 1620 eximio
2847 1566 3054 1636 fulgore
3101 1566 3205 1621 fixo
3256 1566 3450 1622 mentis

1883 1661 2060 1727 oculo,
2091 1661 2144 1713 in
2178 1658 2430 1714 eumdem
2463 1660 2638 1728 ipsum
2665 1660 2934 1714 orationis
2961 1657 3166 1713 ﬂuxum
3190 1659 3442 1729 dirigere.

1882 1752 2329 1820 Quandoquidem
2360 1760 2536 1806 autem
2561 1760 2772 1806 tantum
2801 1752 2869 1806 ab
2900 1751 3020 1819 ejus
3043 1750 3290 1805 claritate
3312 1751 3447 1804 deti-

1884 1845 2082 1905 cimus,
2117 1853 2381 1911 quantum
2418 1845 2570 1898 abest
2606 1853 2665 1899 ut
2687 1852 2741 1899 et
2771 1845 2939 1898 solem
2978 1843 3123 1898 hunc
3146 1842 3450 1911 aspectabi-

216 1927 319 1977 ὅλον
344 1927 606 1996 ὀρθαὶμῷ
632 1927 890 1980 δύνασθαι
924 1928 1239 1997 περιλαϐεῖν
1261 1945 1275 1959 ο
1301 1929 1390 1980 τὸν
1424 1928 1521 1998 μὲν
1551 1929 1774 1982 καθόλου
1813 1907 1851 1959 Β

1885 1937 1987 1988 ΙιἸη
2011 1943 2181 1988 totum
2209 1938 2367 1989 oculo
2385 1936 2843 2001 comprehendere
2864 1936 3139 2004 possimus
3163 1951 3177 1998 ;
3210 1934 3448 1988 caelestis

217 2018 300 2087 τῆς
326 2020 648 2086 ἐπουρανίου
676 2020 881 2082 πόλεως
921 2019 1161 2080 ἔπαινον,
1196 2020 1269 2080 ὡς
1305 2022 1606 2088 ἀνέφικτον,
1637 2021 1697 2073 τό
1719 2039 1781 2088 γε

219 2109 372 2172 πειρον
411 2109 695 2178 παρῶμεν,
726 2111 820 2162 καὶ
850 2110 1240 2179 εὑλαῆηθώμεν
1273 2114 1334 2164 ἐκ
1369 2112 1660 2182 προσώπου
1685 2114 1780 2166 αὑο

216 2198 328 2264 τῆς·
361 2199 417 2251 ἓν
445 2200 500 2250 δὲ
535 2201 698 2270 μέρος
731 2203 899 2268 αὐτῆς
940 2203 1001 2252 τὸ
1039 2202 1320 2254 κάλλιστον
1356 2204 1447 2256 καὶ
1488 2205 1781 2270 τερπνότα-

215 2307 310 2352 τον,
338 2294 479 2360 φημὶ
523 2293 585 2362 δη
621 2293 718 2360 τὴν
763 2293 1158 2364 ὑπέρλαμπρον
1198 2295 1576 2355 Ἀναστασὶαν,
1640 2297 1777 2347 κατὰ

216 2382 323 2432 νοῦν
351 2383 629 2445 λαεὸιτες,
663 2386 754 2435 καὶ
799 2387 897 2452 τῆς
952 2386 1334 2450 γενναιοτάτης
1377 2385 1779 2452 μακαρίσαντες

217 2479 476 2544 ὑπομονῆς
510 2481 603 2532 καὶ
636 2484 970 2551 papa-455::
1001 2487 1092 2535 καὶ
1131 2483 1494 2550 δεδοξασμὲνα
1527 2485 1649 2553 περὶ
1683 2485 1780 2536 αὑ-

216 2570 297 2634 τῆς
325 2569 698 2640 λελαληκότες,
726 2577 852 2643 περὶ
892 2576 990 2643 τῆς
1025 2575 1276 2643 οὐρανίου
1316 2575 1516 2636 πόλεως
1567 2576 1780 2645 ἐκείνης

215 2659 490 2724 εἰρηκότες,
530 2661 593 2712 ἂν
628 2662 843 2730 εἴημεν,
887 2665 962 2730 τῷ
1015 2667 1196 2716 πᾶσαν
1232 2664 1304 2725 ὡς
1364 2667 1418 2716 ἐν
1463 2665 1779 2734 ἁκηλιδώτῳ

214 2750 366 2820 ταύτῃ
394 2751 687 2822 κατόπτρῳ
717 2754 1059 2824 θεωρεῖσθαι,
1092 2757 1184 2806 καὶ
1228 2756 1394 2825 αὐτὴν
1424 2757 1589 2817 ὅντως
1630 2758 1779 2810 πόλιν

213 2838 331 2890 Θεοῦ
359 2841 780 2912 καθεστηκέναι.

272 2933 456 2995 Διττὰς
489 2935 546 2986 δὲ
568 2937 700 3003 ἡμῖν
736 2937 1085 2998 Ἀναστασίας
1110 2938 1221 3008 (7|)
1254 2934 1395 2991 οἶδεν
1421 2940 1448 2990 ὁ
1473 2937 1625 3004 λόγος
1644 2956 1655 2968 °
1685 2957 1780 2991 πε-

216 3028 439 3092 ριρανεῖς
473 3029 594 3096 μὲν,
629 3029 724 3080 καὶ
757 3031 820 3081 ὲκ
858 3032 1170 3099 περιφανῶν
1195 3033 1334 3083 κατὰ
1377 3033 1550 3101 σάρκα
1576 3048 1780 3100 τυγχα-

213 3118 388 3180 νούσας
410 3136 422 3147 ·
457 3120 929 3189 περιφανεστέρας
976 3123 1030 3174 δὲ
1059 3122 1239 3193 πο).λῷ
1273 3123 1472 3190 μᾶλλον
1513 3124 1651 3176 κατὰ
1681 3123 1778 3194 τὴν

1886 2028 2032 2080 illius
2061 2029 2300 2083 civitatis
2334 2029 2547 2081 Iaudem
2592 2027 2914 2089 nniversim,
2944 2035 3001 2081 ut
3040 2043 3198 2096 quam
3228 2029 3448 2096 assequi

1886 2137 1990 2172 non
2019 2121 2199 2186 liceat,
2232 2122 2724 2190 impraesentiarum
2755 2118 2974 2190 quidem
3009 2119 3347 2180 omittamus,
3386 2132 3450 2171 ac

1885 2229 2230 2266 revereamnr
2256 2229 2286 2266 a
2328 2215 2463 2268 facie
2491 2213 2646 2284 ejus;
2696 2227 2860 2267 unam
2902 2226 3031 2266 vero
3064 2211 3209 2264 illius
3239 2219 3447 2278 partem

1861 2306 2310 2374 pulcherrimam
2379 2321 2444 2360 ac
2490 2304 2884 2375 lepidissimam
2947 2304 3179 2374 (eximie
3236 2303 3449 2356 scilicet

1882 2398 2220 2466 splendidam
2251 2396 2633 2465 Anastasiam)
2665 2396 2849 2450 animo
2871 2403 3229 2456 assumenles,
3264 2394 3448 2450 fortis-

1883 2491 2144 2558 sinumque
2172 2490 2450 2558 patientire
2477 2505 2540 2544 ac
2569 2488 2815 2557 martyrii
2839 2487 3040 2541 virtute
3070 2487 3282 2541 beatam
3313 2502 3448 2556 prte-

1882 2582 2155 2644 dieantes,
2179 2581 2361 2635 OllllllS
2394 2580 2542 2635 illius
2591 2579 2832 2634 coalestis
2878 2579 3118 2633 civitatis
3151 2577 3337 2632 laudes
3372 2577 3449 2631 vi-

1881 2673 2108 2726 deamur
2149 2673 2423 2742 prosecuti
2480 2688 2623 2731 esse.
2682 2671 2824 2738 quod
2883 2678 2994 2724 tota
3052 2670 3164 2723 hinc
3216 2671 3360 2724 velut
3389 2670 3446 2724 in

1883 2761 2174 2828 purissimo
2235 2760 2460 2828 speculo
2493 2776 2605 2811 mea
2657 2759 3003 2829 inspieiatur,
3040 2759 3267 2828 ipsaque
3324 2776 3448 2815 vere

1880 2853 2074 2906 civitas
2098 2852 2187 2905 Dei
2209 2854 2463 2905 exsistat.

1952 2943 2096 2998 Duas
2117 2960 2278 3012 porro
2303 2945 2554 2998 novimus
2585 2943 2904 2998 Anastasias
2927 2984 2941 3007 ,
2969 2945 3158 3000 ambas
3182 2946 3444 3007 illustres.

1881 3044 2042 3102 atque
2089 3035 2155 3087 ad
2204 3051 2422 3090 carne-in
2463 3035 2607 3103 quod
2670 3035 2885 3098 attinet,
2931 3035 3128 3090 illustri
3162 3043 3448 3091 stemmate

1881 3133 2049 3186 satas.
2074 3125 2420 3180 confessione
2445 3135 2651 3186 autem.
2683 3142 2804 3193 qua:
2829 3134 2911 3179 est
2932 3127 2984 3180 in
3011 3126 3256 3188 Christo,
3286 3128 3444 3197 longe

214 3210 278 3269 sl;
304 3211 534 3278 Χριστὸν
561 3212 882 3280 ὁμολογίαν·
929 3215 1020 3267 καὶ
1056 3216 1222 3284 ἄμφω
1258 3217 1354 3285 μὲν
1401 3219 1460 3268 ἐκ
1499 3217 1597 3284 τῆς
1641 3233 1776 3285 πρε·
1805 3239 1846 3295 c

1883 3217 2213 3272 illustriores
2238 3235 2251 3280 ;
2277 3229 2533 3286 ortasque
2559 3220 2745 3271 ambas
2777 3218 2991 3274 seniore
3017 3219 3207 3281 Roma.
3234 3235 3296 3274 ac
3325 3237 3446 3291 qtm

215 3303 458 3372 σευτέρας
495 3303 716 3374 Ῥώμης
747 3305 1082 3375 ὡρμημένας
1107 3324 1121 3338 ·
1149 3309 1314 3375 ἄμφω
1338 3308 1393 3360 δὲ
1420 3307 1646 3374 ταύτην,
1679 3307 1779 3376 τῆς

212 3394 535 3447 ἀκαταλύτου
587 3396 694 3448 τῶν
739 3397 907 3462 sysz
954 3397 1164 3462 πόλεως
1209 3398 1777 3463 ἀντικαταλλαξὰσας·

213 3485 312 3539 ἀλλ’
341 3489 370 3558 ἡ
407 3487 506 3558 μὲν
537 3487 694 3558 ἀνδρὶ
719 3490 981 3559 πρότερον
1009 3491 1107 3571 οὑκ
1142 3491 1374 3552 εὐσεϐεῖ,
1407 3490 1538 3560 πρὸς
1573 3489 1778 3560 βραχὺν

214 3583 444 3651 ὰςθόρως
481 3583 781 3651 συζυγετσα
825 3583 1011 3654 χρόνον
1037 3601 1050 3615 ο
1085 3579 1204 3638 εἶτα
1236 3582 1452 3653 θανάτῳ
1487 3583 1582 3653 τῆς
1613 3584 1778 3637 αὑτοῦ

214 3674 537 3744 κακοτῴπου
582 3674 809 3745 γνώμης
842 3674 1300 3745 ἐλευθερωθείσα,
1350 3675 1407 3726 ὲν
1445 3674 1639 3745 χηρείᾳ
1679 3673 1782 3726 σώ-

214 3770 503 3830 φφνιηιαὶ
547 3768 696 3838 πάσῃ
739 3768 1051 3840 δικαιοσύνῃ
1091 3769 1185 3822 καὶ
1224 3769 1462 3838 ὁσιότητι
1501 3768 1648 3830 ζῶσα
1697 3770 1778 3823 δι·

211 3855 380 3906 ετέἏει.
430 3857 492 3908 Ἡ
530 3856 589 3909 δὲ
621 3856 892 3909 παιδιόθεν
924 3858 1290 3928 ἀποδεδομένη
1319 3857 1644 3926 παρθενῶνι,
1685 3857 1778 3911 καὶ

210 3945 366 4014 ψυχὴν
393 3949 511 4013 ἅμα
546 3945 760 4016 σώματι
792 3947 1188 4018 καθιερουμένη
1227 3948 1304 4018 τῷ
1338 3949 1547 4019 Κυρίῳ,
1583 3949 1773 4018 ἀμίαν-

211 4053 287 4086 τον
315 4039 437 4108 ἄχρι
468 4039 660 4101 τέλους
693 4038 844 4109 αὑτῷ
882 4039 978 4110 τὴν
1018 4042 1167 4109 ἱερὰν
1201 4039 1497 4110 παρθενίαν
1529 4040 1778 4111 διετήρη-

211 4178 387 4231 a-lalis.
428 4177 640 4231 Locum
679 4177 824 4230 hunc
861 4175 916 4228 P.
952 4175 1116 4237 Goar,
1150 4186 1274 4230 ante
1314 4177 1535 4230 allatum
1573 4175 1774 4229 Sirmio

211 4263 389 4314 corpus
422 4257 630 4300 .~anct.e
680 4247 982 4300 Anastasis
1018 4257 1266 4299 vocatum
1306 4246 1474 4299 fuisse
1499 4247 1576 4300 ait
1613 4248 1770 4299 Ἀνα-

212 4319 457 4382 στὰσεως,
491 4319 637 4386 quod
669 4316 882 4384 (ἕτερον.
925 4317 980 4368 in
1013 4333 1072 4369 eo
1103 4333 1257 4369 sacra
1289 4319 1414 4383 ﬁdei
1445 4318 1692 4386 dogmata
1715 4316 1771 4369 in

211 4387 416 4440 Arianos
438 4403 731 4454 exponens.
764 4403 936 4439 verum
964 4387 1260 4440 doctrinam
1281 4403 1308 4439 ε
1331 4397 1534 4440 veterno
1565 4388 1770 4439 excita-

211 4458 351 4518 verit;
403 4462 476 4509 rel
516 4457 662 4526 quod
703 4456 774 4508 ibi
806 4456 996 4508 mulier
1021 4473 1298 4525 pra'qnans
1328 4473 1391 4510 ea:
1423 4457 1534 4508 alta
1561 4457 1768 4525 porticu

212 4526 256 4578 in
290 4536 478 4580 terram
531 4529 688 4594 lapsa
722 4537 769 4578 et
815 4529 1060 4590 contrita,
1109 4528 1270 4580 vitam
1313 4527 1580 4594 receperit.
1636 4526 1769 4580 Novi

214 4597 311 4649 lure
340 4599 501 4650 ctiam
552 4599 626 4648 ab
676 4597 798 4648 aliis
843 4599 1005 4656 dicta.
1037 4599 1127 4650 sed
1159 4597 1302 4650 nulla
1332 4597 1486 4650 firma
1521 4597 1766 4650 veritate.

211 4669 332 4718 Ante
369 4670 514 4720 enim
560 4666 886 4733 Gregorium
929 4667 1254 4719 ’Δναστασξα
1296 4676 1433 4727 erat,
1477 4682 1574 4720 nec
1621 4668 1778 4720 aliter

211 4735 328 4801 ipse.
359 4748 451 4791 aut
479 4739 576 4790 alii
606 4736 948 4804 antiquiores
977 4736 1261 4790 ecclesiam
1296 4738 1463 4797 illam,
1499 4753 1591 4790 seu
1635 4752 1780 4789 mar-

214 4807 388 4857 lvrium
436 4817 663 4868 vocant,
701 4805 845 4873 quod
899 4806 1022 4859 hinc
1061 4815 1263 4866 tamen,
1317 4817 1540 4860 auctore
1587 4808 1777 4860 eodem

212 4874 474 4941 Gregorio,
512 4877 679 4945 quasi
719 4891 878 4927 omen
917 4884 970 4930 et
999 4876 1281 4930 oraculum
1329 4877 1578 4930 habuerit
1608 4877 1781 4930 susci-

211 4948 370 5014 tandze
409 4949 461 4998 in
519 4963 592 5000 eo
646 4946 802 5009 fidei;
861 4945 1111 5014 idemque
1159 4947 1396 5011 dicatur,
1454 4948 1780 5000 suscitandas

215 5013 341 5069 illius
375 5018 655 5073 mulieris.
688 5015 736 5069 si
780 5029 904 5066 vera
947 5013 1134 5070 sit'illa
1167 5016 1415 5080 historia,
1459 5033 1620 5084 quam
1669 5032 1776 5069 non

215 5099 396 5139 moror.
434 5086 602 5141 Certe
636 5085 897 5139 differunt
924 5086 1037 5140 haec
1063 5094 1178 5139 toto
1204 5089 1362 5150 coelo,
1394 5087 1668 5155 mirorque
1701 5087 1780 5141 sic

215 5155 450 5225 confundi
493 5176 506 5209 :
553 5167 616 5210 ut
672 5164 727 5208 et
776 5157 924 5224 quod
977 5158 1170 5210 doctus
1220 5155 1406 5210 Billius
1456 5159 1781 5225 elegansque

217 5223 420 5310 interpr.
462 5227 620 5310 istud
663 5223 824 5305 (ἔνθες.
862 5227 922 5277 ὲν
957 5226 1035 5310 τῷ
1056 5228 1479 5310 ησυντακτηρίῳ,
1533 5223 1778 5310 Χαξροις,

228 5293 531 5365 Ἀναστασία
602 5315 697 5363 μοι
754 5295 854 5364 τῆς
920 5293 1204 5353 εὐσεϐείας
1271 5293 1546 5365 ἐπώνυμε.
1626 5293 1776 5357 Vale,

220 5363 503 5431 Anastasio,
548 5383 746 5420 nomen
796 5363 826 5416 a
879 5365 1066 5432 pietate
1106 5369 1317 5430 habens,
1370 5363 1610 5433 exponit,
1649 5377 1780 5418 tem-

218 5435 340 5498 plum
380 5437 816 5496 resurrectionis,
872 5437 983 5487 Sin’.
1045 5438 1215 5500 magis
1273 5452 1332 5488 ex
1388 5438 1587 5490 Nicetze
1621 5438 1780 5488 Com-

221 5516 364 5559 ment.
393 5509 461 5560 ita
496 5508 831 5574 perstringit
859 5525 870 5557 :
904 5504 1014 5557 Hoc
1044 5509 1292 5570 temp/um
1323 5505 1782 5573 Constantinopoli

221 5579 488 5629 construxit
515 5575 838 5644 Gregorius,
863 5577 1010 5642 eique
1050 5577 1366 5637 Anastasiw,
1400 5577 1454 5628 id
1483 5586 1558 5628 est
1589 5574 1780 5627 Resur-

222 5648 464 5710 rectiouis,
497 5663 700 5700 nomen
733 5646 943 5698 indidit.
978 5644 1133 5700 Falsa
1163 5646 1369 5699 omnia.
1399 5646 1606 5699 Invenit
1643 5645 1778 5698 Gre-

223 5717 384 5780 gorius
411 5717 708 5770 aediculam
735 5716 875 5768 illam
917 5716 1216 5769 Anastasia:
1260 5717 1329 5769 ab
1376 5716 1593 5768 Arianis
1641 5730 1782 5782 spre-

227 5792 337 5846 tam,
368 5789 648 5854 coepitque
700 5785 752 5837 in
784 5799 844 5837 ea
895 5787 1229 5854 orthodoxos
1273 5800 1602 5853 congregare
1635 5801 1647 5836 :
1685 5800 1781 5836 nec

229 5869 396 5910 nomen
421 5857 467 5912 ei
489 5857 719 5918 indidit,
753 5854 846 5910 sed
869 5853 1010 5924 quod
1029 5862 1165 5919 erat,
1206 5854 1554 5920 'Avastaaia,
1586 5869 1778 5909 nomen

1880 3308 2069 3370 ambze,
2103 3307 2392 3360 immortali
2428 3316 2743 3362 sanctorum
2771 3309 2992 3363 civitate
3024 3310 3161 3362 hanc
3201 3326 3446 3363 conmm-

1877 3400 2066 3454 tarint.
2099 3397 2299 3453 Verum
2330 3401 2499 3454 altera
2533 3401 2754 3470 quidem
2793 3402 2858 3455 ad
2895 3402 3055 3458 breve
3083 3414 3295 3471 tempus
3330 3405 3447 3457 viro

1880 3491 2132 3562 improbo
2165 3493 2484 3560 incorrupte
2529 3492 2806 3560 copulata,
2865 3502 3090 3562 tumque
3135 3495 3326 3547 mortis
3365 3494 3448 3548 in-

1878 3599 2044 3637 cursu
2069 3583 2137 3636 ab
2167 3582 2286 3651 ejus
2322 3583 2556 3652 maligna
2591 3591 2771 3637 mente
2797 3583 3049 3649 liberata,
3083 3593 3245 3639 castae
3278 3585 3450 3640 vidui-

1876 3672 2002 3726 tatis
2029 3670 2247 3736 studiis,
2272 3672 2530 3741 omnique
2552 3672 2764 3740 justitia
2788 3680 2841 3727 et
2879 3675 3168 3728 sanctitate
3198 3674 3447 3729 instituta

1878 3763 2010 3825 vita,
2043 3763 2428 3831 perseveravit.
2483 3763 2660 3816 Altera
2701 3778 2851 3829 vero,
2884 3779 2912 3817 a
2947 3780 3119 3836 puero
3175 3765 3444 3837 virginum

1882 3853 2048 3907 coetui
2081 3852 2319 3917 addicta,
2352 3853 2644 3923 animoque
2672 3853 2835 3909 simul
2875 3871 2939 3911 ac
2966 3871 3198 3927 corpore
3229 3858 3447 3912 Christo

1878 3955 2220 4008 consecrata,
2257 3945 2596 4014 impollutam
2635 3946 2687 4002 in
2740 3946 2898 4003 linem
2931 3963 3103 4017 usque
3158 3949 3447 4019 virginita-

1880 4047 1989 4093 tem
2024 4039 2101 4092 illi
2134 4039 2502 4094 conservavit.
2544 4039 2620 4093 Ac
2663 4040 2882 4110 quidem
2934 4041 3050 4106 illa,
3085 4057 3112 4094 a
3147 4042 3447 4111 majoribus

1878 4171 2133 4241 reliquit;
2165 4173 2308 4239 quod
2363 4186 2631 4241 nusquam
2664 4172 3013 4238 Resurrectio,
3071 4175 3121 4227 id
3169 4183 3251 4227 est
3288 4175 3447 4228 ’Ᾱνάο

1878 4259 2066 4304 στασις
2100 4243 2349 4313 (idenim
2373 4243 2588 4296 celebre
2616 4243 2882 4313 duntasat
2907 4243 3264 4313 Jerosolymis
3303 4261 3448 4298 mar-

1875 4313 2075 4382 tyrium
2105 4328 2134 4366 a
2164 4311 2520 4367 Conistantino
2554 4314 2606 4365 in
2637 4312 2755 4366 loco
2794 4311 3226 4368 Resurrectionis
3256 4329 3319 4367 ac
3350 4316 3445 4368 Do-

1875 4383 2080 4436 minieo
2127 4383 2373 4450 sepulcro
2420 4382 2792 4449 aediﬁcatum),
2847 4384 2940 4438 sed
2993 4383 3323 4436 Ἀναστασία
3354 4399 3447 4437 seu

1876 4453 2175 4523 Qnastasiae
2207 4453 2524 4523 martyrium
2571 4461 2624 4506 et
2650 4453 2878 4507 ecclesia
2908 4469 2972 4508 ac
2999 4455 3162 4514 aedes,
3195 4453 3324 4507 trito
3359 4455 3449 4508 illo

1875 4521 2184 4577 Grecorum
2221 4521 2360 4584 usu,’
2393 4537 2502 4591 quo
2531 4524 2730 4587 templa
2763 4533 2959 4577 vocant
2991 4525 3180 4579 eodem
3212 4525 3330 4591 ipso
3361 4539 3450 4577 no-

1878 4591 2026 4646 mine
2086 4593 2328 4656 illorum,
2383 4593 2583 4662 quibus
2641 4593 2729 4646 illa
2777 4593 2953 4648 dicata
3015 4603 3163 4648 sunt.
3221 4593 3450 4661 Hacque

1884 4662 2144 4717 hactenus
2182 4663 2250 4734 de
2293 4664 2582 4718 Anastasia
2621 4679 2744 4734 vere
2767 4663 3253 4734 φαρμακοὶωτρῐᾳ,
3289 4665 3447 4732 quasi

1881 4747 2002 4800 qua:
2032 4748 2192 4786 omne
2215 4732 2519 4786 daemonum
2549 4732 2874 4786 maleficium
2903 4734 3097 4798 solvat,
3124 4732 3451 4800 omnemque

1882 4802 2200 4870 languorem
2232 4811 2287 4856 et
2324 4803 2573 4856 morbum
2606 4803 2856 4872 depellat,
2893 4804 3328 4872 singularissimo
3359 4805 3451 4858 illo

1883 4875 2177 4926 sanitatum
2203 4873 2367 4931 dono.
2401 4887 2510 4941 quo
2537 4871 2692 4927 aucta
2728 4889 2758 4926 a
2783 4871 2906 4943 _Deo
2939 4871 3041 4935 est.
3081 4873 3201 4943 ejus
3229 4872 3450 4943 prmmio

1883 4943 2171 4997 eharitatis
2191 4952 2245 4997 et
2267 4943 2407 5006 ﬁdei,
2427 4958 2531 5010 qua
2562 4943 2640 4997 sic
2665 4941 3076 4997 confessoribus
3097 4941 3448 5003 ministravit.

1883 5029 1987 5065 non
2032 5029 2151 5080 qua!
2204 5013 2454 5066 veneﬁca:
2493 5028 2730 5079 unquam
2764 5013 2983 5066 nomine
3016 5013 3366 5072 laboraverit.
3391 5019 3450 5065 ut

1883 5082 2098 5137 inﬂecte
2145 5082 2357 5150 Langus
2405 5084 2726 5147 somniavit;
2798 5081 3020 5150 ipseque
3086 5083 3450 5137 heterodoxus

1884 5153 2214 5206 nostratium
2253 5151 2681 5220 srmplieioribus
2729 5153 2990 5219 imposuit
3033 5169 3045 5205 :
3088 5167 3191 5204 non
3241 5152 3320 5206 sie
3346 5152 3452 5206 Ge-

1882 5223 2035 5276 nebr.
2070 5222 2482 5290 archiepiscopo
2509 5222 2748 5292 Aquensi
2787 5221 3176 5292 virerrudito,
3227 5223 3316 5292 qui
3349 5238 3445 5275 ve-

1882 5307 2004 5345 rum
2039 5294 2184 5347 vocis
2210 5307 2432 5346 sensum
2468 5290 2706 5360 agnovit,
2738 5300 2790 5345 et
2819 5292 2870 5343 in
2897 5290 3210 5344 Graecorum
3251 5290 3449 5357 Fastis,

1881 5377 1976 5415 seu
2015 5377 2202 5413 eorum
2240 5361 2589 5423 Calendario,
2623 5373 2682 5414 ut
2711 5370 2924 5422 vocant,
2958 5362 3242 5428 expressit.

1953 5433 2065 5499 (7|)
2102 5431 2305 5494 Atttdc
2333 5430 2401 5483 δὲ
2434 5431 2579 5498 ἡμῖν
2610 5432 3032 5495 Ἀναστασίας.
3081 5431 3173 5486 Sic
3190 5432 3318 5485 Acta
3345 5429 3454 5484 Me-

1881 5503 2206 5569 taphrastaea
2233 5515 2355 5570 qua:
2387 5501 2511 5570 hinc
2531 5501 3034 5554 dueuntexordimn
3065 5516 3077 5551 :
3109 5509 3219 5570 tres
3246 5509 3449 5565 tamen,

1883 5571 2029 5624 haud
2067 5570 2264 5624 infelici
2310 5569 2648 5639 conjectura,
2680 5571 2956 5623 invenisse
2987 5571 3117 5623 mihi
3139 5569 3286 5624 visus
3306 5584 3450 5632 sum,

1882 5641 2230 5708 aliquamque
2271 5641 2569 5694 Siriniense
2621 5655 2653 5694 a
2694 5641 2908 5708 duabus
2969 5640 3228 5694 Romanis
3251 5640 3338 5692 hic
3371 5653 3454 5692 re-

1883 5711 2128 5830 tiensitis,
2181 5718 2238 5764 ut
2284 5725 2472 5764 recens
2504 5709 2593 5764 Fr.
2629 5709 2796 5764 Maria
2854 5707 3094 5764 Elorent.
3130 5710 3184 5764 in
3225 5709 3446 5776 Martyr.

1932 5794 2132 5830 ucenst.

1932 5794 2132 5834 neensn
