4180 6434
743 390 847 455 343

1936 394 2228 455 ΝΙΟΕΤΑΕ
2275 397 2799 461 ΡΑΙἨΙΛΟΟἪΞ

3878 404 3981 466 illi

740 518 1021 579 acceptam
1051 523 1266 565 omnem
1295 511 1658 565 substantiam
1697 513 1837 583 (qua:
1860 528 1993 568 sane
2030 514 2280 583 pcrampl

2416 538 2524 572 σεν.
2558 521 2667 573 Καὶ
2695 523 2727 590 ἡ
2764 523 2882 591 μὲν,
2916 524 3044 594 ὃλην
3068 524 3234 595 αὐτῆς
3274 525 3371 597 τὴν
3398 527 3620 596 γονικὴν
3668 528 3985 592 περιουσίαν

738 610 879 670 erat)
909 601 1330 657 necessitatibus
1376 613 1691 659 sanctorum
1722 607 2157 669 communicatis,
2209 608 2306 659 im-

741 708 1018 763 pensaque
1057 696 1389 766 martyribus
1422 698 1627 754 atnoris
1654 700 1702 753 vi
1757 698 1864 755 illis
1902 701 2306 770 quodammodo

736 786 1132 856 conglutinata,
1160 802 1457 859 eorumque
1483 792 1739 859 pretiosis
1763 792 1947 848 linteis
1974 795 2181 849 saniem
2208 809 2303 846 ex—

736 885 977 943 torgeus,
1005 877 1342 947 uulneraque
1384 878 1681 935 infundens
1713 897 1777 936 ac
1811 884 2178 948 exosculans;
2215 892 2300 937 at-

733 980 841 1030 que
874 965 1053 1019 adhuc
1089 966 1355 1035 viventes,
1384 971 1563 1026 verbis
1590 971 1827 1029 fortibus
1856 976 2121 1029 roborans
2158 983 2210 1029 ct
2233 976 2299 1030 ad

734 1052 1224 1115 imniarcescibiles
1265 1076 1499 1115 coronas
1538 1066 1756 1136 egregie
1795 1068 2065 1131 animans,
2102 1067 2300 1123 defun-

731 1147 941 1215 ctisque
986 1152 1332 1207 sanctissime
1362 1154 1511 1223 justa
1560 1158 1894 1226 persolvens,
1945 1159 2025 1213 sic
2062 1160 2299 1229 scipsam

730 1240 1055 1308 praeclarum
1091 1243 1199 1299 illis
1229 1260 1428 1301 munus
1466 1250 1776 1319 sepulcrale
1828 1258 2013 1319 postea
2044 1253 2296 1321 praebuit,

729 1347 825 1398 per
866 1335 1044 1404 ignem
1080 1336 1406 1394 holocausta
1442 1342 1645 1403 oblata,
1676 1357 1739 1394 ac
1769 1344 1821 1396 in
1856 1344 2081 1400 odorem
2110 1347 2297 1400 suavi-

727 1424 855 1480 tatis
897 1427 1005 1481 Deo
1043 1422 1381 1499 computata,
1424 1434 1577 1501 virgo
1610 1444 1815 1500 autem,
1853 1449 2137 1507 parentum
2183 1438 2298 1493 alli-

729 1518 1009 1589 niumque,
1048 1522 1378 1589 przediorum
1409 1540 1471 1578 ac
1510 1530 1868 1596 pecuniarum
1911 1531 1979 1584 ab
2025 1532 2145 1600 ipso
2182 1532 2294 1599 jam

724 1612 903 1667 aetatis
935 1614 1100 1668 tertio
1130 1631 1275 1671 anno
1303 1618 1492 1672 relicta
1523 1619 1783 1677 facultate
1802 1633 1966 1692 atque
1989 1625 2168 1693 copia,
2209 1642 2295 1681 re-

724 1704 1042 1777 ligioszeque
1070 1709 1286 1763 cuidam
1321 1710 1507 1767 doznui
1538 1714 1605 1767 ad
1645 1716 1967 1770 vicesimum
1994 1733 2169 1786 usque
2202 1735 2293 1772 an-

723 1813 854 1852 num
890 1815 955 1854 ex
981 1801 1168 1859 animo
1189 1803 1411 1857 assidua
1438 1821 1452 1869 ;
1492 1822 1705 1862 necnon
1743 1825 1911 1864 sacrm
1928 1812 2136 1879 sopliire
2167 1814 2292 1875 (hoc

720 1890 865 1945 enim
892 1891 967 1946 illi
999 1908 1194 1949 nomen
1234 1896 1340 1951 sub
1375 1898 1872 1969 cujusmagisteriu
1905 1918 1966 1955 ac
1999 1904 2289 1973 disciplina

720 1984 959 2053 agebat),
988 2001 1083 2042 seu
1113 1990 1296 2058 potius
1329 1991 1503 2060 ipsius
1521 2009 1645 2047 vere
1670 1993 1760 2047 Dei
1785 1997 2065 2063 sapientiae
2085 2013 2249 2066 opera
2273 2016 2287 2063 ;

719 2075 867 2132 Patri
899 2079 1177 2148 adoptata,
1214 2098 1309 2151 per
1354 2084 1525 2137 multa
1576 2086 1875 2155 graviaque
1922 2103 2020 2157 pro
2069 2090 2292 2143 Christo

720 2177 993 2225 tormenta
1018 2180 1072 2225 et
1105 2173 1375 2241 lanienas,
1407 2177 1645 2247 abrupto
1670 2179 1763 2248 qui
1801 2180 1852 2233 in
1882 2196 2046 2234 carne
2088 2194 2169 2235 est
2218 2184 2291 2234 iu-

718 2265 923 2331 colatu,
950 2267 1016 2319 ad
1050 2266 1524 2325 desideratissima
1556 2271 1647 2326 Dei
1678 2272 2029 2329 tabernacula
2069 2276 2289 2328 οοιηιιιί·

718 2359 914 2423 gravit.

790 2447 915 2505 Haec
946 2450 1110 2523 igitur
1141 2456 1320 2526 magni
1345 2455 1682 2528 illustrisque
1713 2463 1950 2515 nominis
1977 2463 2287 2526 Auastasia,

721 2545 967 2613 Spiritale
996 2547 1490 2619 intemeratumque
1512 2554 1822 2607 convivium
1883 2555 2042 2610 hodie
2085 2570 2290 2610 convo-

719 2651 874 2702 cans,
905 2638 1157 2707 velutque
1185 2642 1491 2709 opimarum
1524 2645 1719 2713 dapum
1757 2648 2071 2702 varietatem
2125 2665 2287 2703 sacra

719 2744 818 2784 sua
866 2732 1165 2785 certamina
1226 2734 1595 2805 victoriasquc
1649 2752 1951 2806 apponens,
1992 2748 2151 2810 atque
2182 2742 2287 2795 illis

716 2822 1063 2878 castissimos
1095 2833 1367 2881 amatores
1404 2843 1533 2882 suos
1557 2831 1854 2898 accipiens,
1890 2832 2155 2886 immensa
2192 2847 2285 2888 eos

716 2913 974 2982 adimplet
1006 2916 1208 2981 latitia,
1243 2919 1549 2991 divinmque
1575 2933 1859 2978 consortes
1901 2927 2285 2982 exsultationis

716 3004 863 3060 facit.
896 3005 1018 3063 ηερε
1040 3016 1287 3064 nostrum
1306 3019 1357 3066 et
1381 3013 1619 3067 animum
1646 3026 1695 3069 et
1724 3031 2027 3069 sermonem
2054 3019 2117 3070 ad
2140 3018 2283 3073 illius

714 3097 1030 3164 passionum
1105 3103 1545 3169 exsuperantiam
1615 3104 1929 3162 fatiscentes
2001 3111 2278 3175 excitans;

2412 612 2602 683 (πολλὴ
2633 614 2787 676 δέτις
2815 610 2903 684 ἦν)
2921 619 3037 680 ταῖς
3068 617 3176 670 τῶν
3204 619 3377 684 ἀγίων
3400 619 3606 687 χρείαις
3633 618 3983 680 κοινωνοῦσα,

2409 705 2502 755 καὶ
2533 707 2731 775 στοργῇ
2764 706 3127 778 φιλομάρτυρι
3152 708 3358 770 τούτοις
3382 709 3579 779 τρόπον
3601 708 3721 761 τινά
3751 726 3988 777 συμφυο-

2409 796 2571 867 μένηο
2604 800 2695 851 καὶ
2719 799 2841 862 τοὺς
2868 800 3070 870 ἰχῶρας
3101 801 3279 853 αὐτῶν
3308 800 3519 864 ὀθόναις
3547 802 3783 870 ἑντίμοις
3813 819 3984 853 κατα-

2407 888 2712 958 μάσσουσα,
2736 890 2833 943 καὶ
2864 891 2929 943 τά
2955 891 3240 963 τραύματα
3277 892 3649 946 καταντλοῦσα
3677 892 3769 945 καὶ
3810 910 3984 943 κατα-

2406 977 2664 1045 φιλοῦσαν
2707 982 2799 1033 καὶ
2835 980 3042 1046 ζῶντας
3067 984 3163 1051 μὲν
3198 984 3298 1044 ἔτι,
3339 984 3516 1052 λόγοις
3554 985 3795 1053 στερροῖς
3827 986 3982 1050 ἐπιρο

2407 1074 2739 1143 ρωννύουσα,
2794 1075 2887 1128 καὶ
2940 1076 3077 1145 πρδς
3128 1078 3252 1138 τοὺς
3308 1076 3653 1145 ἀμαράντούς
3703 1075 3986 1142 παραθαρο

2406 1164 2638 1234 ρύνουσα
2666 1168 2961 1235 στεφάνους
2986 1182 2998 1196 ⁸
3040 1168 3424 1237 ἁποιχομένοις
3469 1168 3525 1219 δὲ
3568 1167 3841 1227 πανοσίως
3882 1170 3981 1234 τὴν

2401 1260 2553 1311 ὁσίαν
2581 1260 2965 1328 ὲπιϐἀλλουσα,
2986 1262 3158 1325 οὕτως
3175 1263 3374 1332 ἑαυτὴν
3401 1263 3563 1316 καλὸν
3589 1264 3837 1329 ἐντάφιον
3863 1263 3979 1327 (72)

2402 1352 2610 1415 τούτοις
2628 1353 2855 1424 ὕστερον
2880 1356 3202 1426 παρέσχετο,
3226 1356 3315 1409 διά
3338 1359 3503 1424 πυρὸς
3523 1357 3979 1415 ὁλοκαυτωοεῖμα,

2402 1443 2496 1495 καὶ
2511 1446 2590 1507 είς
2610 1444 2785 1515 ὀσμὴν
2804 1446 3029 1510 εὐωδίας
3051 1448 3357 1515 λογισθεῖσα
3371 1448 3447 1517 τῷ
3468 1447 3603 1517 Θεῷ.
3618 1449 3686 1500 Ἥ
3710 1450 3849 1515 παρο
3864 1451 3974 1510 Suo;

2398 1535 2474 1601 δὲ,
2507 1538 2712 1604 γονέων
2739 1536 2832 1590 καὶ
2871 1539 3168 1606 συγγενῶν,
3215 1540 3508 1611 κτημάτων
3544 1542 3637 1593 καὶ
3678 1543 3980 1609 χρημάτων

2399 1630 2461 1680 ἐκ
2484 1628 2727 1696 τριετοῦς
2759 1630 2856 1699 τῆς
2888 1630 3102 1700 ἡλικίας
3133 1631 3321 1700 χρόνον
3347 1632 3472 1694 τοῦς
3520 1634 3978 1701 περιουσιασμοὲς

2397 1720 2646 1786 λιποῦσα,
2680 1723 2770 1773 καὶ
2804 1723 3033 1791 σεμνείῳ
3069 1722 3176 1775 τινὶ
3211 1723 3446 1792 γνησίως
3480 1724 3607 1793 ἄχρι
3636 1722 3729 1776 τοῦ
3761 1726 3977 1775 εἰκησα-

2397 1814 2555 1876 ετοῠς
2584 1816 3112 1885 προσκαρτερήσασα
3141 1831 3156 1844 ο
3197 1816 3291 1869 καὶ
3333 1816 3419 1869 διὰ
3452 1817 3551 1885 τῆς
3587 1817 3753 1885 ἱερεῖς’
3778 1818 3977 1883 Σ-ἰφίας

2399 1906 2561 1978 (οὕτω
2589 1910 2698 1979 γάρ
2742 1910 2773 1978 ή
2824 1909 3139 1972 διδάσκαλος
3186 1910 3514 1980 ώνόμαστο),
3544 1912 3743 1979 μάλλον
3787 1910 3841 1961 δὲ
3884 1912 3971 1961 διά

2392 2001 2492 2068 τῆς
2525 2000 2691 2064 ὅντως
2718 2001 2853 2054 Θεοῦ
2888 2002 3074 2071 σοφίας
3100 2002 3473 2070 υιοθετηθεῖσα
3502 2002 3576 2072 τῷ
3602 2003 3793 2071 Πατρὶ,
3829 2002 3981 2053 οὓτω

2393 2092 2480 2145 διὰ
2508 2092 2718 2144 πολλῶν
2744 2093 2836 2144 καὶ
2874 2092 3062 2146 δεινῶν
3106 2092 3214 2145 τῶν
3255 2092 3393 2163 ὑπὲρ
3434 2093 3673 2159 Χριστοῦ
3724 2093 3977 2163 βασάνων

2392 2184 2481 2235 καὶ
2514 2182 2713 2251 τομῶν,
2762 2182 2859 2250 τῆς
2912 2184 2969 2235 ἐν
3020 2186 3180 2253 σαρκὶ
3235 2185 3333 2252 μὲν
3377 2184 3585 2255 ἐρράγη
3638 2185 3977 2252 παροικίας,

2395 2276 2528 2345 πρὸς
2554 2274 2621 2328 τὰ
2650 2275 2907 2344 ἀγαπητά
2938 2274 2993 2328 δὲ
3021 2276 3155 2328 Θεοῦ
3190 2276 3520 2345 σκηνώματα
3552 2276 3806 2346 μετέστη.

2463 2461 2607 2530 Αὕτη
2635 2462 2811 2513 τοίνυν
2847 2464 2878 2531 ἠ
2916 2461 3327 2531 μεγαλώνυμος,
3360 2463 3392 2530 ή
3425 2459 3770 2531 περιώνυμος
3813 2459 3971 2511 Ἀνα-

2393 2555 2609 2610 στασία.
2660 2556 2691 2623 ή
2745 2554 3120 2623 πνευματικὴν
3173 2554 3263 2606 καὶ
3308 2554 3583 2622 ἀκήρατον
3624 2553 3977 2619 ἑστιατορίαν

2392 2649 2629 2715 σήμερον
2654 2646 3081 2715 συγκαλουμένη,
3103 2648 3193 2699 καὶ
3215 2640 3299 2699 οἶα
3329 2646 3391 2715 δὴ
3419 2644 3720 2697 πολυτελῶν
3739 2644 3969 2713 ἐδεσμά-

2388 2755 2494 2790 των
2532 2739 2823 2801 ποικιλίαν,
2873 2742 2997 2800 τοὺς
3034 2740 3209 2808 ἱεροὺς
3258 2738 3453 2800 ἄθλους
3501 2738 3833 2807 προτιθεῖσα,
3871 2740 3969 2788 καὶ

2386 2829 2595 2891 τούτοις
2620 2830 2744 2892 τοὺς
2776 2831 3078 2895 πανάγνους
3114 2831 3318 2895 ταύτης
3364 2830 3597 2899 ἐραστάς
3625 2828 3967 2897 δεξιουμένη,

2389 2920 2588 2988 μυρίας
2619 2919 2938 2989 ἀναπιμπλᾷ
2962 2921 3058 2989 τῆς
3088 2920 3445 2988 εὐφροσύνης,
3474 2921 3563 2972 καὶ
3591 2919 3966 2985 ἀγαλλιάσεως

2386 3013 2533 3075 θείας
2590 3014 2849 3081 μετόχους
2900 3011 3295 3064 ἀποδείκνυσιν.
3357 3010 3501 3077 Αὕτη
3554 3012 3648 3062 καὶ
3704 3009 3827 3061 νοῦν
3874 3008 3971 3060 τὶν

2384 3104 2674 3173 ἡμέτερον,
2709 3104 2801 3157 καὶ
2826 3103 2984 3170 λόγον
3011 3104 3146 3173 πρὸς
3174 3103 3271 3172 τὴν
3300 3102 3605 3173 ὑπερϐολὴν
3642 3102 3751 3153 τῶν
3791 3102 3965 3168 αὐτῆς

711 3189 949 3242 animum
982 3190 1201 3259 quidem
1250 3192 1354 3248 fide
1391 3195 1644 3261 roborat;
1689 3214 1995 3253 sermonem
2038 3216 2167 3253 vero
2213 3202 2279 3255 ad

2387 3197 2725 3266 παθημάτων
2774 3183 3102 3262 ὲκλυόςιεθιον
3148 3195 3425 3260 διιστῶσα,
3478 3194 3709 3264 ῥώννυσι
3770 3192 3867 3261 μὲν
3904 3195 3969 3242 ὲν

710 3280 857 3336 illius
880 3282 1187 3337 enarranda
1230 3284 1501 3339 mirabilia
1534 3288 1715 3356 erigit.

780 3470 1022 3527 Primum
1063 3472 1285 3541 quidem
1325 3471 1456 3526 illud
1482 3487 1674 3528 omnes
1707 3490 1872 3543 rogo;
1907 3492 1973 3530 ne
2008 3478 2135 3546 quis
2170 3479 2278 3532 sci-

706 3563 831 3618 licet
880 3562 1250 3632 comparando
1300 3572 1512 3618 natura:
1554 3564 1981 3620 imbecillitatem
2014 3583 2139 3621 cum
2174 3570 2277 3622 im-

706 3670 894 3711 mensa
941 3665 1338 3710 tormentorum
1390 3656 1463 3722 vi,
1514 3656 1743 3711 moleste
1776 3658 1962 3712 animo
1994 3659 2186 3727 habeat
2216 3676 2277 3715 ac

702 3748 1055 3803 dubitationis
1076 3747 1434 3817 cogitationes
1454 3756 1727 3813 assumat;
1752 3760 2006 3819 tanquam
2033 3751 2144 3805 fieri
2172 3769 2278 3806 non

703 3842 900 3909 possit,
935 3848 996 3895 ut
1050 3844 1132 3895 vel
1175 3840 1620 3896 robustissimum
1672 3843 1771 3896 viri
1821 3858 2040 3912 corpus,
2076 3846 2275 3897 nedum

703 3931 970 3985 muliebre
997 3945 1059 3983 ac
1085 3929 1318 3998 juvenili
1362 3929 1518 3984 valde
1545 3940 1722 3991 actate.
1760 3932 1945 3983 tandiu
1983 3933 2146 3986 tantis
2174 3933 2278 3988 sic-

701 4038 809 4092 que
871 4022 1125 4076 violentis
1178 4022 1519 4075 cruciatil:us
1558 4036 1621 4075 ac
1652 4023 1940 4075 tormentis
1969 4022 2141 4075 obniti
2178 4038 2277 4092 po-

703 4113 889 4167 tuerit.
947 4110 1065 4166 Non
1124 4111 1269 4177 cnim
1324 4112 1577 4179 corporis
1603 4110 1823 4173 robore,
1877 4112 1971 4165 sed
2005 4112 2273 4179 spiritus;

703 4217 803 4258 nec
843 4202 1099 4255 firmitate
1134 4210 1363 4267 natum,
1393 4202 1485 4255 sed
1519 4201 1641 4255 fidei
1675 4201 2011 4267 fortitudine,
2040 4202 2279 4256 victoria:

699 4306 984 4367 compotes
1011 4304 1279 4366 martyres
1330 4297 1610 4349 exstitere.
1643 4293 1759 4363 lpse
1793 4294 1935 4348 enim
1971 4295 2278 4363 inaspecta-

703 4386 798 4441 bili
832 4386 1047 4440 ratione
1080 4385 1401 4440 certaminis
1425 4400 1626 4454 prmses
1660 4386 1766 4440 illis
1791 4385 1987 4454 spiritu
2009 4400 2274 4454 prazsens.

700 4479 793 4548 qui
820 4479 910 4533 illo
936 4477 1333 4549 defunguutur,
1366 4479 1694 4548 illorumque
1728 4480 1986 4532 membris
2012 4490 2271 4549 tanquam

2386 3294 2563 3344 πίστει
2589 3290 2677 3341 τὸν
2700 3288 2824 3339 νοῦν
2853 3307 2863 3318 ·
2898 3288 3031 3357 πρὸς
3060 3288 3317 3356 ἐξήγησιν
3341 3288 3398 3340 δὲ
3420 3288 3526 3340 τῶν
3550 3288 3716 3355 αὐτῆς
3750 3286 3963 3356 θαυμα-

2384 3383 2516 3435 σίων
2542 3382 2631 3434 τδν
2662 3381 2818 3449 λόγον
2847 3382 3129 3450 ὲξεγείρει.

2454 3472 2676 3542 Πρῶτον
2710 3472 2808 3541 μὲν
2839 3470 2932 3524 οὖν
2979 3472 3154 3523 έκεῖνο
3202 3472 3407 3533 πάντας
3450 3470 3603 3534 ἀξιῶ,
3659 3470 3860 3539 μηδένα
3898 3471 3963 3522 τὸ

2384 3566 2581 3636 σαθρὸν
2610 3566 2708 3632 τῆς
2740 3565 2954 3634 φύσεως
2990 3566 3123 3635 πρὸς
3158 3565 3256 3633 τὴν
3302 3565 3604 3634 ὑπερϐολὴν
3644 3564 3751 3617 τῶν
3794 3564 3959 3617 κολάο

2383 3674 2519 3709 σεων
2572 3655 3039 3726 παρατιθέμενον,
3089 3655 3480 3708 ἀποκναίεσθαι
3526 3656 3618 3707 τὸν
3662 3654 3818 3715 νοῦν,
3868 3655 3964 3707 καὶ

2379 3747 2629 3817 διψυχίας
2655 3748 2883 3816 κάμνειν
2903 3746 3200 3814 λογισμοῖς,
3227 3747 3301 3809 ώς
3324 3747 3601 3815 ἀμήχανον
3630 3745 3689 3797 ὃν
3715 3746 3803 3797 καὶ
3835 3762 3962 3810 γεν-

2382 3841 2674 3895 νικώτατον
2698 3840 2886 3907 ἀνδρὸς
2914 3838 3094 3907 σῶμα,
3128 3838 3200 3907 μὴ
3236 3838 3315 3890 ὅτι
3362 3854 3424 3904 γε
3469 3836 3532 3904 όὴ
3578 3836 3707 3904 θῆλυ
3750 3838 3841 3887 καὶ
3868 3852 3960 3886 κο-

2384 3932 2509 3999 μιδῆ
2544 3931 2758 4000 νεαρὸν,
2794 3930 2929 3999 πρὸς
2977 3928 3309 3997 τηλικαύτην
3347 3928 3795 3997 στρεϐλωτηρίων
3837 3925 3964 3993 βίαν

2379 4026 2471 4077 ἐπὶ.
2497 4022 2750 4077 τοσοῦτον
2777 4023 3047 4090 ἀντισχεῖν
3073 4038 3084 4049 ·
3112 4021 3172 4071 οὐ
3196 4021 3304 4088 γάρ
3334 4019 3505 4088 ἰσχύει
3530 4019 3800 4087 σώματος,
3824 4018 3963 4070 ἀλλὰ

2380 4115 2727 4181 πνεύματος·
2773 4110 2892 4162 οὐδὲ
2954 4108 3166 4176 φύσεως
3220 4109 3559 4178 στερρότητι,
3614 4107 3846 4168 πίστεως
3901 4108 3958 4159 δὲ

2380 4206 2734 4277 κραταιότητι
2765 4203 2904 4273 μετά
2928 4202 3219 4271 μαρτύρων
3245 4203 3277 4269 ἡ
3302 4201 3423 4269 νίκη
3454 4201 3767 4270 καθορᾶται.
3787 4200 3960 4263 Αὐτὸς

2378 4300 2486 4368 γὰρ
2515 4299 2760 4366 ἀοράτως
2789 4299 2816 4348 ὁ
2843 4294 3132 4360 ἀθλοθέτης
3157 4297 3293 4362 μετά
3317 4294 3425 4346 τῶν
3461 4294 3764 4377 ἀθλούντων
3806 4296 3954 4353 γινό-

2380 4391 2539 4460 μενος
2588 4386 2665 4456 τῷ
2719 4385 3008 4452 πνεύματι,
3068 4384 3160 4434 καὶ
3214 4384 3326 4443 τοῖς
3387 4380 3565 4433 αὐτῶν
3619 4383 3834 4450 μέλεσιν
3879 4382 3957 4443 ὡς

2376 4482 2596 4542 οἰκείοις
2630 4478 2987 4549 κεχρημένος,
3032 4475 3296 4542 σταθεράν
3336 4492 3392 4525 τε
3430 4474 3521 4526 καὶ
3555 4473 3957 4542 μεγαλότολμοι

700 4543 938 4643 pr0priis
964 4543 1144 4636 utens,
1172 4585 1268 4640 pro
1288 4585 1345 4625 se
1365 4569 1741 4624 laborantibus
1768 4572 2078 4624 lirmitatem
2105 4572 2271 4624 animi

2387 4577 2471 4645 τὴν
2513 4574 2621 4625 τῶν
2654 4572 2791 4640 ὑπὲρ
2826 4569 2989 4622 αὐτοῦ
3034 4568 3378 4635 πονουμένων
3414 4568 3704 4635 ἐργάζεται
3750 4569 3953 4635 ψυχήν.

699 4667 919 4730 praestat
940 4674 1002 4712 ac
1032 4658 1336 4711 audaciam.
1370 4655 1663 4727 Ipsumque
1695 4657 1831 4713 adeo
1862 4659 2067 4728 pariter
2091 4659 2271 4713 decer-

699 4762 824 4805 tans
842 4750 1250 4818 corpusculum,
1297 4750 1458 4803 modo
1486 4749 1707 4818 quidem
1760 4750 2020 4803 intactum
2048 4751 2272 4805 omnino

696 4842 985 4896 tormentis
1007 4840 1168 4906 facit;
1194 4841 1354 4894 modo
1376 4851 1556 4895 autem
1575 4841 1665 4894 ubi
1692 4842 1960 4911 tantisper
1991 4842 2098 4910 pati
2148 4858 2274 4911 per-

697 4931 937 4991 miserit,
970 4945 1131 4998 quam
1164 4930 1272 4983 cito
1300 4929 1432 4982 illud
1464 4936 1641 4988 curat.
1679 4929 2064 4999 integrumque
2092 4944 2153 4985 ac
2185 4946 2271 4984 sa-

695 5039 823 5077 num
854 5020 1060 5086 reddit;
1088 5020 1259 5075 donec
1279 5021 1493 5075 tandem
1513 5020 1745 5075 faustum
1768 5024 1971 5076 exitum
1998 5022 2267 5090 ﬁnemque

692 5114 1032 5169 certantibus
1061 5112 1312 5167 conferre
1348 5112 1397 5167 ei
1434 5113 1720 5182 placuerit.
1760 5114 1813 5167 Id
1856 5130 1985 5168 vero
2016 5124 2263 5183 praestat,

694 5214 809 5261 tum
837 5214 895 5259 ut
920 5205 1022 5260 sibi
1046 5204 1298 5275 gloriam,
1326 5204 1503 5274 iisque
1527 5206 1924 5275 quitormcntis
1943 5208 2265 5261 excrucian-

693 5309 804 5364 tur,
828 5300 1244 5354 sanctimoniam
1276 5299 1556 5365 conciliet,
1587 5309 1700 5354 tum
1732 5308 1790 5354 ut
1841 5309 1894 5355 et
1926 5302 2086 5370 vulgo
2117 5301 2262 5354 salu-

692 5401 800 5447 tem
823 5390 1035 5445 allerat.
1068 5390 1333 5452 Salutem,
1376 5392 1623 5462 inquam,
1654 5408 1776 5461 quae
1794 5408 1856 5445 ex
1891 5393 1995 5447 fide
2024 5402 2131 5457 est,
2166 5408 2263 5446 ne-

692 5481 822 5534 dum
853 5482 963 5535 illis
989 5480 1082 5550 qui
1107 5489 1235 5535 tunc
1260 5481 1525 5552 temporis
1576 5482 1939 5537 certaminum
1992 5493 2264 5551 spectato-

693 5586 782 5625 res
804 5570 1026 5636 l'uerint,
1054 5571 1148 5626 sed
1180 5581 1234 5627 et
1254 5571 1457 5627 futuris
1485 5572 1933 5642 generationibus
1955 5573 2259 5643 provideat.

765 5713 878 5781 (7‘2)
938 5714 1137 5784 Καλὸν
1193 5714 1496 5781 ἐντάφιον.
1548 5716 1831 5782 Sumptum
1866 5725 1951 5770 est
2014 5716 2257 5784 Gregorii

694 5781 1089 5847 blaelnabaaicis,
1108 5784 1194 5854 ubi
1227 5786 1295 5837 ita
1320 5786 1435 5836 Bill.
1456 5804 1468 5837 :
1492 5781 1709 5838 Pulchri
1731 5787 2008 5854 cujusdam
2025 5781 2259 5852 funebris

698 5855 808 5908 loco
860 5854 1084 5923 seipsam
1128 5853 1303 5908 liberis
1342 5854 1553 5921 obtulit,
1608 5853 1796 5911 mater
1855 5856 2082 5921 scilicet;
2144 5858 2255 5926 ipsa

2374 4667 2481 4718 Καὶ
2512 4666 2570 4717 τὸ
2606 4662 2897 4716 συναθλοῦν
2922 4661 2977 4712 δὲ
3018 4662 3309 4727 σωμάτιον.
3346 4659 3471 4710 ποτὲ
3526 4659 3624 4724 μὲν
3658 4657 3954 4724 ἀπρόσιτον

2374 4759 2549 4824 πάντη
2592 4757 2709 4817 ταῖς
2756 4752 3047 4822 τιμωρίαις
3102 4749 3481 4801 ἀποδείκνυσι’
3520 4748 3647 4801 ποτὲ
3687 4748 3741 4799 δὲ
3782 4747 3958 4815 μικρὰ

2375 4850 2604 4917 πάσχειν
2632 4846 2833 4905 ἐνδοὺς,
2864 4844 2940 4905 ὡς
2972 4842 3197 4911 τάχιστα
3228 4840 3382 4893 τοῦτο
3422 4840 3714 4908 θεραπεύει
3753 4856 3812 4891 τε
3858 4840 3953 4891 καὶ

2372 4934 2706 5005 καταρτίζει,
2742 4935 2933 5003 μέχρις
2973 4928 3033 4984 οὗ
3065 4927 3235 4995 δεξιὸν
3269 4932 3441 4999 πέρας
3470 4934 3577 4993 τοῖς
3612 4931 3953 4998 ἀγωνιζομέ-

2372 5049 2481 5091 νοις
2509 5025 2783 5080 ὲπιίῖαλεῖν
2814 5026 3015 5084 ἐκεῖνος
3045 5023 3406 5090 δοκιμάσειεν.
3435 5021 3509 5074 Τὸ
3541 5022 3595 5074 δὲ
3616 5023 3772 5085 ποιεῖ,
3812 5021 3951 5090 ὁμοῦ

2376 5122 2475 5189 μὲν
2516 5119 2693 5187 ἑαυτῴ
2734 5116 2914 5180 δόξαν,
2979 5116 3073 5167 καὶ
3118 5117 3230 5175 τοῖς
3279 5114 3644 5183 αἰκιζομένοις
3677 5114 3955 5181 ἁγιασμὸυ

2374 5209 2856 5280 περιποιούμενος·
2929 5204 3063 5275 ὁμοῦ
3117 5206 3171 5256 δὲ
3218 5207 3312 5257 καὶ
3371 5206 3642 5273 σωτηρίαν
3696 5205 3950 5266 πολλοῖς·

2372 5302 2643 5371 σωτηρίαν
2668 5300 2742 5363 δὲ,
2768 5299 2864 5367 τὴν
2890 5301 2951 5350 ὲκ
2984 5298 3236 5359 πίπτειν,
3268 5298 3327 5348 οὐ
3358 5299 3468 5358 τοῖς
3492 5298 3609 5349 τότε
3639 5297 3795 5365 μόνον
3821 5298 3953 5359 τοὺς

2368 5395 2584 5463 ἀγῶνας
2609 5394 2826 5463 ὁρῶσιν,
2850 5390 2987 5444 ἀλλά
3018 5390 3106 5441 καὶ
3138 5392 3256 5450 ταῖς
3304 5388 3584 5449 ἐπιούσαις
3629 5389 3939 5457 προμηθούσ

2370 5502 2527 5553 μενος
2565 5485 2798 5550 γενεαῖς.

2376 5732 2704 5784 prmgrcssos
2739 5718 2935 5767 lilio-rus
2970 5714 3212 5783 martyrii
3261 5712 3505 5779 palzi-sti-a
3562 5720 3769 5790 secuta.
3803 5710 3951 5764 Sunt

2368 5788 2479 5840 lum:
2504 5789 2571 5840 dc
2599 5786 2882 5846 Anastasia
2917 5786 3075 5836 vidua
3122 5792 3372 5835 accm'utn
3404 5797 3465 5831 ac
3504 5796 3657 5843 pura,
3693 5786 3808 5849 ipsa
3845 5797 3946 5835 ea-

2365 5860 2484 5912 dem
2510 5872 2628 5926 qua!
2661 5858 2711 5909 in
2748 5856 2961 5909 Mcnmis
2993 5866 3039 5908 et
3070 5855 3121 5907 iu
3155 5853 3303 5905 Actis
3338 5850 3600 5918 Metaplir.
