4186 6434
774 381 876 444 347

1925 377 2215 435 ΝῙΕΕΤιΕ
2271 378 2461 435 ΡᾹΙἯ
2480 381 2506 436 ι
2528 375 2799 435 ΑΘΟΧΙΒ

3888 383 3993 444 348

758 504 1003 559 pugnare
1054 485 1371 553 nequiverat
1410 484 1737 553 (quinimo,
1773 483 1940 537 haece
1982 500 2158 553 pugna
2207 485 2313 537 liu-

2431 483 2661 553 τηγῆσαι
2684 497 2700 515 ο
2739 482 2939 552 μᾶλλον
2975 484 3075 554 μὲν
3103 478 3217 551 οὖν,
3244 487 3378 555 πρὸς
3410 486 3685 555 θεολογίαν
3715 487 3847 557 αὐτῇ
3878 491 3998 542 ταδ’

756 595 917 647 gnam
944 579 992 630 ei
1016 579 1077 628 ad
1101 576 1283 628 tli\iua
1305 576 1463 630 verba
1488 574 1876 643 expeditiorem
1901 576 2319 629 contentiorctn-

757 686 863 736 que
888 667 1213 727 reddiderat,
1235 666 1605 734 adversusque
1627 666 1877 719 insanum
1905 668 2317 720 simulacrorum

760 760 1013 813 cultum.
1068 759 1168 811 etsi
1232 758 1469 819 invitus,
1516 756 1895 811 vehementius
1954 756 2319 824 inritaverat)

762 852 967 902 insania
1010 849 1162 909 furit.
1198 850 1393 913 uritur,
1433 849 1584 901 rabie
1616 849 1896 915 impletur,
1931 859 2118 917 atque,
2154 856 2215 900 ut
2247 848 2321 901 ait

762 941 1067 1009 Scriptura,
1101 940 1180 992 Ex
1222 957 1312 993 ore
1350 941 1464 1007 ejus
1493 938 1893 1008 eyrediebautur
1928 940 2193 1004 lampades
2230 956 2321 991 ac-

758 1049 947 1095 censw,
974 1045 1022 1085 et
1051 1032 1461 1099 projiciebantur
1491 1048 1630 1085 areis
1665 1034 1800 1102 ignis
1830 1034 1899 1086 θ’.

835 1123 974 1176 Deus
1006 1139 1135 1176 sane
1168 1124 1222 1176 in
1255 1125 1560 1187 altissimis,
1596 1125 1759 1193 hujus
1798 1127 2109 1179 certaminis
2141 1128 2325 1196 inspe-

761 1225 902 1277 ctor,
930 1226 1095 1282 atque
1125 1216 1478 1282 pt-aatniorum
1514 1217 1721 1270 victrici
1754 1218 2091 1278 distributor.
2157 1221 2325 1276 silens

759 1307 1140 1359 consistebat:
1199 1323 1390 1361 trnncs
1440 1322 1568 1360 vero
1612 1310 1808 1375 angeli,
1848 1320 2011 1377 atque
2061 1312 2323 1364 etelornm

758 1412 950 1451 omnes
978 1407 1295 1466 potestates.
1324 1400 1613 1467 spectaculi
1641 1400 1900 1455 aviditate
1931 1403 2324 1471 prospicientes

761 1488 911 1556 (vere
940 1491 1084 1542 enim
1117 1493 1312 1543 merito
1346 1492 1678 1558 aspectabile
1715 1503 1964 1548 coactmu
1998 1495 2129 1549 illud
2172 1497 2325 1550 thea-

758 1588 904 1635 trum
940 1581 1094 1649 erat)
1133 1582 1217 1633 vix
1263 1596 1366 1634 non
1401 1583 1575 1635 anxia:
1607 1584 1830 1654 virginis
1856 1600 2020 1639 causa
2056 1598 2233 1653 erant,
2262 1604 2327 1641 ne

761 1670 889 1739 quid
918 1670 1122 1723 sinistri
1153 1671 1387 1738 malique
1411 1672 1555 1725 circa
1580 1673 1728 1725 illam
1752 1675 2110 1743 contingeret.
2133 1678 2209 1729 Ac
2230 1692 2327 1731 nec

760 1760 1010 1814 homines
1035 1760 1103 1814 ab
1128 1775 1192 1814 eo
1217 1763 1529 1829 spectaculo
1569 1762 1817 1815 aberant.
1845 1763 2032 1818 Omnis
2048 1764 2192 1818 enim
2214 1781 2328 1818 ma-

759 1854 903 1907 xima
934 1853 1102 1907 Rouua
1129 1871 1145 1908 :
1178 1853 1290 1922 jam
1326 1868 1452 1905 vero
1478 1855 1643 1907 etiam
1676 1854 1943 1924 indigenae
1973 1858 2326 1926 extraneique

760 1944 813 1998 iu
838 1960 899 1998 ea
930 1953 1210 1999 versantes
1242 1944 1541 1998 Christiani
1577 1944 1881 2016 Graecique,
1910 1948 1974 2000 ad
2003 1949 2325 2004 sceleratum

760 2036 891 2090 illud
928 2036 1188 2102 tribunal,
1210 2037 1374 2105 inque
1402 2039 1492 2091 illo
1527 2039 1925 2107 praesidentem,
1959 2039 2323 2096 conﬂuebant.

756 2122 961 2193 Nempe
991 2124 1199 2180 Probus
1234 2126 1318 2179 hic
1335 2135 1473 2190 erat,
1508 2128 1881 2181 universarum
1917 2145 2093 2182 rerum
2120 2148 2327 2200 przcscs

758 2224 813 2269 et
856 2216 1046 2283 judex.
1100 2215 1417 2270 llerrcmlus
1458 2218 1676 2285 quidam
1727 2234 1790 2271 ac
1831 2219 2100 2274 sollicitus
2160 2239 2329 2290 pavor

760 2310 1027 2376 timorqu
1049 2323 1236 2363 omnes
1262 2310 1553 2374 invaserat,
1583 2309 1802 2365 Graecos
1829 2313 2067 2381 quidem,
2099 2332 2163 2370 ne
2191 2316 2328 2372 forte

758 2400 936 2467 puella
963 2401 1209 2469 praetoris
1232 2402 1431 2471 spretis
1450 2405 1753 2457 terroribus
1770 2404 2009 2474 deosque
2024 2406 2324 2477 tlespieata,

760 2493 898 2545 mori
932 2493 1110 2561 potius
1148 2508 1311 2562 quam
1342 2493 1623 2548 Christum
1663 2497 1939 2565 abnegare
1969 2497 2194 2565 eligetet
2226 2516 2241 2554 :
2271 2509 2329 2555 ut

760 2583 888 2637 inde
927 2593 1079 2638 certo
1126 2594 1450 2656 argumento
1498 2585 1688 2641 falsam
1724 2603 1847 2642 esse
1888 2588 2101 2643 illorum
2133 2606 2328 2661 super-

760 2673 1036 2728 stitiouem
1092 2676 1344 2745 liqueret.
1400 2675 1539 2747 Ipsis
1596 2694 1724 2733 vero
1783 2680 1947 2733 etiam
1999 2678 2328 2740 Christianis

760 2768 981 2820 animus
1006 2768 1145 2821 clam
1180 2766 1470 2824 formidine
1501 2770 1696 2825 anxius
1730 2780 1870 2837 erat,
1903 2782 2198 2843 pectusque
2230 2791 2329 2830 oc-

766 2858 913 2911 culte
941 2858 1325 2928 constrepebat
1358 2874 1421 2913 ac
1453 2861 1835 2924 collidebatur.
1866 2866 2154 2933 nequando
2179 2867 2330 2938 virgo

764 2947 1047 3003 blanditiis
1093 2951 1354 3015 emollita,
1404 2962 1493 3005 aut
1539 2961 1935 3009 tormentorum
1984 2958 2033 3008 vi
2084 2955 2327 3025 fatigata,

765 3038 1051 3109 Fractaque
1085 3040 1159 3093 illi
1192 3044 1521 3107 constantia,
1550 3044 1754 3110 aliquid
1784 3045 2064 3117 indignum
2088 3046 2328 3119 Christo,

761 3131 1095 3202 illorumque
1122 3149 1219 3203 spe
1256 3135 1560 3189 moliretur.

838 3222 1070 3278 Exuitur
1112 3224 1293 3296 itaque
1336 3228 1714 3284 astutissimns
1765 3230 1853 3285 ille
1905 3230 1971 3285 ad
2026 3233 2330 3302 palazstram

764 3315 933 3372 draco
967 3333 984 3383 ;
1038 3319 1169 3387 quin
1219 3320 1397 3387 potius
1436 3321 1666 3377 sibilans
1699 3322 1963 3378 achl'StlS
2004 3338 2209 3379 castum
2246 3341 2337 3380 co-

761 3407 1005 3465 lumbam
1054 3412 1245 3479 serpit.
1279 3411 1454 3467 Grave
1502 3415 1647 3467 enim
1692 3416 1770 3467 illi
1818 3431 1880 3469 ac
1917 3416 2334 3484 deplorandum,

763 3500 911 3568 quod
935 3515 1094 3555 otnne
1129 3503 1362 3555 sublime
1401 3501 1609 3565 videns,
1641 3501 1953 3573 [legemque
1987 3522 2045 3560 se
2074 3523 2197 3560 esse
2232 3508 2341 3575 glo-

765 3595 918 3648 rians
967 3594 1211 3646 omnium
1254 3597 1585 3648 versantium
1634 3596 1688 3649 in
1736 3598 1942 3667 aquis;
1989 3600 2229 3668 nullique
2280 3616 2340 3654 se

766 3688 1003 3740 similem
1035 3686 1291 3756 dignatus
1340 3689 1724 3741 exs-istentium
1780 3690 1880 3744 snb
1928 3692 2042 3744 sole
2068 3692 2139 3752 ⁹¹,
2196 3694 2338 3747 nuda

766 3780 965 3848 put-Ila.
990 3793 1288 3847 SCXlttIttlllt:
1326 3779 1569 3847 fragilem
1599 3780 1679 3849 (ut
1711 3781 2082 3845 existimabat,
2107 3781 2342 3836 circum-

765 3868 914 3931 data,
947 3882 1051 3920 non
1078 3868 1310 3937 amplius
1334 3868 1578 3922 haberet.
1610 3869 1916 3939 Ingreditur
1952 3870 2135 3939 itaque
2163 3871 2342 3940 ignote

719 3958 725 3963 ’
767 3958 822 4013 in
864 3959 1141 4011 theatrum
1185 3960 1445 4013 draconis
1495 3962 1716 4025 obtutu,
1752 3956 2035 4029 lcouisqu‘e
2079 3962 2341 4016 adversus

766 4052 1035 4122 v-rginem
1080 4050 1294 4105 fremitu
1326 4068 1339 4115 ;
1382 4051 1641 4105 invisibili
1683 4052 1901 4118 quidem
1935 4061 2198 4121 apparatu
2234 4055 2341 4107 ila!-

769 4159 995 4197 tnonum
1037 4143 1369 4213 stipantibus
1405 4145 1596 4198 cuneis
1636 4161 1651 4208 ;
1700 4144 1901 4197 visibili
1941 4158 2092 4205 vero,
2141 4153 2343 4197 murta-

768 4235 900 4291 lium
932 4236 1275 4305 itnpiissimis
1309 4235 1607 4291 confertus.

838 4326 1145 4382 Confestim
1196 4329 1382 4397 itaque
1422 4328 1600 4381 delata
1640 4327 1705 4380 ad
1736 4326 1897 4380 Probi
1930 4328 2164 4381 tribunal
2201 4331 2345 4382 Aua-

2354 3181 2400 3244 C

2421 590 2537 635 τοις
2559 575 2656 642 τὴν
2687 574 2933 642 γλῶσσαν
2964 576 3327 648 εὐτονωτέραν
3369 580 3670 648 ἀποφήνας,
3718 581 3813 633 καὶ
3858 582 3997 633 κατὰ

2419 671 2518 737 τῆς
2561 668 2949 734 είδωλομανίας
2988 669 3363 741 σφοδρότερον,
3400 672 3495 725 καὶ
3542 672 3617 743 μὴ
3658 672 3995 743 βουλόμενος,

2422 758 2698 829 ἠρέθισεν,
2749 761 3087 828 ἐκμαίνεται,
3136 763 3370 825 καίεται,
3398 768 3466 834 τῇ
3514 764 3683 835 λύσσῃ
3716 766 3996 836 καταπίμ-

2422 867 2647 923 πραται.
2685 851 2814 914 Καὶ,
2849 854 2877 905 ὅ
2924 870 3085 924 φησιν
3114 854 3147 923 ὴ
3188 854 3399 925 Γραφὴ,
3439 856 3540 909 ‘Ex
3562 856 3671 910 τοῦ
3696 841 3997 922 στόματος

2421 942 2609 998 αὑτοῦ
2620 942 3044 1012 ἐξεπορεύοντο
3058 945 3367 1015 λαμπάδες
3382 949 3711 1016 καιόμεναι,
3730 949 3827 1001 καὶ
3844 949 3998 1016 διερο

2417 1033 2746 1101 ῥιπτοῦντο
2773 1033 3021 1102 ἐσχάραι
3052 1037 3258 1103 πυρός.

2492 1124 2625 1187 Θεὸς
2661 1124 2759 1194 μὲν
2795 1121 2887 1178 οὖν
2940 1125 2998 1177 ἐν
3056 1126 3329 1194 ὑψίστοις,
3363 1129 3461 1196 τῆς
3495 1128 3733 1195 ἀγωνίας
3783 1130 3989 1202 ταύτης

2425 1214 2733 1285 καθήμενος
2762 1215 2977 1287 ἔφορος,
3024 1216 3119 1269 καὶ
3171 1216 3281 1269 τῶν
3320 1219 3583 1272 -ἐπάθλων
3617 1222 3682 1290 τῇ
3719 1222 4001 1291 νικηφόρῳ

2426 1307 2721 1360 καθίστατο
2768 1307 3019 1377 βραϐεύς.
3072 1308 3325 1375 ’Ἄγγελοι
3354 1310 3411 1362 δὲ
3443 1312 3663 1376 πάντες,
3696 1313 3792 1364 καὶ
3826 1314 3998 1365 πᾶσαι

2424 1396 2532 1448 τῶν
2574 1397 2840 1466 οὐρανίων
2889 1398 3167 1466 δυνάμεις,
3218 1401 3604 1469 ὲπικεκυφυίαι
3635 1402 3711 1471 τῷ
3744 1402 3997 1471 θεάματι’

2428 1488 2654 1558 θέατρον
2683 1487 2792 1558 γὰρ
2822 1486 2989 1551 ὄντως
3023 1489 3336 1553 ἀξιοθέατον
3368 1497 3759 1560 συνεκροτεῖτο·
3802 1494 4001 1563 μικροῦ

2426 1580 2536 1633 δεῖν
2592 1579 2845 1647 ἠγωνίων
2873 1579 3012 1651 ὑπὲρ
3036 1581 3135 1649 τῆς
3176 1584 3466 1652 παρθένου,
3504 1586 3581 1656 μή
3609 1603 3661 1637 τι
3694 1588 3801 1639 τῶν
3836 1588 4007 1641 ἀπευο

2429 1670 2570 1723 κτῶν
2598 1671 2727 1740 περὶ
2762 1670 2931 1741 αὐτὴν
2978 1672 3239 1744 συμϐαίη.
3281 1673 3419 1726 Ἀλλ’
3456 1676 3565 1727 οὐδ’
3597 1676 3871 1746 ἄνθρωποι
3904 1679 4005 1745 τῆς

2428 1763 2658 1834 θεωρίας
2694 1765 2906 1832 ἐκείνης
2959 1766 3315 1818 ἀπελείποντο
3341 1785 3353 1796 ·
3396 1768 3543 1820 πᾶσα
3591 1767 3647 1821 δὲ
3690 1770 3723 1840 ἠ
3773 1772 4004 1839 μεγίστη

2353 1837 2401 1896 Β
2458 1856 2661 1926 Ρὼμη·
2716 1856 2814 1927 ἥδη
2872 1858 2926 1909 δὲ
2987 1858 3080 1909 καὶ
3126 1857 3233 1910 τῶν
3273 1860 3583 1929 ἐπιχωρίων
3620 1837 3720 1913 καὶ.
3748 1861 3913 1925 ξένων
3952 1837 4005 1914 οί

2428 1948 2820 2017 ἐπιδημοῦντες
2871 1950 3183 2018 Χριστιανοὶ
3257 1951 3349 2002 καὶ
3402 1950 3702 2022 Ἕλληνες,
3755 1953 3892 2024 πρδς
3945 1955 4005 2004 τὶς

2429 2039 2749 2110 παράνομον
2797 2041 2973 2090 ὲκεῖνο
3024 2038 3195 2109 βῆμα,
3229 2040 3323 2092 καὶ
3362 2039 3453 2092 τὸν
3485 2044 3571 2093 ἐπ’
3597 2044 3763 2097 αὑτοῦ
3792 2061 4007 2114 προκα-

2429 2129 2685 2200 θήμενον,
2714 2130 3024 2200 συνέρρεον.
3076 2130 3281 2197 Πρόόος
3320 2131 3373 2184 δὲ
3414 2126 3567 2194 οὗτος
3606 2128 3694 2199 ἦν,
3728 2134 3833 2186 τῶν
3866 2136 4007 2187 ὅλων

2429 2225 2768 2292 πραγμάτων
2814 2220 3037 2291 ἡγεμὼν
3089 2223 3183 2274 καὶ
3235 2223 3514 2292 δικαστής.
3560 2224 3766 2294 Φρικτὴ
3815 2225 3871 2276 δέ
3920 2243 4008 2289 τις

2427 2316 2673 2377 ἅπαντας
2709 2309 2853 2382 εἶχεν
2884 2300 3090 2382 ἀγωνία
3139 2315 3234 2367 καὶ
3270 2314 3406 2377 δέος·
3446 2315 3713 2385 Ἕλληνας
3747 2317 3867 2385 μὲν,
3898 2319 4012 2387 μή-

2428 2424 2545 2469 πως
2563 2409 2596 2477 ἡ
2622 2408 2800 2469 νεᾶνις
2825 2406 2920 2459 τοῦ
2949 2406 3263 2459 δικαστικοῦ
3293 2406 3459 2476 φόϐου
3492 2409 4005 2479 κατολιγωρήσασα,

2428 2500 2520 2553 καὶ
2558 2500 2683 2560 τοὺς
2712 2498 2867 2560 θεοὺς
2897 2497 3323 2561 ὲξουδενώσασα,
3371 2498 3553 2552 θανεῖν
3585 2500 3785 2568 μᾶλλον
3833 2501 3865 2571 ἢ
3904 2500 4010 2565 ᾖξ-

2428 2589 2728 2660 ομόσασθαι
2755 2588 3039 2660 βουληθείη
3073 2587 3164 2640 τὸν
3188 2590 3437 2660 Χριστόν·
3464 2590 3539 2654 ὡς
3574 2590 3824 2644 ἐντεῦθεν
3862 2593 4007 2644 ἀπα-

2428 2683 2598 2753 τηλῆς
2633 2681 2814 2743 αὐτοῖς
2867 2680 2963 2751 τῆς
3002 2679 3302 2749 θρησκείας
3337 2681 3784 2753 ἀπελεγχομένης
3812 2698 3826 2712 ο
3871 2684 4011 2752 Χρι-

2431 2778 2668 2837 στιανοῖς
2724 2774 2780 2827 δὲ
2833 2773 2930 2826 καὶ
2966 2772 3152 2835 αὐτοῖς
3197 2773 3227 2841 ἡ
3263 2773 3410 2844 ψυχὴ
3449 2773 3733 2844 λαθριδίως
3777 2774 4013 2843 ἠγωνία,

2430 2869 2525 2922 καὶ
2572 2869 2604 2937 ἡ
2650 2867 2849 2938 καρδία
2908 2865 3154 2936 κρυφίως
3202 2870 3645 2935 συνεπαταγεῖτο,
3682 2867 3875 2935 μήπως
3908 2884 4015 2919 και

2428 2958 2897 3030 ταμαλακισθεῖσα
2947 2956 3083 3027 πρὸς
3114 2957 3212 3019 τὰς
3258 2956 3553 3019 κολακείας
3584 2958 3617 3029 ή
3655 2958 3943 3027 παρθένος,
3977 2958 4013 3027 ἢ

2431 3051 2567 3122 πρὸς
2597 3051 2698 3112 τὰς
2753 3048 2938 3111 αἰκίας
2968 3050 3405 3120 ἀπηγορευκυῖα,
3438 3050 3654 3115 ἀνάξιόν
3683 3067 3736 3102 τι
3778 3050 4019 3121 Χριστοῦ

2433 3142 2529 3195 καὶ
2553 3139 2655 3210 τῆς
2686 3140 2867 3194 αὐτῶν
2891 3137 3105 3202 ἐλπίδος
3137 3154 3276 3192 κατα
3287 3140 3574 3209 πράξαιτο.

2516 3230 2834 3286 Ἀποδύεται
2871 3230 3049 3284 τοίνυν
3104 3231 3133 3284 ὁ
3179 3232 3553 3300 παμμήχανος
3609 3230 3815 3294 ἐκεῖνος
3880 3231 4022 3301 πρὲις

2431 3324 2493 3375 τὸ
2523 3322 2752 3391 σκάμμα
2774 3321 3016 3391 δράκων·
3050 3320 3251 3391 μᾶλλον
3288 3320 3345 3373 δὲ
3369 3322 3739 3393 προσερπύζει
3780 3324 4023 3391 συρίζων

2436 3416 2575 3467 κατὰ
2614 3414 2714 3482 τῆς
2751 3412 2921 3482 ἁγνῆς
2974 3413 3333 3483 περιστερᾶς.
3379 3413 3567 3466 Δεινὸν
3599 3413 3708 3484 γὰρ
3754 3410 3896 3467 εἶναι
3924 3416 4023 3469 καὶ

2439 3506 2699 3574 σχέτλιον,
2738 3507 2787 3558 εί
2818 3505 2927 3557 πᾶν
2965 3503 3171 3575 ὑψηλὸν
3215 3503 3382 3575 ὁρῶν,
3418 3504 3668 3574 βασιλεὺς
3709 3506 3765 3559 δὲ
3800 3506 4024 3561 πάντων

2437 3598 2543 3650 τῶν
2587 3599 2643 3649 ἐν
2695 3599 2808 3661 τοῖς
2858 3595 3045 3650 ὕδασιν
3097 3597 3304 3667 αὐχῶν·
3345 3596 3521 3651 οιῖιδεν)⁵
3554 3598 3606 3650 δὲ
3639 3598 3748 3651 τῶν
3787 3599 3891 3652 ὐπὺ
3920 3600 4020 3653 τὸν

2436 3691 2587 3760 ἥλιον
2620 3690 2855 3759 ἐμφερὲς
2900 3688 3195 3754 καταξιῶν,
3234 3690 3309 3760 μὴ
3355 3690 3518 3742 πλέον
3566 3690 3676 3761 ἔχοι
3716 3692 3883 3760 κόρης
3923 3708 4027 3758 γυ-

2442 3783 2601 3852 μνῆς,
2636 3783 2731 3833 καὶ
2765 3780 2972 3852 σαθρὰν
3018 3780 3411 3851 περικειμένης
3457 3780 3639 3849 φύσιν,
3670 3781 3745 3844 ὡς
3773 3781 4025 3848 ὑπελάμ-

2440 3874 2623 3927 ϐανεν,
2649 3873 2857 3926 Είσεισι
2890 3872 3071 3926 τοίνυν
3094 3871 3391 3939 ἀγνώστως
3422 3874 3503 3935 εἰς
3534 3873 3595 3926 τὸ
3636 3872 3864 3942 θέατρον
3887 3873 4023 3942 δρα-

2442 3964 2708 4028 κοντῶδες
2735 3964 2897 4036 ὁρῶν,
2922 3964 3016 4017 καὶ
3045 3962 3311 4015 λεόντειον
3335 3962 3555 4034 βρέμων
3579 3964 3720 4016 κατά
3747 3964 3846 4028 τῆς
3882 3980 4028 4034 παρ-

2442 4052 2618 4107 θένου·
2667 4053 2763 4115 καὶ
2794 4053 3043 4122 ἀοράτως
3076 4053 3174 4123 μὲν
3207 4054 3327 4114 ταῖς
3368 4051 3673 4121 δαιμονίαις
3693 4050 4030 4122 δορυφορού-

2447 4161 2605 4214 μενος
2659 4146 2959 4214 στρατιαῖς,
3002 4143 3295 4213 ὀρωμὲνως
3333 4142 3391 4196 δὲ
3429 4144 3545 4206 τοῖς
3584 4140 3693 4195 τῶν
3723 4141 4030 4211 ἀνθρώπιον

2445 4229 2827 4296 ἀσεϐεστάτοις
2873 4232 3361 4302 συγκροτούμενος.

2532 4325 2878 4394 Παραχρῆμα
2925 4324 3104 4376 τοίνυν
3158 4324 3419 4390 ἀνάγεται
3478 4323 3642 4392 φάσις
3700 4320 3779 4390 τῷ
3832 4320 4035 4389 Πρόὸῳ

768 4420 958 4483 stasia,
983 4420 1271 4487 oblataque
1293 4420 1572 4472 accusatio
1601 4420 1653 4470 in
1688 4419 1798 4471 haec
1830 4417 1940 4473 fere
1967 4419 2156 4472 Verba:
2189 4417 2339 4471 Puel-

2447 4416 2587 4469 κατὰ
2615 4416 2713 4484 τῆς
2752 4414 3129 4475 ’Λναστασίας.
3170 4414 3453 4481 Ἀνάγεται
3498 4413 3578 4475 δὲ,
3619 4411 3718 4476 Ὠς
3751 4414 3894 4479 κόρη
3936 4428 4035 4476 τις

771 4509 878 4562 lani
895 4510 1175 4577 quamdam
1189 4509 1370 4577 procul
1393 4510 1443 4561 in
1463 4510 1653 4578 angulo
1669 4509 1897 4578 quodam
1915 4511 2339 4562 contumeliosam

2454 4508 2762 4573 ὺΰρίστρια
2789 4504 3132 4571 Χοιστιανὴ,
3176 4506 3243 4557 ἑν
3284 4502 3535 4573 ἐσχατιᾷ
3588 4521 3702 4556 τινι
3732 4502 3853 4556 σὺν
3895 4503 4033 4555 ὀλί-

770 4617 886 4653 tum
952 4602 1135 4663 paucis
1185 4600 1501 4670 quibusdam
1557 4600 1857 4663 sedentem,
1934 4599 2039 4653 diis
2093 4602 2338 4654 omnibus

2447 4616 2581 4667 ταις
2620 4596 2838 4659 ἄλλοις
2891 4596 3216 4664 καθημένη,
3252 4594 3406 4660 θεοῖς
3435 4611 3498 4647 τε
3529 4592 3680 4650 πᾶσι
3726 4592 4038 4646 διαλοιδο-

772 4692 957 4745 urerbe
981 4691 1314 4755 maledicere,
1334 4690 1422 4743 sed
1454 4699 1501 4744 et
1535 4693 1585 4742 in
1610 4693 1777 4758 ipsum
1808 4690 2033 4744 Probum
2071 4690 2339 4743 verborum

2440 4688 2630 4757 ρεῖται
2664 4685 2904 4753 πικρῶςο
2940 4680 3226 4751 ἐνυϐρίζει
3277 4682 3345 4747 δὲ
3396 4684 3493 4736 καὶ
3537 4685 3624 4748 εἰς
3683 4683 3869 4735 αὐτὸν
3920 4683 4039 4735 τὸν

770 4785 1015 4854 procacia
1045 4784 1299 4851 injuriam
1337 4784 1927 4851 esse;evertendumque
1957 4784 2339 4849 imperatorem

775 4876 1189 4928 tUiorletiuuum
1221 4876 1473 4928 nimirum
1510 4876 1875 4928 universorum
1906 4886 2026 4927 tunc
2059 4876 2341 4942 imperium

775 4968 1158 5039 moderantem)
1184 4971 1490 5021 evertendas
1522 4979 1569 5019 et
1600 4968 1851 5037 prtrsides
1883 4968 2024 5020 clare
2052 4969 2344 5020 vaticinan-

774 5070 915 5124 tem;
946 5076 1008 5111 ac
1028 5058 1294 5113 Christum
1326 5061 1575 5129 quemdar
1639 5059 1823 5129 Regem
1851 5061 2120 5123 exsistere,
2144 5076 2205 5112 ac
2231 5059 2345 5127 [ore

776 5163 831 5205 ut
864 5154 904 5205 is
935 5151 1073 5205 brevi
1105 5153 1382 5218 imperium
1418 5152 1474 5203 in
1514 5151 1847 5204 Christianos
1882 5148 2157 5217 trasferat,
2195 5165 2343 5202 asse-

776 5260 908 5299 rere.
947 5243 1040 5297 HIS
1088 5245 1272 5313 itaque
1305 5244 1513 5296 Probus
1552 5242 1776 5305 auditis,
1807 5241 2107 5309 cﬂ‘reuique
2150 5243 2333 5295 statim

847 5427 894 5458 "
930 5424 1052 5479 Job.
1087 5440 1196 5488 xu,
1228 5423 1315 5477 ιο.
1387 5423 1429 5454 ⁹¹
1465 5423 1570 5477 lsa.
1612 5439 1724 5485 stv,
1763 5420 1848 5476 14.

851 5604 961 5675 ('73)
994 5608 1096 5671 Εἰς
1118 5603 1506 5670 Χριστιανοὺς
1532 5602 1619 5658 δέ.
1658 5599 1783 5675 llaec
1807 5603 1891 5656 sic
1919 5616 2127 5675 pressa,
2152 5598 2217 5675 dc
2252 5614 2346 5652 va-

781 5671 970 5730 ticinii)
1000 5675 1361 5729 transferendi
1413 5675 1606 5744 μικρὸν
1655 5674 1801 5734 ὅσον,
1833 5688 1988 5740 quam
2020 5672 2145 5744 cito,
2172 5671 2344 5744 impe-

784 5749 923 5799 iiuiu
957 5744 1010 5798 in
1040 5741 1615 5812 Christianus,'gravia
1642 5755 1790 5805 sunt,
1826 5753 1880 5794 ut
1909 5742 2175 5795 suadeant
2220 5741 2348 5812 Dio-

781 5818 1042 5872 ctetiauea
1073 5826 1334 5886 tempora,
1377 5810 1486 5884 ipsa
1518 5813 1627 5884 jam
1694 5824 1946 5883 provecta
1984 5832 1996 5865 :
2032 5820 2089 5865 ut
2117 5810 2353 5865 senioris

2448 4778 2713 4846 Πρόὸον’
2751 4774 2848 4828 καὶ
2903 4771 3333 4841 καταστροφὴν
3389 4773 3507 4841 μὲν
3562 4771 3670 4825 τοῦ
3720 4770 4039 4837 ,ϐασιλέως

2451 4866 2895 4940 (Διοκλητιανὸς
2932 4865 3001 4917 δὲ
3039 4867 3173 4918 τότε
3217 4861 3335 4917 τῶν
3356 4862 3515 4917 ὅλων
3552 4861 3740 4915 διεῖπε
3762 4861 3875 4929 τὴν
3920 4861 4035 4929 dp-

2450 4962 2614 5031 χὴν),
2646 4958 3075 5028 καταστροφὴν
3109 4957 3177 5009 δὲ
3206 4957 3511 5024 ἡγεμόνων
3537 4955 3825 5023 λαμπρῶς
3846 4969 4040 5007 κατα-

2446 5053 2803 5123 μαντεύεται
2824 5066 2837 5080 ·
2874 5050 2971 5104 καὶ
3010 5048 3267 5115 Χριστὸν
3294 5046 3411 5114 μέν
3432 5063 3562 5099 τινα
3588 5044 3854 5109 ,βασιλέα
3886 5047 4041 5096 καθ-

2451 5142 2737 5199 εστάναι·
2781 5144 2866 5208 είς
2904 5138 3295 5208 Χριστιανοὺς
3324 5137 3393 5190 δὲ
3452 5138 3565 5207 (73)
3612 5136 3823 5190 τοῦτον
3850 5152 4042 5204 μετα-

2444 5236 2657 5301 θήσειν
2688 5234 2901 5305 μικρὸν
2947 5231 3099 5285 ὅσον
3145 5229 3259 5298 τὴν
3287 5229 3615 5294 ,Βασιλείαν
3662 5227 4047 5281 διαϐεϐαιοῦ-

2449 5596 2815 5667 juniorisque_
2839 5590 3141 5667 Anastasiaa
3176 5589 3454 5667 distinctio
3482 5588 3700 5667 illorum
3742 5587 3892 5641 forte
3922 5604 4041 5643 so-

2457 5659 2734 5722 lummodo
2774 5663 2866 5724 sit,
2908 5662 3003 5730 qui
3061 5661 3405 5715 Anastasiam
3448 5659 3710 5726 virginem
3738 5669 4047 5713 arcessunt.

2457 5739 2522 5793 ad
2558 5733 2833 5790 Valeriani
2871 5741 3138 5800 tempora.
