4186 6434
745 390 848 450 355

1950 376 2244 436 ΝΙΩΕΤᾹΞ
2286 374 2805 434 PM’IILAGOXIS

3894 372 4000 431 3.36

742 501 942 568 hacque
1007 497 1173 551 animi
1213 505 1544 550 contentione
1623 510 1685 546 ac
1731 493 2022 562 pervicacia
2090 489 2316 556 objecta,

2423 486 2511 550 τίς
2551 501 2648 538 σοι
2684 485 2979 553 λογισμοῦ
3035 485 3365 553 σώφρονος·
3401 484 3750 538 ἐνέστακται
3797 484 4000 553 ῥανὶς,

742 606 1053 659 magnorum
1126 588 1343 641 deorum
1414 586 1699 639 clementia:
1777 581 1999 646 accede;
2086 580 2322 649 velutque

745 681 1003 733 mundum
1066 677 1370 742 amabilem,
1404 676 1704 744 religiosam
1749 675 1804 728 in
1834 690 1919 727 eos
1964 684 2187 725 mentem
2228 669 2321 722 tibi

746 774 1025 836 asciscens,
1083 770 1193 823 noli
1237 778 1437 823 tantum
1488 776 1807 834 pra'mature
1877 764 2323 835 pulchritudinem

746 873 1129 917 tormentorum
1195 860 1333 930 falce
1388 860 1621 913 excisam
1670 860 1763 911 tibi
1818 857 2074 926 deperire.
2142 853 2323 921 Neque

742 956 879 1008 enim
937 948 1078 1009 ullus
1111 965 1189 1009 est
1242 955 1332 1023 qui
1395 970 1497 1005 non
1552 953 1961 1021 obsequenteme
1999 965 2159 1001 manu
2206 962 2319 1016 mea

744 1051 908 1117 possit
946 1049 1190 1104 liberare.
1226 1047 1421 1102 Omnia
1443 1064 1561 1101 vero
1582 1056 1671 1098 tua
1697 1047 1931 1098 membra
1961 1042 2141 1114 (probe
2169 1039 2323 1109 scito)

746 1143 921 1196 bestiis
944 1145 1153 1195 tradam
1188 1142 1511 1195 det-oranda.
2062 1134 2068 1139 ’

822 1422 955 1475 Mihi
990 1420 1222 1491 quidem,
1241 1438 1270 1473 ο
1299 1438 1516 1488 pra'ses,
1544 1421 1619 1474 ait
1642 1435 1831 1474 rursws
1856 1418 2151 1488 subjiciens
2176 1419 2329 1486 virgo

745 1528 970 1586 martyr,
1011 1516 1161 1568 nulla
1190 1517 1464 1585 turpitudo
1494 1527 1569 1570 est
1607 1517 1821 1570 vestium
1852 1516 2077 1568 istarum
2114 1514 2326 1582 positio,

739 1609 864 1673 quin
883 1608 1056 1674 potius
1079 1605 1235 1658 decor
1248 1617 1346 1671 est,
1379 1604 1577 1659 nudari
1590 1622 1683 1674 pro
1712 1604 1924 1660 Christo
1948 1622 1965 1668 ;
1988 1616 2143 1673 atque
2169 1604 2323 1656 indu-

741 1710 913 1752 mento
953 1700 1048 1751 hoc
1097 1698 1319 1767 objecta,
1365 1707 1584 1752 veterem
1630 1700 1889 1753 hominem
1914 1698 2073 1751 simul
2102 1697 2328 1766 abjicere

742 1790 881 1859 (qute
903 1791 1039 1842 enim
1075 1789 1241 1841 oculis
1270 1790 1552 1852 conspicua
1590 1798 1736 1852 sunt,
1787 1790 1941 1858 signa
1973 1797 2094 1840 sunt
2121 1803 2323 1846 eorum,

2423 576 2534 645 τῆς
2588 576 3067 645 προσπεσούσης
3136 577 3552 646 ἀνασφήλασα
3618 580 3951 649 πεισμονῆς
3984 624 3999 645 ,

2424 669 2609 723 καὶτὸ
2639 668 2846 737 δύσερι
2873 668 3049 723 τοῦτο
3087 672 3183 723 καὶ
3215 673 3565 740 φιλόνεικον
3604 672 3999 743 ἐκριψαμένη,

2424 761 2724 828 πρόσελθε
2770 760 2845 830 τῇ
2889 760 3007 815 τῶν
3039 762 3321 831 μεγάλων
3354 766 3631 833 εὐμενείᾳ
3675 766 3825 819 θεῶν
3850 785 3863 797 ·
3899 769 3999 822 καὶ

2425 854 2489 906 τὸ
2539 852 2693 919 πρὸς
2742 853 2965 921 αὐτοὺς
3020 853 3204 919 σέϐας
3255 856 3337 921 ὡς
3395 858 3735 926 ἐπέραστον
3768 861 4004 929 κόσμον

2424 944 2949 1014 έγκομόωσαμένη,
2983 946 3071 1017 μὴ
3108 948 3425 1016 βουληθῇς
3450 950 3678 1017 κάλλος
3707 952 4006 1005 τοσοῦτον

2426 1038 2695 1106 πρόωρον
2714 1039 3153 1109 ἐκθερισθῆναι.
3185 1041 3293 1095 Kal
3344 1042 3455 1113 γὰρ
3482 1044 3685 1111 οὐδεὶς
3722 1046 4006 1101 ἀπειθοῦ-

2425 1145 2547 1183 σαν
2584 1131 2694 1199 τῆς
2720 1130 2870 1201 ἐμῆς
2906 1133 3257 1199 ἀπαλλάξαι
3299 1135 3549 1190 δύναται
3595 1141 3826 1205 χειρός·
3878 1138 4007 1192 πᾶν

2426 1221 2493 1274 δέ
2534 1238 2651 1276 σου
2678 1227 2885 1294 μέλος,
2912 1220 2980 1280 εὖ
3017 1226 3162 1290 Ισθι,
3210 1228 3405 1297 ,ϐορὰν
3448 1230 3821 1299 προϐήσομαι
3854 1235 3998 1301 θηρ-

2427 1317 2549 1369 σίν.

2510 1410 2669 1479 Ἐμοὶ
2696 1411 2832 1478 μὲν,
2864 1408 2912 1466 ὦ
2961 1414 3207 1484 ήγεμύν,
3264 1411 3419 1483 εἶπεν
3472 1415 3629 1479 αὖθις
3666 1419 3699 1488 ἡ
3735 1418 4007 1488 παρθενό-

2432 1518 2640 1571 μαρτυς
2690 1503 3056 1570 ὑπολαϐοῦσα,
3115 1508 3228 1561 οὐκ
3279 1508 3681 1577 ἀσχημοσύνη
3730 1510 3845 1563 τῶν
3873 1512 4009 1578 ίμα-

2428 1592 2568 1646 τίων
2591 1593 2816 1647 τούτων
2847 1596 2885 1662 ἠ
2918 1596 3226 1663 ἀπόθεσις·
3270 1597 3591 1666 εὐπρέπεια
3622 1599 3689 1651 δὲ
3736 1599 4006 1669 μᾶλλον,

2427 1685 2581 1754 ὑπὲρ
2605 1686 2864 1755 Χριστοῦ
2895 1690 3289 1759 γυμνοῦσθαι,
3325 1691 3421 1745 καὶ
3458 1691 3532 1759 τῇ
3558 1693 3829 1761 ἀποϐολῇ
3860 1695 4006 1748 τοῦδ

2428 1775 2497 1828 δε
2540 1776 2648 1830 τοῦ
2698 1777 3051 1847 ἐνδύματος,
3103 1781 3213 1833 τὸν
3247 1784 3508 1836 παλαιὸν
3545 1784 3657 1851 μὲν
3688 1784 4011 1852 ἂνθρωποι·

739 1854 854 1945 qua:
876 1888 1040 1929 mente
1072 1876 1481 1945 intelliguntur),
1503 1877 1809 1946 superindui
1840 1854 1955 1930 vero
1993 1890 2201 1940 norum,
2234 1872 2324 1943 qui

2427 1871 3031 1926 συναποϐάλλεσθαι·
3074 1874 3350 1941 σύμϐολα
3381 1876 3493 1951 γὰρ
3540 1877 3611 1931 τὰ
3654 1878 4010 1947 βλεπόμενα

740 1970 1026 2020 secundum
1051 1968 1216 2021 Deum
1243 1969 1506 2037 conﬂatus
1526 1982 1606 2023 est
1630 1975 1683 2022 in
1706 1971 1917 2038 justitia
1946 1980 1991 2021 et
2014 1970 2230 2022 veritate
2252 1969 2319 2020 ν’.

744 2057 860 2111 Tibi
889 2068 1063 2111 autent
1109 2062 1279 2126 reipsa
1320 2072 1471 2127 turpe
1502 2077 1563 2112 ac
1583 2061 1832 2127 probrum
1862 2072 1957 2121 est,
1996 2059 2133 2129 quod
2163 2058 2323 2110 mali-

742 2154 871 2203 tiam
903 2153 1035 2203 sicut
1063 2154 1431 2205 vestimentum
1474 2154 1690 2205 indutus
1722 2170 1796 2217 es,
1826 2163 1873 2205 et
1907 2155 2123 2206 intravit
2179 2154 2314 2206 sicut

741 2259 877 2309 aqua
911 2244 1150 2309 impietas
1189 2244 1241 2295 iu
1291 2244 1543 2297 interiora
1585 2238 1697 2305 tua,
1730 2255 1778 2297 et
1826 2246 1957 2297 sicut
2019 2245 2189 2297 oleum
2220 2261 2322 2297 sce-

743 2332 932 2384 lerata:
973 2333 1157 2385 mentis
1178 2335 1415 2401 pravitas
1442 2335 1597 2387 haesit
1632 2337 1833 2387 ossibus
1868 2338 1970 2387 tuis
2008 2336 2046 2386 ⁸.

821 2515 892 2569 Te
913 2516 1079 2586 igitur
1113 2518 1166 2570 in
1201 2519 1341 2581 istis,
1376 2536 1489 2573 non'
1508 2536 1628 2574 vero
1655 2538 1736 2574 me
1762 2538 1968 2591 aequum
1998 2532 2075 2574 est
2104 2521 2318 2591 pudere,

740 2608 880 2677 quod
920 2624 1023 2661 una
1059 2625 1176 2662 cum
1203 2618 1303 2664 hac
1355 2614 1559 2677 tunica,
1590 2614 1796 2667 carnali
1861 2614 2015 2667 sorde
2061 2616 2323 2682 deposita,

736 2716 801 2752 ac
865 2710 1117 2769 gravante
1189 2718 1407 2757 excusso
1491 2712 1695 2759 terreno
1752 2706 2003 2773 pondere,
2084 2706 2206 2761 levis
2262 2723 2325 2759 ac

736 2789 985 2857 expedita
1018 2788 1286 2843 Christum
1315 2792 1370 2845 in
1403 2792 1590 2846 calum
1620 2795 1723 2848 sim
1751 2806 2036 2858 secutura;
2063 2811 2214 2864 quem
2242 2812 2323 2849 ve-

738 2879 817 2932 lut
859 2883 1095 2935 tunicam
1150 2883 1353 2938 ltetitite
1383 2896 1433 2939 et
1483 2887 1842 2941 vestimentum
1870 2889 2063 2941 salutis
2126 2889 2325 2941 occulte

738 2974 1024 3026 secundum
1042 2974 1349 3029 interiorem
1370 2974 1631 3030 hominem
1648 2978 1798 3029 indui
1823 2978 1863 3029 '.
1882 2977 1967 3030 lle
1997 2993 2113 3029 vero
2126 2977 2324 3046 alioqui

740 3065 903 3119 etiam
956 3054 1167 3119 decebat
1194 3069 1352 3136 quasi
1401 3068 1457 3121 in
1511 3070 1687 3121 stadio
1740 3069 1861 3121 huic
1892 3068 2149 3121 tribunali
2183 3071 2323 3121 nudo

739 3172 955 3226 corpore
1015 3167 1302 3223 astantem,
1360 3161 1436 3213 ita
1485 3163 1746 3214 vobiscum
1798 3162 2117 3216 adversariis
2176 3161 2321 3214 lucta

737 3244 1007 3317 congredi.
1068 3247 1191 3301 lam
1231 3251 1407 3319 itaque
1449 3263 1698 3313 tortores,
1755 3270 1819 3305 ne
1861 3254 2194 3315 cunctemini,
2258 3271 2320 3307 ne

745 3354 922 3389 ntoras
975 3339 1184 3405 nectite,
1220 3340 1354 3409 ignis
1412 3343 1757 3405 accendatur,
1808 3352 1922 3395 rota
1958 3343 2316 3407 distendatur,

739 3430 950 3501 gladius
995 3432 1248 3499 vibretur,
1302 3434 1559 3487 novacula
1622 3444 1867 3490 acuatur.
1928 3435 2024 3501 Ac,
2065 3438 2113 3492 si
2169 3436 2315 3499 libet,

735 3524 900 3576 etiam
930 3523 1075 3590 {ossa
1092 3526 1385 3593 aperiatur,
1422 3542 1671 3597 omneque
1703 3529 1889 3584 mortis
1922 3544 2177 3598 organum
2228 3545 2319 3583 ea:-

738 3612 1009 3680 pediatur.

810 3802 1003 3857 Adhuc
1053 3818 1201 3869 vero,
1247 3805 1496 3876 martyrii
1553 3822 1739 3861 amore
1777 3823 2150 3871 succensa,ac
2176 3807 2321 3862 velut

737 3895 928 3950 divino
959 3897 1196 3965 quodam
1226 3896 1430 3961 furore,
1458 3900 1765 3953 castissima
1793 3900 1994 3963 alliam,
2014 3900 2177 3953 etiam
2206 3900 2320 3954 hinc

737 3988 937 4055 adjecit
970 4005 983 4041 :
1011 3986 1389 4054 Comminarig
1455 3992 1746 4046 strvissime
1803 4009 1866 4045 ac
1909 3994 2025 4045 dire
2070 4001 2314 4061 tyranne,

740 4080 969 4134 membra
1017 4082 1411 4137 exscindenda?
1441 4082 1518 4136 En
1554 4086 1609 4137 in
1663 4084 1760 4136 hoc
1788 4085 1880 4136 tibi
1930 4094 2125 4153 parata
2177 4095 2316 4136 asto.

2422 1956 2542 2011 τῶν
2568 1960 2932 2029 νοουμένων·
2968 1963 3365 2019 ἐππδύεσθαι
3406 1966 3474 2019 δὲ
3504 1968 3609 2020 τὸν
3638 1970 3869 2031 καινὸν,
3894 1970 4010 2021 τὸν

2422 2052 2573 2119 κατὰ
2618 2052 2768 2106 Θεὸν
2821 2057 3347 2124 συγκροτούμενον
3397 2058 3467 2110 ἐν
3516 2058 3869 2127 δικαιοσύνῃ
3901 2064 4003 2113 καὶ

2421 2145 2696 2211 ἀληθείᾳ.
2751 2148 2849 2199 Σοὶ
2913 2147 2981 2200 δὲ
3026 2147 3104 2213 τῷ
3157 2149 3283 2202 ὄντι
3319 2149 3691 2215 καθέστηκεν
3722 2153 4001 2221 ἀσχημο-

2422 2238 2604 2303 σύνη,
2656 2237 2743 2291 ὅτι
2777 2239 2855 2305 ὡς
2897 2240 3129 2307 ἱμάτιον
3168 2241 3434 2295 ἐνεδύσω
3475 2241 3590 2309 τὴν
3624 2246 3860 2296 κακίαν·
3901 2247 4006 2297 καὶ

2421 2328 2708 2396 εἰσῆλθεν
2754 2333 2895 2386 ὡσεὶ
2950 2332 3108 2400 ὕδωρ
3150 2338 3235 2398 εὶς
3269 2334 3339 2387 τὰ
3392 2335 3611 2403 ἔγκατά
3640 2352 3756 2389 σου
3788 2339 3825 2404 ἡ
3854 2338 4006 2390 dce-

2424 2424 2571 2483 σεια,
2584 2427 2678 2475 κα)
2695 2426 2730 2492 η
2746 2427 2999 2491 πονηρία
3014 2427 3152 2479 ὡσεὶ
3174 2429 3382 2481 ἔλαιον
3393 2430 3462 2481 ἐν
3475 2429 3599 2493 τοῖς
3610 2429 3844 2495 ὀστέοις
3860 2447 4003 2485 σου.

2495 2514 2571 2567 Σὲ
2602 2500 2809 2569 τοίνυν
2858 2517 2928 2570 ἐν
2972 2518 3224 2584 τούτοις,
3266 2520 3403 2572 ἀλλ’
3434 2522 3544 2572 οὐκ
3591 2520 3715 2587 ἐμὲ,
3770 2521 4012 2573 abutar

2423 2609 2850 2675 αἰσχύνεσθαι·
2889 2609 2976 2661 ὅτι
3016 2609 3096 2675 τῷ
3135 2609 3336 2680 χιτῶνι
3369 2612 3555 2675 τούτῳ
3595 2612 3709 2674 τὴν
3742 2612 3861 2665 άπὸ
3894 2613 4011 2678 τῆς

2424 2700 2651 2764 σαρκὸς
2705 2700 2945 2764 κηλῖδα.
2993 2702 3091 2753 καὶ
3153 2701 3220 2755 τὸ
3253 2702 3371 2755 ἀπὸ
3399 2701 3512 2770 γῆς
3538 2719 4008 2757 συναπεσκευα-

2424 2790 2617 2857 σμένη
2642 2790 2857 2859 βάρος,
2883 2795 3077 2860 κούφη
3108 2796 3327 2848 λοιπὸν
3364 2796 3461 2848 καὶ
3501 2797 3807 2862 εὐσταλὴς
3852 2799 4011 2865 πριίς

2423 2885 2686 2951 οὐρανὸν
2715 2886 2932 2953 ἕψομαι
2970 2887 3197 2954 Χριστῷ
3222 2904 3235 2916 ·
3260 2888 3333 2939 ὃν
3352 2889 3431 2953 ὡς
3459 2889 3676 2956 χιτῶνα
3703 2892 4009 2957 εὐφροσύ-

2422 2990 2533 3040 νης
2591 2978 2689 3029 καὶ
2752 2977 2987 3044 ἱμάτιον
3042 2980 3341 3045 σωτηρίου
3380 2981 3643 3048 κρυφίως
3696 2982 3845 3033 κατὰ
3899 2982 4012 3034 τὸν

2423 3068 2595 3134 ἐντὸς
2644 3068 2959 3135 ἄνθρωπον
3007 3071 3344 3140 ἐνδέδυμαι.
3401 3073 3537 3139 Ἐμὲ
3566 3073 3634 3125 δὲ
3672 3074 3768 3126 καὶ
3802 3074 4011 3139 ἄλλως

2424 3158 2545 3211 ἔδει
2582 3159 2844 3227 καθάπερ
2882 3161 2951 3212 ἐν
2988 3162 3213 3226 σταδίῳ
3246 3161 3326 3226 τῷ
3356 3162 3585 3231 ,ϐήματι
3612 3164 3798 3226 τούτῳ
3834 3181 4008 3232 Τεγυ-

2415 3248 2737 3315 μνωμένην
2758 3250 2824 3302 τὸ
2858 3250 3029 3318 σῶμα
3063 3251 3484 3317 παραστᾶσαν,
3528 3253 3680 3305 οὕτω
3730 3257 4009 3323 συμπλέ-

2421 3341 2627 3392 κεσθαι
2651 3339 2773 3405 τοῖς
2800 3340 3150 3405 ἀντιπάλοις
3171 3342 3332 3410 ὑμῖν.
3352 3344 3599 3405 Λοιπὸν,
3624 3339 3670 3397 ὦ
3684 3344 3903 3412 δήμιοι,
3916 3345 4007 3413 μὴ

2418 3428 2691 3496 μέλλετε,
2727 3430 2815 3497 μὴ
2868 3432 3221 3486 ἀναδύεσθε.
3264 3434 3335 3486 Τὸ
3384 3434 3504 3501 πῦρ
3548 3436 3918 3499 έξαπτέσθω,
3971 3439 4009 3488 ό

2422 3522 2635 3588 τροχὸς
2684 3523 3094 3587 κατατεινέτω,
3123 3525 3161 3590 ὴ
3210 3525 3475 3594 μάχαιρα
3522 3529 3923 3591 στιλϐούσθω,
3971 3532 4009 3580 ό

2421 3610 2603 3677 ξηρὸς
2624 3613 2995 3680 ἀκονηθητω.
3023 3614 3085 3667 Ei
3104 3615 3319 3677 ,ϐούλει
3348 3615 3436 3676 δὲ,
3467 3615 3565 3668 καὶ
3585 3616 3809 3682 ,βόθρος
3830 3617 4006 3683 ὀρυτ-

2421 3702 2631 3765 τέσθω,
2676 3704 2769 3755 καὶ
2796 3702 2920 3759 πᾶν
2944 3705 3200 3772 ὄργανον
3228 3706 3656 3773 εὐτρεκιζέσθω
3687 3707 3973 3760 θανάτου.

2499 3796 2618 3847 Ἔτι
2640 3796 2717 3858 δὲ,
2738 3798 2815 3865 τῷ
2830 3798 2929 3864 τῆς
2952 3798 3260 3868 μαρτυρίας
3290 3800 3453 3870 ἔρωτι
3485 3799 4006 3869 διαθερμαινομένῃ,

2423 3889 2515 3939 καὶ
2546 3887 2706 3939 οἱονεί
2760 3905 2875 3949 πως
2920 3891 2953 3957 ἡ
2991 3889 3260 3957 πάναγνος
3307 3890 3662 3952 ἐνθουσιῶσα,
3692 3891 3789 3943 καὶ
3833 3890 4011 3943 ταῦτα

2422 3980 2772 4048 προσετίθει·
2806 3981 3021 4034 Μελῶν
3054 3982 3341 4047 ἀπειλεῖς,
3373 3982 3657 4050 ὼμότατε.
3696 3982 3811 4049 τὴν
3840 3985 4010 4036 ἐκτο-

2416 4070 2542 4136 μήν
2565 4086 2583 4132 ;
2623 4070 2851 4138 Ἑτοίμη
2870 4071 3020 4138 πρὸς
3040 4071 3219 4125 τοῦτό
3234 4088 3334 4125 σοι
3361 4073 3732 4140 παρέστηκα.
3760 4073 4009 4136 Θανάτῳ

742 4169 911 4223 Morte
962 4169 1295 4223 multandam
1327 4174 1570 4227 asseris.’
1626 4173 1695 4227 Et
1729 4174 1825 4226 hoc
1880 4174 2069 4227 volenti
2119 4174 2317 4227 accidet

2421 4160 2674 4228 ζημιοῦν
2712 4161 3024 4231 ὑπισχνῇ;
3089 4162 3192 4230 Εις
3238 4164 3413 4218 τοῦτο
3484 4168 4003 4233 παρεσκεύασμαι.

736 4260 953 4319 animo;
1005 4261 1242 4312 omnium
1288 4260 1416 4313 mihi
1478 4263 1620 4314 istud
1687 4264 2069 4332 gratissimum,
2134 4263 2318 4315 horum

2426 4255 2607 4307 Τοῦτό
2654 4273 2755 4323 μοι
2814 4256 2934 4308 τῶν
2982 4256 3225 4310 πάντων
3275 4258 3747 4328 θυμηρέστατον,
3778 4257 3850 4326 τῇ
3878 4256 4005 4317 τῶν

740 4350 1031 4402 amissione
1088 4351 1438 4403 membrorum
1486 4353 1555 4404 ad
1591 4354 1749 4405 vitam
1800 4354 2030 4406 transire
2080 4353 2319 4406 incorru-

2421 4345 2620 4412 μελῶν
2665 4345 2937 4413 ἀποϐολῇ
2980 4349 3228 4402 τούτων.
3269 4348 3415 4413 πρὸς
3446 4348 3560 4413 τὴν
3581 4348 4013 4414 πανακήρατον

734 4452 905 4507 plant.
949 4438 1136 4509 Itaque
1170 4441 1497 4509 e/fodiantur
1515 4442 1676 4505 oculi,
1703 4453 1759 4496 ut
1788 4445 1902 4497 sola
1925 4445 2150 4497 interius
2174 4461 2317 4497 meas

2421 4438 2749 4506 μεταϐῆναι
2781 4438 2953 4507 ζωήν.
3028 4441 3349 4508 Ὀφθαλμοὶ
3399 4442 3609 4494 τοίνυν
3637 4441 4006 4507 ὀρυττέσθω-

739 4529 1011 4583 lirraidtus
1048 4532 1360 4594 elucescens,
1395 4531 1565 4587 Deum
1590 4534 1729 4587 clare
1761 4551 1824 4587 ac
1847 4535 2116 4608 inturbate
2148 4535 2321 4589 videre

2424 4546 2567 4595 σαν,
2607 4532 2683 4598 ὡς
2743 4529 2820 4585 ἂν
2850 4533 3033 4597 μόνος
3097 4531 3277 4585 ἔνδον
3311 4535 3343 4585 ό
3368 4532 3515 4595 νοῦς
3576 4532 4009 4600 διαυγέστερον

734 4628 925 4693 possit.
956 4621 1304 4692 Amputentur
1334 4642 1487 4679 aures
1513 4636 1561 4679 et
1592 4643 1753 4679 nasus
1786 4642 1805 4681 :
1830 4636 1906 4681 est
1945 4628 2073 4679 milti
2099 4628 2319 4681 interior

2421 4623 2762 4692 ἐκλάμψας,
2811 4622 2920 4675 τὸν
2956 4622 3105 4675 Θεὸν
3133 4620 3403 4689 καθαρῶς
3427 4621 3578 4689 όρᾷν
3608 4622 3701 4675 καὶ
3725 4624 4008 4677 ἀνεπιθο-

735 4713 913 4766 cordis
944 4715 1181 4775 auditus,
1227 4732 1327 4785 quo
1380 4718 1604 4787 mystica
1652 4717 1861 4782 eloquia
1905 4719 2120 4771 audiam
2149 4735 2167 4771 :
2196 4730 2319 4773 sunt

2421 4715 2621 4781 λώτως
2640 4712 2895 4781 δυνηθῇ.
2921 4715 3460 4782 Περιαιρείσθωσαν
3487 4710 3607 4767 ὦτα
3629 4714 3726 4768 καὶ
3743 4714 4009 4782 μυκτήρ·

737 4806 870 4857 mihi
898 4814 945 4857 et
979 4822 1158 4869 nares,
1217 4808 1408 4875 quibus
1448 4809 1741 4877 ineﬂ'abilia
1774 4808 1870 4863 Dei
1902 4812 2003 4864 mei
2050 4822 2315 4880 unguenta

735 4897 1014 4966 olfaciam.
1048 4895 1189 4949 Nunt
1218 4899 1334 4952 lucc
1368 4910 1533 4966 potes,
1594 4902 1974 4968 impurissime,
2019 4903 2199 4973 gladio
2226 4914 2315 4956 tuo

732 4990 1055 5055 amputare?
1082 4987 1413 5043 Extraltatur
1433 5007 1549 5045 vero
1568 4995 1729 5045 etiam
1747 4993 1951 5063 lingua,
1970 5006 2023 5046 ut
2050 5012 2150 5048 non
2174 4995 2313 5048 ultra

734 5083 989 5152 loquatur
1016 5098 1174 5151 opera
1213 5083 1484 5137 hominum
1514 5086 1569 5150 ³;
1598 5103 1771 5140 secum
1812 5103 1930 5140 vero
1970 5090 2077 5156 ipse
2105 5090 2313 5142 animus

736 5176 990 5246 loquatur
1020 5187 1066 5230 et
1103 5176 1229 5231 Deo.
1265 5176 1538 5232 Radiritus
1563 5180 1856 5234 evelluntur
1879 5182 2079 5245 dentes,
2103 5181 2314 5235 abscin-

731 5270 933 5321 dantnr
967 5278 1015 5321 et
1050 5266 1235 5333 labia;
1282 5286 1384 5322 non
1428 5273 1567 5325 enim
1632 5274 1741 5325 Itwc
1788 5273 2079 5326 necessaria
2134 5275 2180 5326 ei
2224 5274 2314 5343 qui

738 5377 842 5414 non
903 5360 1129 5427 amplius
1173 5360 1311 5413 luteo
1360 5363 1471 5416 cibo
1526 5365 1783 5433 indigeat,
1819 5364 1907 5417 sed
1956 5366 2044 5434 qui
2069 5365 2181 5417 solo
2221 5364 2315 5419 Dei

736 5450 888 5506 verba
921 5452 1168 5504 secretius
1206 5453 1424 5521 mystice
1465 5456 1665 5508 alatur.
1700 5454 1967 5508 Prwterea
1988 5455 2310 5523 auferantur

733 5559 890 5597 aures
931 5559 948 5596 :
994 5558 1077 5605 ac,
1121 5544 1165 5596 si
1202 5546 1323 5599 libet
1348 5588 1361 5607 ,
1411 5547 1724 5615 auferantur
1759 5550 1918 5601 etiam
1962 5548 2138 5613 pedes.
2176 5547 2312 5601 Sunt

735 5637 875 5688 enim
912 5632 1281 5700 irreprehensa:
1329 5652 1514 5689 manus
1564 5639 1833 5705 (practica:
1860 5636 2060 5689 scilicet
2120 5637 2317 5690 anima:

819 5814 865 5844 ”
897 5812 1095 5881 Epiros.
1129 5832 1203 5881 vr,
1242 5815 1433 5871 22-24.
1512 5821 1527 5850 ¹
1555 5820 1695 5874 Psal.
1739 5838 1892 5885 cvm,
1927 5823 2013 5877 18.
2090 5828 2110 5858 ¹
2134 5826 2237 5882 Isa.
2279 5840 2391 5894 LXI,
2426 5825 2514 5880 i0.

2418 4811 2547 4864 ἔστι
2566 4827 2665 4877 μοι
2700 4810 2958 4879 κρύφιον
2991 4804 3101 4873 οὖς
3122 4807 3456 4877 ἐγκάρδιον,
3484 4801 3533 4874 ᾧ
3560 4806 3872 4875 μυστικῶν
3898 4811 4011 4860 λο-

2419 4905 2562 4972 τίων
2610 4900 2943 4971 ἀκροῶμαι·
3004 4900 3135 4955 ἔστι
3185 4918 3288 4969 μοι
3356 4900 3454 4953 καὶ
3497 4900 3760 4968 μυκτὴρ,
3792 4893 3841 4966 ᾧ
3885 4900 4012 4952 τῶν

2415 4994 2740 5063 ἀφράστων
2770 4993 2878 5049 τοῦ
2903 4993 3052 5047 Θεοῦ
3073 5010 3191 5062 μου
3218 4991 3639 5061 κατοσφρῶμαι
3655 4993 3881 5060 μύρων.
3903 4991 4008 5058 Μὴ

2416 5088 2602 5142 ταῦτα
2656 5088 2831 5156 δύνῃ,
2880 5088 3230 5156 μιαρώτατε,
3273 5084 3347 5152 τῇ
3377 5085 3640 5153 μαχαίρᾳ
3688 5100 3806 5137 σου
3840 5099 4009 5148 περι-

2413 5180 2613 5244 Mair;
2654 5178 3026 5244 Ἔξελκέσθω
3061 5178 3128 5231 δὲ
3160 5176 3259 5232 καὶ
3286 5175 3555 5247 γλῶσσα,
3580 5176 3661 5239 ὡς
3694 5174 3771 5228 ἂν
3790 5176 4009 5244 μηκέτι

2415 5271 2577 5339 λαλῇ
2609 5273 2681 5325 τὰ
2712 5272 2858 5340 ἔργα
2884 5270 3004 5324 τῶν
3034 5268 3386 5337 ἀνθρώπων.
3410 5267 3595 5334 ἑαυτῇ
3625 5254 3693 5319 δέ
3714 5265 3935 5334 νοερῶς
3968 5270 4009 5334 ἠ

2416 5363 2587 5431 ψυχὴ
2640 5362 2928 5430 σινλλαλῇ
3002 5362 3099 5415 καὶ
3151 5359 3294 5425 Θεῷ.
3376 5357 3889 5427 Ἐκριζούσθωσαν
3952 5360 4011 5410 ot

2422 5456 2696 5522 ὀδόντες·
2752 5455 3260 5510 ἐκκοπτέσθωσαν
3325 5452 3424 5506 καὶ
3453 5453 3626 5520 χείλη
3650 5466 3664 5482 ·
3720 5449 3863 5502 οὐδὲ
3893 5448 4012 5516 γὰο

2422 5549 2649 5601 τούτων
2675 5548 2863 5616 χρεία,
2888 5546 2969 5613 τῷ
2987 5545 3199 5616 μηκέτι
3220 5546 3483 5613 πηλίνης
3510 5541 3727 5595 ἐπιδεεῑ
3755 5538 4005 5607 τροφῆςν

2419 5641 2585 5710 μόνῳ
2642 5639 2709 5693 δέ
2742 5639 2823 5704 τῷ
2853 5638 3014 5702 Θεοῦ,
3034 5638 3255 5708 ῥήματι
3311 5636 3771 5705 κρυφιομύστως
3793 5646 4012 5698 napo.

2625 5826 2645 5857 ³
2673 5825 2821 5883 Psal.
2846 5828 3031 5891 “1,4.
