4186 6434
205 441 295 506 3ὓ1
974 433 1256 496 ORATIO
1283 434 1471 495 XVII.
1498 460 1563 471 —
1598 433 1679 494 IN
1721 432 2033 493 LAUDEM
2059 432 2115 491 S.
2160 432 2612 495 ANASTASI/E.

3337 436 3448 501 362

204 570 299 613 τως
326 548 548 619 ἔξοργός
580 566 662 613 τις
696 548 791 601 καὶ
816 544 1130 617 βαρύχολος,
1154 545 1413 599 ὥστόὑδὲ
1435 546 1631 600 πολλοῦ
1658 546 1777 599 τοῦ-

1877 555 2124 600 evaserat
2146 547 2405 616 gravique
2425 545 2528 599 bile
2558 554 2882 611 excesserat,
2910 555 2967 601 ut
3009 561 3198 616 parum
3218 548 3453 612 abfuerit

206 662 285 697 τον
314 643 420 695 ἔδει
446 641 539 695 τοῦ
585 641 776 712 θρόνου
820 655 879 689 τε
903 638 1273 709 διαναστῆναι,
1302 642 1396 694 καὶ
1424 642 1533 702 τοῖς
1564 640 1773 693 ὀδοῦσιν

206 736 358 803 ὠμῶν
382 735 492 787 τῶν
523 734 870 805 παρθενικῶν
901 733 1200 802 ἐνάψασθαι
1231 733 1475 805 σαρκῶν.

266 826 489 898 Πρῶτον
511 826 605 879 οὖν
639 827 780 880 κατά
813 827 921 880 τῶν
961 828 1176 898 σεμνῶν
1222 829 1316 880 καὶ
1370 827 1567 895 τιμίων
1608 826 1775 879 ὡπλί-

209 936 323 971 σατο
356 918 576 989 μαστῶν
596 934 612 950 θ
648 919 742 971 καὶ
770 917 914 990 ξυρῷ
959 918 1184 981 τούτους
1230 920 1258 971 ὁ
1290 917 1584 988 ὠμοφάγος
1616 936 1775 987 περι-

207 1012 346 1074 ελὼν,
388 1011 749 1081 δριμυτάταις
822 1012 1038 1073 ὀδύναις
1113 1010 1380 1064 θανατοῦν
1436 1014 1774 1082 ἐμηχανᾶτο.

210 1105 338 1155 Ἰστε
376 1104 431 1156 δὲ
460 1104 695 1167 πάντως,
728 1105 785 1157 οἵ
800 1123 861 1172 γε
899 1104 998 1172 τὴν
1028 1103 1371 1173 κατασκευὴν
1406 1103 1502 1156 τοῦ
1525 1102 1775 1170 σώματος

209 1196 412 1258 εἰδότες,
440 1195 516 1258 ὡς
544 1199 606 1249 ἐκ
632 1195 851 1267 σαρκῶν
888 1196 981 1247 καὶ
1010 1194 1162 1264 μυῶν
1189 1196 1283 1249 καὶ
1327 1197 1537 1264 νεύρων
1563 1195 1679 1247 τόδε
1714 1195 1774 1247 τὸ

212 1288 357 1357 μέρος
398 1287 667 1349 συνεστὼς
692 1330 707 1354 ,
752 1286 1217 1357 αἰσθητικὼτατόν
1255 1288 1403 1340 ἐστιν
1424 1301 1437 1315 ·
1462 1286 1554 1339 ἆτε
1585 1284 1648 1355 δὴ
1681 1286 1774 1338 καὶ

208 1378 417 1444 πλησίον
467 1380 565 1448 τῆς
620 1378 806 1449 πηγῆς
849 1380 957 1431 τῶν
1010 1378 1336 1448 αἰσθήσεων,
1388 1377 1486 1447 τῆς
1521 1376 1770 1447 καρδίας,

210 1471 355 1537 φημὶ,
392 1469 825 1537 καθιδρυμένον
860 1470 954 1522 καὶ
1001 1468 1366 1537 τεμνόμενον,
1399 1466 1774 1535 ὀδυνηροτάτῳ

212 1562 346 1631 μόρῳ
401 1560 773 1629 παραδίδωσι·
806 1559 899 1613 τοῦ
941 1558 1176 1623 ζωτικοῦ
1227 1559 1322 1612 καὶ
1352 1558 1479 1629 περὶ
1504 1558 1603 1629 τὴν
1633 1574 1772 1626 καρ-

207 1651 309 1704 δίαν
352 1652 584 1721 αἵματος
641 1651 758 1722 ἅμα
805 1651 882 1721 τῷ
931 1650 1148 1720 ψυχικῷ
1185 1650 1459 1720 πνεύματι
1504 1648 1777 1717 συναπορο

209 1744 421 1811 ῥέοντος,
470 1743 607 1795 Ἀλλ’
639 1746 671 1813 ἡ
703 1744 806 1811 τῆς
858 1743 1203 1805 ἀναστάσεως
1235 1742 1543 1810 ἐπώνυμος,
1581 1741 1643 1791 οὺ
1695 1737 1775 1807 τῷ

208 1835 338 1903 νόμῳ
359 1835 457 1901 τῆς
484 1836 719 1902 φύσεως,
745 1834 881 1887 ἀλλὰ
908 1836 1006 1905 τῆς
1033 1833 1383 1894 ἀναστάσεως
1409 1830 1791 1902 ὑποκειμένη,··

1877 638 2007 706 quin
2044 650 2074 689 e
2128 637 2324 690 throno
2372 635 2671 699 dissiliens,
2728 636 2925 691 crudas
2979 638 3206 706 virginis
3260 656 3450 701 carnes

1876 727 2131 783 dentibus
2162 727 2439 782 laceraret.

1948 819 2189 874 Primum
2223 820 2403 888 itaque
2434 820 2701 876 adversus
2727 821 2985 875 honestas
3010 836 3072 877 ac
3106 826 3447 883 venerabiles

1878 927 2144 967 mammas
2174 923 2442 976 armatur,
2475 913 2649 982 iisque
2677 914 2966 968 crudivora
2996 915 3171 969 bellua
3203 930 3450 988 amputa—

1878 1005 1965 1065 tis,
2016 1003 2385 1059 acerbissimis
2424 1003 2706 1060 doloribus
2749 1006 3059 1061 interimere
3108 1010 3447 1066 moliebatur.

1878 1095 2108 1151 Prorsus
2144 1111 2272 1150 vero
2309 1096 2483 1159 scitis,
2527 1106 2796 1166 quotquot
2829 1098 3076 1167 corporis
3114 1109 3449 1154 structuram

1880 1204 1988 1242 non
2021 1190 2307 1260 ignoratis,
2340 1190 2483 1243 hanc
2516 1188 2636 1258 ejus
2668 1198 2899 1258 partem,
2937 1192 3139 1259 quippe
3172 1208 3293 1261 quae
3326 1207 3455 1246 car-

1877 1281 2037 1335 nibus
2076 1291 2130 1334 et
2177 1282 2439 1336 musculis
2486 1290 2649 1352 atque
2703 1282 2885 1336 nervis
2929 1292 3161 1344 constet.
3216 1285 3455 1339 maiime

1878 1386 2041 1425 sensu
2075 1374 2279 1441 vigere,
2309 1373 2564 1441 quodque
2606 1387 2773 1442 prope
2818 1387 3080 1426 sensuum
3110 1372 3311 1428 fontem
3340 1376 3453 1430 col-

1878 1462 2054 1516 locata
2086 1464 2186 1516 sit:
2226 1478 2321 1516 cor
2366 1463 2618 1516 nimirum
2651 1482 2663 1517 :
2704 1479 2766 1517 ac
2834 1466 2880 1517 si
2921 1474 3253 1535 amputetur.
3288 1468 3453 1522 diris-

1879 1554 2019 1607 siino
2045 1555 2291 1607 cruciatu
2327 1562 2558 1606 mortem
2608 1554 2936 1620 consciscit;
2973 1572 3167 1626 nempe
3194 1557 3363 1618 vitali.
3400 1568 3453 1611 et

1877 1646 1967 1713 qui
1999 1645 2141 1699 circa
2174 1661 2289 1709 cor,
2328 1640 2552 1715 sanguis
2578 1647 2813 1713 exsistit,
2840 1662 2962 1701 eum
2996 1648 3217 1702 animali
3255 1650 3449 1718 Spiritu

1878 1734 2077 1801 pariter
2100 1737 2384 1789 dellnente.
2418 1736 2506 1799 At,
2534 1739 2620 1791 cui
2663 1752 2693 1791 a
2733 1738 3125 1792 resurrectione
3161 1741 3451 1809 appellatio

1874 1838 2009 1889 erat,
2059 1844 2164 1881 non
2210 1830 2307 1897 legi
2340 1839 2563 1892 naturze,
2597 1829 2690 1883 sed
2741 1831 3158 1885 resurrectionis
3190 1834 3447 1893 obnoxia.

209 1927 283 1977 καὶ
311 1926 398 1978 τοῦ
428 1925 663 1977 θανάτου
694 1926 1038 1996 περιγέγονε,
1066 1926 1161 1977 καὶ
1184 1924 1289 1977 τῶν
1311 1924 1518 1976 ὠδίνων
1546 1923 1769 1975 ἐκείνων
1801 1946 1804 1955 ε

1876 1934 1985 1977 tum
2024 1932 2251 1976 mortem
2294 1925 2592 1991 superavit,
2627 1933 2740 1975 tum
2782 1921 2888 1978 illis
2924 1922 3083 1976 facile
3112 1925 3449 1980 cruciatibus

208 2020 381 2088 ῥᾳδίως
414 2019 736 2090 ὑπερέσχεν.
779 2021 844 2072 Ὢ
866 2019 1083 2088 μαστοὶ,
1107 2018 1168 2071 οὑ
1202 2017 1345 2086 γάλα
1362 2018 1569 2088 τροφὴν
1596 2016 1769 2086 προρ-

208 2112 400 2177 ῥὲοντες
450 2112 688 2180 νηπίοις,
737 2110 873 2164 ἀλλὰ
905 2110 1240 2182 μαρτυρικὸν
1267 2105 1407 2178 αἷμα
1452 2108 1770 2167 σπένδοντες

207 2200 450 2269 Χριστῷῐ
509 2201 576 2251 Ὢ
634 2201 857 2271 μαστοὶ,
911 2201 1161 2271 καθάπερ
1190 2200 1284 2253 δύο
1322 2199 1503 2269 νεόροὶ
1558 2198 1770 2266 δίδυμοι

206 2287 437 2356 aapxrir‘lo;
454 2288 795 2360 διαλλὸμενοι
820 2290 908 2344 τοῦ
930 2290 1180 2361 σώματος
1201 2292 1214 2343 l
1247 2290 1569 2360 Προσᾳδέτω
1586 2289 1694 2359 γάρ
1718 2306 1772 2341 τι

205 2379 392 2442 τούτοις
450 2380 548 2432 καὶ
602 2383 631 2433 ὁ
686 2380 941 2452 Σολομὼν
967 2398 980 2411 ⁸
1042 2382 1240 2451 μᾶλλον
1274 2382 1330 2433 δὲ
1362 2383 1389 2434 ὁ
1415 2380 1664 2457 Νυμφίος
1700 2385 1765 2451 τῇ

207 2470 386 2542 Νύμφη
407 2475 821 2543 προσφωνείτω,
845 2473 912 2525 δι’
938 2473 998 2525 ὃν
1022 2472 1159 2543 αὑτὴ
1187 2475 1311 2535 τους
1342 2474 1577 2543 μαστοὺς
1594 2474 1770 2537 ἐξεθε-

210 2566 384 2631 ρὶςετο·
418 2568 481 2618 Τί
507 2566 1209 2637 ἐκαλλιώθησανμαστοι
1236 2582 1377 2627 σου,
1398 2565 1629 2635 ἀδελφή
1648 2583 1767 2635 μου
1799 2612 1807 2625 .

205 2658 387 2727 νύμφη
409 2660 432 2711 .¹
476 2661 533 2712 τί
568 2660 1030 2728 ἐκαιλιώθησαν
1074 2663 1297 2731 μαστοί
1329 2664 1487 2715 σου]
1531 2664 1632 2715 οὐκ
1662 2661 1769 2715 ἀπὸ

206 2752 348 2812 οίνου,
374 2753 619 2808 ἀλλ’ἀπὸ
643 2753 736 2807 τοῦ
772 2754 971 2807 οίκείου
1003 2755 1269 2823 αῖματοςί

276 2842 384 2894 Ἐπὶ
424 2841 663 2907 τούτοις,
690 2843 831 2896 κατὰ
854 2845 962 2896 τῶν
988 2844 1197 2913 ὀνύχων
1222 2846 1250 2898 ὁ
1272 2844 1487 2914 ἀπηνὴς
1513 2844 1771 2914 διηγωνί-

207 2950 319 2988 irato
337 2952 348 2964 ·
390 2935 485 2999 οὓς
535 2936 746 2999 πάντας
775 2936 1000 3006 ἀπηνῶς
1035 2936 1295 2991 ἀνασπῶν
1323 2941 1414 2990 καὶ
1442 2939 1767 3009 ῥιζοτομῶν,

205 3026 548 3088 ἁν-λποίστους
598 3026 736 3096 αὐτῇ
796 3026 1094 3095 προσάγειν
1140 3025 1279 3097 ῷετο
1330 3028 1545 3092 πόνους.
1589 3030 1653 3082 Ἢ
1689 3030 1767 3094 δὲ,

206 3118 435 3189 καθάπερ
458 3118 669 3189 τριχῶν
705 3118 1017 3187 ἀφαίρεσιν,
1043 3119 1186 3173 οὕτω
1209 3120 1535 3191 λογιζομένη
1564 3123 1770 3175 τούτων

204 3212 285 3281 την
312 3212 623 3282 ἐκρίζωσιν,
648 3210 971 3281 ηὐχαρίστει
1007 3214 1105 3283 μὲν
1134 3212 1209 3283 τῷ
1241 3214 1376 3285 πρὸς
1403 3215 1500 3276 τὰς
1541 3214 1767 3285 ἀλγηδό-

206 3322 285 3366 νας
306 3304 704 3376 ἐπιρρωννύντι
735 3304 984 3374 Χριστῷ·
1010 3307 1449 3377 κατερῤητὸρευε
1479 3306 1535 3358 δὲ
1562 3306 1655 3359 τοῦ
1690 3307 1767 3359 δι-

203 3398 418 3450 καστοῦ·
470 3397 634 3462 θεούς
689 3415 748 3450 τε
810 3399 1280 3469 ἀναθεματίζουσα
1333 3400 1426 3451 καὶ
1483 3398 1764 3466 δαίμονας,

205 3488 357 3559 ψυχῆς
384 3490 694 3561 βεϐήλωσιν
728 3493 827 3563 τὴν
856 3492 1034 3545 αὐτῶν
1060 3490 1431 3562 προσκύνησιν
1461 3488 1764 3558 ὠνόμαζεν.

205 3581 257 3632 Ὢ
284 3584 490 3653 ὄνυχες,
556 3584 748 3655 μικροὶ
798 3584 898 3655 μὲν
924 3583 985 3636 τὺ
1041 3581 1289 3654 μέγεθος,
1323 3581 1419 3635 καὶ
1466 3581 1566 3651 τὴν
1612 3578 1766 3643 τάξιν

204 3672 420 3744 ἔσχατοι,
467 3678 729 3747 μεγάλων
750 3676 807 3729 δὲ
838 3678 930 3731 καὶ
955 3676 1175 3730 τελείων
1212 3673 1461 3744 πρόξενοι
1488 3672 1767 3742 στεφάνων

204 3770 461 3839 γενόμενοι
486 3789 501 3802 ·
544 3771 761 3840 ὄνυχες,
801 3769 878 3839 τῷ
914 3786 971 3821 τε
997 3768 1151 3838 ὄνυχι
1187 3767 1280 3820 καὶ
1317 3769 1383 3836 τῇ
1411 3769 1638 3836 στακτῇ,
1674 3767 1769 3819 καὶ

202 3863 296 3922 τοῖς
324 3862 500 3925 ἄλλοις
527 3860 790 3933 ἀρώμασι
827 3859 1209 3931 προσεοικότες
1228 3873 1240 3886 ·
1271 3853 1351 3920 οἷς
1382 3857 1584 3925 Μωσῆς
1622 3858 1766 3909 ἐκεῖ·

203 3968 274 4012 νος
300 3954 353 4005 τὸ
389 3955 489 4024 τῆς
538 3953 847 4016 συνθέσεως
894 3950 1442 4019 κατασκευαζόμενος
1493 3950 1765 4020 θυμίαμα,

204 4042 369 4098 θυείαν
394 4046 575 4115 εὐώδη
612 4048 855 4117 προσῆγε
882 4044 960 4114 τῷ
988 4043 1127 4114 Θεῷ.

258 4236 370 4298 Τοῖς
403 4233 553 4298 ὄνυξι
585 4232 666 4297 δὲ,
697 4231 899 4303 χειρῶν
930 4230 1063 4301 ὁμοῦ
1097 4231 1186 4283 καὶ
1214 4229 1386 4281 ποδῶν
1414 4232 1440 4282 ὸ
1475 4227 1767 4298 μιαιφονὼ-

200 4342 332 4387 τιτος
365 4325 685 4396 προσετίθει
712 4325 812 4394 τὴν
848 4323 1153 4392 ἀποκοπὴν.
1192 4321 1340 4373 Ἔδει
1374 4322 1482 4394 γὰρ
1508 4320 1659 4382 ἴσως,
1692 4319 1765 4389 μὴ

202 4421 253 4469 τὰ
273 4420 570 4487 λεπτότερα
612 4416 795 4486 μόνον,
831 4414 964 4468 ἁλλά
1002 4416 1095 4467 καὶ
1128 4413 1195 4466 τὰ
1228 4414 1335 4466 τῶν
1372 4410 1575 4483 μορίων
1608 4411 1765 4480 ἁδρό-

202 4525 311 4578 τερα
337 4513 431 4581 τῆς
463 4507 873 4579 ὀσιομάρτυρος
898 4505 1298 4576 καλλιερείσοαι
1321 4522 1333 4535 ·
1377 4506 1471 4557 καὶ⁸
1516 4502 1765 4572 καθάπερ

202 4604 415 4669 ἂμπελος
466 4600 920 4672 εὐκληματοῦσα,
977 4599 1193 4669 ὅσῳπερ
1224 4597 1287 4649 ἂν
1326 4598 1436 4648 τῶν
1493 4594 1761 4664 περιττῶν
1790 4621 1842 4680 D

202 4694 279 4761 τὴν
327 4694 567 4765 βλάστην
628 4693 1025 4762 ἀποτέμνηται,
1096 4689 1334 4760 τοσούτῳ
1388 4688 1487 4758 τῆς
1535 4690 1593 4740 ἐν
1624 4688 1762 4758 αὐτῇ

204 4784 409 4853 ζωτικῆς
437 4786 736 4853 δυνάμεως
778 4784 905 4852 περὶ
940 4781 1144 4851 βραχὺν
1176 4779 1549 4849 συναγομένης
1580 4782 1763 4843 τόπον,

203 4876 341 4939 πολὺς
374 4878 472 4947 μὲν
497 4879 527 4929 ὀ
563 4873 819 4944 καρπὸς⁶
849 4872 1125 4941 εὐτραφὴς
1156 4871 1211 4923 δὲ
1244 4873 1271 4923 ὁ
1296 4869 1510 4940 βότρυς,
1544 4870 1638 4922 καὶ
1672 4870 1766 4922 δα-

203 4968 332 5037 ψιλὴς
362 4970 389 5019 ὁ
418 4964 567 5030 οἶνος
604 4967 881 5035 καταρρεῖ
933 4964 1041 5017 τῶν
1095 4962 1270 5033 ληνῶν
1290 4978 1303 4991 ’
1341 4962 1483 5015 οὕτω
1512 4963 1577 5032 δὴ
1609 4963 1699 5015 καὶ
1732 4964 1764 5032 ἡ

206 5061 463 5130 παρθένος,
492 5063 611 5130 ὅσῳ
633 5058 701 5110 τά
740 5057 873 5127 μέλη
916 5053 1315 5125 ἀπετέμνετο,
1343 5053 1595 5107 τοσοῦτον
1635 5055 1763 5106 ἐκύ-

207 5152 367 5221 πριζεν
398 5155 495 5224 μὲν
520 5150 707 5219 αὐτῆς
754 5150 816 5202 τὸ
864 5148 963 5219 τῆς
1009 5148 1298 5218 ὁμολογίας
1352 5145 1537 5209 ἄνθος·
1568 5147 1616 5199 οἱ
1666 5146 1766 5215 τῆς

209 5247 478 5314 μαρτυρίας
512 5245 572 5296 δὲ
606 5242 838 5313 βότρυες
868 5238 1284 5309 πληθυνὸμενοι,
1306 5239 1403 5307 τὴν
1432 5237 1531 5306 τῆς
1556 5238 1765 5306 ὑπομο-

208 5336 280 5403 νῆς
313 5339 548 5392 ἐδίδοσαν
602 5336 820 5404 ὀσμήν·
868 5333 927 5387 τὸ
958 5326 1098 5402 αἷμα
1137 5331 1191 5384 δὲ
1217 5333 1312 5401 τῆς
1360 5329 1659 5401 ἀθλήσεως,
1690 5330 1765 5394 ὡς

208 5423 320 5491 οἶνος
346 5434 478 5499 ρἐν
504 5428 728 5497 εὐώδης
776 5427 871 5479 καὶ
895 5424 1142 5494 δαψιλὴς,
1184 5423 1473 5492 συνέπνιγε
1515 5422 1612 5493 μὲν
1642 5422 1768 5474 ὅσον

208 5518 443 5594 ἀλλότριον
467 5525 562 5577 καὶ
590 5523 658 5576 δυ
669 5518 879 5584 σσεὸὲς,
903 5518 1265 5588 κατεύφραινε
1289 5516 1343 5570 δὲ
1364 5517 1488 5571 ὅσον
1504 5516 1767 5588 ἡμέτερον

212 5617 281 5664 ui.
296 5617 525 5678 εὐσεϐές.

273 5708 530 5763 Ἐντεῦθεν
580 5704 784 5760 λοιπὸν
819 5707 907 5757 καὶ
950 5707 998 5757 οἱ
1046 5706 1253 5768 ὀδόντες
1287 5708 1382 5775 τῆς
1408 5705 1548 5779 ,ἰδίας
1588 5703 1766 5757 αὐτῶν

265 5879 299 5911 ⁸⁸
324 5880 467 5939 Cant.
500 5899 605 5946 vn,
634 5883 694 5936 5.
776 5880 796 5910 ’
836 5880 989 5934 Cant.
1036 5898 1107 5947 iv,
1137 5882 1216 5935 l0.

489 5981 781 6041 Parnm.
834 5981 947 6039 Gn.
990 5979 1109 6039 CV.

1795 3260 1845 3323 C

1298 5886 1335 5915 θ’
1382 5882 1547 5938 Exod.
1580 5898 1703 5945 xxx,
1764 5880 1852 5934 δι.

1872 2027 2148 2083 superstes
2206 2011 2325 2065 fuit.
2372 2010 2416 2066 0
2473 2012 2661 2079 ubera,
2711 2027 2832 2082 qua:
2873 2028 2977 2066 non
3024 2013 3108 2068 lac
3145 2014 3450 2070 infantibus

1874 2105 2163 2175 prolluant,
2224 2105 2317 2160 sed
2381 2105 2625 2176 martyrii
2681 2119 2922 2160 amorem
2972 2106 3191 2161 Christo
3237 2108 3445 2163 libent!

1872 2196 1916 2252 Ο
1948 2201 2135 2265 ubera,
2174 2199 2317 2252 vvlut
2348 2200 2454 2252 duo
2489 2197 2695 2251 hinnuli
2719 2198 2932 2267 gemelli
2957 2213 2986 2252 e
3010 2212 3217 2267 caprea:
3244 2202 3446 2253 salien-

1872 2304 1949 2347 tes
1977 2294 2258 2363 eorpore‘“
2284 2294 2295 2345 l
2334 2292 2718 2345 Accinatenim
2744 2292 2827 2346 his
2842 2290 3046 2361 aliquid
3071 2300 3124 2345 et
3148 2292 3403 2347 Salomoa
3431 2312 3446 2349 :

1870 2386 2008 2451 Quin
2063 2388 2244 2455 potius
2278 2385 2523 2453 Sponsus
2556 2399 2768 2454 sponsa!
2809 2386 3094 2448 acclamet,
3132 2384 3293 2453 cujus
3320 2400 3449 2455 ergo

1870 2476 1943 2529 illi
2010 2477 2172 2529 ubera
2224 2483 2501 2543 amputata
2556 2492 2568 2528 :
2619 2474 2790 2539 Quam
2839 2476 3073 2543 pulchra:
3122 2476 3280 2544 factm
3326 2480 3448 2529 stitit

1872 2586 2112 2622 mammae
2141 2581 2263 2631 tuae,
2285 2585 2436 2621 soror
2459 2584 2573 2621 mea
2599 2582 2810 2635 sponsa,
2840 2584 3000 2637 quam
3029 2569 3262 2637 pulchra:
3293 2569 3448 2637 facta:

1870 2673 1992 2716 sunt
2052 2678 2296 2715 mamma!
2347 2660 2526 2713 tuaz'!
2580 2674 2686 2714 non
2737 2674 2766 2713 a
2800 2659 2947 2724 vino,
3000 2660 3093 2714 sed
3144 2675 3174 2713 a
3230 2660 3450 2729 proprio

1871 2771 2083 2808 Cl‘UOl‘tﬂ.

1943 2849 2019 2901 Ad
2075 2850 2185 2903 haec
2234 2847 2495 2903 adversus
2553 2864 2761 2918 ungues
2793 2862 2936 2903 saevo
2980 2847 3055 2902 illi
3107 2858 3444 2917 assumptum

1872 2951 2145 2995 certamen
2193 2951 2311 3004 est;
2344 2955 2485 3009 quos
2531 2954 2724 2995 omnes
2772 2939 3085 2994 immaniter
3118 2940 3358 2994 evellens
3386 2954 3451 2993 ac

1872 3050 1899 3087 a
1962 3034 2234 3088 radicibus
2286 3048 2513 3096 secans,
2570 3033 2938 3088 intolerabiles
2985 3047 3043 3089 se
3098 3033 3177 3087 illi
3234 3032 3452 3087 dolores

1872 3126 2061 3180 aﬂ‘erre
2092 3126 2479 3182 arbitrabatur.
2515 3125 2604 3179 Illa
2658 3140 2809 3192 vero,
2853 3140 2916 3179 ac
2955 3125 2999 3180 si
3035 3124 3214 3193 capilli
3254 3126 3450 3178 detun-

1872 3221 2145 3282 derentur,
2182 3220 2252 3272 ita
2288 3229 2546 3287 reputans
2576 3217 2721 3287 quod
2745 3219 2933 3273 dentes
2957 3217 3221 3272 radicitus
3256 3217 3451 3272 evelle-

1873 3314 2087 3374 bautur,
2121 3313 2326 3381 gratias
2356 3312 2578 3365 Christo
2610 3312 2818 3381 agebat,
2848 3312 2937 3378 qui
2974 3310 3144 3364 robur
3184 3310 3447 3365 adversus

1871 3408 2148 3458 cruciatus
2190 3414 2492 3473 pt'atslaret,
2545 3419 2607 3458 ac
2655 3404 2895 3472 judicem
2935 3402 3112 3456 verbis
3143 3401 3448 3455 confunde-

1873 3499 1991 3561 liat,
2040 3497 2277 3567 deosque
2345 3512 2407 3550 ac
2448 3497 2721 3550 dremones
2765 3495 2897 3549 diris
2950 3495 3264 3558 devovens,
3313 3508 3448 3547 cou-

1872 3590 2273 3656 Spurcationem
2343 3589 2507 3642 animi
2591 3588 2808 3642 illorum
2873 3587 3079 3641 cultum
3151 3587 3445 3640 Vticitali:it.

1872 3678 1916 3734 0
1968 3694 2195 3748 ungues,
2254 3680 2394 3733 mole
2446 3680 2664 3748 quidem
2708 3678 2884 3749 exigui
2928 3687 3090 3748 atque
3130 3678 3319 3732 ordine
3352 3694 3448 3747 po-

1871 3774 2079 3835 stremi,
2110 3772 2201 3840 qui
2252 3780 2433 3825 tamen
2481 3786 2798 3839 magnarum
2834 3768 3301 3839 ac‘perl'ectarnm
3352 3785 3447 3824 ex-

1872 3863 2089 3917 stitistis
2116 3874 2366 3917 auctores
2408 3864 2763 3915 coronarum!
2815 3861 2857 3915 0
2885 3876 3114 3931 ungues,
3154 3861 3364 3929 ungulze
3396 3870 3449 3913 et

1869 3964 2056 4008 stuctte
2098 3956 2330 4023 aliisque
2381 3956 2719 4008 aromatibus
2774 3953 3000 4014 similes,
3029 3952 3225 4021 quibus
3272 3950 3449 4005 Moses

1871 4045 1961 4097 ille.
2035 4045 2317 4099 incensum
2375 4046 2787 4115 compositionis
2844 4058 3198 4113 prcharans,
3260 4043 3446 4096 suavis

1869 4135 2178 4205 fragrantia:
2216 4137 2447 4190 hostium
2483 4135 2589 4189 Deo
2620 4138 2874 4191 oﬂ'erehat
2905 4140 2972 4192 θ’.

1946 4229 2114 4282 l‘orro
2144 4229 2418 4298 unguibus
2438 4270 2453 4293 ,
2490 4245 2684 4284 manus
2714 4229 2923 4298 pariter
2949 4230 3224 4300 pedesque
3257 4245 3448 4299 ampu-

1870 4324 2063 4377 landos
2098 4323 2519 4378 cruentissimus
2552 4325 2768 4393 adjecit.
2806 4323 2967 4377 Forte
3005 4324 3148 4378 enim
3192 4325 3442 4389 decebat,

1871 4424 1928 4467 ut
1970 4431 2074 4467 non
2123 4416 2298 4469 solum
2328 4415 2691 4481 tenuioribus,
2722 4430 2908 4469 verum
2940 4416 3103 4467 etiam
3150 4415 3434 4468 robustio-

1870 4506 2021 4559 ribus
2074 4515 2274 4560 sanctae
2327 4505 2551 4574 virginis
2608 4506 2855 4575 partibus
2904 4503 3012 4559 Deo
3067 4505 3349 4559 litaretur:
3382 4519 3446 4558 ac

1870 4599 2012 4651 sicut
2039 4598 2162 4651 vitis
2191 4597 2506 4668 palmitibus
2531 4597 2864 4663 eluxurians,
2911 4612 3020 4667 quo
3055 4596 3227 4663 magis
3254 4612 3445 4666 super-

1868 4693 1977 4745 iluo
2012 4694 2254 4762 germine
2301 4698 2547 4761 putatur,
2583 4699 2732 4743 tanto
2762 4690 2907 4743 vitali
2946 4690 3066 4759 ejus
3105 4693 3303 4744 virtute
3343 4705 3439 4743 an-

1866 4782 2090 4852 gustiori
2115 4790 2386 4835 coarctata
2417 4781 2615 4852 spatio,
2640 4780 2834 4850 majori
2875 4781 3029 4849 copia
3067 4780 3444 4849 pinguioriquc

1869 4874 2020 4925 botro
2050 4873 2361 4933 fructrlicat,
2392 4888 2457 4927 ac
2503 4873 2687 4926 vinum
2741 4888 2771 4927 e
2829 4871 3192 4927 torcularibus
3225 4873 3444 4926 uberius

1867 4965 2080 5029 delluit;
2135 4965 2213 5020 sic
2250 4965 2506 5019 nimirum
2542 4973 2597 5019 ct
2628 4965 2801 5033 virgo,
2854 4981 2963 5034 quo
3011 4965 3251 5019 membra
3286 4976 3445 5034 puta-

1870 5056 2085 5120 bantur,
2115 5064 2265 5110 tanto
2293 5056 2437 5111 illius
2468 5055 2833 5115 confeSaionis
2863 5056 2962 5110 (los
2993 5058 3275 5116 veruahat,
3302 5070 3446 5107 mar-

1870 5147 2102 5217 tyriique
2148 5147 2698 5209 botriexuberantes,
2731 5162 2953 5200 suavem
3010 5146 3279 5215 patientiae
3330 5144 3444 5198 fra-

1869 5241 2133 5309 grantiam
2178 5239 2412 5305 dabant;
2446 5254 2614 5293 cruor
2651 5230 2886 5309 denique
2913 5238 3249 5303 certaminis,
3283 5238 3441 5306 quasi

1869 5333 2175 5388 suavissimi
2227 5333 2413 5387 odoris
2460 5334 2851 5403 copiosumque
2909 5332 3091 5385 vinum
3142 5330 3441 5384 abundanti

1869 5423 2024 5478 latice
2055 5423 2250 5486 ﬂuens,
2282 5423 2548 5493 quidquid
2576 5432 2895 5477 extraneum
2934 5422 3272 5491 impiumque
3300 5430 3439 5483 erat,

1868 5517 2197 5582 suﬂ‘ocabat;
2246 5516 2513 5587 quidquid
2562 5531 2689 5571 vero
2732 5526 2976 5571 nostrum
3008 5530 3071 5568 ac
3104 5513 3439 5584 religiosum,

1868 5611 2063 5681 gaudio
2090 5610 2468 5679 perfundebat.

1940 5704 2062 5757 Indi-
2092 5704 2204 5773 jam
2239 5714 2291 5760 ct
2327 5706 2514 5759 dentes
2566 5704 2805 5759 violento
2852 5712 3138 5773 praecepto,
3177 5701 3440 5755 violenter

3014 5969 3081 6033 12
