4186 6434
737 430 843 492 363

1906 399 2200 462 NlCET/ﬁ
2252 398 2445 457 PAPH
2458 394 2781 455 LAGONIS

3881 378 3986 439 364

734 557 800 595 ex
844 552 943 593 sua
996 531 1363 588 evellrbantur
1408 524 1576 578 sede:
1628 519 1810 572 Dentes
1864 514 2122 568 nimirum
2173 512 2307 563 lacte

2427 509 2571 573 ἕδρας
2599 507 2758 578 βιαίῳ
2789 505 3191 575 προστάγματι,
3228 498 3416 568 βιαίως
3440 496 3771 564 ὲξεσπῶντο·
3790 493 3991 547 Ὀδόν·

735 630 1070 687 candidiores
1121 624 1187 684 '°,
1215 630 1274 673 ut
1311 617 1605 685 Scriptura:
1649 610 1829 664 verbis
1862 618 2011 671 utar;
2049 604 2309 659 doctrinae

739 725 1026 796 puritatem
1089 716 1236 771 omni
1292 708 1690 767 incommistatn
1737 704 1962 758 malitia:
2018 700 2312 769 designan-

741 829 865 879 tes;
917 813 1030 868 suis
1086 817 1266 864 autem
1326 801 1614 857 cruoribus
1670 797 2047 854 rubeseentes,
2104 806 2170 846 ac
2217 788 2311 858 qui

743 908 918 965 thuris
970 907 1142 960 instar
1177 902 1229 956 in
1287 892 1599 954 suavissimi
1649 889 1836 946 odoris
1871 886 2098 942 hostiam
2148 881 2311 938 oﬂer-

743 1009 949 1055 rentur.

814 1091 942 1145 Inde
969 1097 1023 1141 et
1050 1087 1231 1154 lingua
1261 1096 1292 1135 e
1323 1088 1539 1150 gutture
1570 1082 1836 1136 extracta,
1869 1066 2136 1123 radicitus
2167 1065 2313 1119 ferro

741 1179 1014 1251 amputari
1040 1177 1309 1244 {“jubetur.
1372 1170 1583 1237 Lingua
1637 1165 1824 1234 utique
1865 1162 1930 1214 ad
1977 1158 2189 1214 divinas
2234 1154 2313 1208 lo-

745 1271 1020 1343 quendum
1081 1265 1271 1320 laudes
1316 1278 1379 1317 ac
1432 1261 1560 1316 Jesu
1615 1253 2011 1315 testimonium,
2073 1249 2311 1303 calamus

742 1340 930 1418 scribae
978 1358 1220 1413 velociter
1264 1351 1539 1408 scribentis
1589 1348 1664 1414 “;
1714 1346 1782 1400 ad
1823 1340 2155 1411 arguendam
2187 1350 2313 1391 vero

745 1459 1117 1528 impietatem,
1178 1450 1386 1522 gladius
1440 1452 1626 1499 acutus
1686 1442 1768 1505 “,
1829 1434 2096 1493 mendacii
2150 1439 2315 1502 atque

745 1548 953 1606 erroris
974 1552 1132 1614 caput
1155 1537 1505 1595 abscindens.

819 1641 1019 1707 llisque
1071 1633 1328 1689 omnibus
1381 1629 1434 1683 in
1466 1642 1528 1681 ea
1570 1622 1823 1695 peractis,
1867 1629 2125 1689 tanquam
2175 1614 2313 1668 oliva

750 1705 1025 1787 h‘uctifera
1047 1727 1090 1758 ¹⁶
1116 1726 1268 1793 virgo
1298 1720 1524 1790 inclyta,
1544 1714 1853 1770 immaniter
1872 1710 2076 1765 excisis
2104 1705 2315 1761 tenellis

751 1819 941 1883 ramis,
972 1815 1177 1870 nullam
1208 1792 1493 1878 degeneris
1515 1802 1681 1858 animi
1733 1801 1884 1854 misit
1915 1812 2125 1852 vocent.
2166 1792 2315 1847 Nihil

749 1925 975 1984 prorsus
1018 1905 1230 1976 ignavia
1283 1900 1470 1962 cessit,
1528 1897 1711 1950 laxato
1764 1891 2059 1963 quidquam
2118 1885 2314 1940 tuentis

749 2016 956 2060 tenore.
1008 1997 1219 2053 Etenim
1263 1994 1445 2048 divina
1494 1990 1699 2059 quaevis
1743 1985 1921 2040 anima
1963 1978 2315 2051 propensiore

757 2099 810 2150 in
864 2088 1250 2161 corpusculum
1302 2084 1498 2139 aﬂectu
1551 2081 1801 2141 liberata,
1860 2073 2069 2143 levique
2119 2070 2315 2126 mentis

752 2202 928 2259 penna
1002 2184 1067 2237 ad
1140 2179 1462 2235 exintiarum
1536 2186 1719 2228 rerum
1798 2164 2315 2236 contemplationem

751 2282 995 2343 avolans,
1046 2277 1269 2328 libenter
1319 2268 1610 2324 admodum
1651 2261 2025 2334 corruptibilis
2072 2259 2318 2329 corporis

753 2367 1143 2440 depositionem
1164 2359 1531 2431 amplectitur;
1562 2371 1627 2410 ac
1644 2352 1799 2424 quasi
1827 2352 1904 2406 illi
1932 2348 2319 2419 impedimento

752 2439 919 2517 sitiad
961 2458 1130 2512 Deum
1178 2452 1391 2524 plenius
1428 2447 1846 2518 assequendum,
1883 2442 2027 2498 dolet
2060 2439 2317 2494 nimirum

755 2572 819 2609 ac
844 2554 1062 2621 indigne
1093 2549 1196 2603 fert
1233 2546 1382 2617 quod
1417 2557 1543 2599 cum
1593 2540 1683 2596 illo
1716 2545 1981 2593 versatur.
2028 2532 2157 2587 Tale
2188 2529 2319 2600 quid

756 2648 1013 2701 nimirum
1062 2652 1188 2694 tunc
1215 2647 1270 2692 et
1305 2637 1356 2690 in
1383 2630 1669 2688 Anastasia
1716 2628 1933 2684 evenire
1970 2624 2318 2687 cernebatur;

757 2738 958 2807 quippe
984 2748 1107 2788 eum
1137 2735 1248 2799 jam
1280 2725 1536 2781 omnibus
1577 2720 1691 2775 fere
1714 2718 1972 2773 membris
2000 2726 2237 2778 exsecta,
2265 2722 2323 2766 ut

754 2842 808 2885 et
828 2828 977 2883 vocis
993 2836 1256 2894 organum
1282 2824 1582 2888 putaretur,
1603 2812 1855 2867 damnata
1876 2819 2039 2872 esset,
2064 2809 2323 2861 hactenus

757 2922 933 2979 solum
960 2916 1190 2978 distulit,
1219 2910 1434 2981 repulso
1462 2907 1737 2969 carniliee,
1769 2904 1941 2977 donec
1989 2900 2152 2953 breve
2187 2906 2322 2950 tem—

754 3026 860 3083 pus
890 3009 954 3063 ad
986 3005 1250 3059 orandum
1292 2998 1680 3067 indulgeretur,
1719 2994 1964 3061 hancque
2002 2998 2321 3058 postremas:

760 3104 941 3167 lingua
974 3093 1377 3150 confessionem
1416 3086 1647 3141 Domino
1687 3082 1945 3147 offerret;
1989 3094 2050 3134 ac
2090 3079 2322 3147 primum

2411 620 2529 667 τες,
2585 600 2791 657 λευκοὶ
2844 600 2961 668 μὲν
3009 600 3048 667 ἢ
3085 600 3261 668 τάλα,
3307 598 3447 649 κατά
3490 594 3591 663 τὴν
3637 592 3893 662 Γραφήν·
3926 590 3993 642 τὸ

2411 695 2651 764 καθαρὸν
2678 694 2786 747 τῶν
2821 692 2994 760 λόγων
3027 691 3121 743 καὶ
3147 690 3345 752 κακίας
3386 686 3605 755 ἀπάσης
3632 684 3994 751 ἀνεπίμικτον

2412 784 2765 857 ἐμφαίνοντες
2786 801 2801 816 ·
2835 781 3244 855 ὲρυθαινόμενοι
3281 781 3338 835 δὲ
3369 782 3482 842 τοῖς
3510 776 3731 839 οἰκείοις
3770 775 3993 844 αἵμασι,

2413 881 2507 934 καὶ
2552 877 2849 931 λιϐανωτοῦ
2902 877 3105 949 τρόπον
3154 876 3237 939 είς
3303 874 3535 947 εὒοσμον
3590 870 3994 943 προσαγόμενοι

2416 970 2628 1026 Θυσίαν.

2497 1063 2776 1117 Ἐντεῦθεν
2804 1063 2901 1117 καὶ
2949 1061 3176 1131 γλῶσσα
3218 1058 3313 1114 τοῦ
3350 1057 3633 1129 φάρυγγος
3663 1054 3997 1122 ἐξελκυσθῆ-

2413 1173 2520 1219 ναι,
2557 1157 2652 1210 καὶ
2684 1155 2886 1227 σιδήρῳ
2912 1154 3127 1227 ῥιζόθεν
3150 1150 3570 1225 περιαιρεθῆναι
3596 1148 3991 1222 προστέτακτο.

2414 1247 2676 1312 Γλῶσσα,
2735 1247 2871 1319 πρὸς
2924 1245 3205 1313 θεολογίαν
3259 1244 3357 1316 μὲν
3401 1244 3497 1298 καὶ
3535 1242 3636 1312 τὴν
3684 1242 3997 1313 μαρτυρίαν

2426 1337 2624 1408 Ἰησοῦ,
2683 1338 2951 1407 κάλαμος
3008 1336 3389 1407 γραμματέως
3433 1334 3781 1405 ὀξυτράςρου
3807 1349 3821 1363 ο
3857 1332 4001 1402 πρὸς

2414 1427 2643 1497 ἑλιγμὸν
2684 1427 2742 1481 δὲ
2793 1428 3131 1493 δυσσεϐείας,
3193 1426 3359 1491 ὀξεῖα
3399 1425 3687 1497 μάχαιρα,
3736 1424 3836 1494 τὴν
3898 1423 3999 1475 τοῦ

2413 1518 2639 1589 ψεύδους
2664 1520 3049 1590 ἀποτέμνουσα
3079 1518 3343 1589 κεφαλήν.

2486 1613 2596 1667 Καὶ
2623 1611 2830 1666 τούτων
2857 1612 3111 1666 ἀπάντων
3139 1611 3226 1665 ἐπ’
3264 1611 3402 1682 αὐτῇ
3431 1610 3854 1681 τετελεσμένων,
3891 1605 4004 1659 ῶσ-

2417 1721 2523 1775 περ
2546 1704 2701 1757 ἐλαία
2736 1702 3091 1775 κατάκαρπος
3115 1703 3359 1772 ἀνηλεῶς
3381 1702 3508 1767 τοὺς
3534 1700 3747 1763 κλῶνας
3771 1702 3804 1769 ἠ
3833 1698 4004 1753 ἀοίδι-

2422 1813 2521 1867 μος
2565 1795 2965 1867 ὲκκοπτομένη,
3003 1794 3103 1848 οὐκ
3139 1794 3350 1866 ἀφῆκεν
3397 1793 3581 1865 φωνὴν
3628 1790 3850 1860 ἀγεννῆ.
3885 1790 4005 1843 Οὐκ

2350 1856 2389 1910 Β
2420 1856 2679 1943 ἀνέδωκεν
2728 1856 2885 1955 ὃλῶς,
3014 1891 3113 1960 τῆς
3134 1856 3371 1952 διανοίας
3399 1856 3616 1939 εὕτονον
3651 1856 4002 1953 ὐνποχαλῶσα.

2423 1982 2532 2036 Καὶ
2552 1982 2662 2052 γὰρ
2686 1981 2833 2053 ψυχὴ
2860 1979 2981 2036 θεία
3014 1983 3163 2035 πᾶσα
3185 1979 3288 2050 τῆς
3312 1978 3447 2050 πρὸς
3485 1976 3546 2031 τὸ
3570 1976 3796 2047 σαρκίον
3826 1971 4008 2028 ἀπαλ-

2422 2074 2652 2143 λαγεῖσα
2675 2072 3077 2144 προσπαθείας,
3103 2072 3291 2142 κούφῳ
3327 2071 3385 2125 δὲ
3405 2069 3499 2124 τοῦ
3530 2069 3620 2123 νοῦ
3656 2068 3840 2138 πτερῷ
3868 2067 4011 2137 πρὸς

2422 2169 2521 2240 τὴν
2548 2166 2656 2220 τῶν
2689 2164 2986 2239 ὑπερφυῶν
3012 2163 3301 2235 θεαμάτων
3323 2161 3716 2232 ἀναδραμοῦσα
3744 2159 4007 2231 θεωρίαν,

2423 2261 2597 2332 ἡδέως
2621 2259 2760 2328 ἀγαν
2782 2258 2873 2311 τοῦ
2893 2256 3135 2328 φθαρτοῦ
3158 2256 3409 2326 σώματος
3428 2255 3526 2325 τὴν
3546 2254 3806 2308 ἀπόθεσιν
3829 2250 4012 2306 ἀσπά-

2426 2352 2609 2415 {cur
2644 2351 2737 2403 καὶ
2786 2348 2862 2411 ὡς
2895 2347 3150 2419 ἐμποδὼν
3205 2347 3343 2417 αὐτῇ
3370 2347 3657 2415 γινομένου
3713 2344 3850 2414 πρὸς
3905 2342 4013 2410 τὴν

2426 2442 2766 2513 τελειοτέραν
2803 2440 2898 2494 τοῦ
2951 2441 3259 2510 κρείττονος
3301 2439 3607 2509 ἐπιτυχίαν,
3656 2438 3880 2507 ἀχθεται
3911 2435 4012 2504 δη-

2426 2533 2579 2603 λαδὴ,
2612 2531 2706 2585 καὶ
2753 2532 2852 2602 τὴν
2911 2531 3031 2602 μετ’
3085 2529 3252 2583 αὐτοῦ
3304 2531 3649 2600 δυσχεραίνει
3699 2528 4012 2599 διατριΰήν.

2428 2625 2649 2679 Τοιοῦτο
2675 2624 2739 2695 δὴ
2764 2624 2886 2677 τότε
2914 2623 3208 2693 συμϐαῖνον
3234 2622 3330 2676 uel.
3355 2624 3478 2694 περὶ
3510 2623 3610 2693 τὴν
3648 2620 4015 2675 Ἀναστασίαν

2430 2717 2749 2787 καθωρᾶτο·
2787 2718 2823 2786 ἦ
2849 2733 2911 2784 γε
2947 2717 3055 2769 πᾶν
3092 2716 3192 2786 ἤδη
3222 2715 3382 2785 μέλος
3414 2715 3595 2782 ὀλίγου
3626 2714 3738 2768 δεῖν
3771 2730 4015 2766 κατακο-

2430 2814 2613 2875 πεῖσα,
2638 2809 2826 2880 ἐπειδὴ
2848 2810 2909 2863 τὸ
2934 2808 3034 2879 τῆς
3063 2809 3248 2877 φωνῆς
3271 2809 3503 2879 ὄργανον
3533 2807 3805 2878 τμηθῆναι
3837 2822 4015 2859 κατα-

2431 2903 2674 2973 κέκριτο,
2722 2900 2979 2955 τοσοῦτον
3015 2900 3308 2955 ἀνεὸἀλετο
3332 2902 3512 2970 μόνον,
3536 2901 3627 2953 τὸν
3653 2899 3845 2970 δήμιον
3871 2914 4016 2967 παρ-

2429 2994 2699 3065 ῃτημένη,
2729 2992 2870 3045 ὥστε
2931 2992 3126 3063 μικρὸν
3177 2993 3315 3062 αὐτῇ
3366 2994 3553 3061 χρόνον
3593 2993 3671 3052 εἰς
3705 2991 4016 3061 προσευχὴν

2432 3086 2691 3151 ἐνδοῦναι,
2732 3086 2824 3139 καὶ
2850 3086 3055 3156 ταύτην
3109 3085 3345 3155 ὑπάτην
3407 3084 3598 3155 Κυρίῳ
3642 3085 3729 3137 διὰ
3758 3082 4016 3151 γλώσσης

759 3188 963 3257 gratias
1002 3197 1293 3251 agens_pro
1325 3176 1532 3240 auxilii,
1572 3175 1733 3241 inque
1774 3186 1890 3225 eam
1925 3183 2099 3236 usque
2137 3167 2322 3219 horam

2433 3175 2818 3267 ἐξομολόγησιν
2855 3178 3238 3246 προσενεγκεῖν
3258 3190 3273 3206 ’
3312 3175 3755 3246 εὐχαριστήσασα
3778 3175 3834 3227 δὲ
3860 3175 4018 3244 πρῶς

764 3275 1158 3348 opitulationis,
1213 3284 1437 3324 munere
1480 3283 1493 3319 :

766 3374 914 3426 exitu
963 3364 1203 3436 martyrii
1248 3376 1445 3415 cursus
1479 3358 1553 3411 illi
1597 3362 1979 3426 perageretur;
2012 3367 2073 3403 ac
2098 3352 2175 3403 sic
2208 3348 2329 3401 inde

763 3461 959 3517 oblatis
995 3458 1221 3512 Domino
1268 3451 1543 3522 precibus,
1593 3461 1692 3514 pro
1738 3445 1821 3498 his
1866 3443 1959 3513 qui
2013 3441 2217 3503 animo,
2269 3453 2332 3492 ac

763 3556 855 3625 qui
893 3530 1120 3620 corpore
1153 3545 1362 3617 aegroti,
1416 3540 1483 3596 ad
1514 3554 1632 3595 eam
1665 3534 1935 3591 accessuri
1981 3541 2193 3594 essent,
2239 3530 2331 3583 sed

762 3622 817 3701 et.
852 3644 1203 3698 nihilominus
1224 3635 1407 3689 audita
1437 3648 1467 3687 e
1511 3633 1650 3686 cmlo
1673 3644 1825 3693 voce,
1876 3642 1999 3696 qua‘.
2029 3622 2330 3693 praestanda

761 3753 826 3793 ea
874 3749 994 3806 qua:
1050 3732 1216 3801 petita
1268 3734 1471 3791 essent,
1519 3730 1905 3784 attestaretur,
1960 3718 2108 3781 Veni,
2158 3714 2334 3784 inquit

760 3827 1034 3891 carnifici;
1085 3825 1179 3876 hoc
1229 3821 1391 3890 facito
1423 3817 1558 3887 quod
1604 3814 1883 3878 incumbit,
1931 3810 2063 3864 nihil
2112 3808 2329 3862 veritus.

765 3922 881 3976 Etsi
910 3919 1046 3972 enim
1079 3915 1215 3969 vocis
1247 3924 1501 3982 organum
1542 3905 1825 3971 excideris,
1877 3919 1937 3956 ne
1980 3901 2327 3956 suavissimas

771 4015 920 4067 illius
956 4024 1101 4065 voces
1134 4006 1355 4061 recolere
1387 4002 1564 4065 liccat,
1608 4014 1784 4053 verum
1825 3995 1971 4049 audit
2006 3994 2142 4047 Deus
2171 3992 2331 4045 etiam

762 4121 865 4158 non
893 4104 1173 4171 loquentes.
1192 4096 1390 4164 Sicque
1418 4091 1674 4163 praeclara
1699 4088 1851 4158 virgo
1873 4085 2119 4153 theologo
2139 4092 2331 4152 sponte

765 4203 1020 4265 protensa
1074 4188 1293 4256 lingua,
1373 4184 1473 4237 hac
1547 4196 1761 4251 quoque
1829 4185 2053 4232 cruenta
2112 4182 2332 4243 putatur

765 4300 951 4339 manu.
1007 4281 1280 4335 Decimam
1332 4276 1473 4330 hanc
1517 4273 1676 4327 lortis
1714 4270 1880 4325 animi
1920 4268 2064 4338 pugil
2102 4277 2331 4337 tyranno

762 4379 910 4433 dedit
960 4388 1196 4445 ptenam.
1254 4368 1487 4422 Decebat
1528 4366 1691 4428 enim,
1723 4373 1780 4417 ut
1809 4362 2026 4432 quidem
2055 4361 2328 4419 existimo,

762 4472 857 4540 qui
912 4467 1184 4538 pellectus
1233 4471 1379 4517 esset
1410 4462 1463 4513 in
1511 4459 1733 4521 malitia,
1774 4460 2035 4509 adversus
2062 4470 2181 4507 eam
2212 4468 2334 4522 ιμιω

1555 3276 1776 3331 tumque
1827 3275 1988 3313 orans
2044 3267 2102 3310 ut
2149 3257 2326 3308 fausto

2434 3284 2547 3330 τον,
2578 3266 2693 3336 τῆς.
2713 3266 3052 3337 ἐπικουρίας,
3083 3268 3178 3320 καὶ
3208 3267 3335 3336 ἄχρι
3365 3266 3463 3335 τῆς
3496 3265 3642 3334 ὥρας
3680 3266 3894 3334 ἐκείνης
3916 3267 4017 3317 άν-

2432 3359 2728 3429 τιλήψεως·
2789 3354 2909 3412 εἶτα
2937 3358 3097 3430 δεξιῷ
3124 3359 3265 3412 τέλει
3298 3358 3390 3411 τὸν
3423 3358 3622 3429 δρόμον
3677 3358 3893 3410 τελέσαι
3918 3355 4017 3408 τοῦ

2439 3450 2741 3521 μαρτυρίου
2768 3449 3021 3520 δεηθεῖσα
3041 3466 3056 3482 ·
3079 3451 3174 3503 καὶ
3201 3448 3373 3510 οὕτως
3398 3447 3637 3512 ἔντευξιν
3666 3446 3806 3518 ὑπὲρ
3838 3447 4021 3518 ἀρρω-

2436 3539 2703 3593 στούντων
2735 3538 2931 3609 ψυχὰς,
2984 3540 3412 3610 ἀρρωστούντων
3467 3538 3717 3607 σώματα,
3754 3538 3848 3592 καὶ
3874 3538 4017 3607 αὐτῇ

2436 3629 2718 3699 προσιέναι
2749 3630 3070 3700 μελλόντων,
3103 3630 3183 3701 τῷ
3207 3632 3396 3701 Κυρίῳ
3428 3630 3875 3701 προσενέγκασα·
3917 3631 4021 3684 καὶ

2438 3722 2625 3791 μέντοι
2652 3722 2749 3775 καὶ
2782 3722 2965 3791 φωνῆς
2989 3721 3280 3791 οὐρανόθεν
3305 3724 3410 3775 τῶν
3439 3722 3771 3791 αἰτουμένων
3803 3723 3901 3792 τὴν
3931 3722 4024 3774 δ’.

2438 3831 2522 3865 σιν
2564 3813 3049 3885 ὲπιμαρτυρούσης
3091 3814 3479 3879 ὲπακούσασα,
3537 3813 3736 3883 Δεῦρο,
3774 3814 3911 3882 φησὶ
3939 3814 4020 3880 τῷ

2433 3904 2648 3975 δημίῳ,
2679 3904 2745 3958 τὸ
2783 3905 3232 3974 παριστάμενόν
3260 3923 3359 3960 σοι
3404 3908 3582 3973 ποίει,
3617 3906 3815 3975 μηδὲν
3864 3910 4021 3960 ὑπί-

2435 3999 2857 4065 στελλόμενος.
2902 3999 2967 4050 Ei
3000 3998 3109 4067 γὰρ
3153 3997 3250 4051 καί
3292 3999 3352 4051 τὸ
3376 3998 3487 4065 τῆς
3524 3998 3729 4067 φωνῆς
3760 3999 4021 4066 ὄργανον

2433 4091 2736 4158 ἐκκόψεις,
2768 4090 2868 4142 ἵνα
2891 4089 2978 4158 μὴ
3000 4088 3118 4143 τῶν
3135 4090 3371 4157 ἐκείνης
3393 4091 3655 4157 ἡδίστων
3668 4091 4025 4159 ἐπιμνησθῶ

2435 4179 2863 4250 φωνῶν-μάλλὰ
2885 4181 2983 4233 καὶ
3006 4181 3370 4235 σιωπώντων
3402 4181 3605 4235 ἀκούει
3639 4184 3671 4235 ό
3707 4182 3868 4245 Θεός.
3907 4182 4023 4234 Καὶ

2434 4271 2577 4324 οὕτω
2600 4271 2696 4342 τὴν
2736 4271 2983 4339 θεολόγον
3020 4272 3270 4339 γλῶσσαν
3296 4271 3555 4335 ἑκουσίως
3580 4273 3613 4342 ἡ
3643 4271 4024 4341 καλλίμαρτυς

2438 4366 2855 4435 προτειναμένη,
2883 4366 2979 4418 καὶ
3011 4366 3178 4437 αὐτὴν
3193 4368 3339 4437 χειρὶ
3366 4367 3637 4437 μιαιφόνῳ
3666 4366 4019 4436 περιῄρηται.

2434 4457 2676 4526 Δεκάτην
2704 4456 2906 4524 ταύτην
2940 4459 2973 4526 ή
3005 4458 3407 4526 μεγαλότολμος
3438 4459 3640 4527 ὑπέσχε
3673 4458 3749 4527 τῷ
3772 4457 4024 4527 τυράννῳ

766 4565 1002 4634 perlecta
1068 4569 1212 4613 esset
1273 4559 1413 4609 inter
1468 4563 1773 4622 martyres,
1846 4548 2085 4618 perfecto
2147 4546 2326 4600 furore

2437 4549 2646 4616 ποινήν.
2678 4546 2825 4600 Ἔδει
2859 4547 2989 4617 γὰρ,
3015 4543 3189 4618 οἶμαι,
3210 4548 3301 4601 τὸν
3327 4550 3385 4602 ὲν
3416 4548 3586 4619 κακίᾳ¹
3616 4547 3843 4609 τέλειον,
3876 4548 4023 4599 κατὰ

760 4668 1161 4725 congressum,
1236 4647 1477 4718 perfecto
1542 4659 1806 4705 numero,
1874 4642 2019 4695 velut
2077 4640 2337 4708 antiquus

763 4748 853 4801 ille
911 4744 1159 4806 Pharao,
1219 4738 1432 4793 decimo
1498 4751 1526 4788 a
1593 4733 1702 4786 Deo
1754 4731 1963 4799 ﬂagello
2009 4743 2184 4783 caesus
2244 4726 2338 4779 ad-

763 4842 979 4907 hucque
1028 4834 1311 4888 induratus
1364 4827 1428 4890 “‘,
1482 4824 1872 4893 huncquoque
1899 4822 2084 4875 decem
2122 4817 2338 4887 tropaeis

764 4929 1039 4984 infamari.

836 5020 1063 5075 Fluebat
1093 5015 1253 5086 igitur
1284 5010 1523 5086 undique
1575 5004 1848 5076 pretiosus
1880 5001 2105 5071 virginis
2144 5015 2331 5065 cruor,

759 5128 938 5182 exque
996 5107 1272 5170 manibus,
1304 5112 1357 5158 et
1399 5079 1651 5172 pedibus,
1680 5105 1734 5151 et
1780 5112 1895 5157 ore,
1936 5106 1993 5149 et
2024 5094 2281 5149 uberibus
2316 5108 2331 5148 :

763 5216 1070 5273 t-m-pusque
1109 5198 1315 5254 all'atim
1345 5211 1408 5250 ac
1441 5202 1647 5257 sature,
1699 5192 1847 5245 velut
1888 5190 2035 5260 regia
2069 5202 2330 5259 purpura,

762 5295 1094 5363 ﬁngebatur.
1130 5288 1230 5343 Hic
1266 5287 1444 5342 lerunt
1476 5282 2037 5339 immaculatissimam
2071 5278 2335 5347 tantisper

759 5387 1093 5455 elanguisse.
1127 5377 1607 5448 Quemadmodum
1640 5374 1786 5429 enim
1810 5389 1932 5444 qua:
1956 5380 2209 5427 naturam
2236 5385 2331 5426 su-

832 5540 875 5571 '°
915 5538 1054 5593 Gen.
1084 5549 1233 5599 xm,
1287 5532 1376 5587 12.

832 5653 943 5723 (75)
986 5646 1240 5723 Μικρὸν.
1272 5640 1636 5723 ὀλιγωρῆσαι
1674 5636 2335 5723 .ldgfocﬂuasitenorem

764 5708 1028 5791 tantisper
1057 5708 1356 5791 remisisse,
1378 5708 1463 5769 ἐί
1483 5708 1643 5791 quod
1668 5708 1851 5791 mitius
1906 5708 2135 5791 reddidi,
2185 5709 2334 5761 clan-

761 5778 978 5865 gnisse';
1006 5799 1065 5844 ut
1095 5790 1235 5865 idem
1261 5788 1348 5839 hic
1375 5799 1438 5865 ea
1465 5778 1568 5865 ros
1602 5782 1870 5850 signiticet
1897 5778 2038 5848 quod
2068 5794 2331 5847 sequens,

761 5850 1085 5935 ἰλλυομένη.
1139 5855 1424 5928 Lipomani
1466 5856 1732 5922 interpr.,
1807 5865 1921 5905 cum
1951 5865 2139 5917 parum
2189 5850 2331 5916 defe-

2436 4638 2534 4706 τῆς
2556 4638 2765 4701 τελείας
2799 4639 2856 4690 ὲν
2886 4640 3121 4707 μάρτυσι
3160 4640 3327 4709 μανίᾳ
3370 4638 3556 4707 τελεία
3621 4636 4023 4706 προσϐαλόντα,

2438 4729 2495 4779 ὲν
2534 4727 2751 4797 ἀριθμῷ
2776 4728 2966 4797 τελείῳ
3019 4729 3162 4781 κατά
3206 4728 3299 4781 τὸν
3332 4728 3501 4781 πάλαι
3547 4726 3748 4795 Φαραὼ
3794 4726 4027 4787 δεκάκις

2438 4819 2574 4890 πρὸς
2601 4820 2734 4873 Θεοῦ
2756 4822 3210 4891 μαστιγούμενον,
3230 4820 3420 4873 καΥὲτι
3446 4820 3904 4891 σκληρυνόμενον,
3924 4823 4026 4871 καὶ

2442 4911 2637 4965 τοῦτον
2664 4913 2796 4967 δέκα
2825 4913 3109 4983 τροπαίοις
3136 4912 3568 4983 στηλιτεύεσθαι.

2512 5005 2702 5075 Ἐρῤει
2738 5004 2838 5075 μὲν
2892 4999 2985 5059 οὖν
3034 5002 3373 5073 πανταχόθεν
3403 5003 3464 5057 τὸ
3489 5003 3671 5073 τίμιον
3719 4996 3860 5069 αἷμα
3922 4999 4025 5069 τῆς

2440 5095 2730 5167 παρθένου,
2761 5096 2825 5150 ἐκ
2857 5113 2916 5149 τε
2940 5096 3159 5167 χειρῶν,
3188 5095 3253 5149 ἐκ
3280 5113 3339 5150 τε
3363 5095 3563 5160 ποδῶν,
3592 5094 3655 5148 lx
3686 5111 3743 5147 τε
3770 5092 3867 5146 τοῦ
3896 5094 4026 5145 στό-

2444 5204 2636 5256 ματος,
2675 5186 2738 5240 ἐκ
2761 5202 2820 5239 τε
2851 5186 2961 5239 τῶν
2985 5187 3229 5256 μαστῶν.
3276 5182 3637 5248 Ἐσαπτίζετο
3686 5184 3744 5236 δὲ
3772 5184 3832 5235 τὸ
3862 5182 4029 5250 σῶμα

2441 5280 2792 5350 κατακόρως,
2836 5272 2925 5332 οἷα
2976 5278 3040 5349 δὴ
3100 5277 3364 5349 βασιλέως
3424 5276 3701 5348 πορφύρα.
3758 5273 4032 5328 Ἐνταῦθα

2443 5371 2637 5442 μικρὸν
2696 5371 2795 5441 τὴν
2850 5369 3197 5441 πανάμωμον
3260 5369 3596 5441 όλιγωρῆσαι
3660 5368 3818 5435 λόγος
3883 5365 4028 5435 (75).

1479 5533 1520 5563 "
1565 5527 1711 5585 Psal.
1756 5542 1900 5589 ιιιν.
1963 5527 2019 5579 2.
2101 5527 2144 5557 ¹¹
2200 5525 2321 5581 i‘sal

2427 5542 2520 5586 Αἰ.
2562 5524 2615 5580 5.
2696 5525 2736 5558 ¹³
2777 5526 2923 5583 Psal.
2976 5542 3050 5592 ιι,
3107 5526 3200 5582 10.
3280 5526 3323 5556 ⁸⁸
3362 5523 3534 5579 Exod.
3582 5524 3735 5589 st,l.

2444 5642 2625 5721 cisset.
2676 5642 2767 5695 Sic
2802 5640 3004 5721 passim
3030 5640 3083 5694 in
3124 5639 3331 5721 sanctis
3380 5636 3527 5721 Deus
3552 5636 3791 5721 humana
3832 5633 4034 5689 miscet

2443 5714 2665 5793 divinis,
2699 5707 2921 5793 nequis
2944 5712 3006 5793 in
3037 5726 3094 5767 se
3120 5710 3408 5785 glorietur,
3435 5709 3530 5767 sed
3552 5708 3608 5766 in
3642 5707 3775 5774 Deo,
3812 5719 3880 5763 ex
3912 5720 4034 5767 «tuo

2443 5792 2555 5837 tota
2582 5783 2657 5837 illi
2682 5784 2853 5838 virtus
2875 5791 2978 5837 est.
