4186 6434
164 421 256 480 365

941 421 1222 483 ORATIO
1251 420 1434 481 XVII.
1466 444 1535 456 —
1590 418 1670 478 ΙΝ
1697 417 2006 479 LAUDEM
2038 419 2094 477 S.
2141 415 2600 477 ANASTASI/E.

3303 415 3408 478 366

168 533 365 596 Ὠσπερ
396 530 504 599 γὰρ
553 531 621 581 τα
655 531 795 600 ὑπὲρ
847 532 1009 600 φύσιν
1033 533 1119 584 διὰ
1168 533 1260 584 τὸν
1294 535 1432 603 ὑπὲρ
1459 532 1620 596 φύσιν
1674 533 1732 582 ἐν
1759 534 1804 590 Α
1836 538 2027 599 perant
2051 539 2269 598 propter
2297 546 2420 584 eum
2461 530 2552 597 qui
2584 544 2600 582 ι

1836 538 2027 599 perant
2051 539 2269 598 propter
2297 546 2420 584 eum
2461 530 2552 597 qui
2584 535 2776 582 natura
2804 527 3054 595 superior
3103 537 3210 593 est,
3244 531 3298 584 in
3343 547 3408 587 ea

165 622 289 689 αὑτῇ
324 621 675 690 μεμενηκότα
696 637 708 649 ·
737 620 878 673 οὕτω
910 624 1004 674 καὶ
1047 623 1116 674 τὰ
1144 624 1286 676 κατὰ
1311 624 1478 692 φύσιν
1522 623 1592 676 δι’
1624 621 1725 676 αὑ-

165 712 246 782 τὴν
283 713 536 783 ὁρᾶσθαι.
599 712 678 782 Τῇ
711 714 889 765 τοίνυν
933 715 1178 785 ἀπορῤοῇ
1237 714 1331 766 τοῦ
1369 714 1604 783 αἵματος
1634 715 1726 767 ὲκο

164 805 405 873 λυομένη,
445 802 639 873 μικρὸν
668 804 871 873 ⁴ᾔτησεν
905 803 1048 874 ὕδωρ
1095 807 1174 868 είς
1206 805 1462 858 ἔκκλυσιν
1490 806 1583 859 τοῦ
1610 807 1731 858 στό-

166 913 342 964 ματος.
393 895 670 949 Ἐπεδίδου
697 896 756 948 δέ
786 912 872 959 τις
911 898 1074 969 ἀνὴρ,
1103 898 1130 948 ὁ
1162 899 1258 967 μὲν
1296 900 1396 968 τὴν
1430 899 1730 968 θρησκείαν

164 990 268 1041 καθ’
299 991 452 1056 ἡμᾶς
475 1003 489 1016 ·
529 989 646 1041 κατ’
679 989 922 1054 ἐκείνους
954 991 1033 1052 δὲ,
1094 991 1254 1060 μέχρι
1307 990 1460 1043 τοῦδε
1512 989 1729 1059 νομιζό-

166 1097 328 1148 μενος.
369 1079 634 1150 Κύριλλος
685 1080 854 1151 ὄνομα
897 1082 974 1151 τῷ
1010 1081 1240 1152 ἀθλητῇ.
1302 1084 1398 1134 Ὃν
1445 1083 1473 1135 ὁ
1524 1082 1733 1153 Πρόϐος

166 1175 290 1239 ἰδὼν,
334 1177 433 1227 καὶ
462 1176 579 1244 οὐχὶ
613 1177 925 1247 συμπαθείᾳ
956 1180 1171 1246 φύσεως
1230 1178 1415 1247 μόνον,
1470 1176 1605 1228 ἀλλὰ
1637 1177 1730 1229 καὶ

162 1269 440 1335 ταυτότητι
473 1269 706 1333 πίστεως
738 1271 874 1340 πρὸς
907 1272 1005 1340 τὴν
1038 1272 1338 1340 ἀθλοφόρον
1383 1270 1728 1340 διακείμενον

163 1361 430 1428 ἐγνωκὼς,
499 1362 595 1430 τὴν
658 1364 753 1414 ἐπὶ
805 1362 1022 1434 θανάτῳ
1090 1363 1459 1434 προσέταττεν
1517 1363 1728 1428 ἀπάγε-

165 1456 289 1508 σθαι.

230 1549 380 1602 Ἐπεὶ
409 1551 467 1603 δὲ
499 1550 727 1620 λαμπρὰ
777 1551 873 1618 μὲν
907 1551 938 1617 ἡ
996 1551 1224 1621 αἰσχύνη
1279 1549 1621 1619 κατεκέχυτο
1649 1546 1727 1615 τῷ

163 1645 440 1710 πειραστῇ,
481 1642 839 1711 λαμπροτέρα
863 1641 920 1694 δὲ
947 1642 1125 1712 ήνίκη
1155 1642 1252 1711 τῆς
1281 1642 1589 1711 ὑπράθλου
1613 1639 1726 1708 (76)

163 1733 520 1798 κατεφαίνετο,
581 1732 672 1785 τὸν
721 1733 820 1801 τῆς
863 1734 1168 1804 μαρτυρίας
1219 1733 1318 1802 μὲν
1359 1731 1574 1784 δίαυλον
1629 1748 1726 1783 πε-

165 1823 494 1891 ραινομένης,
524 1811 689 1891 ἐγγὺς
719 1824 775 1876 δὲ
803 1825 908 1876 τῶν
953 1824 1238 1892 στεφάνων
1284 1824 1595 1891 γινομένης,
1635 1821 1722 1886 ἐξ-

1836 621 2208 692 perstiterant,
2241 622 2320 675 sic
2341 631 2395 675 et
2423 623 2542 690 ejus
2575 619 2750 690 gratia
2791 619 2904 672 visa
2937 634 3022 685 ea,
3054 636 3176 690 qua:
3223 632 3410 678 essent

1832 730 1892 768 ex
1929 723 2146 768 natura.
2179 713 2404 766 Cruoris
2441 712 2606 782 igitur
2638 711 2792 781 copia
2833 711 3244 779 elanguescens,
3285 728 3405 766 mo-

1832 807 2005 859 dicam
2057 821 2255 872 aquam
2309 804 2481 872 petiit,
2517 820 2621 872 qua
2655 820 2718 857 os
2747 805 2972 857 clueret.
3023 805 3272 859 Porrexit
3323 806 3408 858 vir

1833 896 2080 965 quidam,
2131 896 2479 951 Christianus
2539 897 2752 964 quidem
2807 897 3092 967 religione,
3165 896 3258 949 sed
3312 897 3402 964 qui

1837 990 2099 1044 hactenus
2150 988 2433 1058 gentilium
2494 996 2654 1040 sectae
2709 988 3158 1042 existimaretur:
3207 986 3406 1056 Cyrillo

1835 1080 2048 1133 athleta:
2074 1095 2269 1134 nomen
2297 1088 2432 1133 erat.
2458 1077 2576 1144 Quo
2597 1077 2806 1130 Probus
2832 1085 3142 1146 conspecto,
3174 1092 3274 1132 nec
3307 1093 3406 1130 na-

1833 1181 1968 1225 tura:
1991 1169 2167 1225 solum
2201 1171 2570 1233 niiscratEOue,
2605 1168 2696 1222 sed
2722 1177 2774 1220 et
2817 1169 3059 1235 ejusdem
3103 1168 3222 1222 lidei
3249 1184 3402 1222 com-

1832 1264 2038 1318 mercio
2102 1264 2156 1316 in
2199 1263 2434 1331 pugilem
2485 1276 2754 1331 propense
2787 1258 3040 1313 allectum
3074 1259 3401 1333 intelligens,

1831 1372 1950 1411 eam
1983 1371 2104 1426 qua:
2125 1357 2192 1408 ad
2222 1364 2452 1409 mortem
2494 1364 2595 1418 est,
2627 1355 2750 1408 duci
2778 1353 3054 1424 praecepit.

1902 1537 2058 1600 Quod
2117 1549 2247 1588 vero
2295 1534 2549 1587 tentatori
2607 1532 2889 1603 splendida
2943 1533 3114 1587 oll‘osa
3155 1532 3405 1587 conlusio

1829 1639 1965 1694 erat,
2010 1628 2472 1698 splendidiorque,
2522 1641 2687 1695 quam
2733 1640 2830 1695 pro
2869 1625 3229 1678 certaminum
3284 1624 3399 1678 alea

1829 1723 2118 1792 superiori,
2156 1721 2380 1776 \ictoria
2418 1719 2718 1786 affulserat,
2754 1734 2876 1788 quae
2912 1727 2968 1772 et
3001 1717 3244 1786 martyrii
3296 1728 3407 1771 sta-

1834 1817 1984 1870 dium
2017 1816 2215 1876 tiuiret,
2251 1828 2315 1866 ac
2344 1827 2509 1881 prape
2533 1813 2644 1881 jam
2676 1826 2910 1865 coronas
2934 1809 3406 1879 aspiceret.ejecta

163 1889 439 1982 ἐνεχθῆναι
464 1931 521 1964 τε
559 1889 655 1982 ei;
685 1915 912 1978 πόλεως,
955 1889 1540 1980 καὶνκαρατομηθῆναι-
1558 1927 1724 1963 κατα-
1757 1889 1798 1946 Β
1831 1906 1987 1965 urbe,
2027 1904 2206 1972 capite
2231 1902 2389 1972 plecti
2421 1902 2596 1956 conde

1831 1906 1987 1965 urbe,
2027 1904 2206 1972 capite
2231 1902 2389 1972 plecti
2421 1902 2785 1956 condemnata
2806 1911 2910 1954 est.
2943 1900 3062 1954 Non
3093 1902 3237 1955 enim
3264 1900 3404 1954 ultra

165 2005 414 2073 κέκριται.
447 2005 522 2056 Οὐ
553 2004 662 2073 γὰρ
697 2003 893 2074 ἔφερεν
921 2004 950 2056 δ
999 2004 1408 2070 ἀνταγωνιστὴς
1445 2001 1546 2064 ἔτι,
1581 2003 1723 2055 ἁπα-

162 2094 243 2163 λῆς
268 2097 372 2147 ὑπὸ
406 2096 576 2166 κόρης
615 2093 1051 2160 καταπαίξεσθαι
1080 2093 1257 2146 ποσίν.
1299 2093 1443 2144 Ἔδει
1492 2091 1548 2142 δὲ
1583 2089 1723 2142 κατὰ

163 2189 237 2238 τὸν
258 2186 555 2254 Αἰγύπτιον
585 2189 676 2242 καὶ
705 2187 896 2240 τοῦτον
925 2186 1381 2256 σκληρυνόμενον,
1430 2184 1520 2236 καὶ
1561 2184 1722 2250 ἐσχα-

165 2297 239 2331 τον
262 2281 320 2350 δὴ
351 2282 515 2334 τοῦτο
556 2281 699 2334 κατά
724 2283 823 2351 τῆς
859 2282 1244 2354 Ἰσραηλίτιδος
1273 2281 1476 2348 ταύτης
1529 2276 1722 2339 παιδὸς

163 2374 720 2442 ἐστρατοπεδευκότα,
783 2373 884 2443 τῆς
948 2376 1048 2444 μὲν
1110 2372 1414 2442 ἀστοχῆσαι
1479 2371 1720 2433 πάντως,

164 2468 390 2538 καθάπερ
427 2469 695 2536 ἀμιάντου
721 2469 1076 2537 περιστερᾶς,
1114 2469 1180 2537 τῇ
1207 2466 1467 2536 διαιρέσει
1493 2464 1594 2532 τῆς
1627 2479 1720 2515 κε-

164 2560 312 2629 φαλῆς
348 2561 459 2612 ἀπ’)
490 2560 582 2611 τοῦ
631 2559 881 2629 σώματος
938 2556 1392 2626 ἑκπετασθείσης,
1444 2556 1538 2608 καὶ
1583 2553 1722 2624 πρὸς

164 2653 372 2712 τὰςᾰνω
406 2652 871 2722 κατευθυνθείσης
915 2651 1120 2722 μονάςο
1167 2649 1258 2702 τοῦ
1313 2650 1370 2702 δὲ
1435 2651 1547 2711 τοϊς
1592 2649 1719 2716 ὲρυ-

163 2745 344 2810 θραὶοις
398 2744 632 2811 αῖμασιν
668 2743 886 2812 ἐκείνης
943 2740 1400 2807 ὲναποπνιγέντος
1423 2781 1436 2803 ,
1470 2741 1564 2791 καὶ
1597 2737 1722 2789 ταύ-

163 2853 244 2904 την
271 2836 330 2903 δὴ
379 2836 607 2888 κόλασιν
645 2833 856 2887 ἔνδικον
888 2834 984 2901 τῆς
1040 2831 1386 2900 ἀδικωτάτης
1420 2828 1722 2891 ἐπιθέσεως

164 2927 536 2996 ὑπεσχηκότος.

219 3016 392 3079 Οὕτως
438 3015 768 3069 Ἀναστασία
820 3015 911 3068 τὸν
960 3014 1135 3084 βαρὺν
1159 3013 1468 3083 ἀντίζηλον,
1492 3013 1581 3065 τὸν
1613 3013 1719 3081 ψυ-

163 3109 401 3177 χοφθὸρον
449 3109 595 3175 ὅφιν,
643 3109 736 3160 τὸν
771 3107 1016 3176 σφοδρῶς
1076 3107 1175 3176 μὲν
1208 3109 1328 3158 κατ’
1359 3107 1530 3175 αὐτῆς
1557 3108 1720 3176 ὲρῥαο

1830 1998 2036 2052 l‘erebat
2070 1997 2440 2060 adversarius,
2472 2005 2528 2049 ut
2560 1996 2790 2049 delicata
2817 1995 2994 2064 puella
3022 1995 3402 2056 eoneuleante,

1827 2091 1875 2144 ei
1916 2091 2254 2144 illuderetur.
2292 2087 2524 2143 Decebat
2545 2088 2689 2141 enim
2719 2093 2780 2140 ut
2806 2086 2950 2142 \elut
2981 2086 3271 2156 Egyptius
3292 2087 3400 2152 ille,

1836 2183 1923 2237 hic
1963 2197 2180 2252 quoque
2232 2181 2540 2244 induratus,
2573 2189 2847 2249 postrema
2879 2181 2980 2234 hac
3007 2181 3271 2234 adversus
3317 2178 3400 2233 Is-

1828 2276 2126 2330 raelitidem
2161 2277 2319 2329 istam
2354 2274 2721 2343 expeditione,
2752 2287 2852 2328 suo
2887 2273 2940 2326 in
2996 2271 3142 2326 illam
3176 2286 3400 2341 prorsus

1826 2379 2024 2423 conatu
2068 2366 2453 2428 frustraretur,
2487 2382 2610 2436 qua:
2649 2368 2795 2420 velut
2837 2363 3261 2418 iueontaminata
3309 2377 3404 2417 co-

1825 2460 2029 2524 lumba,
2057 2459 2291 2512 dissecta
2322 2459 2534 2512 cervice
2561 2472 2589 2510 a
2618 2471 2849 2526 corpore
2883 2456 3178 2518 evolasset,
3226 2465 3281 2509 et
3332 2456 3399 2508 ad

1823 2549 2066 2603 cwlestia
2109 2548 2417 2602 habitacula
2463 2557 2611 2602 recta
2661 2554 3045 2610 commeasset,
3073 2545 3165 2599 illo
3218 2545 3400 2600 rubris

1824 2641 1970 2694 illius
2000 2655 2258 2694 cruorum
2306 2639 2564 2694 lluctihus
2623 2639 2910 2704 sutl‘ocato,
2967 2639 3178 2707 hacque
3211 2638 3400 2708 utique

1820 2734 1965 2803 justa
1992 2747 2148 2802 pugna
2175 2732 2535 2802 iniquissimae
2569 2731 2942 2800 aggressiouis
2975 2731 3225 2785 multato.

1895 3019 1950 3074 lu
1986 3023 2130 3074 hunc
2159 3022 2341 3087 itaque
2370 3021 2590 3074 modum
2629 3018 2937 3082 Auastasia,
2965 3033 3180 3088 gravem
3227 3035 3399 3074 remu-

1823 3113 1956 3176 lmu,
2016 3115 2323 3166 animarum
2387 3120 2765 3182 corruptorem
2842 3122 3170 3181 serpentem,
3223 3111 3400 3165 valide

161 3200 302 3264 γέντα
326 3238 340 3261 ,
377 3200 740 3268 σφοδρότερον
766 3200 823 3251 δὲ
854 3198 1052 3268 ταύτης
1085 3198 1506 3269 ἑκκρουσθέντα,
1543 3198 1716 3252 καθά·
1744 3234 1786 3292 C
1822 3221 1952 3258 sane
1983 3205 2034 3258 in
2071 3219 2192 3259 eam
2246 3219 2585 3274 aggressum,

1823 3221 1952 3258 sane
1983 3205 2034 3258 in
2071 3219 2192 3259 eam
2246 3219 2585 3274 aggressum,
2628 3204 2972 3272 validiusque
3004 3203 3071 3256 ab
3104 3217 3166 3256 ea
3216 3201 3399 3270 repul-

162 3307 249 3359 περ
279 3292 444 3360 πηλὸν
502 3292 772 3343 πλατειῶν
812 3293 923 3352 τοῖς
967 3290 1191 3360 ὡραίοις
1221 3291 1349 3341 ποσὶ
1381 3289 1716 3343 καταλεάναο

161 3399 231 3449 σα,
275 3387 350 3448 εἰς
391 3385 533 3455 χάος
564 3386 847 3454 ἀμήχανον
903 3383 998 3436 καὶ
1046 3384 1332 3452 χηραμοὺς
1388 3383 1718 3453 ταρταρίους

161 3475 484 3546 ἑξερρίιίατο.
521 3477 669 3547 Αὐτὴ
703 3477 759 3529 δὲ
791 3476 957 3537 θείοις
1003 3473 1256 3542 ἀγγέλοις
1301 3475 1500 3545 ἑαυτὴν
1542 3493 1719 3542 παρα-

159 3567 357 3638 θεμένη,
418 3568 783 3638 ἀρχαγγέλοις
844 3565 1231 3635 ὁδοποιουμένη
1256 3605 1271 3629 ,
1309 3567 1400 3617 καὶ
1431 3567 1628 3627 πάσαις
1660 3567 1715 3617 δὲ

159 3660 254 3718 ταῖς
279 3657 674 3728 ὑπερκοσμίοις
702 3656 963 3724 δυνάμεσι
1021 3655 1476 3726 προπεμπούσαες
1508 3658 1602 3708 καὶ
1632 3656 1716 3708 δε·

159 3746 444 3817 ξιουμέναις
487 3750 683 3818 αὐτὴν,
739 3747 1062 3817 κλεῐζομὲνη
1093 3748 1190 3800 καὶ
1245 3747 1712 3817 συγκροτουμένη,

157 3841 217 3909 τῷ
237 3841 442 3910 βασιλεί
473 3842 571 3895 καὶ
605 3840 825 3911 νυμφίῳ
858 3840 998 3911 μετά
1028 3841 1186 3908 δόξης
1218 3841 1552 3911 προσάγεται
1577 3842 1714 3910 Χρι-

159 3930 246 3999 στῷ
262 3947 273 3960 ·
297 3930 659 4001 ἀμαραντίνῳ
688 3931 1091 4000 καταστέφεται
1116 3931 1216 4000 τὴν
1239 3931 1483 4000 κεφαλήν
1502 3947 1518 3963 ο
1552 3932 1715 4000 ἀμοι-

157 4021 237 4084 6‘1;
257 4023 556 4090 ἀναλόγους
587 4021 696 4074 τῶν
728 4022 905 4075 πόνων
925 4064 939 4085 ,
964 4022 1163 4091 μᾶλλον
1187 4021 1244 4074 δὲ
1272 4022 1452 4092 πολλῷ
1475 4023 1714 4093 κρείσσω

156 4117 229 4165 nl.
277 4116 590 4185 ὑψηλότερα
640 4115 791 4183 παρά
840 4117 939 4184 τῆς
970 4115 1180 4167 ἐκείνου
1218 4113 1486 4182 λαμϐάνει
1513 4113 1712 4178 δεξιᾶς.

155 4203 218 4256 Ta
248 4205 536 4274 πανώραια
564 4203 622 4257 δὲ
651 4205 748 4272 τῆς
776 4205 1041 4273 ἀμιάντου
1078 4205 1238 4274 μέλη,
1270 4206 1337 4257 τὰ
1360 4204 1559 4268 παντὸς
1585 4223 1715 4276 χρυ-

156 4297 249 4347 σίου
287 4298 622 4367 τιμιώτερα,
681 4296 750 4347 τὰ
799 4296 997 4359 παντὸς
1045 4297 1192 4348 λίθου
1227 4297 1412 4367 τιμίου
1447 4299 1714 4368 τιμαλφέι

157 4388 474 4456 στιτα,γυψὶ
519 4387 625 4457 μὲν
655 4387 750 4439 καὶ
776 4387 938 4457 θηρσὶ
967 4387 1152 4459 βορὰν,
1186 4390 1213 4440 ὁ
1246 4387 1428 4458 θηρῶν
1455 4389 1712 4443 ἁπάντων

154 4480 402 4545 ὼμὸτατος
429 4480 738 4534 ἐκδέδωκεν
760 4495 771 4508 ·
804 4481 1056 4548 ἀνέπαφα
1085 4479 1142 4533 δὲ
1160 4480 1389 4544 τούτοις,
1415 4482 1510 4534 καὶ
1536 4481 1713 4550 ἀψαυ-

1822 3310 1963 3359 sum,
1999 3311 2123 3349 cum
2161 3294 2307 3350 sicut
2336 3296 2509 3348 lutum
2543 3295 2842 3363 platearum
2882 3296 2924 3325 "
2955 3293 3218 3362 speciosis
3241 3291 3397 3362 pedi-

1823 3385 1923 3437 bus
1951 3384 2388 3447 comminuisset,
2417 3383 2468 3435 in
2504 3384 2830 3435 immensum
2856 3383 3024 3435 chaos
3051 3390 3398 3451 tartareaque

1821 3477 1990 3530 lustra
2027 3475 2319 3544 let-easque
2347 3473 2573 3544 projecit
2607 3489 2619 3524 :
2653 3473 2769 3541 ipsa
2796 3487 2922 3526 vero
2960 3472 3158 3526 divinis
3187 3473 3394 3544 angelis

1820 3585 1940 3624 sese
1981 3568 2397 3631 commendans,
2446 3566 2796 3635 archangelis
2844 3565 2988 3618 viam
3042 3565 3391 3630 facientibus,

1817 3663 2140 3730 cunctisque
2191 3659 2676 3729 supercmlestibus
2735 3657 3094 3726 potestatibus
3146 3671 3396 3725 praeeun-

1820 3757 1968 3809 tibus
1997 3769 2229 3822 eamque
2253 3752 2670 3822 accipientibus,
2701 3751 2990 3817 magniﬁco
3021 3759 3217 3803 ornatu
3237 3749 3394 3819 plau-

1818 3863 1989 3915 suque
2013 3846 2235 3899 Chris‘o
2270 3843 2400 3913 Regi
2442 3858 2502 3896 ac
2527 3842 2744 3910 Spouso
2777 3857 2901 3896 cum
2938 3841 3106 3910 glaria
3131 3839 3390 3898 oll‘ertur:

1818 3936 2256 3990 imiuareeseihili
2323 3943 2472 3989 serto
2532 3941 3084 4008 caputlcoronatur;
3170 3945 3270 4001 pro
3313 3932 3394 3985 la-

1817 4029 2010 4083 borum
2064 4029 2272 4082 ratione
2329 4027 2505 4096 justas
2552 4026 2697 4081 vices
2738 4025 3005 4095 (quinimo
3065 4026 3224 4094 longe
3275 4039 3392 4078 me-

1815 4119 1954 4173 liora
2012 4119 2479 4188 sublimioraque)
2537 4119 2605 4171 ah
2663 4119 2808 4172 illius
2879 4116 3078 4182 accipit
3144 4116 3388 4170 dextera.

1817 4211 2236 4266 Formosissima
2259 4225 2388 4265 vero
2424 4211 2760 4264 intemerata:
2789 4211 3055 4272 membra,
3080 4221 3214 4262 auro
3253 4223 3393 4277 quo-

1817 4304 1898 4356 vis
1938 4304 2282 4372 pretiosiora,
2340 4302 2600 4370 onmique
2649 4301 2824 4371 lapide
2859 4301 3097 4370 pretioso
3145 4299 3387 4364 cariora;

1816 4394 2124 4448 vulturibus
2155 4393 2476 4462 bestiisque,
2532 4393 2600 4446 ah
2637 4393 2857 4447 homine
2916 4391 3104 4446 bestiis
3132 4392 3390 4446 omnibus

1817 4485 2145 4539 immensum
2169 4483 2462 4538 crudeliori
2497 4499 2678 4538 escam
2714 4484 2861 4547 data,
2901 4483 2967 4536 iis
2991 4497 3118 4536 vero
3157 4482 3386 4545 intacta,

156 4587 230 4622 στα
253 4573 337 4624 διὰ
363 4571 636 4641 προνοίας
668 4571 762 4624 τοῦ
795 4572 971 4624 πάντα
999 4571 1069 4624 τὰ
1099 4571 1209 4624 τῶν
1238 4571 1464 4626 δικαίων
1497 4573 1705 4641 φυλάσ-
1740 4568 1789 4628 D
1818 4575 2063 4644 nihilque
2092 4575 2214 4628 laeta
2250 4574 2396 4629 illius
2427 4576 2600 4644 provit

1823 4575 2063 4644 nihilque
2092 4575 2214 4628 laeta
2250 4574 2396 4629 illius
2427 4575 2765 4644 providentia
2798 4583 3037 4638 servata,
3071 4575 3163 4642 qui
3195 4584 3384 4628 custo-

154 4675 304 4721 εονῖος
347 4663 510 4723 ὀστᾶ,
587 4662 956 4731 μεμενηκότα,
1015 4663 1079 4732 τῇ
1138 4662 1259 4733 ίερᾷ
1308 4664 1443 4732 πρὸς
1485 4664 1706 4733 κηδείαν

154 4752 433 4805 εποδέδοται
466 4752 648 4821 Σοφίᾳ
671 4767 685 4780 ο
723 4752 816 4804 καὶ
845 4753 964 4806 τίνα
991 4753 1227 4822 τρόπον;
1264 4755 1398 4808 Οὐδὲ
1421 4756 1528 4827 γὰρ
1550 4755 1706 4810 τοῦτο

156 4843 340 4910 σιγῆσαι
369 4845 616 4898 δίκαιον.

214 4935 436 5002 Ἠγωνία
465 4936 572 5005 μὲν
614 4935 743 5004 γάρ,
778 4937 852 5000 ὡς
882 4936 1045 5001 είκὺς,
1101 4937 1134 5007 ἠ
1166 4937 1301 5007 καλὴ
1332 4939 1511 5009 μήτηρ
1566 4940 1705 5009 ὑπὲρ

153 5022 226 5090 τῆς
252 5029 383 5080 κατά
425 5026 656 5096 πνεῦμα
688 5028 981 5098 καλλίστης
1006 5028 1593 5100 007a196;.-'H7m‘1ia,
1631 5034 1704 5102 μή

153 5128 186 5160 τι
216 5118 326 5186 περὶ
368 5120 470 5181 τὰς
510 5118 789 5188 βασάνους
827 5120 1050 5186 ἀγεννὲς
1103 5121 1372 5186 παθοῦσα,
1433 5125 1530 5186 τὰς
1574 5125 1706 5178 ὐπο-

156 5208 331 5274 ςχέπεις
373 5211 771 5282 διαψεύσηται.
818 5215 1084 5284 Ἐῤῥιπτο
1139 5215 1316 5266 τοίνυν
1349 5217 1433 5268 ἐπ’
1474 5217 1706 5287 ἐδάφους

154 5299 258 5351 οἴκοι
307 5305 787 5374 κατακεκλιμένη,
857 5305 952 5358 καὶ
1008 5308 1230 5376 γοεραίς
1281 5308 1550 5376 οἰμωγαῖς
1613 5311 1702 5362 τὸν

208 5499 240 5529 ’⁸
265 5499 397 5558 Psal.
437 5520 577 5566 mi,
616 5504 706 5559 45.
787 5506 1002 5563 "Psal.
1031 5523 1222 5575 xxxiii,
1251 5511 1342 5564 2i.

202 5678 298 5757 .(76)
342 5685 399 5740 Ἠ
426 5687 576 5752 νίκη
607 5685 723 5753 τῆς
773 5684 1136 5754 ὑπεράθλου.
1170 5688 1334 5754 Quasi
1371 5690 1481 5756 jam
1521 5700 1700 5747 certa-

160 5759 540 5828 rinngnmerita,
567 5765 628 5810 et
667 5771 788 5828 qua;
824 5759 974 5826 plura
1028 5774 1090 5828 ac
1119 5775 1283 5828 supra
1335 5764 1554 5816 modum
1608 5764 1694 5817 illa

159 5821 427 5882 desedisset
461 5847 473 5880 :
507 5821 714 5881 novem
759 5821 870 5896 jam
920 5821 1203 5898 perfuncta
1267 5835 1556 5889 tormentis
1596 5849 1612 5900 ;
1647 5844 1703 5889 et

1814 4669 1892 4722 dit
1916 4667 2098 4722 omnia
2117 4681 2246 4722 ossa
2279 4666 2548 4736 justorum
2574 4668 2638 4730 “,
2672 4675 2876 4720 sanetae
2903 4667 3119 4735 Sophim
3145 4666 3211 4719 ad
3238 4667 3384 4735 justa

1815 4760 1884 4814 iis
1916 4758 2276 4828 persolvenda
2308 4757 2514 4812 reddita
2552 4767 2702 4812 sunt.
2745 4761 2812 4810 At
2842 4772 3082 4826 quonam
3115 4757 3166 4810 id
3188 4758 3387 4811 modo?

1812 4849 1996 4920 Neque
2025 4852 2170 4904 enim
2207 4852 2431 4906 reticere
2459 4866 2638 4918 Opera:
2669 4851 2897 4920 pretium
2928 4857 3033 4904 est.

1885 4943 2092 4996 Etenim
2115 4944 2274 4996 auxia
2299 4944 2492 4996 merito
2520 4951 2639 4997 erat
2668 4943 2836 5012 proba
2865 4953 3038 4996 mater
3053 4957 3152 5010 pro
3174 4939 3380 5010 Optima

1810 5049 1874 5089 ac
1928 5035 2294 5104 pulcherrima
2345 5034 2646 5089 secundum
2695 5034 2947 5102 spiritum
3007 5034 3136 5087 lilia.
3211 5034 3370 5087 Auxit

1809 5137 1926 5182 erat
1955 5134 2117 5194 atque
2143 5125 2367 5180 timebat
2399 5141 2467 5181 ne
2497 5127 2778 5196 degeneris
2807 5125 3013 5195 aliquid
3046 5121 3213 5178 animi
3239 5122 3373 5174 inte:

1811 5229 2078 5274 tormenta
2121 5217 2197 5272 illi
2229 5217 2520 5281 accideret,
2556 5234 2618 5272 ac
2649 5219 2972 5288 sponsiones
3008 5225 3240 5284 votaque
3270 5211 3374 5265 [διο

1813 5313 1968 5368 leret.
2005 5311 2162 5366 Nudo
2193 5310 2378 5380 itaque
2418 5312 2658 5382 projecta
2685 5312 2803 5368 solo
2847 5312 2991 5365 domi
3021 5309 3259 5380 jacehat,
3294 5305 3378 5360 lu-

1807 5696 1894 5750 cui
1936 5713 2104 5780 unum
2135 5699 2497 5758 novissimum
2513 5707 2739 5757 restaret
2756 5714 2821 5755 ac
2841 5698 3134 5766 decimum,
3155 5706 3372 5754 exsecta

1806 5784 2040 5826 εει-νιεε.
