4186 6434
739 402 837 461 367

1922 395 1967 452 Ν
1984 393 2212 454 lCET/E
2269 393 2794 453 PAPIILAGONIS

3882 393 3987 452 363

738 512 1005 582 gnbriqne
1029 508 1231 579 gemitu
1263 508 1514 578 querula,
1550 507 1776 577 supplex
1840 508 2180 561 Altissimum
2216 519 2304 559 ro-

2410 505 2673 575 ’Υψιστον
2719 503 2993 575 ἐλιπάρει,
3049 503 3127 575 μὴ
3178 504 3478 575 ἡττηθῆναι
3524 505 3621 573 τὴν
3673 506 3839 559 παῖδα
3878 510 3987 559 τῶγ

740 604 919 672 gabat,
948 616 1013 654 ne
1045 600 1150 652 tilia
1195 599 1474 653 blanditiis
1514 599 1747 664 cetlert-t,
1782 616 1850 651 ne
1883 600 2046 652 minis
2086 599 2304 666 subige-

743 704 913 753 retur,
953 707 1018 744 ne
1049 693 1335 745 tormentis
1363 690 1694 753 ﬂecteretur,
1730 706 1795 744 ne
1841 691 2037 743 minori
2073 702 2305 757 usquam

739 784 1042 841 constantia
1084 782 1526 852 persecutoribus
1595 792 1899 853 appareret.
1967 780 2065 835 Ubi
2124 790 2304 834 autem

740 895 777 928 I't
800 892 824 929 s
856 876 930 930 illi
966 874 1142 930 fausto
1165 883 1528 937 successerat,
1583 876 1864 945 virgoque,
1891 888 2054 943 quam
2087 872 2175 927 illa
2206 887 2304 925 es-

738 978 1091 1038 spectaverat.
1126 968 1339 1021 meliori
1382 969 1529 1021 exitu
1580 980 1736 1022 nacta
1783 967 2306 1021 consummationem

737 1070 874 1122 crat,
904 1062 976 1112 rei
1012 1061 1236 1114 nuntius
1267 1060 1442 1130 angeli
1478 1060 1543 1114 atl
1572 1076 1690 1114 eam
1720 1058 1989 1129 perfertur
2016 1073 2175 1112 voce:
2200 1072 2309 1127 quo

739 1150 856 1218 ipso
894 1150 1056 1203 etiam
1095 1150 1351 1204 vizeduce
1384 1166 1505 1216 usa,
1549 1150 1903 1217 collectisque
1965 1148 2310 1219 triumphalis

738 1242 992 1313 martyris
1034 1243 1352 1313 segmentis,
1378 1253 1539 1313 atque
1570 1242 1785 1295 mundis
1819 1242 1999 1296 linteis
2029 1241 2306 1303 involutis,

738 1334 1021 1404 multoque
1053 1335 1422 1404 lacrymarun.
1456 1334 1630 1387 imbre
1674 1332 1936 1402 perfusis,
1970 1331 2306 1403 ejusccmodi

739 1427 967 1481 vocibus
999 1425 1260 1496 prwclare
1295 1424 1574 1479 victricem
1616 1424 1881 1479 aﬂ'abatur
1916 1448 1927 1478 ;

807 1606 953 1661 Filia
982 1624 1117 1673 utea,
1142 1607 1344 1669 aiebat,
1405 1607 1773 1660 anmntissima
1797 1606 1937 1673 ﬁlia,
1961 1622 2119 1674 quam
2143 1608 2205 1658 ab
2228 1608 2312 1659 iit-

738 1700 912 1768 fantia
950 1700 1205 1769 pra-clare
1239 1699 1477 1761 educavi,
1512 1714 1574 1751 ac
1619 1698 1834 1767 pietatis
1867 1697 2195 1751 documentis
2230 1698 2313 1749 in-

738 1791 891 1844 stitui
952 1807 971 1845 :
1020 1790 1288 1856 omnisque
1338 1790 1542 1855 generis
1597 1789 1811 1842 virtutis
1868 1788 2049 1840 modos
2096 1786 2309 1849 docens,

2408 598 2707 650 κολακειῶν
2731 640 2746 663 ,
2799 598 2873 667 μὴ
2901 597 3231 668 χειρωθῆναι
3265 599 3388 661 ταῖς
3421 598 3676 660 ἀπειλαῖς
3701 638 3717 663 ,
3769 600 3844 672 μὴ
3879 619 3987 654 κα-

2406 689 2792 758 τακαμφθῆναι
2816 690 2935 750 ταῖς
2960 688 3252 759 τιμωρίαις
3268 728 3286 755 ,
3308 690 3367 742 ὲν
3396 690 3584 759 μηδενὶ
3606 689 3717 743 τῶν
3737 691 3987 746 διωκτῶν

2407 779 2553 848 ἥττω
2606 779 2860 849 φανῆναι.
2925 779 3073 831 Ἐπεὶ
3102 779 3157 832 δὲ
3195 780 3265 833 τὰ
3310 780 3432 832 κατ’
3475 781 3646 851 αὐτὴν
3679 782 3862 853 ἀπέϐη
3892 784 3985 836 δε-

2410 869 2555 933 ξιῶς,
2597 870 2693 923 καὶ
2721 870 2794 933 ὡς
2817 871 2923 924 οὐδ’
2958 872 3024 925 ἂν
3048 872 3185 943 αὑτὴ
3217 872 3637 943 προσεδόκησεν,
3669 875 3987 944 κρείττονος

2409 957 2443 1026 ὴ
2469 956 2729 1026 παρθένος
2774 958 2931 1029 ἔτυχε
2975 961 3073 1030 τῇς
3120 959 3475 1024 τελειώσεως,
3528 963 3857 1029 ἀγγέλλεται
3888 966 3993 1035 μὲν

2408 1046 2542 1117 αὐτῇ
2592 1047 2748 1100 τοῦτο
2796 1048 2864 1100 δι’
2894 1049 3128 1118 ἀγγέλου
3176 1051 3395 1121 φωνῆς’
3422 1051 3571 1123 αὐτῷ
3600 1052 3658 1106 δὲ
3685 1055 3861 1126 τούτῳ
3892 1057 3994 1109 καὶ

2409 1138 2742 1209 καθηγεμόνι
2790 1139 2887 1210 τῆς
2941 1140 3063 1193 ὁδοῦ
3118 1142 3397 1214 χρωμένη,
3452 1146 3548 1199 καὶ
3578 1144 3646 1198 τὰ
3685 1145 3785 1215 τῆς
3821 1147 3993 1210 ἀθλη-

2409 1228 2578 1298 φόρου
2604 1231 2871 1307 τμήματα
2925 1230 3306 1303 συλλεξαμὲνη
3333 1274 3348 1297 ,
3381 1234 3476 1286 καὶ
3511 1235 3777 1307 καθαραῖς
3815 1236 3995 1289 ταῦτα

2411 1322 2642 1375 σινδόσιν
2689 1322 3117 1393 ὲντυλιξαμένη,
3183 1326 3414 1395 δάκρυσί
3449 1343 3507 1378 τε
3560 1328 3993 1382 καταδιαίνουσα

2411 1411 2657 1475 πολλοῖς,
2701 1414 2941 1468 τοιούσδε
2997 1414 3187 1484 λόγους
3232 1418 3298 1486 τῇ
3348 1417 3649 1487 καλλινίκῳ
3704 1418 3992 1487 προσεφώ-

2412 1521 2491 1556 νει
2514 1520 2527 1535 ’

2485 1596 2705 1652 Τέκνον
2736 1598 2899 1667 ἐμὸν,
2965 1599 3221 1666 λέγουσα,
3278 1601 3691 1669 πανέραστον·
3744 1601 3987 1666 τέκνον,

2413 1690 2444 1743 ὃ
2480 1689 2785 1745 παιδιόθεν
2818 1689 3017 1757 καλῶς
3046 1692 3470 1762 ἀνεθρεψάμην
3490 1733 3506 1758 ,
3570 1695 3669 1747 καὶ
3702 1695 3827 1762 τοῖς
3875 1695 3992 1764 τῆς

2411 1781 2719 1845 εὐσεϐείας
2739 1781 3165 1850 συνανήγαγον
3186 1783 3546 1854 διδάγμασιν
3566 1802 3580 1817 ·
3609 1787 3705 1839 καὶ
3731 1790 3993 1855 τρόπους

736 1893 980 1944 sponsam
1012 1888 1234 1940 castam,
1262 1876 1512 1945 tirginem
1553 1880 1918 1931 intemeratam
1948 1878 2186 1931 exhibere
2216 1894 2310 1944 op-

2409 1870 2622 1941 ἀρετῆς
2652 1877 2942 1940 παντοίας
2970 1875 3439 1941 έκπαιδεὺουσα,
3479 1875 3559 1942 τῷ
3588 1879 3820 1946 Χριστῴ
3843 1882 3992 1949 νύμ-

738 1969 843 2022 tavi
873 1984 890 2021 :
931 1970 1132 2037 gratias
1162 1984 1282 2036 ago,
1310 1975 1447 2035 quod
1481 1966 1866 2021 admoni.iones
1890 1985 2029 2021 meas
2061 1970 2306 2022 oblivioni

738 2063 951 2114 minime
978 2061 1269 2123 tradidisti,
1313 2061 1402 2112 sed
1448 2076 1558 2113 meo
1588 2060 1651 2112 de
1679 2070 1725 2112 te
1763 2075 1919 2127 scopo
1968 2076 2030 2112 ac
2068 2062 2309 2113 destina-

738 2153 892 2216 tioni,
948 2162 1039 2204 tua
1100 2166 1269 2204 comes
1315 2150 1552 2203 voluntas
1597 2150 1863 2218 animique
1909 2150 2151 2202 inritatio
2183 2152 2305 2218 fuit.

739 2244 1093 2307 Quamobrem
1155 2251 1405 2312 tanquam
1463 2257 1644 2294 cervus
1694 2241 2001 2294 desiderans
2042 2241 2108 2292 ad
2140 2243 2308 2309 fontes

737 2336 1034 2386 divinorum
1061 2333 1403 2401 ﬂuentorum.
1440 2333 1603 2386 etiam
1641 2342 1797 2401 atque
1832 2334 1989 2384 etiam
2019 2333 2198 2385 sitiens
2239 2333 2308 2385 ad

738 2422 930 2484 Deum,
973 2423 1182 2490 fortem,
1211 2421 1404 2481 vivum,
1438 2420 1701 2472 transiisti
1760 2419 1814 2471 in
1854 2418 2028 2471 locum
2064 2420 2311 2473 tabertta-

738 2514 842 2564 culi
878 2510 1211 2563 admirabilis
1242 2520 1291 2563 et
1325 2510 1667 2578 confessionis
1720 2510 1926 2562 sonitus
1954 2509 2147 2576 festum
2172 2511 2309 2563 diem

740 2605 1007 2672 agentium
1044 2604 1107 2664 'i;
1155 2604 1398 2670 (telisque
1431 2602 1710 2669 superatis,
1780 2601 2019 2669 spiritali
2075 2600 2309 2654 thalamo

738 2696 954 2749 admota
988 2712 1063 2758 es,
1085 2695 1378 2763 divinisque
1408 2694 1605 2761 nuptiis
1636 2692 1795 2746 cubili
1825 2696 2048 2746 sociata.
2078 2692 2148 2746 Te
2174 2695 2310 2745 enim

738 2788 866 2856 cepit
892 2789 1023 2841 odor
1051 2797 1431 2856 unguentorum
1459 2786 1500 2817 ¹⁶
1549 2786 1871 2839 immortalis
1919 2786 2119 2853 sponsi,
2159 2786 2309 2853 cujus

738 2897 924 2935 nomen
956 2890 1275 2949 unguentum
1311 2880 1539 2947 effusura
1569 2889 1923 2947 nuncupatur.
1956 2877 2310 2944 Quamobrem

738 2990 856 3027 eum
883 2972 1161 3036 dilexisti;
1202 2972 1413 3025 traa'isti
1454 2986 1609 3033 eum;
1660 2970 1713 3023 in
1766 2982 1854 3023 tuo
1885 2974 2039 3023 conte
2070 2970 2312 3037 conquie-

744 3082 890 3120 scere
915 3065 1102 3134 fecisti.
1139 3063 1421 3117 Ferculum
1450 3060 1577 3134 Regi
1616 3063 1765 3131 fuisti
1794 3063 1858 3127 η,
1888 3062 2026 3129 lilia,
2079 3072 2135 3114 ut
2161 3078 2309 3115 vene-

740 3158 905 3212 rabile
939 3158 1218 3211 Canticum
1257 3156 1509 3225 loquitur,
1558 3154 1708 3222 cujus
1754 3154 2183 3217 acclinatorium,
2208 3170 2306 3205 ou-
2342 3197 2383 3225 ρ

741 3267 902 3315 rum;
937 3265 1182 3303 ascensus
1213 3248 1349 3317 ejus,
1369 3264 1602 3316 purpura
1621 3247 1697 3312 ’°;
1733 3247 1977 3299 intimum
2006 3246 2142 3313 ejus,
2174 3244 2309 3311 lapi-

739 3346 892 3399 dibus
918 3353 1268 3397 constratum.
1319 3341 1529 3395 Idcirco
1570 3353 1681 3395 tum
1726 3340 1886 3392 simul
1918 3338 2132 3401 dilecta,
2201 3348 2308 3389 tum

740 3437 930 3492 divina:
949 3435 1223 3497 charitatis
1274 3434 1464 3488 eximie
1490 3433 1764 3486 vulnerata
1788 3449 1873 3496 es;
1925 3433 1993 3483 ad
2033 3445 2149 3483 eum
2188 3446 2310 3498 pro-

740 3539 904 3592 vecta,
967 3526 1254 3579 virtutibus
1319 3525 1562 3579 dealbata
1615 3540 1678 3576 ac
1727 3523 2013 3591 suffimento
2061 3522 2307 3582 incensa,

740 3635 957 3690 quaque
982 3619 1208 3672 vicissim
1244 3634 1361 3671 eum
1401 3618 1663 3679 attrahas,
1710 3632 1771 3668 ac
1823 3611 2096 3681 virginalis
2137 3611 2310 3663 cordis

742 3712 819 3764 tui
858 3711 1055 3781 geniali
1078 3710 1271 3762 lectulo
1307 3709 1568 3779 quiescere
1590 3708 1782 3775 facias.

2408 1983 2531 2035 φην
2559 1968 2773 2034 ἁγνὴν,
2805 1967 3103 2034 παρθένον
3139 1968 3435 2036 ἀμίαντον
3485 1969 3768 2039 ηὐξάμην
3798 1988 3993 2038 παρα-

2409 2058 2631 2126 στῆσαι
2658 2098 2673 2121 ,
2716 2058 3051 2127 εὐχαριστῶ
3083 2077 3180 2113 σοι
3205 2100 3220 2123 ,
3262 2059 3354 2113 ὅτι
3397 2063 3468 2116 οὐ
3508 2060 3835 2130 διήμαρτον
3862 2062 3987 2115 τῶν

2408 2148 2569 2214 ἐμῶν
2606 2148 2866 2202 ἐλπίδων
2893 2149 2988 2202 ἐπὶ
3035 2152 3135 2203 σοι
3163 2168 3175 2181 ·
3209 2151 3298 2203 ὅτι
3350 2153 3462 2205 οὐκ
3510 2154 3811 2208 ἐπελάθου
3863 2172 3991 2224 μου

2408 2239 2528 2294 τῶν
2558 2242 2996 2308 παραινέσεων,
3028 2242 3187 2297 ἀλλὰ
3215 2241 3295 2307 τῷ
3323 2243 3443 2312 ἐμῷ
3472 2245 3606 2312 περὶ
3631 2246 3747 2300 σοῦ
3776 2246 3993 2312 σκοπῷ

2409 2334 2507 2386 καὶ
2533 2334 2572 2400 ἡ
2602 2332 2685 2400 σὴ
2716 2334 2998 2400 πρόθεσις
3033 2334 3623 2403 συνέδραμεν.”0οεν
3647 2338 3728 2405 ὡς
3757 2340 3986 2409 ἔλαφος

2408 2420 2505 2472 ἐπὶ
2536 2421 2644 2485 τὰς
2676 2422 2872 2488 πηγὰς
2901 2421 3017 2473 τῶν
3058 2423 3232 2477 θείων
3281 2424 3709 2495 έπιποθήσασα
3752 2430 3995 2483 ὑδάτων

2409 2511 2705 2578 ναμάτων,
2744 2510 3063 2578 διψήσασα
3089 2514 3325 2582 σφόδρα
3363 2516 3515 2584 πρὸς
3546 2518 3651 2571 τὸν
3679 2519 3848 2584 Θεὸν,
3883 2523 3997 2574 τεν

2410 2606 2683 2672 ἰσχυρὸν,
2716 2604 2823 2658 τὸν
2861 2604 3065 2670 ζῶντα,
3112 2606 3356 2675 διῆλθες
3397 2610 3468 2662 έν
3521 2613 3684 2676 τόπφ
3741 2613 3990 2680 σκηνῆς

2409 2695 2782 2764 θαυμαστῆς,
2808 2697 2918 2761 ἕως
2954 2698 3061 2750 τοῦ
3092 2700 3262 2754 οἶκου
3297 2701 3402 2754 τοῦ
3434 2703 3615 2767 Θεοῦ,
3645 2704 3893 2772 διῆλθες
3920 2708 3996 2758 ἐν

2412 2788 2578 2856 φωνῇ
2640 2788 3056 2857 ἀγαλλιάσεως
3115 2793 3211 2845 καὶ
3273 2793 3768 2864 έξομολογήσεως
3827 2797 3990 2865 ἤχου

2411 2881 2835 2949 ἑορταζόντων·
2893 2884 2988 2935 καὶ
3046 2884 3188 2950 τοὺς
3242 2887 3542 2953 οὐρανοὺς
3583 2888 3992 2957 διεόιϐάσθης,

2413 2974 2510 3027 καὶ
2564 2973 2644 3037 τῷ
2699 2973 2884 3042 νοερῷ
2940 2976 3210 3044 νυμφῶνι
3258 2979 3713 3048 προσηνέχθης,
3771 2984 3870 3034 καὶ
3903 2984 3994 3047 εις

2412 3065 2554 3132 τοὺς
2583 3067 2779 3131 θείους
2804 3066 3129 3131 ἀνεκλιθης
3158 3066 3402 3136 γάμους.
3455 3070 3643 3139 Ὀσμὴ
3686 3072 3796 3140 γὰρ
3824 3068 3996 3125 εἷλέν

2415 3175 2489 3211 σε
2513 3159 2719 3226 μύρων
2776 3157 2881 3211 τοῦ
2918 3158 3218 3212 ἀθανάτου
3249 3161 3533 3227 νυμφίου.
3581 3158 3653 3217 οὗ
3684 3162 3749 3215 τὸ
3801 3164 3996 3232 ὄνομα

2409 3248 2603 3316 μύρον
2628 3246 2956 3301 ἐκκενωθὲῪ
2985 3247 3269 3302 καλεῖται.
3300 3251 3479 3303 Ὅθεν
3527 3251 3846 3319 ἠγάπησας
3880 3257 3993 3306 αὺ-

2407 3336 2543 3389 τόν·
2576 3336 2870 3400 εἵλκυσας
2898 3338 3116 3389 αὐτόν·
3166 3337 3265 3389 ἐπὶ
3312 3338 3427 3404 τὴν
3459 3339 3585 3406 σὴν
3612 3340 3829 3393 τοῦτον
3885 3342 3995 3395 ἀν-

2406 3426 2679 3490 ἐπαυσας
2704 3425 2977 3493 καρδίαν.
3005 3426 3250 3495 Φορεῖον
3274 3428 3506 3496 ἐγένου,
3539 3430 3808 3498 θύγατερ,
3838 3435 3997 3485 κατὰ

2406 3518 2473 3569 τό
2494 3518 2859 3587 σεμνότατον
2880 3512 3092 3586 ᾊσμα,
3140 3516 3217 3582 τῷ
3238 3521 3491 3573 Βασιλεῖ
3509 3537 3523 3551 ο
3559 3517 3630 3577 οὗ
3661 3522 3726 3574 τὸ
3746 3522 3998 3576 ἀνάκλι-

2407 3625 2533 3670 τον,
2572 3608 2863 3676 χρυσίον·
2898 3608 2935 3675 ἡ
2985 3609 3262 3674 ἐπίϐασις
3309 3608 3518 3672 αὐτοῦ,
3554 3613 3865 3681 πορφύρα·
3925 3614 3996 3666 τό

2407 3700 2575 3766 ἐντὸς
2613 3700 2823 3761 αὑτοῦ,
2874 3701 3295 3769 λιθόστρωτον.
3330 3700 3431 3754 Διὰ
3465 3701 3642 3755 τοῦτο
3672 3703 3999 3771 ἡγαπήθης

738 3819 802 3857 τε
825 3803 973 3871 ἅμα,
1011 3802 1105 3854 καὶ
1140 3800 1250 3867 τῆς
1289 3801 1451 3865 θείας
1484 3799 1716 3868 ἀγάπης
1765 3795 2084 3866 ὑπερφυῶς
2132 3794 2391 3861 ἐτίνιὺθης
2412 3807 2425 3820 ·
2486 3792 2824 3860 ἀναγομένη
2851 3790 2967 3859 μὲν
2994 3790 3143 3857 πρὸς
3191 3789 3398 3854 aiter,
3433 3793 3998 3861 λελευκανθισμένη

740 3896 867 3959 ταῖς
914 3892 1147 3961 ἀρεταῖς
1192 3890 1289 3944 καὶ
1343 3892 1768 3959 τεθυμιαμένηο
1810 3888 2191 3955 ἐπισπωμένη
2246 3885 2312 3935 δὲ
2363 3882 2549 3935 πάλιν
2620 3882 2825 3945 αὑτὸν,
2864 3880 2958 3933 καὶ
2994 3879 3067 3948 τῇ
3116 3878 3225 3947 τῆς
3282 3878 3646 3948 παρθενικῆς
3681 3897 3799 3936 σου
3845 3899 3995 3951 scapo

740 3991 871 4053 δίας
896 3984 1452 4053 προσαναπαύουσα
1480 3980 1759 4035 παστάδι.

813 4078 951 4142 Quid
984 4077 1146 4143 igitur
1175 4074 1521 4126 retribuemus
1565 4072 1789 4125 Domino
1820 4088 1912 4138 pro
1941 4071 2169 4121 muneris
2208 4084 2315 4119 nta-

742 4168 1042 4239 gnificentia
1063 4167 1088 4219 ?
1118 4166 1259 4230 Quid
1292 4164 1465 4216 dicam
1483 4165 1509 4217 2
1531 4162 1674 4229 Quid
1706 4163 1877 4228 fiam?
1900 4160 2172 4224 Quomodo
2194 4158 2312 4210 lau-

740 4260 922 4313 dabo?
955 4254 1227 4320 Quomodo
1251 4263 1455 4307 tantam
1486 4254 1729 4320 beneﬁcii
1781 4252 1970 4305 molem
2009 4250 2312 4304 enarrabo?

746 4347 918 4414 Egena
943 4347 1122 4414 lingua
1145 4353 1244 4406 est,
1268 4359 1428 4413 egena
1454 4352 1502 4397 et
1530 4359 1693 4397 mens.
1732 4341 1777 4397 Ο
1807 4341 2068 4411 quomodo
2111 4341 2311 4409 gratias

741 4454 893 4504 agam
917 4436 1277 4505 inexplicabili
1303 4449 1408 4489 tua:
1451 4435 1721 4488 bonitati?
1773 4434 2049 4499 Quomodo
2098 4432 2312 4502 dignum

742 4528 947 4597 aliquid
978 4528 1120 4595 loqui
1158 4527 1376 4595 possim,
1398 4541 1427 4578 ο
1457 4524 1704 4589 Domine,
1739 4524 1962 4592 inﬁnita:
1996 4522 2307 4592 benignitati

2484 4060 2542 4112 Ti
2580 4053 2695 4111 οὖν
2728 4051 3231 4123 ἀνταποδώσομεν
3277 4056 3474 4123 ΚιιρΙῳ
3516 4056 3625 4125 τῆς
3652 4062 3996 4128 μεγαλοδω.

2409 4154 2587 4221 ριάς;
2624 4152 2682 4226 Il
2710 4150 2855 4202 εἴπω
2872 4166 2890 4212 ;
2919 4148 3008 4212 τίς
3036 4147 3325 4217 γένωμαι;
3355 4148 3480 4213 πῶς
3512 4151 3805 4219 inimico);
3864 4153 3998 4218 πῶς

2411 4243 2592 4309 ὄγκον
2624 4237 2917 4291 τοσοῦτον
2967 4236 3313 4305 εὐεργεσίας
3348 4237 3711 4307 etim-reflat;
3758 4243 3999 4311 Ἀπορεῖ

2406 4335 2522 4405 μέν
2559 4334 2596 4400 ἡ
2637 4330 2889 4399 γλῶσσα
2911 4346 2925 4359 ο
2951 4328 3167 4398 ἀπορεῖ
3194 4328 3262 4382 δέ
3289 4333 3321 4383 ό
3350 4330 3517 4397 νοῦς.
3559 4334 3627 4385 ’Ὠ
3656 4332 3783 4399 πῶς
3807 4338 3995 4404 εὐχα-

2405 4428 2682 4497 ριστήσω
2718 4426 2789 4495 τῇ
2826 4425 3222 4495 ἀνεκφράστῳ
3249 4441 3368 4481 σου
3426 4430 3821 4496 γρηστότητι;
3858 4431 3997 4497 Πῶς

2416 4519 2492 4574 ἂν
2517 4520 2691 4583 ἄξιόν
2713 4537 2766 4572 τι
2787 4518 3181 4588 φθεγξαίμην,
3204 4513 3251 4573 ὦ
3278 4519 3571 4581 Δέσποτα,
3599 4519 3711 4588 τῆς
3737 4522 3994 4592 ἀπείρου

743 4618 882 4671 μίαν]
910 4616 1283 4684 Namspiritus
1314 4617 1521 4685 quidem
1552 4614 1934 4683 ntagnitudinis
1958 4613 2146 4683 gratia
2169 4628 2305 4681 pau-

2411 4629 2526 4665 σου
2560 4610 3046 4679 φιλανθρωπίαςη
3086 4610 3155 4665 Τὸ
3179 4611 3416 4680 πνεῦμα
3456 4610 3573 4680 μὲν
3603 4611 3712 4680 γὰρ
3733 4612 3840 4665 τοῦ
3879 4613 3993 4679 τῆς

742 4710 892 4761 latim
928 4725 1080 4761 sensu
1109 4718 1369 4775 percepto,
1415 4706 1707 4773 cupiditate
1734 4706 1912 4774 agitur
1941 4720 1957 4755 :
1991 4703 2188 4757 saliens
2248 4718 2310 4755 ac

741 4801 934 4852 alacris
959 4810 1075 4863 est;
1109 4816 1282 4852 verum
1318 4798 1585 4866 deﬁcitur,
1619 4813 1909 4863 sermonem
1958 4813 2058 4847 non
2086 4795 2306 4861 habens,

738 4902 796 4944 ut
825 4892 984 4961 digna
1006 4891 1280 4958 majestate
1306 4898 1633 4957 reprwsentet
1654 4889 1789 4958 quod
1808 4899 1971 4941 mente
1992 4888 2307 4955 concipitur.

738 4983 863 5036 Jam
885 4999 1006 5051 ergo
1030 4992 1190 5035 cesset
1224 4981 1435 5052 lingua;
1463 4997 1608 5034 mens
1645 4996 1765 5034 vero
1813 4980 2164 5047 beneﬁcentiw
2203 4988 2307 5031 tum

741 5072 1102 5133 altitudinem.
1128 5087 1167 5123 ro
1197 5072 1448 5123 bonorum
1479 5070 1710 5123 ontnium
1760 5079 1945 5121 auctor
1993 5083 2054 5120 ac
2111 5066 2307 5121 Pater!

740 5182 910 5219 secum
933 5167 1046 5232 ipsa
1069 5166 1328 5234 cogitans,
1361 5166 1559 5227 laudet,
1585 5162 1722 5231 quod
1752 5162 2116 5216 charissimam
2140 5162 2308 5230 ﬁliam

740 5273 930 5321 meam,
964 5268 1108 5311 tuam
1136 5257 1516 5327 ﬁeridignatus
1542 5274 1594 5309 es
1621 5272 1639 5310 :
1673 5255 1826 5322 Quod
1868 5271 2104 5309 mearum
2123 5255 2306 5307 admo-

739 5348 1000 5401 nitionum
1037 5348 1293 5416 fructum,
1327 5346 1461 5399 velut
1494 5347 1729 5399 divinum
1754 5346 1965 5415 pignus,
2000 5342 2052 5397 in
2077 5344 2306 5397 coelestia

738 5454 950 5493 sursum
980 5438 1118 5491 vehis
1158 5438 1346 5491 horrea
1377 5453 1395 5490 :
1438 5436 1591 5501 Quod
1628 5453 1797 5489 meam
1825 5435 2169 5505 margaritam
2215 5444 2307 5487 tua

738 5530 952 5599 dignam
978 5545 1168 5585 corona
1190 5528 1468 5598 iudicasti,
1500 5536 1657 5598 atque
1711 5528 1911 5597 angelis
1966 5528 2300 5591 conseruisti,

736 5622 1093 5692 apostolisque
1116 5638 1176 5674 ac
1213 5620 1537 5691 martyribus
1572 5619 1997 5673 contubernalem
2030 5620 2225 5687 fecisti.

2410 4704 2648 4773 χάριτος
2691 4704 2878 4772 ἠρέμα
2928 4702 3427 4773 διαισθανόμενον
3472 4704 3803 4773 μεγέθους,
3837 4706 3992 4759 ἵεται

2410 4796 2811 4862 διαλλόμενον
2839 4794 2936 4848 καὶ
2982 4794 3368 4863 προθυμεῖται
3394 4810 3409 4825 ·
3441 4795 3655 4864 ἀπορεῖ
3676 4795 3763 4859 δὲ,
3800 4798 3996 4865 λόγον

2410 4890 2521 4941 οὐκ
2546 4886 2686 4954 ἕχον
2711 4886 3230 4953 ἀξιοπρεπέστατα
3244 4886 3632 4956 παραστῆσαι
3654 4888 3719 4940 τὸ
3739 4890 3998 4956 νοούμε-

2411 4994 2540 5031 νον·
2563 4969 2783 5031 λοιπόν
2808 4978 3091 5047 ὴρεμείτω
3112 4979 3365 5048 γλῶσσα
3389 4994 3403 5008 ’
3435 4982 3467 5033 ό
3496 4979 3641 5046 νοῦς
3660 4979 3750 5043 δὲ,
3774 4980 3840 5032 τὸ
3870 4984 3996 5034 σὸν

2411 5070 2568 5138 ὕψος
2609 5068 2720 5135 τῆς
2775 5071 3197 5140 ἀγαθουργίας,
3250 5066 3296 5124 ὦ
3328 5071 3572 5125 πάντων
3620 5071 3859 5140 ἀγαθῶν
3887 5074 3996 5140 ἀρ-

2406 5163 2555 5231 χητὲ
2575 5163 2673 5216 καὶ
2708 5163 2919 5232 Πάτερ,
2962 5163 3090 5217 καθ’
3111 5163 3331 5217 ἑαυτὸν
3356 5163 3754 5233 λογιζόμενος,
3784 5167 3995 5234 ὑμνεί..

2405 5272 2503 5321 τω,
2536 5255 2622 5308 ὅτι
2663 5256 2729 5309 τὸ
2756 5256 2903 5325 ἐμὸν
2928 5256 3265 5325 ἐπέραστον
3308 5256 3544 5320 τέκνον,
3577 5256 3696 5309 σὸν
3748 5258 3993 5326 γεγονέ-

2403 5361 2502 5398 ναι
2540 5346 2950 5413 κατηξίωσαςο
2990 5346 3079 5400 ὅτι
3130 5347 3238 5400 τὸν
3290 5346 3407 5400 τῶν
3448 5345 3608 5415 ἐμῶν
3655 5349 3998 5400 νουθεσιῶν

2403 5438 2658 5504 καρπὸν,
2713 5434 2808 5490 οἷα
2863 5437 2939 5505 δὴ
3002 5437 3316 5506 κειμήλιον
3362 5436 3525 5491 θεῖον
3549 5438 3637 5502 εἰς
3666 5439 3997 5504 οὐρανίους

2413 5529 2653 5599 ἀνάγεις
2702 5531 3050 5597 ἀποθήκας·
3104 5530 3192 5584 ὅτι
3247 5531 3354 5583 τὸν
3402 5530 3550 5599 ἐμὸν
3616 5532 4000 5600 μαργαρίτην

2411 5621 2584 5683 ἀξιον
2616 5623 2857 5690 ἔκρινας
2906 5623 3013 5677 τοῦ
3045 5640 3161 5678 σου
3191 5623 3517 5694 στεφάνου,
3562 5625 3661 5679 και
3707 5624 3999 5694 ἀγγέλοις

734 5715 1053 5781 συνῆψας,
1086 5715 1182 5767 καὶ
1212 5714 1578 5778 ἀποστόλοις
1599 5713 1693 5765 καὶ
1710 5712 2011 5781 μάρτυσιν
2042 5714 2389 5781 ὁμόσκηνον
2416 5715 2754 5781 ἀπέδειξας.

814 5830 855 5859 ³⁷
885 5827 1030 5883 Psal.
1058 5845 1166 5893 xu,
1190 5829 1304 5883 2-5.
1388 5830 1429 5860 ¹⁸
1459 5829 1612 5884 Cant.
1649 5846 1685 5895 ι,
1718 5830 1771 5883 ‘2.
1869 5832 1909 5861 ”
1940 5831 2097 5891 Cant,
2132 5847 2207 5889 ιιι,
2239 5830 2290 5883 9.

2378 5830 2424 5858 ²⁰
2462 5832 2587 5884 ibitl.
2627 5833 2709 5884 10.
