4186 6434
773 366 872 428 371
1969 377 2016 436 Ν
2029 377 2260 436 ΙΟΕΤίΕ
2300 378 2342 436 Ρ

2421 379 2826 439 ’HLAGONIS
3910 379 4011 438 372

769 488 908 548 suis,
937 484 1086 552 Fide,
1119 488 1223 555 Spe
1251 495 1304 541 et
1324 487 1638 555 Charitate;
1669 490 1931 559 Ripsimia
1964 503 2018 548 et
2042 492 2331 559 Febronia,

2435 513 2532 564 νης
2564 495 2697 564 (77),
2735 494 3114 565 Αίκαθερίνης,
3147 495 3343 563 Σοφὲας
3375 492 3507 562 (78),
3569 494 3662 546 κα)⁵
3697 492 3803 545 τῶν
3839 494 4006 561 θυγαο

771 579 1001 647 aliaaque
1060 587 1183 648 post
1222 593 1335 635 eas.
1393 577 1501 633 Has
1551 593 1745 636 omnes
1801 584 1998 652 partim
2057 587 2335 652 superavit

2435 586 2606 655 τέρων
2657 586 2846 655 αὐτῆς,
2903 587 3168 649 Πίστεως,
3234 586 3410 653 λέγω,
3470 585 3565 638 καὶ
3627 585 3870 647 Ἐλπίδος
3916 588 4008 639 καὶ

769 669 1080 730 Anastasia,
1110 671 1302 739 partim
1330 687 1457 725 vero
1485 673 1738 742 aequavit.
1774 673 2032 739 Quinimo
2063 678 2336 745 superavit

773 778 987 826 omnes,
1021 762 1122 816 nisi
1161 764 1336 818 audax
1361 764 1511 819 dictu
1538 766 1683 820 istud
1722 768 2004 834 videatur;
2057 770 2177 825 illas
2209 773 2331 840 qni-

772 855 891 909 dem
924 871 1044 924 qua:
1071 856 1174 911 fide
1228 857 1508 927 magnifice
1549 859 1758 915 clarere
1799 862 2114 926 creduntur,
2156 864 2363 917 chari--'

771 948 898 1000 tatis
942 947 1270 1016 perfectione
1314 949 1662 1016 praecellens;
1714 951 1831 1006 illas
1866 967 1994 1006 vero
2041 969 2162 1023 qua:
2205 956 2361 1008 cha-~

772 1038 948 1092 ritatis
976 1037 1306 1108 perfectione
1335 1040 1644 1110 splendent,
1710 1044 1834 1098 fidei
1863 1046 2186 1101 excellentia
2220 1048 2335 1100 vin-

770 1145 921 1185 cens.
952 1134 1028 1185 Ac
1066 1132 1111 1186 si
1145 1132 1296 1198 libet,
1335 1132 1438 1188 ﬁde
1462 1135 1678 1202 quidem
1722 1138 1920 1194 eximie
1956 1138 2216 1208 perfecta,
2251 1140 2334 1195 his

771 1237 893 1290 qua?
966 1223 1068 1276 fide
1131 1228 1665 1281 consummationem
1736 1231 2004 1298 habeant;
2054 1233 2334 1289 charitatis

771 1327 899 1366 vero
926 1315 1248 1370 excellentia
1286 1317 1392 1369 illis
1415 1327 1658 1385 praestat,
1689 1337 1811 1388 quae
1843 1323 2053 1377 sincere
2069 1323 2335 1379 charitate

771 1401 1017 1472 diligant.
1048 1404 1269 1461 Cunctis
1290 1421 1455 1476 porro
1489 1410 1696 1466 sanctis
1746 1412 2161 1468 adolescentulis
2192 1416 2335 1469 divi-

773 1506 962 1544 narum
998 1495 1290 1562 gratiarum
1327 1496 1547 1553 cumulo
1582 1509 1788 1554 tantum
1811 1502 2033 1564 eminet,
2070 1514 2333 1565 quantum

772 1579 1016 1647 pluribus
1039 1584 1524 1654 acerbioribusque
1572 1602 1672 1656 pro
1705 1588 1908 1643 Christi
1965 1591 2253 1648 dilectione
2279 1593 2335 1647 fi-

2417 674 2419 677 ’
2448 678 2692 747 ’Λγάπης
2716 695 2729 708 ·
2781 677 3060 746 Ῥιψιμίας
3089 677 3225 746 (79),
3261 677 3590 746 Φεϐρωνίας,
3625 677 3717 728 καὶ
3747 676 3854 728 τῶν
3885 680 4010 728 έπο-

2364 754 2372 775 ”
2413 767 2612 836 δμένων
2646 769 2857 830 αὑταῖς.
2914 767 3130 820 τούτων
3169 767 3362 820 πασῶν
3406 766 3730 820 Ἀναστασία
3753 807 3767 829 ,
3806 761 3880 819 ὧν
3913 767 4012 834 μὲν

2435 856 2766 928 ὑπερέσχεν,
2793 850 2867 910 ὧν
2890 857 2946 910 δὲ
2975 858 3115 910 κο.τά
3153 857 3351 909 ταυτὸν
3399 857 3624 938 ἠνέχθη.
3662 857 3878 910 Μᾶλλον
3927 858 4006 917 δὲ,

2436 948 2626 1002 πασῶν
2657 948 2977 1018 ὑπερέσχεν,
3008 951 3054 1000 εἰ
3090 949 3162 1018 μὴ
3191 948 3464 1018 τολμηρὸν
3516 949 3691 999 εἰπεῖν
3715 965 3728 978 ·
3762 947 3867 1000 τῶν
3911 950 4008 1017 μὲν

2437 1041 2494 1092 ὲν
2523 1039 2704 1092 πίστει
2731 1040 2999 1110 λαμπρῶς
3029 1040 3339 1110 εὐδοκιμεῖν
3362 1040 3786 1107 πιστευομένων,
3813 1043 3875 1109 τῇ
3909 1041 4008 1106 τῆς

2435 1131 2653 1199 ἀγάπης
2682 1129 3065 1202 ὑπερϐαλοῦσα
3108 1132 3407 1200 τελειότητι
3436 1149 3450 1162 ·
3501 1131 3598 1193 τὰς
3621 1132 3691 1183 ’ἐν
3731 1131 3917 1200 ἀγάπῃ
3949 1132 4008 1183 δὲ

2433 1221 2727 1288 τελειότητι
2771 1220 3164 1290 κλεῖζομένας,
3201 1223 3266 1290 τῇ
3321 1221 3594 1292 ὑπερϐολῇ
3646 1221 3743 1289 τῆς
3773 1222 4010 1279 πίστεως

2435 1319 2727 1379 νικήσασα.
2766 1316 2826 1370 Εἰ
2861 1318 3036 1386 βούλει
3065 1316 3145 1379 δὲ,
3215 1317 3394 1369 πίστει
3441 1319 3540 1386 μὲν
3597 1318 3889 1387 ὑπερτελεί)
3909 1317 4011 1378 τὰς

2435 1413 2492 1463 ὲν
2521 1409 2700 1463 πίστει
2733 1409 3158 1479 τετελειωμέναις
3181 1450 3196 1474 ,
3230 1409 3503 1480 ὑπερϐολῇ
3533 1410 3589 1463 δὲ
3642 1410 3863 1479 ἀγάπης
3911 1410 4012 1472 τὰς

2435 1501 2752 1572 ἀκραιφνῶς
2822 1501 3124 1569 ἀγαπώσας
3199 1501 3612 1571 παρευδοκιμεῖ.
3692 1499 3887 1554 Πασῶν
3950 1501 4010 1552 δὲ

2435 1591 2687 1644 νεανίδων
2729 1591 2903 1659 ἀγίων
2936 1592 3078 1644 κατὰ
3113 1593 3371 1645 τοσοῦτον
3418 1595 3535 1656 ταῖς
3567 1593 3739 1655 θείαις
3789 1592 4011 1662 χάρισιν

771 1667 946 1736 deque
969 1669 1248 1738 perfuncta
1283 1678 1583 1743 tormentis,
1615 1680 1892 1734 acerbiore
1913 1698 2039 1737 casu
2072 1684 2325 1740 adversa-

2434 1686 2770 1757 ὑπέρκειται,
2819 1683 2938 1736 καθ’
2967 1685 3088 1736 ὅσον
3123 1683 3218 1735 καὶ
3250 1683 3457 1736 πλείοσι
3505 1685 3597 1737 καὶ
3649 1684 4010 1754 δριμυτέραις

769 1757 909 1812 rium
939 1760 1100 1816 elisit.

838 1938 966 2004 Sed,
1015 1957 1049 1995 o
1084 1943 1284 2011 puella,
1324 1960 1548 2014 prorsus
1621 1949 1969 2006 immaculata
2025 1970 2088 2008 ac
2148 1955 2321 2011 incor-

766 2032 956 2098 ruptal
984 2046 1105 2100 quae
1145 2034 1296 2102 prius
1328 2037 1543 2105 quidem
1582 2040 1836 2110 religiose
1882 2059 2159 2110 exercens,
2205 2065 2323 2102 cor-

764 2122 914 2191 poris
945 2123 1074 2177 vitia
1108 2140 1172 2179 ac
1205 2126 1454 2183 libidines
1481 2131 1819 2186 mortificasti
1840 2134 1990 2202 (imo,
2025 2153 2091 2189 ne
2109 2151 2323 2194 exstare

763 2213 982 2280 quidem
1041 2215 1094 2268 in
1145 2225 1195 2270 te
1224 2233 1250 2270 a
1286 2219 1552 2287 principio
1583 2221 1684 2276 ista
1746 2225 2062 2293 permisisti)
2097 2245 2328 2298 quaeque

761 2302 956 2356 deinde
985 2307 1301 2362 certaminis
1332 2310 1604 2377 palaestra,
1653 2313 1766 2382 ipsa
1799 2330 2014 2386 quoque
2062 2321 2325 2384 membra,

763 2393 816 2446 in
845 2395 1048 2463 quibus
1077 2398 1182 2450 illis
1214 2398 1395 2468 vigere
1422 2413 1797 2470 comparatum
1834 2415 1938 2469 est,
1971 2418 2154 2476 putata
2189 2411 2324 2463 ami-

760 2484 878 2539 sisti
915 2495 973 2539 ut
1001 2488 1101 2541 soli
1130 2487 1347 2544 Christo
1379 2492 1430 2543 in
1493 2491 1697 2561 Spiritu
1758 2495 2002 2551 viveres!
2052 2498 2096 2554 0
2122 2499 2325 2555 Christi

762 2590 961 2642 Sponsa
1008 2587 1060 2632 et
1110 2593 1266 2633 soror
1299 2590 1350 2634 et
1381 2586 1651 2637 mater"!
1715 2587 2105 2655 castissimam,
2148 2594 2326 2661 quoad

761 2661 906 2723 licet,
963 2663 1053 2716 bei
1111 2663 1336 2719 Matrem
1367 2666 1613 2734 imitata;
1661 2684 1724 2724 ac
1783 2673 1970 2727 animo
2019 2675 2237 2744 quidem
2270 2678 2325 2732 in

759 2767 926 2806 carne
967 2755 1081 2822 ipsa
1145 2772 1360 2826 quoque
1415 2773 1780 2832 prmpurgata,
1839 2765 2091 2834 velutque
2138 2770 2322 2824 divino

757 2844 991 2913 quodam
1023 2848 1229 2900 semine
1245 2851 1521 2920 conceptis
1545 2851 1780 2920 Spiritus
1814 2857 2090 2924 primitiis,
2127 2861 2323 2914 variis-

757 2950 866 3003 que
916 2946 1136 3006 propter
1171 2940 1320 2993 illum
1347 2944 1634 2998 tormentis
1663 2946 1846 3010 enixa,
1879 2963 1942 3001 ac
1974 2965 2094 3017 qua:
2115 2948 2322 3018 Spiritu

2433 1777 2552 1840 ταῖς
2584 1775 2725 1846 ὑπὲρ
2752 1775 2971 1845 ἀγάπης
2993 1774 3227 1846 Χριστοῦ
3253 1775 3347 1827 κα)⁷
3376 1775 3612 1837 πίστεως
3635 1773 4009 1845 περιπεσοῦσα

2428 1868 2741 1937 τιμωρίαις,
2772 1866 3097 1936 δριμύτερον
3121 1866 3425 1936 κατέρῤαξε
3450 1866 3541 1917 τὸν
3570 1866 4006 1934 ἀνταγωνιστήν.

2513 1957 2673 2020 Ἀλλ’,
2716 1951 2760 2009 ὦ
2791 1955 2928 2027 κόρη
2963 1957 3272 2027 πανάμωμε
3311 1957 3406 2010 κα)⁵
3460 1957 3796 2027 πανάφθορε,
3851 1957 3885 2026 η
3936 1961 4008 2028 τῇ

2430 2051 2659 2121 ἀσκήσει
2710 2051 2806 2119 μὲν
2851 2049 3114 2120 πρότερον
3144 2049 3213 2101 τά
3239 2049 3384 2119 πάθη
3415 2050 3738 2119 νεκρὼσασα
3770 2048 3863 2102 τοῦ
3895 2050 4008 2102 σῶ-

2434 2158 2636 2213 ματος·
2682 2143 2880 2212 μᾶλλον
2917 2142 2993 2206 δὲ,
3037 2141 3169 2212 μηδὲ
3210 2141 3310 2211 τὴν
3365 2140 3540 2211 ἀρχὴν
3585 2144 3644 2193 ὲν
3700 2141 3782 2193 σοὶ
3829 2141 4010 2194 ταῦτα

2430 2233 2828 2302 συγχωρήσασα
2850 2243 2865 2259 ⁶
2897 2233 2963 2301 τῇ
3009 2231 3231 2301 ἀθλήσει
3254 2231 3310 2283 δὲ
3340 2230 3401 2283 τὸ
3428 2229 3699 2300 δεύτερον,
3735 2233 3829 2284 καὶ
3861 2231 4007 2284 αύτὰ

2425 2324 2492 2377 τὰ
2520 2323 2679 2392 μέλη,
2709 2317 2791 2385 οἷς
2819 2321 3159 2391 ἐνεργεῖσθαι
3211 2322 3423 2392 πέφυκε
3475 2321 3542 2374 τά
3574 2322 3742 2391 πάθη,
3780 2338 4008 2392 περιαι-

2428 2413 2667 2480 ρεθείσα,
2705 2414 2790 2464 ἵνα
2832 2413 2977 2482 μόνῳ
3005 2412 3178 2482 ζήσῃς
3208 2413 3266 2466 ὲν
3319 2411 3588 2481 πνεύματι
3639 2411 3879 2481 Χριστῷ.
3938 2413 4011 2464 Ὦ

2426 2505 2612 2574 νύμφη
2647 2503 2886 2574 Χριστοῦ
2926 2506 3018 2556 καὶ
3046 2503 3250 2572 ἀδελφὴ
3286 2505 3380 2556 καὶ
3419 2505 3623 2573 μήτηρ,
3655 2504 3688 2572 ἡ
3709 2504 3807 2572 τὴν
3830 2504 4007 2572 ὑπέρ-

2425 2613 2607 2665 αγνον,
2652 2595 2728 2658 ὡς
2774 2595 3022 2659 δυνατὸν,
3073 2594 3394 2664 Θεομήτορα
3447 2595 3805 2664 μιμησαμένη
3833 2610 3846 2622 ·
3906 2594 4010 2647 καὶ

2426 2689 2602 2758 ψυχὴν
2633 2689 2730 2758 μὲν
2778 2686 2874 2740 καὶ
2906 2686 3084 2758 σάρκα
3115 2687 3193 2756 τῷ
3221 2687 3499 2755 Πνεύματι
3547 2686 3642 2738 καὶ
3677 2685 3814 2754 αὑτὴ
3870 2701 4010 2753 προ-

2425 2780 2781 2850 καθαρθεῖσα,
2818 2780 2917 2850 τὴν
2951 2779 3208 2848 ἀπαρχὴν
3257 2777 3313 2831 δὲ
3342 2777 3436 2832 τοῦ
3473 2778 3789 2848 Πνεύματος
3819 2773 3906 2829 οἶα
3937 2778 4006 2847 δὴ

2427 2872 2649 2944 σπέρμα
2681 2872 2824 2924 θεῖον
2855 2869 3155 2925 ὲλλαϐοῦσα
3181 2886 3193 2900 ·
3241 2871 3336 2923 καὶ
3372 2869 3459 2922 διὰ
3501 2869 3608 2922 τῶν
3653 2869 3787 2938 ὑπὲρ
3833 2868 4005 2922 αὑτοῦ

2429 2966 2527 3035 μὲν
2557 2964 2816 3016 ποικίλων
2846 2963 3156 3031 ὠδινήσασα
3186 2962 3470 3032 τιμωριῶν
3494 3005 3507 3027 ,
3538 2961 3758 3030 πνεῦμα
3803 2959 3860 3013 δὲ
3896 2977 4007 3012 σω-

758 3025 948 3079 salutis
1003 3027 1224 3087 Christo
1276 3029 1506 3086 Domino
1549 3033 1603 3086 in
1664 3037 1832 3092 corde
1857 3041 2059 3106 genito,
2096 3043 2161 3096 ad
2195 3059 2317 3097 eum

2424 3025 2612 3128 τηρίου
2641 3056 2876 3127 Χριστὸν
2919 3025 3123 3124 Κύριον
3151 3056 3208 3108 ἐν
3239 3025 3438 3125 καρδία
3485 3025 3815 3121 γεννήσασα,
3861 3053 4005 3120 πρὸς

758 3119 1003 3186 gaudens
1041 3124 1441 3191 commigrasti.

826 3211 1054 3268 Osexus
1090 3229 1275 3269 sexum
1313 3232 1528 3272 omnem
1588 3221 1789 3276 eximie
1821 3224 2042 3280 vincens
2074 3245 2085 3280 :
2157 3243 2322 3284 sexus

758 3303 1041 3359 muliebris
1098 3306 1149 3359 in
1183 3307 1319 3362 virili
1376 3325 1563 3367 sensu.
1614 3311 1872 3378 Quinimo
1918 3326 2109 3371 natura
2167 3320 2323 3374 indo-

757 3396 945 3465 lesquc
974 3397 1210 3455 hominis
1257 3401 1310 3454 in
1344 3405 1585 3471 angelica
1641 3407 1862 3463 elucens
1917 3421 2097 3465 mente
2157 3421 2322 3483 atque

754 3490 976 3553 virtute,
1007 3505 1128 3558 qua:
1162 3492 1292 3560 igni,
1333 3492 1478 3549 ferro
1509 3497 1800 3567 omnisque
1844 3504 2062 3568 generis
2092 3513 2322 3561 tormen-

755 3581 823 3635 tis
851 3595 1183 3651 congressa;
1238 3599 1303 3641 ac
1330 3601 1454 3641 cum
1506 3599 1693 3658 postea
1741 3593 2003 3650 abscissae
2047 3613 2318 3665 mammas,

755 3685 1064 3740 manusque
1098 3687 1163 3726 ac
1198 3674 1384 3743 pedes,
1412 3677 1696 3748 evulsique
1738 3680 1969 3749 dentes;
2015 3700 2079 3739 ac
2139 3686 2318 3755 lingua

753 3761 1011 3830 primum,
1051 3772 1161 3817 tum
1187 3767 1368 3820 cervix
1393 3783 1530 3822 caesa
1562 3777 1727 3833 esset,
1755 3771 2029 3827 Christum
2059 3790 2162 3829 non
2189 3792 2318 3845 pro-

752 3853 958 3918 didisti,
982 3865 1076 3908 aut
1109 3870 1228 3925 quae
1262 3866 1346 3912 est
1372 3858 1422 3911 in
1465 3860 1638 3924 illum,
1667 3861 1821 3916 tidem
1854 3865 2074 3919 mentita
2102 3882 2181 3932 es,
2223 3883 2317 3922 ac-

749 3941 869 4009 cipe
923 3951 1113 3998 tenues
1162 3945 1260 4001 has
1305 3963 1622 4004 sermonum
1673 3953 1962 4021 primitias.
1998 3956 2140 4022 Quid
2171 3960 2317 4014 enim

750 4033 865 4086 hate
900 4036 1078 4090 oratio
1109 4037 1176 4090 ad
1209 4048 1355 4093 tuam
1406 4041 1685 4108 virtutem,
1742 4060 1903 4113 quam
1944 4047 2167 4103 laudant
2215 4066 2316 4105 an-

749 4124 990 4194 gelorum
1023 4129 1187 4190 acies,
1221 4130 1603 4201 celebrantque
1643 4136 1890 4190 caelestes
1917 4154 2107 4195 omnes
2155 4140 2314 4197 Pote-

748 4218 950 4269 States?
979 4218 1234 4272 Animum
1280 4229 1481 4285 tamen,
1534 4238 1568 4276 ο
1612 4215 2121 4296 incorruptissimal
2156 4248 2312 4288 acce-

745 4318 898 4379 ptum
935 4311 1164 4377 habens,
1189 4316 1458 4370 exsuscita
1505 4333 1603 4372 nos
1637 4319 1702 4372 de
1731 4320 1848 4374 lacu
1883 4324 2116 4378 miseriae
2147 4333 2201 4379 et
2246 4326 2313 4380 de

746 4400 860 4454 luto
889 4400 1060 4464 faecis,
1108 4413 1165 4457 ut
1194 4420 1314 4473 qua:
1351 4403 1700 4464 Resurrcctio
1738 4411 1816 4465 sis
1870 4428 1934 4466 ac
1965 4413 2190 4479 dicaris,
2227 4432 2309 4471 ve-

745 4508 974 4562 ramque
1011 4492 1485 4552 Resurrectionem
1505 4499 1781 4555 Christum
1825 4503 1876 4556 in
1913 4513 1964 4558 te
2013 4506 2306 4574 refeceris;

742 4594 796 4637 et
842 4594 1022 4639 statue
1080 4601 1245 4656 super
1298 4601 1502 4658 petram
1550 4593 1736 4660 pedes,
1782 4595 2059 4666 animique
2092 4614 2311 4667 gressus

745 4675 902 4729 nobis
942 4675 1147 4747 dirige;
1210 4687 1267 4730 ut
1291 4689 1383 4732 tuo
1407 4682 1630 4735 numine
1660 4684 1941 4739 meliorem
1974 4689 2138 4742 vitam
2171 4690 2308 4744 divi-

744 4765 1062 4834 nioremque
1111 4770 1564 4824 resurrectionem
1613 4777 1916 4842 consecuti,
1990 4779 2214 4847 gloriam
2253 4791 2304 4837 ct

739 4859 954 4912 tandem
985 4869 1039 4914 et
1067 4862 1360 4928 gratiarum
1390 4865 1659 4920 actionem
1708 4868 2117 4939 submitlamus,
2157 4873 2301 4930 Patri

739 4959 791 5004 ει
824 4950 961 5006 Filio
989 4962 1045 5006 et
1074 4951 1299 5022 Spiritui
1344 4967 1557 5023 sancto,
1613 4958 1668 5014 in
1704 4962 1904 5016 saecula
1951 4967 2299 5022 saeculorum.

735 5045 933 5098 Amen.

805 5149 850 5180 "
877 5147 1064 5206 Matth.
1091 5167 1190 5217 xu,
1223 5153 1311 5210 50.

810 5243 922 5310 (77)
969 5245 1278 5324 gloriarm.
1309 5247 1436 5324 Duae
1461 5247 1872 5324 lrcnesCrmcis
1902 5255 2106 5324 pariter
2157 5256 2302 5311 Lati-

741 5316 934 5392 nisque
963 5315 1162 5392 tabulis
1190 5318 1468 5392 celebres;
1501 5321 1602 5392 etsi
1654 5321 1781 5392 illisi
1811 5315 2004 5392 parum
2039 5328 2301 5381 varianti-

736 5385 862 5447 bus,
887 5401 987 5456 nec
1018 5385 1184 5456 liquet
1212 5388 1296 5441 cui
1325 5390 1664 5456 potissimum
1697 5407 1724 5445 a
1760 5385 2067 5449 Justiniano
2119 5407 2299 5451 erecta

736 5454 1526 5533 celebrisillasanctae‘lrenes
1581 5462 1825 5533 basilica,
1884 5467 2040 5533 cujus
2105 5467 2302 5521 Proco-

732 5525 861 5602 pius
889 5525 1135 5579 meminit
1170 5527 1358 5593 libror,
1391 5544 1454 5583 ac
1487 5547 1609 5586 cum
1642 5548 1747 5602 qua
1785 5525 2001 5590 Nicetas
2041 5536 2128 5590 hic
2160 5540 2303 5591 Ana—

734 5597 956 5648 stasiam
989 5607 1286 5662 comparat.

807 5665 914 5743 (Ἰξ)
944 5665 1186 5743 Σοέσίαςι
1241 5668 1452 5738 Snpbize
1475 5683 1527 5724 et
1560 5674 1787 5727 filiarum
1831 5685 2127 5743 martyrum
2155 5677 2297 5731 diem

731 5735 966 5811 natalem
995 5735 1464 5811 _Gra:'ci_rccolunt
1502 5744 1560 5795 l7
1599 5735 2130 5811 Septetnbris.'Allis
2186 5749 2299 5802 die-

733 5806 835 5862 bus
864 5805 1161 5875 ascriptum
1195 5807 1452 5867 Romana:
1477 5805 1691 5868 tabulae;

2425 3147 2482 3201 ὃν
2511 3146 2779 3216 χαίρουσα
2807 3146 3094 3214 μετέστης.

2497 3239 2561 3290 Ὢ
2592 3237 2754 3306 φύσις
2789 3234 3243 3305 ὑπερφυεστάτηο
3282 3233 3442 3301 φύσις
3496 3231 3753 3302 γυναικὸς
3794 3235 3853 3286 έν
3904 3234 4001 3285 άν-

2423 3331 2586 3399 ὂρείῳ
2633 3329 2974 3398 φρονήματι⁶
3030 3326 3229 3396 μᾶλλον
3275 3325 3350 3388 δὲ,
3401 3325 3561 3395 φύσις
3614 3313 3902 3394 ἀνθρώπου
3942 3326 4006 3375 ὲν

2423 3414 2687 3484 άγγελικῇ
2717 3413 2924 3483 διανοίᾳ
2949 3412 3303 3483 καθορωμένη
3349 3413 3444 3465 καὶ
3481 3413 3744 3482 δυνάμει·
3777 3415 3809 3482 ἠ
3862 3413 4004 3482 πυρὶ

2424 3506 2518 3558 καὶ
2550 3505 2752 3575 σιδήρῳ
2798 3505 2891 3556 καὶ
2923 3504 3285 3566 παντοδαποῖς
3322 3506 3677 3575 μηχανήμασι
3737 3505 4004 3575 περιϐλη-

2423 3597 2613 3651 θεῖσαο
2652 3595 2770 3652 εἷτα
2828 3598 3066 3668 μαστοὺς
3117 3597 3507 3669 ἀφαιρεθεῖσα’
3567 3599 3753 3669 χεῖράς
3786 3616 3843 3652 τε
3903 3601 4002 3652 καὶ

2422 3689 2608 3754 πόδας,
2654 3690 2750 3744 καὶ
2793 3691 2919 3754 τοὺς
2959 3690 3178 3752 ὀδόντας
3223 3691 3548 3744 ὲκκοπεῐσα’
3596 3691 3846 3759 γλῶσσαν
3896 3693 4003 3761 μὲν

2423 3782 2659 3851 πρῶτον,
2695 3782 2885 3836 ἔπειτα
2911 3783 3009 3851 τὴν
3039 3781 3278 3850 κεφαλὴν
3307 3781 3576 3851 τμηθεῖσα
3596 3799 3613 3815 ο
3643 3782 3735 3833 τὸν
3771 3783 3828 3834 δὲ
3857 3783 4000 3852 Χρι-

2423 3872 2545 3925 στὸν
2570 3873 2630 3926 οὐ
2665 3872 2963 3942 προεμένη,
3000 3872 3120 3924 οὐδὲ
3149 3870 3245 3941 τὴν
3274 3873 3351 3934 είς
3381 3873 3541 3925 αὑτὸν
3575 3871 3757 3924 πίστιν
3785 3872 3998 3938 ψευσα-

2422 3963 2581 4034 μένη,
2622 3964 2769 4029 δέξαι
2793 3963 2890 4032 τὴν
2925 3963 3126 4033 μικρὰν
3157 3963 3265 4016 τῶν
3289 3963 3460 4031 λόγων
3484 3965 3752 4034 ἀπαρχήν.
3791 3964 3857 4015 Τί
3883 3964 4002 4034 γὰρ

2419 4052 2570 4120 οὗτος
2599 4058 2626 4110 ό
2655 4055 2810 4124 λόγος
2847 4056 2984 4126 πρὸς
3015 4058 3111 4127 τὴν
3143 4059 3242 4129 σήν
3269 4059 3418 4110 ἐστιν
3441 4057 3659 4127 ἀρετὴν,
3693 4058 3760 4125 ἦν
3817 4059 3990 4125 ἀγγέο

2416 4149 2522 4200 λων
2551 4146 2777 4217 ὑμνοῦσι
2808 4147 3090 4216 στρατιαὶ,
3124 4150 3292 4201 πᾶσαι
3314 4148 3421 4200 τῶν
3449 4149 3690 4218 οὐρανῶν
3724 4151 3998 4219 Δυνάμεις

2416 4237 2726 4292 ἐπαινοῦσιν
2741 4255 2756 4305 ;
2775 4237 2934 4290 Ἀλλά
2950 4239 3046 4306 τὴν
3066 4239 3342 4308 πρόθεσιν,
3369 4233 3412 4292 ὦ
3426 4241 3639 4309 πανακή
3649 4258 3799 4309 ρατε,
3813 4258 3993 4311 προσ-

2414 4330 2687 4400 ηκαμένη,
2717 4330 3020 4398 ἀνάστησον
3063 4331 3210 4400 ἡμᾶς
3259 4334 3322 4384 ὲκ
3354 4333 3557 4386 λάκκου
3588 4332 3991 4404 ταλαιπωρίας,

2415 4421 2509 4474 καὶ
2542 4419 2648 4473 ἀπὸ
2678 4419 2850 4489 πηλοῦ
2891 4420 3054 4484 ἰλύος,
3089 4421 3165 4483 ὡς
3184 4421 3479 4485 ἀνάστασις
3505 4420 3638 4474 οὖσα
3663 4425 3756 4475 καὶ
3786 4425 3992 4476 καλου-

2416 4514 2588 4583 μένη·
2626 4512 2720 4565 καὶ
2768 4512 2866 4580 τὴν
2897 4513 3063 4575 ὅντως
3115 4514 3405 4566 ἀνάστασιν
3461 4516 3519 4566 ὲν
3571 4518 3654 4567 σοὶ
3708 4516 3993 4582 μυστικῶς

2411 4604 2784 4670 ἀναπαύουσα,
2815 4604 3048 4672 Χριστόν
3075 4619 3088 4632 ·
3121 4604 3214 4656 καὶ
3252 4604 3448 4674 στῆσον
3486 4606 3578 4656 ἐπὶ
3617 4604 3822 4673 πέτραν
3857 4607 3992 4668 τοὺς

2412 4697 2597 4764 πόδας,
2628 4697 2722 4748 καὶ
2752 4694 3080 4750 κατεύθυνον
3107 4697 3237 4765 ἡμῖν
3263 4696 3360 4765 τῆς
3389 4695 3566 4765 ψυχῆς
3588 4697 3656 4748 τὰ
3706 4695 3862 4765 διαϐή
3874 4714 3991 4764 μα-

2411 4807 2508 4844 τα·
2535 4791 2680 4851 ὄπως
2709 4789 2795 4842 διά
2829 4787 2920 4840 σοῦ
2974 4788 3118 4857 ζωῆς
3145 4789 3453 4858 κρείττονος
3504 4789 3598 4842 καὶ
3636 4790 3994 4853 ἀναστάσεως

2411 4881 2768 4950 τετυχηκότες
2799 4880 3096 4950 θειοτέρας,
3144 4879 3298 4943 δόξαν
3329 4881 3424 4932 καὶ
3458 4875 3606 4933 αίνον
3642 4881 3734 4933 καὶ¹
3765 4881 3993 4952 εὐχαρι-

2414 4975 2562 5025 στίαν
2593 4971 3026 5041 άναπέμψωμεν,
3055 4969 3131 5041 τῷ
3164 4971 3339 5043 Πατρὶ
3376 4971 3471 5025 καὶ
3497 4973 3575 5042 τῷ
3630 4973 3738 5042 Υίῷ
3789 4975 3991 5046 καὶτῷ

2412 5062 2551 5130 ἁγίῳ
2578 5060 2875 5130 Πνεύματι,
2909 5060 2988 5123 είς
3022 5059 3145 5122 τοὺς
3173 5060 3372 5122 αἰῶνας
3401 5061 3506 5113 τῶν
3533 5060 3762 5116 αἰώνων.
3780 5063 3988 5134 Ἀμήν.

2475 5260 2608 5336 (89).
2645 5261 2964 5336 Ῥιψψίας.
2993 5263 3270 5336 llipsintiaa
3307 5265 3532 5336 virginis
3574 5281 3744 5322 sacrae
3775 5268 3826 5320 in
3880 5271 3990 5324 Ar-

2407 5333 2581 5385 menia
2607 5334 3055 5407 memoriamsub
3084 5334 3319 5407 Tiridate
3346 5333 3487 5407 rege,
3524 5354 3551 5390 a
3576 5353 3684 5404 quo
3714 5341 3830 5402 ejus
3861 5339 3990 5393 fru-

2404 5409 2515 5477 stra
2540 5404 3033 5477 tentatapudicitia
3069 5415 3172 5468 est,
3205 5404 3379 5477 Latini
3412 5404 3664 5460 recolunt
3691 5408 3762 5462 29
3802 5407 3985 5477 Septz,

2404 5469 2572 5542 Graeci
2605 5471 2692 5542 ὅθ.
2719 5472 2998 5526 Febronite
3021 5473 3145 5527 item
3187 5475 3412 5542 virginis
3446 5478 3814 5531 celeberrima:
3843 5469 3988 5534 uiri;

2409 5556 2515 5607 que
2545 5541 2616 5595 25
2643 5540 2786 5594 Junii
2819 5559 2831 5594 :
2873 5551 2932 5595 ut
2975 5543 3114 5596 sicut
3158 5540 3531 5599 nobilissimas
3571 5557 3849 5600 matronas
3887 5567 3986 5599 ιρ-

2410 5611 2547 5686 teris
2575 5612 2901 5686 testamenti,
2952 5614 3029 5667 sic
3054 5685 3059 5686 γ
3085 5625 3137 5686 et
3173 5615 3296 5686 novi
3329 5617 3680 5686 iclarissimas
3712 5618 3986 5686 (Byzantii

2404 5681 2662 5755 maxime)
2693 5682 2950 5736 mulieres
2997 5683 3289 5755 adduxisse
3328 5685 3541 5740 Nicetas
3582 5681 3850 5755 putandus
3888 5691 3969 5743 sit

2407 5760 2463 5825 ut
2490 5753 2744 5825 omnibus
2777 5767 2956 5825 parem
2992 5761 3086 5805 aut
3117 5752 3226 5806 fere
3265 5752 3600 5822 superiorem
3633 5757 3984 5825 pratdicamlu

2405 5821 2770 5886 Anastasiam,
2805 5822 3132 5878 luculentum
3164 5825 3213 5877 ei
3243 5821 3550 5880 encomium
3587 5821 3813 5883 te'xerct.
