4186 6434
229 412 321 480 373
996 410 1279 471 ORATIO
1312 408 1538 471 XVIII.
1568 434 1635 444 --
1697 408 1775 467 IN
1800 405 2111 469 LAUDENI
2154 408 2215 466 S.
2256 403 2689 466 EUSTATIIII.
3363 400 3475 466 3Ἱὶ

258 554 3465 593 mm

1177 574 1441 588 ..υ-ω-

833 707 1019 822 AD
1131 706 2004 825 SANCTOBUM
2095 705 2867 823 EUSTATHII

1336 912 1763 971 TIIEOPISTES
1817 912 1904 969 AC
1954 914 2357 970 LIBERORUM

649 1057 836 1118 ACTA
875 1055 1211 1129 ANTIQUA
1270 1059 1694 1130 EORUMQUE
1760 1059 2309 1122 LAUDATIONEM
2382 1057 2654 1118 NICETA
2693 1059 3041 1120 AUCTOllE

976 1213 1161 1303 FB.
1238 1210 1931 1304 COMBEFISII
2011 1210 2582 1303 MONITUM
2639 1192 2670 1224 ⁴

298 1392 481 1447 Sancti
509 1390 778 1447 Eustatltii
808 1400 863 1446 et
904 1389 1181 1448 sociorum
1216 1396 1539 1456 martyrum,
1579 1399 1700 1453 qua
1734 1383 1997 1454 produco,
2034 1384 2149 1454 ipsa
2187 1400 2310 1438 vere
2340 1385 2471 1439 Acta
2504 1387 2726 1455 antiqua
2774 1396 2903 1440 sunt
2933 1403 2947 1452 ;
2989 1400 3220 1452 quorum
3254 1399 3465 1453 aut-tor,

239 1481 423 1551 quibus
446 1481 515 1535 ad
542 1494 607 1535 ea
628 1478 909 1549 praefatur,
930 1476 1195 1547 :equalem
1220 1490 1277 1529 se
1302 1474 1468 1543 (quod
1501 1475 1676 1541 ipsum
1711 1474 1791 1525 vir
1822 1472 1892 1541 pl:

1822 1472 1981 1541 plane
2011 1471 2339 1540 πολυῖστωρ,
2370 1471 2523 1539 juxta
2552 1488 2614 1525 ac
2648 1472 3045 1542 κριτικώτατος
3078 1470 3188 1526 Lee
3216 1473 3468 1535 Allatius,

240 1585 325 1625 sua
359 1568 451 1622 illa
480 1566 549 1621 de
578 1564 944 1637 Symeonibus
974 1578 1276 1633 eorumque
1317 1561 1535 1631 scriptis
1572 1559 1893 1629 dignissima
1938 1558 2079 1622 luce,
2123 1559 2367 1627 mihique
2403 1559 2669 1613 hactenus
2705 1559 2956 1627 deposito
2990 1561 3191 1613 tradita
3232 1561 3467 1615 diatriba

234 1656 527 1725 censuerat)
556 1655 764 1711 sanctis
791 1655 981 1709 iisdent
1014 1654 1348 1724 martyribus
1376 1652 1522 1706 serio
1546 1648 1726 1718 prodit
1752 1662 1814 1701 ac
1842 1646 2133 1716 signiﬁcat.
2169 1644 2278 1701 Nec
2314 1646 2455 1701 falso
2482 1662 2609 1700 eum
2647 1647 2895 1716 prodere,
2954 1648 3157 1702 indicat
3189 1650 3304 1717 ipse
3340 1651 3471 1703 cita-

239 1753 419 1805 taeter,
475 1758 637 1812 quem
678 1741 1067 1813 gravissimum
1107 1749 1271 1810 atque
1295 1737 1623 1807 simplicem,
1676 1735 1989 1806 nulliusqne
2040 1736 2423 1806 interpelantis
2475 1745 2798 1791 temeratutn
2848 1752 3011 1791 manu
3048 1738 3218 1808 (quod
3252 1739 3335 1791 vel
3369 1740 3469 1791 Ini

237 1830 534 1899 conjectura
591 1829 923 1899 deprehendi
956 1825 1155 1899 queat)
1198 1827 1284 1880 vir
1325 1824 1637 1880 Christiana
1673 1822 2021 1890 simplicitate
2052 1824 2471 1886 solertissimus,
2511 1823 2578 1879 iis
2609 1825 2823 1879 indidit.
2868 1825 2975 1880 Nec
3011 1842 3137 1880 vere
3167 1827 3235 1883 de
3266 1827 3393 1889 illis,
3426 1830 3470 1882 si

238 1921 281 1973 in
309 1934 499 1973 manus
532 1919 834 1984 venissent,
854 1918 1126 1973 dicturum
1154 1914 1390 1971 arbitror
1419 1913 1852 1969 illustrissimum
1877 1912 2155 1966 annalium
2190 1919 2421 1981 patrem,
2456 1912 2600 1980 quod
2634 1911 2697 1964 de
2729 1911 2795 1965 iis
2826 1928 2947 1981 qua:
2977 1913 3111 1981 ipsis
3135 1929 3467 1980 versaverat,

237 2005 627 2077 (lietaphrastis
655 2006 863 2061 scilicet
904 2003 1128 2061 nomine
1156 2001 1349 2057 Latine
1389 1998 1642 2071 vulgatis)
1677 1998 1880 2053 Christi
1912 2013 2057 2053 anno
2095 1998 2214 2058 I20,
2249 2014 2302 2051 ιι.
2339 1999 2391 2060 4,
2423 1997 2493 2051 ita
2528 1998 2945 2067 pronuntiavit:
2986 1998 3250 2053 Putemus
3298 2010 3481 2055 tamen.

239 2095 300 2147 eis
325 2094 490 2146 multa
521 2094 866 2163 superaddita
891 2109 1037 2159 esse;
1073 2091 1168 2148 sed
1195 2105 1294 2159 pro
1321 2103 1422 2145 suo
1463 2089 1722 2149 candore,
1754 2086 1956 2141 tttitiori
1991 2102 2221 2139 censura
2260 2085 2349 2139 illa
2392 2085 2705 2139 habiturum
2743 2104 2754 2137 :
2808 2101 2904 2139 seu
2940 2087 3119 2156 potius
3148 2088 3308 2158 digna
3351 2106 3473 2143 vere

240 2182 358 2232 tanti
385 2181 637 2252 martyrii
657 2182 816 2246 Acta,
845 2183 1000 2252 cujus
1037 2178 1217 2234 Roma:
1254 2178 1509 2232 memoria
1537 2176 1758 2247 egregiis
1794 2174 2066 2229 illustrata
2096 2173 2449 2226 monumentis
2482 2189 2500 2236 ;
2532 2173 2663 2241 quin
2699 2172 2832 2227 urbe
2861 2189 3103 2243 agroque
3148 2174 3467 2241 Parisicnsi,

237 2270 406 2331 tutela,
468 2271 788 2341 pignoribus
845 2270 1168 2328 charissima
1202 2285 1221 2333 ;
1268 2267 1400 2339 quin
1430 2274 1665 2335 utroque
1704 2266 1837 2320 orbe
1878 2262 2191 2319 Christiane
2223 2261 2275 2315 itt
2317 2269 2640 2331 perpetuum
2694 2259 3105 2326 ﬂorentissima,
3149 2278 3473 2332 summeque

238 2360 523 2413 teneranda
552 2377 568 2426 ;
603 2362 683 2417 sic
716 2370 972 2431 augusta,
1014 2361 1094 2415 sic
1130 2358 1311 2429 plana,
1355 2356 1441 2411 sic
1469 2353 1596 2410 fuco
1628 2357 1777 2409 omni
1826 2351 2087 2414 carentia,
2130 2359 2541 2413 veneraturum,
2577 2349 2923 2404 laudaturum
2955 2368 2969 2417 ;
3002 2350 3091 2415 iis,
3120 2367 3218 2407 ceu
3257 2368 3469 2421 gemma

235 2445 604 2510 pulcherrima,
630 2463 695 2503 ac
740 2447 1136 2517 pretiosissima
1160 2444 1530 2514 amplissimos
1553 2441 1791 2497 Annales
1812 2453 1942 2495 suos
1966 2447 2313 2492 ornaturum.
2334 2434 2411 2490 De
2436 2435 2542 2489 illis
2565 2434 2950 2507 Metaphrastis
2992 2437 3212 2493 nomine
3236 2440 3318 2495 sic
3350 2443 3471 2495 vul-

234 2533 354 2601 gatis
375 2534 505 2604 quid
534 2535 764 2589 sentiam
799 2534 941 2602 ipse,
989 2534 1179 2604 paucis
1208 2530 1461 2601 expedio.

294 2618 502 2689 Dispcxi
560 2622 650 2675 illa
704 2622 963 2675 attentius
999 2638 1013 2682 ;
1072 2620 1201 2690 quin
1237 2618 1372 2673 mihi
1402 2618 1566 2672 etiam
1604 2632 1673 2672 ex
1705 2615 1877 2670 altero
1901 2614 2322 2670 eminentissimi
2357 2614 2651 2669 cardinalis
2679 2612 2937 2669 Mazarini
2989 2616 3217 2685 probate
3249 2618 3469 2673 codice.

234 2705 399 2759 eadem
432 2708 552 2761 haec
604 2705 796 2762 Latina
826 2708 925 2763 feci
957 2725 972 2774 ;
1030 2709 1296 2776 tantisper
1336 2705 1578 2761 offensus
1623 2703 1935 2773 interpretis
1974 2702 2115 2771 style
2149 2705 2312 2773 paulo
2357 2702 2663 2767 humiliori,
2712 2702 2803 2757 ubi
2836 2712 3026 2758 auctor
3064 2705 3156 2759 ille
3189 2724 3296 2759 non
3335 2708 3476 2760 male

237 2795 349 2846 uitet
394 2804 562 2863 atque
610 2797 871 2865 assurgit.
919 2796 1115 2849 Addita
1147 2795 1236 2848 vix
1283 2802 1602 2855 occurrunt,
1630 2808 1726 2848 seu
1772 2791 1877 2846 alia
1909 2806 1970 2843 ac
1999 2791 2259 2859 antiquus
2291 2799 2481 2844 auctor
2511 2789 2775 2845 ediderat.
2821 2789 3061 2845 Selemni
3104 2795 3281 2860 potius
3322 2809 3473 2849 more

232 2881 481 2942 riustttmli
510 2882 1192 2953 μεταφράσεωνμμιιιεάιιιιι
1226 2882 1519 2937 leviuscule
1550 2890 1730 2943 aucta,
1760 2879 1885 2933 velt

1814 2879 1846 2933 :l
1869 2876 2063 2933 ordine
2098 2876 2372 2947 modoque
2406 2886 2632 2942 mutata,
2664 2886 2894 2946 excepto
2924 2877 3085 2947 style,
3127 2889 3425 2948 appareant
3453 2897 3467 2944 ;

234 2986 338 3033 t|tl;c
365 2970 497 3022 mihi
543 2970 679 3023 artis
710 2971 954 3035 solertia,
989 2970 1293 3023 ἀσύστατον
1330 2970 1510 3039 potius
1549 2966 1842 3032 invexisse,
1882 2980 2046 3035 quam
2094 2974 2349 3019 ornatum
2388 2965 2504 3019 suis
2546 2966 2803 3033 praeclare
2843 2965 3010 3019 radiis
3049 2967 3273 3020 miranti
3322 2970 3472 3036 opt-ti

236 3057 427 3110 videtur
451 3057 755 3112 addidisse.
795 3056 911 3121 Qua
939 3057 993 3111 itt
1024 3073 1082 3110 re
1117 3057 1293 3127 major
1322 3056 1542 3111 licentia
1575 3054 1699 3119 fuit,
1739 3062 1853 3108 tum
1893 3053 2035 3123 ejus,
2070 3053 2163 3122 qui
2198 3053 2417 3108 duobus
2450 3054 2602 3107 libris
2635 3052 2818 3107 ltalice
2846 3094 2861 3117 ,
2898 3053 3070 3121 iisque
3099 3054 3303 3108 Gallice
3350 3057 3475 3110 red-

235 3144 366 3203 ditis,
396 3143 666 3197 Enstathii
716 3146 1102 3213 sociorumque
1132 3152 1411 3199 certamen
1445 3142 1615 3197 voluit
1644 3154 1930 3205 exornare,
1984 3141 2251 3209 tinxitque
2285 3140 2340 3195 in
2370 3157 2435 3194 eo
2468 3140 2644 3209 plura,
2686 3149 2797 3194 tum
2825 3142 2916 3210 qtti
2960 3158 3147 3194 sacras
3190 3141 3477 3197 Metamor-

234 3231 407 3293 phoses
438 3231 653 3285 Gallice
678 3231 954 3295 itliomate,
988 3232 1153 3301 inque
1180 3231 1287 3286 illis
1317 3230 1681 3293 Eustathium,
1704 3228 1980 3299 produxit.
2011 3228 2261 3282 Habuere
2292 3230 2366 3282 illi
2390 3229 2656 3283 duntaxat
2683 3227 3078 3299 Metaphrastea
3115 3231 3271 3293 Acta,
3297 3248 3472 3303 eaque

235 3316 401 3371 Latina
430 3319 559 3387 (nec
584 3319 732 3373 enim
757 3319 795 3372 ii
825 3319 1009 3373 Grzece
1038 3320 1293 3373 videntur
1319 3318 1593 3385 scivisse),
1623 3317 1901 3385 proposita
1937 3333 1952 3381 ;
2010 3332 2133 3386 qua:
2164 3318 2298 3385 ipsa,
2334 3332 2399 3371 eo
2437 3332 2601 3386 quem
2634 3317 2745 3371 dixi
2782 3318 2969 3382 modo,
3005 3329 3326 3373 tractat-ere.

289 3403 451 3470 Quem
478 3405 728 3475 produce
752 3404 992 3461 Nicetatn
1027 3405 1429 3475 Paphlagonem
1460 3403 1478 3473 (
1510 3403 1717 3473 lgnatie
1744 3403 2349 3474 Censtantinepolitaun
2386 3405 2675 3475 aequalem,
2714 3406 2900 3475 illique
2933 3408 3369 3471 aﬂ'cctissimutn,
3406 3426 3471 3463 ac

232 3488 351 3545 Vita:
374 3493 495 3561 ejus
531 3491 749 3547 Radere
774 3492 931 3547 edite
962 3492 1265 3559 auctorem)
1305 3489 1652 3546 Eustathinnt
1688 3491 1980 3561 sociosque
2007 3492 2342 3556 laudantem,
2386 3508 2507 3547 vere
2549 3509 2716 3546 unum
2747 3495 2949 3559 dicant,
2988 3511 3087 3548 sua
3124 3496 3224 3550 hac
3246 3496 3467 3552 Lauda-

229 3579 371 3641 tmia,
394 3579 659 3647 praeclare
685 3579 738 3632 in
764 3593 861 3633 eos
883 3580 1116 3633 oratoris
1144 3593 1344 3632 munus
1382 3577 1604 3631 ehiisse.
1654 3575 1853 3633 llabuit
1880 3580 1969 3633 ille
2001 3596 2107 3634 non
2142 3580 2537 3650 Metaphrastea
2588 3581 2699 3645 illa,
2735 3582 2828 3636 sed
2861 3583 3081 3652 antiqua
3114 3594 3322 3648 nostra,
3357 3587 3470 3655 ipsa

228 3681 313 3717 sue
334 3668 618 3722 schemate
648 3668 955 3722 veneranda
989 3677 1155 3737 atque
1213 3674 1445 3736 augusta
1492 3666 1625 3720 Acta
1670 3666 1968 3737 proposita.
2004 3665 2252 3723 Detraxit
2288 3667 2447 3733 nihil,
2482 3669 2655 3733 auxit,
2705 3679 2800 3722 aut
2843 3669 3148 3724 itnmutavit
3182 3689 3198 3736 ;
3230 3670 3476 3729 ﬂosculis

230 3755 527 3818 rhetoricis,
567 3755 859 3811 verberum
910 3755 1171 3824 ἑμφάσει,
1203 3754 1464 3809 oratoriis
1494 3754 1796 3809 luminibus
1824 3754 2094 3808 duntaxat
2135 3754 2427 3810 illustravit
2458 3772 2473 3822 ;
2519 3756 2938 3825 atquesuavius
2968 3774 3130 3814 aures
3170 3770 3473 3830 tangerent,

229 3857 281 3895 ac
302 3844 545 3897 animum
590 3853 867 3914 caperent,
918 3844 1057 3898 scite
1100 3842 1339 3912 quodam
1382 3843 1655 3898 lenocinio
1701 3841 2044 3912 temperavit,
2077 3856 2141 3896 ac
2184 3844 2514 3913 composuit.
2559 3842 2654 3897 Vir
2696 3842 2906 3899 scilicet
2928 3860 2995 3899 eo
3036 3846 3251 3902 dicendi
3278 3864 3475 3917 genere

227 3930 443 3984 eximius
476 3948 492 3996 ;
543 3930 704 3999 cujus
736 3930 789 3984 in
824 3930 1069 4002 singulos
1117 3945 1370 4000 quosque
1400 3930 1701 3997 apostolos,
1747 3930 1986 3987 illustres
2019 3931 2263 4001 produce
2295 3934 2689 4002 panegyricos;
2721 3950 2861 3999 mea,
2902 3936 3149 4003 proxime
3178 3938 3471 4007 vnlganda,

222 4014 426 4086 jamque
451 4018 777 4072 umbilicum
820 4026 1121 4087 spectante,
1162 4017 1488 4071 Bibliotheca
1520 4018 1958 4083 conciettaloria;
2001 4019 2202 4088 quibus
2230 4019 2465 4073 certiora
2503 4035 2755 4089 quaeque,
2799 4037 2863 4076 ac
2907 4021 3275 4077 Ecclesiarum
3311 4026 3473 4093 longa

225 4104 502 4159 traditione
529 4112 780 4176 accepta,
821 4105 956 4158 nihil
977 4104 1205 4159 Abdiam
1246 4118 1311 4159 ac
1339 4104 1681 4173 apecryphos
1715 4105 1853 4159 alios
1888 4117 2133 4163 moratus
2168 4148 2183 4172 ,
2219 4108 2303 4163 vir
2341 4108 2528 4164 labore
2558 4118 2837 4175 strenuus,
2859 4112 3084 4182 eloquio
3112 4114 3296 4169 clarus
3327 4130 3474 4169 cont-

225 4203 463 4261 ptusque,
492 4208 563 4247 ac
609 4207 735 4246 vere
784 4191 993 4263 ῥήτωρ,
1029 4191 1096 4245 de
1131 4190 1325 4260 primis
1371 4190 1479 4245 illis
1509 4189 1835 4247 Christiana:
1871 4195 2151 4265 religionis
2180 4196 2518 4252 antistitibus
2560 4196 2790 4253 feliciter
2820 4208 2965 4267 erat,
3006 4207 3174 4270 atque
3203 4203 3426 4271 exponit
3455 4221 3470 4257 :

225 4289 271 4329 ut
296 4280 427 4334 alios
460 4280 590 4349 ejus
619 4280 976 4349 panegyricos
1006 4286 1215 4333 taceam
1246 4294 1260 4344 ;
1300 4278 1466 4348 inque
1496 4278 1605 4335 illis
1635 4279 1878 4349 Gregorii
1906 4283 2000 4336 τοῦ
2030 4284 2317 4352 Θεολόγου,
2344 4285 2504 4354 cujus
2533 4287 2807 4341 neminem
2849 4288 3177 4357 theologiam
3210 4305 3275 4345 ac
3308 4305 3473 4346 orna-

224 4377 383 4421 tui-uta
433 4369 657 4437 reliqua
704 4366 871 4422 tantis
910 4365 1236 4436 eloquentia:
1282 4366 1461 4421 nervis
1502 4368 1691 4437 sicque
1738 4368 2039 4426 luculenter
2065 4372 2320 4427 existimo
2360 4372 2630 4429 laudasse.
2664 4373 2819 4429 Faxit
2867 4376 3011 4431 Deus
3037 4388 3098 4432 ut
3137 4378 3228 4431 ubi
3264 4376 3474 4435 Latinis

224 4458 341 4510 meis
394 4459 636 4512 vocibus
682 4454 845 4523 paulo
902 4453 1165 4524 dejectior
1216 4470 1318 4508 suo
1379 4454 1472 4508 ille
1531 4457 1814 4525 manipulo
1845 4458 2067 4514 minime
2113 4458 2458 4529 displicuerit
2494 4462 2612 4517 suis
2638 4463 2749 4528 ille,
2787 4463 3101 4534 Grtecisque
3150 4465 3472 4521 cultissimis

220 4544 510 4612 mpiosiere
538 4558 725 4598 messe
755 4541 921 4596 etiam
956 4541 1302 4595 Anastasiam
1337 4542 1610 4596 seniorem
1648 4542 2011 4613 Hyacinthum
2044 4544 2479 4615 Amastrensetn,
2507 4547 2775 4604 Joannem
2800 4552 3282 4621 Chrysostomum,
3319 4552 3466 4607 The-

221 4632 340 4683 rlam
369 4632 633 4701 aliosque
667 4628 917 4692 laudans,
956 4628 1280 4698 propensius
1313 4629 1566 4693 oblectet,
1593 4644 1658 4683 ac
1685 4630 1747 4683 ad
1779 4632 2031 4700 pietatem
2062 4632 2312 4689 :ediiicet.

278 4723 534 4778 Actorum
591 4732 910 4777 nostrorum
960 4722 1116 4776 testis
1146 4721 1424 4790 egregius,
1460 4736 1627 4775 aureo
1670 4736 1795 4775 vere
1823 4718 2044 4774 flumine
2077 4720 2315 4775 Joannes
2348 4720 2719 4777 Dautaseenus
2742 4732 2880 4776 orat.
2912 4740 2991 4788 ιιι,
3017 4728 3083 4779 de
3103 4725 3420 4797 imaginibus
3452 4746 3470 4791 ;

222 4826 311 4876 qua
338 4828 399 4865 ex
439 4812 583 4881 ipsis
618 4810 757 4864 bene
787 4809 1003 4879 longam
1025 4808 1357 4879 περικοπὴν,
1390 4810 1518 4877 ipsis
1546 4823 1737 4861 eorum
1777 4808 1965 4871 verbis
1987 4808 2259 4876 produxit.
2296 4807 2480 4863 Refert
2526 4810 2615 4863 illa
2654 4811 2936 4866 Eustathie
2982 4815 3198 4867 venanti
3230 4815 3469 4869 oblatam

223 4896 267 4948 in
304 4915 459 4951 cervo
515 4897 715 4952 crucis
748 4896 1062 4966 Christique
1087 4895 1341 4964 elligiem,
1374 4896 1687 4966 factumque
1716 4898 1784 4950 ad
1819 4894 1995 4964 ipsum
2021 4894 2140 4964 ejus
2171 4895 2478 4961 oraculum,
2509 4912 2619 4966 quo
2651 4895 2817 4951 futuri
2860 4898 2936 4951 illi
2969 4900 3136 4954 totius
3159 4901 3319 4955 stadii
3349 4917 3468 4969 prn-

223 4985 475 5053 positique
509 4983 843 5041 certaminis
890 4983 1207 5038 vaticinium
1256 4983 1562 5047 habeatur;
1602 4991 1751 5036 certa
1794 4981 2051 5036 nimirum
2094 4992 2372 5039 structura
2416 4983 2600 5052 (mira
2639 4984 2763 5038 licet
2805 5000 3033 5040 casuum
3068 4997 3469 5055 eventuatnque

221 5069 512 5126 diversitate
547 5089 564 5135 ;
593 5069 772 5125 Graeci
796 5072 1152 5141 περιπέτειαν
1178 5081 1369 5124 vocant
1392 5088 1407 5137 ;
1432 5086 1543 5141 qua
1571 5070 1701 5124 lusit
1726 5068 1941 5140 egregie
1966 5069 2061 5125 Dei
2089 5072 2475 5141 providentia),
2504 5072 2764 5141 deinceps
2784 5075 3187 5129 cohaerentibus
3212 5076 3468 5129 omnibus

223 5156 277 5209 ad
308 5158 471 5228 ipsam
508 5158 769 5229 martyrii
796 5167 996 5212 metam
1028 5175 1042 5223 ;
1072 5167 1133 5213 ut
1159 5161 1357 5213 nedum
1390 5159 1579 5220 multa.
1609 5159 1654 5214 si
1687 5174 1814 5213 vere
1846 5159 1934 5212 illa
1960 5167 2111 5225 sunt,
2141 5159 2515 5229 superaddita,
2545 5159 2638 5215 sed
2673 5171 2727 5214 et
2754 5177 2921 5229 pauca
2953 5177 3093 5232 opus
3121 5172 3292 5217 totum
3321 5164 3468 5218 labe-

225 5244 404 5300 iactent
431 5262 497 5301 ac
531 5245 808 5300 inficiant.
837 5244 894 5298 1ιι
920 5243 1241 5300 Datnasceni
1276 5246 1391 5315 ipse
1413 5245 1533 5301 loco
1561 5246 1893 5301 commissus
1917 5246 2096 5303 hiatus
2123 5248 2265 5302 male
2296 5249 2644 5318 interpretem
2666 5250 2791 5317 egit.
2827 5247 2937 5303 Nos
2967 5266 3097 5304 sana
3121 5251 3328 5313 omnia,
3355 5268 3467 5304 ute-

227 5334 328 5390 liori
350 5339 540 5395 codice
567 5344 1056 5405 repra'sentamus.
1096 5336 1306 5391 Latinis
1335 5352 1556 5406 quoque
1592 5335 1997 5406 Metaphrastis,
2017 5334 2248 5390 Placidia
2279 5350 2419 5389 uxor
2452 5337 2583 5389 vttio
2626 5334 2860 5403 Trajana
2882 5335 3103 5398 dicitur,
3133 5351 3255 5390 cum
3281 5338 3467 5393 Graeca

228 5423 396 5480 melius
424 5424 737 5492 Τατιανήν,
772 5420 1075 5480 Tatianam.
1109 5423 1366 5478 habeant.
1399 5423 1579 5492 Ipsum
1614 5423 1885 5479 Eustathii
1911 5434 2200 5493 augustum
2234 5439 2454 5492 nomen,
2483 5440 2545 5479 ac
2576 5441 2685 5493 quo
2725 5426 2965 5479 victoria:
2990 5425 3238 5481 videatur
3259 5442 3325 5481 ex
3352 5428 3469 5495 ipso

229 5525 363 5567 sacro
406 5514 558 5568 fonte
604 5510 870 5565 habuisse
907 5510 1219 5575 oraculum,
1251 5512 1398 5565 velut
1433 5511 1550 5581 ipse
1577 5509 1685 5565 Deo
1716 5513 2015 5567 sacerdotis
2043 5527 2138 5565 ore
2178 5513 2417 5577 indente,
2458 5512 2811 5582 futuramque
2838 5514 2957 5583 ejus
2991 5515 3378 5579 constantiam,
3406 5532 3471 5571 ac

230 5596 510 5655 inuitatum
540 5600 645 5654 ille
677 5606 1041 5664 contestante,
1068 5598 1206 5653 male
1239 5599 1341 5654 sibi
1367 5599 1560 5668 vulgus
1593 5598 1645 5651 in
1681 5597 2027 5653 Eustachium
2056 5598 2424 5662 deformavit;
2455 5601 2797 5672 quodipsum
2824 5617 3017 5657 nomen
3042 5602 3231 5657 titulus
3255 5604 3472 5672 praefert

232 5684 275 5737 in
299 5684 407 5742 Vita
470 5689 652 5743 Surie
683 5685 867 5750 edita;
898 5685 998 5739 etsi
1033 5686 1089 5740 in
1117 5687 1364 5756 margine
1394 5685 1664 5741 Eustathii
1689 5688 2027 5742 emendetur.

289 5830 303 5843 ‘
331 5822 636 5881 Illustrium
672 5822 877 5877 Christi
906 5835 1198 5895 martyrum
1224 5824 1350 5880 lecti
1379 5825 1669 5894 Triuntplti,
1705 5819 1875 5881 I'aris.
1918 5824 2070 5889 ιυσυ,
2106 5827 2183 5878 8".
