4186 6434
747 359 814 423 37
825 360 856 422 5
1983 356 2278 418 NICET/E
2315 357 2838 418 PAPHLAGONIS
3893 355 3957 414 37
3964 353 3997 414 6

825 471 1098 527 Eustatbii
1138 470 1526 534 meminerunt,
1559 483 1681 532 seu,
1719 478 1778 525 ut
1805 467 2014 524 malunt
2052 471 2312 533 scribere,
2346 469 2649 538 Eustachii,
2689 473 2850 524 etiam
2885 468 3082 533 Latini,
3114 468 3398 524 Usuardus
3424 475 3478 523 et
3512 466 3686 521 Adoi
3711 464 3996 530 Novemb,

753 560 798 616 si
857 569 1039 614 tamen
1086 556 1227 622 Ado,
1283 573 1389 612 non
1429 556 1548 626 ejus
1589 555 1898 628 appendix;
1952 571 2017 612 ac
2058 560 2201 626 quod
2230 557 2531 611 Romanum
2566 568 2764 612 vocant
2799 557 3186 612 Eusebianum.
3231 557 3424 610 Mirum
3455 557 3658 610 nullam
3691 563 3906 608 exstare
3938 554 3990 606 in

755 646 1132 717 Rosveydiano
1163 644 1545 716 Martyrologio
1567 644 1688 714 ejus
1729 645 2072 708 memoriam,
2107 646 2150 700 si
2185 645 2345 699 modo
2375 644 2505 700 illud
2535 660 2658 699 vere
2689 647 2972 716 antiquum
3012 643 3320 698 Romanum
3346 654 3449 705 est,
3493 659 3556 697 ac
3594 642 3739 712 quod
3773 651 3999 695 sanctus

753 735 1046 804 Gregorius
1081 749 1216 803 papa
1250 733 1556 786 Romanum
1587 721 1847 786 indicavit
1882 749 1920 798 ;ι
1951 733 2207 787 scribenti
2242 731 2424 786 Roma:
2462 734 2696 788 Baronio
2737 750 2901 802 quam
2940 721 3241 803 expetitum
3263 772 3278 797 ,
3316 742 3424 786 tam
3461 732 3852 793 desideratum,
3886 727 4000 781 fru-

753 830 922 875 strata
958 820 1198 888 diligenti
1229 820 1362 873 adeo
1387 834 1569 873 rerum
1596 818 2102 873 ecclesiasticarum
2125 818 2422 886 indagatori
2455 830 2533 875 tet
2565 820 2696 875 fulta
2727 821 3072 876 adminiculis
3101 820 3422 890 exquirendi
3448 835 3613 889 Opera
3640 837 3653 873 :
3689 830 4000 888 quanquam

755 925 864 962 non
914 924 1039 963 raro
1081 908 1349 963 celebrior
1402 908 1523 962 aliis
1562 907 1693 961 locis
1748 917 2057 962 sanctorum
2100 906 2380 968 memoria,
2429 916 2590 976 atque
2631 917 2953 979 martyrum,
2996 896 3399 978 quam'quibus
3445 907 3650 968 vixere,
3691 921 3784 959 seu
3827 903 3997 956 functi

755 1011 931 1064 agone
964 1004 1112 1050 sunt.
1152 994 1372 1049 Titulus
1407 995 1497 1064 qui
1524 993 1709 1048 Roma:
1734 1002 1912 1048 exstat
1936 992 2228 1056 Enstatbii,
2266 1007 2428 1062 quam
2461 995 2739 1063 antiquus,
2770 1010 2854 1049 tne
2892 994 3020 1049 latet
3053 1014 3066 1050 :
3103 996 3244 1050 haud
3270 1004 3419 1050 certe
3448 994 3538 1048 ille
3567 995 3836 1047 recentior
3869 1011 3880 1044 :
3918 991 4003 1043 vel

756 1083 1047 1152 aperienda
1083 1081 1226 1135 illius
1261 1083 1434 1151 origo,
1467 1081 1510 1135 si
1535 1080 1659 1150 quis
1680 1079 1935 1149 dictijam
1971 1079 2363 1150 Martyrologii,
2389 1095 2482 1135 seu
2512 1084 2674 1136 etiam
2699 1083 2943 1153 Gregorii
2975 1084 3028 1137 in
3062 1084 3199 1139 libro
3226 1086 3732 1153 Sacramentorum,
3760 1080 3999 1138 silentio,

765 1170 1126 1225 recentiorem
1166 1170 1240 1222 illi
1267 1169 1534 1223 Eustathii
1572 1169 1915 1230 memoriam,
1947 1182 2010 1221 ac
2036 1168 2242 1222 cultum
2275 1169 2570 1224 contendit.
2599 1171 2812 1242 Scripta
2846 1171 3051 1235 Romae,
3087 1186 3151 1227 ac
3187 1171 3380 1225 Latino
3406 1171 3673 1240 scriptore
3715 1170 3851 1236 ipsa,
3891 1181 4002 1234 qua

757 1267 1088 1327 reprmsento
1119 1258 1322 1327 lingua.
1357 1257 1488 1310 Acta
1516 1257 1653 1321 haec,
1686 1265 1743 1309 ut
1770 1265 1918 1309 certo
1941 1255 2196 1309 allirmari
2233 1257 2438 1327 nequit,
2470 1257 2548 1310 sic
2572 1258 2705 1313 nihil
2731 1259 3023 1314 abhorrere
3048 1261 3306 1329 spectatis
3331 1261 3451 1329 ejus
3477 1260 3652 1312 aatatis
3683 1255 4003 1309 Latinorum

758 1347 1027 1407 moribus,
1054 1361 1118 1400 ac
1154 1347 1206 1398 in
1237 1347 1303 1398 iis
1329 1345 1794 1404 Christianorum,
1821 1344 2012 1413 liquet.

828 1434 958 1499 Qua:
981 1434 1046 1487 de
1087 1433 1354 1488 Eustatbii
1390 1433 1558 1503 (olim
1609 1431 1862 1496 Placide»,
1895 1445 2072 1499 eoque
2109 1433 2328 1486 nomine
2369 1432 2609 1502 Josepho
2649 1434 2940 1489 clarissimi
2982 1437 3032 1488 in
3071 1437 3213 1490 bello
3242 1436 3508 1504 Judaieo;
3537 1431 3880 1502 expeditione
3906 1444 4008 1481 uo-

759 1523 1004 1583 vissima,
1044 1520 1146 1575 sub
1194 1521 1452 1575 extremis
1497 1520 1716 1588 Trajani
1753 1521 2114 1589 temporibus,
2148 1521 2347 1574 habent
2384 1523 2513 1575 Acta
2546 1539 2561 1588 ;
2602 1522 2776 1592 deque
2805 1524 2924 1592 ejus
2964 1523 3202 1593 Traiano
3247 1524 3404 1578 bellis
3438 1523 3662 1592 fatigato
3697 1517 4004 1574 desiderata

762 1623 948 1676 opera,
978 1623 1041 1662 ac
1067 1609 1307 1662 veterani
1335 1607 1489 1661 ducis
1521 1606 1806 1664 industria.
1837 1607 2371 1662 consentientissima
2416 1622 2543 1663 sunt
2571 1612 2638 1665 iis
2669 1627 2789 1679 quae
2821 1610 2886 1666 de
2922 1611 3184 1681 Trajano,
3226 1610 3454 1680 ejusque
3488 1612 3540 1663 in
3577 1608 3796 1663 Oriente
3828 1605 4006 1667 bellis,

761 1694 929 1748 refert
958 1693 1074 1759 Dio,
1110 1695 1309 1765 quibus
1336 1695 1590 1765 Assyrios
1614 1693 1919 1764 Persasque
1946 1694 2018 1748 ita
2045 1693 2352 1757 debellavit,
2394 1707 2446 1749 ut
2475 1706 2652 1752 tamen
2687 1699 2718 1751 ii
2759 1700 3136 1762 tumultautes,
3167 1715 3308 1768 aegre
3337 1699 3389 1752 in
3441 1697 3543 1749 fide
3576 1711 3639 1749 ac
3661 1694 3836 1749 ollit-io
3869 1709 4008 1746 cono

767 1785 1071 1838 tinerentur
1102 1804 1114 1838 :
1153 1799 1265 1852 quo
1293 1783 1408 1853 ipse
1439 1786 1657 1838 nomine
1679 1783 1992 1853 expostulat
2029 1781 2095 1834 ad
2127 1792 2396 1836 senatum.
2429 1783 2484 1837 In
2524 1786 2621 1837 hos
2650 1787 2794 1854 ips-is
2824 1787 3078 1848 movisse,
3114 1802 3177 1841 ac
3207 1787 3442 1856 primum
3486 1785 3552 1838 iis
3602 1783 3884 1837 studentes
3911 1779 4011 1832 Ju-

764 1870 913 1925 daaos
948 1871 1037 1924 illa
1073 1871 1337 1934 indicant,
1376 1886 1498 1924 cum
1531 1881 1889 1940 postremum,
1923 1870 2013 1921 ubi
2049 1879 2100 1922 et
2126 1869 2408 1938 conjugem
2438 1873 2656 1938 recepit,
2690 1889 2974 1942 superasse
3001 1876 3176 1943 ipsum
3212 1874 3512 1945 Hydaspem
3545 1873 3768 1926 fluvium
3801 1886 4003 1922 memo-

763 1969 907 2025 rant,
973 1976 1146 2030 eoqne
1197 1961 1508 2014 interiorem
1561 1958 1796 2011 hostium
1851 1958 2110 2010 ditionem
2151 1959 2474 2027 pervasisse.
2527 1957 2803 2030 Hydaspes
2833 1962 2976 2015 enim
3023 1963 3111 2016 ille
3141 1963 3329 2017 Medus
3360 1973 3462 2024 est,
3505 1963 3570 2015 de
3616 1976 3728 2030 quo
3762 1959 3909 2027 \‘irg.
3956 1972 4009 2008 vr

765 2045 978 2115 Georg.,
1038 2046 1258 2108 Strabo.
1319 2047 1484 2109 Plin.,
1541 2046 1776 2108 Ouintus
1825 2044 1978 2098 Curt.
2023 2047 2242 2115 aliique.
2287 2045 2440 2112 Quod
2481 2049 2599 2117 ejus
2631 2063 2982 2117 suppressum
3017 2065 3215 2104 nomen
3263 2050 3577 2117 gentilibus,
3612 2063 3772 2102 nemo
3805 2048 4009 2099 mirum

765 2135 986 2198 habeat,
1026 2136 1117 2203 qui
1153 2150 1259 2188 non
1291 2136 1515 2190 omnino
1540 2135 1612 2188 sit
1642 2135 1830 2189 Romae
1851 2134 2219 2204 Romanisque
2240 2136 2291 2187 in
2320 2136 2480 2190 rebus
2499 2138 2835 2205 peregrinus.
2865 2137 3089 2192 Abunde
3120 2137 3221 2191 fuit
3243 2137 3564 2192 Christiana
3595 2134 4014 2206 superstitionis

764 2236 920 2275 reum
961 2221 1163 2276 obiisse
1197 2221 1567 2287 Eustathium,
1612 2233 1670 2275 ut
1708 2222 1826 2290 ejus
1868 2221 2126 2275 memoria
2163 2222 2267 2276 illis
2297 2224 2512 2290 penitus
2547 2225 2893 2289 aboleretur;
2930 2227 3148 2293 quando
3173 2241 3271 2280 nec
3303 2225 3551 2296 tyrannis
3581 2223 4010 2292 imperatoribus

765 2321 1100 2379 parceretur,
1133 2311 1264 2379 quin
1294 2311 1416 2364 latae
1445 2311 1550 2365 illis
1579 2311 1724 2376 leges
1760 2312 1840 2364 vel
1865 2319 2326 2379 expungerentur,
2369 2308 2448 2361 vel
2478 2311 2818 2377 sequentium
2850 2313 3238 2382 imperatorum
3270 2310 3584 2365 nominibus
3601 2319 3959 2365 censerentur
3995 2325 4011 2372 ;

769 2413 867 2450 nec
904 2397 1246 2457 consulibus,
1299 2399 1428 2464 quin
1457 2414 1520 2452 ex
1555 2399 1679 2452 albo
1718 2399 2006 2453 consulum
2045 2398 2285 2465 ipsorum
2326 2397 2567 2459 nomina,
2602 2413 2708 2451 non
2738 2398 2840 2451 levi
2879 2399 3105 2466 publica:
3139 2401 3215 2453 rei
3245 2401 3466 2461 damno,
3495 2408 3914 2468 temporumque
3947 2410 4016 2448 ac

773 2495 1155 2539 contractuum
1187 2487 1418 2540 rationis
1451 2486 1818 2548 incommodo,
1856 2486 2186 2538 delerentur.
2208 2483 2264 2536 Si
2289 2497 2393 2552 qua
2423 2484 2583 2552 igitur
2603 2486 2857 2553 praeclare
2889 2487 3030 2542 bello
3054 2497 3202 2556 gesta
3233 2503 3329 2556 per
3371 2487 3421 2540 id
3452 2496 3664 2556 tempus
3701 2484 4015 2542 Eustathio.

773 2573 932 2640 cujus
985 2573 1319 2641 triumphum
1367 2572 1641 2641 exceperit
1686 2571 1784 2624 bos
1841 2569 2223 2633 Phalariticus,
2254 2585 2507 2638 morsque
2535 2573 2806 2626 extraneis
2851 2583 3155 2634 exsecrata,
3193 2575 3307 2628 haec
3343 2574 3428 2628 vel
3474 2574 3657 2643 legati,
3688 2574 3767 2626 vel
3802 2572 4010 2626 summi

770 2660 1033 2730 principis
1064 2661 1307 2726 nomine,
1341 2661 1515 2730 gentis
1545 2660 1650 2713 ritu
1683 2658 1885 2712 fuerint
1915 2659 2252 2726 consignata.
2286 2655 2532 2712 Secessio
2560 2660 2796 2729 denique
2827 2660 3097 2715 Eustathii
3129 2662 3412 2732 profligata
3441 2678 3498 2715 re
3523 2661 3570 2714 fa
3587 2663 3807 2721 miliari,
3841 2660 4017 2712 amis-

769 2749 955 2816 sisque
991 2749 1186 2817 opibus
1221 2749 1420 2817 quibus
1451 2747 1753 2802 consulatis
1781 2760 1846 2799 ac
1873 2747 2091 2815 patritia
2123 2745 2359 2812 dignitas
2382 2749 2731 2800 sustentanda
2758 2757 2920 2809 esset.
2953 2749 3086 2802 nihil
3116 2766 3144 2802 a
3175 2749 3436 2803 Romanis
3467 2750 3712 2802 moribus
3758 2749 4024 2800 abhorret

770 2853 891 2891 cuni
921 2837 1026 2889 lata
1063 2837 1190 2888 olim
1218 2836 1351 2905 lege,
1389 2836 1479 2903 qui
1529 2835 1645 2903 pari
1711 2834 1790 2887 usi
1821 2832 2036 2886 fortuna
2092 2839 2297 2894 essent,
2329 2847 2421 2886 seu
2467 2833 2570 2886 alia
2615 2835 2822 2888 ratione
2863 2835 3147 2891 facultates
3179 2838 3354 2890 ordini
3391 2852 3659 2905 congruas
3703 2836 4026 2889 amisissent

782 2933 972 2979 senatu
1003 2926 1252 2980 movendi
1285 2933 1488 2979 essent.
1523 2923 1648 2977 Haec
1679 2923 1811 2976 mihi
1836 2921 2065 2976 strictim
2094 2938 2106 2986 ;
2147 2930 2224 2982 tu,
2255 2918 2467 2985 Lector,
2502 2921 2726 2989 antiquo
2763 2921 2865 2976 hoe
2900 2934 3256 2977 monumento
3290 2923 3490 2978 fruere.

1300 3100 1561 3156 ORATIO
1606 3100 1791 3154 XVIII.

771 3195 1036 3250 Laudatio
1070 3197 1248 3266 inclyti
1284 3199 1534 3264 martyris
1585 3195 1874 3257 Ettstatlt7i,
1915 3194 2125 3263 Agapii,
2169 3194 2338 3247 Theo-

1273 3267 1400 3337 pisti
1433 3277 1479 3320 et
1511 3267 1836 3332 Tlteopistes.

843 3360 1178 3415 Praeclarum
1211 3359 1266 3414 in
1314 3360 1582 3412 victorum
1627 3357 1797 3411 choro
1842 3354 2187 3410 Eustathium
2229 3355 2344 3408 lau-

773 3449 934 3514 dabo,
982 3449 1194 3503 tametsi
1239 3447 1498 3502 :erumnis
1545 3446 1778 3500 flectitur
1814 3447 2031 3500 animus
2080 3464 2092 3499 :
2128 3461 2343 3515 aequum

773 3543 918 3596 enim
965 3555 1029 3595 ac
1078 3549 1351 3605 sanctum,
1385 3553 1562 3608 neque
1612 3537 1666 3592 id
1715 3537 1896 3601 modo,
1933 3537 2027 3591 sed
2058 3546 2112 3591 et
2148 3537 2346 3606 oppido

776 3635 907 3689 utile
947 3642 1112 3703 atque
1157 3633 1528 3687 commodum.
1569 3630 1754 3700 Neque
1799 3629 1943 3684 enim
1987 3629 2113 3698 quia
2163 3629 2346 3697 saeculi

776 3724 934 3779 malis
971 3738 1283 3794 gravamur,
1344 3723 1548 3777 idcirco
1587 3721 1922 3785 tacebimus;
1969 3720 2064 3775 sed
2100 3720 2228 3790 quia
2256 3720 2346 3788 ju-

775 3825 922 3869 stum
987 3814 1080 3868 Dei
1136 3816 1344 3868 amicos
1408 3813 1887 3883 praedicationibus
1939 3815 2202 3883 accipere,
2249 3830 2347 3884 pro

775 3908 918 3962 virili
947 3917 1133 3962 nostra
1163 3909 1378 3962 laudare
1408 3925 1512 3962 non
1555 3909 1882 3963 desistemus
1917 3925 1929 3962 :
1975 3923 2073 3962 nec
2116 3908 2349 3977 denique

777 4001 922 4069 quod
948 4000 1310 4056 Ecclesiarum
1345 4000 1435 4056 Dei
1468 4002 1613 4056 curis
1637 4017 1700 4056 ac
1730 4000 2191 4056 sollicitudinibus
2227 4014 2349 4070 pre-

780 4105 1015 4152 mantur,
1042 4091 1241 4160 egregii
1277 4092 1532 4159 martyris
1560 4092 1982 4146 celebrationem
2012 4091 2348 4157 differemus,

780 4180 874 4234 sed
911 4181 1035 4249 quia
1069 4183 1488 4250 probatissimus
1533 4183 1621 4238 ille
1662 4183 1716 4237 in
1752 4183 2030 4247 aerumnis,
2079 4182 2347 4251 probatis-

781 4269 954 4324 simus
994 4270 1352 4340 defungendis
1382 4274 1598 4341 pictatis
1647 4288 1812 4328 causa
1857 4272 2250 4327 certaminibds
2289 4287 2352 4324 ac

782 4359 1084 4427 laboribus,
1118 4378 1350 4431 quorum
1376 4365 1541 4418 etiam
1583 4365 1804 4420 nomine
1836 4364 2048 4419 cunctis
2082 4363 2194 4418 fere
2239 4379 2352 4416 ma-

781 4451 955 4519 jorem
1018 4455 1352 4524 martyribus
1405 4457 1808 4512 venerationem
1859 4457 2088 4519 obtinet,
2150 4455 2349 4510 idcirco

3037 3103 3254 3156 ΛΟΓΟΣ
3309 3101 3418 3155 IH'.

2463 3196 2783 3264 Ἐγκὼμιον
2811 3197 2894 3260 εὶς
2935 3195 3042 3247 τὸν
3079 3196 3248 3262 ἅγιον
3283 3195 3772 3264 μεγαλομὰρτυρα
3795 3189 4035 3244 Board—

2522 3263 2671 3330 θιον,
2718 3264 3017 3332 Ἀγάπιον,
3051 3265 3401 3325 Θεόπιστον,
3447 3263 3543 3314 καὶ
3590 3263 3946 3327 Θεοπίστην.

2523 3353 2627 3406 Τὸν
2649 3352 2890 3422 ἀοίδιμον
2932 3353 2992 3404 ὲν
3021 3350 3340 3420 ἁθλοφὸροις
3380 3350 3675 3404 Εὑστάθιον
3739 3350 4032 3403 ἐπαινέσο-

2455 3462 2574 3514 μαι,
2609 3445 2706 3497 καὶ
2727 3445 2775 3496 εἰ
2806 3445 2926 3506 ταῖς
2954 3442 3164 3511 θλίψεσι
3187 3443 3510 3512 κάμπτομαι
3537 3459 3552 3474 ⁸
3584 3443 3729 3495 ὅσιον
3758 3441 3864 3511 γάρ
3890 3457 3904 3472 ·
3928 3443 4036 3495 καὶ

2454 3539 2551 3607 οὐχ
2571 3537 2718 3589 ὅσιον
2746 3536 2928 3604 μόνον,
2963 3534 3099 3587 ἀλλὰ
3123 3535 3218 3587 καὶ
3247 3534 3545 3603 ὠφέλιμον.
3573 3535 3648 3586 Οὐ
3679 3533 3786 3602 γὰρ
3811 3535 3892 3585 ὅτι
3914 3534 4036 3594 τοῖς

2455 3627 2547 3680 τοῦ
2569 3627 2682 3695 βίου
2732 3628 2922 3688 κακοῖς
2956 3623 3320 3696 βαρυνόμεθα,
3368 3622 3456 3674 διὰ
3494 3622 3653 3674 τοῦτο
3687 3623 3989 3691 σιγήσομεν
4017 3635 4033 3649 ·

2454 3719 2569 3775 ἀλλ’
2592 3720 2673 3772 ὅτι
2702 3718 2850 3784 ἄξιον
2872 3717 2997 3778 τοὺς
3018 3715 3112 3768 τοῦ
3147 3714 3279 3768 Θεοῦ
3315 3714 3498 3784 φίλους
3555 3711 3858 3779 δεξιοῦσθαι
3911 3714 4039 3772 ταῖς

2456 3811 2808 3882 ἀναῤῥήσεσι,
2845 3808 2944 3877 τῆς
2972 3807 3113 3860 κατὰ
3139 3806 3366 3876 δύναμιν
3407 3805 3683 3875 εὐφημίας
3711 3805 3810 3856 οὐκ
3831 3803 4039 3870 ἀφεξόο

2459 3909 2618 3971 μεθα·
2638 3901 2745 3954 οὐδ’
2771 3902 2853 3954 ὅτι
2880 3899 3124 3969 φροντίσι
3143 3899 3234 3952 καὶ
3263 3899 3555 3969 μερίμναις
3582 3895 3919 3964 Ἐκκλησιῶν
3935 3893 4038 3945 τοῦ

2456 3994 2591 4047 Θεοῦ
2645 3993 2981 4063 πιεζόμεθα,
3026 3992 3123 4062 τὴν
3174 3992 3265 4043 τοῦ
3319 3989 3802 4058 μεγαλομάρτυρος
3866 3984 4043 4055 ὖμνηο

2461 4103 2544 4138 σιν
2597 4082 3020 4156 ὑπερθησόμεθα
3056 4100 3070 4114 ·
3123 4081 3237 4134 ἀλλ’
3272 4082 3352 4134 ὅτι
3392 4078 3760 4146 δοκιμώτατος
3808 4079 3863 4128 ἐν
3909 4079 4040 4139 ταῖς

2459 4179 2702 4248 Θλίψεσιν
2725 4179 2951 4239 ἐκεῖνος,
2977 4173 3346 4244 δοκιμώτατος
3364 4172 3420 4224 ὲν
3440 4172 3549 4232 τοῖς
3579 4170 3719 4239 ὑπὲρ
3753 4167 4040 4229 εὐσεϐείας

2459 4269 2802 4338 ἀγωνίσμασι
2831 4266 2925 4318 καὶ
2947 4265 3276 4334 πονήμασιν,
3305 4257 3385 4323 οἷς
3422 4262 3514 4337 και
3565 4260 3782 4311 πάντων
3828 4257 4042 4327 μαρτύ-

2464 4378 2570 4432 ρων
2594 4357 2778 4428 σχεδὸν
2798 4355 3240 4423 σεόασμιώτατος
3262 4350 3660 4410 ἀναδείκνυται,
3721 4347 3808 4399 διὰ
3859 4345 4044 4398 ταῦτα

2460 4452 2569 4506 τῶν
2611 4448 2902 4518 ἐγκωμίων
2932 4446 3023 4499 τὸν
3054 4445 3244 4516 ἔρανον
3299 4443 3374 4505 ὡς
3408 4441 3629 4511 ὀφειλὴν
3658 4436 4046 4510 καρποφοροῦ-

1542 4560 1604 4618 S.
1647 4559 2063 4618 EUSTATHII
2097 4559 2191 4616 ET
2222 4553 2615 4617 SOCIORUM
2643 4552 2833 4611 ACTA
2885 4545 3254 4616 ANTIQUA.

790 4645 1110 4714 Martyrium
1146 4655 1543 4714 sanctorumgac
1575 4645 1890 4714 inclytorum
1921 4643 2119 4696 Christi
2159 4656 2358 4714 marty-
2389 4646 2405 4703 ]

2466 4633 3146 4714 Μαρτύριοντῶξάγίωῖ,
3165 4631 3261 4684 καὶ
3316 4629 3586 4714 ἐγδέξωνς
3615 4629 3722 4683 τοῦ
3776 4625 4048 4714 Χριρντρῦ

926 4712 1042 4768 rum
1099 4714 1389 4778 Eustathii,
1440 4712 1761 4782 Theopiates,
1809 4732 1871 4768 ac
1915 4715 2216 4767 liberorum.

859 4877 1077 4932 Prostat
1107 4877 1432 4931 mortalibus
1459 4893 1522 4930 ex
1562 4885 1772 4930 natura:
1797 4877 1909 4940 ipsa
1939 4877 2116 4929 indole
2146 4878 2363 4945 propria

791 4949 855 4999 ad
891 4947 1117 5001 virtutes
1152 4948 1486 5016 praestandas
1536 4947 1864 5008 adhortatio,
1899 4957 2059 5014 atque
2093 4949 2362 5014 palmstra,

792 5017 841 5069 id
875 5018 926 5069 iti
963 5018 1268 5086 proximum
1301 5017 1682 5070 conferendum
1716 5019 1936 5079 docens,
1968 5018 2109 5084 quod
2136 5018 2267 5071 velis
2300 5017 2368 5068 ab

791 5087 896 5139 alio
953 5087 1005 5139 in
1076 5098 1125 5140 te
1188 5087 1521 5148 conferatur,
1565 5087 1727 5142 idoue
1785 5087 2000 5140 demum
2064 5098 2360 5153 gratiarum

793 5156 1026 5210 actionis
1056 5157 1294 5220 nomine,
1334 5157 1438 5210 Deo
1475 5157 1859 5211 beneficiorum
1893 5157 2134 5224 largitori
2169 5172 2363 5224 repen-

794 5225 1054 5297 dendum,
1104 5227 1248 5295 quod
1293 5227 1361 5280 ab
1409 5228 1494 5291 iis,
1526 5243 1664 5297 quos
1699 5229 1959 5281 beneﬂcio
2005 5227 2360 5288 demeruit-ris,

795 5296 980 5365 exigas
1013 5299 1125 5364 ipse
1159 5307 1217 5349 ut
1247 5296 1593 5365 rependatur.
1626 5296 1767 5362 Quin
1808 5313 1870 5349 ex
1908 5299 2105 5350 divinis
2147 5312 2364 5364 quoque

797 5364 1112 5435 Scripturis.
1160 5364 1408 5436 prostant
1457 5367 1717 5422 doctrinae
1766 5367 2040 5434 plurimae;
2087 5367 2366 5420 beatorum

794 5436 924 5490 item
980 5453 1041 5490 ac
1089 5437 1359 5490 clarorum
1405 5438 1639 5490 virorum
1678 5448 1824 5507 gesta
1872 5437 2066 5506 inclyta
2129 5454 2190 5489 ac
2236 5436 2368 5488 faei-

796 5521 965 5569 nora;
1029 5510 1120 5575 qui
1194 5507 1378 5575 plane,
1435 5509 1669 5560 animata
1725 5509 1969 5575 quedam
2054 5508 2368 5564 simulacra.

798 5578 1140 5631 aemulatione
1165 5580 1444 5636 virtutum,
1485 5578 1683 5646 quibus
1720 5577 1998 5643 praeclare,
2049 5577 2372 5646 egregiaque

798 5647 961 5714 laude
1004 5648 1172 5701 functi
1205 5656 1350 5712 sunt,
1381 5650 1686 5702 volentibus
1724 5650 1835 5702 huic
1872 5648 2084 5700 illorum
2125 5649 2372 5716 magiste-

798 5717 879 5770 ria
915 5719 1091 5786 sequi,
1128 5719 1504 5772 exhibeantnr.
1553 5719 1777 5772 Perinde
1811 5721 1973 5785 igitur
2005 5718 2133 5770 mihi
2164 5727 2370 5770 constt-

801 5798 998 5852 tutum,
1055 5800 1110 5843 ut
1170 5800 1281 5842 tum
1337 5801 1573 5844 veterum
1638 5791 1860 5843 heroum
1916 5789 2171 5858 ptuetlai'a
2226 5794 2373 5855 gesta

2530 4695 2862 4832 ﬁgpt'upwr',
2885 4695 3244 4782 Ejufraﬂlov,
3277 4704 3373 4754 καὶ
3408 4702 3764 4767 Θεοπίστης,
3801 4695 4051 4751 καὶτῶν

2535 4796 2566 4831 τ
2603 4794 2765 4832 κνων
2785 4791 3004 4829 αυτων.

2535 4791 2765 4832 τέκνων
2785 4791 3004 4829 αυτων.

2539 4872 2835 4946 Πρρκειται
2860 4869 2980 4946 ’τοῖς
3000 4865 3322 4946 ’ἀνθρώτιοις
3354 4863 3417 4944 ὲκ
3463 4861 3693 4946 epeosch
3723 4860 3923 4946 οἰκεῖον
3954 4860 4052 4946 ςε-

2469 4929 2758 4997 δασκάλιον
2783 4939 2916 5007 πρὸς
2961 4929 3058 5004 τὴν
3071 4929 3194 5007 ῌτῖυν
3224 4933 3459 5007 ἀρετῶν*
3478 4929 3877 5007 ίκατόρθῳσινη
3897 4929 4056 4980 διδά-

2471 5031 2600 5066 σκον
2629 5012 2804 5063 ἐκεῖνο
2827 4999 3102 5074 ιποιεῖν’τῷ
3138 4999 3385 5074 πληὰίον,
3434 5003 3569 5069 ὅπερ
3593 4999 3772 5074 αὑτὸ-ς
3812 4999 4054 5074 πασχειν

2473 5083 2599 5155 παρέ
2621 5081 2806 5155 ἑτέρον
2837 5069 3086 5155 βούξιεταί
3111 5093 3123 5107 ·
3145 5069 3334 5155 ἐκεῖνό.¹
3356 5090 3415 5125 τε
3441 5072 3656 5155 αποτςλῃ
3669 5071 3792 5141 pain
3953 5071 4050 5150 εξ)-

2473 5139 2669 5224 ερῨέτῃ
2699 5139 2847 5224 Qui),
2903 5145 3288 5224 εὐχαριστίαν.ζ
3311 5144 3354 5224 ὃ,
3391 5143 3484 5195 καὶ
3527 5139 3688 5224 αοξρξ
3736 5141 3883 5224 παρὰ
3935 5139 4054 5218 τῷν

2473 5210 2942 5292 εὖέργὲτουμὲῄνων
2967 5210 3212 5292 diiungi.
3247 5212 3654 5292 Πρόκεινται-δὲ
3705 5211 3795 5292 καὶ
3828 5215 3890 5262 ὲκ
3913 5210 4055 5292 ,ξῶν

2475 5279 2632 5346 θεὶὼν
2661 5279 2889 5359 Γραὶρῶν
2912 5279 3667 5359 διδασκαλίαιτὲαμπληθείς,.
3687 5284 3779 5333 καὶ
3818 5279 4055 5359 πράξεις

2477 5362 2685 5430 ἀνδρῶν
2707 5350 3008 5430 ’μακαρίῳν
3036 5360 3128 5430 καὶ
3153 5350 3432 5430 ἁοιδίι.›;ι.έ›ν2
3461 5350 3507 5404 οἳ
3526 5351 3762 5430 Δεἰκόνες
3791 5350 3935 5430 τινες
3969 5352 4052 5430 εοε-

2479 5451 2560 5485 σιν
2579 5418 2813 5500 ’ἐμψιῖχοι
2849 5418 3238 5500 τέρὸςμίμηοιν
3270 5418 3378 5500 τῶν
3412 5422 3637 5500 ἀγαθῶν.
3685 5418 4053 5500 κατορθωμα-

2476 5521 2604 5565 των,
2617 5490 3117 5565 ’τὸἰ;”βουλὀμένοις
3140 5490 3244 5545 ⁷’ἐπε
3254 5493 3374 5544 σθαι
3418 5494 3548 5565 Δταῖς
3582 5490 3760 5565 aiatth
3775 5561 3783 5565 _
3800 5491 3930 5556 ἀρετ
3941 5492 4026 5565 αἰῂς
4039 5529 4050 5540 .

2477 5559 2638 5625 Οὐδὲν
2672 5559 3279 5639 οὖν’ἦττοντιροεθέμην
3303 5560 3582 5639 προθεῖναι
3613 5561 3912 5639 ’ἐγγράφως
3939 5559 4054 5639 τίὲν

2478 5607 2637 5625 υνυς.
2673 5607 2762 5623 νυ,
2791 5607 2800 5622 .
2832 5607 2939 5619 ..νγ
2972 5607 3004 5615 .-
3047 5607 3160 5616 --η
3217 5607 3268 5614 .-
3310 5607 3340 5613 --
3386 5607 3582 5614 μη---
3621 5607 3707 5626 ,Η
3764 5607 3962 5623 ἡ

2477 5642 2720 5711 ἀργαίων
2744 5616 2954 5720 ἀνδρῶν
2981 5607 3375 5720 ἁινδρργὲθίαςῖ
3429 5633 3521 5720 καὶ
3569 5633 3634 5716 τα
3695 5607 3788 5682 vim
3819 5631 3881 5710 ,ὲν
3936 5632 4055 5720 eos;

2481 5698 2689 5778 καιροῖς
2736 5698 2892 5778 ήμῶν
2933 5698 3376 5778 κατορθώθέλντα).
3404 5701 3534 5778 τερ-ὸς
3579 5699 3899 5778 εὐεργεσίαν
3952 5698 4058 5778 μὶν

2480 5769 2589 5836 τῶν
2617 5769 2939 5842 simium,
2968 5769 3300 5845 ἐπιοτροφὴν
3334 5772 3389 5824 δὲ
3425 5769 3533 5823 τῶν
3579 5771 3920 5838 φασκόντων,
3978 5769 4060 5837 μὴ
