4186 6434
780 447 887 509 4ὶῖ

777 658 1020 715 aspectu,
1058 654 1114 697 ut
1143 660 1239 712 par
1272 651 1376 703 est,
1430 655 1695 709 grataque
1747 638 2020 692 frondium
2069 637 2344 704 composi-

778 740 922 791 tione
977 736 1305 789 elnxurianti
1353 734 1595 786 animum
1658 731 2019 791 attendentes,
2077 742 2350 796 supraque

779 832 997 884 modum
1056 826 1333 895 insipienti
1394 825 1555 878 illecti
1612 826 1814 882 animo,
1866 834 2027 891 atque
2072 822 2191 888 ejus
2222 819 2348 873 victi

779 923 1201 990 pulchritudine,
1227 919 1390 971 deum
1426 918 1598 985 ipsam
1624 918 1945 978 vocitantes,
1971 913 2350 968 sacerdotibus

775 1014 1043 1067 ministris
1071 1013 1488 1077 bestiarumque
1514 1009 1768 1079 religione
1798 1007 2116 1076 placandam
2160 1006 2349 1058 decie-

775 1118 987 1160 VCI'ﬂlll.

948 1196 1036 1249 Sic
1083 1195 1337 1248 nimirum
1388 1202 1609 1262 tamque
1650 1193 1887 1245 immane
1931 1200 2123 1243 auctus
2165 1198 2353 1255 stupor

777 1298 1082 1351 Sensmque
1123 1284 1304 1334 omnis
1332 1282 1600 1341 absentia,
1658 1280 1837 1332 omnis
1872 1294 2066 1331 sensus
2102 1280 2218 1330 luce
2260 1292 2351 1329 ca-

778 1380 914 1430 renti
945 1379 1126 1431 arbori
1178 1379 1326 1447 ipsos
1373 1375 1674 1429 addicebat.
1711 1375 1765 1427 ιιι
1806 1390 1935 1427 vero
1986 1374 2150 1426 etiam
2206 1372 2352 1425 illius

777 1486 970 1522 manus
992 1486 1148 1537 opus,
1170 1472 1259 1538 qui
1290 1485 1317 1521 a
1340 1468 1606 1536 principio
1628 1466 1899 1519 homicida
1923 1466 2027 1518 est‘
2050 1506 2063 1519 .
2098 1464 2143 1517 ls
2162 1480 2354 1532 nempe

775 1559 918 1628 quod
950 1576 977 1610 a
1015 1560 1261 1621 veritate,
1301 1574 1422 1626 quae
1459 1572 1563 1609 una
1619 1558 1843 1624 solaque
1872 1564 1975 1619 est,
2024 1556 2223 1624 pariter
2269 1570 2353 1607 se-

777 1651 969 1701 cedere
1017 1664 1079 1700 ac
1117 1646 1317 1700 moveri
1365 1646 1709 1714 prwstiterat,
1750 1644 2052 1695 innumeris
2101 1642 2354 1708 deinceps

774 1742 1053 1793 erroribus
1085 1739 1555 1805 diversissimique
1609 1736 1820 1804 generis
1872 1734 2354 1801 superstitionibus

777 1848 969 1883 novam
998 1832 1279 1883 inferebat.
1315 1830 1485 1895 Quam
1514 1830 1695 1897 itaque
1715 1828 1981 1890 dicebam,
2001 1827 2213 1886 cititas,
2240 1826 2353 1877 dira

774 1928 1006 1990 quadam
1050 1931 1273 1976 adverso
1307 1924 1527 1976 numine
1568 1922 1885 1983 stoliditate,
1917 1921 2181 1988 majorum
2222 1930 2332 1971 tra-

2457 1910 2598 1961 οὕτω
2629 1911 2964 1981 διημάρτανε
3016 1912 3347 1980 θεογνωσίας
3374 1931 3387 1944 ⁸

775 2017 976 2070 ditione
1038 2025 1281 2084 accepta,
1340 2014 1689 2082 absurdaque
1746 2014 1933 2066 inolito
1978 2013 2119 2081 vulgi
2168 2025 2351 2063 errore

774 2110 1047 2177 opinione,
1083 2110 1284 2163 coitum
1319 2108 1499 2160 arbori
1559 2093 1844 2167 adhibens,
1876 2122 1904 2157 a
1938 2119 2059 2156 vera
2124 2104 2211 2155 Dei
2246 2118 2337 2155 c0-

776 2202 1015 2269 5nitione
1040 2216 1103 2253 ac
1136 2202 1235 2253 lide
1284 2215 1408 2253 eum
1447 2199 1497 2251 in
1527 2198 1745 2251 modum
1772 2197 2075 2249 alierrabat.
2117 2192 2233 2247 Non
2267 2203 2349 2246 ta-

775 2311 895 2346 men
932 2291 1172 2345 futurum
1204 2302 1322 2346 erat
1348 2302 1407 2345 ut
1455 2307 1573 2345 eam
1605 2290 1808 2344 Christi
1865 2288 2201 2358 providentia
2252 2302 2348 2338 ne-

725 2430 733 2443 .
774 2384 1016 2453 gligeret,
1060 2385 1141 2437 vel
1201 2385 1252 2437 in
1302 2385 1407 2437 line
1458 2392 1852 2438 contemneret.
1908 2380 2048 2445 Quin
2105 2378 2342 2431 nobilem

1977 439 2270 501 ΝΙΟΕΤΛΞ
2309 437 2832 498 PAPIILAGONIS

775 560 896 611 dam
928 553 1127 619 arbori,
1155 551 1292 622 apud
1323 565 1416 606 eos
1444 549 1590 604 lotus
1623 548 1698 618 (2)
1734 557 2079 617 nuncupatas,
2106 546 2345 617 pulchrae

2457 546 2503 598 δέ
2568 562 2673 598 τινι
2718 546 2825 598 τῶν
2892 546 3020 615 παρ’
3081 547 3296 612 αὐτοῖς,

3922 448 4033 509 ιει

3353 550 3507 619 λωτῷ
3548 553 3645 621 μὲν
3686 556 4036 628 καλουμένῳ,

2454 638 2639 706 ὡραίῳ
2663 637 2839 705 δὲτὴν
2870 637 3018 703 θέαν,
3055 638 3129 701 ὡς
3171 640 3339 702 εἰκὸς,
3375 643 3467 693 καὶ
3495 642 3707 696 εὐθαλεί
3732 647 3827 714 τὴν
3865 666 4043 700 κατα-

2460 728 2660 798 σκευὴν
2713 730 3063 798 προσχόντες,
3120 736 3212 783 καὶ
3263 732 3350 783 τὸν
3378 735 3602 803 ἀνόητον
3623 737 3744 788 νοῦν
3779 742 4042 810 ἀμέτρως

2458 819 2937 889 καταθελχθέντες,
2976 822 3069 872 καὶ
3098 824 3417 889 ἡττηθέντες
3441 827 3536 893 τῆς
3566 828 3729 878 αὑτοῦ
3749 829 4037 899 καλλονῆς⁹

2449 908 2607 961 τοῦτο
2636 910 2766 961 Θεὸν
2791 910 3155 978 νενομήκασιν
3180 928 3193 941 '
3250 912 3451 981 ἱερεῦσί
3497 931 3555 965 τε
3583 916 3671 966 καὶ
3707 915 3915 979 θυσίαις
3947 918 4039 982 ἐξ·

2455 1002 2771 1054 ιλάσκεσθαι
2794 1002 2963 1072 ᾤοντο
2997 1002 3126 1057 δεῖν.

2523 1178 2579 1230 ε’.
2616 1178 2799 1235 Οὕτως
2827 1179 3008 1230 αὐτῶν
3058 1181 3088 1249 ἠ
3142 1180 3470 1249 ἀναισθησία
3513 1187 3993 1252 κατευμεγεθοῦσα
4018 1231 4032 1252 ,

2453 1270 2530 1338 τῷ
2561 1270 2871 1339 ἀναισίιήτῳ
2901 1272 3285 1322 κατεδουλοῦτο
3337 1273 3509 1341 ξύλῳ·
3554 1276 3711 1344 ἔργον
3744 1280 3836 1329 καὶ
3874 1281 4039 1332 τοῦτο

2455 1362 2551 1429 τῆς
2578 1364 2670 1413 ἀπ’
2703 1362 2877 1430 ἀρχῆς
2906 1362 3350 1432 ἀνθρωποκτόνου
3388 1368 3602 1434 χειρίς·
3637 1368 3693 1429 ὃς
3717 1370 3900 1441 ἐπειδὴ
3934 1374 4036 1439 τῆς

2458 1454 2586 1522 μιᾶς
2621 1453 2876 1521 ἀληθείας
2917 1457 3010 1505 καὶ
3067 1454 3232 1523 μόνης
3285 1460 3842 1527 συμπαρακινηθῆναι
3888 1471 4036 1531 παρ-

2456 1545 2768 1606 εσκεύαζεν,
2814 1546 3034 1614 μυρίαις
3061 1547 3245 1597 λοιπὸν
3287 1549 3520 1612 ἀπάταις
3562 1552 3654 1601 καὶ
3708 1552 4039 1623 δεισιδαιμο-

2456 1637 2597 1698 νίαις
2620 1636 3136 1705 πολυτροπωτάταις
3166 1640 3508 1707 ἐλυμαίνετο.
3549 1640 3611 1692 Ἠ
3638 1641 3737 1709 μὶν
3768 1642 4037 1714 οὖνείρη-

2460 1729 2594 1797 μένη
2658 1729 2808 1789 πόλις
2861 1728 2922 1778 ἐκ
2964 1745 3107 1790 τινος
3154 1729 3501 1793 θεοϐλαϐείας
3554 1735 4040 1802 πατροπαραδότου

2458 1819 2551 1869 καὶ
2587 1820 2787 1871 ἀτόπου
2811 1820 3128 1889 προλήψεως
3173 1820 3593 1892 ξυλολατροῦσα,
3638 1826 3736 1893 τῆς
3776 1827 4041 1898 ἀληθινῆς

3441 1916 3539 1968 οὐκ
3592 1916 3781 1985 ἔμελλε
3833 1920 3887 1971 δὲ
3927 1922 4040 1991 ἄρα.

2456 2002 2560 2053 ὑπὸ
2591 2003 2690 2070 τῆς
2710 2002 2801 2053 τοῦ
2831 2004 3065 2072 Χριστοῦ
3116 2004 3373 2073 προνοίας
3431 2010 3994 2081 παραμεληθὴσεσθαι
4017 2030 4031 2041 ·

2452 2094 2559 2146 οὐδ’
2605 2096 2682 2156 εἰς
2736 2094 2884 2157 τέλος
2916 2096 3059 2164 αὐτῷ
3100 2097 3615 2168 παροραθήσεσθαι’
3667 2102 3726 2153 τὸ
3766 2103 3946 2172 τίμιον
3976 2105 4037 2156 δὲ

2449 2185 2605 2237 τοῦτο
2658 2187 2749 2238 καὶ
2772 2186 3027 2253 θεὸᾳυτον
3060 2189 3325 2257 εὐκαίρως
3354 2190 3619 2260 ἐξανίσχει
3643 2194 3839 2260 φυτόν·
3870 2198 4038 2263 φυτὸν

2448 2277 2592 2349 ζωῆς
2641 2280 2821 2346 ἁγίας,
2856 2280 2949 2331 καὶ
2994 2280 3167 2350 ψυχῆς
3209 2282 3417 2345 τελείας
3450 2285 3545 2336 καὶ
3590 2286 3844 2354 ἀληθείας
3897 2290 4039 2341 Θεοῦ

2446 2372 2670 2442 πλῆρες,
2722 2373 2858 2424 κατὰ
2899 2371 2990 2424 τοῦ
3018 2374 3115 2441 τῆς
3158 2375 3366 2445 πλάνης
3418 2377 3670 2446 ἀνίστησι
3695 2381 3887 2447 φυτοῦ.

776 2479 915 2530 hanc
961 2478 1178 2544 Deoque
1211 2486 1384 2531 satam
1441 2487 1748 2545 opportune
1797 2474 2047 2544 producit
2104 2473 2345 2541 stirpem.
2384 2466 2584 2536 Nempe
2619 2468 2841 2535 stirpem
2876 2468 2995 2519 vitae
3037 2480 3261 2533 sanctze,
3320 2470 3654 2538 perfectique
3719 2472 3888 2526 animi
3969 2490 4036 2531 ac

777 2568 866 2622 Dei
898 2571 1144 2623 veritatis
1179 2571 1412 2637 plenum,
1464 2569 1725 2623 adversus
1770 2567 1974 2620 erroris
2032 2566 2257 2632 stirpem
2294 2564 2609 2617 evsuscitat.

845 2710 896 2763 6.
955 2710 1140 2763 Sancti
1197 2710 1358 2779 igitur
1414 2708 1702 2780 Hyacinthi
1740 2710 1911 2777 ipsam
1964 2708 2141 2775 primo
2190 2707 2346 2775 quasi

780 2803 1022 2871 germine
1049 2802 1371 2862 editionem.
1402 2802 1450 2855 ei
1501 2802 1712 2855 scilicet
1755 2805 1821 2853 ah
1858 2800 2081 2853 infantia
2105 2799 2353 2865 omnipo-

778 2896 940 2947 tentis
977 2894 1214 2962 Spiritus
1266 2892 1502 2945 alllatutn
1560 2893 1815 2945 comitem
1869 2906 1932 2943 ac
1962 2891 2350 2959 Operatioueni,

772 2984 1217 3053 mirabihumque
1253 2999 1476 3052 operum
1500 2983 1886 3035 exhibitionem
1911 2982 1985 3048 (ὅ)
2007 3002 2018 3031 ;
2041 2991 2189 3033 novit
2207 2982 2349 3033 enim

778 3076 1052 3145 Sapientia
1101 3091 1165 3128 ex
1200 3079 1313 3144 ipsa
1347 3076 1506 3128 vuha
1561 3075 1655 3143 qui
1707 3074 1852 3126 illius
1912 3071 2200 3125 necessarii
2242 3072 2353 3123 sint

778 3166 1122 3218 sanctiticare
1152 3182 1166 3229 ;
1198 3181 1259 3217 ac
1290 3181 1429 3232 quos
1464 3164 1579 3217 suis
1618 3164 1785 3232 agiles
1829 3162 2032 3214 muniis
2061 3162 2176 3213 fore
2211 3176 2348 3228 pra:-

777 3255 940 3309 sci\it
996 3269 1062 3307 ac
1124 3254 1462 3315 industrios,
1528 3253 1809 3319 liberoque
1866 3252 2031 3303 animi
2093 3260 2226 3302 nutu
2290 3263 2353 3303 ac

2528 2702 2601 2767 ς’,
2630 2705 2739 2774 Τὴν
2780 2703 2879 2773 μὲν
2927 2700 3020 2757 οὖν
3071 2705 3131 2768 ἐξ
3170 2706 3347 2776 ἀρχῆς
3403 2706 3692 2760 Ὑακίνθου
3734 2709 3827 2761 τοῦ
3876 2711 4040 2779 ἁγίου

2457 2795 2711 2863 βλάστην,
2781 2797 2896 2864 ἦτοι
2964 2798 3064 2864 τὴν
3122 2796 3379 2865 νηπιόθεν
3435 2798 3584 2867 αὐτῷ
3647 2804 4040 2871 παρεπομένην

2456 2887 2549 2939 τοῦ
2588 2888 2921 2949 πανσθενοῦς
2952 2888 3268 2954 Πνεῦματος
3306 2890 3607 2958 ἐνέργειαν,
3646 2892 3737 2943 καὶ
3764 2892 3870 2944 τῶν
3902 2893 4040 2945 θαυ-

2457 2982 2666 3049 μασίων
2689 2982 2783 3049 τὴν
2820 2980 3074 3044 ἐπίδειξιν
3094 2998 3105 3008 ·
3127 2979 3263 3032 οἶδεν
3294 2982 3399 3048 γὰρ
3436 2983 3467 3050 ἡ
3495 2983 3660 3050 Σορία
3692 2984 3799 3035 ἀπὸ
3823 2986 4042 3053 μήτρας

2453 3073 2620 3141 αὐτῆς
2643 3074 2885 3138 ἀγιὰζειν
2914 3075 3038 3135 τοὺς
3071 3075 3298 3134 οἰκείους
3322 3074 3414 3125 καὶ
3444 3072 3535 3134 οὓς
3559 3074 3805 3142 προέγνω
3832 3076 4041 3139 δεξιοὺς

2452 3165 2588 3232 αῖιτῇ
2648 3165 3107 3233 χρηματίζοντας,
3174 3165 3267 3215 καὶ
3325 3164 3550 3234 γνώμης
3587 3166 3928 3234 ὲκουσιότητι
3975 3170 4040 3220 τὸ

2461 3255 2665 3323 βέλτιον
2718 3255 3108 3323 αίρετίσοντας,
3158 3254 3367 3317 τούτοις
3415 3255 3529 3324 ἅμα
3574 3258 3639 3325 τῇ
3685 3256 3877 3329 πρώτῃ
3908 3274 4043 3308 συν-

777 3347 1055 3400 voluntate
1094 3348 1345 3399 virtutem
1380 3347 1672 3406 electurus,
1704 3360 1826 3396 ri‘iox
1857 3359 1918 3396 ac
1950 3343 2121 3410 prima
2153 3342 2351 3394 forma-

2457 3348 2685 3399 εισιέναι
2712 3346 2925 3410 πλάσει,
2981 3347 3074 3397 καὶ
3123 3345 3448 3414 τεκμηρίοις
3475 3347 3616 3396 τισὶν
3643 3346 3790 3397 ἔστιν
3814 3347 3904 3398 ὅτε
3938 3349 4042 3417 τὴν

780 3438 930 3490 tione
982 3453 1032 3489 ιιι
1082 3453 1260 3489 rerum
1320 3445 1570 3489 naturam
1623 3435 1909 3493 subierint,
1956 3448 2143 3486 eorum
2192 3434 2354 3486 certis

777 3529 1104 3598 quibusdam
1164 3528 1377 3581 indiciis
1434 3528 1766 3597 quandoque
1826 3525 2065 3578 futuram
2116 3525 2345 3594 gloriam

776 3621 1061 3689 designare
1084 3634 1148 3672 ac
1168 3620 1489 3683 claritatem)
1511 3620 1646 3682 haec,
1672 3618 1815 3669 velut
1836 3632 1954 3685 qua:
1974 3633 2079 3668 non
2105 3617 2355 3668 humana:

778 3712 1095 3777 voluntatis,
1162 3712 1256 3765 sed
1317 3710 1407 3763 Dei
1462 3710 1669 3777 liquido
1703 3724 1867 3777 Opera
1907 3708 2192 3773 exsistant,
2247 3707 2355 3761 illis

778 3804 1060 3857 referenda
1121 3803 1491 3870 relinquemus
1543 3802 1642 3871 (4),
1675 3802 1874 3868 quibus
1926 3802 2110 3853 animo
2145 3801 2352 3853 consti-

777 3907 990 3959 tutum,
1058 3906 1117 3949 ut
1162 3896 1281 3963 ejus
1336 3910 1516 3949 rerum
1584 3903 1768 3949 texant
1840 3894 2141 3947 historiam.
2198 3892 2353 3958 Quod

779 4004 909 4044 vero
967 4005 1072 4041 non
1133 3992 1310 4042 solum
1362 3988 1558 4040 divina:
1589 3988 1793 4057 gratim,
1850 3985 1945 4038 sed
2010 3994 2062 4038 et
2112 3985 2355 4039 victricis

781 4082 954 4148 palam
996 4082 1207 4134 athleta:
1244 4080 1412 4133 animi
1473 4080 1771 4132 voluntatis
1822 4077 2034 4132 fructus
2062 4086 2146 4131 est
2179 4077 2356 4130 illius-

778 4186 884 4241 que
910 4171 1131 4240 dignum
1167 4171 1289 4224 ﬁdei
1320 4185 1480 4238 opus,
1518 4170 1621 4222 hoc
1667 4168 1800 4221 mihi
1838 4168 2016 4221 visum
2065 4178 2123 4220 ut
2178 4167 2355 4220 laudi-

780 4265 881 4316 bus
916 4263 1210 4324 celebrem,
1234 4262 1681 4329 admirandisque
1707 4260 1848 4314 saeri
1908 4260 2166 4329 martyris
2198 4258 2354 4315 fortis

778 4353 943 4408 animi
1001 4356 1168 4421 gestis
1193 4354 1465 4420 factisque
1523 4365 1820 4421 martyrum
1865 4361 2113 4405 amantes
2142 4351 2356 4407 animos

780 4456 1105 4513 mentesque
1154 4446 1295 4496 laute
1338 4445 1631 4511 excipiam.
1675 4442 1833 4508 Quod
1888 4443 2033 4495 enim
2064 4445 2238 4511 prima
2273 4444 2354 4495 al-

781 4548 998 4605 teraque
1020 4545 1199 4598 aetate,
1226 4552 1289 4587 ac
1318 4535 1576 4604 deinceps
1624 4536 1773 4589 omni
1808 4536 2007 4604 pietate
2035 4550 2098 4588 ac
2132 4535 2355 4603 justitize

780 4629 1033 4696 Operibus
1061 4640 1305 4695 peracta,
1353 4628 1435 4678 vir
1464 4627 1656 4680 beatus
1701 4626 1766 4680 ad
1810 4628 2011 4680 seniles
2039 4628 2149 4695 jam
2181 4642 2355 4681 annos

2462 3441 2758 3510 μέλλουσαν
2789 3442 3233 3509 παρασημαίνειν
3263 3440 3449 3503 δόξαν·
3487 3440 3658 3493 ’ταῦτα
3691 3441 3809 3506 μὲν,
3839 3441 3913 3504 ὡς
3936 3442 4043 3493 οὐκ

2457 3532 2803 3601 ἀιθρωπίνης
2858 3532 3253 3601 προαιρέσεως,
3309 3530 3444 3582 Θεοῦ
3490 3531 3546 3583 δὲ
3600 3531 3853 3601 καθαρῶς
3897 3531 4042 3601 ἔργα.

2459 3624 2801 3687 καθεστῶτα,
2835 3626 2946 3686 τοῖς
2982 3624 3216 3692 ἱστορεῖν
3246 3624 3495 3676 ἐθέλουσι
3526 3626 3846 3694 παρήσομεν
3870 3640 3883 3653 ⁸
3912 3625 4039 3690 ὅδὲ,

2455 3715 2636 3767 οὐκέτι
2673 3716 2839 3784 μόνης
2874 3714 2974 3782 τῆς
3031 3715 3273 3783 χάριτος,
3311 3716 3447 3767 ἀλλὰ
3493 3716 3589 3767 καὶ
3624 3716 3724 3783 τῆς
3754 3716 4043 3785 ἀθλοφορι-

2456 3808 2557 3875 κῆς
2612 3806 3061 3874 ὁμολογουμένως
3119 3805 3434 3875 προθέσεως
3488 3807 3724 3876 καρπὸς,
3760 3808 3850 3859 καὶ
3876 3808 4041 3877 ἔργον

2456 3897 2552 3966 τῆς
2587 3896 2795 3948 ἐκείνου
2832 3897 3068 3959 πίστεως
3100 3897 3271 3961 ἄξιον,
3305 3898 3464 3952 τοῦτὸ
3512 3916 3601 3967 μοι
3636 3899 3849 3963 δοκοῦν,
3874 3902 4040 3953 ἐπαι-

2456 3988 2636 4041 νετέον
2663 3984 2822 4051 εἶναι,
2847 3990 2941 4042 καὶ
2967 3992 3085 4051 ταῖς
3135 3990 3470 4060 θαυμασίαις
3513 3991 3606 4043 τοῦ
3650 3992 3796 4061 ἱεροῦ
3828 3993 4041 4063 μάρτυ-

2460 4098 2551 4151 ρος
2610 4081 3023 4151 ἀνδραγαθίαις,
3058 4083 3158 4144 τὰς
3203 4083 3616 4153 φιλομάρτυρας
3660 4084 3898 4147 διανοίας
3940 4088 4038 4136 καὶ

2454 4172 2629 4241 ψυχᾶς
2662 4173 2867 4242 ὲστιᾷν.
2910 4173 3064 4225 Ἐπεὶ
3122 4175 3232 4243 γὰρ
3282 4174 3382 4242 τὴν
3432 4174 3657 4243 πρώτην
3690 4192 3748 4226 τε
3782 4176 3875 4227 καὶ
3919 4176 4045 4227 δευ-

2454 4264 2621 4333 τέραν
2652 4265 2890 4333 ἡλικίαν,
2921 4266 3013 4316 καὶ¹
3061 4265 3294 4334 καθεξῆς
3320 4268 3347 4318 ὁ
3380 4265 3665 4333 Μακάριος
3701 4266 3758 4317 ὲν
3789 4266 4045 4339 εὐσεϐείᾳ

2455 4370 2513 4406 τε
2544 4354 2689 4424 πάσῃ
2721 4357 2811 4407 καὶ
2834 4355 3014 4425 ἔργοις
3036 4355 3333 4418 τετελεκὼς
3365 4354 3733 4423 δικαιοσύνης,
3767 4357 3845 4417 εἰς
3871 4373 4045 4424 πρεσι-

2458 4446 2682 4514 ϐυτικὴν
2717 4447 2816 4516 ήδη
2852 4447 3241 4515 μεθηλικίωσιν
3287 4448 3646 4517 κατήντησεν,
3678 4448 3787 4515 ὅσῳ
3818 4449 3916 4516 μὲν
3938 4448 4043 4500 αὑ-

2455 4537 2545 4599 τὸς
2604 4536 2681 4606 τῷ
2744 4538 2938 4608 μακρῷ
2988 4539 3164 4607 χρόνῳ
3233 4539 3369 4607 πρὸς
3430 4540 3611 4590 πᾶσαν
3658 4539 3796 4590 Θεοῦ
3850 4539 4043 4592 πίστιν

2458 4628 2809 4698 κατωρθοῦτο
2865 4629 2961 4680 καὶ
3006 4630 3229 4700 ἀρετὴν,
3259 4628 3498 4696 τοσούτῳ
3541 4629 3741 4699 μᾶλλον
3776 4630 3825 4680 οἱ
3857 4646 4042 4699 παρα-

780 4727 1069 4781 evaserat;
1128 4730 1333 4785 quanto
1399 4716 1488 4770 ille
1551 4716 1708 4785 longa
1767 4727 1922 4770 attate
1988 4732 2203 4770 onmem
2258 4714 2353 4771 Dei

2460 4718 2757 4787 νομώτατοι
2791 4720 2892 4788 τῆς
2955 4722 3161 4783 πόλεως
3221 4722 3361 4774 κατά
3390 4722 3517 4783 τοὺς
3568 4720 3733 4773 παλαι
3764 4720 4040 4785 ἀπειθεῖς,

784 4810 943 4861 tidem
975 4810 1339 4875 virtutemque
1388 4812 1701 4876 praestabat,
1751 4817 1902 4862 tanto
1949 4807 2120 4877 magis
2185 4807 2355 4861 scele-

783 4902 1007 4955 stissimi
1074 4900 1241 4964 cives,
1292 4916 1482 4953 eorum
1541 4916 1692 4953 more
1751 4900 1843 4969 qui
1899 4901 2027 4953 olim
2093 4899 2355 4955 increduli

786 4998 1018 5059 fuerant,
1066 4995 1208 5062 ejus,
1262 5009 1425 5063 quam
1477 4993 1746 5057 dicebam,
1796 4993 2008 5048 arboris
2040 4995 2187 5048 cultu
2216 5008 2355 5047 ma:-

858 5176 872 5206 '
906 5173 1065 5229 Juan.
1092 5191 1208 5239 vni,
1232 5174 1325 5227 4i.

861 5388 939 5455 (Ξ)
974 5387 1067 5441 Est
1092 5387 1236 5441 lotus
1269 5386 1429 5440 arbor
1459 5384 1607 5439 Afris
1641 5381 1944 5455 familiaris.
1994 5395 2115 5450 qua:
2153 5376 2363 5455 profert

789 5449 995 5515 fructus
1018 5459 1152 5512 adeo
1183 5468 1385 5527 gratos,
1422 5466 1480 5509 ut
1505 5454 1983 5527 advenis-incutiat
2014 5449 2214 5527 patriae
2262 5449 2361 5501 ob-

786 5532 1061 5585 livionem.
1096 5520 1231 5582 lliiic
1261 5539 1446 5581 natum
1492 5524 1860 5596 proverbium.
1913 5520 2360 5596 Amycus-pane,

789 5604 838 5655 id
871 5610 956 5653 est
993 5619 1010 5650 ι
1051 5598 1241 5652 Lutum
1283 5591 1533 5667 gustasti.
1574 5615 1591 5647 ι
1635 5593 1773 5667 lline
1832 5591 2128 5667 Lotophagi
2164 5606 2357 5667 vocati-

787 5682 875 5725 tur
920 5671 1138 5739 quidam
1195 5660 1389 5721 African
1420 5666 1755 5739 p0pltlf,__qui
1811 5663 1930 5730 ejus
1959 5661 2165 5739 “fructu
2219 5673 2307 5739 ves
2349 5660 2361 5711 i

786 5729 1065 5795 dicuntur.
1095 5741 1167 5793 De
1192 5741 1283 5793 illa
1325 5729 1570 5793 nteiniirit
1614 5729 1903 5797 Homerus,
1953 5730 2202 5791 Ovidius,
2250 5729 2360 5781 Pli-

788 5814 913 5864 nius
938 5812 1158 5879 aliique.

860 5883 936 5952 t3)
967 5870 1125 5935 r‘oitc
1160 5879 1250 5936 hic
1277 5879 1492 5935 Niectas
1525 5875 1637 5933 vult
1667 5874 1906 5930 alludere
1938 5872 2002 5926 ad
2040 5870 2359 5926 miraculum

2460 4811 2537 4879 τῷ
2587 4812 2861 4883 εἰρημένῳ
2911 4813 3211 4882 ὲμοιγῶντο
3252 4813 3430 4883 ξύλῳ·
3459 4813 3551 4866 καὶ
3598 4814 3751 4865 αὐτοὶ
3805 4812 3904 4881 μὲν
3965 4814 4045 4875 ὡς

2462 4902 2601 4969 Θεῷ,
2660 4904 2835 4974 τούτῳ
2899 4907 2997 4967 τάς
3069 4907 3322 4976 λατρείας
3392 4906 3640 4966 ἐκτόπως
3692 4902 4044 4967 θυσιάζοντες

2463 4996 2725 5067 ἀνέφερον
2746 5012 2759 5026 ’
2792 4997 2951 5061 αὐτὸς
2984 4998 3061 5064 δὲ,
3102 4997 3181 5068 τῷ
3212 5000 3358 5069 ζήλῳ
3389 4999 3487 5067 τῆς
3522 4996 3805 5059 εὐσεϐείας
3832 5014 4046 5068 πυρπο·

2464 5382 2609 5462 quod
2766 5383 3135 5462 _llyacintlius
3179 5385 3230 5436 in
3287 5386 3515 5453 pueritia
3567 5382 3817 5454 patravit,
3858 5384 3936 5435 uti
3992 5385 4045 5437 in

2465 5453 2615 5507 illius
2640 5454 2816 5523 elogio
2837 5453 3003 5509 antea
3036 5457 3289 5509 vidimus.

2538 5525 2613 5591 (4)
2671 5526 2809 5579 Hinc
2866 5535 3028 5594 patet,
3086 5523 3328 5578 Nicetam
3371 5526 3771 5593 Paphlagonem
3834 5531 4045 5577 tantum

2468 5598 2790 5665 martyrium
2860 5598 3034 5649 sancti
3088 5595 3372 5664 llyacinthi
3434 5596 3715 5665 laudibus,
3757 5596 4046 5656 extollere,

2469 5667 2585 5718 sive
2620 5664 2774 5733 quod
2818 5666 2883 5719 de
2929 5670 3091 5735 gestis
3141 5666 3259 5733 ejus
3320 5674 3445 5719 ante
3504 5664 3820 5733 martyrium
3873 5680 4046 5732 pauca

2471 5746 2680 5800 nosset,
2714 5737 2827 5789 sive
2862 5734 3005 5804 quod
3041 5740 3153 5789 ha‘c
3186 5736 3549 5789 celebrassent
3604 5735 3694 5788 alii
3724 5734 4045 5804 scriptores,

2470 5822 2704 5875 quorum
2736 5807 2927 5862 notitia
2964 5806 3029 5860 ad
3063 5822 3162 5861 nos
3188 5822 3294 5861 non
3326 5805 3588 5877 pervenit.
