4186 6434
171 474 264 534 425

727 468 1006 529 ORATIO
1041 466 1200 526 XlX.
1235 492 1302 501 —
1334 464 1414 523 ΙΝ
1456 460 1769 523 LAUDEM
1810 460 1865 519 S.
1905 455 2328 519 HYACINTHI
2366 453 2832 516 AMASTRENI.

3301 457 3408 525 426

172 587 438 653 λούμενος,
493 583 589 636 καὶ
648 581 768 634 καθ’
824 582 1098 649 ἑκάστην,
1144 579 1219 643 ὠς
1269 580 1480 643 εἰπεῖν,
1548 577 1767 637 αὐτοῖς,

1869 573 2157 627 habantur.
2215 570 2392 639 Atque
2436 570 2491 624 hi
2552 570 2771 641 quidem
2806 568 2905 637 illi,
2960 575 3021 625 ut
3066 569 3176 626 Deo
3242 576 3414 629 sacri-

172 676 421 746 προσιὼν,
451 672 749 744 παρηγγύα
780 672 872 725 καὶ
916 670 1322 741 παρήγγελλεν,

234 944 295 1008 ζ’.
336 960 356 992 ι
404 940 630 1009 Ἄνδρες
661 938 900 1001 πολῖται,
937 937 1131 1005 λέγων,
1180 936 1337 998 ὅσοις
1387 935 1614 1004 ἔμφρων
1656 935 1740 987 ὲν-

174 1036 424 1087 ἐστακται
487 1031 770 1101 λογισμὸς,
820 1030 1015 1100 δέομαι
1049 1028 1225 1097 ὑμῶν,
1261 1028 1396 1099 ὀρθῇ
1428 1028 1607 1097 κρίσει
1647 1028 1741 1079 καὶ

174 1129 408 1199 διακονίᾳ
463 1125 821 1194 λελογισμένῃ
874 1121 1228 1192 κεχρημένοι,
1288 1124 1401 1182 τοῖς
1450 1119 1540 1187 ὑφ’
1587 1119 1743 1188 ὑμῶν

176 1220 563 1291 πραττομένοις
613 1218 947 1285 ὲπιστήσατε
997 1216 1086 1266 τὸν
1143 1213 1303 1266 νοῦν’
1342 1212 1609 1282 γνῶτε.δὴ
1650 1212 1745 1263 καὶ

178 1313 353 1365 σύνετε
390 1312 498 1362 τίνι
551 1308 842 1378 λατρεύετε
866 1323 881 1337 ·
917 1308 1008 1359 καὶ
1052 1307 1160 1358 τίνι
1192 1305 1253 1357 τὺ
1277 1304 1465 1366 σέϐας,
1498 1304 1571 1365 ὼς
1603 1304 1741 1370 Θεῷ,

179 1406 652 1474 προσαναφέρετεο
712 1401 772 1453 τὸ
809 1399 963 1464 ξύλον
999 1400 1104 1469 γὰρ
1155 1396 1333 1460 τοῦτο,
1389 1396 1533 1450 καθά
1564 1398 1657 1448 καὶ
1680 1395 1749 1448 τὰ

179 1496 325 1549 λοιπά
348 1496 543 1566 δένδρα
575 1495 777 1556 πάντα,
800 1492 905 1543 τῶν
941 1492 1039 1559 μὲν
1061 1489 1284 1559 ἀψύχων
1312 1489 1582 1557 σωμάτων
1618 1486 1749 1540 καλ-

179 1590 338 1651 λίονὸς
363 1592 483 1643 ἐστι
518 1588 757 1656 φύσεως,
792 1585 915 1638 καθ’
956 1584 984 1637 ὂ
1016 1583 1317 1655 θρεηικῆς
1352 1581 1489 1644 ὅλως
1526 1579 1619 1632 καὶ
1646 1580 1746 1632 αύ-

182 1682 393 1751 ξητικῆς
422 1680 705 1750 δυνάμεως
760 1679 1006 1748 εὐμοιρεί
1031 1693 1043 1708 ·
1079 1679 1262 1746 χεῖρον
1306 1675 1362 1727 δὲ
1410 1674 1564 1739 ζώων
1604 1673 1735 1726 πάν-

181 1792 293 1837 των,
328 1776 412 1827 ὅτι
449 1774 629 1843 πάσης
674 1772 981 1841 αἰσθήσεως
1022 1773 1119 1824 καὶ
1156 1768 1339 1839 πάσης
1379 1767 1749 1839 μεταϐατικῆς

182 1870 432 1935 κινήσεως
467 1868 709 1936 ἀμοιρεῖ·
744 1864 932 1936 ὥσπερ
954 1865 1017 1933 δὴ
1055 1865 1149 1917 καὶ
1181 1863 1288 1916 τῶν
1306 1862 1513 1929 ἀλόγων
1544 1861 1750 1913 ἕκαστα

183 1960 342 2022 ζώων,
364 1958 442 2027 τῷ
470 1959 570 2028 μὲν
597 1957 902 2025 αἰσθήσεως
950 1956 984 2025 ἦ
1037 1956 1305 2026 κινήσεως
1331 1953 1603 2025 μετέχειν,
1643 1950 1751 2004 τῶν

184 2052 351 2120 φυτῶν
377 2052 694 2121 τελειότερα
726 2048 1057 2119 δεικνύμενα
1077 2090 1092 2115 ,
1128 2048 1207 2118 τῷ
1254 2048 1460 2118 ἄμοιρα
1491 2045 1546 2098 δὲ
1592 2044 1749 2111 λόγου

184 2142 523 2205 καθεστάναι,
546 2141 639 2194 τοῦ
670 2139 963 2208 ἀνθρώπου
1017 2138 1158 2191 κατά
1203 2136 1366 2202 φύσιν
1423 2135 1753 2206 χρηματίζει

184 2232 373 2301 χείρω’
410 2234 510 2285 καὶ
544 2234 654 2303 γάρ
690 2232 787 2301 οὐχ
820 2230 1094 2301 ὁμοιειδὴς
1135 2231 1167 2298 ἡ
1217 2228 1413 2292 κτίσις,
1458 2228 1566 2280 οὐδ’
1617 2229 1749 2293 ὁμο-

184 2325 349 2391 ταγῶς
377 2325 446 2377 τὰ
478 2324 658 2377 πάντα
695 2327 762 2394 τῇ
802 2322 1121 2393 δημιουργῷ
1158 2321 1319 2392 σοφία
1364 2320 1716 2373 διατέτακται

186 2418 367 2470 ἀλλ’ὲν
401 2418 764 2489 παναρμονίῳ
823 2418 892 2468 τὰ
942 2417 1120 2469 πάντα
1172 2413 1455 2481 συστοιχίᾳ
1506 2412 1600 2465 καὶ
1625 2414 1755 2463 ἀκο-

184 2509 377 2581 λουθίᾳ,
416 2511 528 2563 ἀπδ
557 2508 650 2562 τοῦ
739 2508 1007 2578 βελτίονος
1065 2505 1159 2558 ἐπὶ
1188 2506 1248 2558 τὸ
1273 2500 1461 2575 ἧσσον,
1503 2503 1597 2557 καὶ
1650 2504 1757 2555 ἀπὸ

186 2602 267 2653 τού
320 2602 513 2672 ὁμοίου
566 2601 661 2654 καὶ
719 2599 985 2662 θεοειδοῦς
1029 2600 1122 2650 ἐπὶ
1176 2598 1236 2650 τὸ
1286 2594 1634 2667 πόρῤωΘεοῦ
1667 2597 1759 2648 καὶ

186 2696 423 2764 ἀνόμοιον
462 2695 695 2762 προάγει
728 2694 828 2762 τὴν
854 2691 1217 2762 δημιουργίαν
1241 2706 1253 2719 ·
1285 2690 1359 2752 ὡς
1392 2691 1461 2742 ἂν
1511 2689 1585 2758 μὴ
1625 2688 1759 2754 ἀμέ-

189 2802 283 2848 οως
303 2788 412 2847 τοῖς
438 2785 552 2837 τῶν
585 2784 765 2855 ἔργων
803 2785 1073 2851 ἐσχάτοις,
1111 2782 1200 2834 διά
1244 2780 1453 2833 πολλῶν
1487 2779 1543 2831 δὲ
1570 2778 1679 2831 τῶν
1706 2779 1761 2829 ὲν

193 2878 325 2946 μέσῳ
373 2876 659 2946 θεωρηθῇ,
700 2874 799 2936 τὰς
852 2872 1171 2943 πρεπούσας
1235 2871 1489 2940 προνοίας
1538 2870 1761 2922 ἐπιϐαλ-

190 2969 376 3022 λουσιν
436 2971 555 3029 τοῖς
597 2968 848 3021 κάτωθεν
896 2966 952 3017 δὲ
1000 2966 1138 3035 πρὸς
1192 2964 1355 3017 αὑτοῦ
1405 2964 1615 3017 ἀνιέναι
1664 2962 1761 3032 τὴν

192 3064 369 3130 σοφίαν
420 3060 516 3113 διὰ
574 3059 807 3130 θεωρίας
848 3057 1214 3127 βουλομένοις,
1256 3056 1343 3108 διά
1387 3072 1537 3116 τινας
1568 3053 1763 3106 ἀνοιῦα-

192 3154 339 3222 θμοὺς
376 3151 898 3224 προῦποόἀλλουσα,
934 3150 1028 3202 καὶ
1066 3147 1275 3211 τούτοις
1320 3146 1419 3210 τὰς
1453 3146 1587 3216 πρὸς
1631 3144 1764 3197 Θεὸν

191 3247 465 3308 ἀναδάσει,
506 3243 940 3298 κατευθύνουσα.

254 3525 319 3596 η’.
352 3547 369 3578 ι
397 3525 500 3578 Διά
524 3523 684 3577 τοῦτο
702 3520 908 3594 πρῶτοι
938 3522 1036 3592 μὲν
1062 3520 1282 3590 ἀπάσης
1299 3519 1395 3585 τῆς
1420 3516 1624 3589 ὁρατῆς
1652 3514 1769 3567 κτί-

196 3637 339 3683 σεως,
372 3620 480 3671 ὑπὸ
535 3616 638 3685 τῆς
670 3614 928 3669 ἀκτίστου
966 3612 1073 3665 τῶν
1106 3613 1243 3665 ὅλων
1285 3610 1486 3674 αἰτίας,
1534 3609 1585 3661 oi
1633 3608 1766 3661 θεῖοι

196 3713 300 3775 νόες
328 3715 406 3774 εἰς
458 3712 522 3763 τὸ
567 3704 709 3761 εἶναι
761 3704 1233 3775 καταϐέϐληνταν
1286 3703 1405 3764 νόες
1460 3698 1765 3768 ἀσώματοι,

196 3803 457 3865 θεοειδεῖς,
513 3798 848 3869 εξωτοειδεῖς,
901 3798 960 3849 ἐν
1011 3797 1181 3865 ἀρετῇ
1222 3794 1359 3863 πρδς
1395 3797 1485 3844 τὸν
1523 3791 1767 3860 ἀχρόνως

197 3895 376 3955 αὐτοὺς
405 3890 725 3959 ὑφιστῶντα
756 3887 852 3957 τὴν
883 3886 1183 3955 ὁμοιότητα
1209 3882 1538 3951 κεκτημένοι
1569 3880 1662 3932 καὶ
1691 3879 1768 3930 oi.-

198 3988 402 4039 κείωσιν
423 4002 439 4016 σ
476 3984 620 4054 μετά
646 3983 738 4034 τὸν
765 3980 890 4033 νοῦν
917 3979 1336 4048 δημιουργεῖται
1358 3975 1537 4043 λόγος,
1567 3975 1633 4043 τῇ
1674 3972 1767 4024 τοῦ

196 4080 470 4151 ἀνθρώπου
533 4072 1187 4143 συγκατασκευαζόμενος
1226 4069 1387 4139 οὐσίᾳ
1409 4083 1421 4097 ·
1455 4068 1642 4131 σώζων
1672 4065 1771 4135 μὲν

198 4175 283 4223 καὶ
311 4172 472 4231 αὐτὸς
513 4167 709 4220 εἰκόνα
734 4165 853 4217 τινὰ
891 4164 985 4215 καὶ
1031 4163 1292 4231 ὁμοίωσιν
1322 4159 1415 4212 τοῦ
1442 4158 1769 4219 πλάσαντος,

198 4258 343 4331 ἧττον
372 4263 451 4325 δὲ,
496 4261 531 4327 ἦ
563 4257 711 4311 κατά
750 4256 849 4325 τὴν
873 4255 985 4307 τῶν
1024 4254 1162 4306 νὸων
1213 4252 1383 4317 ἰδέαν,
1411 4252 1499 4304 διὰ
1544 4253 1644 4321 τὴν
1676 4248 1770 4300 τοῦ

200 4354 427 4423 χείρονος
490 4351 734 4423 μετοχὴν
766 4363 779 4375 ·
818 4346 957 4417 μετά
987 4346 1078 4398 τὸν
1104 4344 1260 4413 λόγον
1311 4344 1387 4407 δὲ,
1430 4342 1705 4412 αἴσθησις,
1738 4340 1770 4409 ἢ

200 4446 296 4498 τῶν
326 4445 541 4512 ἀλόγων
603 4441 761 4505 ζώων
803 4439 866 4492 τὸ
906 4438 1218 4502 ἰδιαίτατον,
1270 4434 1457 4505 ὥσπερ
1498 4436 1615 4486 ἐστὶ
1664 4433 1772 4485 τῶν

201 4538 416 4606 λογικῶν
458 4541 485 4591 ὁ
546 4536 737 4602 λόγος·
775 4534 912 4603 μετά
945 4534 1043 4601 τὴν
1078 4529 1329 4600 αἴσθησιν
1358 4529 1435 4592 δὲ,
1469 4530 1501 4598 ἡ
1546 4527 1714 4596 ἀπλῆ,
1740 4528 1773 4596 ἡ

204 4631 387 4700 (parui;
414 4632 683 4684 τέτακται
718 4625 853 4695 ζωὴ,
881 4626 1059 4694 πάσης
1089 4625 1353 4692 ὑφειμένη
1378 4622 1474 4691 τῆς
1508 4621 1735 4682 κτίσεως
1759 4637 1769 4648 ·

206 4724 355 4791 μόνης
383 4724 439 4775 δὲ
463 4724 563 4791 τῆ..
625 4718 836 4787 ἀψύχου
872 4719 1047 4785 πάντη
1081 4716 1175 4768 καὶ
1204 4715 1416 4785 ὑλικῆς,
1440 4714 1499 4767 ὃν
1530 4712 1775 4774 είπόντες

206 4818 548 4887 προέφθημεν
583 4815 807 4883 τρόπον,
845 4810 1053 4864 καθυπε
1066 4809 1350 4879 ρτεροῦσα.

207 4914 332 4977 plex,
390 4924 590 4977 nempe
652 4905 990 4973 vegetabilis,
1056 4904 1245 4957 intimo
1309 4903 1457 4956 omni
1504 4909 1768 4956 creaturae
1801 4901 2023 4969 gradu;

1846 664 2105 727 ﬁcantes,
2167 662 2378 717 ImStias
2429 664 2771 727 oﬂ‘erebant;
2830 662 2946 733 ipse
3011 680 3141 720 vero
3199 666 3417 737 pietatis

1845 755 1960 808 zelo
1994 768 2315 819 succensus,
2346 755 2719 825 quotidieque,
2769 762 2830 809 ut
2872 756 2952 810 sic
3001 756 3219 826 loquar,
3248 758 3419 813 homi-

1844 862 1941 901 nes
1965 847 2315 910 conveniens,
2347 846 2505 901 ollicii
2535 848 2789 902 monebat
2818 857 2871 902 et
2900 848 3314 915 adhortabatur,

1918 940 1968 994 7.
2002 959 2021 991 ‹
2054 938 2167 994 Viri
2186 940 2570 1005 cives,aiebat,
2595 942 3033 1011 quotquotestis,
3060 943 3257 1012 quibus
3278 957 3424 998 sana)

1847 1033 2052 1103 aliquid
2088 1034 2316 1089 rationis
2350 1034 2510 1096 inest,
2546 1049 2679 1104 rogo
2726 1050 2844 1101 vos,
2899 1046 3048 1091 recto
3102 1035 3309 1106 judicio
3360 1054 3426 1095 ac

1848 1126 2096 1180 consulto
2132 1127 2339 1190 animo,
2378 1128 2463 1181 his
2494 1142 2614 1194 qua:
2648 1142 2677 1179 a
2711 1127 2867 1181 vobis
2897 1140 3159 1195 geruntur
3186 1141 3425 1185 mentem

1856 1220 2136 1274 attendite.
2176 1219 2403 1283 Scitote,
2440 1235 2647 1289 quaeso,
2684 1235 2747 1273 ac
2796 1220 3094 1290 intelligite,
3130 1236 3289 1289 quem
3328 1237 3425 1277 co-

1851 1312 1997 1376 latis,
2036 1313 2213 1375 cuive,
2259 1320 2320 1365 ut
2378 1310 2487 1364 Deo
2522 1314 2922 1365 venerationem
2977 1312 3299 1369 adliibeatis.
3335 1313 3429 1370 Et-

1850 1404 1994 1459 enim
2035 1405 2201 1457 arbor
2233 1405 2371 1464 hac,
2417 1410 2475 1455 ut
2518 1410 2572 1456 et
2630 1403 2899 1470 reliquum
2952 1407 3200 1476 stirpium
3258 1423 3429 1478 genus

1850 1506 2011 1566 atque
2057 1497 2336 1561 arborum,
2380 1497 2777 1565 praestantioris
2822 1500 3040 1568 quidem
3098 1511 3307 1556 naturae
3346 1513 3432 1558 est

1852 1606 2017 1659 quam
2050 1604 2283 1658 corpora
2337 1589 2602 1655 inanima,
2650 1606 2714 1645 ea
2762 1593 2976 1647 scilicet
3033 1595 3242 1650 ratione
3286 1597 3433 1666 quod

1853 1679 2127 1733 nutriendi
2189 1678 2447 1734 facultate
2511 1690 2674 1750 atque
2732 1683 2965 1752 augendi
3017 1684 3241 1752 pra’dita
3304 1697 3429 1742 est:

1853 1771 2091 1824 deterior
2154 1786 2283 1825 vero
2339 1772 2554 1825 cunctis
2613 1772 3003 1836 animantibus,
3061 1776 3206 1843 quod
3252 1778 3433 1833 omnis

1857 1876 2049 1915 sensus
2075 1861 2367 1929 omnisque
2401 1858 2684 1929 gradiendi
2720 1869 2902 1914 motus
2958 1875 3152 1931 expers
3196 1871 3302 1917 est.
3345 1860 3433 1917 Uti

1855 1964 1988 2006 sane
2017 1950 2181 2003 etiam
2238 1949 2411 2003 brutae
2452 1965 2681 2019 quaeque
2724 1951 3051 2017 animantes,
3108 1968 3214 2024 qua
3266 1968 3432 2009 sensu

1856 2052 2116 2112 motuque
2137 2043 2371 2112 praedita:
2401 2050 2548 2107 sunt,
2575 2043 2841 2113 stirpibus
2864 2046 3174 2114 plantisque
3193 2049 3435 2115 probatae

1856 2136 2181 2198 nobiliores,
2209 2135 2358 2203 ipsa',
2390 2134 2534 2204 quod
2578 2136 2794 2190 ratione
2831 2134 3179 2205 deﬁciuntur,
3217 2138 3437 2195 homine

1857 2236 2056 2280 natura
2114 2225 2390 2280 exsistunt
2443 2224 2751 2281 inferiores.
2813 2226 2931 2282 Non
2985 2230 3130 2283 enim
3190 2230 3436 2301 ejusdem

1858 2318 2075 2388 generis
2100 2327 2185 2372 est
2216 2319 2485 2388 quidquid
2518 2319 2573 2373 in
2612 2320 2775 2374 rebus
2804 2328 3046 2376 creatum
3081 2332 3185 2388 est,
3221 2324 3441 2379 eodem.

1857 2427 1963 2481 que
2014 2425 2078 2465 ac
2136 2412 2253 2480 pari
2306 2412 2525 2475 ordine,
2585 2413 2851 2467 creati'ice
2908 2414 3186 2484 Sapientia
3241 2426 3442 2473 cuncta

1857 2503 2154 2557 constituta
2205 2512 2367 2565 sunt,
2426 2502 2519 2555 sed
2579 2502 3003 2559 concinnissima
3071 2506 3254 2562 omnia
3300 2509 3445 2563 serio

1861 2594 2077 2662 aliaque
2125 2593 2248 2647 aliis
2302 2593 2654 2659 cohaerentia,
2699 2594 2768 2649 ab
2802 2610 2867 2651 eo
2901 2596 3047 2665 quod
3091 2600 3445 2667 praestantius

1862 2694 1967 2749 est,
1997 2686 2061 2738 ad
2088 2686 2297 2755 idquod
2327 2686 2570 2741 deterius
2604 2694 2709 2751 est,
2740 2695 2904 2757 atque
2932 2688 3002 2742 ab
3020 2704 3085 2744 eo
3104 2692 3446 2761 quod_similo

1863 2793 1926 2831 ac
1960 2778 2247 2844 deiforme,
2283 2776 2349 2831 ad
2377 2778 2426 2831 id
2461 2778 2605 2846 quod
2630 2779 2871 2847 procula
2907 2780 3017 2835 Deo
3052 2797 3117 2837 ac
3155 2783 3444 2853 dissimile,

1864 2871 2126 2939 producta
2164 2870 2238 2923 illi
2281 2869 2486 2922 creatio
2533 2878 2663 2935 est;
2715 2885 2783 2925 ne
2846 2870 3158 2929 immediate
3185 2878 3448 2933 extremis

1863 2962 2142 3031 operibus,
2199 2962 2291 3015 sed
2346 2961 2594 3029 pluribus
2642 2962 2837 3017 mediis
2880 2963 3199 3034 interiectis,
3248 2958 3451 3024 conve-

1866 3052 2108 3103 nientem
2175 3050 2570 3118 providentiam
2618 3066 2920 3122 curamque
2972 3055 3233 3113 adhibere
3290 3059 3450 3116 intel-

1869 3140 2092 3210 ligatur,
2147 3141 2345 3210 liisqoe
2372 3141 2509 3195 adeo
2536 3140 2630 3209 qui
2671 3142 2740 3197 ab
2792 3142 3144 3203 inferioribus
3174 3147 3242 3202 ad
3273 3148 3449 3220 ipsam

1794 3275 1836 3334 ϐ
1871 3247 1967 3301 per
1989 3233 2508 3301 contemplationem
2540 3233 2707 3289 velint
2728 3250 3036 3307 assurgere,
3058 3240 3217 3309 quasi
3247 3244 3451 3313 gradus

1870 3316 2136 3395 quosdam
2196 3328 2582 3392 substernere,
2641 3329 3105 3401 ascensionesque
3152 3334 3209 3389 in
3274 3334 3448 3393 Deum

1867 3416 2120 3486 dirigere.

1914 3510 1991 3563 ‘8.
2023 3531 2040 3562 ι
2076 3510 2447 3577 Quamobrem
2475 3520 2599 3567 ante
2627 3528 2844 3568 omnem
2868 3528 3199 3584 creaturam,
3220 3520 3274 3573 in
3293 3535 3453 3592 aspe-

1870 3615 2019 3659 ctum
2073 3604 2397 3671 cadentem,
2457 3606 2701 3661 increato
2762 3608 3142 3664 universorum
3187 3622 3453 3681 auctore,

1870 3697 2068 3752 divina:
2111 3708 2322 3751 mentes
2386 3697 2464 3766 (5)
2523 3697 2577 3751 in
2634 3714 2813 3753 rerum
2867 3710 3119 3756 naturam
3177 3705 3453 3773 producta:

1871 3798 2034 3844 sunt:
2088 3799 2299 3845 mentes
2346 3791 2557 3846 scilicet
2597 3792 2954 3861 incorporea,
3012 3794 3329 3861 deiformes,
3372 3800 3454 3853 lu-

1872 3880 2167 3947 ciformes,
2230 3894 2288 3936 ut
2347 3884 2427 3938 sic
2476 3883 2641 3938 liceat
2706 3884 2897 3953 loqui,
2949 3887 3164 3943 virtutis
3210 3891 3455 3959 partibus

1873 3987 1997 4027 cum
2028 3972 2463 4042 intemporaliter
2487 3976 2823 4044 producente
2848 3979 3258 4037 similitudinem
3284 3995 3457 4038 nacta:

1874 4080 1938 4118 ac
1970 4065 2427 4121 necessitudinem
2453 4084 2465 4119 :
2496 4070 2737 4124 secunda
2774 4086 2803 4124 a
2850 4083 3031 4126 mente
3056 4075 3285 4144 origine,
3319 4078 3458 4130 ratio

1874 4156 2131 4211 conditur
2219 4174 2281 4211 ac
2337 4170 2672 4227 procreatur,
2737 4162 2854 4230 ipsa
2921 4164 3159 4219 hominis
3210 4169 3462 4222 essentia:

1875 4264 2059 4304 comes
2103 4246 2412 4304 fabricata:
2460 4266 2581 4319 qua:
2630 4252 2851 4320 quidem
2885 4254 3005 4323 ejus
3060 4256 3153 4325 qui
3203 4257 3461 4313 formavit

1877 4341 2172 4410 imaginem
2197 4342 2488 4411 quamdam
2512 4357 2577 4398 ac
2606 4344 3019 4401 similitudinem
3046 4348 3164 4417 ipsa
3203 4331 3459 4419 retineaT,

1877 4432 2037 4502 longe
2074 4440 2253 4486 tamen
2304 4448 2463 4500 quam
2515 4449 2615 4503 pro
2661 4437 2927 4491 mentium
2989 4438 3204 4493 ratione
3237 4440 3462 4496 inferio-

1883 4541 1996 4579 rem
2030 4524 2098 4578 ob
2130 4525 2249 4593 ejus
2289 4527 2682 4581 commercium
2734 4531 2878 4597 quod
2926 4529 3169 4586 deterius
3199 4542 3299 4587 est.
3332 4533 3463 4589 Post

1884 4618 2147 4670 rationem
2220 4626 2423 4681 autem,
2485 4633 2703 4684 sensus,
2762 4621 3045 4677 brutarum
3102 4625 3462 4681 animantium

1884 4709 2380 4780 peculiarissimum
2412 4726 2613 4767 munus
2650 4719 2817 4782 atque
2844 4712 2964 4780 dos,
2995 4716 3071 4770 uti
3110 4719 3247 4773 ratio
3270 4735 3463 4774 eorum

1885 4805 1979 4874 qui
2032 4804 2118 4857 illa
2153 4803 2360 4872 prmditi
2415 4814 2561 4859 sunt.
2614 4806 2658 4858 A
2712 4822 2876 4862 sensu
2916 4810 3161 4880 sequitur
3188 4813 3294 4868 vita
3334 4814 3466 4869 sim-

2094 4898 2172 4952 sic
2232 4898 2490 4952 nimirum
2564 4909 2625 4953 ut
2694 4898 2820 4955 ‘soli
2906 4918 3136 4973 prorsus
3210 4907 3467 4964 inanimae

209 5011 550 5071 terrena-que,
588 4999 657 5053 ad
686 5014 811 5052 eum
837 5012 995 5066 quem
1032 4997 1281 5065 superius
1303 4996 1620 5050 dicebamus
1654 4994 1900 5056 modum,
1937 4992 2228 5060 prmeellat.

272 5097 330 5147 θ’.
352 5116 368 5146 ι
400 5097 461 5147 Εἰ
484 5090 584 5146 οὖν
608 5090 723 5144 οὔτ’
746 5088 1022 5158 αἴσθησιν,
1043 5087 1165 5141 οὔτε
1194 5088 1373 5155 λόγον,
1396 5086 1521 5140 οὔτε
1549 5087 1605 5139 δὲ
1632 5086 1780 5151 νοῦν,

212 5188 269 5240 τά
312 5187 413 5240 τῶν
458 5185 793 5255 ποιημάτων
845 5183 1109 5236 κάλλιστα
1138 5220 1151 5245 ,
1189 5181 1449 5250 τιμητέον
1500 5181 1575 5243 ὡς
1630 5180 1785 5241 θεοὺς

215 5280 499 5349 (ποιήματα
537 5278 677 5347 γάρ,
728 5277 819 5328 καὶ
868 5275 1045 5327 πάντα
1095 5276 1230 5345 πρὸς
1260 5273 1417 5337 δόξαν
1450 5272 1586 5326 ἰδίαν
1616 5274 1645 5325 ὁ
1680 5272 1787 5325 τῶν

217 5371 411 5425 πάντων
434 5369 815 5441 παραγωγεὺς
838 5368 1321 5435 κατεσκευάσατο),
1348 5367 1464 5429 πῶς
1490 5367 1556 5419 τὰ
1590 5366 1788 5437 μακρῷ

218 5464 302 5531 τὴν
332 5465 491 5532 φύσιν
560 5462 793 5515 ἐκείνων
839 5462 1137 5531 ἀτιμότερα
1198 5460 1588 5530 νομισθείησαν
1635 5460 1782 5523 θεοί;

222 5553 322 5615 πῶς
348 5555 401 5606 δὲ
434 5556 527 5607 τὸν
557 5552 737 5605 λωτὸν
760 5553 993 5615 τουτονὶ,
1028 5551 1130 5621 γῆς
1160 5550 1288 5602 ὄντα
1316 5549 1548 5620 καρπὸν,
1582 5550 1674 5602 καὶ
1702 5550 1786 5617 ἐφ’

222 5645 321 5709 ἐνὸς
352 5648 445 5715 μὲν
481 5643 862 5718 ἐρῤιζωμένον
885 5644 1072 5707 τόπου,
1112 5642 1332 5711 ἀνέμοις
1357 5642 1413 5694 δὲ
1450 5644 1584 5694 πᾶσι
1608 5640 1787 5693 δονού-

224 5753 383 5805 μενον,
416 5741 551 5810 πυρί
589 5754 651 5789 τε
678 5737 775 5789 καὶ
808 5735 1012 5805 σιδήρῳ
1036 5735 1175 5789 κατά
1212 5734 1374 5803 φύσιν
1402 5734 1782 5804 ὑποκείμενον,

1960 5085 2013 5138 9.
2057 5102 2074 5133 ι
2100 5082 2235 5138 Cum
2271 5082 2431 5151 igitur
2460 5098 2560 5138 nec
2592 5101 2813 5141 sensum
2841 5103 2943 5142 nec
2974 5091 3262 5155 rationem,
3291 5103 3349 5147 ut
3373 5110 3468 5149 ne-

1889 5194 1996 5248 que
2024 5188 2277 5243 mentem,
2324 5188 2636 5233 creatorum
2664 5181 3056 5249 pulcherrima,
3102 5195 3160 5241 ut
3202 5186 3336 5244 deos
3377 5206 3471 5246 co-

1891 5270 2004 5324 lere
2031 5270 2228 5324 liecat:
2263 5270 2461 5339 quippe
2504 5285 2810 5339 creaturas,
2858 5291 2922 5329 ac
2962 5292 3084 5345 qua:
3128 5280 3312 5335 omnia
3346 5283 3469 5335 uni-

1890 5379 2175 5417 versurum
2202 5364 2495 5432 productor
2518 5367 2568 5419 in
2600 5382 2753 5422 suam
2782 5370 3010 5438 gloriam
3042 5371 3339 5429 fabricatus
3365 5377 3469 5429 sit:

1897 5458 2120 5526 quinam
2155 5458 2263 5521 iiut,
2302 5468 2359 5512 ut
2390 5475 2512 5527 qua:
2558 5461 2642 5514 liis
2696 5461 2857 5532 longe
2908 5473 3101 5518 natura
3150 5466 3471 5536 ignobiliora

1897 5562 2061 5613 sunt,
2123 5550 2195 5602 dii
2251 5550 2682 5605 existimentur?
2729 5554 3017 5620 Quomodo
3069 5567 3249 5613 autem
3301 5560 3474 5615 lotum

1900 5641 2069 5702 “3|ng
2103 5650 2260 5694 terra:
2286 5642 2495 5697 scilicet
2521 5659 2767 5713 germen,
2803 5656 2966 5716 atque
2998 5664 3107 5704 uno
3138 5650 3357 5718 quidem
3383 5668 3473 5705 ra-

1893 5734 2128 5789 dicatam
2161 5734 2301 5798 loco,
2327 5737 2473 5790 omni
2505 5753 2634 5793 vero
2665 5751 2949 5796 ventorum
2969 5741 3121 5798 ﬂatui
3145 5747 3478 5834 expositam,

287 5918 354 5987 (5)
388 5920 523 5976 l‘uto
550 5919 642 5972 hic
670 5931 767 5985 per
801 5915 1015 5971 divinas
1066 5926 1274 5974 mentes
1303 5916 1528 5987 intelligi
1554 5916 1801 5975 cmlestes
1831 5916 2081 5987 spiritus,
2111 5932 2248 5986 quos
2274 5916 2436 5989 vulgo
2463 5919 2691 5990 angelos
2720 5925 3091 5983 nominamus.

525 6015 817 6074 Ριτιιυι..
856 6014 967 6071 Gn.
1002 6012 1127 6074 CV.

3014 6020 3083 6081 14
