4186 6434
717 461 817 521 427
1920 457 2213 517 NICETrE
2253 459 2287 517 Ρ

2396 457 2444 516 ll
2457 458 2700 519 LAGON
2712 460 2779 518 IS
3865 459 3967 522 428

718 566 939 635 ignique
974 580 1036 620 ac
1058 564 1201 619 ferro
1231 574 1423 620 natura
1494 565 1810 629 obnoxiam,
1845 567 2141 636 quomodo,
2198 568 2281 621 itt-

2394 566 2502 629 πῶς
2521 567 2710 633 τοῦτόν
2740 569 2892 634 Θεὸν,
2926 563 2970 623 ὦ
3000 570 3211 641 ἄνδρες,
3246 571 3305 623 ού
3340 570 3599 640 φρίσσετε
3633 569 3843 634 καλεῖν,
3870 571 3965 623 Θυ-

718 674 902 726 quam,
941 674 1058 711 eam
1082 657 1249 711 Deum
1286 674 1499 723 vocare,
1541 674 1574 713 ο
1605 659 1725 721 \iri,
1772 673 1877 711 non
1910 660 2286 727 perhorresci-

720 751 833 815 lis;
876 766 973 803 nec
1032 764 1126 804 vos
1168 751 1333 820 pudet
1370 751 1605 805 \‘it'lilliis
1664 767 1727 805 ac
1784 751 2091 806 libameutis
2136 753 2285 806 omni

717 843 1029 895 destitutam
1064 857 1226 895 sensu
1259 852 1508 896 naturam
1563 843 1856 896 venerari?
1888 841 2011 896 ΙΙωο
2038 844 2182 897 enim
2239 846 2285 898 si

718 933 858 987 Deus
894 945 998 995 est,
1031 934 1134 987 erit
1169 933 1413 1003 profecto
1437 944 1485 987 et
1519 934 1692 988 saltus
1723 935 1903 987 onmis
1933 933 2073 988 Deus
2108 951 2277 989 :cun-

718 1035 800 1079 (-ta
832 1026 974 1079 enim
1010 1028 1170 1079 unius
1243 1036 1446 1079 natura:
1477 1035 1643 1089 sunt,
1700 1028 1922 1080 arbores
1976 1026 2182 1081 scilicet
2225 1042 2289 1083 ac

716 1119 880 1186 ligna.
920 1117 1070 1182 Quod
1102 1119 1145 1170 si
1183 1119 1407 1172 arbores
1434 1120 1507 1172 dii
1539 1129 1687 1183 sunt,
1749 1119 2023 1186 quomodo
2073 1121 2281 1174 securi-

716 1210 815 1262 hus
849 1209 1160 1262 excidentes
1196 1210 1413 1279 ignique
1446 1210 1700 1277 pabulum
1731 1210 2108 1277 subjicieutes,
2171 1226 2284 1265 non

716 1299 1029 1366 impietatis,
1073 1309 1124 1353 et
1159 1310 1215 1352 ut
1273 1300 1360 1352 Dei
1419 1299 1719 1353 adversarii
1780 1300 2037 1364 audiatis,
2106 1300 2277 1356 aleam

714 1391 955 1443 subitis?
990 1391 1090 1445 Res
1156 1391 1397 1444 stultitia)
1423 1393 1602 1461 plena,
1647 1392 1849 1460 profusi
1876 1394 2135 1462 stuporis,
2170 1394 2288 1447 exi-

714 1499 831 1551 guae
862 1481 1148 1553 fragilique
1177 1484 1356 1537 arbori
1397 1499 1458 1537 ac
1513 1500 1736 1552 prorsus
1797 1485 1971 1538 inutili
2011 1486 2289 1542 attendere

716 1574 982 1634 animum,
1015 1584 1068 1628 et
1100 1583 1156 1627 ut
1218 1575 1322 1628 Deo
1354 1574 1554 1627 cultum
1597 1574 1669 1627 illi
1718 1574 1994 1629 adhibere.
2050 1575 2104 1630 Si
2141 1576 2285 1631 enim

714 1667 807 1735 qui
839 1669 1035 1720 coelum
1068 1667 1264 1735 ipsum,
1294 1666 1575 1734 solemque
1610 1676 1660 1719 et
1703 1667 1885 1720 lunam
1910 1683 1973 1721 ac
2005 1668 2285 1722 stellarum

714 1758 976 1825 quasdam
1009 1772 1101 1810 seu
1149 1756 1389 1811 sidt-rum
1438 1757 1636 1811 deitate
1691 1757 2003 1823 donarunt,
2057 1761 2289 1830 reliqua-

714 1864 820 1916 que
846 1848 1111 1901 elementa
1144 1863 1207 1901 ac
1257 1847 1437 1915 ignem
1486 1847 1662 1917 ipsum
1706 1858 2047 1910 venerantes,
2080 1849 2286 1917 justam

2396 662 2539 723 σίαις
2578 677 2634 713 τε
2676 661 2771 713 καὶ
2820 663 3073 725 σπονδαῖς
3128 664 3228 731 τὴν
3275 662 3602 733 ἀναίσθητον
3647 662 3810 730 φύσιν
3863 664 3965 715 οὐκ

2394 749 2713 819 αἰσχύνεσθε
2743 754 2910 822 τιμᾷν
2937 769 2951 816 ;
2987 752 3045 803 ΕΞ
3084 751 3191 822 γὰρ
3224 751 3354 814 Θεὸς
3380 752 3557 815 τοῦτο,
3585 752 3679 805 καὶ
3713 753 3820 805 πᾶν
3854 751 3967 821 ἄρα.

2392 841 2551 904 ἄλσος
2588 842 2718 905 Θεὸς
2747 841 2813 895 ἂν
2845 844 2928 913 εἴη
2956 862 2967 873 ·
3034 845 3209 897 πάντα
3240 845 3347 915 γάρ
3391 846 3508 897 ἐστι
3554 845 3768 914 φύσεως
3805 846 3964 913 uti?

2394 931 2526 998 ξύλα
2556 934 2664 1004 γάρ
2692 949 2705 963 ·
2747 936 2794 986 εἰ
2815 935 2871 986 δὲ
2912 935 2979 987 τὰ
3032 934 3161 999 ξύλα
3187 935 3320 1000 θεοὶ,
3351 936 3466 999 πῶς
3494 935 3669 989 ταῦτα
3698 938 3817 999 ταῖς
3842 934 3967 998 ἀξί-

2393 1042 2512 1086 ναις
2544 1027 2924 1089 ἐκκόπτοντες,
2965 1029 3054 1080 καὶ
3071 1027 3146 1099 τῷ
3161 1030 3295 1099 πυρὶ
3321 1028 3528 1100 τροφὴν
3549 1028 3965 1094 ὑποϐάλλοντες,

2393 1115 2453 1166 οὐ
2486 1116 2823 1169 κινδυνεύετε
2861 1116 3190 1187 οεομαχεῖν;
3225 1118 3434 1187 Πολλῆς
3467 1118 3627 1171 τοῦτο
3660 1118 3821 1187 γέμει
3844 1118 3970 1169 ἀλο-

2394 1206 2539 1273 γίας.
2579 1206 3023 1276 ὑπερϐαλλούσης
3064 1207 3449 1276 ἀναισθησίας,
3486 1206 3679 1277 βραχεῖ
3708 1210 3799 1260 καὶ
3831 1209 3968 1259 ὑπο-

2396 1297 2579 1367 σὰορῳ
2609 1298 2750 1368 ξύλῳ
2798 1301 2890 1351 καὶ
2919 1300 3163 1369 ἀνονήτῳ
3199 1300 3377 1353 πάντα
3401 1299 3756 1369 προσανέχειν
3786 1314 3843 1350 τε
3870 1298 3971 1349 καὶ

2394 1388 2679 1456 λατρεύειν
2714 1388 2787 1450 ὠς
2813 1387 2952 1457 Θεῷ.
2988 1388 3050 1441 Ei
3084 1389 3191 1457 γὰρ
3222 1390 3269 1440 oi
3296 1388 3386 1440 τὸν
3406 1388 3634 1457 οὐρανὸν
3660 1386 3841 1451 αὑτὸν,
3873 1387 3971 1438 καὶ

2393 1478 2672 1548 τὸνῆλιον,
2713 1476 2945 1547 σελήνην
3004 1494 3065 1530 τε
3121 1477 3215 1529 καὶ
3255 1478 3505 1548 ἀστέρων
3538 1475 3689 1538 τινας
3716 1473 3972 1543 Θεοποιή-

2396 1586 2607 1631 σαντες,
2638 1569 2707 1622 τά
2736 1585 2795 1621 τε
2812 1568 2974 1622 λοιπὰ
3007 1570 3269 1638 στοιχεῖα,
3310 1568 3402 1620 καὶ
3445 1566 3575 1620 αὐτὸ
3613 1563 3973 1634 σεὸαζόμενοι

2392 1659 2452 1712 τὸ
2477 1659 2609 1731 πῦρ,
2660 1660 2868 1713 ἔνδικον
2901 1660 3239 1731 ἀπειλήφασι
3276 1662 3380 1729 τὴν
3419 1660 3612 1730 ὀργὴν,
3648 1658 3731 1710 ὅτι
3759 1657 3857 1725 οὑχ
3892 1655 3971 1719 ὡς

2393 1752 2526 1805 Θεὸν
2575 1750 2836 1816 ἐδόξασαν
2889 1751 2921 1822 ἢ
2980 1752 3385 1822 εὐχαρίστησαν
3420 1751 3511 1803 τὸν
3552 1749 3662 1802 τῶν
3714 1750 3972 1801 ἁπάντων

2397 1845 2734 1914 παραγωγέα
2763 1861 2822 1897 τε
2852 1845 2947 1897 καὶ
3008 1842 3260 1913 συνοχέα,
3293 1842 3429 1896 ἀλλὰ
3459 1843 3572 1905 τοῖς
3612 1840 3793 1893 αὑτῶν
3820 1838 3971 1906 λογι-

717 1941 853 1993 iram
894 1950 1236 2006 receperunt,
1293 1938 1436 2007 quod
1484 1955 1588 1992 non
1626 1939 1765 1992 sicut
1820 1938 1985 1994 Deum
2023 1942 2287 2009 glorifica-

2396 1939 2553 2006 σμοῖς
2615 1937 3042 2011 ματαιωοέντες,
3098 1936 3437 2004 ἐλάτρευσαν
3489 1936 3557 2004 τῇ
3598 1931 3776 1985 κτίσει
3816 1930 3971 2000 παρᾶ

715 2040 934 2095 verunt,
971 2040 1065 2083 aut
1127 2032 1333 2099 gratias
1392 2039 1641 2098 egerunt,
1693 2032 1812 2098 ejus
1857 2032 2006 2085 cultu
2058 2031 2287 2101 impr-usi

715 2122 807 2189 qui
835 2124 1018 2175 omnia
1068 2122 1324 2192 produxit
1376 2132 1794 2192 conservatque,
1827 2124 1917 2177 sed
1954 2137 2285 2178 evanescen-

718 2222 798 2265 tes
828 2214 880 2265 in
925 2213 1349 2280 cogitationibus
1408 2213 1521 2267 suis
1566 2216 1608 2279 ',
1640 2216 1925 2269 coluerunt
1985 2225 2285 2270 creaturam

717 2304 891 2372 magis
918 2320 1081 2374 quam
1114 2305 1426 2358 Creatorem
1458 2322 1472 2369 ;
1507 2304 1665 2375 longe
1693 2323 1788 2361 vos
1816 2309 2010 2374 potiori
2046 2310 2283 2374 ratione,

715 2391 845 2444 dum
932 2406 998 2445 eo
1077 2392 1303 2457 omisso,
1375 2394 1465 2461 qui
1499 2404 1756 2449 creatum
1791 2399 1967 2451 omnis
1999 2406 2151 2451 sator
2180 2408 2282 2464 est,

2394 2025 2483 2079 τὸν
2515 2026 2774 2080 κτίσαντα
2800 2042 2814 2057 ⁸
2850 2025 3031 2096 πολλῷ
3066 2024 3266 2097 μᾶλλον
3305 2025 3484 2095 ὑμεῖς,
3536 2026 3586 2077 ot
3610 2023 3701 2077 τὸν
3728 2022 3825 2092 τῆς
3858 2020 3972 2073 κτί-

2395 2133 2534 2179 σεως
2587 2117 2715 2187 ὅλης
2770 2116 3075 2186 φυτουργὸν
3103 2115 3359 2183 ἀφέντες,
3392 2114 3486 2166 καὶ
3525 2113 3603 2183 τῷ
3638 2110 3970 2183 χαμαιζήλῳ

2391 2209 2567 2279 τούτῳ
2593 2209 2743 2279 φυτῷ
2778 2213 2839 2263 τὸ
2873 2210 3105 2281 φοὸερὸν
3132 2208 3303 2273 ὄνομα
3343 2207 3435 2261 τοῦ
3464 2207 3600 2260 Θεοῦ
3631 2204 3971 2273 καταψευδό-

2394 2320 2568 2370 μενοι,
2597 2304 2811 2357 δικαίαν
2836 2303 2919 2371 ἐφ’
2951 2303 3177 2364 ἑαυτοὺς
3224 2301 3413 2354 ἕλκετε
3454 2299 3548 2353 τοῦ
3595 2312 3967 2369 κατοφρονου-

2396 2399 2556 2469 μένου
2589 2399 2686 2468 τὴν
2718 2396 2948 2466 ἀπειλὴν

715 2482 907 2537 humili
957 2484 1083 2539 huic
1135 2485 1293 2553 stirpi
1350 2486 1688 2541 tremendum
1746 2490 1838 2545 Dei
1888 2506 2085 2546 nomen
2137 2491 2278 2547 falso
2336 2494 2629 2559 ascribitis,
2672 2493 2877 2562 justam
2934 2492 2988 2545 in
3052 2488 3436 2560 vosmetipsos,
3482 2487 3601 2557 ejus
3633 2486 3725 2556 qui
3787 2500 3820 2539 a
3870 2498 3971 2538 vo-

716 2581 800 2634 bis
860 2585 1266 2648 contemnitur,
1321 2585 1744 2654 indignationem
1783 2587 2018 2641 trahitis.

787 2671 875 2726 lO.
918 2692 937 2724 ι
991 2673 1046 2728 Si
1111 2675 1235 2743 quid
1278 2676 1441 2746 igitur
1480 2678 1612 2731 mihi
1643 2678 1881 2741 creditis,
1918 2678 2019 2732 viri
2052 2680 2218 2745 cives,
2249 2680 2294 2734 si

716 2778 823 2833 qua
864 2765 1020 2819 vobis
1050 2780 1180 2820 cura
1215 2767 1409 2823 salutis
1436 2779 1539 2834 cst,
1562 2770 1815 2824 arborem
1845 2771 1987 2826 hanc
2024 2772 2291 2826 succidite

717 2862 770 2906 et
822 2854 875 2907 in
931 2855 1109 2923 ignem
1173 2857 1388 2922 mittite,
1438 2860 1581 2928 quod
1638 2861 1784 2913 nulla
1820 2860 1922 2914 alia
1957 2861 2076 2930 ejus
2133 2863 2289 2918 vobis

720 2944 929 2999 utilitas
961 2946 1033 3000 sit
1065 2946 1173 3016 (6);
1208 2947 1422 3018 ipsique
1451 2965 1633 3004 rerum
1666 2952 1915 3005 omnium
1951 2953 2124 3006 oculis
2157 2955 2283 3007 sub-

713 3036 988 3105 jectarum
1044 3048 1294 3093 creatut'a
1361 3041 1622 3095 mentium
1689 3043 1922 3112 cogitatu
1994 3057 2287 3113 superata,

717 3143 881 3196 quam
916 3141 1131 3183 omnem
1162 3132 1335 3185 nosu-i
1383 3146 1551 3186 causa
1587 3148 1695 3186 non
1742 3133 1905 3187 lateat
1931 3134 2152 3197 editam,
2195 3151 2290 3188 ua-

718 3228 945 3289 turaque
967 3219 1289 3274 deteriorem
1315 3236 1477 3290 quam
1503 3237 1600 3291 pro
1635 3223 1874 3276 ltominis
1931 3224 2244 3292 praestantia
2273 3240 2287 3290 ;

717 3311 809 3363 sed
846 3321 898 3365 et
938 3312 1280 3379 superiorum
1315 3312 1472 3366 nobis
1521 3313 1811 3377 mentium,
1863 3323 2290 3382 sanctarumque

2474 2678 2525 2732 ι’.
2552 2697 2571 2731 ι
2594 2678 2661 2732 Εἰ
2689 2694 2742 2729 τι
2769 2671 2862 2729 οὖν
2890 2674 3015 2744 ἐμοὶ
3046 2671 3322 2734 πείθεσθε,
3356 2662 3401 2722 ὦ
3428 2667 3619 2738 ἄνδρες
3649 2666 3886 2729 πολῖται,
3918 2665 3977 2715 εἴ

2394 2790 2449 2825 τι
2478 2772 2630 2843 μέλει
2656 2771 2754 2839 τῆς
2785 2769 2991 2830 οἰκείας
3046 2764 3318 2834 σωτηρίας
3346 2764 3497 2833 ὑμῖν,
3542 2761 3604 2813 τὸ
3637 2760 3734 2830 μὲν
3754 2759 3976 2829 δένδρον

2392 2862 2550 2916 τοῦτο
2584 2859 2879 2927 ἐκκόψατε,
2910 2858 3006 2909 καὶ
3032 2857 3111 2918 είς
3170 2854 3282 2923 πῦρ
3319 2851 3565 2923 βάλλετε,
3604 2850 3685 2902 ὅτι
3734 2847 3854 2917 μηδ’
3890 2848 3974 2910 εἰς

2392 2955 2520 3010 ἄλλο
2550 2971 2601 3007 τι
2660 2952 2759 3022 μὲν
2808 2948 3133 3020 χρησιμεύει
3183 2947 3346 3015 ὑμῖν·
3388 2946 3540 2997 αὑτοὶ
3568 2943 3626 2997 δὲ
3659 2943 3836 2995 πᾶσαν
3862 2939 3976 2991 τῶν

2389 3046 2681 3117 δρωμένων
2713 3043 2809 3113 τὴν
2846 3043 3022 3095 κτίσιν
3067 3042 3187 3102 ταῖς
3234 3037 3496 3099 διανοίαις
3530 3034 3973 3103 ὑπερόαίνοντες.

2393 3140 2573 3192 πᾶσαν
2635 3135 2791 3206 ἡμῶν
2884 3134 3070 3185 ’ἐνεκεν
3140 3128 3515 3199 γεγενημένην
3576 3126 3817 3191 εἰδότες,
3878 3126 3976 3177 καὶ

2393 3231 2561 3300 χείρω
2614 3227 2709 3280 τοῦ
2758 3224 3044 3295 ἀνθρώπου
3090 3224 3232 3276 κατὰ
3284 3222 3448 3290 φύσιν
3497 3219 3683 3283 οὖσαν,
3714 3217 3849 3271 ἀλλὰ
3878 3218 3975 3269 καὶ

2392 3324 2490 3391 τὴν
2513 3320 2655 3390 ὑπὲρ
2690 3321 2835 3389 ἡμᾶς
2862 3318 3080 3387 ποίησιν
3110 3316 3219 3368 τῶν
3256 3313 3458 3384 νοερῶν
3489 3312 3583 3365 καὶ
3609 3310 3778 3379 ἁγίων
3803 3309 3974 3377 ἀφέν-

717 3400 1147 3455 substantiarum
1201 3403 1406 3457 omissa
1451 3402 1683 3467 fartum,
1708 3420 1802 3458 seu
1833 3405 2013 3474 potius
2039 3405 2104 3459 iis
2132 3404 2287 3474 quasi

2396 3433 2484 3477 τες
2513 3412 2734 3477 οὑσιῶν,
2786 3410 2984 3480 μᾶλλον
3032 3408 3089 3461 δὲ
3137 3406 3204 3458 δι’
3253 3404 3435 3458 αὑτῶν
3470 3400 3975 3473 χειραγωγούμενοι

719 3508 881 3545 manu
918 3495 1263 3557 ducentibus,
1308 3496 1372 3548 ad
1404 3496 1544 3565 ejus,
1571 3497 1662 3566 qui
1722 3511 1845 3550 rere
1878 3495 2019 3551 Deus
2047 3507 2147 3562 est,
2184 3512 2287 3550 no-

719 3584 1222 3655 titiamdirigamur
1281 3606 1294 3641 :
1347 3588 1439 3657 qui
1494 3603 1687 3657 nempe
1742 3603 1957 3657 semper
2013 3589 2126 3657 ipse
2181 3598 2285 3653 est,

717 3690 1040 3745 semperque
1097 3676 1434 3748 unigenitum
1490 3678 1722 3733 Verbum
1771 3679 1917 3732 velut
1967 3679 2049 3731 sol
2085 3679 2283 3742 lucem,

716 3780 783 3820 ex
819 3767 1125 3821 substantia
1157 3784 1280 3830 sua,
1310 3784 1372 3823 ac
1399 3770 1741 3838 splendorem
1774 3772 1923 3834 edit;
1967 3761 2287 3839 semperque

718 3858 1008 3921 consitum,
1060 3868 1118 3912 ut
1169 3858 1239 3911 ita
1278 3859 1505 3927 loquar,
1558 3874 1622 3913 ac
1666 3870 1955 3929 cognatum
2020 3858 2286 3926 Spiritum

717 3959 967 4002 sanctum
1014 3965 1077 4003 ex
1120 3967 1220 4004 suo
1251 3965 1344 4005 ore
1391 3951 1619 4005 indivise
1671 3950 1897 4020 profert.
1947 3950 2047 4006 llic
2108 3951 2286 4005 Verbo

717 4055 817 4093 suo
854 4040 1087 4095 firmavit
1108 4044 1275 4097 caelos
1305 4043 1345 4108 ³,
1376 4045 1590 4112 vimque
1617 4058 1833 4097 omnem
1888 4060 2068 4097 rerum
2101 4043 2198 4097 abs
2229 4058 2288 4099 se

716 4132 1057 4187 conditarum
1086 4133 1288 4203 Spiritu
1320 4136 1525 4204 perficit
1557 4144 1719 4204 atque
1753 4136 2002 4189 absolvit.
2047 4134 2143 4188 llic
2175 4137 2286 4205 pri-

717 4238 865 4276 mum
898 4224 1199 4289 hominem,
1250 4226 1314 4278 ad
1347 4226 1633 4295 imaginem
1670 4241 1824 4280 suam
1876 4237 1928 4281 et
1978 4227 2287 4280 similitudi-

718 4330 841 4368 uem
881 4315 1187 4383 conditum,
1244 4326 1409 4386 atque
1452 4321 1505 4371 in
1561 4320 1813 4389 paradiso
1865 4321 2124 4389 positum,
2160 4336 2285 4373 cum

716 4406 954 4461 mandati
1011 4410 1443 4477 transgressione
1493 4411 1823 4478 corruptioui
1876 4411 2145 4479 mortique
2191 4410 2286 4463 ad-

715 4499 894 4553 dictus
925 4512 1092 4566 esset,
1151 4501 1531 4572 perditumque
1564 4517 1669 4556 non
1724 4518 1948 4571 prorsus
1994 4504 2242 4573 despexit
2272 4544 2287 4568 ,

715 4592 809 4645 sed
844 4594 1053 4647 ratione
1076 4594 1299 4664 legeque
1322 4609 1386 4649 ac
1422 4596 1699 4664 prophetis
1736 4597 1973 4664 primum
2005 4598 2285 4661 erudiens,

717 4688 896 4754 ipsum
964 4701 1181 4756 quoque
1237 4686 1454 4741 deruunt
1530 4705 1627 4757 pro
1686 4689 1845 4743 nobis
1889 4688 2086 4743 Filium
2117 4691 2285 4754 dedit,

2396 3508 2531 3577 πρὸς
2586 3504 2684 3570 τὴν
2737 3502 2940 3570 γνῶσιν
2996 3498 3090 3552 τοῦ
3123 3498 3292 3560 ὅντως
3336 3496 3488 3558 ὄντος
3517 3492 3975 3563 κατευθυνώμεθα

2394 3597 2528 3652 Θεοῦ
2546 3614 2558 3627 ·
2581 3597 2637 3659 ὃς
2667 3596 2823 3665 μόνος
2847 3592 2921 3645 ὢν
2938 3591 3048 3656 ἀεὶ,
3074 3589 3169 3643 καὶ
3189 3588 3275 3643 ἀεὶ
3296 3587 3385 3639 τὸν
3416 3585 3680 3656 μονογενῆ
3708 3584 3880 3652 Λόγον
3906 3585 3975 3637 ὲκ

2394 3688 2493 3759 τῆς
2523 3688 2656 3747 ίδίας
2690 3686 2875 3748 οὐσίας
2906 3681 3263 3750 ἁπαυγάζων,
3286 3681 3473 3750 ὥσπερ
3511 3680 3540 3730 ὁ
3568 3680 3715 3748 ἥλιος
3748 3680 3809 3730 τὸ
3831 3677 3973 3743 φῶς,

2395 3784 2490 3835 καὶ
2518 3782 2605 3834 ἀεὶ
2632 3776 2855 3847 Πνεῦμα
2894 3775 3051 3843 ἆγιον
3113 3773 3416 3843 σύμφυτον,
3468 3771 3563 3823 τοῦ
3614 3769 3811 3823 οἰκείου
3852 3767 3971 3821 στό-

2398 3889 2568 3943 ματος
2597 3871 2913 3941 ἀμερίστως
2968 3868 3316 3938 προϊέμενος.
3361 3858 3531 3927 Οὗτος
3583 3862 3658 3932 τῷ
3686 3863 3841 3933 Λόγῳ
3872 3861 3975 3932 μὲν

2395 3963 2560 4018 αὑτοῦ
2600 3961 2934 4032 ἐστερέωσεν
2963 3960 3088 4021 τοὺς
3120 3957 3406 4029 οὐρανοὺς,
3448 3954 3524 4023 τῷ
3574 3953 3851 4023 Πνεύματι
3912 3952 3972 4004 δὲ

2397 4059 2576 4110 πᾶσαν
2602 4054 2700 4123 τὴν
2730 4053 2958 4122 δύναμιν
2985 4050 3092 4102 τῶν
3117 4048 3206 4101 ὑπ’
3234 4046 3397 4099 αὑτοῦ
3422 4044 3754 4114 κτιζομένων
3774 4058 3974 4113 καταρ-

2394 4146 2624 4211 τίζεται.
2661 4139 2827 4205 Hirro;
2880 4141 2971 4194 τὸν
3022 4140 3307 4207 ἄνθρωπον
3378 4136 3594 4207 πρῶτον
3636 4136 3755 4187 κατ’
3787 4133 3976 4187 εἰκόνα

2400 4239 2535 4293 ίδίαν
2565 4238 2799 4307 ποιήσας
2850 4236 2944 4288 καὶ
2998 4231 3279 4302 ὁμοίωσιν,
3312 4229 3407 4283 καὶ
3443 4231 3501 4282 ὲν
3540 4227 3617 4298 τῷ
3662 4227 3974 4297 παραδείσῳ

2396 4330 2678 4393 τεθεικὼς,
2717 4328 2812 4381 καὶ
2836 4325 3054 4395 ὶντολὴν
3082 4321 3352 4385 δεδωκὼς,
3393 4318 3582 4388 ἐπειδὴ
3616 4320 3683 4388 τῇ
3720 4317 3976 4387 παραϐἀο

2399 4432 2483 4477 σει
2510 4422 2607 4491 τῆς
2642 4422 2863 4489 ἐντολῆς
2899 4416 3107 4487 φθορὰν
3157 4413 3553 4482 κατακέκριται
3592 4411 3687 4463 καὶ
3720 4408 3974 4471 θάνατον,

2396 4516 2496 4568 οὑκ
2555 4515 2633 4576 είς
2682 4512 2833 4573 τέλος
2876 4508 3039 4563 αὑτὸν
3088 4504 3373 4576 ὑπερεῖδεν
3418 4504 3808 4573 ἀπολλύμενον,
3838 4500 3979 4554 ἀλλὰ

2396 4607 2537 4675 λόγῳ
2566 4606 2662 4657 καὶ
2701 4604 2851 4672 νόμῳ
2898 4604 2992 4654 καὶ
3053 4599 3363 4669 προφήταις
3416 4592 3975 4666 προπαιδαγωγήσας,

2398 4697 2618 4765 ὕστερον
2649 4694 2747 4748 καὶ
2803 4692 2965 4745 αὑτὸν
3008 4689 3208 4743 ἔδωκεν
3251 4688 3342 4740 τὸν
3378 4687 3504 4740 Υἰὸν
3533 4686 3673 4757 ὑπὲρ
3703 4685 3880 4755 ἡμῶν,
3916 4686 3979 4751 ἐξ

716 4780 892 4848 puella
920 4781 1145 4848 innupta
1170 4788 1376 4844 natum,
1408 4779 1604 4833 factum
1630 4780 1926 4845 hominem,
1950 4782 2107 4848 aquis
2130 4782 2287 4835 intin-

2401 4787 2778 4856 ἁπειρογάμου
2821 4785 2990 4854 κόρης
3046 4779 3426 4850 γεννώμενον,
3476 4776 3979 4847 ἁνθρωπιζὸμενον,

717 4882 888 4931 ctum,
951 4880 1246 4935 tentatum,
1305 4874 1452 4925 cruci
1504 4870 1744 4936 alIixum,
1783 4874 2075 4942 sepultum,
2133 4874 2287 4928 tertia

719 4968 1041 5017 suscitatum
1070 4965 1177 5028 die,
1203 4974 1365 5034 atque
1393 4966 1445 5017 in
1471 4966 1639 5019 cmlos
1671 4976 2010 5035 assumptum
2041 4984 2053 5020 :
2086 4967 2288 5036 quippe

717 5056 811 5124 qui
863 5056 987 5119 inde
1026 5072 1217 5110 rursus
1247 5067 1506 5110 venturus
1532 5067 1898 5125 exspectetur,
1929 5074 1992 5112 ac
2022 5058 2288 5128 quidquid

718 5146 1009 5201 formatum
1064 5158 1146 5203 est
1194 5151 1523 5216 (humanum
1592 5150 1800 5203 scilicet
1848 5166 2021 5219 genus
2088 5150 2282 5220 omne)

716 5257 817 5295 suo
845 5241 1101 5295 tribunali
1149 5240 1520 5305 adhibiturus,
1577 5242 1869 5312 unicuique
1910 5244 2141 5312 denique
2190 5260 2288 5313 pro

714 5348 780 5385 eo
830 5348 892 5387 ac
947 5334 1200 5403 gesserit,
1236 5335 1565 5389 redditurus.
1627 5333 1780 5389 llunc
1836 5351 1954 5398 vos,
1990 5337 2173 5402 amici,
2230 5347 2288 5391 ut

715 5426 883 5480 Deum
922 5426 1253 5494 agnoscitis,
1289 5428 1576 5480 admoneo.
1605 5424 1740 5480 lluic
1772 5438 1828 5479 ut
1873 5428 2077 5481 cultum
2127 5429 2285 5481 adhi—

719 5516 911 5579 beatis,
948 5530 1182 5585 eumque
1208 5516 1544 5586 spiritalibus
1578 5517 1770 5569 hostiis
1803 5518 2019 5587 placare
2065 5518 2286 5573 studea-

786 5652 805 5678 ²
839 5647 998 5705 Rom.
1031 5666 1068 5715 t,
1098 5649 1186 5705 2|.
1269 5651 1287 5680 ³
1319 5650 1463 5705 Psal.
1494 5666 1665 5717 xxx",
1701 5652 1751 5707 6.

2397 4878 2820 4949 βαπτιζόμενον,
2850 4873 3268 4944 πειραζόμενον,
3310 4869 3734 4939 σταυρούμενον,
3771 4868 3982 4921 θαπτόο

2397 4986 2580 5040 μενον,
2603 4968 2903 5037 τριήμερόν
2954 4964 3339 5033 ἀνιστάμενον,
3372 4961 3509 5031 πρὸς
3538 4962 3804 5031 οὐρανοὺς
3837 4962 3979 5014 ἀναο

2393 5059 2828 5130 λαμϐανόμενον,
2882 5055 2973 5109 καὶ
3001 5053 3152 5117 αὖθις
3187 5052 3395 5106 ἐκεῖθεν
3428 5051 3579 5121 ἥξειν
3612 5050 3981 5120 προσδεχόμε-

2395 5171 2507 5213 νον,
2532 5153 2627 5203 καὶ
2657 5150 2879 5219 σύμπαν
2911 5147 2972 5199 τὸ
3002 5146 3228 5214 πλάσμα
3260 5143 3634 5212 παραστήσειν
3662 5141 3857 5208 ἐαυτῷ,
3882 5142 3981 5193 καὶ

2396 5241 2687 5296 ἀποδοῦναι
2719 5240 2936 5308 ἑκάστῳ
2989 5236 3128 5291 κατὰ
3183 5235 3281 5305 τὴν
3327 5232 3524 5305 πρᾶξιν
3558 5230 3742 5284 αὑτοῦ.
3773 5231 3981 5284 Τοῦτον

2400 5336 2567 5405 ὑμᾶς,
2593 5328 2636 5384 ὧ
2666 5332 2831 5401 φίλοι,
2862 5329 2996 5382 Θεὸν
3028 5329 3228 5381 εἰδέναι
3286 5324 3584 5397 παρεγγυώ
3609 5340 3621 5353 '
3672 5321 3862 5374 τοῦτον
3892 5323 3985 5374 σέ-

2398 5424 2625 5488 ϐεσθαι,
2680 5420 2867 5475 τοῦτον
2932 5418 3143 5481 ουσίαις
3237 5416 3637 5486 πνευματικαῖς
3702 5411 3983 5466 ίλεοῦσοαι

2398 5516 2667 5589 παραινῶ,
2691 5515 2781 5568 τὸν
2812 5516 2868 5566 ὲν
2902 5512 3078 5582 [ἰατρὶ
3111 5510 3207 5564 καὶ
3232 5508 3369 5580 Υίῴ,
3394 5508 3490 5561 καὶ
3519 5507 3659 5577 ἁγίῳ
3694 5505 3983 5577 Πνεύματι

789 5811 868 5878 (6)
903 5811 1097 5864 Debuit
1173 5811 1285 5864 hzee
1334 5810 1479 5863 lotus
1522 5810 1689 5863 fuisse
1751 5812 2013 5863 flltiliitlls
2063 5810 2341 5872 destituta,
2400 5826 2523 5866 cum
2572 5826 2678 5866 non
2738 5812 2841 5867 nisi
2892 5812 2959 5866 ad
3018 5810 3453 5867 eomburendum
3526 5807 3677 5863 utilis
3737 5805 3981 5861 dicatur.

714 5880 856 5937 idem
890 5880 1092 5937 clarius
1125 5882 1444 5950 exprimitur
1474 5898 1621 5933 num.
1662 5880 1745 5933 l6.
