4186 6434
189 466 290 526 Ε)

761 464 1041 523 ΟΠΑΤΠἸ
1082 465 1238 526 XIX.
1267 493 1337 505 -
1371 468 1453 529 IN
1483 472 1768 531 LAUDEB

1872 504 1895 530 ι.
1936 470 2355 530 ΠΥΛΏῘΝΤΠῘ
2391 470 2791 529 AMASTREN
2805 472 2849 531 l.

3344 475 3450 541 430

187 570 565 640 θεωρούμενον
598 570 692 621 καὶ
724 572 1197 641 προσκυνούμενον
1221 592 1233 605 ⁸
1264 576 1356 628 τὸν
1385 578 1545 647 μόνον
1560 581 1768 633 δίκαιον

1879 580 1969 643 tis,
2017 580 2111 648 qui
2177 579 2229 630 in
2268 579 2425 631 Patre
2456 587 2509 631 et
2538 578 2677 631 Filio
2717 586 2770 631 et
2830 578 3034 648 Spiritu
3072 584 3447 638 sanctointel—

185 666 279 715 καὶ
319 662 499 725 ζῶντα
538 661 706 714 Θεόν·
734 662 794 725 ὃς
836 664 1032 716 ἀέναον
1088 667 1312 719 κόλασιν
1352 669 1447 720 καὶ
1479 670 1591 739 πῦρ
1615 671 1767 740 ἡτοί-

188 772 363 822 μασεν
396 755 681 816 ἄσϐεστον,
711 755 822 818 τοῖς
840 756 1003 808 αὑτὸν
1032 757 1131 826 μὲν
1153 759 1429 826 ἀθετοῦσι,
1466 763 1564 831 τὴν
1589 763 1766 815 κτίσιν

184 848 237 899 δὲ
269 846 613 900 θεοποιοῦσιν
635 864 646 876 ο
691 848 747 909 ὃς
801 848 1049 916 οὐρανῶν
1100 850 1375 919 βασιλείαν
1407 855 1552 923 ζωήν
1583 872 1642 906 τε
1676 856 1768 907 καὶ

182 940 340 1003 δόξαν
378 943 595 993 αἰώνιον
622 944 734 1002 τοῖς
776 943 1122 995 πιστεύουσιν
1152 944 1236 995 ἐπ’
1268 947 1451 1010 αὑτὸν,
1477 948 1543 998 δι’
1580 949 1767 1009 ὕδατός

184 1050 242 1084 τε
274 1034 368 1084 καὶ
406 1034 718 1102 πνεύματος
774 1034 1261 1105 ἁναγεννωμὲνοις,
1308 1040 1696 1108 ἐπηγγείλατο.
1746 1063 1764 1093 ι

257 1303 348 1351 ια’.
388 1299 677 1362 Τοιαῦταις
735 1301 763 1353 ὁ
817 1299 961 1361 θεῖος
997 1301 1286 1364 Ὑάκινθος
1340 1305 1765 1373 παραγγελίαις,

184 1391 462 1452 τοιαύταις
495 1392 581 1442 ἀεὶ
609 1392 1022 1460 παραινέσεσιν,
1054 1394 1152 1445 οὐκ
1181 1395 1322 1445 ἀνιεῖ
1363 1397 1488 1458 τοὺς
1521 1398 1769 1463 ἐγγίζονο

184 1500 277 1543 τας
309 1483 462 1552 αὖτῷ
491 1484 779 1547 νουθετῶν,
815 1485 1070 1555 ἐλέγχων,
1121 1487 1479 1556 παρακαλῶν,
1518 1493 1652 1542 πᾶσι
1686 1490 1771 1541 λό-

186 1590 295 1640 γοις
356 1576 451 1627 καὶ
482 1577 703 1643 τρόποις
762 1576 863 1645 τῆς
915 1578 1148 1629 ἐκτάττου
1204 1579 1627 1650 δεισιδαιμονίας
1671 1583 1769 1633 αὐ-

185 1669 304 1727 τοῦς
336 1667 542 1733 ταύτης
567 1667 931 1721 ἀπαλλάττειν
963 1669 1419 1739 προθυμούμενος
1445 1687 1458 1700 ·
1515 1672 1678 1741 ἤνυεν
1708 1673 1765 1725 δέ

187 1758 344 1809 πλέον
378 1758 560 1810 οὐδέν·
600 1758 772 1827 δῆμος
800 1760 910 1828 γὰρ
938 1760 1224 1827 ἀλόγιστος
1259 1764 1351 1814 καὶ
1386 1762 1615 1832 θρασὺς,
1646 1783 1769 1817 συν·

185 1850 393 1916 ηθείαις
432 1850 627 1912 κακαῖς
670 1851 765 1901 καὶ⁵
796 1853 1195 1920 πονηροτάταις
1248 1854 1553 1923 προλήψεσι
1584 1856 1767 1908 δεδου-

186 1943 447 2009 λωμένος,
497 1942 899 2008 δυσαγὼνιστός
925 1960 985 1995 τε
1014 1942 1117 2005 ἔτι,
1152 1944 1242 1996 καὶ
1267 1946 1364 2014 τῆς
1393 1947 1483 1997 ἐπὶ
1536 1946 1596 1999 τὸ
1642 1947 1764 2015 βέλ-
1794 1934 1839 1993 Β

187 2052 292 2087 τιον
316 2037 720 2105 ἀνεπαίσθητος
746 2038 1081 2107 ἐπιστροφῆς
1105 2055 1118 2068 ·
1153 2037 1275 2090 ὅθεν
1298 2040 1347 2091 οἱ
1384 2040 1483 2109 μὲν
1502 2042 1763 2109 ἀναισθη-

188 2129 272 2198 σία
290 2130 357 2180 τὰ
381 2123 498 2180 ὦτα
518 2128 863 2198 βαρύνοντες.
900 2130 996 2181 καὶ
1020 2128 1190 2183 νῶτον
1211 2131 1443 2195 διδόντες
1477 2150 1763 2203 παραφρο-

187 2222 395 2284 νοῦντα,
439 2222 584 2273 κατὰ
612 2222 710 2289 τὴν
738 2220 983 2290 Γραφὴν,
1031 2223 1108 2284 ὠς
1156 2222 1278 2292 είκῆ
1336 2223 1631 2292 ληροῦντος
1666 2223 1766 2275 οὐκ

187 2316 462 2384 ἠνείχοντο
483 2332 497 2344 ·
550 2318 599 2367 oi.
632 2314 689 2367 δὲ
734 2318 829 2367 καὶ
862 2314 1081 2383 μανίαις
1108 2318 1202 2367 καὶ
1240 2316 1423 2385 ζήλοις
1450 2319 1665 2386 πικροῖς
1692 2319 1766 2369 οἰ-

189 2406 672 2478 στρῃλατοῦμενοι,
704 2406 895 2477 ὕϐρεσι
925 2424 981 2459 τε
1013 2407 1200 2459 τοῦτον
1232 2406 1454 2476 μυρίαις
1475 2407 1767 2477 ἠμείϐοντο

189 2503 274 2552 καὶ
319 2502 609 2568 ἀτιμίαιςο
664 2502 760 2552 καὶ
810 2500 938 2551 ποτὲ
980 2500 1077 2569 μὲν
1124 2500 1497 2568 χλευάζοντες,
1550 2501 1678 2553 ποτέ
1709 2502 1765 2553 δέ

187 2590 560 2653 ὀνειδίζοντες,
604 2591 721 2643 ἐστι
754 2591 798 2642 δ’
827 2592 913 2643 ὅτε
948 2592 1042 2643 καὶ
1089 2592 1448 2654 ἀπειλοῦντες
1495 2591 1641 2661 αὐτῷ
1674 2593 1767 2644 καὶ

191 2683 679 2749 σννεπιτιθέμενοι,
738 2684 969 2753 ἔϐρυχον
1016 2687 1139 2746 τοὺς
1194 2685 1412 2746 ὀδόντας
1460 2685 1547 2736 ἐπ’
1581 2685 1762 2738 αὐτόν.

190 2779 248 2829 Τί
275 2775 366 2831 οῦν
396 2780 425 2830 ὁ
491 2780 777 2847 ἄνθρωπος
808 2780 901 2830 τοῦ
936 2778 1069 2831 Θεοῦ
1098 2795 1111 2836 ;
1149 2781 1262 2831 υῦκ
1286 2779 1561 2847 αὔταρκες
1596 2781 1765 2832 οἴεται

190 2872 242 2923 τὸ
267 2871 384 2923 καθ’
417 2870 617 2923 ἑαυτὸν
677 2871 837 2939 μόνον
882 2870 1089 2939 διορᾷν,
1116 2872 1261 2933 ὅπως
1299 2873 1363 2923 ἂν
1404 2876 1513 2939 ἐχοι
1563 2870 1762 2935 καλῶς,

190 2964 286 3014 τῶν
316 2964 497 3017 ἄλλων
520 2963 576 3014 δὲ
606 2963 790 3024 κακῶς
821 2963 1053 3031 ἐχόντων
1101 2964 1378 3033 ὑπερορᾷν
1397 2983 1409 2995 ·
1463 2965 1584 3016 οὐδὲ
1631 2965 1766 3032 θρηη

193 3058 291 3105 νεῖν
330 3056 431 3122 μὲν
495 3055 634 3124 ὑπὲρ
680 3056 860 3106 αὐτῶν
885 3054 1085 3122 ἡσυχῆ,
1125 3057 1217 3107 καὶ
1265 3056 1583 3107 ποτνιᾶσθαι
1632 3056 1767 3124 πρὸς

192 3146 271 3196 τὸν
302 3147 531 3215 Κύριον,
570 3144 1050 3213 παρρησιάζεσθαι
1084 3145 1138 3195 δέ
1166 3146 1304 3213 ὑπὲρ
1337 3146 1593 3213 ἀληθείας
1631 3147 1765 3199 ὑπο-

1874 671 2059 740 ligitur
2110 684 2173 722 ac
2221 668 2518 734 aduratur,
2570 671 2745 723 solum
2800 669 3005 739 justum
3078 688 3141 725 ae
3184 673 3451 727 viventem

1876 765 2068 827 Deum,
2113 762 2378 815 adhortor
2431 764 2564 829 :qui
2614 762 2874 815 nimirum
2919 772 3121 816 αξιοι-ηε
3182 765 3448 834 supplicia

1874 856 2166 924 ignemque
2200 852 2305 905 illis
2347 853 2690 922 prteparavit,
2723 853 2837 921 qui,
2891 869 2956 906 eo
2998 864 3199 922 spreto,
3236 866 3451 909 creatu-

1874 962 1990 1000 ram
2099 945 2397 1010 dt'iflC:illl;
2455 948 2545 1013 qui
2614 947 2848 1015 denique
2891 960 3116 1015 regnum
3164 947 3448 1009 ctelornm,

1874 1040 2145 1106 vitamque
2212 1048 2474 1089 arternam
2542 1052 2607 1089 ac
2673 1038 2901 1105 gloriam
2975 1038 3326 1092 credentibus
3399 1040 3450 1091 in

1876 1129 2051 1195 ipsum
2097 1126 2371 1196 pollicitus
2397 1135 2501 1189 est,
2539 1127 2632 1193 qui
2691 1142 2756 1179 ex
2793 1142 2933 1195 aqua
2962 1138 3013 1180 et
3041 1127 3245 1195 Spiritu
3274 1128 3450 1181 renati

1872 1220 2000 1272 t-iut.
2042 1238 2058 1269 ι

1948 1315 2033 1367 ll.
2105 1315 2329 1368 Talibus
2391 1312 2726 1382 Hyacinthus
2789 1311 3198 1373 hortamentis,
3254 1311 3451 1364 talibus

1874 1397 2503 1474 frequens'jngiterque
2562 1402 3061 1465 admonitionibus,
3120 1403 3165 1455 si
3215 1400 3310 1470 qui
3359 1402 3455 1454 ad-

1880 1501 2040 1563 irent,
2068 1498 2424 1568 increpando,
2475 1496 2774 1565 arguendo,
2831 1497 3170 1551 obsecrando
3228 1496 3249 1527 ⁵
3304 1497 3451 1567 (nul-

1872 1594 1940 1649 lis
1997 1593 2205 1647 scilicet
2266 1606 2372 1645 non
2439 1590 2740 1645 rationibus
2798 1589 3083 1658 modisque
3138 1590 3449 1658 satagendu.

1872 1694 1931 1739 ut
1969 1686 2037 1738 ab
2091 1685 2301 1738 insulsa
2335 1683 2854 1749 dementissimaque
2915 1682 3304 1750 superstitione
3360 1695 3455 1736 eos

1872 1776 2173 1845 liberaret),
2219 1777 2354 1830 nihil
2396 1787 2575 1829 tamen
2620 1774 2854 1843 amplius
2895 1774 3231 1843 proﬁciebat.
3259 1775 3455 1829 Incon-

1871 1872 2046 1925 sultus
2107 1873 2252 1923 enim
2315 1871 2604 1939 audaxque
2661 1883 2726 1923 ac
2793 1869 3116 1923 temerarius
3174 1870 3452 1939 populus.

1872 1979 2049 2033 prava:
2097 1964 2313 2017 deditus
2359 1960 2759 2023 consuetudini,
2820 1960 3183 2029 pessimzeque
3211 1959 3455 2013 emancio

1871 2064 2029 2123 palus
2068 2062 2346 2124 occupatae
2404 2052 2673 2123 opinioni,
2727 2052 2945 2105 vixdum
3001 2049 3297 2122 expugnari
3352 2064 3453 2119 po-

1869 2155 2026 2209 terat,
2088 2162 2364 2216 sensuque
2398 2148 2549 2199 omni
2608 2146 2852 2199 melioris
2904 2144 3077 2213 frugis
3127 2143 3454 2212 arripienda:

1871 2242 2115 2296 carebat.
2180 2239 2429 2307 lliurque
2485 2240 2620 2292 adeo
2659 2239 2773 2303 alii,
2822 2254 2933 2307 quo
2985 2246 3211 2306 stupore
3259 2235 3453 2305 perciti

1873 2340 2049 2394 erant,
2081 2346 2244 2385 aures
2273 2340 2651 2399 aggravant-ns,
2685 2346 2745 2382 ac
2769 2330 2990 2383 dorsum
3042 2329 3298 2382 insanum
3322 2328 3456 2381 dan-

1868 2433 1950 2477 tes
1984 2424 2085 2492 (7),
2140 2424 2215 2475 uti
2254 2422 2550 2489 Scripturaa
2590 2422 2771 2475 verbis
2819 2436 3138 2489 expressum
3174 2428 3276 2484 est,
3310 2420 3456 2472 velut

1871 2525 2069 2569 temere
2132 2515 2481 2575 delirantem,
2539 2529 2663 2567 eum
2737 2528 2843 2566 non
2904 2512 3297 2567 sustinebant:
3362 2510 3456 2565 alii

1870 2623 1997 2661 vero
2050 2606 2213 2659 etiam
2281 2605 2442 2659 luriis
2491 2603 2959 2672 amarulentisque
3016 2600 3455 2656 armulationibus

1867 2699 2095 2761 efferati,
2125 2698 2451 2763 iujuriarum
2494 2696 2601 2748 vim
2642 2696 2985 2748 innumeram
3019 2692 3456 2761 probrorumque

1874 2792 1949 2843 illi
1990 2790 2397 2858 rependcbant;
2460 2805 2523 2843 ac
2583 2789 2745 2842 modo
2801 2787 3020 2855 quidem
3056 2798 3188 2838 naso
3219 2798 3453 2851 suspen-

1869 2884 2069 2937 debant
2126 2883 2199 2950 (8)
2230 2922 2245 2945 ,
2291 2882 2454 2935 modo
2490 2890 2671 2933 autem
2717 2878 3159 2948 exprobrabant,
3203 2876 3451 2945 quando-

1870 2988 1976 3042 que
2044 2987 2175 3026 vero
2232 2971 2394 3025 etiam
2449 2970 2738 3023 minariter
2813 2967 3127 3034 impetuque
3192 2973 3449 3027 ruentes,

1869 3064 2123 3117 dentibus
2166 3064 2366 3116 incum
2397 3061 2735 3115 frendebant.
2757 3057 2897 3124 Quid
2929 3057 3093 3127 igitur
3125 3053 3218 3110 Dei
3252 3056 3454 3111 homo?

1870 3153 1984 3207 Non
2049 3154 2182 3208 satis
2236 3155 2534 3207 arbitratur
2593 3160 2654 3205 ut
2714 3166 2811 3205 sua
2869 3152 3130 3203 duntaxat
3176 3146 3451 3217 dispiciat,

196 3238 533 3289 στέλλεσθαι·
570 3238 688 3288 οὐδὲ
717 3235 858 3304 λόγῳ
911 3237 1008 3305 μὲν
1052 3237 1146 3287 καὶ
1174 3236 1545 3298 διδασκαλίαις
1581 3238 1763 3303 μόνον,

1872 3247 2149 3315 quomodo
2201 3254 2345 3299 recte
2384 3260 2442 3298 se
2476 3244 2732 3306 habeant,
2789 3256 2875 3294 res
2930 3254 3053 3294 vere
3112 3239 3345 3292 aliorum
3396 3252 3455 3291 se

193 3328 401 3397 ἔργῳδὲ
436 3334 516 3398 μὴ
564 3330 891 3381 ἀνακόπτειν
929 3327 1037 3379 τῶν
1083 3329 1535 3396 ἀφρονευομὲνων
1567 3331 1763 3398 πειρᾶο

197 3422 306 3474 σθαι
332 3425 431 3491 τὴν
456 3421 801 3483 δυσσέϐειαν,
822 3420 1051 3488 ἀρίστης
1080 3416 1219 3471 εἶναι
1244 3422 1337 3473 καὶ
1364 3422 1575 3484 τελείας
1607 3422 1767 3491 ἔργον

193 3514 392 3583 ἡγεῖται
430 3516 696 3575 διανοίας.

1876 3338 2015 3391 male
2067 3338 2329 3391 habentes
2380 3336 2693 3405 despiciat:
2747 3348 2923 3401 neque
2972 3341 3033 3384 ut
3090 3330 3307 3385 silentio
3356 3343 3455 3397 pro

1874 3430 1954 3481 eis
2004 3429 2203 3498 lugeat,
2271 3439 2437 3498 atque
2502 3427 2568 3480 ad
2622 3426 2911 3480 Dominum
2962 3423 3193 3493 gemitus
3252 3423 3453 3481 trahat,

1875 3520 2151 3589 libereque
2205 3535 2301 3589 pro
2346 3520 2571 3572 veritate.
2604 3532 2764 3586 agere
2793 3531 2856 3569 ac
2890 3514 3038 3583 loqui
3073 3513 3451 3582 pertimescat:

195 3624 283 3663 nec
316 3620 373 3663 ut
400 3624 663 3664 sermone
706 3610 971 3663 duntaxat
1029 3624 1093 3662 ac
1151 3608 1438 3671 doetrinis,
1489 3624 1593 3663 non
1637 3625 1765 3664 vero
1795 3613 1958 3667 etiam
2025 3628 2191 3683 opere
2270 3612 2659 3682 insipientium'
2700 3619 2928 3665 conetur
2990 3606 3324 3675 impietatem
3368 3605 3456 3661 in-

195 3697 419 3769 fringere
455 3714 524 3752 ac
545 3700 817 3765 inhibere,
846 3701 1064 3768 uptiunc
1094 3710 1256 3767 atque
1291 3699 1539 3767 perfecta:
1573 3704 1767 3757 mentis
1796 3719 1933 3773 opus
1958 3720 2079 3759 esse
2114 3712 2353 3772 reputat.

286 3837 413 3891 Car.
454 3836 521 3890 ll.
556 3866 627 3875 --
659 3834 845 3888 Sancti
881 3834 1132 3903 martyris
1166 3834 1303 3887 zelus
1341 3833 1391 3885 in
1433 3833 1725 3907 excidenda
1763 3838 1968 3899 arbore,
2008 3839 2171 3892 libera
2198 3840 2327 3907 facti
2362 3838 2641 3907 confessio,
2680 3839 2970 3901 cruciatus,
3036 3853 3197 3901 mors,
3254 3845 3337 3888 tu-

1420 3904 1617 3967 mulus,
1660 3917 1708 3958 et
1754 3911 1988 3961 auctoris
2037 3904 2296 3979 epilogus.

258 4027 339 4097 ιβ’.
384 4025 558 4079 Ἀλλὰ
607 4027 719 4085 τοῖς
750 4022 951 4089 λόγοις,
989 4022 1064 4082 ὡς
1093 4020 1328 4091 εἴρηται,
1369 4020 1634 4090 πρότερον
1674 4022 1765 4087 ἐγ-

195 4121 454 4189 κείμενος,
486 4117 613 4168 ἐπεὶ
654 4114 729 4183 μὴ
756 4108 863 4174 οἶός
909 4114 955 4164 τ’
1000 4109 1069 4181 ἦν
1097 4114 1153 4163 ἐν
1181 4112 1391 4173 τούτοις
1425 4112 1523 4180 τῆς
1558 4114 1765 4181 πλάνης

196 4208 393 4276 ἐκείνης
431 4207 702 4274 ἐπισχεῖν,
757 4202 1040 4271 ἑπομένως
1069 4202 1254 4253 λοιπὶν
1294 4201 1389 4270 τὴν
1422 4202 1513 4254 ἐπὶ
1538 4202 1642 4252 τῶν
1672 4202 1764 4272 ἔρ-

196 4314 295 4364 γων
323 4299 555 4367 δύναμιν
593 4294 950 4356 ἐκδείκνυται,
974 4294 1066 4345 καὶ
1088 4294 1185 4355 τὰς
1202 4293 1299 4361 τῆς
1328 4293 1567 4356 διανοίας
1595 4294 1766 4361 όσςῦς

197 4391 632 4459 ἀναξωσὰμενος,
672 4386 768 4438 καὶ
796 4384 1025 4452 τὴνάπὸ
1069 4384 1163 4437 τοῦ
1211 4384 1387 4454 Ἰησοῦ
1429 4384 1666 4451 Χριστοῦ
1698 4388 1762 4455 τῇ

198 4486 458 4552 προσευχῇ
536 4480 769 4548 δύναμιν
829 4478 1300 4547 ἐπισπασάμενος,
1354 4474 1471 4530 εἶτα
1534 4478 1766 4530 πέλεκυν

196 4575 305 4639 ὀξὺν
339 4575 519 4628 λαϐὼν
569 4575 635 4642 τῇ
667 4572 831 4641 χειρὶ,
866 4571 958 4622 καὶ
991 4570 1210 4639 θερινῆς
1253 4569 1601 4639 μεσημϐρίας
1634 4571 1768 4624 πάν-

200 4684 285 4728 τας
314 4666 610 4729 διαλαθὼν,
674 4663 971 4733 πρόρριζον
1023 4663 1280 4714 ἐκκόπτει
1325 4662 1385 4714 τὸ
1428 4662 1523 4730 τῆς
1562 4661 1769 4733 πλάνης

199 4760 439 4825 ςυτόν.“Ω
466 4756 647 4825 ψυχῆς
671 4754 925 4823 ἀνδρείας
949 4754 1178 4824 ἀνδρείῳ
1207 4754 1496 4823 χρωμένης
1522 4753 1731 4822 σώματι
1754 4756 1765 4807 !

1950 4024 2030 4077 12.
2066 4024 2168 4078 Sed
2205 4040 2326 4079 cum
2357 4025 2529 4093 prius,
2558 4024 2632 4077 uti
2668 4023 2939 4087 dicebam,
2970 4022 3151 4076 verbis
3178 4020 3457 4075 incubuis-

1875 4125 1975 4180 set,
2012 4132 2112 4170 nec
2144 4117 2361 4169 illorum
2406 4116 2454 4168 vi
2489 4131 2553 4169 ac
2586 4131 2684 4169 usu
2752 4116 2820 4169 ab
2864 4130 3053 4168 errore
3082 4114 3176 4167 illo
3209 4114 3455 4167 inhibere

1876 4220 2054 4276 posset
2086 4225 2100 4271 ;
2145 4216 2549 4276 consequenter
2571 4208 2706 4276 jam,
2736 4221 2856 4273 quae
2883 4206 2934 4257 in
2972 4205 3233 4272 operibus
3279 4204 3454 4271 posita

1873 4308 1977 4362 est,
2011 4299 2264 4351 virtutem
2294 4297 2531 4352 ostendit
2563 4316 2575 4351 :
2612 4294 3275 4364 succinctusquelumbos
3301 4308 3456 4345 meu-

1877 4390 1966 4453 tis,
2005 4398 2166 4458 atque
2198 4404 2226 4442 a
2254 4387 2383 4442 Jesu
2416 4388 2638 4443 Christo
2683 4402 2905 4458 precum
2954 4385 3216 4441 instantia
3264 4398 3458 4437 curro.

1876 4490 1994 4552 gata
2026 4482 2244 4542 virtute,
2292 4490 2405 4534 tum
2462 4497 2649 4547 manu,
2710 4488 2866 4533 acuta
2925 4477 3103 4533 securi
3158 4475 3454 4546 prehensa,

1875 4570 2013 4623 clam
2046 4571 2323 4635 omnibus,
2360 4570 2550 4624 aestivo
2576 4570 2690 4623 sole
2718 4584 2780 4622 ac
2812 4569 3057 4632 meridie,
3096 4568 3299 4621 erroris
3331 4566 3456 4620 stir-

1877 4680 1993 4732 pem
2026 4664 2287 4719 radicitus
2313 4663 2599 4716 exseindit.
2642 4662 2684 4716 Ο
2711 4663 2901 4715 fortem
2937 4662 3203 4723 animum,
3227 4660 3454 4713 robusto

1877 4770 2104 4823 corpore
2151 4755 2347 4808 nsum!
2384 4752 2427 4807 Ο
2456 4752 2727 4808 fervorem
2766 4752 2912 4815 fidei,
2963 4750 3208 4805 fulminis
3258 4752 3453 4815 instar,

200 4851 236 4901 ὦ
275 4852 607 4921 θερμότητος
644 4848 897 4911 πίστεως,
937 4847 998 4899 τὸ
1050 4847 1147 4915 μὲν
1194 4846 1291 4915 τῆς
1331 4846 1581 4909 ἀσεϐείας
1612 4846 1766 4909 ξύλον

1874 4846 2169 4914 impietatis
2224 4845 2643 4899 succendentem
2698 4844 2971 4906 arborem,
3007 4857 3072 4895 ac
3127 4841 3275 4895 velut
3334 4842 3456 4910 igne

200 4944 445 5012 κεραυνοῦ
477 4942 687 5009 τρόπον
718 4939 1154 5009 ἐμπιμπρὼσης.
1182 4937 1371 5009 ὧσπερ
1402 4939 1456 4991 δὲ
1500 4939 1762 5009 καιούσης

200 5033 280 5085 καὶ
326 5030 722 5096 κατεσθιούσης
777 5034 899 5093 τοὺς
959 5031 1209 5090 ἀσεϐεἰςῑ
1250 5029 1294 5081 ὢ
1328 5031 1531 5099 τόλμης
1585 5030 1763 5099 (iit-’17];

201 5128 446 5193 καρτερᾶς
478 5129 574 5177 καὶ
622 5122 911 5192 σταθερᾶς,
949 5125 1042 5173 καὶ
1078 5122 1316 5183 διανοίας
1348 5125 1575 5191 συνετῆς
1600 5122 1763 5174 πλέον

200 5214 228 5282 ι
271 5216 405 5269 κατι
463 5214 815 5284 ἀνθρώπινον
1067 5214 1195 5283 περι
1234 5214 1333 5284 τὴν

258 5355 276 5385 ⁸
303 5355 341 5409 ll
371 5356 516 5412 Tim.
566 5373 643 5421 Iv,
672 5356 736 5409 ‘2.

260 5475 328 5543 (ἲ)
357 5475 610 5530 lndicare
636 5476 726 5528 hic
755 5469 926 5527 voluit
954 5472 1171 5526 Niretas
1203 5470 1545 5534 Zachariam,
1584 5486 1629 5523 c.
1664 5488 1755 5535 vn,

204 5543 277 5607 ll,
308 5546 390 5597 ulii
423 5546 611 5599 versio
646 5544 888 5612 Vulgata:
916 5545 1078 5597 habet
1128 5561 1144 5592 ι
1180 5543 1459 5610 seapulam
1504 5545 1757 5594 receden-

204 5623 386 5680 ιεπις»
450 5617 599 5686 quod
653 5616 1013 5670 Cumbefisius
1058 5614 1215 5667 vertit
1273 5613 1546 5686 c_dorsum
1608 5613 1756 5665 insa-

205 5700 311 5738 num
350 5706 366 5735 ι
414 5684 779 5748 contendens,
808 5688 951 5752 quod
1000 5686 1223 5738 verbum
1273 5684 1523 5737 Grtecum
1578 5700 1761 5753 παρα-

206 5758 393 5823 φρονεῖν
418 5758 641 5824 proprie
667 5756 934 5825 significet
961 5775 977 5806 ι
1013 5755 1269 5808 insanire.
1308 5772 1324 5803 ι

262 5828 326 5893 (8)
366 5822 669 5893 Χλευαζειν
722 5822 811 5881 cst
850 5846 869 5876 ι
900 5828 1122 5881 irridere
1151 5845 1167 5875 ι
1223 5822 1369 5893 quod
1398 5823 1761 5880 Comheﬁsins

207 5900 340 5950 Vertit
382 5918 398 5949 ι
438 5916 575 5955 uaso
608 5899 965 5969 SttSpendere,
1014 5918 1030 5948 ι
1083 5897 1133 5950 id
1167 5896 1382 5965 proprie
1415 5905 1497 5949 est
1546 5913 1562 5945 ι
1607 5897 1759 5950 vafre

1874 4938 2070 5007 impios
2102 4938 2512 4990 comburentem
2543 4951 2605 4989 ar
2635 4936 3019 4989 absorbentem
3051 4936 3062 4986 !
3108 4933 3150 4987 Ο
3183 4942 3447 4987 constan-

1870 5032 1939 5084 tis
1974 5030 2221 5097 firniique
2246 5029 2412 5081 animi
2447 5027 2757 5091 audaciam,
2786 5033 3139 5093 mentemque
3166 5039 3329 5093 quam
3356 5040 3453 5093 pro

1872 5124 2109 5176 humana
2137 5121 2348 5173 ratione
2373 5119 2737 5183 solertiorem,
2781 5134 2885 5171 una
2917 5117 3215 5184 eademque
3240 5115 3451 5169 actione

1872 5225 2020 5269 tanta
2056 5223 2438 5284 praestantem;
2482 5228 2546 5267 ac
2580 5223 2690 5265 tum
2727 5211 2890 5265 simul
2922 5211 3131 5264 erroris
3179 5224 3446 5279 organum

1864 5490 1925 5527 ac
1958 5475 2452 5537 sulnloleirridere,
2494 5495 2511 5524 ι
2559 5474 2702 5544 quod
2758 5474 2930 5529 Graeci
2979 5472 3215 5540 simplici
3273 5472 3447 5525 verba

1864 5547 2057 5600 dicunt
2098 5548 2476 5615 μυκτηρίζειν.
2528 5546 2751 5599 Pﬂrasis
2788 5547 2902 5599 ham
2954 5544 3089 5599 satis
3136 5557 3449 5615 communis

1864 5628 1945 5670 est
1977 5612 2116 5684 apud
2152 5612 2385 5678 veteres,
2424 5618 2498 5670 uti
2556 5618 2694 5669 inter
2736 5616 2873 5670 alios
2926 5622 3089 5685 patet
3127 5628 3191 5666 ex
3226 5612 3451 5666 Horatio

1868 5691 1919 5741 in
1955 5688 2323 5749 sa‘rmonibus,
2352 5688 2441 5741 ubi
2466 5688 2539 5740 ait
2566 5708 2577 5739 :
2616 5708 2633 5736 σ
2672 5685 2816 5741 Naso
2840 5684 3127 5755 suspendis
3156 5685 3391 5737 adunco.
3426 5703 3445 5755 ι

1866 5758 2025 5810 l’lnra
2084 5760 2146 5809 de
2204 5761 2303 5812 hac
2362 5758 2714 5827 expreSsioue
2780 5754 2949 5811 videri
3016 5764 3249 5826 possunt
3307 5754 3448 5823 apud

1864 5827 2092 5883 Paulum
2126 5829 2428 5884 Mauutium
2463 5831 2513 5883 iu
2547 5829 2785 5898 Adagiis.
