4186 6434
750 436 851 499 431

1953 436 1999 494 Ν
2015 436 2244 495 ΙίῖΕῚ’.Ε
2288 435 2446 493 ΡΛΙἾ
2461 436 2808 493 ΙΙΛΟΟΝΙΞ

3894 434 4003 495 432

750 546 1057 605 tollentem.
1099 557 1302 612 eosque
1357 544 1451 614 qui
1491 542 1966 598 immedicabiliter
2004 544 2095 597 illo
2140 544 2315 596 allecti

2426 544 2513 593 καὶ
2548 541 2675 609 μίαν
2718 541 2886 593 πλείω
2944 541 3314 611 κατορθούσης
3377 543 3469 595 καὶ
3507 541 3641 611 ὁμοῦ
3694 544 3753 594 τό
3808 562 3864 597 τε
3902 547 4001 611 τῆς

744 645 921 699 erant,
961 632 1405 697 confundentem,
1459 649 1557 687 nec
1596 649 1704 687 non
1755 634 1963 703 plures,
1997 635 2200 704 quibus
2230 650 2319 685 er-

749 741 840 778 ror
879 741 981 776 non
1008 724 1086 802 sic
1115 724 1222 777 alte
1255 725 1570 791 inoleverat,
1604 726 2004 788 ememlantem,
2027 725 2091 778 ad
2123 725 2319 779 verita-

748 829 877 879 trm,
929 818 1145 880 ducem,
1190 816 1407 885 Deoque
1453 831 1555 870 suo
1604 818 1829 886 gloriam
1881 817 2263 887 rependentem
2306 834 2318 869 :

746 926 877 978 qum
907 921 961 962 ct
1002 908 1197 961 hormn
1230 908 1448 961 demum
1501 909 1746 977 prauuio,
1810 910 2102 964 clarissimi
2157 912 2319 964 etiam

746 1003 988 1070 martyrii
1017 1003 1200 1054 laurea
1232 1000 1607 1053 decorantem.

818 1180 903 1230 17..
939 1178 1038 1230 L'bi
1094 1178 1260 1246 igitur
1318 1177 1654 1240 sacerdotes,
1719 1179 2079 1231 constitutum
2139 1179 2319 1233 arbori

747 1275 1077 1326 sacrificium
1131 1273 1419 1333 reddituri,
1456 1273 1826 1337 adveniSsent,
1864 1276 2216 1342 excisamquc
2260 1291 2322 1328 ac

748 1366 894 1417 humi
925 1364 1248 1433 propudiose
1272 1363 1377 1415 illis
1398 1380 1464 1415 un
1491 1366 1922 1433 conspexissent,
1945 1366 2175 1431 primum
2201 1366 2323 1433 qui-

745 1459 866 1509 dem
906 1457 1122 1509 attoniti
1172 1456 1469 1515 lucri-haut,
1506 1457 1659 1523 longe
1694 1456 1937 1510 maximo
1974 1466 2220 1526 stupore,
2263 1466 2324 1511 ut

748 1565 843 1618 par
889 1560 993 1614 est,
1044 1550 1253 1616 perciti.
1289 1548 1377 1599 Sic
1435 1548 1578 1600 enim
1631 1556 2029 1617 comparatum,
2089 1547 2320 1617 utquod

747 1650 940 1707 pratter
992 1656 1205 1691 onmem
1263 1640 1727 1708 exspectationem
1802 1639 2024 1700 accidit.
2077 1640 2319 1692 animum

745 1743 963 1799 stupore
1000 1731 1198 1785 alliciat
1228 1741 1394 1801 atque
1435 1732 1723 1799 percellat,
1768 1746 1831 1783 ac
1889 1730 2156 1798 siquidem
2192 1731 2321 1784 illud

746 1825 947 1878 bonum
1001 1826 1292 1887 exstiterit,
1353 1825 1643 1879 hilaritat's
1675 1824 1893 1892 impleat
1946 1822 2317 1892 ae’jucuudis-

746 1919 882 1970 sime
916 1917 1135 1977 habeat,
1192 1917 1273 1970 sin
1304 1932 1431 1969 vero
1479 1916 1703 1981 malum,
1736 1914 1993 1969 maestitia
2045 1915 2319 1982 animique

743 2010 936 2061 dolore
988 2010 1213 2076 repleat.
1272 2010 1349 2061 Ae
1383 2009 1427 2061 si
1475 2008 1691 2076 quidem
1749 2024 1814 2060 eo
1847 2016 2071 2061 auctore
2124 2022 2321 2063 evene-

748 2102 838 2167 rit,
893 2102 983 2169 qui
1021 2103 1152 2154 nulli
1194 2102 1306 2169 ipse
1334 2115 1486 2153 noxa:
1518 2101 1789 2153 obnoxius
1837 2100 1929 2164 sit,
1972 2100 2151 2153 dirum
2206 2115 2321 2155 me-

747 2196 852 2249 rito
906 2196 1208 2248 cruciatum
1264 2194 1450 2245 animo
1508 2192 1709 2255 infert,
1764 2194 1936 2246 donec
1990 2193 2317 2259 quibusdam

745 2302 868 2339 eum
903 2286 1206 2339 ratioaibus
1234 2284 1450 2337 deliniri
1508 2283 1816 2351 contigerit.
1872 2281 2095 2336 Detecto
2132 2290 2313 2336 autem

747 2388 991 2440 auctore,
1050 2392 1225 2445 eoque
1257 2392 1411 2428 noxae
1470 2375 1729 2436 obnoxio,
1793 2375 2055 2443 quidquid
2118 2374 2321 2427 doloris

746 2477 865 2519 erat
889 2466 1167 2531 animique
1188 2465 1769 2531 cruciatusderepeute
1802 2465 1853 2516 in
1885 2464 2019 2516 iram
2052 2462 2322 2517 furorem-

747 2575 852 2628 que
885 2559 1100 2618 transit,
1130 2573 1237 2610 non
1270 2558 1421 2625 prius
1447 2556 1646 2609 liberos
1678 2557 1862 2609 sineus
1893 2568 2031 2623 quos
2063 2554 2369 2619 incesserit,

746 2655 944 2710 merito
996 2652 1275 2713 videatur,
1326 2650 1619 2703 vindictam
1683 2662 2008 2718 pugnamque
2053 2646 2416 2716 rependeriut.

818 2748 907 2801 14.
940 2745 1054 2801 Hoc
1084 2757 1140 2800 et
1162 2745 1268 2799 illis
1292 2760 1414 2799 cum
1454 2746 1524 2798 ita
1558 2747 1852 2809 evenisset,
1905 2745 2141 2808 primum
2192 2743 2321 2812 qui-

746 2843 871 2895 dem
911 2839 1036 2909 quis
1069 2848 1229 2892 tanta:
1269 2838 1347 2890 eis
1402 2837 1577 2890 cladis
1613 2848 1800 2890 auctor
1852 2837 2168 2899 exstitisset,
2201 2836 2321 2889 ani-

750 2934 854 2987 mis
882 2931 1263 3000 exquirebant.
1306 2930 1443 2981 Tum
1484 2928 1746 2997 paulatim
1800 2928 1983 2980 animo
2019 2926 2320 2981 recolentes

748 3006 953 3093 quanta
991 3020 1325 3091 Hyacinthus
1377 3019 1629 3073 hortatus
1661 3027 1802 3071 esset
1839 3033 1901 3070 ac
1948 3017 2317 3084 increpasset;

748 3128 1049 3181 secumque
1076 3111 1400 3179 cogitantes,
1428 3108 1628 3160 nullius
1654 3107 1810 3175 plane
1840 3108 2066 3159 alterius
2101 3105 2151 3158 id
2183 3121 2322 3173 opus

748 3222 891 3267 esse,
916 3219 1078 3273 quam
1120 3203 1241 3270 ejus
1273 3202 1364 3269 qui
1393 3211 1445 3253 et
1478 3200 1781 3253 hostiarum
1828 3198 2229 3266 perceptionem
2267 3209 2325 3250 ut

750 3300 1073 3353 sceleratam
1122 3295 1551 3357 abominaretur,
1586 3293 1722 3345 etin
1773 3305 1868 3344 eos
1919 3290 2011 3358 qui
2069 3288 2325 3341 oll‘errent

749 3391 914 3444 etiam
946 3399 1108 3457 atque
1139 3389 1301 3439 etiam
1360 3385 1723 3445 inveheretur,
1760 3382 2051 3450 verbisque
2085 3381 2323 3434 deterre-

2423 634 2638 702 ἀπάτης
2702 634 2933 701 ὄργανον
2993 632 3407 703 ἐξαναιρούσης,
3465 633 3723 697 καὶτοὺς
3765 637 3999 699 ανιάτευς

2420 725 2594 795 τούτῳ
2644 725 3099 794 προσπάσχοντας
3131 725 3625 797 καταισχυνούσης’
3672 727 3900 790 πολλοὺς
3944 730 4001 780 δὲ

2421 816 2758 886 διορθούσης,
2814 810 2897 880 οἷς
2957 817 3030 887 μὴ
3073 816 3214 870 κατά
3247 816 3409 887 βάθος
3447 819 3516 871 τὰ
3553 822 3650 889 τῆς
3688 819 4005 889 πλανήσεως

2422 907 2714 976 ἐντέτηκε·
2754 906 2890 976 πρὸς
2945 906 3043 977 τὴν
3083 906 3343 978 ἀληθειαν
3391 909 3447 961 δὲ
3498 910 3863 980 ποδηγούσης,
3910 911 4005 964 καὶ

2424 1000 2518 1051 τὸν
2575 1002 2773 1052 οἰκεῖον
2815 1000 3147 1069 δοξαζούσης
3204 1001 3364 1053 Θεόν·
3424 1003 3513 1055 ναὶ
3564 1003 3670 1071 μὴν
3691 1003 3776 1055 διὰ
3806 1002 4000 1067 ταῦτα,

2423 1094 2513 1142 καὶ
2545 1089 2917 1161 λαμπροτάτῳ
2941 1092 3445 1161 καταγλαῖζομένης
3480 1094 3786 1164 μαρτυρίῳ.

2498 1192 2584 1249 ιγ’,
2636 1184 2787 1235 Ἐπεὶ
2811 1184 2918 1253 γάρ
2941 1178 3075 1252 ἧκον
3098 1187 3145 1235 οἱ
3178 1186 3342 1255 ἱερεῖς
3384 1186 3479 1253 τὴν
3506 1189 3899 1258 νενομισμένην
3924 1192 4003 1259 τῷ

2421 1276 2626 1345 δένδρῳ
2652 1276 2839 1329 θυσίαν
2879 1275 3269 1341 ἀποδώσοντες,
3312 1279 3543 1330 ὲκκοπὲν
3578 1279 3634 1332 δὲ
3686 1280 3843 1332 τοῦτο
3905 1284 4003 1334 καὶ

2424 1369 2564 1420 κατὰ
2622 1373 2724 1439 γῆς
2779 1370 2991 1438 ἀτίμως
3045 1365 3185 1422 εἶδον
3223 1373 3595 1441 καταρραγὲν,
3642 1374 3858 1443 πρῶτον
3902 1375 4003 1444 μὲν

2421 1461 2773 1528 ἀπηνεοῦντο,
2807 1460 3004 1530 Θάμϐει
3038 1461 3236 1532 πολλῷ,
3264 1464 3406 1516 κατὰ
3430 1464 3489 1516 τὸ
3535 1465 3702 1529 εἰκὸς,
3743 1468 4003 1536 περιεχό-

2426 1568 2619 1619 μενοι·
2676 1549 2819 1605 οἶδεν
2862 1552 2971 1621 γὰρ
3017 1554 3076 1605 τὺ
3125 1554 3276 1624 παρὰ
3320 1556 3645 1622 προσδοκίαν
3693 1560 4004 1626 συμπῖπτον

2424 1642 2754 1710 ἐκπλήσσειν
2772 1644 2872 1712 τὴν
2901 1643 3100 1713 ψυχὴν,
3138 1646 3230 1697 καὶ
3270 1645 3474 1713 ἀγαθὸν
3529 1646 3627 1717 μὲν
3671 1648 3856 1715 όφθὲν,
3891 1648 4004 1701 ίλα-

2427 1734 2651 1802 ρότητος
2674 1736 2768 1786 καὶ
2796 1734 3060 1803 εὐθυμίας
3116 1737 3509 1807 ἀναπιμπλᾷν,
3559 1739 3729 1792 κακὸν
3764 1741 3844 1803 δὲ,
3873 1756 4003 1793 σκν-

2425 1824 2773 1893 θρωπότητος
2828 1826 2923 1877 καὶ
2959 1826 3261 1895 δυσθυμίας
3282 1843 3293 1855 ·
3325 1830 3419 1879 καὶ
3460 1828 3507 1879 εί
3561 1828 3657 1897 μὲν
3686 1829 3743 1894 ἐξ
3771 1830 4001 1882 ἀνευθύ-

2427 1930 2515 1965 νου
2546 1914 2703 1966 τοῦτο
2739 1914 3083 1985 συμϐέϐηκεν
3114 1918 3312 1979 αἰτίας,
3341 1917 3539 1987 δεινὴν,
3575 1918 3713 1972 κατά
3735 1919 3794 1971 τὸ
3825 1921 3994 1984 είκδς,

2428 2004 2757 2073 ἐπισκήπτειν
2784 2008 2847 2074 τῇ
2897 2006 3041 2076 ψυχῇ
3069 2007 3165 2076 τὴν
3192 2007 3405 2076 ὀδύνην,
3452 2007 3611 2077 ἄχρις
3640 2008 3705 2061 ἂν
3736 2010 4002 2072 ἐπινοίαις

2428 2097 2539 2148 τισὶ
2588 2098 2981 2168 παρηγορηθῇ·
3037 2100 3371 2167 περιφανοῦς
3418 2100 3474 2152 δὲ
3538 2099 3634 2152 τοῦ
3680 2102 3852 2154 αἰτίου
3904 2104 4000 2155 καὶ

2428 2188 2729 2241 ὑπενθύνου
2785 2189 3150 2254 καθεστῶτος,
3184 2192 3264 2254 είς
3309 2192 3477 2261 ὀργὴν
3519 2194 3779 2262 ἐξαπίνης
3807 2193 3875 2245 τά
3899 2193 4000 2261 τῆς

2426 2280 2602 2351 λύπης
2662 2282 3115 2349 μετεσκεύασται,
3165 2282 3225 2335 οὐ
3282 2284 3549 2353 πρότερον
3589 2285 3831 2336 ἀνιεῖσαν
3871 2285 3999 2344 τοὺς

2425 2372 2832 2443 ὀργιζομένους,
2890 2374 3018 2442 πρὶν
3044 2373 3075 2443 ἢ
3109 2373 3187 2443 τῷ
3236 2372 3567 2442 λελυπηκότι
3599 2374 3695 2444 τὴν
3724 2376 3819 2443 τῆς
3851 2374 4002 2425 άντιο

2427 2464 2708 2533 λυπήσεως
2747 2464 2905 2530 ἀξίαν
2931 2465 3280 2531 ἀντεπάγωσι
3305 2466 3515 2533 ποινήν.

2432 2556 2561 2624 quin
2638 2555 2712 2609 illi
2755 2556 2849 2625 qui
2894 2555 3153 2625 injuriam
3194 2554 3342 2620 fecit,
3381 2562 3583 2625 quanta
3627 2569 3723 2623 pro
3742 2553 3999 2609 facinoris

2501 2744 2581 2797 ιδ’.
2609 2745 2781 2798 Τοῦτο
2811 2747 3054 2799 κάκεῖνοι
3082 2746 3367 2808 παθόντες,
3413 2744 3626 2815 πρῶτον
3663 2745 3761 2815 μὲν
3792 2746 3879 2799 τὸν
3911 2746 4002 2798 αἵ-

2425 2851 2540 2887 τιον
2588 2836 2770 2899 αὐτοῖς
2822 2837 3024 2903 ταύτης
3082 2836 3481 2889 ἀνεσκοποῦντο
3531 2837 3627 2905 τῆς
3677 2837 3999 2906 συμφορᾶς·

2427 2927 2615 2979 ἔπειτα
2640 2928 2749 2980 τῶν
2797 2928 3083 2980 Ὑακίνθου
3138 2928 3279 2980 κατά
3333 2928 3529 3001 μικρδν
3568 2928 3647 2989 είς
3696 2928 4002 2995 ἀνάμνησιν

2425 3019 2651 3085 ἥκοντες
2677 3019 2969 3071 νουθεσιῶν
2997 3062 3011 3084 ,
3064 3022 3157 3072 καὶ
3191 3019 3647 3087 κατανενοηκότες
3682 3019 3755 3079 ὡς
3787 3018 4003 3081 οὐδενὸς

2426 3111 2490 3162 ἂν
2522 3110 2606 3178 εἴη
2637 3110 2796 3163 ἄλλου
2847 3110 2909 3162 τὸ
2954 3110 3134 3181 ἔργον,
3174 3112 3205 3179 ἢ
3260 3110 3354 3162 τοῦ
3386 3110 3479 3162 καὶ
3510 3110 3618 3161 τῶν
3667 3110 3866 3161 θυσιῶν
3900 3111 4003 3178 τὴν

2429 3200 2731 3270 μετάληψιν
2759 3201 2830 3263 ὼς
2864 3202 3031 3269 ἐναγῆ
3071 3202 3499 3270 μυσαττομένου,
3534 3202 3625 3254 καὶ
3655 3201 4004 3263 θυσιάζουσιν

2427 3293 2785 3361 ἐπιτιμῶντος
2820 3293 2851 3362 ἢ
2893 3294 3376 3362 προσωχθηκότος,
3420 3293 3633 3361 ὁρμῶσι
3687 3292 3787 3361 μὲν
3832 3293 4002 3361 ὁμόσε

2424 3387 2543 3439 κατ’
2566 3386 2729 3437 αὑτοῦ
2763 3387 2962 3448 πάντες
2980 3403 2991 3416 ·
3025 3386 3168 3439 συῶν
3193 3386 3249 3437 δὲ
3280 3387 3480 3454 τρόπον
3508 3387 3632 3447 τοὺς
3659 3386 3875 3447 ὀδόντας
3901 3385 4002 3453 θή-

750 3490 871 3543 rct;
910 3493 1021 3531 uno
1066 3491 1261 3530 omnes
1305 3476 1357 3527 in
1403 3490 1529 3527 eutn
1578 3473 1794 3524 irruunt
1846 3472 2091 3539 impetu;
2136 3486 2322 3523 suum-

2429 3494 2637 3546 γοντες,
2668 3479 2763 3529 καὶ
2789 3480 2897 3529 πᾶν
2930 3478 3089 3544 μέλος
3130 3477 3221 3530 τοῦ
3255 3478 3505 3550 σῴματος
3539 3477 3740 3539 αὐτῶν,
3768 3476 3859 3528 καὶ
3891 3478 4004 3528 πᾶν

750 3587 858 3641 que
890 3584 1039 3624 more
1069 3570 1257 3621 dentes
1312 3574 1532 3626 acuunt,
1575 3580 1636 3617 ac
1669 3564 1898 3632 quodvis
1943 3563 2158 3615 tandem
2206 3576 2326 3615 eor-

751 3662 901 3730 poris
925 3659 1226 3712 metubrum
1254 3696 1268 3721 ,
1305 3655 1564 3723 quidquid
1592 3655 1825 3722 denique
1879 3652 2053 3705 cuivis
2084 3668 2327 3704 occurre-

756 3762 860 3813 ret,
924 3765 1074 3802 attna
1129 3751 1394 3801 adversus
1453 3745 1713 3797 Sanctum
1771 3742 2059 3810 arripiunt.
2109 3741 2323 3808 O'quo-

752 3845 917 3897 modo
947 3849 1252 3909 opportune
1277 3837 1681 3901 sanguinariam
1720 3834 1865 3887 illam
1912 3833 2323 3901 impressionem

752 3934 1130 3989 narraverint!
1200 3930 1407 3997 Lingua
1463 3928 1811 3997 sacrilegum,
1873 3936 2183 3990 cruentum,
2222 3926 2325 3978 itit-

752 4028 899 4095 piutu
937 4025 1105 4094 (quin
1169 4024 1372 4090 potius,
1434 4019 1742 4089 deicidam)
1820 4019 2105 4071 maledicto
2155 4019 2327 4086 jacta-

755 4119 907 4179 bant,
946 4130 1038 4167 ore
1069 4113 1404 4181 despuebant
1434 4130 1446 4164 :
1486 4112 1747 4173 calcibus,
1784 4111 1975 4179 pugnis
2005 4110 2324 4186 insilientes.

754 4207 999 4259 crinibus
1032 4206 1323 4257 trahebant
1357 4222 1369 4256 :
1405 4203 1556 4255 humi
1615 4201 2010 4265 distrahebant,
2060 4200 2326 4255 caedentes

754 4300 917 4368 lignis
937 4314 999 4351 ac
1029 4297 1296 4363 lapidibus
1332 4314 1343 4349 :
1385 4296 1572 4361 sicque
1605 4292 1927 4361 injuriarum
1958 4291 2104 4343 omni
2131 4306 2327 4359 genere

754 4403 915 4461 atque
948 4392 1236 4445 verberum
1264 4387 1539 4451 exsatiati,
1570 4385 1807 4439 civitatis
1840 4384 2053 4452 praesidi
2092 4383 2168 4452 (1))
2201 4398 2323 4435 eum

754 4487 1145 4540 adhibuerunt.
1482 4489 1488 4495 '

822 4580 910 4632 15.
939 4576 1332 4644 Stabatitaque
1365 4570 1624 4633 Sanctus,
1655 4578 1824 4623 totum
1848 4576 2023 4620 mente
2046 4565 2325 4620 Christum

754 4665 997 4726 indutus,
1035 4667 1182 4719 onmi
1214 4665 1265 4717 in
1300 4679 1423 4717 eum
1463 4663 1668 4735 intenta
1721 4660 1917 4712 tuentis
1950 4658 2085 4710 acie.
2124 4656 2197 4709 Ex
2231 4656 2326 4708 ad-

751 4776 911 4814 verso
945 4776 1071 4812 vero
1097 4766 1303 4811 stantes
1333 4755 1431 4807 viri
1460 4753 1781 4821 sanguiuum
1808 4766 1869 4804 ac
1894 4749 2089 4810 dolosi,
2116 4748 2322 4801 fortiter

752 4850 1105 4904 accusabant.
1148 4868 1164 4899 ι
1205 4847 1394 4908 Nobis,
1428 4844 1665 4905 aiebant,
1697 4856 1916 4911 praeses,
1950 4854 2053 4891 una
2091 4839 2159 4891 ob
2193 4854 2324 4891 oeu-

752 4944 835 4997 los
878 4942 1073 5011 gratia,
1114 4955 1219 4991 una
1267 4938 1407 4991 bona
1446 4934 1734 5002 faustaque
1779 4929 2129 5001 exspectatio,
2186 4932 2325 4987 Deus

753 5039 869 5104 ipse
916 5035 1249 5101 conspicuus
1282 5046 1344 5084 ac
1375 5028 1686 5097 spectabilis
1724 5036 1880 5090 erat;
1920 5024 2048 5087 alta,
2076 5024 2323 5092 pulchra,

755 5136 982 5179 venusta
1036 5126 1253 5191 lateque
1310 5137 1546 5190 expansa
1600 5117 1873 5171 frondium
1910 5131 2100 5170 coma:
2137 5129 2328 5183 nempe

752 5218 899 5270 foliis
934 5214 1313 5269 umbraeulum
1368 5210 1617 5281 pnebens
1646 5209 1921 5276 variisque
1952 5205 2227 5275 leporibus
2248 5204 2327 5257 ci-

750 5308 974 5360 vitatem
1009 5315 1250 5357 nostram
1287 5317 1541 5355 recreans
1585 5299 1996 5365 oblectansque.
2034 5295 2107 5359 Is,
2143 5310 2322 5363 quau-

750 5412 915 5466 quam
942 5396 1126 5447 arbori
1161 5410 1254 5463 per
1296 5392 1478 5445 omnia
1526 5390 1722 5444 similis
1754 5388 2189 5449 existimabatur,
2229 5386 2323 5438 ad-

752 5488 985 5542 nnrabdi
1033 5496 1210 5539 tamen
1252 5486 1447 5539 dceore
1473 5493 1525 5538 et
1571 5482 1758 5553 gratiis
1810 5481 2023 5535 cunctis
2059 5478 2321 5547 stirpibus

750 5582 1025 5636 eminebat
1052 5596 1065 5644 ;
1108 5579 1199 5633 sed
1230 5590 1284 5633 et
1312 5579 1391 5633 vis
1423 5578 1670 5644 quaedam
1700 5574 1886 5629 ellicax
1927 5589 1991 5627 ac
2031 5574 2217 5627 vivens
2244 5572 2319 5624 illi

2426 3570 2485 3622 τδ
2512 3570 2825 3639 παρατυχὸν
2861 3569 3078 3637 ἑκάστῳ
3104 3569 3266 3621 ὅπλον
3297 3568 3438 3621 κατά
3471 3567 3564 3620 τοῦ
3602 3567 3782 3635 Ἀγίου
3818 3569 4005 3620 ποιού-

2429 3679 2578 3731 μενοι
2612 3660 2676 3731 (ῶ
2702 3662 2815 3723 πῶς
2852 3660 2916 3713 ἂν
2939 3661 3166 3731 καιρίως
3181 3662 3278 3731 τὴν
3302 3661 3546 3730 φοινικὴν
3580 3662 3792 3729 ἐκείνην
3819 3660 4005 3712 ἐπίθε-

2430 3769 2512 3805 σιν
2547 3752 2925 3823 ὲξηγησαίμην
2947 3754 3090 3821 ;),τῇ
3114 3753 3328 3823 γλώττῃ
3360 3752 3457 3821 μὲν
3486 3752 3676 3805 τοῦτον
3698 3752 3999 3820 ἱερόσυλον,

2432 3845 2732 3913 μιαιφόνον,
2767 3843 2945 3906 ἄθεον,
2976 3842 3175 3912 μᾶλλον
3206 3844 3261 3895 δὲ
3302 3844 3578 3896 θεοκτόνον
3610 3842 3998 3911 ἐλοιδοροῦντο,

2426 3936 2503 4001 τῷ
2530 3935 2757 4005 στόματι
2781 3935 2835 3986 δὲ
2866 3935 3169 3987 κατέπτυω
3195 3949 3209 3962 ⁸
3242 3934 3338 3988 καὶ
3390 3938 3501 3997 τοῖς
3538 3937 3665 3987 ποσὶ
3706 3935 3834 3999 λὰξ,
3878 3939 4003 3998 ταῖς

2429 4029 2583 4097 χερσὶ
2603 4027 2657 4079 δὲ
2688 4028 2795 4091 πὺξ
2824 4026 3192 4095 ἐναλλόμενοι.
3224 4022 3403 4079 εἷλκον
3432 4026 3541 4079 τῶν
3572 4027 3790 4097 τριχῶν,
3827 4028 4004 4082 ἐσπά-

2430 4135 2629 4188 ρασσον
2656 4118 2795 4169 κατά
2829 4117 2953 4187 γῆς,
2995 4119 3109 4180 τοῖς
3156 4115 3337 4182 ξύλοις
3391 4118 3665 4181 παίοντες,
3692 4120 3801 4180 τοῖς
3832 4118 4006 4181 λίθοις

2430 4210 2737 4286 βάλλοντες,
2771 4208 2862 4261 καὶ
2901 4208 3043 4261 οὕτω
3068 4208 3429 4272 παντοδαπῶς
3456 4210 3613 4261 αὑτὸν
3636 4208 4003 4278 αἰκισάμενοι,

2426 4304 2503 4371 τῷ
2536 4304 2634 4373 τῆς
2666 4303 2871 4365 πόλεως
2907 4302 3135 4371 ἡγεμόνι
3166 4302 3602 4372 παρεστήσαντο.

2506 4559 2582 4614 ιε’.
2619 4561 2882 4631 Εἱστήκει
2909 4561 2964 4612 δὲ
2998 4561 3023 4610 ὁ
3057 4560 3301 4628 Μάρτυς,
3334 4558 3453 4610 ὅλον
3484 4557 3683 4626 νοερῶς
3717 4555 4004 4624 ἐνδεδυμέ-

2430 4668 2518 4713 νος
2572 4651 2825 4719 Χριστὺν,
2883 4650 3011 4718 ὃλην
3061 4649 3195 4721 πρὸς
3232 4648 3394 4701 αὑτὸν
3447 4646 3745 4699 ἀνατείνων
3772 4644 3867 4697 τοῦ
3905 4645 4004 4697 νοῦ

2428 4744 2524 4813 τὴν
2557 4746 2729 4813 ῥοπήν
2762 4759 2773 4771 ·
2804 4740 2864 4807 ἐξ
2900 4744 3147 4805 ἐναντίας
3197 4742 3252 4795 δὲ
3300 4742 3492 4794 τούτου
3529 4740 3722 4808 ἄνδρες
3754 4740 4006 4806 αἱμάτων

2430 4837 2521 4889 καὶ
2588 4836 2889 4905 δολιότητος
2968 4835 3271 4902 ἱστάμενοι,
3330 4833 3561 4894 εὐτόνως
3632 4831 4003 4899 κατηγόρουν,

2436 4946 2452 4978 ι
2504 4928 2689 4996 Ἡμῖν,
2748 4927 3021 4993 λέγοντες,
3073 4920 3118 4978 ὦ
3169 4924 3394 4994 ἠγεμδν,
3440 4924 3538 4993 μία
3589 4923 3687 4991 μὲν
3740 4923 3896 4991 χάρις
3946 4925 4005 4974 ἐν

2429 5019 2753 5087 ὀφθαλμοῖς,
2792 5018 2889 5086 μία
2937 5016 2993 5067 δὲ
3049 5015 3345 5085 προσδοκία
3376 5014 3553 5084 ἀγαθὴ
3586 5016 3612 5065 ό
3643 5013 4007 5083 περίϐλεπτος

2431 5112 2641 5179 ὑπῆρχε
2670 5109 2831 5170 Θεός·
2866 5109 2894 5159 ό
2938 5108 3225 5175 ύψίκομος,
3279 5106 3307 5156 ὁ
3347 5104 3599 5174 εὖκομος,
3631 5106 3659 5157 ό
3691 5103 4007 5173 πανώραιος

2431 5204 2525 5255 καὶ
2551 5201 2782 5269 εὐθαλὴς
2801 5217 2813 5230 ·
2842 5202 2867 5252 ὁ
2887 5202 2996 5260 τοῖς
3020 5198 3234 5267 φύλλοις
3254 5197 3618 5267 περισκέπων,
3642 5198 3734 5249 καὶ
3751 5196 4008 5263 ἀγλαΐαις

2431 5292 2703 5354 ποικίλαις
2720 5292 2814 5359 τὴν
2834 5288 3271 5359 ἡμετέρανμπόλιν
3291 5286 3634 5356 ψυχαγωγῶν
3655 5288 3747 5337 καὶ
3769 5286 4008 5338 ἀνακτώ-

2434 5401 2622 5454 μενοςο
2670 5384 2726 5446 ὃς
2784 5384 2831 5435 εί
2886 5382 2978 5434 καὶ
3017 5381 3215 5450 δένδρῳ
3252 5380 3614 5450 παρεμφερὴς
3669 5380 4005 5447 νενόμισται,

2431 5476 2564 5539 ἀλλά
2586 5476 2803 5528 πάντων
2838 5476 2959 5535 ταῖς
2996 5474 3338 5541 θαυμασταῖς
3363 5472 3687 5541 ὼραιότησιν
3736 5472 4012 5541 ὑπεξῃρη-

2429 5586 2516 5621 ται
2542 5570 2743 5637 φυτῶν·
2768 5567 2902 5621 ἀλλὰ
2930 5565 3270 5633 καὶδύναμις
3296 5564 3516 5635 ἐνεργὸς
3538 5566 3627 5616 καὶ
3653 5564 3801 5627 ζῶσα
3829 5563 4011 5633 τούτῳ

824 5790 1181 5861 (9)l‘r:esidis
1215 5803 1409 5841 nomen
1437 5783 1759 5853 exprimitur
1818 5783 1868 5833 in
1903 5778 2221 5861 .llenologiq
2266 5774 2471 5841 Sirlcti,
2527 5772 2931 5843 Martyrologio,
2986 5787 3047 5827 ac
3131 5785 3264 5826 mss.
3324 5768 3527 5825 nostris
3592 5767 3830 5833 Grzceis;
3915 5768 4014 5823 sed

758 5850 954 5932 ubique
985 5878 1107 5915 cum
1142 5861 1322 5928 aliquo
1353 5850 1683 5919 discrimine,
1733 5863 1787 5906 ut
1821 5853 2000 5905 netmi
2042 5858 2173 5919 inst.
2209 5850 2276 5916 Ι).
