4186 6434
217 438 241 494 4
252 437 319 498 33

780 442 1061 499 t'lll.\'l‘lt)
1104 443 1259 503 XIX.
1290 469 1352 478 ——
1387 443 1462 502 ΙΝ
1495 442 1792 502 LAUDEM

1895 487 1904 500 .
1956 441 2371 502 IlY.-\Cl.\"l'lll
2416 443 2871 505 AMASPHENI.
3360 447 3459 508 421

221 550 629 620 παρεδρεύουσα
682 552 780 604 οὐκ
820 553 966 606 ἔστιν
990 556 1170 607 ὅντινα
1223 556 1326 608 τῶν
1370 555 1520 626 αὐτῷ
1547 556 1792 626 προσιόν-

1897 553 2170 618 assidens,
2195 554 2448 623 quisquis
2481 554 2548 607 ad
2581 569 2703 609 eum
2730 554 3034 618 accederet,
3075 556 3349 624 pratclaris
3369 560 3460 612 be-

216 661 320 694 τιυν
377 648 438 696 ού
478 645 760 712 λαμπραῖς
825 646 1188 715 ἐφιλοτιμεῖτο
1231 648 1603 718 εὐεργεσίαις·
1641 650 1793 716 ἄφνω

215 736 266 788 δὲ
297 735 486 787 τοῦτον
520 730 674 798 οὗτος
706 739 733 786 ὁ
758 738 1190 806 ἀπονενοημένος
1223 740 1422 803 ὲξέτιλε
1455 741 1659 809 γέριοψ
1696 743 1792 808 τῆς

219 830 424 888 πόλεως
453 829 714 898 ἀπέκειρε
769 833 866 898 τὴν
924 832 1223 898 χαρμονὴν,
1278 835 1376 900 τῆς
1423 832 1603 901 χώρας
1639 831 1792 899 ἡμῶν

219 919 435 986 ἐξέτεμε
458 923 523 987 τῇ
556 921 711 991 ἀξίνῃ
761 920 819 972 τὸ
868 923 1155 990 γαυρίαμα
1182 939 1193 952 ο
1232 925 1312 975 διὸ
1349 926 1441 974 καὶ
1475 924 1553 992 τῷ
1587 924 1662 992 σῷ
1698 925 1792 992 βή-

220 1031 343 1078 ματι
412 1011 600 1063 τοῦτον
655 1014 1106 1082 παρεστήσαμεν,
1160 1017 1258 1084 τῆς
1305 1016 1602 1086 θεομαχίας
1637 1015 1793 1079 ἀξίας

218 1103 527 1155 ἑκτιννύντα
560 1104 734 1166 δίκας.
778 1125 797 1156 ι

290 1220 392 1276 ις’.
435 1214 774 1278 Ἐνδοθέντος
806 1216 861 1270 δὲ
891 1218 968 1287 τῷ
1013 1217 1284 1288 Ὑακίνθῳ
1339 1221 1405 1273 τά
1460 1220 1582 1272 καθ’
1631 1223 1793 1274 aut?”

216 1304 618 1371 ἀπολογεῖσθαι,
645 1323 662 1354 ι
717 1307 856 1373 Ἐγὼ
898 1308 1018 1376 μὲν,
1048 1303 1201 1362 εἶπεν
1246 1311 1553 1374 ὑπολαϐὼν,
1583 1307 1626 1364 ὦ
1655 1314 1791 1383 κρά-

216 1414 358 1449 τιστε
406 1397 631 1467 ήγεμὺν,
666 1399 726 1451 τὸ
742 1398 958 1468 δένδρον
983 1401 1346 1468 ὲκκεκοφέναι
1376 1402 1530 1456 τοῦτο
1559 1423 1791 1474 συνομο-

217 1488 353 1554 λογῶ
374 1505 388 1516 ·
423 1490 518 1541 καὶ
547 1488 607 1540 οὗ
639 1507 756 1554 πως
775 1491 840 1544 ἂν
869 1490 1137 1563 δυναίμην
1161 1493 1221 1544 τὸ
1251 1492 1444 1563 ἀληθὲς
1474 1496 1752 1564 ἀρνεῖσθαι
1776 1514 1792 1530 ο

217 1580 272 1630 οὔ
305 1580 569 1651 κακονοίᾳ
617 1581 674 1634 δὲ
723 1582 883 1634 τοῦτο
916 1584 1292 1653 πεπραχέναι·
1335 1585 1449 1637 ἀλλ’
1493 1586 1682 1656 ἐπειδὴ
1733 1587 1794 1639 τὸ

219 1670 551 1740 ὑπερϐάλλον
585 1673 685 1741 τῆς
738 1673 944 1744 πλάνης
971 1675 1070 1728 οὐκ
1114 1674 1370 1744 ἔστεργον
1418 1678 1571 1747 όρᾷν,
1597 1678 1676 1731 ὅτι
1703 1679 1795 1731 ἀν-

219 1761 423 1830 θρωττοι
454 1766 810 1832 τετιμημένοι
865 1767 1029 1835 λόγῳ,
1078 1766 1167 1819 τὸν
1227 1767 1357 1820 ἴδιον
1394 1766 1661 1838 πλάστην,
1701 1769 1794 1822 καὶ

219 1854 301 1907 τοῦ
323 1856 559 1926 ούρανοῦ
617 1858 708 1909 καὶ.
758 1860 862 1925 γῆς
907 1858 1137 1925 ἀφέντες
1181 1859 1270 1912 τὸν
1312 1859 1564 1932 ποιητὴν,
1597 1861 1658 1914 τδ
1684 1861 1792 1915 τῶν

219 1947 372 2000 αὑτοῦ
432 1950 748 2017 κτισμάτων
783 1951 1194 2021 ἐλαχιστῦτερον
1237 1952 1606 2017 θεοποιοῦντες
1637 1954 1793 2006 λελα-

220 2040 500 2108 τρεύκασι.
538 2041 602 2092 Τί
627 2041 734 2110 γάρ
763 2042 850 2093 τού
879 2043 983 2093 ἀπὸ
1002 2043 1102 2112 γῆς
1129 2044 1514 2114 άναδιδομένου
1551 2046 1794 2115 σήμερον

221 2130 388 2195 ξύλου,
430 2132 524 2184 καὶ
556 2133 764 2184 πολλῶν
799 2133 968 2196 ξύλων
1025 2137 1349 2206 ἀτιμοτέρου
1405 2139 1496 2188 καὶ
1533 2138 1794 2204 φαυλοτέ-

221 2241 326 2292 pou,
356 2225 436 2286 ὡς
458 2226 732 2292 ἀκάρπου,
773 2227 803 2296 ἢ
837 2229 1212 2299 κακοκάρπου,
1241 2231 1332 2282 καὶ
1373 2232 1486 2298 μετ’
1517 2230 1694 2297 ὀλίγον
1715 2232 1793 2295 είς

222 2315 322 2383 πῦρ
357 2317 716 2386 βαλλομένου,
761 2321 1171 2388 ταπεινότερονς
1226 2321 1397 2374 Τοῦτο
1474 2323 1604 2390 γοῦν
1649 2323 1792 2395 ὁρῶν

221 2409 709 2478 προσκυνούμενον,
729 2413 822 2463 καὶ
843 2412 1069 2464 πλεῖστα
1089 2413 1189 2480 τῆς
1208 2414 1552 2484 ἀνθρωπίνης
1572 2417 1794 2484 ἀγνοίας

220 2501 597 2568 κατεγνωκὼς,
628 2504 720 2553 καὶ
753 2503 1149 2572 φιλανθρώπως
1199 2505 1511 2572 ἐζηλωκὼς,
1557 2509 1679 2561 ἐπεὶ
1718 2510 1792 2580 μὴ

220 2585 317 2653 οἷός
341 2608 397 2642 τε
421 2593 621 2658 γέγονα
646 2593 825 2658 λόγοις
854 2595 948 2662 τῆς
981 2595 1183 2665 σαθρᾶς
1217 2598 1429 2660 ἐλπίδος
1461 2600 1789 2669 ἀποστῆσαι,

227 2683 362 2752 ἔργῳ
401 2685 631 2747 τούτους
671 2685 844 2736 πείθω
874 2686 1078 2748 λοιπὸν,
1134 2689 1205 2750 ὡς
1257 2690 1482 2758 οὐδεμία
1521 2691 1596 2759 τῷ
1637 2693 1791 2744 άναι-

223 2774 392 2843 δθῧτῳ
445 2774 702 2843 δύναμις.
751 2774 875 2827 οὔτε
915 2777 1050 2844 πρὸς
1095 2781 1438 2845 κακοποιίαν,
1487 2781 1608 2835 οὔτε
1660 2787 1791 2852 πρδς

223 2866 541 2934 εὐεργεσίαν
583 2867 818 2930 οὐδενὸς,
878 2869 971 2921 καὶ
1022 2873 1117 2938 τῆς
1157 2873 1406 2943 ὀλεθρίας
1449 2875 1654 2944 πλάνης
1695 2878 1791 2946 τὴν

225 2958 490 3023 πρόφασιν
536 2957 938 3027 περιελόμενος,
987 2961 1248 3014 ὁδοποιεῖν
1274 2981 1362 3032 μοι
1403 2966 1604 3029 πάντας
1651 2968 1792 3020 δοκὼ

226 3047 348 3116 πρὸς
397 3050 740 3111 θεοσέϐειαν,
795 3049 938 3103 ὥστε
1001 3053 1094 3104 τὸν
1147 3053 1254 3105 τῶν
1297 3053 1433 3107 ὅλων
1473 3058 1790 3123 ἐπιγνόντος

223 3139 361 3202 Θεὸν,
395 3142 492 3194 καὶ
522 3141 611 3194 τὸν
637 3146 900 3212 μονογενῆ
929 3146 1092 3198 αὐτοῦ
1122 3148 1265 3211 Υἱὸν,
1292 3149 1382 3199 τὸν
1406 3151 1603 3219 Κύριον
1634 3152 1789 3219 ἡμῶν

1896 646 2102 700 neiiciis
2159 661 2221 701 ac
2271 647 2588 701 muneribus
2642 649 2928 718 magniﬁce
2984 649 3240 703 donabat.
3313 648 3467 705 Ilunc

1896 750 2172 793 momento
2205 741 2546 794 demenlatus
2596 739 2683 795 hic
2731 755 2896 795 senex
2960 742 3160 796 evulsit
3191 760 3204 795 :
3231 742 3467 797 civitatis

1894 830 2148 899 gaudium
2177 832 2400 894 excidit,
2430 833 2719 899 provincia:
2749 844 2950 887 nostra:
2975 833 3350 903 gloriationem
3382 849 3468 890 sc-

1899 923 2020 976 ruz‘i
2054 926 2373 994 amputavit.
2407 924 2609 978 Idcirco
2637 926 2798 977 etiam
2841 935 2932 978 tuo
2988 928 3164 996 ipsum
3211 927 3464 982 tribunali

1897 1015 2161 1079 stitiinns,
2212 1026 2268 1070 ut
2322 1016 2616 1084 impietatis
2653 1017 2875 1087 laesique
2910 1018 3146 1072 numinis
3195 1019 3466 1087 condigna

1898 1105 2100 1159 ultione
2134 1105 2310 1174 pomis
2341 1106 2684 1173 subjiciatur.
2737 1125 2754 1158 ι

1969 1219 2052 1270 16.
2115 1217 2274 1273 Facta
2335 1233 2462 1272 vero
2523 1217 2824 1288 llyacintho
2885 1235 2983 1289 pro
3018 1219 3198 1288 seipso
3251 1218 3467 1274 satisfa-

1896 1303 2070 1356 εἰοικΙὶ
2123 1305 2381 1368 licentia,
2441 1323 2458 1354 ι
2499 1305 2607 1373 Ego
2665 1321 2838 1370 sane,
2905 1309 3214 1375 respondit,
3267 1309 3467 1376 optimc

1895 1410 2117 1464 praeses,
2154 1395 2424 1449 excidisse
2461 1412 2546 1450 me
2589 1397 2836 1452 arborem
2881 1398 3162 1462 conﬁteor,
3202 1415 3298 1452 nec
3343 1415 3469 1467 pns-

1895 1487 1996 1540 sim
2031 1503 2266 1554 unquam
2314 1488 2592 1542 veritatem
2639 1505 2855 1558 negare.
2906 1490 3062 1544 Nullo
3110 1501 3288 1546 tamen
3327 1493 3468 1544 malo

1896 1577 2080 1631 animo
2141 1580 2228 1632 aio
2305 1595 2391 1634 me
2457 1596 2570 1634 rem
2622 1581 2761 1635 hanc
2813 1584 3169 1651 praestitisse,
3228 1585 3320 1638 sed
3372 1585 3462 1653 qui

1895 1673 2099 1725 erroris
2177 1673 2619 1740 exsuperantiam
2693 1674 2877 1727 videre
2935 1691 3042 1728 non
3099 1677 3463 1739 sustinerem;

1899 1763 2147 1817 homines
2182 1763 2392 1817 scilicet
2434 1763 2644 1818 ratione
2682 1776 2927 1829 ornatos,
2977 1782 3043 1820 eo
3097 1768 3322 1830 omisso,
3374 1767 3465 1835 qui

1896 1854 2170 1917 formavit,
2203 1855 2438 1924 emtique
2466 1871 2529 1910 ac
2560 1864 2714 1910 terra:
2743 1858 2992 1911 conditor
3026 1859 3254 1920 exstitit,
3285 1875 3465 1911 rerum

1898 1947 2015 2017 ipso
2040 1958 2261 2001 auctore
2301 1947 2352 2002 in
2392 1963 2569 2002 rerum
2603 1957 2798 2001 natura
2829 1949 3158 2001 exstantium
3198 1949 3464 2011 inﬁmam,

1895 2039 2096 2095 dcitate
2153 2040 2444 2102 donatam,
2507 2039 2706 2093 divinis
2763 2040 2978 2094 auxisse
3041 2041 3359 2101 honoribus,
3404 2059 3466 2093 ac

1895 2133 1970 2187 illi
2004 2132 2258 2186 servisse.
2284 2131 2424 2196 Quid
2450 2132 2618 2195 enim,
2645 2133 2856 2194 amabo,
2883 2147 2942 2184 ca
2969 2133 3226 2185 humilius
3246 2133 3460 2195 arbore,

1895 2239 2016 2292 qua:
2046 2223 2207 2277 hodie
2245 2239 2274 2278 e
2306 2232 2446 2277 terra
2482 2238 2730 2292 surgens,
2769 2224 2952 2276 multis
2984 2224 3137 2292 longe
3177 2225 3464 2276 arboribus

1897 2314 2186 2383 ignobilior
2224 2315 2294 2370 sit
2327 2331 2390 2369 ac
2422 2315 2679 2379 deterior,
2723 2325 2780 2368 ut
2823 2331 2942 2384 quae
2989 2315 3340 2380 inlruetilera,
3372 2327 3465 2370 aut

1895 2409 2162 2462 malorum
2232 2407 2380 2462 ferax
2443 2407 2738 2471 fructuum,
2795 2410 2957 2477 paulo
3017 2417 3138 2477 post
3178 2411 3229 2462 in
3285 2411 3462 2478 ignem

1897 2500 2187 2554 mittatur?
2247 2498 2397 2554 llanc
2451 2501 2631 2570 itaque
2696 2501 2796 2555 coli
2850 2518 2913 2555 ac
2965 2499 3180 2554 addi-ari
3246 2502 3458 2563 videns,

1896 2607 1960 2644 ac
2008 2605 2170 2659 quam
2217 2606 2358 2660 πει-ο
2404 2591 2696 2646 humanam
2745 2608 2864 2646 eam
2924 2592 3215 2646 amentiam
3267 2592 3462 2653 ferens,

1898 2682 2331 2751 bumauiorcquc
2365 2683 2559 2737 all‘eetu
2604 2685 2910 2744 mundatus,
2948 2683 3092 2751 quol
3129 2682 3305 2737 verbis
3360 2698 3463 2734 non

1897 2773 2066 2834 lenit,
2123 2784 2245 2828 uta
2293 2773 2602 2828 frustranea
2651 2790 2746 2828 eos
2803 2789 2896 2841 spe
2943 2789 3250 2836 avocarent,
3304 2788 3465 2843 opere

1889 2865 1999 2932 jam
2036 2865 2115 2918 ﬁd-
2141 2882 2191 2918 m
2233 2867 2368 2920 facio
2398 2883 2459 2921 ac
2495 2869 2717 2933 suadeo,
2747 2869 2949 2921 nullam
2997 2867 3070 2921 rei
3105 2868 3282 2922 inesse
3333 2868 3464 2934 vim,

1898 2967 1955 3010 ut
1991 2958 2072 3010 vel
2107 2958 2353 3012 malelieii
2388 2960 2588 3029 aliquid
2643 2961 2862 3030 irrogrt,
2907 2968 3001 3014 aut
3049 2959 3292 3013 beneﬁcii
3327 2975 3466 3028 pne-

1895 3061 2020 3115 stet,
2046 3068 2168 3120 qua:
2205 3052 2319 3121 ipsa
2353 3053 2501 3106 omni
2528 3069 2723 3108 sensus
2757 3054 2806 3107 vi
2839 3069 3063 3123 prorsus
3092 3054 3415 3107 destituatur
3449 3071 3463 3116 ;

1893 3145 2216 3213 sublatoque
2255 3146 2467 3202 exitiosi
2523 3147 2724 3202 erroris
2771 3156 3050 3216 praetextu,
3102 3145 3293 3214 pra-ire
3349 3160 3466 3197 our-

232 3231 426 3298 Ἰησοῦν
461 3235 721 3303 Χριστὸν,
764 3237 912 3305 αὑτῴ
947 3240 1298 3306 τροσκυνείν,
1334 3239 1482 3310 αὐτῷ
1517 3242 1663 3311 μόνῳ
1693 3243 1778 3294 λα-

1897 3236 2054 3288 uibus
2085 3235 2151 3288 ad
2183 3224 2455 3304 pietatem,
2488 3236 2693 3300 videor,
2751 3246 2809 3289 ut
2871 3236 3246 3290 universorum
3281 3234 3464 3302 agnito

221 3325 420 3392 τρ;ύειν
452 3329 516 3378 ἐν
548 3325 828 3397 ΙΙνεύματι
862 3329 1024 3399 ἁγίῳ.
1055 3348 1074 3379 ι

284 3581 363 3645 ιζ’.
412 3581 575 3635 Ἐπεὶ
604 3586 810 3634 τούτοιν
849 3584 1080 3638 ἀκοῦσαι
1142 3587 1231 3638 τὸν
1269 3589 1511 3656 ἡγεμόνα
1558 3588 1666 3640 τῶν
1696 3593 1794 3659 ρη-

223 3675 414 3739 μάτων,
455 3674 679 3742 πρῶτον
706 3675 804 3742 μὲν
843 3678 978 3726 κατά
1002 3679 1102 3746 γῆς
1128 3678 1290 3728 αὺτὸν
1339 3680 1656 3744 ἐκταθέντα,
1697 3681 1790 3744 ξύ-

221 3764 318 3827 λοις
352 3767 571 3835 ἀγρίοις
639 3766 1037 3832 μαστιγοῦσθαι
1090 3767 1391 3831 διετάξατο.
1431 3773 1551 3824 Ἐπὶ
1580 3773 1714 3824 πολὺ
1735 3775 1791 3826 δὲ

220 3857 304 3918 τὰς
341 3859 553 3928 σάρκας
587 3857 928 3928 ξαινομένου,
967 3861 1057 3912 καὶ
1091 3861 1160 3913 τὰ
1195 3863 1328 3915 ὀστᾶ
1357 3864 1656 3934 θλωμένου,
1697 3870 1792 3920 καὶ

219 3948 286 4015 τῷ
330 3951 529 4018 αἵματι
587 3951 888 4020 βάπτοντος
927 3951 1026 4018 τὴν
1052 3953 1156 4022 γῆν
1179 3970 1192 3982 ’
1236 3956 1491 4025 οὐδεμίαν
1518 3958 1571 4010 δὲ
1609 3960 1792 4027 φωνὴν

218 4037 495 4105 ἀφιέντοςο
533 4039 716 4110 ἡσυχῆ
746 4040 801 4092 δὲ
839 4041 972 4108 πρὶς
1001 4042 1090 4092 τὸν
1123 4043 1324 4113 Κύριον
1365 4045 1659 4110 ἐξέστῶτος
1700 4049 1794 4118 ’1η-

221 4130 354 4192 σοῦν,
391 4132 485 4184 καὶ
523 4131 922 4200 ἀνεκλαλήτοις
969 4135 1117 4204 αὐτῷ
1153 4115 1485 4205 προόενχαῑς
1526 4139 1790 4207 ἐντυγχάο

219 4240 383 4284 νοντος
410 4241 422 4253 ο
455 4226 555 4276 καὶ
585 4224 844 4293 εὐμαρῶς
867 4225 962 4288 τὰς
1000 4227 1182 4289 αἰκίας
1226 4228 1613 4298 ὑποφέροντος,
1645 4231 1672 4281 ὁ
1703 4231 1795 4301 δῆ·

221 4331 307 4381 μος
332 4315 644 4384 ἐπεφώνει*
701 4316 869 4369 Κάλει
923 4319 1012 4370 τὶν
1048 4320 1264 4388 δήμιον,
1292 4314 1336 4372 ὧ
1377 4321 1603 4390 ἠγεμὸν,
1638 4323 1792 4376 κάλει

218 4409 297 4460 τὸν
347 4413 475 4468 τοὺς
530 4411 753 4472 ὀδόντας
796 4412 1167 4481 ἐκριζώσοντα
1205 4430 1218 4443 ’
1274 4417 1462 4485 ὥσπερ
1511 4411 1665 4479 οὗτος
1707 4419 1793 4483 ἐξ·

221 4495 365 4566 ἔκοψε
399 4499 493 4551 τδν
527 4499 803 4569 ἡμέτερον
851 4501 1004 4562 Θεὸν,
1046 4501 1217 4564 οὓτως
1264 4505 1431 4558 αὑτοῦ
1481 4508 1526 4557 oi
1582 4507 1790 4569 ὀδόντες

1900 3325 2027 3387 Deo,
2061 3326 2288 3395 ejusque
2320 3327 2598 3396 unigenito
2644 3327 2798 3392 Filio,
2845 3327 3071 3380 Domino
3119 3334 3306 3378 nostro
3337 3325 3464 3379 Jcsu

1894 3415 2132 3484 Christo,
2194 3431 2317 3471 eum
2379 3419 2627 3482 adorent,
2687 3418 2898 3488 ipsique
2955 3417 3055 3472 soli
3110 3417 3350 3470 serviant
3411 3417 3464 3469 in

1897 3508 2100 3578 Spiritu
2131 3519 2322 3563 sancto
2353 3510 2484 3578 (l0).
2529 3529 2546 3560 ι

1967 3600 2052 3654 Π.
2122 3598 2248 3654 Haec
2309 3615 2511 3669 prn‘scs
2570 3602 2727 3653 verba
2777 3599 2865 3652 ubi
2925 3598 3173 3660 inaudiit,
3228 3597 3462 3665 primum

1895 3691 2046 3744 Immi
2098 3691 2413 3754 distentum,
2469 3692 2631 3756 virgis
2674 3691 2979 3760 agrestibus
3023 3689 3154 3744 caedi
3213 3692 3459 3758 imperat.

1895 3782 2142 3851 Cumque
2172 3782 2263 3835 ditt
2304 3783 2642 3848 multumque
2681 3783 2824 3833 illius
2869 3795 3062 3834 carnes
3103 3779 3464 3832 dilacerarcu-

1896 3882 2006 3939 tur,
2048 3888 2280 3942 ossaque
2325 3873 2808 3936 contmnlerentur,
2846 3888 2907 3925 ac
2949 3882 3088 3924 terra
3123 3886 3315 3924 eruere
3349 3885 3465 3923 ma-

1895 3968 2161 4027 descerct,
2193 3980 2288 4019 nec
2339 3965 2425 4017 ille
2473 3965 2633 4017 ullam
2687 3965 2920 4016 tnitteret
2975 3978 3184 4025 vocem,
3252 3962 3346 4014 sed
3398 3960 3469 4013 si-

1897 4058 2062 4112 lentio
2123 4058 2174 4109 in
2229 4055 2516 4110 Dominum
2576 4053 2762 4108 Jcsunt
2817 4054 3121 4114 excederet,
3185 4051 3468 4119 tacitisque

1895 4149 2149 4218 precibus
2180 4164 2242 4202 ac
2277 4149 2412 4202 votis
2447 4147 2522 4198 illi
2555 4147 2888 4215 supplicans,
2934 4146 3140 4210 placide
3173 4144 3461 4198 verberum

1893 4243 2376 4296 dehonestamenta
2408 4238 2676 4301 suﬂ‘erret,
2703 4240 2934 4306 populus
2959 4236 3226 4288 clamabat
3255 4253 3266 4287 :
3300 4232 3461 4296 Voca,

1898 4348 2114 4399 pratses,
2178 4331 2538 4395 carniﬁcem;
2595 4344 2729 4383 voca
2789 4330 2880 4396 qui
2935 4327 3124 4380 dentes
3179 4326 3466 4378 evuisurus

1896 4423 1984 4476 sit.
2043 4422 2508 4488 Quemadmodum
2565 4422 2663 4474 iste
2699 4419 2862 4472 Deum
2914 4428 3156 4470 nostrum
3209 4415 3464 4476 stu-cidit,

1894 4515 2039 4567 illius
2112 4514 2431 4567 excidantur
2474 4513 2682 4574 dentes,
2738 4512 2908 4563 terrea
2953 4507 3151 4576 forcipe
3211 4507 3468 4560 radit-itus

220 4590 692 4654 ὲκκοπτέσθωσαν,
709 4592 900 4663 σιδηρᾷ
924 4594 1098 4646 λαόίδι
1116 4593 1326 4665 ῥιζόθεν
1351 4597 1786 4664 ὀρνττέσθωσαν.

1895 4606 2238 4660 eflodiantur.
2295 4605 2474 4674 anue
2532 4607 2748 4658 dennun
2787 4603 2935 4655 ferali
2991 4601 3253 4654 sententia
3303 4601 3353 4651 in
3404 4613 3470 4652 eo

221 4682 318 4736 Καὶ
339 4683 545 4751 ταύτης
587 4684 677 4737 ἐπ’
705 4685 850 4754 αύτῷ
876 4687 1050 4756 πέρας
1082 4688 1180 4756 τῆς
1214 4689 1542 4756 ἀποφάσεως
1593 4689 1786 4743 λαϐού-

222 4790 327 4843 σης,
356 4777 465 4828 οὐδ’
497 4775 682 4838 οὕτως
742 4777 792 4829 οἱ
843 4777 1199 4848 ἐμϐρόντητοι
1251 4780 1414 4850 δῆμοι
1446 4781 1544 4850 τῆς
1593 4784 1789 4852 μανίας

220 4868 578 4936 καθυφίεσανσ
634 4865 788 4933 αὖθις
837 4869 894 4922 δὲ
933 4870 1121 4923 τοῦτον
1159 4872 1551 4942 δεσμούμενον,
1591 4877 1790 4945 τρόπον

221 4959 415 5029 δένδρου
472 4963 767 5026 κοπέντος,
817 4963 1229 5032 σπαράσσεσθαι
1283 4981 1341 5016 τε
1396 4966 1488 5018 καὶ
1529 4967 1787 5037 σύρεσθαι

222 5054 344 5103 κατά
368 5055 465 5121 τῆς
519 5053 633 5121 γῆς
683 5052 851 5104 ὲῢόων
881 5068 895 5081 ·
932 5052 1289 5122 ἐξελκόμενόν
1320 5072 1380 5108 τε
1427 5058 1526 5126 τῆς
1557 5056 1784 5120 πόλεως,

222 5144 565 5197 ἐκκεντὶσθαι
590 5143 860 5212 καλάμοις
880 5144 1046 5208 ὀξέσι,
1061 5146 1155 5196 καὶ
1177 5145 1344 5209 λίθοις
1367 5147 1756 5201 καταλεύεσθαε
1771 5189 1784 5201 .

231 5233 366 5286 Ἐπεὶ
387 5236 440 5286 δὲ
479 5237 640 5307 πᾷσα
685 5234 836 5296 τέλος
884 5235 971 5286 ἐπ’
999 5235 1148 5306 αὑτῷ
1181 5236 1213 5306 ἡ
1253 5237 1536 5306 μιαιφόνος
1562 5238 1787 5308 εἴληφεν

223 5323 348 5392 ὁρμὴ
407 5326 502 5376 καὶ
567 5323 760 5394 βουλὴ.
786 5323 876 5376 τὸν
927 5325 1024 5392 μὲν
1056 5323 1229 5387 οὕτως
1267 5325 1508 5395 ἀνηλεῶς
1539 5327 1789 5379 καταικί-

226 5431 414 5482 σαντες,
450 5421 546 5472 καὶ
578 5420 746 5487 ἄχρις
801 5418 1001 5490 ὀφρύος
1045 5417 1140 5472 τοῦ
1173 5418 1332 5489 ὄρους
1378 5419 1790 5485 ἐξελκύσαντες,

227 5507 316 5562 aus
347 5510 594 5580 κεφαλῆς
626 5510 683 5561 δὲ
720 5507 880 5580 μέχρι
912 5509 1088 5562 ποδῶν
1113 5509 1170 5564 ἓν
1198 5511 1420 5582 τραῦμα
1443 5511 1634 5564 τοῦτον
1657 5512 1793 5565 ἀπο-

285 5709 386 5772 lltt)
422 5708 547 5762 llaec
573 5708 866 5777 expressio
893 5707 942 5760 in
963 5706 1288 5777 quibusdam
1306 5704 1509 5762 Graecis
1532 5715 1783 5776 suspecta

229 5789 321 5837 nt;
355 5781 460 5832 into
490 5783 564 5833 ub
602 5795 729 5834 eam
761 5778 994 5832 Basilius
1028 5779 1080 5831 in
1129 5777 1493 5846 suspicionem
1555 5786 1784 5831 vocatus

231 5850 333 5902 luit.
361 5850 451 5904 llic
487 5861 680 5905 tamen
716 5849 971 5918 loquendi
1005 5849 1199 5902 modus
1230 5847 1358 5902 viris
1393 5847 1560 5918 probe
1586 5849 1776 5902 catho-

1897 4703 2134 4752 exercita
2167 4707 2326 4768 atque
2353 4699 2586 4768 expleta,
2641 4714 2706 4750 ne
2739 4696 2819 4748 sic
2867 4693 3086 4762 quidem
3141 4691 3326 4760 perciti
3375 4703 3462 4758 po-

1897 4794 2009 4863 puli
2077 4793 2276 4846 furoris
2326 4793 2619 4860 quidquam
2676 4789 3021 4842 remiserunt.
3073 4785 3283 4839 Rursus
3341 4799 3468 4836 vero

1898 4886 2162 4945 vinctum,
2204 4885 2523 4952 arborisque
2590 4883 2642 4936 in
2697 4881 2916 4934 modum
2961 4879 3217 4940 concisse,
3271 4876 3470 4930 discer-

1898 4973 2134 5042 pendum
2199 4973 2459 5041 humique
2508 4971 2863 5039 raptandum,
2927 4968 3287 5021 occinehant:
3339 4965 3471 5019 urbe

1896 5065 2132 5134 denique
2167 5071 2494 5128 extractum,
2519 5062 2694 5115 aeutis
2727 5060 3080 5128 sulligendnm
3109 5055 3466 5110 arundinibus

1887 5169 1953 5207 ac
1984 5155 2253 5224 lapidibus
2300 5152 2653 5208 obruendum.
2707 5151 3005 5214 Postremo,
3051 5148 3141 5202 ubi
3171 5146 3351 5200 omnis
3383 5143 3467 5198 ille

1894 5257 2157 5299 eruentus
2213 5246 2445 5313 impetus
2493 5243 2895 5309 consiliumque
2936 5241 2987 5292 in
3041 5253 3106 5292 eo
3159 5239 3320 5290 liuent
3380 5248 3466 5287 ac-

1898 5344 2152 5402 ceperat;
2198 5335 2277 5389 sic
2308 5335 2423 5386 dire
2469 5332 2784 5386 verberibus
2810 5330 3061 5384 aﬂ'ectum
3114 5343 3176 5382 ac
3227 5327 3463 5379 dehone-

1899 5434 2126 5486 statum,
2163 5435 2326 5492 atque
2379 5425 2446 5476 ad
2494 5423 2695 5476 montis
2741 5437 2913 5490 usque
2972 5418 3320 5488 supercilium
3374 5430 3464 5468 cx-

1900 5523 2158 5579 traetum,
2199 5529 2416 5584 unoque
2467 5527 2498 5568 a
2546 5514 2746 5567 vertice
2788 5513 2854 5566 ad
2889 5512 3029 5565 imos
3057 5509 3219 5580 pedes
3250 5506 3471 5560 vulnere

1897 5709 2018 5764 licis
2065 5708 2300 5764 usitatus
2329 5717 2432 5772 est,
2486 5721 2595 5777 quo
2633 5706 2939 5777 signiﬁcare
2976 5701 3469 5777 volunt__$_pirituin

1896 5788 2168 5846 sanctum,
2201 5789 2258 5836 ut
2277 5773 2520 5836 amoreni
2544 5793 2606 5835 ac
2638 5773 2836 5834 nexum
2865 5773 3044 5832 Patris
3066 5783 3120 5830 et
3151 5773 3294 5830 Filii.
