4186 6434
702 415 807 483 435

1871 421 2164 483 ΝΙΟΕΤίΕ
2204 423 2733 486 PAPIILAGONIS

3856 424 3959 485 438

701 537 962 590 detritum
1018 552 1081 591 ac
1134 535 1521 600 deformatum,
1580 536 1894 606 factumque
1942 549 2274 601 emortuum,

2385 541 2652 605 δείξαντες
2670 544 2764 595 καὶ
2793 541 3225 603 θανατώσαντες,
3248 540 3484 611 ἑσπέρας
3515 540 3616 610 ἤδη
3644 538 3956 611 φθασάσης,

700 637 985 697 appetente
1030 630 1140 699 jam
1218 643 1473 698 vespere,
1527 629 1895 683 devorandum
1956 631 2145 686 bestiis
2195 646 2280 685 re-

702 718 999 787 liquerunt.

773 812 862 863 l8.
893 809 1033 875 Quid
1068 810 1231 879 igitur
1264 809 1573 865 Dominus?
1630 810 1799 864 Suine
1827 810 2011 864 famuli
2045 812 2280 882 neglexit

701 900 934 952 curam?
968 898 1070 951 Aut
1104 898 1223 967 ejus
1256 914 1423 959 more.
1460 899 1553 967 qui
1591 899 1690 952 sibi
1720 901 1833 967 ipse
1859 901 2020 952 vitam
2049 903 2276 965 adimat,

699 990 904 1043 dimisit
952 990 1088 1044 mori
1121 992 1142 1044 ?
1173 990 1266 1044 Vel
1299 989 1511 1043 occulta
1556 1006 1619 1044 ac
1673 1000 1849 1045 mente
1897 1002 2055 1046 tenus
2102 993 2279 1047 solum

700 1084 1040 1152 apparitione
1080 1084 1344 1136 donavit?
1396 1081 1620 1137 Minime
1673 1083 1939 1153 gentium.
1970 1082 2141 1137 Porro
2167 1084 2279 1153 jam

698 1190 803 1227 nox
839 1185 977 1235 erat,
1010 1191 1070 1228 ac
1099 1186 1295 1227 terram
1349 1174 1429 1228 sol
1483 1175 1741 1238 subierat,
1797 1190 1921 1227 cum
1950 1192 2075 1230 ecce
2126 1193 2282 1231 verus

700 1265 790 1318 Sol
811 1266 946 1319 lucis
966 1266 1074 1319 tilio
1092 1267 1293 1327 oritur;
1332 1280 1392 1318 ac
1421 1266 1563 1318 circa
1592 1280 1712 1317 eum
1742 1266 2027 1319 multitudo
2047 1266 2282 1320 caelestis

700 1360 928 1420 militim,
986 1374 1047 1411 ac
1081 1358 1290 1410 Domini
1328 1358 1569 1418 claritas,
1604 1366 1661 1409 ut
1691 1357 2024 1427 evangelicis
2055 1358 2281 1412 vocibus

701 1462 844 1515 utar,
881 1450 1245 1505 circumfulsit
1278 1465 1403 1502 eum
1436 1450 1477 1504 ⁸.
1517 1449 1655 1503 Tum
1706 1450 1813 1514 ille,
1843 1450 2001 1517 quasi
2061 1465 2125 1504 ex
2173 1450 2282 1503 alto

699 1557 987 1611 t‘tItCt‘geltS
1044 1558 1262 1601 somno,
1322 1543 1672 1610 divinatnquc
1725 1543 1871 1595 circa
1930 1558 1987 1596 se
2043 1544 2283 1596 sentiens

699 1635 1137 1702 :tpparitinuem.
1198 1645 1361 1699 atque
1413 1649 1535 1685 mox
1604 1632 1753 1685 omni
1807 1633 2021 1687 solutus
2098 1634 2285 1687 dolore

700 1725 962 1792 omnique
994 1725 1438 1791 compunctione,
1476 1738 1540 1776 ac
1582 1723 1931 1776 inenarrabili
1965 1723 2160 1790 gaudio
2194 1738 2281 1775 re-

701 1817 898 1883 pletus,
956 1826 1136 1867 rectus
1188 1816 1239 1867 in
1291 1815 1453 1882 pedes
1501 1814 1669 1876 stetit,
1723 1824 1872 1867 tanta
1937 1814 2278 1877 remissione,

701 1919 852 1963 tanto
891 1908 1106 1969 robore,
1140 1923 1201 1961 ac
1225 1908 1269 1962 si
1318 1922 1385 1961 ne
1417 1906 1584 1959 ullum
1621 1907 1839 1975 quidem
1882 1914 2278 1960 tormentorum

704 2001 1003 2069 perieulum
1050 2002 1286 2054 leeisset.

776 2094 864 2145 if).
904 2094 1097 2145 Statim
1130 2109 1256 2144 vero
1282 2092 1364 2144 vir
1405 2093 1617 2155 beatus,
1652 2090 1791 2145 flexo
1822 2091 1887 2145 ad
1916 2089 2083 2145 Deum
2116 2106 2279 2160 genu,

703 2202 767 2240 ac
801 2202 967 2255 puras
1008 2186 1060 2238 in
1116 2186 1315 2239 cmlum
1350 2200 1544 2237 manus
1570 2184 1780 2246 levans,
1816 2183 1984 2237 animi
2044 2184 2283 2238 exsulta-

706 2279 853 2333 tione
894 2279 1258 2345 duleibu-zquc
1290 2277 1567 2346 laerymis,
1614 2276 1845 2329 Domino
1876 2277 2239 2330 confitebatur
2261 2316 2276 2340 ,

706 2371 870 2422 etiam
900 2380 1062 2437 atque
1091 2369 1252 2421 etiam
1290 2368 1498 2435 gratias
1529 2383 1719 2437 agens,
1775 2369 1895 2435 ejus
1945 2369 2265 2422 Constantia:

707 2464 949 2523 nomine,
991 2461 1151 2529 cujus
1179 2461 1244 2513 ad
1276 2476 1394 2514 eam
1426 2476 1598 2528 usque
1640 2461 1829 2513 horam
1865 2460 2139 2527 specimen
2186 2476 2282 2513 ex-

712 2552 1016 2612 hibuisset;
1077 2566 1276 2617 rogans
1333 2559 1389 2603 ut
1440 2550 1492 2602 in
1543 2564 1606 2603 ea
1655 2550 2003 2603 confessione
2052 2564 2281 2617 agonem

704 2652 1157 2706 etntsuinmnrct;
1225 2642 1555 2710 animusque
1606 2642 1898 2709 repositam
1957 2640 2284 2711 martyribus

706 2735 949 2803 requiem
985 2744 1431 2799 consequeretur,
1477 2748 1577 2786 nec
1607 2732 1993 2799 corpusculum
2026 2732 2285 2784 :erumnis

708 2826 894 2880 multis
933 2842 997 2879 ac
1053 2826 1339 2879 laboribus
1414 2824 1811 2890 tormentisque
1876 2832 2283 2890 consumptum,

706 2920 941 2979 hom-sto
962 2917 1027 2969 ad
1060 2916 1454 2983 quiescendum
1488 2916 1606 2969 loco
1637 2913 2039 2969 destitueretur:
2067 2928 2131 2967 ac
2161 2929 2287 2965 vero

704 3008 1009 3061 custodiam
1061 3023 1123 3060 ac
1189 3006 1506 3074 prresidinm
1571 3005 1625 3058 in
1677 3020 1851 3058 :cvum
1916 3004 2120 3058 civitati
2171 3002 2286 3057 fore

706 3108 956 3166 precatus
986 3107 1089 3160 est,
1125 3098 1306 3152 munis
1342 3099 1559 3166 generis
1591 3098 1909 3149 morborum
1961 3103 2282 3165 praesentem

2389 633 2554 703 θηρσὶ
2582 635 2642 686 τὸ
2683 635 2843 705 σῶμα
2873 634 3162 688 κατέλιπον
3196 632 3382 702 βοράν.

2458 808 2548 878 ιη’.
2573 809 2637 861 Τί
2659 804 2748 862 οὖν
2774 810 2801 860 6
2827 807 3063 877 Κύριος;
3093 804 3202 877 ἆρά
3245 822 3309 875 γε
3333 807 3428 860 τοῦ
3470 806 3671 861 οἰκείου
3699 806 3965 878 θεράπονς-

2384 917 2475 963 τος
2503 902 2807 969 meum;
2829 900 2860 969 ἢ
2896 899 3348 968 βιαθανατοῦντος
3372 900 3574 971 τρόπον
3597 899 3810 968 ἀφῆκεν
3828 901 3967 953 ἀποο

2387 992 2609 1057 θανεῖν;
2654 992 2688 1062 ἢ
2731 991 3005 1061 κρυφαίας
3039 991 3137 1043 καὶ
3191 992 3383 1061 νοερᾶς
3434 991 3596 1060 μόνον
3644 992 3965 1058 ἐπιφανείας

2385 1083 2552 1147 ἀξιοῖς
2588 1082 2882 1151 Οὐδαμῶς·
2916 1082 3013 1147 νὺξ
3040 1082 3096 1135 δὲ
3124 1083 3249 1153 ἤδη,
3282 1084 3377 1136 καὶ
3401 1083 3551 1153 ἥλιος
3580 1082 3686 1135 ὐπὸ
3715 1084 3839 1151 γῆν,
3870 1084 3967 1136 καὶ

2383 1177 2411 1228 6
2438 1174 2689 1242 ἀληθινὸς
2718 1176 2904 1237 Ἰκίλιος
2940 1173 3019 1245 τῷ
3049 1174 3144 1227 τοῦ
3178 1175 3357 1243 φωτὸς
3398 1174 3755 1228 ὲπανέτελλεν
3819 1176 3921 1245 υίῷ
3947 1193 3959 1206 ·

2389 1268 2481 1320 καὶ
2516 1266 2717 1334 πλῆθος
2755 1268 3015 1336 στρατιᾶς
3049 1267 3304 1337 οὐρανίου
3336 1267 3466 1338 περὶ⁸
3504 1266 3689 1330 αὐτὸν,
3721 1268 3814 1320 καὶ
3840 1266 3967 1331 δόξα

2390 1359 2616 1426 Κυρίου,
2670 1357 3041 1424 εὖαγγελικῶς
3097 1358 3295 1420 εἰπεῖν,
3355 1355 3732 1426 περιέλαμψεν
3779 1357 3959 1409 αὐτόν.

2398 1451 2458 1502 '0
2488 1452 2568 1513 δὲ,
2597 1450 2849 1519 καθάπερ
2874 1449 2933 1513 ἐξ
2961 1449 3129 1502 ὕπνου
3159 1449 3348 1519 βαθέος
3380 1447 3710 1517 ἀνενεγκὼν,
3745 1449 3838 1502 καὶ
3864 1449 3966 1517 τῆς

2387 1544 2516 1612 περὶ
2576 1544 2741 1596 αὐτὸν
2784 1540 3065 1611 αἰσθηθεὶς
3110 1541 3450 1609 θεοφανείας,
3510 1544 3603 1595 καὶ
3643 1542 3821 1612 πάσης
3866 1541 3967 1609 μέν

2386 1634 2681 1702 ἀλγηδόνος
2718 1633 2969 1702 σώματος
3020 1633 3183 1697 εὐθὺς
3218 1633 3451 1697 ἀνεθεὶς,
3491 1634 3671 1702 πάσης
3709 1634 3764 1687 δὲ
3796 1652 3958 1686 καταο

2388 1728 2589 1793 νύξεως
2645 1727 2738 1778 καὶ
2764 1727 3133 1796 ἀνεκλαλήτου
3158 1728 3332 1795 χαρᾶς
3381 1726 3715 1795 πληρωθεὶς,
3750 1727 3966 1778 ἵσταται

2392 1819 2489 1887 μὲν
2528 1820 2620 1871 ἐπὶ
2654 1818 2840 1883 πόδας,
2872 1816 3017 1869 οὕτω
3039 1817 3257 1886 κούφως
3296 1816 3390 1869 καὶ
3414 1817 3706 1880 εὐσθενῶς,
3738 1818 3810 1881 ὡς
3842 1817 3965 1887 μηδ’

2385 1912 2452 1979 ἦν
2476 1927 2600 1962 τινα
2632 1912 2830 1981 πεῖραν
2869 1909 3111 1979 ἀνιαρῶν
3140 1908 3394 1978 εἰληφώς.

2458 2085 2542 2142 ιθ’.
2576 2086 2751 2149 Εὐθὺς
2775 2086 2830 2139 δὲ
2860 2086 3085 2154 κάμψας
3111 2086 3138 2138 6
3169 2086 3452 2157 Μακάριος
3479 2085 3537 2138 τὺ
3561 2085 3689 2153 γόνυ
3715 2087 3848 2157 πρὸς
3878 2087 3969 2139 τὸν

2383 2180 2536 2242 Θεὸν,
2566 2180 2661 2233 καὶ
2687 2180 2783 2243 τὰς
2817 2180 2969 2241 ὁσίας
3016 2183 3203 2247 χεῖρας
3231 2178 3443 2249 ἐπάρας
3484 2181 3563 2240 είς
3593 2179 3684 2231 τὸν
3714 2179 3967 2249 οὐρανὸν,

2385 2273 2443 2323 ἐν
2475 2268 2797 2337 ἀγαλλιάσει
2829 2269 3053 2336 καρδίας
3105 2269 3197 2320 καὶ
3233 2268 3523 2338 γλυκεροίς
3582 2270 3843 2338 δάκρυσιν
3878 2270 3969 2332 ἐξα

2385 2363 2717 2432 ωμολογείτο
2767 2359 2843 2430 τῷ
2910 2361 3136 2430 Κυρίῳ·
3205 2360 3546 2432 εὐχαριστῶν
3596 2362 3692 2430 μὲν
3730 2361 3970 2431 ἰσχυρῶς

2387 2457 2528 2525 ὑπὲρ
2583 2455 2682 2523 τῆς
2745 2453 3161 2522 σταθερότητος,
3192 2447 3257 2522 ἧς
3285 2456 3412 2523 ἄχρι
3436 2454 3534 2522 τῆς
3569 2453 3717 2523 ῶρας
3750 2455 3970 2520 ἐκείνης

2386 2547 2690 2612 ἐνεδείξατο
2717 2561 2730 2574 ⁸
2785 2545 3039 2613 δεόμενος
3094 2544 3149 2596 δὲ
3182 2544 3272 2595 ἐπὶ
3305 2544 3475 2614 ταύτῃ
3520 2544 3869 2614 τελειωθῆναι
3898 2549 3969 2615 τῇ

2385 2640 2673 2709 ὁμολογίαο
2709 2638 2802 2690 καὶ
2835 2639 2934 2706 τὴν
2964 2637 3144 2707 ψυχὴν
3172 2637 3272 2705 μέν
3320 2637 3418 2705 τῆς
3449 2636 3827 2704 ἀποκειμένης
3854 2638 3971 2697 τοῖς

2390 2732 2659 2800 μάρτυσιν
2690 2729 3053 2792 ἀναπαύσεως
3093 2730 3387 2797 μετασχεῖν
3411 2746 3422 2759 ·
3478 2729 3537 2781 τὸ
3567 2729 3880 2793 πολυπαθὲς
3911 2730 3973 2783 δὲ

2390 2823 2661 2891 σωμάτιον
2710 2823 2910 2891 σεμνὸν
2974 2823 3141 2875 τόπον
3191 2823 3270 2885 εἰς
3350 2821 3699 2875 κατάπαυσιν
3750 2822 3969 2890 λαχεῖν·

2389 2917 2753 2987 φυλακτήριον
2804 2915 2861 2967 δὲ
2912 2915 3069 2968 τοῦτο
3097 2917 3163 2983 τῇ
3220 2914 3387 2967 αὐτοῦ
3435 2915 3589 2967 πόλει
3624 2915 3973 2983 προτηύξίτθ

2386 3008 2453 3061 δι’
2486 3009 2678 3069 αίῶνος
2706 3005 3077 3077 χρηματίσαι’
3127 3006 3299 3059 νόσων
3330 3023 3391 3058 τε
3423 3006 3783 3059 παντοδαπῶν
3812 3007 3972 3075 ίατή-

2390 3118 2505 3171 ριον
2562 3099 2657 3152 καὶ
2709 3098 2927 3151 πάντων
2976 3098 3330 3167 ἀλεξητήριον
3360 3097 3565 3151 κακῶν.
3616 3096 3973 3166 Προσηύξατο

706 3192 1059 3255 medicinam,
1098 3191 1456 3258 omniumque
1486 3189 1670 3257 procul
1704 3190 1973 3243 malorum
2007 3205 2277 3243 averrun-

2386 3193 2497 3251 τοῖς
2527 3190 2604 3251 εἰς
2636 3192 2727 3240 τον
2772 3186 2906 3238 Θεὸν
2932 3185 3222 3240 ἀσεϐοῦσιν
3276 3186 3376 3247 τὴν
3406 3186 3493 3239 διὰ
3528 3186 3759 3248 πίστεως
3792 3203 3972 3255 σωτη-

705 3281 996 3335 cationem.
1048 3278 1328 3348 lmpietate
1363 3278 1415 3331 in
1469 3276 1639 3331 Deum
1694 3277 2090 3341 laborantibus,
2134 3278 2282 3332 salu-

707 3380 838 3432 tem,
868 3387 989 3439 qua:
1017 3387 1109 3436 per
1144 3371 1305 3423 fidem
1352 3381 1455 3433 est,
1497 3370 1638 3423 votis
1682 3370 2048 3437 deprecatur;
2086 3386 2280 3439 pecca-

708 3460 946 3523 toribus,
985 3468 1042 3513 ut
1077 3461 1401 3529 pmnitentia
1453 3469 1891 3514 convertantur:
1948 3458 2279 3527 magistrati-

705 3550 830 3613 bus,
857 3560 916 3605 ut
939 3552 1207 3622 justitiam
1239 3562 1479 3615 teneant;
1512 3551 1772 3613 subditis,
1799 3560 1857 3603 ut
1882 3548 2276 3636 obedientiam;

707 3646 1010 3707 divitibus,
1065 3655 1123 3697 ut
1177 3659 1482 3713 propensos
1537 3644 1590 3697 in
1649 3645 2050 3713 eleemosynam
2098 3657 2276 3696 mores

708 3733 994 3787 habeant:
1030 3733 1384 3802 pauperibus,
1450 3743 1507 3786 ut
1568 3730 1885 3801 patientiam
1933 3738 2155 3784 serven‘t
2210 3744 2275 3783 ac

707 3823 1090 3877 sustinentiam
1116 3840 1130 3887 ;
1160 3818 1525 3892 gaudentibus
1549 3861 1565 3886 ,
1620 3832 1679 3876 ut
1726 3821 1926 3892 gratias
1959 3830 2157 3891 agant;
2193 3821 2279 3879 his

703 3918 795 3986 qui
823 3917 876 3971 in
914 3932 1157 3971 aerumna
1184 3926 1333 3979 sunt,
1367 3925 1427 3970 ut
1452 3915 1700 3971 levamen
1755 3932 1820 3971 ac
1845 3917 2279 3972 consolationem

705 4010 1022 4073 obtineant;
1056 4008 1461 4076 navigantibus,
1490 4017 1551 4062 ut
1584 4007 1724 4062 felici
1756 4010 2103 4079 navigatione
2129 4020 2284 4063 utan-

707 4106 849 4162 tur;
888 4097 990 4151 iter
1039 4097 1387 4162 habentibus,
1443 4105 1502 4151 ut
1560 4098 1664 4151 iter
1716 4097 1891 4152 fauste
1943 4100 2279 4164 coutieiant;

705 4186 792 4240 bis
814 4187 907 4255 qui
961 4188 1012 4239 in
1047 4187 1186 4240 bello
1244 4197 1550 4253 versentur,
1622 4188 1860 4242 victoriae
1892 4200 2131 4259 tropaea;
2187 4193 2281 4259 qui

703 4276 938 4346 denique
961 4278 1013 4330 in
1048 4294 1179 4348 pace
1223 4287 1408 4348 agant,
1442 4290 1501 4333 ut
1552 4295 1771 4335 omnem
1828 4293 2053 4337 strenue
2109 4284 2281 4353 pieta-

704 4378 811 4422 tem
844 4369 1155 4437 acjustitia:
1189 4385 1353 4439 opera
1387 4371 1589 4426 coluit.
1641 4373 1848 4427 Christi
1872 4374 2068 4428 :emula
2126 4376 2283 4429 boni-

704 4468 834 4525 tate,
865 4461 1076 4515 cunetis
1104 4461 1241 4514 bona
1292 4478 1354 4515 ac
1388 4464 1541 4518 utilia
1599 4474 1957 4533 apprecatur,
1997 4476 2055 4521 ut
2099 4467 2277 4536 perte-

2388 3284 2526 3352 ρίαν,
2554 3282 2645 3333 καὶ
2681 3282 2793 3342 τοῖς
2819 3280 3200 3348 ἁμαρτάνουσι
3257 3279 3356 3349 τὴν
3400 3278 3487 3331 διὰ
3523 3278 3813 3349 μετανοίας
3839 3278 3965 3333 ἐπιο

2388 3374 2646 3444 οτροσὴν,
2678 3375 2785 3434 τοῖς
2826 3372 3055 3440 ἄρχουσι
3091 3370 3436 3441 δικαιοσύνην
3457 3387 3471 3402 ο
3506 3370 3820 3423 εὐπείθειαν
3853 3372 3971 3433 τοῖς

2386 3463 2731 3533 ἀρχομένοις,
2782 3465 2895 3524 τοῖς
2940 3461 3218 3525 πλουσίοις
3275 3462 3477 3531 τρόπον
3519 3460 3810 3529 ἐλεήμονα,
3854 3461 3971 3522 τοῖς

2388 3558 2614 3625 πένησιν
2635 3553 2911 3624 ὑπομονὴν
2942 3554 3035 3605 καὶ
3058 3554 3379 3622 καρτερίαν,
3429 3552 3712 3622 χαίρουσιν
3742 3552 3971 3619 εὐχαρι-

2386 3648 2564 3711 στίαν,
2592 3645 2953 3716 λυπουμένοις
2999 3646 3370 3715 παραμυθίαν,
3397 3644 3648 3697 πλέουσιν
3680 3643 3967 3706 εὐπλοῒαν,

2382 3738 2758 3809 ὁδοιποροῦσιν
2784 3738 3017 3801 εὐοδίαν,
3040 3739 3151 3800 τοῖς
3183 3738 3240 3790 ἐν
3271 3736 3495 3805 πολέμῳ
3520 3736 3755 3804 τρόπαια
3786 3733 3969 3800 νίκης,

2384 3834 2495 3892 τοῖς
2562 3828 2903 3898 εἰρηνεύουσι
2960 3825 3244 3879 συντονίαν
3274 3826 3409 3896 πρὸς
3447 3826 3628 3878 πᾶσαν
3681 3823 3971 3876 εὐσέϐειαν

2386 3920 2477 3973 καὶ
2502 3917 2943 3989 δικαιοπραγίαν.
2982 3919 3155 3971 Πᾶσιν
3204 3916 3498 3984 ἐπεύχεται
3530 3915 3972 3985 Χριστομιμήτῳ

2384 4011 2712 4081 χρηστότητι
2736 4009 2804 4062 τὰ
2835 4008 3048 4079 χρηστά
3081 4010 3173 4061 καὶ
3200 4008 3473 4075 λυσιτελῆ,
3497 4006 3571 4069 ὡς
3594 4006 3798 4069 τέλειος
3830 4007 3973 4075 Χρι-

2386 4102 2511 4155 στοῦ
2544 4102 2823 4171 μαθητής·
2854 4100 2927 4163 ὡς
2960 4099 3305 4168 φιλόπατρις,
3353 4100 3420 4168 τῇ
3458 4097 3677 4167 πατρίδι
3728 4095 3827 4166 τὴν
3858 4096 3974 4148 ἀπὺ

2386 4195 2630 4248 κινδύνου
2680 4192 3158 4261 παντολύτρωσινο
3213 4188 3448 4257 μάλιστα
3486 4187 3541 4240 δὲ
3585 4189 3695 4250 τοῖς
3724 4186 3972 4254 γνησίως

2385 4287 2547 4339 αἱ,τοῦ
2611 4283 2972 4355 μνημονεύειν
3030 4280 3307 4351 μέλλουσι,
3341 4279 3431 4331 καὶ
3462 4281 3526 4348 τῇ
3562 4276 3666 4330 τῶν
3698 4277 3972 4344 λειψάνων

2384 4378 2525 4449 θήκη
2549 4377 2870 4440 πελάζουσιν
2909 4374 3220 4441 οἰκοδομαῖς
3271 4388 3330 4422 τε
3372 4368 3714 4439 χαρίζεσθαι,
3774 4367 3973 4435 ὕμνοις

2382 4486 2439 4519 τε
2500 4470 2593 4520 καὶ
2642 4468 2854 4529 θυσίαις
2907 4463 3253 4527 δεξιοῦσθαν
3306 4462 3480 4530 τούτῳ
3523 4459 3831 4530 προσιοῦσι,
3870 4461 3975 4512 πᾶ-

702 4560 823 4605 ctus
852 4551 1053 4606 Christi
1089 4552 1413 4622 discipulus.
1446 4554 1513 4609 Ut
1537 4557 1727 4623 patria:
1781 4573 1994 4617 amans.
2062 4560 2270 4626 patriae,

2386 4579 2482 4613 σαν
2540 4559 2722 4623 διξιὲιν
2773 4558 3050 4627 χάρινκαὶ
3080 4558 3348 4623 σωτήριον
3400 4554 3693 4620 ἐπεύχεται
3728 4551 3966 4620 δωρεάν.

702 4649 762 4694 ιιι
789 4642 856 4695 ab
882 4643 1029 4696 onmi
1071 4654 1182 4697 tuta
1211 4646 1541 4714 periculosit
1567 4650 1824 4717 omnique
1848 4652 2085 4705 hostium
2112 4656 2451 4721 grassatioue
2508 4655 2803 4713 litnnetur;
2864 4654 2929 4705 iis
2994 4651 3318 4720 pt‘iCSCI'lltll,
3383 4646 3475 4717 qui
3544 4648 3689 4699 illius
3747 4646 3971 4698 sincere

702 4747 971 4787 memores
1044 4733 1262 4800 fuerint,
1331 4753 1393 4791 ac
1476 4740 1831 4808 reliquiarum
1908 4743 2087 4796 loeulo
2153 4746 2523 4809 accesserint,
2580 4745 2827 4798 arditiriis
2885 4743 3278 4812 pratstitrrint,

3358 4738 3587 4792 canticis
3660 4734 3970 4789 oblationi-

699 4822 907 4892 busque
936 4828 1263 4895 acceperint.
1292 4826 1391 4894 Qui
1425 4844 1481 4883 se
1513 4831 1728 4895 adeant,
1763 4831 1995 4887 faustam
2034 4852 2250 4888 mutuom
2295 4838 2524 4906 gratiam
2559 4848 2933 4905 cuutprecatttt'
2964 4852 3025 4889 ac
3056 4835 3298 4888 salutare
3349 4846 3547 4885 Iliun“S
3576 4829 3619 4897 (¹
3640 4829 3710 4894 ¹)·

766 4918 857 4969 20.
891 4917 947 4971 In
998 4919 1141 4975 hunc
1175 4923 1393 4975 modum
1453 4935 1705 4993 precatus
1740 4929 1821 4981 vir
1856 4928 2093 4991 divinus,
2154 4932 2277 4983 diu-

698 5024 804 5077 que
834 5024 990 5063 sacro
1020 5021 1230 5066 astante
1279 5016 1596 5082 angelorum
1639 5019 1808 5071 choro
1838 5035 1995 5073 sacre
2029 5020 2268 5073 delet-ta-

700 5114 786 5156 tus
818 5114 1105 5173 menteque
1146 5120 1440 5170 recreatus,
1475 5119 1697 5179 tumque
1748 5112 1907 5165 tertio
1939 5112 2263 5168 deiforntem

699 5196 1031 5262 consignatis
1082 5199 1285 5251 vultum
1322 5206 1532 5269 (equa:
1591 5212 1723 5257 tunc
1777 5206 2040 5271 temporis
2092 5206 2270 5261 locum

700 5288 1015 5355 itttpleverat
1047 5290 1269 5359 mystica
1308 5292 1632 5359 jucuuditas
1671 5295 2097 5367 divinarumque
2152 5300 2269 5353 latt-

698 5382 825 5431 dum
885 5382 1173 5447 cantica!)
1216 5398 1465 5437 sanetum
1515 5387 1596 5440 eis
1656 5397 1880 5441 sanctus
1945 5390 2108 5443 tradit
2157 5393 2270 5447 aui-

770 5553 790 5581 ⁵
824 5555 988 5620 .‘tpoc.
1024 5572 1134 5616 ut.
1166 5557 1253 5610 ‘25.

769 5690 880 5757 (ll)
910 5689 1154 5747 Diximus
1204 5695 1337 5747 alias
1375 5711 1481 5748 non
1517 5698 1726 5763 placere
1754 5698 1910 5751 nobis
1944 5698 2091 5751 illam
2126 5715 2268 5752 mar-

699 5766 873 5812 tvium
903 5764 1195 5816 viventium
1218 5782 1425 5823 curam.
1452 5782 1555 5833 qua
1583 5770 1610 5817 ι’
1685 5782 1909 5830 νονιιοιε
1933 5778 1986 5821 et
2021 5770 2268 5836 reliquiis

699 5842 816 5888 huis
858 5842 982 5890 sunt
1046 5836 1287 5902 solliciti,
1339 5837 1605 5908 quidquid
1665 5839 1748 5893 hic
1780 5838 1836 5893 in
1868 5838 2012 5896 notis
2066 5842 2182 5895 suis
2212 5840 2266 5897 id

2458 4930 2525 4986 κ’.
2560 4932 2716 4984 Οὕτω
2765 4932 3201 4999 προσευξάμενος
3246 4930 3273 4981 6
3319 4928 3459 4987 θεῖος
3512 4925 3673 4993 ἀνὴρ.
3728 4924 3826 4975 καὶ
3872 4924 3973 4977 ἐπὶ

2386 5024 2516 5077 πολὺ
2570 5026 2680 5086 τοῖς
2734 5025 3046 5092 παρεστῶσι
3093 5024 3200 5075 τῶν
3265 5020 3426 5090 ἱερῶν
3494 5019 3742 5085 ἀγγέλων
3800 5018 3973 5086 ἱερῶς

2386 5118 2765 5185 συνηδόμενος,
2800 5120 2889 5169 καὶ
2919 5117 3117 5185 νοερῶς
3138 5113 3635 5182 κατατερπόμενος,
3658 5106 3777 5161 εἶτα
3802 5112 3971 5181 τρίτη

2386 5211 2642 5277 σφραγῑῗι
2659 5210 2719 5262 τὸ
2740 5209 2969 5270 θεοειδὲς
2992 5210 3280 5277 πρόσωπον
3305 5204 3756 5274 σημειωσάμενος
3777 5202 3844 5271 (ὦ
3867 5204 3974 5269 τῆς

2380 5303 2500 5353 τότε
2539 5302 2631 5353 τὸν
2678 5301 2844 5353 τόπον
2880 5302 3082 5351 ἐκεῖνον
3108 5298 3472 5368 πλ.η(.ωσάσης
3506 5294 3775 5363 μυστικῆς
3819 5294 3970 5362 θυμ-

2380 5392 2530 5462 ηῗίας
2556 5398 2643 5444 καὶ
2671 5393 3017 5461 δοξολογίας),
3044 5393 3135 5461 τὴν
3158 5392 3318 5456 ἀγίαν
3335 5390 3515 5447 αὐτοῖς
3544 5390 3572 5439 ὁ
3596 5388 3749 5454 ἆγιος
3776 5405 3970 5457 παρα-

2376 5702 2649 5771 explieare
2671 5704 2878 5757 nitatur
2901 5702 3284 5773 Comhefisius.
3320 5704 3497 5771 Atque
3520 5704 3647 5756 hinc
3677 5702 3967 5773 suspicor,

2377 5773 2523 5830 hunc
2564 5789 2686 5831 esse
2712 5775 2961 5832 Graecum
2986 5771 3187 5831 Nicetae
3220 5774 3457 5831 rhetoris
3488 5783 3772 5830 ornatum.
