4186 6434
216 378 325 443 437

790 384 1071 446 ORATIO
1111 384 1268 444 XIX.
1296 410 1365 420 ·-
1398 386 1473 444 IN
1518 386 1827 463 LAUDEM
1868 386 1925 445 S.
1968 384 2385 445 HYACINTHI
2428 388 2881 450 Mli-\STRENI.

3375 389 3481 451 438

216 499 435 550 τίθεται
461 496 658 568 ψυχήν.
696 497 917 566 Ταύτην
962 498 1062 567 μὲν
1096 498 1189 551 οὖν
1219 498 1380 561 εὐθὺς
1414 501 1440 551 ὁ
1476 498 1798 569 παράδεισος

1910 511 2079 549 mum.
2114 495 2267 550 llune
2296 512 2423 550 vero
2451 500 2631 574 statim
2668 497 2758 552 l)ei
2789 499 3073 568 paradisus
3108 499 3314 557 habuit,
3346 498 3477 569 Regi

218 588 335 659 εἶχε
377 590 471 644 τοῦ
500 590 657 654 Θεοῦ,
703 591 783 662 τῷ
827 591 1047 644 Βασιλεῖ
1101 592 1200 659 τῆς
1241 591 1399 659 δόξης
1446 592 1806 661 ἀνσφθέγκτῳ

217 684 369 751 χαρᾷ
394 681 748 751 προσιοῦσαν,
783 682 875 735 καὶ
902 680 1231 749 πανευαγῶς
1281 682 1429 752 αὐτῷ
1466 679 1803 751 προσκυνοῦ-

219 791 347 837 σαν,
381 776 478 827 κα)⁸
507 774 584 845 τῷ
613 774 714 845 τῆς
767 774 1080 845 ἀφθαρσίας
1119 776 1370 845 στεφάνῳ
1408 778 1474 845 τῇ
1501 777 1804 846 Δεσποτικῇ

219 868 710 939 καταστεφομένην
734 868 883 938 δεξιᾷ
908 884 921 899 ·
954 868 1161 938 ταύτην
1186 869 1243 921 αἱ
1272 872 1457 939 νοεραὶ
1492 871 1663 922 πᾶσαι
1697 870 1806 922 τῶν

216 960 472 1030 οὐρανῶν
500 961 772 1031 Δυνάμεις
830 960 1101 1031 ἐπῄνεσαν
1130 999 1145 1025 ,
1196 962 1293 1015 καὶ
1321 961 1395 1024 ὡς
1428 962 1723 1031 νικηφόρον
1771 961 1803 1031 ἢ

218 1052 596 1121 Χριστοφόρον
620 1052 839 1117 ἑαυταῖς
882 1053 1395 1122 προσῳκειὼσαντο.
1429 1052 1644 1122 Ταύτην
1669 1054 1804 1106 ἀπό-

218 1144 404 1196 στολοι
438 1144 560 1213 μὲν,
594 1144 668 1207 ὡς
698 1143 1180 1198 ἀπστολικιῦτατα
1206 1143 1508 1213 βιώσασαν,
1541 1144 1777 1212 ἀσμεναιί

213 1253 354 1288 τατα
376 1235 797 1308 [ἀσμενέστατα]
815 1236 1144 1306 δεξιούμενοι
1168 1236 1596 1306 περιεπτύξαντο
1612 1254 1625 1266 ⁵
1650 1238 1806 1305 Μαρ-

213 1330 401 1398 τύρων
431 1330 486 1381 δὲ
512 1332 660 1399 χοροὶ
690 1330 849 1399 ἱεροὶ,
880 1329 955 1392 ὡς
979 1330 1176 1382 οίκεῖον
1203 1328 1379 1382 αὐτῶν
1412 1330 1592 1398 μέλος,
1622 1331 1715 1382 καὶ
1747 1330 1806 1381 τὸ

214 1417 551 1485 τιμιώτατον
572 1419 957 1489 ἀποδεχόμενοι
987 1419 1093 1471 τῶν
1122 1419 1300 1489 μελῶν
1319 1436 1332 1451 ·
1358 1422 1449 1473 καὶ
1464 1420 1540 1489 τῷ
1563 1421 1807 1489 πνεύμα-

214 1527 268 1563 τι
301 1509 832 1580 συειαρμολογοῦντες
876 1512 1085 1574 ἑαυτοῖς
1132 1512 1221 1564 καὶ
1253 1512 1679 1582 συμϐιϐἀζοντες
1706 1514 1805 1582 τῆς

213 1603 391 1671 αὐτῆς
442 1604 627 1665 αὐτοῖς
678 1603 837 1672 δόξης
895 1604 987 1656 καὶ
1022 1605 1432 1675 μακαριότητος
1482 1605 1708 1674 μέτοχον
1737 1606 1802 1660 δι’

212 1694 419 1756 αίῶνος
481 1694 867 1765 ἐκληρώσαντο
892 1712 906 1726 ·
947 1696 1007 1749 οὐ
1054 1697 1217 1765 μόνον
1245 1697 1324 1758 δὲ,
1363 1697 1502 1749 ἀλλά
1539 1697 1633 1750 καὶ
1663 1715 1797 1768 προ-

210 1785 407 1852 φητῶν
443 1786 538 1837 καὶ
563 1786 738 1853 ἀγίων
764 1787 942 1839 θίασοι
972 1787 1213 1852 πάντων,
1238 1787 1314 1850 ὼς
1337 1786 1438 1856 τῆς
1466 1788 1586 1857 ίσης
1616 1790 1802 1852 αὐτοῖς

209 1878 507 1945 ἁγιότητος
536 1877 989 1948 ὑπερϐαλλόντως
1029 1879 1366 1949 μετέχουσαν
1410 1879 1672 1950 ὁρῶντες,
1700 1880 1797 1950 τὴν

209 1969 385 2035 αὐτῆς
452 1968 713 2022 ἀνάλυσιν
770 1970 867 2022 καὶ
925 1970 1187 2039 ὲνδημίαν
1225 1971 1364 2042 πρὸς
1416 1971 1507 2024 τὸν
1539 1972 1795 2041 Χριστὸν,

208 2060 477 2130 λαμπράν
518 2061 600 2114 ὅτι
632 2061 870 2132 μάλιστα
900 2063 996 2116 καὶ
1025 2061 1506 2135 θεοπρεπεστάτην
1540 2064 1798 2135 συνεκρό-

206 2171 381 2225 τησαν
412 2156 629 2226 ἑορτήν.

278 2342 388 2389 κα⁹.
430 2334 635 2389 Τοῦτον
667 2336 767 2405 μὲν
797 2332 890 2391 οὖν
938 2336 1033 2391 τὸν
1063 2337 1267 2407 τρόπον
1291 2338 1324 2408 ἡ
1344 2337 1626 2407 τρισολδία
1654 2338 1797 2409 ψυχὴ

204 2431 307 2491 τὰς
372 2430 469 2483 τοῦ
522 2432 775 2501 οὐρανίου
836 2432 1049 2502 Πατρδς
1096 2432 1542 2503 κατακληροῦται
1596 2436 1791 2502 μονάς’

204 2522 326 2572 ἀλλ’
371 2523 499 2575 οὐδὲ
556 2523 620 2576 τὸ
662 2524 807 2594 ἱερὸν
837 2524 1016 2577 ἐκεῖνο
1045 2526 1141 2577 καὶ
1184 2525 1545 2596 ἀθλοφορικδν
1574 2528 1794 2595 σκῆνος,

204 2614 237 2681 ἦ
276 2614 459 2678 οὕτως
517 2616 597 2678 είς
642 2620 747 2687 γῆν
792 2617 960 2671 πεσὸν
1005 2616 1384 2687 παρεώραται,
1419 2619 1452 2689 ἢ
1493 2619 1635 2673 κατά
1665 2620 1795 2681 τοὺς

204 2705 435 2769 λοιποὺς
468 2708 756 2778 μάρτυρας
793 2710 1084 2781 τετίμηται
1114 2727 1128 2739 ’
1157 2709 1347 2779 ὥσπερ
1370 2711 1429 2763 δὲ
1457 2712 1650 2781 τέρασι
1688 2712 1799 2778 μεί-

204 2796 325 2860 ζοσι
382 2798 480 2850 καὶ
541 2799 942 2870 ἀφθονωτέροις
988 2802 1217 2870 ίάμασιν
1263 2802 1370 2855 ὑπὸ
1406 2801 1524 2862 ἱτοῦ
1557 2802 1794 2871 Χριστοῦ

204 2888 667 2960 πεφιλοτίμηται,
713 2892 858 2944 οὕτω
889 2894 983 2946 καὶ
1011 2896 1129 2957 ταῖς
1161 2894 1221 2958 ἐξ
1246 2894 1555 2965 ἀνθρώπων
1583 2900 1792 2965 τιμαῖς,

204 2978 475 3031 ἁπάντων
515 2980 698 3047 ὀλίγου
727 2980 837 3033 δεῖν
865 2983 974 3035 τῶν
1016 2983 1397 3053 ἀθλοφορικῶν
1436 2986 1703 3055 σωμάτων
1738 2987 1796 3039 το

205 3070 591 3133 ιπιδοξότατον
658 3073 946 3142 ἠνέγκατο.
991 3073 1130 3126 Τότε
1185 3076 1283 3144 μὲν
1328 3076 1438 3145 γάρ
1480 3076 1646 3129 αὑτοῦ
1686 3093 1791 3129 που

207 3162 443 3231 πλησίον
471 3162 573 3231 τῆς
603 3164 811 3225 πόλεως
842 3165 946 3234 γῆς
978 3164 1199 3234 βάθεσιν
1235 3167 1342 3219 ὑπὸ
1370 3169 1477 3219 τῶν
1504 3169 1793 3221 εύσεϐούν-
1826 3195 1867 3252 c

202 3271 318 3307 των
388 3254 420 3307 ὁ
476 3255 776 3325 πολύτιμος
824 3256 1058 3327 ἐντίμως
1088 3258 1463 3327 καταχωσθεὶς
1502 3260 1795 3331 θησαυρὸς,

204 3348 478 3416 οὐμενοῦν
529 3349 760 3417 ἀφικτδς
793 3350 827 3418 ἦ
857 3366 959 3403 τινι
994 3350 1219 3417 γέγονεν
1249 3351 1309 3416 ἐξ
1342 3353 1555 3405 ἐκείντυ
1582 3353 1797 3423 θεωρη-

202 3439 320 3502 τδς,
348 3439 413 3490 οὐ
451 3437 559 3508 μὴν
592 3440 710 3500 ταῖς
732 3438 1128 3508 ἀγαθουργίαις
1175 3440 1287 3492 τῶν
1314 3440 1482 3493 αὑτοῦ
1518 3442 1797 3508 θαυματο-

206 3530 386 3582 ποιῶν
449 3525 561 3592 οἷός
597 3547 659 3581 τε
711 3530 922 3597 γίνεται
963 3530 1151 3583 λαϐεῖν
1175 3548 1189 3562 ·
1239 3532 1354 3583 ἀλλ’
1386 3534 1798 3596 ὲκτενεστάταις

209 3624 314 3691 μὲν
339 3624 579 3685 ἱκεσίαις
611 3622 700 3675 τὸν
726 3624 929 3693 Κύριον
960 3623 1108 3677 ἔνδον
1142 3626 1170 3677 ὁ
1206 3624 1506 3695 ἀθλοφόρος
1552 3626 1797 3695 ἱλεούμε-

204 3727 317 3773 νος,
350 3710 461 3773 ἔξω
484 3711 683 3774 δὲταίς
737 3711 830 3764 ἐπὶ
880 3712 975 3765 τοῦ
1020 3712 1193 3781 τάφου
1242 3715 1592 3778 τελουμέναις
1624 3716 1799 3769 ίάσεσι

205 3801 508 3865 δυσωπῶν,
564 3803 659 3855 καὶ
706 3804 973 3867 τοιούτοις
1021 3805 1186 3859 πάλαι
1228 3806 1325 3876 τὴν
1352 3806 1518 3859 αὐτοῦ
1564 3807 1716 3860 πόλιν
1742 3808 1799 3874 ἐξ

210 3893 480 3957 ἀπιστίας
532 3896 612 3957 είς
665 3894 966 3966 ὀρθότομον
1048 3898 1233 3950 πίστιν
1293 3900 1389 3950 καὶ
1436 3901 1800 3971 ἀνυπόκριτον

206 3987 492 4056 μετάγων,
515 3987 634 4039 οὐδέ
666 3988 829 4057 μέχρι
866 3988 961 4041 τοῦ
996 3987 1139 4041 νῦνό
1170 3989 1470 4059 Θαυμάσιος
1505 3990 1794 4046 διαλείπει.

200 4078 449 4145 Λέγεται
478 4077 610 4148 γὰρ,
632 4078 660 4130 ὃ
677 4081 769 4133 καὶ
790 4078 1065 4148 ὁρώμενον
1092 4080 1429 4144 πιστεύεται,
1449 4082 1533 4133 ὃτι
1564 4083 1799 4153 ἑκάστης

198 4168 301 4221 τοῦ
355 4170 611 4222 ἐνιαυτοῦ
658 4169 1002 4239 περιτροπῆς
1048 4171 1147 4241 τὴν
1195 4170 1291 4223 τοῦ
1348 4173 1506 4239 ἁγίου
1576 4174 1800 4243 μνήμην

200 4260 553 4327 ἐπειγούσης,
599 4259 784 4331 δέησις
816 4262 949 4331 περὶ
998 4262 1091 4314 τον
1144 4262 1287 4330 ίερθιν
1335 4264 1525 4330 τάφον,
1571 4264 1674 4317 ὑπὸ
1705 4264 1798 4317 τοῦ

205 4350 361 4421 ἱεροῦ
392 4345 595 4416 παντὸς
649 4353 1033 4423 ἀναπέμπεται
1097 4352 1227 4407 λαοῦ
1252 4370 1265 4385 ο
1299 4354 1454 4423 ἄφνω
1484 4356 1541 4408 δὲ
1579 4354 1707 4424 χοῦς
1741 4358 1798 4410 ἐν

200 4446 326 4514 ᾕχῳ
353 4445 469 4497 τινὶ
498 4444 632 4513 ξένῳ
693 4446 790 4499 καὶ
820 4446 1113 4516 ῥοιζήματι
1146 4447 1452 4516 πνεύματος
1490 4450 1554 4501 ὲκ
1580 4447 1672 4500 τοῦ
1703 4448 1799 4517 βά-

1907 590 2116 659 gloriae.
2146 590 2289 642 nulla
2322 593 2607 644 verborum
2634 592 2683 645 vi
2715 592 3019 660 explieahili
3068 591 3287 660 gaudio,
3321 604 3479 643 aere-

1906 678 2144 741 dentem,
2178 678 2338 748 eique
2384 680 2802 749 religiosissime
2836 680 3020 733 habitu
3078 682 3284 734 cultum
3325 678 3481 733 adbi-

1909 769 2146 837 bentem,
2194 782 2357 839 atque
2414 773 2842 842 incorruptionis
2889 787 3146 825 coronam
3200 771 3480 826 Dominica

1906 864 2128 919 dextera
2164 855 2576 931 suscipientem.
2618 863 2764 917 llane
2810 864 3117 918 ecelestium
3146 872 3477 932 potestatum

1908 965 2116 1009 mentes
2147 970 2336 1009 omnes
2375 955 2754 1019 laudaverunt,
2799 971 2862 1010 ac
2905 957 3048 1010 velut
3100 957 3340 1010 victoriae
3371 966 3481 1010 tro-

1908 1063 2043 1117 pzea,
2072 1058 2164 1101 aut
2195 1047 2475 1101 Christum
2528 1045 2809 1112 ferentem,
2843 1048 2956 1100 suis
2979 1047 3332 1102 domesticam
3374 1064 3485 1102 cm-

1909 1139 2056 1192 tibus
2089 1140 2420 1193 asciverunt.
2454 1138 2605 1192 Hane
2634 1146 2688 1191 et
2720 1137 2972 1206 apostoli,
3008 1154 3126 1206 qurc
3166 1140 3483 1207 apostolicis

1911 1230 2327 1299 pra'clarissime
2375 1229 2692 1283 muneribus
2739 1230 2903 1282 vitam
2962 1228 3152 1297 egerit,
3226 1229 3483 1297 placidis-

1907 1321 2044 1375 sime
2089 1320 2421 1387 aceipientes
2459 1320 2731 1390 complexi
2763 1330 2912 1375 sunt.
2968 1322 3118 1375 Sacri
3178 1333 3480 1393 martyrum

1906 1413 2085 1474 chori,
2132 1410 2282 1464 velut
2338 1412 2615 1479 proprium
2668 1412 2911 1480 ipsorum
2966 1414 3271 1467 membrum
3330 1415 3483 1467 reci-

1907 1508 2119 1575 pientes
2170 1505 2655 1572 membrorumque
2684 1505 3104 1568 nobilissimum,
3160 1522 3223 1561 ae
3265 1508 3365 1561 sibi
3403 1509 3483 1575 ip-

1906 1598 1983 1652 sis
2020 1595 2213 1666 Spiritu
2245 1595 2640 1650 coneinnautes
2666 1611 2729 1649 ac
2758 1597 3185 1658 committentes,
3232 1597 3479 1664 ejusdem

1905 1688 2112 1741 sociam
2144 1688 2329 1756 glorise
2362 1702 2425 1741 ac
2451 1688 2804 1741 beatitudinis
2851 1689 2903 1740 in
2948 1703 3121 1741 ωνιιιιι
3154 1689 3295 1742 nacti
3333 1699 3478 1743 sunt.

1910 1780 2093 1849 Neque
2128 1780 2181 1833 id
2226 1779 2410 1844 modo,
2458 1780 2552 1833 sed
2591 1788 2644 1833 et
2695 1780 3083 1848 prophetarum
3136 1789 3485 1834 sanctorum-

1904 1888 2010 1943 que
2042 1872 2286 1927 omnium
2317 1872 2472 1928 chori
2518 1873 2666 1926 velut
2695 1873 2843 1941 paris
2873 1874 2982 1928 illis
3015 1874 3325 1928 sanctitatis
3351 1889 3478 1943 gra-

1904 1967 1995 2021 tiis
2028 1966 2229 2021 eximie
2283 1974 2499 2020 auctam
2544 1967 2969 2035 conspicientes,
3029 1966 3150 2034 ejus
3204 1967 3269 2019 ad
3319 1966 3483 2020 Chri-

1905 2069 2048 2112 stum
2083 2058 2415 2112 solutionem
2452 2072 2517 2111 ac
2543 2057 2983 2125 emigrationem,
3015 2058 3219 2111 claram
3247 2059 3483 2112 maxime

1904 2149 2412 2221 divinissimamqne
2462 2148 2805 2204 festivitatem
2862 2165 2925 2205 ac
2979 2150 3273 2219 tripudium
3339 2151 3482 2205 cele-

1905 2242 2152 2297 brat-unt.

1973 2336 2063 2389 2|.
2097 2336 2154 2390 ln
2182 2336 2328 2390 hunc
2359 2336 2541 2404 itaque
2569 2335 2793 2389 modum
2833 2344 2913 2389 ter
2946 2335 3105 2388 beata
3154 2334 3336 2388 anima
3369 2350 3485 2389 eoe-

1904 2426 2057 2482 lestis
2108 2427 2290 2482 Patris
2334 2428 2653 2483 mansiones
2699 2427 2965 2494 sedesque
3006 2427 3399 2495 consequitur:
3430 2435 3485 2479 at

1905 2534 2080 2589 neque
2110 2534 2326 2573 sacrum
2360 2520 2489 2572 illud
2546 2534 2610 2572 ac
2656 2519 2990 2588 triumphale
3046 2520 3482 2581 tabernaculum.

1905 2613 1984 2665 vel
2018 2613 2096 2667 sic
2130 2612 2182 2665 in
2214 2621 2413 2665 terram
2441 2612 2644 2666 cadens
2671 2623 2913 2678 spretum
2941 2621 3042 2675 est,
3074 2614 3157 2665 Vel
3191 2613 3303 2677 pari
3338 2628 3483 2665 mar-

1904 2705 2112 2775 tyribus
2144 2706 2367 2773 reliquis
2389 2705 2593 2758 honore
2623 2704 2932 2758 decoratum
2970 2723 2981 2758 :
3024 2705 3114 2759 seti
3146 2705 3285 2759 sicut
3316 2706 3485 2770 utajo-

1902 2798 2055 2851 rihus
2107 2796 2365 2865 prodigiis
2415 2796 2871 2864 uberioribusque
2940 2796 3233 2848 sanitatum
3294 2797 3483 2865 gratiis

1901 2886 2103 2942 Christi
2136 2902 2360 2941 munere
2389 2887 2737 2940 honestatutn
2769 2896 2870 2949 est,
2908 2887 2987 2939 sic
3017 2897 3067 2939 et
3102 2888 3359 2941 humanis
3385 2887 3480 2940 ho-

1905 2980 2130 3034 noribus
2154 2994 2217 3033 ac
2265 2980 2567 3048 obsequiis,
2615 2981 2827 3032 cunctis
2879 2978 2989 3032 fere
3024 2979 3257 3031 victoria
3310 2980 3479 3048 inely-

1903 3080 2078 3125 torutn
2128 3082 2424 3141 martyrum
2480 3071 2804 3140 corporibus
2852 3071 3046 3138 majori
3102 3072 3271 3137 gloria
3356 3072 3482 3123 illu-

1902 3164 2072 3218 strius
2129 3164 2399 3217 habitum.
2432 3165 2509 3215 Ac
2564 3172 2678 3216 tum
2727 3162 2945 3229 quidem
2994 3162 3101 3216 illic
3159 3162 3258 3215 loci
3317 3176 3484 3230 prope

1902 3255 2173 3308 civitatem
2202 3262 2421 3323 aggesto
2456 3254 2669 3310 tumulo
2697 3254 2969 3323 pretiosus
3007 3254 3301 3307 thesaurus
3349 3253 3482 3307 title-

1906 3346 2032 3400 lium
2088 3347 2342 3401 manibus
2380 3346 2682 3400 honorilice
2737 3345 2994 3399 conditus
3045 3357 3129 3401 est
3163 3363 3174 3394 :
3211 3361 3274 3399 ac
3304 3360 3481 3415 quau-

1902 3452 2065 3505 quam
2103 3436 2435 3498 inaccessus,
2481 3436 2726 3505 nullique
2750 3450 2816 3489 eo
2839 3451 2904 3490 ex
2953 3444 3195 3502 tempore
3246 3451 3304 3489 re
3351 3450 3485 3489 con-

1902 3538 2126 3596 spectus
2158 3536 2262 3590 est,
2319 3542 2415 3595 per
2461 3526 2582 3596 ejus
2646 3536 2827 3580 tamen
2884 3527 3215 3581 mirabilium
3255 3542 3480 3598 operum

1913 3619 2150 3673 benefica
2211 3634 2439 3673 munera
2520 3620 2662 3673 haud
2716 3618 2833 3674 ﬁeri
2886 3629 3101 3689 poterat
3159 3628 3219 3672 ut
3271 3621 3480 3673 lateret.

1910 3712 2052 3776 Quin
2094 3712 2315 3781 jugibns
2352 3712 2737 3779 contentisquc
2791 3712 3289 3781 Supplicationibus
3333 3712 3480 3766 intus

1912 3804 2197 3857 Dominum
2265 3814 2474 3874 martyr
2530 3806 2878 3873 triumphalis
2940 3806 3187 3874 placans,
3239 3804 3484 3875 forisque

1906 3896 1958 3949 in
1982 3897 2214 3965 sepulcri
2239 3898 2503 3950 memoria
2538 3900 2835 3951 sanitatum
2877 3915 3105 3951 munere
3129 3914 3477 3968 permovens,

1906 3988 2101 4056 hisque
2128 3987 2256 4042 olim
2294 4005 2445 4041 suam
2482 3989 2759 4041 civitatem
2813 3990 2880 4042 ab
2928 3988 3245 4045 infidelitate
3298 3991 3363 4043 ad
3406 4005 3483 4044 re-

1905 4086 2050 4133 ctam
2103 4080 2489 4147 sinceramque
2534 4080 2693 4133 fidem
2742 4080 3047 4144 traducere,
3108 4081 3483 4149 hactenusque

1902 4172 1987 4223 vir
2019 4170 2374 4223 admirandus
2418 4184 2526 4223 non
2556 4179 2761 4226 cessat.
2792 4172 2961 4225 Aiunt
2988 4172 3136 4226 enim
3168 4174 3283 4243 (cui
3320 4174 3394 4227 rei
3429 4182 3484 4228 ct

1902 4263 2013 4333 ipse
2042 4263 2190 4317 visus
2242 4273 2459 4331 praestat
2497 4263 2687 4333 ﬁdem)
2749 4273 2993 4320 vertente
3077 4268 3205 4319 anni
3279 4279 3483 4335 tempe-

1900 4357 2059 4414 state,
2095 4365 2202 4418 qna
2236 4351 2356 4418 ejus
2396 4351 2629 4404 celelnis
2684 4354 2945 4406 memetia
2999 4354 3199 4422 agitur,
3254 4365 3483 4410 sacratae

1902 4443 2079 4511 plebis
2115 4444 2261 4497 circa
2303 4460 2523 4498 sacrum
2560 4446 2831 4499 tumulum
2880 4448 3286 4513 obsecratione,
3324 4449 3482 4503 dere-

200 4538 336 4598 θους
368 4536 619 4591 κάτωθεν
678 4537 985 4591 ἀναδίδοται
1041 4538 1074 4609 ἢ
1133 4539 1575 4611 ἀναρριπίζεται,
1624 4540 1795 4604 οὕτως

1904 4544 2062 4601 pente
2096 4534 2319 4589 insolito
2349 4537 2588 4605 quodam
2615 4540 2820 4603 sonitu,
2848 4540 3118 4608 flatusque
3142 4540 3378 4594 stridore
3409 4556 3477 4595 ex

205 4627 465 4698 σφοδρῶς
483 4629 892 4698 ὲκφυσὼμενος,
924 4629 999 4691 ὡς
1038 4631 1132 4683 καὶ
1177 4632 1304 4694 τοὺς
1335 4632 1479 4700 Ϊπερὶ
1506 4633 1596 4685 τὸν
1624 4633 1795 4700 τάφον

202 4719 534 4785 καιομένους
555 4719 902 4789 λαμπτῆρας,
920 4723 985 4791 τῇ
1013 4721 1269 4792 ἐπιπνοίᾳ
1302 4722 1794 4777 κατασόἐννυσθαιο

202 4808 345 4861 αὐτὸ
371 4807 431 4859 δὲ
463 4808 521 4859 τὸ
546 4809 641 4860 τοῦ
685 4808 859 4877 τάφου
916 4810 1113 4879 στόμα,
1156 4810 1250 4862 καὶ
1279 4809 1375 4879 τὴν
1411 4810 1795 4864 καλύπτουσαν

203 4899 609 4970 λαρναιιοειδῶς
655 4898 988 4969 οίκοδομίαν,
1032 4901 1315 4970 ἀνάμεστα
1341 4901 1436 4954 τοῦ
1466 4900 1614 4973 ἱεροῦ
1645 4904 1791 4972 χοὸς,

201 4992 302 5045 καὶ
356 4991 460 5061 τῆς
514 4992 701 5062 τιμίας
740 4992 945 5060 ταύτης
993 4993 1178 5057 κονίας
1233 4993 1435 5059 εὐθέως
1474 4996 1789 5050 ἀποδείκνυ-

203 5079 353 5131 σθαι.

272 5168 382 5238 κβ’.
417 5169 605 5235 Ἀξιον
646 5171 741 5223 καὶ
773 5170 930 5224 τοῦτο
967 5175 1034 5243 τῇ
1081 5173 1297 5244 ίστορίᾳ
1324 5175 1687 5246 παραδοῦναι,
1716 5177 1790 5241 ὡς

202 5262 262 5314 οὗ
310 5262 421 5331 πρὸ
467 5262 680 5315 πολλῶν
735 5263 942 5316 τούτων
995 5264 1152 5327 ἐτῶν,
1204 5266 1304 5336 τῆς
1346 5268 1564 5337 ὲτησίου
1605 5270 1791 5332 κονίας

204 5351 715 5422 ἀναδραττομένης.
746 5354 841 5407 καὶ
866 5354 958 5406 τὸν
989 5356 1165 5425 μέγαν
1198 5357 1291 5425 τῆς
1325 5359 1505 5427 χειρὸς
1530 5358 1791 5413 δάκτυλον

200 5444 300 5497 τοῦ
357 5445 682 5515 θαυμαστοῦ
748 5448 1041 5519 Μάρτυρος
1095 5448 1340 5503 κάτωθεν
1388 5452 1789 5521 συναναδῆναι,

272 5674 387 5741 (12)
425 5673 575 5729 Idem
608 5672 719 5729 fere
752 5676 1073 5730 miraculum
1105 5687 1361 5732 narratur
1411 5678 1479 5732 de
1535 5678 1790 5741 sepulcro

204 5746 261 5800 S.
284 5744 613 5816 Baytnundi
641 5745 709 5816 de
739 5743 1072 5813 Pegnaforti,
1101 5748 1176 5800 uti
1203 5748 1409 5804 dictum
1438 5757 1519 5806 est
1548 5743 1615 5804 ad
1644 5750 1785 5805 diem

208 5817 235 5868 7
272 5814 523 5871 Januarii
556 5814 610 5870 in
634 5815 753 5884 ejus
786 5815 953 5883 Actis,
980 5832 1100 5887 cap.
1138 5821 1193 5871 ιι.

1900 4622 2026 4676 imis
2060 4638 2279 4676 sursum
2311 4627 2584 4691 pulverem
2612 4642 2897 4698 erumpere
2927 4629 3042 4696 (12)
3075 4644 3170 4682 seu
3203 4628 3479 4682 exsnlllari

1901 4722 2048 4767 tanta
2076 4715 2440 4778 vehementia,
2476 4727 2535 4770 ut
2582 4728 2633 4771 et
2684 4720 2896 4773 tumulo
2925 4720 3348 4787 circumpositas
3392 4736 3481 4774 ac-

1899 4820 2090 4860 censas
2141 4806 2289 4862 faces
2341 4810 2636 4876 spiratione
2664 4813 3015 4881 exstinguat;
3054 4815 3345 4884 ipsumque
3392 4825 3477 4869 tu-

1899 4898 2029 4950 muli
2064 4913 2150 4962 os,
2180 4914 2442 4969 urnteque
2469 4902 2519 4953 in
2556 4902 2778 4957 modum
2805 4905 3146 4973 operientem
3184 4905 3475 4972 fabricam,

1898 5004 2058 5043 sacro
2096 4991 2314 5057 pulvere
2342 4993 2693 5063 pretiosoque
2738 4996 2922 5053 cinere
2965 4996 3252 5052 confestim
3298 5000 3477 5053 adim-

1896 5084 2059 5154 pleat.

1963 5176 2053 5229 2‘2.
2103 5177 2327 5248 Dignum
2359 5195 2487 5234 vero
2533 5191 2587 5235 et
2651 5182 2795 5237 istud
2844 5184 3241 5239 commentario
3296 5185 3481 5240 consi-

1894 5284 2099 5338 gnare;
2132 5280 2256 5323 ante
2281 5270 2549 5325 nimirum
2587 5287 2694 5327 non
2748 5275 2947 5329 multos
2998 5275 3099 5330 hos
3129 5290 3305 5329 annos
3336 5276 3475 5345 (15),

1895 5376 2081 5415 annuo
2134 5363 2358 5430 pulvere
2406 5377 2727 5433 erumpente
2778 5382 2843 5421 ac
2888 5368 3205 5433 ehulliente,
3271 5368 3477 5423 dextrae

1896 5468 2114 5524 quoque
2145 5454 2447 5511 admirandi
2474 5458 2731 5529 martyris
2784 5459 3049 5529 majorem
3100 5459 3329 5529 digitum
3368 5473 3476 5511 una

1968 5681 2079 5751 (l3)
2113 5679 2250 5735 llinc
2304 5689 2471 5749 patet,
2515 5680 2720 5736 cultum
2764 5680 2888 5750 ejus
2948 5677 3256 5734 Amastride
3296 5676 3474 5733 adhuc

1896 5750 2149 5808 ﬂoruisse
2184 5751 2384 5808 saeculo
2418 5766 2583 5806 nono.
