  <div class='ocr_page' id='page_1' title='image "/cluster/home/n/w/nwhite01/storage/ocr_20150623/105/nnc1.0046980105/227.png"; bbox 0 0 4186 6434; ppageno 0'>
   <div class='ocr_carea' id='block_1_1' title="bbox 724 387 830 452">
    <p class='ocr_par' dir='ltr' id='par_1_1' title="bbox 724 387 830 452">
     <span class='ocr_line' id='line_1_1' title="bbox 724 387 830 452; baseline 0.019 -2"><span class='ocrx_word' id='word_1_1' title='bbox 724 387 830 452; x_wconf 74' lang='grc'><strong>439</strong></span> 
     </span>
    </p>
   </div>
   <div class='ocr_carea' id='block_1_2' title="bbox 1927 397 2785 465">
    <p class='ocr_par' dir='ltr' id='par_1_2' title="bbox 1927 397 2785 465">
     <span class='ocr_line' id='line_1_2' title="bbox 1927 397 2785 465; baseline 0.009 -8"><span class='ocrx_word' id='word_1_2' title='bbox 1927 397 2219 457; x_wconf 70' lang='grc' dir='ltr'><strong>ΝῘΕΕΤίΕ</strong></span> <span class='ocrx_word' id='word_1_3' title='bbox 2258 400 2785 465; x_wconf 68' lang='lat' dir='ltr'><strong>PAPIILAGONIS</strong></span> 
     </span>
    </p>
   </div>
   <div class='ocr_carea' id='block_1_3' title="bbox 3873 411 3990 473">
    <p class='ocr_par' dir='ltr' id='par_1_3' title="bbox 3873 411 3990 473">
     <span class='ocr_line' id='line_1_3' title="bbox 3873 411 3990 473; baseline 0 0"><span class='ocrx_word' id='word_1_4' title='bbox 3873 411 3990 473; x_wconf 69' lang='lat' dir='ltr'>H0</span> 
     </span>
    </p>
   </div>
   <div class='ocr_carea' id='block_1_4' title="bbox 728 499 2319 587">
    <p class='ocr_par' dir='ltr' id='par_1_4' title="bbox 728 499 2303 573">
     <span class='ocr_line' id='line_1_4' title="bbox 728 499 2303 573; baseline 0.002 -18"><span class='ocrx_word' id='word_1_5' title='bbox 728 499 1065 563; x_wconf 54' lang='lat' dir='ltr'><strong>ascendisse,</strong></span> <span class='ocrx_word' id='word_1_6' title='bbox 1106 502 1173 554; x_wconf 89' lang='lat' dir='ltr'><strong>ita</strong></span> <span class='ocrx_word' id='word_1_7' title='bbox 1207 502 1476 570; x_wconf 79' lang='lat' dir='ltr'><strong>integrum</strong></span> <span class='ocrx_word' id='word_1_8' title='bbox 1505 519 1830 573; x_wconf 79' lang='lat' dir='ltr'><strong>saltumque,</strong></span> <span class='ocrx_word' id='word_1_9' title='bbox 1881 521 1942 558; x_wconf 90' lang='lat' dir='ltr'><strong>ac</strong></span> <span class='ocrx_word' id='word_1_10' title='bbox 1991 507 2035 560; x_wconf 88' lang='lat' dir='ltr'><strong>si</strong></span> <span class='ocrx_word' id='word_1_11' title='bbox 2090 506 2303 558; x_wconf 85' lang='lat' dir='ltr'><strong>vivente</strong></span> 
     </span>
    </p>
   </div>
   <div class='ocr_carea' id='block_1_5' title="bbox 2426 499 4003 587">
    <p class='ocr_par' dir='ltr' id='par_1_5' title="bbox 2426 511 4003 587">
     <span class='ocr_line' id='line_1_5' title="bbox 2426 511 4003 587; baseline 0.007 -26"><span class='ocrx_word' id='word_1_12' title='bbox 2426 511 2574 574; x_wconf 73' lang='grc' dir='ltr'>ιῦτως</span> <span class='ocrx_word' id='word_1_13' title='bbox 2604 513 2791 581; x_wconf 78' lang='grc' dir='ltr'>ἄρτιον</span> <span class='ocrx_word' id='word_1_14' title='bbox 2823 514 2915 566; x_wconf 77' lang='grc' dir='ltr'><strong>καὶ</strong></span> <span class='ocrx_word' id='word_1_15' title='bbox 2940 514 3256 585; x_wconf 74' lang='grc' dir='ltr'>ὀλόκληρον,</span> <span class='ocrx_word' id='word_1_16' title='bbox 3289 514 3362 579; x_wconf 83' lang='grc' dir='ltr'>ὡς</span> <span class='ocrx_word' id='word_1_17' title='bbox 3399 517 3522 587; x_wconf 81' lang='grc' dir='ltr'>ἄρτι</span> <span class='ocrx_word' id='word_1_18' title='bbox 3548 516 3649 585; x_wconf 81' lang='grc' dir='ltr'>τῆς</span> <span class='ocrx_word' id='word_1_19' title='bbox 3679 519 3844 571; x_wconf 74' lang='grc' dir='ltr'>αὑτοῦ</span> <span class='ocrx_word' id='word_1_20' title='bbox 3877 520 4003 584; x_wconf 60' lang='lat' dir='ltr'><strong>Edi-</strong></span> 
     </span>
    </p>
   </div>
   <div class='ocr_carea' id='block_1_6' title="bbox 725 593 2302 668">
    <p class='ocr_par' dir='ltr' id='par_1_6' title="bbox 725 593 2302 668">
     <span class='ocr_line' id='line_1_6' title="bbox 725 593 2302 668; baseline 0.002 -23"><span class='ocrx_word' id='word_1_21' title='bbox 725 608 916 645; x_wconf 78' lang='lat' dir='ltr'><strong>recens</strong></span> <span class='ocrx_word' id='word_1_22' title='bbox 943 593 1160 644; x_wconf 79' lang='lat' dir='ltr'><strong>dextera</strong></span> <span class='ocrx_word' id='word_1_23' title='bbox 1189 602 1500 660; x_wconf 90' lang='lat' dir='ltr'><strong>amputatns</strong></span> <span class='ocrx_word' id='word_1_24' title='bbox 1527 605 1692 648; x_wconf 88' lang='lat' dir='ltr'><strong>esset.</strong></span> <span class='ocrx_word' id='word_1_25' title='bbox 1723 593 1812 647; x_wconf 90' lang='lat' dir='ltr'><strong>Sic</strong></span> <span class='ocrx_word' id='word_1_26' title='bbox 1841 611 1966 648; x_wconf 91' lang='lat' dir='ltr'><strong>vero</strong></span> <span class='ocrx_word' id='word_1_27' title='bbox 1989 595 2302 668; x_wconf 81' lang='lat' dir='ltr'><strong>ascendisse</strong></span> 
     </span>
    </p>
   </div>
   <div class='ocr_carea' id='block_1_7' title="bbox 725 684 2305 755">
    <p class='ocr_par' dir='ltr' id='par_1_7' title="bbox 725 684 2305 755">
     <span class='ocr_line' id='line_1_7' title="bbox 725 684 2305 755; baseline 0.002 -19"><span class='ocrx_word' id='word_1_28' title='bbox 725 684 980 745; x_wconf 71' lang='lat' dir='ltr'><strong>arbitror,</strong></span> <span class='ocrx_word' id='word_1_29' title='bbox 1021 693 1075 734; x_wconf 93' lang='lat' dir='ltr'><strong>ut</strong></span> <span class='ocrx_word' id='word_1_30' title='bbox 1108 685 1281 737; x_wconf 90' lang='lat' dir='ltr'><strong>sancti</strong></span> <span class='ocrx_word' id='word_1_31' title='bbox 1317 700 1380 737; x_wconf 92' lang='lat' dir='ltr'><strong>eo</strong></span> <span class='ocrx_word' id='word_1_32' title='bbox 1424 685 1544 738; x_wconf 92' lang='lat' dir='ltr'><strong>loco</strong></span> <span class='ocrx_word' id='word_1_33' title='bbox 1597 686 1905 755; x_wconf 83' lang='lat' dir='ltr'><strong>corpusculi</strong></span> <span class='ocrx_word' id='word_1_34' title='bbox 1947 687 2305 755; x_wconf 78' lang='lat' dir='ltr'><strong>depositionis</strong></span> 
     </span>
    </p>
   </div>
   <div class='ocr_carea' id='block_1_8' title="bbox 726 775 2304 848">
    <p class='ocr_par' dir='ltr' id='par_1_8' title="bbox 726 775 2304 848">
     <span class='ocr_line' id='line_1_8' title="bbox 726 775 2304 848; baseline 0.004 -23"><span class='ocrx_word' id='word_1_35' title='bbox 726 775 1008 828; x_wconf 77' lang='lat' dir='ltr'><strong>certiorem</strong></span> <span class='ocrx_word' id='word_1_36' title='bbox 1081 775 1282 829; x_wconf 72' lang='lat' dir='ltr'><strong>faceret</strong></span> <span class='ocrx_word' id='word_1_37' title='bbox 1332 777 1513 841; x_wconf 82' lang='lat' dir='ltr'><strong>Iidem,</strong></span> <span class='ocrx_word' id='word_1_38' title='bbox 1573 787 1626 832; x_wconf 86' lang='lat' dir='ltr'><strong>et</strong></span> <span class='ocrx_word' id='word_1_39' title='bbox 1675 778 1742 831; x_wconf 82' lang='lat' dir='ltr'><strong>ad</strong></span> <span class='ocrx_word' id='word_1_40' title='bbox 1797 779 1980 848; x_wconf 87' lang='lat' dir='ltr'><strong>templi</strong></span> <span class='ocrx_word' id='word_1_41' title='bbox 2045 777 2304 832; x_wconf 84' lang='lat' dir='ltr'><strong>fabricam</strong></span> 
     </span>
    </p>
   </div>
   <div class='ocr_carea' id='block_1_9' title="bbox 729 867 2302 938">
    <p class='ocr_par' dir='ltr' id='par_1_9' title="bbox 729 867 2302 938">
     <span class='ocr_line' id='line_1_9' title="bbox 729 867 2302 938; baseline 0.004 -20"><span class='ocrx_word' id='word_1_42' title='bbox 729 867 910 919; x_wconf 87' lang='lat' dir='ltr'><strong>tideles</strong></span> <span class='ocrx_word' id='word_1_43' title='bbox 961 867 1247 920; x_wconf 73' lang='lat' dir='ltr'><strong>animaret.</strong></span> <span class='ocrx_word' id='word_1_44' title='bbox 1313 867 1356 921; x_wconf 95' lang='grc' dir='ltr'>Ο</span> <span class='ocrx_word' id='word_1_45' title='bbox 1404 879 1648 923; x_wconf 80' lang='lat' dir='ltr'><strong>sanctum</strong></span> <span class='ocrx_word' id='word_1_46' title='bbox 1701 871 1976 938; x_wconf 77' lang='lat' dir='ltr'><strong>pulverem</strong></span> <span class='ocrx_word' id='word_1_47' title='bbox 2027 871 2078 923; x_wconf 89' lang='lat' dir='ltr'><strong>in</strong></span> <span class='ocrx_word' id='word_1_48' title='bbox 2128 871 2302 924; x_wconf 91' lang='lat' dir='ltr'><strong>sancti</strong></span> 
     </span>
    </p>
   </div>
   <div class='ocr_carea' id='block_1_10' title="bbox 729 959 2309 1034">
    <p class='ocr_par' dir='ltr' id='par_1_10' title="bbox 729 959 2309 1034">
     <span class='ocr_line' id='line_1_10' title="bbox 729 959 2309 1034; baseline 0.004 -23"><span class='ocrx_word' id='word_1_49' title='bbox 729 960 952 1028; x_wconf 90' lang='lat' dir='ltr'><strong>pulvere</strong></span> <span class='ocrx_word' id='word_1_50' title='bbox 997 959 1264 1013; x_wconf 89' lang='lat' dir='ltr'><strong>imbutum</strong></span> <span class='ocrx_word' id='word_1_51' title='bbox 1297 961 1607 1020; x_wconf 72' lang='lat' dir='ltr'><strong>sanctitate.</strong></span> <span class='ocrx_word' id='word_1_52' title='bbox 1653 963 1744 1031; x_wconf 88' lang='lat' dir='ltr'><strong>qui</strong></span> <span class='ocrx_word' id='word_1_53' title='bbox 1803 965 2059 1017; x_wconf 86' lang='lat' dir='ltr'><strong>universo</strong></span> <span class='ocrx_word' id='word_1_54' title='bbox 2107 965 2309 1034; x_wconf 85' lang='lat' dir='ltr'><strong>populo</strong></span> 
     </span>
    </p>
   </div>
   <div class='ocr_carea' id='block_1_11' title="bbox 730 1051 2311 1123">
    <p class='ocr_par' dir='ltr' id='par_1_11' title="bbox 730 1051 2311 1123">
     <span class='ocr_line' id='line_1_11' title="bbox 730 1051 2311 1123; baseline 0.004 -19"><span class='ocrx_word' id='word_1_55' title='bbox 730 1051 1100 1114; x_wconf 77' lang='lat' dir='ltr'><strong>distribuaiis,</strong></span> <span class='ocrx_word' id='word_1_56' title='bbox 1156 1053 1385 1122; x_wconf 90' lang='lat' dir='ltr'><strong>parique</strong></span> <span class='ocrx_word' id='word_1_57' title='bbox 1427 1069 1552 1106; x_wconf 88' lang='lat' dir='ltr'><strong>eum</strong></span> <span class='ocrx_word' id='word_1_58' title='bbox 1593 1063 1785 1108; x_wconf 84' lang='lat' dir='ltr'><strong>saneto</strong></span> <span class='ocrx_word' id='word_1_59' title='bbox 1829 1070 2058 1123; x_wconf 88' lang='lat' dir='ltr'><strong>corpore</strong></span> <span class='ocrx_word' id='word_1_60' title='bbox 2111 1057 2311 1110; x_wconf 90' lang='lat' dir='ltr'><strong>virtute</strong></span> 
     </span>
    </p>
   </div>
   <div class='ocr_carea' id='block_1_12' title="bbox 728 1144 2314 1216">
    <p class='ocr_par' dir='ltr' id='par_1_12' title="bbox 728 1144 2314 1216">
     <span class='ocr_line' id='line_1_12' title="bbox 728 1144 2314 1216; baseline 0.003 -19"><span class='ocrx_word' id='word_1_61' title='bbox 728 1145 970 1215; x_wconf 86' lang='lat' dir='ltr'><strong>polleas!</strong></span> <span class='ocrx_word' id='word_1_62' title='bbox 1027 1144 1072 1198; x_wconf 90' lang='grc' dir='ltr'><strong>Ο</strong></span> <span class='ocrx_word' id='word_1_63' title='bbox 1131 1146 1342 1214; x_wconf 82' lang='lat' dir='ltr'><strong>pulvis,</strong></span> <span class='ocrx_word' id='word_1_64' title='bbox 1411 1156 1601 1200; x_wconf 89' lang='lat' dir='ltr'><strong>natura</strong></span> <span class='ocrx_word' id='word_1_65' title='bbox 1664 1148 1880 1216; x_wconf 86' lang='lat' dir='ltr'><strong>quidem</strong></span> <span class='ocrx_word' id='word_1_66' title='bbox 1935 1158 2206 1210; x_wconf 89' lang='lat' dir='ltr'><strong>terrenus,</strong></span> <span class='ocrx_word' id='word_1_67' title='bbox 2259 1157 2314 1202; x_wconf 87' lang='lat' dir='ltr'><strong>at</strong></span> 
     </span>
    </p>
   </div>
   <div class='ocr_carea' id='block_1_13' title="bbox 729 1237 2310 1306">
    <p class='ocr_par' dir='ltr' id='par_1_13' title="bbox 729 1237 2310 1306">
     <span class='ocr_line' id='line_1_13' title="bbox 729 1237 2310 1306; baseline 0.001 -16"><span class='ocrx_word' id='word_1_68' title='bbox 729 1237 967 1291; x_wconf 70' lang='lat' dir='ltr'><strong>caele-stis</strong></span> <span class='ocrx_word' id='word_1_69' title='bbox 1002 1237 1200 1290; x_wconf 89' lang='lat' dir='ltr'><strong>virtute</strong></span> <span class='ocrx_word' id='word_1_70' title='bbox 1249 1247 1410 1306; x_wconf 88' lang='lat' dir='ltr'><strong>atque</strong></span> <span class='ocrx_word' id='word_1_71' title='bbox 1459 1239 1739 1306; x_wconf 83' lang='lat' dir='ltr'><strong>potentia!</strong></span> <span class='ocrx_word' id='word_1_72' title='bbox 1796 1238 1976 1292; x_wconf 84' lang='lat' dir='ltr'><strong>Pulvis</strong></span> <span class='ocrx_word' id='word_1_73' title='bbox 2027 1239 2310 1303; x_wconf 87' lang='lat' dir='ltr'><strong>nimirum,</strong></span> 
     </span>
    </p>
   </div>
   <div class='ocr_carea' id='block_1_14' title="bbox 729 1331 2310 1403">
    <p class='ocr_par' dir='ltr' id='par_1_14' title="bbox 729 1331 2310 1403">
     <span class='ocr_line' id='line_1_14' title="bbox 729 1331 2310 1403; baseline 0 -18"><span class='ocrx_word' id='word_1_74' title='bbox 729 1347 966 1397; x_wconf 70' lang='lat' dir='ltr'><strong>maxime,</strong></span> <span class='ocrx_word' id='word_1_75' title='bbox 1019 1333 1161 1400; x_wconf 82' lang='lat' dir='ltr'><strong>quod</strong></span> <span class='ocrx_word' id='word_1_76' title='bbox 1197 1331 1326 1386; x_wconf 92' lang='lat' dir='ltr'><strong>olim</strong></span> <span class='ocrx_word' id='word_1_77' title='bbox 1374 1346 1404 1385; x_wconf 89' lang='lat' dir='ltr'><strong>e</strong></span> <span class='ocrx_word' id='word_1_78' title='bbox 1448 1334 1586 1386; x_wconf 76' lang='lat' dir='ltr'><strong>etelo</strong></span> <span class='ocrx_word' id='word_1_79' title='bbox 1615 1334 1852 1403; x_wconf 87' lang='lat' dir='ltr'><strong>pluebat,</strong></span> <span class='ocrx_word' id='word_1_80' title='bbox 1886 1332 2058 1402; x_wconf 83' lang='lat' dir='ltr'><strong>gratia</strong></span> <span class='ocrx_word' id='word_1_81' title='bbox 2085 1346 2310 1386; x_wconf 81' lang='lat' dir='ltr'><strong>venera-</strong></span> 
     </span>
    </p>
   </div>
   <div class='ocr_carea' id='block_1_15' title="bbox 730 1425 2314 1498">
    <p class='ocr_par' dir='ltr' id='par_1_15' title="bbox 730 1425 2314 1498">
     <span class='ocr_line' id='line_1_15' title="bbox 730 1425 2314 1498; baseline -0.001 -19"><span class='ocrx_word' id='word_1_82' title='bbox 730 1426 926 1488; x_wconf 87' lang='lat' dir='ltr'><strong>bilior,</strong></span> <span class='ocrx_word' id='word_1_83' title='bbox 986 1426 1350 1480; x_wconf 70' lang='lat' dir='ltr'><strong>sanctimonia</strong></span> <span class='ocrx_word' id='word_1_84' title='bbox 1406 1427 1739 1498; x_wconf 66' lang='lat' dir='ltr'><strong>religiosior,</strong></span> <span class='ocrx_word' id='word_1_85' title='bbox 1799 1428 1997 1479; x_wconf 86' lang='lat' dir='ltr'><strong>virtute</strong></span> <span class='ocrx_word' id='word_1_86' title='bbox 2043 1425 2314 1494; x_wconf 88' lang='lat' dir='ltr'><strong>potentior</strong></span> 
     </span>
    </p>
   </div>
   <div class='ocr_carea' id='block_1_16' title="bbox 731 1519 2312 1588">
    <p class='ocr_par' dir='ltr' id='par_1_16' title="bbox 731 1519 2312 1588">
     <span class='ocr_line' id='line_1_16' title="bbox 731 1519 2312 1588; baseline -0.001 -15"><span class='ocrx_word' id='word_1_87' title='bbox 731 1521 1127 1587; x_wconf 86' lang='lat' dir='ltr'><strong>ellieaeiorque.</strong></span> <span class='ocrx_word' id='word_1_88' title='bbox 1172 1519 1304 1572; x_wconf 74' lang='lat' dir='ltr'><strong>Nam</strong></span> <span class='ocrx_word' id='word_1_89' title='bbox 1339 1519 1468 1573; x_wconf 80' lang='lat' dir='ltr'><strong>illud</strong></span> <span class='ocrx_word' id='word_1_90' title='bbox 1508 1521 1728 1587; x_wconf 78' lang='lat' dir='ltr'><strong>quidem</strong></span> <span class='ocrx_word' id='word_1_91' title='bbox 1774 1519 1837 1572; x_wconf 86' lang='lat' dir='ltr'><strong>ad</strong></span> <span class='ocrx_word' id='word_1_92' title='bbox 1861 1519 2052 1572; x_wconf 87' lang='lat' dir='ltr'><strong>alenda</strong></span> <span class='ocrx_word' id='word_1_93' title='bbox 2083 1532 2312 1588; x_wconf 85' lang='lat' dir='ltr'><strong>corpora</strong></span> 
     </span>
    </p>
   </div>
   <div class='ocr_carea' id='block_1_17' title="bbox 733 1611 2315 1680">
    <p class='ocr_par' dir='ltr' id='par_1_17' title="bbox 733 1611 2315 1680">
     <span class='ocr_line' id='line_1_17' title="bbox 733 1611 2315 1680; baseline -0.003 -15"><span class='ocrx_word' id='word_1_94' title='bbox 733 1628 796 1666; x_wconf 88' lang='lat' dir='ltr'><strong>ac</strong></span> <span class='ocrx_word' id='word_1_95' title='bbox 825 1611 1195 1666; x_wconf 70' lang='lat' dir='ltr'><strong>conservanda</strong></span> <span class='ocrx_word' id='word_1_96' title='bbox 1225 1611 1365 1664; x_wconf 59' lang='lat' dir='ltr'><strong>caelo</strong></span> <span class='ocrx_word' id='word_1_97' title='bbox 1397 1611 1610 1680; x_wconf 91' lang='lat' dir='ltr'><strong>pluebal</strong></span> <span class='ocrx_word' id='word_1_98' title='bbox 1638 1627 1653 1676; x_wconf 92' lang='lat'><strong>;</strong></span> <span class='ocrx_word' id='word_1_99' title='bbox 1702 1611 1792 1664; x_wconf 82' lang='lat' dir='ltr'><strong>hic</strong></span> <span class='ocrx_word' id='word_1_100' title='bbox 1819 1627 1968 1676; x_wconf 87' lang='lat' dir='ltr'><strong>vero,</strong></span> <span class='ocrx_word' id='word_1_101' title='bbox 2004 1626 2110 1664; x_wconf 92' lang='lat' dir='ltr'><strong>non</strong></span> <span class='ocrx_word' id='word_1_102' title='bbox 2139 1611 2315 1664; x_wconf 91' lang='lat' dir='ltr'><strong>solum</strong></span> 
     </span>
    </p>
   </div>
   <div class='ocr_carea' id='block_1_18' title="bbox 732 1702 2317 1772">
    <p class='ocr_par' dir='ltr' id='par_1_18' title="bbox 732 1702 2317 1772">
     <span class='ocr_line' id='line_1_18' title="bbox 732 1702 2317 1772; baseline -0.001 -15"><span class='ocrx_word' id='word_1_103' title='bbox 732 1706 798 1758; x_wconf 86' lang='lat' dir='ltr'><strong>ad</strong></span> <span class='ocrx_word' id='word_1_104' title='bbox 855 1719 1084 1772; x_wconf 85' lang='lat' dir='ltr'><strong>corpora</strong></span> <span class='ocrx_word' id='word_1_105' title='bbox 1153 1704 1215 1770; x_wconf 89' lang='lat' dir='ltr'><strong>(a</strong></span> <span class='ocrx_word' id='word_1_106' title='bbox 1267 1702 1488 1772; x_wconf 72' lang='lat' dir='ltr'><strong>frigoris</strong></span> <span class='ocrx_word' id='word_1_107' title='bbox 1541 1705 1776 1757; x_wconf 76' lang='lat' dir='ltr'><strong>maxime</strong></span> <span class='ocrx_word' id='word_1_108' title='bbox 1833 1712 2109 1772; x_wconf 72' lang='lat' dir='ltr'><strong>azstusque</strong></span> <span class='ocrx_word' id='word_1_109' title='bbox 2157 1703 2317 1772; x_wconf 90' lang='lat' dir='ltr'><strong>tabe)</strong></span> 
     </span>
    </p>
   </div>
   <div class='ocr_carea' id='block_1_19' title="bbox 734 1794 2319 1856">
    <p class='ocr_par' dir='ltr' id='par_1_19' title="bbox 734 1794 2319 1856">
     <span class='ocr_line' id='line_1_19' title="bbox 734 1794 2319 1856; baseline -0.003 -5"><span class='ocrx_word' id='word_1_110' title='bbox 734 1797 998 1856; x_wconf 70' lang='lat' dir='ltr'><strong>curanda.</strong></span> <span class='ocrx_word' id='word_1_111' title='bbox 1059 1812 1247 1850; x_wconf 82' lang='lat' dir='ltr'><strong>verum</strong></span> <span class='ocrx_word' id='word_1_112' title='bbox 1305 1797 1468 1850; x_wconf 89' lang='lat' dir='ltr'><strong>etiam</strong></span> <span class='ocrx_word' id='word_1_113' title='bbox 1536 1797 1597 1849; x_wconf 87' lang='lat' dir='ltr'><strong>ad</strong></span> <span class='ocrx_word' id='word_1_114' title='bbox 1663 1796 2032 1849; x_wconf 76' lang='lat' dir='ltr'><strong>abundantem</strong></span> <span class='ocrx_word' id='word_1_115' title='bbox 2117 1794 2319 1847; x_wconf 84' lang='lat' dir='ltr'><strong>animis</strong></span> 
     </span>
    </p>
   </div>
   <div class='ocr_carea' id='block_1_20' title="bbox 734 1885 2010 1955">
    <p class='ocr_par' dir='ltr' id='par_1_20' title="bbox 734 1885 2010 1955">
     <span class='ocr_line' id='line_1_20' title="bbox 734 1885 2010 1955; baseline 0 -15"><span class='ocrx_word' id='word_1_116' title='bbox 734 1889 1045 1941; x_wconf 85' lang='lat' dir='ltr'><strong>lirmitatem</strong></span> <span class='ocrx_word' id='word_1_117' title='bbox 1079 1887 1440 1955; x_wconf 68' lang='lat' dir='ltr'><strong>praestandam</strong></span> <span class='ocrx_word' id='word_1_118' title='bbox 1469 1901 1532 1939; x_wconf 87' lang='lat' dir='ltr'><strong>ac</strong></span> <span class='ocrx_word' id='word_1_119' title='bbox 1564 1885 2010 1940; x_wconf 90' lang='lat' dir='ltr'><strong>illustrationem.</strong></span> 
     </span>
    </p>
   </div>
   <div class='ocr_carea' id='block_1_21' title="bbox 804 1975 2317 2050">
    <p class='ocr_par' dir='ltr' id='par_1_21' title="bbox 804 1975 2317 2050">
     <span class='ocr_line' id='line_1_21' title="bbox 804 1975 2317 2050; baseline 0.001 -20"><span class='ocrx_word' id='word_1_120' title='bbox 804 1978 892 2031; x_wconf 73' lang='lat'><strong>‘23.</strong></span> <span class='ocrx_word' id='word_1_121' title='bbox 935 1979 1021 2041; x_wconf 73' lang='lat' dir='ltr'><strong>At,</strong></span> <span class='ocrx_word' id='word_1_122' title='bbox 1081 1994 1114 2031; x_wconf 91' lang='grc' dir='ltr'><strong>ο</strong></span> <span class='ocrx_word' id='word_1_123' title='bbox 1168 1985 1473 2046; x_wconf 81' lang='lat' dir='ltr'><strong>martyrum</strong></span> <span class='ocrx_word' id='word_1_124' title='bbox 1524 1975 1770 2029; x_wconf 92' lang='lat' dir='ltr'><strong>omnium</strong></span> <span class='ocrx_word' id='word_1_125' title='bbox 1820 1978 1988 2032; x_wconf 88' lang='lat' dir='ltr'><strong>decus</strong></span> <span class='ocrx_word' id='word_1_126' title='bbox 2032 1978 2317 2050; x_wconf 85' lang='lat' dir='ltr'><strong>inclytum,</strong></span> 
     </span>
    </p>
   </div>
   <div class='ocr_carea' id='block_1_22' title="bbox 736 2067 2320 2138">
    <p class='ocr_par' dir='ltr' id='par_1_22' title="bbox 736 2067 2320 2138">
     <span class='ocr_line' id='line_1_22' title="bbox 736 2067 2320 2138; baseline 0.001 -16"><span class='ocrx_word' id='word_1_127' title='bbox 736 2070 973 2123; x_wconf 67' lang='lat' dir='ltr'><strong>titlelium</strong></span> <span class='ocrx_word' id='word_1_128' title='bbox 1025 2068 1282 2138; x_wconf 77' lang='lat' dir='ltr'><strong>gloriatio</strong></span> <span class='ocrx_word' id='word_1_129' title='bbox 1325 2067 1692 2136; x_wconf 85' lang='lat' dir='ltr'><strong>contritioque</strong></span> <span class='ocrx_word' id='word_1_130' title='bbox 1717 2067 2016 2122; x_wconf 79' lang='lat' dir='ltr'><strong>infidelium</strong></span> <span class='ocrx_word' id='word_1_131' title='bbox 2043 2070 2055 2122; x_wconf 87' lang='lat'>!</span> <span class='ocrx_word' id='word_1_132' title='bbox 2088 2070 2131 2125; x_wconf 89' lang='grc' dir='ltr'>Ο</span> <span class='ocrx_word' id='word_1_133' title='bbox 2160 2087 2320 2125; x_wconf 87' lang='lat' dir='ltr'><strong>vene-</strong></span> 
     </span>
    </p>
   </div>
   <div class='ocr_carea' id='block_1_23' title="bbox 733 2156 2317 2228">
    <p class='ocr_par' dir='ltr' id='par_1_23' title="bbox 733 2156 2317 2228">
     <span class='ocr_line' id='line_1_23' title="bbox 733 2156 2317 2228; baseline -0.001 -15"><span class='ocrx_word' id='word_1_134' title='bbox 733 2161 918 2213; x_wconf 69' lang='lat' dir='ltr'><strong>randa:</strong></span> <span class='ocrx_word' id='word_1_135' title='bbox 949 2159 1138 2228; x_wconf 81' lang='lat' dir='ltr'><strong>patria:</strong></span> <span class='ocrx_word' id='word_1_136' title='bbox 1173 2159 1311 2212; x_wconf 90' lang='lat' dir='ltr'><strong>bona</strong></span> <span class='ocrx_word' id='word_1_137' title='bbox 1355 2156 1539 2225; x_wconf 82' lang='lat' dir='ltr'><strong>stirps,</strong></span> <span class='ocrx_word' id='word_1_138' title='bbox 1609 2157 1718 2210; x_wconf 90' lang='lat' dir='ltr'><strong>imo</strong></span> <span class='ocrx_word' id='word_1_139' title='bbox 1749 2172 1878 2210; x_wconf 87' lang='lat' dir='ltr'><strong>vero</strong></span> <span class='ocrx_word' id='word_1_140' title='bbox 1909 2160 2075 2227; x_wconf 85' lang='lat' dir='ltr'><strong>stirps</strong></span> <span class='ocrx_word' id='word_1_141' title='bbox 2103 2168 2317 2223; x_wconf 87' lang='lat' dir='ltr'><strong>sancta,</strong></span> 
     </span>
    </p>
   </div>
   <div class='ocr_carea' id='block_1_24' title="bbox 735 2249 2317 2320">
    <p class='ocr_par' dir='ltr' id='par_1_24' title="bbox 735 2249 2317 2320">
     <span class='ocr_line' id='line_1_24' title="bbox 735 2249 2317 2320; baseline -0.003 -12"><span class='ocrx_word' id='word_1_142' title='bbox 735 2269 837 2308; x_wconf 86' lang='lat' dir='ltr'><strong>suo</strong></span> <span class='ocrx_word' id='word_1_143' title='bbox 870 2267 1094 2306; x_wconf 91' lang='lat' dir='ltr'><strong>munere</strong></span> <span class='ocrx_word' id='word_1_144' title='bbox 1129 2265 1351 2320; x_wconf 89' lang='lat' dir='ltr'><strong>pravam</strong></span> <span class='ocrx_word' id='word_1_145' title='bbox 1384 2251 1616 2320; x_wconf 91' lang='lat' dir='ltr'><strong>patriam</strong></span> <span class='ocrx_word' id='word_1_146' title='bbox 1662 2249 1714 2302; x_wconf 91' lang='lat' dir='ltr'><strong>in</strong></span> <span class='ocrx_word' id='word_1_147' title='bbox 1745 2250 2043 2304; x_wconf 75' lang='lat' dir='ltr'><strong>bonitatem</strong></span> <span class='ocrx_word' id='word_1_148' title='bbox 2080 2261 2317 2314; x_wconf 82' lang='lat' dir='ltr'><strong>vertens,</strong></span> 
     </span>
    </p>
   </div>
   <div class='ocr_carea' id='block_1_25' title="bbox 737 2343 2321 2416">
    <p class='ocr_par' dir='ltr' id='par_1_25' title="bbox 737 2343 2321 2416">
     <span class='ocr_line' id='line_1_25' title="bbox 737 2343 2321 2416; baseline -0.002 -16"><span class='ocrx_word' id='word_1_149' title='bbox 737 2349 1121 2416; x_wconf 84' lang='lat' dir='ltr'><strong>impuramque</strong></span> <span class='ocrx_word' id='word_1_150' title='bbox 1156 2354 1362 2399; x_wconf 87' lang='lat' dir='ltr'><strong>castam</strong></span> <span class='ocrx_word' id='word_1_151' title='bbox 1403 2343 1636 2398; x_wconf 81' lang='lat' dir='ltr'><strong>reddens</strong></span> <span class='ocrx_word' id='word_1_152' title='bbox 1677 2359 1740 2398; x_wconf 86' lang='lat' dir='ltr'><strong>ac</strong></span> <span class='ocrx_word' id='word_1_153' title='bbox 1775 2355 2043 2410; x_wconf 86' lang='lat' dir='ltr'><strong>sanctam,</strong></span> <span class='ocrx_word' id='word_1_154' title='bbox 2089 2344 2321 2398; x_wconf 85' lang='lat' dir='ltr'><strong>inhono-</strong></span> 
     </span>
    </p>
   </div>
   <div class='ocr_carea' id='block_1_26' title="bbox 736 2435 2320 2508">
    <p class='ocr_par' dir='ltr' id='par_1_26' title="bbox 736 2435 2320 2508">
     <span class='ocr_line' id='line_1_26' title="bbox 736 2435 2320 2508; baseline -0.003 -15"><span class='ocrx_word' id='word_1_155' title='bbox 736 2455 963 2508; x_wconf 77' lang='lat' dir='ltr'><strong>ramque</strong></span> <span class='ocrx_word' id='word_1_156' title='bbox 996 2439 1311 2491; x_wconf 88' lang='lat' dir='ltr'><strong>bonorans!</strong></span> <span class='ocrx_word' id='word_1_157' title='bbox 1349 2435 1527 2504; x_wconf 90' lang='lat' dir='ltr'><strong>Stirps</strong></span> <span class='ocrx_word' id='word_1_158' title='bbox 1563 2437 1800 2505; x_wconf 84' lang='lat' dir='ltr'><strong>pretiosa</strong></span> <span class='ocrx_word' id='word_1_159' title='bbox 1826 2436 2176 2505; x_wconf 74' lang='lat' dir='ltr'><strong>eculestisque</strong></span> <span class='ocrx_word' id='word_1_160' title='bbox 2219 2435 2320 2489; x_wconf 83' lang='lat' dir='ltr'><strong>Pa-</strong></span> 
     </span>
    </p>
   </div>
   <div class='ocr_carea' id='block_1_27' title="bbox 741 2527 2316 2598">
    <p class='ocr_par' dir='ltr' id='par_1_27' title="bbox 741 2527 2316 2598">
     <span class='ocr_line' id='line_1_27' title="bbox 741 2527 2316 2598; baseline -0.001 -16"><span class='ocrx_word' id='word_1_161' title='bbox 741 2533 843 2584; x_wconf 86' lang='lat' dir='ltr'><strong>tris</strong></span> <span class='ocrx_word' id='word_1_162' title='bbox 896 2531 971 2584; x_wconf 92' lang='lat' dir='ltr'><strong>tui</strong></span> <span class='ocrx_word' id='word_1_163' title='bbox 1025 2546 1155 2584; x_wconf 83' lang='lat' dir='ltr'><strong>vere</strong></span> <span class='ocrx_word' id='word_1_164' title='bbox 1197 2530 1534 2598; x_wconf 90' lang='lat' dir='ltr'><strong>plantatione</strong></span> <span class='ocrx_word' id='word_1_165' title='bbox 1565 2528 1747 2598; x_wconf 80' lang='lat' dir='ltr'><strong>digna,</strong></span> <span class='ocrx_word' id='word_1_166' title='bbox 1789 2530 1942 2598; x_wconf 83' lang='lat' dir='ltr'><strong>quasi</strong></span> <span class='ocrx_word' id='word_1_167' title='bbox 1978 2529 2175 2598; x_wconf 90' lang='lat' dir='ltr'><strong>palma,</strong></span> <span class='ocrx_word' id='word_1_168' title='bbox 2205 2527 2316 2597; x_wconf 77' lang='lat' dir='ltr'><strong>jugi</strong></span> 
     </span>
    </p>
   </div>
   <div class='ocr_carea' id='block_1_28' title="bbox 735 2620 2320 2688">
    <p class='ocr_par' dir='ltr' id='par_1_28' title="bbox 735 2620 2320 2688">
     <span class='ocr_line' id='line_1_28' title="bbox 735 2620 2320 2688; baseline -0.002 -13"><span class='ocrx_word' id='word_1_169' title='bbox 735 2625 998 2676; x_wconf 83' lang='lat' dir='ltr'><strong>virtutum</strong></span> <span class='ocrx_word' id='word_1_170' title='bbox 1055 2621 1187 2675; x_wconf 82' lang='lat' dir='ltr'><strong>ﬂore</strong></span> <span class='ocrx_word' id='word_1_171' title='bbox 1250 2635 1505 2683; x_wconf 87' lang='lat' dir='ltr'><strong>vernans,</strong></span> <span class='ocrx_word' id='word_1_172' title='bbox 1570 2635 1634 2674; x_wconf 88' lang='lat' dir='ltr'><strong>ae</strong></span> <span class='ocrx_word' id='word_1_173' title='bbox 1695 2621 1853 2688; x_wconf 89' lang='lat' dir='ltr'><strong>quasi</strong></span> <span class='ocrx_word' id='word_1_174' title='bbox 1913 2620 2108 2673; x_wconf 80' lang='lat' dir='ltr'><strong>cedrus</strong></span> <span class='ocrx_word' id='word_1_175' title='bbox 2164 2635 2320 2672; x_wconf 77' lang='lat' dir='ltr'><strong>secus</strong></span> 
     </span>
    </p>
   </div>
   <div class='ocr_carea' id='block_1_29' title="bbox 735 2710 2316 2782">
    <p class='ocr_par' dir='ltr' id='par_1_29' title="bbox 735 2710 2316 2782">
     <span class='ocr_line' id='line_1_29' title="bbox 735 2710 2316 2782; baseline -0.004 -14"><span class='ocrx_word' id='word_1_176' title='bbox 735 2731 940 2782; x_wconf 79' lang='lat' dir='ltr'><strong>aquas,</strong></span> <span class='ocrx_word' id='word_1_177' title='bbox 1001 2713 1229 2766; x_wconf 89' lang='lat' dir='ltr'><strong>inlinitis</strong></span> <span class='ocrx_word' id='word_1_178' title='bbox 1289 2712 1586 2766; x_wconf 82' lang='lat' dir='ltr'><strong>smitatum</strong></span> <span class='ocrx_word' id='word_1_179' title='bbox 1650 2710 1919 2765; x_wconf 77' lang='lat' dir='ltr'><strong>fructibus</strong></span> <span class='ocrx_word' id='word_1_180' title='bbox 1966 2711 2316 2763; x_wconf 79' lang='lat' dir='ltr'><strong>exuberans!</strong></span> 
     </span>
    </p>
   </div>
   <div class='ocr_carea' id='block_1_30' title="bbox 735 2803 2322 2875">
    <p class='ocr_par' dir='ltr' id='par_1_30' title="bbox 735 2803 2322 2875">
     <span class='ocr_line' id='line_1_30' title="bbox 735 2803 2322 2875; baseline -0.003 -17"><span class='ocrx_word' id='word_1_181' title='bbox 735 2806 781 2859; x_wconf 72' lang='grc' dir='ltr'>υ</span> <span class='ocrx_word' id='word_1_182' title='bbox 831 2807 968 2875; x_wconf 83' lang='lat' dir='ltr'><strong>lapis</strong></span> <span class='ocrx_word' id='word_1_183' title='bbox 1021 2805 1256 2874; x_wconf 77' lang='lat' dir='ltr'><strong>pretiose</strong></span> <span class='ocrx_word' id='word_1_184' title='bbox 1313 2818 1548 2872; x_wconf 81' lang='lat' dir='ltr'><strong>vereque</strong></span> <span class='ocrx_word' id='word_1_185' title='bbox 1598 2818 1816 2858; x_wconf 89' lang='lat' dir='ltr'><strong>summo</strong></span> <span class='ocrx_word' id='word_1_186' title='bbox 1867 2803 2111 2872; x_wconf 84' lang='lat' dir='ltr'><strong>angulari</strong></span> <span class='ocrx_word' id='word_1_187' title='bbox 2162 2803 2322 2871; x_wconf 78' lang='lat' dir='ltr'><strong>digne</strong></span> 
     </span>
    </p>
   </div>
   <div class='ocr_carea' id='block_1_31' title="bbox 738 2893 2322 2966">
    <p class='ocr_par' dir='ltr' id='par_1_31' title="bbox 738 2893 2322 2966">
     <span class='ocr_line' id='line_1_31' title="bbox 738 2893 2322 2966; baseline -0.004 -14"><span class='ocrx_word' id='word_1_188' title='bbox 738 2898 948 2966; x_wconf 69' lang='lat' dir='ltr'><strong>lap&#39;de!</strong></span> <span class='ocrx_word' id='word_1_189' title='bbox 1002 2898 1182 2966; x_wconf 81' lang='lat' dir='ltr'><strong>Lapis,</strong></span> <span class='ocrx_word' id='word_1_190' title='bbox 1242 2897 1329 2949; x_wconf 84' lang='lat' dir='ltr'><strong>eui</strong></span> <span class='ocrx_word' id='word_1_191' title='bbox 1392 2911 1587 2950; x_wconf 89' lang='lat' dir='ltr'><strong>nomen</strong></span> <span class='ocrx_word' id='word_1_192' title='bbox 1642 2911 1764 2949; x_wconf 90' lang='lat' dir='ltr'><strong>cum</strong></span> <span class='ocrx_word' id='word_1_193' title='bbox 1820 2893 2126 2965; x_wconf 82' lang='lat' dir='ltr'><strong>llyaeintbo</strong></span> <span class='ocrx_word' id='word_1_194' title='bbox 2173 2908 2322 2946; x_wconf 88' lang='lat' dir='ltr'><strong>com-</strong></span> 
     </span>
    </p>
   </div>
   <div class='ocr_carea' id='block_1_32' title="bbox 738 2985 2318 3058">
    <p class='ocr_par' dir='ltr' id='par_1_32' title="bbox 738 2985 2318 3058">
     <span class='ocr_line' id='line_1_32' title="bbox 738 2985 2318 3058; baseline -0.003 -16"><span class='ocrx_word' id='word_1_195' title='bbox 738 3004 906 3042; x_wconf 75' lang='lat' dir='ltr'><strong>mune</strong></span> <span class='ocrx_word' id='word_1_196' title='bbox 936 2991 1082 3058; x_wconf 71' lang='lat' dir='ltr'><strong>tl-l);</strong></span> <span class='ocrx_word' id='word_1_197' title='bbox 1122 2990 1232 3053; x_wconf 79' lang='lat' dir='ltr'><strong>iilo,</strong></span> <span class='ocrx_word' id='word_1_198' title='bbox 1271 2989 1520 3056; x_wconf 89' lang='lat' dir='ltr'><strong>inquam,</strong></span> <span class='ocrx_word' id='word_1_199' title='bbox 1559 2986 1884 3058; x_wconf 73' lang='lat' dir='ltr'><strong>Ilyaciutbo,</strong></span> <span class='ocrx_word' id='word_1_200' title='bbox 1923 2987 2015 3054; x_wconf 91' lang='lat' dir='ltr'><strong>qui</strong></span> <span class='ocrx_word' id='word_1_201' title='bbox 2067 2985 2318 3039; x_wconf 75' lang='lat' dir='ltr'><strong>undet-im</strong></span> 
     </span>
    </p>
   </div>
   <div class='ocr_carea' id='block_1_33' title="bbox 741 3079 2323 3158">
    <p class='ocr_par' dir='ltr' id='par_1_33' title="bbox 741 3079 2323 3158">
     <span class='ocr_line' id='line_1_33' title="bbox 741 3079 2323 3158; baseline -0.004 -22"><span class='ocrx_word' id='word_1_202' title='bbox 741 3082 992 3152; x_wconf 78' lang='lat' dir='ltr'><strong>pretiosis</strong></span> <span class='ocrx_word' id='word_1_203' title='bbox 1041 3081 1339 3158; x_wconf 78' lang='lat' dir='ltr'><strong>lapidibus,</strong></span> <span class='ocrx_word' id='word_1_204' title='bbox 1387 3080 1644 3148; x_wconf 89' lang='lat' dir='ltr'><strong>utrinque</strong></span> <span class='ocrx_word' id='word_1_205' title='bbox 1673 3079 1865 3132; x_wconf 90' lang='lat' dir='ltr'><strong>ordine</strong></span> <span class='ocrx_word' id='word_1_206' title='bbox 1922 3079 2166 3146; x_wconf 65' lang='lat' dir='ltr'><strong>digestis,</strong></span> <span class='ocrx_word' id='word_1_207' title='bbox 2226 3093 2323 3129; x_wconf 88' lang='lat' dir='ltr'><strong>an-</strong></span> 
     </span>
    </p>
   </div>
   <div class='ocr_carea' id='block_1_34' title="bbox 743 3159 2320 3242">
    <p class='ocr_par' dir='ltr' id='par_1_34' title="bbox 743 3159 2320 3242">
     <span class='ocr_line' id='line_1_34' title="bbox 743 3159 2320 3242; baseline -0.004 -16"><span class='ocrx_word' id='word_1_208' title='bbox 743 3190 939 3236; x_wconf 79' lang='lat' dir='ltr'><strong>nexus,</strong></span> <span class='ocrx_word' id='word_1_209' title='bbox 973 3159 1173 3227; x_wconf 85' lang='lat' dir='ltr'><strong>summi</strong></span> <span class='ocrx_word' id='word_1_210' title='bbox 1205 3172 1479 3242; x_wconf 82' lang='lat' dir='ltr'><strong>pontiﬁcis</strong></span> <span class='ocrx_word' id='word_1_211' title='bbox 1519 3171 1783 3224; x_wconf 85' lang='lat' dir='ltr'><strong>rationale</strong></span> <span class='ocrx_word' id='word_1_212' title='bbox 1813 3171 2005 3239; x_wconf 86' lang='lat' dir='ltr'><strong>judieii</strong></span> <span class='ocrx_word' id='word_1_213' title='bbox 2032 3186 2134 3222; x_wconf 91' lang='lat' dir='ltr'><strong>una</strong></span> <span class='ocrx_word' id='word_1_214' title='bbox 2167 3184 2320 3222; x_wconf 84' lang='lat' dir='ltr'><strong>com-</strong></span> 
     </span>
    </p>
   </div>
   <div class='ocr_carea' id='block_1_35' title="bbox 2350 1879 2398 1938">
    <p class='ocr_par' dir='ltr' id='par_1_35' title="bbox 2350 1879 2398 1938">
     <span class='ocr_line' id='line_1_35' title="bbox 2350 1879 2398 1938; baseline 0 -2"><span class='ocrx_word' id='word_1_215' title='bbox 2350 1879 2398 1938; x_wconf 89' lang='grc' dir='ltr'><strong>Β</strong></span> 
     </span>
    </p>
   </div>
   <div class='ocr_carea' id='block_1_36' title="bbox 2410 605 4003 680">
    <p class='ocr_par' dir='ltr' id='par_1_36' title="bbox 2410 605 4003 680">
     <span class='ocr_line' id='line_1_36' title="bbox 2410 605 4003 680; baseline 0.008 -27"><span class='ocrx_word' id='word_1_216' title='bbox 2410 618 2508 672; x_wconf 52' lang='lat' dir='ltr'><strong>an;</strong></span> <span class='ocrx_word' id='word_1_217' title='bbox 2540 605 2905 674; x_wconf 77' lang='grc' dir='ltr'><strong>ἀφαιρεθέντα</strong></span> <span class='ocrx_word' id='word_1_218' title='bbox 2936 606 3115 671; x_wconf 79' lang='grc' dir='ltr'>δεξιᾶς</span> <span class='ocrx_word' id='word_1_219' title='bbox 3136 625 3148 637; x_wconf 90' lang='grc'>·</span> <span class='ocrx_word' id='word_1_220' title='bbox 3176 609 3342 678; x_wconf 78' lang='grc' dir='ltr'>ἀνέϐη</span> <span class='ocrx_word' id='word_1_221' title='bbox 3360 609 3436 672; x_wconf 76' lang='grc' dir='ltr'><strong>δὲ,</strong></span> <span class='ocrx_word' id='word_1_222' title='bbox 3475 610 3656 663; x_wconf 82' lang='grc' dir='ltr'>πίστιν</span> <span class='ocrx_word' id='word_1_223' title='bbox 3689 628 3746 664; x_wconf 83' lang='grc' dir='ltr'>τε</span> <span class='ocrx_word' id='word_1_224' title='bbox 3767 651 3781 674; x_wconf 96' lang='grc'><strong>,</strong></span> <span class='ocrx_word' id='word_1_225' title='bbox 3812 607 4003 680; x_wconf 79' lang='grc' dir='ltr'>οἶμαι,</span> 
     </span>
    </p>
   </div>
   <div class='ocr_carea' id='block_1_37' title="bbox 2407 693 4003 770">
    <p class='ocr_par' dir='ltr' id='par_1_37' title="bbox 2407 693 4003 770">
     <span class='ocr_line' id='line_1_37' title="bbox 2407 693 4003 770; baseline 0.008 -27"><span class='ocrx_word' id='word_1_226' title='bbox 2407 693 2744 764; x_wconf 72' lang='grc' dir='ltr'><strong>τελειοτέραν</strong></span> <span class='ocrx_word' id='word_1_227' title='bbox 2783 700 3175 767; x_wconf 76' lang='grc' dir='ltr'><strong>παρεχόμενος,</strong></span> <span class='ocrx_word' id='word_1_228' title='bbox 3235 701 3332 769; x_wconf 80' lang='grc' dir='ltr'>τῆς</span> <span class='ocrx_word' id='word_1_229' title='bbox 3387 701 3636 753; x_wconf 81' lang='grc' dir='ltr'>ἐνταυθοῖ</span> <span class='ocrx_word' id='word_1_230' title='bbox 3673 701 3766 754; x_wconf 85' lang='grc' dir='ltr'>τοῦ</span> <span class='ocrx_word' id='word_1_231' title='bbox 3810 702 4003 770; x_wconf 81' lang='grc' dir='ltr'>Ἀγίου</span> 
     </span>
    </p>
   </div>
   <div class='ocr_carea' id='block_1_38' title="bbox 2411 787 4005 864">
    <p class='ocr_par' dir='ltr' id='par_1_38' title="bbox 2411 787 4005 864">
     <span class='ocr_line' id='line_1_38' title="bbox 2411 787 4005 864; baseline 0.007 -27"><span class='ocrx_word' id='word_1_232' title='bbox 2411 787 2780 854; x_wconf 81' lang='grc' dir='ltr'>καταθέσεως,</span> <span class='ocrx_word' id='word_1_233' title='bbox 2816 791 2908 842; x_wconf 86' lang='grc' dir='ltr'><strong>καὶ</strong></span> <span class='ocrx_word' id='word_1_234' title='bbox 2954 793 3092 860; x_wconf 66' lang='grc' dir='ltr'>προς</span> <span class='ocrx_word' id='word_1_235' title='bbox 3143 793 3241 862; x_wconf 78' lang='grc' dir='ltr'>τὴν</span> <span class='ocrx_word' id='word_1_236' title='bbox 3274 793 3368 847; x_wconf 80' lang='grc' dir='ltr'><strong>τοῦ</strong></span> <span class='ocrx_word' id='word_1_237' title='bbox 3394 794 3522 848; x_wconf 77' lang='grc' dir='ltr'>ναοῦ</span> <span class='ocrx_word' id='word_1_238' title='bbox 3556 794 3836 864; x_wconf 78' lang='grc' dir='ltr'><strong>διεγείρων</strong></span> <span class='ocrx_word' id='word_1_239' title='bbox 3867 797 4005 856; x_wconf 72' lang='grc' dir='ltr'>τοὺς</span> 
     </span>
    </p>
   </div>
   <div class='ocr_carea' id='block_1_39' title="bbox 2412 879 4002 957">
    <p class='ocr_par' dir='ltr' id='par_1_39' title="bbox 2412 879 4002 957">
     <span class='ocr_line' id='line_1_39' title="bbox 2412 879 4002 957; baseline 0.002 -28"><span class='ocrx_word' id='word_1_240' title='bbox 2412 880 2636 942; x_wconf 69' lang='grc' dir='ltr'>πιστοὺς</span> <span class='ocrx_word' id='word_1_241' title='bbox 2670 879 3117 952; x_wconf 67' lang='grc' dir='ltr'>κατασκευήν.⁷Ω</span> <span class='ocrx_word' id='word_1_242' title='bbox 3146 884 3273 954; x_wconf 79' lang='grc' dir='ltr'>χοῦς</span> <span class='ocrx_word' id='word_1_243' title='bbox 3293 886 3466 953; x_wconf 76' lang='grc' dir='ltr'>ἅγιος,</span> <span class='ocrx_word' id='word_1_244' title='bbox 3490 889 3546 939; x_wconf 80' lang='grc' dir='ltr'>ἐν</span> <span class='ocrx_word' id='word_1_245' title='bbox 3575 886 3654 957; x_wconf 77' lang='grc' dir='ltr'>τῷ</span> <span class='ocrx_word' id='word_1_246' title='bbox 3677 887 3770 940; x_wconf 77' lang='grc' dir='ltr'>τοῦ</span> <span class='ocrx_word' id='word_1_247' title='bbox 3807 886 4002 954; x_wconf 76' lang='grc' dir='ltr'>Ἀγίου</span> 
     </span>
    </p>
   </div>
   <div class='ocr_carea' id='block_1_40' title="bbox 2413 970 4001 1049">
    <p class='ocr_par' dir='ltr' id='par_1_40' title="bbox 2413 970 4001 1049">
     <span class='ocr_line' id='line_1_40' title="bbox 2413 970 4001 1049; baseline 0.006 -29"><span class='ocrx_word' id='word_1_248' title='bbox 2413 970 2775 1040; x_wconf 77' lang='grc' dir='ltr'>ἀγιαζόμενος</span> <span class='ocrx_word' id='word_1_249' title='bbox 2825 971 2929 1042; x_wconf 71' lang='grc' dir='ltr'>χοῖ,</span> <span class='ocrx_word' id='word_1_250' title='bbox 2980 977 3073 1026; x_wconf 74' lang='grc' dir='ltr'><strong>καὶ</strong></span> <span class='ocrx_word' id='word_1_251' title='bbox 3125 976 3286 1029; x_wconf 79' lang='grc' dir='ltr'>παντὶ</span> <span class='ocrx_word' id='word_1_252' title='bbox 3333 977 3411 1046; x_wconf 82' lang='grc' dir='ltr'>τῷ</span> <span class='ocrx_word' id='word_1_253' title='bbox 3449 978 3563 1049; x_wconf 84' lang='grc' dir='ltr'>λαῷ</span> <span class='ocrx_word' id='word_1_254' title='bbox 3595 978 4001 1047; x_wconf 80' lang='grc' dir='ltr'>διαδιδόμενος,</span> 
     </span>
    </p>
   </div>
   <div class='ocr_carea' id='block_1_41' title="bbox 2413 1064 4005 1140">
    <p class='ocr_par' dir='ltr' id='par_1_41' title="bbox 2413 1064 4005 1140">
     <span class='ocr_line' id='line_1_41' title="bbox 2413 1064 4005 1140; baseline 0.004 -26"><span class='ocrx_word' id='word_1_255' title='bbox 2413 1064 2504 1114; x_wconf 71' lang='grc' dir='ltr'><strong>καὶ</strong></span> <span class='ocrx_word' id='word_1_256' title='bbox 2535 1065 2611 1134; x_wconf 79' lang='grc' dir='ltr'>τῷ</span> <span class='ocrx_word' id='word_1_257' title='bbox 2653 1066 2790 1136; x_wconf 87' lang='grc' dir='ltr'>ἁγίῳ</span> <span class='ocrx_word' id='word_1_258' title='bbox 2819 1068 2907 1119; x_wconf 82' lang='grc' dir='ltr'>ἶσα</span> <span class='ocrx_word' id='word_1_259' title='bbox 2940 1066 3155 1136; x_wconf 88' lang='grc' dir='ltr'>σώματι</span> <span class='ocrx_word' id='word_1_260' title='bbox 3175 1067 3680 1138; x_wconf 52' lang='grc' dir='ltr'>δυναμούμενοςίὮ</span> <span class='ocrx_word' id='word_1_261' title='bbox 3711 1071 3861 1140; x_wconf 76' lang='grc' dir='ltr'>χοῦς,</span> <span class='ocrx_word' id='word_1_262' title='bbox 3893 1070 4005 1139; x_wconf 79' lang='grc' dir='ltr'>τὴν</span> 
     </span>
    </p>
   </div>
   <div class='ocr_carea' id='block_1_42' title="bbox 2413 1155 4004 1233">
    <p class='ocr_par' dir='ltr' id='par_1_42' title="bbox 2413 1155 4004 1233">
     <span class='ocr_line' id='line_1_42' title="bbox 2413 1155 4004 1233; baseline 0.006 -26"><span class='ocrx_word' id='word_1_263' title='bbox 2413 1155 2576 1224; x_wconf 80' lang='grc' dir='ltr'>φύσιν</span> <span class='ocrx_word' id='word_1_264' title='bbox 2609 1158 2707 1226; x_wconf 83' lang='grc' dir='ltr'>μὲν</span> <span class='ocrx_word' id='word_1_265' title='bbox 2729 1159 2931 1228; x_wconf 79' lang='grc' dir='ltr'>χοῖκὺς,</span> <span class='ocrx_word' id='word_1_266' title='bbox 2965 1161 3215 1230; x_wconf 72' lang='grc' dir='ltr'>οὐράνιος</span> <span class='ocrx_word' id='word_1_267' title='bbox 3239 1163 3294 1216; x_wconf 86' lang='grc' dir='ltr'><strong>δὲ</strong></span> <span class='ocrx_word' id='word_1_268' title='bbox 3328 1161 3425 1230; x_wconf 70' lang='grc' dir='ltr'>τὴν</span> <span class='ocrx_word' id='word_1_269' title='bbox 3440 1161 3691 1232; x_wconf 83' lang='grc' dir='ltr'>δύναμιν·</span> <span class='ocrx_word' id='word_1_270' title='bbox 3726 1165 3874 1233; x_wconf 79' lang='grc' dir='ltr'>χοῦς,</span> <span class='ocrx_word' id='word_1_271' title='bbox 3898 1163 4004 1216; x_wconf 81' lang='grc' dir='ltr'><strong>τοῦ</strong></span> 
     </span>
    </p>
   </div>
   <div class='ocr_carea' id='block_1_43' title="bbox 2413 1248 4006 1324">
    <p class='ocr_par' dir='ltr' id='par_1_43' title="bbox 2413 1248 4006 1324">
     <span class='ocr_line' id='line_1_43' title="bbox 2413 1248 4006 1324; baseline 0.003 -24"><span class='ocrx_word' id='word_1_272' title='bbox 2413 1248 2641 1320; x_wconf 75' lang='grc' dir='ltr'>οὐρανοῦ</span> <span class='ocrx_word' id='word_1_273' title='bbox 2670 1251 2862 1320; x_wconf 82' lang='grc' dir='ltr'>πρώην</span> <span class='ocrx_word' id='word_1_274' title='bbox 2889 1252 3117 1321; x_wconf 83' lang='grc' dir='ltr'>ὑομένου</span> <span class='ocrx_word' id='word_1_275' title='bbox 3153 1252 3329 1322; x_wconf 84' lang='grc' dir='ltr'>μάννα</span> <span class='ocrx_word' id='word_1_276' title='bbox 3370 1253 3464 1323; x_wconf 77' lang='grc' dir='ltr'><strong>τὴν</strong></span> <span class='ocrx_word' id='word_1_277' title='bbox 3499 1254 3660 1323; x_wconf 84' lang='grc' dir='ltr'>χάριν</span> <span class='ocrx_word' id='word_1_278' title='bbox 3700 1255 4006 1324; x_wconf 81' lang='grc' dir='ltr'>αἱδεσιμώ-</span> 
     </span>
    </p>
   </div>
   <div class='ocr_carea' id='block_1_44' title="bbox 2413 1342 4007 1419">
    <p class='ocr_par' dir='ltr' id='par_1_44' title="bbox 2413 1342 4007 1419">
     <span class='ocr_line' id='line_1_44' title="bbox 2413 1342 4007 1419; baseline 0.003 -26"><span class='ocrx_word' id='word_1_279' title='bbox 2413 1342 2599 1410; x_wconf 74' lang='grc' dir='ltr'>τεροςι</span> <span class='ocrx_word' id='word_1_280' title='bbox 2653 1342 2743 1394; x_wconf 68' lang='grc' dir='ltr'>τὸν</span> <span class='ocrx_word' id='word_1_281' title='bbox 2787 1343 3064 1412; x_wconf 77' lang='grc' dir='ltr'>ἀγιασμὺν</span> <span class='ocrx_word' id='word_1_282' title='bbox 3112 1344 3572 1419; x_wconf 80' lang='grc' dir='ltr'>σεϐασμιώτερος,</span> <span class='ocrx_word' id='word_1_283' title='bbox 3622 1347 3721 1418; x_wconf 76' lang='grc' dir='ltr'><strong>τὴν</strong></span> <span class='ocrx_word' id='word_1_284' title='bbox 3764 1347 4007 1414; x_wconf 84' lang='grc' dir='ltr'>δύναμιν</span> 
     </span>
    </p>
   </div>
   <div class='ocr_carea' id='block_1_45' title="bbox 2415 1433 4008 1509">
    <p class='ocr_par' dir='ltr' id='par_1_45' title="bbox 2415 1433 4008 1509">
     <span class='ocr_line' id='line_1_45' title="bbox 2415 1433 4008 1509; baseline 0.001 -22"><span class='ocrx_word' id='word_1_285' title='bbox 2415 1433 2854 1506; x_wconf 71' lang='grc' dir='ltr'>δραστικώτερος</span> <span class='ocrx_word' id='word_1_286' title='bbox 2880 1451 2893 1464; x_wconf 86' lang='grc'>⁶</span> <span class='ocrx_word' id='word_1_287' title='bbox 2941 1436 3002 1488; x_wconf 82' lang='grc' dir='ltr'>τὸ</span> <span class='ocrx_word' id='word_1_288' title='bbox 3032 1437 3130 1506; x_wconf 74' lang='grc' dir='ltr'>μὲν</span> <span class='ocrx_word' id='word_1_289' title='bbox 3156 1437 3265 1508; x_wconf 82' lang='grc' dir='ltr'>γὰρ</span> <span class='ocrx_word' id='word_1_290' title='bbox 3311 1438 3391 1501; x_wconf 85' lang='grc' dir='ltr'><strong>είς</strong></span> <span class='ocrx_word' id='word_1_291' title='bbox 3427 1439 3694 1508; x_wconf 84' lang='grc' dir='ltr'>σωμάτων</span> <span class='ocrx_word' id='word_1_292' title='bbox 3716 1437 3842 1492; x_wconf 81' lang='grc' dir='ltr'>ὕετο</span> <span class='ocrx_word' id='word_1_293' title='bbox 3873 1438 4008 1509; x_wconf 72' lang='grc' dir='ltr'>θρετ-</span> 
     </span>
    </p>
   </div>
   <div class='ocr_carea' id='block_1_46' title="bbox 2416 1525 4009 1598">
    <p class='ocr_par' dir='ltr' id='par_1_46' title="bbox 2416 1525 4009 1598">
     <span class='ocr_line' id='line_1_46' title="bbox 2416 1525 4009 1598; baseline 0.003 -22"><span class='ocrx_word' id='word_1_294' title='bbox 2416 1525 2508 1593; x_wconf 72' lang='grc' dir='ltr'><strong>ψιν</strong></span> <span class='ocrx_word' id='word_1_295' title='bbox 2567 1542 2626 1576; x_wconf 91' lang='grc' dir='ltr'>τε</span> <span class='ocrx_word' id='word_1_296' title='bbox 2673 1527 2769 1578; x_wconf 80' lang='grc' dir='ltr'><strong>καὶ</strong></span> <span class='ocrx_word' id='word_1_297' title='bbox 2825 1528 3196 1598; x_wconf 80' lang='grc' dir='ltr'>συντήρησιν·</span> <span class='ocrx_word' id='word_1_298' title='bbox 3234 1530 3263 1581; x_wconf 79' lang='grc' dir='ltr'>ὁ</span> <span class='ocrx_word' id='word_1_299' title='bbox 3299 1528 3378 1590; x_wconf 77' lang='grc' dir='ltr'><strong>δὲ,</strong></span> <span class='ocrx_word' id='word_1_300' title='bbox 3446 1531 3546 1582; x_wconf 82' lang='grc' dir='ltr'><strong>οὐκ</strong></span> <span class='ocrx_word' id='word_1_301' title='bbox 3590 1533 3670 1592; x_wconf 86' lang='grc' dir='ltr'>εἰς</span> <span class='ocrx_word' id='word_1_302' title='bbox 3730 1529 4009 1598; x_wconf 82' lang='grc' dir='ltr'>σωμάτων</span> 
     </span>
    </p>
   </div>
   <div class='ocr_carea' id='block_1_47' title="bbox 2421 1619 4010 1692">
    <p class='ocr_par' dir='ltr' id='par_1_47' title="bbox 2421 1619 4010 1692">
     <span class='ocr_line' id='line_1_47' title="bbox 2421 1619 4010 1692; baseline 0.002 -21"><span class='ocrx_word' id='word_1_303' title='bbox 2421 1619 2719 1690; x_wconf 78' lang='grc' dir='ltr'>θεραπείαν</span> <span class='ocrx_word' id='word_1_304' title='bbox 2771 1619 2954 1690; x_wconf 83' lang='grc' dir='ltr'>μόνον,</span> <span class='ocrx_word' id='word_1_305' title='bbox 2989 1623 3194 1690; x_wconf 77' lang='grc' dir='ltr'><strong>ψύχους</strong></span> <span class='ocrx_word' id='word_1_306' title='bbox 3215 1640 3274 1674; x_wconf 84' lang='grc' dir='ltr'><strong>τε</strong></span> <span class='ocrx_word' id='word_1_307' title='bbox 3309 1622 3543 1692; x_wconf 80' lang='grc' dir='ltr'>μάλιστα</span> <span class='ocrx_word' id='word_1_308' title='bbox 3590 1622 3684 1674; x_wconf 72' lang='grc' dir='ltr'><strong>καὶ</strong></span> <span class='ocrx_word' id='word_1_309' title='bbox 3719 1621 4010 1684; x_wconf 74' lang='grc' dir='ltr'><strong>καύσωνος</strong></span> 
     </span>
    </p>
   </div>
   <div class='ocr_carea' id='block_1_48' title="bbox 2425 1709 4010 1787">
    <p class='ocr_par' dir='ltr' id='par_1_48' title="bbox 2425 1709 4010 1787">
     <span class='ocr_line' id='line_1_48' title="bbox 2425 1709 4010 1787; baseline 0.001 -25"><span class='ocrx_word' id='word_1_310' title='bbox 2425 1709 2740 1779; x_wconf 79' lang='grc' dir='ltr'>μαρασμοῦ,</span> <span class='ocrx_word' id='word_1_311' title='bbox 2793 1709 2928 1787; x_wconf 83' lang='grc' dir='ltr'><strong>ἀλλά</strong></span> <span class='ocrx_word' id='word_1_312' title='bbox 2969 1713 3064 1764; x_wconf 70' lang='grc' dir='ltr'><strong>καὶ</strong></span> <span class='ocrx_word' id='word_1_313' title='bbox 3121 1713 3199 1775; x_wconf 87' lang='grc' dir='ltr'>εἰς</span> <span class='ocrx_word' id='word_1_314' title='bbox 3239 1711 3440 1783; x_wconf 83' lang='grc' dir='ltr'>διαρκῆ</span> <span class='ocrx_word' id='word_1_315' title='bbox 3483 1710 3671 1781; x_wconf 76' lang='grc' dir='ltr'>ψυχῶν</span> <span class='ocrx_word' id='word_1_316' title='bbox 3696 1711 4010 1782; x_wconf 80' lang='grc' dir='ltr'>στηριγμδν</span> 
     </span>
    </p>
   </div>
   <div class='ocr_carea' id='block_1_49' title="bbox 2424 1804 2855 1872">
    <p class='ocr_par' dir='ltr' id='par_1_49' title="bbox 2424 1804 2855 1872">
     <span class='ocr_line' id='line_1_49' title="bbox 2424 1804 2855 1872; baseline 0.007 -18"><span class='ocrx_word' id='word_1_317' title='bbox 2424 1804 2520 1854; x_wconf 73' lang='grc' dir='ltr'>καὶ</span> <span class='ocrx_word' id='word_1_318' title='bbox 2555 1808 2855 1872; x_wconf 69' lang='grc' dir='ltr'>φωτισμόν.</span> 
     </span>
    </p>
   </div>
   <div class='ocr_carea' id='block_1_50' title="bbox 2501 1973 4012 2051">
    <p class='ocr_par' dir='ltr' id='par_1_50' title="bbox 2501 1973 4012 2051">
     <span class='ocr_line' id='line_1_50' title="bbox 2501 1973 4012 2051; baseline -0.003 -18"><span class='ocrx_word' id='word_1_319' title='bbox 2501 1979 2606 2049; x_wconf 84' lang='grc' dir='ltr'><strong>κγ’.</strong></span> <span class='ocrx_word' id='word_1_320' title='bbox 2640 1979 2803 2043; x_wconf 81' lang='grc' dir='ltr'>Ἀλλ’,</span> <span class='ocrx_word' id='word_1_321' title='bbox 2835 1973 2880 2032; x_wconf 84' lang='grc' dir='ltr'><strong>ὧ</strong></span> <span class='ocrx_word' id='word_1_322' title='bbox 2915 1979 3132 2032; x_wconf 75' lang='grc' dir='ltr'>πάντων</span> <span class='ocrx_word' id='word_1_323' title='bbox 3168 1979 3461 2051; x_wconf 85' lang='grc' dir='ltr'>μαρτύρων</span> <span class='ocrx_word' id='word_1_324' title='bbox 3486 1979 3763 2050; x_wconf 84' lang='grc' dir='ltr'>ώράῖσμα,</span> <span class='ocrx_word' id='word_1_325' title='bbox 3799 1978 4012 2032; x_wconf 87' lang='grc' dir='ltr'>πιστῶν</span> 
     </span>
    </p>
   </div>
   <div class='ocr_carea' id='block_1_51' title="bbox 2427 2063 4012 2140">
    <p class='ocr_par' dir='ltr' id='par_1_51' title="bbox 2427 2063 4012 2140">
     <span class='ocr_line' id='line_1_51' title="bbox 2427 2063 4012 2140; baseline -0.003 -16"><span class='ocrx_word' id='word_1_326' title='bbox 2427 2072 2483 2124; x_wconf 84' lang='grc' dir='ltr'><strong>δὲ</strong></span> <span class='ocrx_word' id='word_1_327' title='bbox 2516 2070 2849 2140; x_wconf 83' lang='grc' dir='ltr'>ἀγαλλίαμα,</span> <span class='ocrx_word' id='word_1_328' title='bbox 2887 2070 3136 2123; x_wconf 78' lang='grc' dir='ltr'>ἀπίστων</span> <span class='ocrx_word' id='word_1_329' title='bbox 3184 2069 3239 2122; x_wconf 85' lang='grc' dir='ltr'><strong>δὲ</strong></span> <span class='ocrx_word' id='word_1_330' title='bbox 3282 2069 3597 2140; x_wconf 80' lang='grc' dir='ltr'>σύντριμμα</span> <span class='ocrx_word' id='word_1_331' title='bbox 3624 2086 3637 2098; x_wconf 82' lang='lat'><strong><em>°</em></strong></span> <span class='ocrx_word' id='word_1_332' title='bbox 3665 2063 3710 2122; x_wconf 80' lang='grc' dir='ltr'>ὦ</span> <span class='ocrx_word' id='word_1_333' title='bbox 3746 2069 4012 2139; x_wconf 76' lang='grc' dir='ltr'>πατρίδος</span> 
     </span>
    </p>
   </div>
   <div class='ocr_carea' id='block_1_52' title="bbox 2431 2161 4015 2232">
    <p class='ocr_par' dir='ltr' id='par_1_52' title="bbox 2431 2161 4015 2232">
     <span class='ocr_line' id='line_1_52' title="bbox 2431 2161 4015 2232; baseline -0.001 -17"><span class='ocrx_word' id='word_1_334' title='bbox 2431 2164 2634 2232; x_wconf 79' lang='grc' dir='ltr'>σεμνῆς</span> <span class='ocrx_word' id='word_1_335' title='bbox 2682 2161 2884 2229; x_wconf 79' lang='grc' dir='ltr'>ἀγαθὸν</span> <span class='ocrx_word' id='word_1_336' title='bbox 2939 2163 3103 2228; x_wconf 79' lang='grc' dir='ltr'>φυτόν</span> <span class='ocrx_word' id='word_1_337' title='bbox 3125 2179 3136 2191; x_wconf 91' lang='grc'>·</span> <span class='ocrx_word' id='word_1_338' title='bbox 3173 2162 3376 2231; x_wconf 80' lang='grc' dir='ltr'>μᾶλλον</span> <span class='ocrx_word' id='word_1_339' title='bbox 3405 2162 3460 2215; x_wconf 83' lang='grc' dir='ltr'><strong>δὲ</strong></span> <span class='ocrx_word' id='word_1_340' title='bbox 3501 2163 3665 2230; x_wconf 69' lang='grc' dir='ltr'>φυτὸν</span> <span class='ocrx_word' id='word_1_341' title='bbox 3699 2161 3875 2229; x_wconf 76' lang='grc' dir='ltr'>ἅγιον,</span> <span class='ocrx_word' id='word_1_342' title='bbox 3905 2162 4015 2229; x_wconf 80' lang='grc' dir='ltr'>τὴν</span> 
     </span>
    </p>
   </div>
   <div class='ocr_carea' id='block_1_53' title="bbox 2428 2251 4013 2325">
    <p class='ocr_par' dir='ltr' id='par_1_53' title="bbox 2428 2251 4013 2325">
     <span class='ocr_line' id='line_1_53' title="bbox 2428 2251 4013 2325; baseline -0.004 -18"><span class='ocrx_word' id='word_1_343' title='bbox 2428 2254 2674 2325; x_wconf 70' lang='grc' dir='ltr'>πονηρὰν</span> <span class='ocrx_word' id='word_1_344' title='bbox 2733 2253 3006 2321; x_wconf 73' lang='grc' dir='ltr'>ἁγαθὺναν</span> <span class='ocrx_word' id='word_1_345' title='bbox 3059 2253 3127 2304; x_wconf 85' lang='grc' dir='ltr'>δι’</span> <span class='ocrx_word' id='word_1_346' title='bbox 3207 2252 3402 2305; x_wconf 79' lang='grc' dir='ltr'>ἑαυτοῦ</span> <span class='ocrx_word' id='word_1_347' title='bbox 3449 2253 3702 2315; x_wconf 85' lang='grc' dir='ltr'>πατρίδα,</span> <span class='ocrx_word' id='word_1_348' title='bbox 3757 2251 3854 2306; x_wconf 71' lang='grc' dir='ltr'><strong>καὶ</strong></span> <span class='ocrx_word' id='word_1_349' title='bbox 3907 2251 4013 2316; x_wconf 81' lang='grc' dir='ltr'><strong>τὴν</strong></span> 
     </span>
    </p>
   </div>
   <div class='ocr_carea' id='block_1_54' title="bbox 2427 2343 4014 2416">
    <p class='ocr_par' dir='ltr' id='par_1_54' title="bbox 2427 2343 4014 2416">
     <span class='ocr_line' id='line_1_54' title="bbox 2427 2343 4014 2416; baseline -0.002 -16"><span class='ocrx_word' id='word_1_350' title='bbox 2427 2347 2661 2413; x_wconf 82' lang='grc' dir='ltr'>ἄναγνον</span> <span class='ocrx_word' id='word_1_351' title='bbox 2715 2347 2966 2413; x_wconf 78' lang='grc' dir='ltr'>ἀγνίσαν,</span> <span class='ocrx_word' id='word_1_352' title='bbox 3000 2347 3095 2398; x_wconf 69' lang='grc' dir='ltr'>καὶ</span> <span class='ocrx_word' id='word_1_353' title='bbox 3134 2346 3235 2415; x_wconf 75' lang='grc' dir='ltr'>τὴν</span> <span class='ocrx_word' id='word_1_354' title='bbox 3281 2346 3475 2416; x_wconf 84' lang='grc' dir='ltr'>ἄτιμον</span> <span class='ocrx_word' id='word_1_355' title='bbox 3523 2346 3762 2414; x_wconf 77' lang='grc' dir='ltr'>τιμῆσαν</span> <span class='ocrx_word' id='word_1_356' title='bbox 3790 2362 3801 2372; x_wconf 93' lang='grc'><strong>·</strong></span> <span class='ocrx_word' id='word_1_357' title='bbox 3837 2343 4014 2412; x_wconf 72' lang='grc' dir='ltr'>φυτὸν</span> 
     </span>
    </p>
   </div>
   <div class='ocr_carea' id='block_1_55' title="bbox 2428 2433 4014 2505">
    <p class='ocr_par' dir='ltr' id='par_1_55' title="bbox 2428 2433 4014 2505">
     <span class='ocr_line' id='line_1_55' title="bbox 2428 2433 4014 2505; baseline -0.001 -19"><span class='ocrx_word' id='word_1_358' title='bbox 2428 2433 2629 2503; x_wconf 83' lang='grc' dir='ltr'>τίμιον,</span> <span class='ocrx_word' id='word_1_359' title='bbox 2657 2435 2751 2486; x_wconf 72' lang='grc' dir='ltr'><strong>καὶ</strong></span> <span class='ocrx_word' id='word_1_360' title='bbox 2783 2435 2882 2502; x_wconf 81' lang='grc' dir='ltr'>τῆς</span> <span class='ocrx_word' id='word_1_361' title='bbox 2905 2434 2998 2486; x_wconf 79' lang='grc' dir='ltr'><strong>τοῦ</strong></span> <span class='ocrx_word' id='word_1_362' title='bbox 3035 2436 3246 2505; x_wconf 82' lang='grc' dir='ltr'>Πατρός</span> <span class='ocrx_word' id='word_1_363' title='bbox 3267 2451 3360 2487; x_wconf 87' lang='grc' dir='ltr'><strong>σου</strong></span> <span class='ocrx_word' id='word_1_364' title='bbox 3400 2435 3492 2487; x_wconf 86' lang='grc' dir='ltr'>τοῦ</span> <span class='ocrx_word' id='word_1_365' title='bbox 3521 2437 3579 2487; x_wconf 83' lang='grc' dir='ltr'>ὲν</span> <span class='ocrx_word' id='word_1_366' title='bbox 3615 2438 3726 2497; x_wconf 79' lang='grc' dir='ltr'>τοῖς</span> <span class='ocrx_word' id='word_1_367' title='bbox 3754 2436 4014 2503; x_wconf 76' lang='grc' dir='ltr'>οὐρανοῖς</span> 
     </span>
    </p>
   </div>
   <div class='ocr_carea' id='block_1_56' title="bbox 2429 2525 4015 2596">
    <p class='ocr_par' dir='ltr' id='par_1_56' title="bbox 2429 2525 4015 2596">
     <span class='ocr_line' id='line_1_56' title="bbox 2429 2525 4015 2596; baseline -0.001 -18"><span class='ocrx_word' id='word_1_368' title='bbox 2429 2526 2652 2594; x_wconf 80' lang='grc' dir='ltr'>φυτείας</span> <span class='ocrx_word' id='word_1_369' title='bbox 2700 2526 2916 2596; x_wconf 84' lang='grc' dir='ltr'>ἀληθῶς</span> <span class='ocrx_word' id='word_1_370' title='bbox 2975 2526 3148 2591; x_wconf 76' lang='grc' dir='ltr'>ἀξιον,</span> <span class='ocrx_word' id='word_1_371' title='bbox 3181 2527 3256 2588; x_wconf 86' lang='grc' dir='ltr'>ὼς</span> <span class='ocrx_word' id='word_1_372' title='bbox 3289 2526 3464 2594; x_wconf 73' lang='grc' dir='ltr'>φοῖνιξ</span> <span class='ocrx_word' id='word_1_373' title='bbox 3506 2528 3625 2588; x_wconf 75' lang='grc' dir='ltr'>ταῖς</span> <span class='ocrx_word' id='word_1_374' title='bbox 3695 2525 4015 2580; x_wconf 81' lang='grc' dir='ltr'>ἀειθαλέσιν</span> 
     </span>
    </p>
   </div>
   <div class='ocr_carea' id='block_1_57' title="bbox 2429 2616 4015 2687">
    <p class='ocr_par' dir='ltr' id='par_1_57' title="bbox 2429 2616 4015 2687">
     <span class='ocr_line' id='line_1_57' title="bbox 2429 2616 4015 2687; baseline -0.003 -15"><span class='ocrx_word' id='word_1_375' title='bbox 2429 2618 2608 2673; x_wconf 82' lang='grc' dir='ltr'>ἀνθῶν</span> <span class='ocrx_word' id='word_1_376' title='bbox 2651 2619 2900 2687; x_wconf 81' lang='grc' dir='ltr'>ἀρεταῖς,</span> <span class='ocrx_word' id='word_1_377' title='bbox 2956 2618 3050 2671; x_wconf 76' lang='grc' dir='ltr'><strong>καὶ</strong></span> <span class='ocrx_word' id='word_1_378' title='bbox 3091 2617 3225 2670; x_wconf 75' lang='grc' dir='ltr'>ὡσεὶ</span> <span class='ocrx_word' id='word_1_379' title='bbox 3274 2617 3464 2687; x_wconf 84' lang='grc' dir='ltr'>κέδρος</span> <span class='ocrx_word' id='word_1_380' title='bbox 3521 2618 3652 2686; x_wconf 80' lang='grc' dir='ltr'>παρ’</span> <span class='ocrx_word' id='word_1_381' title='bbox 3694 2616 3864 2670; x_wconf 74' lang='grc' dir='ltr'>ὕδατα</span> <span class='ocrx_word' id='word_1_382' title='bbox 3894 2619 4015 2678; x_wconf 87' lang='grc' dir='ltr'>τοῖς</span> 
     </span>
    </p>
   </div>
   <div class='ocr_carea' id='block_1_58' title="bbox 2429 2703 4012 2782">
    <p class='ocr_par' dir='ltr' id='par_1_58' title="bbox 2429 2703 4012 2782">
     <span class='ocr_line' id='line_1_58' title="bbox 2429 2703 4012 2782; baseline -0.004 -17"><span class='ocrx_word' id='word_1_383' title='bbox 2429 2711 2678 2782; x_wconf 86' lang='grc' dir='ltr'>ἀπείροις</span> <span class='ocrx_word' id='word_1_384' title='bbox 2736 2710 2844 2763; x_wconf 86' lang='grc' dir='ltr'><strong>τῶν</strong></span> <span class='ocrx_word' id='word_1_385' title='bbox 2896 2711 3140 2780; x_wconf 81' lang='grc' dir='ltr'>ἰαμάτων</span> <span class='ocrx_word' id='word_1_386' title='bbox 3190 2708 3593 2779; x_wconf 66' lang='grc' dir='ltr'>πλτιθυνόμενος</span> <span class='ocrx_word' id='word_1_387' title='bbox 3641 2709 3904 2778; x_wconf 77' lang='grc' dir='ltr'>καρπῶνί</span> <span class='ocrx_word' id='word_1_388' title='bbox 3936 2703 4012 2758; x_wconf 81' lang='grc' dir='ltr'><strong><em>Ὦ</em></strong></span> 
     </span>
    </p>
   </div>
   <div class='ocr_carea' id='block_1_59' title="bbox 2429 2800 4010 2874">
    <p class='ocr_par' dir='ltr' id='par_1_59' title="bbox 2429 2800 4010 2874">
     <span class='ocr_line' id='line_1_59' title="bbox 2429 2800 4010 2874; baseline -0.003 -18"><span class='ocrx_word' id='word_1_389' title='bbox 2429 2805 2541 2858; x_wconf 85' lang='grc' dir='ltr'>λίθε</span> <span class='ocrx_word' id='word_1_390' title='bbox 2574 2805 2747 2874; x_wconf 88' lang='grc' dir='ltr'>τίμιε,</span> <span class='ocrx_word' id='word_1_391' title='bbox 2781 2804 2875 2857; x_wconf 72' lang='grc' dir='ltr'><strong>καὶ</strong></span> <span class='ocrx_word' id='word_1_392' title='bbox 2929 2802 3026 2855; x_wconf 73' lang='grc' dir='ltr'><strong>τοῦ</strong></span> <span class='ocrx_word' id='word_1_393' title='bbox 3073 2802 3472 2871; x_wconf 76' lang='grc' dir='ltr'>ἀκρογωνιαίου</span> <span class='ocrx_word' id='word_1_394' title='bbox 3507 2800 3584 2870; x_wconf 81' lang='grc' dir='ltr'><strong>τῷ</strong></span> <span class='ocrx_word' id='word_1_395' title='bbox 3626 2801 3738 2853; x_wconf 79' lang='grc' dir='ltr'>ὖντι</span> <span class='ocrx_word' id='word_1_396' title='bbox 3772 2800 3964 2863; x_wconf 79' lang='grc' dir='ltr'>ἐπάξιε</span> <span class='ocrx_word' id='word_1_397' title='bbox 3995 2816 4010 2828; x_wconf 90' lang='grc'><strong>·</strong></span> 
     </span>
    </p>
   </div>
   <div class='ocr_carea' id='block_1_60' title="bbox 2429 2891 4013 2966">
    <p class='ocr_par' dir='ltr' id='par_1_60' title="bbox 2429 2891 4013 2966">
     <span class='ocr_line' id='line_1_60' title="bbox 2429 2891 4013 2966; baseline -0.003 -19"><span class='ocrx_word' id='word_1_398' title='bbox 2429 2897 2566 2960; x_wconf 89' lang='grc' dir='ltr'>λίθε,</span> <span class='ocrx_word' id='word_1_399' title='bbox 2591 2894 2668 2966; x_wconf 82' lang='grc' dir='ltr'>τῷ</span> <span class='ocrx_word' id='word_1_400' title='bbox 2716 2894 2990 2964; x_wconf 80' lang='grc' dir='ltr'>Ὑακίνθῳ</span> <span class='ocrx_word' id='word_1_401' title='bbox 3019 2893 3276 2963; x_wconf 78' lang='grc' dir='ltr'>ὁμώνυμε</span> <span class='ocrx_word' id='word_1_402' title='bbox 3298 2910 3310 2925; x_wconf 78' lang='grc'><strong><em>⁸</em></strong></span> <span class='ocrx_word' id='word_1_403' title='bbox 3335 2893 3551 2962; x_wconf 76' lang='grc' dir='ltr'>ἐκείνῳ,</span> <span class='ocrx_word' id='word_1_404' title='bbox 3581 2892 3658 2961; x_wconf 82' lang='grc' dir='ltr'>τῷ</span> <span class='ocrx_word' id='word_1_405' title='bbox 3687 2895 3798 2952; x_wconf 84' lang='grc' dir='ltr'>τοῖς</span> <span class='ocrx_word' id='word_1_406' title='bbox 3815 2891 4013 2943; x_wconf 73' lang='grc' dir='ltr'>ἕνδεκα</span> 
     </span>
    </p>
   </div>
   <div class='ocr_carea' id='block_1_61' title="bbox 2431 2983 4013 3057">
    <p class='ocr_par' dir='ltr' id='par_1_61' title="bbox 2431 2983 4013 3057">
     <span class='ocr_line' id='line_1_61' title="bbox 2431 2983 4013 3057; baseline -0.003 -16"><span class='ocrx_word' id='word_1_407' title='bbox 2431 2991 2735 3057; x_wconf 82' lang='grc' dir='ltr'>συστοίχοις</span> <span class='ocrx_word' id='word_1_408' title='bbox 2789 2987 2992 3056; x_wconf 82' lang='grc' dir='ltr'>τιμίοις</span> <span class='ocrx_word' id='word_1_409' title='bbox 3039 2987 3434 3056; x_wconf 81' lang='grc' dir='ltr'>συνηρτημένῳ</span> <span class='ocrx_word' id='word_1_410' title='bbox 3471 2984 3662 3049; x_wconf 83' lang='grc' dir='ltr'>λίθοις,</span> <span class='ocrx_word' id='word_1_411' title='bbox 3711 2985 3802 3036; x_wconf 81' lang='grc' dir='ltr'>καὶ</span> <span class='ocrx_word' id='word_1_412' title='bbox 3833 2984 3890 3035; x_wconf 68' lang='grc' dir='ltr'>τὸ</span> <span class='ocrx_word' id='word_1_413' title='bbox 3917 2983 4013 3036; x_wconf 82' lang='grc' dir='ltr'>λο-</span> 
     </span>
    </p>
   </div>
   <div class='ocr_carea' id='block_1_62' title="bbox 2429 3075 4015 3147">
    <p class='ocr_par' dir='ltr' id='par_1_62' title="bbox 2429 3075 4015 3147">
     <span class='ocr_line' id='line_1_62' title="bbox 2429 3075 4015 3147; baseline 0.011 -38"><span class='ocrx_word' id='word_1_414' title='bbox 2429 3081 2573 3146; x_wconf 69' lang='grc' dir='ltr'>γεῖον</span> <span class='ocrx_word' id='word_1_415' title='bbox 2603 3077 2702 3146; x_wconf 68' lang='grc' dir='ltr'><strong>τῆς</strong></span> <span class='ocrx_word' id='word_1_416' title='bbox 2753 3077 2985 3147; x_wconf 82' lang='grc' dir='ltr'>κρίσεως</span> <span class='ocrx_word' id='word_1_417' title='bbox 3020 3075 3114 3128; x_wconf 81' lang='grc' dir='ltr'>τοῦ</span> <span class='ocrx_word' id='word_1_418' title='bbox 3161 3076 3462 3146; x_wconf 82' lang='grc' dir='ltr'>ἀρχιερέως</span> <span class='ocrx_word' id='word_1_419' title='bbox 3497 3075 4015 3142; x_wconf 75' lang='grc' dir='ltr'>συγκατασκευαζο-</span> 
     </span>
    </p>
   </div>
   <div class='ocr_carea' id='block_1_63' title="bbox 2435 3166 4010 3237">
    <p class='ocr_par' dir='ltr' id='par_1_63' title="bbox 2435 3166 4010 3237">
     <span class='ocr_line' id='line_1_63' title="bbox 2435 3166 4010 3237; baseline 0 -17"><span class='ocrx_word' id='word_1_420' title='bbox 2435 3170 2594 3237; x_wconf 74' lang='grc' dir='ltr'>μένου</span> <span class='ocrx_word' id='word_1_421' title='bbox 2612 3168 2705 3222; x_wconf 81' lang='grc' dir='ltr'>τοῦ</span> <span class='ocrx_word' id='word_1_422' title='bbox 2730 3168 2985 3237; x_wconf 77' lang='grc' dir='ltr'>μεγάλου·</span> <span class='ocrx_word' id='word_1_423' title='bbox 3007 3167 3119 3220; x_wconf 83' lang='grc' dir='ltr'>λίθε</span> <span class='ocrx_word' id='word_1_424' title='bbox 3147 3168 3294 3235; x_wconf 83' lang='grc' dir='ltr'>ἆγιε,</span> <span class='ocrx_word' id='word_1_425' title='bbox 3328 3167 3617 3237; x_wconf 81' lang='grc' dir='ltr'>κυλιόμενε</span> <span class='ocrx_word' id='word_1_426' title='bbox 3643 3167 3735 3219; x_wconf 73' lang='grc' dir='ltr'><strong>ἐπὶ</strong></span> <span class='ocrx_word' id='word_1_427' title='bbox 3756 3166 3859 3235; x_wconf 73' lang='grc' dir='ltr'>τῆς</span> <span class='ocrx_word' id='word_1_428' title='bbox 3879 3168 4010 3235; x_wconf 79' lang='grc' dir='ltr'>γῆς,</span> 
     </span>
    </p>
   </div>
   <div class='ocr_carea' id='block_1_64' title="bbox 742 3247 2319 3334">
    <p class='ocr_par' dir='ltr' id='par_1_64' title="bbox 742 3261 2319 3334">
     <span class='ocr_line' id='line_1_64' title="bbox 742 3261 2319 3334; baseline -0.006 -14"><span class='ocrx_word' id='word_1_429' title='bbox 742 3266 931 3334; x_wconf 82' lang='lat' dir='ltr'><strong>ponit!</strong></span> <span class='ocrx_word' id='word_1_430' title='bbox 971 3264 1131 3333; x_wconf 85' lang='lat' dir='ltr'><strong>Lapis</strong></span> <span class='ocrx_word' id='word_1_431' title='bbox 1165 3272 1374 3326; x_wconf 89' lang='lat' dir='ltr'><strong>sancte,</strong></span> <span class='ocrx_word' id='word_1_432' title='bbox 1397 3263 1487 3330; x_wconf 87' lang='lat' dir='ltr'><strong>qui</strong></span> <span class='ocrx_word' id='word_1_433' title='bbox 1511 3262 1668 3330; x_wconf 74' lang='lat' dir='ltr'><strong>juxta</strong></span> <span class='ocrx_word' id='word_1_434' title='bbox 1703 3261 1896 3314; x_wconf 90' lang='lat' dir='ltr'><strong>Isaiam</strong></span> <span class='ocrx_word' id='word_1_435' title='bbox 1933 3275 2094 3328; x_wconf 83' lang='lat' dir='ltr'><strong>super</strong></span> <span class='ocrx_word' id='word_1_436' title='bbox 2124 3268 2319 3312; x_wconf 88' lang='lat' dir='ltr'><strong>terram</strong></span> 
     </span>
    </p>
   </div>
   <div class='ocr_carea' id='block_1_65' title="bbox 2426 3247 4015 3334">
    <p class='ocr_par' dir='ltr' id='par_1_65' title="bbox 2431 3261 4015 3333">
     <span class='ocr_line' id='line_1_65' title="bbox 2431 3261 4015 3333; baseline -0.003 -19"><span class='ocrx_word' id='word_1_437' title='bbox 2431 3262 2570 3314; x_wconf 77' lang='grc' dir='ltr'>κατὰ</span> <span class='ocrx_word' id='word_1_438' title='bbox 2597 3262 2688 3314; x_wconf 83' lang='grc' dir='ltr'>τὸν</span> <span class='ocrx_word' id='word_1_439' title='bbox 2733 3262 2978 3327; x_wconf 79' lang='grc' dir='ltr'>Ἡσαῖαν,</span> <span class='ocrx_word' id='word_1_440' title='bbox 3015 3261 3115 3328; x_wconf 78' lang='grc' dir='ltr'>τῆς</span> <span class='ocrx_word' id='word_1_441' title='bbox 3149 3262 3464 3333; x_wconf 79' lang='grc' dir='ltr'>Ἀμάστρας</span> <span class='ocrx_word' id='word_1_442' title='bbox 3510 3261 3570 3313; x_wconf 79' lang='grc' dir='ltr'>τὸ</span> <span class='ocrx_word' id='word_1_443' title='bbox 3623 3261 4015 3331; x_wconf 82' lang='grc' dir='ltr'>περιτείχισμα</span> 
     </span>
    </p>
   </div>
   <div class='ocr_carea' id='block_1_66' title="bbox 741 3351 2326 3420">
    <p class='ocr_par' dir='ltr' id='par_1_66' title="bbox 741 3351 2326 3420">
     <span class='ocr_line' id='line_1_66' title="bbox 741 3351 2326 3420; baseline -0.004 -11"><span class='ocrx_word' id='word_1_444' title='bbox 741 3358 999 3420; x_wconf 78' lang='lat' dir='ltr'><strong>volvaris,</strong></span> <span class='ocrx_word' id='word_1_445' title='bbox 1029 3355 1354 3408; x_wconf 83' lang='lat' dir='ltr'><strong>Amastridis</strong></span> <span class='ocrx_word' id='word_1_446' title='bbox 1381 3369 1572 3407; x_wconf 90' lang='lat' dir='ltr'><strong>murus</strong></span> <span class='ocrx_word' id='word_1_447' title='bbox 1619 3353 1930 3419; x_wconf 74' lang='lat' dir='ltr'><strong>vallumque</strong></span> <span class='ocrx_word' id='word_1_448' title='bbox 1958 3369 1972 3417; x_wconf 90' lang='lat'><strong>;</strong></span> <span class='ocrx_word' id='word_1_449' title='bbox 2009 3351 2121 3405; x_wconf 85' lang='lat' dir='ltr'><strong>sive</strong></span> <span class='ocrx_word' id='word_1_450' title='bbox 2147 3351 2326 3418; x_wconf 88' lang='lat' dir='ltr'><strong>potius</strong></span> 
     </span>
    </p>
   </div>
   <div class='ocr_carea' id='block_1_67' title="bbox 744 3441 2327 3515">
    <p class='ocr_par' dir='ltr' id='par_1_67' title="bbox 744 3441 2327 3515">
     <span class='ocr_line' id='line_1_67' title="bbox 744 3441 2327 3515; baseline -0.007 -11"><span class='ocrx_word' id='word_1_451' title='bbox 744 3450 912 3504; x_wconf 89' lang='lat' dir='ltr'><strong>turris</strong></span> <span class='ocrx_word' id='word_1_452' title='bbox 942 3462 1276 3515; x_wconf 83' lang='lat' dir='ltr'><strong>coronaque,</strong></span> <span class='ocrx_word' id='word_1_453' title='bbox 1307 3461 1498 3499; x_wconf 81' lang='lat' dir='ltr'><strong>omnes</strong></span> <span class='ocrx_word' id='word_1_454' title='bbox 1533 3444 1770 3497; x_wconf 86' lang='lat' dir='ltr'><strong>hostium</strong></span> <span class='ocrx_word' id='word_1_455' title='bbox 1794 3442 2074 3511; x_wconf 86' lang='lat' dir='ltr'><strong>capiendis</strong></span> <span class='ocrx_word' id='word_1_456' title='bbox 2100 3441 2327 3495; x_wconf 87' lang='lat' dir='ltr'><strong>urbibus</strong></span> 
     </span>
    </p>
   </div>
   <div class='ocr_carea' id='block_1_68' title="bbox 748 3533 2326 3604">
    <p class='ocr_par' dir='ltr' id='par_1_68' title="bbox 748 3533 2326 3604">
     <span class='ocr_line' id='line_1_68' title="bbox 748 3533 2326 3604; baseline -0.008 -10"><span class='ocrx_word' id='word_1_457' title='bbox 748 3541 1052 3599; x_wconf 80' lang='lat' dir='ltr'><strong>machinas.</strong></span> <span class='ocrx_word' id='word_1_458' title='bbox 1083 3539 1302 3601; x_wconf 82' lang='lat' dir='ltr'><strong>arietes,</strong></span> <span class='ocrx_word' id='word_1_459' title='bbox 1338 3535 1666 3604; x_wconf 84' lang='lat' dir='ltr'><strong>catapultas,</strong></span> <span class='ocrx_word' id='word_1_460' title='bbox 1698 3535 1922 3587; x_wconf 89' lang='lat' dir='ltr'><strong>balistas</strong></span> <span class='ocrx_word' id='word_1_461' title='bbox 1955 3533 2169 3601; x_wconf 86' lang='lat' dir='ltr'><strong>aliaque</strong></span> <span class='ocrx_word' id='word_1_462' title='bbox 2200 3549 2326 3599; x_wconf 87' lang='lat' dir='ltr'><strong>pro-</strong></span> 
     </span>
    </p>
   </div>
   <div class='ocr_carea' id='block_1_69' title="bbox 746 3627 2327 3702">
    <p class='ocr_par' dir='ltr' id='par_1_69' title="bbox 746 3627 2327 3702">
     <span class='ocr_line' id='line_1_69' title="bbox 746 3627 2327 3702; baseline -0.004 -16"><span class='ocrx_word' id='word_1_463' title='bbox 746 3632 990 3701; x_wconf 91' lang='lat' dir='ltr'><strong>pellens!</strong></span> <span class='ocrx_word' id='word_1_464' title='bbox 1025 3631 1436 3702; x_wconf 79' lang='lat' dir='ltr'><strong>Paphlagonum</strong></span> <span class='ocrx_word' id='word_1_465' title='bbox 1479 3630 1586 3684; x_wconf 91' lang='lat' dir='ltr'><strong>alta</strong></span> <span class='ocrx_word' id='word_1_466' title='bbox 1625 3629 1934 3684; x_wconf 86' lang='lat' dir='ltr'><strong>sublimitas</strong></span> <span class='ocrx_word' id='word_1_467' title='bbox 1979 3627 2327 3693; x_wconf 74' lang='lat' dir='ltr'><strong>eximiusque</strong></span> 
     </span>
    </p>
   </div>
   <div class='ocr_carea' id='block_1_70' title="bbox 745 3717 2325 3796">
    <p class='ocr_par' dir='ltr' id='par_1_70' title="bbox 745 3717 2325 3796">
     <span class='ocr_line' id='line_1_70' title="bbox 745 3717 2325 3796; baseline -0.008 -17"><span class='ocrx_word' id='word_1_468' title='bbox 745 3727 930 3790; x_wconf 78' lang='lat' dir='ltr'><strong>decor,</strong></span> <span class='ocrx_word' id='word_1_469' title='bbox 968 3725 1181 3796; x_wconf 90' lang='lat' dir='ltr'><strong>imperii</strong></span> <span class='ocrx_word' id='word_1_470' title='bbox 1211 3740 1435 3789; x_wconf 86' lang='lat' dir='ltr'><strong>corona,</strong></span> <span class='ocrx_word' id='word_1_471' title='bbox 1475 3722 1765 3777; x_wconf 61' lang='lat' dir='ltr'><strong>sacerdnlii</strong></span> <span class='ocrx_word' id='word_1_472' title='bbox 1800 3721 1919 3775; x_wconf 87' lang='lat' dir='ltr'><strong>laus</strong></span> <span class='ocrx_word' id='word_1_473' title='bbox 1948 3735 2010 3773; x_wconf 88' lang='lat' dir='ltr'><strong>ac</strong></span> <span class='ocrx_word' id='word_1_474' title='bbox 2053 3717 2325 3788; x_wconf 71' lang='lat' dir='ltr'><strong>gloriatio,</strong></span> 
     </span>
    </p>
   </div>
   <div class='ocr_carea' id='block_1_71' title="bbox 749 3811 2328 3887">
    <p class='ocr_par' dir='ltr' id='par_1_71' title="bbox 749 3811 2328 3887">
     <span class='ocr_line' id='line_1_71' title="bbox 749 3811 2328 3887; baseline -0.004 -17"><span class='ocrx_word' id='word_1_475' title='bbox 749 3828 1085 3882; x_wconf 90' lang='lat' dir='ltr'><strong>nostrorum,</strong></span> <span class='ocrx_word' id='word_1_476' title='bbox 1118 3833 1325 3887; x_wconf 63' lang='lat' dir='ltr'><strong>quieso,</strong></span> <span class='ocrx_word' id='word_1_477' title='bbox 1389 3818 1550 3870; x_wconf 87' lang='lat' dir='ltr'><strong>etiam</strong></span> <span class='ocrx_word' id='word_1_478' title='bbox 1605 3814 1886 3883; x_wconf 73' lang='lat' dir='ltr'><strong>suscipere</strong></span> <span class='ocrx_word' id='word_1_479' title='bbox 1934 3811 2174 3880; x_wconf 79' lang='lat' dir='ltr'><strong>digneris</strong></span> <span class='ocrx_word' id='word_1_480' title='bbox 2214 3825 2328 3864; x_wconf 80' lang='lat' dir='ltr'><strong>ser-</strong></span> 
     </span>
    </p>
   </div>
   <div class='ocr_carea' id='block_1_72' title="bbox 749 3904 2327 3980">
    <p class='ocr_par' dir='ltr' id='par_1_72' title="bbox 749 3904 2327 3980">
     <span class='ocr_line' id='line_1_72' title="bbox 749 3904 2327 3980; baseline -0.006 -17"><span class='ocrx_word' id='word_1_481' title='bbox 749 3925 969 3964; x_wconf 89' lang='lat' dir='ltr'><strong>monum</strong></span> <span class='ocrx_word' id='word_1_482' title='bbox 1006 3910 1312 3980; x_wconf 84' lang='lat' dir='ltr'><strong>primitias;</strong></span> <span class='ocrx_word' id='word_1_483' title='bbox 1366 3924 1426 3964; x_wconf 90' lang='lat' dir='ltr'><strong>ac</strong></span> <span class='ocrx_word' id='word_1_484' title='bbox 1455 3908 1533 3961; x_wconf 89' lang='lat' dir='ltr'><strong>vel</strong></span> <span class='ocrx_word' id='word_1_485' title='bbox 1569 3907 1613 3960; x_wconf 90' lang='lat' dir='ltr'><strong>si</strong></span> <span class='ocrx_word' id='word_1_486' title='bbox 1660 3905 1794 3960; x_wconf 92' lang='lat' dir='ltr'><strong>nibil</strong></span> <span class='ocrx_word' id='word_1_487' title='bbox 1828 3914 1920 3958; x_wconf 89' lang='lat' dir='ltr'><strong>tua</strong></span> <span class='ocrx_word' id='word_1_488' title='bbox 1955 3904 2178 3973; x_wconf 81' lang='lat' dir='ltr'><strong>dignum</strong></span> <span class='ocrx_word' id='word_1_489' title='bbox 2212 3918 2327 3956; x_wconf 89' lang='lat' dir='ltr'><strong>ma-</strong></span> 
     </span>
    </p>
   </div>
   <div class='ocr_carea' id='block_1_73' title="bbox 747 3995 2329 4072">
    <p class='ocr_par' dir='ltr' id='par_1_73' title="bbox 747 3995 2329 4072">
     <span class='ocr_line' id='line_1_73' title="bbox 747 3995 2329 4072; baseline -0.006 -18"><span class='ocrx_word' id='word_1_490' title='bbox 747 4002 1057 4072; x_wconf 72' lang='lat' dir='ltr'><strong>gniﬁcentia</strong></span> <span class='ocrx_word' id='word_1_491' title='bbox 1114 4002 1426 4068; x_wconf 79' lang='lat' dir='ltr'><strong>exhibeant,</strong></span> <span class='ocrx_word' id='word_1_492' title='bbox 1474 4015 1702 4070; x_wconf 90' lang='lat' dir='ltr'><strong>prorsus</strong></span> <span class='ocrx_word' id='word_1_493' title='bbox 1750 4006 1930 4051; x_wconf 87' lang='lat' dir='ltr'><strong>tamen</strong></span> <span class='ocrx_word' id='word_1_494' title='bbox 1975 3996 2084 4049; x_wconf 84' lang='lat' dir='ltr'><strong>tibi</strong></span> <span class='ocrx_word' id='word_1_495' title='bbox 2124 3995 2329 4048; x_wconf 80' lang='lat' dir='ltr'><strong>charis-</strong></span> 
     </span>
    </p>
   </div>
   <div class='ocr_carea' id='block_1_74' title="bbox 748 4085 2328 4160">
    <p class='ocr_par' dir='ltr' id='par_1_74' title="bbox 748 4085 2328 4160">
     <span class='ocr_line' id='line_1_74' title="bbox 748 4085 2328 4160; baseline -0.006 -14"><span class='ocrx_word' id='word_1_496' title='bbox 748 4094 940 4156; x_wconf 74' lang='lat' dir='ltr'><strong>simas,</strong></span> <span class='ocrx_word' id='word_1_497' title='bbox 970 4091 1114 4160; x_wconf 91' lang='lat' dir='ltr'><strong>quod</strong></span> <span class='ocrx_word' id='word_1_498' title='bbox 1143 4107 1171 4145; x_wconf 93' lang='lat' dir='ltr'><strong>e</strong></span> <span class='ocrx_word' id='word_1_499' title='bbox 1199 4091 1403 4145; x_wconf 87' lang='lat' dir='ltr'><strong>vicinio</strong></span> <span class='ocrx_word' id='word_1_500' title='bbox 1425 4090 1634 4142; x_wconf 78' lang='lat' dir='ltr'><strong>fruetus</strong></span> <span class='ocrx_word' id='word_1_501' title='bbox 1665 4089 1956 4141; x_wconf 79' lang='lat' dir='ltr'><strong>exsistant.</strong></span> <span class='ocrx_word' id='word_1_502' title='bbox 1985 4085 2062 4138; x_wconf 81' lang='lat' dir='ltr'><strong>Ae</strong></span> <span class='ocrx_word' id='word_1_503' title='bbox 2102 4085 2328 4151; x_wconf 88' lang='lat' dir='ltr'><strong>reliquis</strong></span> 
     </span>
    </p>
   </div>
   <div class='ocr_carea' id='block_1_75' title="bbox 749 4175 2328 4253">
    <p class='ocr_par' dir='ltr' id='par_1_75' title="bbox 749 4175 2328 4253">
     <span class='ocr_line' id='line_1_75' title="bbox 749 4175 2328 4253; baseline -0.007 -18"><span class='ocrx_word' id='word_1_504' title='bbox 749 4184 986 4252; x_wconf 88' lang='lat' dir='ltr'><strong>quidem,</strong></span> <span class='ocrx_word' id='word_1_505' title='bbox 1025 4199 1145 4253; x_wconf 74' lang='lat' dir='ltr'><strong>qua:</strong></span> <span class='ocrx_word' id='word_1_506' title='bbox 1196 4181 1300 4236; x_wconf 76' lang='lat' dir='ltr'><strong>illis</strong></span> <span class='ocrx_word' id='word_1_507' title='bbox 1348 4183 1498 4250; x_wconf 85' lang='lat' dir='ltr'><strong>prius</strong></span> <span class='ocrx_word' id='word_1_508' title='bbox 1536 4195 1564 4233; x_wconf 89' lang='lat' dir='ltr'><strong>a</strong></span> <span class='ocrx_word' id='word_1_509' title='bbox 1617 4194 1834 4234; x_wconf 90' lang='lat' dir='ltr'><strong>summo</strong></span> <span class='ocrx_word' id='word_1_510' title='bbox 1880 4177 2124 4230; x_wconf 88' lang='lat' dir='ltr'><strong>omnium</strong></span> <span class='ocrx_word' id='word_1_511' title='bbox 2183 4175 2328 4243; x_wconf 79' lang='lat' dir='ltr'><strong>Rege</strong></span> 
     </span>
    </p>
   </div>
   <div class='ocr_carea' id='block_1_76' title="bbox 749 4267 2330 4344">
    <p class='ocr_par' dir='ltr' id='par_1_76' title="bbox 749 4267 2330 4344">
     <span class='ocr_line' id='line_1_76' title="bbox 749 4267 2330 4344; baseline -0.006 -18"><span class='ocrx_word' id='word_1_512' title='bbox 749 4284 1006 4344; x_wconf 83' lang='lat' dir='ltr'><strong>precatus</strong></span> <span class='ocrx_word' id='word_1_513' title='bbox 1037 4284 1403 4343; x_wconf 80' lang='lat' dir='ltr'><strong>es,pra:stare</strong></span> <span class='ocrx_word' id='word_1_514' title='bbox 1464 4273 1578 4342; x_wconf 79' lang='lat' dir='ltr'><strong>ipse</strong></span> <span class='ocrx_word' id='word_1_515' title='bbox 1639 4286 1704 4325; x_wconf 89' lang='lat' dir='ltr'><strong>ne</strong></span> <span class='ocrx_word' id='word_1_516' title='bbox 1748 4269 2070 4332; x_wconf 82' lang='lat' dir='ltr'><strong>cessaveris,</strong></span> <span class='ocrx_word' id='word_1_517' title='bbox 2132 4267 2330 4334; x_wconf 85' lang='lat' dir='ltr'><strong>quippe</strong></span> 
     </span>
    </p>
   </div>
   <div class='ocr_carea' id='block_1_77' title="bbox 749 4359 2324 4432">
    <p class='ocr_par' dir='ltr' id='par_1_77' title="bbox 749 4359 2324 4432">
     <span class='ocr_line' id='line_1_77' title="bbox 749 4359 2324 4432; baseline -0.008 -11"><span class='ocrx_word' id='word_1_518' title='bbox 749 4366 836 4421; x_wconf 79' lang='lat' dir='ltr'><strong>cui</strong></span> <span class='ocrx_word' id='word_1_519' title='bbox 893 4365 1124 4420; x_wconf 84' lang='lat' dir='ltr'><strong>facultas</strong></span> <span class='ocrx_word' id='word_1_520' title='bbox 1187 4381 1298 4418; x_wconf 90' lang='lat' dir='ltr'><strong>non</strong></span> <span class='ocrx_word' id='word_1_521' title='bbox 1357 4364 1518 4426; x_wconf 85' lang='lat' dir='ltr'><strong>desit,</strong></span> <span class='ocrx_word' id='word_1_522' title='bbox 1581 4378 1746 4432; x_wconf 90' lang='lat' dir='ltr'><strong>quam</strong></span> <span class='ocrx_word' id='word_1_523' title='bbox 1812 4361 1939 4415; x_wconf 91' lang='lat' dir='ltr'><strong>inde</strong></span> <span class='ocrx_word' id='word_1_524' title='bbox 2001 4359 2324 4427; x_wconf 88' lang='lat' dir='ltr'><strong>acceperis:</strong></span> 
     </span>
    </p>
   </div>
   <div class='ocr_carea' id='block_1_78' title="bbox 755 4451 2330 4526">
    <p class='ocr_par' dir='ltr' id='par_1_78' title="bbox 755 4451 2330 4526">
     <span class='ocr_line' id='line_1_78' title="bbox 755 4451 2330 4526; baseline -0.004 -15"><span class='ocrx_word' id='word_1_525' title='bbox 755 4458 946 4514; x_wconf 81' lang='lat' dir='ltr'><strong>ricinis</strong></span> <span class='ocrx_word' id='word_1_526' title='bbox 972 4468 1150 4512; x_wconf 89' lang='lat' dir='ltr'><strong>autem</strong></span> <span class='ocrx_word' id='word_1_527' title='bbox 1187 4469 1352 4526; x_wconf 89' lang='lat' dir='ltr'><strong>atque</strong></span> <span class='ocrx_word' id='word_1_528' title='bbox 1392 4456 1626 4518; x_wconf 90' lang='lat' dir='ltr'><strong>civibus,</strong></span> <span class='ocrx_word' id='word_1_529' title='bbox 1671 4455 1744 4508; x_wconf 92' lang='lat' dir='ltr'><strong>uti</strong></span> <span class='ocrx_word' id='word_1_530' title='bbox 1791 4455 1964 4524; x_wconf 81' lang='lat' dir='ltr'><strong>magis</strong></span> <span class='ocrx_word' id='word_1_531' title='bbox 1997 4453 2090 4506; x_wconf 90' lang='lat' dir='ltr'><strong>tibi</strong></span> <span class='ocrx_word' id='word_1_532' title='bbox 2136 4451 2238 4505; x_wconf 83' lang='lat' dir='ltr'><strong>ﬁde</strong></span> <span class='ocrx_word' id='word_1_533' title='bbox 2267 4465 2330 4504; x_wconf 89' lang='lat' dir='ltr'><strong>ac</strong></span> 
     </span>
    </p>
   </div>
   <div class='ocr_carea' id='block_1_79' title="bbox 2429 3347 4013 3423">
    <p class='ocr_par' dir='ltr' id='par_1_79' title="bbox 2429 3347 4013 3423">
     <span class='ocr_line' id='line_1_79' title="bbox 2429 3347 4013 3423; baseline -0.004 -17"><span class='ocrx_word' id='word_1_534' title='bbox 2429 3356 2521 3406; x_wconf 75' lang='grc' dir='ltr'><strong>καὶ</strong></span> <span class='ocrx_word' id='word_1_535' title='bbox 2550 3352 2950 3423; x_wconf 66' lang='grc' dir='ltr'>περίφραγμα,</span> <span class='ocrx_word' id='word_1_536' title='bbox 2997 3349 3198 3420; x_wconf 80' lang='grc' dir='ltr'>μᾶλλον</span> <span class='ocrx_word' id='word_1_537' title='bbox 3253 3351 3310 3402; x_wconf 81' lang='grc' dir='ltr'>δὲ</span> <span class='ocrx_word' id='word_1_538' title='bbox 3363 3349 3640 3420; x_wconf 81' lang='grc' dir='ltr'>πύργωμα</span> <span class='ocrx_word' id='word_1_539' title='bbox 3667 3350 3761 3400; x_wconf 76' lang='grc' dir='ltr'><strong>καὶ</strong></span> <span class='ocrx_word' id='word_1_540' title='bbox 3805 3347 4013 3416; x_wconf 82' lang='grc' dir='ltr'>στεφά-</span> 
     </span>
    </p>
   </div>
   <div class='ocr_carea' id='block_1_80' title="bbox 2429 3441 4016 3514">
    <p class='ocr_par' dir='ltr' id='par_1_80' title="bbox 2429 3441 4016 3514">
     <span class='ocr_line' id='line_1_80' title="bbox 2429 3441 4016 3514; baseline -0.002 -19"><span class='ocrx_word' id='word_1_541' title='bbox 2429 3462 2606 3514; x_wconf 85' lang='grc' dir='ltr'>νωμα,</span> <span class='ocrx_word' id='word_1_542' title='bbox 2635 3446 2814 3506; x_wconf 72' lang='grc' dir='ltr'>πάαας</span> <span class='ocrx_word' id='word_1_543' title='bbox 2844 3445 3118 3508; x_wconf 68' lang='grc' dir='ltr'>ἑλεπόλεις</span> <span class='ocrx_word' id='word_1_544' title='bbox 3169 3444 3262 3496; x_wconf 72' lang='grc' dir='ltr'><strong>καὶ</strong></span> <span class='ocrx_word' id='word_1_545' title='bbox 3296 3441 3543 3512; x_wconf 82' lang='grc' dir='ltr'>μηχανὰς</span> <span class='ocrx_word' id='word_1_546' title='bbox 3571 3441 4016 3510; x_wconf 84' lang='grc' dir='ltr'>ἀποκρουόμενον</span> 
     </span>
    </p>
   </div>
   <div class='ocr_carea' id='block_1_81' title="bbox 2430 3531 4014 3605">
    <p class='ocr_par' dir='ltr' id='par_1_81' title="bbox 2430 3531 4014 3605">
     <span class='ocr_line' id='line_1_81' title="bbox 2430 3531 4014 3605; baseline -0.002 -18"><span class='ocrx_word' id='word_1_547' title='bbox 2430 3536 2641 3605; x_wconf 80' lang='grc' dir='ltr'>ἐχθρῶν</span> <span class='ocrx_word' id='word_1_548' title='bbox 2659 3552 2671 3564; x_wconf 91' lang='grc'><strong>·</strong></span> <span class='ocrx_word' id='word_1_549' title='bbox 2707 3537 2814 3587; x_wconf 86' lang='grc' dir='ltr'><strong>τῶν</strong></span> <span class='ocrx_word' id='word_1_550' title='bbox 2835 3538 2875 3588; x_wconf 90' lang='grc' dir='ltr'>Π</span> <span class='ocrx_word' id='word_1_551' title='bbox 2883 3535 3201 3604; x_wconf 59' lang='grc' dir='ltr'>αφλαγόνων</span> <span class='ocrx_word' id='word_1_552' title='bbox 3219 3535 3278 3588; x_wconf 87' lang='grc' dir='ltr'>τὸ</span> <span class='ocrx_word' id='word_1_553' title='bbox 3301 3531 3499 3604; x_wconf 74' lang='grc' dir='ltr'>ὕψωμα</span> <span class='ocrx_word' id='word_1_554' title='bbox 3520 3535 3613 3586; x_wconf 73' lang='grc' dir='ltr'><strong>καὶ</strong></span> <span class='ocrx_word' id='word_1_555' title='bbox 3648 3533 4014 3601; x_wconf 85' lang='grc' dir='ltr'>καλλώπισμα</span> 
     </span>
    </p>
   </div>
   <div class='ocr_carea' id='block_1_82' title="bbox 2430 3623 4015 3698">
    <p class='ocr_par' dir='ltr' id='par_1_82' title="bbox 2430 3623 4015 3698">
     <span class='ocr_line' id='line_1_82' title="bbox 2430 3623 4015 3698; baseline -0.009 -18"><span class='ocrx_word' id='word_1_556' title='bbox 2430 3627 2528 3695; x_wconf 80' lang='grc' dir='ltr'>τῆς</span> <span class='ocrx_word' id='word_1_557' title='bbox 2570 3627 2849 3698; x_wconf 75' lang='grc' dir='ltr'>βασιλείας</span> <span class='ocrx_word' id='word_1_558' title='bbox 2888 3629 2915 3679; x_wconf 88' lang='grc' dir='ltr'>ὁ</span> <span class='ocrx_word' id='word_1_559' title='bbox 2953 3627 3236 3693; x_wconf 73' lang='grc' dir='ltr'>στέφανος,</span> <span class='ocrx_word' id='word_1_560' title='bbox 3264 3627 3362 3694; x_wconf 81' lang='grc' dir='ltr'>τῆς</span> <span class='ocrx_word' id='word_1_561' title='bbox 3403 3623 3705 3694; x_wconf 71' lang='grc' dir='ltr'>ἱερωσύνης</span> <span class='ocrx_word' id='word_1_562' title='bbox 3735 3625 3762 3676; x_wconf 82' lang='grc' dir='ltr'>ό</span> <span class='ocrx_word' id='word_1_563' title='bbox 3789 3623 4015 3685; x_wconf 72' lang='grc' dir='ltr'>ἔπαινος</span> 
     </span>
    </p>
   </div>
   <div class='ocr_carea' id='block_1_83' title="bbox 2431 3715 4012 3788">
    <p class='ocr_par' dir='ltr' id='par_1_83' title="bbox 2431 3715 4012 3788">
     <span class='ocr_line' id='line_1_83' title="bbox 2431 3715 4012 3788; baseline -0.006 -13"><span class='ocrx_word' id='word_1_564' title='bbox 2431 3723 2526 3776; x_wconf 70' lang='grc' dir='ltr'>καὶ</span> <span class='ocrx_word' id='word_1_565' title='bbox 2588 3720 2648 3774; x_wconf 75' lang='grc' dir='ltr'><strong>τὸ</strong></span> <span class='ocrx_word' id='word_1_566' title='bbox 2695 3719 2977 3788; x_wconf 69' lang='grc' dir='ltr'>καύχημα,</span> <span class='ocrx_word' id='word_1_567' title='bbox 3029 3719 3203 3787; x_wconf 80' lang='grc' dir='ltr'>δέχοιο</span> <span class='ocrx_word' id='word_1_568' title='bbox 3252 3720 3348 3770; x_wconf 76' lang='grc' dir='ltr'><strong>καὶ</strong></span> <span class='ocrx_word' id='word_1_569' title='bbox 3411 3717 3508 3786; x_wconf 82' lang='grc' dir='ltr'>τὴν</span> <span class='ocrx_word' id='word_1_570' title='bbox 3552 3717 3662 3768; x_wconf 86' lang='grc' dir='ltr'><strong>τῶν</strong></span> <span class='ocrx_word' id='word_1_571' title='bbox 3723 3715 4012 3784; x_wconf 80' lang='grc' dir='ltr'>ἡμετέρων</span> 
     </span>
    </p>
   </div>
   <div class='ocr_carea' id='block_1_84' title="bbox 2431 3807 4014 3882">
    <p class='ocr_par' dir='ltr' id='par_1_84' title="bbox 2431 3807 4014 3882">
     <span class='ocr_line' id='line_1_84' title="bbox 2431 3807 4014 3882; baseline -0.006 -16"><span class='ocrx_word' id='word_1_572' title='bbox 2431 3813 2686 3882; x_wconf 85' lang='grc' dir='ltr'>ἀπαρχὴν</span> <span class='ocrx_word' id='word_1_573' title='bbox 2717 3813 2923 3879; x_wconf 59' lang='grc' dir='ltr'>λόγων</span> <span class='ocrx_word' id='word_1_574' title='bbox 2959 3813 3051 3861; x_wconf 74' lang='grc' dir='ltr'><strong>καὶ</strong></span> <span class='ocrx_word' id='word_1_575' title='bbox 3085 3813 3133 3862; x_wconf 81' lang='grc' dir='ltr'>εἰ</span> <span class='ocrx_word' id='word_1_576' title='bbox 3189 3811 3354 3879; x_wconf 79' lang='grc' dir='ltr'>μηδὲν</span> <span class='ocrx_word' id='word_1_577' title='bbox 3384 3809 3483 3877; x_wconf 82' lang='grc' dir='ltr'>τῆς</span> <span class='ocrx_word' id='word_1_578' title='bbox 3516 3807 3616 3876; x_wconf 76' lang='grc' dir='ltr'>σῆς</span> <span class='ocrx_word' id='word_1_579' title='bbox 3652 3807 3801 3871; x_wconf 80' lang='grc' dir='ltr'>ἀξιον</span> <span class='ocrx_word' id='word_1_580' title='bbox 3835 3823 4014 3876; x_wconf 78' lang='grc' dir='ltr'>μεγα-</span> 
     </span>
    </p>
   </div>
   <div class='ocr_carea' id='block_1_85' title="bbox 2431 3892 4016 3966">
    <p class='ocr_par' dir='ltr' id='par_1_85' title="bbox 2431 3892 4016 3966">
     <span class='ocr_line' id='line_1_85' title="bbox 2431 3892 4016 3966; baseline -0.003 -18"><span class='ocrx_word' id='word_1_581' title='bbox 2431 3896 2764 3966; x_wconf 81' lang='grc' dir='ltr'>λοπρεπείας</span> <span class='ocrx_word' id='word_1_582' title='bbox 2800 3895 3214 3963; x_wconf 75' lang='grc' dir='ltr'>ἐπιφαίνουσαν,</span> <span class='ocrx_word' id='word_1_583' title='bbox 3242 3893 3378 3946; x_wconf 85' lang='grc' dir='ltr'><strong>ἀλλά</strong></span> <span class='ocrx_word' id='word_1_584' title='bbox 3403 3893 3562 3962; x_wconf 77' lang='grc' dir='ltr'>φίλην</span> <span class='ocrx_word' id='word_1_585' title='bbox 3594 3894 3658 3960; x_wconf 84' lang='grc' dir='ltr'><strong><em>γὲ</em></strong></span> <span class='ocrx_word' id='word_1_586' title='bbox 3683 3909 3763 3944; x_wconf 90' lang='grc' dir='ltr'><strong>σοι</strong></span> <span class='ocrx_word' id='word_1_587' title='bbox 3795 3892 4016 3953; x_wconf 78' lang='grc' dir='ltr'>πάντως</span> 
     </span>
    </p>
   </div>
   <div class='ocr_carea' id='block_1_86' title="bbox 2431 3979 4014 4058">
    <p class='ocr_par' dir='ltr' id='par_1_86' title="bbox 2431 3979 4014 4058">
     <span class='ocr_line' id='line_1_86' title="bbox 2431 3979 4014 4058; baseline -0.004 -15"><span class='ocrx_word' id='word_1_588' title='bbox 2431 3989 2618 4052; x_wconf 70' lang='grc' dir='ltr'>οὖσαν,</span> <span class='ocrx_word' id='word_1_589' title='bbox 2651 3988 2727 4058; x_wconf 82' lang='grc' dir='ltr'>τῷ</span> <span class='ocrx_word' id='word_1_590' title='bbox 2758 3989 2821 4040; x_wconf 81' lang='grc' dir='ltr'>ἐκ</span> <span class='ocrx_word' id='word_1_591' title='bbox 2858 3988 3117 4054; x_wconf 78' lang='grc' dir='ltr'>γειτόνων</span> <span class='ocrx_word' id='word_1_592' title='bbox 3157 3979 3299 4038; x_wconf 86' lang='grc' dir='ltr'>εἶναι</span> <span class='ocrx_word' id='word_1_593' title='bbox 3351 3986 3588 4055; x_wconf 78' lang='grc' dir='ltr'>καρπὸν,</span> <span class='ocrx_word' id='word_1_594' title='bbox 3640 3985 3734 4037; x_wconf 81' lang='grc' dir='ltr'><strong>καὶ</strong></span> <span class='ocrx_word' id='word_1_595' title='bbox 3773 3986 3884 4045; x_wconf 86' lang='grc' dir='ltr'>τοῖς</span> <span class='ocrx_word' id='word_1_596' title='bbox 3912 3983 4014 4053; x_wconf 79' lang='grc' dir='ltr'>μὲν</span> 
     </span>
    </p>
   </div>
   <div class='ocr_carea' id='block_1_87' title="bbox 2431 4075 4014 4149">
    <p class='ocr_par' dir='ltr' id='par_1_87' title="bbox 2431 4075 4014 4149">
     <span class='ocr_line' id='line_1_87' title="bbox 2431 4075 4014 4149; baseline -0.007 -13"><span class='ocrx_word' id='word_1_597' title='bbox 2431 4084 2608 4148; x_wconf 79' lang='grc' dir='ltr'>ἄλλοις</span> <span class='ocrx_word' id='word_1_598' title='bbox 2651 4082 2853 4142; x_wconf 71' lang='grc' dir='ltr'>πᾶσιν,</span> <span class='ocrx_word' id='word_1_599' title='bbox 2900 4079 2935 4133; x_wconf 83' lang='grc' dir='ltr'><strong>ὃ.</strong></span> <span class='ocrx_word' id='word_1_600' title='bbox 2977 4080 3113 4149; x_wconf 46' lang='grc' dir='ltr'>πρὶς</span> <span class='ocrx_word' id='word_1_601' title='bbox 3172 4078 3264 4130; x_wconf 77' lang='grc' dir='ltr'>τοῦ</span> <span class='ocrx_word' id='word_1_602' title='bbox 3299 4076 3693 4147; x_wconf 79' lang='grc' dir='ltr'>Παμσασιλέως</span> <span class='ocrx_word' id='word_1_603' title='bbox 3745 4075 4014 4146; x_wconf 67' lang='grc' dir='ltr'>πρότερον</span> 
     </span>
    </p>
   </div>
   <div class='ocr_carea' id='block_1_88' title="bbox 2432 4167 4015 4245">
    <p class='ocr_par' dir='ltr' id='par_1_88' title="bbox 2432 4167 4015 4245">
     <span class='ocr_line' id='line_1_88' title="bbox 2432 4167 4015 4245; baseline -0.006 -18"><span class='ocrx_word' id='word_1_604' title='bbox 2432 4174 2674 4245; x_wconf 72' lang='grc' dir='ltr'>ἐπηύξω,</span> <span class='ocrx_word' id='word_1_605' title='bbox 2715 4173 2786 4243; x_wconf 83' lang='grc' dir='ltr'>μὴ</span> <span class='ocrx_word' id='word_1_606' title='bbox 2821 4173 3071 4243; x_wconf 78' lang='grc' dir='ltr'>διαλίπῃς</span> <span class='ocrx_word' id='word_1_607' title='bbox 3129 4170 3290 4234; x_wconf 75' lang='grc' dir='ltr'>αὐτὸς</span> <span class='ocrx_word' id='word_1_608' title='bbox 3324 4169 3563 4239; x_wconf 73' lang='grc' dir='ltr'>ἐνεργῶν</span> <span class='ocrx_word' id='word_1_609' title='bbox 3589 4185 3602 4199; x_wconf 86' lang='grc'>·</span> <span class='ocrx_word' id='word_1_610' title='bbox 3643 4168 3868 4222; x_wconf 80' lang='grc' dir='ltr'>δύνασαι</span> <span class='ocrx_word' id='word_1_611' title='bbox 3903 4167 4015 4236; x_wconf 81' lang='grc' dir='ltr'>γὰρ</span> 
     </span>
    </p>
   </div>
   <div class='ocr_carea' id='block_1_89' title="bbox 2433 4262 4015 4336">
    <p class='ocr_par' dir='ltr' id='par_1_89' title="bbox 2433 4262 4015 4336">
     <span class='ocr_line' id='line_1_89' title="bbox 2433 4262 4015 4336; baseline -0.008 -12"><span class='ocrx_word' id='word_1_612' title='bbox 2433 4271 2644 4325; x_wconf 81' lang='grc' dir='ltr'>ἐκεῖθεν</span> <span class='ocrx_word' id='word_1_613' title='bbox 2674 4264 2884 4324; x_wconf 63' lang='grc' dir='ltr'>λαϐὼν</span> <span class='ocrx_word' id='word_1_614' title='bbox 2915 4272 3025 4330; x_wconf 85' lang='grc' dir='ltr'>τοῖς</span> <span class='ocrx_word' id='word_1_615' title='bbox 3054 4267 3260 4336; x_wconf 74' lang='grc' dir='ltr'>γείτοπι</span> <span class='ocrx_word' id='word_1_616' title='bbox 3287 4267 3344 4320; x_wconf 79' lang='grc' dir='ltr'><strong>δὲ</strong></span> <span class='ocrx_word' id='word_1_617' title='bbox 3386 4265 3480 4319; x_wconf 71' lang='grc' dir='ltr'><strong>καὶ</strong></span> <span class='ocrx_word' id='word_1_618' title='bbox 3513 4264 3781 4329; x_wconf 82' lang='grc' dir='ltr'>πολίταις,</span> <span class='ocrx_word' id='word_1_619' title='bbox 3813 4262 3889 4324; x_wconf 82' lang='grc' dir='ltr'>ὡς</span> <span class='ocrx_word' id='word_1_620' title='bbox 3914 4262 4015 4330; x_wconf 76' lang='grc' dir='ltr'>μὲν</span> 
     </span>
    </p>
   </div>
   <div class='ocr_carea' id='block_1_90' title="bbox 2433 4354 4012 4435">
    <p class='ocr_par' dir='ltr' id='par_1_90' title="bbox 2433 4354 4012 4435">
     <span class='ocr_line' id='line_1_90' title="bbox 2433 4354 4012 4435; baseline -0.006 -17"><span class='ocrx_word' id='word_1_621' title='bbox 2433 4365 2834 4435; x_wconf 80' lang='grc' dir='ltr'>ἁνηρτημένοις</span> <span class='ocrx_word' id='word_1_622' title='bbox 2889 4363 2988 4432; x_wconf 79' lang='grc' dir='ltr'>τῆς</span> <span class='ocrx_word' id='word_1_623' title='bbox 3045 4362 3280 4422; x_wconf 79' lang='grc' dir='ltr'>πίστεως</span> <span class='ocrx_word' id='word_1_624' title='bbox 3339 4360 3434 4413; x_wconf 72' lang='grc' dir='ltr'><strong>καὶ</strong></span> <span class='ocrx_word' id='word_1_625' title='bbox 3481 4358 3704 4426; x_wconf 72' lang='grc' dir='ltr'>ἀγάπης</span> <span class='ocrx_word' id='word_1_626' title='bbox 3748 4356 3848 4424; x_wconf 77' lang='grc' dir='ltr'>τῆς</span> <span class='ocrx_word' id='word_1_627' title='bbox 3888 4354 4012 4421; x_wconf 77' lang='grc' dir='ltr'>σῆς,</span> 
     </span>
    </p>
   </div>
   <div class='ocr_carea' id='block_1_91' title="bbox 2434 4442 4015 4524">
    <p class='ocr_par' dir='ltr' id='par_1_91' title="bbox 2434 4442 4015 4524">
     <span class='ocr_line' id='line_1_91' title="bbox 2434 4442 4015 4524; baseline -0.006 -16"><span class='ocrx_word' id='word_1_628' title='bbox 2434 4458 2602 4511; x_wconf 79' lang='grc' dir='ltr'>πλείω</span> <span class='ocrx_word' id='word_1_629' title='bbox 2630 4456 2738 4509; x_wconf 86' lang='grc' dir='ltr'><strong>τῶν</strong></span> <span class='ocrx_word' id='word_1_630' title='bbox 2769 4453 3128 4524; x_wconf 84' lang='grc' dir='ltr'>ἀγαθοδώρων</span> <span class='ocrx_word' id='word_1_631' title='bbox 3158 4442 3296 4504; x_wconf 54' lang='grc' dir='ltr'>Θεοῦ*</span> <span class='ocrx_word' id='word_1_632' title='bbox 3324 4449 3544 4517; x_wconf 86' lang='grc' dir='ltr'>ἀγαθῶν</span> <span class='ocrx_word' id='word_1_633' title='bbox 3573 4448 3665 4501; x_wconf 79' lang='grc' dir='ltr'><strong>τὸν</strong></span> <span class='ocrx_word' id='word_1_634' title='bbox 3695 4462 4015 4515; x_wconf 79' lang='grc' dir='ltr'>περιουσια-</span> 
     </span>
    </p>
   </div>
   <div class='ocr_carea' id='block_1_92' title="bbox 750 4541 2319 4638">
    <p class='ocr_par' dir='ltr' id='par_1_92' title="bbox 750 4543 2319 4615">
     <span class='ocr_line' id='line_1_92' title="bbox 750 4543 2319 4615; baseline -0.007 -11"><span class='ocrx_word' id='word_1_635' title='bbox 750 4550 1014 4604; x_wconf 83' lang='lat' dir='ltr'><strong>ebarilate</strong></span> <span class='ocrx_word' id='word_1_636' title='bbox 1065 4550 1355 4614; x_wconf 86' lang='lat' dir='ltr'><strong>consertis,</strong></span> <span class='ocrx_word' id='word_1_637' title='bbox 1390 4547 1654 4615; x_wconf 82' lang='lat' dir='ltr'><strong>majorem</strong></span> <span class='ocrx_word' id='word_1_638' title='bbox 1710 4545 1979 4599; x_wconf 90' lang='lat' dir='ltr'><strong>bonorum</strong></span> <span class='ocrx_word' id='word_1_639' title='bbox 2015 4543 2108 4597; x_wconf 91' lang='lat' dir='ltr'><strong>Dei</strong></span> <span class='ocrx_word' id='word_1_640' title='bbox 2141 4557 2319 4604; x_wconf 81' lang='lat' dir='ltr'><strong>mune-</strong></span> 
     </span>
    </p>
   </div>
   <div class='ocr_carea' id='block_1_93' title="bbox 2426 4541 4010 4638">
    <p class='ocr_par' dir='ltr' id='par_1_93' title="bbox 2437 4541 4010 4623">
     <span class='ocr_line' id='line_1_93' title="bbox 2437 4541 4010 4623; baseline -0.008 -17"><span class='ocrx_word' id='word_1_641' title='bbox 2437 4554 2571 4623; x_wconf 66' lang='grc' dir='ltr'>σμρν</span> <span class='ocrx_word' id='word_1_642' title='bbox 2624 4552 3067 4620; x_wconf 75' lang='grc' dir='ltr'>ἐπιχορήγησον,</span> <span class='ocrx_word' id='word_1_643' title='bbox 3121 4549 3200 4610; x_wconf 80' lang='lat' dir='ltr'><strong>ei;</strong></span> <span class='ocrx_word' id='word_1_644' title='bbox 3247 4546 3407 4611; x_wconf 80' lang='grc' dir='ltr'>δόξαν</span> <span class='ocrx_word' id='word_1_645' title='bbox 3460 4546 3672 4614; x_wconf 72' lang='grc' dir='ltr'>ιΙατρος</span> <span class='ocrx_word' id='word_1_646' title='bbox 3721 4544 3816 4596; x_wconf 79' lang='grc' dir='ltr'><strong>καὶ</strong></span> <span class='ocrx_word' id='word_1_647' title='bbox 3877 4541 4010 4594; x_wconf 79' lang='grc' dir='ltr'>Υἱοῦ</span> 
     </span>
    </p>
   </div>
   <div class='ocr_carea' id='block_1_94' title="bbox 753 4632 2327 4709">
    <p class='ocr_par' dir='ltr' id='par_1_94' title="bbox 753 4632 2327 4709">
     <span class='ocr_line' id='line_1_94' title="bbox 753 4632 2327 4709; baseline -0.004 -17"><span class='ocrx_word' id='word_1_648' title='bbox 753 4655 870 4692; x_wconf 91' lang='lat' dir='ltr'><strong>rum</strong></span> <span class='ocrx_word' id='word_1_649' title='bbox 925 4640 1134 4709; x_wconf 85' lang='lat' dir='ltr'><strong>copiam</strong></span> <span class='ocrx_word' id='word_1_650' title='bbox 1200 4640 1581 4701; x_wconf 88' lang='lat' dir='ltr'><strong>subministra,</strong></span> <span class='ocrx_word' id='word_1_651' title='bbox 1641 4637 1695 4689; x_wconf 92' lang='lat' dir='ltr'><strong>in</strong></span> <span class='ocrx_word' id='word_1_652' title='bbox 1746 4634 1924 4690; x_wconf 80' lang='lat' dir='ltr'><strong>Patris</strong></span> <span class='ocrx_word' id='word_1_653' title='bbox 1983 4645 2036 4689; x_wconf 84' lang='lat' dir='ltr'><strong>et</strong></span> <span class='ocrx_word' id='word_1_654' title='bbox 2094 4632 2216 4687; x_wconf 87' lang='lat' dir='ltr'><strong>Filii</strong></span> <span class='ocrx_word' id='word_1_655' title='bbox 2274 4640 2327 4686; x_wconf 88' lang='lat' dir='ltr'><strong>et</strong></span> 
     </span>
    </p>
   </div>
   <div class='ocr_carea' id='block_1_95' title="bbox 753 4726 2320 4801">
    <p class='ocr_par' dir='ltr' id='par_1_95' title="bbox 753 4726 2320 4801">
     <span class='ocr_line' id='line_1_95' title="bbox 753 4726 2320 4801; baseline -0.005 -16"><span class='ocrx_word' id='word_1_656' title='bbox 753 4731 985 4800; x_wconf 88' lang='lat' dir='ltr'><strong>Spiritus</strong></span> <span class='ocrx_word' id='word_1_657' title='bbox 1039 4733 1211 4786; x_wconf 72' lang='lat' dir='ltr'><strong>sanrti</strong></span> <span class='ocrx_word' id='word_1_658' title='bbox 1263 4733 1521 4801; x_wconf 76' lang='lat' dir='ltr'><strong>gloriam,</strong></span> <span class='ocrx_word' id='word_1_659' title='bbox 1583 4730 1636 4782; x_wconf 93' lang='lat' dir='ltr'><strong>in</strong></span> <span class='ocrx_word' id='word_1_660' title='bbox 1705 4728 1899 4783; x_wconf 58' lang='lat' dir='ltr'><strong>secula</strong></span> <span class='ocrx_word' id='word_1_661' title='bbox 1970 4726 2320 4780; x_wconf 67' lang='lat' dir='ltr'><strong>saeculorum.</strong></span> 
     </span>
    </p>
   </div>
   <div class='ocr_carea' id='block_1_96' title="bbox 750 4823 918 4876">
    <p class='ocr_par' dir='ltr' id='par_1_96' title="bbox 750 4823 918 4876">
     <span class='ocr_line' id='line_1_96' title="bbox 750 4823 918 4876; baseline 0 0"><span class='ocrx_word' id='word_1_662' title='bbox 750 4823 918 4876; x_wconf 74' lang='lat' dir='ltr'><strong>Amen</strong></span> 
     </span>
    </p>
   </div>
   <div class='ocr_carea' id='block_1_97' title="bbox 2433 4633 4011 4710">
    <p class='ocr_par' dir='ltr' id='par_1_97' title="bbox 2433 4633 4011 4710">
     <span class='ocr_line' id='line_1_97' title="bbox 2433 4633 4011 4710; baseline -0.004 -14"><span class='ocrx_word' id='word_1_663' title='bbox 2433 4643 2527 4696; x_wconf 76' lang='grc' dir='ltr'><strong>καὶ</strong></span> <span class='ocrx_word' id='word_1_664' title='bbox 2554 4641 2710 4710; x_wconf 87' lang='grc' dir='ltr'>ἀγίου</span> <span class='ocrx_word' id='word_1_665' title='bbox 2752 4639 3088 4709; x_wconf 82' lang='grc' dir='ltr'>Πνεὺματος,</span> <span class='ocrx_word' id='word_1_666' title='bbox 3140 4640 3221 4701; x_wconf 85' lang='grc' dir='ltr'>εἰς</span> <span class='ocrx_word' id='word_1_667' title='bbox 3254 4637 3381 4700; x_wconf 78' lang='grc' dir='ltr'>τοὺς</span> <span class='ocrx_word' id='word_1_668' title='bbox 3419 4635 3622 4699; x_wconf 79' lang='grc' dir='ltr'>αἰῶνας</span> <span class='ocrx_word' id='word_1_669' title='bbox 3643 4633 3754 4705; x_wconf 75' lang='grc' dir='ltr'><strong>τῶν</strong></span> <span class='ocrx_word' id='word_1_670' title='bbox 3776 4634 4011 4689; x_wconf 76' lang='grc' dir='ltr'>αἰώνων.</span> 
     </span>
    </p>
   </div>
   <div class='ocr_carea' id='block_1_98' title="bbox 2447 4732 2639 4804">
    <p class='ocr_par' dir='ltr' id='par_1_98' title="bbox 2447 4732 2639 4804">
     <span class='ocr_line' id='line_1_98' title="bbox 2447 4732 2639 4804; baseline -0.021 -17"><span class='ocrx_word' id='word_1_671' title='bbox 2447 4732 2639 4804; x_wconf 85' lang='grc' dir='ltr'>Ἀμήν.</span> 
     </span>
    </p>
   </div>
   <div class='ocr_carea' id='block_1_99' title="bbox 2196 4956 2606 5016">
    <p class='ocr_par' dir='ltr' id='par_1_99' title="bbox 2196 4956 2606 5016">
     <span class='ocr_line' id='line_1_99' title="bbox 2196 4956 2606 5016; baseline -0.015 0"><span class='ocrx_word' id='word_1_672' title='bbox 2196 4958 2456 5016; x_wconf 75' lang='lat' dir='ltr'><strong>ORATIO</strong></span> <span class='ocrx_word' id='word_1_673' title='bbox 2489 4956 2606 5012; x_wconf 72' lang='lat' dir='ltr'><strong>XX.</strong></span> 
     </span>
    </p>
   </div>
   <div class='ocr_carea' id='block_1_100' title="bbox 945 5065 3774 5151">
    <p class='ocr_par' dir='ltr' id='par_1_100' title="bbox 945 5065 3774 5151">
     <span class='ocr_line' id='line_1_100' title="bbox 945 5065 3774 5151; baseline -0.005 -18"><span class='ocrx_word' id='word_1_674' title='bbox 945 5079 1206 5136; x_wconf 79' lang='lat' dir='ltr'><strong>lnmlutio</strong></span> <span class='ocrx_word' id='word_1_675' title='bbox 1240 5083 1414 5151; x_wconf 79' lang='lat' dir='ltr'><strong>magni</strong></span> <span class='ocrx_word' id='word_1_676' title='bbox 1446 5081 1704 5150; x_wconf 70' lang='lat' dir='ltr'><strong>Gregorii,</strong></span> <span class='ocrx_word' id='word_1_677' title='bbox 1737 5078 2342 5140; x_wconf 71' lang='lat' dir='ltr'><strong>Constantinopolitauw</strong></span> <span class='ocrx_word' id='word_1_678' title='bbox 2375 5075 2518 5128; x_wconf 81' lang='lat' dir='ltr'><strong>urbis</strong></span> <span class='ocrx_word' id='word_1_679' title='bbox 2562 5072 2966 5141; x_wconf 80' lang='lat' dir='ltr'><strong>archiepiscopi,</strong></span> <span class='ocrx_word' id='word_1_680' title='bbox 3011 5077 3352 5140; x_wconf 80' lang='lat' dir='ltr'><strong>cognomento</strong></span> <span class='ocrx_word' id='word_1_681' title='bbox 3408 5065 3654 5137; x_wconf 81' lang='lat' dir='ltr'><strong>Theologi</strong></span> <span class='ocrx_word' id='word_1_682' title='bbox 3697 5067 3774 5138; x_wconf 86' lang='grc' dir='ltr'><strong>(Ι)</strong></span> 
     </span>
    </p>
   </div>
   <div class='ocr_carea' id='block_1_101' title="bbox 821 5196 2324 5270">
    <p class='ocr_par' dir='ltr' id='par_1_101' title="bbox 821 5196 2324 5270">
     <span class='ocr_line' id='line_1_101' title="bbox 821 5196 2324 5270; baseline 0 -21"><span class='ocrx_word' id='word_1_683' title='bbox 821 5196 1073 5266; x_wconf 74' lang='lat' dir='ltr'><strong>Magnum</strong></span> <span class='ocrx_word' id='word_1_684' title='bbox 1107 5198 1442 5270; x_wconf 72' lang='lat' dir='ltr'><strong>Tlieologum</strong></span> <span class='ocrx_word' id='word_1_685' title='bbox 1487 5200 1808 5253; x_wconf 88' lang='lat' dir='ltr'><strong>laudaturus</strong></span> <span class='ocrx_word' id='word_1_686' title='bbox 1845 5198 2076 5263; x_wconf 84' lang='lat' dir='ltr'><strong>accedo,</strong></span> <span class='ocrx_word' id='word_1_687' title='bbox 2113 5197 2324 5251; x_wconf 86' lang='lat' dir='ltr'><strong>tametsi</strong></span> 
     </span>
    </p>
   </div>
   <div class='ocr_carea' id='block_1_102' title="bbox 754 5288 2328 5361">
    <p class='ocr_par' dir='ltr' id='par_1_102' title="bbox 754 5288 2328 5361">
     <span class='ocr_line' id='line_1_102' title="bbox 754 5288 2328 5361; baseline 0.001 -20"><span class='ocrx_word' id='word_1_688' title='bbox 754 5288 797 5341; x_wconf 87' lang='lat' dir='ltr'><strong>is</strong></span> <span class='ocrx_word' id='word_1_689' title='bbox 829 5292 1081 5345; x_wconf 86' lang='lat' dir='ltr'><strong>laudibus</strong></span> <span class='ocrx_word' id='word_1_690' title='bbox 1114 5293 1340 5344; x_wconf 81' lang='lat' dir='ltr'><strong>eminet.</strong></span> <span class='ocrx_word' id='word_1_691' title='bbox 1379 5291 1620 5361; x_wconf 65' lang='lat' dir='ltr'><strong>[Equum</strong></span> <span class='ocrx_word' id='word_1_692' title='bbox 1670 5293 1812 5344; x_wconf 90' lang='lat' dir='ltr'><strong>enim</strong></span> <span class='ocrx_word' id='word_1_693' title='bbox 1847 5309 1860 5356; x_wconf 89' lang='lat'><strong>;</strong></span> <span class='ocrx_word' id='word_1_694' title='bbox 1900 5305 1997 5344; x_wconf 91' lang='lat' dir='ltr'><strong>nec</strong></span> <span class='ocrx_word' id='word_1_695' title='bbox 2031 5305 2156 5343; x_wconf 85' lang='lat' dir='ltr'><strong>vero</strong></span> <span class='ocrx_word' id='word_1_696' title='bbox 2191 5288 2328 5343; x_wconf 89' lang='lat' dir='ltr'><strong>duu-</strong></span> 
     </span>
    </p>
   </div>
   <div class='ocr_carea' id='block_1_103' title="bbox 754 5380 2328 5449">
    <p class='ocr_par' dir='ltr' id='par_1_103' title="bbox 754 5380 2328 5449">
     <span class='ocr_line' id='line_1_103' title="bbox 754 5380 2328 5449; baseline 0 -17"><span class='ocrx_word' id='word_1_697' title='bbox 754 5388 900 5433; x_wconf 83' lang='lat' dir='ltr'><strong>taxat</strong></span> <span class='ocrx_word' id='word_1_698' title='bbox 929 5397 1161 5449; x_wconf 67' lang='lat' dir='ltr'><strong>arquum,</strong></span> <span class='ocrx_word' id='word_1_699' title='bbox 1197 5381 1288 5435; x_wconf 89' lang='lat' dir='ltr'><strong>sed</strong></span> <span class='ocrx_word' id='word_1_700' title='bbox 1323 5391 1379 5434; x_wconf 90' lang='lat' dir='ltr'><strong>ut</strong></span> <span class='ocrx_word' id='word_1_701' title='bbox 1413 5383 1574 5436; x_wconf 84' lang='lat' dir='ltr'><strong>etiam</strong></span> <span class='ocrx_word' id='word_1_702' title='bbox 1606 5381 1838 5435; x_wconf 82' lang='lat' dir='ltr'><strong>maxime</strong></span> <span class='ocrx_word' id='word_1_703' title='bbox 1867 5382 2054 5434; x_wconf 76' lang='lat' dir='ltr'><strong>deceat</strong></span> <span class='ocrx_word' id='word_1_704' title='bbox 2083 5380 2328 5432; x_wconf 88' lang='lat' dir='ltr'><strong>oratione</strong></span> 
     </span>
    </p>
   </div>
   <div class='ocr_carea' id='block_1_104' title="bbox 754 5471 2329 5543">
    <p class='ocr_par' dir='ltr' id='par_1_104' title="bbox 754 5471 2329 5543">
     <span class='ocr_line' id='line_1_104' title="bbox 754 5471 2329 5543; baseline 0.002 -20"><span class='ocrx_word' id='word_1_705' title='bbox 754 5471 971 5542; x_wconf 78' lang='lat' dir='ltr'><strong>defungi</strong></span> <span class='ocrx_word' id='word_1_706' title='bbox 1019 5474 1136 5526; x_wconf 86' lang='lat' dir='ltr'><strong>viro</strong></span> <span class='ocrx_word' id='word_1_707' title='bbox 1175 5473 1652 5543; x_wconf 84' lang='lat' dir='ltr'><strong>eloquentissimo,</strong></span> <span class='ocrx_word' id='word_1_708' title='bbox 1687 5473 1975 5541; x_wconf 86' lang='lat' dir='ltr'><strong>omnisque</strong></span> <span class='ocrx_word' id='word_1_709' title='bbox 2004 5472 2329 5541; x_wconf 59' lang='lat' dir='ltr'><strong>eloquentia!</strong></span> 
     </span>
    </p>
   </div>
   <div class='ocr_carea' id='block_1_105' title="bbox 830 5627 2324 5694">
    <p class='ocr_par' dir='ltr' id='par_1_105' title="bbox 830 5627 2324 5694">
     <span class='ocr_line' id='line_1_105' title="bbox 830 5627 2324 5694; baseline -0.001 -14"><span class='ocrx_word' id='word_1_710' title='bbox 830 5627 940 5694; x_wconf 65' lang='lat' dir='ltr'><strong>(li)</strong></span> <span class='ocrx_word' id='word_1_711' title='bbox 975 5627 1120 5681; x_wconf 89' lang='lat' dir='ltr'><strong>Satis</strong></span> <span class='ocrx_word' id='word_1_712' title='bbox 1151 5630 1292 5683; x_wconf 86' lang='lat' dir='ltr'><strong>clara</strong></span> <span class='ocrx_word' id='word_1_713' title='bbox 1321 5631 1411 5683; x_wconf 86' lang='lat' dir='ltr'><strong>hic</strong></span> <span class='ocrx_word' id='word_1_714' title='bbox 1434 5642 1513 5685; x_wconf 72' lang='lat' dir='ltr'><strong>est</strong></span> <span class='ocrx_word' id='word_1_715' title='bbox 1550 5630 1766 5693; x_wconf 89' lang='lat' dir='ltr'><strong>allusio,</strong></span> <span class='ocrx_word' id='word_1_716' title='bbox 1838 5629 1978 5683; x_wconf 86' lang='lat' dir='ltr'><strong>sient</strong></span> <span class='ocrx_word' id='word_1_717' title='bbox 2011 5627 2174 5680; x_wconf 78' lang='lat' dir='ltr'><strong>etiam</strong></span> <span class='ocrx_word' id='word_1_718' title='bbox 2225 5628 2324 5679; x_wconf 79' lang='lat' dir='ltr'><strong>fuit</strong></span> 
     </span>
    </p>
   </div>
   <div class='ocr_carea' id='block_1_106' title="bbox 754 5696 2324 5771">
    <p class='ocr_par' dir='ltr' id='par_1_106' title="bbox 754 5696 2324 5771">
     <span class='ocr_line' id='line_1_106' title="bbox 754 5696 2324 5771; baseline 0 -22"><span class='ocrx_word' id='word_1_719' title='bbox 754 5696 809 5771; x_wconf 79' lang='lat' dir='ltr'><strong>in</strong></span> <span class='ocrx_word' id='word_1_720' title='bbox 831 5701 1088 5771; x_wconf 71' lang='lat' dir='ltr'><strong>exordio,</strong></span> <span class='ocrx_word' id='word_1_721' title='bbox 1123 5701 1187 5752; x_wconf 88' lang='lat' dir='ltr'><strong>ad</strong></span> <span class='ocrx_word' id='word_1_722' title='bbox 1220 5700 1274 5754; x_wconf 88' lang='lat' dir='ltr'><strong>S.</strong></span> <span class='ocrx_word' id='word_1_723' title='bbox 1310 5701 1558 5771; x_wconf 75' lang='lat' dir='ltr'><strong>Martyris</strong></span> <span class='ocrx_word' id='word_1_724' title='bbox 1591 5715 1811 5761; x_wconf 85' lang='lat' dir='ltr'><strong>nomen,</strong></span> <span class='ocrx_word' id='word_1_725' title='bbox 1845 5711 1896 5771; x_wconf 80' lang='lat' dir='ltr'><strong>et.</strong></span> <span class='ocrx_word' id='word_1_726' title='bbox 1925 5701 2222 5771; x_wconf 70' lang='lat' dir='ltr'><strong>pretiosum</strong></span> <span class='ocrx_word' id='word_1_727' title='bbox 2245 5699 2324 5750; x_wconf 90' lang='lat' dir='ltr'><strong>la-</strong></span> 
     </span>
    </p>
   </div>
   <div class='ocr_carea' id='block_1_107' title="bbox 756 5767 2325 5838">
    <p class='ocr_par' dir='ltr' id='par_1_107' title="bbox 756 5767 2325 5838">
     <span class='ocr_line' id='line_1_107' title="bbox 756 5767 2325 5838; baseline 0.002 -20"><span class='ocrx_word' id='word_1_728' title='bbox 756 5767 931 5833; x_wconf 78' lang='lat' dir='ltr'><strong>pidem</strong></span> <span class='ocrx_word' id='word_1_729' title='bbox 969 5770 1341 5838; x_wconf 77' lang='lat' dir='ltr'><strong>byacintbum.</strong></span> <span class='ocrx_word' id='word_1_730' title='bbox 1377 5767 1740 5824; x_wconf 50' lang='lat' dir='ltr'><strong>lli-&#39;allusioiie</strong></span> <span class='ocrx_word' id='word_1_731' title='bbox 1779 5772 1842 5822; x_wconf 75' lang='lat' dir='ltr'><strong>ad</strong></span> <span class='ocrx_word' id='word_1_732' title='bbox 1876 5767 2325 5838; x_wconf 72' lang='lat' dir='ltr'><strong>lloseulumejus-</strong></span> 
     </span>
    </p>
   </div>
   <div class='ocr_carea' id='block_1_108' title="bbox 755 5838 1878 5911">
    <p class='ocr_par' dir='ltr' id='par_1_108' title="bbox 755 5838 1878 5911">
     <span class='ocr_line' id='line_1_108' title="bbox 755 5838 1878 5911; baseline 0.004 -23"><span class='ocrx_word' id='word_1_733' title='bbox 755 5838 872 5890; x_wconf 73' lang='lat' dir='ltr'><strong>tlem</strong></span> <span class='ocrx_word' id='word_1_734' title='bbox 941 5839 1178 5893; x_wconf 79' lang='lat' dir='ltr'><strong>nominis</strong></span> <span class='ocrx_word' id='word_1_735' title='bbox 1216 5840 1327 5910; x_wconf 78' lang='lat' dir='ltr'><strong>jam</strong></span> <span class='ocrx_word' id='word_1_736' title='bbox 1363 5841 1599 5895; x_wconf 73' lang='lat' dir='ltr'><strong>diximus</strong></span> <span class='ocrx_word' id='word_1_737' title='bbox 1631 5843 1768 5911; x_wconf 79' lang='lat' dir='ltr'><strong>(not.</strong></span> <span class='ocrx_word' id='word_1_738' title='bbox 1811 5842 1878 5905; x_wconf 85' lang='lat' dir='ltr'><strong>l).</strong></span> 
     </span>
    </p>
   </div>
   <div class='ocr_carea' id='block_1_109' title="bbox 2435 5189 4013 5266">
    <p class='ocr_par' dir='ltr' id='par_1_109' title="bbox 2435 5189 4013 5266">
     <span class='ocr_line' id='line_1_109' title="bbox 2435 5189 4013 5266; baseline -0.005 -17"><span class='ocrx_word' id='word_1_739' title='bbox 2435 5194 2636 5266; x_wconf 70' lang='lat' dir='ltr'><strong>regulae</strong></span> <span class='ocrx_word' id='word_1_740' title='bbox 2691 5208 2754 5247; x_wconf 88' lang='lat' dir='ltr'><strong>ac</strong></span> <span class='ocrx_word' id='word_1_741' title='bbox 2803 5192 3084 5261; x_wconf 85' lang='lat' dir='ltr'><strong>magistro.</strong></span> <span class='ocrx_word' id='word_1_742' title='bbox 3123 5189 3228 5244; x_wconf 81' lang='lat' dir='ltr'><strong>Nec</strong></span> <span class='ocrx_word' id='word_1_743' title='bbox 3269 5189 3412 5258; x_wconf 89' lang='lat' dir='ltr'><strong>quod</strong></span> <span class='ocrx_word' id='word_1_744' title='bbox 3442 5190 3515 5243; x_wconf 89' lang='lat' dir='ltr'><strong>sit</strong></span> <span class='ocrx_word' id='word_1_745' title='bbox 3549 5201 3792 5251; x_wconf 84' lang='lat' dir='ltr'><strong>necesse,</strong></span> <span class='ocrx_word' id='word_1_746' title='bbox 3821 5195 3881 5241; x_wconf 86' lang='lat' dir='ltr'><strong>ut</strong></span> <span class='ocrx_word' id='word_1_747' title='bbox 3915 5201 4013 5241; x_wconf 57' lang='lat' dir='ltr'><strong>ne-</strong></span> 
     </span>
    </p>
   </div>
   <div class='ocr_carea' id='block_1_110' title="bbox 2434 5278 4010 5356">
    <p class='ocr_par' dir='ltr' id='par_1_110' title="bbox 2434 5278 4010 5356">
     <span class='ocr_line' id='line_1_110' title="bbox 2434 5278 4010 5356; baseline -0.006 -15"><span class='ocrx_word' id='word_1_748' title='bbox 2434 5287 2562 5341; x_wconf 88' lang='lat' dir='ltr'><strong>dum</strong></span> <span class='ocrx_word' id='word_1_749' title='bbox 2599 5287 2720 5356; x_wconf 91' lang='lat' dir='ltr'><strong>ipsi,</strong></span> <span class='ocrx_word' id='word_1_750' title='bbox 2755 5285 2850 5356; x_wconf 91' lang='lat' dir='ltr'><strong>qui</strong></span> <span class='ocrx_word' id='word_1_751' title='bbox 2880 5284 3043 5339; x_wconf 87' lang='lat' dir='ltr'><strong>tantis</strong></span> <span class='ocrx_word' id='word_1_752' title='bbox 3073 5284 3140 5337; x_wconf 88' lang='lat' dir='ltr'><strong>ab</strong></span> <span class='ocrx_word' id='word_1_753' title='bbox 3171 5283 3264 5336; x_wconf 91' lang='lat' dir='ltr'><strong>illo</strong></span> <span class='ocrx_word' id='word_1_754' title='bbox 3295 5281 3538 5352; x_wconf 88' lang='lat' dir='ltr'><strong>partibus</strong></span> <span class='ocrx_word' id='word_1_755' title='bbox 3569 5280 3876 5343; x_wconf 83' lang='lat' dir='ltr'><strong>deﬁcimus,</strong></span> <span class='ocrx_word' id='word_1_756' title='bbox 3915 5278 4010 5333; x_wconf 90' lang='lat' dir='ltr'><strong>sed</strong></span> 
     </span>
    </p>
   </div>
   <div class='ocr_carea' id='block_1_111' title="bbox 2433 5373 4010 5447">
    <p class='ocr_par' dir='ltr' id='par_1_111' title="bbox 2433 5373 4010 5447">
     <span class='ocr_line' id='line_1_111' title="bbox 2433 5373 4010 5447; baseline -0.006 -14"><span class='ocrx_word' id='word_1_757' title='bbox 2433 5389 2486 5433; x_wconf 87' lang='lat' dir='ltr'><strong>et</strong></span> <span class='ocrx_word' id='word_1_758' title='bbox 2539 5379 2631 5447; x_wconf 93' lang='lat' dir='ltr'><strong>qui</strong></span> <span class='ocrx_word' id='word_1_759' title='bbox 2667 5383 2732 5432; x_wconf 87' lang='lat' dir='ltr'><strong>ad</strong></span> <span class='ocrx_word' id='word_1_760' title='bbox 2774 5392 3042 5431; x_wconf 82' lang='lat' dir='ltr'><strong>summam</strong></span> <span class='ocrx_word' id='word_1_761' title='bbox 3092 5374 3364 5443; x_wconf 76' lang='lat' dir='ltr'><strong>magniﬁci</strong></span> <span class='ocrx_word' id='word_1_762' title='bbox 3415 5373 3582 5426; x_wconf 88' lang='lat' dir='ltr'><strong>animi</strong></span> <span class='ocrx_word' id='word_1_763' title='bbox 3635 5373 4010 5441; x_wconf 65' lang='lat' dir='ltr'><strong>praestantiam</strong></span> 
     </span>
    </p>
   </div>
   <div class='ocr_carea' id='block_1_112' title="bbox 2435 5463 4014 5535">
    <p class='ocr_par' dir='ltr' id='par_1_112' title="bbox 2435 5463 4014 5535">
     <span class='ocr_line' id='line_1_112' title="bbox 2435 5463 4014 5535; baseline -0.006 -10"><span class='ocrx_word' id='word_1_764' title='bbox 2435 5473 2678 5525; x_wconf 76' lang='lat' dir='ltr'><strong>evasisse</strong></span> <span class='ocrx_word' id='word_1_765' title='bbox 2736 5471 3006 5527; x_wconf 86' lang='lat' dir='ltr'><strong>videntur.</strong></span> <span class='ocrx_word' id='word_1_766' title='bbox 3059 5468 3127 5520; x_wconf 85' lang='lat' dir='ltr'><strong>ab</strong></span> <span class='ocrx_word' id='word_1_767' title='bbox 3183 5482 3249 5520; x_wconf 87' lang='lat' dir='ltr'><strong>eo</strong></span> <span class='ocrx_word' id='word_1_768' title='bbox 3289 5465 3434 5535; x_wconf 87' lang='lat' dir='ltr'><strong>quod</strong></span> <span class='ocrx_word' id='word_1_769' title='bbox 3486 5474 3566 5519; x_wconf 81' lang='lat' dir='ltr'><strong>est</strong></span> <span class='ocrx_word' id='word_1_770' title='bbox 3617 5479 3716 5533; x_wconf 89' lang='lat' dir='ltr'><strong>pro</strong></span> <span class='ocrx_word' id='word_1_771' title='bbox 3753 5463 4014 5534; x_wconf 67' lang='lat' dir='ltr'><strong>dignitate</strong></span> 
     </span>
    </p>
   </div>
   <div class='ocr_carea' id='block_1_113' title="bbox 2507 5617 4012 5695">
    <p class='ocr_par' dir='ltr' id='par_1_113' title="bbox 2507 5617 4012 5695">
     <span class='ocr_line' id='line_1_113' title="bbox 2507 5617 4012 5695; baseline -0.004 -17"><span class='ocrx_word' id='word_1_772' title='bbox 2507 5627 2581 5695; x_wconf 84' lang='grc'><strong>(1)</strong></span> <span class='ocrx_word' id='word_1_773' title='bbox 2619 5626 2692 5678; x_wconf 72' lang='lat' dir='ltr'><strong>lix</strong></span> <span class='ocrx_word' id='word_1_774' title='bbox 2737 5625 2929 5695; x_wconf 57' lang='lat' dir='ltr'><strong>pollice</strong></span> <span class='ocrx_word' id='word_1_775' title='bbox 2960 5622 3299 5695; x_wconf 71' lang='lat' dir='ltr'><strong>Mazarinreo,</strong></span> <span class='ocrx_word' id='word_1_776' title='bbox 3346 5621 3438 5675; x_wconf 85' lang='lat' dir='ltr'><strong>Fr.</strong></span> <span class='ocrx_word' id='word_1_777' title='bbox 3466 5619 3790 5695; x_wconf 67' lang='lat' dir='ltr'><strong>Cenibelisio</strong></span> <span class='ocrx_word' id='word_1_778' title='bbox 3846 5617 4012 5673; x_wconf 85' lang='lat' dir='ltr'><strong>inter-</strong></span> 
     </span>
    </p>
   </div>
   <div class='ocr_carea' id='block_1_114' title="bbox 2437 5691 4007 5837">
    <p class='ocr_par' dir='ltr' id='par_1_114' title="bbox 2437 5691 4007 5837">
     <span class='ocr_line' id='line_1_114' title="bbox 2437 5691 4007 5822; baseline -0.004 -71"><span class='ocrx_word' id='word_1_779' title='bbox 2437 5691 2606 5822; x_wconf 63' lang='lat' dir='ltr'><strong>ppate,</strong></span> <span class='ocrx_word' id='word_1_780' title='bbox 2646 5698 2711 5818; x_wconf 89' lang='lat' dir='ltr'><strong>inl</strong></span> <span class='ocrx_word' id='word_1_781' title='bbox 2735 5694 3067 5750; x_wconf 79' lang='lat' dir='ltr'><strong>Bibliotheca</strong></span> <span class='ocrx_word' id='word_1_782' title='bbox 3120 5694 3339 5748; x_wconf 78' lang='lat' dir='ltr'><strong>Patrum</strong></span> <span class='ocrx_word' id='word_1_783' title='bbox 3388 5691 3823 5757; x_wconf 82' lang='lat' dir='ltr'><strong>concionatoria,</strong></span> <span class='ocrx_word' id='word_1_784' title='bbox 3874 5699 4007 5744; x_wconf 88' lang='lat' dir='ltr'><strong>tom.</strong></span> 
     </span>
     <span class='ocr_line' id='line_1_115' title="bbox 2468 5770 2774 5837; baseline 0.007 -22"><span class='ocrx_word' id='word_1_785' title='bbox 2468 5771 2476 5779; x_wconf 88' lang='grc'><em>’</em></span> <span class='ocrx_word' id='word_1_786' title='bbox 2513 5811 2523 5834; x_wconf 64' lang='lat'><strong>,</strong></span> <span class='ocrx_word' id='word_1_787' title='bbox 2559 5785 2608 5837; x_wconf 89' lang='lat' dir='ltr'><strong>p.</strong></span> <span class='ocrx_word' id='word_1_788' title='bbox 2651 5772 2681 5820; x_wconf 73' lang='lat' dir='ltr'><strong>ti</strong></span> <span class='ocrx_word' id='word_1_789' title='bbox 2725 5770 2774 5820; x_wconf 81' lang='grc' dir='ltr'><strong>ϋ.</strong></span> 
     </span>
    </p>
   </div>
   <div class='ocr_carea' id='block_1_115' title="bbox 2513 5806 2774 5834">
    <p class='ocr_par' dir='ltr' id='par_1_115' title="bbox 2513 5806 2774 5834">
     <span class='ocr_line' id='line_1_116' title="bbox 2513 5806 2774 5834; baseline -0.004 -15"><span class='ocrx_word' id='word_1_790' title='bbox 2513 5811 2523 5834; x_wconf 71' lang='grc'><strong>›</strong></span> <span class='ocrx_word' id='word_1_791' title='bbox 2559 5806 2608 5834; x_wconf 76' lang='grc' dir='ltr'>Ινσ</span> <span class='ocrx_word' id='word_1_792' title='bbox 2653 5806 2774 5820; x_wconf 54' lang='grc' dir='ltr'><strong>κτιν-</strong></span> 
     </span>
    </p>
   </div>
  </div>
