4186 6434
705 412 810 474 443

1888 412 2181 471 ΝΙΕΕΤᾸΞ
2213 410 2737 471 PAPIILAGONIS

3850 406 3961 466 441

704 522 1025 593 Gregorium
1063 522 1115 575 in
1145 522 1297 576 orbis
1337 536 1512 591 usque
1554 523 1687 577 lines
1723 524 1807 576 sui
1846 524 2150 578 claritatem
2184 538 2276 573 no-
2314 526 2356 579 Α
2386 521 2767 584 deterioribus,
2806 519 2897 574 sed
2938 520 3427 589 praestantior-ibus,
3494 535 3600 576 non
3638 521 3704 573 ab
3736 520 3803 575 iis
3840 536 3966 589 quae

705 616 869 669 minis
911 611 1158 682 protulit.
1196 611 1435 676 Modum,
1471 626 1581 679 quo
1634 614 1685 666 in
1733 613 1905 666 lucem
1946 622 2232 681 susceptus
2265 631 2282 667 :

704 705 966 761 maternis
997 704 1142 757 enim
1168 704 1436 773 precibus,
1467 718 1531 757 ac
1562 705 1685 766 fide,
1720 705 1859 757 haud
1886 719 2043 761 Secus
2071 722 2134 760 ac
2163 721 2285 775 quae

707 796 882 851 Verbo
930 796 1214 865 praecurrit
1246 810 1369 861 vox,
1406 803 1499 848 aut
1540 796 1688 849 velut
1720 811 1871 850 sacer
1906 797 1993 851 ille
2022 814 2083 850 ex
2130 808 2283 851 utero

704 890 950 955 Samuel,
983 890 1331 958 impetratus,
1372 902 1673 957 earumque
1693 888 1862 942 dubio
1880 890 2066 958 procul
2097 898 2283 957 partus

706 983 874 1036 audiit
930 997 993 1035 ac
1024 981 1269 1036 effectus.
1312 980 1586 1036 Urbanum
1621 982 2026 1044 educationem,
2056 982 2282 1035 scitam-

706 1091 845 1144 quc,
880 1090 945 1129 ac
970 1089 1076 1143 qua
1105 1074 1322 1128 educari
1366 1088 1489 1127 eum
1528 1075 1780 1135 decebat,
1824 1076 1913 1142 qui
1936 1084 2283 1128 sacrosancta

706 1169 1015 1236 decensque
1059 1167 1276 1220 virtutis
1316 1168 1530 1221 oflieina
1574 1167 1791 1221 futurus
1829 1175 1965 1220 erat.
2003 1165 2280 1236 Ingenium

707 1259 923 1320 subtile,
965 1274 1028 1312 ac
1054 1259 1471 1326 capacissimum
1506 1259 1557 1311 in
1583 1260 1813 1325 juvene,
1846 1273 1909 1310 ac
1942 1268 2129 1311 tenero
2152 1274 2279 1313 cor-

706 1364 880 1418 pore;
923 1350 1198 1417 animique
1228 1348 1505 1402 solertiam
1551 1358 1776 1409 tantam,
1814 1348 2162 1417 sagacitatem
2220 1364 2283 1402 ac

706 1440 1104 1509 praestantiam,
1128 1450 1329 1505 quanta
1362 1455 1484 1493 eum
1520 1440 1703 1493 statim
1731 1439 2005 1508 designari
2038 1440 2279 1502 decebat,

703 1535 795 1602 qui
839 1533 1086 1585 divinum
1148 1548 1213 1586 ac
1275 1534 1625 1603 magnificum
1675 1533 1954 1601 sapientiae
2000 1532 2279 1587 delubrmn

703 1623 1104 1676 cxstruebatur.

774 1715 855 1765 Ad
878 1713 991 1766 haec
1022 1712 1203 1766 varias
1236 1712 1535 1781 disciplinae
1563 1728 1727 1767 causa
1756 1728 1980 1782 peregre
1999 1723 2281 1783 susceptas

703 1804 1065 1871 profectiones
1098 1821 1159 1859 ac
1179 1807 1372 1859 itinera
1396 1823 1408 1870 ;
1435 1818 1585 1875 puta,
1614 1805 1886 1859 Nazianzo
1934 1810 2236 1861 Caesaream
2263 1826 2276 1873 ;

703 1896 936 1966 in'deque.
971 1898 1022 1951 in
1057 1896 1397 1951 Palaestinam
1436 1916 1448 1959 ;
1486 1915 1658 1967 exque
1692 1899 1975 1953 Palaestina
2042 1900 2279 1953 Alexan-

700 1990 874 2042 driam
909 2006 922 2054 ;
973 1989 1302 2041 Alexandria
1354 1990 1405 2042 in
1439 1989 1728 2053 Graeciam,
1773 1991 2127 2059 Athenasque
2167 2006 2282 2043 ma-

703 2097 868 2151 gnum
907 2081 1037 2135 illud
1069 2080 1446 2135 doctrinarum
1471 2083 1661 2145 decus,
1689 2097 1752 2136 ac
1774 2098 1962 2136 earum
1991 2084 2228 2152 reginam
2267 2100 2281 2147 ;

703 2177 794 2231 ubi
830 2176 1015 2229 divino
1048 2175 1247 2230 Basilio
1280 2177 1429 2243 paris
1460 2175 1763 2244 disciplinae
1792 2192 1955 2230 causa
1989 2176 2096 2229 illic
2129 2176 2286 2245 pere-

704 2283 797 2335 gre
820 2269 996 2336 agenti
1028 2282 1379 2335 congressus,
1411 2268 1664 2338 illiusque
1697 2285 1827 2323 usus
1862 2270 2311 2332 consuetudine,-

704 2360 904 2411 nedum
946 2359 1095 2418 tecti,
1141 2359 1451 2426 victusque,
1489 2374 1551 2413 ac
1592 2374 1792 2413 mensae
1827 2359 2035 2414 socium
2070 2358 2280 2422 habuit,

704 2450 798 2503 sed
844 2460 895 2503 et
943 2450 1437 2518 pulcherrimarum
1489 2450 1939 2519 disciplinarum,
1994 2452 2283 2519 omnisque

704 2540 921 2593 virtutis
964 2540 1221 2594 concordi
1260 2541 1459 2595 mentis
1501 2542 1800 2609 proposito,
1851 2557 2065 2610 unaque
2116 2543 2282 2595 animi

703 2631 1105 2699 censpiratione
1148 2647 1302 2699 aeque
1343 2632 1417 2685 illi
1450 2633 1718 2702 particeps
1755 2635 2007 2688 accessit.
2054 2634 2285 2689 Athenis

703 2734 832 2773 vero
872 2720 1217 2790 Byzantium,
1253 2720 1439 2773 urbem
1485 2722 1691 2775 scilicet
1721 2723 1832 2789 jam
1874 2722 1985 2776 fere
2013 2740 2283 2777 summam

700 2813 850 2866 orbis
873 2828 1079 2876 arcem,
1115 2813 1167 2865 in
1214 2828 1401 2882 quam,
1431 2812 1505 2866 uti
1540 2813 1758 2883 reliqua:
1776 2824 2047 2869 terrarum
2083 2817 2286 2870 divitiae

702 2920 768 2957 ac
798 2913 1121 2958 ornamenta
1165 2920 1261 2973 pro
1297 2914 1542 2975 augustae
1571 2906 1723 2958 urbis
1765 2907 2049 2975 majestate
2082 2924 2283 2961 convc-

704 2998 916 3049 nienter
961 2995 1361 3059 inferebantur,
1404 2996 1482 3049 sic
1529 3013 1748 3066 quoque
1796 3007 1924 3053 tunc
1967 2999 2110 3067 quod
2155 3001 2281 3053 uni-

701 3089 875 3142 versis
905 3088 1257 3157 praestantius
1289 3097 1390 3149 est,
1434 3087 1625 3142 litterae
1676 3089 1883 3143 seiliei-t
1915 3105 1978 3144 ae
2010 3091 2281 3156 doctrina,

2264 1851 2277 1873 ’
2316 1855 2357 1908 Β

2388 612 2644 674 CXICI‘ltIS,
2684 612 3053 680 profanisque,
3081 628 3145 668 ac
3176 630 3295 682 quae
3327 614 3468 666 circa
3499 615 3672 680 ipsum
3705 614 3964 666 conside-

2388 714 2597 768 rantur,
2626 704 2718 757 sed
2744 720 2772 757 a
2800 704 3050 773 propriis,
3076 720 3137 758 ac
3155 706 3356 773 quibus
3388 721 3482 774 per
3503 704 3659 758 fidem
3682 721 3746 760 ex
3779 703 3963 756 Evan-

2387 797 2509 865 gelii
2562 796 2770 850 ratione
2817 798 3031 866 egregie
3072 797 3292 852 functus
3337 808 3438 859 est,
3486 797 3687 849 virtute
3755 796 3967 850 SCiliCt'l

2388 889 2487 957 (uti
2520 888 2722 941 dictum
2754 890 2882 957 est),
2915 890 3177 958 sapientia
3225 905 3288 942 ac
3322 890 3615 957 theologia,
3649 889 3963 957 pontificem

2388 994 2643 1049 magnum
2693 995 2755 1033 ac
2786 979 3119 1049 Theologum
3152 980 3477 1045 laudemus;
3507 981 3684 1049 ipsum
3709 980 3961 1033 eumdem

2390 1074 2798 1137 invocantibus,
2845 1084 2901 1126 ut
2943 1075 3169 1128 canticis
3213 1084 3376 1142 atque.
3427 1074 3681 1128 laudibus
3746 1073 3966 1140 adjutor

2386 1165 2561 1220 adsit.
2620 1165 3009 1235 dexter-unique
3062 1166 3346 1235 benignius
3398 1165 3638 1235 praebeat
3690 1166 3964 1221 fatiscenti

2391 1258 2657 1310 sermoni.
2892 1317 2895 1319 _

2455 1348 2547 1403 Ille
2584 1350 2743 1418 igitur
2773 1360 2950 1404 mente
3014 1350 3307 1420 animoque
3331 1352 3551 1405 divinus
3584 1368 3597 1402 :
3630 1351 3787 1419 cujus
3818 1349 3965 1403 actio

2385 1445 2531 1493 omni
2590 1442 2763 1509 major
2828 1442 3089 1497 imitantis
3137 1457 3395 1508 conatu;
3465 1444 3965 1511 contemplatioque

2384 1531 2581 1582 eximie
2609 1532 2900 1598 praecellit:
2928 1545 3123 1586 cuncta
3154 1543 3406 1587 scrutans
3435 1535 3485 1587 in
3518 1533 3609 1588 Dei
3651 1534 3876 1603 Spiritu,
3897 1550 3965 1589 ac

2383 1617 2707 1683 dijudicans,
2754 1621 2957 1689 quique
3006 1616 3167 1689 ipse,‘
3194 1631 3252 1674 ut
3297 1622 3515 1676 divinus
3552 1623 3845 1691 Apostolus
3882 1624 3964 1675 lo-

2384 1710 2606 1777 quitur,
2657 1726 2686 1763 a
2738 1713 2953 1765 nemine
3008 1712 3333 1781 dijlldilelllI'
3364 1714 3430 1764 ³³.
3484 1712 3673 1782 Magna
3724 1713 3965 1768 caelestis

2385 1804 2609 1857 tonitrui
2636 1806 2813 1872 proles
2835 1820 2897 1858 ac
2940 1806 3083 1859 tilius
3104 1824 3117 1868 ;
3140 1804 3255 1858 sola
3277 1804 3540 1873 temporis
3562 1805 3962 1870 antecessione,

2387 1893 2520 1945 nihil
2563 1910 2690 1947 vero
2718 1909 2996 1947 sacrorum
3036 1894 3351 1962 dogmatum
3386 1892 3685 1962 magnificis
3714 1893 3961 1957 vocibus,

2384 1979 2803 2048 divinorumque
2835 1997 3119 2036 sensorum
3154 1982 3422 2053 fulgetris,
3442 1983 3640 2053 quibus
3664 1984 3802 2036 trine
3824 1982 3964 2037 sub-

2384 2072 2628 2127 sistentis
2652 2072 2878 2128 Deitatis
2895 2075 3436 2129 consubstantialitas
3455 2075 3742 2144 praedicata
3765 2078 3967 2132 meruit

2384 2162 2565 2230 fidem,
2608 2179 2636 2217 a
2685 2165 2858 2233 primo
2906 2165 2997 2219 illo
3041 2165 3301 2221 deficiens
3340 2182 3353 2231 ;
3409 2167 3479 2219 ob
3511 2183 3633 2235 qua:
3668 2168 3831 2221 etiam
3864 2184 3967 2236 par

2385 2252 2458 2305 illi
2494 2269 2689 2307 nomen
2724 2265 3048 2309 tOIISCCUIUS
3081 2266 3185 2311 est.
3217 2255 3319 2321 Qui
3351 2256 3515 2318 clare,
3549 2272 3612 2309 ac
3652 2272 3759 2324 prae
3784 2258 3968 2309 omni-

2384 2342 2507 2406 bus,
2550 2344 2640 2411 qui
2670 2356 3088 2412 praecesserunt,
3136 2348 3399 2415 apertius,
3425 2345 3749 2401 Trinitatem
3774 2364 3966 2414 persn-

2387 2452 2578 2489 narum
2617 2436 2847 2492 Deitatis
2885 2441 3091 2493 unitate
3124 2439 3290 2493 Deum
3324 2440 3601 2503 celebret;
3644 2451 3966 2509 naturaque

2390 2530 2655 2583 unitatem
2725 2533 2777 2583 in
2827 2534 3222 2599 pioprietatum
3273 2530 3541 2586 Trinitate
3588 2533 3964 2586 adorationem

2387 2620 2697 2685 habentem,
2733 2622 2979 2676 divinant
3014 2625 3281 2678 enuntiet.

2459 2713 2572 2777 llle,
2611 2713 2756 2766 omni
2792 2716 3027 2782 primum
3071 2718 3310 2771 humana
3348 2718 3613 2787 sapientia
3662 2732 3726 2772 ac
3756 2718 3961 2771 virtute

2388 2805 2766 2875 pra2cruditus,
2788 2808 3108 2877 abundeque
3128 2808 3313 2862 animo
3337 2824 3399 2863 ac
3421 2819 3601 2863 mente
3623 2808 3689 2863 ad
3710 2809 3965 2878 pietatem

2385 2897 2778 2950 exercitatione
2809 2898 3005 2966 praevia
3048 2901 3319 2961 excultus,
3368 2914 3432 2953 ac
3462 2915 3587 2954 cum
3624 2916 3682 2955 se
3720 2902 3833 2970 ipse
3865 2917 3968 2971 per

2388 2984 2649 3054 Spiritum
2680 3001 2774 3039 vas
2807 2986 2919 3040 Deo
2938 2987 3160 3056 dignum
3194 3000 3574 3057 praeparasset,
3611 2990 3682 3043 ita
3716 2993 3783 3045 ad
3815 2992 3968 3045 lava-

2386 3091 2539 3131 crum
2569 3077 2998 3144 regenerationis
3025 3078 3171 3130 venit
3203 3093 3217 3141 ;
3269 3072 3385 3131 non
3406 3086 3466 3131 ut
3494 3079 3683 3133 sordes
3712 3081 3967 3136 ablueret

703 3193 801 3233 ceu
837 3178 901 3231 ad
935 3178 1446 3248 praestantissimam
1478 3178 1694 3231 urbium
1725 3180 1776 3232 in
1804 3195 1922 3233 eam
1956 3181 2283 3250 commigra-
2310 3191 2352 3247 ε
2388 3170 2618 3239 (audens
2647 3170 2869 3234 dicam),
2896 3174 2989 3224 sed
3023 3170 3252 3225 clariore
3282 3171 3448 3225 animi
3482 3173 3970 3228 illustrationedo-

702 3270 859 3324 bant.

776 3361 831 3415 In
862 3362 945 3415 his
981 3362 1163 3429 itaque
1188 3361 1534 3427 Gregorium,
1568 3363 1712 3415 viros
1740 3362 2025 3416 adeuntem
2056 3366 2281 3420 scientia

704 3453 1210 3521 pra-stantissimos,
1265 3454 1442 3522 iisque
1498 3453 1718 3506 dantem
1768 3469 1987 3523 operam
2048 3473 2061 3519 ;
2120 3468 2283 3525 atque

706 3544 854 3596 omni
915 3554 1031 3597 alte
1071 3544 1425 3612 grammatica
1470 3544 1788 3613 poeticaque
1824 3544 2037 3598 abunde
2072 3547 2281 3600 exi-rei-

708 3646 881 3689 tatum
918 3654 931 3699 ;
970 3635 1205 3688 oratoria
1238 3650 1452 3688 summe
1480 3636 1779 3699 excultum,
1818 3636 2037 3704 vinique
2063 3652 2280 3692 onmem

707 3728 997 3786 sermonis.
1028 3727 1481 3796 elegantiamque,
1517 3742 1581 3780 ac
1610 3728 1917 3781 facundiam
1954 3731 2284 3785 commodis-

706 3822 845 3876 sime
875 3820 1123 3887 adeptum
1151 3836 1165 3882 ;
1201 3819 1437 3887 itemque
1469 3818 1842 3887 philosophiae,
1878 3834 1983 3871 non
2016 3821 2281 3889 quidquid

706 3910 972 3963 duntaxat
1004 3910 1322 3977 organicum
1353 3915 1458 3970 est,
1499 3916 1663 3976 atque
1726 3908 1790 3960 ad
1828 3923 2007 3962 mores
2039 3925 2102 3964 ac
2135 3920 2285 3965 natu-

704 4015 822 4054 ram
844 4012 1317 4067 spectans,verum
1346 3999 1509 4052 etiam
1533 3998 1794 4066 quidquid
1827 4000 1998 4068 magis
2024 4002 2282 4056 eximium

707 4092 1135 4161 spiritaliusque,
1192 4090 1585 4145 sublimissime
1612 4091 1935 4148 contuitum,
1974 4092 2283 4159 mentisque

710 4183 1059 4252 intelligentia
1087 4192 1396 4236 assecutum
1429 4198 1441 4234 :
1478 4182 1570 4249 qui
1602 4180 1834 4249 denique
1862 4179 2282 4247 cujusvisdisci-

707 4274 907 4343 ptime,
962 4273 1250 4341 omnisilue
1308 4274 1403 4342 (ut
1461 4272 1629 4326 verbo
1689 4273 1905 4337 dicam)
1967 4271 2281 4326 Graecorum

706 4365 985 4432 sapientia:
1008 4380 1073 4419 ac
1101 4364 1342 4417 scientiae
1388 4364 1667 4433 potissima
1698 4380 1927 4434 quaeque
1962 4365 2280 4434 decerpens,

705 4452 900 4520 hisque
927 4454 1041 4522 ipse
1070 4453 1170 4507 sibi
1208 4453 1273 4505 ad
1304 4468 1365 4506 ea
1395 4453 1809 4521 contemplanda
1842 4469 1963 4523 quae
1994 4454 2097 4508 vim
2132 4471 2283 4509 men-

2386 3262 2618 3325 nandus,
2667 3261 2933 3329 baptisma
2964 3261 3185 3315 demum
3221 3262 3528 3331 suscipiens
3565 3280 3579 3326 ;
3617 3278 3716 3316 nec
3747 3274 3804 3317 ut
3833 3266 3965 3317 abo-

2383 3351 2519 3403 leret
2550 3363 2789 3418 peccata,
2826 3353 2917 3405 sed
2956 3351 3168 3420 potiora
3197 3351 3339 3405 dona
3371 3364 3754 3422 percepturus,
3795 3354 3975 3423 Spiri-

2386 3453 2498 3496 tum
2524 3442 2711 3511 gratiae
2736 3443 3050 3497 admittens.

2456 3531 2623 3601 Inque
2648 3533 2792 3586 hunc
2814 3535 3054 3597 modum,
3074 3535 3325 3589 secundae
3344 3534 3471 3589 hinc
3495 3536 3618 3589 vitae
3635 3535 3966 3605 optimeque

2385 3639 2449 3677 ac
2483 3622 2826 3692 perfectioris
2868 3624 3177 3694 disciplinae
3208 3626 3415 3681 ducens
3438 3628 3743 3688 exordium,
3781 3643 3809 3679 a
3837 3628 3968 3683 vita:

2386 3712 2475 3765 illa
2535 3713 2745 3766 ratione
2783 3729 2905 3781 quae
2944 3715 3095 3768 carni
3150 3714 3451 3785 impensior
3479 3725 3583 3775 est,
3639 3718 3862 3770 omnino
3904 3733 3969 3772 se

2385 3803 2621 3857 alienum
2664 3804 2954 3859 exhibebat
2990 3824 3002 3858 :
3050 3807 3183 3875 quin
3241 3816 3296 3861 et
3332 3811 3735 3876 quodammodo
3778 3826 3810 3865 a
3852 3821 3968 3865 ter-

2386 3912 2513 3949 rena
2539 3897 2803 3966 tantisper
2838 3906 2895 3952 et
2920 3900 3144 3953 animali
3178 3900 3443 3968 sapientia
3482 3901 3526 3933 ⁸⁸
3566 3914 3727 3970 atque
3760 3906 3967 3959 virtute

2385 3988 2695 4043 excedebat.
2713 3988 2817 4043 Sed
2836 4000 2889 4043 et
2904 4005 3064 4059 supra
3084 3992 3413 4046 mundanam
3430 4009 3643 4048 onmem
3663 3997 3965 4052 amicitiam

2385 4079 2579 4144 elatus,
2623 4080 2673 4134 in
2711 4083 2960 4149 spiritum
2993 4084 3343 4138 solummodo
3366 4087 3765 4155 commigrabat
3793 4105 3807 4151 ;
3842 4098 3962 4142 sta-

2388 4175 2603 4241 tuitque
2637 4183 2693 4226 ut
2735 4175 2906 4227 solani
2942 4176 3168 4243 spiritus
3195 4176 3365 4244 legem
3397 4189 3733 4245 sequeretur,
3791 4195 3961 4233 unam

2388 4260 2526 4315 hanc
2562 4253 2769 4318 teneret
2792 4281 3059 4331 normam,
3090 4266 3315 4337 ejusque
3339 4268 3555 4323 virtutis
3578 4285 3642 4324 ac
3680 4273 3964 4340 sapientia:

2385 4366 2502 4419 qua)
2529 4354 2712 4408 divino
2741 4356 2945 4424 Spiritu
2983 4367 3293 4426 praestatur,
3335 4360 3611 4414 internum
3643 4363 3829 4416 animo
3858 4379 3962 4417 na-

2385 4454 2507 4498 ctus
2528 4460 2788 4511 amorem,
2816 4464 3052 4517 eumque
3072 4451 3440 4519 magnificum,
3476 4455 3716 4523 iniquam
3737 4472 3960 4511 omnem

706 4544 777 4597 tis
819 4543 1084 4597 CXt'Ctllllil
1128 4543 1384 4611 praeclare
1432 4543 1725 4596 admodum
1788 4545 1929 4597 viain
1987 4546 2279 4607 muniens,

2388 4551 2612 4605 prorsus
2640 4538 2780 4591 viam
2812 4539 3122 4594 declinabat
3151 4559 3167 4608 ;
3216 4545 3535 4612 cunctisque
3567 4546 3766 4601 divinis
3800 4564 3964 4601 man-

706 4636 784 4689 sic
804 4642 971 4687 totam
1002 4633 1220 4702 quidem
1246 4634 1441 4689 mentis
1472 4649 1586 4687 suae
1618 4635 1724 4686 vim
1759 4650 1821 4688 ac
1848 4635 2278 4705 intelligentiam,

706 4724 980 4787 Trinitati,
1028 4740 1146 4794 qua:
1190 4726 1365 4794 ipsum
1415 4736 1705 4790 antequam
1750 4726 1914 4780 etiam
1961 4740 2283 4784 nasceretur

706 4818 974 4882 siivisset,
991 4832 1317 4886 sacrumque
1334 4816 1437 4871 sibi
1462 4815 1796 4887 Theologum
1819 4820 2279 4889 praedestinasset,

707 4908 940 4977 perfecte
987 4908 1254 4962 addixerit
1288 4927 1303 4973 ;
1358 4910 1547 4977 patriae
1576 4925 1703 4963 vero
1737 4924 1802 4963 ac
1839 4912 2154 4977 parentibus
2188 4928 2280 4967 ca-

707 5010 850 5053 stum
892 5000 994 5055 hoc
1039 5002 1462 5070 corpusculum,
1508 5002 1814 5071 majorique
1851 5005 2096 5059 animum
2140 5020 2282 5074 prae-

708 5091 997 5160 fulgentem
1041 5094 1310 5150 castitatis
1352 5094 1473 5149 luce
1514 5095 1830 5149 reddiderit.
1866 5094 1991 5150 Haec
2029 5098 2279 5167 quidem,

708 5184 793 5237 cui
824 5184 1063 5250 libuerit,
1100 5197 1286 5240 narret
1341 5201 1406 5241 ac
1438 5186 1856 5256 phiIOSOphetur
1890 5205 1903 5252 ;
1942 5188 2281 5244 rudimenta-

708 5274 808 5329 riis
859 5276 1003 5329 velut
1042 5277 1388 5343 actionibus,
1438 5278 1904 5347 defunctoriisque
1950 5280 2050 5333 viri
2094 5283 2281 5351 magni

709 5365 1099 5434 agitationibus
1124 5366 1401 5424 facultatis
1432 5369 1647 5423 dicendi
1675 5369 1781 5422 vim
1810 5386 1917 5424 non
1944 5369 2286 5427 defunctorie

710 5473 1011 5527 promens;
1041 5459 1308 5528 siquidem
1347 5460 1517 5514 in.liis
1559 5475 1779 5530 quoque
1812 5461 2037 5531 dignum
2081 5463 2285 5531 aliquid

710 5547 830 5612 eius
857 5548 1165 5617 prudentia,
1184 5550 1462 5618 animique
1494 5550 1803 5618 praestantia
1827 5566 1890 5605 ac
1916 5552 2291 5622 magnitudine

715 5637 862 5707 loqui
905 5638 1049 5693 licet.
1092 5639 1257 5696 Nobis
1294 5654 1473 5695 autem
1518 5642 1567 5695 id
1613 5644 1987 5712 propositum,
2029 5661 2133 5700 non
2171 5659 2225 5701 ut
2259 5664 2288 5702 a

786 5819 830 5851 ³³
861 5818 875 5871 ι
908 5819 1033 5873 (iur.
1064 5836 1119 5884 ιι,
1153 5821 1213 5875 10
1245 5840 1257 5887 ;
1292 5821 1307 5875 Ι
1346 5823 1469 5876 Cor.
1506 5838 1563 5883 ii,
1609 5821 1685 5877 ιδ.
1767 5823 1809 5854 ⁵ο
1843 5820 2029 5876 iaculi.
2065 5836 2146 5889 tn,
2186 5822 2267 5874 lii.

2389 4629 2530 4683 datis
2574 4630 2743 4698 probe
2795 4630 3153 4699 perfunctus,
3221 4650 3410 4689 eorum
3464 4638 3611 4691 cultu
3680 4638 3963 4694 Christum

2388 4720 2763 4789 appetibilinm
2815 4737 3133 4790 supremum
3176 4725 3321 4779 votis
3385 4727 3837 4795 persequebatur.
3883 4731 3967 4783 Ac

2388 4814 2527 4867 sicut
2560 4814 2738 4882 pueri,
2782 4830 2905 4868 cum
2939 4817 3236 4871 teneriores
3281 4818 3581 4873 decurrunt
3622 4837 3831 4882 annos,
3879 4823 3969 4875 in-

2391 4901 2672 4958 fantilibus
2722 4905 2873 4959 scitis
2914 4906 3142 4974 vitaeque
3175 4907 3478 4962 rationibus
3517 4910 3756 4974 educati,
3790 4912 3966 4965 morio

2389 4995 2491 5049 bus
2529 5012 2744 5066 quoque
2782 5012 2843 5051 ac
2875 4998 3053 5052 sensis
3083 4998 3377 5067 puerilibus
3407 5008 3654 5067 utuntur,
3703 5003 3756 5056 in
3813 5004 3969 5059 viros

2389 5098 2568 5140 autem
2602 5096 2998 5155 promoventes,
3028 5087 3278 5155 cogitatis
3305 5102 3368 5141 ac
3400 5090 3595 5144 studiis
3628 5106 3748 5159 quae
3786 5093 3969 5161 magis

2392 5178 2537 5231 virus
2568 5178 2824 5241 deceant,
2861 5178 3216 5247 consequenti
3263 5179 3471 5233 ratione
3518 5182 3817 5246 accedunt,
3888 5183 3969 5238 ita

2392 5286 2604 5340 nempe,
2643 5279 2702 5323 ut
2725 5285 2790 5325 eo
2823 5270 2964 5340 quod
2990 5269 3292 5340 perfectum
3325 5280 3429 5337 est,
3458 5274 3680 5340 puerilis
3708 5274 3816 5328 illis
3838 5290 3967 5329 sen-

2391 5378 2486 5417 sus
2527 5378 2591 5415 ac
2636 5362 2907 5416 institutio
2964 5362 3248 5415 aboleatur
3286 5379 3299 5416 :
3341 5362 3421 5417 sie
3472 5379 3692 5433 quoque
3737 5380 3972 5434 magnus

2390 5455 2511 5518 iste,
2546 5454 2805 5523 quidquid
2854 5464 2978 5507 ante
3037 5454 3311 5507 lavacrum
3354 5454 3431 5507 illi
3476 5453 3799 5523 disciplinae,
3844 5466 3964 5511 tum

2391 5546 2457 5600 ad
2487 5545 2870 5608 eruditionem,
2900 5555 3013 5598 tum
3040 5545 3105 5598 ad
3129 5544 3372 5600 actiones
3401 5560 3688 5614 moresque
3715 5556 3974 5614 spectans

2393 5641 2729 5696 elaboratum
2772 5638 2965 5703 fuerat,
3006 5646 3261 5708 tanquam
3305 5638 3563 5708 puerilem
3614 5653 3836 5694 sensum
3881 5655 3971 5694 re-
