4186 6434
208 438 316 500 445

924 431 1205 491 ORATIO
1240 433 1365 491 XX.
1408 458 1471 468 --
1499 432 1580 494 IN
1623 431 1934 492 LAUDEM
1970 432 2031 491 S.
2072 429 2451 490 GREGORll
2486 430 2759 491 TlIEOL.

3363 427 3467 490 H6

209 557 468 621 linquens
498 594 512 616 ,
574 552 820 621 quiuimo
870 566 933 603 ea
982 566 1080 605 ceu
1134 554 1447 606 rudimento
1510 554 1791 622 primaque
1821 552 1870 610 Α
1893 564 1958 605 eo
1987 549 2243 602 omnibus
2275 548 2433 601 simul
2454 546 2705 613 parandis
2730 544 3019 599 virtutibus
3044 543 3225 599 studio
3253 544 3466 597 incum-

210 641 557 694 institutione
599 641 665 693 ad
720 638 1102 707 perfectionem
1151 642 1537 708 capessendam
1588 652 1787 704 utens,

205 732 573 799 apostolicum
603 731 730 785 illud
756 733 959 800 jug‘ter
984 747 1145 801 opere
1175 732 1431 801 implebat
1457 752 1468 786 :
1504 735 1635 799 Quae
1663 744 1785 787 sunt

206 832 349 874 retro
376 824 705 886 obliviscaris,
764 822 834 875 ad
862 840 923 875 ea
960 840 1075 877 vero
1100 842 1217 893 qnw
1242 842 1273 878 τι
1304 826 1475 895 fronte
1504 826 1789 879 secundum

206 914 493 979 pra'ﬁxum
526 914 732 982 signum
757 915 825 965 ad
851 915 1085 967 brarium
1118 931 1353 984 superna:
1386 919 1672 971 vocationis
1698 934 1788 971 ea:-

206 1014 238 1053 ις
258 1006 425 1056 iidem
458 1007 710 1072 meipsum
738 1009 805 1061 δι.

276 1097 418 1148 Cum
448 1099 592 1149 enim
624 1097 839 1151 duobus
876 1098 1052 1153 modis
1086 1098 1321 1168 spectari
1360 1099 1782 1171 philosophiam,

203 1187 410 1239 nedum
455 1188 526 1241 ab
566 1189 632 1242 iis
677 1190 769 1257 qui
813 1189 946 1243 furis
987 1199 1147 1255 sunt,
1182 1192 1279 1243 sed
1309 1201 1361 1244 et
1398 1207 1427 1244 a
1470 1194 1670 1247 nostris
1694 1212 1788 1247 ex-

204 1276 481 1343 ploratum
530 1276 774 1340 haberet,
817 1288 930 1331 tum
972 1295 1165 1348 nempe
1201 1281 1455 1345 rationis,
1501 1291 1612 1335 tum
1656 1299 1791 1335 con-

207 1368 585 1436 templationis
630 1370 888 1432 ratione;
939 1370 1169 1439 profana
1226 1372 1441 1440 quidem
1494 1374 1560 1428 iis
1603 1376 1787 1428 relicta

205 1460 292 1523 qui
324 1458 484 1524 furis
522 1470 653 1513 sunt
709 1476 777 1514 ac
825 1461 1069 1529 profanis
1096 1503 1111 1525 ,
1150 1462 1262 1531 ipse
1306 1463 1383 1517 illi
1419 1480 1538 1532 qua:
1574 1465 1786 1518 interna

198 1561 283 1602 est
314 1553 496 1604 solum
527 1554 937 1608 inhatrescebat.
996 1552 1050 1607 ld
1104 1556 1363 1609 nimirum
1391 1572 1515 1611 vere
1546 1558 1786 1626 philoso-

200 1641 390 1707 phiam
432 1642 657 1702 ducens.
693 1654 751 1698 ut
786 1660 812 1696 a
860 1645 1065 1698 mundo
1113 1646 1313 1699 animis
1352 1647 1785 1718 abrumperetur,

199 1747 536 1801 omnemque
579 1736 631 1789 in
671 1750 737 1790 eo
776 1737 1155 1790 confusionem
1220 1753 1282 1791 ac
1320 1741 1785 1808 perturbationem

200 1823 637 1887 transcenderet,
686 1824 898 1892 solique
962 1828 1153 1895 prima:
1217 1843 1280 1882 ac
1328 1829 1626 1884 verissimae
1678 1831 1783 1885 luci

199 1924 297 1977 per
330 1926 520 1965 veram
547 1927 611 1966 ac
640 1913 911 1969 sinceram
937 1923 1050 1969 tum
1079 1916 1220 1981 vitae,
1247 1926 1360 1971 tum
1385 1918 1662 1982 doctrinae,
1696 1935 1783 1973 ra-
1820 1895 1857 1947 Β

197 2002 403 2055 tionem
427 2003 770 2069 misceretur,
815 2007 965 2060 omni
992 2008 1177 2063 studio
1236 2010 1783 2082 pervicacissimaque

192 2093 479 2162 diligentia
517 2097 567 2150 id
595 2099 928 2153 euitebatur.

265 2184 580 2255 Intelligens
628 2198 834 2254 autem,
882 2208 986 2245 non
1040 2194 1143 2246 alia
1199 2206 1289 2247 sei
1311 2196 1522 2249 ratione
1549 2195 1599 2248 id
1638 2198 1779 2264 quod

193 2276 339 2328 votis
379 2276 713 2347 efﬂagitabat
764 2282 905 2335 felici
951 2298 1212 2337 successu
1264 2286 1523 2353 consequi
1580 2302 1778 2355 posse,

193 2384 361 2435 quam
396 2369 442 2423 si
481 2370 598 2438 ipse
642 2387 670 2423 a
703 2388 762 2426 se
813 2374 1032 2429 virtutis
1062 2376 1330 2429 aCtionem
1368 2377 1589 2439 coleret,
1628 2378 1777 2431 caeli-

192 2466 391 2528 tusque
435 2475 464 2513 a
502 2459 705 2529 Spiritu
791 2465 1053 2518 auxilium
1125 2480 1393 2534 Opemque
1442 2467 1706 2521 obtineret
1766 2483 1779 2521 :

189 2563 313 2602 esse
349 2550 499 2601 enim
543 2551 744 2618 pariter
775 2568 1115 2609 communem
1155 2556 1278 2609 boni
1311 2556 1651 2623 adeptioiiem
1716 2573 1780 2612 ac

190 2640 754 2708 consummationem,
786 2659 908 2697 cum
946 2645 1153 2699 scilicet
1204 2644 1346 2699 Deus
1382 2646 1611 2710 semina,
1652 2664 1779 2701 nos-

190 2747 318 2799 que,
382 2740 443 2785 ut
502 2731 680 2797 decet,
734 2737 1103 2803 operationem
1144 2736 1492 2793 conferamus
1544 2738 1664 2806 (2):
1716 2756 1779 2794 ac

191 2824 437 2891 Spiritus
458 2826 681 2893 quidem
714 2836 773 2880 ut
811 2828 1011 2881 bonum
1050 2830 1299 2893 velimus,
1334 2832 1689 2901 alllatumque
1723 2832 1776 2884 in

187 2916 347 2969 nobis
395 2918 647 2987 mystice,
686 2919 1061 2989 secretiusque
1110 2930 1385 2989 operetur,
1449 2938 1551 2977 nos
1595 2930 1775 2975 autem

192 3009 438 3077 Spiritus
472 3012 644 3065 secuti
684 3013 999 3076 consilium,
1045 3016 1233 3083 proba:
1268 3016 1466 3071 mentis
1503 3019 1777 3087 proposito

188 3099 262 3153 illi
287 3116 648 3171 cooperemur
683 3122 698 3157 :
734 3105 848 3158 haec
874 3105 1055 3174 itaque
1082 3108 1165 3159 vir
1194 3108 1282 3161 ille
1314 3110 1583 3177 magnifici
1609 3110 1773 3163 animi

188 3194 465 3261 cegitans,
504 3204 898 3265 perspectoque
934 3212 1098 3267 quam
1133 3198 1185 3251 in
1217 3200 1429 3268 oppidis
1492 3210 1653 3271 atque
1684 3217 1774 3254 ur-

189 3285 390 3338 banam
441 3287 607 3340 vitam
650 3288 882 3355 agimus,
934 3291 1281 3360 quandoque,
1315 3294 1381 3346 iis
1409 3294 1642 3347 maxime
1679 3294 1768 3362 qui

188 3378 442 3431 tirocinia
464 3388 694 3446 ponunt,
716 3380 968 3434 instituto
999 3381 1211 3435 ollieerc
1234 3424 1248 3448 ,
1283 3383 1333 3436 id
1366 3395 1467 3449 est,
1500 3400 1783 3453 capessen-

186 3469 269 3521 da:
308 3469 534 3522 sublimi
577 3471 963 3539 philosophia,
1016 3484 1233 3541 repente
1278 3490 1336 3528 se
1395 3490 1422 3529 a
1466 3478 1779 3544 parentibus

187 3570 251 3609 ac
272 3557 528 3625 cognatis
563 3559 840 3629 abrumpit
876 3578 889 3627 ;
940 3561 1214 3629 abrumpit
1243 3578 1368 3615 vero
1403 3563 1469 3617 ab
1503 3565 1645 3617 omni
1682 3582 1779 3619 sa:-

187 3646 297 3698 culi
341 3662 519 3710 cura;
556 3647 861 3717 tollensque
910 3651 1073 3719 pedes
1112 3652 1167 3705 in
1197 3652 1468 3706 desertum
1516 3655 1775 3724 agebatur

188 3751 219 3789 a
249 3735 503 3805 Spiritu.

254 3828 337 3881 Ac
354 3828 504 3882 sicut
535 3844 728 3897 magna
757 3828 919 3883 Verbi
952 3847 1077 3896 vox,
1112 3848 1177 3888 ac
1210 3850 1328 3903 qum
1361 3835 1433 3887 illi
1467 3834 1770 3903 prmcurrit,

185 3919 648 3987 praeclarissimis
690 3918 925 3975 Joannes
948 3966 961 3984 ,
997 3924 1273 3993 prophetis
1302 3926 1555 3980 omnibus
1601 3928 1773 3995 major

185 4026 294 4078 qua
328 4010 407 4063 illi
452 4010 679 4064 vicinior
708 4027 870 4080 quem
906 4014 1288 4083 prophetarum
1318 4019 1612 4087 tangebam
1649 4034 1775 4071 ora-

186 4102 333 4163 cula,
386 4100 618 4154 Domino
646 4104 989 4170 praedicatus,
1029 4120 1151 4161 cum
1179 4107 1395 4162 deserto
1426 4110 1574 4178 prius
1627 4110 1763 4164 Den-

184 4206 300 4259 que
350 4191 686 4256 vocasset“,
718 4193 1033 4263 eximieque
1068 4198 1191 4251 vita:
1220 4200 1368 4253 cultu
1427 4216 1489 4253 ac
1526 4204 1774 4255 eminen-

189 4279 321 4333 tiori
349 4283 809 4350 contemplatione
848 4295 1100 4354 superata
1148 4298 1398 4343 creatura
1437 4290 1500 4354 ",
1538 4292 1769 4345 creaturi

186 4372 418 4441 propius
459 4373 774 4429 adhaesisset
810 4394 822 4428 :
862 4385 985 4445 post
1015 4378 1128 4433 haec
1168 4379 1350 4449 utique
1405 4392 1528 4435 ante
1561 4383 1769 4436 Domini

184 4458 386 4513 faciem
435 4459 712 4526 incedens,
762 4463 907 4517 illius
961 4466 1077 4519 vias
1131 4471 1338 4535 paravit
1365 4470 1445 4522 ’δι
1490 4470 1567 4523 sic
1615 4471 1773 4539 plane

1892 640 2073 700 bebat,
2125 638 2337 692 actione
2388 636 2603 707 quidem
2650 638 2715 693 iis
2765 636 3216 704 defungensquze
3256 635 3469 689 actione

1890 739 2164 795 constant,
2217 730 2670 803 contemplatione
2722 740 2901 784 autem
2956 730 3043 794 iis,
3084 744 3206 797 quae
3228 738 3470 782 contem-

1891 824 2129 893 platione
2156 842 2166 873 ε
2198 825 2298 886 vel,
2336 823 2550 876 actione
2582 824 2820 892 quidem,
2848 822 2919 901 ad
2952 837 3013 875 ea
3055 837 3178 890 quae
3224 828 3472 874 contem-

1890 914 2143 984 plation’s
2182 924 2329 979 sunt,
2362 928 2730 982 promovens;
2779 914 3237 993 contemplatione
3282 920 3465 964 autem

1892 1020 1955 1059 ea
1986 1006 2087 1058 sibi
2127 1004 2413 1072 familiaria
2448 1002 2679 1058 reddens
2713 986 2833 1073 quae
2872 986 2998 1076 sunt
3035 1004 3288 1057 actionis.

1960 1097 2027 1149 At
2053 1113 2296 1166 quzenam
2330 1097 2471 1149 actio
2497 1096 2726 1164 ?0per:e
2754 1096 2985 1165 pretium
3023 1097 3164 1148 enim
3193 1094 3466 1157 existimo,

1892 1191 1948 1240 ut
1983 1204 2075 1256 per
2098 1188 2343 1245 virtutes.
2371 1188 2571 1257 quibus
2618 1189 2706 1241 illa
2743 1187 3030 1267 magniﬁce
3066 1185 3312 1255 splendet
3345 1194 3470 1238 ante

1888 1280 2425 1349 contemplationem,
2451 1293 2570 1329 eam
2605 1278 2972 1346 designezuus.
3005 1274 3264 1340 Quaenam
3307 1274 3471 1344 igitur

1888 1384 2013 1426 sunt
2037 1371 2307 1425 virtutes?
2359 1370 2600 1421 Primum
2634 1369 2864 1435 quidem.
2887 1368 3037 1421 firma
3080 1367 3337 1429 solitudo,
3373 1381 3467 1421 seu

1887 1464 2068 1532 quies,
2106 1477 2170 1515 ac
2220 1460 2596 1516 muudissiina.
2627 1459 3167 1531 Solitudo,,inquam,
3219 1473 3282 1512 ac
3312 1458 3468 1526 quies

1888 1554 2057 1607 animi
2097 1553 2300 1621 pariter
2329 1562 2382 1607 ct
2433 1553 2699 1621 corporis!
2732 1551 2846 1605 Non
2881 1552 3024 1605 enim
3069 1551 3169 1604 loci
3205 1549 3473 1605 duntaxat

1889 1644 2141 1713 praesidio
2174 1660 2231 1699 se
2274 1654 2386 1697 tum
2418 1644 2693 1706 civilibus,
2736 1644 3173 1723 tu‘m'rusticanis
3196 1645 3472 1699 subduce-

1890 1737 1981 1791 bat
2018 1737 2358 1799 tumultibus,
2397 1739 2487 1791 sed
2532 1738 2688 1809 longe
2728 1738 2902 1806 magis
2930 1726 2988 1789 in
3023 1754 3080 1791 se
3128 1739 3244 1806 ipse
3272 1737 3471 1793 mentis

1888 1828 2218 1888 constantia,
2259 1842 2424 1895 seque
2452 1826 2648 1891 medio,
2689 1826 2741 1879 in
2783 1825 2951 1899 Denpi
2986 1841 3305 1886 conversus,
3344 1841 3468 1880 rno-

1888 1918 2041 1972 ribus
2069 1916 2247 1984 potius
2282 1915 2632 1969 solitudinem
2672 1931 2734 1969 ac
2792 1916 3036 1984 quietem
3069 1914 3253 1969 obibat
3283 1930 3299 1980 ;
3332 1924 3478 1967 tran-

1890 2010 2223 2078 quillamque
2284 2023 2347 2061 ac
2410 2014 2753 2060 mansuetam
2801 2005 2967 2072 animi
3023 2004 3470 2059 constitutionem

1889 2104 2136 2169 adeptus,
2166 2102 2221 2154 in
2252 2115 2358 2168 qua
2393 2099 2539 2151 velut
2563 2094 3081 2166 pellucidmspeeulo
3131 2112 3197 2150 ac
3220 2096 3469 2151 mundis-

1888 2192 2050 2252 simo,
2095 2190 2395 2246 caelestium
2447 2188 2870 2242 illustrationum
2923 2187 3469 2256 reprzesentationes,

1890 2283 2121 2336 terrenis
2158 2282 2525 2350 impermistas
2558 2280 2745 2349 ﬁguris
2806 2294 2869 2333 ac
2908 2280 3311 2341 seducentibus,
3345 2294 3473 2333 sus-

1888 2373 2144 2443 cipiebat.
2993 2370 3029 2450 "

1957 2463 2097 2518 Tum
2130 2480 2260 2517 vero
2286 2464 2565 2517 meditatio
2600 2465 2819 2518 robusta
2874 2465 3151 2564 juigisquc.
3196 2461 3472 2514 Meditatio
3558 2538 3563 2543 ‘

1887 2572 2169 2613 sacrorum
2202 2554 2438 2624 Spiritus
2478 2558 2841 2622 eloquiorum,
2886 2554 3007 2625 qua:
3044 2555 3241 2608 nedum
3287 2554 3468 2618 labiis,

1886 2648 1979 2702 sed
2009 2658 2063 2701 et
2091 2649 2257 2701 corde
2284 2664 2407 2700 vere
2438 2651 2488 2700 in
2526 2648 2783 2718 mysterio
2816 2647 3161 2716 proferantur
3192 2662 3206 2710 ;
3240 2660 3471 2713 eamque

1885 2741 2043 2809 plane
2096 2739 2165 2792 ob
2201 2755 2333 2802 rem,
2364 2754 2470 2792 non
2517 2749 2839 2801 atramento,
2888 2738 2979 2792 sed
3029 2736 3231 2805 Spiritu
3284 2736 3471 2790 animo

1887 2831 2275 2885 inscribautur.
2302 2831 2561 2884 Prerandi
2591 2842 2771 2884 autem
2797 2831 3035 2885 studium
3072 2830 3255 2899 jugale
3277 2840 3471 2882 nactus

1887 2926 2243 2988 meditationi,
2286 2924 2617 2978 indivulsum
2670 2939 2698 2977 a
2730 2922 2839 2977 Deo
2879 2925 3120 2977 animum
3166 2921 3469 2976 obtinebat.

1884 3019 2354 3084 Quemadmodum
2388 3018 2533 3071 enim
2570 3034 2769 3089 corpus
2799 3016 3111 3091 solitudinis
3142 3016 3313 3076 cultu,
3343 3015 3463 3067 aui—

1893 3125 2150 3177 mumque
2183 3109 2549 3163 meditationis
2584 3109 2631 3162 \i
2666 3124 2989 3163 consecrare
3022 3106 3129 3159 Deo
3166 3106 3466 3176 satagebat,

1885 3204 1959 3254 sic
1991 3202 2170 3269 utipie
2210 3201 2374 3254 etiam
2424 3209 2656 3254 mentem
2706 3200 2927 3270 jugibus
2974 3199 3467 3269 supplicationibus

1886 3293 2095 3347 instans
2137 3292 2360 3362 Spiritui
2397 3295 2707 3359 mpulahat.

1952 3382 2088 3436 Cum
2126 3392 2305 3436 autem
2338 3384 2391 3436 in
2424 3383 2506 3436 his
2538 3384 2734 3441 tribus,
2769 3383 2976 3437 ratione
3008 3382 3234 3447 scilicet,
3271 3382 3369 3445 ira,
3403 3396 3467 3435 ac

1880 3474 2201 3542 cupiditate.
2235 3474 2471 3529 hominis
2499 3482 2645 3530 totus
2674 3476 2892 3529 animus
2923 3474 3341 3540 consideretur;
3378 3482 3465 3528 at-

1878 3582 1982 3634 que
2019 3567 2083 3618 ad
2136 3567 2397 3619 rationem
2440 3567 2679 3635 quidem,
2728 3578 2985 3636 tanquam
3020 3567 3462 3635 augustissimam

1878 3665 2169 3726 speetetut
2207 3661 2388 3726 pnt'sit
2444 3674 2508 3712 ac
2555 3658 2887 3723 dominetur,
2941 3658 3284 3728 ad-reliquas
3315 3672 3463 3720 vero,

1877 3757 1937 3799 ut
1978 3747 2103 3800 huic
2144 3749 2257 3815 ipsa
2304 3758 2545 3815 pareant,
2599 3758 2760 3817 atque
2796 3749 2863 3801 ab
2900 3763 2963 3800 ea
3017 3758 3274 3816 regantur
3323 3748 3463 3816 (haec

1876 3836 2021 3889 enim
2047 3836 2145 3889 viri
2182 3837 2440 3905 perfectio
2466 3837 2581 3906 est)
2613 3838 2816 3891 virtute
2849 3838 3169 3907 perfunctus
3200 3854 3322 3907 qme
3348 3838 3465 3891 cui-

1875 3944 1981 3998 que
2015 3929 2181 3982 animi
2213 3930 2348 3997 parti
2386 3938 2508 3998 apta
2543 3930 2614 3983 sit
2678 3945 2741 3984 ac
2775 3931 3100 3983 conveniens
3132 3946 3146 3995 ;
3181 3930 3345 3999 inque
3382 3930 3465 3984 his

1876 4034 2090 4071 summa
2109 4020 2192 4073 vir
2216 4036 2443 4087 magnus
2466 4020 2807 4088 philosophia
2837 4031 3135 4090 spectatus,
3154 4032 3464 4088 temperan-

1876 4108 2003 4159 tiam
2032 4109 2250 4176 quidom
2280 4109 2560 4177 cupiditati
2596 4110 2839 4177 praeficit.
2871 4125 2993 4178 qua:
3017 4110 3227 4163 scilicet
3257 4109 3456 4162 nedum

1874 4201 2171 4253 necessarii
2203 4201 2332 4263 cibi,
2378 4200 2665 4269 somnique
2701 4210 2904 4269 partem
2934 4202 3227 4253 maximam
3268 4215 3464 4268 ampu-

1874 4298 2029 4352 taret,
2055 4291 2148 4345 sed
2188 4301 2242 4344 et
2269 4293 2480 4347 cunctis
2500 4292 2750 4347 sensibus
2779 4292 2968 4345 modos
3020 4292 3347 4361 regulasque
3367 4292 3462 4346 de-

1872 4383 2093 4443 finiret;
2145 4384 2570 4452 pulchritudinis
2641 4399 2704 4438 ac
2759 4382 2947 4438 formae
2994 4384 3301 4453 cupidinem
3344 4398 3463 4437 om-

1874 4488 1999 4527 nem
2034 4472 2299 4535 aboleret,
2329 4487 2600 4541 omneque
2634 4488 2815 4525 rerum
2854 4472 3237 4526 intereuntium
3278 4488 3343 4527 ac
3368 4488 3462 4527 ca-

182 4553 352 4604 etiam
370 4550 689 4619 Gregorius,
715 4556 892 4608 saeculi
927 4558 1100 4610 turbis
1147 4549 1377 4629 ejusque
1410 4562 1525 4615 salo
1556 4562 1766 4630 placide
1792 4558 1840 4636 ὀ
1871 4566 2134 4620 ducarum
2198 4564 2527 4619 desiderium
2600 4574 2822 4619 necaret
2864 4582 2878 4629 ;
2937 4565 3244 4618 membrum
3297 4581 3461 4619 omne

183 4642 341 4710 prius
364 4643 608 4708 avulsus,
642 4646 857 4714 vitaque
889 4647 1279 4718 imperturbata
1334 4662 1493 4720 atque
1522 4653 1590 4705 ab
1614 4653 1763 4706 omni

184 4730 474 4797 pravitatis
501 4734 830 4787 commercio
854 4736 1042 4801 libera,
1074 4746 1252 4792 mente
1277 4740 1523 4795 sublimis
1548 4742 1720 4797 factus
1746 4758 1760 4807 ;

180 4836 366 4889 exque
435 4821 632 4877 divinis
666 4823 868 4893 (quoad
903 4829 1249 4898 concessum)
1293 4834 1763 4901 co’ntemplatioui-

184 4913 288 4967 bus
341 4913 542 4968 deitate
591 4915 829 4970 imbutus
864 4956 878 4980 ,
939 4919 1137 4972 nedum
1204 4922 1533 4989 paenitentia:
1598 4935 1760 4993 atque

185 5005 533 5073 baptismatis
562 5007 874 5063 hominibus
906 5027 1103 5079 pneco,
1136 5014 1229 5065 sed
1261 5025 1314 5067 et
1344 5015 1491 5068 omni
1538 5018 1763 5085 majoris

183 5096 518 5163 perfectione
576 5099 1104 5172 absolutissimteque
1134 5102 1416 5161 Trinitatis
1454 5110 1708 5177 magister
1734 5125 1764 5163 e

181 5186 403 5239 deserto
442 5189 727 5246 emittitur.
767 5192 821 5246 ld
853 5208 1033 5248 autem
1076 5196 1253 5249 oratio
1287 5212 1543 5266 processu
1584 5198 1763 5252 deela-

183 5279 346 5331 rabit.

254 5371 471 5425 Etenim
508 5389 764 5445 magnum
797 5377 1017 5447 quidem
1050 5377 1333 5445 Basiliam,
1366 5380 1441 5436 uti
1475 5383 1624 5451 prius
1641 5383 1759 5452 ejus

182 5462 546 5530 philosophia:
598 5482 720 5534 quae
766 5484 867 5523 usu
918 5472 1166 5526 saeculari
1213 5473 1399 5538 venit,
1446 5474 1517 5528 ita
1572 5485 1757 5545 postea

180 5554 444 5621 spiritalis
486 5558 791 5627 adjutorem
849 5563 1172 5633 sociumque
1202 5566 1489 5630 adhibens,
1522 5569 1603 5624 sic
1631 5585 1754 5624 cum

249 5689 291 5721 ιι
328 5688 472 5747 Phil.
516 5705 602 5760 Ill,
648 5694 731 5750 l5.
806 5697 853 5728 δ’
884 5697 1072 5755 Matth.
1126 5717 1198 5769 iv,
1232 5702 1256 5757 ι
1293 5720 1306 5759 :
1341 5701 1471 5761 Luc.
1507 5722 1576 5764 iv.
1616 5706 1665 5761 Ι.

247 5848 322 5916 (2)
354 5849 543 5924 ϐίος..
585 5862 726 5909 orat.
757 5854 826 5910 58
852 5866 904 5912 et
930 5857 1016 5913 42.

1743 5708 1789 5741 “
1818 5710 2007 5767 Matth.
2035 5729 2108 5781 xt,
2149 5715 2232 5769 ll.

1873 4671 2199 4726 omnemque
2231 4666 2437 4709 motum
2503 4656 2789 4724 disciplina
2831 4667 3181 4725 componeret
3219 4674 3282 4710 ac
3315 4674 3460 4713 com-

1872 4753 2154 4820 primeret,
2237 4752 2536 4821 mentique,
2587 4767 2707 4840 qua:
2751 4761 2833 4805 est
2882 4753 3241 4821 praestantior,
3291 4753 3460 4823 subji-

1871 4853 2040 4897 (ιρι-οι.

1943 4932 2151 4985 llursus
2200 4947 2328 4986 vero
2379 4933 2845 4987 mansuetudinem
2905 4932 2998 4987 ira:
3043 4933 3325 4987 adversam
3363 4934 3449 4987 in-

1869 5023 2027 5075 struit
2063 5040 2075 5075 :
2112 5023 2163 5075 in
2195 5039 2301 5092 qua
2336 5024 2599 5077 nimirum
2637 5024 2815 5079 omnis
2866 5024 2915 5077 ei
2948 5024 3115 5077 animi
3152 5026 3457 5078 amaritudo

1866 5114 2068 5184 ineque
2092 5116 2321 5185 impetus
2360 5118 2669 5173 solveretur
2704 5135 2718 5182 ;
2752 5118 3059 5173 solveretur
3092 5126 3271 5171 autem
3310 5116 3457 5169 blas-

1865 5209 2081 5276 phemia
2120 5218 2174 5263 et
2217 5210 2426 5264 clamor
2463 5230 2475 5266 :
2522 5226 2586 5266 ac
2643 5212 2861 5280 quidem
2917 5210 3120 5265 malitia
3159 5210 3339 5264 omnis
3391 5223 3454 5261 ac

1868 5315 2065 5354 rancor
2098 5301 2225 5371 (iraa
2254 5302 2463 5357 scilicet
2512 5304 2650 5357 mala
2683 5303 2925 5371 germina
2958 5303 2977 5371 )
3007 5302 3224 5372 penitus
3253 5299 3453 5354 evelle-

1867 5400 2100 5457 rentur;
2158 5392 2410 5463 velutque
2455 5410 2520 5450 ex
2566 5394 2803 5464 perfecta
2847 5396 3061 5461 radice,
3100 5410 3165 5449 ex
3202 5393 3448 5459 lenitate,

1864 5484 2045 5537 omnis
2100 5484 2152 5537 in
2187 5500 2253 5539 eo
2284 5486 2588 5557 benignitas
2620 5497 2787 5557 atque
2839 5486 3082 5557 probitas
3115 5484 3445 5557 germinarct

1866 5589 1931 5630 ac
1962 5575 2245 5630 cflloreret.

2312 5715 2355 5747 “
2382 5714 2512 5771 Luc.
2542 5732 2577 5782 I,
2612 5714 2699 5772 7G.
