4186 6434
724 406 826 470 447

1926 407 2218 466 ΝΙΕΕΤΕ
2261 408 2784 471 ΡΛΙἮΙΛΟΟΝΙΞ

3884 418 3945 477 il
3960 423 3998 475 ἐξ

801 515 1114 569 Μιιὰυδιίίιιιι
1139 522 1319 566 autem
1361 511 1754 583 (humilitatem
1787 515 2014 582 vocant)
2049 523 2299 566 ornatum

2424 532 2511 584 pie
2539 533 2601 569 ae.
2630 528 2865 574 mentem
2899 521 3297 593 circumseptus
3325 538 3386 576 ac
3438 528 3789 589 emundatns.
3817 532 3883 584 ad
3916 533 4003 586 dt-

726 611 991 674 optimum
1038 605 1234 659 rationi
1281 606 1546 674 imponit;
1602 606 1654 659 iii
1713 622 1818 675 qua
1850 606 2064 660 inanem
2093 624 2307 661 omnem

727 708 890 767 atque
937 699 1136 750 elatum
1191 698 1357 750 animi
1399 711 1622 750 sensum
1695 708 1843 753 esset
1910 699 2305 760 destrueturus,

728 805 1057 856 omnemque
1113 788 1497 854 altitudinem,
1553 792 1899 844 extollentem
1946 807 2004 845 sc
2050 791 2310 846 adversus

728 882 1158 950 praestantiorem
1203 883 1509 944 scientiam,
1553 897 1989 951 compressurus.
2035 885 2311 948 Quemad-

729 972 950 1024 modum
982 975 1125 1026 enim
1158 974 1208 1025 in
1241 974 1343 1026 hoc
1374 974 1512 1026 ratio
1549 976 1844 1029 constituta
1879 986 1984 1040 est,
2019 987 2074 1030 ut
2099 978 2309 1043 cupidi-

728 1065 1151 1117 tatislaseiviam
1185 1067 1554 1134 teinperautize
1579 1068 1648 1127 vi,
1699 1067 1898 1135 ineque
1937 1069 2308 1122 inconsultum

725 1159 987 1226 impetum
1012 1159 1232 1213 lenitate
1273 1170 1584 1228 retorqueat
1611 1180 1623 1224 ;
1653 1163 1730 1214 sic
1759 1177 1978 1231 quoque
2008 1180 2165 1215 suum
2193 1164 2308 1232 ipsa

727 1263 992 1304 tumorem
1049 1269 1111 1306 ac
1174 1255 1486 1321 superbiam
1569 1256 1832 1309 modestia
1891 1259 2166 1325 castigans
2248 1274 2311 1312 ac

726 1346 1117 1412 comprimens,
1175 1347 1317 1414 piam
1389 1363 1446 1400 se
1490 1349 1936 1417 modestamque,
1991 1359 2047 1402 ut
2096 1351 2310 1404 Christo

725 1436 962 1498 oliediat,
1002 1437 1271 1504 captivam
1309 1438 1530 1491 addicit.

799 1528 949 1581 Sicut
981 1538 1159 1581 antem
1187 1539 1390 1583 natura:
1421 1531 1534 1598 ipsa
1564 1531 1610 1583 vi
1641 1546 1704 1584 ac
1736 1531 1947 1586 ratione
1985 1533 2095 1586 lilio
2128 1550 2312 1587 comes

729 1621 1010 1691 flagrantia
1045 1632 1148 1683 est,
1195 1623 1273 1676 sic
1306 1633 1360 1677 et
1407 1624 1488 1677 his
1540 1624 1836 1680 virtutilms
1882 1628 2050 1680 animi
2097 1645 2310 1682 summa

730 1715 1129 1781 tranquillitas,
1163 1731 1285 1769 cum
1337 1716 1460 1786 quis
1493 1717 1598 1770 illis
1640 1718 1954 1786 perfunctus
2003 1728 2106 1774 est.
2141 1720 2314 1774 Tian-

728 1807 992 1874 quillitas,
1025 1808 1316 1860 affectuum
1343 1824 1614 1874 recessus,
1641 1811 1883 1864 omnium
1904 1811 2308 1879 aegritudinum,

2417 609 2554 662 vina:
2591 608 2882 678 Sapientia:
2911 614 3109 667 celsam
3145 615 3325 667 evadit
3350 631 3555 670 arcem.

2484 700 2564 754 Ad
2621 703 2868 757 timorem
2923 715 3126 770 autem,
3162 705 3534 762 fortitudinem
3591 724 3655 762 ac
3697 711 3995 765 consilium

2412 805 2736 858 assumens;
2775 795 2974 863 prioris
3015 797 3119 858 usi,
3178 799 3374 850 nedum
3443 799 3706 853 adversus
3763 803 3998 856 allectus

2412 883 2668 951 vitiaqne,
2704 902 2888 938 verum
2922 889 3084 941 etiam
3131 889 3406 943 daiuiones
3459 892 3626 944 robur
3678 893 3868 956 induit,
3930 909 3997 947 ac

2413 977 2788 1032 eoiiliruiatur.
2827 978 2933 1032 Nec
2972 996 3102 1032 vero
3150 991 3342 1034 contra
3405 984 3504 1036 hos
3558 985 3757 1047 solum,
3802 985 3894 1038 sed
3940 996 3997 1037 et

2412 1078 2600 1120 contra
2641 1070 2816 1138 ipsum
2850 1071 3148 1140 principem
3184 1074 3466 1142 potestatis
3530 1077 3675 1130 aeris
3707 1078 3748 1110 ⁵¹
3785 1092 3992 1130 conva-

2413 1159 2569 1212 lescit
2615 1175 2757 1212 :uec
2789 1170 2980 1214 contra
3031 1162 3185 1215 illum
3243 1168 3532 1228 duntaxat,
3589 1181 3774 1218 verum
3823 1168 3991 1220 etiam

2413 1263 2604 1305 eontra
2642 1269 2793 1320 ipsos
2827 1254 3136 1308 dilliifentia:
3177 1254 3313 1310 ﬁlios
3344 1258 3410 1321 ",
3439 1272 3630 1324 nenipe
3659 1258 3994 1322 incredulos,

2411 1345 2502 1412 qui
2530 1346 2650 1408 eius
2681 1345 2860 1396 alllatu
2882 1355 3148 1414 aguntur;
3183 1345 3510 1413 quibuscum
3538 1357 3841 1415 opportune
3872 1364 3994 1402 cer-

2413 1445 2590 1488 tamen
2624 1437 3021 1492 comniissurus
3042 1436 3400 1506 erat.Spiritu
3424 1448 3604 1492 autem
3637 1440 3850 1494 consilii
3880 1457 3993 1494 non

2415 1528 2463 1579 id
2507 1529 2685 1580 solum
2727 1541 2984 1582 scrutans
3045 1529 3188 1598 quod
3243 1531 3496 1599 privatim
3554 1532 3778 1599 suisque
3827 1532 3997 1585 rebus

2411 1622 2764 1685 conduceret,
2797 1622 2890 1676 sed
2922 1623 3068 1692 quod
3098 1625 3260 1676 etiam
3291 1623 3543 1676 omnibus
3577 1625 3645 1687 ⁸³,
3675 1634 3767 1677 aut
3795 1625 3997 1693 pleris-

2413 1732 2514 1785 que
2544 1712 2684 1766 foret
2715 1714 2847 1768 utile
2875 1732 2889 1779 ;
2949 1731 3124 1784 neque
3165 1716 3368 1783 proprii
3415 1715 3749 1769 voluntatem
3783 1717 3986 1783 animi,

2415 1809 2508 1860 sed
2547 1807 2908 1869 Dominicam,
2967 1823 3292 1876 summeque
3343 1808 3538 1861 bonam
3593 1816 3758 1877 atque
3811 1807 3998 1876 perfe-

731 1909 842 1952 Inm
875 1915 995 1966 qua:
1049 1900 1314 1965 animum,
1357 1910 1470 1954 tum
1501 1917 1622 1970 qua:
1659 1918 1856 1970 corpus
1899 1905 2018 1958 labe
2049 1904 2307 1969 ailieiunt,
2346 1895 2383 1946 η
2414 1909 2578 1964 clam,
2614 1909 2872 1969 tanquam
2925 1899 3127 1968 probus
3151 1899 3387 1953 famulus
3420 1902 3712 1969 explorans
3737 1902 3804 1963 ⁵⁵.
3835 1915 3996 1952 eam.

727 1991 934 2043 evulsio
986 2006 1048 2044 ac
1084 1993 1337 2046 interitus
1371 2009 1384 2055 ;
1429 1993 1617 2046 beatus
1645 2004 1840 2058 status,
1876 1996 2128 2065 nullaque
2157 1999 2310 2051 turba

729 2085 976 2154 pulsatus
994 2099 1057 2138 ac
1079 2084 1324 2139 molestia
1347 2101 1361 2151 ;
1380 2085 1695 2154 angelorum
1717 2087 1844 2152 vita,
1869 2086 2061 2141 futurae
2079 2091 2314 2143 arrhabo

730 2178 1030 2232 beatitatis.

797 2268 876 2320 Ad
908 2269 1047 2322 hanc
1083 2285 1205 2323 cum
1239 2270 1504 2324 evasisset
1535 2270 1756 2326 divinus
1794 2271 2113 2342 Gregorius.
2147 2276 2313 2328 hanc-

731 2376 837 2428 que
881 2363 1174 2430 septimum
1233 2362 1317 2416 sui
1367 2364 1601 2417 actionis
1659 2366 1706 2416 vi
1763 2381 2027 2419 ascensus
2088 2368 2312 2435 gradum

731 2456 1035 2518 statuissct,
1066 2457 1139 2508 illi
1173 2457 1428 2526 deincrps
1467 2459 1734 2525 optimum
1797 2474 1860 2511 ac
1894 2459 2311 2514 stabilissimum

735 2548 1032 2600 ternarium
1073 2549 1360 2611 virtutum,
1394 2549 1547 2603 fidem
1567 2551 1794 2612 scilicet,
1821 2566 1971 2619 spem
1997 2567 2057 2605 ac
2075 2553 2285 2606 charita
2305 2585 2316 2592 -

731 2650 860 2700 tem,
886 2655 980 2692 ceu
1006 2641 1431 2708 pulcherrimam
1461 2642 1776 2695 coronidem
1828 2641 2104 2711 imposuit.
2131 2643 2314 2697 Fidem

732 2733 975 2800 quidem,
1008 2732 1059 2784 in
1094 2732 1307 2785 Patrem
1348 2743 1399 2785 et
1440 2732 1634 2786 Filium
1667 2743 1720 2786 et
1745 2733 2008 2802 Spiritum
2041 2746 2314 2798 sanctum,

733 2838 896 2876 unam
925 2822 1176 2877 deitatem
1197 2833 1250 2876 et
1275 2825 1569 2891 potentiam
1587 2873 1590 2878 ,
1611 2839 1674 2878 ac
1694 2839 1952 2894 regnum;
1975 2842 2070 2879 ore
2091 2827 2312 2895 quidem

734 2913 1001 2969 sinceram
1058 2914 1486 2980 confessionem,
1545 2918 1712 2971 corde
1764 2928 1942 2972 autem
1991 2933 2055 2972 ac
2110 2931 2312 2982 mente,

735 3005 1236 3069 conqirohationem
1275 3007 1686 3060 irrevocabilem
1715 3024 2132 3078 assensnmipie.
2157 3007 2317 3077 Spem

735 3113 887 3159 vero,
923 3100 1113 3151 horum
1145 3099 1408 3167 ipsorum,
1446 3115 1568 3167 qua:
1620 3116 1760 3153 nunc
1797 3101 2028 3154 obscure
2061 3103 2320 3170 tenuique

739 3191 930 3244 nnilira
965 3207 1027 3244 ex
1060 3192 1159 3244 tide
1199 3192 1570 3261 conspicimus
1594 3194 1638 3226 "
1660 3234 1673 3256 ,
1711 3193 2047 3262 perfectioris
2080 3203 2319 3256 postnio-
2349 3231 2388 3286 (η

738 3284 866 3337 dum
896 3283 1295 3352 explicationis,
1339 3284 1389 3336 id
1425 3295 1528 3347 est,
1581 3286 1928 3338 revelationis
1964 3299 2027 3338 ac
2057 3285 2322 3338 detectio-
2349 3268 2392 3288 υ

741 3375 824 3427 nis
863 3374 1347 3442 exspectationem.
1373 3374 1705 3427 Charitatem
1740 3384 1919 3427 autem
1944 3414 1956 3428 .
2006 3390 2321 3442 supremum

743 3466 968 3536 hujusce
997 3469 1157 3520 scal:e
1189 3467 1451 3536 spiritalis
1490 3482 1774 3519 ascensnm
1806 3483 1819 3518 :
1851 3466 1984 3534 legis
2051 3481 2322 3526 summam

743 3577 804 3611 ac
837 3559 1223 3627 proplntaruni
1249 3560 1310 3623 ἴε,
1363 3559 1638 3612 νίιιιιιΙυιιι
1674 3557 2020 3625 perftctiouis
2048 3549 2326 3620 ",Pconti-

745 3668 926 3714 uuam,
980 3667 1044 3704 ac
1097 3667 1257 3720 quam
1301 3651 1505 3703 nullum
1559 3649 1778 3702 tiirt'ttal
1822 3649 2083 3710 medium,
2130 3651 2326 3703 mentis

746 3746 974 3812 propl‘itL‘
1021 3760 1143 3797 cum
1189 3743 1298 3796 Deo
1351 3745 1401 3795 in
1455 3743 1657 3810 Spiritu
1703 3759 1795 3811 per
1830 3739 2014 3794 Jesuui
2044 3738 2322 3795 Christum

747 3839 1063 3892 siieietateni
1101 3848 1262 3906 atque
1286 3852 1623 3903 compagem.

822 3930 980 3982 llisee
1012 3927 1285 3981 universis
1325 3927 1643 3989 virtutibus,
1677 3940 1799 3994 qua:
1834 3924 2051 3984 actione
2097 3925 2326 3994 ejusque

751 4030 1010 4087 gerantur
1047 4019 1222 4082 cultu,
1274 4033 1387 4081 eas,
1441 4034 1561 4086 qiue
1621 4017 1821 4071 mentis
1865 4019 2329 4086 contemplatione

750 4109 1282 4162 consummationem
1317 4108 1538 4171 habent,
1563 4107 1760 4176 aequali
1796 4121 2025 4160 numero
2056 4113 2285 4161 attexuit
2313 4125 2327 4172 ;

752 4201 988 4268 primum
1023 4199 1235 4253 scilicet
1269 4200 1637 4268 operationes,
1678 4213 1773 4252 seu
1812 4200 2027 4251 alllatus
2063 4198 2327 4266 Spiritus,

755 4308 891 4360 quos
925 4291 1164 4359 Spiritus
1188 4301 1392 4359 septem
1437 4290 1604 4343 Isaias
1641 4291 1998 4355 nuncupavit.
2047 4289 2112 4344 lli
2139 4307 2329 4359 nempe

754 4398 878 4436 vere
932 4383 1218 4450 primoque
1252 4383 1303 4435 in
1349 4383 1572 4435 Christo
1614 4384 2021 4450 requieveriiut,
2073 4393 2195 4435 orto
2240 4384 2330 4436 illo

753 4491 816 4528 ex
849 4477 1030 4528 radice.
1065 4475 1217 4528 Jesse
1245 4476 1326 4540 i';
1363 4474 1601 4526 secundo
1637 4484 1838 4537 autem,
1880 4475 1988 4537 illa,
2021 4491 2141 4542 qua:
2169 4492 2232 4528 ex
2267 4493 2330 4528 eo

2414 2009 2518 2063 que
2561 1993 2685 2046 imis
2723 1994 2924 2046 mentis
2957 1993 3328 2060 penetralibus
3360 1993 3628 2057 formans,
3668 1992 3819 2062 pravi
3849 2009 3991 2045 cou-

2415 2084 2520 2138 silii
2555 2099 2726 2151 genus
2769 2098 2930 2136 omne
2959 2086 3210 2137 cavebat.

2488 2177 2746 2230 Pietatem
2796 2176 3112 2246 dogmatum
3176 2177 3404 2231 veritate
3463 2193 3526 2232 ac
3563 2191 3778 2230 morum
3829 2177 3998 2230 recti-

2423 2269 2612 2322 tudine
2655 2268 2868 2322 colebat
2915 2286 2926 2320 :
2965 2283 3157 2334 nempe
3203 2268 3272 2320 ab
3329 2269 3483 2321 omni
3537 2272 3679 2336 tnipi
3727 2269 3997 2335 eugilatu,

2417 2361 2677 2427 omnique
2709 2360 2940 2427 profano
2974 2376 3246 2424 sermone,
3294 2376 3357 2415 ac
3411 2361 3591 2413 alieno
3630 2362 3776 2413 omni
3823 2362 4001 2413 lia-re-

2419 2453 2650 2504 ticorum
2697 2450 2820 2504 fuco
2867 2451 3126 2504 defa-cate
3180 2453 3512 2514 Inundatus,
3551 2452 3603 2504 in
3638 2453 3833 2506 mentis
3869 2467 4002 2506 vero

2420 2545 2656 2596 imitate
2714 2543 2766 2594 in
2812 2543 3037 2596 Christo
3093 2545 3538 2606 transformalus,
3579 2561 3641 2596 ea
3701 2544 3999 2612 plurimum

2419 2636 2766 2702 promovebat
2803 2646 2964 2703 atque
2992 2637 3300 2704 praestabat.

2492 2726 2748 2778 Scientiie
2780 2736 2982 2789 autem,
3018 2743 3138 2794 qua:
3189 2726 3259 2778 sit
3313 2725 3736 2786 intellectilium,
3795 2725 3842 2777 id
3887 2736 4001 2791 est,

2417 2833 2607 2870 eorum
2639 2833 2759 2886 quze
2790 2817 3015 2869 scientia
3051 2827 3376 2880 noscuntur,
3426 2825 3534 2870 tota
3568 2819 3815 2886 quaedam
3861 2833 4005 2872 con—

2421 2909 2666 2976 fertaque
2705 2907 3014 2972 mntuitio,
3073 2907 3148 2958 uti
3201 2908 3368 2960 etiam
3410 2908 3568 2968 visio,
3603 2924 3792 2960 eorum
3835 2924 4002 2970 aque-

2419 3011 2560 3059 clus,
2588 3017 2706 3066 qiuc
2731 2999 2879 3051 cerni
2913 2999 3087 3052 oculis
3125 3008 3390 3067 possunt;
3421 3009 3603 3051 tantus
3637 3001 3684 3051 ei
3741 2999 4007 3054 cumulus

2421 3093 2687 3160 copiaque
2723 3099 3051 3154 accesserat,
3096 3098 3300 3156 quanto
3359 3089 3522 3142 etiam
3574 3104 3683 3156 pra:
3744 3089 4007 3142 omnibus

2424 3184 2773 3245 cmundatns,
2811 3182 2876 3233 ad
2911 3181 3210 3248 angelicam
3262 3181 3784 3248 contemplatiuni-ni
3820 3190 4007 3232 mente

2429 3273 2920 3326 transmutabatur.
2990 3271 3124 3324 Dum
3179 3271 3350 3325 maris
3408 3285 3656 3332 arenam,
3713 3279 3766 3322 et
3817 3279 4007 3339 guttas

2429 3363 2658 3431 pluviae,
2712 3363 2938 3430 diesque
3000 3361 3186 3415 smeuli
3248 3362 3662 3414 enumeraveris
3705 3361 3772 3424 ",
3833 3375 4006 3428 quam

2426 3456 2590 3508 etiam
2623 3469 2778 3508 sacra
2799 3454 2918 3522 ejus
2947 3453 3160 3522 eloquia
3213 3453 3580 3523 intelligentiae
3610 3453 3714 3504 vim
3747 3460 4011 3520 praestant

2429 3565 2491 3601 ac
2557 3547 2791 3601 fecundo
2861 3548 3031 3600 edunt
3083 3547 3353 3615 germine,
3410 3545 3762 3599 intellexeris.
3821 3543 4010 3597 Sacra:

2429 3656 2666 3708 namque
2707 3640 3002 3709 Scriptura:
3036 3655 3256 3703 sensus,
3297 3640 3442 3692 velut
3492 3652 3618 3691 rosa
3654 3639 3706 3690 in
3746 3637 4005 3699 ridiculo,

2427 3731 2684 3783 dictionis
2719 3731 3054 3783 obscuritate
3087 3739 3368 3782 ciintectus
3394 3738 3531 3780 erat.
3570 3727 3619 3781 Is
3647 3736 3823 3779 autem
3856 3727 4010 3780 clare

2430 3827 2482 3877 in
2530 3823 2724 3892 Spiritu
2775 3823 3071 3890 explicans,
3128 3822 3394 3886 suaviqne
3441 3819 3585 3872 illius
3639 3817 4012 3886 intelligentia:

2432 3915 2727 3985 fragrantia
2753 3928 2919 3982 supra
2953 3913 3174 3967 modum
3210 3913 3467 3981 repletus,
3498 3927 3562 3966 ea
3597 3913 3784 3966 statim
3814 3926 4009 3965 sacra-

2433 4007 2705 4061 tissimani
2731 4006 3058 4076 sapientiam
3093 4005 3467 4060 sacratissimo
3492 4005 3616 4059 nisu
3646 4004 4013 4073 comprehen-

2428 4099 2524 4152 dit.

2503 4188 2596 4242 Est
2628 4188 2794 4258 igitur
2817 4186 3104 4256 sapientia,
3135 4187 3226 4240 illa
3267 4186 3487 4256 quidem
3547 4195 3662 4240 tum
3719 4185 3838 4239 viva
3886 4193 4008 4239 tum

2430 4296 2550 4349 qua‘
2584 4296 2679 4349 per
2703 4296 2761 4332 se
2789 4290 2874 4334 est
2929 4289 3092 4348 atque
3115 4280 3389 4341 consistit,
3415 4279 3505 4346 qui
3534 4293 3659 4333 cuni
3691 4277 3850 4332 Patre
3879 4289 4014 4332 ante

2433 4374 2629 4428 szeeula
2660 4375 2854 4426 Sermo
2887 4383 2991 4435 est,
3029 4388 3092 4425 ac
3127 4387 3248 4424 cum
3281 4387 3346 4424 eo
3389 4387 3502 4424 una“
3541 4373 3870 4439 sempiterno
3925 4374 4014 4424 iii-

2435 4466 2695 4533 tiglligilur
2723 4484 2736 4517 :
2763 4474 2846 4516 est
2866 4479 2992 4516 vero
3015 4464 3179 4516 etiam
3209 4464 3499 4531 sapientia,
3523 4465 3615 4532 qui
3645 4465 3711 4516 de
3739 4463 4013 4518 Sermone

757 4579 858 4624 est.
898 4569 1159 4620 societate
1200 4583 1263 4621 ac
1296 4566 1650 4629 commercio,
1689 4575 1800 4619 tum
1840 4567 1892 4618 iu
1924 4567 2047 4620 aliis
2086 4569 2176 4634 qui
2215 4569 2321 4621 sint

2435 4571 2722 4610 sermones
2754 4564 2914 4620 sunt;
2947 4571 3184 4624 quorum
3236 4555 3285 4607 vi
3323 4555 3535 4618 Sermo,
3567 4555 3634 4608 iis
3664 4555 3753 4623 qui
3808 4557 4016 4622 pietate

757 4660 875 4728 ejus
909 4661 1220 4728 participes,
1249 4669 1360 4711 tum
1388 4660 1468 4711 vel
1495 4661 1732 4712 maxime
1761 4662 1926 4712 etiam
1970 4659 2021 4710 in
2069 4674 2133 4711 eo
2161 4675 2323 4728 quem

758 4755 1044 4807 laudamus
1073 4773 1084 4815 ;
1129 4756 1220 4821 qui
1255 4753 1355 4806 hos
1383 4761 1560 4806 mente
1597 4761 1721 4819 agat
1748 4767 1811 4805 ac
1843 4752 2124 4819 intelligat,
2164 4755 2332 4822 quin-

762 4848 871 4900 imo
939 4848 1045 4900 illis
1096 4857 1290 4915 agatur
1343 4860 1408 4899 ac
1465 4853 1902 4908 consunnnetur,
1957 4845 2186 4914 mystice
2244 4861 2331 4897 rc-

759 4940 1070 5008 quiescunt.

830 5032 1066 5097 Quinam
1094 5032 1258 5100 igitur
1289 5029 1503 5085 afﬂatus
1565 5045 1629 5083 ac
1673 5028 1950 5099 Spiritus?
1993 5027 2181 5081 Priore
2208 5027 2333 5096 qui-

763 5125 885 5178 dem
930 5124 1052 5178 loco
1084 5124 1409 5191 sapientiam
1446 5123 1526 5187 ";
1579 5121 1828 5188 quinimo
1862 5120 1929 5172 ali
1982 5118 2338 5172 inferioribus

765 5233 985 5270 sursum
1020 5233 1208 5270 versus
1263 5216 1588 5279 ascendens,
1645 5214 1790 5266 velut
1854 5212 2138 5281 sapientiai
2189 5209 2336 5262 radi-

767 5325 883 5362 c-m
939 5325 1001 5362 ac
1035 5309 1384 5377 principium,
1433 5309 1681 5361 timorem
1737 5305 1945 5357 Domini
1988 5301 2334 5371 pra-jaciens,

772 5412 982 5455 castum
1016 5402 1188 5462 illum,
1235 5400 1421 5470 aequi
1453 5408 1590 5452 teste
1646 5397 1867 5461 Davide,
1920 5403 2234 5465 permaneat
2283 5396 2335 5448 in

771 5495 1031 5548 sacculum
1063 5495 1246 5548 saeculi
1281 5511 1294 5557 ;
1336 5510 1402 5548 eo
1430 5491 1677 5546 confixus
1708 5505 1928 5542 carnem
1962 5488 2031 5550 '°,
2065 5488 2339 5539 animum-

851 5700 895 5732 "
925 5701 939 5754 I
967 5700 1092 5754 Cor.
1136 5717 1254 5764 xm,
1289 5702 1368 5756 l2.
1482 5703 1526 5733 ⁸⁸
1552 5701 1734 5754 Matth.
1773 5716 1906 5761 xvii,
1944 5699 2030 5752 ill.

786 5773 871 5824 lii.
983 5773 1026 5799 ¹“⁰
1058 5771 1197 5823 I'sal.
1233 5791 1421 5837 t:\\t:t,
1457 5776 1571 5826 l'l-l.
1688 5774 1728 5803 ·’¹
1782 5771 1979 5839 I'Zpltz-r.
2017 5787 2074 5831 II,
2106 5770 2160 5821 ‘3.

782 5843 825 5873 ’⁵⁵
860 5842 1036 5896 lietle.
1071 5858 1102 5907 ι,
1136 5844 1186 5894 ‘3.

2108 5698 2148 5727 "
2181 5696 2391 5751 Coloss.
2441 5710 2517 5752 Ill,
2561 5692 2602 5745 i.

2297 5769 2341 5797 δ’
2389 5766 2498 5834 liph
2526 5783 2583 5816 '5.
2626 5781 2674 5825 κ,
2706 5766 2756 5812 τί.

2437 4650 2644 4709 colunt,
2675 4663 2831 4700 saera
2853 4650 3177 4716 occultaque
3208 4648 3418 4700 ratione
3449 4646 3805 4714 conspicitur.
3834 4644 4019 4700 Tanto

2437 4750 2617 4793 autem
2638 4738 2912 4809 Theologo
2939 4740 3203 4792 illustrior
3229 4739 3537 4806 clariorque
3560 4737 4007 4805 inromprehensi

2436 4833 2858 4902 cmuprehensio
2878 4832 3127 4892 eﬂicitur,
3144 4841 3348 4899 quanto
3363 4840 3416 4884 et
3436 4829 3757 4899 perfectiore
3774 4831 4018 4884 donatus

2441 4926 2824 4993 intelligentia,
2850 4939 3017 4993 eaque
3053 4925 3272 4976 uberius
3299 4923 3524 4992 pollens,
3551 4922 3764 4976 cunctis
3790 4938 4019 4991 quoque

2443 5018 2790 5087 praestantius
2840 5018 3242 5086 perfectiusque
3275 5016 3556 5085 sapientia:
3606 5031 3887 5070 Sermones
3945 5031 4017 5071 ac

2441 5110 2741 5165 doctrinam
2764 5110 3053 5178 decerpsit.

2515 5202 2605 5255 Sic
2631 5202 2891 5270 spiritalis
2923 5200 3089 5254 Israel
3127 5201 3290 5268 (vere
3328 5198 3373 5252 is
3404 5198 3580 5251 videns
3610 5197 3812 5266 Deum)
3839 5197 4021 5252 virtu-

2447 5297 2594 5350 tibus
2618 5310 2738 5363 qua:
2767 5294 2981 5347 actione
3030 5302 3315 5362 geruntur,
3373 5307 3468 5344 eas
3520 5306 3845 5352 conserens,
3891 5306 4022 5357 qua:

2448 5388 2904 5456 contemplatione
2936 5393 3292 5453 prmstantur,
3353 5385 3516 5451 inque
3557 5381 3716 5436 scala:
3765 5383 4020 5446 modum,

2453 5494 2708 5550 tanquam
2743 5478 2960 5546 sapiens
2991 5476 3323 5530 architectus
3382 5476 3517 5528 alias
3565 5473 3688 5527 aliis
3731 5488 4021 5543 opponens

3683 5677 3820 5728 l’sal.
3859 5693 4019 5736 \\'ill,

3632 5748 3783 5801 rvunt.
3837 5765 3907 5803 λιι
3963 5752 4022 5800 ’3.

2718 5690 2760 5718 ⁸⁸
2795 5689 2895 5743 lsa.
2931 5705 3004 5747 vi,
3037 5687 3079 5738 I.
3159 5685 3200 5714 ‘°
3238 5683 3412 5734 lim-le.
3438 5697 3476 5744 i,
3522 5678 3602 5730 ιδ.

2909 5761 2951 5788 ⁵³
2988 5760 3001 5810 l
3054 5758 3178 5810 Cor.
3219 5773 3268 5816 κ,
3299 5755 3386 5807 55.
3528 5751 3568 5779 ⁸·
