4186 6434
198 453 303 516 r119

200 576 371 633 atque
420 561 798 623 committens,

201 655 369 711 corde
416 655 714 721 disponens
742 652 813 715 ",
864 658 1160 718 menteque
1221 646 1273 699 in
1316 647 1491 714 ipsum
1540 643 1784 697 directus

202 750 433 813 (mlum,
487 748 631 800 hunc
663 747 822 815 plane
846 752 1180 815 pestremum
1209 752 1518 801 ascensum,
1570 735 1788 799 mentis,

203 843 459 900 rationis,
494 855 587 891 seu
642 837 801 890 Verbi
857 852 918 889 ac
974 834 1211 902 Spiritus
1272 828 1789 896 contemplationem

202 931 495 999 disponit;
543 944 655 997 quo
698 927 905 982 scilicet
949 926 1050 994 ipsi
1080 925 1245 985 clare,
1274 938 1397 990 qua:
1452 921 1610 973 scalae
1664 920 1792 971 huic

203 1024 463 1078 innititur
499 1023 568 1087 ⁸⁷,
613 1022 777 1073 unius
835 1018 1170 1088 principatus
1204 1014 1470 1075 Trinitas,
1502 1013 1793 1081 capulatus

202 1126 304 1170 est.

272 1207 513 1260 Mentem
564 1205 751 1275 igitur,
782 1202 1010 1255 rationis
1051 1214 1146 1253 seu
1203 1196 1383 1260 Verbi,
1438 1212 1501 1250 ac
1559 1193 1794 1262 Spiritus

204 1312 487 1353 auctorem
520 1296 814 1355 eﬂicaceut,
864 1297 1157 1363 ritumque
1205 1293 1352 1346 nullo
1401 1290 1661 1343 anteriori
1696 1304 1794 1341 att-

204 1399 384 1449 clore,
421 1387 661 1440 arbitror
700 1386 853 1438 illum
897 1385 1230 1437 intellexisse
1266 1386 1360 1453 (5),
1404 1384 1652 1451 hancque
1696 1381 1795 1435 Pa—

208 1494 379 1534 terna:
414 1480 691 1545 essentim,
742 1493 863 1546 qua:
908 1477 1144 1531 essentia
1194 1477 1341 1529 omni
1387 1475 1635 1544 superior
1689 1484 1793 1539 est,

206 1584 335 1644 typo
370 1574 674 1643 accepisse.
747 1570 1045 1625 Rationem
1114 1579 1321 1634 autem,
1379 1584 1475 1624 seu
1534 1567 1794 1630 Verbum,

208 1669 355 1719 velut
381 1668 663 1720 notionem
692 1674 856 1733 atque
886 1673 1235 1731 conceptum,
1288 1663 1555 1731 gignentis
1601 1660 1799 1715 mentis

206 1774 421 1813 natura:
448 1757 927 1813 accuratissintam
993 1754 1403 1824 expressionem
1459 1770 1522 1809 ac
1574 1753 1799 1807 simula-

208 1868 361 1903 crum
397 1834 684 1919 spectasse
713 1867 726 1901 :
780 1863 1081 1916 rursusque
1110 1845 1397 1916 Spiritum,
1431 1845 1523 1913 qui
1559 1852 1797 1897 mentem

944 445 1228 509 ORATiO
1269 444 1395 503 XX.
1424 443 1590 502 -ΙΝ
1632 440 1943 502 LAUDEM
1985 440 2044 501 S.
2085 439 2460 500 GREGORII
2494 439 2768 500 TlIEOl..

884 573 950 612 ac
1016 570 1111 626 per
1169 568 1263 608 cas
1321 552 1676 605 ascensioncs
1732 548 1784 601 in
1832 558 1876 615 Λ
1916 568 1979 605 ex
2018 567 2079 607 ea
2110 566 2233 618 qua:
2272 560 2427 605 vacat
2472 564 2734 617 corpore;
2798 545 3273 616 incompreltensa,
3307 565 3370 604 ex
3415 565 3477 603 ta

3374 438 3479 505 450

1903 659 2025 712 qua:
2059 643 2447 713 comprehendi
2486 657 2594 694 non
2632 651 2843 710 potest;
2906 641 3226 709 ignotaque,
3293 656 3355 696 ex
3416 658 3481 697 ea

1893 748 2016 802 qua:
2048 732 2209 786 altior
2244 732 2434 786 notitia
2464 741 2569 783 est.
2606 730 2767 785 Solus
2796 731 2942 785 enim
2980 729 3229 795 Genitor,
3262 732 3339 784 uti
3372 741 3478 794 est,

1895 821 2090 876 Natum
2110 822 2423 890 cognoscit,
2444 821 2700 890 solusque
2724 822 2896 875 Natus
2920 822 3229 875 Genitorem
3254 822 3479 875 norit".

1896 914 2368 979 Quemadmodum
2431 925 2609 967 autem
2662 916 2762 969 soli
2812 915 3031 983 quidem
3084 916 3268 968 radius
3302 929 3484 968 comes

1899 1007 2214 1061 individuus
2265 1008 2482 1061 exsistit
2516 1006 2821 1075 (siquidem
2868 1010 3013 1075 quod
3061 1018 3142 1063 est
3200 1010 3479 1062 infinitum

1897 1100 2160 1167 caetttplis
2197 1100 2496 1154 sollicitare.
2534 1099 2707 1162 decet,
2737 1100 2911 1167 iisque
2938 1102 3003 1153 de
3040 1102 3129 1154 illo
3162 1102 3480 1171 conjiccrcl,

1900 1195 2055 1247 radio
2110 1208 2237 1246 vero
2292 1195 2383 1248 lux
2439 1210 2655 1264 semper
2690 1195 2984 1262 conjuncta
3028 1208 3142 1261 est;
3199 1196 3277 1249 sic
3340 1197 3482 1249 Patri

1899 1286 2116 1354 quidem
2152 1287 2356 1349 Filius,
2414 1287 2552 1341 Filio
2622 1299 2800 1343 autem
2866 1290 3106 1357 Spiritus
3162 1288 3339 1344 Patris
3379 1305 3484 1342 una

1899 1394 2084 1432 comes
2119 1380 2292 1433 adest.
2338 1382 2411 1433 Ac
2449 1381 2593 1432 sicut
2625 1396 2905 1448 nunquam
2938 1382 3017 1435 sol
3044 1382 3145 1436 iSte
3168 1384 3283 1443 sine
3331 1383 3485 1437 radio

1902 1486 1965 1524 ac
1999 1470 2118 1525 luce
2154 1470 2329 1541 possit
2362 1470 2646 1536 exsistere,
2687 1472 2760 1524 ita
2800 1486 2973 1539 neque
3019 1480 3078 1524 ut
3134 1470 3293 1524 Pater
3334 1472 3488 1523 lntni-

1903 1580 2029 1617 num
2081 1565 2292 1630 absque
2322 1562 2501 1618 Verbo
2535 1580 2598 1618 ac
2627 1565 2829 1633 Spiritu
2883 1564 3218 1632 intelligatur
3246 1579 3485 1631 unquam

1904 1659 2013 1710 ﬁat.
2046 1659 2121 1711 Ex
2170 1657 2264 1710 illo
2312 1674 2547 1726 namque
2583 1667 2843 1727 tanquam
2873 1673 2937 1711 ex
2990 1658 3171 1711 radice
3205 1672 3327 1725 quae
3360 1673 3389 1710 a
3427 1672 3487 1711 se

1904 1753 1994 1811 sit,
2027 1752 2315 1820 primoque
2355 1761 2585 1805 auctore
2626 1767 2689 1805 ac
2721 1750 2973 1821 originali
3011 1751 3175 1804 totius
3216 1752 3489 1819 augustis-

1907 1843 2055 1897 sintm
2088 1845 2304 1897 deitatis
2332 1844 2460 1906 orti,
2494 1853 2825 1898 comternatn
2872 1844 2927 1897 in
2973 1842 3067 1897 illo
3110 1842 3487 1897 exsistentiam

206 1944 433 2011 quidem
484 1953 763 1997 auctorem
797 1956 857 1994 ac
910 1939 1238 2009 principium
1276 1939 1473 1992 habeat
1521 1936 1621 2007 (4),
1658 1936 1803 1989 velut
1832 1919 1877 1977 Β
1908 1938 2047 1989 nacti
2086 1946 2237 1991 sunt.

206 2049 363 2102 aqua:
406 2034 573 2087 fontis
624 2031 883 2095 oculum;
926 2032 1097 2084 instar
1125 2044 1254 2083 vero
1278 2028 1445 2090 fluvii,
1499 2043 1593 2097 per
1626 2037 1800 2081 scatu-

204 2129 438 2196 riginent
469 2126 757 2192 (rationem
777 2123 988 2177 scilicet
1014 2120 1389 2189 Verbumque)
1428 2122 1691 2188 prolluat;
1724 2119 1799 2171 ttti

206 2221 476 2272 tationem
538 2216 882 2285 Vcrbumqne
934 2214 1001 2267 ad
1051 2213 1220 2283 prolis
1258 2214 1495 2266 nativam
1545 2226 1668 2265 cum
1722 2210 1802 2277 gi-

206 2322 407 2380 gnente
462 2310 609 2361 omni
672 2309 937 2375 majorem
1011 2306 1259 2358 essentia
1338 2302 1800 2357 necessitudinem

209 2401 468 2468 exemplo
516 2400 925 2465 declarandam,
977 2398 1058 2453 sic
1092 2401 1158 2452 ad
1198 2397 1395 2450 divinae
1431 2392 1802 2463 processionis

215 2495 486 2561 aequalem
530 2508 654 2547 cum
692 2502 873 2545 mente
921 2492 1253 2560 producente
1281 2488 1387 2541 sub
1422 2487 1652 2555 imagine
1678 2485 1802 2538 red-

208 2586 441 2639 dendam
500 2584 826 2653 dignitatem
867 2581 1278 2636 considerasse.
1323 2576 1555 2629 Tantam
1598 2574 1806 2628 scilicet

208 2693 441 2745 magnus
480 2678 569 2730 hic
632 2676 929 2744 ditinaquc
971 2672 1229 2742 praeclare
1282 2666 1544 2737 sapientia
1593 2664 1803 2731 fulgens

208 2770 426 2823 animus
471 2766 957 2836 contemplationis
988 2766 1036 2817 vi
1082 2778 1145 2817 ac
1196 2761 1433 2816 actionis
1465 2754 1802 2810 conscende-

208 2871 291 2916 iat
356 2860 685 2930 speculam;
743 2858 956 2927 ipsique
1032 2853 1392 2911 divinis-simae
1457 2865 1519 2902 ac
1575 2844 1801 2917 principi

207 2955 398 3020 urenti,
467 2952 670 3006 rationi
726 2967 821 3006 seu
880 2948 1081 3016 Verbo,
1126 2962 1188 3001 ac
1225 2944 1476 3014 Spiritui,
1525 2956 1620 3010 per
1654 2957 1804 2992 nien-

206 3058 310 3101 tetn
346 3048 399 3099 in
438 3048 559 3115 ipso
607 3044 982 3106 exsisteutem,
1017 3040 1356 3107 verbumque
1389 3051 1483 3089 seu
1511 3033 1801 3093 tationem,

208 3156 267 3193 ac
324 3140 585 3207 spiritum
645 3148 1015 3189 consuescens
1065 3144 1420 3199 versarisque,
1464 3125 1803 3179 intemeratis

1975 2026 2447 2091 Quemadmodum
2481 2034 2661 2080 autem
2698 2025 2874 2080 tribus
2902 2024 3112 2079 facibus
3143 2024 3257 2093 pari
3285 2024 3486 2077 uticatu

1905 2119 1958 2171 in
1991 2119 2151 2171 domo
2192 2120 2458 2182 arceusis,
2507 2135 2614 2172 ttna
2647 2120 2868 2187 quidem
2920 2119 3085 2170 trium
3141 2117 3489 2185 conspicitur

1906 2211 2019 2275 lux,
2079 2212 2150 2264 ita
2205 2221 2388 2264 tamen
2431 2220 2491 2264 ut
2533 2213 2613 2264 sic
2657 2210 2950 2265 uniformis
2986 2210 3357 2279 subjectarunt
3406 2211 3488 2263 fa-

1903 2303 2047 2357 cium
2111 2305 2245 2357 nihil
2312 2304 2726 2359 distinctionem
2797 2305 3133 2367 confundat,
3195 2319 3320 2357 cum
3376 2304 3491 2359 suis

1904 2396 2159 2465 quodque
2185 2398 2420 2465 propriis
2450 2398 2592 2451 notis
2616 2414 2645 2451 a
2669 2398 2912 2466 compari
2941 2398 3158 2451 diﬂerat
3201 2412 3264 2450 ac
3309 2412 3491 2450 secer-

1906 2498 2115 2541 natur:
2150 2489 2250 2549 sic,
2301 2505 2426 2543 cum
2487 2505 2591 2543 una
2640 2492 2900 2555 essentia,
2956 2491 3134 2551 idest,
3188 2491 3386 2553 deitas,
3434 2490 3487 2543 itt

1907 2575 2071 2633 Patre
2100 2588 2152 2633 et
2189 2578 2329 2634 Filio
2357 2593 2409 2635 et
2447 2582 2650 2650 Spiritu
2685 2592 2876 2636 sancto
2907 2584 3311 2644 consideretur,
3346 2598 3491 2651 qum-

1906 2670 2029 2723 dam
2082 2671 2329 2738 singulos
2392 2683 2805 2741 consequuntur
2838 2676 3195 2742 proprietates
3241 2672 3494 2726 immobi-

1908 2763 2007 2826 les,
2047 2765 2251 2832 quibus
2297 2782 2658 2836 personarum
2697 2767 2841 2823 trina
2876 2768 3163 2821 distinctio
3194 2766 3493 2820 inconfuse

1906 2860 2182 2913 consistit.

1976 2951 2235 3016 Quantam
2264 2952 2428 3022 igitur
2466 2960 2596 3006 sunt
2635 2952 3036 3021 proprietates?
3079 2950 3304 3021 Nempe,
3342 2953 3492 3021 inge-

1907 3045 2105 3109 nitum,
2146 3045 2425 3111 natirilas,
2461 3062 2523 3099 ac
2577 3047 2882 3115 processio.
2919 3045 3053 3099 Esse
3087 3047 3234 3100 enim
3272 3047 3489 3101 Patrem

1905 3139 2124 3207 quidem
2159 3139 2489 3208 ingenitum,
2533 3140 2679 3209 quod
2724 3140 2857 3193 nulli
2894 3140 3106 3193 auctori
3156 3156 3221 3194 ac
3282 3141 3492 3205 princi-

208 3248 368 3301 supra
411 3229 643 3283 modum
681 3226 871 3280 aﬂusis
906 3224 1076 3279 radiis
1132 3223 1488 3291 replebatur;
1533 3221 1798 3272 sacratio.-

1908 3231 1996 3297 pio
2047 3231 2409 3297 subjiciatur;
2478 3231 2770 3299 omnisque
2819 3232 3136 3300 quicunque
3187 3240 3378 3286 auctor
3428 3247 3493 3286 ac

209 3340 410 3394 resque
449 3338 545 3376 eas
570 3321 853 3375 decttinas
900 3334 963 3371 ac
987 3317 1324 3370 initiationes
1358 3311 1798 3373 nanciscebatur,

205 3435 323 3489 qua?
360 3416 600 3471 rationis
634 3415 743 3467 vim
784 3427 1002 3466 omnem
1039 3420 1383 3479 superarent.

274 3511 343 3564 At
389 3511 651 3578 quisnam
689 3503 1006 3558 sacratioris
1044 3502 1188 3555 illius
1246 3499 1509 3554 doctrinm
1567 3499 1806 3553 modus?

209 3604 437 3656 l’racstat
486 3598 655 3663 enim,
694 3609 844 3667 puto,
881 3602 937 3646 ut
991 3604 1045 3647 et
1073 3593 1241 3655 illius,
1274 3591 1457 3661 quoad
1494 3591 1650 3645 nobis
1676 3606 1806 3645 Con-

206 3709 448 3756 cessum,
512 3688 960 3750 meminerimus;
996 3693 1054 3737 ut
1087 3682 1547 3753 quemadmodum
1583 3684 1805 3751 reliqua:

207 3786 455 3847 virtutis,
519 3787 599 3836 sic
652 3789 705 3834 et
737 3779 883 3832 illius
936 3776 1134 3831 divina:
1184 3775 1586 3844 praedicationis
1644 3787 1806 3844 atque

207 3878 474 3933 doctrina:
496 3873 727 3928 formam
750 3866 1341 3932 liabeamus.Quaenam
1366 3865 1527 3935 igitur
1545 3867 1807 3920 sacratior

206 3968 459 4021 doetrina
509 3977 576 4017 ac
635 3960 907 4013 initiatio?
940 3958 1081 4012 Deus
1140 3957 1193 4010 in
1240 3956 1419 4010 tribus
1449 3957 1699 4026 personis
1728 3957 1807 4010 in-

208 4060 495 4128 telligitur.
527 4054 692 4119 Deus,
719 4053 809 4123 qui
839 4052 1099 4122 primum,
1133 4050 1422 4118 solumque
1451 4064 1515 4103 ac
1537 4065 1663 4104 vere
1714 4051 1805 4104 sit.

209 4149 440 4213 Sil,non
470 4144 997 4209 factussit;tametsi
1032 4144 1083 4196 id
1120 4142 1489 4212 postea,circa
1524 4141 1721 4196 Filium
1745 4158 1808 4197 ac

206 4260 371 4314 quant
392 4240 693 4309 assumpsit
713 4237 1125 4299 humanitatem,
1148 4234 1679 4304 obtigit.\"ivilicans,
1701 4250 1807 4287 non

207 4336 300 4405 qui
323 4333 662 4395 ritiricetur;
683 4331 1018 4389 illuminans,
1060 4343 1164 4379 non
1184 4327 1273 4395 qui
1295 4326 1627 4380 illuminetur
1651 4342 1667 4392 ;
1687 4342 1813 4379 san-

208 4428 395 4480 ctitate
411 4424 688 4479 imbuens.
711 4438 816 4475 non
837 4421 927 4490 qui
949 4419 1224 4473 imbUatur
1246 4436 1260 4483 ;
1283 4417 1532 4487 principii
1578 4418 1811 4485 finisque

209 4532 431 4586 expers,
491 4524 751 4579 aeternus,
804 4513 1064 4576 essentia,
1103 4512 1235 4576 vita,
1286 4510 1489 4564 deitate
1523 4509 1808 4579 superior;

1904 3322 2230 3389 principium
2271 3323 2626 3392 intelligatur,
2666 3324 2748 3375 vel
2774 3323 3008 3386 dicatur,
3042 3335 3231 3377 auctor
3254 3324 3488 3378 exsistat

1907 3413 2130 3465 omnino
2190 3414 2421 3481 primus,
2476 3430 2816 3483 prorsusque
2867 3415 3170 3483 orig‘nalis.
3231 3415 3488 3469 Genitunt

1906 3519 2033 3555 vero
2070 3504 2292 3566 Filium,
2330 3517 2591 3576 tanquam
2634 3506 2872 3561 Verbum
2924 3519 3087 3576 atque
3140 3510 3488 3575 Sermonem,

1911 3609 1977 3647 ex
2012 3593 2171 3649 Patre
2188 3606 2367 3649 mente
2391 3608 2600 3651 natum.
2630 3598 2977 3653 Processisse
3008 3609 3188 3652 autem
3224 3598 3487 3668 Spiritum

1908 3696 2182 3754 sanctum,
2217 3703 2313 3742 ceu
2347 3703 2539 3742 verum
2568 3690 2822 3744 essentiaa
2862 3700 3101 3758 paterna:
3154 3692 3479 3747 delluvium.

1907 3778 2042 3835 Esse
2070 3789 2253 3833 autem
2285 3781 2428 3835 sicut
2460 3780 2657 3835 Filium
2689 3794 2927 3851 paterna:
2976 3782 3167 3839 formae
3218 3801 3281 3839 ac
3325 3786 3489 3839 clari-

1911 3875 2060 3937 tatis,
2084 3873 2163 3926 sic
2194 3872 2352 3939 plane
2386 3874 2548 3928 etiam
2598 3876 2862 3944 Spiritum
2897 3875 3018 3929 Filii
3055 3877 3375 3931 invariabile
3414 3878 3489 3931 si-

1912 3967 2215 4019 tnulacrum
2241 3967 2341 4034 (5).
2380 3966 2511 4020 Nam
2543 3969 3004 4036 quemadmodum
3036 3985 3212 4033 mens,
3248 3972 3365 4037 ejus
3396 3971 3489 4039 qui

1912 4054 1966 4107 in
2013 4053 2172 4107 nobis
2220 4055 2473 4108 internus
2525 4071 2707 4111 sermo
2754 4068 2856 4117 est,
2908 4058 3056 4111 velut
3102 4058 3224 4113 fons
3254 4062 3489 4128 exsistit,

1910 4146 2213 4215 eademque
2246 4149 2359 4216 ipsa
2387 4148 2551 4201 etiam
2586 4150 2856 4203 sermonis
2907 4150 2999 4218 qui
3036 4166 3132 4206 ore
3189 4154 3490 4221 profertur,

1912 4252 1974 4290 ac
2015 4252 2239 4291 sensum
2282 4238 2473 4306 tangit,
2503 4248 2695 4291 auctor
2745 4249 2864 4304 est;
2920 4255 3106 4293 rerum
3162 4234 3488 4313 conceptum

1912 4329 2152 4397 quidem,
2190 4330 2336 4383 velut
2388 4332 2472 4383 sui
2513 4331 2695 4384 vivum
2748 4332 3102 4387 simulacrum
3147 4337 3374 4405 mystice
3427 4352 3493 4393 ac

1913 4429 2125 4474 secreto
2153 4421 2358 4490 gignit;
2392 4436 2690 4493 conceptus
2722 4440 2848 4479 vero
2888 4442 3080 4480 rursus
3109 4430 3489 4497 simulacrum,

1915 4526 2221 4565 sermonem
2254 4514 2483 4577 scilicet,
2538 4515 2748 4583 profert
2808 4532 2871 4570 ac
2911 4518 3023 4571 edit
3057 4536 3069 4569 :
3106 4519 3177 4571 ita
3211 4536 3365 4575 meus
3402 4524 3490 4576 illa

211 4610 395 4663 omnis
458 4608 712 4662 essentia:
756 4605 1031 4668 conditor,
1082 4603 1264 4658 omnis
1314 4603 1568 4673 potentiae
1616 4602 1802 4668 robur,
1837 4598 2058 4658 Domni
2089 4604 2265 4673 major
2315 4606 2579 4675 cogitatu,
2626 4610 2930 4677 primaque,
2973 4619 3239 4678 quantum
3279 4628 3343 4665 ex
3403 4629 3492 4668 re-

208 4701 391 4755 omnis
416 4710 577 4753 actus
621 4697 945 4765 amatusque
970 4694 1226 4759 ell‘eclor;
1257 4695 1526 4758 omnium,
1551 4694 1804 4749 universe

210 4792 509 4860 loquendo,
544 4805 738 4844 eorum
761 4803 883 4858 qua:
915 4795 1064 4851 sunt,
1093 4786 1509 4849 intellectilium,
1535 4786 1798 4840 utentium

209 4888 450 4949 ratione,
486 4882 766 4936 sensilium
811 4895 1007 4934 causas
1044 4877 1397 4933 uniformiter
1434 4894 1498 4932 ac
1558 4879 1799 4948 comple-

210 4976 376 5028 xione
410 4975 467 5027 in
503 4974 688 5041 seipse
711 4970 1056 5041 pracbabens.

280 5063 577 5132 Nullisque
608 5063 788 5115 adhuc
810 5061 975 5115 rebus
1003 5061 1056 5114 itt
1089 5070 1344 5115 naturam
1392 5062 1679 5130 productis
1708 5070 1796 5115 at-

213 5171 318 5225 que
367 5154 555 5217 editis,
615 5163 735 5207 erat
792 5152 884 5204 lux
926 5166 1049 5204 vera
1101 5165 1164 5203 ac
1215 5150 1414 5219 prima,
1451 5151 1611 5205 Pater
1638 5151 1797 5205 lumi-

217 5262 343 5298 num
380 5244 449 5309 ³⁸,
480 5258 546 5298 ex
573 5258 682 5313 quo
707 5252 831 5295 ante
850 5242 1051 5296 smcula
1084 5238 1254 5294 Filius
1271 5256 1333 5295 ac
1365 5239 1602 5295 Verbum
1628 5242 1797 5310 prima

218 5340 470 5393 similiter
502 5352 739 5406 veraque
779 5338 869 5389 lux
907 5334 1107 5389 eximie
1157 5334 1413 5404 ell'ulgct;
1454 5335 1798 5404 incorporea,

303 5535 350 5567 "
385 5533 535 5590 Psal.
567 5548 803 5594 Lxxxttt,
834 5530 887 5586 6.
965 5531 1011 5563 ⁸⁷
1045 5528 1181 5584 Gen.
1211 5543 1402 5582 xxvm.
1446 5529 1529 5581 15.

287 5749 534 5816 (ὃῖηϐι-εε.
570 5755 715 5799 orat.
748 5746 835 5806 13,
871 5760 924 5814 p.
965 5743 1090 5796 2H.

286 5820 359 5887 tt)
386 5820 539 5872 Urat.
580 5817 671 5875 57.
708 5833 739 5884 ρ
773 5817 867 5868 till

286 5882 359 5959 (:3)
388 5888 463 5945 lta
494 5887 607 5944 fere
646 5882 844 5951 Graeci,
874 5900 979 5941 non
1005 5883 1162 5939 facile
1193 5882 1394 5946 Latini,
1431 5887 1633 5953 quibus
1670 5882 1797 5953 Spi-

1681 5526 1727 5559 ⁸⁸
1761 5526 1877 5583 Jac.
1920 5545 1956 5592 ι,
1994 5529 2080 5583 l7.

1913 4695 2015 4749 bus
2045 4694 2260 4764 exiguis
2293 4694 2429 4749 licet'
2456 4712 2577 4765 qua:
2611 4708 2739 4751 sunt
2766 4701 3001 4753 maxima
3048 4701 3345 4771 conjicere,
3373 4707 3491 4758 vel-

1910 4794 1969 4837 ut
2006 4784 2172 4837 alium
2211 4800 2291 4849 se,
2345 4787 2617 4853 innatum,
2652 4803 2715 4842 ac
2759 4791 3179 4846 substantialem
3214 4804 3341 4849 ante
3391 4813 3491 4850 sae-

1913 4876 2097 4929 culum
2139 4876 2484 4943 Sermonem,
2514 4895 2609 4933 seu
2647 4878 2913 4948 Verbum,
2957 4885 3170 4953 gignit;
3234 4887 3493 4958 velutque

1909 4964 2229 5020 Sermonem
2260 4967 2465 5034 alium,
2522 4984 2617 5023 seu
2674 4971 2911 5026 Verbum
2984 4989 3178 5030 rursus
3228 4974 3490 5047 Spiritum

1910 5053 2190 5123 (Verbum
2253 5056 2459 5111 scilicet
2518 5062 2731 5115 virtutis
2782 5077 2896 5116 suae
2926 5063 3013 5134 “)
3071 5065 3355 5133 proferens
3427 5086 3493 5127 ac

1906 5150 2094 5212 edens,
2120 5147 2171 5200 in
2199 5162 2264 5200 eo
2293 5159 2599 5204 creaturam
2633 5154 2940 5207 universam
2989 5156 3241 5212 absolvit.

1980 5239 2220 5294 Trinitas
2255 5242 2418 5309 igitur
2444 5243 2495 5296 in
2526 5244 2781 5311 Uuitate;
2818 5257 2983 5316 atque
3020 5246 3282 5305 Unilasin
3311 5252 3492 5307 Trini-

1910 5342 2041 5398 tate,
2080 5334 2390 5389 declaratur
2425 5336 2478 5390 id
2512 5339 2656 5406 quod
2688 5339 2923 5394 colimus
2956 5358 2969 5395 :
3009 5339 3272 5409 Trinitas,
3304 5358 3491 5412 perso-

2158 5531 2203 5562 ⁸³
2235 5528 2429 5584 Matth.
2458 5547 2531 5598 χι,
2561 5532 2651 5584 9.7.
2764 5533 2808 5565 ⁶⁰
2837 5534 3048 5599 Hebm,
3079 5536 3132 5589 '5.

1912 5747 2049 5819 ritus
2073 5747 2119 5798 vi
2154 5747 2403 5819 originis
2429 5748 2731 5806 formaliter
2773 5765 2883 5805 non
2919 5750 2989 5807 sit
3023 5751 3242 5819 similis,
3272 5750 3373 5807 etsi
3402 5764 3491 5807 rc-

1914 5817 2030 5886 ipsa
2059 5829 2160 5885 est,
2198 5822 2273 5873 uti
2307 5830 2358 5874 et
2388 5817 2551 5875 Dens.
