4186 6434
779 444 875 508 4.31

1984 438 2275 501 ΝῘΕΕΤᾹΞ
2302 440 2830 503 PAPHLAGONIS

3944 446 4051 507 452

787 558 896 617 nis,
951 563 1115 624 atque
1170 551 1389 617 lluitas,
1455 550 1730 617 essentia";
1798 550 2181 616 immutabilis,
2246 556 2360 621 pa.i
2393 554 2877 625 Adefungeretur,
2915 563 3170 611 naturam
3198 556 3418 612 interitu
3453 566 3723 613 mortuam
3749 561 4036 625 ext-itaret,

785 647 1040 702 sublimis
1069 648 1295 707 honore,
1318 645 1638 698 intemerata
1674 655 1905 705 natura;
1931 644 2119 697 eadem
2148 644 2365 713 pra-ful-

786 755 920 809 gens
945 739 1212 799 claritate,
1241 737 1429 789 eodem
1484 736 1686 788 throno
1734 736 1929 789 sedens
1977 754 1989 788 :
2033 752 2137 789 una
2173 736 2366 789 volun-

786 842 887 895 tas,
922 846 1029 885 una
1065 830 1328 897 operatio,
1360 828 1547 881 eadem
1577 828 1790 893 virtus;
1823 836 2087 896 potestas,
2120 827 2364 881 domina-

786 925 883 985 tio,
920 937 1146 989 regnum
1187 936 1292 973 non
1324 920 1583 972 divisum.
1639 918 1796 972 Nullo
1838 919 1983 971 enim
2041 921 2201 972 modo
2245 936 2365 989 quze

784 1023 996 1066 suntex
1034 1013 1150 1080 ipsa
1201 1011 1425 1079 (mente)
1484 1011 1553 1063 ah
1628 1011 1741 1079 ipsa
1790 1010 2070 1073 differunt;
2130 1026 2363 1078 quorum

784 1104 936 1157 alteri
956 1103 1196 1172 quidem,
1220 1114 1276 1155 ut
1299 1103 1571 1171 gignatur,
1600 1103 1776 1165 alteri,
1800 1113 1855 1154 ut
1873 1102 2121 1170 procedat
2150 1113 2362 1167 auctor,

784 1196 1022 1249 exsistit.

857 1288 947 1341 Sic
999 1288 1216 1356 quidem
1263 1287 1429 1355 igitur
1492 1296 1738 1349 sanctus,
1800 1284 1997 1338 Sancta
2052 1296 2360 1340 sanctorum

780 1379 1047 1433 secretius
1078 1380 1295 1438 doetus,
1345 1388 1608 1447 quantum
1664 1379 1809 1431 lirevi
1854 1392 2103 1431 sermone
2162 1394 2359 1448 reprze-

783 1484 1003 1526 svntare
1075 1473 1219 1531 licet,
1304 1473 1589 1540 defixaque
1645 1474 1770 1523 huic
1828 1472 2110 1539 tlieologia‘
2168 1473 2363 1525 mentis

782 1567 917 1630 acie,
968 1574 1087 1632 post
1128 1580 1244 1617 eam
1302 1564 1512 1625 ordine,
1560 1579 1681 1632 qua:
1732 1564 1893 1616 etiam
1936 1564 1998 1616 ad
2028 1572 2205 1617 eteata
2239 1580 2362 1633 spe-

780 1665 950 1719 etattl,
1007 1655 1224 1709 divinas
1272 1654 1689 1723 pratdicationes
1748 1654 1971 1720 aptavit.
2033 1652 2184 1707 llautl
2231 1669 2359 1707 vero

777 1750 873 1799 abs
938 1764 992 1799 re
1024 1746 1275 1807 forsitan,
1331 1756 1387 1798 ut
1423 1755 1476 1798 et
1512 1745 1701 1796 horum
1737 1745 1945 1811 paucis,
1982 1762 2045 1798 ex
2096 1746 2267 1799 sacris
2293 1746 2361 1798 il-

779 1842 885 1894 lius
938 1839 1197 1907 eloquiis,
1236 1840 1673 1891 meminerimus.
1713 1837 1921 1904 Duplici
1952 1838 2095 1889 enini
2135 1839 2356 1903 mundo,

778 1950 839 1986 ea
876 1949 997 2000 qua:
1032 1942 1180 1991 sunt.
1232 1946 1444 1983 summa
1477 1930 1737 1998 colligens
1766 1930 1864 1997 (Gl,
1914 1940 2077 1999 atque
2129 1930 2356 1983 alterum

778 2024 998 2093 quidem
1042 2023 1311 2092 ejusmodi
1350 2032 1410 2075 ιιι
1449 2034 1631 2074 mente
1660 2023 2011 2091 intelligatur.
2049 2025 2276 2077 alterum
2305 2033 2362 2075 ιιι

778 2131 943 2170 sensu
982 2116 1183 2185 percipi
1219 2115 1428 2185 possit;
1465 2116 1699 2183 primum
1729 2116 1984 2179 alterum,
2022 2116 2235 2184 Deoque
2271 2115 2357 2167 fa-

778 2208 1079 2269 miliarem,
1140 2216 1309 2275 atque
1353 2207 1687 2276 intelligendi
1720 2206 1767 2259 vi
1803 2206 2121 2276 pra-ditium;
2163 2223 2363 2261 secun-

775 2300 904 2352 dum
958 2300 1214 2358 alterum.
1251 2307 1684 2366 extraneumque
1722 2313 1748 2349 a
1782 2300 2001 2359 tleitate,
2035 2314 2098 2352 ac
2132 2298 2358 2351 materia

775 2399 1117 2453 concretum,
1146 2390 1455 2459 intelligens
1482 2408 1495 2454 ;
1534 2394 1802 2443 utrumvis
1826 2390 1892 2443 ab
1920 2392 2089 2444 altero
2144 2390 2360 2460 sapien-

779 2481 984 2533 tissima
1018 2482 1227 2534 ratione
1290 2496 1352 2535 ac
1389 2497 1553 2533 Sensu
1594 2481 1879 2535 discernit.

849 2570 1063 2624 Etenim
1130 2572 1366 2625 alterum
1431 2573 1652 2639 quidem
1728 2573 2053 2642 Spiritalem,
2106 2574 2360 2643 velutque

774 2663 1015 2717 essentia
1063 2664 1281 2733 igneum
1343 2680 1404 2717 ac
1440 2663 1759 2717 deiformem
1806 2665 2099 2735 (angelicas
2154 2666 2362 2721 scilicet

778 2764 1024 2818 naturas,
1044 2771 1107 2809 ac
1132 2772 1161 2809 a
1192 2770 1421 2824 corpore
1446 2756 1773 2825 absolutas),
1806 2758 2036 2811 alterum
2072 2774 2201 2812 vero
2229 2774 2356 2813 cor-

783 2863 1007 2916 poreum
1056 2858 1167 2899 tum
1201 2863 1340 2911 esse,
1381 2856 1491 2901 tum
1527 2848 1628 2900 sibi
1661 2848 1837 2916 ipsum
1864 2860 2206 2918 compactum
2233 2866 2359 2919 par-

778 2939 1033 3005 tibusque
1056 2954 1405 3004 connexum;
1448 2940 1543 3007 qtti
1576 2956 1767 3008 nempe
1808 2954 1873 2994 ex
1920 2943 2237 2997 continente
2269 2958 2359 2997 re-

777 3046 900 3083 rum
980 3030 1123 3084 hanc
1182 3032 1621 3095 universitatem,
1677 3048 1739 3086 ac
1793 3034 2076 3089 elementis
2127 3045 2363 3104 quatuor

771 3130 1002 3174 constet.
1037 3120 1116 3175 A'd
1148 3123 1374 3191 majoris
1401 3132 1581 3176 autem
1652 3125 1931 3193 sapientiae
1973 3128 2269 3195 specimen,
2295 3143 2358 3181 ex

2470 658 2632 715 atque
2664 649 2728 701 ad
2768 650 3093 703 diviniorem
3131 649 3296 702 vitam
3325 650 3661 704 transferret.

2540 738 2821 807 Ejusmodi
2890 749 3048 793 erant
3112 756 3232 809 qum
3308 741 3616 812 Theologns
3674 743 3939 796 hactenus
3988 744 4044 797 in

2468 831 2641 884 Ponto
2699 831 2899 899 degens
2934 871 2949 894 ,
3008 832 3511 900 philosopliahatur.
3563 831 3685 885 llam
3732 834 3877 901 prius
3932 834 4048 887 illic

2467 935 2648 977 mente
2726 924 3056 992 speculando
3140 925 3545 990 contemplatus
3627 933 3751 987 est;
3819 934 4045 991 tumque

2468 1028 2658 1083 anIea
2715 1030 2970 1068 sermone
3038 1029 3140 1083 pro
3190 1013 3448 1083 Theologi
3504 1014 3747 1081 partibus
3796 1015 4039 1067 dictavit.

2465 1107 2642 1174 Atque
2698 1108 2784 1160 hic
2832 1107 2950 1175 ejus
3003 1106 3335 1169 Solitudinis,
3392 1120 3497 1173 qua
3554 1120 3795 1158 eremum
3849 1108 4042 1167 co'uit,

2468 1197 2678 1250 fructus
2709 1210 2809 1257 est,
2837 1208 3101 1265 quantum
3160 1198 3292 1249 mihi
3338 1196 3589 1264 equidem
3638 1210 3722 1249 res
3777 1196 3917 1263 ejus,
3975 1210 4042 1246 ex

2469 1288 2755 1356 ipsiusiuet
2790 1289 3030 1355 scriptis,
3069 1286 3259 1339 saltezu
3315 1287 3525 1339 modice
3564 1285 3751 1338 datum
3803 1294 3885 1338 est
3915 1302 4044 1352 pro-

2465 1380 2641 1448 sequi.

2536 1469 2728 1524 Totam
2759 1470 2920 1538 igitur
2950 1479 3183 1524 veterem
3217 1477 3497 1534 totamque
3541 1482 3758 1531 novam,
3784 1482 3889 1535 qua
3917 1466 4041 1519 nul-

2465 1563 2552 1617 lus
2584 1566 2881 1634 sagacitate
2912 1572 3025 1617 tum
3063 1563 3459 1631 antiquiorum,
3490 1570 3604 1615 tum
3632 1575 3771 1629 quos
3804 1576 4045 1629 sequens

2464 1656 2855 1727 protulittetas,
2888 1654 3225 1723 Scripturam
3259 1654 3595 1718 meditatus;
3630 1652 3909 1721 divinique
3946 1667 4048 1705 cu-

2460 1748 2661 1817 jusque
2692 1748 2837 1802 verhi
2879 1762 2943 1801 ae
2970 1747 3117 1799 vocis
3146 1755 3454 1799 accuratam
3487 1744 3754 1806 notitiam,
3782 1744 4047 1811 primam-

2464 1857 2570 1911 que
2588 1840 2831 1895 veritatis
2854 1839 3266 1909 intelligentiam
3286 1838 3473 1891 divino
3491 1834 3695 1905 Spiritu
3713 1842 4048 1903 pneceptorc

2465 1934 2736 1987 sacratius
2775 1930 3029 1996 edoctus;
3062 1946 3125 1985 ac
3142 1945 3263 1984 cum
3300 1930 3370 1981 ita
3409 1928 3499 1982 Dei
3521 1926 3829 1998 paradisum
3859 1925 4045 1979 fructu

2462 2027 2609 2078 onmi
2628 2025 2960 2087 dulcissimo,
2978 2024 3229 2092 bonoque
3254 2021 3650 2091 omnicogitatu
3676 2036 3741 2076 ac
3767 2019 4043 2073 intellectu

2463 2115 2791 2178 confertum,
2824 2132 2983 2169 suum
3012 2115 3127 2184 ipse
3156 2115 3399 2167 animum
3429 2112 3777 2175 reddidisset,
3813 2110 4047 2164 reverti-

2466 2220 2593 2275 tur;
2631 2210 2869 2278 primum
2905 2209 3123 2277 quidem
3182 2207 3355 2260 sacris
3400 2204 3739 2273 parentibus,
3796 2203 3888 2271 qui
3920 2201 4048 2269 ejus

2468 2302 2707 2355 maxime
2762 2314 2887 2354 cum
2938 2297 3189 2367 spiritali,
3224 2304 3337 2349 lum
3366 2295 3634 2364 corporali
3683 2308 3783 2362 0pc
3829 2293 4048 2360 indige-

2463 2400 2605 2453 rent,
2636 2400 2863 2459 tumque
2887 2391 3051 2443 etiam
3105 2389 3363 2440 omnibus
3394 2388 3592 2455 quibus
3649 2394 3795 2440 esset
3854 2385 4049 2437 animo

2465 2482 2820 2535 constitutum
2866 2489 2925 2533 ut
2979 2480 3239 2548 pietatem
3301 2476 3561 2539 colerent,
3601 2477 3652 2529 itt
3690 2489 4047 2530 communem

2464 2588 2522 2627 se
2558 2573 2843 2625 utilitatem
2864 2612 2878 2632 ,
2918 2572 3093 2639 iisque
3124 2570 3409 2631 utendum,
3437 2583 3735 2653 exponens.

2537 2665 2612 2717 Ae
2651 2665 2793 2716 sicut
2826 2661 3041 2721 Petrus.
3092 2659 3292 2714 Christi
3341 2660 3734 2727 discipulorum
3770 2666 4045 2726 przestano

2463 2757 2690 2811 tissima:
2721 2755 2975 2824 primitiae
3033 2768 3097 2807 ac
3130 2753 3349 2807 coronis
3382 2769 3395 2805 :
3438 2762 3602 2820 atque
3634 2751 3887 2803 universe
3919 2748 4046 2802 dei-

2464 2848 2653 2901 formis
2708 2847 2885 2899 omnis
2944 2845 3329 2915 apostolorum
3382 2844 3623 2905 chorus,
3655 2848 3764 2893 tota
3802 2839 4049 2909 primum

2464 2936 2777 2990 sinceritate
2878 2934 3281 2988 divinissimnm
3360 2945 3682 2999 summeque
3742 2928 4052 2998 principem

2461 3029 2646 3084 Jesum
2701 3029 2987 3089 assectati,
3023 3026 3255 3095 fideique
3289 3026 3553 3079 doctrina:
3606 3032 3870 3077 navantes
3905 3036 4053 3090 ope-

2463 3136 2602 3181 ram,
2635 3120 2778 3173 omtti
2815 3120 3034 3188 quidem
3073 3117 3240 3171 animi
3297 3116 3512 3170 macula
3568 3114 4051 3182 ahstergebantur,

773 3214 1172 3266 contrariorum
1208 3215 1465 3268 mistione
1520 3232 1689 3269 unum
1720 3219 1990 3285 quodi‘am
2044 3221 2239 3272 animal
2270 3236 2356 3273 ar-

2465 3212 2725 3279 omnique
2751 3210 2950 3263 divinae
2980 3209 3225 3262 scientiae
3250 3208 3374 3260 luce
3428 3206 3807 3274 rcplebautur;
3860 3200 4050 3271 perfe—

772 3306 915 3359 tilice
944 3306 1151 3359 ratione
1179 3309 1520 3375 compegissc
1546 3324 1559 3372 ;
1604 3309 1869 3375 ejusmodi
1902 3312 2128 3374 scilicet,
2158 3323 2213 3363 ut
2240 3322 2350 3364 tum

770 3410 898 3447 caro
938 3396 1189 3460 exsistat,
1226 3405 1485 3465 tanquam
1520 3415 1585 3451 ex
1640 3402 1866 3453 materia
1903 3418 1931 3455 e
1965 3412 2107 3456 terra
2145 3403 2352 3457 forma-

770 3495 884 3538 tum
913 3504 925 3549 ;
953 3500 1176 3554 tumque
1209 3487 1458 3555 spiritus,
1511 3498 1767 3557 tauquam
1828 3491 2143 3556 insulllatio,
2192 3502 2354 3562 atque

772 3579 893 3646 ejus
946 3579 1249 3631 similitudo
1286 3580 1375 3648 qui
1434 3580 1505 3631 illi
1555 3580 1867 3635 insufﬂavit.
1925 3584 2117 3645 Porro,
2181 3594 2350 3639 totum

770 3680 1086 3723 concretum
1132 3673 1255 3731 hoc,
1310 3672 1588 3725 hominem
1647 3675 1941 3742 exstitisse,
1984 3679 2203 3745 mentis.
2231 3694 2352 3731 sen-

770 3775 973 3827 siisque
1015 3771 1357 3827 compotem;
1405 3772 1462 3815 ut
1488 3778 1651 3815 sensu
1701 3764 1945 3832 quidem,
1981 3765 2047 3820 iis
2083 3784 2203 3834 qu:e
2227 3784 2353 3821 seu-

770 3853 891 3904 silia
916 3860 1043 3905 sunt
1070 3890 1085 3913 ,
1130 3863 1311 3906 mente
1352 3868 1501 3917 vero,
1555 3855 1638 3908 his
1670 3869 1790 3923 quae.
1851 3857 2184 3912 intellectilia
2233 3870 2353 3913 tau-

770 3959 936 4013 quam
972 3933 1335 3998 familiaribus
1373 3956 1784 3999 consuesceret.

840 4033 1014 4097 lluttc,
1060 4036 1308 4089 utsacris
1334 4036 1602 4104 proditum
1633 4036 1852 4092 Litteris
1874 4049 1977 4105 est,
2010 4041 2061 4094 in
2097 4043 2352 4111 paradiso

770 4126 1095 4179 collocatum
1161 4142 1285 4180 esse
1342 4127 1729 4182 immortalium
1778 4132 2109 4199 plantarum,
2148 4136 2198 4188 id
2245 4145 2349 4201 est,

769 4219 1079 4271 divinorum
1163 4234 1447 4273 sensorum
1544 4232 1901 4290 spectatorem
1956 4242 1969 4278 :
2030 4228 2349 4296 nequissimi

771 4321 902 4359 vero
954 4307 1225 4375 serpentis
1276 4308 1524 4363 consiliis
1569 4310 1877 4374 seductum,
1913 4329 1976 4367 ac
2008 4330 2131 4369 cum
2168 4318 2349 4371 minus

770 4398 1035 4450 hactenus
1069 4414 1365 4467 congruam
1401 4400 1712 4467 importune
1772 4405 2200 4471 speculationem
2227 4410 2349 4461 atti-

770 4490 956 4555 gisset,
980 4498 1094 4543 tum
1135 4492 1203 4544 ab
1241 4491 1359 4559 ipso
1385 4493 1689 4559 conditore,
1720 4504 1833 4548 tum
1871 4512 1899 4549 a
1933 4500 2189 4565 paradiso
2232 4518 2334 4555 vo-

771 4584 991 4651 luptatis
1021 4592 1304 4637 extorrem
1342 4586 1540 4639 merito
1564 4586 1796 4655 ejectum
1833 4605 1973 4644 esse.
2015 4591 2143 4647 Inde
2188 4595 2350 4648 vitam
2388 4580 2429 4632 D

770 4676 930 4729 nullis
957 4677 1239 4729 molestam
1270 4677 1571 4742 lahorihtts,
1592 4688 1854 4751 extraque
1883 4684 2130 4738 interitus
2153 4688 2349 4754 aleam,

768 4764 1083 4827 sudoribus,
1139 4778 1202 4817 ac
1245 4764 1554 4829 laboribus,
1603 4778 1891 4838 morteque
1955 4784 2346 4828 cmumutasse.

769 4854 897 4907 Inde
963 4868 1236 4917 sermone,
1302 4854 1441 4923 lege,
1487 4854 1787 4923 judicibus,
1856 4861 2157 4928 prophetis,
2200 4866 2350 4917 omni

765 4961 962 5014 genere
991 4945 1399 5009 beneﬁciorum,
1426 4947 1687 5016 omnique
1720 4950 2058 5017 flagellorum
2104 4954 2347 5022 periculo

767 5038 1146 5103 ferocientem,
1182 5040 1382 5108 vixque
1412 5040 1776 5105 tractabilem,
1830 5044 1963 5111 quin
1996 5044 2344 5114 desperatum

766 5129 1015 5195 omnino,
1058 5146 1122 5185 ac
1190 5131 1572 5195 insanabilem,
1606 5146 1671 5186 eo
1716 5132 2009 5197 adductus,
2069 5146 2129 5189 ut
2167 5138 2344 5205 primo

770 5222 1284 5290 indigeretauxilio,
1342 5238 1709 5292 supremoque
1737 5227 2013 5281 curandus
2079 5239 2224 5283 esset
2265 5246 2347 5284 re—

763 5316 963 5367 medio.
995 5314 1053 5367 ltt
1095 5329 1159 5367 eo
1196 5314 1326 5366 illud
1354 5317 1616 5383 positum,
1650 5325 1709 5368 ut
1744 5316 1858 5385 ipse
1890 5319 2032 5372 Deus
2080 5318 2340 5384 Verbum,

763 5404 946 5457 carnis
985 5419 1204 5473 expers,
1231 5404 1415 5457 carnis
1442 5419 1570 5473 ergo
1601 5420 1665 5457 ex
1695 5406 1949 5473 virgineis
1984 5410 2342 5476 sanguinibus

767 5512 991 5549 carnem
1047 5496 1337 5561 indueret;
1376 5495 1683 5565 animaeque
1746 5497 2064 5567 intelligenti
2126 5511 2346 5571 prOpter

766 5588 1006 5641 animam
1070 5588 1571 5653 commisceretur;
1622 5603 1687 5641 ac
1745 5605 1849 5659 qna
1892 5590 2110 5646 demum
2172 5604 2345 5650 morte

833 5734 874 5764 °‘
910 5732 927 5785 l
956 5730 1085 5786 Cor.
1121 5747 1199 5793 Ill,
1236 5731 1321 5784 l7.
1400 5731 1443 5761 ε’
1473 5730 1588 5786 Jac.
1619 5748 1656 5799 i,
1686 5735 1770 5787 l8.

830 5850 907 5918 (fr)
951 5848 1102 5903 Orat.
1137 5850 1203 5902 58
1232 5860 1284 5903 et
1324 5853 1411 5906 4‘2.

1849 5736 1894 5766 ⁸³
1926 5733 1941 5787 Ι
1971 5734 2097 5791 Cor.
2132 5753 2219 5804 xv,
2251 5740 2338 5794 59.

2468 3306 2639 3355 ctiorc
2668 3310 2848 3353 autem
2878 3311 3059 3368 postea
3082 3298 3320 3367 Spiritus
3349 3298 3580 3350 adventu
3610 3296 3876 3357 exhibito,
3901 3294 4045 3347 ulte—

2464 3395 2773 3461 rioremque
2797 3392 3103 3444 divinorum
3130 3390 3179 3441 in
3209 3404 3301 3443 eos
3330 3388 3606 3441 aﬂlatuum
3664 3386 4053 3452 donorumquc

2464 3484 2937 3553 participationem
3021 3482 3193 3543 nacti,
3258 3484 3445 3549 sicque
3510 3478 3781 3539 instructi,
3830 3475 4051 3529 cunctis

2462 3576 2818 3643 sospitatorcs
2850 3575 3104 3642 gentihns
3139 3574 3497 3627 mittebantur
3528 3590 3541 3625 :
3572 3571 3713 3625 haud
3748 3586 3907 3625 secus
3953 3570 4051 3623 hic

2461 3682 2678 3736 quoque
2738 3684 2860 3720 cum
2921 3667 3149 3719 Domino
3210 3666 3418 3735 Spiritu
3446 3665 3744 3718 “accensa
3798 3662 4048 3730 primum

2461 3764 2564 3817 fide
2598 3765 2736 3816 inter
2756 3763 3071 3818 solitudinis
3092 3763 3307 3816 silentia
3334 3770 3603 3824 versatus,
3632 3774 3697 3814 ac
3713 3773 3834 3812 cum
3856 3757 4051 3811 scien-

2463 3858 2548 3910 tiae
2574 3858 2787 3919 .cultor,
2815 3857 2977 3909 etiam
3006 3855 3454 3923 contemplationi
3484 3867 3704 3920 operam
3739 3849 4047 3920 posuisset,

2461 3963 2787 4016 omnemque
2815 3963 3042 4016 prorsus
3082 3946 3196 3999 vitii
3234 3947 3408 3998 labem
3431 3944 3677 4009 cluisset,
3707 3957 3771 3995 ac
3799 3940 4050 3993 divinam

2460 4054 2679 4092 omnem
2720 4039 3138 4091 illustrationcm
3167 4046 3495 4090 consecutus
3517 4044 3681 4096 esset,
3718 4031 4051 4101 perfectiore

2458 4132 2677 4183 demum
2717 4130 2957 4198 Spiritus
3008 4128 3213 4191 afﬂatu,
3253 4128 3333 4182 sic
3386 4127 3705 4195 operatione
3752 4122 3995 4175 donatus
4027 4159 4047 4183 ,

2459 4233 2621 4291 atque
2652 4224 2753 4286 ita,
2790 4222 2945 4290 juxta
2983 4220 3165 4273 divum
3202 4218 3489 4281 Jacobum,
3515 4231 3769 4271 sermone
3796 4213 4049 4267 veritatis

2461 4316 2698 4383 genitus,
2734 4316 2848 4384 ipse
2880 4328 3096 4383 quoque
3132 4314 3351 4365 illorum
3400 4326 3551 4364 more
3605 4308 3855 4378 primitia:
3885 4321 4051 4374 que-

2457 4410 2582 4462 dam
2624 4419 2999 4462 creaturarum
3039 4407 3156 4469 Dei,
3198 4407 3399 4459 missus
3425 4405 3593 4457 est".

2537 4500 2640 4565 Qui
2697 4501 2904 4567 primus
2949 4500 3113 4551 homo
3143 4497 3398 4551 conditus
3433 4505 3514 4548 est
3540 4536 3555 4559 ,
3597 4492 3689 4546 Dei
3728 4491 3995 4558 imaginis
4025 4532 4043 4556 ,

2459 4600 2622 4660 atque
2657 4591 2893 4643 dextera:
2923 4590 3176 4658 gloriam,
3211 4603 3274 4641 ac
3302 4586 3538 4655 paradisi
3568 4590 3898 4638 consecutos
3937 4585 4049 4635 de-

2459 4686 2634 4749 licias,
2656 4686 2800 4754 quod
2825 4700 2919 4752 per
2947 4685 3129 4738 carnis
3153 4682 3452 4743 libidinem,
3484 4679 3611 4739 vita,
3638 4692 3759 4747 qua:
3792 4677 3844 4728 iii
3870 4676 4045 4742 Spiri-

2461 4788 2515 4832 tu
2557 4788 2659 4840 θ›ι,
2692 4778 2975 4839 exciderit,
3007 4760 3243 4829 carnalis
3271 4784 3423 4827 ortus
3470 4786 3675 4839 auspex
3732 4779 4049 4837 auctorque

2459 4870 2774 4924 hominibus
2793 4870 3001 4923 exstitit
3029 4886 3043 4932 ;
3076 4869 3299 4935 vitaque
3357 4864 3601 4933 angelica
3652 4878 3717 4916 ac
3755 4860 3890 4913 nulli
3941 4861 4050 4913 oh-

2458 4960 2619 5013 noxia
2654 4960 2896 5013 interitui
2945 4974 3040 5027 per
3092 4956 3403 5011 socordiam
3442 4954 3645 5007 amissa
3704 4961 3864 5020 atque
3902 4964 4048 5016 pro—

2453 5052 2618 5121 jecta,
2679 5052 2799 5119 ejus
2845 5066 2967 5120 qua:
3017 5050 3302 5104 afl'ectihus
3364 5048 3670 5116 mortisque
3732 5043 4047 5097 interitioni

2456 5144 2670 5197 addicta
2706 5155 2809 5204 est,
2852 5159 3048 5211 parens
3088 5142 3338 5196 inaudiit.
3397 5141 3468 5194 At
3514 5138 3832 5208 Gregorius,
3872 5137 4045 5204 primi

2454 5236 2678 5305 quidem
2722 5244 2886 5304 atque
2936 5236 3136 5290 terreni
3198 5236 3349 5304 prius
3382 5243 3602 5305 gestans
3655 5231 3951 5299 imaginem
3995 5232 4049 5263 “

2455 5330 2681 5395 (etenim
2708 5331 2872 5383 homo
2897 5332 3057 5398 erat),
3091 5342 3315 5398 tumque
3344 5343 3409 5382 eo
3438 5327 3711 5387 abdicato,
3731 5324 4043 5379 secundum

2452 5432 2642 5491 postea
2682 5431 2844 5491 atque
2864 5423 3139 5476 cmlestem
3170 5422 3437 5475 Adamum
3473 5420 3729 5481 induens;
3759 5426 4047 5486 natusque

2456 5526 2622 5585 atque
2651 5514 2928 5584 perfectus
2982 5516 3284 5569 secundum
3320 5514 3440 5583 ejus
3482 5512 3773 5583 imaginem
3807 5511 4045 5579 (quippe

2454 5608 2806 5678 praestantior
2851 5609 3092 5680 homine)
3153 5610 3368 5664 initium
3421 5606 3695 5677 quoddam
3750 5619 3812 5659 ac
3872 5604 4044 5656 radix
