4186 6434
170 465 274 532 453

913 458 1196 521 ORATIO
1232 460 1361 520 Χ.-.
1419 482 1458 492 ο
1486 454 1566 517 IN
1608 451 1919 518 LAUDEM
1958 454 2021 515 S.
2060 451 2435 514 GREGORII
2460 449 2733 512 THEOL.

3349 450 3454 515 45C

172 580 441 651 spiritalis
470 576 797 640 nativitatis,
843 576 1025 630 aetatis
1072 589 1186 629 sua:
1225 572 1539 628 hominibus
1586 585 1756 641 appa-
1788 581 1834 635 Α
1863 569 2265 625 Nazianzenam
2326 567 2511 623 sedem
2568 567 2861 637 regendam
2916 568 3293 640 suscepisset,
3349 584 3451 624 an-

173 677 303 728 rnit.
350 671 510 727 Verbi
547 671 696 725 enim
762 667 1111 739 SpirituSque
1147 665 1414 735 potentia,
1445 679 1546 719 ceu
1576 665 1759 718 incon-

174 766 504 819 taminatam
534 770 835 817 sementem
888 758 1106 828 pietatis
1161 763 1387 811 verlntm
1436 765 1761 810 cunctorum

174 858 441 913 cordibus
472 856 838 909 disseminaus
858 868 872 913 ;
894 866 957 904 ac
988 850 1134 905 velut
1163 849 1461 914 imbribus,
1484 847 1767 902 coutinuis

176 951 308 1003 illud
354 946 707 1003 sermonibus
744 960 809 999 ac
841 943 1134 1012 colloquiis
1193 942 1444 995 nutriens
1501 954 1765 994 consum-

176 1056 473 1110 mansque,
510 1051 673 1108 alque
700 1038 765 1091 ad
802 1050 1111 1092 mensuram
1155 1034 1416 1102 spiritalis
1446 1032 1622 1087 aetatis
1643 1044 1771 1100 pro-

177 1134 423 1197 vehens;
459 1133 698 1201 primum
731 1129 977 1198 quidem,
1010 1141 1203 1179 eorum
1232 1124 1508 1193 quicarne
1538 1122 1764 1191 genuis-

176 1233 321 1282 sent.
389 1224 586 1291 spiritu
627 1220 867 1274 efﬁcitur
905 1232 1139 1287 parens;
1168 1217 1473 1283 exindeque
1511 1213 1672 1267 etiam
1702 1212 1768 1266 ad

177 1325 499 1372 extraneos,
533 1313 737 1366 mentis
767 1310 931 1371 banc,
954 1307 1493 1377 pulcherrimamque
1522 1306 1772 1376 adoptio-

180 1420 304 1457 nem
336 1418 508 1471 supra
540 1402 761 1456 modum
796 1415 859 1454 ac
899 1400 1165 1453 latissime
1194 1397 1422 1467 profert.

252 1493 379 1563 Ipse
409 1503 595 1548 autem
656 1494 923 1562 seipsum.
986 1491 1133 1545 omni
1182 1492 1410 1559 dignum
1455 1488 1722 1545 miracqu
1755 1530 1771 1554 ,

179 1603 242 1641 ac
264 1588 430 1655 longe
457 1585 769 1638 absolutum
796 1584 1016 1637 virtutis
1039 1582 1322 1651 exemplar
1346 1579 1773 1651 proponens(7),

182 1681 425 1747 primum
460 1676 681 1745 quidem
734 1692 849 1730 sua:
894 1676 947 1728 in
997 1674 1239 1728 Pontum
1275 1674 1416 1743 iuga
1448 1671 1776 1726 manifestas

180 1785 462 1825 excusans
515 1768 675 1822 alTert
708 1770 1001 1822 rationes:
1060 1766 1205 1836 quod
1265 1780 1461 1834 nempe
1515 1764 1777 1832 praeclaro

1865 664 2059 731 nisque
2098 660 2299 732 gravis,
2337 675 2400 715 ac
2426 676 2658 731 corpore
2688 661 2894 718 morbis
2928 664 3150 729 attrito,
3185 660 3454 717 Ecclesia:

1866 762 2019 809 certo
2050 752 2143 807 Dei
2181 751 2414 807 consilio
2456 752 2701 809 molestis
2753 754 2941 820 rebus,
2965 770 3059 809 seu
3108 752 3454 824 iusqualita-

1868 846 2016 901 tibus
2052 844 2293 900 ferendis
2353 844 2528 915 impar
2572 855 2745 910 esset,
2775 844 3078 916 Gregorius
3128 846 3205 900 illi
3255 855 3457 901 cuncta

1867 948 2004 1001 erat.
2053 936 2357 993 senectutis
2390 938 2637 999 baculus.
2672 940 2991 994 morborum
3025 938 3258 1002 curatio,
3286 938 3457 993 aedili—

1869 1031 2011 1083 catio
2035 1029 2306 1097 corporis.
2333 1028 2501 1082 animi
2536 1030 2777 1098 requies,
2814 1023 3058 1086 solamen
3094 1020 3356 1100 spiritus;
3394 1043 3459 1084 ac

1871 1121 2017 1191 quod
2049 1122 2396 1190 potissimum
2417 1121 2690 1185 omnium,
2710 1136 2970 1177 sensuum
2994 1123 3161 1177 animi
3187 1120 3457 1187 custodia,

1871 1229 1936 1269 ac
1966 1228 2243 1268 succussze
2276 1213 2396 1267 tidei
2430 1213 2761 1268 emendatio.

1949 1306 2159 1361 Etenim
2196 1306 2472 1375 ejusmodi
2503 1306 2712 1376 aliquid
2735 1307 2856 1375 ejus
2891 1306 3195 1363 rationibus
3236 1306 3457 1362 accidit.

1874 1398 2013 1465 Quia
2052 1399 2198 1454 enim
2231 1399 2560 1453 Arianorum
2595 1398 2752 1453 furor
2791 1414 3010 1454 omnem
3066 1400 3463 1469 propemodum

1877 1503 2147 1549 terrarum
2222 1493 2415 1548 orbein
2490 1500 2840 1563 pervaserat;
2897 1508 3157 1563 novaque
3203 1493 3466 1549 adversus

1878 1584 2164 1639 Trinitatis
2190 1584 2556 1654 aequalitatem
2590 1584 2864 1648 doctrina,
2897 1599 2998 1640 ceu
3036 1586 3152 1639 lues
3180 1585 3466 1653 quaedam.

1879 1678 1994 1732 sive
2049 1693 2388 1748 grangrama,
2424 1692 2522 1748 per
2571 1692 2765 1734 omnes
2816 1677 3147 1747 pt'oi'iticias.
3195 1678 3469 1745 urbesque

1880 1770 2255 1839 grassabatur,
2312 1785 2377 1825 ac
2434 1780 2549 1824 tum
2610 1771 2988 1839 imperatores,
3025 1779 3138 1823 tum
3195 1768 3471 1839 principes

183 1862 507 1917 solitudinis
551 1862 764 1915 amttus
795 1875 999 1925 amore,
1043 1873 1402 1927 supermrque
1428 1856 1781 1925 philosophia:
1884 1878 2247 1933 proceresque
2278 1879 2340 1918 ac
2369 1865 2621 1934 populos,
2661 1863 2795 1933 quin
2850 1863 3016 1917 etiam
3047 1862 3214 1931 (quod
3253 1861 3470 1916 dii-issi-

186 1957 488 2011 instinctus
517 1956 818 2020 desiderio,
845 1955 1085 2007 urbanos
1113 1951 1381 2005 tumultus
1402 1950 1778 2015 declinaverit;
1820 1943 1857 1995 Β
1890 1971 2035 2008 mum
2066 1956 2332 2023 omnium)
2352 1957 2524 2010 malos
2548 1955 2812 2024 prmsules
2844 1954 2944 2008 sibi
2982 1953 3297 2019 aildixetat;
3330 1968 3473 2023 quos

187 2058 247 2102 ut
274 2064 337 2103 se
372 2049 638 2102 nimirum
676 2047 730 2101 in
755 2063 843 2112 ea,
875 2057 1138 2116 tauquam
1164 2044 1391 2114 speculo
1423 2043 1779 2106 nitidissimo,

186 2142 624 2212 eotttemplatus,
666 2156 754 2209 ac,
791 2154 956 2210 quam
986 2132 1141 2208 prius
1185 2153 1279 2207 per
1313 2137 1577 2207 Spiritum
1610 2133 1785 2189 divini

189 2234 494 2288 sacerdotii
570 2233 884 2287 unctionem
968 2238 1166 2285 nactus
1232 2238 1421 2295 erat,
1462 2226 1786 2298 perfectiore

187 2325 592 2379 emundatinuc
616 2324 936 2393 obsignans,
969 2330 1259 2392 ratamque
1290 2320 1396 2375 sibi
1456 2333 1521 2372 ac
1570 2317 1785 2371 ﬁrmam

189 2418 364 2471 divini
407 2416 541 2470 doni
569 2416 973 2485 possessionem
1001 2422 1269 2483 praestans
1290 2454 1307 2477 ,
1339 2411 1420 2465 sic
1443 2425 1579 2481 pure
1607 2410 1787 2479 puris-

192 2512 337 2565 simo
370 2510 453 2561 uti
487 2519 701 2577 posset,
733 2523 797 2561 ac
820 2507 869 2560 ei
903 2519 1291 2559 consuescere.
1324 2502 1462 2556 Tum
1488 2501 1789 2557 sacerdotis

192 2598 436 2655 ostendit
474 2598 821 2666 dignitatem,
889 2610 953 2649 ac
980 2595 1199 2664 qualem
1233 2609 1358 2647 eum
1389 2602 1640 2661 oporteat
1667 2607 1790 2647 esse

194 2693 291 2761 qui
340 2692 396 2744 in
449 2690 770 2759 episc0pum
808 2687 1190 2757 praeficiendus
1252 2686 1366 2742 sit:
1399 2685 1601 2755 quibus
1659 2686 1788 2738 item

197 2783 515 2839 rationibus
548 2795 788 2850 praeesse
824 2795 949 2835 eum
982 2787 1233 2850 oporteat
1258 2782 1407 2850 gregi
1459 2780 1632 2833 utenti
1690 2794 1794 2833 ra—

197 2875 369 2937 tione,
405 2871 777 2943 pulcherrime
823 2884 1148 2938 summaque
1164 2869 1509 2939 philosophia
1539 2884 1794 2924 sermone

198 2965 325 3018 aliis
360 2966 609 3026 tradens,
648 2961 765 3030 ipse
798 2959 1055 3023 ovet-ibus
1077 2997 1091 3023 ,
1122 2960 1564 3029 clarissimisque
1596 2969 1787 3014 certa-

200 3058 453 3111 minibus
476 3054 772 3125 implendo,
807 3053 967 3107 ﬁdem
1000 3052 1179 3107 verb's
1214 3051 1471 3106 addebat.

270 3148 545 3214 Quaenam
574 3147 738 3215 igitttr
769 3144 971 3213 opera?
998 3158 1063 3197 ac
1096 3144 1381 3198 videamus
1412 3160 1539 3198 nam
1574 3142 1793 3213 plurimi

201 3259 265 3298 ea
300 3241 564 3297 facienda
629 3253 693 3292 ac
724 3236 1152 3305 prarmagnilica.
1180 3234 1246 3289 Et
1271 3236 1402 3305 quid
1430 3236 1598 3299 enim,
1630 3249 1794 3304 quam

202 3332 475 3403 Theologi
526 3302 733 3385 animo
773 3344 837 3383 ac
886 3302 990 3383 ﬁde
1039 3327 1240 3399 digna?
1289 3302 1534 3381 Primum
1576 3302 1796 3397 quidem
1831 3302 1876 3362 (δ

201 3426 475 3495 templum
522 3429 719 3477 ornatu
771 3428 1061 3475 venustum
1116 3434 1182 3474 ac
1232 3420 1375 3474 mole
1434 3422 1628 3489 ingens
1680 3420 1801 3488 ejus

202 3533 339 3574 cura
358 3528 527 3586 atque
545 3513 824 3583 diligentia
844 3512 1140 3566 excitatum
1166 3509 1267 3583 (8),
1292 3510 1547 3579 velutque
1572 3510 1718 3564 aliud
1748 3511 1801 3564 in

206 3620 356 3663 terra
393 3606 596 3662 cmlum
627 3607 680 3658 in
709 3604 866 3659 caelis
888 3602 1155 3656 habitanti
1181 3601 1359 3671 palam
1392 3614 1801 3656 consecratum.

205 3701 415 3754 Verum
447 3698 524 3759 id.
557 3712 669 3766 pra:
693 3696 761 3750 iis
790 3710 910 3765 quae
938 3694 1057 3763 ejus
1078 3701 1226 3758 sunt,
1261 3693 1443 3747 minus
1472 3692 1539 3746 ad
1570 3693 1804 3745 miracu-

207 3788 348 3843 lum.
389 3786 499 3853 Qui
534 3785 681 3840 euitn
720 3784 836 3853 ipse
871 3798 930 3837 se
966 3782 1229 3850 templum
1285 3779 1395 3835 Deo
1446 3780 1672 3850 dignum
1723 3788 1805 3833 at-

206 3897 320 3952 que
354 3888 656 3949 augustum
691 3878 957 3930 virtutum
1012 3873 1165 3928 cultu
1219 3881 1613 3937 exstruxerat,
1666 3872 1803 3943 quid

210 3978 421 4032 mirum
456 3975 755 4046 plurimam
790 3970 934 4042 patri
990 3984 1213 4039 Operam
1250 3967 1553 4023 contulisse
1579 4005 1594 4032 ,
1627 3976 1685 4022 ut
1739 3981 1807 4021 ex

210 4068 494 4139 lapidibus
524 4078 740 4119 sacram
780 4078 901 4117 eam
929 4062 1098 4116 a'dem
1125 4059 1459 4115 aediﬁcaret?

287 4161 505 4215 Deinde
542 4166 829 4227 parentum
872 4157 1110 4210 honores
1156 4173 1170 4209 :
1222 4154 1313 4224 qui
1370 4168 1564 4222 nempe
1604 4152 1809 4213 verbis,

215 4254 310 4324 qui
342 4253 462 4321 ipsa
495 4247 789 4320 praestandi
827 4262 916 4301 re:
950 4244 1282 4316 pupillorum
1311 4242 1812 4309 tutamina,vidua-

216 4359 345 4399 rum
381 4340 662 4411 praesidia,
698 4352 997 4408 pauperum
1030 4334 1364 4405 patrocinia,
1402 4349 1616 4399 senum,
1641 4349 1812 4403 aegro-

219 4444 432 4498 torum,
466 4431 843 4486 mendicorum
868 4427 1143 4498 hospitia;
1189 4436 1301 4481 tum
1331 4442 1453 4496 qua:
1504 4427 1653 4480 solus
1697 4427 1813 4494 ipse

224 4542 287 4583 ae
350 4525 590 4581 seorsim
652 4523 924 4578 exstruxit
979 4522 1033 4575 in
1085 4520 1293 4590 patria;
1353 4526 1469 4572 tum
1496 4518 1691 4587 quibus
1720 4533 1815 4570 ex-

224 4619 513 4675 struendis
542 4616 750 4671 sociam
792 4630 1015 4669 mauum
1051 4612 1284 4667 contulit
1328 4610 1508 4665 amico
1540 4624 1603 4663 ac
1638 4608 1812 4663 sodali

225 4712 475 4778 Basilio;
508 4725 609 4765 nee
633 4709 767 4763 solis
790 4707 1047 4777 Operibus
1070 4721 1195 4771 quae
1219 4720 1317 4760 sua
1363 4711 1521 4758 erant
1564 4702 1816 4757 fovendis

227 4807 344 4875 ipse
374 4801 736 4865 conferebat,
775 4799 868 4855 sed
909 4808 965 4853 et
1000 4798 1179 4851 verbis
1194 4797 1451 4851 eximiam
1481 4796 1817 4850 adhortatio-

229 4900 319 4952 nis
355 4898 468 4949 vim
505 4894 854 4954 habentibus,
890 4905 1053 4944 saxea
1087 4888 1204 4958 ipsa
1252 4898 1468 4957 pectora
1504 4886 1568 4940 ad
1601 4900 1807 4956 paupe-

228 5004 356 5044 rum
426 5002 495 5041 ac
527 4985 903 5039 meudieorum
935 4995 1179 5035 amorem
1208 4978 1534 5034 suscitabat.

299 5083 384 5134 Ac
439 5078 663 5148 quidem
720 5090 849 5146 erga
904 5073 1253 5128 adversarios
1305 5071 1472 5126 rebus
1511 5084 1576 5125 ac
1635 5069 1820 5126 verbis

231 5173 516 5229 contraria
588 5170 806 5235 studia;
865 5181 991 5236 erga
1046 5175 1226 5219 autem
1288 5162 1624 5217 domesticos
1695 5161 1821 5216 lidei

234 5264 661 5336 opitulationes,
683 5260 1143 5330 gubernationes,
1171 5271 1287 5323 non
1327 5266 1433 5309 tam
1470 5256 1535 5308 ad
1576 5270 1775 5324 corpus
1807 5292 1824 5319 ,

234 5373 404 5429 quam
435 5356 506 5411 ad
537 5355 784 5409 animum
812 5359 1121 5422 spectantes
1154 5349 1222 5415 “,
1246 5364 1371 5404 cum
1403 5348 1523 5418 ejus
1581 5347 1827 5402 doctrina

240 5467 305 5506 ac
378 5450 498 5519 lege
542 5446 728 5503 cuncti
762 5445 1201 5515 gubernarentur
1258 5455 1321 5494 ac
1368 5447 1725 5509 pascerentur
1751 5438 1820 5491 “.

236 5543 374 5599 Nam
396 5542 646 5598 Caesario
665 5540 834 5594 fratre
853 5538 965 5607 jam
999 5534 1140 5592 vivis
1171 5541 1448 5604 exempto,
1494 5546 1620 5587 cum
1670 5541 1823 5601 pater

299 5677 345 5709 “
385 5680 509 5737 Gal.
543 5693 625 5741 vt,
653 5675 706 5731 8.
785 5675 831 5708 "
860 5673 881 5729 l
909 5674 1037 5730 Cor.
1062 5691 1162 5740 xtl,
1192 5671 1285 5729 28.

314 5828 388 5898 (7)
421 5827 473 5898 l_d
504 5835 683 5898 totum
714 5821 940 5898 orat_._l_.

315 5890 386 5969 (8)
416 5896 574 5953 Orat.
606 5894 696 5961 t9,
739 5907 791 5963 p.
824 5890 947 5945 διδ.

1363 5671 1408 5704 ⁸⁸
1439 5669 1585 5727 Psal.
1616 5685 1786 5737 Lxxn,
1828 5670 1879 5727 8.

1889 2047 1973 2099 vel
2004 2062 2219 2111 eorum,
2245 2049 2337 2115 qui
2364 2061 2545 2099 rerum
2578 2044 2741 2113 potiri
2765 2043 3110 2108 videbantur,
3139 2052 3316 2099 metus
3340 2042 3476 2113 deji-

1890 2150 2062 2207 ceret,
2104 2142 2185 2195 vel
2215 2141 2379 2210 (quod
2419 2140 2796 2212 mitissimum)
2877 2140 3180 2211 ignorantia
3240 2139 3472 2195 falleret.

1893 2231 2121 2298 Quando
2150 2231 2360 2287 scilicet
2389 2231 2573 2287 videre
2602 2239 2723 2287 erat
2756 2230 2902 2286 dirui
2944 2232 3238 2295 ecclesias,
3272 2229 3477 2300 templa

1893 2325 2094 2385 ablata,
2128 2323 2418 2377 cruoribus
2454 2321 2682 2387 fmdata,
2716 2336 2984 2392 sacraque
3010 2321 3264 2391 spoliata,
3289 2331 3478 2377 sancta

1894 2417 2121 2487 polluta,
2169 2426 2355 2483 atque,
2392 2423 2450 2469 ut
2490 2414 2842 2484 proverbium
2890 2423 3008 2480 est,
3037 2413 3205 2470 illotis
3251 2412 3481 2485 pedibus

1897 2508 2135 2579 projecta
2191 2522 2266 2561 ac
2286 2506 2630 2561 conculcata.
2687 2505 2921 2572 Quando
2953 2506 3047 2577 qui
3090 2521 3240 2561 same
3293 2516 3482 2561 recta:-

1896 2616 2002 2669 que
2028 2599 2147 2653 fidei
2178 2606 2502 2660 assertores,
2531 2611 2596 2651 ac
2614 2596 2844 2666 pietatis
2881 2596 3121 2651 cultores
3157 2594 3210 2649 in
3237 2591 3483 2649 Ectlcsia

1896 2700 2054 2746 erant
2082 2689 2347 2751 universi,
2377 2690 2493 2744 suis
2522 2690 2763 2757 ipsorum
2792 2692 3023 2757 turp'ter
3050 2687 3483 2757 expellebantur,

1899 2798 1963 2835 ac
1993 2782 2073 2835 vel
2106 2780 2418 2837 carceribus
2451 2780 2704 2848 publicis,
2734 2780 2814 2834 vel
2838 2779 3163 2849 gravissima
3198 2776 3362 2839 fame,
3391 2785 3488 2831 aut

1900 2874 2185 2929 acerrimis
2224 2873 2572 2936 verberibus,
2606 2878 2704 2926 aut
2745 2870 2905 2938 longe
2937 2870 3188 2940 plurimis
3213 2868 3488 2937 variisque

1903 2967 2078 3039 plagis
2125 2981 2191 3020 ac
2219 2963 2740 3027 dehonestamentis,
2783 2972 2878 3017 aut
2906 2962 3221 3017 durissimis
3250 2960 3486 3025 exsiliis,

1903 3070 1998 3113 aut
2035 3058 2419 3122 amarissimis,
2460 3066 2518 3111 ut
2549 3058 2716 3111 verbo
2744 3055 2945 3118 dicam,
2979 3052 3374 3109 cruciamentis
3425 3067 3491 3107 ac

1904 3152 2171 3207 molestiis
2225 3151 2443 3215 tentati,
2494 3158 2738 3205 extrema
2799 3149 3021 3203 adibant
3074 3147 3337 3217 pericula,
3385 3145 3491 3202 nisi

1907 3246 2174 3317 itnpietati
2234 3260 2521 3299 assensum
2578 3246 2913 3314 praeberent;
2966 3253 3131 3313 atque
3180 3243 3219 3297 ii
3268 3241 3491 3313 quidem

1908 3346 2103 3406 sponte
2134 3335 2363 3391 urbibus
2406 3334 2808 3403 demigrantes,
2839 3336 3168 3405 desertaque
3207 3349 3273 3389 ac
3299 3334 3494 3390 solitu-

1907 3428 2066 3482 dines
2108 3427 2252 3480 ultro
2295 3435 2565 3495 petentes,
2607 3443 2732 3481 cum
2789 3427 2981 3482 bestiis
3016 3424 3227 3481 ratione
3260 3423 3497 3480 carenti-

1910 3519 2012 3574 bus
2042 3519 2284 3573 exerceri
2320 3518 2386 3572 ad
2428 3519 2684 3588 pietatem
2723 3518 3019 3581 malebant,
3057 3532 3221 3587 quam
3249 3516 3497 3571 habitare

1911 3626 2034 3665 cum
2085 3610 2150 3665 iis
2175 3609 2242 3674 “,
2267 3610 2359 3679 qui
2387 3611 2534 3679 loqui
2555 3610 2607 3663 in
2632 3609 2851 3665 excelso
2876 3608 3270 3678 blasphemiam
3295 3614 3499 3661 temere

1911 3701 2205 3757 audebant.
2274 3702 2556 3770 Quotquot
2632 3708 2814 3756 autem
2879 3698 3170 3755 contrariae
3223 3696 3500 3766 opinionis

1911 3804 2089 3861 erant,
2124 3808 2188 3849 ac
2234 3808 2295 3849 se
2345 3792 2611 3862 impietati
2661 3792 3003 3856 addixerant,
3044 3789 3305 3847 ecclesias
3356 3787 3501 3842 obti-

1915 3896 2128 3953 nentes,
2168 3901 2373 3956 casque
2408 3886 2553 3941 velut
2599 3900 2713 3939 sua:
2744 3884 2988 3955 ipsorum
3046 3882 3213 3952 hujus
3247 3879 3503 3950 nequitiae

1916 3980 2125 4033 munita
2168 3980 2420 4048 quaedam
2453 3978 2704 4048 praesidia
2736 3977 3137 4041 existimantes,
3169 3973 3293 4029 inde
3324 3972 3381 4027 in
3407 3986 3505 4027 eos

1915 4073 2008 4141 qui
2062 4073 2315 4141 pietatem
2375 4072 2555 4126 colere
2610 4070 2935 4126 statuissent
2989 4069 3377 4137 irrumpentes,
3408 4079 3503 4120 eos

1918 4166 2329 4233 diSperdebaut.

1990 4256 2143 4313 Tunc
2211 4258 2402 4327 plane,
2458 4267 2585 4311 tunc
2646 4270 2867 4326 quoque
2923 4254 2976 4309 iu
3028 4252 3210 4322 magni
3258 4250 3503 4321 Gregorii

1920 4350 2176 4418 patriam,
2198 4348 2343 4401 velut
2372 4361 2638 4416 aquarum
2661 4346 2955 4401 vehemens
2978 4344 3215 4413 impetus
3232 4343 3507 4397 hereseos

1922 4439 2101 4494 scelus
2130 4446 2729 4507 eruntpeus,qnotquot
2751 4437 2894 4491 leves
2927 4436 3131 4490 invenit
3176 4450 3240 4488 ar
3275 4432 3504 4494 debiles,

1923 4531 2163 4601 abripuit
2221 4531 2412 4599 utique
2479 4545 2544 4584 ac
2591 4529 2846 4583 dissolvit
2895 4527 3006 4598 (ubi
3034 4536 3088 4580 et
3114 4534 3319 4596 patrem
3364 4523 3506 4577 fama

1927 4634 2031 4689 est,
2061 4606 2258 4678 mentis
2290 4622 2639 4694 simplicitate
2668 4622 2943 4687 delusum,
2988 4619 3208 4683 litteris,
3244 4633 3353 4672 non
3387 4617 3510 4671 aui-

1927 4729 2056 4779 mo,
2105 4724 2163 4765 ut
2218 4713 2574 4783 aequissimis
2627 4727 2914 4767 assensum
2970 4709 3161 4772 daret,
3215 4707 3509 4763 adductum

1920 4820 2042 4861 esse
2068 4802 2195 4876 [9]),
2218 4814 2489 4875 quotquot
2511 4818 2639 4858 vero
2670 4802 2914 4873 Gregorii
2943 4800 3228 4869 theologia:
3280 4812 3345 4852 ac
3388 4795 3509 4851 tidei

1920 4908 2088 4968 petra:
2139 4898 2297 4951 firmo
2343 4896 2699 4951 fundamento
2732 4895 3027 4959 haeserant,
3068 4891 3203 4946 nihil
3250 4889 3507 4945 haeretica

1922 4992 1976 5046 vi
2022 5005 2085 5044 ac
2136 4989 2334 5058 injuria
2363 4987 2674 5057 labefactati
2736 4986 3017 5056 emotique
3065 4989 3509 5055 permanserunt.

1996 5076 2238 5131 Noemus
2292 5075 2477 5145 itaque
2534 5074 2687 5137 olim,
2716 5089 2843 5128 cum
2886 5087 3001 5128 suae
3041 5070 3216 5127 aetatis
3249 5070 3513 5128 scelerata

1928 5180 2085 5241 gente
2128 5170 2242 5239 ipse
2286 5167 2536 5223 criminis
2582 5176 2858 5237 expertem
2933 5178 3281 5221 communem
3348 5159 3515 5215 vitam

1929 5278 2129 5331 agens,
2185 5261 2401 5314 iuventa
2436 5260 2608 5331 gratia
2639 5258 2780 5329 apud
2827 5256 3018 5322 Deum,
3056 5256 3302 5309 futurum
3343 5266 3517 5323 aqua-

1934 5366 2051 5404 rum
2080 5349 2264 5403 illuvie
2289 5348 2477 5403 tnundi
2503 5348 2729 5401 docetur
2751 5346 2980 5401 exitium
3004 5362 3017 5398 :
3048 5345 3180 5414 quin
3208 5351 3262 5396 et
3293 5339 3517 5393 modum

1931 5442 2181 5506 docetur,
2216 5456 2326 5512 quo
2372 5456 2401 5495 a
2456 5440 2614 5495 malis
2663 5438 2979 5494 liberandus
3008 5436 3083 5491 sit
3110 5454 3124 5492 :
3153 5447 3329 5503 exque
3354 5430 3519 5501 lignis

1931 5531 2135 5589 aliabre
2162 5542 2442 5603 compacta
2475 5546 2626 5600 arca,
2662 5540 2825 5603 atque
2854 5532 2907 5585 in
2946 5544 3068 5586 eam
3117 5525 3329 5585 cunctis
3353 5520 3517 5582 simul

2008 5811 2085 5882 (9)
2116 5810 2274 5881 Greg.
2311 5818 2451 5864 orat.
2488 5806 2577 5875 19,
2609 5822 2663 5877 p.
2693 5803 2822 5861 297.
