4186 6434
762 438 868 502 455

1954 436 2247 495 ΝΙΟΕΤἉΕ
2277 434 2803 495 ΡΑΡΠῙΛΟΟἪΞ

3938 442 4053 503 τίδῦ

762 552 1086 605 animalium
1118 548 1356 607 inductis
1386 548 1711 617 seminibus,
1738 565 2015 621 uxoreque
2040 567 2104 605 ac
2133 550 2256 604 ﬁliis
2316 566 2342 600 ει
2372 548 2418 606 Α
2452 559 2570 603 rato
2628 550 2826 619 singuli
2861 564 2923 604 ac
2969 565 3215 622 congruo
3265 561 3544 623 tempore,
3574 555 3717 624 quod
3776 556 4053 625 cujusque

762 645 1009 706 inclusis,
1070 642 1121 694 in
1182 657 1307 696 eum
1361 642 1580 696 modum
1644 644 1893 698 emlestes
1941 651 2248 696 cataractas
2283 657 2345 694 ac

760 736 941 805 abyssi
1003 748 1270 802 aquarum
1330 732 1545 797 fontes,
1583 749 1767 787 semen
1820 733 1935 801 ipse
1987 747 2049 785 ac
2094 732 2345 799 primitia:

760 827 941 880 smculi
1003 826 1284 892 sequentis
1339 834 1611 890 servatus,
1674 827 1865 879 evas't.
1932 824 2001 878 At
2049 824 2343 891 Gregorius

760 920 1035 975 luereseou
1071 917 1373 985 praevidens
1405 918 1651 985 spiritale
1686 917 1987 980 diluvium,
2017 927 2168 970 tanto
2208 916 2339 969 illud

758 1010 943 1061 Noemi
973 997 1176 1061 diluvio
1213 1010 1449 1077 gravius,
1493 1020 1699 1077 quanto
1732 1010 2021 1061 animabus
2055 1008 2336 1062 interitum

758 1118 946 1169 parere
982 1102 1045 1153 ad
1077 1112 1469 1155 nocumeutum
1505 1103 1699 1171 majus,
1737 1117 1900 1170 quam
1944 1102 2118 1154 labem
2153 1115 2343 1169 corpo-

757 1195 909 1247 ribus
973 1195 1204 1259 inferre;
1265 1212 1531 1262 suamque
1612 1196 1725 1262 ipse
1805 1193 2104 1247 Ecclesiam
2156 1209 2340 1247 ari-am

754 1286 1049 1351 fabricatis,
1106 1296 1267 1355 atque
1328 1303 1447 1340 cam
1497 1288 1715 1341 arcanis
1749 1287 2017 1341 doctrinis
2076 1298 2343 1354 rectaeque

752 1380 875 1431 ﬁdei
911 1379 1252 1434 documentis
1288 1380 1699 1445 eommuuiens;
1735 1388 1833 1433 nec
1886 1395 1982 1434 eos
2039 1380 2217 1433 solum
2250 1381 2341 1446 qui

752 1471 967 1538 generis
1003 1472 1407 1525 necessitudine
1432 1472 1843 1538 contingebant,
1872 1472 1965 1525 sed
1999 1482 2051 1525 et
2084 1474 2178 1540 qui
2215 1472 2344 1525 alie-

751 1562 962 1627 uigenti:
1007 1561 1329 1613 videbantur
1377 1562 1532 1629 (quos
1568 1577 1761 1630 nempe
1790 1577 1979 1615 omnes
2022 1560 2114 1615 Dei
2160 1574 2342 1630 prote-

750 1666 881 1716 gens
904 1650 1125 1703 dextera
1153 1651 1516 1718 adduxisset),
1536 1667 1798 1720 perquam
1834 1652 2089 1705 alacriter
2116 1654 2340 1706 lubens-

750 1758 856 1810 que
898 1744 1191 1812 recipiens,
1229 1743 1515 1812 edulisquc
1544 1760 1638 1797 eos
1680 1760 1744 1797 ac
1781 1744 2125 1798 suavissimis
2158 1743 2340 1796 Trini-

752 1842 861 1888 tate
914 1837 1111 1887 tuenda
1160 1837 1511 1890 sermonibus
1547 1837 1817 1899 nutriens,
1849 1838 1917 1889 ab
1949 1837 2094 1890 omni
2142 1837 2339 1890 illa-sos

749 1927 921 1979 animi
952 1926 1157 1979 diluvio
1196 1936 1399 1980 servat.

819 2020 887 2072 At
935 2022 1154 2088 quidem
1209 2021 1298 2073 ille
1330 2019 1592 2089 (Noemus
1636 2021 1872 2091 scilicet)
1925 2020 2012 2075 sui
2062 2022 2247 2085 unius,
2284 2030 2341 2074 iit

748 2112 981 2175 vitetur,
1015 2130 1123 2165 rem
1173 2128 1359 2180 agi-us,
1406 2128 1619 2180 suaque
1670 2114 1934 2167 duntaxat
1975 2125 2250 2182 spectans,
2289 2115 2341 2167 in

747 2220 869 2258 oeto
915 2205 1092 2258 solum
1131 2203 1363 2256 maxima
1426 2204 1734 2271 conjunctis
1762 2205 2163 2257 necessitudine
2228 2204 2345 2257 ani—

750 2296 943 2347 mabus
1000 2295 1231 2348 salutem
1268 2294 1481 2362 paravit
1520 2313 1531 2347 :
1570 2295 1657 2348 liic
1691 2302 1892 2359 autem,
1920 2294 1972 2347 in
2022 2294 2339 2360 multorum,

747 2404 911 2457 quam
957 2388 1009 2439 in
1054 2403 1211 2440 suam
1259 2388 1371 2455 ipse
1398 2391 1630 2441 salutem
1672 2386 1865 2441 aﬂectu
1895 2387 2249 2457 propensior;
2279 2404 2343 2441 ac

746 2497 869 2535 eum
918 2496 1042 2533 eum
1098 2495 1208 2533 non
1246 2480 1425 2533 minor
1456 2495 1645 2533 eorum
1693 2495 1827 2534 cura
1855 2489 2119 2547 tangeret,
2151 2480 2244 2549 qui
2284 2496 2342 2534 se

747 2570 1158 2633 abscindebaut,
1188 2586 1350 2639 quant
1388 2570 1482 2639 qui
1518 2570 1851 2624 accedebant
1881 2585 1941 2623 ac
1972 2570 2341 2640 adjungeban-

748 2673 866 2726 tur;
904 2671 1132 2729 paterno
1171 2660 1389 2729 quidem
1418 2661 1695 2715 sermonis
1728 2662 1925 2715 delicto
1964 2666 2235 2716 sermonis
2266 2662 2338 2724 vi,

746 2771 810 2809 ac
847 2755 1074 2823 spiritus
1124 2765 1397 2823 rectaque
1450 2754 1572 2808 ﬁdei
1626 2755 1959 2809 abundantia
2012 2755 2247 2819 obtecto,
2278 2771 2341 2807 ac

746 2848 1017 2917 quidquid
1065 2848 1209 2901 illius
1244 2863 1374 2916 ergo
1408 2847 1725 2908 offensionis
1773 2848 2058 2912 inciderat,
2092 2848 2337 2913 sublato,

748 2956 847 2994 nec
887 2956 997 2993 non
1045 2940 1394 2995 sermonibus
1425 2940 1489 2993 ad
1520 2956 1709 3009 pacem
1738 2942 2054 2996 decentibus
2079 2943 2341 3010 tantisper

746 3031 1005 3085 efl‘reneni
1058 3032 1472 3085 :eniulaiioncin
1535 3033 1827 3099 deliniens,
1876 3034 2156 3086 discordes
2201 3034 2338 3101 patri

746 3123 1003 3176 conciliat
1047 3121 1297 3187 animos;
1358 3138 1669 3191 magnoque
1708 3139 1771 3176 ac
1814 3125 2120 3177 concordire
2165 3124 2335 3178 tenaci

2448 642 2746 697 fnnctiouis
2780 652 2884 704 est.
2927 644 3154 713 implent
3210 660 3273 699 ac
3305 658 3584 715 praestant.
3618 648 3910 716 Gregorius
3946 664 4053 700 aii-

2448 740 2553 786 teui
2603 735 2692 788 cui
2734 749 2987 804 suprema
3021 737 3227 789 credita
3264 737 3533 808 theologia
3574 738 3745 804 foret;
3782 749 3945 807 atque
3974 740 4052 792 ad

2446 841 2802 895 personarum
2882 828 3225 893 Trinitatem,
3320 846 3383 885 ac
3484 830 3710 885 Diitatis
3778 834 4047 884 nutat-mi

2447 917 2701 969 universo
2801 917 2919 971 orbi
3017 920 3422 987 praedicationis
3528 921 3829 975 Iuniiniltus
3901 920 4051 973 infe-

2448 1008 2689 1068 rendam,
2754 1008 2956 1061 missus
3014 1018 3179 1072 esset,
3246 1012 3461 1064 tametsi
3514 1014 3760 1080 corporis
3824 1013 4044 1065 ratione

2447 1099 2585 1151 intra
2646 1100 2823 1152 brevis
2876 1100 2979 1152 loci
3027 1112 3146 1154 erat
3184 1100 3439 1155 deﬁnitus
3469 1103 3783 1171 angustias;
3810 1102 4039 1156 EIIZiSaiS

2446 1192 2853 1260 pra-magniﬁce
2885 1200 2997 1244 toto
3041 1194 3244 1246 mundo
3273 1193 3559 1262 theologia:
3590 1194 3779 1255 radiis,
3801 1192 3937 1245 alios
3965 1193 4039 1244 ad

2446 1282 2627 1334 lumen
2688 1283 2810 1335 vita:
2851 1283 3194 1348 altialicbat;
3242 1293 3511 1352 quotquot
3564 1284 3773 1337 scilicet
3800 1283 4036 1351 potioris

2449 1373 2674 1425 rationis
2713 1390 2775 1426 ac
2802 1374 3016 1441 pietatis
3040 1376 3230 1437 erant;
3260 1376 3397 1427 alios
3433 1374 3694 1437 tenebris,
3725 1374 3855 1427 dati
3891 1382 4032 1438 tate,

2444 1461 2766 1516 confusione
2795 1470 2925 1531 (non
2963 1480 3059 1517 sua
3094 1465 3211 1532 ipse.
3254 1464 3436 1519 indole
3470 1480 3534 1518 ac
3576 1465 3893 1533 proposito,
3935 1481 3995 1517 se
4024 1468 4036 1517 I

2444 1556 2659 1608 illorum
2708 1556 2874 1608 animi
2914 1558 3213 1625 pravitate;
3251 1566 3521 1626 quotquot
3568 1556 3825 1610 nimirum
3878 1565 4045 1611 erant

2445 1646 2710 1699 lucreiicte
2745 1645 2903 1714 labis)
2932 1646 3210 1709 implebat.

2515 1741 2685 1795 Porro
2715 1743 2875 1794 etiam
2914 1741 3058 1794 illum
3090 1742 3380 1811 episcopali
3415 1742 3785 1795 consummari
3827 1750 4043 1809 myste—

2446 1833 2527 1885 rio
2558 1834 2801 1887 dcet-bat.
2838 1833 2939 1887 Par
2988 1849 3223 1903 uanique
3263 1836 3569 1899 videbatur,
3613 1845 3670 1889 ut
3709 1835 3800 1903 qui
3834 1834 4043 1887 nedum

2445 1926 2829 1993 episcopalem,
2880 1928 2973 1980 sed
3026 1937 3077 1981 et
3120 1928 3507 1995 apostolicum,
3556 1943 3781 1997 operum
3818 1929 4042 1990 merito,

2448 2017 2694 2070 ordinem
2728 2018 3003 2084 explebat,
3064 2018 3291 2071 omnino
3330 2034 3550 2087 quoque
3594 2016 4044 2071 ordinationibus

2447 2110 2618 2163 sacris
2663 2110 3030 2177 perﬁceretur.
3068 2104 3257 2179 opera:
3279 2113 3511 2180 pretium
3555 2120 3737 2164 autem
3781 2119 3899 2165 erat
3960 2110 4042 2173 id,

2446 2218 2554 2255 non
2618 2201 2969 2271 profanorum
3014 2218 3177 2272 opera
3206 2245 3219 2267 ,
3296 2204 3390 2258 sed
3437 2212 3749 2258 sanctorum
3789 2220 3803 2267 ;
3858 2218 4047 2271 nequc

2447 2310 2541 2363 per
2570 2311 2665 2349 eos
2694 2296 3009 2364 quiindigui
3038 2296 3287 2350 institute
3324 2306 3530 2357 essont,
3560 2296 3653 2365 qui
3689 2306 3742 2350 et
3779 2296 4042 2349 deitatem

2444 2388 2756 2440 damnanda
2808 2389 3109 2441 temeritate
3158 2389 3209 2441 iu
3259 2398 3367 2443 tres
3412 2390 3549 2442 alias
3584 2389 3706 2441 aliis
3746 2398 4046 2441 extraneas

2445 2481 2861 2533 eontrarietates
2910 2480 3239 2541 scinderent,
3294 2479 3387 2533 sed
3431 2495 3524 2548 per
3564 2494 3659 2531 eos
3708 2480 3798 2547 qui
3850 2479 4048 2547 gratia:

2444 2568 2748 2622 ﬁdelissimi
2776 2570 3198 2637 diSpensatores,
3227 2584 3291 2623 ac
3317 2568 3599 2622 Trinitatis
3624 2567 3895 2621 VCl'i53illli
3924 2569 4042 2619 iiii-

2445 2662 2605 2716 nistri
2679 2672 2884 2716 essent.
2934 2662 3034 2726 Qui
3098 2672 3281 2715 autem
3345 2660 3612 2729 ejusmodi
3657 2670 3841 2715 essent
3894 2662 4040 2715 nulli

2444 2764 2596 2817 tunc,
2626 2754 2865 2821 exceptis
2886 2753 3173 2821 Gregorio,
3203 2753 3348 2807 illius
3372 2762 3543 2822 patre,
3577 2768 3639 2806 ac
3670 2753 3889 2816 Basilio,
3928 2754 4047 2808 illic

2441 2849 2776 2903 exsistebant
2799 2865 2812 2913 ;
2839 2862 3069 2916 quorum
3091 2847 3224 2900 alter
3243 2846 3411 2898 ﬁlium
3441 2845 3554 2915 pari
3577 2860 3763 2899 serum
3795 2844 4048 2910 nomine,

2444 2942 2744 3011 iisdemque
2776 2941 3061 3009 praeditum
3110 2939 3353 2993 moribus
3394 2926 3560 2991 alacri
3606 2938 3789 2991 animo
3821 2937 4049 3004 episco-

2444 3048 2571 3101 pum
2604 3033 2852 3101 designat
2884 3049 2897 3095 ;
2935 3032 3069 3084 alter
3094 3041 3298 3095 autem,
3337 3046 3459 3083 cum
3488 3029 3599 3098 jau'i
3633 3027 3886 3083 Ecclesiae
3917 3027 4047 3081 Cze-

2443 3125 2705 3195 sariensis
2732 3125 2936 3177 credita
2968 3123 3335 3191 gubernacula
3386 3122 3708 3190 accepisset,
3739 3134 3898 3175 sacro
3929 3123 4043 3175 ritu

747 3215 1002 3268 Ecclesia:
1054 3214 1221 3267 cicini
1259 3214 1472 3267 sincera
1540 3229 1777 3282 veraque
1829 3216 1949 3268 ﬁdei
1996 3215 2339 3268 confessione
2368 3234 2410 3289 ε
2448 3217 2623 3270 initiat
2665 3227 2828 3285 atque
2882 3217 3149 3281 ordinat;
3197 3215 3457 3284 additque
3496 3215 3741 3282 spiritum
3794 3214 4042 3281 spirizui,

746 3307 1090 3367 ilevinciens,
1124 3306 1385 3374 populum
1440 3305 1671 3357 Domino
1704 3307 2033 3374 peculiarem
2060 3346 2073 3369 ,
2104 3316 2339 3360 sectato-

751 3414 863 3452 rem
907 3400 1179 3451 bonorum
1231 3413 1460 3466 operum
1483 3398 1549 3461 ⁸⁷,
1583 3398 1815 3466 pastoris
1864 3399 2084 3453 solertia
2125 3399 2336 3452 salvum

748 3490 974 3563 recepit.
1020 3522 1039 3543 ς
1082 3524 1085 3525 ν
2188 3474 2239 3517 ’.ν

816 3582 1028 3645 Ouibus
1082 3582 1269 3652 igitur,
1322 3583 1388 3647 is,
1422 3582 1514 3651 qui
1550 3582 1782 3651 spiritali
1833 3583 2045 3636 ratione
2074 3585 2141 3636 ab
2172 3584 2339 3637 animi

744 3676 914 3730 cvitio
950 3677 1167 3739 liberat,
1201 3677 1275 3728 illi
1325 3686 1561 3745 praestet,
1599 3678 1690 3745 qui
1722 3694 1749 3729 a
1780 3677 2027 3745 corporis
2059 3678 2211 3741 labe;
2247 3679 2339 3745 qui

747 3768 1159 3821 multitudinem
1215 3785 1444 3822 numero
1495 3769 1785 3837 majorem,
1838 3763 1939 3830 illi,
1990 3770 2080 3838 qui
2137 3787 2341 3839 pauens

744 3862 961 3913 animas
1011 3860 1189 3914 salute
1230 3863 1435 3925 donat;
1480 3861 1566 3913 bis
1615 3860 1909 3928 Gregorius
1946 3859 2135 3915 Noemi
2181 3862 2341 3915 clari-

745 3964 909 4007 tatem
964 3955 1364 4007 obscuraret-it.
1434 3955 1725 4007 I'Inimvero
1763 3955 1893 4023 quid
1946 3956 2011 4010 iis
2038 3972 2159 4024 qua:
2199 3956 2341 4009 illius

748 4046 958 4097 minora
1013 4056 1177 4108 sunt,
1260 4048 1600 4111 imuioraus,
1664 4048 1967 4101 orationem
2029 4050 2343 4117 protrahere

748 4138 961 4201 videor,
999 4154 1122 4190 eum
1180 4154 1359 4206 Opera:
1393 4140 1625 4207 pretium
1661 4140 1729 4192 sit
1767 4149 1821 4192 ut
1858 4140 1921 4191 ad
1959 4142 2164 4208 majma
2198 4142 2343 4195 illius

745 4231 1013 4283 mirabilia
1045 4240 1414 4293 transeamus,
1453 4241 1729 4298 gest'sque
1763 4230 2179 4300 perfectioribus
2219 4248 2341 4301 per-

744 4320 1031 4374 feclioreui
1065 4321 1239 4388 ipsum
1266 4321 1664 4373 ostendamus?

819 4410 1205 4465 Sanctiﬁcatus
1249 4413 1470 4480 quidem
1526 4413 1878 4466 sanctissimo
1926 4423 2148 4469 sanctos
2194 4427 2343 4471 ante—

742 4520 905 4571 quam
965 4516 1323 4557 nascerentur
1356 4546 1369 4568 ,
1428 4505 1503 4556 nti
1558 4514 1611 4556 et
1662 4516 1974 4572 peccatores
2022 4506 2282 4561 alienatus
2314 4525 2342 4560 a

2443 3321 2505 3358 ac
2536 3307 2736 3358 donum
2771 3304 3019 3373 adjungit
3056 3305 3223 3359 dono.
3256 3303 3400 3370 Quin
3444 3305 3644 3373 potius,
3684 3303 3759 3357 illi
3784 3304 4040 3372 quidem,

2444 3412 2708 3469 quantum
2758 3404 2933 3457 oculis
2966 3402 3328 3471 conspicuum
3382 3412 3523 3469 erat,
3566 3404 3736 3456 sacris
3772 3403 4046 3473 symbolis

2446 3492 2659 3545 initiant
2704 3507 2764 3545 ac
2790 3493 3076 3560 perﬁciunt
3110 3510 3121 3544 :
3162 3491 3399 3561 Spiritus
3428 3503 3609 3547 autem
3632 3494 3722 3562 qui
3755 3495 4044 3562 proprium

2444 3586 2571 3638 olim
2598 3586 2943 3639 defensorem
2980 3597 3227 3649 noverat,
3256 3586 3308 3638 in
3335 3601 3400 3639 eo
3428 3586 3702 3654 perfectus
3737 3599 4045 3641 manserat.

2444 3680 2521 3731 Ac
2564 3680 2637 3732 illi
2665 3681 2906 3748 quidem,
2937 3680 3081 3749 quod
3118 3680 3430 3733 ordinatum
3460 3688 3621 3734 certae
3654 3681 3879 3733 omnino
3914 3684 4045 3734 cui-

2444 3774 2566 3826 dam
2603 3774 2809 3825 civitati
2851 3789 2914 3825 ac
2958 3773 3188 3837 regioni,
3222 3789 3286 3826 ex
3321 3788 3605 3828 sacrorum
3643 3789 3915 3826 canonum
3950 3774 4046 3825 iii-

2446 3867 2637 3920 stituto
2697 3866 2809 3935 (10)
2873 3865 3220 3934 nuncupari,
3268 3866 3495 3935 ejusque
3554 3866 3822 3937 designari
3879 3868 4048 3922 titulo

2446 3958 2753 4025 Opiiitebat,
2803 3958 2974 4009 arenti
3013 3957 3132 4010 solo
3193 3966 3546 4025 angustaeque
3594 3957 3896 4025 prirﬁciunt
3942 3974 4048 4024 pa—

2448 4052 2649 4114 riet-ia},
2685 4065 2749 4101 uc
2784 4048 3002 4117 quidem
3040 4049 3324 4100 hominum
3360 4048 3706 4111 habitationi,
3745 4049 3945 4102 nedum
3983 4060 4048 4104 ut

2446 4143 2739 4210 episc0pali
2766 4142 2877 4194 sedi
2904 4141 3198 4202 sufﬁceret,
3218 4141 3352 4195 satis
3376 4142 3697 4203 commodae,
3721 4143 3859 4194 velut
3880 4150 4046 4208 puto,

2446 4236 2537 4303 qui
2566 4235 2827 4287 doctrina:
2853 4234 2923 4297 vi,
2944 4234 3088 4302 quod
3109 4234 3212 4289 loci
3234 4234 3393 4303 genio
3416 4234 3625 4298 deerat,
3648 4243 3825 4301 pos:ct
3856 4235 4049 4287 adiin~

2448 4328 2592 4396 pl:-rc
2623 4332 2666 4396 (ι
2687 4329 2757 4391 l).
3036 4310 3063 4319 ”

2522 4417 2717 4471 Verum
2752 4417 2990 4486 Spiritus
3029 4426 3257 4470 Sanctus
3282 4460 3295 4480 ,
3339 4416 3651 4489 divinioris,
3699 4425 3759 4469 ut
3800 4415 4043 4485 videtur,

2446 4500 2716 4579 propensa
2747 4510 2961 4563 consilii
2990 4509 3221 4573 ratione,
3259 4526 3359 4563 nec
3406 4524 3599 4563 corum
3641 4510 3910 4579 ejusmodi
3942 4526 4043 4563 co-

742 4599 902 4649 viilva
939 4598 1005 4660 ⁸⁸,
1042 4598 1324 4652 verissime
1358 4599 1546 4651 divino
1584 4601 1791 4667 Spiritu
1820 4609 2056 4654 testante
2086 4618 2330 4673 comper-
2377 4583 2419 4637 D
2448 4613 2633 4656 natum
2686 4601 2946 4663 inhibuit,
3004 4618 3103 4653 nec
3149 4611 3207 4654 ut
3256 4602 3344 4653 ille
3374 4601 3440 4654 ad
3487 4601 3730 4669 majores
3772 4602 4048 4657 hactenus

742 4695 856 4739 tuin
906 4698 1018 4751 est;
1049 4688 1293 4741 omnium
1331 4689 1501 4752 enim,
1536 4698 1647 4742 tum
1685 4707 1807 4759 qua:
1854 4692 1994 4745 facta
2041 4704 2189 4761 sunt,
2226 4705 2337 4748 tum

741 4797 862 4849 qua:
914 4782 1064 4845 ﬁent,
1109 4782 1361 4836 similiter
1395 4784 1732 4847 inoffensam,
1765 4788 2237 4860 certissiinainque
2278 4809 2342 4847 ac

744 4874 1119 4926 ﬁrmissimam
1147 4876 1291 4944 apud
1322 4891 1447 4929 eum
1473 4892 1597 4930 esse
1625 4879 1897 4932 notitiam.
1931 4880 2035 4934 Alii
2066 4883 2248 4952 itaque
2274 4886 2339 4939 ad

742 4966 891 5017 aliud
923 4965 1123 5018 divina:
1166 4968 1470 5021 voluntatis
1533 4985 1861 5037 propensum
1900 4974 2215 5038 consilium,
2250 4988 2343 5031 aut

742 5054 917 5123 gentis
949 5056 1349 5123 prtet'rcturam,
1378 5058 1660 5127 legemque
1693 5061 2003 5128 ferendam;
2037 5076 2128 5118 aut
2153 5070 2335 5135 populi

743 5147 1009 5223 regimen,
1041 5157 1132 5201 aut
1166 5151 1459 5203 sacerdotii
1494 5151 1724 5219 apicem,
1755 5161 1848 5205 aut
1896 5155 2160 5211 visionem
2205 5175 2334 5229 pro-

743 5238 1037 5305 plieticani,
1085 5250 1179 5292 aut
1222 5248 1601 5308 portentosani
1639 5245 2031 5311 operationem,
2061 5260 2155 5301 aut
2199 5266 2333 5319 apo-

743 5332 990 5385 stolicam
1028 5333 1291 5399 gratiam;
1340 5343 1434 5387 aut
1493 5337 1737 5405 martyrii
1786 5348 2097 5405 certamen;
2133 5346 2334 5409 ant(ut

742 5424 909 5475 verbo
958 5424 1159 5491 dicam)
1221 5424 1467 5492 spiritale
1517 5426 1883 5481 ministerium
1938 5431 2326 5499 prazdestinati,

814 5584 855 5613 ⁶⁷
897 5586 1005 5639 Tit.
1040 5604 1098 5651 ii,
1143 5588 1225 5641 Η.

816 5726 927 5785 (1ον
971 5725 1180 5779 Conril.
1220 5730 1475 5788 Clialeed.
1513 5752 1634 5791 can.
1692 5738 1723 5791 (ἶ

745 5796 921 5868 μένῳ(
955 5815 1103 5868 piae
1118 5805 1403 5856 τονεῐσθσν..

817 5867 931 5943 (Η)
963 5867 1091 5921 Orat
1156 5873 1243 5932 '21:,
1290 5890 1340 5942 ρ.
1374 5877 1479 5939 ὖδίὶ

1805 5739 2026 5807 Μηδένα
2069 5743 2333 5797 imis)»-

2450 4693 2652 4747 infizlas
2706 4692 3000 4760 sedemque
3048 4690 3343 4760 eligeretur
3403 4692 3705 4746 constituit.
3752 4691 4049 4760 Siquidem

2448 4789 2591 4841 enim
2625 4795 2851 4840 vetustae.
2882 4784 3156 4847 Ecclesiae,
3186 4799 3249 4838 ac
3280 4786 3513 4854 digniori
3547 4788 3705 4839 datus
3742 4787 4049 4854 episcopus

2448 4890 2613 4943 esset,
2662 4893 2886 4932 necesse
2929 4878 3158 4931 lorsitan
3190 4890 3309 4932 erat
3343 4886 3401 4931 ut
3435 4878 3510 4931 illi
3542 4878 3701 4941 ﬁxus,
3735 4878 3875 4931 haud
3911 4880 4051 4933 inde

2454 4971 2737 5025 transferri
2786 4969 2953 5023 facile
2990 4980 3171 5038 posset
3207 4985 3221 5034 ;
3280 4969 3658 5023 ecclesiastica
3702 4970 3910 5023 scilicet
3950 4985 4052 5021 re-

2448 5067 2571 5135 gula
2602 5064 3023 5118 translationum
3055 5063 3105 5115 id
3134 5079 3307 5132 genus
3340 5063 3663 5131 prohibente
3692 5062 3839 5129 (l2);
3874 5071 4050 5129 atque

2443 5159 2581 5213 adeo
2607 5158 2849 5212 futurum
2887 5166 3005 5210 erat
3033 5166 3090 5210 ut
3124 5156 3343 5209 urbium
3387 5155 3863 5225 praestantissima,
3892 5169 4051 5222 pra:-

2440 5251 2761 5305 stantissimi
2793 5252 2876 5305 sui
2910 5259 3021 5304 tum
3052 5249 3319 5320 episcopi,
3353 5258 3465 5303 tum
3496 5248 3729 5318 pastoris
3756 5249 4049 5317 jatturaai

2438 5346 2760 5399 incurreret.

2512 5439 2774 5507 Denique,
2805 5453 2972 5492 sacra:
3001 5437 3224 5508 quidem
3271 5437 3598 5493 initiationis
3625 5441 3643 5508 (
3673 5436 3772 5491 etsi
3806 5435 3857 5488 id
3889 5452 4048 5505 quo-

1305 5592 1349 5622 “
1386 5592 1495 5648 Jer.
1534 5612 1570 5657 i,
1600 5596 1632 5648 5
1670 5612 1683 5659 ;
1719 5595 1824 5649 lsa.
1859 5612 2002 5658 xciv,
2037 5596 2104 5660 2;
2141 5596 2285 5652 l’sal.
2327 5616 2453 5665 Lvii,
2501 5602 2542 5655 ί.

2513 5744 2854 5865 (ιωθυϐυιις.
2917 5743 3124 5801 Νὶςωη.
3190 5761 3313 5801 can.
3377 5745 3463 5812 15,
3533 5760 3691 5800 conc.
3750 5744 4049 5813 Antioch,

2513 5833 2589 5865 111.
2623 5852 2653 5865 .-
2695 5854 2707 5865 .

2470 5830 2589 5868 Call.
2620 5830 2707 5868 2U.
