4186 6434
176 489 276 549 457

923 480 1201 540 ORATIO
1231 479 1351 538 XX.
1397 502 1459 510 --
1502 476 1583 534 IN'
1627 470 1936 531 LAUDEM
1974 468 2032 530 S.

2091 465 2458 525 GllEthl-lll
2500 461 2767 520 TilEtlL.
3338 457 3441 516 453

175 613 281 665 que
318 596 369 647 vi
406 637 420 660 ,
447 602 562 648 erat
600 592 743 646 enim
780 589 826 641 si
857 589 982 657 quis
1018 587 1329 640 mortalium
1376 600 1541 654 quam
1585 582 1755 634 maxi—
1789 584 1831 640 Λ
1865 577 1930 630 lis
1976 584 2294 639 cernuntur,
2335 573 2583 642 ntulcqtte
2643 588 2671 624 a
2715 583 2854 624 terra
2884 574 3181 636 assurgunt
3212 567 3339 628 ;sed
3384 571 3436 620 in

180 704 262 741 ine
321 703 352 740 a
414 686 555 739 fastu
616 684 874 748 alienus;
923 681 1002 735 sic
1058 690 1238 735 tamen
1278 679 1432 749 quasi
1488 678 1762 746 praebente

176 775 446 829 Altissimi
505 771 750 841 dextera)
803 770 1117 840 summique
1197 769 1486 825 sacezdotii
1547 774 1760 834 sumpta

178 877 390 920 tessera
417 883 433 931 ;
463 880 525 918 ac
560 879 683 919 cum
715 862 920 934 Spiritu
953 862 1112 927 duce,
1150 860 1216 916 ad
1241 861 1385 930 quod
1432 875 1557 914 eum
1590 858 1763 927 gratia

177 974 318 1026 opus
342 966 677 1026 segregaret,
723 956 1066 1025 exploratum
1103 955 1346 1016 haberet,
1383 951 1609 1006 omnino
1647 951 1765 1020 qui-

178 1051 300 1103 dam
342 1047 685 1104 Sasimorum
728 1041 1012 1127 abdicavit
1073 1047 1365 1117 parueciam
1420 1062 1434 1110 ;
1485 1059 1764 1098 sacrorum

178 1151 366 1195 autem
424 1142 688 1196 hactenus
744 1152 1028 1210 parentum
1087 1140 1172 1209 pie
1243 1139 1391 1194 cultu
1446 1136 1764 1207 defungens,

180 1245 588 1302 paternumque
635 1249 854 1303 gregem
907 1232 1192 1302 pastoralis
1240 1231 1471 1286 solertiae
1503 1231 1770 1284 sermoni-

182 1329 304 1389 bus,
332 1343 400 1382 ac
420 1327 683 1396 operibus
713 1341 1045 1396 componens
1081 1341 1096 1391 ;
1125 1324 1377 1394 velutque
1408 1322 1603 1393 praevia
1635 1341 1771 1394 qua-

181 1418 304 1471 dam
361 1417 775 1480 exercitatione,
823 1430 887 1470 ac
924 1414 1186 1482 praeludio
1216 1413 1409 1483 patrias
1455 1411 1769 1482 episcopatu

183 1526 340 1575 usus,
377 1525 500 1566 sese
530 1511 681 1565 urbis
723 1508 1018 1577 Augustae;
1060 1507 1192 1576 quin
1252 1515 1307 1561 et
1357 1506 1531 1570 orbis,
1575 1505 1771 1576 prcefe-

183 1615 360 1656 cturte
393 1603 614 1672 aptabat
645 1619 660 1666 ;
693 1615 1051 1671 superumque
1069 1597 1418 1668 perfectionis
1470 1596 1775 1652 arrhabone

183 1704 469 1763 suscepto,
510 1693 576 1748 ad
633 1709 753 1747 eam
791 1693 1134 1747 festinantem
1168 1689 1489 1760 praeferebat
1524 1708 1537 1745 :
1581 1704 1646 1743 ac
1692 1690 1775 1758 pia

185 1786 622 1855 longanimitate,
659 1787 873 1840 divinas
906 1783 1298 1856 promissiones
1330 1782 1645 1853 recipiebat.

251 1880 608 1934 Abrahamus
642 1880 860 1948 quidem
930 1877 1366 1948 patriarcharum
1417 1875 1774 1938 clarissimus,

188 1972 363 2026 tribus
389 1973 521 2025 viris
538 1971 822 2026 Trinitatis
851 1982 975 2042 typo
1005 1969 1242 2038 hospitio
1270 1967 1538 2037 susceptis
1554 1967 1598 1998 "
1624 1983 1637 2031 ;
1669 1968 1777 2020 imo

187 2081 309 2119 cum
343 2065 517 2118 trium
576 2065 816 2118 virorum
875 2066 1046 2117 forma
1086 2059 1412 2114 Trinitatem
1471 2059 1775 2114 venientem

189 2159 290 2212 sub
319 2172 534 2227 quercu
586 2156 952 2228 refrigeraret,
1015 2155 1420 2224 humaniusque
1481 2153 1778 2222 exciperet,

190 2249 605 2304 benedictiones
636 2264 665 2302 a
696 2248 806 2302 Deo
833 2247 1184 2317 consequitur
1215 2265 1226 2298 :
1263 2244 1593 2316 hospitiique
1635 2244 1781 2297 illius

191 2344 444 2412 praemio,
504 2341 903 2411 optatissimam
935 2339 1100 2395 refert
1153 2339 1596 2410 promissionem.
1624 2336 1783 2402 Quaa-

190 2451 315 2488 nam
385 2450 521 2489 vero
565 2435 857 2503 promissio
885 2435 908 2486 ἲ
938 2433 1140 2502 Nempe
1188 2431 1368 2486 Same
1407 2447 1572 2502 supra
1631 2447 1780 2498 spem

191 2543 413 2581 onmem
448 2567 464 2591 ,
506 2537 832 2595 aetatemque
884 2527 1055 2595 prolis
1107 2526 1423 2594 susceptio;
1462 2524 1689 2578 seminis
1719 2538 1784 2576 ea

194 2619 550 2672 multitudine
583 2616 823 2681 diffusio,
876 2625 934 2670 ut
973 2615 1159 2670 stellas
1187 2616 1307 2669 cadi
1369 2624 1590 2682 :equet;
1629 2623 1787 2668 terra:

193 2712 416 2776 optima:
465 2708 754 2763 hmreditas
835 2722 898 2761 ac
937 2707 1230 2776 possessio.
1275 2704 1375 2758 llic
1430 2713 1636 2770 autem,
1677 2720 1784 2757 non

196 2799 371 2852 tribus
417 2798 572 2859 viris,
610 2797 703 2852 sed
749 2797 966 2850 deitalis
1029 2795 1204 2849 tribus
1258 2794 1552 2862 personis;
1611 2807 1786 2859 neque

194 2887 487 2944 Trinitatis
515 2889 710 2960 ﬁgura,
746 2888 841 2942 ενι]
877 2889 990 2957 ipsa
1025 2902 1165 2954 vere
1201 2895 1451 2956 suscepta
1480 2884 1785 2950 Trinitate;

198 2999 376 3051 neque
429 2998 494 3037 ea
523 2999 646 3052 qua:
673 2977 841 3037 semel
877 2982 1074 3050 hospes
1104 2980 1333 3043 venerit,
1375 2978 1468 3034 sed
1499 2993 1622 3046 qua:
1649 2995 1791 3031 seiu-

197 3089 292 3140 per
325 3073 746 3127 altslrllSiSsillla
777 3073 985 3126 ratione
1021 3072 1267 3135 adesset;
1295 3085 1402 3123 non
1443 3069 1789 3123 irrationabi-

202 3166 344 3218 libus
374 3165 539 3229 cibis,
588 3165 682 3218 sed
720 3163 857 3217 vivis
889 3162 1260 3227 sermonibus,
1319 3161 1575 3230 verisque
1625 3161 1788 3214 animi

203 3259 404 3322 smsis,
426 3271 490 3311 ac
525 3256 855 3317 rationibus,
879 3255 1106 3324 ipsaque
1135 3268 1262 3309 vere
1291 3253 1470 3322 dignis
1498 3251 1786 3317 Trinitatc,

203 3350 530 3418 magnifice,
579 3348 977 3417 ambitioseque
1027 3348 1174 3401 illam
1233 3346 1486 3400 convivio
1552 3345 1788 3413 accipit;

204 3457 300 3494 nec
313 3441 416 3494 sub
439 3439 652 3494 arboris
670 3439 859 3493 umbra
878 3438 1180 3508 refrigerat,
1213 3438 1306 3493 sed
1335 3438 1439 3492 sub
1463 3438 1790 3491 eximiorutn

203 3551 500 3590 sensorum
540 3533 649 3587 alto
673 3544 925 3599 recreat;
963 3533 1322 3602 melioresque
1358 3547 1422 3587 ac
1461 3531 1793 3586 certissimas

205 3628 609 3698 prumissioues
627 3625 1000 3695 consequitur.
1020 3625 1338 3680 Liberorum
1370 3626 1512 3678 enim
1535 3623 1795 3692 multipli-

205 3733 605 3784 catorum,non
627 3719 1058 3785 carnalium,scd
1091 3719 1410 3789 spiritalium
1438 3733 1644 3785 ;ncque
1673 3717 1797 3771 stel-

204 3812 271 3867 lis
298 3813 354 3865 in
368 3818 659 3881 aspectum
673 3811 1017 3876 cadentibus,
1041 3813 1133 3866 sed
1149 3828 1267 3881 quae
1287 3819 1464 3864 mente
1484 3811 1796 3879 intelligun-

211 3915 317 3966 tur,
344 3915 464 3956 tum
504 3903 881 3966 multitudine,
916 3911 1030 3955 tum
1063 3904 1261 3955 decore
1294 3916 1460 3970 quam
1487 3900 1749 3954 similium
1782 3918 1795 3965 ;

205 4011 305 4049 nec
341 4005 506 4048 terra!
522 3994 664 4062 ejus,
693 4009 854 4062 quam
883 3995 1159 4048 seeleratge
1184 4006 1371 4063 gentes
1403 3993 1542 4058 aliae,
1569 3993 1796 4061 aliaeque

208 4087 449 4139 subinde
501 4087 802 4148 calearent,
841 4087 933 4140 sed
982 4101 1102 4155 qua:
1142 4086 1351 4138 mitium
1385 4085 1430 4115 7°
1461 4085 1674 4154 prepria
1717 4094 1799 4138 est

208 4175 525 4244 (rallrslis,
559 4175 820 4246 inquam)
857 4175 1200 4246 pOSsidcuda:
1240 4176 1555 4231 verissimas
1609 4174 1800 4244 recipit

208 4268 638 4335 promissiones.

280 4363 363 4413 Ac
391 4361 620 4428 quidem
651 4360 997 4414 Abrahamus
1028 4371 1211 4430 postea
1244 4361 1801 4430 unigenitumptimo-

210 4456 596 4522 genitumque,
624 4453 689 4506 de
715 4467 824 4521 quo
854 4451 993 4507 facta
1031 4453 1327 4523 promissio
1359 4462 1496 4517 erat,
1526 4468 1648 4506 cum
1683 4462 1799 4506 ten-

213 4557 426 4600 taretur
459 4554 519 4598 ut
546 4559 711 4613 super
740 4561 848 4598 uno
891 4546 1155 4599 montium
1191 4545 1465 4599 victimam
1493 4545 1707 4600 offerret
1730 4546 1799 4611 τ’,

1886 3801 2024 3857 nem
2096 3805 2211 3860 vitii
2249 3847 2262 3869 ,

1866 681 2036 721 sacra:
2087 663 2587 734 imperturbatiouis
2629 664 2739 715 alto
2792 661 3072 723 culmine;
3118 673 3352 726 cumque
3386 674 3443 712 se

1867 760 1982 829 ipse
2007 758 2186 829 magni
2235 758 2506 828 primique
2530 755 2805 828 pontificis
2825 755 3076 809 manibus
3101 753 3442 821 praebuisset,

1868 867 1974 905 non
1999 851 2167 907 lsaaci
2189 865 2343 904 more
2372 851 2684 911 dimittitur,
2721 848 2815 902 sed
2846 847 2899 900 in
2931 847 3038 900 duo
3069 853 3308 907 secatur,
3337 844 3448 897 vita

1869 944 2101 1008 scilicet,
2147 959 2269 1013 quae
2323 943 2388 996 ad
2422 958 2638 996 carnem
2686 949 2914 1011 spectat,
2973 949 3088 994 tota
3121 946 3448 1000 emortuus;

1869 1035 2094 1103 solaque
2119 1050 2182 1088 ea
2218 1048 2338 1104 quae
2367 1033 2420 1087 in
2471 1032 2666 1101 spiritu
2715 1040 2820 1096 est,
2883 1033 3081 1084 vivus:
3118 1045 3180 1085 ac
3228 1038 3449 1084 terrena

1872 1128 2090 1197 quidem
2132 1127 2466 1191 luereditate,
2500 1135 2758 1194 tauquam
2789 1125 2934 1178 ﬂuxa
3001 1137 3066 1176 ac
3111 1121 3315 1176 caduca
3355 1137 3452 1175 ex-

1874 1220 2112 1285 cedens;
2147 1221 2212 1274 ad
2268 1234 2560 1290 supernam
2605 1227 2810 1284 autem,
2851 1233 2915 1272 ac
2964 1216 3242 1280 stabilem,
3271 1216 3452 1269 muni-

1873 1313 2111 1382 cipatum
2184 1315 2306 1367 vitae
2357 1313 2600 1366 rationes
2674 1308 3007 1365 transferens
3049 1352 3064 1376 ,
3109 1309 3457 1377 filiorumque

1877 1407 2258 1475 promissionis
2299 1405 2683 1475 pulcherrima:
2730 1404 3014 1476 primitiaa,
3057 1418 3120 1459 ac
3181 1403 3458 1458 nobilissi-

1880 1512 1979 1551 ma:
2024 1499 2317 1553 exsistcns.

1950 1589 2082 1643 Nam
2131 1591 2255 1660 quis
2286 1605 2394 1661 pra:
2450 1591 2565 1656 illo,
2623 1591 2810 1659 sicque
2866 1605 2926 1646 se
2977 1588 3345 1660 intelligentia
3406 1591 3457 1642 vi

1883 1682 2206 1750 praeditum,
2274 1683 2632 1753 Opimumque
2688 1683 3094 1746 holocaustum,
3149 1682 3340 1753 prima:
3383 1681 3459 1734 illi

1881 1771 2086 1836 menti,
2135 1771 2353 1841 Deoque
2397 1787 2496 1842 pro
2535 1771 3032 1843 intelligentissima
3081 1772 3170 1825 illa
3189 1787 3252 1826 ac
3302 1771 3464 1840 spiri-

1883 1865 1974 1918 tali
2006 1880 2102 1919 ara
2126 1864 2363 1919 obtulit?
2392 1865 2525 1930 Quis
2557 1882 2682 1921 vero
2710 1867 2790 1920 sic
2827 1864 3049 1920 victima
3075 1874 3257 1919 utente
3299 1866 3462 1918 ratio-

1880 1971 1950 2009 ne
1981 1995 1996 2018 ,
2023 1970 2087 2010 ac
2117 1956 2470 2011 immaculata
2532 1959 2776 2012 omnium
2826 1958 2997 2029 gratia
3027 1959 3324 2013 immolata:
3377 1976 3464 2012 ra-

1882 2047 2040 2112 tieni,
2073 2045 2356 2120 verboque
2389 2050 2516 2105 fecit
2545 2051 2567 2103 ?
2593 2050 2727 2118 Quis
2768 2053 2842 2106 ita
2885 2053 3120 2108 hostiam
3172 2054 3461 2111 viventem.

1883 2149 2153 2204 sanctam,
2197 2142 2638 2213 bencplacentem
2692 2160 2892 2215 corpus
2947 2161 3130 2211 suum,
3181 2162 3245 2203 ac
3303 2149 3466 2216 spiri-

1886 2240 2020 2296 tum,
2054 2233 2285 2291 Domino
2315 2236 2540 2307 Spiritui
2584 2237 2831 2292 exhibuit
2876 2237 2966 2291 "‘l
2993 2237 3129 2305 Quis
3185 2239 3256 2294 ita
3316 2240 3498 2309 prius-

1885 2335 2000 2382 tum
2036 2343 2220 2393 carne,
2263 2339 2375 2383 tum
2408 2329 2591 2384 animo
2637 2332 2929 2386 sanctitate
2975 2331 3239 2396 imbutus,
3274 2332 3471 2386 exinde.

1885 2420 2197 2476 sanctitatis
2255 2422 2546 2490 sacerdos,
2600 2439 2665 2478 ac
2716 2425 3042 2479 administer
3071 2423 3298 2478 effectus
3345 2435 3426 2478 est
3450 2427 3474 2475 ἲ

1887 2511 2021 2578 Quis
2056 2531 2368 2583 supremam
2401 2523 2528 2570 ante
2576 2525 2769 2569 nactus
2822 2514 3192 2586 adoptionem,
3226 2515 3306 2570 sic
3349 2515 3472 2570 aliis

1888 2602 2033 2658 Patri
2062 2607 2354 2674 spirituum
2371 2608 2418 2640 ⁷³
2435 2607 2758 2677 adoptandis
2774 2607 3100 2662 conciliator
3120 2607 3326 2662 ascitus
3349 2618 3430 2661 est
3451 2610 3474 2661 ?

1959 2695 2244 2763 Quodnam
2301 2700 2590 2768 pastoralis
2644 2699 2879 2754 solertiae
2928 2715 3100 2769 genus
3133 2741 3148 2764 ,
3183 2699 3466 2768 quodnam

1891 2789 2112 2846 virtutis
2152 2803 2340 2862 vegeta
2381 2793 2598 2847 actione
2644 2806 2752 2846 non
2797 2791 2934 2846 obiit
2973 2792 3301 2861 specimen?
3333 2790 3477 2858 Quid

1891 2891 1998 2946 est,
2031 2884 2175 2953 quod
2243 2884 2440 2939 divinae
2494 2885 2898 2954 praedicationis
2957 2886 3309 2942 sermonibus
3367 2902 3478 2940 non

1895 2973 2199 3030 clarissime
2246 2977 2514 3032 detexerit
2551 2978 2575 3032 ‘l
2613 2987 2670 3032 ut
2724 2979 2777 3031 in
2834 2992 2900 3031 eo
2952 2977 3216 3047 majorem
3274 2995 3477 3040 sermo.

1893 3074 2056 3134 atque
2093 3067 2342 3122 doctrina
2372 3085 2480 3140 pra:
2536 3071 2753 3124 actione
2791 3070 3210 3125 admirationem
3238 3071 3433 3126 habeat
3463 3093 3478 3136 ;

1895 3155 2142 3222 quinimo
2166 3157 2310 3212 actio
2347 3173 2456 3226 prae
2480 3173 2752 3220 sermone,
2785 3167 2949 3227 atque
2979 3158 3229 3212 doctrina
3277 3161 3473 3225 majori

1897 3247 2264 3302 admiratione
2303 3250 2493 3318 rapiat.
2524 3248 2658 3315 Quis
2685 3251 2754 3303 ita
2805 3265 3056 3306 sermone
3090 3251 3274 3305 clarus
3352 3268 3479 3321 gra-

1899 3339 2124 3408 visque;
2165 3340 2244 3395 sic
2275 3341 2588 3408 distinctus,
2643 3352 2808 3413 atque
2834 3343 3073 3414 elegans,
3107 3353 3480 3413 ornatusque;

1899 3435 1977 3487 sic
2025 3447 2184 3488 verax
2237 3449 2301 3489 ac
2362 3436 2704 3504 perspicuus,
2747 3446 2804 3490 ut
2855 3436 3048 3500 videri,
3095 3452 3260 3505 quam
3301 3438 3480 3492 audiri

1901 3528 2083 3595 potius
2135 3528 2402 3594 videatur,
2461 3528 2725 3597 quidquid
2783 3530 3067 3598 loquitur;
3131 3530 3320 3596 idest,
3382 3547 3481 3598 pro

1904 3617 2160 3689 Theologi
2189 3621 2437 3688 partibus
2471 3621 2538 3674 de
2576 3621 2686 3675 Deo
2710 3622 3082 3690 exsequitur?
3117 3621 3230 3674 Imo
3261 3624 3388 3692 quis
3412 3625 3484 3676 ita

1902 3710 2010 3764 Deo
2037 3711 2272 3776 altlatus,
2306 3722 2472 3782 atque
2497 3715 2683 3783 gratiae
2709 3715 2963 3769 conditus
2990 3715 3233 3780 salibus;
3258 3727 3315 3770 ut
3368 3733 3484 3770 om-

2331 3808 2840 3877 putentissimaeque
2901 3809 3171 3864 haereseos
3243 3812 3479 3865 CXSiCCM

1903 3897 2076 3950 tabem
2129 3914 2142 3960 ;
2206 3898 2466 3966 quidquid
2530 3914 2660 3953 vero
2694 3900 2946 3952 humanis
3014 3901 3266 3956 moribus
3307 3902 3482 3957 disso-

1905 3988 2100 4050 lutum,
2139 3990 2465 4059 molliusque
2491 3991 2652 4055 inest,
2681 4003 2844 4061 atque
2874 3992 3144 4057 diffluens,
3184 3995 3250 4048 ad
3286 3997 3485 4049 mentis

1904 4081 2292 4144 constantiam,
2307 4097 2678 4152 sanarumque
2704 4084 2979 4137 rationum
3000 4083 3297 4140 transferat
3315 4085 3485 4139 firmi-

1906 4181 2072 4225 tatem
2104 4173 2127 4226 ἲ

1976 4264 2110 4331 Quis
2168 4282 2276 4335 prze
2325 4267 2770 4338 illo(dutnmodo
2804 4268 3104 4338 principem
3141 4269 3288 4323 illum
3311 4282 3488 4339 pasto-

1906 4372 2024 4410 rum
2051 4357 2096 4387 7"
2121 4359 2361 4426 excipias
2395 4358 2717 4430 )magisque
2747 4361 2928 4415 bonus
2989 4361 3201 4424 Pastor,
3235 4363 3328 4431 qui
3376 4379 3490 4416 ser-

1909 4450 2085 4504 monis
2118 4451 2299 4505 fistula
2327 4452 2391 4505 ad
2420 4451 2561 4504 bona
2587 4467 2786 4521 pascua
2815 4454 3012 4506 educat
3042 4454 3107 4514 ⁷³,
3133 4456 3297 4522 inque
3321 4455 3492 4508 bonas

1912 4555 2073 4613 atque
2117 4547 2278 4600 utiles
2333 4547 2520 4601 caulas
2553 4548 2820 4602 inducat?
2869 4547 3004 4612 Quis
3038 4548 3118 4602 sic
3155 4548 3376 4616 probus,
3426 4561 3489 4598 ac.

215 4637 364 4691 haud
397 4647 732 4707 praeceptum
792 4638 1022 4698 distulit,
1065 4638 1206 4691 haud
1242 4655 1353 4692 rem
1388 4639 1608 4710 aggredi
1641 4639 1802 4693 dubi-
1837 4635 1881 4692 D
1911 4637 2239 4698 industrius,
2295 4648 2354 4692 ut
2399 4653 2614 4707 gregem
2677 4649 2790 4692 tum
2879 4637 3219 4708 impiuguare
3260 4639 3490 4701 noverit,

215 4732 410 4790 tavit;
473 4730 617 4783 haud
676 4732 975 4799 obstupuit,
1012 4732 1144 4800 quin
1197 4747 1439 4797 manum,
1477 4742 1639 4800 atque
1692 4731 1806 4800 gla-

212 4823 366 4875 dium
393 4823 409 4890 (
436 4837 471 4873 ο
513 4821 679 4873 animi
712 4822 1164 4890 magnitudinem,
1200 4823 1309 4875 imo
1339 4823 1605 4892 insignem
1633 4823 1804 4892 pieta-

217 4914 284 4963 tis
322 4915 460 4973 vim,
505 4926 570 4963 ac
626 4912 942 4980 religionem
975 4914 1028 4981 !)
1063 4905 1374 4969 eliarissitui
1408 4914 1599 4984 jugulo
1636 4914 1805 4969 infera-

219 5010 298 5054 ret
327 5019 344 5066 ;
386 5001 608 5055 tametsi
646 5017 787 5055 novo
824 5003 917 5056 illo
942 5017 1007 5057 ac
1041 5004 1262 5057 insolito
1302 5004 1571 5059 sacrificio
1601 5004 1807 5058 inbibi-

219 5102 308 5147 tus
347 5104 455 5156 est,
501 5094 671 5146 ariete
712 5094 893 5146 statim
923 5096 1189 5149 cornibus
1207 5096 1488 5160 deviucto,
1521 5095 1614 5165 qui
1647 5096 1808 5150 victi-

218 5202 319 5240 ma:
355 5185 566 5238 utentis
617 5187 828 5238 ratione
852 5187 1028 5240 locum
1074 5187 1338 5256 expleret.
1372 5187 1666 5258 Gregorius
1710 5203 1810 5241 au-

219 5289 351 5340 tem,
392 5289 511 5330 tum
545 5277 700 5329 altari
729 5277 980 5330 admotus
1001 5286 1104 5341 est,
1136 5287 1251 5330 tmn
1287 5281 1531 5347 paternis
1564 5279 1810 5334 initiatus

221 5370 479 5421 manibus
547 5370 754 5437 integra
808 5369 1043 5431 victima,
1069 5385 1132 5423 ac
1172 5387 1324 5423 novae
1367 5373 1626 5427 sacerdos
1654 5371 1811 5426 victi-

224 5473 321 5511 mze
358 5458 662 5511 sacerdotii
686 5458 996 5514 initiatione
1025 5462 1263 5517 oblatus.
1297 5461 1407 5518 Nec
1435 5480 1465 5518 a
1487 5473 1637 5534 patre
1665 5465 1810 5519 dun-

222 5556 391 5610 inal,
423 5550 522 5602 sed
556 5550 715 5620 longe
745 5552 896 5620 prius
938 5569 967 5606 a
1007 5557 1208 5610 teneris
1235 5558 1395 5612 annis
1437 5558 1551 5628 ipse
1574 5573 1631 5614 se
1683 5557 1815 5613 offe-

225 5659 370 5708 rens,
399 5660 513 5698 non
545 5660 714 5712 super
733 5661 840 5700 uno
869 5647 1051 5718 aliquo
1075 5665 1138 5704 ex
1169 5651 1233 5705 iis
1259 5653 1540 5709 montibus
1569 5655 1660 5722 qui
1683 5668 1814 5707 ocu-

293 5823 743 5896 ξ³ᾼ1ἱιιιιςγιιμ1
782 5843 934 5895 seqq.
1012 5830 1056 5860 ’⁷⁸
1090 5829 1274 5886 Matth.
1318 5849 1368 5896 ν,
1405 5834 1457 5888 4.

228 5891 268 5921 ⁷⁸
301 5892 485 5951 ΙΡιιιν.
521 5915 572 5962 t',
610 5898 666 5949 4.
745 5898 790 5926 ⁷⁵
821 5891 980 5953 δώῃ.
1013 5917 1087 5962 XI,
1133 5903 1219 5957 15.

585 5993 862 6051 Parnm.
897 5995 1012 6052 Gn.
1053 5994 1172 6054 CV.

1299 5906 1342 5934 ⁷⁸
1375 5906 1512 5960 Gen.
1552 5923 1720 5965 xxvu,
1754 5906 1806 5959 4.

1535 5835 1578 5866 ‘H

1599 5835 1735 5889 Gcn.
1763 5849 1896 5896 χιιι,
1925 5835 1979 5888 Ι.
2070 5835 2117 5863 τ²
2155 5835 2310 5886 Item.
2347 5849 2397 5887 χι

1599 5923 1720 5965 tvu.
1754 5906 1806 5959 4.
1885 5905 1927 5937 ⁷⁷
1956 5906 2068 5960 Gen
2119 5920 2306 5966 xxvtu,
2362 5906 2404 5971 l.

1915 4739 2026 4783 tum
2055 4731 2210 4800 copia
2242 4747 2438 4801 augere
2468 4751 2482 4796 ;
2516 4747 2579 4787 ac
2610 4749 2772 4803 quam
2806 4731 2992 4803 procul
3021 4749 3051 4786 a
3086 4732 3334 4802 luporum
3370 4735 3496 4786 feri-

1916 4832 2022 4876 tate
2054 4823 2380 4876 incolumem
2409 4838 2627 4877 servare
2655 4825 2678 4876 ?

1987 4915 2223 4969 Jac-obus
2253 4916 2468 4985 quidem
2505 4916 2592 4971 ille
2617 4915 2784 4970 lsaaci
2817 4917 2965 4970 filius
3020 4916 3368 4969 suavissimis
3403 4930 3495 4983 ρηο-

1918 5014 2053 5059 tretn
2077 5007 2352 5074 accipiens
2378 5005 2614 5076 dapibus
2643 5006 2710 5069 "°,
2745 5006 2864 5076 ejus
2889 5007 2939 5059 in
2973 5021 3032 5059 se
3056 5005 3495 5060 benedictionem

1918 5098 2068 5153 fratri
2105 5103 2360 5168 pra-latus
2389 5100 2634 5154 attraxit.
2685 5099 2822 5153 Tum
2865 5099 3004 5155 Esau
3052 5099 3252 5154 caedem
3284 5102 3499 5168 spirat.-

1919 5193 1988 5247 tis
2018 5193 2276 5246 invidiam
2319 5192 2534 5264 fugiens
2557 5193 2838 5259 ",faustis
2869 5209 3002 5247 usus
3039 5188 3354 5257 insomniis,
3377 5209 3498 5261 qua!

1919 5286 1984 5338 ad
2014 5285 2217 5338 scalam
2276 5287 2329 5338 in
2383 5285 2580 5340 ctelum
2633 5296 2946 5354 proteusam
2997 5295 3326 5354 spectarent,
3372 5302 3497 5353 pro-

1915 5390 2184 5445 speroque
2219 5376 2485 5431 deductus
2521 5377 2734 5442 itinere,
2779 5393 2842 5432 ac
2878 5393 2936 5432 se
2985 5379 3245 5431 maternis
3291 5378 3499 5431 laribus

1917 5467 2176 5532 inferens,
2214 5467 2414 5522 Labani
2451 5471 2682 5524 filiarum
2719 5486 2882 5523 causa
2909 5471 3125 5524 labores
3151 5470 3381 5524 desudat
3415 5469 3494 5528 7“z

1917 5561 2145 5615 desudat
2204 5579 2333 5616 vero
2392 5563 2637 5616 curando
2689 5563 2892 5632 pecm-i,
2944 5577 3009 5616 ac
3064 5563 3167 5617 sibi
3220 5563 3502 5615 vindican-

1919 5658 2022 5719 do;
2064 5656 2346 5724 tribusque
2408 5656 2460 5708 in
2520 5656 2793 5710 canalium
2850 5654 3019 5710 alveis
3066 5655 3235 5726 virgis
3281 5653 3500 5722 apposi-

2070 5835 2117 5863 τ²
2155 5834 2310 5886 Item.
2347 5849 2445 5898 xu,
2480 5833 2526 5895 l;
2561 5831 2834 5894 lCor.m,
2863 5831 2948 5884 Π.

2486 5906 2531 5935 ⁷⁸
2561 5904 2698 5957 Gen.
2736 5918 2887 5966 xxtx,
2923 5905 2972 5953 ‘I.

3009 5991 3081 6054 15

3026 5830 3072 5862 "
3108 5827 3272 5884 Hebr.
3302 5845 3396 5888 xu,
3448 5827 3501 5883 9.
