4186 6434
827 424 934 485 459

2024 415 2312 474 ΝΙΠΕΤΕ
2344 412 2703 473 ΡᾹῘἾΠΛΘ(
2720 414 2864 472 lNlS

3951 411 4058 470 4m

821 533 889 593 tis
923 533 989 598 "“,
1021 547 1084 584 ac
1116 530 1216 584 sub
1246 546 1431 583 eorum
1464 529 1644 584 colore
1673 529 1910 581 variante
1956 540 2230 595 aspectum
2260 542 2386 578 oves
2416 528 2457 582 Α
2491 542 2594 576 non
2635 527 2686 576 in
2718 524 2943 586 somnis,
2971 523 3062 578 sed
3106 523 3216 592 ipsa
3246 523 3448 591 vigilia,
3481 537 3601 591 (pta:
3631 537 3660 572 c
3682 537 3739 574 re
3771 531 3951 574 essent
3993 538 4059 572 ac

823 629 888 678 art
929 622 1128 677 coitum
1158 622 1429 678 emittcns.
1466 620 1650 688 plures
1679 619 1984 672 maculosas
2021 617 2168 676 facit,
2217 629 2378 683 quam

819 731 940 783 qttze
972 713 1130 766 nullis
1174 721 1329 765 erant
1374 712 1644 765 distinctae
1703 710 1934 764 maculis
1968 729 1979 762 :
2014 709 2203 776 hisque
2247 705 2380 758 arti-

819 808 918 859 bus
947 805 1134 859 deluso
1171 801 1330 874 Syro,
1351 819 1414 858 ac
1443 819 1566 858 cum
1590 803 1816 858 solerter
1839 804 1938 857 sibi
1978 810 2218 870 parasset
2256 799 2382 853 sub-

817 897 1094 961 stantiam,
1131 896 1203 950 ita
1235 912 1355 950 cum
1390 895 1652 950 uxoribus
1683 910 1746 949 ac
1798 896 1980 948 liberis
2010 894 2078 946 ab
2106 909 2170 946 eo
2194 893 2327 960 fugit
2361 911 2376 958 ;

819 986 1017 1054 Deique
1042 985 1235 1054 copiis,
1284 1000 1347 1040 ac
1403 986 1596 1039 turmis
1655 985 1910 1040 occurrit.
1961 983 2039 1036 Ad
2078 983 2192 1036 Inee
2254 997 2378 1035 cum

815 1074 944 1137 Deo,
978 1075 1070 1144 qui
1111 1084 1453 1144 apparuerat,
1498 1083 1746 1129 conserta
1795 1088 1994 1143 pugna,
2030 1073 2186 1141 cujus
2214 1072 2377 1125 etiam

815 1176 946 1220 nutu
982 1177 1185 1221 mutata
1229 1167 1588 1236 appellatione
1636 1166 1847 1222 lsraelis
1905 1180 2100 1219 nomen
2152 1165 2377 1232 accepit,

810 1259 1021 1312 cunctis
1057 1259 1316 1314 liberatus
1357 1258 1642 1323 molestiis,
1675 1258 1726 1310 in
1752 1266 2030 1326 paternam
2055 1254 2250 1309 alacris
2283 1255 2382 1308 do-

811 1365 958 1403 mum
992 1350 1168 1404 rediit.

881 1503 1018 1567 Quid
1043 1519 1169 1555 vero
1203 1501 1548 1572 Gregorius?
1586 1502 1773 1556 Nonne.
1811 1502 2026 1569 optimis
2077 1500 2383 1569 Theologire

811 1595 1076 1662 dogmatis
1104 1593 1347 1647 divinum
1381 1592 1939 1663 accipiebatNumen;
1979 1593 2382 1661 presbyterum-

809 1701 913 1752 que
939 1687 1099 1739 etiam
1137 1687 1211 1738 illi
1254 1687 1488 1740 invismn
1531 1687 1802 1738 funestum
1849 1685 2034 1737 Arium
2069 1686 2237 1753 gloria
2289 1699 2381 1737 su-

812 1793 1026 1844 perans,
1055 1777 1362 1830 divinarum
1397 1777 1562 1830 decus
1613 1777 2054 1831 benedirtionum
2102 1776 2383 1844 privilegio

809 1869 1016 1938 accepit
1045 1867 1279 1920 ?Nonne
1309 1867 1395 1920 hic
1423 1882 1641 1937 quoque
1699 1868 1844 1922 illius
1895 1868 2265 1920 crudelitatem
2300 1867 2383 1919 fu-
2416 1865 2459 1921 Β

812 1960 983 2026 giens,
1015 1958 1080 2012 ad
1131 1967 1431 2013 maternam
1484 1959 1728 2025 domum,
1775 1959 2123 2028 apostolicam
2179 1959 2385 2013 scilicet

813 2051 1105 2105 Hei-lesiam
1149 2053 1571 2120 commigravit?
1614 2054 1803 2106 Nonne
1847 2053 2049 2106 scalam
2081 2067 2111 2105 e
2157 2052 2382 2106 terrain

809 2143 1031 2204 malum,
1070 2141 1365 2211 fastigiata,
1400 2159 1464 2197 ac
1514 2159 1633 2212 qua:
1680 2142 1973 2196 virtutibus
2006 2141 2381 2204 fabricaretur,

717 2251 732 2268 ο
812 2233 962 2300 prius
992 2234 1243 2301 aspexit?
1272 2233 1461 2288 Nonne
1496 2249 1591 2303 per
1616 2250 1759 2297 eam,
1798 2235 1886 2288 Dei
1929 2236 2022 2303 qui
2065 2234 2140 2286 illi
2179 2233 2381 2286 innite-

811 2321 988 2385 batur,
1012 2322 1436 2391 angelorumque
1458 2323 1510 2376 in
1538 2339 1599 2376 ea
1621 2324 2028 2378 ascendentium
2078 2337 2139 2375 ac
2162 2322 2384 2374 descen-

808 2411 1050 2465 dentimn
1104 2413 1298 2468 doctus
1347 2423 1430 2468 est
1484 2414 1991 2483 contemplationem
2033 2413 2055 2466 ?
2103 2413 2241 2478 Quin
2297 2411 2384 2465 hic

807 2517 1028 2570 quoque
1058 2503 1273 2558 labores
1319 2504 1570 2568 desudat,
1608 2514 1661 2558 at
1697 2519 1803 2558 non
1864 2506 1935 2558 ita
1992 2514 2051 2559 ut
2090 2505 2380 2558 mulierum

806 2602 1089 2646 venustate
1117 2593 1400 2660 tabescat;
1441 2611 1546 2648 non
1581 2595 1698 2663 ejus
1727 2596 1901 2666 gratia
1938 2595 2380 2665 pulchrittnlinis,

807 2697 927 2749 qum
964 2685 1032 2737 ad
1061 2685 1252 2738 horam
1289 2686 1448 2741 floret
1483 2704 1498 2753 ;
1538 2703 1657 2757 qua:
1692 2688 1756 2742 ad
1808 2687 2077 2742 modicum
2131 2687 2379 2752 delectat,

806 2777 1076 2847 citiusque
1118 2779 1441 2845 evanescit;
1512 2796 1688 2849 neque
1739 2780 1881 2849 apud
1934 2779 2235 2840 Labanum,
2288 2777 2380 2833 sed

806 2870 924 2936 ejus
953 2878 1210 2938 nepotem
1240 2869 1456 2939 Moysen
1495 2889 1507 2924 :
1537 2872 1747 2926 laborat
1782 2883 1983 2935 autem,
2035 2881 2093 2924 ut
2148 2871 2380 2924 duarum

806 2961 926 3030 ejus
957 2960 1210 3023 filiarum,
1245 2966 1444 3016 vett-ris
1476 2963 1682 3016 scilicet
1737 2963 1974 3031 novique
2025 2962 2377 3026 Testamenti,

805 3050 1378 3120 notitiamperfectam
1416 3053 1782 3107 nanciscatur.
1823 3053 1899 3106 Ac
1947 3053 2104 3121 plane
2162 3052 2378 3106 illarum

806 3157 1031 3210 compos
1063 3142 1327 3207 ellieitur;
1363 3143 1594 3210 primum
1617 3144 1832 3211 quidem
1874 3143 2109 3197 senioris
2144 3160 2158 3207 ;
2185 3143 2381 3196 exinde

807 3243 984 3288 autem
1017 3235 1272 3302 junioris.
1331 3235 1418 3288 Sic
1449 3237 1592 3288 enim
1627 3235 1765 3288 forte
1812 3249 1908 3303 par
1942 3245 2096 3297 erat,
2136 3245 2194 3288 ut
2254 3250 2377 3288 cum

809 3327 940 3395 legis
971 3326 1123 3395 prius
1153 3327 1352 3390 littera,
1399 3342 1461 3380 ac
1511 3337 1622 3380 tum
1664 3343 1786 3381 cum
1838 3328 2028 3395 spiritu
2057 3365 2072 3390 ,
2126 3327 2383 3381 societate

803 3418 1142 3488 jungerctur.
1200 3417 1303 3471 Par
1330 3427 1466 3478 erat,
1525 3431 1581 3471 ut
1605 3419 1800 3472 veteris
1835 3416 2128 3487 Scriptura:
2162 3434 2380 3472 sensum

807 3508 1038 3574 facilem,
1095 3525 1158 3562 ac
1207 3510 1538 3578 expeditum,
1591 3523 1693 3562 nec
1749 3510 2038 3563 admodum
2095 3510 2379 3576 pulchrum

807 3610 1048 3669 aspectu,
1085 3611 1246 3668 atque
1277 3609 1560 3652 venustum
1596 3615 1722 3652 vere
1751 3601 1982 3667 prinmm
2015 3600 2214 3653 Coleret
2249 3599 2382 3663 ;sic-

806 3709 911 3760 que
957 3693 1007 3744 in
1041 3708 1105 3744 co
1152 3693 1258 3744 alte
1317 3692 1590 3754 latentem,
1635 3691 1798 3759 inque
1858 3693 2042 3758 gratiae
2095 3692 2382 3760 Evmgelio

810 3781 1094 3834 manifeste
1124 3781 1410 3849 proditam,
1453 3779 1750 3834 formosam
1788 3781 1931 3832 illam
1976 3795 2039 3833 ac
2083 3780 2378 3848 elegantem

809 3872 1073 3924 rationem
1119 3871 1135 3939 (
1190 3871 1278 3922 Dei
1341 3870 1546 3924 scilicet
1609 3869 1762 3923 Verbi
1818 3870 2208 3924 incarnationis
2249 3887 2380 3926 cnn-

810 3961 1244 4029 tu-mplatitmcm)
1269 3961 1414 4014 clare
1444 3971 1808 4028 pernosceret,
1837 3976 1900 4014 ac
1924 3962 2186 4032 diligeret,
2219 3965 2382 4032 inque

807 4052 925 4118 ejus
955 4051 1236 4119 amplexus
1285 4051 1450 4102 animi
1492 4049 1768 4118 proposito
1797 4059 1992 4104 rueret.

882 4200 975 4252 llis
1028 4201 1213 4266 utique
1264 4196 1478 4250 duobus
1535 4197 1876 4252 testamentis
1929 4207 2184 4266 tanquam
2239 4200 2380 4254 veris

811 4303 946 4342 usus
986 4287 1332 4357 cenjngibus,
1396 4286 1536 4341 filios
1605 4289 1740 4355 patri
1802 4289 2145 4357 multiplicat.
2201 4291 2380 4344 Animi

811 4378 1203 4448 parturiginum
1243 4379 1293 4430 in
1343 4379 1557 4446 Spiritu,
1611 4377 1700 4433 Dei
1738 4380 2162 4448 promissionum
2207 4382 2379 4436 haat'c-

807 4474 923 4534 des,
957 4473 1153 4525 liberos
1183 4481 1450 4540 procreat.
1497 4471 1604 4525 Nec
1631 4473 1681 4525 id
1732 4481 1938 4525 tantmn
1984 4488 2114 4527 cura
2176 4475 2377 4529 intenta

808 4565 938 4632 agit,
967 4573 1025 4615 ut
1077 4562 1341 4631 suscipiat
1381 4563 1603 4623 liberos,
1655 4562 2000 4617 sublimiores
2058 4564 2263 4619 scilicet
2316 4580 2379 4620 ac

807 4655 1236 4724 spiritales;sed
1284 4665 1340 4708 ut
1388 4657 1551 4708 etiam
1597 4655 1862 4723 mancipia
1900 4656 2173 4725 acquirat;
2221 4657 2381 4710 nitui-

810 4763 926 4798 rum
978 4748 1192 4815 corpori
1250 4746 1544 4800 vieiniores
1609 4761 1672 4799 ac
1724 4746 2061 4800 humiliores.
2095 4745 2190 4800 His
2230 4748 2375 4801 enim

808 4839 896 4891 ille
927 4853 1026 4907 pro
1062 4838 1147 4891 sui
1205 4837 1415 4890 ratione
1457 4836 1730 4905 spiritales
1771 4837 1873 4891 sibi
1925 4852 1989 4890 ac
2044 4839 2379 4892 immortales

804 4930 1019 4984 divitias
1050 4938 1221 4998 parat.
1255 4926 1389 4981 Nam
1439 4929 1553 4996 ipse
1579 4944 1816 4998 quoque,
1858 4931 2044 4996 paucis
2085 4932 2374 4983 admodum

803 5036 866 5076 ac
926 5021 1070 5073 brevi
1133 5033 1360 5071 numero
1405 5019 1624 5072 creditis
1657 5057 1671 5081 ,
1721 5019 2049 5088 solertiaque
2097 5035 2159 5074 ac
2194 5021 2378 5074 labore

802 5115 858 5167 in
910 5113 1144 5182 amplam
1199 5126 1359 5182 grege
1414 5121 1667 5179 provecto
1711 5110 1988 5176 sobolem;
2027 5126 2132 5163 non
2189 5125 2378 5164 omnes

802 5204 1064 5259 mercedis
1095 5205 1215 5256 loco
1241 5204 1395 5255 datos
1451 5203 1542 5270 qui
1577 5203 1862 5254 revertenti
1895 5202 1946 5254 in
1981 5210 2256 5270 paternam
2281 5203 2378 5253 do-

803 5313 951 5351 mum
981 5312 1086 5350 una
1128 5299 1356 5350 comites
1404 5303 1608 5358 essent,
1665 5294 1756 5348 sed
1820 5294 2020 5348 electos
2071 5294 2371 5358 duntaxat;

804 5405 902 5443 nec
935 5391 1026 5458 qui
1057 5398 1179 5441 nota
1203 5396 1474 5450 carerent,
1527 5386 1622 5440 sed
1670 5387 1763 5456 qui
1811 5395 1986 5440 essent
2021 5384 2283 5454 insigniti,
2323 5385 2376 5436 in

806 5483 1020 5535 divinas
1080 5479 1380 5533 subductos
1434 5479 1690 5542 rationes,
1739 5488 1898 5545 atque
1943 5476 2087 5530 illius
2131 5476 2374 5545 signatos

803 5577 1076 5632 thesauris
1126 5574 1473 5643 intelligens;
1510 5573 1767 5642 quidnam
1803 5571 2067 5625 molitur?
2103 5571 2242 5634 Quin
2275 5585 2370 5638 po-

804 5671 910 5723 t3us
965 5683 1127 5736 quem
1177 5669 1230 5719 in
1285 5681 1503 5720 sensum
1538 5663 1875 5734 provehitur,
1910 5662 2056 5716 illius
2085 5661 2246 5716 ductu
2278 5660 2372 5730 qui

877 5849 925 5877 τ’
955 5846 1086 5900 Gen.
1124 5861 1250 5909 xxv,
1287 5843 1373 5898 57.

2492 616 2878 680 conducerent,
2907 616 3151 683 quotidie
3173 613 3639 668 submonstraret?

2556 707 2740 760 Tr‘um
2769 708 2978 760 illarum
3004 708 3122 761 loco
3149 708 3444 776 virgarum,
3463 705 3638 759 tribus
3686 703 3905 757 Deitatis
3934 719 4062 772 per-

2486 801 2635 853 snris
2661 800 2712 852 in
2750 799 3008 853 Eeelesiis
3033 815 3284 854 sermone
3318 797 3614 868 propositis
3647 798 3778 864 (has
3821 810 4063 862 namque

2485 893 2660 960 palam
2709 891 3012 958 figurabant
3064 891 3338 943 canalium
3389 887 3575 954 alvei),
3626 887 3958 952 hortansque
3988 884 4060 936 ad

2482 999 2575 1037 eas
2625 984 2860 1036 animum
2943 985 3285 1036 attendentes
3336 981 3537 1049 pietate
3613 980 3781 1032 fetqu
3838 986 4060 1028 uterum

2484 1085 2778 1144 gestarent,
2825 1075 3045 1143 optima:
3074 1072 3548 1142 contemplationis
3599 1071 3857 1138 Optimam
3892 1066 4067 1120 ratio-

2484 1182 2628 1226 nem,
2654 1167 2926 1220 salubrem
2955 1167 3221 1220 rationem
3255 1174 3314 1219 ut
3332 1165 3689 1226 eniterentur,
3719 1159 4007 1229 praestabat
4040 1173 4058 1218 ;

2483 1273 2592 1328 quo
2629 1260 2692 1310 :nl
2745 1272 3012 1327 supernas
3063 1258 3272 1322 caulas,
3309 1256 3454 1310 bono
3489 1255 3579 1307 illo
3608 1252 3851 1316 Pastore,
3907 1264 4062 1302 sum-

2485 1364 2676 1415 meque
2715 1349 2936 1418 provido
2970 1349 3342 1407 submittente,
3387 1346 3703 1398 transirent.

2553 1441 2744 1495 (tumis
2772 1442 2986 1509 generis
3033 1450 3278 1494 terrenas
3307 1439 3611 1499 facultates,
3662 1449 3801 1503 quas
3843 1431 3916 1485 illi
3969 1446 4066 1484 sa—

2484 1529 2706 1598 pientia,
2727 1531 3006 1599 virtusque
3024 1539 3327 1599 parauerat,
3346 1536 3567 1580 sulncns
3585 1543 3598 1586 ;
3616 1535 3778 1592 atque
3792 1524 4068 1574 hactenus

2485 1622 2606 1674 lilei
2666 1636 2792 1688 ope,
2853 1637 2961 1674 non
3013 1623 3124 1689 ipsa
3175 1621 3355 1689 specie
3410 1620 3775 1688 angelicarnm
3808 1613 4066 1666 Potesta-

2487 1726 2598 1767 tum
2639 1715 2834 1767 castris
2888 1714 3281 1766 humanissime
3312 1712 3598 1778 acceptus,
3645 1709 3694 1760 id
3743 1717 3827 1759 est
3885 1706 4064 1771 stipa-

2486 1814 2618 1871 tus;
2657 1821 2720 1859 ac
2756 1821 2878 1860 cum
2943 1805 3050 1857 Deo
3105 1804 3318 1857 homine
3361 1802 3416 1856 in
3465 1802 3657 1870 spiritu
3706 1811 4064 1866 congressus,

2488 1910 2750 1964 mensque
2805 1911 2928 1950 vere
2975 1895 3140 1948 Demn
3188 1896 3376 1948 videns
3442 1892 3638 1945 nedum
3690 1896 4066 1954 nuntupatus,

2485 2001 2674 2038 verum
2717 1986 2877 2039 etiam
2921 1985 3116 2048 factus,
3148 2001 3243 2053 per
3290 1984 3440 2037 illum
3471 1985 3537 2036 ad
3585 1995 3818 2050 superna
3896 1993 4070 2047 atque

2483 2091 2705 2150 paterna
2741 2079 3088 2132 tabernacula
3117 2090 3230 2130 tuto
3261 2077 3603 2131 commeavit.

2557 2170 2668 2225 lloc
2693 2167 2970 2239 Theologo
3023 2170 3301 2238 sapientia:
3354 2184 3418 2222 ac
3471 2166 3771 2234 prudentiae
3818 2162 4068 2217 eflicitur

2484 2265 2781 2334 specimen.
2840 2263 3022 2316 Virilis
3077 2264 3177 2316 hoc
3214 2262 3406 2325 animi,
3451 2259 3715 2326 fortisque
3772 2255 4065 2324 praeludit),

2485 2372 2596 2408 rem
2633 2359 2893 2412 adversus
2922 2357 3201 2409 haereticos
3249 2363 3472 2408 strenue
3529 2350 3818 2421 gerendam
3874 2348 4067 2401 fauste

2484 2451 2820 2518 auspicatus,
2855 2450 2925 2501 ita
2961 2465 3018 2502 se
3056 2448 3120 2501 ad
3163 2445 3487 2515 perfectiora
3555 2452 3886 2510 aspectuque
3941 2441 4071 2508 ipso

2486 2541 2742 2594 terribilia
2770 2541 3069 2594 certamina
3113 2539 3368 2607 accingit.
3409 2537 3484 2590 Ac
3522 2537 3664 2588 sicut
3712 2532 4071 2602 pugnacissi-

2484 2633 2557 2685 mi
2586 2633 2819 2696 athletaa,
2853 2647 2958 2685 non
3001 2646 3031 2684 a
3060 2631 3236 2699 primo
3297 2630 3479 2682 statim
3510 2627 3885 2695 experimento
3941 2625 4066 2674 for-

2485 2725 2713 2778 tioribus
2736 2723 3068 2776 adversariis
3115 2720 3547 2789 congrediuntur
3571 2760 3586 2778 ,
3605 2718 3698 2771 sed
3727 2726 3851 2769 ante
3881 2729 4074 2783 pugna

2482 2832 2604 2871 cum
2639 2817 2704 2870 iis
2733 2817 2825 2884 qui
2873 2816 3163 2870 debiliores
3191 2824 3319 2888 supt
3352 2812 3623 2882 tyrocinio
3670 2811 3903 2878 quodam
3930 2823 4075 2859 cru-

2483 2912 2604 2973 diti,
2648 2909 3060 2978 majoribusque
3115 2907 3330 2960 abunde
3363 2902 3751 2958 luctaminibus
3801 2898 4076 2961 instituti,

2483 3005 2554 3058 ita
2588 3003 2805 3057 demum
2843 3011 2900 3054 ut
2931 3015 3055 3054 cum
3088 2997 3488 3068 potentioribus
3515 2996 3660 3048 vires
3703 2991 4074 3052 contendant,

2483 3096 2536 3148 in
2562 3109 2782 3148 arenam
2815 3091 3173 3148 descendunt.
3201 3087 3284 3142 Ad
3317 3086 3568 3141 eumdem
3601 3085 3765 3138 etiam
3804 3081 3912 3135 fere
3945 3095 4079 3133 mo-

2406 3195 2448 3252 ο
2483 3189 2608 3240 dum
2628 3185 2941 3254 Gregorius,
2963 3183 3194 3252 primum
3211 3181 3263 3234 in
3278 3178 3450 3248 patria
3467 3190 3590 3230 eum
3612 3174 3788 3242 impiis
3805 3186 4074 3240 congres-

2483 3295 2598 3341 sus,
2616 3277 2950 3344 rationisque
2972 3272 3236 3327 adversus
3261 3285 3354 3324 eos
3377 3267 3544 3332 lucta,
3563 3280 3627 3319 ac
3653 3261 3890 3317 victoriis
3904 3259 4079 3313 fortis

2484 3370 2680 3438 pugilis
2705 3369 2953 3430 lacertos,
2987 3379 3052 3420 ac
3093 3361 3447 3432 multiplicem
3486 3354 3878 3426 experientiam
3913 3353 4021 3406 ade
4051 3381 4076 3391 -

2483 3471 2608 3532 ptus
2634 3478 2648 3526 ;
2678 3459 2912 3528 deinque
2937 3454 3252 3526 parentibus
3297 3449 3440 3506 felici
3474 3448 3598 3503 vitae
3617 3445 3763 3501 exitu
3788 3458 4022 3498 consum
4044 3471 4064 3480 -

2484 3552 2666 3615 matis,
2711 3564 2833 3603 cum
2881 3545 3182 3602 laudatorio
3231 3554 3502 3604 sermone,
3533 3547 3647 3593 tum
3694 3532 4077 3605 justislegiti-

2482 3646 2589 3698 mis
2639 3640 2991 3712 perfunctus;
3030 3647 3364 3707 paterneque
3417 3645 3578 3700 grege
3638 3627 3786 3682 velut
3834 3625 3887 3678 in
3945 3634 4077 3677 tuta

2484 3736 2708 3790 mandra
2769 3748 2864 3788 sua
2919 3732 3090 3800 ipsius
3169 3725 3443 3794 theologia
3485 3720 3844 3781 communito,
3897 3726 4080 3784 atque

2482 3837 2764 3897 pastorum
2824 3821 3061 3890 Principi
3130 3820 3182 3873 in
3235 3831 3432 3871 manus
3483 3813 3693 3875 relicto,
3730 3811 3842 3878 ipse
3881 3823 3941 3897 se
3997 3807 4078 3897 ad

2485 3896 2736 3987 graviora
2769 3912 3037 3968 sermonis
3073 3922 3261 3967 causa.
3308 3916 3472 3974 atque
3511 3900 3773 3956 doctrinm
3816 3896 4076 3987 pericula

2482 3986 2718 4076 expedit.
2769 4004 2847 4057 Ac
2885 4003 3030 4054 velut
3085 4000 3178 4069 qui
3211 3998 3264 4050 in
3307 3994 3521 4048 modico
3573 3991 3746 4043 fidelis
3793 3986 4077 4054 probatus

2483 4108 2654 4160 esset,
2711 4096 2774 4148 ad
2829 4093 3124 4147 multorum
3174 4104 3232 4142 se
3290 4101 3480 4138 curam
3524 4090 3698 4150 parat.
3745 4079 4079 4144 ltelictaque

2483 4190 2778 4256 Naziango,
2810 4196 2952 4240 recta
2979 4183 3044 4236 ad
3074 4182 3260 4236 urbem
3303 4179 3602 4246 Augustam
3629 4173 3730 4225 iter
3757 4168 4076 4223 contendit.

2483 4282 2541 4335 ιιι
2574 4295 2704 4333 vero
2739 4275 3020 4344 temporis,
3049 4273 3237 4342 ingens
3265 4285 3384 4322 eam
3407 4307 3422 4330 ,
3455 4265 3742 4334 gravisque
3777 4264 4076 4314 hmrescon

2486 4371 2660 4441 caligo
2693 4371 2965 4422 invaserat
3014 4374 3178 4432 atque
3208 4359 3460 4432 Opplehat
3493 4375 3508 4422 ;
3543 4371 3663 4425 qua:
3686 4355 3915 4414 scilicet,
3945 4357 4078 4402 tum

2485 4465 2603 4518 alia.-
2629 4463 2752 4516 aliis
2783 4464 3238 4528 compugnarent,
3267 4463 3378 4505 tum
3413 4449 3623 4504 veritati
3656 4445 3866 4499 infensa
3895 4443 4078 4495 vehe-

2415 4541 2454 4594 υ
2488 4560 2720 4611 mentius
2765 4555 2878 4605 acie
2923 4552 3256 4618 ingruerent.
3293 4537 3384 4597 Sic
3426 4542 3570 4594 enim
3610 4537 3721 4610 fere
3770 4549 4080 4602 compara-

2485 4660 2596 4702 tum
2628 4656 2730 4709 est,
2765 4654 2823 4698 ut
2852 4644 3040 4696 vitium
3111 4649 3274 4708 atque
3311 4635 3570 4704 pravitas,
3611 4631 3808 4682 nedum
3853 4626 4080 4688 virtuti,

2483 4745 2574 4796 sed
2610 4749 2662 4793 et
2695 4739 2795 4793 sibi
2824 4738 2938 4806 ipsa
2990 4734 3188 4785 acriter
3236 4730 3575 4782 adversetur.
3607 4721 3678 4777 lis
3726 4728 3905 4774 autem
3969 4719 4082 4786 qui

2487 4845 2686 4889 rectam
2721 4831 2973 4886 tenebant
3001 4827 3157 4880 fidem
3213 4832 3368 4876 atrox
3406 4816 3639 4888 procella
3670 4808 4022 4866 incumbebat
4060 4827 4079 4872 ;

2483 4929 2855 4992 immensaque
2907 4921 3150 4983 υιηιίιυε
3197 4913 3372 4968 offusa
3435 4908 3703 4988 anxietas,
3750 4918 3813 4956 ac
3842 4901 4082 4954 consilii

2482 5020 2662 5087 inepia
2706 5030 2843 5074 erat,
2905 5029 3028 5065 eum
3061 5009 3332 5062 neminem
3367 5001 3560 5058 tuenda
3585 4996 3831 5051 doctrina
3886 5003 4084 5046 certa-

2481 5107 2642 5160 minis
2677 5106 2869 5159 ducem
2923 5119 2985 5154 ac
3024 5098 3365 5154 defensorem
3404 5091 3686 5144 haberent.

2560 5200 2726 5270 Igitur
2744 5197 2924 5250 videre
2946 5205 3062 5248 erat
3082 5192 3228 5245 velut
3258 5185 3461 5256 ingenti
3512 5183 3886 5244 immensaque
3908 5188 4088 5270 vora-

2483 5264 2608 5360 gine
2633 5300 2950 5359 exporrecto
2984 5286 3173 5355 pelago
3216 5289 3406 5334 ventos
3436 5289 3558 5330 sese
3603 5272 3738 5325 alios
3791 5267 3911 5360 aliis
3961 5264 4088 5360 ius-

2487 5355 2629 5435 inani
2664 5355 2868 5448 impetu
2903 5375 3238 5430 eollideutes.
3297 5366 3360 5420 Hi
3397 5378 3591 5432 nempe
3623 5357 3921 5412 lenioribus
3953 5355 4088 5422 pri-

2484 5488 2629 5526 mmn
2685 5471 2834 5524 auris
2891 5469 3092 5531 sitiant,
3161 5468 3487 5527 versantque
3541 5469 3603 5508 ac
3657 5452 4083 5515 circumagunt,

2483 5564 2743 5634 paulatim
2782 5561 3074 5631 procellam
3121 5554 3448 5613 attollentes,
3482 5548 3552 5600 ita
3587 5557 3789 5601 tamen,
3828 5547 3886 5591 ut
3922 5551 4091 5634 inec.-

2481 5625 2609 5712 dum
2649 5625 2911 5724 impactos
2959 5649 3254 5704 stridentes
3297 5644 3492 5698 ﬂuctus
3531 5638 3865 5701 dirumpunt.
3922 5625 4088 5681 Tun:
