4186 6434
182 413 281 475 461

897 407 1178 468 ORATIO
1217 409 1344 468 XX.
1375 406 1540 464 -ΙΝ
1574 404 1880 464 LAUDEM
1925 407 1982 462 S.
2019 402 2394 464 GREGORII
2429 405 2697 462 THEOL.

3334 405 3442 473 462

184 535 410 595 repeine
438 521 669 576 turbinis
696 527 868 573 Instar
922 519 1176 588 utrinque
1207 520 1294 571 alii
1327 518 1448 571 aliis
1505 520 1763 583 ingruen-
1796 523 1839 576 Α
1872 516 2016 569 velut
2053 517 2578 580 conflare;alternm
2613 531 2858 580 numero,
2889 524 3052 586 atque
3082 516 3310 571 alterum
3345 536 3444 573 na.

185 629 292 674 trs.
325 627 494 684 atque
519 611 696 667 collisi
731 610 1072 664 intoleranda
1111 610 1337 664 flatunm
1368 611 1413 662 \i
1451 626 1597 664 mare
1655 618 1767 661 tum

185 706 401 765 inflant,
467 714 689 771 tumque
739 699 1107 770 diﬂ'riugunt;
1155 713 1476 769 assurgente
1536 700 1766 769 procella

181 811 244 848 ac
279 797 587 852 desidente,
636 793 1062 862 interceptisque
1119 793 1349 847 natibus
1385 794 1584 862 pariter
1613 795 1664 845 in
1692 794 1771 844 al-

183 897 296 940 tum
351 886 605 947 sublatis,
650 885 867 952 imoque
927 885 1219 952 depressis,
1280 894 1442 953 atque
1508 885 1769 937 ﬂuctuum

182 979 551 1040 immanitate,
583 987 860 1045 aestusque
894 977 1216 1030 submersis.

257 1067 473 1122 Similis
512 1069 758 1135 qtizedam
800 1077 912 1120 tum
957 1076 1249 1135 tempestas
1299 1066 1644 1120 Constantini
1687 1083 1775 1119 ur-

182 1161 304 1213 bem
360 1161 635 1212 invaserat
683 1177 698 1224 ;
762 1159 1115 1227 nequissimis
1174 1158 1382 1212 scilicet
1445 1158 1770 1227 spiritibus,

182 1251 546 1305 adversantes
577 1251 816 1320 linguas,
841 1268 905 1306 ac
943 1259 1155 1304 mentes
1193 1250 1329 1304 alias
1359 1250 1480 1303 aliis
1522 1249 1771 1304 commit-

187 1343 435 1398 tentibus
465 1359 482 1409 ;
511 1359 576 1397 ac
603 1359 728 1398 cum
753 1359 946 1399 omnes
977 1343 1234 1413 loquendi
1277 1345 1542 1397 immensa
1599 1344 1777 1411 pruri-

184 1436 330 1503 gine,
360 1452 428 1490 ac
460 1437 708 1500 libidine,
739 1438 1036 1508 pronisque
1067 1437 1442 1492 molitionibus
1467 1438 1651 1490 litibus
1683 1438 1774 1491 alii

185 1527 323 1582 alios
349 1527 690 1598 ditl'riiigere,
709 1544 773 1583 ac
787 1529 1140 1598 pessumdare
1168 1529 1395 1599 superbe
1418 1529 1773 1584 coaniteban-

186 1629 276 1673 tur
307 1639 322 1674 :
361 1620 410 1673 si
442 1636 563 1689 qua:
591 1637 723 1677 vero
748 1638 874 1690 pars
932 1632 1093 1675 rectae
1130 1622 1253 1676 fidei
1291 1621 1507 1676 addicta
1546 1623 1598 1675 iu
1631 1632 1776 1676 tanta

189 1712 478 1766 hominum
517 1713 677 1766 turba
707 1714 916 1782 reliqua
945 1723 1084 1778 erat,
1125 1729 1244 1768 eam
1280 1729 1411 1768 vero
1469 1715 1780 1784 opprimere

184 1819 249 1859 ac
279 1806 607 1873 perditionis
637 1805 747 1858 alto
779 1821 1024 1875 mergere
1064 1807 1492 1861 contendebant.

1877 618 2006 661 tune
2027 608 2255 661 ratione.

1947 698 2084 750 Nam
2111 712 2369 752 excessus
2393 699 2634 766 quidem,
2676 697 2943 762 defectui;
2971 697 3214 755 defectus
3249 700 3446 755 adver-

1875 799 2026 841 satur
2054 789 2298 842 exccssni
2335 806 2347 840 :
2384 789 2545 842 ambo
2579 799 2758 843 autem
2794 789 3172 844 immoderatio
3201 802 3350 852 sunt,
3385 807 3451 845 ac

1880 882 2256 948 improportio,
2291 882 2542 949 velutque
2607 898 2773 935 unum
2817 889 3036 950 accepta
3068 881 3280 945 vitium,
3322 901 3448 940 cum

1875 990 1960 1035 ea,
1995 989 2116 1042 qua:
2136 991 2196 1028 ex
2233 985 2381 1028 recta
2432 975 2826 1031 mediocritatis
2879 977 3088 1031 ratione
3150 975 3450 1038 moderatio

1877 1083 1941 1120 ac
1977 1069 2255 1136 proportio
2277 1069 2550 1131 consistit,
2581 1069 2728 1123 velut
2764 1084 2886 1123 cum
2942 1072 3141 1124 virtute
3188 1081 3451 1140 pugnant.

1880 1159 1936 1211 la
1981 1175 2104 1212 eum
2139 1159 2356 1215 modum
2407 1175 2658 1230 perversa
2708 1161 2914 1228 opinio,
2951 1161 3148 1216 nedum
3207 1170 3266 1214 at
3298 1169 3457 1215 recta:

1880 1249 2216 1312 adversetur,
2264 1252 2358 1305 sed
2414 1261 2473 1304 ut
2505 1253 2669 1304 etiam
2702 1266 2883 1320 pravae
2921 1252 3196 1306 contraria
3259 1252 3354 1319 sit,
3389 1267 3457 1305 ex

1881 1351 2072 1394 natura
2103 1343 2282 1397 liabet.
2316 1342 2350 1394 li
2393 1343 2573 1414 igitur,
2607 1343 2662 1397 in
2696 1359 2760 1398 ea
2785 1343 3019 1413 prolapsi
3049 1346 3306 1406 absurda,
3339 1354 3455 1398 tum

1881 1448 2004 1485 cum
2036 1433 2154 1488 aliis
2200 1435 2312 1500 alii,
2345 1446 2457 1488 tum
2503 1450 2625 1489 eum
2663 1436 2893 1490 veritate
2943 1426 3454 1505 congredieliantur.

1952 1525 2007 1578 In
2046 1527 2128 1580 liis
2149 1535 2326 1589 erant,
2363 1527 2457 1597 qui
2485 1527 2621 1582 Filio
2643 1529 2884 1597 quidem,
2911 1542 3119 1583 natura:
3142 1544 3267 1583 cum
3298 1527 3459 1582 Patre

1884 1619 2325 1687 conjunctionem
2375 1619 2770 1691 indulgebant;
2804 1621 3068 1691 Spiritum
3106 1637 3257 1685 vero,
3291 1637 3458 1692 quem

1883 1727 1909 1762 a
1945 1711 2142 1776 Patris,
2167 1727 2231 1764 ac
2266 1710 2383 1765 Filii
2415 1713 2702 1768 divinitate
2733 1714 2972 1768 alienum
3026 1714 3350 1778 sentiebant,
3387 1714 3457 1768 li-

1885 1801 2071 1854 bermn
2101 1803 2216 1867 alii,
2248 1803 2334 1856 alii
2373 1804 2534 1858 etiarn
2571 1819 2790 1858 servum
2841 1804 3180 1874 blasphemia
3209 1804 3460 1860 dictitare

251 1893 395 1948 Nam
436 1895 528 1950 alii
559 1897 778 1965 quidem
823 1894 1043 1950 Sabellii
1080 1894 1244 1967 Libys
1281 1897 1600 1953 confusione
1656 1915 1776 1954 sus-
1813 1905 1852 1959 Β
1883 1893 2170 1947 audebant,
2210 1895 2366 1948 Aliud
2397 1895 2499 1948 hoc
2518 1911 2694 1964 pravae
2719 1896 2994 1965 opinionis
3017 1912 3210 1966 genus.
3242 1896 3459 1965 Apolli-

185 1996 365 2057 cepta,
401 1988 682 2057 nimiaque
713 1989 1122 2058 conjunctione,
1170 1991 1427 2059 velutque
1473 1991 1775 2044 concretio-

187 2096 447 2145 ue;nec,
483 2093 686 2148 quanta
732 2096 828 2150 par
883 2091 1022 2143 erat,
1083 2083 1414 2137 discretione
1472 2084 1790 2153 inconsuth

188 2173 292 2234 nsi,
328 2171 576 2240 Patrem,
621 2172 842 2238 Filium,
873 2190 936 2228 ac
959 2173 1218 2240 Spiritum
1252 2184 1524 2240 sanctum,
1559 2176 1778 2228 nomine

186 2274 347 2319 ι--ιιιιε
375 2265 685 2332 honorant;
722 2281 841 2335 qua:
867 2276 1047 2319 autem
1079 2267 1162 2319 his
1203 2265 1602 2336 significantur,
1657 2282 1779 2336 pro-

187 2356 288 2408 bro
327 2357 559 2420 habent,
579 2358 864 2427 nudasque
890 2359 1004 2411 lizec
1033 2359 1468 2425 uuncupationea
1504 2357 1776 2422 arbitrati,

185 2464 249 2500 ac
287 2463 417 2518 qua:
455 2463 555 2503 nec
590 2463 716 2503 vere
737 2448 1025 2512 exsistant,
1098 2448 1549 2502 incon..istenteiu
1603 2447 1776 2515 reipsa

185 2551 353 2610 atque
402 2541 648 2605 inanem,
682 2539 906 2596 Judaica
943 2542 1236 2610 singularis
1278 2541 1614 2609 prim-ipatus
1659 2540 1777 2608 opi-

188 2635 376 2696 nloue,
425 2647 492 2686 ac
546 2632 846 2702 impietate,
901 2633 1005 2686 sibi
1063 2633 1219 2686 tidem
1281 2633 1617 2702 contingunt.
1673 2633 1776 2686 Alii

188 2722 304 2774 Arii
363 2722 654 2776 dementiae
701 2722 1065 2790 astipulantes
1096 2761 1111 2785 ,
1148 2736 1325 2791 exque
1365 2723 1654 2786 diametro,
1689 2724 1776 2784 iis,

188 2831 328 2883 quos
381 2815 658 2880 dicebam,
695 2825 1002 2883 pugnantes
1069 2813 1360 2874 sententia,
1429 2820 1544 2884 pari
1597 2818 1775 2869 tamen

192 2908 473 2976 impietate
501 2907 742 2976 provecti
769 2925 784 2974 ;
816 2907 1019 2977 quibus
1043 2909 1115 2961 illi
1141 2907 1508 2969 concretione,
1546 2907 1598 2960 lii
1640 2910 1776 2961 divi-

189 3001 343 3052 s'rone
372 2998 550 3066 impii,
589 3000 724 3052 recti
753 3010 924 3052 metas
947 3001 1238 3054 excedunt.

260 3090 742 3155 Quemadmodum
777 3092 920 3143 enim
976 3093 1205 3160 priores,
1239 3097 1330 3164 qui
1360 3111 1522 3150 unatn
1559 3096 1776 3150 deitatis

191 3192 301 3234 tutu
353 3193 614 3235 naturam
673 3183 936 3244 sentiant,
998 3197 1111 3238 tum
1174 3201 1485 3255 personam,
1523 3191 1774 3258 procula

192 3381 483 3433 personas,
518 3367 683 3420 etiam
717 3376 923 3420 natura!
965 3369 1312 3436 divisionem,
1348 3373 1662 3426 Grzccorum
1695 3391 1781 3425 cr-

192 3474 314 3511 rore
367 3473 440 3512 ac
492 3460 770 3527 impietate
831 3463 1124 3528 inducant;
1179 3464 1385 3518 alienos
1427 3482 1454 3518 a
1485 3465 1642 3520 Patre
1665 3468 1780 3520 elli-

190 3551 364 3615 c‘unt,
398 3551 497 3620 qui
530 3562 659 3606 sunt
687 3568 749 3607 ex
786 3554 940 3622 ipso;
979 3557 1109 3624 quin
1145 3568 1198 3610 et
1231 3558 1378 3626 ipsos
1400 3559 1541 3612 inter
1568 3574 1626 3613 se
1643 3559 1784 3613 alie-

193 3656 289 3695 nos
342 3644 748 3710 pronuntiant:
803 3646 1102 3715 imparibus
1147 3649 1374 3714 scilictt,
1444 3665 1782 3720 prorsusque

193 3734 436 3802 indignis
473 3735 672 3790 dcitate
710 3738 990 3806 gradibus,
1023 3738 1216 3794 Filium
1250 3743 1396 3798 Patri
1457 3745 1785 3799 submittcno

193 3837 312 3892 tes;
370 3843 439 3883 ac
471 3827 712 3898 Spiri:us
758 3831 984 3900 gloriam
1042 3832 1163 3888 Filii
1217 3835 1779 3897 elaritateminorem,

193 3920 585 3984 detrahentes;
617 3924 747 3990 quin
782 3924 959 3991 potius
1002 3925 1101 3994 ipsi
1133 3942 1190 3981 se
1228 3944 1332 3982 una
1392 3945 1457 3984 ac
1518 3931 1780 4002 singulari

193 4014 396 4066 dcitate
456 4013 620 4082 lenge
657 4015 996 4080 abdicauit-5,
1029 4021 1304 4074 extraneis
1353 4031 1517 4090 atque
1558 4023 1784 4076 absonis

193 4103 558 4171 opinionibus
583 4105 672 4156 alii
698 4106 749 4158 in
778 4105 914 4159 alios
945 4109 1141 4160 merito
1176 4109 1494 4166 incitantur.

265 4195 376 4248 Eos
409 4196 583 4258 cnim,
609 4198 699 4264 qui
735 4213 762 4248 a
797 4198 976 4251 medio
1008 4213 1414 4267 exerraverant,
1444 4214 1606 4272 atque
1631 4221 1660 4257 a
1696 4223 1781 4258 ie-

194 4292 278 4352 gia
317 4289 736 4342 declinaveraut
785 4291 860 4358 (in
913 4308 1017 4359 qua
1065 4296 1142 4345 uti
1191 4295 1362 4348 virtus
1391 4298 1592 4360 omnis,
1618 4298 1696 4352 sic
1729 4310 1784 4352 et

197 4381 478 4448 inculpata
540 4395 787 4448 puraque
847 4385 1120 4450 consistit,
1182 4400 1246 4440 ac
1311 4397 1589 4455 spectatur
1628 4391 1782 4459 fides)

197 4473 429 4524 omnino
487 4486 583 4538 par
613 4482 748 4531 erat,
782 4474 1100 4530 excchilms
1162 4492 1226 4531 ac
1262 4477 1562 4534 defectibus
1617 4482 1783 4536 iulia:-

1882 1984 2020 2037 narii
2052 1985 2192 2037 enim
2228 1982 2372 2056 Syri.
2412 1985 2670 2053 quidnam
2709 1986 2853 2040 aliud
2885 2002 3069 2042 vocem
3117 1987 3460 2041 amentiam?

1879 2079 1972 2146 qui
2005 2078 2214 2133 scilicet
2242 2080 2463 2133 doceret
2517 2079 2794 2148 accepisse
2829 2080 3048 2149 quidem
3079 2079 3308 2134 Verbum
3333 2095 3462 2134 caro

1883 2187 2024 2236 nem;
2057 2188 2175 2224 eam
2209 2183 2388 2225 tamen
2421 2171 2605 2226 animo
2663 2187 2724 2224 ac
2760 2179 2941 2226 mente
2959 2187 3148 2227 carere
3179 2172 3462 2227 dementer

1880 2274 2170 2317 assereret.

1954 2353 2048 2408 "IS
2071 2356 2278 2425 utique,
2305 2357 2536 2427 aliisque
2582 2360 3026 2428 quamplurimis,
3058 2374 3122 2412 ac
3145 2360 3464 2414 deterrimis

1880 2447 2248 2516 opinionibus,
2297 2466 2394 2503 ceu
2444 2450 2601 2504 sanis
2636 2450 2888 2520 procellis
2923 2451 3158 2504 immane
3191 2459 3458 2520 quantum

1880 2538 2161 2593 fluctuanti
2195 2541 2317 2595 urbi
2346 2539 2620 2610 Augustae,
2655 2543 2799 2595 velut
2840 2542 2964 2610 quis
2991 2543 3233 2612 optimus
3266 2542 3464 2612 guber-

1882 2642 2040 2686 nator
2062 2632 2417 2688 admirandus
2462 2633 2548 2688 hic
2580 2632 2877 2703 Gregorius
2913 2651 2941 2687 a
2982 2633 3112 2700 Deo,
3154 2650 3333 2705 eoque
3363 2651 3464 2688 au-

1882 2726 2053 2795 spice,
2094 2725 2384 2780 incumbit.
2433 2726 2510 2780 Ac
2583 2727 2730 2782 sicut
2787 2727 2942 2795 prius
2992 2727 3257 2782 Dominus
3300 2725 3464 2781 Jesus

1881 2819 2187 2887 discipulis,
2216 2819 2406 2888 pelago
2425 2828 2588 2874 nocte
2622 2820 2747 2873 navi
2791 2819 3250 2881 conﬂictantibus.
3288 2819 3464 2874 factus

1882 2912 2234 2980 conspicuus,
2266 2924 2368 2965 suo
2402 2909 2585 2965 statim
2635 2909 2868 2964 adventu
2918 2919 3191 2964 tumentes
3221 2911 3464 2980 compri-

1884 3003 1983 3056 mit
2041 3002 2270 3068 fluctus;
2331 3011 2634 3071 ventosque
2689 3001 3000 3069 increpans,
3045 3001 3339 3069 procellam
3407 3001 3462 3054 in

1887 3095 2334 3162 tranquillitatem
2392 3094 2666 3148 convertit
2691 3092 2778 3144 ³ος
2825 3093 2906 3146 sic
2938 3106 3102 3146 verus
3158 3092 3335 3160 reipsa
3378 3091 3466 3145 di-

1839 3256 1849 3265 .
1887 3189 2150 3257 scipulus,
2177 3204 2258 3250 ac,
2311 3186 2490 3256 quoad
2541 3186 2685 3250 licet,
2749 3185 2989 3238 imitator
3019 3193 3300 3246 strenuus,
3336 3199 3462 3238 cum

186 3276 423 3328 Veritate
450 3275 842 3340 exerrant;sic
866 3286 919 3330 et
967 3279 1213 3344 serumli,
1251 3282 1342 3349 qui
1380 3292 1574 3350 pragter
1594 3291 1777 3336 ternas
1811 3253 1851 3306 (λ

1887 3282 1978 3333 illo
2010 3280 2231 3349 pariter,
2256 3279 2342 3342 iis,
2372 3278 2464 3347 qui
2493 3278 2721 3347 spiritali
2748 3286 3070 3346 tempestate
3089 3276 3460 3346 iactabantur,

1885 3384 2172 3440 apparens,
2240 3368 2496 3438 procella:
2542 3366 2811 3436 praecipit,
2858 3375 3021 3436 atque
3079 3367 3131 3419 in
3170 3381 3362 3420 auram
3392 3366 3463 3429 ⁸³.

1883 3466 2003 3533 ejus
2037 3464 2294 3519 fluctibus
2327 3463 2635 3527 silentibus,
2661 3461 2870 3516 statuit.

1953 3554 2021 3608 At
2044 3569 2280 3624 quonam
2307 3553 2357 3608 id
2390 3553 2584 3606 modo?
2613 3550 2714 3606 Hic
2748 3552 2879 3604 mihi
2916 3551 3249 3606 narrationis
3273 3562 3468 3607 vernat

1886 3645 2136 3700 amabilis
2197 3652 2545 3712 conspectus.
2623 3639 2927 3710 Ingreditur
2981 3641 3324 3711 Byzantium,
3355 3657 3467 3697 non

1885 3738 2179 3794 satellitum
2213 3751 2404 3806 agmen
2435 3735 2733 3798 adducens,
2775 3733 2869 3788 sed
2899 3733 3194 3788 virtutibus
3223 3734 3468 3787 cireum-

1886 3829 2237 3899 stipantibus.
2263 3825 2378 3880 Non
2411 3841 2629 3889 aurum,
2665 3839 2770 3877 non
2812 3833 3118 3893 argentum,
3155 3839 3262 3877 non
3289 3839 3364 3879 ωε
3409 3825 3464 3878 in

1887 3937 2020 3975 zona
2078 3921 2311 3984 habens;
2369 3919 2462 3972 sed
2525 3918 2646 3984 fide,
2697 3934 2813 3988 spe,
2869 3933 2933 3971 ac
2998 3917 3285 3985 cliaritate,
3321 3918 3469 3973 velut

1888 4011 2092 4066 mundo
2120 4009 2497 4080 prmstantiore
2522 4025 2686 4078 quam
2717 4024 2816 4078 pro
2864 4009 3054 4062 mundi
3104 4009 3220 4078 ipsa
3250 4011 3467 4064 ratione

1888 4095 2194 4156 rcdimitus.
2257 4100 2374 4153 Non
2433 4101 2698 4169 pretiosas
2755 4109 2972 4166 vestes,
3029 4115 3136 4154 non
3196 4101 3465 4154 mulorum

1887 4194 2257 4248 rouvebendis
2326 4192 2559 4247 sarcinis
2631 4192 3075 4255 multitudinem;
3141 4208 3252 4246 non
3321 4192 3470 4247 aliud

1887 4289 2207 4358 quidquam,
2245 4287 2326 4339 vel
2351 4285 2631 4354 exiguum,
2672 4285 2751 4338 vel
2785 4301 3064 4355 magnum,
3116 4286 3183 4340 iis
3207 4299 3271 4340 ex
3307 4286 3471 4340 rebus

1889 4397 2022 4450 quas
2054 4388 2394 4449 comportare
2427 4378 2596 4432 moris
2625 4387 2708 4430 est
2733 4377 2862 4430 viris
2893 4377 3019 4430 luxu
3049 4377 3373 4447 magnificis,
3405 4393 3470 4433 ac

1889 4473 2073 4527 carnis
2098 4487 2288 4526 curam
2323 4470 2636 4541 agentibus,
2673 4470 2910 4527 inferens
2936 4489 2951 4537 ;
2977 4472 3072 4526 sed
3106 4469 3235 4526 Jesu
3254 4473 3470 4542 sapien-

198 4575 406 4627 rentes,
434 4563 492 4616 in
517 4562 814 4618 nimietatis
833 4567 1026 4621 scirtes
1061 4570 1371 4636 incurrere;
1399 4585 1780 4643 postremoque

1891 4566 2018 4618 tiam
2080 4577 2144 4617 ac
2177 4562 2530 4626 tenuitatem;
2563 4561 2877 4631 cultumque
2920 4561 3183 4631 apostolis
3237 4561 3472 4630 parcita—

201 4675 249 4710 lﬂ
313 4657 766 4711 contrarietatem
818 4661 1064 4726 dissidio,
1114 4662 1538 4734 inimicitiasque
1592 4683 1782 4736 prore-

199 4762 347 4814 perc.
392 4747 562 4814 quue
597 4748 731 4800 adeo
772 4751 1229 4816 quemadmodum
1291 4754 1432 4818 istis,
1469 4759 1520 4808 in
1565 4759 1630 4810 iis
1661 4775 1783 4826 qua:

201 4841 265 4887 :rd
295 4837 502 4890 trinam
536 4835 794 4890 Deitatem
825 4850 1092 4906 spectant,
1133 4843 1204 4895 ita
1236 4859 1429 4897 rursus
1457 4845 1599 4910 aliis,
1634 4846 1684 4899 in
1720 4850 1784 4900 iis

201 4943 321 4994 qua:
348 4927 417 4980 ad
452 4926 548 4979 Dei
586 4925 744 4980 Verbi
773 4930 1226 4995 incarnationem,
1266 4934 1418 4986 aiunt
1467 4936 1733 4990 accidisse
1767 4957 1779 4991 ι

201 5035 323 5071 tum
354 5033 555 5087 nempe
590 5019 679 5074 alii
712 5037 780 5074 ex
810 5021 1031 5076 Christo
1060 5022 1262 5092 duplici
1295 5037 1487 5080 natura
1513 5027 1651 5082 duos
1679 5029 1781 5082 sibi

204 5111 373 5185 Filios
401 5112 743 5167 inducendos
789 5115 1086 5181 sentirent;
1120 5116 1210 5170 alii
1241 5117 1293 5170 in
1333 5134 1496 5172 unam
1532 5136 1655 5174 eum
1686 5137 1785 5174 na-

205 5216 380 5258 turam
417 5219 486 5258 ex
533 5221 640 5258 una
671 5220 916 5275 persona:
950 5210 1158 5263 ratione
1191 5222 1448 5280 cogerent
1481 5231 1494 5266 :
1531 5229 1654 5266 cum
1692 5229 1788 5282 par

203 5305 346 5349 isset
376 5296 492 5351 iilic
528 5300 752 5365 pariter,
797 5312 960 5368 atque
994 5301 1085 5356 hic
1115 5302 1324 5356 honesti
1368 5306 1616 5359 terminis
1649 5307 1786 5358 insi—

204 5398 428 5455 stentes,
467 5399 583 5443 tum
617 5393 781 5446 simul
813 5395 1144 5463 dispescere,
1206 5406 1317 5451 tum
1349 5409 1673 5454 connectere
1727 5417 1789 5455 ac

271 5573 314 5604 ’³
352 5570 505 5624 Psal.
541 5588 652 5633 cu,
688 5571 781 5626 E9.

277 5775 382 5841 (13)
413 5774 566 5826 lianc
603 5773 722 5840 ipse
761 5770 972 5823 Nicetas
1018 5771 1236 5839 egregio
1287 5772 1744 5825 laudatencoinio
1775 5791 1788 5828 :

213 5859 393 5913 nempe
425 5845 708 5899 seniorem
735 5856 798 5895 ac
823 5843 1036 5896 seniore
1091 5843 1262 5896 ltoma
1290 5852 1486 5905 ortam,
1527 5859 1621 5896 nec
1683 5845 1786 5898 nisi

1892 4670 2020 4722 tem,
2062 4659 2374 4726 nudamque
2432 4672 2494 4709 ae
2534 4655 2836 4725 simplicem
2871 4656 2938 4710 ad
2991 4653 3343 4726 Evangelium
3371 4655 3466 4725 (et,

1893 4767 1946 4808 ut
1977 4755 2046 4808 ita
2080 4752 2280 4819 dicam)
2303 4752 2622 4818 imparatam
2655 4753 3127 4819 praeparationem.

1964 4847 2053 4900 Sic
2080 4846 2263 4914 igitur,
2282 4860 2457 4912 coque
2489 4843 2788 4898 adveniens
2818 4854 3104 4914 apparatu,
3133 4845 3311 4914 qualis
3344 4861 3468 4901 eum

1893 4939 2137 5001 decebat,
2193 4938 2277 4989 cui
2312 4935 2626 4989 concredita
2679 4936 2982 5004 apostolica
3030 4933 3240 4988 functio
3284 4946 3468 4998 esset;

1895 5033 2127 5101 priunun
2172 5029 2388 5098 quidem
2419 5026 2561 5094 apud
2589 5027 2857 5096 quosdam
2887 5027 3310 5098 necessitudine,
3351 5041 3474 5094 qua!

1891 5124 2190 5179 secundum
2232 5121 2483 5190 spiritum
2522 5130 2628 5182 est,
2674 5119 3024 5186 coniunctos,
3091 5119 3290 5188 hospes
3319 5119 3470 5185 agit:

1895 5217 1944 5270 id
1977 5227 2155 5270 autem
2191 5215 2257 5268 ad
2287 5229 2495 5283 magna?
2521 5210 2828 5266 Anastasia:
2872 5211 2987 5281 (1⁸5)
3018 5212 3227 5279 exiguae
3276 5211 3473 5263 donius

1896 5310 2169 5378 proximas
2231 5309 2396 5360 mdes.
2448 5306 2562 5358 Una
2620 5306 2758 5365 hac,
2795 5303 2942 5373 quod
2978 5304 3068 5357 vili
3102 5303 3284 5356 forsan
3319 5303 3471 5354 sibe-

1897 5413 2060 5455 matc.
2097 5414 2340 5466 prueqnc
2363 5395 2571 5450 inutilis
2596 5395 2894 5456 videretur,
2919 5394 3186 5447 lnrrcticis
3207 5395 3474 5456 neglecta.

1903 5775 2016 5824 :ede
2066 5775 2174 5828 illic
2216 5791 2368 5826 silt'l'ﬂ
2423 5791 2485 5825 ,ιθ
2534 5776 2683 5827 cultu
2750 5773 3144 5846 [ivrautinam3
3177 5789 3284 5843 quo
3314 5774 3474 5828 etiam

1901 5846 2062 5898 modo
2095 5847 2283 5899 aui-tor
2317 5857 2469 5897 vocat
2501 5861 2678 5899 suam.
