4186 6434
809 408 916 471 463

1995 409 2286 467 NICETIS
2318 408 2846 470 l’.\l‘lll.:\GUNlS

3950 423 4054 488 46i

811 522 1072 585 fidelium,
1098 537 1157 573 ae
1196 523 1409 591 pietatis
1441 523 1708 574 cultorum
1745 523 1939 587 exiguo
1982 522 2375 573 t'tPllliiltitlit'lil
2417 525 2454 577 Α
2489 526 2701 580 labores
2787 543 2851 580 ae
2906 528 3143 595 pericula
3181 529 3466 597 inciderit;
3501 534 3719 601 quantis
3776 535 4060 590 Trinitatis

811 623 1109 668 manserat.
1159 613 1483 672 Anastasiae,
1545 615 1788 680 inquam,
1851 613 1994 664 illius
2037 612 2284 673 illustris,
2320 628 2382 664 ac

809 716 1036 768 nostrae;
1071 704 1298 771 virginis
1319 718 1565 771 corpore,
1599 703 1824 772 virginis
1843 703 2034 770 spiritu
2100 718 2162 753 ac
2184 711 2376 754 mente.

806 796 1110 850 Anasmsiae
1167 812 1286 865 quae
1333 795 1462 848 olim
1495 795 1607 862 jam
1651 794 1840 862 ingens
1900 795 2160 846 adversus
2193 793 2383 846 diabo-

805 892 914 942 lum
941 889 1144 942 eximio
1171 888 1412 957 martyrii
1439 905 1610 956 agone
1636 897 1817 939 erecto
1872 898 2098 954 tropaeo,
2126 887 2378 955 majorem

801 984 1066 1036 adversus
1105 981 1351 1035 diversas
1386 982 1619 1034 haereses
1661 977 1920 1047 Theol0gi
1957 996 2122 1048 opera
2152 980 2382 1033 subinde

802 1076 1142 1145 triumphum
1176 1075 1483 1138 revexerit;
1520 1088 1713 1143 nempe
1761 1074 2086 1142 expugnatis
2116 1083 2382 1143 quotquot

798 1170 1256 1225 eontentiosiores
1288 1177 1463 1234 erant,
1498 1182 1562 1222 ac
1593 1167 1897 1223 clarissima
1923 1165 2251 1222 Orthodoxis
2281 1183 2370 1222 as-

799 1271 947 1315 serta
979 1263 1226 1317 victoria.

867 1351 1076 1406 Etenim
1099 1355 1337 1408 exterius
1367 1353 1679 1425 aspectaibili
1705 1353 1904 1420 specie,
1931 1352 2242 1422 aspectabili
2261 1352 2379 1422 ejus

796 1445 999 1513 templo
1059 1446 1194 1510 (tum
1233 1448 1448 1515 quidem
1512 1447 1805 1500 invenusto
1892 1462 1955 1499 ac
2017 1446 2250 1514 exiguo;
2285 1460 2380 1513 per

798 1538 974 1604 ipsum
1036 1549 1215 1591 autem
1263 1541 1457 1593 decore
1488 1549 1668 1598 aucto,
1717 1555 1779 1591 ac
1810 1539 2214 1608 magnitudine:
2257 1538 2378 1605 ipso

797 1629 1006 1681 scilicet
1033 1631 1172 1696 quod
1214 1647 1357 1682 nunc
1388 1630 1649 1697 Theologi
1715 1629 2174 1696 nuncupationem
2208 1628 2374 1680 sorti-

797 1731 908 1770 tum
938 1719 1043 1786 est)
1080 1720 1338 1773 insistens
1374 1722 1646 1781 antistes;
1694 1720 1922 1772 interius
1948 1731 2128 1772 autem
2162 1719 2378 1788 inaspe-

791 1811 978 1864 ctabili
1009 1813 1206 1866 mentis
1240 1813 1450 1874 habitu,
1513 1813 1614 1882 ipsi
1659 1813 1944 1882 perspicue
1984 1813 2373 1866 resnrrcctioni

791 1905 1012 1956 tibristo
1038 1921 1132 1972 per
1165 1906 1509 1958 Anastasiam
1539 1906 1883 1968 incmnbens,
1920 1908 1970 1958 in
2017 1920 2076 1957 ea
2109 1920 2238 1958 suos
2275 1920 2369 1957 va-

791 2019 805 2046 ι
829 1998 1040 2048 illantes
1074 1996 1250 2057 fulcit,
1285 1995 1597 2050 eonfraetos
1655 1997 1832 2064 erigit,
1888 2005 2141 2050 nutantes
2174 1998 2371 2048 confir-

791 2100 938 2156 mat;
976 2105 1038 2142 ac
1063 2104 1185 2142 cum
1218 2090 1661 2155 persecutoribus
1715 2088 2094 2159 grassantibus
2129 2089 2213 2142 vix
2253 2088 2368 2156 Spi-

785 2184 1311 2245 rantesiuvcnissi-t,
1343 2182 1489 2234 vitali
1529 2193 1650 2234 actu
1718 2197 1781 2235 ac
1807 2182 2046 2250 potentia
2089 2181 2363 2249 adimplet.

792 2272 964 2326 llecto
1008 2274 1152 2326 enim
1198 2286 1450 2326 sermone
1507 2280 1669 2339 atque
1709 2273 1954 2324 doctrina
1991 2281 2247 2340 tamquam
2279 2287 2370 2323 ve-

787 2364 1009 2417 rissimo
1035 2364 1216 2418 tritico
1250 2364 1517 2417 bonorum
1553 2363 1768 2416 animos
1814 2364 2116 2417 esurientes
2171 2363 2366 2431 replet;

788 2456 1261 2524 mundissimoqne
1312 2455 1599 2522 inculpatae
1660 2455 1946 2523 theologia:
1999 2470 2158 2523 pane,
2211 2455 2366 2523 longa

786 2549 930 2600 fame
957 2546 1289 2613 tabescentia
1321 2555 1540 2614 pectora
1565 2545 1686 2599 cibo
1717 2554 1946 2598 recreat.

857 2639 1132 2710 Josepbus
1185 2639 1406 2709 quidem
1464 2637 1553 2692 ille
1612 2637 1826 2700 beatus,
1877 2637 2117 2692 fraterna
2169 2638 2366 2691 invidia

785 2729 1057 2802 Aigyptiis
1081 2730 1330 2784 venditus
1360 2730 1426 2795 3’,
1455 2745 1554 2783 nee
1586 2729 1729 2782 hera:
1755 2728 2042 2798 impudica:
2078 2730 2368 2800 praestigiis

783 2825 1047 2888 delusus;
1107 2823 1198 2878 sed
1229 2837 1449 2877 carcere
1496 2823 1708 2874 munito
1739 2821 2011 2875 castitatis
2060 2836 2224 2874 causa
2257 2822 2368 2874 circ

784 2927 1135 2984 cumseptus;
1179 2915 1294 2969 visa
1327 2914 1538 2967 somnia
1582 2913 1810 2966 solerter
1868 2913 2162 2981 dextreque
2201 2912 2367 2965 inter-

785 3019 1051 3076 pretatus,
1110 3005 1328 3078 Egypti
1375 3008 1642 3059 universae
1671 3004 1944 3074 princeps,
2001 3003 2367 3071 frumentique

785 3101 1009 3167 largitor
1071 3110 1234 3169 atque
1259 3099 1515 3164 nutritor,
1552 3099 1746 3151 nedum
1781 3099 1944 3150 unius
1994 3094 2238 3166 Egypti,
2271 3095 2363 3150 sed

2489 632 2652 670 cantsa
2689 617 3078 672 certaminibus
3109 618 3426 687 perfunctus
3454 623 3544 685 sil,
3574 638 3832 692 quanam,
3853 642 4060 693 (ιιι.ι·ς‹ι,

2488 706 2759 761 sci-nimiis
2780 708 2829 760 vi
2859 710 3359 776 repraesentaveriin
3375 712 3398 763 Ἰ
3413 711 3700 776 Quomodo
3720 720 4052 784 praecipuum

2486 800 2742 868 quiddam
2776 801 3026 865 dixerint,
3061 816 3160 855 nec
3194 803 3262 854 ita
3301 804 3489 871 procul
3521 807 3890 859 eonsectanda
3920 823 4062 860 veri—

2488 900 2595 944 tate
2648 891 2870 944 iverim‘?
2918 891 3205 957 Quomodo
3264 894 3409 947 illius
3463 912 3548 948 res
3598 911 3788 951 omnes
3846 908 4063 951 tentans

2486 998 2764 1042 enarrare,
2803 1000 2908 1036 non
2946 984 3164 1037 fastidio
3196 1000 3412 1054 gravem
3468 987 3772 1040 orationem
3809 989 4060 1042 reddi-le-

2485 1075 2624 1141 rim;
2663 1084 2758 1128 aut
2788 1079 3063 1143 quomodo
3097 1077 3355 1147 pleraque
3404 1079 3591 1134 volens
3619 1081 3891 1139 omittere.
3950 1097 4060 1134 non

2485 1167 2685 1234 ingenti
2716 1168 2994 1223 auditores
3035 1169 3238 1222 damno
3269 1169 3580 1224 affecerint?
3610 1169 3759 1225 Illius
3781 1172 3934 1240 plane
3961 1189 4061 1224 ue-

2483 1261 2717 1311 cessariai
2763 1273 2887 1319 vox,
2918 1268 3084 1331 atque
3113 1264 3405 1326 sententia,
3440 1271 3500 1316 ut
3549 1264 3716 1316 multa
3753 1266 3943 1333 paucis
3966 1282 4067 1319 ex-

2485 1347 2790 1404 hibeantur.
2832 1350 2981 1406 Illius
3019 1367 3252 1423 namque
3280 1353 3384 1407 hoc
3413 1356 3671 1422 partium,
3706 1365 3870 1423 atque
3904 1358 4065 1409 indo-

2487 1440 2576 1501 lis,
2629 1443 2703 1494 nti
2739 1443 2817 1496 sic
2856 1445 3140 1513 magnifice
3215 1455 3378 1515 atque
3410 1457 3629 1502 strenue
3651 1449 3948 1510 decertare.
3988 1452 4065 1504 ita

2479 1543 2534 1585 et
2565 1534 2924 1588 certaminum
2965 1537 3422 1606 magnificentiam
3472 1543 3744 1595 sermonis
3799 1543 4059 1612 magnifi-

2480 1625 2654 1678 centia
2698 1627 2973 1682 exhibere.

2551 1714 2684 1770 Cum
2712 1718 2824 1784 jam
2855 1719 3016 1788 igitur
3047 1722 3267 1790 pessimi
3323 1723 3598 1780 daemones
3628 1725 3940 1782 Graecanica
3975 1729 4066 1781 in-

2480 1809 2807 1872 cantatione,
2857 1826 2920 1865 ac
2956 1828 3161 1876 errore,
3205 1815 3541 1884 impnrisqne
3585 1820 3777 1882 sacris,
3819 1833 3882 1872 ac
3906 1821 4068 1873 omni

2482 1899 2794 1969 impietate,
2852 1901 3163 1958 divinorum
3219 1907 3594 1976 apostolorum
3664 1924 3936 1974 munere,
3997 1929 4070 1964 ae

2481 1999 2899 2067 triumphalibus
2962 2003 3160 2068 praeliis
3193 2014 3516 2073 martyrum,
3551 2007 3884 2071 cessissent;
3918 2008 4070 2062 sub-

2484 2093 2703 2163 lataque
2751 2095 3018 2150 idolorum
3084 2098 3275 2151 nefarii
3309 2100 3490 2152 cultus
3542 2100 3792 2170 caligine,
3824 2116 3887 2156 ac
3928 2117 4069 2156 vera

2478 2189 2598 2242 fidei
2635 2190 2753 2244 luce
2778 2200 2984 2244 rectum
3009 2203 3224 2244 onmem
3255 2192 3497 2245 animmn
3526 2194 3881 2247 collustrante
3929 2212 4068 2248 enin

2477 2281 2735 2348 deinceps
2766 2292 3152 2336 extraneomm
3189 2299 3350 2352 opera
3394 2286 3614 2354 pictatis
3639 2287 3878 2342 cultores
3910 2289 4072 2342 bello

2479 2369 2706 2440 fatigare
2737 2388 2840 2425 non
2880 2375 3288 2442 possent,ipsos
3312 2391 3495 2428 sccum
3525 2376 3753 2430 invicem
3786 2378 4071 2432 Christia-

2479 2478 2579 2515 nos
2615 2463 2981 2526 concitantes;
3025 2465 3274 2534 quinimo
3306 2467 3569 2536 quidquid
3614 2469 3666 2521 in
3715 2469 3873 2524 nobis
3907 2472 4077 2526 debi-

2479 2553 2582 2606 lins
2643 2563 2760 2606 erat
2803 2570 2988 2608 errore
3025 2555 3376 2618 abducentes,
3422 2561 3807 2629 corruptisque
3840 2577 4075 2617 sermo-

2480 2645 2638 2699 nibus
2676 2646 2940 2700 adversus
2971 2663 3067 2702 eos
3092 2649 3182 2716 qui
3224 2652 3499 2719 praecipua
3542 2653 3742 2721 pietate
3774 2653 4076 2723 fulgebant

2479 2731 2830 2794 instruentes.
2857 2737 2964 2789 acri
2999 2737 3108 2798 lite,
3151 2735 3672 2809 pugnacissimaqne
3723 2745 3898 2796 excita
3926 2760 4080 2798 con-

2479 2825 2896 2887 lcntione,alios
2928 2829 3047 2882 aliis
3085 2830 3465 2894 committunt;
3494 2831 3794 2904 fraudeque
3858 2838 3945 2888 nsi
4000 2855 4078 2890 ac

2477 2917 2724 2979 audacia,
2763 2920 2953 2987 partim
2981 2921 3200 2989 quidem
3225 2926 3489 2978 suasoria:
3511 2928 3778 2980 orationis
3817 2927 4077 2981 artificio

2477 3007 2778 3061 rationibus
2810 3010 3171 3078 simpliciores
3193 3011 3338 3065 dicto
3363 3015 3464 3066 sibi
3491 3016 3773 3070 audientes
3796 3018 4075 3083 reddunt;

2477 3100 2671 3168 partim
2709 3116 2834 3155 vero
2883 3101 3333 3158 imbecillioribus
3398 3106 3734 3174 ingruentes,
3799 3119 4079 3177 metuqu

781 3202 837 3247 et
870 3192 982 3259 jam
1029 3201 1364 3252 cxterorum,
1415 3188 1665 3242 inaudiit.
1699 3187 1994 3256 Gregorius
2022 3195 2224 3250 autem,
2256 3201 2364 3238 non
2401 3208 2446 3267 ο
2478 3192 2831 3260 procacitatis
2868 3203 3255 3261 per-terrentes,
3284 3196 3461 3265 impio
3488 3197 3726 3266 ipsorum
3750 3201 3938 3252 sensui
3961 3216 4078 3256 eos

781 3302 850 3339 ex
882 3284 1121 3338 l‘ratcrna
1150 3282 1377 3345 invidia,
1404 3283 1495 3336 sed
1528 3280 1703 3350 Magni
1735 3279 1944 3341 Basilii,
1984 3278 2222 3347 fideique
2251 3294 2369 3346 per-

784 3374 1222 3443 necessariorum
1275 3370 1634 3425 hortamentis
1695 3370 1930 3434 cedens;
1990 3369 2369 3436 qninimoim-

783 3466 1050 3535 pensioris
1105 3464 1458 3534 providentiae
1518 3462 1762 3517 consiliis
1812 3463 2103 3524 adductus,
2139 3475 2246 3514 non
2273 3461 2369 3514 abs

783 3559 1049 3612 scelerata
1084 3557 1211 3609 hera
1239 3565 1444 3609 tentata
1493 3553 1787 3624 pudicitia;
1821 3553 1998 3623 palam
2030 3567 2160 3604 vero
2195 3552 2366 3604 luere-

783 3651 1013 3703 iieorum
1065 3649 1296 3718 maligne
1350 3648 1629 3717 agentium
1683 3646 1901 3702 insidiis
1959 3645 2252 3714 appetitus,
2284 3646 2368 3696 iu-

782 3751 1004 3810 starque
1046 3756 1325 3794 carcerum
1375 3740 1671 3792 instructos
1703 3752 1890 3790 eorum
1933 3737 2090 3790 dolos
2150 3735 2352 3797 varios,

780 3847 846 3887 ac
871 3832 1307 3884 machinamenta
1349 3830 1619 3894 incidens,
1679 3829 2067 3897 sapientiaeque
2115 3827 2364 3881 doctrina

783 3924 1012 3992 potioris
1039 3923 1306 3977 eontritos
1334 3923 1647 3976 venantium
1682 3922 1906 3991 laqueos
1939 3921 2222 3990 elfugiens.
2256 3935 2363 3973 non

786 4032 946 4067 unam
989 4015 1344 4083 provinciam,
1378 4024 1471 4066 aut
1496 4014 1681 4067 urbem
1709 4031 1722 4077 ;
1771 4015 1862 4067 sed
1888 4028 1981 4082 per
2014 4029 2207 4074 unam,
2242 4027 2363 4079 quae

780 4108 884 4160 sub
916 4108 1056 4161 caelo
1093 4117 1222 4160 sunt
1257 4110 1560 4166 universas,
1598 4105 1862 4159 beneficio
1893 4105 2175 4174 impartire
2203 4119 2364 4156 mon-

782 4208 1004 4249 stratur.

857 4289 948 4342 llle
982 4288 1149 4356 igitur
1175 4287 1293 4356 ejus
1319 4287 1424 4341 cibi
1465 4287 1556 4357 qui
1585 4286 1758 4356 perit;
1794 4287 1880 4341 hic
1913 4286 2030 4355 ejus
2058 4286 2149 4356 qui
2180 4295 2362 4340 manet

779 4383 835 4434 in
860 4380 1024 4432 vitam
1061 4390 1342 4443 aeternam,
1374 4379 1723 4449 dispensator
1764 4379 2092 4440 ostenditur,
2129 4379 2362 4431 arbiter-

781 4487 886 4542 qne
914 4471 1259 4541 magnificus.
1296 4471 1471 4540 Atque
1528 4471 1614 4524 ille
1648 4470 1890 4536 quidem,
1920 4485 2027 4522 non
2061 4469 2362 4538 corporalis

2475 3281 2795 3336 submittere
2835 3295 3121 3338 conantur.

2547 3370 2686 3438 Quid
2728 3373 2889 3443 igitur
2912 3375 2993 3427 vir
3020 3375 3071 3427 in
3100 3375 3304 3430 divinis
3344 3377 3778 3441 versatissimus,
3810 3395 4069 3434 accura-

2475 3461 2805 3532 tissimaeque
2839 3463 3146 3533 'l‘heologiae
3195 3465 3421 3519 infracta
3485 3469 3738 3521 columna
3827 3483 3890 3521 ac
3950 3469 4081 3522 im-

2472 3555 2729 3610 mobilis?
2756 3555 2896 3610 Num
2939 3559 3404 3626 ncquissimorum
3441 3561 3705 3628 pravitate
3729 3562 3904 3614 minor
3946 3577 4070 3629 ap-

2471 3645 2685 3710 paruit?
2717 3656 2803 3699 aut
2839 3661 3027 3700 eorum
3094 3648 3320 3700 omnino
3359 3651 3720 3717 grassantium
3759 3653 3806 3702 vi
3852 3655 4084 3707 cessit?

2469 3749 2562 3792 aut
2589 3737 2714 3806 quid
2749 3740 3064 3793 modicume
3083 3741 3280 3810 pietate,
3320 3743 3560 3795 remisit?
3589 3753 3678 3795 aut
3706 3743 3847 3796 illius
3871 3759 4068 3800 causa

2469 3831 2768 3884 mediocria
2839 3831 3082 3899 pericula
3149 3830 3358 3885 adivit?
3432 3831 3907 3904 Haudquaquam;
3959 3839 4080 3891 sed

2462 3938 2658 3976 eorum
2686 3924 2944 3984 audaciae,
2972 3924 3310 3992 prudentiam
3344 3938 3623 3992 opponens
3648 3941 3662 3988 ;
3738 3925 4083 3993 calliditali,

2467 4012 2745 4083 vah-isque
2769 4014 3038 4074 consiliis.
3074 4014 3241 4067 animi
3267 4014 3609 4082 praesentiam
3673 4030 3736 4067 ae
3767 4014 4084 4081 fiduciam;

2466 4107 2597 4174 quin
2635 4106 2837 4174 potius,
2875 4103 3249 4158 fortitudinem
3303 4104 3566 4158 adversus
3619 4103 3904 4157 audaciam
3998 4121 4090 4161 ac

2469 4195 2865 4260 temeritatem;
2899 4194 3354 4263 prudentiamque
3375 4192 3641 4246 adversus
3690 4192 4089 4247 calliditate")

2467 4302 2529 4337 ac
2563 4286 2833 4339 vafritiem
2870 4287 3109 4339 educeus
3133 4301 3147 4349 ;
3175 4284 3582 4353 universimque
3607 4284 3742 4337 adeo
3767 4283 4049 4338 virtutem
4067 4327 4094 4351 ,

2466 4379 2728 4432 adversus
2761 4394 2947 4432 eorum
2981 4388 3145 4432 totam
3199 4377 3518 4446 pravitatem
3567 4375 3763 4429 infesta
3801 4377 3923 4429 acie
3975 4376 4092 4430 iu-

2466 4483 2718 4537 struens;
2749 4471 2827 4526 sic
2853 4472 3077 4525 omnino
3115 4470 3275 4533 fudit,
3309 4470 3645 4539 fugavitque,
3675 4483 3736 4522 ac
3772 4483 4090 4538 perexpn-

781 4565 984 4625 solum,
1039 4563 1131 4618 sed
1195 4575 1248 4617 et
1299 4573 1662 4630 temporanere
1725 4578 1952 4615 annonae
1981 4580 1992 4626 ;
2035 4561 2196 4631 idque
2228 4562 2362 4615 adeo
2391 4548 2445 4609 D
2471 4566 2676 4633 gnavit,
2714 4573 2773 4617 ut
2805 4566 2985 4633 potius
3017 4564 3270 4617 semitam
3307 4563 3462 4616 navis
3493 4577 3643 4615 mare
3669 4562 3936 4622 secantis,
3964 4577 4104 4618 aut.

777 4672 903 4711 e.un
935 4656 1206 4710 frumenta
1236 4657 1405 4726 pretio
1447 4655 1734 4720 venderet;
1779 4653 1863 4708 hic
1888 4663 2088 4714 autem,
2133 4670 2240 4707 non
2275 4668 2362 4708 so-

781 4751 890 4802 lum
925 4749 1208 4817 spiritalis,
1252 4763 1315 4801 ac
1348 4762 1468 4815 quae
1504 4745 2048 4806 eontiueatauimos;
2083 4745 2175 4799 sed
2203 4754 2256 4798 et
2305 4744 2359 4798 in

782 4841 1042 4893 s.eculum
1089 4840 1273 4909 largus
1300 4839 1528 4893 conviva
1562 4839 1770 4903 enitet;
1800 4839 2268 4908 nberrimumque,
2299 4855 2362 4893 ac

781 4936 898 4986 sine
928 4935 1102 5002 pretio
1142 4932 1367 5001 pulchre
1407 4932 1784 4986 esurientibus
1814 4931 2124 4984 convivium
2161 4947 2358 5002 propo—

781 5028 920 5081 situs
945 5033 1044 5080 est.
1085 5024 1300 5089 Quanto
1336 5023 1499 5094 igitur
1531 5039 1682 5076 mens
1720 5038 1884 5077 sensu
1923 5023 2179 5087 nobilior,
2208 5033 2360 5078 tanto

782 5120 949 5187 hujus
989 5118 1078 5171 illa
1118 5117 1381 5171 frumenti
1414 5116 1752 5180 distributio,
1781 5131 1891 5184 pra:
1915 5116 2062 5170 illius
2090 5126 2358 5185 praestan-

782 5213 907 5275 tiot‘,
940 5222 996 5266 ut
1019 5227 1144 5266 mea
1174 5210 1279 5265 fert
1299 5211 1503 5280 opinio,
1539 5209 1645 5276 his,
1671 5210 1872 5279 quibus
1901 5223 2048 5264 sanae
2068 5208 2358 5264 sintanimi

779 5305 1042 5368 rationes,
1077 5303 1234 5358 facile
1255 5303 1613 5372 judicabitur.

853 5393 1052 5448 Verum
1080 5409 1208 5465 erga
1233 5395 1450 5463 quidem
1481 5393 1813 5449 domesticos
1856 5393 1980 5447 fidei
2053 5409 2116 5447 ac
2167 5408 2356 5447 neces-

780 5488 958 5542 sarios
989 5487 1110 5542 talis
1144 5502 1268 5542 cum
1309 5496 1454 5542 esset
1477 5486 1692 5540 divinus
1715 5484 2033 5554 Gregorius,
2060 5485 2183 5539 talis
2215 5501 2359 5539 sem-

779 5595 874 5648 per
897 5577 965 5632 ad
989 5592 1084 5632 eos
1113 5577 1304 5631 habuit
1341 5592 1353 5628 :
1401 5575 1578 5645 qualis
1621 5590 1750 5628 vero
1788 5577 1951 5629 etiam
1993 5590 2119 5645 erga
2166 5575 2361 5628 adver-

778 5670 955 5724 sarios
1008 5668 1297 5734 enituerit;
1351 5669 1406 5722 in
1452 5682 1616 5737 quam
1659 5667 1859 5721 multos
1909 5667 2158 5722 veritatis
2193 5681 2360 5721 causa

846 5867 890 5896 "
917 5865 1050 5921 Gen.
1079 5883 1280 5933 XXXVJ,
1304 5867 1392 5919 9.8.
1471 5866 1514 5894 ⁸³
1543 5864 1698 5917 l‘rov.
1741 5880 1867 5927 xxx,
1918 5863 1999 5917 l9.

2461 4657 2729 4735 serpentis
2756 4659 2871 4710 vias
2904 4670 3067 4725 super
3100 4665 3328 4722 petram,
3365 4665 3459 4708 aut
3501 4653 3798 4707 volantium
3835 4655 4104 4721 aquila—

2463 4763 2581 4800 rum
2627 4747 2917 4816 vestigium
2941 4747 3008 4810 ⁸³,
3044 4754 3104 4800 ut
3125 4746 3286 4800 habet
3311 4745 3598 4815 paro-mia,
3629 4744 3839 4806 videas,
3870 4759 4087 4812 quam)

2463 4841 2680 4894 illorum
2707 4840 3004 4910 impietatis
3033 4840 3232 4894 saeculo
3265 4839 3450 4893 relicta
3477 4836 3702 4906 vestigia
3734 4835 4106 4904 deprehen-

2469 4932 2588 4987 das.

2542 5025 2678 5082 Nam
2718 5027 2792 5080 illi
2831 5025 3050 5096 quidem
3095 5039 3262 5079 unum
3294 5023 3345 5078 id
3373 5037 3511 5090 opus
3533 5029 3649 5075 erat
3697 5034 3761 5072 ac
3779 5019 4109 5088 studium,

2471 5129 2531 5174 ut
2575 5117 2845 5172 mendacii
2912 5117 3135 5187 quidem
3198 5117 3307 5168 vim
3370 5113 3724 5182 infringeret;
3761 5110 4114 5170 veritatenn

2469 5224 2648 5268 autem
2707 5219 3109 5283 propugnaret;
3163 5218 3330 5278 atque
3360 5216 3471 5260 uta
3524 5203 4114 5260 scelestissimoruin

2469 5301 2915 5357 dissimilitudine
2957 5313 3122 5368 quam
3158 5295 3529 5348 alienissimus
3585 5289 3750 5353 foret,
3803 5292 4118 5344 censu!)-

2470 5393 2840 5447 stantialitalis
2870 5401 3053 5445 autem
3079 5387 3324 5458 opinioni
3347 5385 3575 5438 omnino
3602 5382 3932 5436 adhaereret.
3961 5379 4024 5434 ll
4045 5388 4128 5442 i5

2469 5495 2646 5541 autem
2676 5493 2734 5538 ut
2759 5500 2821 5538 ex
2857 5483 3041 5536 animo
3072 5495 3190 5536 eam
3243 5479 3605 5542 cxcutienles,
3651 5490 3748 5528 suo
3806 5474 4130 5542 ipsorum

2471 5577 2638 5630 errori
2683 5575 3028 5638 insisterent;
3061 5587 3124 5626 ac
3154 5569 3374 5641 quidem
3410 5567 3656 5621 veritatis
3683 5566 3953 5635 praeconi,
4023 5584 4134 5628 ιιι

2471 5676 2697 5723 cunctos
2758 5665 2884 5720 boni
2939 5663 3117 5720 socios
3169 5676 3269 5732 pro
3326 5658 3586 5716 bonitatis
3638 5655 3818 5711 indole
3855 5658 4138 5720 habere
