4186 6434
176 423 282 484 485

892 421 1175 481 ORATIO
1213 421 1341 480 XX.
1374 446 1444 456 --
1478 422 1555 481 IN
1599 419 1909 481 LAUDEM
1942 419 2003 477 S.
2046 416 2423 477 GREGORII
2462 415 2736 478 TIIEOL.

3344 407 3461 470 466‘

176 540 531 603 percnperct;
584 531 851 587 mendacii
881 542 1063 587 autem
1097 533 1363 601 patronis,
1402 542 1458 587 ut
1506 542 1768 601 tanquam
1797 531 1843 589 Α
1872 531 2242 599 interpretem,
2284 527 2439 582 Sicut
2464 524 2631 581 etiam
2659 522 2867 587 Iesum,
2903 521 2996 592 qui
3027 529 3156 575 ante
3191 516 3451 588 Stephani

177 624 478 692 perduelle,
536 623 800 694 hosteque
852 634 1168 691 uterentur;
1206 640 1270 679 ac
1318 633 1430 678 tttm
1465 625 1538 679 illi
1574 639 1759 678 necem

178 716 406 777 inferre,
442 724 555 769 tum
596 732 762 786 quam
821 715 1053 771 docebat
1103 728 1305 772 rectam
1350 718 1764 779 fidem,exstiu-

176 823 344 875 gnere
373 818 668 862 tentarent.
696 808 868 873 Quem
918 808 1063 862 enim
1095 810 1338 862 animum
1392 809 1643 863 absurda:
1676 824 1764 862 ra-

176 900 381 965 tiones,
420 912 518 954 aut
564 902 809 954 actiones
875 910 1141 969 occupato
1204 902 1535 965 addixerint,
1576 900 1765 968 sicque

176 1001 537 1060 coniparatus
563 1003 647 1046 est
686 999 745 1046 ut
776 1009 883 1062 qua
922 1000 1139 1047 tenetur
1183 994 1605 1062 praesumptione
1631 993 1768 1046 libe-

181 1098 291 1136 rart
318 1084 753 1152 nolit,tanquam
783 1085 1021 1138 infensos
1051 1084 1392 1141 reformidat.
1410 1085 1453 1139 si
1476 1085 1567 1154 qtti
1587 1100 1770 1137 cmen-

184 1175 320 1226 dare
345 1175 718 1240 tentavt‘rint;
769 1176 1359 1245 reprehensionemque
1404 1178 1593 1231 vibicis
1624 1178 1769 1241 loco,

181 1280 241 1317 ac
272 1266 449 1334 plaga:
472 1266 700 1331 ducens,
729 1282 978 1321 amarqu
1006 1269 1557 1337 crudelissimumque
1602 1266 1773 1321 animi

183 1356 423 1411 consilio
465 1357 729 1412 adversus
771 1368 1087 1428 arguentem
1121 1346 1640 1428 exsuscitat-atque
1690 1360 1773 1413 in-

181 1451 371 1505 struit.

250 1541 333 1595 Ac
378 1542 603 1609 quidem
638 1539 938 1613 Theologo,
979 1544 1177 1598 divina:
1227 1543 1631 1614 praedicationis
1668 1559 1777 1598 scr-

183 1646 377 1684 ruones
410 1634 923 1700 przetcndebantur;
951 1649 1146 1704 nempe
1178 1650 1462 1690 sermones
1481 1635 1773 1702 ejusmodi,

180 1722 275 1790 qui
312 1724 518 1776 nedum
548 1723 612 1776 ad
644 1740 828 1778 veram
889 1725 1277 1796 salubremque
1305 1725 1589 1780 Trinitatis
1617 1726 1774 1781 fidem

184 1814 575 1881 proveherent,
624 1818 720 1871 sed
768 1818 863 1886 qui
907 1818 1072 1873 etiam
1106 1819 1311 1874 Christi
1366 1819 1617 1873 cbaritati
1682 1834 1777 1887 per

185 1908 576 1961 mandatorum
608 1907 1047 1965 observationem
1074 1912 1299 1980 (quibus
1326 1914 1475 1966 salus
1532 1912 1776 1980 acjusti-

188 2000 261 2051 tia
293 2000 590 2067 provenire
626 2002 893 2070 creditur)
926 2003 1305 2074 adjungerent.
1334 2004 1410 2057 Ad
1448 2004 1583 2068 ha’c,
1599 2004 1780 2059 carnis

187 2089 260 2141 illi
295 2092 448 2144 culta
502 2093 879 2157 mortificatio,
926 2095 1185 2164 jugisque
1209 2097 1407 2159 oratio,
1464 2112 1573 2165 qua
1611 2096 1778 2150 anitni

186 2197 408 2237 summa
466 2184 735 2256 plenaque
760 2188 1112 2255 emundatio;
1138 2204 1202 2243 ex
1235 2204 1343 2258 qua
1375 2189 1576 2244 mentis
1600 2189 1656 2243 in
1677 2190 1781 2243 Do-

190 2277 404 2328 minum
436 2291 696 2332 excessus
725 2278 793 2343 “,
820 2279 1154 2335 diviniorqu
1188 2281 1617 2336 illustrationum
1658 2298 1780 2351 per-

188 2367 396 2434 ceptio,
423 2369 732 2423 caelestium
781 2371 1134 2440 splendorum
1158 2372 1428 2437 societas;
1458 2387 1521 2427 ac
1554 2373 1777 2427 demum

188 2461 470 2528 potiorum
528 2470 779 2517 votorum
833 2464 1190 2535 adimpletio;
1230 2466 1429 2535 quibus
1477 2465 1568 2520 Dei
1615 2481 1780 2520 verus

192 2552 358 2607 homo
386 2553 693 2620 absolutus,
719 2571 785 2611 ac
807 2558 901 2627 qui
957 2559 1159 2613 mentis
1192 2561 1545 2614 renovatione
1575 2559 1777 2614 Christi

190 2643 561 2699 similitudine
592 2655 765 2714 quoto
794 2662 1014 2717 quoque
1040 2648 1129 2702 die
1164 2649 1613 2716 transformatur,
1669 2667 1777 2705 non

190 2737 313 2791 vita
342 2737 535 2791 minus
562 2737 765 2791 dcitate
821 2753 885 2791 ac
916 2740 1342 2809 magnificentia,
1383 2757 1545 2810 quam
1577 2755 1785 2797 sermo-

190 2828 275 2882 nis
335 2838 506 2896 atque
541 2828 803 2884 doctrinae
837 2830 1037 2886 illustri
1073 2833 1341 2895 claritate,
1369 2833 1435 2887 iis
1469 2834 1563 2903 qui
1606 2834 1782 2889 salute

193 2921 344 2991 digni
369 2931 525 2985 sunt,
551 2923 745 2977 salutis
778 2925 996 2978 exsistit
1024 2924 1313 2993 praesidio;
1336 2925 1553 2980 Arianis
1575 2935 1777 2990 autem,

192 3030 255 3068 ac
284 3017 381 3083 qui
427 3015 537 3069 illis
566 3016 847 3084 adjutores
890 3031 1053 3085 atque
1075 3017 1209 3072 socii
1234 3027 1393 3072 erant
1421 3018 1606 3086 (porro
1624 3024 1781 3072 erant

192 3107 480 3173 adjutores
533 3108 923 3162 consciscenda
978 3108 1180 3163 Sancto
1231 3126 1362 3164 nece
1395 3111 1774 3164 haereticorum

1873 621 2274 680 testimonium.
2334 620 2388 674 in
2439 618 2619 673 medio
2676 617 2796 685 ipso
2826 614 3065 669 concilio
3114 612 3451 668 clamasset:

1874 715 2005 784 Ego,
2045 724 2093 769 et
2139 712 2303 767 Pater
2326 729 2487 765 unum
2518 727 2701 765 sunms
2728 709 2794 772 ",
2859 716 3151 775 surgentes
3208 704 3456 774 lapidare

1871 807 2202 869 nitebantur,
2233 820 2543 874 quanquam
2572 802 2697 858 fecit
2725 802 2791 863 is,
2823 809 2883 854 ut
2913 800 3189 854 incassum
3246 796 3459 866 lapides

1873 898 2216 952 mitterentur
2248 914 2261 951 :
2321 895 2437 965 pari
2493 894 2704 948 ratione
2747 891 3014 962 Gregorio
3042 892 3259 958 quoque
3289 888 3460 943 Deum

1873 988 2112 1054 Patrem,
2146 988 2429 1056 Deumque
2473 984 2694 1049 Filium,
2741 1000 2806 1039 ac
2839 984 3005 1037 Deum
3038 980 3300 1050 Spiritqu
3335 996 3464 1035 san-

1875 1091 2046 1142 ctum,
2079 1096 2243 1135 unam
2268 1080 2555 1140 Deitatem,
2589 1091 2709 1146 qua:
2740 1076 2910 1129 tribus
2938 1074 3188 1144 personis
3211 1071 3458 1140 ejusdem

1875 1174 2193 1229 substantia:
2211 1173 2445 1227 discrete
2493 1185 2556 1223 ac
2602 1168 2747 1222 velut
2776 1168 2995 1223 dividue
3033 1183 3138 1221 una
3174 1164 3461 1230 consistat,

1876 1264 2075 1320 eximie
2106 1279 2205 1331 pro
2231 1262 2492 1331 Tbcologi
2520 1260 2768 1331 partibus
2824 1259 3153 1318 disserente.
3191 1258 3460 1311 immensa

1878 1356 2031 1409 rabie
2062 1354 2191 1415 acti,
2228 1370 2292 1407 ac
2338 1352 2521 1407 furore
2558 1352 2743 1422 repleti
2781 1351 3035 1419 princeps
3080 1350 3460 1404 lnereticorum

1878 1462 2072 1516 agmen
2132 1446 2296 1515 inque
2345 1445 2452 1500 illis
2502 1447 2750 1507 antistes,
2786 1454 3044 1511 tanquam
3079 1441 3194 1495 suis
3223 1440 3304 1494 eis
3356 1441 3462 1493 do-

1883 1540 2088 1609 gmatis
2172 1540 2419 1594 funditus
2482 1538 2859 1600 labefactatis,
2942 1534 3462 1605 praestantissimum

1880 1632 2167 1700 theologia:
2198 1633 2576 1701 interpretem,
2604 1629 2750 1683 velut
2789 1644 2887 1682 sua
2940 1642 3130 1695 opera,
3165 1626 3327 1695 vique
3359 1626 3458 1677 do-

1880 1726 2069 1779 ctrina:
2104 1741 2288 1794 parem
2322 1724 2605 1779 Trinitatis
2644 1723 2906 1777 honorem
2938 1729 3293 1783 asserentem,
3328 1718 3467 1788 lapi-

1883 1817 2043 1871 dibus
2070 1827 2277 1887 petunt.

1951 1909 2091 1977 Quia
2112 1927 2263 1974 vero,
2295 1926 2460 1980 quam
2492 1909 2570 1964 illi
2600 1910 2740 1964 male
2763 1910 3156 1979 impugnabant
3204 1906 3484 1979 deitatom_

1883 2017 1947 2056 ac
1982 2002 2317 2065 dividebant,
2352 2002 2468 2056 haec
2499 2001 2603 2055 rite
2629 2017 2726 2071 pro
2759 2017 2821 2054 ea
2853 2003 3279 2070 depugnantem,
3311 2000 3466 2050 auxi-

1883 2094 1957 2149 lio
1986 2093 2235 2159 fovebat;
2285 2109 2351 2148 ac
2412 2092 2651 2162 Spiritus
2704 2094 2803 2157 illi,
2837 2092 2929 2161 qui
2964 2092 3016 2144 in
3052 2092 3171 2160 ejus
3225 2090 3471 2157 spirabat

1881 2188 2131 2257 gratiam,
2160 2188 2347 2241 aderat
2375 2203 2389 2241 :
2422 2187 2491 2241 ab
2523 2187 2913 2242 homicidarum
2949 2201 3074 2240 eum
3135 2184 3338 2252 injuria
3401 2183 3469 2236 li-

1883 2281 2037 2335 berat
2065 2298 2080 2346 ;
2130 2280 2470 2349 illaesumque
2500 2295 2529 2335 a
2556 2280 2794 2350 lapidum
2820 2279 3080 2349 grandine
3107 2292 3355 2338 servans,
3386 2276 3457 2330 ad

1884 2372 2091 2442 majora
2135 2374 2457 2435 certamina,
2513 2388 2577 2427 ac
2611 2372 2965 2441 pcrfectiorcs
2997 2387 3230 2426 coronas
3260 2386 3471 2442 praepa-

1882 2474 1988 2519 rat.
2015 2463 2178 2519 lidem
2210 2480 2446 2534 namque
2474 2465 2579 2534 ipsi
2611 2479 2674 2519 ea
2704 2466 2914 2519 ratione
2944 2466 3203 2529 convicti,
3241 2464 3472 2531 probro-

1882 2573 1990 2629 que
2025 2557 2223 2621 ai'fectl,
2258 2556 2323 2610 ad
2350 2557 2499 2610 aliud
2539 2572 2735 2611 rursus
2754 2556 3214 2618 fortissimum,ut
3248 2564 3473 2625 putave-

1885 2658 2025 2712 rant,
2041 2662 2374 2717 prorsusque
2389 2647 2733 2701 ineluctabile
2756 2656 3039 2700 vertuntur
3073 2653 3467 2699 commentum.

1883 2738 2087 2808 Nempe
2133 2739 2295 2793 variis
2337 2748 2631 2793 ouerantes
2685 2738 3027 2801 criminibus,
3087 2737 3263 2806 iisque
3320 2736 3475 2789 urbis

1887 2833 2226 2903 praefectum,
2261 2831 2384 2886 fldei
2417 2832 2534 2901 ipsa
2569 2831 2960 2886 communione
2989 2832 3162 2903 magis
3187 2831 3469 2887 credulum

1883 2940 1946 2979 ac
1977 2924 2356 2993 procliviorem
2409 2923 2792 2986 accendentes,
2840 2938 2965 2977 cum
3022 2934 3075 2978 et
3126 2932 3475 2977 accusatores

1884 3014 2212 3071 statuissent
2241 3025 2467 3084 repente
2496 3016 2953 3085 comprehensum
2989 3016 3336 3085 Gregorium,
3371 3032 3473 3085 pro

1886 3106 2137 3160 trilnmali
2168 3106 2389 3160 sistunt.
2417 3106 2612 3175 Atque,
2641 3122 2676 3162 ο
2700 3117 2977 3176 stuporem
3004 3108 3017 3160 !
3056 3122 3089 3160 ο
3128 3108 3473 3172 insipientem

192 3199 377 3249 omnis
399 3213 646 3261 cuneus;
679 3199 826 3250 novit
867 3199 1011 3251 enim
1046 3200 1187 3253 haud
1241 3215 1367 3254 raro
1409 3201 1598 3254 vitium
1650 3201 1784 3254 vitio
1814 3217 1858 3277 ο
1892 3198 2288 3252 sceleratorum
2316 3200 2724 3267 aggressionem
2754 3201 2766 3252 l
2804 3199 3020 3254 Pacifici
3053 3200 3474 3269 probatissimus

194 3290 456 3341 auxiliari
497 3288 745 3357 belloque
784 3288 1056 3359 fatiganda
1083 3290 1308 3354 virtute,
1346 3292 1421 3344 uti
1450 3293 1649 3346 dictum
1675 3302 1782 3357 est,

194 3380 397 3432 sociari
424 3380 744 3444 Concordia,
788 3396 1100 3447 quanquam
1160 3382 1261 3434 sibi
1302 3382 1476 3449 ipsum
1509 3384 1783 3437 dissenta-

196 3487 355 3523 nrum
399 3487 468 3523 ac
495 3471 710 3525 discors
738 3472 845 3541 est)
876 3488 891 3536 ;
944 3473 1030 3527 his
1072 3472 1259 3542 itaque
1283 3475 1603 3537 inimicitiae,
1638 3476 1783 3541 lites,

193 3562 604 3625 aemulationes,
662 3566 777 3627 irze,
828 3580 891 3618 ac
931 3580 1052 3634 qua:
1091 3563 1351 3634 deinceps
1379 3581 1609 3634 magnus
1643 3568 1787 3623 Pau-

194 3655 278 3707 lus
302 3655 350 3686 ³⁸
407 3655 622 3721 pridem
676 3658 990 3724 percensuit
1033 3660 1219 3714 carnis
1267 3674 1474 3728 opera;
1529 3675 1593 3714 ac
1640 3662 1783 3729 quod

194 3764 261 3798 ea
284 3746 445 3797 nium
480 3759 799 3814 supremum
837 3750 1107 3803 maloru‘m
1136 3758 1241 3816 est,
1272 3751 1449 3806 caules
1476 3751 1593 3821 ipsa
1626 3766 1789 3807 accu-

196 3840 422 3891 rabatur
447 3838 585 3891 nihil
620 3838 981 3895 defunctorie.

261 3934 448 4000 Atque
500 3930 578 3994 bi,
624 3930 862 3999 primum
905 3933 1124 4002 quidem
1178 3935 1440 3991 maleﬁcae
1487 3938 1788 3995 dialectica:

195 4026 553 4081 serrnonibus
594 4035 887 4094 tentantes,
954 4031 1250 4100 litigantes,
1292 4034 1539 4088 veritatis
1590 4037 1786 4089 turrim

195 4120 434 4187 dejicere
460 4120 783 4187 molientes;
830 4123 1084 4193 velutque
1135 4126 1411 4193 praesidio,
1453 4143 1561 4197 qua
1617 4130 1788 4196 polle-

196 4212 287 4265 bat
308 4212 586 4280 sapientia
620 4213 885 4278 submoti,
921 4230 1349 4286 sermonumque
1374 4235 1439 4273 ac
1473 4219 1688 4274 dicendi
1727 4221 1789 4274 fi-

195 4302 394 4366 ducia;
433 4316 502 4356 ac
530 4311 791 4369 tanquam
822 4303 959 4357 duro
991 4319 1126 4358 saxo
1184 4306 1381 4375 lirmoq
1406 4322 1492 4369 ue,
1532 4307 1631 4360 viri
1670 4322 1789 4359 ma-

197 4394 284 4462 gni
324 4394 473 4453 lidci,
514 4395 730 4461 procaci
786 4394 1059 4461 irruentes
1093 4398 1320 4449 audacia
1344 4438 1358 4458 ,
1390 4413 1567 4467 exque
1613 4398 1789 4453 imbe-

198 4486 428 4539 cillitate
457 4486 660 4548 abacti,
689 4501 752 4539 ac
793 4485 1127 4553 impudentia
1180 4490 1401 4557 quidem
1442 4491 1547 4542 aalo
1565 4491 1785 4556 rientes,

202 4595 311 4642 pra:
342 4578 546 4631 virium
576 4588 755 4631 autent
793 4581 1038 4633 exilitate
1069 4581 1197 4635 vieti
1254 4582 1617 4648 recedentes;
1658 4586 1792 4652 quin

201 4673 383 4739 potius
441 4670 696 4731 contriti,
734 4685 797 4725 ac
828 4672 970 4725 velut
1019 4673 1193 4739 pulvis
1241 4684 1400 4729 vento
1456 4676 1789 4742 acturbiue,

202 4764 292 4817 alti
323 4764 450 4831 ejus
474 4764 745 4819 sermonis
791 4764 1009 4833 spiritu,
1061 4767 1249 4821 mstiva
1280 4783 1405 4821 area
1433 4770 1655 4823 excussi
1730 4786 1794 4824 ac

199 4856 493 4920 ventilati;
522 4870 645 4908 cum
674 4856 1135 4912 absurdissimum
1167 4859 1447 4913 videretur
1482 4875 1653 4915 novos
1678 4860 1792 4930 jam

200 4963 321 5001 cum
338 4963 409 5001 eo
440 4962 759 5001 sermonum
788 4948 925 5003 inire
947 4964 1297 5020 congressus,
1324 4951 1418 5021 qui
1439 4952 1587 5005 omni
1616 4954 1792 5021 palam

202 5035 482 5090 sermonis
537 5051 602 5091 ac
640 5037 905 5091 doctrina:
939 5039 988 5093 vi
1010 5051 1313 5109 superaret,
1347 5042 1619 5112 lapidibus
1638 5043 1794 5096 deiu-

204 5143 327 5196 ceps
360 5126 649 5181 tentabant
683 5128 936 5183 obruere.

268 5222 351 5274 Ac
407 5202 576 5274 sicut~
616 5218 890 5274 homicida
922 5219 1235 5276 Judawrum
1293 5224 1470 5292 plebs,
1507 5224 1790 5294 Stephano

205 5315 266 5366 ad
301 5328 404 5367 eos
441 5327 619 5366 unum
644 5314 870 5367 verbum
922 5315 1208 5383 prolocuto
1236 5315 1319 5379 “;
1372 5325 1588 5383 apertos
1626 5311 1791 5370 nimi-

205 5420 323 5458 rutn
360 5405 466 5473 ipsi
510 5404 707 5465 caelos.
741 5419 805 5459 ac
839 5404 1037 5459 Filium
1076 5407 1318 5461 hominis
1348 5408 1413 5459 ad
1454 5406 1633 5460 Patris
1657 5409 1792 5461 dex-

207 5505 374 5549 teram
406 5510 470 5551 se
503 5494 709 5559 videre,
741 5511 866 5550 cum
895 5497 1158 5567 aequalem
1186 5514 1310 5552 cum
1342 5498 1600 5552 Genitore
1626 5500 1798 5551 hono-

208 5608 315 5645 rem
373 5592 548 5661 prolis
595 5590 739 5646 ferre
783 5604 1175 5662 nonpossent;
1210 5595 1554 5648 continentes
1608 5610 1793 5657 aures,

208 5682 438 5757 moxque
457 5696 778 5756 surgentes,
811 5685 1190 5755 lapidaverunt
1245 5689 1531 5760 theologia:
1574 5705 1791 5743 sacrum

277 5863 321 5895 “
354 5864 391 5918 ΙΙ
418 5865 552 5922 Cor.
586 5885 643 5931 ν,
690 5866 773 5920 15.
854 5866 898 5897 ³⁵
925 5864 1095 5921 Galat.
1129 5885 1177 5936 v,
1208 5869 1296 5922 '20.
1378 5868 1421 5897 ’θ
1451 5868 1567 5925 Act.
1598 5886 1692 5935 vtt,
1724 5868 1811 5926 δε).

1893 3289 2213 3359 discipulus,
2241 3304 2305 3345 ac
2326 3290 2477 3359 pacis
2510 3291 2834 3346 mitissimus
2891 3292 3115 3355 arbiter,
3146 3290 3390 3345 seditiosi
3413 3305 3478 3343 ac

1894 3384 2136 3453 protervi
2172 3384 2381 3437 crimen
2416 3385 2763 3449 sustinebat;
2801 3401 2863 3439 ac
2888 3386 2981 3455 qui
3022 3385 3290 3444 docendo,
3321 3386 3483 3451 juxta-

1894 3478 2141 3529 divinum
2194 3478 2510 3545 Apostolum
2546 3477 2614 3543 ⁸⁸,
2650 3478 2859 3532 fidelem
2917 3493 3226 3531 sermonem
3272 3477 3480 3543 ample-

1895 3577 2158 3632 cteretur,
2198 3578 2458 3638 tauquam
2491 3569 2585 3638 qui
2630 3570 2807 3624 aliena
2836 3584 2865 3623 a
2921 3569 3044 3632 lidc,
3095 3584 3159 3622 ac
3209 3567 3487 3622 Itmrclit'is

1898 3662 2117 3729 propria
2143 3661 2386 3722 doceret,
2418 3661 2487 3715 ab
2514 3662 2696 3730 impiis
2725 3662 2997 3715 calumnia
3034 3662 3477 3715 insinmlabatur.

1899 3751 2282 3807 Stabatautem
2308 3754 2391 3807 vir
2408 3762 2702 3820 strenuus,-
2735 3755 2880 3808 velut
2902 3754 3169 3809 sodalium
3240 3754 3485 3823 cuipiam-

1900 3860 1964 3898 ae
1999 3857 2284 3909 notorum;
2318 3859 2427 3898 non
2461 3846 2617 3915 quasi
2664 3855 2820 3900 tanto
2883 3844 3242 3915 magistratui,
3286 3844 3483 3913 judici-

1899 3953 2005 4008 que
2026 3938 2327 3992 assisteret.

1970 4030 2218 4097 Quonam
2242 4031 2404 4085 modo
2436 4032 2569 4086 scite
2624 4042 2877 4102 apteque,
2905 4033 2987 4085 vol
3012 4031 3249 4101 prmfccti
3288 4048 3482 4101 Sttprr-

1901 4124 2067 4188 biam,
2133 4124 2446 4193 festumque
2512 4124 2704 4189 animi,
2739 4139 2803 4179 ac
2856 4140 3170 4177 sermonum
3220 4140 3482 4187 arrogan-

1902 4216 2029 4266 tiam
2058 4230 2072 4279 ;
2104 4220 2200 4275 aut
2224 4214 2324 4266 viri
2344 4213 2684 4281 prudentiam
2730 4229 2793 4268 ac
2825 4214 3099 4267 lenitatem
3127 4232 3139 4267 :
3167 4225 3484 4282 certamque

1902 4305 1966 4357 ad
1996 4318 2120 4357 eum
2189 4320 2252 4358 ac
2278 4303 2605 4373 exquisitam
2635 4303 3071 4360 satisfactionem
3106 4306 3286 4360 verbis
3312 4323 3479 4374 cxpe-

1902 4398 2043 4451 diam
2074 4398 2096 4449 ?

1973 4485 2152 4541 Pnzr.
2196 4486 2337 4553 Quid
2392 4486 2495 4541 sibi
2540 4487 2678 4553 vult,
2709 4486 2844 4541 heus
2882 4497 2960 4552 tu,
2995 4489 3143 4557 quod
3206 4490 3287 4543 si‘e
3342 4504 3485 4558 pra:-

1834 4579 1875 4632 D
1908 4580 2250 4648 magnificam
2310 4580 2870 4651 attguslissimamque
2898 4582 3171 4637 civitatem
3204 4583 3482 4637 seditiosis

1904 4673 2505 4732 molitionibusturbas.
2546 4688 2671 4727 cum
2704 4673 3004 4744 pr.esertim
3031 4683 3332 4729 extraneus
3396 4683 3482 4729 at-

1904 4780 2010 4833 que
2038 4766 2238 4833 hospes
2264 4766 2501 4819 exsistas
2526 4765 2549 4817 ’ἔ

1971 4857 2141 4912 Gneo.
2173 4858 2272 4912 Cui
2307 4856 2394 4911 ille
2431 4874 2443 4911 :
2486 4856 2747 4922 Quaenam
2777 4856 2997 4925 injuria,
3047 4872 3238 4926 quaeve
3288 4857 3484 4910 adver-

1902 4967 2020 5006 sum
2056 4967 2177 5018 nos,
2216 4950 2410 5019 inquit,
2451 4949 2864 5004 accusatoribus
2887 4948 3193 5016 divulgata,
3232 4963 3484 5001 rumore-

1903 5056 2009 5111 que
2043 5054 2233 5109 sparsa
2265 5037 2523 5092 seditiosa
2565 5037 2773 5090 molitio
2846 5051 2911 5090 ac
2947 5034 3243 5103 petulantia
3272 5034 3295 5108 ’ζ
3333 5031 3481 5087 Nihil

1902 5135 2047 5187 en'im
2083 5133 2212 5186 mihi
2243 5130 2515 5200 ejusmodi
2537 5146 2717 5184 rerum
2750 5130 3006 5183 conscius
3041 5142 3191 5182 sum.

1974 5226 2148 5279 Phill".
2182 5223 2360 5290 Quod,
2390 5223 2589 5291 inquit,
2610 5223 2863 5277 inanibus
2899 5221 3079 5275 verbis
3151 5228 3317 5289 atque
3357 5234 3481 5288 pro-

1904 5320 2063 5385 fanis,
2092 5317 2504 5386 ineompositam
2532 5317 2739 5385 plebem
2766 5316 2832 5369 ad
2866 5330 2954 5369 res
2980 5331 3149 5369 novas
3174 5312 3435 5368 sollicitas
3464 5332 3479 5365 :

1901 5412 2210 5478 viderisque
2259 5408 2392 5462 mihi
2450 5410 2641 5463 turbas
2680 5407 2848 5469 ciere.
2908 5408 3000 5476 qui
3097 5405 3477 5474 imperitormu

1900 5520 1961 5555 ac
1987 5500 2355 5571 insipientium
2386 5500 2483 5553 tibi
2530 5500 2745 5553 animos
2784 5498 3029 5559 addicas,
3089 5509 3261 5565 atque
3281 5496 3344 5547 asl
3384 5510 3472 5544 se-

1901 5598 2157 5650 ditionem
2178 5594 2323 5664 (qute
2352 5592 2440 5647 his
2456 5592 2618 5647 facile
2640 5592 3026 5654 succendatur)
3048 5600 3218 5646 (nstro
3235 5587 3476 5659 quodam

1901 5690 2163 5758 impellas.

1918 5870 1958 5900 ⁸⁷
1993 5866 2146 5923 Joau,
2185 5882 2239 5934 Χ,
2272 5867 2355 5921 50.
2475 5868 2516 5899 ⁸⁸
2547 5864 2655 5920 Tit.
2696 5880 2732 5932 ι,
2766 5864 2817 5919 9.
