4186 6434
713 420 817 483 467

1879 416 2168 475 ΝΙΕΕΤΈ
2214 415 2729 474 l’.-\i’lll..‘.i‘.(leiS

3845 409 3948 472 4(38

782 527 952 580 Gneo.
992 524 1392 586 Euimvero,ait
1420 539 1632 585 rursus,
1665 525 2276 581 seditiosa:molitionis.
2308 523 2355 579 Λ
2386 543 2552 580 unum
2605 540 2822 592 corpus.
2863 537 3111 590 unusque
3147 520 3384 589 spiritus
3417 517 3713 570 Christiani
3758 534 3952 570 ttlllnt's

711 620 990 689 turba-que
1020 616 1294 685 popularis
1327 625 1533 669 tantum
1572 614 1727 670 abest
1784 626 1839 668 ut
1875 615 1966 668 ulli
2012 617 2125 684 ipse
2171 617 2271 668 sim

716 721 929 771 auctor,
957 718 1217 777 quantum
1261 708 1351 776 qui
1375 707 1504 759 olim
1541 709 1760 772 mortui,
1792 723 1819 760 a
1847 718 2024 762 vestra
2061 709 2278 763 civitate

711 816 777 854 ac
808 799 1083 868 republica
1113 800 1354 852 extranei
1395 808 1585 865 agunt.
1621 799 1762 853 Olim
1794 801 1938 853 enim
1966 799 2165 870 (neque
2192 816 2278 854 me

706 894 992 960 quisquam
1012 893 1334 961 arrogantia:
1384 894 1663 960 fastusqne
1683 893 1976 961 insimulet)
2006 895 2150 945 omni
2177 909 2279 946 saa-

706 982 838 1047 culi,
880 982 1142 1050 fluxarque
1171 982 1357 1048 gloria:
1381 983 1629 1034 claritate
1648 993 1826 1049 spreta
1859 996 1921 1034 ac
1946 982 2126 1034 carnis
2154 982 2278 1035 uni-

710 1073 886 1128 versis
909 1073 1294 1142 cupiditatibus
1311 1075 1584 1135 excussis,
1610 1075 1821 1141 solique
1837 1073 2055 1126 Christo
2079 1073 2280 1126 findere

713 1164 1026 1232 adjunctus,
1058 1179 1122 1217 ac
1163 1163 1254 1232 qui
1285 1164 1406 1232 ejus
1443 1163 1559 1232 lege
1583 1164 1820 1232 Spiritus
1850 1165 1934 1233 agi
1969 1164 2276 1227 maluerim,

711 1255 779 1308 ab
815 1255 960 1308 omni
985 1255 1257 1308 discordia
1307 1270 1370 1308 ac
1398 1256 1514 1307 rixa
1548 1255 1810 1308 mundum
1854 1257 2118 1323 mcipsum
2166 1270 2279 1308 ser-

713 1352 838 1402 vare
875 1348 1190 1410 contendo;
1244 1364 1343 1401 uec
1399 1349 1570 1401 solam
1619 1349 2039 1416 pulcherrimam
2091 1361 2277 1416 parem

710 1437 856 1491 solus
897 1453 995 1505 ego
1049 1439 1347 1506 amplector
1379 1481 1392 1502 ,
1451 1440 1544 1492 sed
1604 1449 1657 1493 et
1707 1450 1938 1493 cunctos
1999 1439 2122 1493 totis
2149 1438 2279 1490 viri-

711 1530 812 1583 bus
880 1543 1000 1582 eam
1061 1530 1340 1598 amplecti,
1418 1545 1540 1583 cum
1607 1530 1772 1583 Paulo
1823 1531 1880 1594 “°_
1945 1531 2134 1582 hortor
2198 1538 2281 1583 at-

711 1635 817 1686 que
868 1621 1098 1674 suadeo.
1157 1620 1294 1675 Fore
1341 1623 1486 1675 enim
1530 1633 1589 1676 ut
1648 1624 1764 1676 sine
1797 1622 1883 1674 illa
1914 1637 2075 1676 nemo
2101 1622 2282 1674 videat

715 1711 904 1765 Deum.

788 1802 966 1857 Puer.
1002 1802 1139 1868 Quid
1174 1818 1322 1868 vero,
1356 1804 1552 1872 inquit,
1588 1804 1732 1872 quod
1773 1814 1825 1856 et
1865 1805 2059 1865 aliena,
2091 1819 2154 1856 ac
2179 1818 2279 1872 pro

715 1893 981 1947 haereticis
1006 1894 1254 1962 partibus
1280 1892 1483 1948 doces?
1519 1892 1710 1946 Nonne
1729 1893 1880 1947 vobis
1905 1892 2099 1944 suilicit
2123 1891 2276 1954 Iides,

709 1987 794 2039 cui
820 1997 873 2039 et
907 2001 1133 2056 magnus
1159 1987 1454 2056 imperator
1482 1986 1807 2054 astipulatur
1838 2003 1850 2036 :
1882 1985 2168 2051 omnisque
2199 1983 2280 2036 di-

711 2077 785 2130 tio
831 2093 896 2131 ac
927 2078 1120 2133 civitas
1174 2078 1510 2134 assentitur?
1549 2076 1782 2131 Solusne
1815 2075 1936 2129 fidei
1986 2076 2278 2128 novitatem

711 2171 962 2225 illaturus
1003 2186 1081 2235 es,
1129 2172 1423 2241 orbemque
1472 2172 1625 2226 solus
1657 2171 1709 2223 in
1755 2169 2076 2225 sententiam
2134 2178 2278 2222 tuam

713 2263 992 2330 pertrahes
1018 2264 1040 2315 ?

781 2355 954 2410 Casu.
983 2353 1124 2408 Nihil
1148 2355 1398 2425 equidem
1437 2369 1660 2416 novum,
1705 2355 1903 2422 inquit.
1935 2362 2030 2407 aut
2057 2354 2123 2405 ah
2153 2368 2283 2420 apo-

714 2447 904 2500 stolica
944 2447 1045 2502 fide
1071 2447 1332 2511 alienum,
1363 2447 1446 2500 vel
1493 2449 1607 2516 ipse
1641 2448 1872 2516 cogitavi
1907 2462 2168 2514 unquam,
2201 2445 2281 2497 vel

713 2539 850 2593 alios
877 2539 1073 2603 docui;
1103 2538 1195 2593 sed
1231 2553 1591 2607 quarcunque,
1611 2539 1765 2608 juxta
1792 2552 2002 2592 sacram
2039 2535 2284 2603 Scriptu-

716 2645 852 2692 ram,
887 2631 1206 2688 audivimus.
1236 2637 1284 2682 et
1325 2630 1662 2698 cognovimus
1707 2646 1789 2692 ea,
1823 2637 1871 2682 et
1903 2640 2079 2696 patres
2112 2628 2282 2680 nostri

715 2730 1062 2773 narraret-unt
1087 2720 1238 2773 nobis
1272 2721 1339 2781 9°,
1367 2721 1481 2773 inec
1506 2721 1795 2781 sentimus,
1818 2720 1931 2772 hare
1963 2719 2235 2786 loquimur
2269 2737 2282 2770 :

715 2815 767 2864 in
811 2812 893 2866 his
919 2825 1324 2881 permanemns,
1356 2827 1476 2881 qua:
1505 2811 1853 2873 credidimus,
1885 2825 1949 2864 ac
1988 2810 2143 2863 nobis
2167 2826 2286 2862 cre-

713 2904 821 2955 dita
844 2913 993 2968 sunt,
1019 2903 1254 2958 scientes
1281 2919 1309 2956 a
1328 2917 1436 2972 quo
1460 2903 1810 2957 didicerimus
1835 2903 1877 2933 ⁰¹
1937 2900 2052 2955 Νοιι
2097 2901 2288 2954 huma-

718 2993 802 3047 nis
882 2994 1272 3061 cogitationum
1337 2995 1640 3048 rationibus
1691 2995 2008 3048 inconcessa
2043 3035 2058 3058 ,
2117 2995 2291 3061 iiSquc

718 3087 994 3143 inaccessa
1024 3086 1278 3138 metimur
1315 3104 1327 3138 :
1378 3101 1552 3154 neque
1589 3093 1840 3138 naturam
1898 3086 2041 3138 nuila
2101 3088 2290 3137 verbo-

2381 636 2664 686 agcremus
2693 619 2767 682 ‘3’;
2802 617 3022 685 jamque
3048 615 3183 668 adeo
3208 628 3312 666 non
3339 627 3402 664 ex
3433 610 3541 663 alio
3567 611 3680 670 alii,
3711 611 3947 678 alioque,

2379 710 2470 762 sed
2527 727 2589 763 ev
2646 709 2863 761 Christo
2909 721 3097 760 omnes
3148 715 3261 759 tum
3313 718 3776 772 nuncuparemur,
3833 712 3947 755 tum

2379 817 2646 864 essemus,
2679 800 2771 868 qui
2815 800 2880 852 ad
2907 815 3068 852 unam
3131 798 3485 867 eamdemque
3514 812 3663 867 spem
3707 796 3954 850 vocatio-

2384 897 2467 947 nis
2500 894 2701 961 pariter
2729 907 3076 946 curret-emus
3107 893 3174 943 9“.

2454 986 2590 1052 Quia
2646 1001 2774 1038 vero
2831 984 3116 1046 nonnulli,
3177 981 3342 1036 animi
3404 981 3584 1051 potius
3641 980 3951 1050 pravitate,

2381 1093 2544 1146 quam
2577 1077 2810 1139 inscitia,
2847 1075 2892 1130 si
2929 1084 3092 1129 certae
3120 1075 3354 1135 veritati,
3395 1074 3668 1140 clarisque
3703 1072 3955 1125 testimo—

2383 1171 2508 1232 niis,
2560 1182 2623 1222 ac
2676 1166 3096 1220 auctoritatibus
3145 1165 3468 1220 obnituntur
3500 1181 3513 1216 :
3547 1172 3674 1232 puta
3714 1163 3802 1224 iis,
3830 1176 3956 1229 quae

2385 1263 2450 1314 ad
2479 1260 2674 1314 Filium
2709 1266 2979 1327 spectant,
3021 1257 3167 1325 quod
3200 1256 3292 1310 Dei
3328 1270 3509 1310 sermo
3554 1270 3678 1309 cum
3709 1261 3852 1306 esset
3898 1252 3952 1303 in

2382 1351 2672 1422 principio,
2693 1358 2809 1401 erat
2833 1350 2972 1417 apud
3003 1347 3218 1401 Patrem
3240 1349 3311 1410 ’⁸,
3347 1354 3400 1400 et
3430 1348 3566 1400 Deus
3591 1353 3707 1398 erat
3733 1361 3747 1404 ;
3779 1345 3958 1410 quod-

2383 1461 2490 1512 que
2550 1442 2907 1509 Uuigcnitus,
2948 1451 3000 1496 et
3026 1440 3172 1509 quod
3230 1440 3283 1492 in
3320 1440 3439 1492 sinu
3471 1437 3664 1491 Patris.
3697 1435 3832 1504 Ego,
3870 1436 3959 1486 in—

2383 1536 2520 1604 quit,
2556 1537 2609 1588 in
2644 1535 2825 1600 Patre,
2854 1546 2900 1587 et
2951 1532 3114 1585 Pater
3155 1533 3209 1585 in
3259 1547 3339 1583 me
3385 1539 3460 1582 est
3493 1530 3562 1580 “.
3620 1527 3724 1590 Et,
3754 1529 3864 1594 Ego
3909 1536 3958 1577 et

2387 1626 2548 1680 Pater
2596 1645 2758 1679 unum
2786 1641 2966 1680 sumus
2983 1626 3048 1677 ’⁷.
3077 1624 3232 1690 Quod
3259 1623 3384 1676 item
3415 1621 3671 1690 splendor
3685 1620 3869 1689 glorim
3887 1619 3960 1679 ’⁸,

2386 1735 2446 1773 ac
2496 1719 2666 1784 ligura
2705 1725 2943 1784 paternae
2971 1713 3310 1772 substantiae,
3362 1712 3412 1764 id
3447 1719 3552 1772 est,
3583 1712 3766 1778 imago
3803 1709 3964 1761 inva-

2385 1808 2624 1871 riahilis,
2685 1808 2870 1861 divino
2937 1805 3106 1858 Paulo
3169 1803 3496 1873 prardicatus
3559 1809 3686 1865 est;
3743 1813 3962 1852 necnon

2386 1902 2528 1965 aliis,
2568 1899 2768 1969 quibus
2797 1900 2984 1953 eadem
3029 1897 3245 1952 deitatis
3269 1906 3463 1949 natura
3502 1895 3782 1947 astruitur.
3826 1889 3966 1955 Qua:

2386 2011 2514 2049 vero
2563 2002 2808 2064 spectant
2863 1993 2930 2046 ad
2990 1990 3276 2061 Spiritum,
3321 1987 3465 2057 quod
3525 1985 3786 2040 Dominus
3838 1991 3962 2044 est,

2386 2088 2532 2156 quod
2576 2087 2760 2150 mittit,
2813 2084 2958 2155 quod
3002 2085 3105 2138 sibi
3147 2081 3406 2151 templum
3437 2078 3597 2132 efﬁcit
3648 2079 3715 2139 '9,
3747 2090 3810 2129 ac
3839 2074 3966 2126 dei-

2387 2181 2545 2243 ficat;
2585 2178 2730 2247 quod
2765 2177 2979 2247 operari
3031 2191 3156 2230 eum
3191 2173 3352 2229 sicuti
3384 2171 3498 2224 vult
3537 2172 3576 2233 ¹,
3603 2184 3666 2222 ac
3699 2168 3841 2222 dona
3877 2156 3971 2218 di-

2387 2274 2568 2325 videre
2613 2279 2842 2324 testante
2869 2270 3154 2338 Scriptura
3207 2269 3226 2298 ²
3263 2264 3536 2334 proditum
3585 2269 3703 2326 est;
3738 2259 3968 2328 quibus.

2386 2366 2618 2433 aliisque
2668 2363 2939 2431 plurimis,
2980 2363 3100 2430 ejus
3131 2371 3350 2427 quoque
3404 2371 3529 2410 cum
3595 2354 3751 2407 Patre
3785 2350 3970 2413 socia,

2389 2473 2605 2525 unaque
2631 2455 2931 2509 dominatio
2961 2452 3290 2507 Ostenditur.

2457 2547 2595 2613 Quia
2630 2547 2793 2616 igitur
2825 2546 2972 2598 nulla
3017 2553 3289 2598 tantorum
3337 2539 3573 2608 Spiritus
3603 2534 3974 2590 testimonio-

2390 2657 2505 2694 rum
2557 2637 2855 2691 reverentia
2905 2636 3078 2698 dueti,
3130 2650 3240 2689 non
3274 2634 3498 2686 horrent
3524 2628 3838 2684 creatricem
3902 2638 3979 2679 ac

2390 2731 2715 2784 ellectricem
2770 2729 3015 2781 omnium
3080 2739 3305 2780 causam
3364 2723 3562 2776 creatis
3628 2731 3979 2780 accensere;

2393 2826 2636 2891 lirmtque
2671 2829 2920 2875 creatura
2978 2833 3244 2887 nequam,
3305 2818 3396 2884 qui
3445 2813 3591 2866 οηιηί
3639 2811 3842 2878 pudore
3877 2824 3977 2859 se-

2394 2925 2558 2974 moto,
2603 2922 2851 2966 naturam
2893 2911 3040 2964 omni
3069 2908 3400 2977 superiorem
3429 2905 3733 2963 dominatu,
3762 2901 3816 2954 in
3846 2914 3981 2953 ser-

2392 3007 2615 3059 vitutem
2648 3004 2958 3072 arrogantia
3030 3017 3094 3056 ac
3123 3000 3376 3069 superbia
3420 2999 3726 3058 detrahant,
3767 3007 3865 3047 nec
3903 3007 3978 3043 ex

2393 3095 2589 3161 seipsis
2627 3094 2891 3145 hactenus
2924 3090 3222 3158 intelligere
3263 3087 3564 3147 voluerint,
3615 3098 3738 3136 cum
3799 3081 3985 3134 animi

719 3191 834 3227 rum
864 3176 912 3228 vi
945 3175 1345 3244 cxplicabilem,
1375 3189 1439 3228 ac
1473 3189 1634 3242 quam
1670 3189 1827 3225 nemo
1861 3173 2143 3240 intelligat,
2167 3173 2289 3225 dia-
2319 3215 2362 3272 ϐ
2398 3186 2625 3236 ίηιυιοῇοΓ
2648 3182 2812 3243 ratio,
2855 3190 3019 3247 atque
3048 3180 3197 3232 notio
3227 3192 3292 3231 ex
3328 3184 3506 3229 meme
3547 3173 3693 3226 nulla
3717 3170 3989 3239 passione

717 3267 924 3322 lecticis
960 3268 1226 3321 methodis
1256 3268 1615 3334 pensitamus.
1674 3264 1857 3334 Neque
1895 3265 2040 3318 enim
2076 3276 2131 3317 ut
2170 3267 2292 3333 qui-

721 3361 946 3413 busdam
1005 3361 1174 3412 moris
1215 3367 1318 3419 est,
1379 3368 1572 3428 praeter
1624 3373 1686 3411 ea
1732 3374 1852 3426 qua:
1912 3358 2084 3412 sacris
2138 3358 2292 3411 nobis

717 3451 952 3505 oraculis
978 3450 1224 3519 exposita
1253 3459 1400 3513 sunt,
1423 3449 1803 3502 contumacius
1828 3448 2122 3516 quidquam
2158 3464 2292 3515 prze-

721 3542 1012 3595 sumimus.
1039 3541 1229 3595 Omnis
1260 3540 1424 3610 igitur
1445 3541 1534 3609 qui
1570 3555 1633 3591 ex
1668 3539 1776 3592 Deo
1808 3553 1909 3603 est,
1945 3549 2294 3605 nostramque

719 3632 870 3686 audit
899 3647 1107 3693 vocem,
1135 3645 1197 3684 ac
1233 3646 1396 3700 quam
1439 3630 1714 3699 loquimur
1770 3630 2049 3682 veritatem
2129 3644 2293 3696 agno-

721 3739 880 3778 scens
921 3742 933 3777 :
975 3738 1080 3776 non
1105 3722 1261 3776 nobis
1279 3721 1614 3789 simpliciter,
1648 3721 1741 3774 sed
1776 3721 1874 3788 ipsi
1905 3721 2082 3788 plane,
2110 3729 2292 3772 nostra

721 3831 904 3884 opera,
937 3815 1150 3868 veritati
1183 3813 1412 3878 accedit,
1439 3814 1599 3882 eique
1619 3812 1966 3866 conciliatur.

792 3908 971 3962 ΡΜςῆ
1017 3908 1156 3972 Quid
1205 3921 1368 3974 ergo,
1413 3907 1608 3974 inquit,
1652 3905 1896 3957 videmur
1942 3906 2035 3958 tibi
2075 3921 2179 3957 non
2229 3921 2292 3957 ex

726 3999 835 4052 Deo
886 4014 948 4051 ac
989 3999 1208 4050 veritate
1247 4012 1344 4050 nos
1365 4012 1506 4062 esse,
1547 3996 1690 4066 quod
1724 4007 1906 4049 vestro
1939 3998 2300 4050 consubstan-

727 4089 841 4142 tiali
885 4105 991 4142 non
1034 4088 1324 4141 admodum
1383 4087 1715 4140 assentimur
1759 4102 1770 4135 :
1818 4101 1993 4153 neque
2035 4086 2180 4137 cnim
2233 4103 2294 4138 ex

728 4181 1024 4251 Seripturis
1053 4181 1334 4243 habemus,
1372 4189 1429 4231 ut
1478 4179 1525 4231 ei
1559 4190 1709 4231 certo
1746 4193 2030 4230 assensum
2061 4178 2300 4244 praebea-

728 4290 871 4328 mus.
907 4272 1049 4338 Quid
1091 4285 1216 4324 vero
1255 4271 1348 4323 tibi
1377 4313 1392 4335 ,
1427 4269 1517 4338 qui
1560 4285 1658 4322 nec
1693 4269 2035 4337 imperatoris
2068 4269 2301 4321 decretis

729 4366 1065 4429 consentias,
1094 4365 1258 4433 inque
1302 4373 1511 4417 tantum
1557 4363 1831 4430 Opinionis
1877 4361 2076 4416 fastum
2114 4379 2302 4418 vecors

729 4458 970 4514 evaseris
994 4498 1008 4522 ,
1046 4472 1147 4511 nec
1186 4471 1310 4509 cum
1365 4466 1514 4508 tanto
1549 4457 1930 4523 episcoporum
1985 4465 2125 4507 coetu
2176 4470 2302 4508 con-

2401 3292 2460 3330 ac
2493 3276 2750 3336 fluxione,
2790 3275 2936 3325 nulla
2969 3269 3230 3338 temporis
3262 3268 3403 3320 inter
3428 3265 3687 3333 capedine
3717 3275 3990 3320 nascens,

2399 3378 2561 3434 atque
2602 3381 2630 3417 a
2671 3367 2924 3434 gignente
2959 3359 3370 3429 inseparabilis,
3422 3371 3652 3426 quasque
3685 3353 3814 3405 item
3854 3366 3991 3403 ser-

2402 3459 2580 3511 monis
2619 3456 2924 3523 prolatione
2953 3453 3020 3507 ad
3061 3467 3280 3506 sensqu
3315 3451 3534 3510 transit,
3568 3446 3810 3516 ejusdem
3847 3458 3989 3496 cum

2404 3557 2580 3600 mente
2609 3549 2801 3598 horum
2840 3552 3062 3612 parente
3087 3552 3294 3594 natura:
3315 3540 3456 3604 sint;
3489 3552 3616 3590 vero
3649 3535 3812 3588 etiam
3852 3548 3996 3600 pro-

2403 3640 2525 3708 pins
2550 3649 2698 3692 certa
2729 3639 2962 3706 quadam
3008 3635 3216 3688 ratione
3272 3631 3364 3699 qui
3404 3646 3469 3684 ex
3517 3628 3675 3681 Patre
3705 3625 3992 3679 luminum

2405 3733 2548 3785 velut
2571 3742 2842 3786 coaeterna
2863 3728 3111 3798 quatdam
3131 3725 3374 3796 germina
3398 3724 3692 3781 exsistunt,
3724 3717 3994 3785 ejusdem

2407 3827 2600 3879 iuerito
2644 3835 2852 3878 natura:
2890 3837 3014 3875 cum
3055 3820 3299 3889 genitore
3326 3817 3523 3870 debere
3554 3808 3881 3866 existimari.

2473 3913 2529 3965 Id
2564 3928 2691 3966 vero
2729 3913 2780 3964 in
2820 3925 2987 3964 causa
3023 3917 3128 3970 est,
3164 3916 3223 3960 ut
3251 3905 3350 3974 ipsi
3380 3903 3449 3958 ab
3470 3916 3660 3955 eorum
3693 3914 3793 3953 nos
3822 3912 3997 3950 com-

2407 4007 2686 4068 munione,
2726 4002 2875 4054 velut
2908 3999 2999 4068 qui
3034 3998 3261 4053 adversa
3289 3994 3503 4048 veritati
3538 3992 3791 4060 dogmata
3819 3989 4003 4042 indu-

2406 4106 2553 4158 cant,
2581 4109 2688 4147 non
2711 4091 2909 4159 injuria
2931 4086 3315 4142 abscindamus
3339 4102 3353 4149 ;
3379 4098 3480 4137 nec
3499 4081 3731 4136 decretis
3757 4077 4003 4146 acquie—

2408 4203 2647 4249 seainus,
2681 4201 2744 4239 ac
2771 4181 3136 4251 impietatihus
3167 4191 3453 4232 assensum
3505 4173 3870 4242 praebeamus,
3911 4185 3992 4222 ne

2409 4265 2633 4335 scilicet'
2659 4291 2841 4345 parem
2903 4273 3012 4328 illis
3068 4268 3417 4338 blasphemia:
3465 4263 4004 4320 condemnationem

2410 4372 2796 4428 sustineamus,
2852 4363 3114 4434 quidquid
3167 4361 3283 4414 orbi
3335 4373 3483 4412 nunc
3520 4357 3772 4411 universo
3805 4353 4006 4420 impe-

2412 4479 2531 4517 rare
2563 4461 2884 4520 vidcantur;
2927 4455 3030 4510 etsi
3065 4455 3225 4520 vulgo
3259 4452 3546 4504 videantur
3581 4445 3843 4516 episcopi,
3879 4444 4009 4498 etsi

731 4550 971 4605 cordiam
992 4547 1175 4603 colas?
1195 4547 1332 4600 Num
1352 4547 1512 4600 times
1534 4562 1599 4599 ne
1629 4546 1681 4598 in
1709 4557 1758 4599 te
1787 4547 1898 4614 ipse
1921 4562 2081 4615 grave
2102 4548 2304 4614 aliquid
2339 4569 2382 4623 ι)
2409 4553 2670 4607 sublimes
2714 4549 2869 4603 sedes
2931 4542 3370 4601 conscenderint.
3404 4540 3576 4592 Nobis
3619 4535 3922 4604 siquidem,
3962 4550 4008 4589 0

731 4656 795 4696 ex
831 4640 1180 4694 contentione
1212 4638 1516 4691 inconsulte
1565 4653 1814 4690 arcessas
1835 4638 1856 4689 ’ἒ

803 4733 973 4786 Gneo.
1011 4731 1243 4784 Docebat
1273 4729 1515 4799 quidem,
1546 4745 1579 4780 o
1620 4729 1867 4797 praefecte
1894 4729 2020 4796 (qua
2054 4744 2306 4782 mansue-

736 4825 944 4885 tudine,
988 4823 1294 4890 blandaque
1357 4823 1584 4876 lenitate
1641 4821 1923 4887 respondit
1973 4819 2302 4889 Theologus)

738 4914 1002 4983 unigeniti
1039 4913 1223 4984 gloriae
1259 4931 1362 4966 non
1398 4914 1730 4982 impingere;
1781 4929 1878 4966 nec
1934 4913 2196 4965 adversus
2227 4912 2308 4964 di-

735 5008 843 5060 vini
879 5005 1120 5075 Spiritus
1151 5005 1376 5058 honoris
1417 5005 1776 5072 mqualitatem
1798 5005 1993 5068 elatos,
2025 5005 2167 5056 illius
2193 5017 2309 5055 ma-

734 5100 989 5166 jestatcm
1023 5112 1278 5166 spernere
1311 5115 1323 5150 :
1360 5112 1458 5150 nec
1491 5097 1724 5164 denique
1777 5104 1922 5148 tanta
1966 5096 2309 5149 testimonio-

737 5207 858 5244 rum
891 5191 1134 5259 neglecta
1170 5189 1346 5257 copia,
1372 5190 1573 5258 quibus
1601 5188 1746 5241 Patri
1780 5189 1984 5243 honOre
2023 5202 2312 5256 com-quan-

739 5292 850 5342 tur,
883 5281 1247 5334 deterioribus
1284 5280 1525 5333 animum
1564 5279 1910 5348 opinionibus
1942 5279 2181 5333 inlicere.
2222 5278 2313 5331 Sic

739 5373 886 5426 enim
932 5387 1042 5426 una
1075 5372 1194 5425 fidei
1250 5371 1617 5435 confessione,
1661 5371 1965 5440 mentisque
1997 5372 2311 5433 concordia,

744 5466 918 5520 tribus
945 5465 1469 5520 sanctificationibus
1497 5464 1642 5517 velut
1693 5463 1953 5516 sublimes
2004 5462 2312 5532 Seraphim,

748 5573 911 5612 unam
977 5558 1426 5620 dominationem,
1485 5571 1547 5609 ac
1611 5556 1870 5609 Deitatem
1931 5556 2213 5609 laudantes
2243 5557 2312 5615 θ’,

817 5696 862 5726 ⁸⁸
895 5693 1058 5750 llebr.
1096 5710 1193 5756 xu,
1238 5695 1322 5747 Η.
1383 5694 1430 5726 ⁹⁰
1461 5693 1603 5746 Psal.
1632 5711 1804 5756 Lxxu,
1837 5694 1888 5745 ὅ.

1980 5695 2020 5724 ⁹¹
2061 5693 2100 5746 Il
2129 5693 2270 5746 Tim.
2319 5707 2400 5748 ιιι.
2434 5693 2516 5745 Η.

2409 4641 2724 4713 Spei-tande,
2777 4640 3138 4707 imperatores
3187 4648 3296 4686 non
3352 4644 3615 4699 purpura,
3650 4628 3746 4681 sed
3779 4626 4016 4681 virtute

2410 4735 2620 4789 nobiles
2671 4742 2835 4800 atque
2872 4728 3063 4798 inclyti
3113 4745 3126 4780 :
3162 4740 3267 4779 non
3298 4738 3461 4784 auro,
3493 4729 3740 4790 argento,
3773 4719 4013 4788 pretio-

2409 4825 2753 4892 sissimisque
2784 4821 3017 4889 capillis,
3051 4817 3132 4871 vel
3163 4829 3300 4869 auro
3351 4811 3652 4882 compactis
3689 4810 3963 4864 curribus
3993 4852 4012 4873 ,

2410 4933 2505 4972 seu
2539 4914 2749 4983 magnis
2797 4910 3130 4966 exercitibus
3180 4906 3397 4976 augusti
3469 4919 3533 4958 ac
3585 4902 4020 4964 formidabiles,

2416 5008 2508 5063 sed
2562 5006 2681 5058 fidei
2727 5004 3062 5064 sinceritate,
3101 5014 3338 5068 veraque
3380 5013 3445 5050 ac
3477 4995 3711 5066 genuina
3743 5009 3874 5059 erga
3918 4996 4030 5048 di-

2416 5100 2600 5150 vinum
2629 5094 2837 5148 Numen
2871 5092 3176 5146 affectione.
3215 5089 3506 5156 Episc0pos
3529 5093 3709 5138 autem
3749 5099 3856 5135 non
3899 5100 4027 5136 eos

2419 5189 2642 5242 omnino
2701 5183 2983 5243 habemus,
3039 5180 3132 5249 qui
3182 5177 3613 5233 sacerdotalibus
3667 5173 4034 5242 praefulgent

2419 5280 2595 5339 stolis,
2627 5287 2789 5344 atque
2821 5273 3046 5337 infulis;
3094 5271 3185 5325 sed
3227 5270 3319 5338 qui
3369 5269 3515 5321 velut
3547 5266 3766 5335 podere,
3811 5264 3865 5316 id
3921 5280 4037 5321 est

2423 5373 2599 5434 talari,
2637 5370 2802 5423 etiam
2841 5367 3038 5418 virtute
3081 5363 3262 5416 amicti
3295 5371 3454 5426 sunt;
3488 5368 3803 5425 rectumque
3835 5357 4034 5411 fidem

2426 5464 2573 5517 velut
2600 5459 2859 5514 rationale
2886 5456 3074 5526 jndicii
3107 5455 3149 5518 ³,
3175 5463 3229 5507 et
3255 5455 3559 5512 veritatem,
3589 5459 3643 5502 et
3674 5446 4040 5503 nmuil‘esta-

2426 5557 2626 5609 tionem
2657 5555 2707 5607 in
2746 5562 2981 5621 pectore,
3023 5548 3300 5616 animique
3329 5543 3630 5616 prccordiis
3663 5549 3911 5611 gestant.

3065 5685 3108 5715 os
3153 5683 3330 5736 ιοοιι,
3373 5695 3428 5741 χ,
3465 5678 3556 5739 Π;
3592 5675 3610 5728 1
3647 5674 3770 5726 Cor.
3803 5687 3882 5732 vt,
3927 5674 4044 5728 I7.

2611 5692 2655 5722 θ’
2693 5690 2792 5741 lsa.
2834 5689 2985 5742 νίμΐὶ.

748 5767 792 5797 9‘
833 5746 1029 5831 Ephes.
1334 5765 1377 5794 "'
1413 5764 1568 5815 Joau.
1615 5781 1649 5822 ι,
1691 5766 1709 5816 1
1745 5746 1804 5816 ρι’
1835 5766 1912 5815 lii.
1986 5765 2032 5794 ⁹’⁵
2063 5764 2220 5817 .Ioao.
2251 5781 2294 5815 χι

2398 5763 2478 5815 ll.
2541 5764 2558 5791 τ’
2590 5761 2748 5812 .1‹›.ιιι.
2786 5776 2836 5822 v,
2881 5762 2964 5811 30.
3028 5759 3071 5787 ε’*
3105 5753 3262 5804 Πρω.
3299 5769 3335 5816 ι,
3363 5750 3414 5802 5.
3478 5750 3522 5777 ’³
3561 5748 3599 5799 ll
3633 5747 3738 5800 Cor
3791 5759 3878 5808 Ill,
3933 5746 4047 5800 ῗῖ.

749 5838 765 5864 ⁸
804 5839 900 5888 ,ιρι
960 5853 1036 5898 ιιι,
1071 5835 1137 5896 ‘2',
1199 5836 1368 5889 Ιίζιιι·⁸
1404 5837 1562 5900 ωιτν.
1624 5843 1640 5865 ‘-'
1673 5836 1684 5887 Ι
1714 5837 1838 5887 (ἴοι.
1878 5852 1967 5898 ιιι,
2012 5838 2056 5888 εἰ

2181 5836 2197 5860 ἲ
2237 5835 2403 5888 ιίωιε.

2480 5850 2665 5892 \Mm,
2734 5834 2774 5880 ί.
