4186 6434
190 422 277 483 669

875 419 1158 478 ORATIO
1196 420 1319 479 XX.
1359 442 1424 453 -
1467 417 1546 476 ῐΝ
1591 416 1895 476 LAUDEM
1936 417 1996 476 S.
2035 416 2405 475 GREGORII
2446 418 2713 478 THEOL.

3293 426 3400 488 470

249 536 338 588 Sic
369 542 547 587 autem
585 533 880 596 animatus,
918 548 981 585 ac
1013 548 1136 584 cum
1163 534 1231 584 ita
1261 534 1326 585 de
1358 533 1441 585 his
1483 532 1735 593 sentiam,
1772 537 1810 589 Α
1845 529 2168 583 militudine.
2212 533 2276 584 At
2307 533 2604 602 Gregorius
2656 533 2876 603 (quippe
2900 537 2990 605 qui
3028 552 3132 590 non
3165 543 3401 597 nesciret,

189 626 443 695 siquidem
494 626 800 695 ingruentia
862 623 1145 679 Trinitatis
1192 642 1320 692 ergo
1364 624 1623 692 pericula,
1680 638 1743 675 ac

192 720 390 783 exsilia,
419 720 717 783 cruciatus,
746 728 970 773 mortem
1007 720 1147 785 (vita:
1184 720 1389 774 srilieet
1420 718 1743 773 immortalis

189 808 513 878 argumenta)
562 810 974 863 detrectaverim
1005 826 1019 872 ;
1056 819 1165 863 tum
1199 826 1326 863 vero
1368 810 1543 879 reipsa
1586 812 1745 862 innu-

191 900 338 951 meris
371 913 460 953 me
490 900 713 967 dignum
744 899 1010 953 mortibus
1071 914 1136 952 ac
1185 900 1437 968 periculis
1468 899 1742 954 existima-

189 990 366 1044 verim.

244 1082 408 1135 Aiunt
431 1080 766 1149 praefectum,
784 1081 868 1137 bis
891 1098 953 1135 ex
973 1098 1038 1136 eo
1055 1082 1274 1144 auditis,
1302 1083 1399 1136 viri
1424 1083 1743 1149 sapientiam

191 1174 307 1225 mira
324 1172 559 1241 quadam
585 1173 793 1228 ratione
821 1174 1002 1228 virtuti
1022 1184 1480 1242 contemperatam
1508 1175 1744 1228 admira-

192 1276 281 1317 tain
297 1280 451 1319 esse:
478 1266 664 1334 sicque
688 1267 821 1321 adeo
848 1267 1055 1336 plebem
1084 1268 1279 1335 pietate
1305 1279 1655 1331 commotam,
1683 1285 1744 1324 ac

188 1356 349 1407 divina
384 1357 587 1409 victam
632 1358 1033 1425 przedicatione,
1067 1368 1123 1411 ut
1146 1362 1415 1426 ingentem
1448 1360 1742 1412 clamorem

189 1447 448 1513 extulerit,
480 1464 543 1500 ac
577 1449 774 1502 nedum
806 1450 1088 1517 theologia:
1116 1452 1332 1503 nomine
1363 1454 1576 1503 beatum
1612 1468 1744 1519 prte-

189 1536 465 1601 dicaverit,
510 1555 696 1592 verum
726 1540 889 1593 etiam
930 1541 1038 1595 illic
1074 1541 1248 1609 primo
1283 1540 1614 1612 'l‘heologum
1644 1558 1741 1611 ap-

189 1630 466 1693 pellaverit.
503 1629 594 1683 Sic
632 1631 887 1684 nimirum
920 1648 1146 1700 prorsus
1186 1635 1454 1687 theatrum
1485 1648 1698 1701 ceperat
1727 1653 1742 1702 ;

187 1717 377 1786 sibique
413 1719 681 1787 judicium
720 1724 1017 1789 (auditores
1063 1726 1291 1793 srilicot)
1343 1727 1641 1781 addixerat.
1670 1728 1743 1781 Ac

187 1805 487 1876 Gregorium
551 1810 769 1878 quidem
832 1828 956 1866 cum
992 1816 1292 1868 reverentia
1324 1816 1542 1867 domum
1577 1819 1741 1871 remi-

187 1897 335 1958 sisse;
383 1913 733 1957 accusatores
785 1918 911 1957 vero
973 1907 1238 1974 tantisper
1285 1906 1641 1978 objurgasse,
1686 1921 1742 1963 ut

188 1993 263 2055 qui
293 1991 356 2043 ad
386 2008 570 2046 causa:
597 2008 931 2047 momentum
964 1999 1241 2065 arguendo
1282 1998 1399 2051 viro
1436 2000 1568 2053 nihil
1597 2010 1742 2054 attu—

184 2078 360 2135 lerant.
391 2082 533 2137 Hinc
571 2086 735 2138 etiam
782 2086 888 2149 ille,
922 2089 1187 2142 utdivino
1222 2091 1491 2159 proditum
1522 2093 1742 2161 eloquio

186 2182 274 2236 est,
296 2174 555 2243 majorem
588 2177 609 2205 ⁸
643 2178 693 2229 in
734 2178 926 2246 plateis
956 2180 1150 2246 agebat
1193 2181 1527 2249 libertatem,
1570 2184 1737 2237 fiden-

188 2263 385 2334 tiusque
442 2269 619 2336 palam
666 2269 1008 2338 loquebatur.
1055 2269 1245 2326 Omnis
1297 2274 1440 2326 enim
1503 2276 1738 2339 animus,

186 2370 292 2407 tum
331 2361 632 2412 certamina
658 2361 885 2414 necdum
924 2362 1149 2427 adierit,
1199 2365 1518 2433 plerumque
1548 2365 1740 2421 formi-

186 2443 315 2507 dare,
340 2460 509 2513 seque
550 2463 744 2515 pugnae
797 2452 1131 2517 subducere;
1166 2454 1305 2507 lucta
1334 2466 1516 2509 autem
1544 2458 1737 2513 defun-

186 2539 305 2591 ctus,
337 2544 645 2604 auctusque
687 2538 933 2602 victoria,
984 2540 1195 2596 fortiter
1234 2560 1296 2597 ac
1336 2555 1557 2600 strenue
1596 2560 1740 2603 amat

185 2636 344 2692 agere.

242 2712 408 2773 Homo
463 2735 595 2773 sane
647 2722 794 2779 illius
839 2724 1058 2780 Ausiles
1087 2743 1149 2781 ac
1184 2730 1372 2783 beatus
1399 2733 1591 2793 Jobus.
1630 2751 1737 2803 pra:

185 2801 378 2861 virtutis
442 2813 760 2876 praestantia
822 2814 1123 2871 invidiosus
1182 2818 1401 2873 diabolo
1457 2801 1734 2888 redditus,

186 2894 351 2964 illique
380 2901 683 2966 postulanti
712 2904 963 2971 traditus,
995 2908 1180 2964 liberis
1204 2912 1447 2979 quidem,
1478 2916 1737 2983 mnnique

186 2988 313 3051 prius
341 2992 652 3047 substantia
711 2997 977 3063 nudatur;
1011 3008 1237 3068 tumque
1277 3004 1440 3056 etiam
1484 3007 1734 3073 pessimis

186 3090 391 3145 corpore
420 3082 704 3139 ulceribus
736 3087 959 3141 caeditur
983 3090 1002 3119 ⁸
1025 3108 1039 3155 ;
1066 3092 1130 3143 ad
1166 3092 1280 3145 haec
1301 3097 1562 3148 vermium
1589 3100 1731 3158 tabo,

184 3170 441 3241 acutisque
464 3184 687 3229 amotus
715 3176 1023 3244 doloribus;
1055 3195 1139 3241 ac,
1171 3198 1293 3235 cmn
1323 3201 1488 3239 uvore
1513 3188 1732 3239 demen-
1764 3184 1807 3241 Ο

185 3258 243 3311 tia
276 3260 554 3331 loquente,
593 3275 758 3335 atque
798 3269 988 3323 amicis
1027 3270 1449 3341 imprudentius,
1490 3292 1586 3329 nee
1643 3294 1740 3344 pro

184 3349 247 3400 rei
281 3351 457 3407 indole
486 3358 903 3413 consolantibus
930 3376 1082 3424 usus,
1117 3380 1215 3418 nec
1248 3366 1532 3419 minimum
1565 3371 1735 3422 emol-

184 3440 290 3492 litus
313 3454 477 3509 esset,
517 3447 599 3499 vel
637 3448 798 3501 ullam
834 3465 1059 3519 prorsus
1089 3452 1199 3506 Deo
1235 3457 1518 3510 stultitiam
1563 3458 1739 3514 dedis-

180 3540 264 3596 set,
290 3535 578 3604 magnifice
598 3538 853 3608 claroque
878 3542 1148 3607 pra‘conio
1179 3543 1230 3595 in
1258 3545 1362 3599 line
1383 3549 1736 3602 certaminum

182 3625 465 3680 celebratus
493 3637 584 3681 est
609 3645 623 3693 ;
650 3644 734 3693 ac,
759 3632 900 3697 quod
926 3636 1174 3686 omnium
1201 3640 1735 3705 pnestantissimum,

182 3712 302 3769 illius
340 3733 473 3772 voce
506 3720 837 3786 pranlicatur
867 3722 1068 3790 justus,
1113 3728 1201 3793 qui
1246 3744 1274 3779 e
1308 3730 1521 3783 turbine
1575 3741 1739 3799 atque

180 3810 388 3865 nubibus
424 3814 503 3865 illi
538 3817 923 3881 respondebat.
985 3817 1081 3871 llic
1123 3830 1327 3883 autem,
1384 3824 1531 3876 nulla
1595 3826 1733 3877 mala

182 3902 531 3967 :emulatione,
595 3914 758 3973 atque
806 3907 976 3960 livore
1019 3910 1198 3962 ablata
1251 3914 1590 3975 substantia,
1646 3920 1737 3969 St'ti

178 3986 353 4043 Christi
415 3993 537 4063 lege
585 4005 804 4063 erogata
850 3998 901 4049 in
945 4013 1212 4066 pauperes
1253 4005 1401 4056 ontni
1456 4005 1736 4073 facultate;

180 4092 259 4132 nec
292 4083 478 4136 decem
517 4085 791 4138 duntaxat
832 4087 1153 4152 confertim,
1209 4107 1425 4161 unoque
1463 4110 1738 4151 momento

184 4172 499 4237 corporalem
541 4174 839 4226 liberorum
874 4191 1161 4243 perpessus
1196 4180 1495 4247 interitum,
1526 4185 1619 4238 sed
1654 4186 1735 4238 in-

180 4263 582 4315 numerabilium
640 4264 810 4317 animi
879 4267 1051 4318 labem
1092 4268 1496 4327 tabescentibus
1549 4277 1735 4329 dolore

182 4347 455 4405 visceribus
488 4354 777 4409 sustinens
808 4356 945 4425 ejus,
972 4359 1063 4425 qui
1093 4372 1423 4426 expetierat,
1465 4365 1540 4417 ira
1573 4366 1735 4418 cauli-

178 4442 402 4501 tur;nec
456 4457 597 4495 vero
647 4443 823 4496 solum
874 4461 1124 4515 corpore,
1159 4450 1290 4517 quin
1338 4452 1518 4518 potius
1549 4457 1728 4507 medio

1843 620 1960 688 ejus
1985 622 2364 691 cogitationes)
2407 624 2784 679 admirandam
2818 629 3077 684 adversus
3106 632 3284 684 omnia
3311 648 3404 700 pa-

1845 715 2085 767 tientiam
2122 729 2399 781 opponens
2458 732 2521 769 ac
2577 717 3224 783 longanimitatem,haud
3252 738 3411 779 secus

1844 817 1907 856 ac
1982 804 2318 871 inturgentes
2364 819 2606 873 Spumas,
2690 807 3021 864 decumanos
3082 811 3407 879 iniuriarum

1848 894 2045 948 fluctus
2091 895 2244 948 elidit
2284 909 2296 945 :
2336 896 2427 949 sed
2459 897 2507 949 ei
2555 898 3003 953 administrorum
3036 902 3249 957 invidia:
3287 919 3409 957 om—

1845 1002 1965 1041 nem
2000 988 2387 1057 malignitatem
2447 988 2774 1059 sinistraque
2822 990 3102 1044 molimina
3128 995 3405 1051 convellit.

1846 1076 1916 1131 ln‘
1936 1078 2041 1131 line
2068 1087 2245 1133 autem
2275 1094 2360 1142 ea,
2411 1094 2532 1147 qum
2576 1080 2629 1131 in
2675 1096 2842 1136 censu
2872 1092 3049 1147 erant,
3087 1098 3195 1137 non
3224 1085 3407 1154 dupli-

1846 1170 1927 1223 cia
1960 1169 2166 1237 recipit,
2197 1172 2287 1223 sed
2320 1173 2504 1224 multis
2536 1172 2781 1239 partibus
2816 1174 3085 1237 auctiora,
3126 1176 3275 1229 velut
3298 1177 3408 1231 sci-

1848 1260 1969 1314 licet
2000 1262 2175 1313 bonus
2205 1261 2292 1315 ille
2326 1278 2537 1327 servus,
2571 1271 2794 1332 accepta
2831 1273 3097 1332 potestate
3123 1282 3287 1335 super
3316 1268 3411 1322 de-

1846 1367 1960 1405 cem
2002 1351 2270 1414 civitates,
2336 1354 2579 1421 quinimo
2608 1355 2779 1407 instar
2811 1355 2983 1409 lidelis
3041 1370 3104 1408 ac
3129 1357 3407 1423 prudentis

1846 1439 2116 1491 ωροιιοιιιί
2150 1440 2189 1502 ⁸,
2231 1438 2345 1508 ipse
2377 1456 2593 1509 quoque
2627 1442 2750 1512 (nec
2780 1459 3031 1512 magnum
3063 1444 3259 1513 dictu.)
3292 1462 3411 1498 om-

1846 1532 2007 1585 nibus
2040 1546 2159 1599 quze
2208 1541 2334 1585 sunt
2367 1531 2577 1585 Domini
2639 1534 2725 1587 sui
2789 1536 3129 1602 pra'positus.
3192 1537 3413 1593 Minime

1846 1634 2027 1676 autem
2082 1623 2405 1691 prmdicatur
2434 1623 2638 1691 justus,
2673 1624 2767 1679 sed
2797 1624 3027 1679 efﬁcitur
3058 1645 3070 1680 :
3102 1626 3411 1691 Theologus

1847 1725 2027 1766 autem
2094 1724 2205 1768 tum
2264 1714 2515 1777 cilicitur,
2589 1725 2703 1769 tum
2777 1719 3061 1786 magnifice
3145 1720 3410 1785 prredira-

1852 1816 1957 1859 tur.

1918 1940 2053 1997 Hinc
2082 1941 2343 2004 Trinitas,
2367 1940 2512 1995 haud
2534 1957 2693 1997 secus
2718 1957 2782 1997 ac
2801 1942 3007 2013 lampas
3035 1944 3177 1999 trino
3200 1945 3412 2015 fulgens

1844 2031 2069 2095 lumine,
2109 2033 2305 2086 eximie
2333 2032 2385 2085 in
2408 2048 2473 2087 eo
2503 2048 2752 2095 accensa,
2782 2049 2887 2086 non
2918 2035 3025 2099 jam
3057 2036 3254 2090 silentii
3298 2052 3413 2091 mo-

1842 2124 1933 2176 dio
1969 2124 2137 2191 premi
2179 2124 2481 2178 sustinebat
2518 2143 2530 2178 :
2563 2124 2801 2195 nonjam
2830 2126 2895 2178 ad
2924 2142 3018 2180 eos
3080 2127 3409 2197 indulgentia

1844 2217 2100 2269 utendum
2132 2217 2515 2280 arbitrabatur,
2549 2233 2778 2287 quorum
2812 2217 3132 2272 imbecillior
3158 2221 3411 2274 eratani-

1844 2324 1997 2372 mus;
2025 2308 2116 2360 sed
2142 2307 2284 2361 sicut
2317 2309 2690 2361 lncidissimus
2713 2309 2817 2363 iste
2848 2311 2951 2371 sol,
2982 2310 3093 2378 jam
3129 2323 3288 2365 terra:
3317 2326 3409 2365 so-

1842 2398 1987 2451 lutus
2017 2399 2161 2459 sinu,
2202 2398 2365 2465 inque
2394 2399 2726 2455 horizontem
2775 2410 2917 2455 terra
2942 2404 3279 2471 superiorem
3310 2404 3410 2457 mi-

1839 2490 2090 2543 cantibus
2127 2490 2293 2542 radiis
2318 2490 2580 2557 tantiSper
2606 2492 2957 2559 prominens;
2992 2494 3253 2546 hactenus
3284 2495 3409 2562 qui-

1836 2583 1957 2635 dem
1994 2596 2236 2636 summos
2268 2583 2531 2635 montium
2564 2585 2789 2636 vertices
2840 2600 3056 2637 sensum
3117 2586 3235 2638 luce
3284 2602 3411 2655 per-

1838 2674 2093 2736 fundens,
2137 2675 2303 2728 densa
2339 2677 2683 2728 tenebrarum
2715 2675 2781 2729 ad
2830 2684 2987 2729 terra!
3016 2692 3148 2730 cava
3186 2686 3410 2732 contru-

1836 2765 1951 2818 dit:
2013 2765 2385 2835 paulatimque
2437 2782 2788 2835 promovens,
2850 2768 3075 2822 oninioo
3118 2770 3407 2837 caliginem

1834 2855 2247 2924 dissipatatque
2271 2856 2509 2923 dispellit
2586 2854 3012 2925 universumque
3030 2858 3216 2910 orbem
3254 2866 3411 2911 terra:

1835 2948 2023 2999 mundi
2054 2947 2334 3000 communi
2368 2947 2489 3001 luce
2541 2947 2775 3000 ubertim
2827 2948 3100 3015 impattit;
3136 2949 3240 3002 nisi
3280 2949 3410 3018 quid

1832 3053 1895 3090 ex
1927 3053 2115 3091 eorum
2170 3053 2366 3105 genere
2399 3050 2500 3103 est,
2560 3054 2681 3107 quae
2742 3048 2899 3091 noctu
2959 3051 3276 3107 pascuntur,
3312 3056 3413 3095 nec

1837 3130 1970 3183 solis
1996 3131 2178 3184 radios
2203 3129 2342 3184 ferre
2382 3141 2609 3199 possunt
2634 3148 2648 3194 ;
2678 3130 2759 3185 sic
2782 3132 3039 3184 nimirum
3072 3142 3409 3201 comparata,

1842 3231 1900 3274 ut
1930 3223 2066 3275 luris
2088 3223 2405 3276 excellentia
2433 3238 2618 3274 eorum
2640 3238 2744 3276 non
2772 3234 2877 3277 tam
2912 3225 3211 3278 illustretnr
3236 3227 3409 3290 visus,

1843 3328 2003 3379 quam
2037 3313 2350 3377 deteratur;
2387 3324 2480 3366 aut
2505 3324 2727 3382 propter
2746 3323 2957 3368 meatus
2981 3314 3276 3368 inferenda:
3301 3316 3410 3370 luci

1844 3420 1950 3457 non
1996 3405 2249 3469 idoneos,
2303 3421 2403 3458 nec
2454 3406 2587 3459 satis
2621 3407 2921 3473 explicatos
2967 3417 3020 3460 ut
3065 3406 3410 3475 splendorem

1841 3496 2133 3562 recipiant;
2203 3497 2512 3564 cuiusmodi
2565 3498 2731 3552 lustra
2796 3498 2960 3562 subit,
3020 3514 3082 3552 ac
3135 3510 3408 3567 petrarum

1842 3601 2056 3654 specus.
2089 3587 2179 3641 Sic
2208 3602 2426 3655 quoque
2451 3586 2779 3656 Gregorius;
2824 3591 2954 3657 quin
2987 3591 3163 3657 potius
3195 3607 3315 3659 qua:
3354 3592 3409 3643 in

1842 3680 1934 3733 illo
1962 3679 2106 3732 velut
2128 3678 2259 3731 orbe
2290 3677 2423 3731 solis
2466 3678 2962 3746 rutiloquiescebat
2992 3678 3254 3743 Trinitas,
3291 3681 3405 3747 pri-

1843 3785 1989 3821 mum
2020 3778 2198 3823 mente
2230 3769 2580 3823 sublimiores
2606 3769 2907 3833 illustrans,
2943 3780 3166 3839 tumque
3191 3788 3410 3825 omnem

1842 3860 2087 3912 animum
2121 3860 2238 3913 luce
2264 3860 2489 3928 dignum
2532 3862 2753 3914 amabili
2784 3862 3010 3915 scientia
3060 3863 3295 3930 replens,
3330 3862 3411 3917 fe~

1846 3951 2021 4002 rinmn
2049 3966 2207 4003 omne
2237 3963 2443 4019 pectus,
2478 3966 2809 4021 sensumque
2836 3954 3061 4007 affectus
3114 3970 3143 4007 a
3202 3957 3413 4007 ratione

1843 4042 2004 4094 alieni
2064 4044 2354 4096 alumnum.
2412 4053 2569 4097 terra:
2621 4044 2820 4098 abditis
2873 4047 3166 4098 obscurum
3215 4047 3408 4099 tradit:

1842 4148 2035 4200 nempe
2069 4149 2175 4187 non
2201 4133 2457 4188 ferentem
2491 4136 2658 4189 divini
2723 4137 2853 4189 radii
2906 4137 3204 4205 spiritalem
3287 4138 3411 4191 illii-

1842 4226 2195 4288 strationem;
2232 4234 2393 4294 atque
2416 4226 2536 4281 ideo
2559 4228 2798 4282 divinam
2830 4229 3173 4296 repellentem
3214 4228 3409 4290 lucem,

1841 4317 1987 4383 quod
2023 4318 2103 4369 vel
2133 4317 2275 4371 malo
2304 4329 2515 4372 natura:
2552 4318 2732 4385 genio,
2786 4319 2867 4372 vel
2902 4319 3071 4371 animi
3121 4320 3409 4386 pravitate,

1840 4408 2217 4461 excellentiam
2250 4409 2507 4464 bonitatis
2536 4413 2811 4477 suscipere
2839 4425 2944 4463 non
2970 4412 3160 4479 possit.

178 4525 277 4594 ipso
314 4543 556 4599 pec-tore,
616 4544 778 4603 atque
831 4539 1013 4593 animo
1047 4540 1263 4594 duriore
1290 4543 1441 4613 plaga
1478 4544 1726 4600 amt-itur,
1766 4519 1807 4573 [⁵
1906 4541 2046 4607 Ergo
2078 4540 2282 4593 civitati
2333 4541 2572 4610 quidem,
2608 4542 2771 4608 inque
2809 4558 2870 4595 ea
2907 4542 3215 4609 agentibus,
3246 4552 3409 4609 atque

182 4614 418 4674 'fentator
443 4625 605 4678 enim
654 4626 804 4679 velut
836 4630 1023 4693 armis,
1063 4641 1225 4700 atque
1261 4633 1476 4699 jaculis,
1508 4639 1733 4706 nequis-

178 4723 407 4766 snnorum
462 4717 770 4781 dentibus,
808 4720 1139 4790 linguisque,
1175 4726 1319 4778 velut
1369 4729 1544 4783 acutis
1599 4747 1731 4784 usus

178 4801 360 4867 gladiis,
394 4808 789 4862 haereticorum
827 4812 1082 4881 loquendi
1116 4816 1356 4881 licentia,
1393 4829 1555 4887 atque
1597 4838 1728 4890 pru-

178 4894 263 4944 ritn
286 4898 547 4953 continue
573 4909 833 4967 tanquam
863 4906 1242 4968 mucronibus,
1276 4906 1427 4972 ferit;
1466 4916 1727 4980 percutit-

179 4998 264 5047 que
282 4988 645 5058 hlasphemiis
662 4992 905 5047 animum
927 5012 941 5059 ;
963 5003 1127 5065 atque
1148 5012 1334 5051 eorum
1355 5004 1636 5071 opera.qui
1661 5005 1733 5058 si-

180 5079 345 5131 mulata
361 5082 487 5144 ﬁde,
504 5083 815 5136 amicitiam
837 5086 1231 5153 proﬁtebantur
1254 5090 1329 5155 (in
1354 5092 1551 5154 quibus
1570 5094 1730 5146 etiam

181 5163 261 5221 fuit
280 5169 549 5227 Maximus
578 5174 853 5244 Cynicus;
890 5178 1048 5246 cujus
1080 5194 1179 5249 pro
1209 5180 1410 5250 Cynica
1437 5184 1614 5238 indole
1643 5202 1735 5239 su-

183 5264 454 5329 percilium,
488 5283 825 5336 morumque
853 5269 1259 5338 impmlentiam,
1281 5289 1343 5327 ac
1369 5275 1611 5336 insidias.
1649 5294 1737 5331 ve-

183 5348 454 5414 lutcnnctis
488 5371 684 5425 notas,
717 5361 1006 5427 dimittam)
1036 5364 1215 5427 omni,
1248 5376 1303 5418 ut
1348 5367 1511 5421 verbo
1536 5370 1731 5435 dicam,

186 5448 417 5511 machina,
447 5468 512 5505 ac
546 5460 678 5505 arte
732 5455 1035 5514 commode,
1076 5456 1419 5512 incommode
1480 5461 1719 5522 admota,

185 5547 265 5597 qua
289 5536 370 5591 ille
396 5540 677 5610 fulgebat,
702 5542 981 5595 veritatem
1002 5545 1344 5615 redarguere,
1369 5548 1577 5616 sibique
1607 5564 1725 5601 eam

189 5621 425 5682 vindieare
472 5638 663 5682 tentat
688 5631 920 5686 actionis
962 5636 1385 5703 necessitudine,
1422 5655 1485 5691 ac
1529 5656 1628 5708 pro
1658 5641 1728 5693 si-

230 5805 402 5863 ‘l'rov.
432 5828 467 5875 ι,
496 5811 592 5865 20.
698 5813 717 5842 ⁵
748 5810 848 5865 .Iob
882 5830 976 5874 λιι,
1011 5824 1140 5879 et(‘.,
1167 5818 1254 5870 42.

1369 5820 1387 5846 ⁸
1421 5817 1551 5871 Luc.
1592 5834 1697 5879 χεν,
1732 5818 1816 5871 i7.

1830 4633 2063 4695 civibus,
2113 4650 2233 4701 qua:
2268 4634 2320 4686 in
2355 4633 2617 4701 Gregorio
2650 4643 2769 4687 erat
2818 4634 2943 4687 trini
2999 4635 3133 4689 solis
3162 4635 3408 4687 exoritur

1829 4723 1951 4789 lux;
2013 4726 2306 4792 provincia:
2361 4736 2560 4788 autent,
2627 4742 2690 4779 ac
2724 4741 2845 4795 quae
2874 4736 3023 4779 extra
3062 4736 3211 4789 sunt,
3255 4728 3400 4781 illius

1826 4817 2200 4867 destituuntur
2229 4816 2449 4867 luminis
2489 4816 2777 4868 claritate?
2806 4827 2898 4869 aut
2932 4817 3125 4871 vicinis
3158 4817 3402 4885 quidem.

1830 4921 1929 4959 nec
1977 4906 2193 4975 longius
2240 4907 2448 4958 dissitis
2508 4908 2792 4977 theologia:
2821 4908 3081 4977 splendor
3104 4909 3309 4974 illucet,
3341 4909 3408 4961 ad

1838 5014 1933 5051 eos
1981 5009 2160 5051 autem
2209 4998 2301 5066 qui
2358 5001 2545 5067 procul
2601 5000 2795 5054 remoti
2826 5009 2976 5063 sunt,
3034 5016 3100 5055 ac
3165 5011 3410 5055 extrema

1842 5097 1997 5142 terra:
2057 5096 2351 5156 occupant,
2406 5105 2721 5142 sermonum
2777 5089 2948 5156 gratia
3002 5105 3111 5143 non
3154 5088 3413 5156 attingit?

1844 5194 1933 5233 aut
1962 5181 2206 5249 pervenit
2244 5180 2460 5248 quidem
2487 5182 2648 5233 etiam
2675 5182 2739 5233 ad
2767 5180 2907 5245 illos,
2935 5181 3167 5235 obscure
3194 5182 3411 5234 tamen?

1844 5283 1930 5324 aut
1959 5272 2101 5324 clare
2123 5273 2364 5340 quidem,
2406 5281 2459 5326 at
2492 5289 2595 5326 non
2631 5272 2876 5338 firmiter,
2913 5282 2967 5327 et
3011 5283 3064 5326 ut
3100 5272 3409 5342 perennet?

1844 5360 2312 5430 Haudquaquam;
2342 5367 2435 5417 sed
2459 5372 2653 5417 cuncta
2685 5365 2847 5416 simul
2880 5364 3411 5432 purgai,illuminat,

1843 5455 2071 5523 perlicit.
2134 5453 2337 5521 Purgat
2374 5453 2593 5523 quidem
2647 5455 2866 5508 hzeresis
2914 5455 3147 5521 piaculo,
3178 5470 3272 5507 eos
3317 5454 3409 5521 qui

1839 5548 2144 5616 ignorantia
2199 5548 2328 5601 olim
2385 5547 2741 5610 tenebantur;
2796 5547 3008 5599 eximiae
3069 5562 3133 5599 ac
3174 5547 3415 5601 cwlestis

1843 5640 2249 5708 praedicationis
2272 5638 2471 5694 divinis
2498 5640 2864 5701 sermonibus,
2898 5638 3206 5704 illuminat;
3242 5654 3411 5707 augu-
