4186 6434
730 388 830 450 Ui

1915 394 2205 453 ΝΗΣΕΤᾸΞ
2247 396 2433 452 l‘.\l’ll
2452 398 2768 454 l..\(it).\'IS

3884 393 3984 435 ἔτι)

3874 421 3982 455 ἨΖ

727 503 987 556 stissintis
1017 503 1377 559 divinissinme
1397 515 1605 559 natura:
1628 506 1872 574 ejusdem
1894 507 2296 576 conjunctionis
2329 514 2368 567 Α
2401 510 2646 570 edoctus,
2708 510 2816 561 veri
2852 524 3069 578 quoque
3115 507 3449 560 tabernaculi
3500 507 3723 575 figuram
3756 524 3819 559 ex
3857 525 3985 560 uin-

728 595 897 648 radiis
928 597 1251 657 concilians,
1288 599 1525 665 perlicit.

797 685 914 741 Non
948 703 1031 741 me
1062 689 1191 742 latet
1232 706 1297 743 eo
1326 692 1548 759 provehi
1579 692 1882 747 orationem
1911 736 1923 757 ,
1959 703 2036 759 ut,
2071 710 2172 763 qua
2204 712 2300 747 ex-

726 781 900 833 currit
958 781 1287 848 prolixitate,
1328 782 1438 851 jam
1498 799 1714 838 nauseae
1766 789 1885 850 ﬂat;
1944 788 2300 854 quamobrem

726 873 931 940 duplici
973 875 1253 928 distrahor
1278 875 1497 939 aﬂ‘ectu,
1538 878 1776 948 hincque
1820 878 1943 933 inde
1993 881 2185 933 studiis
2219 895 2303 932 se-

727 978 842 1018 ror.
880 965 1015 1018 Nam
1042 977 1217 1020 metus
1244 969 1462 1036 quidem
1502 986 1566 1022 ne
1594 971 1866 1040 plerisque
1900 974 2203 1034 molestior,
2239 987 2302 1024 ac

725 1058 909 1111 decori
953 1059 1157 1113 inscius
1188 1060 1391 1122 videar,
1434 1064 1704 1115 sermonis
1736 1064 1865 1115 mihi
1925 1064 2185 1132 impetum
2223 1064 2303 1115 in-

732 1150 899 1204 hibet.
934 1151 999 1205 At
1033 1153 1163 1221 quid
1191 1153 1405 1223 patior?
1433 1157 1635 1222 quippe
1680 1156 1842 1208 etiam
1896 1157 2031 1209 alias
2059 1172 2179 1209 eum
2222 1172 2304 1207 rc—

730 1243 945 1299 tnittere
980 1261 1089 1298 non
1126 1247 1279 1308 sinit,
1336 1250 1427 1315 qui
1468 1250 1609 1316 cogit
1651 1263 1825 1310 amor,
1878 1248 2095 1315 vimque
2131 1249 2253 1302 facit
2292 1268 2302 1300 :

730 1344 1013 1406 totumque
1042 1338 1259 1406 peritus
1292 1353 1629 1408 expugnans,
1662 1340 1762 1391 sibi
1809 1340 1984 1407 palam
2024 1341 2302 1394 addicens.

730 1430 780 1483 Is
809 1444 1042 1497 namque
1067 1428 1325 1501 Theologi
1350 1442 1460 1485 tum
1482 1448 1795 1485 sermonum
1828 1434 2306 1503 magnilieeutiam,

732 1531 845 1573 tum
880 1520 1119 1575 divinam
1158 1537 1373 1575 morum
1417 1524 1788 1591 praestantiam
1838 1523 2081 1594 longiore
2115 1523 2306 1576 verbo-

733 1630 852 1669 rum
889 1616 1094 1669 ambitu
1133 1616 1573 1684 exspatiantibus
1629 1618 2133 1685 comparationibus
2193 1617 2306 1670 cla-

732 1709 847 1762 rius
880 1709 1064 1761 animo
1094 1723 1414 1777 suggerens,
1445 1718 1502 1761 ut
1536 1709 1587 1761 in
1622 1708 1700 1762 eis
1730 1718 1910 1763 mente
1944 1709 2220 1773 immorer,
2249 1725 2310 1763 ac

734 1800 889 1867 plura
926 1800 1141 1870 loquar,
1182 1802 1403 1855 evincit.

805 1892 932 1948 Esto
984 1894 1167 1962 igitur,
1201 1894 1363 1947 etiam
1397 1910 1519 1947 cum
1580 1894 1729 1949 Mose
1781 1910 1881 1963 pro
1935 1895 2075 1949 virili
2124 1906 2309 1949 nostra

737 2001 991 2053 magnum
1055 1986 1380 2055 Gregorium
1417 1986 1706 2056 diligenter
1743 1996 2146 2056 comparantes;
2183 1988 2311 2040 hinc

735 2095 952 2149 unoque
980 2080 1243 2135 antistitis
1276 2080 1537 2149 praeclare
1580 2090 1854 2146 gesturum
1897 2081 2310 2149 amplitudinem

734 2174 1165 2227 consideremus.
1206 2174 1373 2236 Mose,
1410 2175 1657 2243 inquam,
1692 2174 1806 2239 illo,
1848 2174 1939 2243 qui
1970 2184 2157 2228 sancta
2194 2174 2314 2243 qni-

735 2265 857 2316 dem
894 2265 1191 2319 Ahrahami
1222 2268 1405 2319 radice
1430 2282 1650 2336 germen
1678 2267 1998 2335 progenitus
2021 2268 2112 2331 sit,
2136 2278 2315 2321 metu-

736 2372 841 2423 que
880 2355 1187 2412 Pharaonis
1231 2359 1411 2412 infans
1444 2361 1495 2411 in
1528 2358 1693 2413 ﬂuvio
1723 2360 2042 2428 expositus;
2086 2377 2149 2413 ac
2177 2359 2317 2413 Pha-

740 2449 924 2503 raonis
958 2449 1079 2503 lilia:
1130 2451 1278 2504 visus
1308 2451 1551 2521 elegans,
1587 2452 1639 2504 in
1678 2453 1844 2505 lilium
1880 2454 2057 2521 palam
2092 2455 2318 2522 adopta-

740 2551 827 2595 tus
882 2541 1097 2595 fuerit:
1146 2543 1348 2611 quique
1398 2545 1533 2597 adeo
1603 2545 1703 2597 hac
1753 2562 1813 2598 ex
1870 2561 2036 2600 causa
2099 2561 2313 2599 onmem

742 2632 1123 2703 ."l'leyptiorum
1185 2634 1467 2689 scientiam
1520 2637 1801 2701 doceatur,
1859 2654 1958 2691 nec
2000 2646 2180 2692 tamen
2227 2654 2319 2692 co—

740 2736 1029 2791 gnatorum
1063 2726 1394 2780 dedoceatur
1422 2728 1625 2781 amoris
1655 2743 1683 2781 a
1722 2738 1917 2781 natura
1941 2729 2068 2783 vim.
2092 2727 2316 2794 Idcirco,

739 2824 883 2886 quod
918 2819 1283 2874 educantibus
1338 2820 1483 2874 haud
1518 2820 1651 2875 satis
1681 2836 1891 2889 a-quus,
1929 2836 2107 2888 exque
2137 2821 2320 2873 animo

739 2910 989 2973 aﬂectus,
1018 2910 1396 2981 deprehensus
1430 2922 1597 2975 esset,
1627 2928 1686 2967 se
1710 2912 1835 2981 fuga
1872 2914 2197 2981 proripiens,
2239 2925 2319 2967 at-

740 3017 846 3069 que
892 3001 959 3055 ad
1011 3000 1224 3055 Madian
1278 3012 1517 3056 montem
1560 3003 1855 3067 transiens,
1909 3004 2128 3073 illicque
2164 3007 2319 3057 uxori

741 3095 999 3163 legitimis
1030 3095 1318 3163 copulatus
1345 3095 1575 3164 nuptiis,
1596 3096 1864 3164 pecudum
1887 3106 2072 3165 pastor
2096 3097 2321 3151 eﬂ'ectus

2406 601 2618 657 bratilis
2652 601 2823 654 forma
2859 602 2928 655 ibi
2976 601 3359 656 contuebatur.
3425 598 3533 653 Illic
3588 599 3984 653 candelabrum

2405 704 2455 747 et
2506 710 2783 758 mensam;
2840 694 2951 748 illic
2996 709 3119 747 aras
3199 702 3253 747 et
3291 706 3501 756 aream,
3543 691 3758 759 aliaque
3817 692 3989 745 ctele-

2405 789 2568 840 stium
2608 788 2962 841 similitudine
2989 797 3291 854 assumpta,
3329 787 3513 853 figura:
3546 787 3755 839 ratione
3781 786 3862 838 vir
3887 784 3983 837 Dei

2408 892 2699 945 conspectu
2749 895 2879 934 usus
2937 881 3082 934 serio
3135 879 3626 946 contemplabatur.
3675 878 3797 930 ila‘c
3852 892 3988 930 vero

2411 972 2701 1026 tribulibus
2735 972 2973 1037 tradens,
3002 988 3064 1025 ac
3107 972 3471 1026 sacerdotium
3505 970 3724 1038 quidem
3756 971 3986 1033 Aaroni,

2408 1081 2664 1135 germano
2692 1080 2943 1133 corpore,
2969 1078 3228 1132 germano
3259 1064 3453 1133 spiritu
3492 1062 3781 1132 praebens;
3825 1061 3989 1113 ducis

2408 1169 2585 1212 autem
2624 1157 3000 1226 praefecturam
3035 1154 3167 1209 .Iesn
3200 1156 3403 1209 famulo
3437 1151 3990 1217 eoucredens,omni-

2412 1266 2518 1318 que
2548 1264 2771 1317 operum
2816 1248 2986 1317 ipsius
3019 1248 3323 1300 ministerio
3350 1264 3416 1301 ex
3450 1246 3661 1299 consilii
3696 1244 3863 1298 divini
3897 1258 3989 1294 ra-

2410 1342 2648 1395 tionibus
2674 1341 2905 1408 exlileto,
2937 1340 3015 1394 sic
3048 1340 3210 1392 vitam
3240 1338 3533 1402 caducam,
3566 1336 3842 1406 mortique
3885 1335 3994 1389 ob-

2412 1442 2629 1489 noxiam
2660 1435 2902 1500 deponit.

2481 1529 2571 1581 Sic
2597 1527 2815 1595 quidem
2852 1525 3057 1590 Moses;
3088 1526 3245 1596 isque
3300 1529 3381 1595 (ut
3413 1523 3604 1594 paucis
3634 1519 3993 1590 complectar)

2410 1621 2529 1690 ejus
2585 1620 2813 1675 instituti
2896 1622 3127 1689 vit-.eque
3169 1620 3396 1672 rationis
3435 1617 3631 1670 modus
3667 1614 3788 1667 fuit.
3842 1610 3992 1675 Quid

2414 1730 2540 1767 vero
2568 1712 2894 1783 Gregorius?
2930 1711 3120 1765 Nonne
3148 1726 3426 1766 sacrorum
3458 1717 3765 1778 parentum,
3800 1717 3995 1759 sacra-

2414 1805 2624 1859 tissima
2687 1805 2863 1873 proles
2906 1804 3113 1857 eluxit?
3163 1801 3352 1855 Nonne
3403 1802 3449 1855 is
3507 1814 3727 1869 quoque
3788 1795 3999 1851 saeculo

2417 1907 2672 1966 tauquam
2710 1897 2874 1950 ﬂuvio
2903 1896 3207 1965 expositus,
3242 1894 3481 1964 Spiritus
3527 1894 3741 1961 quidem
3796 1890 3987 1959 signa-

2419 1991 2543 2045 culo
2584 1989 2784 2043 liscella
2808 1989 3177 2042 communitus
3212 1998 3287 2042 est
3310 1989 3328 2019 ⁷
3358 2004 3369 2039 :
3408 1986 3652 2042 saacnlari
3693 1993 3873 2037 autem
3906 1998 4003 2035 sa-

2418 2084 2632 2152 pienti:e
2679 2084 2925 2150 elegans,
2958 2083 3256 2151 dexterque
3292 2080 3473 2135 indole
3515 2078 3685 2137 visus,
3725 2087 3888 2144 atque
3939 2074 3999 2126 in

2418 2174 2585 2228 filium
2615 2175 2662 2228 ei
2697 2174 3008 2242 adoptatus,
3053 2176 3104 2228 iu
3140 2190 3201 2228 ea
3231 2173 3500 2235 eruditur,
3528 2180 3693 2238 atque
3724 2181 4003 2237 praepara-

2420 2268 2545 2320 tur?
2573 2266 2711 2320 Num
2761 2268 2907 2321 illius
2942 2282 3163 2321 sensum
3214 2264 3472 2318 humilem
3561 2280 3622 2315 ac
3655 2259 4004 2329 superstitio-

2421 2378 2545 2415 nem
2606 2361 2981 2415 lubentissime
3015 2359 3251 2428 fugiens,
3307 2356 3615 2413 sublimiori
3658 2352 4007 2421 contempla-

2422 2455 2589 2514 tione,
2646 2467 2710 2506 ac
2758 2453 2984 2520 magise
3024 2451 3222 2519 pietate
3274 2463 3408 2503 usus
3459 2456 3541 2501 est
3571 2446 3634 2498 ad
3670 2441 4006 2511 sapientiam

2422 2545 2626 2600 mundo
2657 2546 2995 2614 superiorem
3018 2545 3041 2596 ?

2492 2637 2606 2691 Non
2640 2638 3005 2705 commigrans
3058 2635 3203 2689 velut
3259 2631 3436 2685 Moses
3491 2629 3557 2683 ad
3612 2635 3847 2681 montem
3881 2621 4008 2675 Ma-

2422 2727 2604 2802 dian“,
2658 2728 2749 2781 sed
2803 2741 2974 2779 sacra:
3011 2725 3176 2778 animi
3226 2718 3658 2790 tranquillitatis,
3701 2732 3764 2769 ac
3797 2716 4011 2781 imper-

2424 2820 2753 2875 turbationis
2785 2819 3038 2872 verticem
3075 2815 3488 2876 conscendens;
3546 2826 3645 2864 nec
3695 2808 3838 2862 sicut
3889 2806 4008 2867 ille,

2426 2912 2708 2966 mortalem
2733 2910 2836 2964 sibi
2865 2907 3151 2976 conjugem
3180 2919 3488 2968 assumens,
3513 2900 3606 2955 sed
3639 2896 3891 2968 perfecta:
3915 2911 4012 2947 sa—

2425 3004 2641 3074 pientire
2671 3016 2856 3055 amore
2906 3001 3181 3058 incensus,
3212 2995 3438 3065 ejusque
3464 2994 3762 3063 gratiarum
3796 3003 4013 3043 corona

2424 3095 2622 3149 eximie
2650 3103 2913 3155 ornatus;
2948 3106 3045 3145 nec
3086 3089 3351 3159 pecudum
3400 3087 3628 3141 rationis
3675 3083 4012 3152 expertium,

741 3181 843 3247 θίῑῖ
876 3198 1046 3252 seque
1078 3196 1262 3237 rerum
1297 3184 1746 3253 COﬂlemplalioni
1784 3186 2126 3254 impendens,
2148 3204 2323 3254 (ιιιίιιι-
2349 3214 2392 3275 C
2427 3189 2521 3245 seti
2557 3187 2767 3241 ratione
2803 3200 2927 3237 vere
2960 3184 3226 3237 utentium
3260 3180 3685 3251 probatissimus
3713 3184 3896 3246 pastor
3929 3173 4019 3226 cf—

745 3287 857 3328 tum
909 3276 1118 3330 homini
1156 3277 1338 3331 videre
1370 3293 1696 3332 concessum
1750 3288 1857 3341 est,
1902 3280 1953 3331 in
1990 3278 2125 3332 rubo
2153 3279 2321 3333 Deum

743 3384 763 3415 \
781 3365 959 3420 itlerit.

817 3452 865 3509 Is
890 3471 1084 3509 rursus
1127 3456 1178 3508 in
1216 3454 1513 3524 Egyptum
1556 3471 1680 3509 cum
1716 3456 1995 3524 signorum
2032 3457 2327 3509 virtutibus

700 3614 703 3619 Ι
746 3546 968 3609 missus,
1006 3546 1428 3617 Egyptiaeiqne
1470 3548 1637 3600 animi
1695 3549 1952 3601 duritiem
1984 3564 2321 3617 expugnans,

749 3639 1038 3709 multiplici
1068 3655 1294 3708 prorsus
1326 3656 1421 3694 eos
1460 3641 1681 3694 verbere
1736 3654 1801 3693 ac
1834 3641 1983 3709 plaga
2012 3642 2217 3709 alﬂigit,
2240 3643 2325 3693 iu-

746 3748 855 3800 que
917 3731 1142 3785 brachio
1197 3734 1415 3787 excelso
1476 3733 1732 3802 populum
1781 3749 1939 3787 suum
1998 3734 2229 3787 liberat:
2265 3750 2329 3787 ac

748 3825 966 3894 quidem
1003 3826 1072 3879 ab
1100 3824 1421 3895 {Egyptiaca
1454 3826 1772 3880 morositate
1808 3827 2112 3891 redimens;
2160 3826 2329 3895 ignis-

748 3934 856 3987 que
892 3919 1171 3982 columna,
1205 3934 1269 3974 ac
1328 3919 1491 3973 nubis
1516 3920 1744 3981 ducens,
1774 3935 1963 3972 eorum
2027 3920 2077 3971 in
2131 3929 2328 3972 terram

752 4012 1078 4079 promissam
1113 4013 1391 4065 ductorem
1425 4012 1555 4080 agit.
1590 4012 1752 4073 Tum,
1794 4026 1945 4064 mare
1980 4011 2223 4065 Rubrum
2247 4013 2332 4063 di-

754 4107 954 4165 visum,
989 4105 1152 4158 siccis
1192 4105 1273 4157 eis
1304 4104 1547 4173 vestigiis
1581 4105 1683 4158 iter
1714 4104 2045 4171 explicavit:
2080 4104 2333 4172 idemque

754 4212 947 4251 rursus
994 4197 1047 4249 in
1101 4197 1342 4265 seipsqu
1377 4196 1691 4259 confusum,
1726 4195 2171 4262 persecutoribus
2204 4195 2336 4247 inte-

756 4290 893 4343 ritus
924 4289 1112 4352 simul,
1143 4304 1206 4343 ac
1231 4289 1539 4357 sepulcrum
1579 4287 1701 4341 fuit.
1735 4287 1876 4340 llinc
1908 4302 2071 4355 rupes
2097 4288 2333 4355 dirupta,

755 4384 978 4437 llumiua
1044 4382 1355 4452 profundit;
1422 4384 1741 4450 lignumque
1821 4396 2087 4449 aquarum
2178 4390 2337 4434 sanat

755 4477 1175 4531 amaritudinem
1220 4495 1231 4529 :
1277 4492 1339 4529 ac
1371 4476 1592 4545 quidem
1635 4475 2042 4528 firmamentum
2095 4474 2338 4527 avienlas

2430 3282 2625 3341 lectus,
2661 3279 2705 3332 si
2736 3278 2860 3347 quis
2898 3276 3036 3330 alius
3064 3274 3375 3329 mortalium
3418 3270 3747 3325 Invisibilem
3775 3266 3969 3320 videt’
3997 3283 4017 3329 ;

2429 3389 2492 3426 ac
2523 3372 2758 3425 revelata
2814 3369 2951 3422 facie
2986 3366 3383 3434 contemplatus
3433 3362 3644 3415 Domini
3676 3360 4016 3417 claritatem,

2432 3477 2545 3519 tum
2586 3462 3039 3528 contemplatione
3064 3460 3127 3523 ‘°,
3147 3466 3262 3511 tum
3296 3455 3535 3525 potentia
3565 3452 4021 3521 repletur,atque

2432 3560 2485 3612 in
2515 3559 2672 3609 istam
2703 3554 2934 3606 mittitur
2963 3551 3277 3619 Algyptum.
3328 3548 3555 3601 Mittitur
3584 3561 3712 3597 vero
3741 3552 3799 3595 ut
3832 3555 4018 3608 popu-

2432 3653 2541 3705 lum
2587 3648 2817 3700 Domino
2872 3644 3196 3715 peculiarem
3228 3643 3570 3710 acquireret;
3633 3647 3794 3705 atque
3829 3650 3857 3687 a
3885 3634 4024 3687 cali-

2432 3744 2623 3811 ginosa
2670 3738 3049 3792 haereticorum
3094 3734 3400 3806 ignorantia
3440 3732 3721 3791 liberatos,
3771 3725 3837 3779 ad
3868 3726 4021 3778 luci-

2432 3836 2555 3887 dam
2599 3833 2650 3885 iu
2689 3830 2791 3883 [ide
2819 3827 3115 3880 viventium
3160 3823 3401 3878 veritatis
3432 3821 3798 3875 htereditatem
3835 3826 4023 3870 trans-

2437 3928 2617 3981 ferret.

2511 4020 2673 4090 Virga
2706 4018 2929 4088 quidem
2958 4031 2986 4068 a
3026 4014 3131 4067 Deo
3156 4010 3375 4065 minime
3405 4010 3458 4062 in
3494 4022 3689 4062 manus
3714 4005 3909 4059 tradita
3941 4002 4022 4068 ¹⁶;

2435 4116 2563 4185 quin
2628 4114 2743 4182 ipse
2794 4110 2971 4179 potius
3012 4107 3158 4175 virga
3209 4105 3427 4157 virtutis
3465 4100 3693 4155 ellicitnr
3748 4094 4025 4147 divinitus

2438 4209 2625 4260 missa.
2665 4202 2826 4270 Virga
2871 4199 3086 4268 utique,
3131 4212 3237 4249 non
3270 4209 3391 4262 qua:
3431 4193 3483 4245 in
3522 4190 3863 4245 seductorem
3902 4198 4026 4236 ser-

2438 4309 2651 4371 pentem
2689 4294 3105 4349 lrausformetur
3132 4290 3197 4353 ¹²,
3236 4288 3326 4341 sed
3358 4302 3476 4356 qua!
3506 4285 3557 4337 iu
3599 4283 3829 4337 formam
3866 4278 4030 4330 Chri-

2440 4400 2584 4445 stum
2613 4386 2959 4446 referentem,
3001 4397 3064 4433 ac
3091 4389 3325 4433 mentem
3369 4376 3683 4427 itntnutetttt‘
3710 4388 3722 4423 :
3762 4384 3867 4421 non
3896 4381 4033 4434 qum

2441 4494 2637 4551 aquam
2676 4475 2967 4545 potabilem
2996 4472 3049 4524 iu
3082 4470 3400 4538 sanguinem
3429 4464 3576 4533 potui
3618 4462 3859 4515 inutilem
3894 4475 4032 4512 ver-

758 4571 893 4639 pluit
939 4570 1083 4624 sicut
1137 4570 1454 4639 pulverem;
1484 4568 1624 4622 cmlo
1658 4582 1844 4620 verum
1884 4582 2101 4634 panem,
2158 4567 2337 4635 spisso
2371 4557 2411 4611 D
2441 4574 2604 4634 ιιιιη,
2651 4569 2742 4623 sed
2807 4582 2929 4636 qua:
2969 4561 3189 4633 potabili
3237 4560 3507 4615 doctrina,
3564 4556 3763 4609 salsam
3823 4566 4031 4605 eorum

759 4664 951 4725 imbre,
976 4664 1216 4717 demittit
1249 4678 1261 4714 :
1296 4671 1461 4730 atque
1509 4671 1747 4715 extensze
1791 4675 2005 4720 manus,
2051 4660 2337 4712 innumera

760 4753 948 4813 fugant
983 4754 1221 4807 hostium
1265 4754 1465 4816 millia;
1500 4751 1868 4820 Deiquejusta
1917 4752 2207 4815 sententia,
2242 4766 2337 4819 po-

762 4849 945 4917 pulum
975 4854 1408 4898 murtuurantem
1444 4845 1688 4899 vicissim
1730 4844 1847 4897 neci
1879 4844 2064 4898 tradit.

830 4939 985 5003 Quod
1037 4938 1282 4990 omnimn
1329 4938 1653 5001 maximum,
1712 4937 2121 5003 maximamque
2176 4934 2340 4987 habet

760 5033 1215 5093 admirationem,
1272 5030 1519 5085 ascendit
1565 5032 1616 5082 in
1668 5038 1909 5082 montem
1942 5028 2221 5082 excelsum
2252 5042 2341 5081 so-

762 5130 867 5186 lus,
898 5127 1221 5193 dierumque
1250 5125 1611 5194 quadraginta
1644 5122 1853 5193 jejunio
1898 5137 2133 5190 corpore
2181 5136 2343 5173 mun-

760 5221 944 5281 datus,
1008 5222 1192 5271 animo
1220 5219 1491 5286 expiatus,
1524 5216 1807 5270 tremenda
1855 5213 1948 5269 Dei
2004 5228 2189 5267 coram
2222 5212 2341 5265 aui-

765 5314 1166 5377 madversione,
1202 5312 1677 5382 prmstauliorique
1704 5311 1756 5363 in
1798 5309 1981 5375 specie
2011 5308 2152 5376 ignis
2178 5322 2345 5374 appa-

762 5407 985 5468 ritione,
1020 5416 1183 5475 atque
1214 5407 1464 5468 vocibus,
1514 5419 1577 5457 ac
1612 5403 1779 5466 tubis,
1814 5410 2073 5468 tanquam
2112 5400 2164 5451 in
2196 5413 2345 5467 sym-

767 5501 931 5557 bolis.
953 5502 1210 5569 dignatur
1236 5518 1251 5556 :
1289 5499 1628 5568 lapideisque
1657 5497 1857 5549 tabulis
1882 5494 2179 5562 inscriptas
2203 5493 2348 5560 leges

766 5595 1065 5663 accipiens,
1130 5602 1292 5663 atque
1344 5594 1526 5647 varios
1581 5592 1691 5645 illic
1752 5590 2148 5644 sacriﬁciorum
2215 5587 2352 5640 ritus

1317 5808 1336 5830 "
1371 5804 1501 5858 ibid.
1562 5804 1645 5858 ιδ.
1724 5803 1788 5855 "l
1830 5800 1972 5855 Tim.
2006 5817 2042 5861 ι,
2088 5800 2169 5853 Π.

1346 5880 1383 5908 ⁸⁵
1414 5875 1580 5929 livod.
1620 5892 1735 5938 \'l|l,
1766 5876 1818 5939 ‘3;
1846 5889 1973 5935 uti,
2017 5872 2105 5925 2|.

844 5807 861 5835 ⁷
889 5804 1058 5857 Exod.
1099 5821 1155 5863 Il,
1185 5804 1238 5859 5.

778 5880 819 5910 ⁸³
861 5877 996 5929 Pral.
1028 5893 1132 5940 ων,
1169 5878 1260 5933 ⁸29.

2252 5800 2293 5829 ¹⁰
2321 5796 2357 5849 ll
2388 5796 2515 5850 Cor.
2548 5812 2625 5858 ιιι,
2658 5793 2739 5847 l8.

2191 5872 2229 5899 "‘
2269 5868 2437 5923 Exod.
2476 5885 2526 5935 χ,
2558 5867 2607 5919 5.

2439 4667 2736 4731 abstergat.
2766 4657 2883 4711 Non
2920 4672 3041 4725 quae
3076 4655 3365 4721 ingruente
3394 4647 3669 4715 reptilium
3700 4644 3876 4711 copia,
3923 4656 4029 4694 ea-

2440 4772 2544 4823 que
2576 4752 2901 4807 edacissima
2932 4745 3276 4802 adversarios
3303 4738 3707 4807 confringat“;
3756 4736 3847 4789 sed
3897 4750 4035 4802 qua:

2442 4848 2751 4904 ellicacibus
2802 4844 3047 4910 vivisque
3084 4837 3430 4893 sermonibus
3482 4832 3833 4887 durissimam
3868 4844 4036 4880 men-

2446 4955 2552 4998 tem
2612 4950 2775 5008 atquc
2827 4936 3119 5005 superbam
3172 4932 3318 4985 velut
3374 4928 3587 4998 ﬂagello
3642 4924 3850 4985 caedat;
3899 4922 4038 4975 aliis

2445 5033 2662 5103 quidem
2698 5029 2897 5083 vulnus
2965 5041 3028 5078 ac
3064 5026 3216 5093 plaga
3276 5032 3516 5081 tumens,
3570 5032 3675 5069 non
3707 5023 3899 5082 suapte
3942 5013 4038 5065 in—

2446 5124 2587 5185 dole,
2627 5120 2718 5174 sed
2747 5120 2963 5173 illorum
3010 5115 3346 5171 morositate,
3375 5110 3467 5179 qni
3506 5108 3653 5160 omni
3693 5106 3872 5157 ulcere
3939 5104 4035 5155 in-

2447 5213 2749 5272 sanabilius
2800 5210 3003 5263 invidia
3069 5204 3333 5259 vulnerati
3391 5219 3453 5255 ac
3506 5200 3689 5253 fmdati
3740 5198 4037 5257 essent";

2447 5308 2570 5360 aliis
2608 5301 2910 5358 consolatio
2951 5299 3113 5359 bona,
3170 5294 3547 5347 fulcimentum
3607 5304 3669 5340 ac
3718 5297 3912 5355 gratia.
3955 5285 4041 5337 Ac

2448 5398 2667 5468 quidem
2708 5393 2851 5454 aliis,
2894 5393 3064 5444 instar
3096 5388 3405 5458 grandinis,
3460 5382 3709 5449 ignisque
3742 5380 4038 5445 ingruens,

2451 5502 2563 5545 tum
2601 5489 2867 5541 densitate
2898 5496 3235 5541 Sermonum,
3267 5490 3382 5532 tum
3407 5477 3714 5529 divinorum
3750 5472 3872 5538 igne
3898 5485 4043 5522 scn-

2450 5598 2659 5641 sorum,
2711 5580 3117 5631 contumaciqu
3178 5573 3391 5625 animos
3420 5566 3778 5623 consumelat
3805 5563 3876 5622 “;
3908 5563 4045 5613 aliis

2859 5791 2896 5821 ”
2936 5787 3105 5842 Exod.
3143 5802 3218 5847 tv,
3254 5787 3306 5837 ἓξ.
3424 5783 3462 5812 ¹¹
3494 5776 3662 5833 Exod.
3708 5790 3801 5835 \n,
3845 5774 3904 5825 l‘)
3940 5773 4041 5825 :20.

2697 5867 2737 5894 ¹”
2774 5861 2942 5915 Exod.
2986 5877 3057 5923 Ix,
3082 5857 3171 5910 ‘23.
