  <div class='ocr_page' id='page_1' title='image "/cluster/home/n/w/nwhite01/storage/ocr_20150623/105/nnc1.0046980105/244.png"; bbox 0 0 4186 6434; ppageno 0'>
   <div class='ocr_carea' id='block_1_1' title="bbox 243 443 351 503">
    <p class='ocr_par' dir='ltr' id='par_1_1' title="bbox 243 443 351 503">
     <span class='ocr_line' id='line_1_1' title="bbox 243 443 351 503; baseline -0.074 0"><span class='ocrx_word' id='word_1_1' title='bbox 243 443 351 503; x_wconf 65' lang='grc' dir='ltr'><strong>ιίῗῖὶ</strong></span> 
     </span>
    </p>
   </div>
   <div class='ocr_carea' id='block_1_2' title="bbox 943 447 2787 512">
    <p class='ocr_par' dir='ltr' id='par_1_2' title="bbox 943 447 2787 512">
     <span class='ocr_line' id='line_1_2' title="bbox 943 447 2787 512; baseline 0.005 -8"><span class='ocrx_word' id='word_1_2' title='bbox 943 447 1227 506; x_wconf 69' lang='lat' dir='ltr'>ORATIO</span> <span class='ocrx_word' id='word_1_3' title='bbox 1265 448 1391 506; x_wconf 79' lang='lat' dir='ltr'><strong>XX.</strong></span> <span class='ocrx_word' id='word_1_4' title='bbox 1424 470 1489 482; x_wconf 80' lang='grc'><strong>-·-</strong></span> <span class='ocrx_word' id='word_1_5' title='bbox 1531 448 1611 507; x_wconf 85' lang='grc' dir='ltr'><strong>ΙΝ</strong></span> <span class='ocrx_word' id='word_1_6' title='bbox 1654 449 1967 509; x_wconf 76' lang='lat' dir='ltr'><strong>LAUDEM</strong></span> <span class='ocrx_word' id='word_1_7' title='bbox 2007 452 2066 508; x_wconf 81' lang='lat' dir='ltr'><strong>S.</strong></span> <span class='ocrx_word' id='word_1_8' title='bbox 2103 450 2477 510; x_wconf 65' lang='lat' dir='ltr'><strong>GliEGOltll</strong></span> <span class='ocrx_word' id='word_1_9' title='bbox 2519 455 2787 512; x_wconf 58' lang='lat' dir='ltr'><strong>TIIEOL.</strong></span> 
     </span>
    </p>
   </div>
   <div class='ocr_carea' id='block_1_3' title="bbox 3390 459 3494 520">
    <p class='ocr_par' dir='ltr' id='par_1_3' title="bbox 3390 459 3494 520">
     <span class='ocr_line' id='line_1_3' title="bbox 3390 459 3494 520; baseline 0 -1"><span class='ocrx_word' id='word_1_10' title='bbox 3390 459 3494 520; x_wconf 75' lang='grc'><strong>474</strong></span> 
     </span>
    </p>
   </div>
   <div class='ocr_carea' id='block_1_4' title="bbox 246 553 3496 629">
    <p class='ocr_par' dir='ltr' id='par_1_4' title="bbox 246 553 3496 629">
     <span class='ocr_line' id='line_1_4' title="bbox 246 553 3496 629; baseline 0.005 -24"><span class='ocrx_word' id='word_1_11' title='bbox 246 558 391 606; x_wconf 67' lang='grc' dir='ltr'>ιιιιιει</span> <span class='ocrx_word' id='word_1_12' title='bbox 428 572 519 607; x_wconf 86' lang='lat' dir='ltr'><strong>ros</strong></span> <span class='ocrx_word' id='word_1_13' title='bbox 554 571 581 605; x_wconf 90' lang='lat' dir='ltr'><strong>c</strong></span> <span class='ocrx_word' id='word_1_14' title='bbox 613 553 751 607; x_wconf 72' lang='lat' dir='ltr'><strong>cielo</strong></span> <span class='ocrx_word' id='word_1_15' title='bbox 788 556 979 609; x_wconf 67' lang='lat' dir='ltr'><strong>leniter</strong></span> <span class='ocrx_word' id='word_1_16' title='bbox 1007 556 1241 621; x_wconf 90' lang='lat' dir='ltr'><strong>stillans,</strong></span> <span class='ocrx_word' id='word_1_17' title='bbox 1278 558 1531 612; x_wconf 87' lang='lat' dir='ltr'><strong>sensibus</strong></span> <span class='ocrx_word' id='word_1_18' title='bbox 1571 568 1629 613; x_wconf 90' lang='lat' dir='ltr'><strong>ut</strong></span> <span class='ocrx_word' id='word_1_19' title='bbox 1662 559 1820 611; x_wconf 88' lang='lat' dir='ltr'><strong>flore-</strong></span> <span class='ocrx_word' id='word_1_20' title='bbox 1851 566 1894 618; x_wconf 79' lang='grc' dir='ltr'>Α</span> <span class='ocrx_word' id='word_1_21' title='bbox 1926 560 2357 627; x_wconf 61' lang='lat' dir='ltr'><strong>praJSIantiorent</strong></span> <span class='ocrx_word' id='word_1_22' title='bbox 2396 577 2559 629; x_wconf 89' lang='lat' dir='ltr'><strong>qttam</strong></span> <span class='ocrx_word' id='word_1_23' title='bbox 2595 578 2690 627; x_wconf 85' lang='lat' dir='ltr'><strong>pro</strong></span> <span class='ocrx_word' id='word_1_24' title='bbox 2723 579 2916 617; x_wconf 86' lang='lat' dir='ltr'><strong>sensus</strong></span> <span class='ocrx_word' id='word_1_25' title='bbox 2950 564 3159 618; x_wconf 89' lang='lat' dir='ltr'><strong>ratione</strong></span> <span class='ocrx_word' id='word_1_26' title='bbox 3199 565 3289 619; x_wconf 91' lang='lat' dir='ltr'><strong>Dei</strong></span> <span class='ocrx_word' id='word_1_27' title='bbox 3331 568 3496 621; x_wconf 84' lang='lat' dir='ltr'><strong>visio-</strong></span> 
     </span>
    </p>
   </div>
   <div class='ocr_carea' id='block_1_5' title="bbox 244 646 1823 719">
    <p class='ocr_par' dir='ltr' id='par_1_5' title="bbox 244 646 1823 719">
     <span class='ocr_line' id='line_1_5' title="bbox 244 646 1823 719; baseline 0.003 -20"><span class='ocrx_word' id='word_1_28' title='bbox 244 656 389 709; x_wconf 89' lang='lat' dir='ltr'><strong>rent,</strong></span> <span class='ocrx_word' id='word_1_29' title='bbox 431 646 722 715; x_wconf 61' lang='lat' dir='ltr'><strong>praestabat</strong></span> <span class='ocrx_word' id='word_1_30' title='bbox 750 663 764 697; x_wconf 87' lang='lat'><strong>:</strong></span> <span class='ocrx_word' id='word_1_31' title='bbox 790 656 953 714; x_wconf 90' lang='lat' dir='ltr'><strong>atque</strong></span> <span class='ocrx_word' id='word_1_32' title='bbox 980 648 1102 699; x_wconf 84' lang='lat' dir='ltr'><strong>aliis</strong></span> <span class='ocrx_word' id='word_1_33' title='bbox 1125 650 1344 716; x_wconf 82' lang='lat' dir='ltr'><strong>quidem</strong></span> <span class='ocrx_word' id='word_1_34' title='bbox 1379 651 1611 703; x_wconf 74' lang='lat' dir='ltr'><strong>tenebm:</strong></span> <span class='ocrx_word' id='word_1_35' title='bbox 1643 651 1823 719; x_wconf 87' lang='lat' dir='ltr'><strong>palpa-</strong></span> 
     </span>
    </p>
   </div>
   <div class='ocr_carea' id='block_1_6' title="bbox 244 738 1819 804">
    <p class='ocr_par' dir='ltr' id='par_1_6' title="bbox 244 738 1819 804">
     <span class='ocr_line' id='line_1_6' title="bbox 244 738 1819 804; baseline 0 -13"><span class='ocrx_word' id='word_1_36' title='bbox 244 739 383 792; x_wconf 75' lang='lat' dir='ltr'><strong>biles</strong></span> <span class='ocrx_word' id='word_1_37' title='bbox 412 739 695 804; x_wconf 88' lang='lat' dir='ltr'><strong>prostabat</strong></span> <span class='ocrx_word' id='word_1_38' title='bbox 717 739 755 768; x_wconf 85' lang='lat'><strong>&quot;</strong></span> <span class='ocrx_word' id='word_1_39' title='bbox 780 756 795 804; x_wconf 92' lang='lat'><strong>;</strong></span> <span class='ocrx_word' id='word_1_40' title='bbox 824 738 946 791; x_wconf 75' lang='lat' dir='ltr'><strong>aliis</strong></span> <span class='ocrx_word' id='word_1_41' title='bbox 992 740 1083 791; x_wconf 80' lang='lat' dir='ltr'><strong>lux</strong></span> <span class='ocrx_word' id='word_1_42' title='bbox 1113 740 1310 794; x_wconf 89' lang='lat' dir='ltr'><strong>mentis</strong></span> <span class='ocrx_word' id='word_1_43' title='bbox 1345 752 1555 804; x_wconf 89' lang='lat' dir='ltr'><strong>sancta,</strong></span> <span class='ocrx_word' id='word_1_44' title='bbox 1587 757 1649 795; x_wconf 72' lang='lat' dir='ltr'><strong>ex</strong></span> <span class='ocrx_word' id='word_1_45' title='bbox 1680 742 1819 804; x_wconf 77' lang='lat' dir='ltr'><strong>luce,</strong></span> 
     </span>
    </p>
   </div>
   <div class='ocr_carea' id='block_1_7' title="bbox 240 828 1819 900">
    <p class='ocr_par' dir='ltr' id='par_1_7' title="bbox 240 828 1819 900">
     <span class='ocr_line' id='line_1_7' title="bbox 240 828 1819 900; baseline 0.003 -19"><span class='ocrx_word' id='word_1_46' title='bbox 240 847 365 897; x_wconf 83' lang='lat' dir='ltr'><strong>qu:e</strong></span> <span class='ocrx_word' id='word_1_47' title='bbox 393 829 543 883; x_wconf 89' lang='lat' dir='ltr'><strong>omni</strong></span> <span class='ocrx_word' id='word_1_48' title='bbox 575 828 748 894; x_wconf 85' lang='lat' dir='ltr'><strong>major</strong></span> <span class='ocrx_word' id='word_1_49' title='bbox 774 831 1060 884; x_wconf 78' lang='lat' dir='ltr'><strong>sanctitate</strong></span> <span class='ocrx_word' id='word_1_50' title='bbox 1117 843 1219 893; x_wconf 88' lang='lat' dir='ltr'><strong>est,</strong></span> <span class='ocrx_word' id='word_1_51' title='bbox 1248 832 1460 885; x_wconf 80' lang='lat' dir='ltr'><strong>abunde</strong></span> <span class='ocrx_word' id='word_1_52' title='bbox 1491 832 1775 900; x_wconf 69' lang='lat' dir='ltr'><strong>cll‘ulgebat</strong></span> <span class='ocrx_word' id='word_1_53' title='bbox 1808 852 1819 885; x_wconf 92' lang='lat'>:</span> 
     </span>
    </p>
   </div>
   <div class='ocr_carea' id='block_1_8' title="bbox 239 921 1820 989">
    <p class='ocr_par' dir='ltr' id='par_1_8' title="bbox 239 921 1820 989">
     <span class='ocr_line' id='line_1_8' title="bbox 239 921 1820 989; baseline 0.001 -15"><span class='ocrx_word' id='word_1_54' title='bbox 239 926 372 989; x_wconf 83' lang='lat' dir='ltr'><strong>quin</strong></span> <span class='ocrx_word' id='word_1_55' title='bbox 408 922 610 988; x_wconf 88' lang='lat' dir='ltr'><strong>potius,</strong></span> <span class='ocrx_word' id='word_1_56' title='bbox 642 922 732 989; x_wconf 92' lang='lat' dir='ltr'><strong>qui</strong></span> <span class='ocrx_word' id='word_1_57' title='bbox 788 921 878 974; x_wconf 83' lang='lat' dir='ltr'><strong>lux</strong></span> <span class='ocrx_word' id='word_1_58' title='bbox 928 922 1139 975; x_wconf 88' lang='lat' dir='ltr'><strong>cunctis</strong></span> <span class='ocrx_word' id='word_1_59' title='bbox 1169 938 1293 975; x_wconf 86' lang='lat' dir='ltr'><strong>vera</strong></span> <span class='ocrx_word' id='word_1_60' title='bbox 1331 932 1439 975; x_wconf 90' lang='lat' dir='ltr'><strong>tum</strong></span> <span class='ocrx_word' id='word_1_61' title='bbox 1492 925 1664 982; x_wconf 77' lang='lat' dir='ltr'><strong>fieret,</strong></span> <span class='ocrx_word' id='word_1_62' title='bbox 1711 934 1820 976; x_wconf 89' lang='lat' dir='ltr'><strong>tum</strong></span> 
     </span>
    </p>
   </div>
   <div class='ocr_carea' id='block_1_9' title="bbox 239 1012 1822 1083">
    <p class='ocr_par' dir='ltr' id='par_1_9' title="bbox 239 1012 1822 1083">
     <span class='ocr_line' id='line_1_9' title="bbox 239 1012 1822 1083; baseline 0.001 -18"><span class='ocrx_word' id='word_1_63' title='bbox 239 1024 427 1075; x_wconf 72' lang='lat' dir='ltr'><strong>esset;</strong></span> <span class='ocrx_word' id='word_1_64' title='bbox 461 1012 581 1066; x_wconf 88' lang='lat' dir='ltr'><strong>aliis</strong></span> <span class='ocrx_word' id='word_1_65' title='bbox 617 1012 837 1080; x_wconf 86' lang='lat' dir='ltr'><strong>quidem</strong></span> <span class='ocrx_word' id='word_1_66' title='bbox 869 1012 1178 1066; x_wconf 88' lang='lat' dir='ltr'><strong>illustrandi</strong></span> <span class='ocrx_word' id='word_1_67' title='bbox 1214 1015 1263 1065; x_wconf 94' lang='lat' dir='ltr'><strong>vi</strong></span> <span class='ocrx_word' id='word_1_68' title='bbox 1294 1015 1528 1081; x_wconf 81' lang='lat' dir='ltr'><strong>pollebat</strong></span> <span class='ocrx_word' id='word_1_69' title='bbox 1555 1015 1644 1083; x_wconf 90' lang='lat' dir='ltr'><strong>(iis</strong></span> <span class='ocrx_word' id='word_1_70' title='bbox 1677 1015 1822 1068; x_wconf 78' lang='lat' dir='ltr'><strong>scili-</strong></span> 
     </span>
    </p>
   </div>
   <div class='ocr_carea' id='block_1_10' title="bbox 240 1102 1823 1170">
    <p class='ocr_par' dir='ltr' id='par_1_10' title="bbox 240 1102 1823 1170">
     <span class='ocr_line' id='line_1_10' title="bbox 240 1102 1823 1170; baseline 0.003 -17"><span class='ocrx_word' id='word_1_71' title='bbox 240 1112 321 1153; x_wconf 75' lang='lat' dir='ltr'><strong>cet</strong></span> <span class='ocrx_word' id='word_1_72' title='bbox 349 1103 444 1168; x_wconf 90' lang='lat' dir='ltr'><strong>qui</strong></span> <span class='ocrx_word' id='word_1_73' title='bbox 475 1117 587 1156; x_wconf 66' lang='lat' dir='ltr'><strong>sua:</strong></span> <span class='ocrx_word' id='word_1_74' title='bbox 618 1102 818 1155; x_wconf 88' lang='lat' dir='ltr'><strong>mentis</strong></span> <span class='ocrx_word' id='word_1_75' title='bbox 844 1104 1004 1156; x_wconf 89' lang='lat' dir='ltr'><strong>oculo</strong></span> <span class='ocrx_word' id='word_1_76' title='bbox 1036 1104 1101 1155; x_wconf 86' lang='lat' dir='ltr'><strong>ab</strong></span> <span class='ocrx_word' id='word_1_77' title='bbox 1128 1104 1246 1168; x_wconf 89' lang='lat' dir='ltr'><strong>ejus</strong></span> <span class='ocrx_word' id='word_1_78' title='bbox 1277 1103 1577 1170; x_wconf 70' lang='lat' dir='ltr'><strong>fulgoribus</strong></span> <span class='ocrx_word' id='word_1_79' title='bbox 1603 1106 1823 1159; x_wconf 75' lang='lat' dir='ltr'><strong>minime</strong></span> 
     </span>
    </p>
   </div>
   <div class='ocr_carea' id='block_1_11' title="bbox 239 1195 1822 1265">
    <p class='ocr_par' dir='ltr' id='par_1_11' title="bbox 239 1195 1822 1265">
     <span class='ocr_line' id='line_1_11' title="bbox 239 1195 1822 1265; baseline 0.003 -20"><span class='ocrx_word' id='word_1_80' title='bbox 239 1196 654 1262; x_wconf 74' lang='lat' dir='ltr'><strong>abl.o:-rerent),</strong></span> <span class='ocrx_word' id='word_1_81' title='bbox 687 1195 808 1247; x_wconf 90' lang='lat' dir='ltr'><strong>aliis</strong></span> <span class='ocrx_word' id='word_1_82' title='bbox 836 1195 1188 1256; x_wconf 80' lang='lat' dir='ltr'><strong>obscurandi,</strong></span> <span class='ocrx_word' id='word_1_83' title='bbox 1243 1197 1333 1263; x_wconf 88' lang='lat' dir='ltr'><strong>qui</strong></span> <span class='ocrx_word' id='word_1_84' title='bbox 1372 1197 1588 1265; x_wconf 76' lang='lat' dir='ltr'><strong>prepria</strong></span> <span class='ocrx_word' id='word_1_85' title='bbox 1626 1200 1822 1252; x_wconf 79' lang='lat' dir='ltr'><strong>utentis</strong></span> 
     </span>
    </p>
   </div>
   <div class='ocr_carea' id='block_1_12' title="bbox 240 1288 1821 1355">
    <p class='ocr_par' dir='ltr' id='par_1_12' title="bbox 240 1288 1821 1355">
     <span class='ocr_line' id='line_1_12' title="bbox 240 1288 1821 1355; baseline 0.004 -20"><span class='ocrx_word' id='word_1_86' title='bbox 240 1288 529 1340; x_wconf 67' lang='lat' dir='ltr'><strong>debilitate</strong></span> <span class='ocrx_word' id='word_1_87' title='bbox 561 1304 741 1340; x_wconf 82' lang='lat' dir='ltr'><strong>veram</strong></span> <span class='ocrx_word' id='word_1_88' title='bbox 797 1289 1099 1340; x_wconf 77' lang='lat' dir='ltr'><strong>claritatem</strong></span> <span class='ocrx_word' id='word_1_89' title='bbox 1145 1288 1357 1342; x_wconf 90' lang='lat' dir='ltr'><strong>obtueri</strong></span> <span class='ocrx_word' id='word_1_90' title='bbox 1412 1304 1516 1340; x_wconf 90' lang='lat' dir='ltr'><strong>non</strong></span> <span class='ocrx_word' id='word_1_91' title='bbox 1568 1299 1821 1355; x_wconf 87' lang='lat' dir='ltr'><strong>possent;</strong></span> 
     </span>
    </p>
   </div>
   <div class='ocr_carea' id='block_1_13' title="bbox 240 1378 1824 1447">
    <p class='ocr_par' dir='ltr' id='par_1_13' title="bbox 240 1378 1824 1447">
     <span class='ocr_line' id='line_1_13' title="bbox 240 1378 1824 1447; baseline 0.001 -18"><span class='ocrx_word' id='word_1_92' title='bbox 240 1379 336 1447; x_wconf 88' lang='lat' dir='ltr'><strong>qui</strong></span> <span class='ocrx_word' id='word_1_93' title='bbox 383 1380 561 1431; x_wconf 76' lang='lat' dir='ltr'><strong>lucem</strong></span> <span class='ocrx_word' id='word_1_94' title='bbox 593 1379 833 1447; x_wconf 87' lang='lat' dir='ltr'><strong>quidem,</strong></span> <span class='ocrx_word' id='word_1_95' title='bbox 886 1386 945 1431; x_wconf 90' lang='lat' dir='ltr'><strong>ut</strong></span> <span class='ocrx_word' id='word_1_96' title='bbox 985 1379 1257 1430; x_wconf 87' lang='lat' dir='ltr'><strong>inimicam</strong></span> <span class='ocrx_word' id='word_1_97' title='bbox 1302 1378 1643 1447; x_wconf 75' lang='lat' dir='ltr'><strong>refugerent;</strong></span> <span class='ocrx_word' id='word_1_98' title='bbox 1679 1388 1824 1432; x_wconf 89' lang='lat' dir='ltr'><strong>tene-</strong></span> 
     </span>
    </p>
   </div>
   <div class='ocr_carea' id='block_1_14' title="bbox 244 1468 1820 1536">
    <p class='ocr_par' dir='ltr' id='par_1_14' title="bbox 244 1468 1820 1536">
     <span class='ocr_line' id='line_1_14' title="bbox 244 1468 1820 1536; baseline -0.001 -15"><span class='ocrx_word' id='word_1_99' title='bbox 244 1473 373 1521; x_wconf 75' lang='lat' dir='ltr'><strong>bras</strong></span> <span class='ocrx_word' id='word_1_100' title='bbox 402 1480 585 1523; x_wconf 88' lang='lat' dir='ltr'><strong>autem</strong></span> <span class='ocrx_word' id='word_1_101' title='bbox 622 1479 881 1535; x_wconf 89' lang='lat' dir='ltr'><strong>tanquam</strong></span> <span class='ocrx_word' id='word_1_102' title='bbox 922 1470 1282 1521; x_wconf 68' lang='lat' dir='ltr'><strong>suavissimas</strong></span> <span class='ocrx_word' id='word_1_103' title='bbox 1340 1468 1443 1519; x_wconf 86' lang='lat' dir='ltr'><strong>sibi</strong></span> <span class='ocrx_word' id='word_1_104' title='bbox 1496 1468 1820 1536; x_wconf 81' lang='lat' dir='ltr'><strong>deligerent.</strong></span> 
     </span>
    </p>
   </div>
   <div class='ocr_carea' id='block_1_15' title="bbox 241 1560 1822 1629">
    <p class='ocr_par' dir='ltr' id='par_1_15' title="bbox 241 1560 1822 1629">
     <span class='ocr_line' id='line_1_15' title="bbox 241 1560 1822 1629; baseline -0.003 -16"><span class='ocrx_word' id='word_1_105' title='bbox 241 1562 318 1613; x_wconf 72' lang='lat' dir='ltr'><strong>Ac</strong></span> <span class='ocrx_word' id='word_1_106' title='bbox 350 1561 589 1613; x_wconf 61' lang='lat' dir='ltr'><strong>alierum</strong></span> <span class='ocrx_word' id='word_1_107' title='bbox 621 1560 841 1629; x_wconf 83' lang='lat' dir='ltr'><strong>quidem</strong></span> <span class='ocrx_word' id='word_1_108' title='bbox 876 1560 1070 1613; x_wconf 90' lang='lat' dir='ltr'><strong>mentis</strong></span> <span class='ocrx_word' id='word_1_109' title='bbox 1112 1561 1385 1612; x_wconf 84' lang='lat' dir='ltr'><strong>rationum</strong></span> <span class='ocrx_word' id='word_1_110' title='bbox 1449 1573 1513 1611; x_wconf 88' lang='lat' dir='ltr'><strong>ac</strong></span> <span class='ocrx_word' id='word_1_111' title='bbox 1545 1560 1822 1612; x_wconf 86' lang='lat' dir='ltr'><strong>actionum</strong></span> 
     </span>
    </p>
   </div>
   <div class='ocr_carea' id='block_1_16' title="bbox 244 1650 1822 1721">
    <p class='ocr_par' dir='ltr' id='par_1_16' title="bbox 244 1650 1822 1721">
     <span class='ocr_line' id='line_1_16' title="bbox 244 1650 1822 1721; baseline 0.001 -19"><span class='ocrx_word' id='word_1_112' title='bbox 244 1654 548 1720; x_wconf 85' lang='lat' dir='ltr'><strong>prnnuiva,</strong></span> <span class='ocrx_word' id='word_1_113' title='bbox 590 1654 932 1721; x_wconf 87' lang='lat' dir='ltr'><strong>argumentis</strong></span> <span class='ocrx_word' id='word_1_114' title='bbox 977 1650 1268 1705; x_wconf 80' lang='lat' dir='ltr'><strong>confutatis</strong></span> <span class='ocrx_word' id='word_1_115' title='bbox 1321 1652 1822 1717; x_wconf 70' lang='lat' dir='ltr'><strong>exterminabat”;</strong></span> 
     </span>
    </p>
   </div>
   <div class='ocr_carea' id='block_1_17' title="bbox 242 1743 1826 1813">
    <p class='ocr_par' dir='ltr' id='par_1_17' title="bbox 242 1743 1826 1813">
     <span class='ocr_line' id='line_1_17' title="bbox 242 1743 1826 1813; baseline 0.003 -20"><span class='ocrx_word' id='word_1_116' title='bbox 242 1745 483 1795; x_wconf 84' lang='lat' dir='ltr'><strong>aliorum</strong></span> <span class='ocrx_word' id='word_1_117' title='bbox 515 1753 695 1797; x_wconf 88' lang='lat' dir='ltr'><strong>autem</strong></span> <span class='ocrx_word' id='word_1_118' title='bbox 731 1743 1190 1797; x_wconf 74' lang='lat' dir='ltr'><strong>incontaminalas</strong></span> <span class='ocrx_word' id='word_1_119' title='bbox 1224 1744 1276 1797; x_wconf 86' lang='lat' dir='ltr'><strong>in</strong></span> <span class='ocrx_word' id='word_1_120' title='bbox 1316 1743 1519 1797; x_wconf 80' lang='lat' dir='ltr'><strong>Christi</strong></span> <span class='ocrx_word' id='word_1_121' title='bbox 1564 1743 1826 1813; x_wconf 82' lang='lat' dir='ltr'><strong>sanguine</strong></span> 
     </span>
    </p>
   </div>
   <div class='ocr_carea' id='block_1_18' title="bbox 243 1836 867 1889">
    <p class='ocr_par' dir='ltr' id='par_1_18' title="bbox 243 1836 867 1889">
     <span class='ocr_line' id='line_1_18' title="bbox 243 1836 867 1889; baseline 0.005 -3"><span class='ocrx_word' id='word_1_122' title='bbox 243 1836 462 1887; x_wconf 87' lang='lat' dir='ltr'><strong>animas</strong></span> <span class='ocrx_word' id='word_1_123' title='bbox 490 1836 867 1889; x_wconf 84' lang='lat' dir='ltr'><strong>conservabat.</strong></span> 
     </span>
    </p>
   </div>
   <div class='ocr_carea' id='block_1_19' title="bbox 1928 650 3495 722">
    <p class='ocr_par' dir='ltr' id='par_1_19' title="bbox 1928 650 3495 722">
     <span class='ocr_line' id='line_1_19' title="bbox 1928 650 3495 722; baseline 0.004 -19"><span class='ocrx_word' id='word_1_124' title='bbox 1928 665 2052 704; x_wconf 90' lang='lat' dir='ltr'><strong>nem</strong></span> <span class='ocrx_word' id='word_1_125' title='bbox 2115 660 2344 715; x_wconf 89' lang='lat' dir='ltr'><strong>nactus;</strong></span> <span class='ocrx_word' id='word_1_126' title='bbox 2402 668 2511 705; x_wconf 92' lang='lat' dir='ltr'><strong>non</strong></span> <span class='ocrx_word' id='word_1_127' title='bbox 2566 650 2777 721; x_wconf 82' lang='lat' dir='ltr'><strong>fragore</strong></span> <span class='ocrx_word' id='word_1_128' title='bbox 2839 654 3209 722; x_wconf 88' lang='lat' dir='ltr'><strong>mugientibus</strong></span> <span class='ocrx_word' id='word_1_129' title='bbox 3246 658 3495 721; x_wconf 88' lang='lat' dir='ltr'><strong>vocibus,</strong></span> 
     </span>
    </p>
   </div>
   <div class='ocr_carea' id='block_1_20' title="bbox 1925 742 3495 816">
    <p class='ocr_par' dir='ltr' id='par_1_20' title="bbox 1925 742 3495 816">
     <span class='ocr_line' id='line_1_20' title="bbox 1925 742 3495 816; baseline 0.004 -22"><span class='ocrx_word' id='word_1_130' title='bbox 1925 742 2181 811; x_wconf 91' lang='lat' dir='ltr'><strong>tubisque</strong></span> <span class='ocrx_word' id='word_1_131' title='bbox 2233 758 2411 795; x_wconf 82' lang='lat' dir='ltr'><strong>aerem</strong></span> <span class='ocrx_word' id='word_1_132' title='bbox 2440 744 2489 795; x_wconf 91' lang='lat' dir='ltr'><strong>vi</strong></span> <span class='ocrx_word' id='word_1_133' title='bbox 2520 746 2970 812; x_wconf 88' lang='lat' dir='ltr'><strong>percutientibus,</strong></span> <span class='ocrx_word' id='word_1_134' title='bbox 3011 746 3495 816; x_wconf 74' lang='lat' dir='ltr'><strong>vehementiusque</strong></span> 
     </span>
    </p>
   </div>
   <div class='ocr_carea' id='block_1_21' title="bbox 1924 834 3497 905">
    <p class='ocr_par' dir='ltr' id='par_1_21' title="bbox 1924 834 3497 905">
     <span class='ocr_line' id='line_1_21' title="bbox 1924 834 3497 905; baseline 0.004 -20"><span class='ocrx_word' id='word_1_135' title='bbox 1924 834 2150 887; x_wconf 83' lang='lat' dir='ltr'><strong>auribus</strong></span> <span class='ocrx_word' id='word_1_136' title='bbox 2183 834 2601 899; x_wconf 84' lang='lat' dir='ltr'><strong>insonantilms;</strong></span> <span class='ocrx_word' id='word_1_137' title='bbox 2645 835 2736 889; x_wconf 89' lang='lat' dir='ltr'><strong>sed</strong></span> <span class='ocrx_word' id='word_1_138' title='bbox 2770 836 2887 889; x_wconf 83' lang='lat' dir='ltr'><strong>sine</strong></span> <span class='ocrx_word' id='word_1_139' title='bbox 2934 838 3189 904; x_wconf 83' lang='lat' dir='ltr'><strong>strepitu,</strong></span> <span class='ocrx_word' id='word_1_140' title='bbox 3220 846 3381 905; x_wconf 87' lang='lat' dir='ltr'><strong>atque</strong></span> <span class='ocrx_word' id='word_1_141' title='bbox 3418 839 3497 892; x_wconf 83' lang='lat' dir='ltr'><strong>le-</strong></span> 
     </span>
    </p>
   </div>
   <div class='ocr_carea' id='block_1_22' title="bbox 1929 925 3496 996">
    <p class='ocr_par' dir='ltr' id='par_1_22' title="bbox 1929 925 3496 996">
     <span class='ocr_line' id='line_1_22' title="bbox 1929 925 3496 996; baseline 0.003 -21"><span class='ocrx_word' id='word_1_142' title='bbox 1929 925 2088 987; x_wconf 88' lang='lat' dir='ltr'><strong>nitcr,</strong></span> <span class='ocrx_word' id='word_1_143' title='bbox 2144 935 2199 978; x_wconf 90' lang='lat' dir='ltr'><strong>et</strong></span> <span class='ocrx_word' id='word_1_144' title='bbox 2258 925 2364 978; x_wconf 87' lang='lat' dir='ltr'><strong>leni</strong></span> <span class='ocrx_word' id='word_1_145' title='bbox 2427 942 2489 979; x_wconf 91' lang='lat' dir='ltr'><strong>ac</strong></span> <span class='ocrx_word' id='word_1_146' title='bbox 2539 926 2721 994; x_wconf 85' lang='lat' dir='ltr'><strong>quieto</strong></span> <span class='ocrx_word' id='word_1_147' title='bbox 2772 925 2862 979; x_wconf 88' lang='lat' dir='ltr'><strong>Dei</strong></span> <span class='ocrx_word' id='word_1_148' title='bbox 2902 927 3124 995; x_wconf 87' lang='lat' dir='ltr'><strong>Spiritui</strong></span> <span class='ocrx_word' id='word_1_149' title='bbox 3160 928 3496 996; x_wconf 87' lang='lat' dir='ltr'><strong>colloquens,</strong></span> 
     </span>
    </p>
   </div>
   <div class='ocr_carea' id='block_1_23' title="bbox 1927 1016 3495 1086">
    <p class='ocr_par' dir='ltr' id='par_1_23' title="bbox 1927 1016 3495 1086">
     <span class='ocr_line' id='line_1_23' title="bbox 1927 1016 3495 1086; baseline 0.001 -17"><span class='ocrx_word' id='word_1_150' title='bbox 1927 1016 2110 1084; x_wconf 84' lang='lat' dir='ltr'><strong>illique</strong></span> <span class='ocrx_word' id='word_1_151' title='bbox 2141 1017 2515 1085; x_wconf 88' lang='lat' dir='ltr'><strong>congrediens,</strong></span> <span class='ocrx_word' id='word_1_152' title='bbox 2559 1034 2623 1073; x_wconf 91' lang='lat' dir='ltr'><strong>ac</strong></span> <span class='ocrx_word' id='word_1_153' title='bbox 2669 1020 2887 1073; x_wconf 90' lang='lat' dir='ltr'><strong>silentio</strong></span> <span class='ocrx_word' id='word_1_154' title='bbox 2922 1035 3147 1086; x_wconf 80' lang='lat' dir='ltr'><strong>magnas</strong></span> <span class='ocrx_word' id='word_1_155' title='bbox 3178 1021 3495 1074; x_wconf 89' lang='lat' dir='ltr'><strong>sublimium</strong></span> 
     </span>
    </p>
   </div>
   <div class='ocr_carea' id='block_1_24' title="bbox 1925 1108 3499 1177">
    <p class='ocr_par' dir='ltr' id='par_1_24' title="bbox 1925 1108 3499 1177">
     <span class='ocr_line' id='line_1_24' title="bbox 1925 1108 3499 1177; baseline 0.003 -18"><span class='ocrx_word' id='word_1_156' title='bbox 1925 1108 2265 1160; x_wconf 87' lang='lat' dir='ltr'><strong>decretorum</strong></span> <span class='ocrx_word' id='word_1_157' title='bbox 2300 1124 2460 1162; x_wconf 87' lang='lat' dir='ltr'><strong>voces</strong></span> <span class='ocrx_word' id='word_1_158' title='bbox 2504 1111 2806 1177; x_wconf 86' lang='lat' dir='ltr'><strong>percipiens</strong></span> <span class='ocrx_word' id='word_1_159' title='bbox 2842 1129 2853 1164; x_wconf 91' lang='lat'>:</span> <span class='ocrx_word' id='word_1_160' title='bbox 2887 1126 2993 1164; x_wconf 91' lang='lat' dir='ltr'><strong>non</strong></span> <span class='ocrx_word' id='word_1_161' title='bbox 3029 1113 3262 1166; x_wconf 84' lang='lat' dir='ltr'><strong>tenebris</strong></span> <span class='ocrx_word' id='word_1_162' title='bbox 3306 1128 3372 1166; x_wconf 88' lang='lat' dir='ltr'><strong>ac</strong></span> <span class='ocrx_word' id='word_1_163' title='bbox 3407 1126 3499 1166; x_wconf 78' lang='lat' dir='ltr'><strong>ea-</strong></span> 
     </span>
    </p>
   </div>
   <div class='ocr_carea' id='block_1_25' title="bbox 1927 1197 3496 1271">
    <p class='ocr_par' dir='ltr' id='par_1_25' title="bbox 1927 1197 3496 1271">
     <span class='ocr_line' id='line_1_25' title="bbox 1927 1197 3496 1271; baseline 0.004 -22"><span class='ocrx_word' id='word_1_164' title='bbox 1927 1197 2091 1264; x_wconf 82' lang='lat' dir='ltr'><strong>ligine</strong></span> <span class='ocrx_word' id='word_1_165' title='bbox 2126 1199 2362 1253; x_wconf 90' lang='lat' dir='ltr'><strong>obducto</strong></span> <span class='ocrx_word' id='word_1_166' title='bbox 2388 1214 2638 1268; x_wconf 89' lang='lat' dir='ltr'><strong>corpore,</strong></span> <span class='ocrx_word' id='word_1_167' title='bbox 2668 1203 2759 1254; x_wconf 89' lang='lat' dir='ltr'><strong>sed</strong></span> <span class='ocrx_word' id='word_1_168' title='bbox 2787 1218 2947 1271; x_wconf 89' lang='lat' dir='ltr'><strong>supra</strong></span> <span class='ocrx_word' id='word_1_169' title='bbox 2988 1218 3152 1271; x_wconf 83' lang='lat' dir='ltr'><strong>quant</strong></span> <span class='ocrx_word' id='word_1_170' title='bbox 3207 1204 3373 1271; x_wconf 83' lang='lat' dir='ltr'><strong>ignoti</strong></span> <span class='ocrx_word' id='word_1_171' title='bbox 3416 1205 3496 1255; x_wconf 90' lang='lat' dir='ltr'><strong>in-</strong></span> 
     </span>
    </p>
   </div>
   <div class='ocr_carea' id='block_1_26' title="bbox 1926 1291 3496 1362">
    <p class='ocr_par' dir='ltr' id='par_1_26' title="bbox 1926 1291 3496 1362">
     <span class='ocr_line' id='line_1_26' title="bbox 1926 1291 3496 1362; baseline 0.001 -17"><span class='ocrx_word' id='word_1_172' title='bbox 1926 1291 2426 1358; x_wconf 89' lang='lat' dir='ltr'><strong>comprehensionis</strong></span> <span class='ocrx_word' id='word_1_173' title='bbox 2479 1293 2668 1347; x_wconf 88' lang='lat' dir='ltr'><strong>notitia</strong></span> <span class='ocrx_word' id='word_1_174' title='bbox 2700 1294 2911 1347; x_wconf 88' lang='lat' dir='ltr'><strong>obtecto</strong></span> <span class='ocrx_word' id='word_1_175' title='bbox 2938 1313 2958 1362; x_wconf 91' lang='lat'><strong>_:</strong></span> <span class='ocrx_word' id='word_1_176' title='bbox 2988 1310 3096 1347; x_wconf 92' lang='lat' dir='ltr'><strong>non</strong></span> <span class='ocrx_word' id='word_1_177' title='bbox 3148 1295 3402 1362; x_wconf 87' lang='lat' dir='ltr'><strong>procellis</strong></span> <span class='ocrx_word' id='word_1_178' title='bbox 3433 1309 3496 1347; x_wconf 87' lang='lat' dir='ltr'><strong>ac</strong></span> 
     </span>
    </p>
   </div>
   <div class='ocr_carea' id='block_1_27' title="bbox 1928 1383 3497 1453">
    <p class='ocr_par' dir='ltr' id='par_1_27' title="bbox 1928 1383 3497 1453">
     <span class='ocr_line' id='line_1_27' title="bbox 1928 1383 3497 1453; baseline 0.002 -18"><span class='ocrx_word' id='word_1_179' title='bbox 1928 1384 2140 1435; x_wconf 86' lang='lat' dir='ltr'><strong>turbine</strong></span> <span class='ocrx_word' id='word_1_180' title='bbox 2202 1384 2486 1451; x_wconf 90' lang='lat' dir='ltr'><strong>ventisque</strong></span> <span class='ocrx_word' id='word_1_181' title='bbox 2542 1383 2821 1449; x_wconf 79' lang='lat' dir='ltr'><strong>flantibus,</strong></span> <span class='ocrx_word' id='word_1_182' title='bbox 2879 1386 2971 1439; x_wconf 87' lang='lat' dir='ltr'><strong>sed</strong></span> <span class='ocrx_word' id='word_1_183' title='bbox 3034 1387 3201 1438; x_wconf 87' lang='lat' dir='ltr'><strong>divini</strong></span> <span class='ocrx_word' id='word_1_184' title='bbox 3263 1385 3497 1453; x_wconf 88' lang='lat' dir='ltr'><strong>Spiritus</strong></span> 
     </span>
    </p>
   </div>
   <div class='ocr_carea' id='block_1_28' title="bbox 1928 1474 3498 1543">
    <p class='ocr_par' dir='ltr' id='par_1_28' title="bbox 1928 1474 3498 1543">
     <span class='ocr_line' id='line_1_28' title="bbox 1928 1474 3498 1543; baseline 0.003 -20"><span class='ocrx_word' id='word_1_185' title='bbox 1928 1474 2267 1527; x_wconf 82' lang='lat' dir='ltr'><strong>mollioribus</strong></span> <span class='ocrx_word' id='word_1_186' title='bbox 2294 1476 2445 1527; x_wconf 89' lang='lat' dir='ltr'><strong>auris</strong></span> <span class='ocrx_word' id='word_1_187' title='bbox 2472 1475 2863 1543; x_wconf 86' lang='lat' dir='ltr'><strong>perflantibus;</strong></span> <span class='ocrx_word' id='word_1_188' title='bbox 2900 1490 3007 1529; x_wconf 91' lang='lat' dir='ltr'><strong>non</strong></span> <span class='ocrx_word' id='word_1_189' title='bbox 3041 1477 3340 1530; x_wconf 64' lang='lat' dir='ltr'><strong>caelestium</strong></span> <span class='ocrx_word' id='word_1_190' title='bbox 3368 1477 3498 1528; x_wconf 61' lang='lat' dir='ltr'><strong>imav</strong></span> 
     </span>
    </p>
   </div>
   <div class='ocr_carea' id='block_1_29' title="bbox 1926 1565 3494 1634">
    <p class='ocr_par' dir='ltr' id='par_1_29' title="bbox 1926 1565 3494 1634">
     <span class='ocr_line' id='line_1_29' title="bbox 1926 1565 3494 1634; baseline 0.001 -20"><span class='ocrx_word' id='word_1_191' title='bbox 1926 1565 2099 1631; x_wconf 82' lang='lat' dir='ltr'><strong>gincs,</strong></span> <span class='ocrx_word' id='word_1_192' title='bbox 2130 1580 2192 1619; x_wconf 91' lang='lat' dir='ltr'><strong>ac</strong></span> <span class='ocrx_word' id='word_1_193' title='bbox 2221 1567 2444 1634; x_wconf 83' lang='lat' dir='ltr'><strong>ﬁguras,</strong></span> <span class='ocrx_word' id='word_1_194' title='bbox 2497 1580 2595 1619; x_wconf 89' lang='lat' dir='ltr'><strong>nec</strong></span> <span class='ocrx_word' id='word_1_195' title='bbox 2655 1567 2898 1621; x_wconf 87' lang='lat' dir='ltr'><strong>veritatis</strong></span> <span class='ocrx_word' id='word_1_196' title='bbox 2943 1566 3199 1620; x_wconf 88' lang='lat' dir='ltr'><strong>obtuetur</strong></span> <span class='ocrx_word' id='word_1_197' title='bbox 3250 1565 3494 1629; x_wconf 86' lang='lat' dir='ltr'><strong>umbras,</strong></span> 
     </span>
    </p>
   </div>
   <div class='ocr_carea' id='block_1_30' title="bbox 1927 1652 3498 1723">
    <p class='ocr_par' dir='ltr' id='par_1_30' title="bbox 1927 1652 3498 1723">
     <span class='ocr_line' id='line_1_30' title="bbox 1927 1652 3498 1723; baseline -0.001 -18"><span class='ocrx_word' id='word_1_198' title='bbox 1927 1654 2019 1707; x_wconf 89' lang='lat' dir='ltr'><strong>sed</strong></span> <span class='ocrx_word' id='word_1_199' title='bbox 2046 1654 2157 1721; x_wconf 88' lang='lat' dir='ltr'><strong>ipsa</strong></span> <span class='ocrx_word' id='word_1_200' title='bbox 2193 1655 2464 1709; x_wconf 87' lang='lat' dir='ltr'><strong>sacratius</strong></span> <span class='ocrx_word' id='word_1_201' title='bbox 2492 1654 2717 1708; x_wconf 87' lang='lat' dir='ltr'><strong>docetur</strong></span> <span class='ocrx_word' id='word_1_202' title='bbox 2739 1656 3005 1718; x_wconf 65' lang='lat' dir='ltr'><strong>coelestia,</strong></span> <span class='ocrx_word' id='word_1_203' title='bbox 3040 1656 3324 1723; x_wconf 86' lang='lat' dir='ltr'><strong>ipsamque</strong></span> <span class='ocrx_word' id='word_1_204' title='bbox 3353 1652 3498 1706; x_wconf 86' lang='lat' dir='ltr'><strong>clare</strong></span> 
     </span>
    </p>
   </div>
   <div class='ocr_carea' id='block_1_31' title="bbox 1926 1744 3496 1816">
    <p class='ocr_par' dir='ltr' id='par_1_31' title="bbox 1926 1744 3496 1816">
     <span class='ocr_line' id='line_1_31' title="bbox 1926 1744 3496 1816; baseline 0.001 -19"><span class='ocrx_word' id='word_1_205' title='bbox 1926 1747 2204 1799; x_wconf 87' lang='lat' dir='ltr'><strong>veritatem</strong></span> <span class='ocrx_word' id='word_1_206' title='bbox 2235 1748 2424 1800; x_wconf 88' lang='lat' dir='ltr'><strong>cernit.</strong></span> <span class='ocrx_word' id='word_1_207' title='bbox 2467 1746 2738 1816; x_wconf 78' lang='lat' dir='ltr'><strong>Symbolis</strong></span> <span class='ocrx_word' id='word_1_208' title='bbox 2770 1746 2940 1808; x_wconf 89' lang='lat' dir='ltr'><strong>enim,</strong></span> <span class='ocrx_word' id='word_1_209' title='bbox 3001 1761 3063 1799; x_wconf 89' lang='lat' dir='ltr'><strong>ac</strong></span> <span class='ocrx_word' id='word_1_210' title='bbox 3109 1746 3318 1799; x_wconf 90' lang='lat' dir='ltr'><strong>umbris</strong></span> <span class='ocrx_word' id='word_1_211' title='bbox 3360 1744 3496 1798; x_wconf 85' lang='lat' dir='ltr'><strong>Mosi</strong></span> 
     </span>
    </p>
   </div>
   <div class='ocr_carea' id='block_1_32' title="bbox 1929 1837 3494 1905">
    <p class='ocr_par' dir='ltr' id='par_1_32' title="bbox 1929 1837 3494 1905">
     <span class='ocr_line' id='line_1_32' title="bbox 1929 1837 3494 1905; baseline -0.001 -14"><span class='ocrx_word' id='word_1_212' title='bbox 1929 1838 2235 1905; x_wconf 80' lang='lat' dir='ltr'><strong>conspectis</strong></span> <span class='ocrx_word' id='word_1_213' title='bbox 2268 1839 2333 1892; x_wconf 88' lang='lat' dir='ltr'><strong>ad</strong></span> <span class='ocrx_word' id='word_1_214' title='bbox 2367 1853 2427 1892; x_wconf 87' lang='lat' dir='ltr'><strong>ea</strong></span> <span class='ocrx_word' id='word_1_215' title='bbox 2461 1852 2582 1904; x_wconf 68' lang='lat' dir='ltr'><strong>qua:</strong></span> <span class='ocrx_word' id='word_1_216' title='bbox 2620 1853 2747 1890; x_wconf 84' lang='lat' dir='ltr'><strong>vcra</strong></span> <span class='ocrx_word' id='word_1_217' title='bbox 2800 1846 2929 1890; x_wconf 89' lang='lat' dir='ltr'><strong>sunt</strong></span> <span class='ocrx_word' id='word_1_218' title='bbox 2961 1837 3301 1905; x_wconf 85' lang='lat' dir='ltr'><strong>intelligenda</strong></span> <span class='ocrx_word' id='word_1_219' title='bbox 3344 1852 3494 1900; x_wconf 82' lang='lat' dir='ltr'><strong>usus,</strong></span> 
     </span>
    </p>
   </div>
   <div class='ocr_carea' id='block_1_33' title="bbox 320 1913 3495 1998">
    <p class='ocr_par' dir='ltr' id='par_1_33' title="bbox 320 1913 3495 1998">
     <span class='ocr_line' id='line_1_33' title="bbox 320 1913 3495 1998; baseline 0.001 -22"><span class='ocrx_word' id='word_1_220' title='bbox 320 1927 466 1979; x_wconf 77' lang='lat' dir='ltr'><strong>Idem</strong></span> <span class='ocrx_word' id='word_1_221' title='bbox 520 1928 635 1996; x_wconf 90' lang='lat' dir='ltr'><strong>ipse</strong></span> <span class='ocrx_word' id='word_1_222' title='bbox 682 1928 820 1998; x_wconf 80' lang='lat' dir='ltr'><strong>ignis</strong></span> <span class='ocrx_word' id='word_1_223' title='bbox 851 1929 1107 1982; x_wconf 89' lang='lat' dir='ltr'><strong>columna</strong></span> <span class='ocrx_word' id='word_1_224' title='bbox 1185 1942 1248 1982; x_wconf 90' lang='lat' dir='ltr'><strong>ac</strong></span> <span class='ocrx_word' id='word_1_225' title='bbox 1300 1928 1465 1983; x_wconf 88' lang='lat' dir='ltr'><strong>nubis</strong></span> <span class='ocrx_word' id='word_1_226' title='bbox 1494 1928 1821 1991; x_wconf 71' lang='lat' dir='ltr'><strong>edicitur&quot;;</strong></span> <span class='ocrx_word' id='word_1_227' title='bbox 1859 1913 1901 1970; x_wconf 77' lang='grc' dir='ltr'><strong>Β</strong></span> <span class='ocrx_word' id='word_1_228' title='bbox 1931 1945 1992 1983; x_wconf 89' lang='lat' dir='ltr'><strong>ac</strong></span> <span class='ocrx_word' id='word_1_229' title='bbox 2026 1945 2118 1996; x_wconf 86' lang='lat' dir='ltr'><strong>per</strong></span> <span class='ocrx_word' id='word_1_230' title='bbox 2149 1944 2210 1980; x_wconf 87' lang='lat' dir='ltr'><strong>ea</strong></span> <span class='ocrx_word' id='word_1_231' title='bbox 2262 1930 2326 1981; x_wconf 90' lang='lat' dir='ltr'><strong>ad</strong></span> <span class='ocrx_word' id='word_1_232' title='bbox 2362 1928 2538 1995; x_wconf 87' lang='lat' dir='ltr'><strong>ipsum</strong></span> <span class='ocrx_word' id='word_1_233' title='bbox 2601 1925 2746 1982; x_wconf 85' lang='lat' dir='ltr'><strong>clare</strong></span> <span class='ocrx_word' id='word_1_234' title='bbox 2781 1928 3153 1996; x_wconf 84' lang='lat' dir='ltr'><strong>legislaturem</strong></span> <span class='ocrx_word' id='word_1_235' title='bbox 3215 1928 3495 1988; x_wconf 82' lang='lat' dir='ltr'><strong>devectus,</strong></span> 
     </span>
    </p>
   </div>
   <div class='ocr_carea' id='block_1_34' title="bbox 246 2019 1823 2089">
    <p class='ocr_par' dir='ltr' id='par_1_34' title="bbox 246 2019 1823 2089">
     <span class='ocr_line' id='line_1_34' title="bbox 246 2019 1823 2089; baseline 0.001 -20"><span class='ocrx_word' id='word_1_236' title='bbox 246 2021 457 2085; x_wconf 59' lang='lat' dir='ltr'><strong>pec-cati</strong></span> <span class='ocrx_word' id='word_1_237' title='bbox 492 2020 777 2088; x_wconf 71' lang='lat' dir='ltr'><strong>caliginem</strong></span> <span class='ocrx_word' id='word_1_238' title='bbox 823 2019 1174 2087; x_wconf 87' lang='lat' dir='ltr'><strong>dispescens,</strong></span> <span class='ocrx_word' id='word_1_239' title='bbox 1214 2019 1541 2089; x_wconf 72' lang='lat' dir='ltr'><strong>virtutisque</strong></span> <span class='ocrx_word' id='word_1_240' title='bbox 1583 2021 1823 2073; x_wconf 83' lang='lat' dir='ltr'><strong>laborem</strong></span> 
     </span>
    </p>
   </div>
   <div class='ocr_carea' id='block_1_35' title="bbox 247 2109 1825 2181">
    <p class='ocr_par' dir='ltr' id='par_1_35' title="bbox 247 2109 1825 2181">
     <span class='ocr_line' id='line_1_35' title="bbox 247 2109 1825 2181; baseline 0.004 -21"><span class='ocrx_word' id='word_1_241' title='bbox 247 2109 536 2177; x_wconf 60' lang='lat' dir='ltr'><strong>refrigerio</strong></span> <span class='ocrx_word' id='word_1_242' title='bbox 568 2120 875 2180; x_wconf 67' lang='lat' dir='ltr'><strong>trntperans</strong></span> <span class='ocrx_word' id='word_1_243' title='bbox 917 2122 1079 2178; x_wconf 86' lang='lat' dir='ltr'><strong>atque</strong></span> <span class='ocrx_word' id='word_1_244' title='bbox 1111 2112 1350 2177; x_wconf 75' lang='lat' dir='ltr'><strong>leniens;</strong></span> <span class='ocrx_word' id='word_1_245' title='bbox 1381 2114 1637 2181; x_wconf 86' lang='lat' dir='ltr'><strong>velutquc</strong></span> <span class='ocrx_word' id='word_1_246' title='bbox 1665 2113 1825 2167; x_wconf 76' lang='lat' dir='ltr'><strong>nul-.is</strong></span> 
     </span>
    </p>
   </div>
   <div class='ocr_carea' id='block_1_36' title="bbox 246 2200 1824 2274">
    <p class='ocr_par' dir='ltr' id='par_1_36' title="bbox 246 2200 1824 2274">
     <span class='ocr_line' id='line_1_36' title="bbox 246 2200 1824 2274; baseline 0.004 -22"><span class='ocrx_word' id='word_1_247' title='bbox 246 2216 398 2262; x_wconf 84' lang='lat' dir='ltr'><strong>rore,</strong></span> <span class='ocrx_word' id='word_1_248' title='bbox 447 2200 707 2256; x_wconf 78' lang='lat' dir='ltr'><strong>Paraclcti</strong></span> <span class='ocrx_word' id='word_1_249' title='bbox 763 2204 1156 2266; x_wconf 82' lang='lat' dir='ltr'><strong>consolatione,</strong></span> <span class='ocrx_word' id='word_1_250' title='bbox 1215 2204 1514 2274; x_wconf 87' lang='lat' dir='ltr'><strong>spiritalem</strong></span> <span class='ocrx_word' id='word_1_251' title='bbox 1573 2204 1824 2258; x_wconf 85' lang='lat' dir='ltr'><strong>Israclem</strong></span> 
     </span>
    </p>
   </div>
   <div class='ocr_carea' id='block_1_37' title="bbox 248 2294 1824 2362">
    <p class='ocr_par' dir='ltr' id='par_1_37' title="bbox 248 2294 1824 2362">
     <span class='ocr_line' id='line_1_37' title="bbox 248 2294 1824 2362; baseline 0.002 -14"><span class='ocrx_word' id='word_1_252' title='bbox 248 2294 460 2359; x_wconf 81' lang='lat' dir='ltr'><strong>levans,</strong></span> <span class='ocrx_word' id='word_1_253' title='bbox 492 2305 652 2361; x_wconf 88' lang='lat' dir='ltr'><strong>atque</strong></span> <span class='ocrx_word' id='word_1_254' title='bbox 685 2297 750 2347; x_wconf 89' lang='lat' dir='ltr'><strong>ad</strong></span> <span class='ocrx_word' id='word_1_255' title='bbox 781 2310 1047 2362; x_wconf 88' lang='lat' dir='ltr'><strong>supernas</strong></span> <span class='ocrx_word' id='word_1_256' title='bbox 1071 2296 1385 2349; x_wconf 88' lang='lat' dir='ltr'><strong>mansiones</strong></span> <span class='ocrx_word' id='word_1_257' title='bbox 1414 2295 1737 2361; x_wconf 82' lang='lat' dir='ltr'><strong>traducens;</strong></span> <span class='ocrx_word' id='word_1_258' title='bbox 1762 2312 1824 2351; x_wconf 89' lang='lat' dir='ltr'><strong>ac</strong></span> 
     </span>
    </p>
   </div>
   <div class='ocr_carea' id='block_1_38' title="bbox 250 2387 1825 2453">
    <p class='ocr_par' dir='ltr' id='par_1_38' title="bbox 250 2387 1825 2453">
     <span class='ocr_line' id='line_1_38' title="bbox 250 2387 1825 2453; baseline 0.004 -15"><span class='ocrx_word' id='word_1_259' title='bbox 250 2401 416 2438; x_wconf 82' lang='lat' dir='ltr'><strong>manu</strong></span> <span class='ocrx_word' id='word_1_260' title='bbox 456 2387 675 2452; x_wconf 60' lang='lat' dir='ltr'><strong>quidem</strong></span> <span class='ocrx_word' id='word_1_261' title='bbox 708 2387 919 2440; x_wconf 79' lang='lat' dir='ltr'><strong>excelsa</strong></span> <span class='ocrx_word' id='word_1_262' title='bbox 948 2388 1131 2441; x_wconf 69' lang='lat' dir='ltr'><strong>sarculi</strong></span> <span class='ocrx_word' id='word_1_263' title='bbox 1164 2403 1312 2442; x_wconf 89' lang='lat' dir='ltr'><strong>mare</strong></span> <span class='ocrx_word' id='word_1_264' title='bbox 1339 2390 1411 2442; x_wconf 91' lang='lat' dir='ltr'><strong>illi</strong></span> <span class='ocrx_word' id='word_1_265' title='bbox 1455 2391 1704 2453; x_wconf 62' lang='lat' dir='ltr'><strong>SCiaSUltt,</strong></span> <span class='ocrx_word' id='word_1_266' title='bbox 1741 2392 1825 2444; x_wconf 91' lang='lat' dir='ltr'><strong>in-</strong></span> 
     </span>
    </p>
   </div>
   <div class='ocr_carea' id='block_1_39' title="bbox 250 2476 1825 2547">
    <p class='ocr_par' dir='ltr' id='par_1_39' title="bbox 250 2476 1825 2547">
     <span class='ocr_line' id='line_1_39' title="bbox 250 2476 1825 2547; baseline 0.004 -18"><span class='ocrx_word' id='word_1_267' title='bbox 250 2478 413 2529; x_wconf 78' lang='lat' dir='ltr'><strong>noxie</strong></span> <span class='ocrx_word' id='word_1_268' title='bbox 448 2476 865 2540; x_wconf 89' lang='lat' dir='ltr'><strong>transmittens;</strong></span> <span class='ocrx_word' id='word_1_269' title='bbox 928 2493 1023 2532; x_wconf 87' lang='lat' dir='ltr'><strong>eos</strong></span> <span class='ocrx_word' id='word_1_270' title='bbox 1062 2493 1191 2530; x_wconf 88' lang='lat' dir='ltr'><strong>vero</strong></span> <span class='ocrx_word' id='word_1_271' title='bbox 1219 2480 1311 2547; x_wconf 80' lang='lat' dir='ltr'><strong>qui</strong></span> <span class='ocrx_word' id='word_1_272' title='bbox 1354 2480 1589 2536; x_wconf 85' lang='lat' dir='ltr'><strong>dementi</strong></span> <span class='ocrx_word' id='word_1_273' title='bbox 1643 2498 1704 2535; x_wconf 92' lang='lat' dir='ltr'><strong>ac</strong></span> <span class='ocrx_word' id='word_1_274' title='bbox 1737 2483 1825 2535; x_wconf 83' lang='lat' dir='ltr'><strong>l‘u-</strong></span> 
     </span>
    </p>
   </div>
   <div class='ocr_carea' id='block_1_40' title="bbox 252 2567 1826 2642">
    <p class='ocr_par' dir='ltr' id='par_1_40' title="bbox 252 2567 1826 2642">
     <span class='ocr_line' id='line_1_40' title="bbox 252 2567 1826 2642; baseline 0.005 -23"><span class='ocrx_word' id='word_1_275' title='bbox 252 2572 393 2621; x_wconf 76' lang='lat' dir='ltr'><strong>renti</strong></span> <span class='ocrx_word' id='word_1_276' title='bbox 434 2570 489 2620; x_wconf 88' lang='lat' dir='ltr'><strong>in</strong></span> <span class='ocrx_word' id='word_1_277' title='bbox 519 2583 644 2621; x_wconf 91' lang='lat' dir='ltr'><strong>eum</strong></span> <span class='ocrx_word' id='word_1_278' title='bbox 680 2567 880 2635; x_wconf 89' lang='lat' dir='ltr'><strong>impetu</strong></span> <span class='ocrx_word' id='word_1_279' title='bbox 905 2608 920 2632; x_wconf 91' lang='lat'><strong>,</strong></span> <span class='ocrx_word' id='word_1_280' title='bbox 958 2571 1103 2622; x_wconf 91' lang='lat' dir='ltr'><strong>omni</strong></span> <span class='ocrx_word' id='word_1_281' title='bbox 1151 2580 1411 2638; x_wconf 89' lang='lat' dir='ltr'><strong>apparatu</strong></span> <span class='ocrx_word' id='word_1_282' title='bbox 1463 2574 1826 2642; x_wconf 83' lang='lat' dir='ltr'><strong>insequeban-</strong></span> 
     </span>
    </p>
   </div>
   <div class='ocr_carea' id='block_1_41' title="bbox 253 2659 1828 2735">
    <p class='ocr_par' dir='ltr' id='par_1_41' title="bbox 253 2659 1828 2735">
     <span class='ocr_line' id='line_1_41' title="bbox 253 2659 1828 2735; baseline 0.011 -31"><span class='ocrx_word' id='word_1_283' title='bbox 253 2668 360 2721; x_wconf 80' lang='lat' dir='ltr'><strong>tur,</strong></span> <span class='ocrx_word' id='word_1_284' title='bbox 413 2661 466 2711; x_wconf 89' lang='lat' dir='ltr'><strong>in</strong></span> <span class='ocrx_word' id='word_1_285' title='bbox 523 2674 588 2713; x_wconf 90' lang='lat' dir='ltr'><strong>eo</strong></span> <span class='ocrx_word' id='word_1_286' title='bbox 639 2659 934 2714; x_wconf 79' lang='lat' dir='ltr'><strong>snﬂ‘ocatos</strong></span> <span class='ocrx_word' id='word_1_287' title='bbox 995 2661 1331 2730; x_wconf 89' lang='lat' dir='ltr'><strong>relinquens,</strong></span> <span class='ocrx_word' id='word_1_288' title='bbox 1384 2666 1679 2732; x_wconf 87' lang='lat' dir='ltr'><strong>purissimo</strong></span> <span class='ocrx_word' id='word_1_289' title='bbox 1714 2666 1828 2735; x_wconf 87' lang='lat' dir='ltr'><strong>ipse</strong></span> 
     </span>
    </p>
   </div>
   <div class='ocr_carea' id='block_1_42' title="bbox 250 2752 1829 2823">
    <p class='ocr_par' dir='ltr' id='par_1_42' title="bbox 250 2752 1829 2823">
     <span class='ocr_line' id='line_1_42' title="bbox 250 2752 1829 2823; baseline 0.004 -18"><span class='ocrx_word' id='word_1_290' title='bbox 250 2752 639 2805; x_wconf 84' lang='lat' dir='ltr'><strong>salvandorum</strong></span> <span class='ocrx_word' id='word_1_291' title='bbox 702 2752 891 2814; x_wconf 60' lang='lat' dir='ltr'><strong>coetui,</strong></span> <span class='ocrx_word' id='word_1_292' title='bbox 939 2767 1062 2805; x_wconf 90' lang='lat' dir='ltr'><strong>cum</strong></span> <span class='ocrx_word' id='word_1_293' title='bbox 1110 2755 1399 2823; x_wconf 62' lang='lat' dir='ltr'><strong>magnifico</strong></span> <span class='ocrx_word' id='word_1_294' title='bbox 1432 2756 1646 2810; x_wconf 86' lang='lat' dir='ltr'><strong>virtutis</strong></span> <span class='ocrx_word' id='word_1_295' title='bbox 1678 2774 1829 2812; x_wconf 75' lang='lat' dir='ltr'><strong>rom-</strong></span> 
     </span>
    </p>
   </div>
   <div class='ocr_carea' id='block_1_43' title="bbox 253 2843 1706 2916">
    <p class='ocr_par' dir='ltr' id='par_1_43' title="bbox 253 2843 1706 2916">
     <span class='ocr_line' id='line_1_43' title="bbox 253 2843 1706 2916; baseline 0.006 -23"><span class='ocrx_word' id='word_1_296' title='bbox 253 2854 457 2904; x_wconf 86' lang='lat' dir='ltr'><strong>meatu,</strong></span> <span class='ocrx_word' id='word_1_297' title='bbox 502 2843 565 2894; x_wconf 89' lang='lat' dir='ltr'><strong>ad</strong></span> <span class='ocrx_word' id='word_1_298' title='bbox 593 2844 781 2896; x_wconf 87' lang='lat' dir='ltr'><strong>beatas</strong></span> <span class='ocrx_word' id='word_1_299' title='bbox 809 2843 1009 2898; x_wconf 89' lang='lat' dir='ltr'><strong>salutis</strong></span> <span class='ocrx_word' id='word_1_300' title='bbox 1049 2845 1204 2899; x_wconf 88' lang='lat' dir='ltr'><strong>sedes</strong></span> <span class='ocrx_word' id='word_1_301' title='bbox 1243 2844 1436 2900; x_wconf 89' lang='lat' dir='ltr'><strong>ductor</strong></span> <span class='ocrx_word' id='word_1_302' title='bbox 1462 2849 1706 2916; x_wconf 64' lang='lat' dir='ltr'><strong>praeibat.</strong></span> 
     </span>
    </p>
   </div>
   <div class='ocr_carea' id='block_1_44' title="bbox 324 2932 1827 3009">
    <p class='ocr_par' dir='ltr' id='par_1_44' title="bbox 324 2932 1827 3009">
     <span class='ocr_line' id='line_1_44' title="bbox 324 2932 1827 3009; baseline 0.007 -25"><span class='ocrx_word' id='word_1_303' title='bbox 324 2932 411 2984; x_wconf 84' lang='lat' dir='ltr'><strong>Fit</strong></span> <span class='ocrx_word' id='word_1_304' title='bbox 444 2942 596 3000; x_wconf 84' lang='lat' dir='ltr'><strong>petra</strong></span> <span class='ocrx_word' id='word_1_305' title='bbox 625 2935 707 2999; x_wconf 72' lang='grc' dir='ltr'><strong>ὀς</strong></span> <span class='ocrx_word' id='word_1_306' title='bbox 757 2950 942 2989; x_wconf 85' lang='lat' dir='ltr'><strong>revera</strong></span> <span class='ocrx_word' id='word_1_307' title='bbox 1002 2938 1147 2991; x_wconf 88' lang='lat' dir='ltr'><strong>enim</strong></span> <span class='ocrx_word' id='word_1_308' title='bbox 1179 2939 1476 3007; x_wconf 86' lang='lat' dir='ltr'><strong>spiritalem</strong></span> <span class='ocrx_word' id='word_1_309' title='bbox 1534 2952 1739 3009; x_wconf 89' lang='lat' dir='ltr'><strong>petram</strong></span> <span class='ocrx_word' id='word_1_310' title='bbox 1757 2942 1827 3007; x_wconf 68' lang='grc' dir='ltr'><strong>η,</strong></span> 
     </span>
    </p>
   </div>
   <div class='ocr_carea' id='block_1_45' title="bbox 249 3029 1830 3097">
    <p class='ocr_par' dir='ltr' id='par_1_45' title="bbox 249 3029 1830 3097">
     <span class='ocr_line' id='line_1_45' title="bbox 249 3029 1830 3097; baseline 0.008 -21"><span class='ocrx_word' id='word_1_311' title='bbox 249 3038 357 3076; x_wconf 90' lang='lat' dir='ltr'><strong>non</strong></span> <span class='ocrx_word' id='word_1_312' title='bbox 392 3036 734 3093; x_wconf 87' lang='lat' dir='ltr'><strong>sequentem,</strong></span> <span class='ocrx_word' id='word_1_313' title='bbox 766 3029 977 3097; x_wconf 89' lang='lat' dir='ltr'><strong>ipsique</strong></span> <span class='ocrx_word' id='word_1_314' title='bbox 1006 3034 1282 3096; x_wconf 86' lang='lat' dir='ltr'><strong>comitem,</strong></span> <span class='ocrx_word' id='word_1_315' title='bbox 1353 3033 1448 3087; x_wconf 91' lang='lat' dir='ltr'><strong>sed</strong></span> <span class='ocrx_word' id='word_1_316' title='bbox 1498 3035 1551 3086; x_wconf 92' lang='lat' dir='ltr'><strong>iu</strong></span> <span class='ocrx_word' id='word_1_317' title='bbox 1600 3050 1664 3088; x_wconf 90' lang='lat' dir='ltr'><strong>eo</strong></span> <span class='ocrx_word' id='word_1_318' title='bbox 1714 3052 1830 3089; x_wconf 91' lang='lat' dir='ltr'><strong>ma-</strong></span> 
     </span>
    </p>
   </div>
   <div class='ocr_carea' id='block_1_46' title="bbox 250 3118 1825 3190">
    <p class='ocr_par' dir='ltr' id='par_1_46' title="bbox 250 3118 1825 3190">
     <span class='ocr_line' id='line_1_46' title="bbox 250 3118 1825 3190; baseline 0.008 -20"><span class='ocrx_word' id='word_1_319' title='bbox 250 3125 496 3179; x_wconf 87' lang='lat' dir='ltr'><strong>nentem,</strong></span> <span class='ocrx_word' id='word_1_320' title='bbox 522 3118 806 3172; x_wconf 85' lang='lat' dir='ltr'><strong>Christum</strong></span> <span class='ocrx_word' id='word_1_321' title='bbox 840 3122 961 3173; x_wconf 74' lang='lat' dir='ltr'><strong>vita:</strong></span> <span class='ocrx_word' id='word_1_322' title='bbox 992 3123 1179 3177; x_wconf 87' lang='lat' dir='ltr'><strong>latices</strong></span> <span class='ocrx_word' id='word_1_323' title='bbox 1208 3133 1542 3190; x_wconf 87' lang='lat' dir='ltr'><strong>manantem,</strong></span> <span class='ocrx_word' id='word_1_324' title='bbox 1574 3127 1825 3182; x_wconf 84' lang='lat' dir='ltr'><strong>habebat.</strong></span> 
     </span>
    </p>
   </div>
   <div class='ocr_carea' id='block_1_47' title="bbox 252 3208 1829 3290">
    <p class='ocr_par' dir='ltr' id='par_1_47' title="bbox 252 3208 1829 3290">
     <span class='ocr_line' id='line_1_47' title="bbox 252 3208 1829 3290; baseline 0.01 -30"><span class='ocrx_word' id='word_1_325' title='bbox 252 3208 485 3277; x_wconf 78' lang='lat' dir='ltr'><strong>Lignum</strong></span> <span class='ocrx_word' id='word_1_326' title='bbox 523 3225 744 3278; x_wconf 84' lang='lat' dir='ltr'><strong>quoque</strong></span> <span class='ocrx_word' id='word_1_327' title='bbox 796 3212 1050 3277; x_wconf 83' lang='lat' dir='ltr'><strong>eﬂicitur,</strong></span> <span class='ocrx_word' id='word_1_328' title='bbox 1087 3216 1235 3281; x_wconf 91' lang='lat' dir='ltr'><strong>potui</strong></span> <span class='ocrx_word' id='word_1_329' title='bbox 1274 3217 1519 3271; x_wconf 87' lang='lat' dir='ltr'><strong>inutilem</strong></span> <span class='ocrx_word' id='word_1_330' title='bbox 1540 3220 1606 3283; x_wconf 85' lang='grc'><strong>¹²,</strong></span> <span class='ocrx_word' id='word_1_331' title='bbox 1667 3231 1829 3290; x_wconf 83' lang='lat' dir='ltr'><strong>atque</strong></span> 
     </span>
    </p>
   </div>
   <div class='ocr_carea' id='block_1_48' title="bbox 252 3304 1826 3369">
    <p class='ocr_par' dir='ltr' id='par_1_48' title="bbox 252 3304 1826 3369">
     <span class='ocr_line' id='line_1_48' title="bbox 252 3304 1826 3369; baseline 0.009 -17"><span class='ocrx_word' id='word_1_332' title='bbox 252 3317 497 3353; x_wconf 82' lang='lat' dir='ltr'><strong>amaram</strong></span> <span class='ocrx_word' id='word_1_333' title='bbox 533 3304 811 3355; x_wconf 65' lang='lat' dir='ltr'><strong>haerescon</strong></span> <span class='ocrx_word' id='word_1_334' title='bbox 846 3304 1173 3369; x_wconf 88' lang='lat' dir='ltr'><strong>doctrinam,</strong></span> <span class='ocrx_word' id='word_1_335' title='bbox 1204 3307 1259 3360; x_wconf 90' lang='lat' dir='ltr'><strong>in</strong></span> <span class='ocrx_word' id='word_1_336' title='bbox 1294 3319 1453 3362; x_wconf 68' lang='lat' dir='ltr'><strong>rectae</strong></span> <span class='ocrx_word' id='word_1_337' title='bbox 1488 3311 1609 3365; x_wconf 89' lang='lat' dir='ltr'><strong>fidei</strong></span> <span class='ocrx_word' id='word_1_338' title='bbox 1642 3311 1826 3365; x_wconf 88' lang='lat' dir='ltr'><strong>dulce-</strong></span> 
     </span>
    </p>
   </div>
   <div class='ocr_carea' id='block_1_49' title="bbox 249 3394 1825 3457">
    <p class='ocr_par' dir='ltr' id='par_1_49' title="bbox 249 3394 1825 3457">
     <span class='ocr_line' id='line_1_49' title="bbox 249 3394 1825 3457; baseline 0.006 -11"><span class='ocrx_word' id='word_1_339' title='bbox 249 3395 434 3447; x_wconf 85' lang='lat' dir='ltr'><strong>dinctn</strong></span> <span class='ocrx_word' id='word_1_340' title='bbox 469 3408 712 3450; x_wconf 81' lang='lat' dir='ltr'><strong>mutans.</strong></span> <span class='ocrx_word' id='word_1_341' title='bbox 738 3394 988 3451; x_wconf 72' lang='lat' dir='ltr'><strong>Manibus</strong></span> <span class='ocrx_word' id='word_1_342' title='bbox 1018 3408 1200 3452; x_wconf 87' lang='lat' dir='ltr'><strong>autem</strong></span> <span class='ocrx_word' id='word_1_343' title='bbox 1232 3415 1337 3453; x_wconf 92' lang='lat' dir='ltr'><strong>non</strong></span> <span class='ocrx_word' id='word_1_344' title='bbox 1369 3400 1604 3455; x_wconf 86' lang='lat' dir='ltr'><strong>interdiu</strong></span> <span class='ocrx_word' id='word_1_345' title='bbox 1634 3412 1825 3457; x_wconf 73' lang='lat' dir='ltr'><strong>exten-</strong></span> 
     </span>
    </p>
   </div>
   <div class='ocr_carea' id='block_1_50' title="bbox 250 3489 1829 3567">
    <p class='ocr_par' dir='ltr' id='par_1_50' title="bbox 250 3489 1829 3567">
     <span class='ocr_line' id='line_1_50' title="bbox 250 3489 1829 3567; baseline 0.007 -25"><span class='ocrx_word' id='word_1_346' title='bbox 250 3489 349 3551; x_wconf 88' lang='lat' dir='ltr'><strong>sis,</strong></span> <span class='ocrx_word' id='word_1_347' title='bbox 426 3504 491 3542; x_wconf 88' lang='lat' dir='ltr'><strong>ac</strong></span> <span class='ocrx_word' id='word_1_348' title='bbox 546 3506 669 3558; x_wconf 64' lang='lat' dir='ltr'><strong>qua:</strong></span> <span class='ocrx_word' id='word_1_349' title='bbox 719 3507 913 3558; x_wconf 79' lang='lat' dir='ltr'><strong>graves</strong></span> <span class='ocrx_word' id='word_1_350' title='bbox 969 3494 1425 3561; x_wconf 83' lang='lat' dir='ltr'><strong>deprimerentur,</strong></span> <span class='ocrx_word' id='word_1_351' title='bbox 1486 3497 1829 3567; x_wconf 89' lang='lat' dir='ltr'><strong>aliorumque</strong></span> 
     </span>
    </p>
   </div>
   <div class='ocr_carea' id='block_1_51' title="bbox 249 3584 1827 3650">
    <p class='ocr_par' dir='ltr' id='par_1_51' title="bbox 249 3584 1827 3650">
     <span class='ocr_line' id='line_1_51' title="bbox 249 3584 1827 3650; baseline 0.006 -16"><span class='ocrx_word' id='word_1_352' title='bbox 249 3596 419 3650; x_wconf 78' lang='lat' dir='ltr'><strong>opera</strong></span> <span class='ocrx_word' id='word_1_353' title='bbox 449 3584 745 3637; x_wconf 86' lang='lat' dir='ltr'><strong>sustentari</strong></span> <span class='ocrx_word' id='word_1_354' title='bbox 781 3584 1069 3649; x_wconf 83' lang='lat' dir='ltr'><strong>deberent;</strong></span> <span class='ocrx_word' id='word_1_355' title='bbox 1108 3586 1199 3641; x_wconf 88' lang='lat' dir='ltr'><strong>sed</strong></span> <span class='ocrx_word' id='word_1_356' title='bbox 1234 3598 1413 3642; x_wconf 88' lang='lat' dir='ltr'><strong>mente</strong></span> <span class='ocrx_word' id='word_1_357' title='bbox 1450 3588 1501 3641; x_wconf 92' lang='lat' dir='ltr'><strong>in</strong></span> <span class='ocrx_word' id='word_1_358' title='bbox 1538 3588 1827 3644; x_wconf 91' lang='lat' dir='ltr'><strong>Dominum</strong></span> 
     </span>
    </p>
   </div>
   <div class='ocr_carea' id='block_1_52' title="bbox 245 3674 1825 3744">
    <p class='ocr_par' dir='ltr' id='par_1_52' title="bbox 245 3674 1825 3744">
     <span class='ocr_line' id='line_1_52' title="bbox 245 3674 1825 3744; baseline 0.007 -19"><span class='ocrx_word' id='word_1_359' title='bbox 245 3677 449 3744; x_wconf 82' lang='lat' dir='ltr'><strong>jngiter</strong></span> <span class='ocrx_word' id='word_1_360' title='bbox 474 3674 689 3729; x_wconf 88' lang='lat' dir='ltr'><strong>sublata</strong></span> <span class='ocrx_word' id='word_1_361' title='bbox 760 3690 823 3729; x_wconf 89' lang='lat' dir='ltr'><strong>ac</strong></span> <span class='ocrx_word' id='word_1_362' title='bbox 848 3676 1163 3744; x_wconf 79' lang='lat' dir='ltr'><strong>excedente,</strong></span> <span class='ocrx_word' id='word_1_363' title='bbox 1191 3688 1302 3733; x_wconf 89' lang='lat' dir='ltr'><strong>tum</strong></span> <span class='ocrx_word' id='word_1_364' title='bbox 1332 3696 1515 3734; x_wconf 88' lang='lat' dir='ltr'><strong>verum</strong></span> <span class='ocrx_word' id='word_1_365' title='bbox 1549 3682 1825 3736; x_wconf 74' lang='lat' dir='ltr'><strong>suffulcie-</strong></span> 
     </span>
    </p>
   </div>
   <div class='ocr_carea' id='block_1_53' title="bbox 250 3766 1827 3844">
    <p class='ocr_par' dir='ltr' id='par_1_53' title="bbox 250 3766 1827 3844">
     <span class='ocr_line' id='line_1_53' title="bbox 250 3766 1827 3844; baseline 0.005 -22"><span class='ocrx_word' id='word_1_366' title='bbox 250 3770 342 3822; x_wconf 82' lang='lat' dir='ltr'><strong>bat</strong></span> <span class='ocrx_word' id='word_1_367' title='bbox 404 3766 691 3832; x_wconf 77' lang='lat' dir='ltr'><strong>Israelem,</strong></span> <span class='ocrx_word' id='word_1_368' title='bbox 756 3777 869 3822; x_wconf 92' lang='lat' dir='ltr'><strong>tum</strong></span> <span class='ocrx_word' id='word_1_369' title='bbox 930 3784 1116 3824; x_wconf 89' lang='lat' dir='ltr'><strong>verum</strong></span> <span class='ocrx_word' id='word_1_370' title='bbox 1185 3772 1443 3827; x_wconf 81' lang='lat' dir='ltr'><strong>fundebat</strong></span> <span class='ocrx_word' id='word_1_371' title='bbox 1501 3774 1827 3844; x_wconf 75' lang='lat' dir='ltr'><strong>fugabatque</strong></span> 
     </span>
    </p>
   </div>
   <div class='ocr_carea' id='block_1_54' title="bbox 249 3860 559 3914">
    <p class='ocr_par' dir='ltr' id='par_1_54' title="bbox 249 3860 559 3914">
     <span class='ocr_line' id='line_1_54' title="bbox 249 3860 559 3914; baseline 0 -1"><span class='ocrx_word' id='word_1_372' title='bbox 249 3861 477 3914; x_wconf 79' lang='lat' dir='ltr'><strong>Amalec</strong></span> <span class='ocrx_word' id='word_1_373' title='bbox 491 3860 559 3913; x_wconf 79' lang='lat'><strong>&quot;.</strong></span> 
     </span>
    </p>
   </div>
   <div class='ocr_carea' id='block_1_55' title="bbox 319 3955 1829 4025">
    <p class='ocr_par' dir='ltr' id='par_1_55' title="bbox 319 3955 1829 4025">
     <span class='ocr_line' id='line_1_55' title="bbox 319 3955 1829 4025; baseline 0.006 -20"><span class='ocrx_word' id='word_1_374' title='bbox 319 3955 434 4007; x_wconf 82' lang='lat' dir='ltr'><strong>Alit</strong></span> <span class='ocrx_word' id='word_1_375' title='bbox 479 3963 684 4018; x_wconf 86' lang='lat' dir='ltr'><strong>autem,</strong></span> <span class='ocrx_word' id='word_1_376' title='bbox 739 3971 846 4009; x_wconf 92' lang='lat' dir='ltr'><strong>non</strong></span> <span class='ocrx_word' id='word_1_377' title='bbox 897 3972 1035 4025; x_wconf 90' lang='lat' dir='ltr'><strong>pane</strong></span> <span class='ocrx_word' id='word_1_378' title='bbox 1080 3956 1173 4025; x_wconf 90' lang='lat' dir='ltr'><strong>qui</strong></span> <span class='ocrx_word' id='word_1_379' title='bbox 1233 3958 1406 4025; x_wconf 88' lang='lat' dir='ltr'><strong>prima</strong></span> <span class='ocrx_word' id='word_1_380' title='bbox 1443 3959 1563 4013; x_wconf 90' lang='lat' dir='ltr'><strong>luce</strong></span> <span class='ocrx_word' id='word_1_381' title='bbox 1601 3975 1632 4014; x_wconf 90' lang='lat' dir='ltr'><strong>e</strong></span> <span class='ocrx_word' id='word_1_382' title='bbox 1691 3961 1829 4015; x_wconf 74' lang='lat' dir='ltr'><strong>ccelo</strong></span> 
     </span>
    </p>
   </div>
   <div class='ocr_carea' id='block_1_56' title="bbox 249 4047 1831 4120">
    <p class='ocr_par' dir='ltr' id='par_1_56' title="bbox 249 4047 1831 4120">
     <span class='ocr_line' id='line_1_56' title="bbox 249 4047 1831 4120; baseline 0.004 -21"><span class='ocrx_word' id='word_1_383' title='bbox 249 4047 470 4115; x_wconf 86' lang='lat' dir='ltr'><strong>pluens,</strong></span> <span class='ocrx_word' id='word_1_384' title='bbox 535 4047 839 4115; x_wconf 89' lang='lat' dir='ltr'><strong>plusculum</strong></span> <span class='ocrx_word' id='word_1_385' title='bbox 881 4050 1209 4103; x_wconf 88' lang='lat' dir='ltr'><strong>ascendente</strong></span> <span class='ocrx_word' id='word_1_386' title='bbox 1262 4050 1375 4103; x_wconf 88' lang='lat' dir='ltr'><strong>sole</strong></span> <span class='ocrx_word' id='word_1_387' title='bbox 1410 4065 1532 4103; x_wconf 83' lang='lat' dir='ltr'><strong>mox</strong></span> <span class='ocrx_word' id='word_1_388' title='bbox 1566 4052 1831 4120; x_wconf 85' lang='lat' dir='ltr'><strong>collique-</strong></span> 
     </span>
    </p>
   </div>
   <div class='ocr_carea' id='block_1_57' title="bbox 252 4142 1832 4214">
    <p class='ocr_par' dir='ltr' id='par_1_57' title="bbox 252 4142 1832 4214">
     <span class='ocr_line' id='line_1_57' title="bbox 252 4142 1832 4214; baseline 0.003 -17"><span class='ocrx_word' id='word_1_389' title='bbox 252 4153 370 4197; x_wconf 88' lang='lat' dir='ltr'><strong>scat</strong></span> <span class='ocrx_word' id='word_1_390' title='bbox 387 4142 472 4207; x_wconf 73' lang='lat'><strong>&quot;;</strong></span> <span class='ocrx_word' id='word_1_391' title='bbox 512 4157 611 4195; x_wconf 89' lang='lat' dir='ltr'><strong>nec</strong></span> <span class='ocrx_word' id='word_1_392' title='bbox 639 4143 817 4196; x_wconf 82' lang='lat' dir='ltr'><strong>avium</strong></span> <span class='ocrx_word' id='word_1_393' title='bbox 854 4143 1110 4198; x_wconf 90' lang='lat' dir='ltr'><strong>carnibus</strong></span> <span class='ocrx_word' id='word_1_394' title='bbox 1142 4144 1410 4198; x_wconf 88' lang='lat' dir='ltr'><strong>immensa</strong></span> <span class='ocrx_word' id='word_1_395' title='bbox 1451 4146 1605 4214; x_wconf 91' lang='lat' dir='ltr'><strong>copia</strong></span> <span class='ocrx_word' id='word_1_396' title='bbox 1640 4146 1832 4202; x_wconf 90' lang='lat' dir='ltr'><strong>imbris</strong></span> 
     </span>
    </p>
   </div>
   <div class='ocr_carea' id='block_1_58' title="bbox 252 4233 1831 4301">
    <p class='ocr_par' dir='ltr' id='par_1_58' title="bbox 252 4233 1831 4301">
     <span class='ocr_line' id='line_1_58' title="bbox 252 4233 1831 4301; baseline 0.002 -15"><span class='ocrx_word' id='word_1_397' title='bbox 252 4234 429 4288; x_wconf 90' lang='lat' dir='ltr'><strong>instar</strong></span> <span class='ocrx_word' id='word_1_398' title='bbox 480 4233 889 4301; x_wconf 84' lang='lat' dir='ltr'><strong>depluentium,</strong></span> <span class='ocrx_word' id='word_1_399' title='bbox 947 4233 1040 4286; x_wconf 85' lang='lat' dir='ltr'><strong>sed</strong></span> <span class='ocrx_word' id='word_1_400' title='bbox 1102 4249 1420 4289; x_wconf 88' lang='lat' dir='ltr'><strong>sermonum</strong></span> <span class='ocrx_word' id='word_1_401' title='bbox 1502 4234 1831 4290; x_wconf 87' lang='lat' dir='ltr'><strong>abundantia</strong></span> 
     </span>
    </p>
   </div>
   <div class='ocr_carea' id='block_1_59' title="bbox 252 4325 1832 4395">
    <p class='ocr_par' dir='ltr' id='par_1_59' title="bbox 252 4325 1832 4395">
     <span class='ocr_line' id='line_1_59' title="bbox 252 4325 1832 4395; baseline 0.003 -17"><span class='ocrx_word' id='word_1_402' title='bbox 252 4339 418 4395; x_wconf 86' lang='lat' dir='ltr'><strong>atque</strong></span> <span class='ocrx_word' id='word_1_403' title='bbox 455 4326 542 4386; x_wconf 87' lang='lat' dir='ltr'><strong>vi;</strong></span> <span class='ocrx_word' id='word_1_404' title='bbox 575 4334 682 4377; x_wconf 87' lang='lat' dir='ltr'><strong>tum</strong></span> <span class='ocrx_word' id='word_1_405' title='bbox 710 4340 901 4393; x_wconf 90' lang='lat' dir='ltr'><strong>nempe</strong></span> <span class='ocrx_word' id='word_1_406' title='bbox 941 4325 1111 4394; x_wconf 86' lang='lat' dir='ltr'><strong>magis</strong></span> <span class='ocrx_word' id='word_1_407' title='bbox 1142 4327 1466 4395; x_wconf 89' lang='lat' dir='ltr'><strong>spiritalium</strong></span> <span class='ocrx_word' id='word_1_408' title='bbox 1524 4342 1587 4381; x_wconf 87' lang='lat' dir='ltr'><strong>ac</strong></span> <span class='ocrx_word' id='word_1_409' title='bbox 1618 4329 1832 4382; x_wconf 92' lang='lat' dir='ltr'><strong>divino-</strong></span> 
     </span>
    </p>
   </div>
   <div class='ocr_carea' id='block_1_60' title="bbox 254 4417 1829 4486">
    <p class='ocr_par' dir='ltr' id='par_1_60' title="bbox 254 4417 1829 4486">
     <span class='ocr_line' id='line_1_60' title="bbox 254 4417 1829 4486; baseline 0 -15"><span class='ocrx_word' id='word_1_410' title='bbox 254 4435 400 4483; x_wconf 88' lang='lat' dir='ltr'><strong>rum,</strong></span> <span class='ocrx_word' id='word_1_411' title='bbox 430 4432 571 4486; x_wconf 84' lang='lat' dir='ltr'><strong>eque</strong></span> <span class='ocrx_word' id='word_1_412' title='bbox 608 4432 850 4477; x_wconf 89' lang='lat' dir='ltr'><strong>sursum,</strong></span> <span class='ocrx_word' id='word_1_413' title='bbox 881 4426 1042 4485; x_wconf 89' lang='lat' dir='ltr'><strong>atque</strong></span> <span class='ocrx_word' id='word_1_414' title='bbox 1086 4417 1346 4485; x_wconf 83' lang='lat' dir='ltr'><strong>sapientia</strong></span> <span class='ocrx_word' id='word_1_415' title='bbox 1374 4434 1495 4485; x_wconf 79' lang='lat' dir='ltr'><strong>qtne</strong></span> <span class='ocrx_word' id='word_1_416' title='bbox 1516 4417 1581 4471; x_wconf 87' lang='lat' dir='ltr'><strong>de</strong></span> <span class='ocrx_word' id='word_1_417' title='bbox 1612 4434 1829 4471; x_wconf 89' lang='lat' dir='ltr'><strong>sursum</strong></span> 
     </span>
    </p>
   </div>
   <div class='ocr_carea' id='block_1_61' title="bbox 252 4508 1827 4579">
    <p class='ocr_par' dir='ltr' id='par_1_61' title="bbox 252 4508 1827 4579">
     <span class='ocr_line' id='line_1_61' title="bbox 252 4508 1827 4579; baseline -0.001 -14"><span class='ocrx_word' id='word_1_418' title='bbox 252 4521 356 4568; x_wconf 74' lang='lat' dir='ltr'><strong>est,</strong></span> <span class='ocrx_word' id='word_1_419' title='bbox 416 4508 868 4564; x_wconf 85' lang='lat' dir='ltr'><strong>subministrante</strong></span> <span class='ocrx_word' id='word_1_420' title='bbox 922 4510 1360 4577; x_wconf 83' lang='lat' dir='ltr'><strong>suppetentiutn;</strong></span> <span class='ocrx_word' id='word_1_421' title='bbox 1418 4521 1531 4563; x_wconf 88' lang='lat' dir='ltr'><strong>tum</strong></span> <span class='ocrx_word' id='word_1_422' title='bbox 1570 4527 1827 4579; x_wconf 83' lang='lat' dir='ltr'><strong>corpora-</strong></span> 
     </span>
    </p>
   </div>
   <div class='ocr_carea' id='block_1_62' title="bbox 1929 2006 3496 2088">
    <p class='ocr_par' dir='ltr' id='par_1_62' title="bbox 1929 2006 3496 2088">
     <span class='ocr_line' id='line_1_62' title="bbox 1929 2006 3496 2088; baseline -0.002 -16"><span class='ocrx_word' id='word_1_423' title='bbox 1929 2035 2054 2073; x_wconf 85' lang='lat' dir='ltr'><strong>vere</strong></span> <span class='ocrx_word' id='word_1_424' title='bbox 2078 2006 2305 2088; x_wconf 75' lang='lat' dir='ltr'><strong>gloriam</strong></span> <span class='ocrx_word' id='word_1_425' title='bbox 2339 2018 2615 2072; x_wconf 84' lang='lat' dir='ltr'><strong>contuitus</strong></span> <span class='ocrx_word' id='word_1_426' title='bbox 2646 2027 2748 2079; x_wconf 88' lang='lat' dir='ltr'><strong>est,</strong></span> <span class='ocrx_word' id='word_1_427' title='bbox 2784 2020 2978 2071; x_wconf 86' lang='lat' dir='ltr'><strong>nedum</strong></span> <span class='ocrx_word' id='word_1_428' title='bbox 3018 2019 3379 2087; x_wconf 85' lang='lat' dir='ltr'><strong>posteriorum</strong></span> <span class='ocrx_word' id='word_1_429' title='bbox 3403 2017 3496 2069; x_wconf 88' lang='lat' dir='ltr'><strong>Dei</strong></span> 
     </span>
    </p>
   </div>
   <div class='ocr_carea' id='block_1_63' title="bbox 1929 2107 3498 2178">
    <p class='ocr_par' dir='ltr' id='par_1_63' title="bbox 1929 2107 3498 2178">
     <span class='ocr_line' id='line_1_63' title="bbox 1929 2107 3498 2178; baseline -0.002 -15"><span class='ocrx_word' id='word_1_430' title='bbox 1929 2112 2149 2178; x_wconf 85' lang='lat' dir='ltr'><strong>(quibus</strong></span> <span class='ocrx_word' id='word_1_431' title='bbox 2176 2126 2203 2162; x_wconf 91' lang='lat' dir='ltr'><strong>a</strong></span> <span class='ocrx_word' id='word_1_432' title='bbox 2233 2110 2337 2161; x_wconf 89' lang='lat' dir='ltr'><strong>Deo</strong></span> <span class='ocrx_word' id='word_1_433' title='bbox 2380 2111 2636 2175; x_wconf 83' lang='lat' dir='ltr'><strong>secunda,</strong></span> <span class='ocrx_word' id='word_1_434' title='bbox 2671 2110 2873 2177; x_wconf 90' lang='lat' dir='ltr'><strong>illoque</strong></span> <span class='ocrx_word' id='word_1_435' title='bbox 2904 2118 3127 2162; x_wconf 88' lang='lat' dir='ltr'><strong>auctore</strong></span> <span class='ocrx_word' id='word_1_436' title='bbox 3156 2108 3373 2161; x_wconf 90' lang='lat' dir='ltr'><strong>condita</strong></span> <span class='ocrx_word' id='word_1_437' title='bbox 3402 2107 3498 2161; x_wconf 89' lang='lat' dir='ltr'><strong>ob-</strong></span> 
     </span>
    </p>
   </div>
   <div class='ocr_carea' id='block_1_64' title="bbox 1927 2199 3499 2273">
    <p class='ocr_par' dir='ltr' id='par_1_64' title="bbox 1927 2199 3499 2273">
     <span class='ocr_line' id='line_1_64' title="bbox 1927 2199 3499 2273; baseline -0.006 -13"><span class='ocrx_word' id='word_1_438' title='bbox 1927 2222 2085 2261; x_wconf 89' lang='lat' dir='ltr'><strong>scure</strong></span> <span class='ocrx_word' id='word_1_439' title='bbox 2115 2205 2537 2273; x_wconf 86' lang='lat' dir='ltr'><strong>significantur),</strong></span> <span class='ocrx_word' id='word_1_440' title='bbox 2561 2219 2746 2257; x_wconf 89' lang='lat' dir='ltr'><strong>verum</strong></span> <span class='ocrx_word' id='word_1_441' title='bbox 2778 2204 2941 2258; x_wconf 90' lang='lat' dir='ltr'><strong>etiam</strong></span> <span class='ocrx_word' id='word_1_442' title='bbox 2975 2203 3053 2271; x_wconf 91' lang='lat' dir='ltr'><strong>(ui</strong></span> <span class='ocrx_word' id='word_1_443' title='bbox 3099 2201 3388 2254; x_wconf 87' lang='lat' dir='ltr'><strong>audentius</strong></span> <span class='ocrx_word' id='word_1_444' title='bbox 3415 2199 3499 2251; x_wconf 83' lang='lat' dir='ltr'><strong>lo-</strong></span> 
     </span>
    </p>
   </div>
   <div class='ocr_carea' id='block_1_65' title="bbox 1929 2289 3498 2366">
    <p class='ocr_par' dir='ltr' id='par_1_65' title="bbox 1929 2289 3498 2366">
     <span class='ocr_line' id='line_1_65' title="bbox 1929 2289 3498 2366; baseline -0.006 -17"><span class='ocrx_word' id='word_1_445' title='bbox 1929 2298 2092 2366; x_wconf 91' lang='lat' dir='ltr'><strong>quor)</strong></span> <span class='ocrx_word' id='word_1_446' title='bbox 2149 2295 2585 2359; x_wconf 81' lang='lat' dir='ltr'><strong>anteriorum&quot;;</strong></span> <span class='ocrx_word' id='word_1_447' title='bbox 2618 2295 2820 2362; x_wconf 89' lang='lat' dir='ltr'><strong>ipsius,</strong></span> <span class='ocrx_word' id='word_1_448' title='bbox 2877 2294 3119 2360; x_wconf 91' lang='lat' dir='ltr'><strong>inquam,</strong></span> <span class='ocrx_word' id='word_1_449' title='bbox 3180 2289 3498 2344; x_wconf 80' lang='lat' dir='ltr'><strong>exsistentia</strong></span> 
     </span>
    </p>
   </div>
   <div class='ocr_carea' id='block_1_66' title="bbox 1929 2381 3495 2459">
    <p class='ocr_par' dir='ltr' id='par_1_66' title="bbox 1929 2381 3495 2459">
     <span class='ocr_line' id='line_1_66' title="bbox 1929 2381 3495 2459; baseline -0.005 -19"><span class='ocrx_word' id='word_1_450' title='bbox 1929 2390 2223 2459; x_wconf 70' lang='lat' dir='ltr'><strong>praeeuntis</strong></span> <span class='ocrx_word' id='word_1_451' title='bbox 2254 2403 2419 2456; x_wconf 88' lang='lat' dir='ltr'><strong>supra</strong></span> <span class='ocrx_word' id='word_1_452' title='bbox 2442 2402 2605 2455; x_wconf 91' lang='lat' dir='ltr'><strong>quam</strong></span> <span class='ocrx_word' id='word_1_453' title='bbox 2646 2387 2881 2455; x_wconf 82' lang='lat' dir='ltr'><strong>ignotam</strong></span> <span class='ocrx_word' id='word_1_454' title='bbox 2915 2384 3200 2437; x_wconf 88' lang='lat' dir='ltr'><strong>infinitatis</strong></span> <span class='ocrx_word' id='word_1_455' title='bbox 3228 2381 3495 2436; x_wconf 90' lang='lat' dir='ltr'><strong>notitiam.</strong></span> 
     </span>
    </p>
   </div>
   <div class='ocr_carea' id='block_1_67' title="bbox 1931 2472 3502 2541">
    <p class='ocr_par' dir='ltr' id='par_1_67' title="bbox 1931 2472 3502 2541">
     <span class='ocr_line' id='line_1_67' title="bbox 1931 2472 3502 2541; baseline -0.008 -5"><span class='ocrx_word' id='word_1_456' title='bbox 1931 2481 2074 2536; x_wconf 88' lang='lat' dir='ltr'><strong>Vidit</strong></span> <span class='ocrx_word' id='word_1_457' title='bbox 2106 2490 2285 2533; x_wconf 89' lang='lat' dir='ltr'><strong>autem</strong></span> <span class='ocrx_word' id='word_1_458' title='bbox 2347 2478 2439 2533; x_wconf 84' lang='lat' dir='ltr'><strong>Dei</strong></span> <span class='ocrx_word' id='word_1_459' title='bbox 2484 2479 2812 2539; x_wconf 89' lang='lat' dir='ltr'><strong>claritatem,</strong></span> <span class='ocrx_word' id='word_1_460' title='bbox 2876 2492 2982 2529; x_wconf 92' lang='lat' dir='ltr'><strong>non</strong></span> <span class='ocrx_word' id='word_1_461' title='bbox 3036 2476 3185 2529; x_wconf 91' lang='lat' dir='ltr'><strong>brevi</strong></span> <span class='ocrx_word' id='word_1_462' title='bbox 3244 2472 3502 2541; x_wconf 85' lang='lat' dir='ltr'><strong>temporis</strong></span> 
     </span>
    </p>
   </div>
   <div class='ocr_carea' id='block_1_68' title="bbox 1929 2566 3499 2640">
    <p class='ocr_par' dir='ltr' id='par_1_68' title="bbox 1929 2566 3499 2640">
     <span class='ocr_line' id='line_1_68' title="bbox 1929 2566 3499 2640; baseline -0.008 -12"><span class='ocrx_word' id='word_1_463' title='bbox 1929 2576 2138 2629; x_wconf 84' lang='lat' dir='ltr'><strong>merula</strong></span> <span class='ocrx_word' id='word_1_464' title='bbox 2175 2574 2369 2625; x_wconf 86' lang='lat' dir='ltr'><strong>factam</strong></span> <span class='ocrx_word' id='word_1_465' title='bbox 2418 2571 2792 2640; x_wconf 88' lang='lat' dir='ltr'><strong>conspicuam,</strong></span> <span class='ocrx_word' id='word_1_466' title='bbox 2844 2571 3062 2637; x_wconf 86' lang='lat' dir='ltr'><strong>citoque</strong></span> <span class='ocrx_word' id='word_1_467' title='bbox 3098 2566 3499 2627; x_wconf 89' lang='lat' dir='ltr'><strong>abscedentem,</strong></span> 
     </span>
    </p>
   </div>
   <div class='ocr_carea' id='block_1_69' title="bbox 1929 2656 3499 2734">
    <p class='ocr_par' dir='ltr' id='par_1_69' title="bbox 1929 2656 3499 2734">
     <span class='ocr_line' id='line_1_69' title="bbox 1929 2656 3499 2734; baseline -0.008 -13"><span class='ocrx_word' id='word_1_468' title='bbox 1929 2666 2022 2721; x_wconf 89' lang='lat' dir='ltr'><strong>sed</strong></span> <span class='ocrx_word' id='word_1_469' title='bbox 2064 2679 2186 2734; x_wconf 60' lang='lat' dir='ltr'><strong>quas</strong></span> <span class='ocrx_word' id='word_1_470' title='bbox 2236 2678 2453 2733; x_wconf 89' lang='lat' dir='ltr'><strong>semper</strong></span> <span class='ocrx_word' id='word_1_471' title='bbox 2511 2664 2579 2716; x_wconf 91' lang='lat' dir='ltr'><strong>ita</strong></span> <span class='ocrx_word' id='word_1_472' title='bbox 2615 2661 2925 2728; x_wconf 83' lang='lat' dir='ltr'><strong>consistat:</strong></span> <span class='ocrx_word' id='word_1_473' title='bbox 2959 2675 3058 2713; x_wconf 87' lang='lat' dir='ltr'><strong>nec</strong></span> <span class='ocrx_word' id='word_1_474' title='bbox 3085 2660 3235 2712; x_wconf 82' lang='lat' dir='ltr'><strong>velut</strong></span> <span class='ocrx_word' id='word_1_475' title='bbox 3292 2658 3402 2720; x_wconf 91' lang='lat' dir='ltr'><strong>ille,</strong></span> <span class='ocrx_word' id='word_1_476' title='bbox 3446 2656 3499 2709; x_wconf 92' lang='lat' dir='ltr'><strong>in</strong></span> 
     </span>
    </p>
   </div>
   <div class='ocr_carea' id='block_1_70' title="bbox 1931 2746 3503 2827">
    <p class='ocr_par' dir='ltr' id='par_1_70' title="bbox 1931 2746 3503 2827">
     <span class='ocr_line' id='line_1_70' title="bbox 1931 2746 3503 2827; baseline -0.009 -16"><span class='ocrx_word' id='word_1_477' title='bbox 1931 2766 2099 2827; x_wconf 75' lang='lat' dir='ltr'><strong>petrae</strong></span> <span class='ocrx_word' id='word_1_478' title='bbox 2145 2764 2427 2825; x_wconf 88' lang='lat' dir='ltr'><strong>protectus</strong></span> <span class='ocrx_word' id='word_1_479' title='bbox 2457 2753 2745 2816; x_wconf 87' lang='lat' dir='ltr'><strong>foramine,</strong></span> <span class='ocrx_word' id='word_1_480' title='bbox 2778 2752 2869 2807; x_wconf 89' lang='lat' dir='ltr'><strong>sed</strong></span> <span class='ocrx_word' id='word_1_481' title='bbox 2918 2752 2970 2803; x_wconf 88' lang='lat' dir='ltr'><strong>in</strong></span> <span class='ocrx_word' id='word_1_482' title='bbox 3022 2749 3302 2818; x_wconf 86' lang='lat' dir='ltr'><strong>unigenito</strong></span> <span class='ocrx_word' id='word_1_483' title='bbox 3324 2746 3503 2798; x_wconf 82' lang='lat' dir='ltr'><strong>Verbo</strong></span> 
     </span>
    </p>
   </div>
   <div class='ocr_carea' id='block_1_71' title="bbox 1930 2837 3505 2919">
    <p class='ocr_par' dir='ltr' id='par_1_71' title="bbox 1930 2837 3505 2919">
     <span class='ocr_line' id='line_1_71' title="bbox 1930 2837 3505 2919; baseline -0.007 -19"><span class='ocrx_word' id='word_1_484' title='bbox 1930 2859 2214 2919; x_wconf 87' lang='lat' dir='ltr'><strong>paternam</strong></span> <span class='ocrx_word' id='word_1_485' title='bbox 2244 2858 2511 2900; x_wconf 80' lang='lat' dir='ltr'><strong>contuens</strong></span> <span class='ocrx_word' id='word_1_486' title='bbox 2535 2845 2787 2915; x_wconf 83' lang='lat' dir='ltr'><strong>gloriam,</strong></span> <span class='ocrx_word' id='word_1_487' title='bbox 2820 2843 2872 2896; x_wconf 90' lang='lat' dir='ltr'><strong>in</strong></span> <span class='ocrx_word' id='word_1_488' title='bbox 2911 2840 3035 2895; x_wconf 85' lang='lat' dir='ltr'><strong>Filii</strong></span> <span class='ocrx_word' id='word_1_489' title='bbox 3070 2839 3273 2908; x_wconf 90' lang='lat' dir='ltr'><strong>Spiritu</strong></span> <span class='ocrx_word' id='word_1_490' title='bbox 3306 2837 3505 2890; x_wconf 80' lang='lat' dir='ltr'><strong>eximie</strong></span> 
     </span>
    </p>
   </div>
   <div class='ocr_carea' id='block_1_72' title="bbox 1930 2930 3503 3006">
    <p class='ocr_par' dir='ltr' id='par_1_72' title="bbox 1930 2930 3503 3006">
     <span class='ocr_line' id='line_1_72' title="bbox 1930 2930 3503 3006; baseline -0.009 -11"><span class='ocrx_word' id='word_1_491' title='bbox 1930 2941 2071 2995; x_wconf 81' lang='lat' dir='ltr'><strong>Filio</strong></span> <span class='ocrx_word' id='word_1_492' title='bbox 2102 2938 2577 3006; x_wconf 86' lang='lat' dir='ltr'><strong>circumfulgetur.</strong></span> <span class='ocrx_word' id='word_1_493' title='bbox 2619 2936 2761 2990; x_wconf 83' lang='lat' dir='ltr'><strong>Vidit</strong></span> <span class='ocrx_word' id='word_1_494' title='bbox 2788 2951 2909 3005; x_wconf 70' lang='lat' dir='ltr'><strong>qua:</strong></span> <span class='ocrx_word' id='word_1_495' title='bbox 2934 2950 3030 3004; x_wconf 87' lang='lat' dir='ltr'><strong>per</strong></span> <span class='ocrx_word' id='word_1_496' title='bbox 3066 2930 3503 2992; x_wconf 88' lang='lat' dir='ltr'><strong>tabernaculum,</strong></span> 
     </span>
    </p>
   </div>
   <div class='ocr_carea' id='block_1_73' title="bbox 1933 3025 3501 3104">
    <p class='ocr_par' dir='ltr' id='par_1_73' title="bbox 1933 3025 3501 3104">
     <span class='ocr_line' id='line_1_73' title="bbox 1933 3025 3501 3104; baseline -0.011 -14"><span class='ocrx_word' id='word_1_497' title='bbox 1933 3037 2098 3104; x_wconf 91' lang='lat' dir='ltr'><strong>inque</strong></span> <span class='ocrx_word' id='word_1_498' title='bbox 2142 3034 2236 3087; x_wconf 90' lang='lat' dir='ltr'><strong>illo</strong></span> <span class='ocrx_word' id='word_1_499' title='bbox 2289 3032 2525 3101; x_wconf 86' lang='lat' dir='ltr'><strong>reposita</strong></span> <span class='ocrx_word' id='word_1_500' title='bbox 2568 3045 2698 3084; x_wconf 85' lang='lat' dir='ltr'><strong>vasa</strong></span> <span class='ocrx_word' id='word_1_501' title='bbox 2733 3028 2961 3099; x_wconf 88' lang='lat' dir='ltr'><strong>mystice</strong></span> <span class='ocrx_word' id='word_1_502' title='bbox 3010 3025 3501 3094; x_wconf 78' lang='lat' dir='ltr'><strong>significabantur;</strong></span> 
     </span>
    </p>
   </div>
   <div class='ocr_carea' id='block_1_74' title="bbox 1931 3116 3505 3197">
    <p class='ocr_par' dir='ltr' id='par_1_74' title="bbox 1931 3116 3505 3197">
     <span class='ocr_line' id='line_1_74' title="bbox 1931 3116 3505 3197; baseline -0.01 -15"><span class='ocrx_word' id='word_1_503' title='bbox 1931 3130 2062 3197; x_wconf 91' lang='lat' dir='ltr'><strong>quin</strong></span> <span class='ocrx_word' id='word_1_504' title='bbox 2098 3127 2212 3195; x_wconf 89' lang='lat' dir='ltr'><strong>ipse</strong></span> <span class='ocrx_word' id='word_1_505' title='bbox 2240 3125 2421 3192; x_wconf 85' lang='lat' dir='ltr'><strong>potius</strong></span> <span class='ocrx_word' id='word_1_506' title='bbox 2474 3123 2626 3175; x_wconf 90' lang='lat' dir='ltr'><strong>vario</strong></span> <span class='ocrx_word' id='word_1_507' title='bbox 2650 3122 2915 3175; x_wconf 90' lang='lat' dir='ltr'><strong>virtutum</strong></span> <span class='ocrx_word' id='word_1_508' title='bbox 2943 3120 3091 3174; x_wconf 93' lang='lat' dir='ltr'><strong>cultu</strong></span> <span class='ocrx_word' id='word_1_509' title='bbox 3130 3116 3417 3171; x_wconf 88' lang='lat' dir='ltr'><strong>insolubile</strong></span> <span class='ocrx_word' id='word_1_510' title='bbox 3445 3128 3505 3168; x_wconf 88' lang='lat' dir='ltr'><strong>se</strong></span> 
     </span>
    </p>
   </div>
   <div class='ocr_carea' id='block_1_75' title="bbox 1854 3209 3502 3314">
    <p class='ocr_par' dir='ltr' id='par_1_75' title="bbox 1854 3209 3502 3314">
     <span class='ocr_line' id='line_1_75' title="bbox 1854 3209 3502 3314; baseline -0.011 -40"><span class='ocrx_word' id='word_1_511' title='bbox 1854 3253 1899 3314; x_wconf 60' lang='grc' dir='ltr'>Ο</span> <span class='ocrx_word' id='word_1_512' title='bbox 1936 3219 2348 3273; x_wconf 87' lang='lat' dir='ltr'><strong>tabernaculum</strong></span> <span class='ocrx_word' id='word_1_513' title='bbox 2388 3215 2497 3269; x_wconf 90' lang='lat' dir='ltr'><strong>Deo</strong></span> <span class='ocrx_word' id='word_1_514' title='bbox 2522 3214 2810 3275; x_wconf 77' lang='lat' dir='ltr'><strong>exhibens,</strong></span> <span class='ocrx_word' id='word_1_515' title='bbox 2839 3213 3001 3267; x_wconf 90' lang='lat' dir='ltr'><strong>etiam</strong></span> <span class='ocrx_word' id='word_1_516' title='bbox 3032 3225 3212 3265; x_wconf 89' lang='lat' dir='ltr'><strong>arcam</strong></span> <span class='ocrx_word' id='word_1_517' title='bbox 3260 3209 3502 3262; x_wconf 90' lang='lat' dir='ltr'><strong>animum</strong></span> 
     </span>
    </p>
   </div>
   <div class='ocr_carea' id='block_1_76' title="bbox 1934 3298 3507 3369">
    <p class='ocr_par' dir='ltr' id='par_1_76' title="bbox 1934 3298 3507 3369">
     <span class='ocr_line' id='line_1_76' title="bbox 1934 3298 3507 3369; baseline -0.01 -2"><span class='ocrx_word' id='word_1_518' title='bbox 1934 3327 2093 3367; x_wconf 91' lang='lat' dir='ltr'><strong>suum</strong></span> <span class='ocrx_word' id='word_1_519' title='bbox 2139 3308 2417 3363; x_wconf 88' lang='lat' dir='ltr'><strong>reddidit:</strong></span> <span class='ocrx_word' id='word_1_520' title='bbox 2450 3322 2634 3362; x_wconf 89' lang='lat' dir='ltr'><strong>arcam</strong></span> <span class='ocrx_word' id='word_1_521' title='bbox 2689 3305 2917 3369; x_wconf 85' lang='lat' dir='ltr'><strong>scilicet,</strong></span> <span class='ocrx_word' id='word_1_522' title='bbox 2968 3318 3077 3357; x_wconf 89' lang='lat' dir='ltr'><strong>non</strong></span> <span class='ocrx_word' id='word_1_523' title='bbox 3112 3316 3233 3367; x_wconf 71' lang='lat' dir='ltr'><strong>quae</strong></span> <span class='ocrx_word' id='word_1_524' title='bbox 3284 3298 3507 3353; x_wconf 85' lang='lat' dir='ltr'><strong>haberet</strong></span> 
     </span>
    </p>
   </div>
   <div class='ocr_carea' id='block_1_77' title="bbox 1938 3396 3501 3470">
    <p class='ocr_par' dir='ltr' id='par_1_77' title="bbox 1938 3396 3501 3470">
     <span class='ocr_line' id='line_1_77' title="bbox 1938 3396 3501 3470; baseline -0.011 -11"><span class='ocrx_word' id='word_1_525' title='bbox 1938 3421 2130 3459; x_wconf 89' lang='lat' dir='ltr'><strong>urnam</strong></span> <span class='ocrx_word' id='word_1_526' title='bbox 2160 3418 2381 3457; x_wconf 87' lang='lat' dir='ltr'><strong>auream</strong></span> <span class='ocrx_word' id='word_1_527' title='bbox 2407 3402 2473 3468; x_wconf 80' lang='grc'><strong>⁸⁸,</strong></span> <span class='ocrx_word' id='word_1_528' title='bbox 2501 3402 2594 3455; x_wconf 89' lang='lat' dir='ltr'><strong>sed</strong></span> <span class='ocrx_word' id='word_1_529' title='bbox 2622 3416 2743 3470; x_wconf 65' lang='lat' dir='ltr'><strong>quae</strong></span> <span class='ocrx_word' id='word_1_530' title='bbox 2766 3414 2862 3453; x_wconf 92' lang='lat' dir='ltr'><strong>cor</strong></span> <span class='ocrx_word' id='word_1_531' title='bbox 2887 3413 3024 3452; x_wconf 87' lang='lat' dir='ltr'><strong>auro</strong></span> <span class='ocrx_word' id='word_1_532' title='bbox 3042 3396 3283 3458; x_wconf 91' lang='lat' dir='ltr'><strong>rutilum,</strong></span> <span class='ocrx_word' id='word_1_533' title='bbox 3309 3407 3501 3460; x_wconf 84' lang='lat' dir='ltr'><strong>panem</strong></span> 
     </span>
    </p>
   </div>
   <div class='ocr_carea' id='block_1_78' title="bbox 1936 3485 3505 3564">
    <p class='ocr_par' dir='ltr' id='par_1_78' title="bbox 1936 3485 3505 3564">
     <span class='ocr_line' id='line_1_78' title="bbox 1936 3485 3505 3564; baseline -0.011 -12"><span class='ocrx_word' id='word_1_534' title='bbox 1936 3499 2086 3552; x_wconf 88' lang='lat' dir='ltr'><strong>illum</strong></span> <span class='ocrx_word' id='word_1_535' title='bbox 2125 3496 2398 3552; x_wconf 72' lang='lat' dir='ltr'><strong>cmlcstem</strong></span> <span class='ocrx_word' id='word_1_536' title='bbox 2425 3494 2628 3564; x_wconf 90' lang='lat' dir='ltr'><strong>gremio</strong></span> <span class='ocrx_word' id='word_1_537' title='bbox 2659 3492 2967 3547; x_wconf 87' lang='lat' dir='ltr'><strong>centinens.</strong></span> <span class='ocrx_word' id='word_1_538' title='bbox 2999 3487 3115 3542; x_wconf 85' lang='lat' dir='ltr'><strong>Non</strong></span> <span class='ocrx_word' id='word_1_539' title='bbox 3151 3501 3272 3555; x_wconf 67' lang='lat' dir='ltr'><strong>quae</strong></span> <span class='ocrx_word' id='word_1_540' title='bbox 3297 3485 3505 3552; x_wconf 79' lang='lat' dir='ltr'><strong>virgam</strong></span> 
     </span>
    </p>
   </div>
   <div class='ocr_carea' id='block_1_79' title="bbox 1936 3575 3507 3660">
    <p class='ocr_par' dir='ltr' id='par_1_79' title="bbox 1936 3575 3507 3660">
     <span class='ocr_line' id='line_1_79' title="bbox 1936 3575 3507 3660; baseline -0.013 -16"><span class='ocrx_word' id='word_1_541' title='bbox 1936 3592 2354 3660; x_wconf 75' lang='lat' dir='ltr'><strong>amygdalinam,</strong></span> <span class='ocrx_word' id='word_1_542' title='bbox 2381 3602 2502 3654; x_wconf 77' lang='lat' dir='ltr'><strong>qua:</strong></span> <span class='ocrx_word' id='word_1_543' title='bbox 2535 3586 2814 3649; x_wconf 88' lang='lat' dir='ltr'><strong>floruerat,</strong></span> <span class='ocrx_word' id='word_1_544' title='bbox 2848 3581 3229 3651; x_wconf 85' lang='lat' dir='ltr'><strong>lapideamque</strong></span> <span class='ocrx_word' id='word_1_545' title='bbox 3300 3592 3363 3631; x_wconf 88' lang='lat' dir='ltr'><strong>ac</strong></span> <span class='ocrx_word' id='word_1_546' title='bbox 3397 3575 3507 3628; x_wconf 83' lang='lat' dir='ltr'><strong>fra-</strong></span> 
     </span>
    </p>
   </div>
   <div class='ocr_carea' id='block_1_80' title="bbox 1935 3673 3509 3750">
    <p class='ocr_par' dir='ltr' id='par_1_80' title="bbox 1935 3673 3509 3750">
     <span class='ocr_line' id='line_1_80' title="bbox 1935 3673 3509 3750; baseline -0.012 -16"><span class='ocrx_word' id='word_1_547' title='bbox 1935 3680 2097 3750; x_wconf 86' lang='lat' dir='ltr'><strong>gilem</strong></span> <span class='ocrx_word' id='word_1_548' title='bbox 2147 3679 2424 3745; x_wconf 87' lang='lat' dir='ltr'><strong>tabulam;</strong></span> <span class='ocrx_word' id='word_1_549' title='bbox 2471 3676 2564 3731; x_wconf 90' lang='lat' dir='ltr'><strong>sed</strong></span> <span class='ocrx_word' id='word_1_550' title='bbox 2610 3692 2731 3744; x_wconf 64' lang='lat' dir='ltr'><strong>quae</strong></span> <span class='ocrx_word' id='word_1_551' title='bbox 2777 3673 3068 3742; x_wconf 80' lang='lat' dir='ltr'><strong>expolitam</strong></span> <span class='ocrx_word' id='word_1_552' title='bbox 3120 3679 3353 3723; x_wconf 89' lang='lat' dir='ltr'><strong>mentem</strong></span> <span class='ocrx_word' id='word_1_553' title='bbox 3445 3682 3509 3718; x_wconf 81' lang='lat' dir='ltr'><strong>ac</strong></span> 
     </span>
    </p>
   </div>
   <div class='ocr_carea' id='block_1_81' title="bbox 1938 3762 3506 3837">
    <p class='ocr_par' dir='ltr' id='par_1_81' title="bbox 1938 3762 3506 3837">
     <span class='ocr_line' id='line_1_81' title="bbox 1938 3762 3506 3837; baseline -0.011 -12"><span class='ocrx_word' id='word_1_554' title='bbox 1938 3772 2335 3837; x_wconf 88' lang='lat' dir='ltr'><strong>inviolabilem,</strong></span> <span class='ocrx_word' id='word_1_555' title='bbox 2391 3784 2627 3837; x_wconf 88' lang='lat' dir='ltr'><strong>vereque</strong></span> <span class='ocrx_word' id='word_1_556' title='bbox 2678 3765 2771 3820; x_wconf 89' lang='lat' dir='ltr'><strong>Dei</strong></span> <span class='ocrx_word' id='word_1_557' title='bbox 2828 3764 3001 3833; x_wconf 86' lang='lat' dir='ltr'><strong>digito</strong></span> <span class='ocrx_word' id='word_1_558' title='bbox 3048 3762 3330 3830; x_wconf 90' lang='lat' dir='ltr'><strong>scriptam,</strong></span> <span class='ocrx_word' id='word_1_559' title='bbox 3375 3773 3506 3811; x_wconf 88' lang='lat' dir='ltr'><strong>con-</strong></span> 
     </span>
    </p>
   </div>
   <div class='ocr_carea' id='block_1_82' title="bbox 1938 3873 2163 3934">
    <p class='ocr_par' dir='ltr' id='par_1_82' title="bbox 1938 3873 2163 3934">
     <span class='ocr_line' id='line_1_82' title="bbox 1938 3873 2163 3934; baseline -0.013 -15"><span class='ocrx_word' id='word_1_560' title='bbox 1938 3873 2163 3934; x_wconf 86' lang='lat' dir='ltr'><strong>tegeret.</strong></span> 
     </span>
    </p>
   </div>
   <div class='ocr_carea' id='block_1_83' title="bbox 2010 3943 3509 4026">
    <p class='ocr_par' dir='ltr' id='par_1_83' title="bbox 2010 3943 3509 4026">
     <span class='ocr_line' id='line_1_83' title="bbox 2010 3943 3509 4026; baseline -0.014 -15"><span class='ocrx_word' id='word_1_561' title='bbox 2010 3959 2152 4012; x_wconf 89' lang='lat' dir='ltr'><strong>ldcm</strong></span> <span class='ocrx_word' id='word_1_562' title='bbox 2190 3957 2392 4026; x_wconf 88' lang='lat' dir='ltr'><strong>pariter</strong></span> <span class='ocrx_word' id='word_1_563' title='bbox 2418 3954 2804 4009; x_wconf 87' lang='lat' dir='ltr'><strong>candelabrum</strong></span> <span class='ocrx_word' id='word_1_564' title='bbox 2850 3957 3055 4018; x_wconf 76' lang='lat' dir='ltr'><strong>septem</strong></span> <span class='ocrx_word' id='word_1_565' title='bbox 3090 3945 3293 3999; x_wconf 90' lang='lat' dir='ltr'><strong>habens</strong></span> <span class='ocrx_word' id='word_1_566' title='bbox 3338 3943 3509 3994; x_wconf 75' lang='lat' dir='ltr'><strong>Incer-</strong></span> 
     </span>
    </p>
   </div>
   <div class='ocr_carea' id='block_1_84' title="bbox 1940 4033 3509 4114">
    <p class='ocr_par' dir='ltr' id='par_1_84' title="bbox 1940 4033 3509 4114">
     <span class='ocr_line' id='line_1_84' title="bbox 1940 4033 3509 4114; baseline -0.013 -11"><span class='ocrx_word' id='word_1_567' title='bbox 1940 4065 2039 4105; x_wconf 90' lang='lat' dir='ltr'><strong>nas</strong></span> <span class='ocrx_word' id='word_1_568' title='bbox 2076 4048 2424 4103; x_wconf 89' lang='lat' dir='ltr'><strong>constituitur</strong></span> <span class='ocrx_word' id='word_1_569' title='bbox 2442 4048 2511 4110; x_wconf 82' lang='lat'><strong>&quot;,</strong></span> <span class='ocrx_word' id='word_1_570' title='bbox 2545 4046 2636 4114; x_wconf 90' lang='lat' dir='ltr'><strong>qui</strong></span> <span class='ocrx_word' id='word_1_571' title='bbox 2670 4045 2882 4099; x_wconf 87' lang='lat' dir='ltr'><strong>scilicet</strong></span> <span class='ocrx_word' id='word_1_572' title='bbox 2910 4052 3118 4108; x_wconf 84' lang='lat' dir='ltr'><strong>septem</strong></span> <span class='ocrx_word' id='word_1_573' title='bbox 3153 4037 3390 4104; x_wconf 85' lang='lat' dir='ltr'><strong>Spiritus</strong></span> <span class='ocrx_word' id='word_1_574' title='bbox 3413 4033 3509 4086; x_wconf 84' lang='lat' dir='ltr'><strong>du—</strong></span> 
     </span>
    </p>
   </div>
   <div class='ocr_carea' id='block_1_85' title="bbox 1941 4136 3510 4200">
    <p class='ocr_par' dir='ltr' id='par_1_85' title="bbox 1941 4136 3510 4200">
     <span class='ocr_line' id='line_1_85' title="bbox 1941 4136 3510 4200; baseline -0.014 -1"><span class='ocrx_word' id='word_1_575' title='bbox 1941 4147 2025 4200; x_wconf 91' lang='lat' dir='ltr'><strong>nis</strong></span> <span class='ocrx_word' id='word_1_576' title='bbox 2057 4144 2358 4197; x_wconf 80' lang='lat' dir='ltr'><strong>Ecclesiam</strong></span> <span class='ocrx_word' id='word_1_577' title='bbox 2392 4142 2646 4195; x_wconf 91' lang='lat' dir='ltr'><strong>illustret.</strong></span> <span class='ocrx_word' id='word_1_578' title='bbox 2711 4136 3074 4192; x_wconf 84' lang='lat' dir='ltr'><strong>Constituitur</strong></span> <span class='ocrx_word' id='word_1_579' title='bbox 3096 4142 3147 4187; x_wconf 90' lang='lat' dir='ltr'><strong>ct</strong></span> <span class='ocrx_word' id='word_1_580' title='bbox 3174 4145 3382 4188; x_wconf 89' lang='lat' dir='ltr'><strong>mensa,</strong></span> <span class='ocrx_word' id='word_1_581' title='bbox 3417 4144 3510 4196; x_wconf 85' lang='lat' dir='ltr'><strong>pa-</strong></span> 
     </span>
    </p>
   </div>
   <div class='ocr_carea' id='block_1_86' title="bbox 1943 4222 3508 4301">
    <p class='ocr_par' dir='ltr' id='par_1_86' title="bbox 1943 4222 3508 4301">
     <span class='ocr_line' id='line_1_86' title="bbox 1943 4222 3508 4301; baseline -0.01 -14"><span class='ocrx_word' id='word_1_582' title='bbox 1943 4253 2061 4288; x_wconf 81' lang='lat' dir='ltr'><strong>m-m</strong></span> <span class='ocrx_word' id='word_1_583' title='bbox 2095 4236 2245 4288; x_wconf 81' lang='grc' dir='ltr'><strong>ἱΙΙιιιιι</strong></span> <span class='ocrx_word' id='word_1_584' title='bbox 2272 4248 2484 4287; x_wconf 87' lang='lat' dir='ltr'><strong>summe</strong></span> <span class='ocrx_word' id='word_1_585' title='bbox 2506 4232 2788 4301; x_wconf 88' lang='lat' dir='ltr'><strong>mysticum</strong></span> <span class='ocrx_word' id='word_1_586' title='bbox 2820 4228 2989 4297; x_wconf 87' lang='lat' dir='ltr'><strong>probe</strong></span> <span class='ocrx_word' id='word_1_587' title='bbox 3010 4222 3383 4279; x_wconf 87' lang='lat' dir='ltr'><strong>esurientibus</strong></span> <span class='ocrx_word' id='word_1_588' title='bbox 3410 4233 3508 4286; x_wconf 87' lang='lat' dir='ltr'><strong>ap-</strong></span> 
     </span>
    </p>
   </div>
   <div class='ocr_carea' id='block_1_87' title="bbox 1942 4313 3507 4396">
    <p class='ocr_par' dir='ltr' id='par_1_87' title="bbox 1942 4313 3507 4396">
     <span class='ocr_line' id='line_1_87' title="bbox 1942 4313 3507 4396; baseline -0.012 -16"><span class='ocrx_word' id='word_1_589' title='bbox 1942 4328 2175 4396; x_wconf 85' lang='lat' dir='ltr'><strong>positum</strong></span> <span class='ocrx_word' id='word_1_590' title='bbox 2207 4322 2869 4378; x_wconf 69' lang='lat' dir='ltr'><strong>habens”.Constituitur</strong></span> <span class='ocrx_word' id='word_1_591' title='bbox 2896 4320 3061 4373; x_wconf 88' lang='lat' dir='ltr'><strong>etiam</strong></span> <span class='ocrx_word' id='word_1_592' title='bbox 3091 4318 3285 4379; x_wconf 88' lang='lat' dir='ltr'><strong>altare,</strong></span> <span class='ocrx_word' id='word_1_593' title='bbox 3311 4313 3507 4366; x_wconf 87' lang='lat' dir='ltr'><strong>nedum</strong></span> 
     </span>
    </p>
   </div>
   <div class='ocr_carea' id='block_1_88' title="bbox 1944 4408 3507 4486">
    <p class='ocr_par' dir='ltr' id='par_1_88' title="bbox 1944 4408 3507 4486">
     <span class='ocr_line' id='line_1_88' title="bbox 1944 4408 3507 4486; baseline -0.012 -16"><span class='ocrx_word' id='word_1_594' title='bbox 1944 4418 2383 4486; x_wconf 74' lang='lat' dir='ltr'><strong>thymiamatum,</strong></span> <span class='ocrx_word' id='word_1_595' title='bbox 2440 4418 2581 4467; x_wconf 85' lang='lat' dir='ltr'><strong>velut</strong></span> <span class='ocrx_word' id='word_1_596' title='bbox 2629 4413 2988 4466; x_wconf 87' lang='lat' dir='ltr'><strong>suavissimos</strong></span> <span class='ocrx_word' id='word_1_597' title='bbox 3017 4408 3249 4469; x_wconf 82' lang='lat' dir='ltr'><strong>sullitus,</strong></span> <span class='ocrx_word' id='word_1_598' title='bbox 3286 4418 3507 4474; x_wconf 76' lang='lat' dir='ltr'><strong>precum</strong></span> 
     </span>
    </p>
   </div>
   <div class='ocr_carea' id='block_1_89' title="bbox 1936 4496 3509 4578">
    <p class='ocr_par' dir='ltr' id='par_1_89' title="bbox 1936 4496 3509 4578">
     <span class='ocr_line' id='line_1_89' title="bbox 1936 4496 3509 4578; baseline -0.01 -17"><span class='ocrx_word' id='word_1_599' title='bbox 1936 4512 2137 4578; x_wconf 63' lang='lat' dir='ltr'><strong>jf&#39;gitcr</strong></span> <span class='ocrx_word' id='word_1_600' title='bbox 2173 4509 2378 4561; x_wconf 91' lang='lat' dir='ltr'><strong>hostias</strong></span> <span class='ocrx_word' id='word_1_601' title='bbox 2428 4505 2850 4569; x_wconf 80' lang='lat' dir='ltr'><strong>submittens“;</strong></span> <span class='ocrx_word' id='word_1_602' title='bbox 2887 4516 3078 4556; x_wconf 92' lang='lat' dir='ltr'><strong>verum</strong></span> <span class='ocrx_word' id='word_1_603' title='bbox 3127 4500 3292 4553; x_wconf 79' lang='lat' dir='ltr'><strong>etiam</strong></span> <span class='ocrx_word' id='word_1_604' title='bbox 3355 4496 3509 4549; x_wconf 84' lang='lat' dir='ltr'><strong>holo-</strong></span> 
     </span>
    </p>
   </div>
   <div class='ocr_carea' id='block_1_90' title="bbox 256 4587 3507 4673">
    <p class='ocr_par' dir='ltr' id='par_1_90' title="bbox 256 4587 3507 4673">
     <span class='ocr_line' id='line_1_90' title="bbox 256 4587 3507 4673; baseline -0.005 -21"><span class='ocrx_word' id='word_1_605' title='bbox 256 4604 389 4657; x_wconf 86' lang='lat' dir='ltr'><strong>linm</strong></span> <span class='ocrx_word' id='word_1_606' title='bbox 431 4602 605 4670; x_wconf 88' lang='lat' dir='ltr'><strong>magis</strong></span> <span class='ocrx_word' id='word_1_607' title='bbox 655 4616 719 4655; x_wconf 91' lang='lat' dir='ltr'><strong>ac</strong></span> <span class='ocrx_word' id='word_1_608' title='bbox 753 4602 1103 4665; x_wconf 88' lang='lat' dir='ltr'><strong>naturalium,</strong></span> <span class='ocrx_word' id='word_1_609' title='bbox 1138 4616 1199 4655; x_wconf 76' lang='lat' dir='ltr'><strong>ex</strong></span> <span class='ocrx_word' id='word_1_610' title='bbox 1227 4612 1461 4669; x_wconf 90' lang='lat' dir='ltr'><strong>terrena,</strong></span> <span class='ocrx_word' id='word_1_611' title='bbox 1499 4620 1561 4659; x_wconf 90' lang='lat' dir='ltr'><strong>ac</strong></span> <span class='ocrx_word' id='word_1_612' title='bbox 1591 4620 1711 4673; x_wconf 72' lang='lat' dir='ltr'><strong>quae</strong></span> <span class='ocrx_word' id='word_1_613' title='bbox 1734 4619 1833 4658; x_wconf 64' lang='grc' dir='ltr'><strong>διε-</strong></span> <span class='ocrx_word' id='word_1_614' title='bbox 1868 4610 1908 4663; x_wconf 88' lang='lat' dir='ltr'><strong>D</strong></span> <span class='ocrx_word' id='word_1_615' title='bbox 1938 4609 2276 4662; x_wconf 80' lang='lat' dir='ltr'><strong>canstorum,</strong></span> <span class='ocrx_word' id='word_1_616' title='bbox 2310 4600 2507 4667; x_wconf 88' lang='lat' dir='ltr'><strong>pietate</strong></span> <span class='ocrx_word' id='word_1_617' title='bbox 2542 4600 2768 4667; x_wconf 86' lang='lat' dir='ltr'><strong>pingues</strong></span> <span class='ocrx_word' id='word_1_618' title='bbox 2791 4596 2999 4649; x_wconf 89' lang='lat' dir='ltr'><strong>animas</strong></span> <span class='ocrx_word' id='word_1_619' title='bbox 3030 4589 3288 4647; x_wconf 85' lang='lat' dir='ltr'><strong>sacriﬁcii</strong></span> <span class='ocrx_word' id='word_1_620' title='bbox 3320 4588 3426 4641; x_wconf 89' lang='lat' dir='ltr'><strong>rittt</strong></span> <span class='ocrx_word' id='word_1_621' title='bbox 3453 4587 3507 4638; x_wconf 91' lang='lat' dir='ltr'><strong>in</strong></span> 
     </span>
    </p>
   </div>
   <div class='ocr_carea' id='block_1_91' title="bbox 257 4693 1836 4764">
    <p class='ocr_par' dir='ltr' id='par_1_91' title="bbox 257 4693 1836 4764">
     <span class='ocr_line' id='line_1_91' title="bbox 257 4693 1836 4764; baseline 0.001 -17"><span class='ocrx_word' id='word_1_622' title='bbox 257 4695 365 4748; x_wconf 76' lang='lat' dir='ltr'><strong>culi</strong></span> <span class='ocrx_word' id='word_1_623' title='bbox 398 4709 501 4746; x_wconf 87' lang='lat' dir='ltr'><strong>usu</strong></span> <span class='ocrx_word' id='word_1_624' title='bbox 555 4703 921 4760; x_wconf 76' lang='lat' dir='ltr'><strong>comparatur,</strong></span> <span class='ocrx_word' id='word_1_625' title='bbox 974 4693 1349 4762; x_wconf 80' lang='lat' dir='ltr'><strong>intelligentia,</strong></span> <span class='ocrx_word' id='word_1_626' title='bbox 1412 4695 1717 4764; x_wconf 87' lang='lat' dir='ltr'><strong>mentisque</strong></span> <span class='ocrx_word' id='word_1_627' title='bbox 1750 4711 1836 4748; x_wconf 89' lang='lat' dir='ltr'><strong>so-</strong></span> 
     </span>
    </p>
   </div>
   <div class='ocr_carea' id='block_1_92' title="bbox 259 4784 1835 4855">
    <p class='ocr_par' dir='ltr' id='par_1_92' title="bbox 259 4784 1835 4855">
     <span class='ocr_line' id='line_1_92' title="bbox 259 4784 1835 4855; baseline 0.001 -16"><span class='ocrx_word' id='word_1_628' title='bbox 259 4787 415 4841; x_wconf 86' lang='lat' dir='ltr'><strong>lertia</strong></span> <span class='ocrx_word' id='word_1_629' title='bbox 453 4786 527 4838; x_wconf 89' lang='lat' dir='ltr'><strong>illi</strong></span> <span class='ocrx_word' id='word_1_630' title='bbox 570 4784 1012 4839; x_wconf 81' lang='lat' dir='ltr'><strong>collectorum&quot;.</strong></span> <span class='ocrx_word' id='word_1_631' title='bbox 1073 4784 1168 4839; x_wconf 89' lang='lat' dir='ltr'><strong>His</strong></span> <span class='ocrx_word' id='word_1_632' title='bbox 1213 4785 1396 4852; x_wconf 86' lang='lat' dir='ltr'><strong>igitur,</strong></span> <span class='ocrx_word' id='word_1_633' title='bbox 1446 4788 1538 4855; x_wconf 90' lang='lat' dir='ltr'><strong>qui</strong></span> <span class='ocrx_word' id='word_1_634' title='bbox 1589 4787 1722 4841; x_wconf 84' lang='lat' dir='ltr'><strong>recti</strong></span> <span class='ocrx_word' id='word_1_635' title='bbox 1771 4803 1835 4841; x_wconf 90' lang='lat' dir='ltr'><strong>ac</strong></span> 
     </span>
    </p>
   </div>
   <div class='ocr_carea' id='block_1_93' title="bbox 258 4873 1831 4942">
    <p class='ocr_par' dir='ltr' id='par_1_93' title="bbox 258 4873 1831 4942">
     <span class='ocr_line' id='line_1_93' title="bbox 258 4873 1831 4942; baseline -0.002 -13"><span class='ocrx_word' id='word_1_636' title='bbox 258 4878 292 4929; x_wconf 86' lang='lat' dir='ltr'><strong>li</strong></span> <span class='ocrx_word' id='word_1_637' title='bbox 316 4877 451 4930; x_wconf 77' lang='lat' dir='ltr'><strong>leles</strong></span> <span class='ocrx_word' id='word_1_638' title='bbox 479 4886 685 4937; x_wconf 87' lang='lat' dir='ltr'><strong>essent,</strong></span> <span class='ocrx_word' id='word_1_639' title='bbox 712 4883 824 4927; x_wconf 88' lang='lat' dir='ltr'><strong>tum</strong></span> <span class='ocrx_word' id='word_1_640' title='bbox 865 4874 1063 4929; x_wconf 90' lang='lat' dir='ltr'><strong>alebat.</strong></span> <span class='ocrx_word' id='word_1_641' title='bbox 1100 4881 1210 4926; x_wconf 90' lang='lat' dir='ltr'><strong>tum</strong></span> <span class='ocrx_word' id='word_1_642' title='bbox 1246 4873 1561 4937; x_wconf 79' lang='lat' dir='ltr'><strong>recreabat;</strong></span> <span class='ocrx_word' id='word_1_643' title='bbox 1608 4875 1698 4942; x_wconf 78' lang='lat' dir='ltr'><strong>qui</strong></span> <span class='ocrx_word' id='word_1_644' title='bbox 1731 4890 1831 4927; x_wconf 91' lang='lat' dir='ltr'><strong>au-</strong></span> 
     </span>
    </p>
   </div>
   <div class='ocr_carea' id='block_1_94' title="bbox 258 4962 1831 5026">
    <p class='ocr_par' dir='ltr' id='par_1_94' title="bbox 258 4962 1831 5026">
     <span class='ocr_line' id='line_1_94' title="bbox 258 4962 1831 5026; baseline -0.001 -8"><span class='ocrx_word' id='word_1_645' title='bbox 258 4978 364 5019; x_wconf 88' lang='lat' dir='ltr'><strong>tem</strong></span> <span class='ocrx_word' id='word_1_646' title='bbox 393 4974 849 5024; x_wconf 88' lang='lat' dir='ltr'><strong>murmuratores,</strong></span> <span class='ocrx_word' id='word_1_647' title='bbox 883 4978 947 5016; x_wconf 90' lang='lat' dir='ltr'><strong>ac</strong></span> <span class='ocrx_word' id='word_1_648' title='bbox 980 4962 1088 5016; x_wconf 89' lang='lat' dir='ltr'><strong>Deo</strong></span> <span class='ocrx_word' id='word_1_649' title='bbox 1131 4962 1512 5026; x_wconf 82' lang='lat' dir='ltr'><strong>detrahebant,</strong></span> <span class='ocrx_word' id='word_1_650' title='bbox 1540 4979 1635 5017; x_wconf 89' lang='lat' dir='ltr'><strong>eos</strong></span> <span class='ocrx_word' id='word_1_651' title='bbox 1668 4966 1831 5016; x_wconf 88' lang='lat' dir='ltr'><strong>mise-</strong></span> 
     </span>
    </p>
   </div>
   <div class='ocr_carea' id='block_1_95' title="bbox 257 5053 1382 5122">
    <p class='ocr_par' dir='ltr' id='par_1_95' title="bbox 257 5053 1382 5122">
     <span class='ocr_line' id='line_1_95' title="bbox 257 5053 1382 5122; baseline -0.004 -13"><span class='ocrx_word' id='word_1_652' title='bbox 257 5056 415 5109; x_wconf 82' lang='lat' dir='ltr'><strong>rabili</strong></span> <span class='ocrx_word' id='word_1_653' title='bbox 452 5070 515 5106; x_wconf 88' lang='lat' dir='ltr'><strong>ac</strong></span> <span class='ocrx_word' id='word_1_654' title='bbox 544 5054 892 5122; x_wconf 62' lang='lat' dir='ltr'><strong>deplorandae</strong></span> <span class='ocrx_word' id='word_1_655' title='bbox 921 5053 1080 5107; x_wconf 89' lang='lat' dir='ltr'><strong>morti</strong></span> <span class='ocrx_word' id='word_1_656' title='bbox 1114 5054 1382 5106; x_wconf 86' lang='lat' dir='ltr'><strong>tradebat.</strong></span> 
     </span>
    </p>
   </div>
   <div class='ocr_carea' id='block_1_96' title="bbox 328 5130 1830 5217">
    <p class='ocr_par' dir='ltr' id='par_1_96' title="bbox 328 5130 1830 5217">
     <span class='ocr_line' id='line_1_96' title="bbox 328 5130 1830 5217; baseline -0.001 -16"><span class='ocrx_word' id='word_1_657' title='bbox 328 5148 453 5201; x_wconf 74' lang='lat' dir='ltr'><strong>Non</strong></span> <span class='ocrx_word' id='word_1_658' title='bbox 502 5148 558 5199; x_wconf 90' lang='lat' dir='ltr'><strong>in</strong></span> <span class='ocrx_word' id='word_1_659' title='bbox 615 5158 851 5201; x_wconf 88' lang='lat' dir='ltr'><strong>montem</strong></span> <span class='ocrx_word' id='word_1_660' title='bbox 887 5148 1067 5217; x_wconf 60' lang='lat' dir='ltr'><strong>(terra</strong></span> <span class='ocrx_word' id='word_1_661' title='bbox 1102 5130 1330 5210; x_wconf 82' lang='lat' dir='ltr'><strong>scilicet,</strong></span> <span class='ocrx_word' id='word_1_662' title='bbox 1386 5147 1477 5216; x_wconf 90' lang='lat' dir='ltr'><strong>qui</strong></span> <span class='ocrx_word' id='word_1_663' title='bbox 1519 5147 1571 5200; x_wconf 89' lang='lat' dir='ltr'><strong>in</strong></span> <span class='ocrx_word' id='word_1_664' title='bbox 1607 5163 1830 5201; x_wconf 70' lang='lat' dir='ltr'><strong>sensum</strong></span> 
     </span>
    </p>
   </div>
   <div class='ocr_carea' id='block_1_97' title="bbox 258 5239 1836 5309">
    <p class='ocr_par' dir='ltr' id='par_1_97' title="bbox 258 5239 1836 5309">
     <span class='ocr_line' id='line_1_97' title="bbox 258 5239 1836 5309; baseline -0.003 -12"><span class='ocrx_word' id='word_1_665' title='bbox 258 5246 440 5307; x_wconf 83' lang='lat' dir='ltr'><strong>radat,</strong></span> <span class='ocrx_word' id='word_1_666' title='bbox 473 5241 767 5308; x_wconf 90' lang='lat' dir='ltr'><strong>tumulum)</strong></span> <span class='ocrx_word' id='word_1_667' title='bbox 794 5255 883 5308; x_wconf 89' lang='lat' dir='ltr'><strong>per</strong></span> <span class='ocrx_word' id='word_1_668' title='bbox 908 5239 1067 5294; x_wconf 84' lang='lat' dir='ltr'><strong>breve</strong></span> <span class='ocrx_word' id='word_1_669' title='bbox 1088 5250 1302 5309; x_wconf 77' lang='lat' dir='ltr'><strong>tempus</strong></span> <span class='ocrx_word' id='word_1_670' title='bbox 1330 5256 1370 5293; x_wconf 62' lang='lat' dir='ltr'><strong>si</strong></span> <span class='ocrx_word' id='word_1_671' title='bbox 1390 5239 1610 5303; x_wconf 82' lang='lat' dir='ltr'><strong>cedens,</strong></span> <span class='ocrx_word' id='word_1_672' title='bbox 1636 5239 1836 5307; x_wconf 79' lang='lat' dir='ltr'><strong>Deique</strong></span> 
     </span>
    </p>
   </div>
   <div class='ocr_carea' id='block_1_98' title="bbox 261 5331 1836 5402">
    <p class='ocr_par' dir='ltr' id='par_1_98' title="bbox 261 5331 1836 5402">
     <span class='ocr_line' id='line_1_98' title="bbox 261 5331 1836 5402; baseline -0.006 -11"><span class='ocrx_word' id='word_1_673' title='bbox 261 5340 369 5391; x_wconf 88' lang='lat' dir='ltr'><strong>illic</strong></span> <span class='ocrx_word' id='word_1_674' title='bbox 407 5351 548 5389; x_wconf 89' lang='lat' dir='ltr'><strong>usus</strong></span> <span class='ocrx_word' id='word_1_675' title='bbox 580 5332 935 5402; x_wconf 55' lang='lat' dir='ltr'><strong>colloquio)“,</strong></span> <span class='ocrx_word' id='word_1_676' title='bbox 994 5334 1167 5386; x_wconf 89' lang='lat' dir='ltr'><strong>turbis</strong></span> <span class='ocrx_word' id='word_1_677' title='bbox 1201 5349 1260 5386; x_wconf 90' lang='lat' dir='ltr'><strong>se</strong></span> <span class='ocrx_word' id='word_1_678' title='bbox 1311 5348 1502 5386; x_wconf 89' lang='lat' dir='ltr'><strong>rursus</strong></span> <span class='ocrx_word' id='word_1_679' title='bbox 1559 5331 1836 5399; x_wconf 70' lang='lat' dir='ltr'><strong>lcgislator</strong></span> 
     </span>
    </p>
   </div>
   <div class='ocr_carea' id='block_1_99' title="bbox 262 5423 1840 5499">
    <p class='ocr_par' dir='ltr' id='par_1_99' title="bbox 262 5423 1840 5499">
     <span class='ocr_line' id='line_1_99' title="bbox 262 5423 1840 5499; baseline -0.007 -15"><span class='ocrx_word' id='word_1_680' title='bbox 262 5430 645 5499; x_wconf 80' lang='lat' dir='ltr'><strong>permittebat;</strong></span> <span class='ocrx_word' id='word_1_681' title='bbox 676 5425 765 5477; x_wconf 92' lang='lat' dir='ltr'><strong>sed</strong></span> <span class='ocrx_word' id='word_1_682' title='bbox 800 5440 1051 5492; x_wconf 81' lang='lat' dir='ltr'><strong>suprema</strong></span> <span class='ocrx_word' id='word_1_683' title='bbox 1082 5423 1365 5492; x_wconf 55' lang='lat' dir='ltr'><strong>theologia</strong></span> <span class='ocrx_word' id='word_1_684' title='bbox 1394 5438 1690 5475; x_wconf 70' lang='lat' dir='ltr'><strong>censet-usa</strong></span> <span class='ocrx_word' id='word_1_685' title='bbox 1718 5436 1840 5489; x_wconf 72' lang='lat' dir='ltr'><strong>spc-</strong></span> 
     </span>
    </p>
   </div>
   <div class='ocr_carea' id='block_1_100' title="bbox 260 5514 1835 5583">
    <p class='ocr_par' dir='ltr' id='par_1_100' title="bbox 260 5514 1835 5583">
     <span class='ocr_line' id='line_1_100' title="bbox 260 5514 1835 5583; baseline -0.008 -10"><span class='ocrx_word' id='word_1_686' title='bbox 260 5526 401 5583; x_wconf 80' lang='lat' dir='ltr'><strong>cula,</strong></span> <span class='ocrx_word' id='word_1_687' title='bbox 444 5536 556 5574; x_wconf 89' lang='lat' dir='ltr'><strong>non</strong></span> <span class='ocrx_word' id='word_1_688' title='bbox 607 5518 818 5570; x_wconf 84' lang='lat' dir='ltr'><strong>dierum</strong></span> <span class='ocrx_word' id='word_1_689' title='bbox 865 5515 1242 5583; x_wconf 79' lang='lat' dir='ltr'><strong>quadraginta,</strong></span> <span class='ocrx_word' id='word_1_690' title='bbox 1305 5516 1396 5567; x_wconf 89' lang='lat' dir='ltr'><strong>scd</strong></span> <span class='ocrx_word' id='word_1_691' title='bbox 1432 5516 1546 5583; x_wconf 83' lang='lat' dir='ltr'><strong>jngi</strong></span> <span class='ocrx_word' id='word_1_692' title='bbox 1580 5514 1835 5582; x_wconf 70' lang='lat' dir='ltr'><strong>jejunio;</strong></span> 
     </span>
    </p>
   </div>
   <div class='ocr_carea' id='block_1_101' title="bbox 327 5653 1407 5716">
    <p class='ocr_par' dir='ltr' id='par_1_101' title="bbox 327 5653 1407 5716">
     <span class='ocr_line' id='line_1_101' title="bbox 327 5653 1407 5716; baseline -0.007 -2"><span class='ocrx_word' id='word_1_693' title='bbox 327 5663 368 5693; x_wconf 76' lang='grc'><strong>¹⁷</strong></span> <span class='ocrx_word' id='word_1_694' title='bbox 394 5659 573 5714; x_wconf 73' lang='lat' dir='ltr'><strong>Exod.</strong></span> <span class='ocrx_word' id='word_1_695' title='bbox 614 5674 668 5716; x_wconf 66' lang='grc' dir='ltr'><strong>ς,</strong></span> <span class='ocrx_word' id='word_1_696' title='bbox 701 5656 793 5707; x_wconf 63' lang='grc'><strong>22.</strong></span> <span class='ocrx_word' id='word_1_697' title='bbox 874 5656 915 5686; x_wconf 72' lang='grc'><strong>⁸⁵⁸</strong></span> <span class='ocrx_word' id='word_1_698' title='bbox 955 5654 1125 5707; x_wconf 68' lang='lat' dir='ltr'><strong>Exod.</strong></span> <span class='ocrx_word' id='word_1_699' title='bbox 1190 5669 1289 5714; x_wconf 79' lang='lat' dir='ltr'><strong>xu,</strong></span> <span class='ocrx_word' id='word_1_700' title='bbox 1320 5653 1407 5706; x_wconf 63' lang='grc' dir='ltr'><strong>Ξῖ).</strong></span> 
     </span>
    </p>
   </div>
   <div class='ocr_carea' id='block_1_102' title="bbox 264 5726 1355 5788">
    <p class='ocr_par' dir='ltr' id='par_1_102' title="bbox 264 5726 1355 5788">
     <span class='ocr_line' id='line_1_102' title="bbox 264 5726 1355 5788; baseline -0.005 -8"><span class='ocrx_word' id='word_1_701' title='bbox 264 5737 304 5765; x_wconf 71' lang='grc'>³²</span> <span class='ocrx_word' id='word_1_702' title='bbox 330 5732 501 5785; x_wconf 72' lang='grc' dir='ltr'><strong>ΕςηιΙ.</strong></span> <span class='ocrx_word' id='word_1_703' title='bbox 540 5744 630 5788; x_wconf 70' lang='lat' dir='ltr'><strong>xv,</strong></span> <span class='ocrx_word' id='word_1_704' title='bbox 658 5726 749 5781; x_wconf 69' lang='lat'><strong>23.</strong></span> <span class='ocrx_word' id='word_1_705' title='bbox 828 5729 873 5758; x_wconf 81' lang='grc'>’³</span> <span class='ocrx_word' id='word_1_706' title='bbox 908 5727 1073 5779; x_wconf 57' lang='lat' dir='ltr'><strong>lived.</strong></span> <span class='ocrx_word' id='word_1_707' title='bbox 1110 5742 1241 5787; x_wconf 72' lang='lat' dir='ltr'><strong>xvu,</strong></span> <span class='ocrx_word' id='word_1_708' title='bbox 1273 5726 1355 5776; x_wconf 91' lang='lat' dir='ltr'><strong>ll.</strong></span> 
     </span>
    </p>
   </div>
   <div class='ocr_carea' id='block_1_103' title="bbox 263 5795 1411 5856">
    <p class='ocr_par' dir='ltr' id='par_1_103' title="bbox 263 5795 1411 5856">
     <span class='ocr_line' id='line_1_103' title="bbox 263 5795 1411 5856; baseline -0.009 1"><span class='ocrx_word' id='word_1_709' title='bbox 263 5803 306 5831; x_wconf 76' lang='grc'><strong>⁸⁷</strong></span> <span class='ocrx_word' id='word_1_710' title='bbox 336 5801 505 5856; x_wconf 67' lang='lat' dir='ltr'><strong>Exod.</strong></span> <span class='ocrx_word' id='word_1_711' title='bbox 544 5813 744 5853; x_wconf 67' lang='lat' dir='ltr'><strong>“uti.</strong></span> <span class='ocrx_word' id='word_1_712' title='bbox 790 5799 881 5852; x_wconf 65' lang='lat'><strong>93.</strong></span> <span class='ocrx_word' id='word_1_713' title='bbox 985 5796 1028 5825; x_wconf 49' lang='grc' dir='ltr'><strong>ἠ</strong></span> <span class='ocrx_word' id='word_1_714' title='bbox 1056 5795 1212 5852; x_wconf 68' lang='grc' dir='ltr'><strong>ΙΙαιΙιι·⁸</strong></span> <span class='ocrx_word' id='word_1_715' title='bbox 1256 5814 1328 5855; x_wconf 73' lang='lat' dir='ltr'><strong>Ix,</strong></span> <span class='ocrx_word' id='word_1_716' title='bbox 1374 5796 1411 5848; x_wconf 72' lang='grc' dir='ltr'><strong>ί.</strong></span> 
     </span>
    </p>
   </div>
   <div class='ocr_carea' id='block_1_104' title="bbox 268 5869 1023 5940">
    <p class='ocr_par' dir='ltr' id='par_1_104' title="bbox 268 5869 1023 5940">
     <span class='ocr_line' id='line_1_104' title="bbox 268 5869 1023 5940; baseline -0.004 -15"><span class='ocrx_word' id='word_1_717' title='bbox 268 5889 384 5940; x_wconf 74' lang='lat' dir='ltr'><strong>nx,</strong></span> <span class='ocrx_word' id='word_1_718' title='bbox 426 5874 470 5926; x_wconf 93' lang='lat' dir='ltr'><strong>l.</strong></span> <span class='ocrx_word' id='word_1_719' title='bbox 555 5870 600 5901; x_wconf 74' lang='grc'><strong>³³</strong></span> <span class='ocrx_word' id='word_1_720' title='bbox 632 5870 782 5925; x_wconf 75' lang='lat' dir='ltr'><strong>Exod</strong></span> <span class='ocrx_word' id='word_1_721' title='bbox 837 5887 906 5932; x_wconf 85' lang='lat' dir='ltr'><strong>tv,</strong></span> <span class='ocrx_word' id='word_1_722' title='bbox 936 5869 1023 5922; x_wconf 69' lang='lat'><strong>27.</strong></span> 
     </span>
    </p>
   </div>
   <div class='ocr_carea' id='block_1_105' title="bbox 1462 5724 1694 5774">
    <p class='ocr_par' dir='ltr' id='par_1_105' title="bbox 1462 5724 1694 5774">
     <span class='ocr_line' id='line_1_105' title="bbox 1462 5724 1694 5774; baseline -0.004 0"><span class='ocrx_word' id='word_1_723' title='bbox 1462 5730 1504 5756; x_wconf 52' lang='grc' dir='ltr'><strong>τι</strong></span> <span class='ocrx_word' id='word_1_724' title='bbox 1531 5724 1640 5774; x_wconf 65' lang='grc' dir='ltr'><strong>Ιῧλιι</strong></span> <span class='ocrx_word' id='word_1_725' title='bbox 1664 5728 1694 5773; x_wconf 84' lang='grc' dir='ltr'><strong>Ι.</strong></span> 
     </span>
    </p>
   </div>
   <div class='ocr_carea' id='block_1_106' title="bbox 1528 5653 2305 5715">
    <p class='ocr_par' dir='ltr' id='par_1_106' title="bbox 1528 5653 2305 5715">
     <span class='ocr_line' id='line_1_106' title="bbox 1528 5653 2305 5715; baseline -0.004 -10"><span class='ocrx_word' id='word_1_726' title='bbox 1528 5654 1569 5683; x_wconf 74' lang='grc'><strong>¹¹⁸</strong></span> <span class='ocrx_word' id='word_1_727' title='bbox 1609 5653 1779 5705; x_wconf 71' lang='lat' dir='ltr'><strong>Exml.</strong></span> <span class='ocrx_word' id='word_1_728' title='bbox 1808 5669 1922 5704; x_wconf 66' lang='lat' dir='ltr'><strong>xm.</strong></span> <span class='ocrx_word' id='word_1_729' title='bbox 1950 5654 2008 5705; x_wconf 67' lang='lat' dir='ltr'><strong>Ql</strong></span> <span class='ocrx_word' id='word_1_730' title='bbox 2037 5670 2047 5709; x_wconf 88' lang='grc'>;</span> <span class='ocrx_word' id='word_1_731' title='bbox 2078 5670 2183 5715; x_wconf 74' lang='lat' dir='ltr'><strong>\‘lV,</strong></span> <span class='ocrx_word' id='word_1_732' title='bbox 2227 5654 2305 5705; x_wconf 77' lang='lat' dir='ltr'><strong>l‘l.</strong></span> 
     </span>
    </p>
   </div>
   <div class='ocr_carea' id='block_1_107' title="bbox 1763 5724 2106 5781">
    <p class='ocr_par' dir='ltr' id='par_1_107' title="bbox 1763 5724 2106 5781">
     <span class='ocr_line' id='line_1_107' title="bbox 1763 5724 2106 5781; baseline 0 -7"><span class='ocrx_word' id='word_1_733' title='bbox 1763 5740 1868 5779; x_wconf 69' lang='lat' dir='ltr'><strong>xw,</strong></span> <span class='ocrx_word' id='word_1_734' title='bbox 1907 5724 1985 5781; x_wconf 70' lang='lat' dir='ltr'><strong>ll,</strong></span> <span class='ocrx_word' id='word_1_735' title='bbox 2032 5728 2106 5777; x_wconf 69' lang='lat' dir='ltr'><strong>l5.</strong></span> 
     </span>
    </p>
   </div>
   <div class='ocr_carea' id='block_1_108' title="bbox 1506 5796 2036 5855">
    <p class='ocr_par' dir='ltr' id='par_1_108' title="bbox 1506 5796 2036 5855">
     <span class='ocr_line' id='line_1_108' title="bbox 1506 5796 2036 5855; baseline 0 -9"><span class='ocrx_word' id='word_1_736' title='bbox 1506 5797 1549 5823; x_wconf 60' lang='lat'><strong>‘3”</strong></span> <span class='ocrx_word' id='word_1_737' title='bbox 1584 5796 1748 5847; x_wconf 67' lang='lat' dir='ltr'><strong>lixod.</strong></span> <span class='ocrx_word' id='word_1_738' title='bbox 1796 5811 1917 5855; x_wconf 74' lang='lat' dir='ltr'><strong>\xv,</strong></span> <span class='ocrx_word' id='word_1_739' title='bbox 1952 5799 2036 5848; x_wconf 77' lang='lat' dir='ltr'><strong>3i.</strong></span> 
     </span>
    </p>
   </div>
   <div class='ocr_carea' id='block_1_109' title="bbox 1940 4690 2388 4761">
    <p class='ocr_par' dir='ltr' id='par_1_109' title="bbox 1940 4690 2388 4761">
     <span class='ocr_line' id='line_1_109' title="bbox 1940 4690 2388 4761; baseline -0.004 -16"><span class='ocrx_word' id='word_1_740' title='bbox 1940 4696 2058 4761; x_wconf 85' lang='lat' dir='ltr'><strong>ipso</strong></span> <span class='ocrx_word' id='word_1_741' title='bbox 2087 4691 2295 4744; x_wconf 83' lang='lat' dir='ltr'><strong>faciens</strong></span> <span class='ocrx_word' id='word_1_742' title='bbox 2321 4690 2388 4743; x_wconf 79' lang='lat'><strong>&quot;.</strong></span> 
     </span>
    </p>
   </div>
   <div class='ocr_carea' id='block_1_110' title="bbox 2009 4775 3506 4851">
    <p class='ocr_par' dir='ltr' id='par_1_110' title="bbox 2009 4775 3506 4851">
     <span class='ocr_line' id='line_1_110' title="bbox 2009 4775 3506 4851; baseline -0.007 -17"><span class='ocrx_word' id='word_1_743' title='bbox 2009 4784 2149 4837; x_wconf 74' lang='lat' dir='ltr'><strong>fdem</strong></span> <span class='ocrx_word' id='word_1_744' title='bbox 2179 4798 2392 4851; x_wconf 84' lang='lat' dir='ltr'><strong>quoque</strong></span> <span class='ocrx_word' id='word_1_745' title='bbox 2420 4796 2649 4849; x_wconf 84' lang='lat' dir='ltr'><strong>magnus</strong></span> <span class='ocrx_word' id='word_1_746' title='bbox 2681 4777 2920 4845; x_wconf 85' lang='lat' dir='ltr'><strong>pontifex</strong></span> <span class='ocrx_word' id='word_1_747' title='bbox 2974 4775 3218 4837; x_wconf 74' lang='lat' dir='ltr'><strong>effectus,</strong></span> <span class='ocrx_word' id='word_1_748' title='bbox 3252 4788 3359 4827; x_wconf 89' lang='lat' dir='ltr'><strong>non</strong></span> <span class='ocrx_word' id='word_1_749' title='bbox 3402 4786 3506 4823; x_wconf 86' lang='lat' dir='ltr'><strong>nn-</strong></span> 
     </span>
    </p>
   </div>
   <div class='ocr_carea' id='block_1_111' title="bbox 1937 4860 3507 4939">
    <p class='ocr_par' dir='ltr' id='par_1_111' title="bbox 1937 4860 3507 4939">
     <span class='ocr_line' id='line_1_111' title="bbox 1937 4860 3507 4939; baseline -0.009 -13"><span class='ocrx_word' id='word_1_750' title='bbox 1937 4874 2132 4927; x_wconf 85' lang='lat' dir='ltr'><strong>ctionis</strong></span> <span class='ocrx_word' id='word_1_751' title='bbox 2162 4872 2282 4926; x_wconf 89' lang='lat' dir='ltr'><strong>oleo</strong></span> <span class='ocrx_word' id='word_1_752' title='bbox 2324 4880 2485 4939; x_wconf 88' lang='lat' dir='ltr'><strong>caput</strong></span> <span class='ocrx_word' id='word_1_753' title='bbox 2531 4872 2866 4938; x_wconf 86' lang='lat' dir='ltr'><strong>barbamque</strong></span> <span class='ocrx_word' id='word_1_754' title='bbox 2890 4867 3136 4927; x_wconf 88' lang='lat' dir='ltr'><strong>diluitur,</strong></span> <span class='ocrx_word' id='word_1_755' title='bbox 3179 4864 3272 4918; x_wconf 88' lang='lat' dir='ltr'><strong>sed</strong></span> <span class='ocrx_word' id='word_1_756' title='bbox 3302 4860 3507 4931; x_wconf 89' lang='lat' dir='ltr'><strong>Spiritu</strong></span> 
     </span>
    </p>
   </div>
   <div class='ocr_carea' id='block_1_112' title="bbox 1940 4953 3506 5021">
    <p class='ocr_par' dir='ltr' id='par_1_112' title="bbox 1940 4953 3506 5021">
     <span class='ocr_line' id='line_1_112' title="bbox 1940 4953 3506 5021; baseline -0.01 0"><span class='ocrx_word' id='word_1_757' title='bbox 1940 4966 2320 5021; x_wconf 81' lang='lat' dir='ltr'><strong>exsultationis</strong></span> <span class='ocrx_word' id='word_1_758' title='bbox 2375 4974 2554 5017; x_wconf 81' lang='lat' dir='ltr'><strong>mente</strong></span> <span class='ocrx_word' id='word_1_759' title='bbox 2594 4979 2657 5015; x_wconf 84' lang='lat' dir='ltr'><strong>ac</strong></span> <span class='ocrx_word' id='word_1_760' title='bbox 2717 4962 2898 5015; x_wconf 89' lang='lat' dir='ltr'><strong>animo</strong></span> <span class='ocrx_word' id='word_1_761' title='bbox 2953 4958 3344 5015; x_wconf 88' lang='lat' dir='ltr'><strong>sanctificatur.</strong></span> <span class='ocrx_word' id='word_1_762' title='bbox 3395 4953 3506 5007; x_wconf 88' lang='lat' dir='ltr'><strong>Nec</strong></span> 
     </span>
    </p>
   </div>
   <div class='ocr_carea' id='block_1_113' title="bbox 1944 5052 3508 5118">
    <p class='ocr_par' dir='ltr' id='par_1_113' title="bbox 1944 5052 3508 5118">
     <span class='ocr_line' id='line_1_113' title="bbox 1944 5052 3508 5118; baseline -0.007 -8"><span class='ocrx_word' id='word_1_763' title='bbox 1944 5061 2103 5110; x_wconf 80' lang='lat' dir='ltr'><strong>variis</strong></span> <span class='ocrx_word' id='word_1_764' title='bbox 2136 5058 2356 5117; x_wconf 83' lang='lat' dir='ltr'><strong>tunicis,</strong></span> <span class='ocrx_word' id='word_1_765' title='bbox 2386 5068 2597 5109; x_wconf 83' lang='lat' dir='ltr'><strong>terrena</strong></span> <span class='ocrx_word' id='word_1_766' title='bbox 2627 5072 2656 5108; x_wconf 92' lang='lat' dir='ltr'><strong>e</strong></span> <span class='ocrx_word' id='word_1_767' title='bbox 2680 5056 2905 5108; x_wconf 89' lang='lat' dir='ltr'><strong>materia</strong></span> <span class='ocrx_word' id='word_1_768' title='bbox 2944 5052 3212 5105; x_wconf 80' lang='lat' dir='ltr'><strong>contextis</strong></span> <span class='ocrx_word' id='word_1_769' title='bbox 3244 5062 3508 5118; x_wconf 80' lang='lat' dir='ltr'><strong>perorna-</strong></span> 
     </span>
    </p>
   </div>
   <div class='ocr_carea' id='block_1_114' title="bbox 1946 5138 3505 5212">
    <p class='ocr_par' dir='ltr' id='par_1_114' title="bbox 1946 5138 3505 5212">
     <span class='ocr_line' id='line_1_114' title="bbox 1946 5138 3505 5212; baseline -0.009 -9"><span class='ocrx_word' id='word_1_770' title='bbox 1946 5159 2052 5212; x_wconf 91' lang='lat' dir='ltr'><strong>tur,</strong></span> <span class='ocrx_word' id='word_1_771' title='bbox 2080 5149 2170 5202; x_wconf 90' lang='lat' dir='ltr'><strong>sed</strong></span> <span class='ocrx_word' id='word_1_772' title='bbox 2204 5148 2466 5200; x_wconf 90' lang='lat' dir='ltr'><strong>virtutum</strong></span> <span class='ocrx_word' id='word_1_773' title='bbox 2503 5146 2791 5206; x_wconf 83' lang='lat' dir='ltr'><strong>varietate,</strong></span> <span class='ocrx_word' id='word_1_774' title='bbox 2826 5142 2991 5196; x_wconf 90' lang='lat' dir='ltr'><strong>animi</strong></span> <span class='ocrx_word' id='word_1_775' title='bbox 3026 5142 3207 5194; x_wconf 86' lang='lat' dir='ltr'><strong>tunica</strong></span> <span class='ocrx_word' id='word_1_776' title='bbox 3237 5138 3384 5191; x_wconf 86' lang='lat' dir='ltr'><strong>varia</strong></span> <span class='ocrx_word' id='word_1_777' title='bbox 3422 5138 3505 5190; x_wconf 88' lang='lat' dir='ltr'><strong>in-</strong></span> 
     </span>
    </p>
   </div>
   <div class='ocr_carea' id='block_1_115' title="bbox 1946 5230 3505 5305">
    <p class='ocr_par' dir='ltr' id='par_1_115' title="bbox 1946 5230 3505 5305">
     <span class='ocr_line' id='line_1_115' title="bbox 1946 5230 3505 5305; baseline -0.008 -13"><span class='ocrx_word' id='word_1_778' title='bbox 1946 5242 2157 5305; x_wconf 78' lang='lat' dir='ltr'><strong>duitur;</strong></span> <span class='ocrx_word' id='word_1_779' title='bbox 2199 5254 2261 5291; x_wconf 93' lang='lat' dir='ltr'><strong>ac</strong></span> <span class='ocrx_word' id='word_1_780' title='bbox 2304 5240 2449 5293; x_wconf 85' lang='lat' dir='ltr'><strong>velut</strong></span> <span class='ocrx_word' id='word_1_781' title='bbox 2503 5238 2680 5290; x_wconf 84' lang='lat' dir='ltr'><strong>Aaron</strong></span> <span class='ocrx_word' id='word_1_782' title='bbox 2735 5234 2822 5289; x_wconf 83' lang='lat' dir='ltr'><strong>illo</strong></span> <span class='ocrx_word' id='word_1_783' title='bbox 2882 5230 3331 5292; x_wconf 78' lang='lat' dir='ltr'><strong>tintinnabula“,</strong></span> <span class='ocrx_word' id='word_1_784' title='bbox 3373 5243 3505 5282; x_wconf 92' lang='lat' dir='ltr'><strong>con—</strong></span> 
     </span>
    </p>
   </div>
   <div class='ocr_carea' id='block_1_116' title="bbox 1938 5326 3506 5400">
    <p class='ocr_par' dir='ltr' id='par_1_116' title="bbox 1938 5326 3506 5400">
     <span class='ocr_line' id='line_1_116' title="bbox 1938 5326 3506 5400; baseline -0.008 -13"><span class='ocrx_word' id='word_1_785' title='bbox 1938 5334 2157 5387; x_wconf 81' lang='lat' dir='ltr'><strong>cinnum</strong></span> <span class='ocrx_word' id='word_1_786' title='bbox 2216 5332 2528 5400; x_wconf 77' lang='lat' dir='ltr'><strong>apostolica:</strong></span> <span class='ocrx_word' id='word_1_787' title='bbox 2579 5329 2859 5398; x_wconf 74' lang='lat' dir='ltr'><strong>sapientia:</strong></span> <span class='ocrx_word' id='word_1_788' title='bbox 2914 5326 3151 5380; x_wconf 86' lang='lat' dir='ltr'><strong>sonitum</strong></span> <span class='ocrx_word' id='word_1_789' title='bbox 3196 5336 3506 5383; x_wconf 85' lang='lat' dir='ltr'><strong>assumens,</strong></span> 
     </span>
    </p>
   </div>
   <div class='ocr_carea' id='block_1_117' title="bbox 1939 5419 3510 5489">
    <p class='ocr_par' dir='ltr' id='par_1_117' title="bbox 1939 5419 3510 5489">
     <span class='ocr_line' id='line_1_117' title="bbox 1939 5419 3510 5489; baseline -0.009 -9"><span class='ocrx_word' id='word_1_790' title='bbox 1939 5428 2009 5480; x_wconf 89' lang='lat' dir='ltr'><strong>ita</strong></span> <span class='ocrx_word' id='word_1_791' title='bbox 2036 5425 2487 5479; x_wconf 82' lang='lat' dir='ltr'><strong>sanctificationis</strong></span> <span class='ocrx_word' id='word_1_792' title='bbox 2518 5422 2799 5487; x_wconf 75' lang='lat' dir='ltr'><strong>Sacerdos,</strong></span> <span class='ocrx_word' id='word_1_793' title='bbox 2831 5431 2993 5489; x_wconf 83' lang='lat' dir='ltr'><strong>atque</strong></span> <span class='ocrx_word' id='word_1_794' title='bbox 3028 5419 3218 5472; x_wconf 72' lang='lat' dir='ltr'><strong>ilOSlltB</strong></span> <span class='ocrx_word' id='word_1_795' title='bbox 3250 5431 3403 5470; x_wconf 76' lang='lat' dir='ltr'><strong>nova:</strong></span> <span class='ocrx_word' id='word_1_796' title='bbox 3431 5430 3510 5467; x_wconf 84' lang='lat' dir='ltr'><strong>sa-</strong></span> 
     </span>
    </p>
   </div>
   <div class='ocr_carea' id='block_1_118' title="bbox 1939 5504 3508 5583">
    <p class='ocr_par' dir='ltr' id='par_1_118' title="bbox 1939 5504 3508 5583">
     <span class='ocr_line' id='line_1_118' title="bbox 1939 5504 3508 5583; baseline -0.008 -13"><span class='ocrx_word' id='word_1_797' title='bbox 1939 5515 2156 5570; x_wconf 83' lang='lat' dir='ltr'><strong>crificus</strong></span> <span class='ocrx_word' id='word_1_798' title='bbox 2190 5533 2293 5569; x_wconf 89' lang='lat' dir='ltr'><strong>non</strong></span> <span class='ocrx_word' id='word_1_799' title='bbox 2325 5531 2417 5583; x_wconf 58' lang='lat' dir='ltr'><strong>per</strong></span> <span class='ocrx_word' id='word_1_800' title='bbox 2452 5514 2788 5583; x_wconf 51' lang='lat' dir='ltr'><strong>sanguinem,</strong></span> <span class='ocrx_word' id='word_1_801' title='bbox 2841 5513 2932 5565; x_wconf 79' lang='lat' dir='ltr'><strong>sed</strong></span> <span class='ocrx_word' id='word_1_802' title='bbox 2984 5526 3075 5580; x_wconf 90' lang='lat' dir='ltr'><strong>per</strong></span> <span class='ocrx_word' id='word_1_803' title='bbox 3131 5508 3382 5576; x_wconf 80' lang='lat' dir='ltr'><strong>Spiritum</strong></span> <span class='ocrx_word' id='word_1_804' title='bbox 3425 5504 3508 5559; x_wconf 85' lang='lat' dir='ltr'><strong>fa-</strong></span> 
     </span>
    </p>
   </div>
   <div class='ocr_carea' id='block_1_119' title="bbox 3062 5640 3503 5699">
    <p class='ocr_par' dir='ltr' id='par_1_119' title="bbox 3062 5640 3503 5699">
     <span class='ocr_line' id='line_1_119' title="bbox 3062 5640 3503 5699; baseline -0.011 0"><span class='ocrx_word' id='word_1_805' title='bbox 3062 5648 3101 5676; x_wconf 86' lang='lat'><strong>&quot;</strong></span> <span class='ocrx_word' id='word_1_806' title='bbox 3136 5646 3148 5698; x_wconf 96' lang='grc' dir='ltr'><strong>Ι</strong></span> <span class='ocrx_word' id='word_1_807' title='bbox 3185 5645 3309 5697; x_wconf 75' lang='lat' dir='ltr'><strong>Cor.</strong></span> <span class='ocrx_word' id='word_1_808' title='bbox 3361 5659 3411 5699; x_wconf 70' lang='grc' dir='ltr'><strong>χ.</strong></span> <span class='ocrx_word' id='word_1_809' title='bbox 3449 5640 3503 5694; x_wconf 73' lang='grc'><strong>4.</strong></span> 
     </span>
    </p>
   </div>
   <div class='ocr_carea' id='block_1_120' title="bbox 2984 5713 3501 5837">
    <p class='ocr_par' dir='ltr' id='par_1_120' title="bbox 2984 5713 3501 5837">
     <span class='ocr_line' id='line_1_120' title="bbox 2984 5713 3501 5773; baseline -0.012 -4"><span class='ocrx_word' id='word_1_810' title='bbox 2984 5719 3029 5748; x_wconf 78' lang='grc'><strong>’⁸</strong></span> <span class='ocrx_word' id='word_1_811' title='bbox 3057 5716 3220 5769; x_wconf 72' lang='grc' dir='ltr'><strong>Ευηι,</strong></span> <span class='ocrx_word' id='word_1_812' title='bbox 3281 5731 3387 5773; x_wconf 71' lang='lat' dir='ltr'><strong>xtv,</strong></span> <span class='ocrx_word' id='word_1_813' title='bbox 3449 5713 3501 5763; x_wconf 70' lang='lat'><strong>7».</strong></span> 
     </span>
     <span class='ocr_line' id='line_1_121' title="bbox 2984 5782 3501 5837; baseline -0.006 0"><span class='ocrx_word' id='word_1_814' title='bbox 2984 5805 3021 5837; x_wconf 60' lang='grc' dir='ltr'><strong>ι’.</strong></span> <span class='ocrx_word' id='word_1_815' title='bbox 3050 5790 3138 5837; x_wconf 71' lang='lat'><strong>23.</strong></span> <span class='ocrx_word' id='word_1_816' title='bbox 3257 5787 3295 5815; x_wconf 73' lang='grc'><strong>³³</strong></span> <span class='ocrx_word' id='word_1_817' title='bbox 3332 5782 3501 5837; x_wconf 71' lang='lat' dir='ltr'><strong>Exod.</strong></span> 
     </span>
    </p>
   </div>
   <div class='ocr_carea' id='block_1_121' title="bbox 3257 5800 3503 5835">
    <p class='ocr_par' dir='ltr' id='par_1_121' title="bbox 3257 5800 3503 5835">
     <span class='ocr_line' id='line_1_122' title="bbox 3257 5800 3503 5835; baseline -0.004 0"><span class='ocrx_word' id='word_1_818' title='bbox 3257 5800 3295 5815; x_wconf 78' lang='lat'>”</span> <span class='ocrx_word' id='word_1_819' title='bbox 3332 5800 3503 5835; x_wconf 64' lang='lat' dir='ltr'><strong>LXUU.</strong></span> 
     </span>
    </p>
   </div>
   <div class='ocr_carea' id='block_1_122' title="bbox 2417 5647 2956 5706">
    <p class='ocr_par' dir='ltr' id='par_1_122' title="bbox 2417 5647 2956 5706">
     <span class='ocr_line' id='line_1_123' title="bbox 2417 5647 2956 5706; baseline -0.002 -5"><span class='ocrx_word' id='word_1_820' title='bbox 2417 5653 2460 5682; x_wconf 82' lang='grc'><strong>¹⁰</strong></span> <span class='ocrx_word' id='word_1_821' title='bbox 2504 5650 2671 5703; x_wconf 57' lang='grc' dir='ltr'><strong>ιςξίυιι.</strong></span> <span class='ocrx_word' id='word_1_822' title='bbox 2728 5665 2856 5706; x_wconf 76' lang='lat' dir='ltr'><strong>xvn,</strong></span> <span class='ocrx_word' id='word_1_823' title='bbox 2905 5647 2956 5700; x_wconf 88' lang='grc'><strong>6.</strong></span> 
     </span>
    </p>
   </div>
   <div class='ocr_carea' id='block_1_123' title="bbox 2656 5719 2876 5779">
    <p class='ocr_par' dir='ltr' id='par_1_123' title="bbox 2656 5719 2876 5779">
     <span class='ocr_line' id='line_1_124' title="bbox 2656 5719 2876 5779; baseline 0.005 -7"><span class='ocrx_word' id='word_1_824' title='bbox 2656 5721 2738 5779; x_wconf 77' lang='grc'><strong>15,</strong></span> <span class='ocrx_word' id='word_1_825' title='bbox 2796 5719 2876 5773; x_wconf 82' lang='grc'><strong>17.</strong></span> 
     </span>
    </p>
   </div>
   <div class='ocr_carea' id='block_1_124' title="bbox 2614 5790 3138 5853">
    <p class='ocr_par' dir='ltr' id='par_1_124' title="bbox 2614 5790 3138 5853">
     <span class='ocr_line' id='line_1_125' title="bbox 2614 5790 3138 5853; baseline -0.004 -11"><span class='ocrx_word' id='word_1_826' title='bbox 2614 5794 2652 5822; x_wconf 77' lang='grc'><strong>³¹</strong></span> <span class='ocrx_word' id='word_1_827' title='bbox 2692 5792 2858 5845; x_wconf 72' lang='lat' dir='ltr'><strong>Exod.</strong></span> <span class='ocrx_word' id='word_1_828' title='bbox 2896 5805 3021 5853; x_wconf 71' lang='lat' dir='ltr'><strong>xxv,</strong></span> <span class='ocrx_word' id='word_1_829' title='bbox 3050 5790 3138 5841; x_wconf 66' lang='lat'><strong>’23.</strong></span> 
     </span>
    </p>
   </div>
   <div class='ocr_carea' id='block_1_125' title="bbox 2225 5722 2565 5781">
    <p class='ocr_par' dir='ltr' id='par_1_125' title="bbox 2225 5722 2565 5781">
     <span class='ocr_line' id='line_1_126' title="bbox 2225 5722 2565 5781; baseline 0.003 -8"><span class='ocrx_word' id='word_1_830' title='bbox 2225 5725 2267 5753; x_wconf 58' lang='lat'><strong>*5</strong></span> <span class='ocrx_word' id='word_1_831' title='bbox 2315 5722 2429 5775; x_wconf 75' lang='lat' dir='ltr'><strong>JTH&#39;.</strong></span> <span class='ocrx_word' id='word_1_832' title='bbox 2488 5738 2565 5781; x_wconf 90' lang='lat' dir='ltr'><strong>tu,</strong></span> 
     </span>
    </p>
   </div>
   <div class='ocr_carea' id='block_1_126' title="bbox 2128 5795 2497 5855">
    <p class='ocr_par' dir='ltr' id='par_1_126' title="bbox 2128 5795 2497 5855">
     <span class='ocr_line' id='line_1_127' title="bbox 2128 5795 2497 5855; baseline -0.008 -10"><span class='ocrx_word' id='word_1_833' title='bbox 2128 5798 2158 5820; x_wconf 52' lang='grc' dir='ltr'><strong>λ’</strong></span> <span class='ocrx_word' id='word_1_834' title='bbox 2200 5795 2297 5846; x_wconf 69' lang='lat' dir='ltr'><strong>lsa.</strong></span> <span class='ocrx_word' id='word_1_835' title='bbox 2336 5811 2408 5855; x_wconf 70' lang='grc' dir='ltr'><strong>λι,</strong></span> <span class='ocrx_word' id='word_1_836' title='bbox 2448 5797 2497 5844; x_wconf 65' lang='grc' dir='ltr'><strong>ιζ.</strong></span> 
     </span>
    </p>
   </div>
  </div>
