4186 6434
793 417 897 478 475

1985 415 2272 472 ἫΕΕΤίΕ
2311 415 2834 474 PAl’llLAGONlS

3929 408 4034 469 οίῖϋ

795 538 916 580 ctus
947 533 1050 581 est.
1089 523 1206 578 Non
1243 524 1388 579 enim
1416 539 1480 579 ex
1512 525 1717 580 umbrae
1769 541 1974 591 rerum,
2004 525 2096 578 sed
2130 543 2194 579 ex
2225 527 2364 579 veri-
2392 528 2438 585 Λ
2469 525 2666 593 injuste
2729 535 2908 578 autem
2965 523 3216 577 Ecclesiis
3277 522 3578 584 submotos,
3628 520 3760 574 locis
3795 537 4032 590 propriis

799 618 928 672 latis
962 617 1205 682 ratione;
1259 632 1359 669 nec
1402 616 1557 685 juxta
1593 617 1838 672 ordinem
1869 618 2071 682 Aaron,
2122 617 2215 670 sed
2257 635 2360 685 qua

801 713 1010 763 ratione
1043 709 1260 763 divinus
1295 708 1518 772 Paulus,
1543 710 1689 778 regni
1724 709 2012 778 leangelio
2039 710 2360 777 defungens;

797 818 882 864 ac,
911 801 1052 853 sicut
1102 817 1330 869 magnus
1386 802 1476 855 ille
1525 801 1766 868 pontifex
1796 800 1958 854 Jesus
1984 803 2238 855 (Ihristus
2264 817 2362 870 pro

793 910 894 948 suo
925 895 1124 963 populo
1152 897 1366 949 victima
1393 894 1590 956 factus,
1631 909 1928 964 precesque
1957 893 2215 956 oﬂ‘erens,
2252 910 2358 946 non

791 991 960 1042 semel
1021 992 1072 1042 in
1124 1005 1268 1043 anno
1327 992 1378 1042 iu
1424 991 1627 1044 sanctis
1654 998 1970 1044 sanctorum
2001 988 2358 1052 versabatur;

793 1080 886 1132 sed
927 1080 1262 1133 incessanter
1294 1081 1520 1149 spiritali
1569 1091 1732 1149 atque
1789 1080 1998 1134 cmlesti
2042 1081 2202 1134 altari
2233 1095 2359 1148 pro-

793 1172 1086 1239 pinquans,
1127 1172 1250 1225 inde
1275 1173 1433 1226 nobis
1469 1172 1699 1226 salutem
1729 1182 2008 1240 operatur.

864 1262 920 1315 lu
963 1278 1088 1316 eum
1153 1266 1391 1327 modum,
1425 1265 1622 1318 nedum
1670 1263 1848 1317 Moses
1875 1263 2151 1333 Theologo
2181 1279 2354 1317 ese-m-

792 1355 940 1422 plum
967 1355 1214 1420 efﬁcitur,
1243 1371 1431 1409 vermn
1484 1358 1645 1409 etiam
1688 1357 1909 1410 Aaron:
1946 1357 1997 1409 in
2035 1355 2178 1425 quod
2215 1357 2364 1424 aspi-

792 1446 961 1502 ciens.
993 1458 1254 1515 quautum
1291 1450 1486 1501 veritas
1531 1449 1776 1501 umbram
1814 1451 1984 1518 ipsam
2020 1450 2186 1518 ﬁgura
2217 1448 2363 1502 desi-

793 1548 1043 1604 gnantem
1088 1539 1361 1606 praecellit,
1401 1548 1630 1602 tantum,
1656 1541 1919 1600 arbitror,
1964 1539 2069 1593 illis
2103 1539 2364 1592 illustrior

792 1627 1095 1679 ostenditur
1147 1643 1207 1679 ac
1233 1626 1543 1695 perfectior.
1572 1629 1710 1693 Qnid
1736 1630 1894 1681 vero?
1928 1629 2029 1692 Qui
2056 1629 2135 1681 sic
2169 1631 2360 1682 horum

791 1717 1034 1770 imitatus
1062 1719 1248 1782 vitam,
1279 1719 1412 1772 adeo
1447 1720 1511 1773 iis
1539 1722 1787 1788 Superior
1825 1721 2130 1789 clariorque
2157 1720 2357 1784 eluxit;

790 1825 918 1861 num
938 1825 968 1862 a
986 1811 1322 1877 sequentium
1343 1812 1726 1878 prophetarum
1771 1813 2218 1880 atqnejustorum
2241 1812 2362 1864 imi-

792 1899 1242 1953 tatiouedefecit?
1270 1910 1362 1952 aut
1398 1901 1534 1953 alios
1565 1901 1780 1970 quidem
1806 1902 1926 1955 aliis
1954 1904 2150 1956 virtute
2183 1902 2361 1956 claros

791 1989 1029 2044 imitatus
1061 2001 1160 2054 est,
1188 2006 1293 2043 non
1315 1991 1440 2044 item
1472 1993 1960 2048 alios?automnes
1990 1995 2226 2062 quidem,
2261 1995 2362 2046 ali-

789 2097 898 2150 quo
920 2093 1096 2136 tamen
1116 2085 1453 2153 prat‘t'ipietale
1467 2087 1718 2153 palmam,
1742 2088 2024 2154 ipsumque
2042 2087 2362 2153 superante?

789 2180 884 2224 aut
917 2172 1138 2239 paribus
1173 2174 1348 2225 modis
1379 2174 1631 2227 virtutem
1662 2175 1861 2243 gessit?
1894 2185 1985 2227 aut
2017 2175 2211 2244 exiguo
2247 2191 2273 2228 a
2304 2191 2361 2230 se

790 2264 1096 2326 illlel‘Vulit),
1141 2267 1490 2333 proximeque
1521 2269 1787 2319 secumlas
1825 2267 2038 2320 virtutis
2070 2269 2361 2322 referentes

791 2356 912 2410 illos
963 2357 1214 2426 reliquit?
1252 2357 1468 2410 Minime
1503 2359 1763 2427 gentium.
1796 2356 1896 2423 Qui
1943 2359 2086 2412 enim
2141 2358 2359 2429 Moysen

793 2449 1070 2514 prophetis
1099 2448 1373 2512 omnibus,
1403 2465 1464 2502 ac
1499 2451 1562 2503 iis
1601 2451 1693 2519 qui
1734 2451 1875 2519 leges
1911 2453 2169 2515 tulerunt,
2205 2451 2363 2521 longe

795 2547 1164 2606 praestantem,
1227 2538 1364 2591 adeo
1423 2541 1731 2604 antecellit;
1777 2551 1983 2608 quanto
2029 2543 2202 2609 magis
2233 2543 2360 2594 reli-

789 2644 929 2695 quos
977 2628 1310 2683 abundantia
1370 2632 1784 2699 magniﬁcentiae
1828 2633 2013 2702 gratiae
2054 2633 2364 2701 superabit?

796 2717 990 2770 Verum
1023 2719 1089 2771 ad
1123 2734 1184 2772 ea
1216 2736 1338 2788 quae
1368 2721 1626 2774 continua
1677 2723 1817 2775 serie
1869 2724 1934 2774 ad
1971 2723 2086 2789 ejus
2117 2726 2236 2777 vitae
2275 2741 2362 2777 ra-

792 2809 956 2862 tionis
988 2821 1397 2864 monumentum
1421 2824 1690 2881 spectaut,
1707 2828 1884 2883 operae
1905 2816 2152 2883 pretium,
2168 2816 2361 2870 iterum

791 2901 1095 2953 orationem
1125 2902 1472 2956 reducamus.

862 2991 1080 3046 [nterim
1108 2990 1371 3063 Gregorio
1402 2996 1550 3048 hisee
1571 2995 1843 3065 intpenso,
1877 3011 1941 3051 ac
1962 2998 2091 3051 dum
2117 3009 2364 3054 errantes

789 3083 1008 3152 quidem
1043 3100 1185 3140 oves
1242 3087 1455 3141 reducit
1494 3087 1574 3154 ³⁶;
1606 3091 1797 3156 quaerit
1838 3099 2017 3143 autem
2043 3107 2162 3158 qua:
2191 3094 2364 3160 perie-

791 3186 934 3242 rant,
965 3192 1028 3232 ac
1059 3179 1324 3233 contritas
1353 3179 1558 3248 alligat,
1601 3181 1675 3232 uti
1727 3195 1897 3234 sacrae
1925 3184 2220 3251 prophetiae
2249 3200 2363 3237 ver-

791 3268 874 3321 bis
915 3269 1186 3335 proditum
1218 3279 1300 3322 est
1333 3288 1344 3322 :
1377 3270 1791 3340 virentibusque
1853 3274 2083 3326 collocat
2122 3277 2361 3342 pascuis,

791 3371 854 3412 ac
888 3374 1028 3413 verae
1059 3359 1376 3415 refcctiouis
1413 3376 1553 3431 aqua
1606 3363 1902 3429 educat";
1928 3367 2184 3432 omnique
2227 3368 2362 3434 (tum

790 3467 912 3518 quae
962 3451 1026 3504 ad
1077 3453 1346 3506 actionem
1401 3469 1710 3522 moresque,
1756 3463 1868 3508 tum
1917 3473 2037 3524 quae
2077 3459 2142 3510 ad
2205 3459 2363 3512 ﬁdem

791 3540 1045 3608 pertinet)
1107 3549 1363 3611 tanquam
1425 3543 1593 3596 herba
1644 3544 1892 3599 lethifera
1953 3557 2114 3615 atque
2179 3550 2362 3614 noxia,

792 3631 937 3698 ipsas
974 3631 1263 3700 iniquitate
1311 3648 1523 3699 arcens,
1552 3649 1716 3703 super
1764 3637 1986 3691 semitas
2025 3639 2174 3692 ducit
2206 3639 2365 3708 justi-

793 3721 922 3785 tiae;
985 3738 1051 3777 ac
1102 3723 1217 3794 lege
1276 3725 1476 3788 sancit,
1513 3741 1619 3778 non
1677 3736 2082 3798 temporaneam
2116 3720 2364 3801 corporis

790 3815 1256 3882 eumndationem,
1294 3818 1387 3870 sed
1420 3833 1614 3872 sensus
1649 3821 1830 3872 carnis
1862 3822 2360 3887 mortiﬁcationem;

793 3917 967 3970 neque
991 3904 1154 3956 ritum
1187 3920 1296 3974 quo
1354 3906 1698 3959 immolanda:
1743 3909 2062 3963 animalium
2106 3913 2361 3977 victimae,

791 3996 1056 4061 ostendit;
1095 3997 1186 4050 sed
1219 3998 1453 4065 Spiritus
1476 3999 1914 4066 viviﬁcationem,
1943 4019 2062 4070 quae
2090 4019 2182 4071 per
2206 4005 2362 4059 ﬁdem

790 4089 1042 4152 exsistit;
1077 4104 1140 4142 ac
1171 4090 1314 4142 velut
1349 4092 1560 4160 sagittis
1593 4092 1946 4146 solertissime
1973 4095 2360 4148 Anomworum

791 4178 952 4230 corda
1003 4177 1146 4240 ferit,
1206 4180 1462 4246 velantque
1514 4180 1865 4234 lucidissimis
1919 4183 2122 4245 radiis,
2175 4199 2362 4237 sacro-

791 4271 994 4324 sanctis
1031 4271 1294 4324 doctrinis
1322 4273 1460 4336 suis,
1497 4274 1682 4327 electis
1718 4275 1890 4327 luccm
1943 4277 2257 4344 praetendit;
2297 4279 2363 4331 de

795 4374 1010 4431 repente
1039 4364 1266 4417 ευινιιιιι·
1322 4365 1539 4433 ruitque
1581 4367 1845 4434 tyrannis,
1881 4383 1942 4420 ac
1992 4368 2226 4436 legitima
2264 4370 2363 4422 im—

795 4454 925 4520 perii
973 4464 1212 4522 potestas
1266 4455 1616 4521 designatur:
1681 4473 1744 4510 ac
1796 4457 2088 4526 impiorum
2146 4461 2362 4529 quidem

2469 618 2795 670 restitueret.

2536 708 2706 760 Porro
2736 718 2791 759 ut
2821 705 3260 774 auspicatissimo
3306 703 3530 758 exordio
3577 703 3811 757 delatum
3853 703 4030 772 impe-

2464 797 2606 850 rium
2637 799 2818 860 iniret,
2843 799 2950 851 duo
2990 799 3100 850 hac
3143 805 3200 849 ιιι
3232 808 3564 866 exsequatur
3598 797 3882 866 diligenter
3911 798 4033 849 eui-

2465 889 2619 942 titur.
2643 891 2900 955 Quaenam
2957 890 3089 942 illa?
3122 887 3189 941 Ut
3231 905 3424 956 nempe
3448 889 3781 942 (ecumenica
3821 891 4033 958 synodo

2461 978 2658 1034 Nicaeae
2694 981 2944 1034 Pati-ibus
2982 983 3197 1036 decreta
3240 981 3592 1045 conﬁrmans,
3637 995 3760 1049 quae
3812 995 4030 1034 succre-

2463 1081 2653 1124 verant
2678 1073 2939 1126 haeresum
2971 1073 3237 1127 novitates
3260 1073 3642 1143 exstingueret,
3683 1072 3912 1140 litesque
3944 1087 4036 1125 ec-

2463 1163 2801 1218 clesiasticas
2828 1164 3157 1233 dispelleret.
3189 1164 3312 1220 Haec
3334 1164 3510 1235 Magni
3535 1165 3820 1219 Theodosii
3859 1165 4034 1233 prima

2463 1256 2674 1309 consilii
2707 1259 2888 1322 ratio;
2924 1267 2980 1310 ιιι
3034 1267 3214 1312 autem
3265 1259 3586 1329 Gregorium
3635 1261 3688 1311 iu
3719 1257 4038 1312 Constanti-

2464 1348 2779 1416 nopolitana
2816 1351 2942 1404 sede
2973 1350 3284 1416 collocaret,
3311 1352 3361 1403 id
3394 1351 3470 1403 illi
3523 1349 3826 1403 secundum
3873 1362 4034 1415 opus,

2465 1440 2602 1493 nihil
2630 1443 2812 1509 priore
2833 1444 3029 1511 impar,
3051 1453 3144 1496 aut
3174 1444 3466 1512 quidquam
3506 1442 3725 1511 segnius
3761 1451 4033 1493 curatum.

2535 1532 2830 1600 Gregorius
2862 1546 3067 1600 autem,
3108 1534 3197 1604 qui
3223 1535 3462 1587 animum
3511 1532 3660 1585 omni
3696 1529 4036 1598 superiorem

2463 1626 2758 1680 ambitione
2804 1625 3068 1685 haberet.
3131 1626 3477 1694 paternisque
3546 1624 3846 1677 visceribus
3902 1638 4036 1687 erga

2464 1732 2678 1787 gregem
2707 1717 2932 1770 allectus
2962 1727 3456 1782 esset,couccssam
3482 1716 3698 1784 quidem
3733 1712 4033 1766 Ecclesium

2467 1810 2859 1864 libentissimus
2888 1812 3117 1879 recepit;
3151 1811 3286 1863 inire
3306 1820 3485 1863 autem
3532 1809 3739 1872 sedem,
3773 1809 4036 1860 hactenus

2392 1883 2433 1937 Β
2463 1902 2762 1956 differebat.
2783 1901 2972 1957 Postea
2991 1915 3190 1967 tamen,
3211 1905 3259 1956 vi
3282 1903 3498 1971 quidem
3518 1941 3532 1966 ,
3559 1911 3612 1954 at
3635 1903 3798 1954 cessit
3831 1900 4035 1952 nihilo-

2464 1994 2644 2050 minus
2684 1996 3086 2064 episcop0rum_
3113 1997 3249 2050 votis
3271 2038 3285 2060 ,
3331 2011 3453 2048 cum
3499 1994 3730 2048 aliorum
3759 1992 4034 2059 plurium,

2465 2098 2576 2140 tum
2599 2089 2899 2142 Antiochiae
2923 2090 3202 2158 praesulis;
3241 2088 3422 2157 magni
3454 2087 3660 2142 scilicet
3686 2087 3829 2139 illius
3874 2084 4038 2136 Mele-

2465 2181 2544 2242 tii,
2575 2180 2666 2249 qni
2702 2182 2869 2234 multa
2904 2180 3111 2249 pridem
3165 2196 3228 2235 ac
3277 2191 3494 2234 strenua
3519 2188 3718 2241 sanctae
3748 2176 4036 2231 Trinitatis

2463 2288 2627 2325 causa
2687 2271 2858 2326 fertur
2899 2273 3196 2328 desudasse
3244 2274 3564 2326 certamina.
3611 2270 3780 2340 llujus
3817 2271 4024 2323 divinis

2459 2364 2704 2432 judiciis,
2738 2365 3001 2434 pizobique
3055 2365 3399 2433 imperatoris
3450 2365 3502 2418 id
3552 2365 3807 2418 enitentis
3859 2363 3933 2426 vi,
3969 2378 4036 2415 ac

2465 2456 2704 2508 lidelium
2773 2456 2971 2510 civium
3032 2457 3256 2510 adactus
3313 2457 3818 2520 obsecrationibus;
3899 2457 4036 2524 quin

2464 2546 2660 2599 divinis
2717 2548 2898 2614 potius
2946 2548 3255 2615 obsequens
3289 2547 3530 2610 nutibus,
3576 2547 3642 2600 ad
3684 2549 3908 2609 celsam,
3938 2562 4037 2615 pro

2465 2640 2723 2692 antistitis
2763 2655 2990 2694 munere
3012 2640 3346 2706 pra-lationis
3377 2640 3582 2704 sedem,
3617 2640 3887 2694 evehitur.
3927 2638 4038 2691 Lu-

2464 2745 2627 2782 cerna
2661 2746 2824 2799 super
2869 2733 3254 2785 candelabrum
3299 2732 3548 2786 sublimis
3592 2731 3924 2796 collocatur;
3973 2747 4041 2784 ac

2465 2820 2823 2887 praedicator,
2901 2823 3179 2890 speculam
3251 2823 3623 2876 sublimiorem
3699 2823 4036 2892 aggreditur.

2465 2911 2604 2974 Quid
2637 2912 2800 2965 vero?
2821 2928 2887 2966 an
2915 2929 3036 2981 quae
3060 2922 3278 2981 praestat
3303 2913 3521 2980 regibus
3539 2922 3596 2966 ut
3621 2923 3844 2982 regnent
3869 2929 4039 2981 super

2466 3012 2689 3068 terram,
2717 3019 2782 3058 ac
2827 3006 3075 3074 tyrannis
3119 3016 3176 3058 ut
3205 3005 3553 3059 dominentur
3593 3014 3748 3057 terra:
3776 3005 3841 3068 ³’,
3879 3006 4038 3056 beata

2466 3098 2704 3151 Trinitas
2725 3138 2740 3162 ,
2779 3098 3118 3166 suscitatque
3145 3097 3213 3150 de
3261 3105 3404 3151 terra
3449 3097 3688 3166 inopem,
3714 3111 3778 3149 ac
3808 3096 3874 3149 de
3900 3107 4042 3150 stet-

2466 3205 2593 3242 core
2631 3190 2805 3243 elevat
2831 3205 3121 3258 pauperem
3153 3189 3219 3252 ⁸⁰,
3257 3204 3366 3242 non
3397 3190 3559 3242 etiam
3592 3189 4040 3256 probatissimum

2469 3281 2756 3346 faiiinlum,
2794 3281 3035 3349 ipsisque
3064 3282 3223 3335 rebus
3245 3279 3700 3350 Perfectissimum
3729 3281 4042 3348 praesulem,

2467 3370 2520 3423 in
2555 3370 2830 3438 pontiﬁcia
2869 3372 2996 3424 sede
3024 3370 3352 3424 collocaret?

2537 3466 2783 3515 Atnemo
2814 3460 3110 3531 illegitime,
3146 3471 3444 3530 contraque
3472 3476 3538 3515 ac
3577 3475 3730 3516 sacra
3778 3459 4045 3513 Ecclesiae

2466 3554 2650 3620 regula
2674 3562 2934 3607 statutum
2955 3565 3054 3618 est,
3083 3554 3149 3608 ad
3170 3555 3382 3608 tertiam
3399 3569 3524 3608 eum
3547 3553 3841 3608 arbitretur
3868 3562 4053 3605 trans-

2467 3643 2593 3719 l'crri
2621 3647 2826 3701 sedem.
2861 3643 2996 3698 Nam
3049 3661 3226 3714 neque
3267 3660 3330 3700 ea
3367 3661 3456 3701 res
3502 3645 3788 3698 translatio
3813 3655 3921 3708 est,
3946 3647 4046 3698 sed

2465 3737 2677 3799 electio,
2736 3738 3019 3804 primaque
3070 3752 3135 3790 ac
3189 3737 3348 3791 unica
3399 3738 3451 3790 iu
3489 3737 3623 3791 urbe
3655 3748 3883 3807 augusta
3942 3754 4051 3805 pro

2465 3828 2703 3896 episcopi
2736 3829 3023 3897 dignitate,
3057 3837 3222 3896 atque
3276 3843 3499 3883 munere
3536 3829 3680 3883 sedis
3721 3830 4044 3883 collocatio.

2465 3913 2599 3966 Nam
2636 3915 2781 3984 quod
2815 3915 2992 3984 primo
3016 3915 3271 3980 Sasimis,
3323 3917 3400 3969 uti
3439 3917 3708 3981 dicebam,
3751 3917 4050 3986 praefectus

2465 4012 2566 4063 εει,
2621 4001 2672 4055 id
2712 4002 2892 4056 solum
2944 4006 3302 4072 promotiouis
3343 4021 3509 4059 causa
3545 4005 3666 4065 fuit.
3697 4022 3820 4059 cum
3865 4023 4051 4076 neque

2466 4091 2647 4142 sedem
2679 4090 2961 4159 receperit,
3001 4106 3101 4145 nec
3159 4093 3384 4144 omnino
3415 4092 3526 4144 illic
3563 4092 3922 4155 ordinaverit,
3959 4096 4050 4144 nl-

2465 4182 2641 4236 lamve
2677 4185 2959 4257 mysticam
2989 4183 3344 4238 initiationem
3379 4199 3477 4253 pro
3509 4185 3770 4238 antistitis
3793 4187 4052 4254 partibus

2465 4274 2850 4340 celebraverit;
2876 4275 3019 4344 quod
3057 4291 3248 4344 nempe
3280 4276 3492 4328 viculus
3526 4276 3589 4328 ad
3624 4277 4048 4330 sustentandam

2465 4369 2829 4437 episc0palem
2862 4370 3042 4424 sedem
3071 4379 3218 4422 esset
3270 4369 3495 4424 omnino
3528 4369 3762 4437 ineptus.
3799 4367 4052 4421 Nuliatll-

2467 4475 2654 4512 zcnam
2689 4470 2867 4513 autem
2903 4459 3216 4512 cathedram
3249 4461 3525 4526 quondam
3562 4459 3863 4520 curavisse.
3911 4475 4049 4512 cum

793 4555 1032 4612 potestas
1061 4547 1274 4614 penitus
1306 4547 1634 4609 eliminatur.
1665 4549 1874 4618 piorum
1912 4561 2090 4604 autem
2123 4555 2364 4622 reliquiae
2397 4564 2440 4617 υ
2468 4562 2619 4620 pater
2660 4551 2806 4604 illius
2859 4551 3151 4620 episc0pus
3179 4560 3325 4603 esset
3357 4565 3370 4601 :
3402 4557 3458 4603 at
3500 4565 3608 4602 non
3637 4549 3758 4617 ejus
3790 4560 4049 4603 creatum

793 4638 1043 4689 li.tnciam
1081 4649 1335 4703 sumunt;
1372 4641 1747 4694 haereticorum
1785 4644 1976 4697 merito
2004 4646 2354 4712 supercilium

792 4730 1119 4794 detrahitur,
1181 4731 1385 4798 Deique
1439 4733 1638 4800 populo
1693 4747 1859 4785 cornu
1909 4734 2101 4788 salutis
2129 4738 2363 4789 su-cita-

793 4822 952 4875 tnr“
1005 4832 1166 4890 atque
1219 4825 1487 4892 exsurgit,
1538 4824 1830 4892 imperator
1874 4826 2359 4890 clementissimus.

794 4913 1167 4981 malorumque
1198 4914 1322 4964 odio
1385 4917 1861 4981 propensissimus.
1907 4914 1976 4978 ls,
2019 4917 2128 4969 duo
2161 4921 2362 4986 optima

792 5023 974 5060 serum
1006 5006 1322 5067 constituit;
1354 5016 1410 5057 ut
1433 5023 1641 5074 nempe,
1661 5007 1960 5075 quitrinam
1986 5012 2356 5066 monarchiam

791 5111 1031 5153 evertere
1069 5101 1394 5166 viderentur,
1430 5102 1685 5169 probrum
1721 5105 1923 5154 honore
1959 5113 2358 5159 ronnnutautes

791 5201 1083 5256 everteret;
1115 5191 1203 5260 qui
1236 5204 1416 5246 autem
1453 5192 1567 5261 pari
1607 5191 1833 5257 honore,
1865 5202 2113 5246 naturam
2153 5195 2357 5251 honore

794 5298 975 5351 parem
1005 5321 1020 5345 ,
1066 5293 1228 5352 atque
1280 5288 1540 5352 aqualem
1577 5299 1743 5352 supra
1771 5300 1933 5352 quam
1979 5285 2313 5341 honorarent
2339 5329 2355 5353 ,

791 5387 954 5444 atque
1004 5377 1285 5437 colerent,
1337 5377 1544 5430 honore
1587 5387 1841 5445 exceptos
1893 5379 2145 5446 erigeret,
2197 5389 2359 5449 atque

789 5482 887 5522 eos
911 5470 1003 5538 qui
1035 5469 1192 5523 sedes
1227 5469 1275 5520 vi
1298 5469 1698 5530 iuscenderaut,
1728 5471 1949 5536 spretim
1972 5471 2354 5539 submoveret;

2461 4659 2582 4697 esse
2615 4643 2952 4712 episcopum,
3008 4652 3100 4696 aut
3144 4643 3326 4696 sedem
3377 4641 3524 4694 illam
3570 4656 3809 4710 unquam
3844 4656 4052 4695 susce-

2462 4737 2627 4802 pisse.
2676 4733 2863 4787 Solum
2918 4745 3097 4785 autem
3143 4731 3321 4785 Patris
3381 4733 3594 4785 hortatu
3639 4746 3702 4784 ac
3738 4731 3921 4799 jussu,
3988 4743 4054 4785 ut

2463 4826 2604 4880 sacri
2663 4824 2945 4877 ministerii
3004 4824 3276 4877 defectum
3321 4824 3604 4891 impleret,
3656 4824 3734 4877 sic
3780 4821 4054 4876 Ecclesiae

2462 4933 2648 4971 curam
2689 4917 3016 4985 suscepiSse,
3066 4927 3123 4969 ιιι
3148 4926 3378 4970 senectae
3420 4915 3675 4976 fulcrum,
3707 4930 3769 4968 ac
3799 4925 4054 4983 paternae

2465 5010 2853 5062 imbecillitatis
2911 5009 3344 5063 sustentaculum
3405 5008 3642 5062 audiret.
3689 5004 3766 5059 Ita
3813 5020 3948 5059 vero
3983 5024 4052 5061 se

2467 5120 2576 5156 rem
2603 5103 2824 5166 habere,
2847 5105 3010 5157 etiam
3045 5121 3108 5158 ex
3140 5105 3207 5159 iis
3247 5103 3599 5173 perspicuum
3635 5111 3739 5165 est,
3763 5115 3886 5169 qua:
3919 5100 4051 5168 ipse

2465 5197 2532 5248 ad
2561 5196 2882 5265 Gregorium
2919 5198 3021 5250 sibi
3065 5197 3442 5267 cognominem
3477 5194 3669 5248 scribit
3705 5193 3840 5262 (Η).
3889 5191 4052 5245 Inter

2465 5307 2639 5343 ontues
2686 5292 2871 5344 etenim
2905 5301 3105 5344 constat
3165 5309 3242 5344 me
3296 5308 3398 5342 non
3441 5288 3732 5348 Naziunzi,
3767 5288 3853 5339 sed
3887 5286 4044 5340 Susi-

2466 5397 2669 5434 morum
2710 5384 3001 5436 antistitem
3031 5392 3266 5434 creatum
3297 5381 3502 5447 fuisse;
3553 5378 3759 5430 tametsi
3786 5379 3838 5428 in
3863 5382 4052 5439 patris

2468 5474 2832 5536 reverentiam,
2863 5487 2910 5524 et
2941 5489 3145 5535 eorum,
3194 5472 3284 5540 qui
3322 5471 3579 5539 supplices
3614 5470 3709 5520 Iwc
3739 5484 3769 5519 a
3802 5483 3878 5518 me
3911 5483 4054 5519 ruu-

901 5601 948 5632 ³⁸
981 5599 1127 5681 Psal'.‘
1154 5616 1296 5662 thv,
1330 5600 1389 5662 8;
1418 5598 1576 5681 llelir.
1613 5616 1648 5661 ι,
1778 5599 1854 5681 ,³⁵
1888 5599 2048 5653 Ιέῖιτριὶ.
2087 5617 2207 5665 ην,
2242 5605 2321 5657 l0.

2474 5605 2668 5658 Ειιιςιι.
2709 5623 2887 5668 xxxiv,
2915 5606 2967 5667 4,
2993 5607 3025 5660 5
3051 5623 3202 5675 seqq.
3280 5604 3320 5636 ³⁷
3350 5605 3493 5659 l'sal.
3532 5617 3668 5666 xxtt,
3691 5601 3746 5654 2.
3823 5600 3865 5630 ³³
3900 5599 4046 5657 Luc.

791 5689 830 5741 ι,
857 5673 944 5726 ϐυ.
1023 5671 1065 5702 ³⁸
1090 5668 1247 5731 Prov.
1287 5687 1403 5734 vui,
1443 5671 1525 5721 Ιέι.
1604 5673 1645 5702 ³ο
1679 5669 1819 5724 Ι¹διι1.
1853 5689 1980 5730 ιλιι,
2017 5673 2065 5721 ἷ.

864 5807 972 5868 (Η)
1008 5805 1158 5876 Epist
1214 5798 1448 5860 Billianae
1480 5809 1606 5860 edit.
1641 5808 1725 5860 42.
