4186 6434
219 463 322 522 4'77

927 458 1209 520 ORATIO
1246 460 1370 518 XX.
1423 485 1472 494 -
1515 459 1596 518 ΙΝ
1656 459 1970 520 LAUDEM
2007 460 2067 520 S.
2101 460 2478 522 GREGORII
2505 461 2778 522 TIIEOL.

3374 464 3480 530 478

218 570 523 630 tenderent,
549 567 618 618 ad
655 566 802 619 breve
825 574 1048 634 tempus,
1085 568 1239 634 quasi
1269 567 1497 634 hospites
1531 566 1808 635 pra'fcctu—
1841 569 1883 624 A
1911 568 2222 622 celebrante
2247 571 2310 630 “,
2344 570 2599 638 frequens
2629 568 2914 632 confluxit;
2952 585 3052 624 nec
3075 571 3152 626 sic
3179 570 3335 640 plena
3358 581 3481 628 ante

217 677 337 711 ram
362 658 709 723 suscepimus.
738 655 894 720 Quod
937 655 1101 724 igitur
1137 665 1289 724 pater
1325 657 1606 711 mortalem
1632 658 1798 710 vitam

215 751 400 803 divina
436 757 891 811 communiverat,
919 757 1201 800 vacantem
1254 747 1364 816 jam
1405 749 1684 802 inventum
1721 749 1802 802 di-

215 845 342 893 vina
395 839 635 910 Spiritus
693 839 886 908 gratia,
921 839 1153 907 vitaeque
1184 854 1247 891 ac
1271 840 1532 893 doctrinae
1561 841 1800 894 humana

215 933 427 1001 majore
480 933 791 1001 pra:stantia
859 941 1040 999 postea
1112 929 1480 982 clarissimum
1526 931 1800 994 elfectum,

218 1028 270 1078 in
299 1026 459 1078 urbis
487 1036 734 1089 augusta:
778 1025 916 1077 solio
941 1031 1205 1091 quantum
1243 1022 1416 1076 oculis
1443 1025 1800 1093 conspicuum

215 1126 356 1180 erat,
379 1117 702 1180 constituit;
736 1127 998 1184 quantum
1027 1123 1210 1168 autem
1241 1115 1423 1167 animo
1453 1117 1800 1185 aspectabile,

217 1210 369 1262 orbis
403 1220 674 1263 terrarum
702 1211 904 1264 bonum
951 1207 1257 1270 Pastorem,
1297 1224 1662 1277 magnumque
1705 1226 1805 1263 ano

219 1301 446 1355 tistitem
481 1302 727 1370 praeficit.

287 1395 486 1462 Opera:
548 1397 780 1464 pretium
853 1404 1033 1448 autem
1096 1405 1156 1447 ut
1210 1411 1310 1450 nec
1342 1396 1516 1464 ipsum
1554 1394 1804 1447 ineundae

216 1487 669 1541 sedistaceamus
709 1485 954 1540 modum.
1009 1485 1304 1554 Postquam
1359 1486 1504 1538 enim
1558 1483 1800 1537 divinum

216 1580 346 1632 illttd
378 1594 444 1631 ae
494 1577 746 1646 salutare.
777 1588 1101 1646 pra-ceptum
1159 1589 1322 1646 atque
1369 1578 1643 1630 decretum
1679 1592 1800 1644 per-

216 1672 503 1739 vulgatum
535 1677 618 1722 cst
660 1667 779 1722 fore
807 1667 1140 1738 Thcologum
1167 1669 1219 1721 in
1247 1675 1372 1722 sede
1401 1668 1798 1731 collocandum;

218 1762 447 1830 perinde
477 1775 606 1814 vero
652 1776 715 1814 ac
740 1761 908 1824 dicas,
947 1776 1110 1830 quam
1171 1763 1218 1815 is
1263 1761 1584 1813 'l‘rinitatem
1634 1760 1800 1811 Deum

215 1856 582 1925 prmdiCabat;
635 1854 818 1908 videre
865 1865 984 1907 erat
1041 1856 1350 1908 universam
1411 1852 1800 1922 propemodum

214 1949 379 2002 simul
417 1956 752 2005 creaturam.
778 1947 924 2000 illius
955 1946 1362 2000 sublimationis
1383 1960 1514 2014 ergo
1581 1959 1643 1997 ae
1678 1958 1802 2012 pro-

213 2040 689 2105 rectionissecum
713 2039 885 2106 ipsam
922 2037 1148 2090 moveri.
1174 2035 1330 2089 Tunc
1352 2035 1519 2098 enim,
1549 2033 1802 2096 arbitror,

214 2133 489 2187 caelorum
553 2131 785 2185 virtutes
854 2145 1078 2193 omnes,
1134 2138 1350 2192 mente,
1418 2127 1802 2188 immateriate.

214 2224 518 2292 inaspecte,
575 2231 915 2290 prmeuntcs,
967 2229 1280 2288 sequentes,
1351 2221 1656 2287 stipantes,
1710 2231 1806 2284 pro

215 2331 376 2368 sacro
411 2313 587 2368 divini
641 2312 891 2381 praesulis
945 2311 1194 2380 ingressu
1227 2311 1470 2378 jucunde
1505 2306 1801 2376 applaude-

216 2409 347 2461 bant
411 2424 427 2460 :
496 2421 691 2461 omnes
764 2405 1117 2475 profanorum
1186 2403 1493 2456 dannonum
1573 2410 1800 2463 turmae,

215 2507 491 2567 quotquot
524 2497 725 2551 aeriam
751 2497 1023 2564 regionem
1056 2493 1421 2558 circumeunt,
1456 2507 1518 2544 ac
1538 2498 1807 2560 quotquot

213 2588 393 2642 locum
429 2597 592 2641 terrae
648 2587 970 2639 viciniorem
1007 2585 1236 2654 adoptat,
1289 2585 1389 2636 hoc
1428 2584 1528 2636 sibi
1561 2582 1802 2634 studium

215 2691 427 2751 ponunt
450 2689 510 2733 ιιι
544 2678 828 2732 hominum
849 2693 1021 2747 genus
1048 2678 1336 2755 seduc'ant,
1370 2674 1576 2727 inferna
1609 2673 1805 2726 festiue

214 2773 444 2836 latibula
504 2772 782 2835 subibant,
846 2785 966 2823 cum
1028 2768 1286 2822 micantia
1344 2767 1513 2820 divini
1570 2764 1804 2834 Spiritus

215 2865 450 2935 fulgetra
498 2878 604 2916 non
675 2861 899 2916 ferrent.
935 2858 1128 2913 Omnis
1171 2874 1301 2912 vero
1355 2859 1564 2926 piorum
1603 2858 1800 2911 civium

216 2964 416 3012 cretus.
440 2953 585 3007 fideli
622 2952 934 3021 imperatori
965 2968 1029 3005 ex
1075 2951 1194 3004 fidei
1226 2952 1422 3019 Pietate
1452 2965 1656 3009 comes,
1688 2965 1805 3001 mo-

217 3050 581 3116 numentique
637 3047 860 3100 maximi
900 3044 1249 3099 festivitatem
1300 3043 1562 3096 antistitis
1594 3043 1803 3112 ingres-

215 3156 333 3193 sum
371 3140 607 3199 ducens,
643 3137 926 3208 splendide
971 3152 1251 3206 ovansque
1277 3137 1331 3189 in
1370 3151 1577 3189 sacram
1605 3137 1806 3204 pariter

214 3233 384 3287 aedem
420 3232 786 3300 irrumpebat.

286 3323 539 3376 Vidisses
595 3323 762 3390 igitur
821 3321 933 3375 illic
987 3321 1167 3391 populi
1236 3320 1472 3373 universi
1535 3320 1802 3386 plausus,

215 3414 461 3467 victoria:
501 3414 749 3477 cantica;
775 3428 838 3466 ac
869 3413 1068 3482 quibus
1113 3411 1242 3473 Deo,
1267 3412 1464 3480 quibus
1490 3411 1803 3478 imperatori

215 3517 399 3575 grates
429 3505 868 3560 exsolverentur.
905 3502 1144 3557 VidiSSes
1171 3502 1597 3568 viros,f~.-minas,
1626 3518 1804 3566 senes,

213 3612 437 3667 pueros,
472 3611 688 3661 servos,
731 3597 914 3659 heros,
978 3597 1257 3647 hominum
1305 3603 1520 3647 ιυῑειῑυιιι
1561 3611 1804 3659 omnem,

216 3705 379 3743 omne
409 3688 650 3742 instituti
688 3703 860 3756 genus
885 3686 976 3754 qtti
1005 3687 1329 3748 solitariam,
1389 3686 1593 3754 quique
1649 3685 1808 3754 vulgo

217 3784 403 3835 tritam
431 3783 600 3834 vitam
630 3788 871 3848 agerent,
891 3777 1204 3833 sacerdotes
1243 3794 1304 3830 ac
1333 3778 1519 3840 laicus,
1564 3793 1623 3830 ex
1658 3778 1806 3831 omni

217 3873 394 3926 ferme
429 3872 742 3934 hominum,
775 3870 918 3936 quod
959 3870 1060 3922 sub
1091 3868 1231 3921 cwlo
1259 3877 1363 3926 est,
1401 3885 1625 3937 genere.
1665 3869 1806 3921 haud

217 3983 379 4022 secus
413 3981 481 4020 ac
512 3964 779 4018 fluctuum
810 3963 1176 4032 eruptionem,
1198 3961 1557 4023 confluentes,
1581 3961 1809 4014 influen-

215 4072 314 4125 tes,
355 4067 697 4129 precuntes,
732 4064 1106 4119 occursantes,
1143 4054 1509 4122 itnpelleutes,
1541 4053 1592 4105 in
1618 4055 1809 4106 adver-

215 4167 333 4205 sum
366 4150 641 4220 pellentcs
672 4161 737 4200 ac
770 4145 860 4214 qui
897 4144 1246 4214 pellerentur,
1269 4141 1565 4212 gaudentes
1596 4157 1808 4206 omnes,

216 4256 414 4297 omnes
439 4237 1022 4309 gestientes,jucumlo
1049 4250 1242 4289 omnes
1263 4236 1468 4298 animo,
1502 4234 1813 4303 bonumque

217 4344 499 4388 certamen
544 4337 840 4384 certantes.
879 4326 956 4381 Ne
998 4326 1220 4397 quidem
1278 4325 1579 4394 virginibus
1613 4325 1693 4378 fas
1732 4324 1814 4377 vi.-

217 4426 454 4479 debatur
488 4432 549 4476 ut
582 4435 740 4475 sacro
772 4420 846 4473 illi
870 4439 875 4444 ’
897 4419 1221 4488 Spei-taculo
1264 4419 1540 4472 deessent.
1575 4420 1654 4472 Ac
1684 4432 1813 4471 vero

218 4519 315 4581 lue,
348 4519 590 4571 honesta
629 4514 896 4583 gravitate
945 4523 1168 4582 «ψει-ιδ’,
1224 4527 1381 4566 sacra
1429 4509 1620 4564 festive
1654 4518 1805 4580 septa

215 4610 574 4665 invadebant.
612 4608 837 4660 Cunctis
862 4615 1138 4660 certamen
1172 4615 1306 4667 erat,
1348 4605 1544 4674 piaque
1583 4579 1805 4659 cottten-
1835 4579 1882 4639 ί)

215 4704 306 4763 tio,
369 4702 467 4756 alii
513 4710 579 4754 ut
603 4699 902 4753 antistitem
935 4714 1102 4768 prope
1150 4698 1469 4763 accederet;
1507 4699 1618 4762 alii,
1654 4708 1713 4750 tit
1742 4698 1807 4753 iis

215 4796 302 4864 qui
342 4807 521 4864 prope
574 4792 905 4845 accedebant
933 4807 963 4846 e
995 4790 1175 4845 vicino
1203 4791 1556 4856 Succederet;
1592 4791 1704 4854 alii,
1749 4799 1808 4844 ut

216 4889 290 4941 vel
318 4887 573 4946 eminus,
603 4883 890 4952 ingressus
937 4883 1163 4947 videret,
1223 4886 1370 4938 velut
1425 4885 1554 4937 hinc
1589 4899 1806 4952 quoque

215 4979 574 5033 commodum
610 4975 813 5044 aliquid
845 4984 1198 5044 percepturus
1214 4990 1318 5028 εδει
1341 4987 1380 5028 t.
1403 4976 1634 5028 Animus
1661 4975 1805 5027 enim

213 5071 335 5125 fidei
371 5083 578 5129 sensu,
609 5068 658 5120 ei
683 5067 774 5136 qui
807 5067 1045 5120 creditur
1085 5075 1262 5119 mente
1296 5066 1644 5135 conjunctus.
1677 5066 1806 5120 dum

215 5165 294 5218 vel
321 5164 452 5233 ejus
486 5161 738 5215 umbram
768 5161 954 5229 procul
997 5160 1327 5226 Speculaudo
1357 5161 1674 5222 adverterit.
1707 5177 1804 5214 cu-

217 5256 445 5322 piditate
501 5253 706 5321 agitur,
743 5254 935 5321 gestit,
984 5253 1246 5321 omnique
1290 5254 1474 5306 studio
1505 5255 1569 5307 ad
1626 5256 1802 5323 ipsum

217 5347 496 5401 contendit
535 5363 549 5397 :
589 5360 651 5397 ac
686 5345 832 5396 velut
861 5345 1096 5411 quodam
1161 5343 1383 5413 majoris
1423 5345 1676 5398 amicitiae
1710 5346 1805 5398 sti-

217 5441 385 5502 mulo,
421 5446 720 5506 conspectu
779 5451 934 5497 usus,
994 5450 1226 5502 corpore
1294 5437 1480 5500 etiam,
1516 5447 1571 5490 ut
1613 5437 1682 5490 ita
1719 5453 1805 5492 res

219 5533 374 5594 ferat,
399 5531 630 5585 enititur
661 5541 844 5582 amato
870 5529 1149 5597 conjungi.

293 5625 411 5678 Non
479 5624 562 5677 sic
598 5619 861 5674 Judaicus
908 5620 1036 5673 olim
1085 5619 1316 5688 pepulus
1351 5621 1494 5673 circa
1545 5621 1802 5689 templum

219 5717 798 5790 Hierosolymitanum,
862 5720 1156 5777 Salomone
1195 5721 1592 5775 dedicationem
1647 5721 1790 5774 illius

289 5896 386 5951 “ll
411 5897 650 5964 l’at'A'tt,
679 5897 730 5952 8.
817 5898 855 5928 λ²
890 5895 932 5951 II
963 5896 1068 5966 Reg
1121 5914 1187 5964 Vl,
1228 5899 1248 5950 1

1905 677 2028 714 eum
2071 676 2178 713 uno
2206 661 2371 715 totius
2399 660 2582 728 populi
2637 667 2906 713 conventu
2941 660 3126 717 Davidi
3165 674 3352 717 coaeta
3394 677 3482 714 ceu

1904 752 2123 805 lebritas
2155 760 2255 812 est.
2279 760 2554 812 tum,cum
2591 765 2716 803 arca
2741 758 2798 804 ιιι
2829 751 3136 818 quiesceret
3182 753 3356 805 locata
3384 751 3485 806 fuit

1905 854 2065 911 atque
2103 843 2374 911 deposita,
2417 856 2478 895 ac
2543 843 2594 895 in
2652 842 2743 894 illo
2782 843 3026 912 ingressu
3075 844 3362 898 conﬂatam
3401 843 3482 897 fe-

1907 944 2034 988 runt
2068 935 2141 996 ";
2188 949 2382 1002 nempe
2441 931 2704 1001 Gregorio
2740 935 2922 990 sedem
2960 933 3215 988 adeunte.
3254 935 3319 988 lis
3362 937 3484 1004 qui-

1905 1029 2026 1082 dem
2057 1029 2146 1095 qtti
2184 1036 2326 1080 recta
2371 1025 2647 1095 fulgebant
2701 1027 2823 1088 fide,
2855 1026 2977 1080 talis
3026 1025 3246 1094 quidam
3287 1041 3484 1081 cursus

1908 1137 1971 1174 ac
1999 1120 2251 1172 alaeritas
2309 1126 2455 1182 erat;
2503 1128 2558 1170 at
2591 1134 2767 1186 neque
2816 1119 3190 1172 htereticoruut
3232 1133 3425 1186 agmen
3456 1135 3485 1172 a

1906 1209 2183 1263 communi
2211 1209 2298 1263 illa
2330 1209 2511 1277 populi
2551 1208 2943 1276 glomeratiouc
3001 1210 3208 1263 aberat.
3242 1210 3485 1262 Aderant

1907 1312 2112 1363 autem,
2137 1313 2300 1370 atque
2348 1301 2439 1353 alii
2473 1301 2695 1369 quidem
2736 1301 2883 1355 intus
2925 1300 3110 1354 animo
3141 1301 3343 1353 invidia
3370 1301 3484 1354 dis-

1906 1397 2262 1458 seeahantur;
2308 1411 2408 1448 nec
2447 1405 2626 1448 tamen
2659 1395 2981 1463 pravitatem
3031 1396 3085 1447 in
3128 1394 3300 1447 lucem
3357 1410 3484 1462 pro-

1908 1488 2194 1548 ferebant;
2239 1487 2328 1538 alii
2379 1502 2533 1540 more
2584 1502 2780 1540 canum
2850 1487 2904 1539 in
2961 1486 3169 1539 rabiem
3213 1486 3341 1549 acti,
3373 1485 3484 1554 jam

1907 1581 2069 1632 crdis
2099 1577 2242 1630 avidi
2278 1578 2508 1641 irruere,
2545 1588 2706 1645 atque
2741 1593 2934 1631 necare
2962 1577 3366 1642 incitabantur;
3393 1579 3485 1631 sed

1910 1671 1998 1724 Dei
2045 1671 2257 1724 occulta
2307 1687 2493 1732 tttanu,
2530 1678 2838 1737 cunctaque
2882 1682 3260 1733 conservante,
3300 1669 3489 1724 furens

1909 1763 1996 1814 ille
2021 1779 2209 1814 eoruut
2245 1764 2480 1829 impetus
2518 1761 2889 1814 inhibebatur.
2934 1760 3109 1829 Atque
3152 1761 3227 1814 illi
3258 1761 3479 1830 quidem

1832 1893 1878 1950 Β
1911 1855 2159 1918 insidias,
2215 1865 2417 1916 strues,
2475 1853 2661 1905 turbas
2706 1866 2769 1906 ac
2814 1852 3135 1915 seditiones,
3171 1851 3487 1919 innoxiique

1908 1945 2194 2014 sanguinis
2235 1943 2556 1998 effusionem
2609 1944 2808 1999 animis
2848 1946 3204 2013 cogitabant;
3248 1943 3489 1997 Trinitas

1905 2051 2088 2090 autent
2163 2037 2388 2104 (quippe
2458 2036 2585 2089 boni
2655 2039 2871 2102 amans)
2928 2035 3268 2089 defensorem
3325 2051 3484 2087 suum

1907 2147 1968 2183 ac
2006 2137 2487 2198 prOpugnatorem,
2547 2129 2615 2183 ab
2654 2127 2803 2180 omni
2863 2136 3037 2180 tutum
3079 2127 3320 2196 nequitia
3369 2142 3486 2180 ser-

1906 2221 2084 2272 valial.

1980 2311 2220 2364 Vidisses
2253 2309 2403 2362 illinc
2442 2309 2698 2376 utrinque
2747 2308 3167 2375 congressiones
3208 2306 3345 2370 ﬁeri,
3386 2320 3483 2374 pu-

1904 2417 2152 2472 gnasque
2185 2402 2472 2461 committi,
2509 2400 2791 2453 Anommis
2842 2401 3071 2460 scilicet,
3124 2408 3383 2467 tanquam
3423 2395 3492 2450 ad

1907 2497 2054 2564 ipsos
2087 2503 2417 2561 speetantes,
2467 2492 2737 2545 Ecclesias
2769 2491 3169 2543 vindicantibus
3223 2490 3312 2560 (iis
3345 2491 3489 2543 enim

1906 2589 1998 2656 qui
2039 2588 2267 2654 longiori
2292 2597 2534 2654 tempore
2563 2585 2927 2654 possederint,
2949 2584 3030 2636 vel
3050 2585 3094 2638 si
3132 2583 3492 2639 iniustissima

1907 2680 2185 2748 poSSessio
2232 2679 2326 2741 sit,
2385 2678 2528 2731 haud
2600 2692 2725 2730 raro
2762 2693 2826 2728 ex
2859 2675 3117 2728 continua
3150 2673 3494 2728 solummodo

1904 2772 2232 2836 detentionc,
2270 2772 2552 2824 hominum
2586 2769 2793 2838 judicio
2823 2780 2938 2821 rata
2990 2768 3124 2822 fides
3159 2765 3490 2833 succurrit);

1907 2863 2190 2917 llomousii
2251 2872 2434 2916 autem
2498 2861 2877 2915 defensoribus
2937 2861 3161 2915 easdem
3220 2859 3496 2912 mordicus

1909 2955 2288 3018 retinentibus,
2324 2954 2470 3007 velut
2494 2955 2587 3022 qui
2632 2968 2826 3008 recens
2863 2953 2954 3008 Dei
3007 2961 3166 3014 nutu,
3200 2952 3384 3019 piique
3416 2949 3498 3002 fa~

1918 3062 2048 3102 vore
2073 3047 2443 3116 imperatoris,
2473 3045 2754 3116 Theologo
2796 3046 3003 3114 optimo
3040 3056 3400 3113 prteceptore,
3433 3057 3498 3097 ac

1907 3148 2192 3203 tcstatore,
2211 3155 2308 3194 ceu
2342 3139 2578 3207 legitima
2607 3137 3059 3192 hatreditateillas
3087 3135 3264 3204 adepti
3292 3142 3494 3189 essent.

1831 3237 1872 3292 C
1977 3233 2225 3287 Vidisses
2260 3233 2367 3285 illic
2411 3247 2628 3285 sacrum
2687 3231 2816 3284 illud
2869 3231 3038 3284 melos
3076 3230 3251 3298 reipsa
3291 3226 3492 3297 praesti-

1909 3335 2060 3388 tum,
2117 3337 2338 3392 nempe,
2397 3321 2532 3388 justi
2584 3321 2802 3389 quidem
2857 3337 3024 3374 cornu
3079 3321 3377 3374 exaltatum
3440 3319 3495 3371 itt

1907 3419 2110 3487 gloria;
2169 3424 2477 3484 peceatores
2534 3424 2714 3467 autem
2770 3414 3033 3475 videntes,
3083 3423 3136 3465 et
3180 3413 3496 3473 irascentes,

1907 3515 1962 3560 et
1993 3507 2287 3561 stridentes
2328 3507 2603 3570 dentibus,
2639 3524 2702 3560 ae
2765 3507 3102 3559 tabescentes
3133 3521 3148 3568 ;
3196 3519 3496 3572 eorumque

1906 3599 2140 3662 periisse
2170 3598 2438 3652 desideria
2472 3599 2537 3649 ³⁵³.
2571 3598 2683 3651 Non
2718 3599 2862 3650 cnim
2917 3597 3160 3648 futurum
3193 3602 3310 3648 erat
3341 3605 3399 3646 ut
3437 3611 3488 3645 ιιι

1911 3694 2134 3759 longum
2167 3701 2386 3759 tempus
2418 3690 2627 3743 falsitas
2662 3690 3021 3742 rcluctaretur
3083 3701 3144 3740 ac
3180 3686 3492 3743 obsisteret.

1910 3800 2086 3852 neque
2117 3793 2176 3837 ut
2205 3785 2451 3836 veritatis
2483 3781 2772 3834 adversum
2805 3797 2860 3832 se
2899 3780 3069 3832 aciem
3095 3779 3159 3832 ad
3189 3788 3376 3831 extren
3403 3792 3492 3828 um

1911 3877 2250 3929 sustineret:
2285 3874 2377 3926 sed
2419 3875 2562 3925 sicut
2617 3874 2838 3924 hiberna
2878 3880 3188 3936 tempestas,
3227 3869 3340 3922 sive
3363 3869 3495 3920 bru-

1913 3968 2053 4020 male
2097 3967 2286 4033 frigus,
2342 3966 2530 4033 procul
2591 3965 2772 4017 arlhuc
2828 3972 3079 4016 morante
3138 3963 3273 4026 sole,
3329 3972 3495 4028 atque.

1910 4060 2204 4111 australem
2265 4065 2514 4110 versante
2564 4058 2727 4117 viam,
2788 4058 2894 4109 late
2952 4057 3114 4123 viget,
3166 4069 3496 4122 omnemque

1912 4149 2242 4216 constringit
2275 4161 2548 4211 naturam,
2575 4163 2639 4201 ac
2678 4149 2875 4217 premit
2909 4163 2922 4198 :
2954 4147 3044 4199 illo
3078 4155 3259 4198 autem
3304 4159 3496 4196 rursus

1912 4241 2059 4310 ipsas
2081 4240 2192 4308 jam
2226 4240 2292 4294 ad
2327 4241 2639 4307 aquilonem
2688 4240 3013 4293 deeliviorcs
3047 4239 3327 4306 detegente
3367 4253 3496 4301 par-

1913 4345 2014 4393 tes.
2039 4343 2202 4402 atque
2225 4332 2473 4385 aestivum
2492 4341 2718 4402 gyrante
2748 4331 3066 4391 solstitium,
3132 4329 3500 4396 clarioresque

1915 4439 1980 4476 ac
2041 4438 2190 4475 mora
2251 4422 2520 4475 firmiores
2574 4422 2753 4474 radios
2796 4420 3142 4481 itnmittcnte,
3196 4418 3496 4480 incalescit,

1917 4517 2251 4586 spiritusque
2318 4530 2383 4568 ac
2425 4514 2587 4567 vitam
2648 4514 2897 4576 resumit,
2929 4511 3195 4582 quidquid
3231 4512 3283 4563 in
3331 4512 3498 4563 rebus

1907 4619 2010 4669 est.
2049 4623 2280 4675 vereque
2335 4608 2510 4661 huius
2563 4607 2859 4667 diluceute,
2922 4605 3115 4672 bruma
3166 4603 3344 4661 facile,
3403 4602 3499 4653 t'ri-

1914 4721 2126 4776 gusque
2191 4704 2456 4757 exolescit
2508 4717 2570 4755 ac
2629 4701 2984 4764 dissolvitur,
3037 4698 3201 4765 inque
3258 4697 3504 4749 internos

1909 4816 2159 4854 secessus
2209 4809 2371 4868 atque
2441 4797 2674 4850 latebras
2720 4794 2964 4847 vicissim
3017 4790 3252 4860 cogitur.
3301 4789 3500 4842 Eodem

1911 4890 2024 4945 fere
2064 4890 2246 4952 tnodo,
2285 4905 2502 4959 gravent
2563 4888 2710 4940 illam
2757 4886 3048 4947 luerosum,
3084 4898 3146 4934 ac
3186 4897 3348 4949 quam
3386 4895 3502 4931 tuo-

1917 4983 2110 5036 lestam
2179 4981 2487 5051 caliginem,
2562 4988 2850 5046 atramque
2905 4983 3305 5043 tempestatem,
3358 4970 3501 5023 haud

1923 5089 2162 5127 seenSac
2181 5073 2588 5127 crassissimum
2621 5069 2880 5130 hiemem,
2911 5068 3218 5133 nubemque
3243 5062 3502 5116 Ecclesiis

1917 5169 2173 5228 all'usant,
2233 5182 2295 5219 ac
2355 5165 2567 5233 piorum
2624 5171 2962 5232 prementem
3023 5158 3211 5221 corda,
3251 5155 3498 5224 Gregorii

1917 5276 2232 5315 sermonum
2290 5258 2491 5319 radios,
2532 5257 2681 5309 velut
2712 5271 2741 5307 e
2773 5255 2910 5319 sole,
2951 5251 3246 5307 Christoin
3280 5265 3344 5302 ro
3385 5263 3500 5299 ma-

1916 5365 2076 5405 nente
2133 5350 2538 5420 promicautes;
2593 5347 2903 5416 clariusque
2962 5361 3026 5400 ac
3075 5343 3309 5398 lucidius
3342 5339 3500 5394 efful-

1915 5456 2103 5514 gentes
2142 5442 2456 5496 dissolvissc
2506 5457 2571 5495 ac
2613 5439 3062 5508 consumpsisse;
3113 5446 3276 5504 atque
3316 5433 3496 5487 Ereto.

1912 5540 2006 5591 siae
2044 5542 2442 5590 firmamentum
2473 5536 2524 5588 itt
2547 5543 2746 5588 statum
2770 5532 2877 5586 diei
2900 5531 3202 5602 fulgoribus
3227 5528 3489 5585 lucidum,

1911 5646 1972 5683 ae.
2005 5630 2152 5698 pacis
2181 5629 2486 5682 claritatem
2531 5638 2952 5680 transmutasse.

1983 5719 2151 5789 llujus
2180 5735 2309 5774 vero
2349 5727 2560 5773 certum
2597 5726 3024 5786 argumentum,
3059 5730 3122 5770 ac
3161 5710 3494 5783 conjectura,

1365 5899 1401 5927 ’³
1447 5898 1585 5951 Ρςδι.
1623 5913 1725 5956 «ΑΞ,
1765 5902 1814 5948 π’.
1858 5898 1936 5949 1η.
