4186 6434
750 355 855 417 479

1913 356 2207 418 NICETIS
2253 360 2778 421 I‘APHLAGONIS

3887 361 3995 423 480

750 478 874 531 quae
904 472 1029 515 ante
1065 476 1278 515 sacrum
1312 460 1480 527 ,illum
1513 462 1815 532 ingressum
1860 466 1911 517 in
1950 483 2127 519 aerem
2169 467 2336 521 ell‘nsa
2371 476 2410 529 Α
2447 470 2580 522 tatis
2639 470 2873 523 decretis
2936 470 3050 534 pari
3098 470 3415 523 credulitate
3457 469 3595 524 sulm
3620 470 3775 524 ittere
3825 476 4030 531 animo,

750 553 1082 610 densissima
1128 554 1304 623 caligo
1347 570 1409 607 ac
1437 557 1745 609 obscuritas
1777 567 1881 610 est.
1914 558 1985 610 At
2023 560 2110 611 ubi
2142 558 2329 613 Ercle-

751 650 889 700 siam
926 647 1206 715 ingressus
1226 656 1328 710 est,
1363 646 1617 701 universa
1648 649 1864 703 civitate
1896 666 1960 703 ac
2007 651 2333 719 imperatore

754 751 861 787 una
916 734 1153 798 comite,
1190 735 1449 804 omnique
1508 736 1761 790 Ecclesiae
1820 749 1964 793 creto
2012 740 2335 796 deeantante

756 826 976 878 landum
1034 828 1270 891 cantica,
1323 843 1386 881 ac
1422 828 1609 881 divino
1632 830 1876 883 antistite
1924 831 1976 883 in
2011 831 2138 885 sedc
2162 831 2333 885 collo-

754 925 910 981 cato,
941 927 1378 988 cunctarumque
1420 922 1653 973 vultibus
1693 922 2016 991 praefervido
2071 924 2336 993 lacryma—

760 1026 882 1063 rum
947 1011 1121 1065 imbre
1185 1013 1444 1081 perfusis,
1483 1016 1829 1082 compunctis
1864 1017 2068 1070 scilicet
2091 1017 2336 1070 omnium

758 1102 981 1166 animis,
1022 1119 1121 1157 nec
1141 1112 1346 1157 tantam
1382 1106 1630 1158 beneficii
1674 1109 1777 1159 vim
1810 1109 1970 1162 siccis
2004 1111 2179 1162 oculis
2210 1126 2341 1162 sus-

759 1194 941 1261 cipere
1003 1196 1357 1261 valentibus;
1391 1197 1477 1250 ubi
1511 1198 1745 1266 denique
1784 1200 2011 1261 clamor,
2059 1202 2339 1269 gaudium,

768 1284 1167 1353 commistaque
1204 1286 1426 1340 tristitia
1462 1303 1525 1340 ac
1597 1289 1941 1356 supplicatio,
1981 1291 2217 1344 universi
2252 1308 2345 1358 po-

762 1375 872 1439 puli
915 1385 1095 1443 gestu,
1164 1376 1354 1430 habitu
1406 1394 1610 1447 oreque
1653 1380 1860 1449 erupit;
1900 1382 2129 1434 solvitur
2162 1383 2345 1436 statim

758 1466 1088 1519 densissima
1122 1467 1210 1520 illa
1244 1485 1345 1521 nox
1428 1484 1491 1521 ac
1539 1470 1810 1537 tenelnm;
1870 1472 2071 1540 luxque
2104 1473 2348 1542 Splendi-

762 1555 988 1608 dissima
1021 1557 1305 1610 confertim
1361 1558 1644 1626 cllulgeus,
1678 1561 2058 1614 haereticorum
2122 1563 2345 1631 quidem

767 1662 893 1715 spes
940 1648 992 1699 in
1062 1648 1356 1703 obscurum
1393 1653 1582 1714 trudit,
1620 1651 1832 1719 piortnn
1883 1663 2061 1706 autem
2109 1658 2350 1724 exceptis

760 1741 1082 1807 corporibus
1110 1742 1272 1795 etiam
1306 1745 1547 1797 animum
1604 1744 1849 1796 claritate
1884 1744 2143 1812 perfudit,
2185 1763 2349 1800 exsu-

2437 579 2616 630 opcra:
2653 564 2885 630 pretium
2917 563 3207 616 ducebant.

2480 653 2569 707 Sol
2594 666 2647 708 et
2674 655 2821 717 luna,
2838 655 3245 723 oculisquidem
3268 657 3583 724 conspicua.
3608 657 4031 726 haudquaquam

2436 760 2600 800 cursu
2636 744 2860 798 inhibita
2890 755 3037 800 sunt.
3086 745 3360 811 Quorsum
3387 748 3531 801 enim
3566 748 3673 801 ?at
3711 749 3803 816 qui
3836 759 4019 801 mente

2439 837 2518 889 sol
2555 837 2896 905 intelligitur,
2932 854 3037 891 non
3064 838 3251 903 semel,
3304 839 3397 891 sed
3426 839 3479 892 in
3526 851 3844 908 perpetuum
3873 880 3888 904 ,
3937 858 4036 893 sn-

2442 928 2589 981 blimi
2620 929 2738 996 ejus
2770 929 2961 989 menti.
3002 944 3066 981 ac
3108 929 3307 983 ccelum
3362 930 3676 998 pervadenti
3710 932 3980 986 assistens
4015 933 4029 979 ;

2442 1021 2573 1089 quin
2608 1029 2661 1073 et
2698 1021 2817 1090 ejus
2866 1020 3144 1090 sapientia:
3191 1037 3312 1090 qua:
3356 1022 3540 1076 sarculi
3587 1038 3690 1076 usu
3744 1033 4035 1092 praestatur

2446 1109 2781 1163 lucidissima
2822 1111 3002 1179 specie
3032 1109 3176 1162 velut
3215 1111 3354 1163 lunae
3407 1112 3570 1180 jubar
3612 1111 3893 1181 effulgens,
3944 1113 4031 1163 vi-

2451 1209 2655 1252 ctorem
2716 1200 2977 1254 adversus
3034 1199 3126 1252 Dei
3178 1201 3380 1266 hostes,
3437 1217 3501 1255 ac
3560 1201 4015 1269 triumphatorem

2450 1290 2576 1342 facit
2603 1307 2615 1341 :
2652 1289 2851 1357 quibus
2884 1292 3002 1343 neci
3034 1289 3196 1351 datis,
3220 1306 3381 1359 quam
3410 1292 3764 1359 possederant
3788 1303 4018 1353 terram,

2453 1393 2646 1445 nempe
2684 1378 3004 1443 Ecclesiam,
3040 1380 3390 1447 possessione
3418 1382 3552 1433 adit.

2524 1468 2791 1533 Possidet,
2865 1470 3110 1537 inquam,
3178 1472 3399 1540 aditque
3458 1472 3857 1537 ltzereditatem,
3920 1490 4034 1527 non

2453 1576 2573 1629 (ιυλιξ
2616 1560 2844 1623 dilllnat,
2893 1570 3051 1630 atque
3088 1560 3248 1615 facile
3279 1564 3590 1628 dilabatur;
3627 1566 3719 1619 scd
3754 1566 4033 1630 stabilem,

2455 1659 2617 1716 atque
2677 1649 2742 1700 ad
2800 1650 3046 1703 futurum
3094 1653 3353 1704 saeculum
3409 1655 3885 1723 contmigrantent,
3931 1673 4037 1709 nec

2457 1754 2573 1790 eant
2612 1739 2877 1791 duntaxat
2927 1756 3049 1808 quae
3081 1740 3132 1793 in
3174 1742 3352 1803 terris,
3393 1752 3556 1810 atque
3592 1745 3767 1799 oculis
3806 1749 4036 1814 conspi-

768 1840 990 1897 perante
1020 1834 1277 1885 incestitia
1315 1833 1781 1902 injucuuditatem
1832 1835 2058 1888 nimium
2082 1846 2341 1903 quantam

2467 1845 2547 1880 :ua
2599 1840 2724 1895 est;
2759 1830 2853 1883 sed
2911 1847 3004 1898 per
3052 1848 3196 1891 eam,
3248 1833 3315 1886 ad
3365 1836 3643 1888 cmlestem
3686 1834 4031 1899 Jerusalem,

768 1921 1013 1983 cedente,
1076 1931 1239 1990 atque
1301 1938 1587 1975 conversa.
1639 1922 1729 1976 Sic
1769 1924 2024 1976 nimirum
2061 1923 2347 1992 Dominus,

770 2014 1231 2079 qtteiuadnuulum
1269 2030 1380 2071 eos.
1419 2016 1511 2083 qui
1544 2015 1718 2083 ipsum
1744 2017 2068 2082 rlat'iﬁcant,
2102 2019 2351 2073 claritate

769 2118 990 2171 angere,
1014 2104 1093 2159 sic
1123 2105 1215 2174 qui
1243 2117 1527 2173 spernunt,
1551 2122 1810 2177 spernere
1831 2110 2136 2161 consuevit.

833 2238 1200 2294 Admirandus
1227 2240 1447 2310 quidem
1472 2240 1655 2301 Jesus.
1684 2242 1899 2297 lsraelis
1924 2243 2047 2296 belli
2089 2244 2197 2297 dux
2235 2243 2355 2299 Mo-

765 2331 841 2385 sis
870 2332 989 2385 loco
1036 2341 1273 2396 creatus,
1338 2333 1596 2401 siccoque
1648 2335 1875 2403 veStigio
1936 2351 2058 2388 cum
2097 2337 2354 2389 omuilms

766 2424 940 2490 copiis
969 2421 1207 2477 Jordanc
1246 2425 1574 2479 transmisso
1604 2424 1685 2488 “;
1728 2436 1891 2493 atque
1926 2427 2191 2481 adversus
2226 2444 2357 2497 gen-

769 2522 850 2565 tes
904 2528 1165 2582 regesque
1200 2512 1532 2567 fortissimos
1587 2516 1854 2567 instructa
1907 2518 2046 2582 acie,
2104 2519 2358 2586 belloque

772 2614 1141 2670 comparatus.
1172 2606 1251 2659 sic
1288 2606 1572 2659 incruenta
1626 2606 1855 2660 victoria
1892 2609 2166 2662 evertebat
2195 2610 2357 2679 quid-

774 2697 904 2763 quid
937 2697 1279 2760 incurrisset,
1313 2714 1376 2751 ac
1418 2714 1514 2765 par
1537 2708 1656 2752 erat
1686 2709 1976 2761 everteret,
2016 2716 2081 2754 ac
2108 2716 2358 2768 pessum-

769 2788 945 2849 daret,
981 2804 1143 2855 quem
1183 2788 1491 2843 Altitissimi
1545 2791 1765 2844 dextera
1786 2808 1908 2845 cum
1954 2793 2146 2860 primis
2176 2802 2360 2861 prote-

771 2879 950 2945 gebat.
990 2876 1163 2933 Unico
1197 2880 1452 2932 tubarum
1487 2880 1768 2947 clangore,
1810 2882 2193 2935 robustissima
2226 2897 2360 2936 eon-

770 2986 933 3025 cussa
986 2974 1188 3025 moenia
1228 2973 1566 3025 corruebant
1608 2983 1875 3041 :tnmque
1907 2974 2069 3027 urbes
2114 2973 2357 3039 integra},

772 3063 1090 3129 civiumque
1121 3063 1304 3117 omnis
1356 3062 1601 3116 conferta
1647 3064 1938 3118 multitudo
1967 3066 2362 3121 exscindeban-

776 3162 863 3206 tur
895 3171 908 3207 :
935 3154 1336 3208 bellicosissimi
1370 3169 1523 3220 reges
1574 3156 1937 3223 impressione
1964 3156 2129 3223 facta,

775 3245 963 3307 armis,
996 3246 1088 3298 sed
1112 3255 1165 3299 et
1213 3245 1353 3300 caelo
1389 3246 1666 3314 lapsorum
1710 3245 1948 3314 lapidum
2001 3248 2172 3302 instar
2200 3265 2363 3319 gran-

776 3336 919 3388 dinis
950 3337 1121 3390 imbre
1142 3337 1490 3390 caedebantur
1520 3338 1604 3399 “;
1636 3338 1767 3406 quin
1803 3348 1855 3392 ct
1898 3340 1957 3401 ii,
2006 3342 2363 3409 praeeuntium

777 3442 1067 3491 vesparum
1122 3428 1329 3481 aculeis
1384 3428 1451 3492 “,
1508 3429 1624 3481 dire
1670 3430 2068 3498 pungebantur.
2104 3431 2367 3501 Quodque

782 3516 959 3585 majus
1016 3533 1079 3571 ac
1124 3518 1475 3582 insolentius,
1522 3520 1603 3572 sol
1643 3521 1842 3583 stabat,
1890 3521 2018 3575 luna
2082 3522 2366 3577 inhibeba-

782 3621 871 3663 tur
900 3610 971 3675 ⁸⁷,
1010 3611 1301 3679 ipsumque
1351 3611 1551 3666 malum
1620 3612 1803 3666 lsraeli
1855 3614 2043 3668 aderat
2088 3615 2212 3692 belli
2240 3617 2369 3669 sub-

782 3702 924 3757 sidio
981 3704 1247 3759 adversus
1313 3705 1632 3775 insipientes
1696 3706 2039 3776 depugnans.
2109 3706 2205 3763 His
2272 3709 2364 3761 Dei

782 3795 1118 3862 providentia
1175 3812 1420 3864 curaque
1492 3799 1712 3859 excisis,
1786 3815 1976 3853 eorum
2034 3802 2369 3857 substantias

782 3900 845 3939 ac
872 3886 1163 3941 facultates
1204 3889 1255 3941 in
1289 3887 1535 3942 funiculo
1557 3891 1985 3955 distributionis,
2018 3908 2111 3959 per
2145 3908 2367 3946 ntanutn

782 3976 933 4040 Jesu,
988 3995 1181 4033 corum
1241 3991 1463 4043 terram,
1496 3996 1561 4035 ac
1619 3982 1883 4051 quidquid
1933 3982 2156 4039 ditionis
2190 3983 2371 4039 fuerat

782 4071 1098 4139 dividentis,
1140 4074 1393 4143 partibus
1423 4074 1669 4130 adibant.

858 4208 1155 4278 Gregorius
1204 4219 1385 4263 autem
1427 4211 1538 4263 veri
1574 4210 1786 4265 Israelis
1824 4227 1981 4266 sacra
2036 4212 2366 4282 praefectura

786 4302 1124 4365 eoncredita,
1154 4303 1301 4355 velut
1334 4319 1494 4356 amne
1529 4303 1714 4372 rapido
1758 4304 2124 4373 glomerantes
2173 4322 2364 4374 aquas,

790 4395 1032 4464 prolixas
1063 4396 1237 4449 stulte
1284 4395 1578 4464 impiorum
1630 4411 1800 4463 nugas
1832 4396 2050 4450 innoxie
2086 4398 2369 4451 transmit-

794 4496 916 4541 tens
947 4503 962 4552 ;
998 4488 1141 4557 quod
1175 4494 1231 4541 et
1260 4488 1375 4556 ipse
1404 4487 1675 4541 excelsam
1707 4502 1927 4540 manum
1960 4488 2137 4540 valide
2181 4498 2365 4557 prote-

794 4591 1006 4649 gentem
1073 4580 1328 4644 haberet,
1393 4588 1653 4647 tanquam
1717 4580 1964 4633 civitates
2024 4596 2087 4633 ac
2143 4581 2361 4649 oppida,

793 4673 1103 4739 illegitimas
1136 4670 1517 4725 haereticorum
1553 4662 1868 4725 sodalitates
1917 4683 2221 4740 uerusque,
2253 4672 2363 4725 cla-

795 4766 1013 4820 rissime
1046 4764 1366 4819 sonantibus
1416 4778 1529 4817 suae
1582 4763 1869 4832 theologia:
1925 4763 2091 4824 tubis,
2147 4775 2367 4832 repente

795 4859 911 4913 solo
944 4858 1200 4911 allidebat
1228 4895 1243 4919 ,
1273 4856 1550 4925 fortesque
1578 4856 2039 4924 blasphemiarum
2076 4865 2363 4924 patronos,

796 4967 861 5006 ac
900 4952 1195 5014 antistites,
1224 4960 1485 5019 tanquam
1535 4965 1795 5004 saxorum
1832 4950 2052 5013 ictibus,
2087 4948 2372 5018 densaque

798 5048 1086 5117 grandine,
1144 5047 1460 5100 celestibus
1517 5046 1695 5099 scnsis
1750 5042 2174 5113 confringebat;
2231 5043 2377 5097 velut

803 5141 1043 5209 denique
1078 5139 1249 5192 multo
1278 5154 1563 5207 vesparum
1613 5137 1890 5198 examine.
1925 5124 2135 5191 crebris
2160 5151 2377 5190 sermo-

804 5249 933 5285 num
961 5247 1187 5286 suorum
1211 5232 1415 5285 aculeis
1436 5230 1716 5295 saucians,
1741 5230 1880 5283 alios
1905 5229 2125 5300 quidem
2152 5231 2377 5282 omnino

803 5324 1125 5394 perimebat,
1161 5334 1429 5395 quotquot
1460 5324 1669 5378 scilicet
1707 5324 1866 5392 longe
1913 5323 2150 5375 maxima
2210 5332 2378 5374 teme-

807 5415 966 5467 ritate
1002 5414 1135 5478 acti,
1171 5412 1453 5481 prazfracte
1483 5430 1605 5467 cum
1650 5412 1758 5467 Deo
1786 5427 2027 5482 pugnare
2055 5411 2328 5465 audebant
2364 5428 2379 5477 ;

805 5506 939 5559 alios
972 5505 1080 5559 vita
1105 5505 1340 5560 donabat
1369 5506 1589 5575 potiori,
1620 5514 1885 5575 quotquot
1919 5505 2174 5557 nimirum
2225 5503 2370 5556 veri-

882 5711 922 5737 “
949 5708 1008 5754 .'n
1045 5726 1108 5761 ut!
1140 5726 1173 5763 t.
1208 5709 1241 5760 ξ.)

809 5782 851 5811 ⁵³
919 5784 1086 5835 rxml.
1127 5798 1200 5843 HI,
1238 5784 1284 5834 8-

1374 5710 1413 5739 ³⁸
1436 5707 1617 5761 ,1.μειιτ.
1676 5726 1728 5771 tt,
1780 5710 1857 5761 li.
1971 5707 2009 5735 “
2047 5707 2171 5776 δίῳ.
2233 5721 2326 5769 xit,
2361 5706 2412 5757 8.

2402 4534 2446 4589 D

2453 1920 2681 1972 liberam
2752 1921 2897 1972 illatn
2952 1921 2997 1951 λδ
3056 1923 3073 1991 (
3125 1922 3526 1990 pritnitivorutn
3589 1926 3797 1980 scilicet
3850 1928 4041 1981 Eccle-

2454 2012 2592 2063 siant
2628 2010 2672 2041 ’δ’
2704 2018 2719 2077 )
2748 2013 3022 2067 transiens
3049 2031 3063 2078 ;
3091 2030 3193 2066 non
3229 2014 3379 2068 solus
3411 2015 3545 2084 ipse,
3579 2016 3672 2069 sed
3703 2033 3826 2071 cum
3865 2031 4039 2083 ctrtu,

2456 2101 2724 2167 turbaque
2758 2102 2858 2168 ipsi
2903 2103 3126 2167 comite,
3181 2119 3277 2171 pro
3333 2116 3448 2157 rata
3482 2106 3753 2175 cujusque
3784 2109 4040 2163 laborum

2456 2192 2688 2256 ratione,
2732 2192 2977 2261 patribus
3003 2193 3271 2261 ascriptas
3310 2195 3657 2265 incorruptas
3691 2208 3867 2253 sortes
3905 2216 4037 2268 pos-

2455 2281 2716 2338 sidendas
2743 2283 3121 2351 consequitur.

2527 2375 2681 2429 illelle
2742 2392 2806 2430 ac
2843 2375 2981 2429 laete
3036 2375 3204 2430 fluere
3244 2385 3445 2430 terram
3484 2377 3838 2445 promissam.
3889 2370 4053 2434 Scri-A

2458 2477 2629 2537 ptui-aa
2657 2482 2825 2521 sacrm.
2848 2468 3160 2520 testimonio
3210 2468 3479 2534 proditum
3517 2477 3600 2521 est
3632 2469 3700 2504 δ’·
3731 2486 3746 2534 ;
3774 2469 4037 2538 Gregorii

2458 2570 2663 2626 autem,
2696 2560 2798 2612 mel
2821 2559 3064 2629 quidem,
3098 2560 3382 2627 theologia:
3412 2560 3641 2613 dulcedo
3667 2578 3681 2624 ;
3711 2561 3792 2614 lac
3828 2574 4041 2623 autem,

2458 2654 2706 2707 doctrina
2762 2653 2876 2722 jugi
2932 2652 3091 2705 latice
3163 2666 3414 2705 manans.
3474 2652 3563 2704 Vel
3626 2653 3730 2705 mel
3789 2654 4043 2722 quidem,

2458 2742 2679 2797 virtutis
2718 2758 2983 2811 operosus
3042 2740 3215 2805 labor,
3266 2757 3422 2810 quem
3474 2743 3783 2795 animorum
3836 2745 4041 2797 cultori

2462 2836 2634 2889 instar
2672 2837 2791 2905 apis
2837 2843 3254 2897 argumentosa,
3307 2834 3619 2903 laborisque
3675 2835 4046 2890 tenacissima:

2463 2926 2679 2981 abunde
2728 2926 3111 2995 suppeditabat
3158 2926 3292 2988 ;lac
3345 2941 3496 2990 vero,
3557 2927 3924 2994 largissimus,
3978 2946 4046 2982 ac

2462 3018 2557 3087 qui
2591 3017 2826 3071 maxime
2856 3017 3149 3070 nutriendo
3174 3026 3343 3080 esset,
3376 3032 3691 3071 sermonum
3730 3020 3895 3072 latex.
3947 3018 4046 3072 llis

2464 3108 2633 3167 enim,
2684 3106 2905 3174 Optimis
2950 3106 3426 3176 divinissimisque
3455 3110 3764 3163 rationibus
3797 3126 4046 3163 commo-

2161 3158 2359 3211 nedum
2390 3179 2433 3236 (ἶ
2464 3196 2592 3248 dum
2622 3158 2925 3250 Eccrlesiatn
2963 3195 3199 3263 regebat.

2541 3288 2666 3341 llzec
2699 3289 2787 3340 ille
2836 3297 2961 3340 ante
2992 3288 3242 3355 adeptam
3285 3288 3491 3351 sedem,
3552 3287 3664 3341 haac
3714 3297 3835 3357 post
3871 3296 4044 3343 etiam

2467 3380 2738 3449 adeptam,
2774 3380 2956 3434 studio
2988 3380 3202 3449 agebat.
3238 3377 3354 3432 Non
3398 3381 3543 3433 enim
3594 3383 3837 3449 requiem
3893 3383 4051 3436 labo-

2468 3486 2611 3534 rum,
2642 3471 2735 3525 scd
2784 3470 3151 3525 accessionem
3190 3487 3465 3532 curarum,
3502 3488 3786 3543 angorem,
3839 3475 4050 3527 sollici-

2470 3563 2740 3625 tudinem,
2777 3577 2842 3616 ac
2874 3561 3121 3614 laborum
3156 3562 3625 3631 exsuperantiam,
3663 3561 4050 3631 praefecturam

2468 3659 2725 3719 ducebat,
2760 3672 2922 3709 unam
2971 3670 3101 3710 vero
3146 3656 3314 3709 animi
3346 3655 3749 3725 jncunditatem
3799 3669 4049 3718 noverat,

2470 3750 2867 3819 discipulorum
2898 3748 3116 3817 pietatis
3148 3748 3451 3801 rationibus
3481 3749 3784 3817 profectum
3827 3766 3840 3811 ;
3880 3764 4050 3801 unam

2471 3844 2718 3910 corporis
2773 3842 3123 3896 refectionem
3201 3856 3266 3895 ac
3311 3842 3702 3903 laxamentum,
3768 3857 4056 3896 secessum

2472 3939 2536 3989 ad
2558 3938 2672 3990 loca
2690 3938 2758 3989 ab
2779 3937 3061 3989 hominum
3082 3952 3181 3990 usu
3237 3934 3703 3989 accousuetudiuc
3723 3936 4017 3989 remotiora
4041 3954 4057 4001 ;

2472 4028 2525 4081 in
2552 4028 2793 4095 seipsum
2819 4026 3196 4088 conversione,
3223 4025 3390 4079 animi
3416 4026 3691 4079 rationum
3712 4026 4059 4095 diligentiam

2473 4134 2537 4171 ac
2589 4134 2776 4171 curam
2814 4135 2826 4168 :
2862 4132 2968 4185 qua
3002 4116 3263 4169 nintirutn
3318 4132 3471 4170 ruens
3517 4116 3593 4170 illi
3638 4118 3704 4170 ad
3749 4117 4060 4172 altissimas

2474 4202 2764 4279 assurgens
2787 4210 3301 4278 contemplationes,
3330 4226 3494 4263 unam
3537 4209 3801 4263 Paracleti
3853 4211 4059 4265 lubens

2476 4300 3417 4370 habebatconsolationem;reliqua
3443 4310 3625 4355 autem
3694 4302 3861 4355 animi
3906 4304 4064 4356 oble-

2473 4403 2832 4455 ctantenta,ac
2845 4393 3091 4460 corporis
3113 4392 3494 4457 t'elavationes,
3512 4393 3875 4447 crassioribus
3893 4403 4066 4462 atque

2486 4488 2557 4540 ad
2583 4487 2825 4554 corporis
2852 4486 3092 4539 rationes
3132 4486 3303 4552 magis
3328 4486 3680 4553 comparatis,
3714 4486 4061 4555 projiciebat.

2547 4562 2691 4629 Nam.
2716 4592 2837 4629 cum
2872 4575 2956 4627 liis
2988 4575 3182 4639 tribus,
3230 4576 3467 4629 heroinis
3495 4577 3711 4628 animus
3740 4576 3922 4630 omnis
3970 4593 4068 4630 ca-

2477 4672 2653 4737 piatur
2679 4684 2743 4722 ae
2794 4669 3104 4729 insolescat,
3155 4684 3348 4734 nempe
3378 4668 3571 4737 gloria,
3599 4668 3826 4733 divitiis,
3893 4671 4065 4723 volu-

2478 4774 2667 4833 ptate;
2706 4778 2801 4815 nec
2854 4761 3032 4814 inanis
3065 4761 3249 4829 gloriae
3288 4760 3427 4813 fastu
3473 4776 3537 4815 ac
3583 4761 3834 4829 superbia
3858 4761 4068 4823 elatus.

2480 4854 2679 4907 mentis
2750 4853 3050 4906 rationibus
3119 4852 3631 4916 movebatur;nec
3702 4852 4069 4919 pecuniarum

2484 4962 2668 4999 amore
2712 4945 3010 5008 ctnollitus,
3064 4946 3249 4997 animo
3301 4944 3656 5011 capiebatur;
3689 4944 3889 5012 quippe
3937 4961 4071 4997 (‘lllll

2485 5054 2514 5091 a
2552 5039 2751 5091 teneris
2785 5039 2917 5105 ipsis
2950 5038 3224 5106 unguibus
3256 5036 3529 5103 ejusmodi
3561 5052 3743 5089 rerum
3777 5036 4067 5103 cupiditas

2485 5132 2665 5185 oinnis
2694 5132 2766 5183 illi
2802 5130 3070 5185 exstincta
3094 5138 3256 5183 esset.
3292 5130 3370 5184 Ae
3396 5145 3569 5196 neque
3596 5129 3761 5198 (quod
3790 5130 4075 5198 plerisque

2492 5241 2591 5278 usu
2631 5225 2795 5293 venit)
2832 5224 2997 5277 variis
3039 5226 3243 5277 ventris
3279 5221 3654 5291 voluptatibus
3704 5224 3879 5273 victus
3930 5236 4078 5274 eon-

2489 5317 2712 5371 ci-debat
2749 5338 2760 5371 :
2799 5319 2891 5372 sed
2925 5320 3102 5371 onmis
3156 5319 3269 5386 jam
3326 5319 3450 5371 vita:
3474 5317 3737 5370 mollioris
3804 5332 3867 5370 ac
3911 5320 4078 5367 volu-

2492 5412 2656 5479 platis
2688 5410 2861 5481 fragili
2910 5412 3161 5479 llnxaque
3191 5411 3532 5478 jucunditate
3582 5423 3811 5462 excussa
3869 5412 3947 5469 ita
3994 5412 4082 5471 la.

2486 5504 2709 5556 boribus
2748 5519 2811 5557 ac
2837 5503 3130 5557 sudoribus
3157 5502 3372 5556 virtutis
3391 5517 3553 5555 causa
3582 5516 3701 5555 sese
3723 5502 4078 5563 excertre‘oat,

2492 5705 2529 5733 ⁵⁷
2560 5703 2724 5758 Josuo
2784 5722 2835 5768 κ,
2870 5704 2951 5757 l2.
3031 5702 3073 5733 ’⁵⁸
3105 5701 3275 5755 Galat.
3310 5716 3380 5762 tv,
3414 5699 3500 5755 ‘26.
3565 5698 3605 5729 δ’
3638 5696 3795 5751 Ilebt'.
3848 5712 3945 5759 xtt,
3980 5696 4082 5749 23.
