4186 6434
188 476 268 540 481

190 597 233 637 ιιι
262 584 335 636 illi
384 596 547 652 quam
601 583 837 637 maxime
897 593 1265 653 opportunum
1330 594 1477 637 cs~et
1527 583 1745 636 Davidi-
1777 588 1823 645 Λ

190 694 291 730 cum
318 677 448 731 illud
492 674 758 743 proferre,
792 684 1016 744 propter
1058 676 1317 728 nimirum
1358 674 1450 729 Dei
1478 675 1746 729 labiorum

190 784 471 829 sermones,
500 769 618 821 vias
640 783 702 821 se
733 769 901 820 duras
936 769 1248 821 custodisse
1277 768 1346 822 ⁸ο.

247 861 341 911 Alii
375 858 593 923 quidem
618 859 722 911 alia
757 858 929 912 functi
962 859 1181 921 virtute,
1231 865 1325 911 aut
1364 858 1561 911 divina:
1580 859 1750 926 parti-

192 954 316 1019 cipes
391 950 517 1004 facti
581 950 791 1017 gratias,
845 950 1017 1003 solam
1085 946 1227 1001 forte
1296 949 1529 1017 quisque
1594 964 1749 1002 suam

190 1054 380 1095 :etutem
414 1040 677 1093 beneﬁcio
708 1038 920 1093 allicere
952 1039 1079 1092 velit
1105 1056 1119 1091 ;
1145 1038 1441 1107 Gregorius
1475 1046 1654 1091 autem
1699 1041 1751 1092 in

193 1151 243 1185 νο
291 1135 581 1193 laboravit,
643 1144 804 1202 atque
852 1149 1071 1201 Operam
1126 1132 1327 1200 posuit.
1379 1139 1437 1183 ut
1486 1147 1591 1182 non
1643 1146 1756 1183 suae

195 1227 439 1277 duntaxat
478 1225 645 1289 aetati,
679 1225 772 1277 sed
804 1234 858 1277 et
887 1224 1100 1277 cunctis
1143 1222 1307 1275 simul
1358 1222 1617 1289 deinceps
1668 1220 1755 1271 fn—

199 1318 315 1369 turis
385 1315 634 1368 divinam
704 1314 931 1382 gratiam
993 1314 1082 1366 Dei
1135 1310 1383 1379 exemplo
1436 1311 1753 1379 explicaret.

198 1410 361 1461 Sacris
428 1407 662 1476 eloquiis
739 1406 980 1459 fluminis
1039 1405 1211 1457 instar
1272 1420 1335 1456 cx
1393 1402 1513 1471 ejus
1574 1401 1754 1468 lingua

198 1501 493 1561 liuentibus,
568 1497 931 1563 doctrinaque
998 1510 1093 1547 ore
1166 1494 1383 1554 tradita,
1455 1492 1521 1545 ad
1580 1493 1757 1559 ipsum

198 1596 442 1644 adeuntes
500 1604 779 1659 nunquam
834 1588 1106 1643 demereri
1155 1588 1428 1651 cessabat,
1492 1600 1752 1654 arguens,

201 1686 491 1752 increpans,
518 1684 815 1737 obsecrans
846 1683 915 1745 ⁸¹,
943 1683 1159 1751 pietatis
1189 1682 1423 1738 decretis
1445 1678 1512 1733 ad
1538 1679 1758 1747 sapien-

202 1781 309 1831 tiaai
376 1792 740 1846 componens,
840 1778 1191 1832 sermonibus
1259 1774 1505 1829 veritatis
1570 1783 1763 1840 aptans

889 474 1172 535 ORATIO
1207 476 1426 536 XX.-
1470 477 1547 536 IN
1578 475 1888 535 L.\UDE.\I
1942 475 2001 535 S.
2045 473 2423 533 GREGORll
2468 473 2743 532 THEOL.

3321 471 3432 535 482

1939 585 2074 636 Cum
2103 582 2438 634 laudatorias
2462 596 2523 632 ac
2549 593 2669 649 quae
2691 580 2756 633 de
2787 577 2877 631 Dei
2910 578 3146 634 hominis
3180 579 3234 633 in
3268 596 3436 634 carne

1852 676 2069 744 negotio
2102 685 2226 727 sunt
2265 672 2540 727 orationes
2568 674 2705 743 lego,
2742 672 2939 741 quibus
2967 686 3150 725 sacras
3181 673 3437 726 solemni-

1858 777 1994 819 tates
2023 776 2268 827 exornat,
2320 765 2409 817 Dei
2449 778 2631 818 revera
2667 765 2893 817 vocibus
2933 763 3202 817 Ecclesias
3238 764 3438 817 illumi-

1853 872 2008 919 nans,
2051 866 2210 925 atque
2244 858 2545 918 oblectans,
2578 872 2701 909 cum
2750 856 2860 910 Elia
2887 858 2938 909 in
2969 856 3167 910 caelum
3198 857 3344 909 levor
3366 857 3433 918 “,

1861 953 2129 1021 igneaque
2160 950 2375 1017 eioquia
2423 948 2564 1003 haud
2619 965 2776 1002 secus
2809 968 2871 1003 ac.
2907 951 3188 1002 ﬂammeos
3243 965 3432 1002 currus

1858 1042 2204 1101 inscendens,
2260 1041 2510 1095 sublimis
2539 1043 2605 1093 ad
2640 1039 2927 1092 Dominum
2975 1041 3135 1094 tollor
3167 1059 3179 1094 :
3208 1040 3435 1108 ejusque

1857 1133 2018 1185 etiam
2090 1132 2364 1194 melotem,
2432 1147 2593 1199 quam
2661 1131 2856 1186 Elisa'o
2915 1134 3126 1197 tribuit,
3192 1134 3435 1202 cogito;

1863 1224 2137 1293 quinimo,
2188 1238 2310 1292 qua:
2370 1221 2445 1274 illi
2487 1238 2669 1277 comes
2717 1235 2819 1284 est,
2875 1223 3144 1291 duplicem
3202 1224 3436 1291 Spiritus

1862 1317 2116 1385 gratiam,
2136 1330 2242 1382 qua
2276 1314 2478 1367 nedum
2506 1313 2798 1381 impietatis
2819 1315 3019 1367 fluento
3045 1314 3355 1367 inhibentur
3373 1314 3439 1377 ",

1865 1423 2053 1462 verum
2089 1407 2252 1459 etiam
2291 1406 2507 1459 steriles
2536 1407 2731 1458 animae
2772 1404 3173 1461 fecundissimae
3200 1406 3437 1459 reddun-

1864 1510 1951 1554 tur
1984 1517 1998 1562 ;
2028 1514 2091 1552 ac
2123 1514 2243 1567 quze
2274 1514 2366 1567 per
2391 1498 2511 1551 lidei
2542 1500 2859 1567 pravitatem
2906 1500 3248 1564 interierunt,
3308 1514 3431 1553 cre-

1864 1592 2067 1645 duntur
2124 1591 2287 1642 vitam
2335 1590 2576 1657 recipere
2607 1589 2672 1643 ⁸⁸.

1936 1686 2069 1737 Cum
2117 1684 2425 1736 antistitum
2486 1682 2694 1744 Iaudes,
2752 1696 2814 1734 ac
2860 1691 3155 1751 martyrum
3187 1698 3201 1745 ;
3229 1679 3293 1733 ad
3331 1680 3446 1733 haec

1826 1785 2053 1837 tetram,
2092 1790 2215 1843 qua:
2270 1774 2439 1836 illius,
2496 1773 2739 1828 litoribus
2784 1773 3130 1827 instituendis
3156 1774 3439 1825 'adborta-

200 1883 340 1942 atque
395 1875 674 1926 instruens
703 1911 717 1935 ,
748 1883 1088 1939 cunctosque
1135 1869 1200 1923 ad
1247 1866 1759 1936 contemplationem
1797 1850 1837 1903 Β
1870 1869 2042 1923 tiones
2077 1876 2296 1922 exstant
2329 1884 2343 1932 ;
2371 1866 2568 1919 divina:
2600 1867 2721 1935 ejus
2751 1865 3034 1934 sapientia:
3080 1866 3396 1919 varietatem
3428 1907 3443 1929 ,

201 1966 385 2034 pariter
443 1980 508 2018 ac
541 1965 810 2018 actionem
860 1962 1142 2032 expeditos
1206 1960 1485 2030 agilesque
1536 1954 1763 2011 reddere

203 2054 423 2106 maxime
466 2056 715 2120 cupiens.
748 2050 1093 2117 Curiseriptis
1123 2057 1304 2102 autem
1341 2046 1516 2102 sacris
1568 2059 1762 2097 monu-

204 2152 381 2199 mentis
418 2146 632 2197 futuros
685 2142 939 2209 deinceps
988 2157 1082 2209 per
1123 2150 1311 2196 aetates
1357 2139 1673 2198 aediﬁcans;
1707 2136 1760 2189 in

202 2238 277 2301 iis,
308 2252 531 2290 eversos
550 2235 884 2297 constabilit,
920 2235 1106 2288 ﬁdeles
1128 2232 1415 2286 conﬁrmat
1445 2248 1459 2297 ;
1491 2230 1584 2284 sed
1611 2238 1665 2282 et
1703 2242 1766 2281 os

203 2345 350 2383 oume
398 2330 658 2394 fremens,
706 2340 801 2384 aut
844 2329 988 2398 quod
1032 2328 1271 2381 futurum
1315 2336 1418 2391 est,
1464 2334 1523 2379 ut
1567 2323 1762 2379 fremat

202 2419 333 2491 loqui
375 2423 644 2476 adversus
675 2421 845 2476 Deum
888 2421 1229 2489 iniquitatem
1258 2420 1324 2484 ",
1361 2418 1616 2473 obstruit.

1866 1962 2298 2031 multiplicisque
2343 1975 2407 2016 ac
2446 1960 2644 2015 diversi
2700 1960 2916 2029 generis
2944 1960 3230 2030 opuscula,
3266 1974 3330 2013 ac
3366 1962 3448 2012 Iu-

1865 2058 2215 2111 cnhrationes
2246 2066 2440 2118 metro,
2478 2056 2766 2123 solutaque
2784 2056 3034 2109 oratione
3076 2069 3286 2108 meeum
3320 2069 3448 2123 per-

1868 2159 2066 2213 tracto,
2134 2148 2448 2201 Salomonis
2512 2147 2680 2199 animi
2735 2145 3064 2213 profundum
3126 2156 3444 2211 contueor;

1867 2242 1999 2310 quin
2023 2250 2077 2293 et
2106 2254 2216 2307 prae
2246 2239 2358 2302 illo,
2396 2252 2461 2291 ac
2491 2237 2668 2306 majus
2696 2237 2897 2305 aliquid
2928 2253 3221 2305 possumus
3242 2238 3446 2291 dicere.

1868 2329 2003 2383 Nam
2070 2326 2324 2383 Salomon
2375 2326 2617 2397 quidem,
2674 2344 2800 2383 cum
2850 2329 3197 2398 sapientiam,
3268 2344 3448 2381 rerum

1871 2423 2081 2477 scilicet
2150 2421 2435 2478 scientiam
2502 2422 2767 2490 petiisset,
2831 2438 2895 2476 ac
2925 2422 3336 2491 accepisset“';
3370 2424 3448 2475 sic

1872 2517 2267 2569 elementorum
2293 2516 2526 2578 indoles,
2556 2516 2875 2569 animalium
2910 2522 3088 2577 ortus,
3134 2515 3441 2582 plantarum

1873 2609 2084 2662 diversa
2129 2624 2350 2678 genera,
2384 2625 2449 2664 ac
2472 2625 2662 2664 eorum
2706 2624 2828 2679 qua:
2859 2608 2962 2663 sub
2996 2608 3109 2661 sole
3161 2616 3310 2669 sunt,
3360 2613 3454 2659 aut

1879 2699 2035 2764 ﬁunt,
2087 2702 2432 2769 operationes
2498 2703 2750 2770 viresque
2781 2700 3115 2754 intellexisse
3147 2698 3451 2768 perhibitns

1882 2803 1986 2857 est,
2020 2802 2080 2845 ut
2106 2795 2455 2861 superiorum
2485 2794 2751 2848 exstiterit
2778 2807 2935 2846 nemo
2971 2793 3073 2845 hac
3120 2793 3194 2845 illi
3228 2791 3453 2844 scientia

1880 2901 1998 2953 par,
2032 2893 2125 2939 aut
2156 2894 2280 2954 post
2312 2901 2435 2939 eum
2474 2896 2825 2940 surrecturus
2861 2886 2931 2939 sit
2957 2884 3333 2952 “.Gregorius
3361 2898 3455 2935 au-

1884 2986 1988 3028 tem
2045 2991 2169 3030 cum
2224 2976 2465 3030 humana
2510 2976 2599 3029 illa
2649 2975 2918 3044 sapientia
2974 2973 3133 3037 nihil,
3188 2989 3252 3027 ac
3311 2982 3459 3027 certe

1882 3083 2076 3137 parum
2122 3069 2253 3137 quid
2284 3084 2313 3122 a
2362 3068 2655 3121 Salomone
2711 3068 3096 3131 deﬁceret;ea
3155 3083 3253 3120 ceu
3306 3066 3457 3118 rudi-

1809 3182 1853 3243 ο
1887 3172 2069 3215 mento
2105 3163 2170 3215 ad
2197 3162 2439 3216 divinam
2493 3161 2821 3229 sapientiam
2878 3175 3036 3223 usus,
3098 3168 3314 3213 tantum
3368 3159 3458 3212 illa

1886 3251 2162 3304 Salomoni
2227 3250 2546 3320 praacelluit,
2595 3261 2863 3320 quantum
2920 3249 3178 3303 SaIOmon
3235 3250 3461 3318 reliquis

1887 3346 2174 3415 prmfulsit.
2223 3346 2301 3400 Ac
2335 3346 2554 3416 quidem
2605 3347 2720 3410 ille,
2760 3354 3067 3400 creator-nm
3115 3359 3173 3398 se
3220 3355 3463 3397 contem-

1887 3438 2112 3507 plationi
2165 3438 2390 3500 dedens,
2452 3438 2827 3506 perspicacem
2890 3436 2944 3488 in
3003 3450 3067 3488 ea
3128 3432 3297 3488 animi
3355 3433 3461 3484 vim

1890 3530 2114 3583 insumit
2151 3545 2166 3593 ;
2199 3529 2286 3582 hic
2332 3537 2515 3582 autem
2570 3545 2632 3583 ex
2677 3529 2877 3583 creatis
2913 3528 2981 3582 ad
3022 3524 3465 3595 incomprehensi

1887 3638 2053 3691 supra
2104 3638 2265 3692 quam
2307 3622 2544 3690 ignotam
2600 3620 2851 3673 notitiam
2901 3630 3262 3683 transvectus,
3318 3635 3469 3672 sum-

1891 3731 2088 3782 meque
2128 3715 2418 3783 mysticam
2448 3729 2509 3766 ac
2548 3711 3018 3766 abstrusissimam
3044 3720 3239 3763 nactus
3271 3709 3473 3761 incom-

1891 3804 2331 3873 prehensionem,
2392 3818 2569 3871 eaque
2632 3802 2993 3871 apprehensi,
3051 3799 3225 3868 ipsam
3286 3800 3339 3851 in
3401 3813 3467 3851 ea

1892 3897 2409 3965 contemplationem
2439 3896 2606 3949 sistit.

1966 3990 2042 4043 Ac
2077 3990 2296 4058 quidem
2334 3989 2595 4041 Salomon
2623 3984 3015 4039 multiformem
3092 3998 3154 4036 ae
3196 3980 3473 4034 dividuam

1896 4089 2103 4134 naturae
2124 4078 2316 4132 doctus
2348 4079 2631 4139 rationem,
2662 4074 3031 4143 intelligentiae
3078 4070 3469 4125 abundantiam

1898 4171 2085 4225 multis
2117 4169 2272 4223 libris
2298 4169 2460 4222 editis
2487 4166 2819 4237 produxisse
2867 4166 3119 4235 proditus
3167 4174 3251 4217 est
3290 4180 3305 4216 :
3343 4163 3477 4216 Gre—

1907 4262 2096 4331 gorius
2128 4272 2312 4315 autem
2350 4272 2561 4314 natura:
2595 4274 2758 4327 supra
2787 4274 2952 4327 quam
3006 4258 3205 4310 divinm
3263 4256 3480 4311 Unitate

185 4355 361 4399 “"3"”
389 4386 404 4407 ν
490 4347 717 4415 (ιιιίιιυε
792 4345 1221 4414 alienigenarum
1284 4344 1561 4397 decretum
1635 4358 1796 4396 ουηιο
1899 4371 1962 4409 ac
1995 4354 2261 4408 Trinitate
2288 4353 2486 4406 eximie
2534 4361 2815 4419 perspecta
2850 4366 2914 4405 ac
2958 4350 3246 4403 intellecta.
3274 4363 3481 4403 sermo-

182 4450 339 4508 atque
370 4442 717 4494 doctrinam
745 4438 1046 4499 exscindit,
1076 4452 1139 4490 ac
1165 4436 1463 4504 pratsertim
1492 4434 1795 4489 Macedonii
1904 4446 1989 4500 “is
2028 4445 2381 4514 pulcherrimi
2415 4444 2485 4501 νε,
2526 4459 2589 4496 τω
2640 4442 2951 4495 inustum“;
3003 4440 3229 4494 Deitatis
3285 4439 3480 4504 grauia,

181 4536 406 4604 Ariique
482 4548 557 4587 ae
597 4530 921 4599 sequacium
962 4530 1329 4598 impudentem
1367 4539 1613 4596 amputat
1676 4526 1783 4578 bla-

1871 4562 1873 4578 ι
1904 4542 2118 4592 cunctis
2148 4536 2311 4589 simul
2339 4536 2586 4589 a‘talibus
2618 4535 2799 4588 divina
2826 4534 2933 4587 alte
2975 4531 3251 4585 edisserit.
3306 4531 3483 4589 Atque

186 4630 525 4696 sphemiam,
546 4625 746 4679 statim
777 4622 1082 4676 admirandi
1110 4620 1254 4674 illius
1288 4620 1507 4674 Davidis
1540 4617 1798 4672 facinoris
1908 4632 1996 4685 me
2027 4631 2268 4699 quidem,
2300 4645 2385 4693 ea,
2430 4644 2551 4697 qua,
2575 4629 2756 4681 επρυιί
2792 4643 2891 4681 usu
2935 4627 3205 4687 ροηείειη,
3264 4624 3484 4677 solemn

183 4724 426 4785 Ιιιειιιίηί.
482 4719 712 4789 Ultimi
764 4717 941 4787 lapide
987 4716 1156 4770 “mila
1217 4725 1394 4770 TOlalO
1438 4716 1795 4785 alienigenam
1909 4739 1973 4777 ac
2005 4723 2377 4777 sollicitudine
2434 4722 2630 4781 elatus,
2664 4735 2726 4773 ac
2766 4719 2947 4773 carnis
2973 4719 3254 4787 prudentia
3285 4716 3483 4774 victus,

182 4816 581 4881 percutientis,
617 4823 789 4880 atque
835 4824 1037 4877 procax
1070 4808 1204 4862 illud
1234 4816 1397 4877 caput
1438 4805 1775 4875 amputantis

1912 4832 2076 4885 quam
2135 4815 2345 4883 procul,
2394 4813 2541 4867 heul
2596 4815 2664 4867 ab
2721 4812 2916 4880 spiritu
2973 4810 3233 4870 recessit,
3296 4821 3485 4860 eorum

181 4924 237 4961 ac
276 4911 483 4964 salutis
518 4921 720 4963 cornu
770 4902 951 4957 Isracli
987 4903 1255 4972 erigentis
1278 4903 1321 4931 ³⁷
1352 4918 1365 4953 :
1395 4910 1489 4954 aut
1531 4900 1783 4953 Samueli:

1910 4910 2129 4961 nomine
2153 4923 2272 4975 qua:
2313 4907 2415 4960 sibi
2446 4904 2728 4975 deligenda
2764 4904 2974 4973 putavit
2999 4904 3100 4971 (ne
3123 4901 3252 4969 quid
3298 4899 3488 4952 nefan-

183 5003 265 5053 illo
304 5003 703 5073 superiorum
739 4999 1068 5058 tonitruum,
1106 5006 1270 5064 atque
1298 4993 1601 5062 fulgurum,
1631 4995 1783 5047 vehe-

1911 5002 2039 5053 dum
2092 5000 2317 5065 dicam)
2360 4999 2626 5066 vituperio
2674 4997 2873 5065 dignus
2917 4996 2983 5049 ⁸⁸.
3042 4996 3110 5047 At
3163 4991 3485 5058 Gregorius,

183 5101 574 5166 numinmquc
602 5110 640 5147 e
673 5092 816 5145 C(Blo
844 5090 1121 5153 imbrium,
1148 5088 1348 5156 quibus
1378 5087 1425 5142 is
1452 5087 1798 5156 insipientem
1912 5091 2004 5159 qui
2049 5090 2252 5157 Spiritu
2281 5089 2369 5140 Dei
2402 5098 2655 5157 ageretur
2684 5088 2750 5148 ⁸⁷,
2787 5100 3100 5155 quanquam
3128 5084 3195 5137 ad
3224 5081 3489 5148 ejusmodi

186 5188 433 5245 lsraelcm
496 5186 825 5244 erudiebat
854 5184 941 5235 l"z
976 5192 1071 5235 aut
1103 5182 1243 5250 ignis
1292 5179 1444 5246 Elia),
1487 5194 1597 5249 quo
1652 5178 1805 5232 holo—
1917 5182 2197 5249 sapientiae
2233 5180 2453 5247 pelagus
2495 5188 2764 5239 evaserat,
2805 5176 2964 5229 facile
3011 5186 3216 5237 tamen,
3269 5187 3331 5225 ac
3383 5170 3492 5223 leni

185 5296 361 5337 (arista
417 5298 489 5337 ac
548 5281 724 5349 ligna
776 5275 1111 5342 consumpsit
1144 5275 1232 5336 ⁵ος
1285 5273 1359 5326 ιιιί
1414 5272 1576 5326 etiam
1622 5282 1804 5339 postea
1918 5288 2051 5324 aura
2105 5271 2341 5337 navigat,
2398 5269 2589 5322 divino
2639 5267 2852 5322 scilicet
2897 5265 3100 5333 Spiritu
3141 5280 3234 5331 per
3264 5262 3491 5330 spirita-

185 5374 267 5426 illo
294 5376 544 5430 duorum
566 5367 1127 5442 quinquagenarioru
1140 5382 1187 5418 ιιι
1205 5364 1506 5434 principum
1524 5363 1806 5417 audaciam
1919 5366 2021 5417 lein
2051 5364 2421 5430 disc'plinam,
2447 5362 2674 5430 vitaeque
2703 5360 3095 5413 institutionctn
3124 5357 3189 5409 ad
3213 5355 3490 5408 caelestem

187 5469 431 5522 contrivit
466 5470 543 5527 ‘°,
586 5473 705 5518 aut
756 5460 876 5528 ejus
917 5458 1089 5528 ipsius
1137 5456 1301 5524 gladii
1352 5472 1458 5525 quo
1504 5456 1801 5525 prophetas
1913 5451 2318 5523 superi-adestis
2358 5452 2638 5520 sapientia:
2683 5461 2901 5519 portum
2947 5450 3124 5517 ipsum
3175 5444 3440 5511 dirigente
3477 5458 3491 5505 ;

188 5559 525 5617 confusionis
568 5562 587 5630 (
624 5555 691 5611 id
738 5561 843 5616 est,
875 5551 1379 5621 Baal)justissime
1419 5551 1693 5605 interemit
1736 5548 1794 5599 “.
1911 5547 2197 5615 carnisque
2255 5544 2550 5599 affectuum
2614 5558 2678 5597 ac
2734 5542 3042 5605 libidinum,
3096 5548 3352 5608 tanquam
3394 5534 3495 5587 ﬁu-

264 2513 435 2568 Tanta
460 2530 588 2569 vero
610 2513 874 2582 Gregorio
902 2513 1080 2567 exacti
1102 2511 1395 2576 sermonis,
1430 2526 1495 2564 ac
1521 2506 1771 2562 veritatis

202 2616 344 2665 cura,
373 2619 502 2656 cum
539 2612 847 2665 venustate,
879 2603 1222 2666 incitatione,
1256 2600 1666 2671 perspicuitate,
1699 2613 1763 2652 ac

202 2695 471 2762 gravitate,
533 2707 590 2749 ut
637 2712 950 2765 quanquam
1013 2696 1166 2749 multi
1236 2694 1436 2762 sazpius
1492 2708 1521 2745 a
1574 2690 1774 2744 sarculo

201 2788 471 2841 orationes
506 2790 959 2856 conscripserint,
1006 2797 1102 2841 aut
1141 2787 1356 2840 divinas
1401 2784 1773 2839 enarrationes

200 2880 460 2932 ediderint
497 2895 513 2944 ;
546 2890 812 2947 quantum
844 2879 1011 2933 stellae
1037 2894 1067 2931 a
1102 2878 1232 2932 solis
1261 2878 1529 2939 claritate,
1564 2885 1772 2929 tantum

200 2970 436 3023 universi
471 2970 542 3023 ab
584 2970 728 3024 illius
771 2970 952 3023 divina
998 2971 1382 3040 praedicatione
1430 2985 1493 3023 ac
1537 2969 1773 3034 eloquio,

200 3062 351 3130 vique
410 3078 760 3124 sermonum,
819 3062 1099 3117 deﬁciant.
1155 3062 1290 3133 Ego,
1340 3072 1607 3131 quantum
1654 3060 1780 3114 licet

198 3166 286 3217 pro
318 3156 489 3217 virili,
521 3155 722 3207 dicam.

262 3245 399 3297 Cum
442 3246 499 3298 in
555 3247 834 3299 orationes
890 3246 1187 3299 invectivas
1242 3244 1446 3309 incido,
1488 3244 1689 3313 quibus
1735 3243 1779 3295 is

196 3330 385 3387 Juliam
429 3337 877 3404 praevaricatoris
905 3336 1149 3389 confutat
1198 3336 1550 3396 dementiam,
1602 3336 1780 3388 numi-

196 3441 433 3494 nnmque
466 3428 759 3497 gentilium
808 3428 1182 3481 infelicitatem
1217 3442 1280 3481 ac
1335 3428 1624 3480 vanitatem
1654 3441 1783 3479 exa-

196 3522 320 3583 gitat
351 3538 365 3584 ;
403 3538 472 3574 ac
505 3522 709 3590 quibus
746 3538 934 3574 eorum
968 3520 1126 3581 Deos,
1158 3538 1220 3573 ac
1243 3521 1503 3573 demones
1531 3520 1781 3584 traducit,

191 3611 465 3667 Cecleonis
506 3616 752 3683 gladium
792 3614 967 3675 video,
1005 3622 1099 3665 aut
1124 3614 1271 3665 illius
1309 3621 1577 3665 trecentas
1602 3612 1781 3674 tubas,

193 3712 347 3771 atque
380 3706 703 3773 larnpales,
735 3706 931 3773 quibus
964 3705 1299 3771 alienigenas
1330 3710 1587 3763 exterret,
1631 3717 1693 3755 ac
1729 3702 1781 3754 iu

190 3807 472 3865 stuporem
509 3799 740 3850 vertit”
769 3816 783 3863 ;
813 3799 1156 3867 pmpriisque
1207 3797 1444 3863 ipsorum
1471 3810 1782 3849 sermonum

188 3898 345 3955 alque
363 3891 665 3942 actionum
693 3890 921 3956 laqueis,
950 3888 1149 3942 innecti
1198 3886 1347 3941 facit.
1374 3889 1481 3939 Aut
1513 3885 1718 3939 Barach
1740 3887 1785 3915 ⁵⁵

186 3979 499 4050 lepideque
532 3997 725 4035 ensem
779 3982 824 4013 ⁸⁸
859 3998 872 4045 ;
911 3990 1006 4033 aut
1056 3980 1343 4032 Samsonis
1398 3978 1788 4039 mandibulam,

185 4086 283 4137 qua
338 4073 546 4126 hostes
612 4071 819 4123 milleni
892 4069 1133 4140 percussi
1188 4068 1584 4122 collidebantur
1630 4078 1793 4136 atque

184 4164 453 4217 eadm-bant
482 4165 561 4214 ⁵⁴ο

247 4254 383 4307 Cum
440 4256 503 4308 in
546 4268 675 4317 eas,
728 4252 929 4322 quibus
964 4252 1085 4305 Filii
1145 4267 1207 4306 ac
1245 4250 1482 4320 Spiritus
1527 4249 1785 4305 Deitatem

251 5735 292 5769 "
316 5736 462 5795 Psal.
502 5753 632 5792 va.
671 5732 740 5785 4.
821 5730 862 5760 ⁵¹
892 5728 933 5782 ll
977 5729 1118 5783 Tim.
1150 5745 1225 5789 tv,
1264 5729 1348 5782 13.
1456 5728 1499 5757 ⁸¹
1536 5726 1677 5780 Psal.
1719 5742 1775 5789 tt,

284 5811 343 5839 πα
466 5812 518 5839 ιι
574 5804 757 5839 ι...Ιίι·
839 5817 903 5839 τυ
976 5801 1040 5839 1θί
1158 5799 1247 5839 ⁵⁷]
1288 5802 1395 5839 Ihm
1462 5814 1565 5839 wn
1620 5798 1706 5839 Ml,

1967 5726 2011 5756 ⁸³
2043 5723 2218 5777 .fndic.
2280 5723 2490 5785 vn,20.
2599 5722 2645 5752 “
2678 5720 2854 5775 Judic.
2920 5736 2992 5783 iv,
3044 5716 3132 5773 16.
3237 5717 3282 5748 ⁸⁸
3314 5713 3494 5767 JINlic-

1892 5797 1905 5839 l
1954 5797 2081 5839 Ihm.
2123 5813 2213 5839 en-
2261 5795 2342 5839 17-
2442 5797 2485 5827 δ’
2517 5792 2575 5839 Ill
2612 5791 2742 5839 Rea.
2798 5806 2947 5839 xvrll-
2986 5789 3075 5839 58.
3188 5788 3231 5818 ⁶⁰
3262 5785 3324 5839 ιν
3364 5784 3494 5839 lica.

3430 5820 3494 5851 ης.

192 5789 779 5868 ιμῦέξίῂηδῖὺιιης.
839 5817 926 5861 xv,
976 5801 1059 5853 l5.
1158 5799 1248 5851 ⁵⁷«1
1288 5802 1414 5867 Reg.
1462 5814 1589 5857 \'\’|l,
1620 5798 1707 5849 40.

1885 5797 1905 5868 7|
1954 5797 2082 5868 life;
2123 5813 2215 5851 xu.
2261 5795 2343 5847 l7.
2382 5797 2485 5868 _”
2612 5791 2742 5868 Reg.
2798 5806 2948 5855 xvm,

198 5855 411 5940 iiii—3'
453 5881 521 5936 Ill
560 5855 725 5943 lii-g.
767 5855 1033 5929 κγιιιξθιθ.
1114 5872 1157 5901 θ’
1206 5868 1278 5943 iV
1318 5855 1597 5943 litigandi
1658 5883 1821 5943 chq.
1876 5867 1921 5897 ⁸³
1956 5855 2209 5943 Ινῖὶιῖιξ..⁵
2240 5882 2336 5927 xu,
2379 5866 2458 5918 l4.
2527 5865 2580 5943 ἐξ
2614 5855 2835 5933 Ινῖὶῡε.
2880 5878 2952 5925 tv,
2990 5860 3072 5914 16.
3152 5859 3219 5889 ⁸³⁸
3246 5856 3283 5909 ll
3319 5855 3492 5909 l’aral.

199 5935 230 6015 ις
265 5956 337 6007 lt).
440 5935 485 6002 έ³
533 5952 608 6004 lll
658 5935 809 6013 licg.
840 5959 920 6008 ιιι,
953 5943 1056 6005 ι;);
1096 5958 1169 6004 tv,
1204 5942 1290 5994 50.
1372 5942 1414 5970 ⁸⁸⁸
1446 5940 1507 5993 ιιι
1540 5939 1668 6007 Reg.
1709 5935 1764 6000 ll,

1871 5953 2015 6005 seqq.
2097 5938 2135 5966 ⁸⁵⁷
2180 5938 2334 5989 llunt.
2372 5952 2485 5993 vnt.
2525 5935 2608 5987 Η.
