4186 6434
753 447 859 512 483

1912 441 2204 503 NICET.E
2267 439 2791 499 PAPIIIAGONIS

3904 429 4011 492 454

754 575 938 615 etnum
971 561 1288 628 insurgente
1318 556 1365 609 vi
1418 565 1605 610 natatu
1644 554 1919 624 superior,
1954 563 2116 621 atque
2162 566 2333 604 cmin-
2366 557 2407 607 Α
2438 564 2630 601 eorum
2665 549 2765 615 ipsi
2801 547 3029 601 consilia
3073 554 3413 617 sequantur;
3448 544 3765 612 maluntque
3796 542 3894 594 sili
3924 558 4013 593 eos

753 663 905 715 gens,
939 647 1214 700 tutissimo
1252 648 1398 700 exitu
1430 648 1598 700 animi
1628 647 1906 716 propriam
1934 643 2334 712 navigationem

750 740 1081 809 obsignavit,
1124 753 1187 791 ac
1223 739 1439 792 clausit.

825 833 1117 902 Postquam
1147 842 1351 894 autem,
1409 847 1572 900 quam
1611 831 1712 885 sibi
1747 828 2087 901 propositam
2127 829 2335 882 habue-

765 935 849 977 rat
908 923 1434 991 i.tnpensiorisillius
1474 923 1689 977 consilii
1747 924 2041 987 actionem,
2097 922 2333 975 faustum

758 1016 941 1077 ﬁnem,
969 1031 1032 1069 ac
1068 1031 1166 1085 pro
1197 1014 1317 1083 ejus
1346 1015 1664 1084 diligentim,
1707 1033 1769 1070 ac
1802 1016 1915 1085 spei
1951 1017 2165 1070 ratione
2204 1030 2335 1071 con-

752 1116 1084 1176 venientem,
1143 1113 1283 1167 vidit
1312 1114 1625 1183 accepisse;
1666 1114 1814 1166 omni
1853 1113 2061 1167 scilicet
2088 1111 2334 1183 populari

750 1207 985 1259 tumultu
1045 1221 1109 1259 ac
1157 1207 1529 1270 contentione,
1568 1207 2072 1274 Anomceorutnque
2139 1207 2336 1274 linguae

751 1298 1102 1366 improbitate
1159 1312 1223 1351 ac
1250 1298 1682 1351 contradictione
1711 1299 1883 1351 divisa
1905 1313 2150 1367 prorsus,
2174 1307 2335 1366 atque

750 1389 1027 1442 conscissa
1067 1405 1082 1453 ;
1122 1390 1385 1458 omnique
1446 1404 1604 1443 sacro
1669 1390 2113 1443 Orthodoxorum
2187 1397 2329 1443 cmtu

752 1482 927 1535 sacris
981 1481 1243 1536 Ecclesiis
1286 1481 1563 1546 restituto,
1615 1482 1804 1550 sicque
1853 1482 2057 1536 virtute
2115 1497 2179 1535 ac
2231 1482 2333 1535 ﬁde

750 1572 957 1636 adulto,
1002 1581 1061 1626 ut
1089 1587 1254 1641 super
1292 1588 1390 1627 eos
1418 1572 1601 1626 divina
1649 1573 1876 1625 omnino
1914 1572 2161 1626 elllorere
2206 1586 2333 1625 san-

749 1663 1007 1716 ctiﬁcatio
1044 1665 1456 1733 conspiceretur
1487 1665 1551 1716 “'.
1583 1662 1823 1717 Aderant
1849 1664 2066 1733 quidem
2095 1678 2330 1732 quorum

748 1754 1016 1808 adventus
1088 1756 1511 1825 exspectabatur
1608 1756 2017 1824 praestantiores
2090 1742 2331 1823 episcopi

748 1855 914 1912 atque
955 1859 1253 1913 proceres;
1293 1845 1542 1909 aderant,
1579 1861 1688 1898 non
1740 1854 1798 1899 ut
1835 1844 2105 1899 Ecclesias
2160 1846 2329 1899 colla-

750 1952 874 2003 psas
899 1936 1175 2005 erigerent
1211 1936 1357 2006 (jam
1389 1938 1535 1991 enim
1565 1936 1706 1992 sacri
1740 1936 2002 1991 antistitis
2030 1937 2329 1990 sudoribus

751 2026 800 2079 id
842 2037 966 2080 ante
1000 2029 1257 2097 przcclare
1288 2028 1590 2097 praestitum
1622 2029 1783 2099 erat),
1812 2028 1906 2083 sed
1939 2039 1997 2083 ut
2027 2029 2175 2083 illius
2210 2039 2329 2085 acta

748 2118 1156 2171 eonﬁrtnarent.
1197 2116 1317 2170 Non
1347 2130 1406 2172 ut
1464 2128 1747 2173 nutantem
1807 2120 1967 2174 ﬁdem
2051 2120 2331 2174 ﬁrmarent

748 2224 812 2261 ac
864 2209 1227 2276 stabilirent(
1269 2226 1435 2279 quam
1494 2212 1583 2266 ille
1632 2211 1793 2267 factis
1868 2227 1932 2267 ac
1983 2214 2329 2267 sermonibus

746 2302 1116 2356 aniantantinis
1138 2304 1617 2373 communiverat),
1644 2309 1736 2358 sed
1780 2314 1837 2358 ut
1872 2311 1992 2373 ejns
2022 2306 2089 2358 de
2119 2306 2329 2359 Deitate

744 2393 1051 2445 doctrinam
1084 2392 1297 2447 calculo
1324 2395 1711 2462 approbarent.
1736 2392 1847 2448 Nec
1875 2404 1933 2448 ut
1963 2395 2329 2449 Consubstnn-

746 2484 989 2538 tialitatis
1053 2485 1285 2553 gloriam
1344 2494 1473 2539 tunc
1527 2485 1751 2555 Spiritui
1788 2485 2087 2549 deferrent,
2121 2485 2325 2540 Deum-

741 2592 847 2643 que
878 2577 1082 2644 pariter
1112 2592 1176 2631 ac
1226 2576 1443 2631 Patrem
1492 2576 1801 2647 Filiumque
1854 2587 2184 2643 assererem,
2231 2578 2326 2633 sed

742 2678 803 2719 ut
836 2683 1029 2723 omnes
1064 2670 1345 2723 communi
1381 2669 1664 2740 suffragio,
1703 2671 1852 2725 illius
1883 2671 2085 2725 divinis
2129 2673 2329 2741 praedi-

740 2761 1053 2816 cationibus
1082 2764 1481 2817 consentirent.

812 2855 969 2920 Quod
1001 2856 1147 2909 enim
1186 2872 1385 2925 magno
1434 2857 1586 2926 prius
1620 2858 1843 2912 tonitrui
1879 2858 1990 2912 lilio
2028 2858 2071 2891 ⁸⁸
2099 2873 2327 2913 conces-

741 2962 863 3000 sntn
892 2954 995 3011 est,
1027 2947 1094 2999 ad
1141 2946 1423 3016 Unigeniti
1456 2948 1687 3017 gloriam
1727 2948 2052 3009 declararet,
2103 2964 2165 3003 ac
2214 2965 2326 3018 prie

744 3038 969 3105 reliquis
1020 3037 1439 3105 Evangeliorum
1502 3039 1885 3108 scriptoribus,
1938 3040 2115 3107 ipsutn
2155 3038 2323 3093 Deum

739 3134 886 3187 clare
919 3134 1240 3202 praedicaret
1272 3151 1287 3200 ;
1314 3135 1674 3204 quamobrem
1722 3134 1886 3188 etiam
1918 3135 2053 3188 scite
2085 3132 2323 3187 Theolo-

2442 659 2469 693 a
2496 643 2716 703 ldiccre,
2752 656 2915 710 qt'am
2950 650 3008 692 ιιι
3033 641 3066 692 ii
3111 641 3327 708 pietatis
3361 639 3478 707 lege
3522 639 3652 707 ipsis
3676 636 4010 689 addicantur.

2443 735 2563 803 lpse
2592 749 2741 797 vero,
2762 750 2886 787 cum
2916 734 3184 786 hactenus
3206 732 3461 785 omnibus
3485 730 3698 798 placere
3727 728 4013 783 sustinuis-

2439 834 2542 886 set,
2581 835 2637 876 ut
2672 823 2815 891 quod
2851 825 2903 875 in
2962 823 3077 891 ipso
3111 833 3249 884 erat,
3282 822 3438 889 juxta
3469 836 3726 888 magnum
3786 820 4014 888 Aposto-

2440 916 2550 969 lum
2582 918 2626 947 "°
2668 931 2857 968 omnes
2889 914 3233 969 lucrilaccrct
3266 931 3280 978 ;
3318 915 3463 983 quod
3508 913 3742 981 amplius
3784 921 3888 976 est,
3930 927 4014 964 ve-

2445 1007 2525 1060 lut
2548 1007 2711 1060 studii
2749 1006 2970 1060 libidine
3010 1005 3363 1073 placendi,ac
3389 1003 3774 1057 assentationis
3809 1004 4011 1054 ctinn-n

2438 1102 2789 1164 sulnnovens,
2826 1097 3147 1167 dilllansque
3178 1116 3193 1162 ;
3255 1112 3465 1150 necnon
3498 1097 3617 1164 ejus
3668 1110 3831 1163 quam
3866 1109 4015 1146 ama-

2438 1200 2588 1245 verat
2625 1207 2650 1243 a
2684 1191 2973 1260 principio,
3018 1190 3474 1258 coalumnamque
3509 1188 3792 1250 habuerat,
3843 1186 4015 1255 philo-

2436 1284 2642 1352 sephiae
2664 1298 2827 1351 supra
2855 1286 3076 1335 modum
3115 1282 3387 1336 desiderio
3413 1296 3677 1336 accensus
3710 1297 3725 1345 ;
3748 1294 4018 1347 unamque

2436 1390 2463 1429 s
2486 1377 2641 1439 ‘dem,
2674 1389 2964 1442 supernam
2991 1375 3217 1434 scilicet,
3250 1373 3388 1425 nulli
3430 1372 3649 1425 invidia:
3687 1371 4014 1438 expositam,

2435 1483 2499 1521 ac
2558 1466 3089 1533 intransferihilcm;
3140 1467 3261 1519 vita:
3323 1473 3503 1518 autem
3557 1463 3723 1532 hujus
3772 1462 4017 1515 laborum

2435 1562 2762 1623 mercedem,
2791 1561 2912 1628 ejus
2968 1574 3277 1625 ascensum,
3320 1574 3528 1629 proque
3558 1558 3647 1611 illa
3686 1557 4017 1621 sessionem,

2434 1654 2663 1715 sciens;
2704 1669 2866 1721 quem
2926 1652 3175 1707 homines
3222 1653 3483 1706 honorem
3515 1651 3811 1712 deferrent,
3863 1664 4018 1716 sper-

2432 1741 2545 1811 nit;
2581 1744 2875 1814 litibusque
2905 1747 3203 1814 expositam
3238 1747 3445 1799 sedium
3488 1744 3787 1799 eelsitatetn
3819 1743 4017 1795 volenti

2435 1838 2680 1904 eodens;
2734 1853 2797 1891 ac
2852 1836 2982 1891 Vale
3035 1839 3309 1902 Ecclesiae,
3369 1837 3740 1906 Augustisque
3805 1836 4016 1898 dicens,

2363 1903 2405 1961 Β
2437 1930 2661 1985 urbanis
2711 1946 2768 1984 se
2801 1924 2999 1995 tdrhis,
3042 1947 3103 1984 ac
3148 1931 3378 2000 negotiis
3410 1930 3678 1993 eximcns,
3732 1929 3796 1982 ad
3849 1938 4019 1982 terre-

2435 2037 2559 2075 nam
2594 2022 2854 2076 hactenus
2879 2023 3110 2092 patriam
3145 2023 3492 2091 connuigrat.

2504 2113 2637 2166 Illuc
2702 2115 2898 2168 iterum
2960 2129 3260 2178 reversus,
3344 2123 3679 2183 paternaque
3750 2113 4014 2175 Ecclesia,

2432 2206 2729 2259 amentium
2781 2206 2900 2261 labe
2962 2216 3188 2276 purgata
3247 2207 3786 2276 Apollinaristarum,
3854 2214 4020 2276 atque

2432 2299 2753 2353 domesticis
2786 2300 2906 2353 ﬁdei
2941 2300 3137 2353 tradita
3173 2318 3187 2365 ;
3225 2314 3288 2353 ac
3324 2308 3437 2353 tum
3492 2300 3711 2363 eximie,
3743 2302 3796 2353 in
3858 2310 4019 2353 terra:

2432 2391 2687 2459 angulum
2721 2389 3001 2444 solitarius
3020 2391 3301 2455 secedens,
3327 2390 3395 2444 ab
3412 2392 3750 2445 exteriorum
3780 2404 3838 2443 se
3858 2388 4011 2441 curis

2430 2483 2652 2535 omnino
2687 2481 2997 2551 collegisset
3032 2499 3046 2547 ;
3080 2480 3448 2537 Ecclesiarutn
3478 2483 3697 2551 quidem
3752 2480 4019 2550 prrsides

2431 2590 2526 2643 per
2586 2576 2850 2645 epistolas
2902 2576 3336 2630 constabiliendo
3379 2575 3846 2646 coagmentabat;
3903 2573 4020 2641 ipse

2432 2683 2561 2720 vero
2597 2668 2823 2735 potioris
2857 2668 2908 2721 vi
2966 2668 3460 2737 contemplationis,
3504 2665 3853 2721 ahsolutissin
3877 2679 4021 2733 aque

2430 2758 2773 2828 philosophia
2808 2775 3071 2829 supremo
3104 2760 3448 2815 desidetahili
3479 2772 3842 2814 consuesrens
3874 2798 3889 2823 ,
3957 2770 4023 2809 ac

2428 2855 2519 2923 ipo
2549 2872 2874 2910 arcanorum
2904 2864 3231 2923 prmceptore
3264 2864 3442 2919 utens,
3475 2870 3689 2908 omnem
3730 2863 3842 2907 tum
3882 2853 4023 2919 ﬁgu-

2430 2946 2624 2998 raliunt
2694 2960 2977 2999 sacrorum
3035 2945 3409 3014 symbolarum
3476 2944 3788 3013 expressius
3840 2941 4023 3012 perfe-

2429 3038 2680 3107 ctiusque
2720 3053 2904 3092 veram
2968 3039 3217 3091 notitiam
3268 3039 3678 3103 docetur;tum
3741 3046 3793 3089 ct
3842 3036 4020 3105 ipsam

2429 3132 2724 3201 symbolica
2775 3132 2924 3183 omni
2968 3132 3447 3199 repncsentatione
3492 3133 3830 3199 superiorem
3867 3168 3882 3193 ,
3914 3128 4027 3180 illi-

739 3242 840 3291 gns
870 3237 1222 3296 nuncupatus
1253 3236 1338 3280 est
1369 3244 1383 3292 ;
1420 3228 1522 3282 hoc
1558 3228 1734 3297 ipsum
1762 3229 1942 3296 plane,
1990 3229 2116 3283 huic
2159 3246 2320 3299 quem
2352 3245 2393 3301 ο
2430 3239 2535 3293 que
2572 3225 2928 3287 emiltcnlt‘m.
2957 3223 3200 3277 "el'ilalis
3234 3224 3541 3278 SCiCIIliam-

742 3320 1054 3385 laudamus,
1117 3320 1264 3390 quod
1335 3320 1401 3373 ad
1460 3318 1799 3374 Paracletum
1866 3319 2080 3384 attinet,
2140 3330 2325 3389 postea

742 3408 1007 3462 donatum
1040 3418 1143 3463 est.
1176 3409 1313 3462 Cum
1345 3409 1491 3462 enim
1526 3408 1617 3462 alii
1661 3423 1693 3461 a
1736 3407 1949 3462 Deitate
1997 3419 2324 3463 extraneum

740 3501 1016 3553 traderent
1061 3516 1075 3564 ;
1113 3500 1202 3553 alii
1264 3508 1659 3568 componerent
1708 3500 1928 3569 quidem
1989 3500 2211 3563 Deitati,
2270 3510 2327 3553 ιιι

739 3603 918 3645 tatnen
956 3592 1132 3660 palam
1176 3591 1348 3646 Deum
1382 3602 1783 3661 nuncuparent,
1832 3593 2014 3646 induci
2046 3609 2153 3646 non
2200 3610 2324 3663 pos-

736 3694 859 3737 sent
894 3701 909 3749 ;
948 3684 1040 3739 sed
1075 3686 1155 3739 vel
1188 3701 1300 3739 suae
1349 3686 1448 3754 ipsi
1492 3685 1743 3755 ignaviae,
1783 3686 1867 3739 vel
1900 3686 2320 3741 imbecilliorum

736 3773 935 3826 animis
994 3788 1058 3826 ea
1120 3776 1517 3842 temperatione
1578 3775 1979 3839 consulerent;
2015 3778 2166 3830 solus
2211 3775 2321 3837 hic,

735 3866 1059 3934 primusque
1085 3865 1196 3929 fere
1226 3881 1335 3934 pne
1370 3869 1629 3921 omnibus
1657 3866 1921 3936 Spiritum
1955 3868 2125 3922 Deum
2178 3867 2322 3921 Patri

736 3974 799 4012 ac
866 3956 1047 4013 Verbo
1096 3960 1620 4013 consubstantialem
1675 3961 1971 4029 perspicue
2052 3975 2116 4015 ac
2167 3962 2323 4015 valde

734 4052 879 4103 clare
926 4050 1235 4119 ﬁduciaque
1301 4052 1617 4119 praedicavit
1654 4070 1668 4117 ;
1701 4052 1861 4120 cujus
1921 4052 2087 4105 etiam
2135 4052 2321 4107 liberae

737 4142 1149 4210 praedicationis
1196 4142 1800 4211 magniﬁcentissimum
1849 4145 2136 4213 praemium
2184 4158 2318 4198 con-

733 4244 956 4287 secutus
1026 4243 1132 4297 est,
1204 4243 1264 4287 ut
1326 4249 1431 4302 qua
1498 4234 1619 4287 aliis
1688 4245 1913 4304 prmstat
1975 4236 2315 4300 excellentia,

733 4325 999 4395 'flteologi
1051 4342 1249 4381 nomen
1295 4328 1731 4391 nancisceretur,
1780 4329 1898 4382 auri
1951 4330 2158 4384 scilicet
2198 4330 2316 4383 the-

729 4417 913 4471 sauris
972 4417 1495 4480 innumerabilibus,
1550 4418 1880 4489 cunctisque
1941 4421 2198 4489 pretiosis
2241 4421 2318 4474 la-

731 4506 949 4572 pidibus
981 4506 1137 4573 longe
1171 4508 1396 4563 clarius.

2511 3315 2613 3368 Alii
2657 3316 2875 3383 quidem
2921 3316 3332 3383 prophetarum,
3358 3316 3477 3368 aliis
3513 3316 3566 3367 in
3609 3313 3818 3381 Spiritu
3850 3313 4025 3366 visio-

2432 3408 2594 3461 nibus
2631 3408 2679 3460 vi
2717 3408 2885 3461 animi
2924 3410 3151 3463 rectrice
3202 3425 3265 3462 ac
3291 3418 3470 3462 tuente
3507 3407 3819 3470 informati;
3854 3418 4026 3474 atque

2428 3500 2518 3552 alii
2546 3517 2563 3549 ι
2584 3499 2802 3567 quidem
2832 3515 2996 3567 super
3026 3500 3223 3552 solium
3265 3500 3539 3554 excelsum
3568 3514 3620 3553 et
3661 3500 4023 3561 elevatum";

2427 3590 2516 3642 alii
2570 3591 2899 3645 animalibus
2945 3591 3413 3659 quadriformibus
3470 3602 3706 3654 vectum,
3767 3591 4026 3644 invisibi-

2429 3688 2527 3739 lem
2566 3687 2863 3755 conspicati
2900 3689 2978 3753 ⁷²;
3017 3703 3079 3740 ac
3133 3692 3294 3741 modo
3343 3687 3562 3756 quidem
3600 3686 3806 3749 electri,
3856 3687 4026 3740 modo

2426 3779 2565 3846 ignis
2592 3782 2771 3848 specie
2796 3780 2842 3810 ⁷³
2874 3797 2887 3844 ;
2927 3781 3173 3847 aliasque
3202 3796 3396 3834 rursus
3420 3770 3663 3833 humana
3689 3794 3812 3831 eum
3841 3778 4026 3832 forma

2424 3872 2937 3929 cmtsiderantes“,
2992 3871 3158 3925 variis
3202 3874 3504 3941 ﬁgurarum
3553 3870 3900 3931 simulacris,
3956 3885 4025 3923 ac

2424 3960 2625 4013 diversi
2657 3962 2872 4028 generis
2908 3960 3105 4015 formis
3139 3971 3399 4030 tanquam
3424 3961 3516 4030 qui
3549 3976 3643 4029 per
3672 3970 3921 4014 naturain
3951 3961 4025 4025 ⁷⁸,

2426 4054 2569 4106 tutlla
2598 4069 2675 4107 cet
2693 4063 2747 4107 to
2778 4054 2956 4121 Specie
2990 4054 3274 4122 formaque
3306 4055 3638 4122 designetur,
3669 4054 3846 4122 sitque
3892 4054 4026 4106 uni-

2424 4161 2705 4199 versorum
2756 4156 2969 4210 ant-tor,
3005 4155 3167 4213 atque
3197 4162 3259 4199 ea
3286 4147 3497 4202 ratione
3524 4162 3706 4214 proco
3736 4162 3797 4199 ac
3832 4147 4035 4198 viden-

2420 4250 2503 4291 tes
2532 4240 2772 4307 capiunt,
2796 4238 3130 4308 indulgentia
3157 4248 3355 4292 cuncta
3390 4240 3583 4291 suhz-at
3608 4251 3769 4307 atque
3800 4239 4023 4303 induat;

2423 4339 2690 4399 tanqnant
2745 4332 2811 4399 io_
2843 4331 3143 4400 auligmatis
3175 4331 3535 4404 obscurisque
3578 4334 4025 4399 repraesentatio-

2420 4423 2607 4483 nibus,
2655 4423 2804 4476 omni
2861 4435 3143 4477 vacantem
3188 4427 3494 4491 quantitate
3545 4439 3608 4477 ac
3649 4424 3933 4491 qualitate,
3969 4424 4025 4478 in

2423 4525 2765 4571 antecessum
2822 4517 3100 4571 videbant.
3155 4516 3251 4570 llic
3301 4529 3504 4579 autem,
3555 4520 3797 4570 omnium
3847 4519 4025 4572 simul

804 4594 971 4649 Sacro
1032 4597 1197 4665 igitur
1258 4600 1643 4668 episcoporum
1719 4612 1899 4665 cmtu,
1957 4604 2319 4672 universaque
2349 4586 2394 4641 Ῐ)
2428 4607 2725 4672 visionum,
2752 4624 2889 4677 quas
2932 4609 3162 4661 seorsim
3209 4608 3407 4678 singuli
3448 4621 3847 4682 \aspcctarnnt'
3885 4612 4025 4665 illu-

729 4690 970 4752 cititate,
1012 4692 1158 4759 rlnud
1200 4691 1447 4746 Ecclesia
1502 4695 1728 4748 victoria
1762 4695 2048 4764 potiretur,
2084 4697 2134 4749 id
2189 4711 2320 4749 vero

729 4781 849 4847 ejus
879 4783 1259 4846 certaminum,
1297 4782 1566 4848 laborum,
1593 4801 1907 4840 sermonum
1952 4787 2185 4848 facinus,
2218 4804 2316 4841 ceu

734 4888 848 4924 l‘t'lll
876 4876 1024 4925 omni
1065 4875 1328 4943 majorem
1352 4878 1454 4930 fide
1478 4879 1825 4939 testantibus,
1867 4880 2025 4947 eique
2054 4882 2315 4934 mutatio-

729 4964 813 5015 nis
835 4964 884 5015 in
907 4966 1102 5019 melius
1124 4982 1345 5021 causam
1368 4969 1789 5031 ascrihentibus,
1814 4986 1877 5024 ac
1911 4972 2057 5025 velut
2092 4972 2316 5042 dignum

726 5057 1006 5125 prteminnt
1068 5060 1287 5113 sublimi
1334 5075 1461 5115 eum
1521 5063 1648 5116 sede
1692 5064 2068 5117 collocandum
2120 5082 2321 5135 opera:-

726 5149 964 5219 prctium
1002 5152 1365 5218 ducentibus;
1409 5153 1524 5221 ipse
1580 5158 1923 5224 negotiorum
1978 5158 2315 5212 ecclesiasti-

725 5256 940 5307 corum,
996 5244 1391 5314 turbarumque
1438 5257 1752 5315 pertaesus;
1784 5248 1848 5300 ad
1900 5249 2011 5303 hate
2042 5251 2203 5302 etiam
2256 5261 2315 5303 ut

726 5334 793 5388 de
828 5337 947 5404 ejus
1010 5338 1353 5393 institutione
1406 5355 1469 5393 ac
1527 5340 1653 5394 sede
1693 5350 1841 5393 ortas
1889 5342 2312 5411 disceptationes

725 5424 945 5486 vitaret,
981 5440 1157 5496 eaque
1187 5429 1395 5482 ratione
1430 5429 1795 5485 Ecclesiarum
1833 5446 2020 5499 pacem
2047 5449 2309 5501 procuta-

728 5523 806 5566 ret
842 5531 855 5581 ;
890 5516 1019 5583 quin
1042 5518 1153 5584 jam
1188 5534 1410 5588 quoque
1457 5535 1646 5573 curam
1692 5521 1936 5590 placendi
1966 5524 2125 5587 au|.r,
2176 5525 2311 5577 civi-

726 5606 940 5674 busque
994 5607 1295 5665 declinans.
1373 5612 1627 5680 Plerique
1671 5614 1817 5666 enittt
1882 5619 2194 5669 sacerdotes
2248 5619 2312 5670 ad

726 5711 823 5751 Szltt
856 5700 1097 5768 ipsorum
1125 5701 1395 5757 desideria
1440 5705 1714 5758 lubentius
1767 5708 2012 5769 trahunt,
2048 5725 2209 5776 quam
2261 5721 2318 5763 ut

797 5810 840 5879 ‘f‘
868 5810 1009 5865 l’sal.
1045 5828 1231 5879 cvxxr,
1268 5817 1355 5869 £8.

1456 5820 1499 5848 "9
1533 5818 1694 5873 Marc.
1757 5838 1836 5881 ιιι.
1884 5822 1967 5874 l7.

724 5880 770 5911 ⁷³
793 5878 988 5935 Ezech.
1022 5900 1057 5948 ι,
1092 5885 1180 5938 27.

1260 5886 1301 5917 ⁸³
1330 5887 1526 5942 lizerh.
1558 5904 1673 5955 vin,
1704 5895 1758 5945 :3.
1833 5894 1878 5923 ⁷⁵
1916 5897 2049 5946 ltatt.
2081 5909 2177 5957 VH9
2212 5898 2262 5949 5’-

2428 4698 2741 4762 stt'atiottes,
2789 4700 3004 4768 vinique
3052 4701 3424 4754 sincerissime
3462 4702 3710 4765 edoctus,
3748 4705 4026 4774 omnique

2428 4787 2723 4857 Evangelio
2767 4792 3021 4845 exhibita:
3059 4793 3301 4846 veritatis
3345 4795 3497 4855 luce,
3545 4796 3825 4849 altissimae
3878 4816 4022 4852 con-

2427 4882 2799 4948 tcntplationis
2874 4884 3196 4952 compendio
3266 4886 3507 4939 itnhutns
3545 4906 3556 4940 :
3610 4898 3770 4956 atque
3811 4902 3911 4945 vetv
3939 4892 4024 4945 ris

2428 4971 2801 5039 fundamento,
2836 4992 2972 5029 nova
3003 4976 3091 5029 illa
3120 4979 3547 5046 super-aediﬁcata
3569 4995 3717 5036 sacra
3758 4981 4021 5049 scicntia,

2427 5065 2607 5119 omnis
2647 5065 3001 5134 plenitudinis
3050 5069 3330 5138 sapientia:
3362 5070 3449 5125 Dei
3480 5073 3782 5137 vasculum,
3821 5078 4025 5132 sedes-

2424 5175 2530 5227 que
2566 5158 2816 5214 ellicitur.
2855 5159 2910 5214 Ιιι
2957 5160 3177 5216 Christo
3208 5164 3425 5233 quidem
3459 5181 3675 5219 omnem
3715 5148 4023 5235 pltinitudi-

2423 5264 2544 5302 nent
2578 5250 2879 5307 divinitatis
2910 5254 3263 5322 corporaliter
3294 5256 3599 5310 inhabitare
3640 5260 3919 5313 credimus
3945 5264 4017 5326 τες

2421 5341 2473 5393 itt
2511 5343 2653 5396 hunc
2682 5355 2884 5409 autent,
2912 5356 3084 5401 totum
3123 5362 3218 5417 per
3243 5347 3504 5418 Spiritum
3541 5349 3805 5404 sentimus
3842 5352 4020 5408 Cliti-

2418 5447 2561 5488 Sllllli
2604 5454 2963 5494 CUlllnlt‘GSSC.

2501 5528 2670 5584 Jonas
2722 5533 2940 5600 quidem
2980 5534 3069 5589 ille
3102 5514 3525 5603 Amathi’ﬁlius,
3557 5539 4023 5611 Daniclquoqnc,

2416 5640 2477 5675 ac
2512 5634 2619 5677 tres
2677 5625 2860 5693 pueri;
2896 5627 3044 5695 prior
3088 5628 3330 5696 quilcnt,
3376 5630 3565 5683 bellua:
3610 5634 3838 5687 marina:
3878 5650 4025 5703 pro-
4106 5692 4109 5693 ν

2412 5716 2590 5784 jcctus
2618 5718 2684 5770 ττι
2718 5718 2875 5782 alter,
2922 5736 3048 5773 esca
3090 5721 3343 5776 leonibus
3384 5724 3435 5775 in
3468 5724 3585 5778 lacu
3616 5725 3775 5779 datus
3802 5727 3871 5791 "';
3910 5744 4025 5797 po-

2048 5824 2091 5851 "
2159 5824 2173 5875 I
2225 5826 2354 5880 (Ior.
2422 5846 2492 5891 tv,
2538 5831 2622 5882 10.

2342 5901 2384 5929 ⁷⁷
2410 5903 2525 5954 (Iul.
2555 5918 2615 5954 tt.
2640 5907 2689 5957 υ,

2701 5832 2742 5862 τ’
2775 5832 2889 5906 fisa.
2942 5850 3013 5895 γι,
3049 5834 3068 5886 1
3114 5851 3268 5906 seqq.

3345 5839 3393 5870 ⁷⁸
3420 5838 3699 5913 ΕΖΘΓΙΒΧ.
3748 5842 3811 5893 13
3849 5860 4015 5913 seqq.

2771 5903 3052 5971 ⁷⁷η1ιιιι.ιι,
3084 5907 3138 5959 2.

3216 5909 3258 5938 7‘
3287 5908 3417 5963 Dan.
3447 5926 3551 5977 xiv,
3584 5912 3641 5962 fil
3674 5927 3828 5982 seqq.
