4186 6434
218 419 321 483 481]

1302 414 1466 472 Υ]Τ.-¹]
1512 414 1568 471 S.
1616 411 1906 471 {GNXTII
1966 412 2069 470 Cl‘.
2113 411 2462 470 AllClllEl’.

3384 415 3486 479 49η

216 533 446 588 ἐκείνων
494 528 804 597 δυναμένων
847 524 1146 596 κατορθοῦν
1193 527 1407 593 γενεάν.
1439 525 1579 577 Ὅσα
1637 525 1680 576 δ’
1727 523 1792 577 ἂν

1919 523 1989 591 pii
2047 532 2254 592 putent,
2285 523 2392 576 illis
2425 523 2692 592 majorum
2719 532 3032 576 nostrorum
3063 523 3275 578 szeculis
3316 529 3486 582 multo

214 627 333 685 τοῖς
365 621 490 674 καθ’
551 622 699 688 ἡμᾶς
747 618 1148 688 κατορθοῦσθαι
1199 618 1510 671 πιστεύοιτο
1561 619 1796 685 καιροῖς,

216 718 423 787 μᾶλλον
451 715 515 766 ἂν
547 709 700 782 οἶμαι
732 712 902 765 ταῦτα
932 713 1288 781 παρακνίζειν
1323 712 1447 774 τοὺς
1482 710 1799 763 εὐσεϐεστέ-

215 823 369 877 ρους,
409 811 500 858 καὶ
529 806 666 874 πρὸς
695 804 785 856 τδν
835 803 947 855 ἴσον
996 804 1092 872 τῆς
1127 803 1326 872 ἀρετῆς
1356 801 1673 870 διερεθίζειν
1705 802 1800 865 ζῆ-

216 900 333 951 λον.
363 900 460 951 Διά
480 897 658 950 ταῦτά
710 914 800 966 μοι
824 897 1013 949 τοῦτον
1045 897 1411 963 ἐνστήσασθαι
1440 895 1532 947 νῦν
1560 893 1668 964 {Ion
1706 893 1801 945 νῦν

215 991 445 1062 σκοπὸς]
474 990 560 1060 ,τῷ
590 991 735 1058 λόγῳ
763 990 852 1041 τὸν
883 989 1086 1056 ἀγῶνα,
1130 987 1221 1038 καί
1256 1005 1343 1055 μοι
1387 985 1615 1055 σφοδρὸς
1640 984 1802 1046 πόθος

217 1083 592 1152 κατακάρδιος
625 1081 900 1149 ἀληθινοῖς
944 1080 1271 1148 διηγήμασι,
1325 1080 1420 1130 καὶ
1449 1077 1628 1145 πάσης
1667 1092 1803 1145 προ-

215 1176 437 1244 λήψεως
467 1173 880 1243 ἀπηλαγμὲνοις
905 1169 1154 1240 ψευδοῦς,
1197 1169 1288 1220 τὸν
1321 1167 1497 1238 μέγαν
1544 1167 1804 1236 ίεράρχην

217 1268 317 1319 καὶ
377 1265 616 1334 ποιμένα
672 1263 770 1332 τῆς
813 1261 1084 1331 βασιλίδος
1128 1260 1410 1328 ἰγ’νάτιον,
1455 1257 1557 1310 ὑπὸ
1596 1275 1658 1325 γε
1682 1257 1804 1324 Θεῷ

220 1359 506 1426 [Ινεύματι
552 1361 652 1426 τῆς
700 1355 960 1424 ἀληθείας
1007 1354 1259 1422 ὑφηγητῇ
1309 1355 1400 1403 καὶ
1447 1351 1803 1420 συλλήπτορι,

217 1449 332 1506 τοῖς
368 1444 658 1512 ἀγνοοῦσιν
685 1444 867 1502 ὁποῖός
893 1459 974 1504 τις
1013 1437 1104 1512 ἦν,
1140 1443 1204 1494 ὲκ
1232 1442 1331 1509 τῆς
1365 1442 1482 1493 κατ’
1512 1441 1674 1493 αὑτὸν
1707 1457 1805 1490 πο-

216 1539 429 1600 λιτείας
454 1538 735 1602 ἀποδεῖξαι
763 1552 775 1564 ο
827 1534 1088 1602 ἰγνάτιόν
1123 1533 1497 1602 φημιτοῦτον,
1528 1531 1616 1585 τὸν
1648 1531 1804 1583 ὓστε-

226 1650 320 1702 ρον
348 1634 450 1701 μὲν
481 1630 559 1700 τῷ
579 1631 777 1699 χρόνῳ,
832 1628 927 1682 καὶ
979 1627 1086 1697 πρὸ
1131 1629 1229 1695 τῆς
1260 1625 1382 1677 καθ’
1425 1626 1572 1695 ἡμᾶς
1603 1623 1808 1694 ταύτης

220 1721 619 1791 ἀναδειχθέντα
649 1722 865 1787 γενεᾶς,
921 1717 1136 1780 οὐδενὸς
1163 1717 1220 1770 δὲ
1265 1716 1372 1769 τῶν
1403 1716 1507 1787 πρὸ
1537 1717 1701 1768 αὑτοῦ
1729 1734 1809 1768 τιο

222 1816 366 1885 μέων
405 1812 676 1882 ίεραρχῶν
700 1814 795 1882 τὴν
826 1811 1029 1874 πίστιν,
1068 1809 1167 1879 τὴν
1189 1809 1502 1878 ὁμολογίαν,
1543 1805 1640 1876 τὴν
1671 1806 1808 1874 ὑπὲρ

1905 617 2210 684 promptius
2245 615 2416 668 fuisse.
2445 630 2610 683 quam
2645 615 2847 667 nostris
2880 630 3009 669 cum
3055 615 3253 668 virtute
3275 614 3483 670 'vivere-

1903 708 2034 772 Quae
2076 724 2202 762 vero
2251 719 2434 761 nostra
2474 705 2736 761 memoria
2772 718 2913 761 recte
2966 705 3108 760 facta
3165 705 3484 772 creduntur,

1906 800 1991 852 illa
2029 799 2197 853 multo
2226 799 2427 860 acrius,
2467 797 2680 866 Opinor,
2725 795 2933 864 piorum
2961 805 3170 850 mentes
3199 798 3266 848 ad
3309 796 3486 850 virtu-

1907 895 1978 947 tis
2045 893 2208 947 decus
2258 891 2627 947 miniilandnm
2697 891 3054 944 inﬂammant.
3138 890 3490 961 Quapropter

1905 983 2098 1052 ingens
2152 999 2235 1036 me
2293 983 2624 1036 desiderium
2682 981 2850 1035 animi
2896 980 3114 1050 impulit
3154 984 3220 1035 ad
3262 998 3486 1036 Caus'um

1908 1077 2046 1129 hanc
2078 1076 2189 1128 sive
2223 1087 2498 1129 certamen
2531 1074 2779 1126 oratione
2812 1076 3274 1143 prosequendum,
3319 1077 3490 1130 duce-

1905 1181 2011 1234 que
2039 1173 2092 1218 ct
2120 1165 2368 1232 adjutore
2407 1165 2536 1230 Deo,
2570 1164 2760 1231 spiritu
2794 1164 3061 1228 veritatis,
3093 1164 3489 1218 ostendendum

1907 1257 2298 1316 nescientibus,
2329 1259 2418 1325 qui
2453 1256 2536 1308 vir
2566 1256 2825 1325 Ignatius,
2855 1256 3145 1324 qualisque
3171 1263 3223 1308 et
3248 1264 3490 1324 quantus

1908 1348 1991 1401 hic
2024 1349 2254 1400 antistes
2289 1355 2343 1398 et
2387 1335 2546 1413 regiae
2582 1355 2769 1413 pastor
2820 1345 2967 1398 urbis
3004 1346 3054 1396 in
3098 1345 3221 1399 vita:
3267 1361 3378 1398 suae
3413 1363 3495 1397 in-

1915 1439 2062 1489 tione
2100 1435 2299 1489 fuerit:
2352 1435 2614 1503 lgnatins,
2657 1437 2901 1504 inquam,
2936 1433 3057 1497 iste,
3088 1437 3180 1502 qui
3215 1451 3328 1488 ιιιιύ
3369 1438 3496 1504 qni—

1906 1527 2028 1580 dem
2059 1529 2350 1595 posterior,
2377 1541 2559 1580 nostra
2606 1536 2765 1581 ictate
2814 1526 3018 1587 ﬂoruit,
3081 1526 3356 1595 prioribus
3415 1537 3494 1580 ta-

1906 1636 2029 1674 men
2073 1621 2178 1674 illis
2215 1622 2534 1674 venerandis
2585 1621 2931 1690 pontilicibus
2970 1621 3124 1683 nihil,
3165 1620 3244 1672 vel
3271 1619 3338 1674 de
3373 1618 3497 1685 liile,

1909 1711 1991 1764 vel
2013 1711 2373 1776 confessione,
2395 1712 2475 1764 vel
2500 1713 2868 1766 decertatione
2896 1710 3237 1783 projustitia,
3275 1710 3501 1764 laudi-ve

1911 1805 2125 1873 pietatis
2159 1819 2287 1875 erga
2324 1805 2490 1856 Deum
2517 1805 2811 1858 concessit.
2863 1803 3036 1874 llujns
3068 1821 3167 1874 ego
3219 1815 3388 1858 totum
3424 1806 3501 1858 vi-

218 1909 323 1975 τῆς
358 1906 710 1972 δικαιοσύνης
736 1903 984 1970 ἄθλησιν,
1013 1902 1108 1954 καὶ
1141 1900 1278 1969 πρὸς
1309 1899 1401 1951 τὸν
1432 1898 1569 1950 Θεδν
1599 1897 1805 1950 εὐδοκί-

1919 1906 1981 1950 la:
2013 1913 2233 1952 cursum
2285 1897 2415 1949 dum
2466 1898 2536 1949 ab
2581 1898 2697 1965 ipso
2723 1898 2947 1951 exordio
2985 1897 3049 1950 ad
3083 1899 3288 1952 exitum
3330 1913 3502 1964 usque

222 2017 398 2070 μησιν
422 1998 873 2066 ἀπολειπόμενον.
904 1993 1089 2061 Τούτῳ
1115 1993 1212 2062 τὴν
1237 1990 1808 2060 παρακαλουθήσασαν

219 2095 281 2158 ἒξ
314 2093 491 2163 ἀρχῆς
526 2092 651 2160 ἄχρι
679 2089 866 2150 τέλους
892 2087 1077 2158 βίωσιν
1109 2086 1250 2155 μετὰ
1281 2084 1526 2147 πλείονος
1562 2083 1807 2154 ὑφηγού-

228 2203 392 2256 μενος
423 2188 522 2254 τῆς
548 2182 856 2254 ἀκριϐείας,
889 2181 984 2234 καὶ
1002 2183 1180 2232 πᾶσαν
1211 2179 1312 2250 τὴν
1335 2181 1460 2248 περὶ
1492 2178 1652 2231 αὑτὸν
1678 2177 1812 2245 ἀλή-

220 2278 376 2330 θειαν
411 2279 476 2328 ὲκ
507 2275 615 2326 τῶν
642 2274 942 2342 ἐγγράφως
993 2289 1054 2324 τε
1109 2272 1202 2324 καὶ
1238 2271 1501 2339 ἀγράφως
1533 2269 1812 2338 πεπληρο·

222 2368 558 2440 φορημένων
605 2369 662 2419 ὲν
709 2368 840 2436 ἡμῖν
901 2364 1243 2434 πραγμάτων
1295 2361 1669 2432 ἀπροσπαθῶς
1715 2361 1812 2414 καὶ⁵

227 2461 616 2523 ἀνυποστὸλως
683 2457 1061 2527 διηγούμενος,
1129 2455 1367 2509 πέποιθα
1437 2454 1656 2524 πρῶτον
1711 2453 1811 2521 μὲν

223 2553 458 2606 ἐνώπιον
495 2554 594 2622 τῆς
626 2551 994 2603 ὲνυποστάτου
1024 2550 1117 2602 καὶ
1155 2546 1338 2616 ζὼσης
1367 2545 1552 2599 δίκαια
1583 2544 1814 2616 γράψειν

233 2643 522 2714 ’Δληθείας
545 2662 559 2675 ο
578 2642 828 2712 δεύτερον
849 2643 926 2706 δὲ,
946 2642 1006 2695 τὸ
1030 2641 1243 2712 χρόνοις
1275 2641 1480 2702 ἱκανοῖς
1509 2639 1608 2708 ήδη
1644 2655 1812 2690 κατα-

229 2734 518 2788 πυκνωθὲν
553 2734 652 2804 τῆς
696 2735 974 2802 ἀγνωσίας
1027 2733 1209 2800 νέφος,
1255 2731 1349 2784 καὶ
1391 2730 1488 2793 τάς
1543 2729 1650 2782 τῶν
1682 2729 1812 2781 πολ-

227 2827 335 2881 λῶν
385 2826 728 2898 ἀμαυρῶσαν
771 2825 1029 2891 διανοίας,
1079 2823 1342 2877 λεπτῦναί
1377 2839 1438 2876 τε
1489 2823 1584 2876 καὶ
1625 2821 1816 2874 σκεδά-

228 2936 318 2973 σαι
337 2937 350 2950 ·
395 2919 539 2973 ὥστε
569 2920 699 2981 τοὺς
729 2916 1014 2981 ἐθέλοντας
1039 2917 1180 2989 πρὸς
1209 2917 1309 2986 τὴν
1341 2914 1452 2967 τῶν
1471 2914 1820 2984 πραγμάτων

227 3010 487 3080 ἀλήθειαν
517 3009 827 3082 εἰλικρινῶς
858 3011 1013 3080 ὁρᾷν,
1057 3011 1151 3062 τὸν
1182 3007 1422 3076 ἐργάτην
1458 3007 1558 3076 μὲν
1601 3005 1818 3075 ἀληθῶς

225 3104 320 3170 τῆς
348 3102 702 3172 δικαιοσύνης
735 3105 830 3155 καὶ
857 3101 956 3171 τῆς
983 3101 1186 3171 ἀρετῆς
1225 3099 1448 3162 εἰδέναι,
1475 3099 1569 3151 καὶ
1601 3098 1813 3167 ὑμνεῖν,

1915 1989 2176 2057 singulari
2239 2006 2369 2043 cura
2413 1989 2590 2057 exigo,
2631 2006 2920 2058 rerumque
2953 1993 3019 2046 de
3075 1991 3166 2045 illo
3211 1991 3354 2060 apud
3406 2009 3503 2044 nos

1919 2080 2402 2135 testatissimarum
2436 2081 2720 2133 veritatem
2758 2080 2872 2135 sive
2911 2079 3076 2142 fama,
3133 2083 3248 2135 sive
3296 2082 3502 2149 sei-ipto

1917 2186 2288 2246 acceptarum,
2319 2177 2440 2230 sine
2469 2175 2577 2229 ulla
2608 2175 2832 2230 allectus
2865 2175 3199 2244 indulgentia
3228 2186 3282 2229 et
3314 2175 3505 2230 fraude

1918 2284 2154 2334 crpono,
2184 2278 2332 2322 certo
2363 2269 2494 2322 mihi
2524 2270 2824 2338 persuadeo
2855 2268 3126 2332 futurum,
3159 2279 3219 2322 ut
3269 2269 3385 2338 prin
3411 2285 3503 2323 unt

1920 2371 2054 2415 teste
2113 2361 2226 2430 ipsa
2284 2361 2492 2414 vivente
2532 2377 2592 2414 ac
2635 2376 2728 2428 per
2785 2377 2843 2416 se
2881 2362 3212 2416 subsistente
3257 2362 3501 2426 veritate,

1918 2468 2070 2521 a'qua
2110 2452 2458 2522 praescribat"
2486 2470 2500 2517 ;
2528 2451 2720 2506 deinde
2770 2452 2966 2506 nubem
3009 2469 3277 2507 annorum
3310 2463 3505 2506 utcun-

1921 2559 2028 2614 que
2075 2545 2372 2598 ntultorum
2422 2543 2828 2612 intercapedine
2889 2555 3219 2599 concretam.
3265 2546 3506 2600 animos-

1920 2653 2027 2708 qne
2073 2639 2311 2692 tenebris
2374 2638 2695 2708 ignominia:
2753 2638 3138 2703 involventem,
3212 2639 3504 2693 discutiam

1923 2731 2334 2800 dissipemque:
2372 2739 2432 2784 ut
2484 2732 2576 2800 qui
2607 2731 2890 2784 veritatem
2929 2733 3147 2800 penitus
3199 2733 3507 2802 perspicere

1922 2823 2127 2884 volent,
2166 2821 2441 2891 mquitatis
2481 2833 2534 2877 et
2578 2821 2800 2875 virtutis
2852 2821 3115 2876 cultorem
3150 2839 3276 2876 vere
3319 2838 3505 2886 nosse,

1919 2916 2198 2968 celebrare
2248 2913 2524 2978 laudibus,
2574 2913 2933 2982 temularique
2984 2913 3236 2983 possint,
3287 2914 3508 2966 malitia:

1921 3020 2050 3061 vero
2081 3016 2134 3060 et
2159 3006 2521 3075 improbi-tatis
2550 3007 2911 3058 architectum
2941 3004 3062 3074 jure
3089 3005 3370 3061 detestari.
3401 3004 3507 3059 Sed

1921 3099 2049 3153 hinc
2078 3099 2187 3168 jam
2235 3097 2394 3153 nobis
2437 3106 2523 3152 est
2565 3097 2982 3152 exon-ilicndum.

225 3197 315 3251 καὶ
344 3195 576 3266 ζηλοῦν·
608 3198 700 3248 τὸν
738 3196 1040 3266 αὐτουργὸν
1067 3196 1124 3248 δὲ
1173 3197 1271 3264 τῆς
1313 3194 1507 3258 κακίας
1553 3194 1646 3247 καὶ
1713 3198 1810 3264 τῆς
1863 3196 2076 3257 ἀδικίας
2131 3196 2356 3258 ἐνδίκως
2420 3195 2782 3247 ἀπωθεῖσθαι.
2847 3195 3103 3264 ’Λρκτὲον
3135 3195 3192 3248 δὲ
3236 3194 3510 3250 ἐντεῦθεν.

305 3293 568 3361 Ἰγνάτιος
591 3286 748 3354 οὗτος
779 3293 808 3344 ὁ
855 3289 1273 3361 μακαριώτατος
1322 3291 1415 3344 καὶ
1450 3290 1589 3358 θεῖος
1619 3292 1806 3361 ἱεράρ-

1990 3291 2348 3346 Beatissimus
2382 3290 2470 3344 hic
2496 3301 2550 3345 et
2575 3291 2795 3344 divinus
2835 3292 3060 3346 antistes
3092 3291 3334 3358 lgnatius
3359 3291 3509 3346 Con-

223 3402 322 3454 χης
350 3384 590 3454 πατρίδα
621 3384 724 3454 μὲν
757 3383 915 3453 ἔσχεν
953 3384 1043 3434 ἐπὶ
1070 3381 1171 3452 τῆς
1212 3382 1316 3450 γῆς
1368 3382 1814 3434 Κωνσταντινοὺ-

226 3477 400 3539 πολιν,
466 3475 672 3544 ταύτην
713 3474 776 3544 δὴ
831 3474 974 3542 λέγω
1010 3474 1109 3543 τὴν
1143 3474 1324 3542 πάσης
1365 3471 1552 3543 χώρας
1590 3475 1685 3525 καὶ
1716 3475 1816 3526 πό-

225 3570 360 3623 λεων
393 3568 876 3639 περιφανεστάτην
907 3566 1154 3636 βασιλίδα
1179 3581 1192 3594 ’
1219 3565 1463 3634 πατέρας
1507 3565 1564 3617 δὲ
1599 3565 1818 3635 Μιχαὴλ

226 3665 319 3715 καὶ
349 3660 692 3732 Προκοπίαν,
726 3661 852 3721 τοὺς
884 3658 1308 3726 εὐγενεστάτους
1333 3659 1425 3710 καὶ
1460 3658 1818 3721 πιστοτάτους

225 3749 600 3824 βασιλεῖςίὪν
631 3752 659 3803 ὁ
691 3752 912 3822 Μιχαὴλ
963 3752 1060 3821 μὲν
1102 3750 1486 3819 Θεοφυλάκτου
1528 3751 1817 3819 πατρικίου

227 3843 694 3916 μεγαλοπρεποῦς
753 3843 865 3906 υίὸς
915 3838 1023 3914 ἦν,
1069 3843 1356 3912 Προκοπία
1398 3842 1455 3894 δὲ
1497 3842 1817 3911 Νικηφόρον

227 3934 478 4004 θυγάτηρ
542 3932 638 3984 τοῦ
694 3931 954 3994 εὐσεϐοῦς
1009 3931 1226 4002 ὑπῆρχε
1274 3931 1561 4001 βασιλέως.
1612 3932 1818 3984 Τούτου

225 4026 282 4079 δὲ
341 4025 485 4095 πρὸς
527 4023 598 4076 τὰ
624 4023 830 4078 ἄνωθεν
879 4025 1232 4094 χωρήσαντος
1283 4024 1549 4094 βασίλεια.
1600 4024 1819 4079 καὶτοῦ

226 4115 344 4168 υἱοῦ
370 4116 428 4168 δὲ
465 4113 811 4183 Σταυρακίου
868 4113 1139 4180 ὀλίγιστον
1178 4114 1368 4183 χρόνον
1429 4112 1820 4175 ἐπιϐιώσαντος

226 4209 292 4275 τῇ
329 4205 606 4275 βασιλείᾳ,
667 4203 762 4257 καὶ
801 4204 967 4257 αὖτοῦ
1024 4203 1484 4274 μεταναστάντος,
1537 4204 1754 4275 Μιχαὴλ
1793 4206 1822 4256 ὁ

229 4295 570 4368 προρρηθεὶς
597 4289 770 4359 οὗτος,
805 4298 898 4349 am
928 4296 1177 4366 γαμϐρὸς
1225 4297 1300 4349 ὢν
1333 4297 1426 4348 ἐπὶ
1461 4297 1689 4368 θυγατρὶ
1727 4296 1819 4349 τοῦ

232 4387 684 4457 τετελευτηκότος
704 4388 1041 4458 Νικηφόρου,
1079 4389 1174 4442 καὶ
1200 4388 1268 4441 τὰ
1291 4389 1480 4458 πρῶτα
1518 4389 1623 4440 τῶν
1659 4391 1715 4440 ἐν
1744 4388 1821 4458 τῷ

235 4481 488 4550 παλατίῳ
519 4479 851 4550 τιμωμένων
895 4480 1309 4552 ἀποφερόμενος
1364 4480 1821 4550 (κουροπαλάτης

233 4572 336 4642 γάρ
361 4568 477 4642 ἦν),
513 4571 685 4640 ψήφῳ
745 4571 844 4641 μὲν
893 4569 1055 4635 Θεοῦ,
1083 4571 1252 4641 ψήφῳ
1287 4572 1342 4624 δὲ
1384 4573 1482 4640 τῆς
1517 4571 1820 4640 συγκλήτου

235 4666 437 4734 πάσης,
488 4663 558 4716 τὰ
618 4664 874 4733 σκῆπτρα
927 4663 1026 4733 τῆς
1086 4661 1362 4732 βασιλείας
1425 4663 1814 4734 ἐγχειρίζεται.

233 4757 438 4809 Τούτου
468 4755 571 4826 τὴν
626 4757 754 4826 περὶ
801 4757 863 4808 τὸ
917 4755 1072 4808 Θεῐον
1097 4757 1294 4826 εὐσεϐῆ
1327 4755 1572 4825 γνώμην,
1605 4757 1697 4808 καὶ
1721 4757 1819 4826 τὴν

233 4849 400 4919 ἄλλην
423 4851 610 4902 πᾶσαν
656 4849 861 4918 ἀρετὴν
894 4849 990 4902 καὶ
1030 4847 1402 4918 δικαιοσύνην,
1437 4851 1548 4911 τοῖς
1588 4851 1819 4917 ἱστορεῖν

235 4942 378 4992 κατὰ
409 4940 582 5010 μέρος
632 4940 878 4994 ἐθέλουσι
928 4941 1286 5011 παρήσομενο
1331 4941 1461 5010 ἡμῖν
1495 4940 1553 4992 δὲ
1593 4940 1819 5010 ἀρκέσει

235 5033 370 5104 πρὸς
397 5033 681 5102 ἐπαινονη
711 5034 804 5086 τοῦ
836 5033 1001 5103 ἧθους
1040 5034 1291 5102 πραΰτης
1327 5051 1382 5085 τε
1426 5034 1522 5086 καὶ
1546 5034 1819 5086 ἐπιείκεια

234 5125 298 5193 ἢν
326 5122 520 5193 ἔργοις
558 5124 788 5186 ἐκεῖνος,
831 5125 925 5176 καὶ
971 5125 1032 5176 οὺ
1078 5123 1360 5193 πλάσματι
1397 5123 1558 5192 μόνον
1612 5123 1820 5176 ἐπεδεί-

233 5215 360 5282 ξατο
389 5233 403 5246 ·
427 5215 581 5285 διετῆ
608 5215 716 5284 γὰρ
743 5216 927 5281 ὀλίγου
961 5217 1073 5270 δεῖν
1103 5217 1292 5286 χρόνον
1327 5215 1694 5268 εὐσεὸἑστατα
1725 5215 1822 5283 τὴν

236 5305 522 5374 βασιλείαν
543 5303 802 5368 διιθυνας,
853 5305 1120 5368 ἑκουσίως
1153 5305 1323 5375 αὐτῆς
1360 5307 1572 5376 ἐξέστη,
1617 5307 1710 5359 καὶ
1745 5305 1825 5375 τῷ

235 5394 584 5464 τυραννικῶς
646 5395 977 5465 ἑπιθεμένῳ,
1036 5397 1226 5451 Λέοντι
1289 5395 1354 5466 δὴ
1397 5397 1475 5465 τῷ
1532 5397 1820 5467 Ἀρμενίῳ,

237 5487 404 5557 φημὶ,
443 5485 740 5555 στρατηγῷ
771 5486 870 5555 μὲν
904 5487 1120 5557 πρῶτον
1143 5487 1236 5540 ὑπ’
1265 5488 1432 5541 αὐτοῦ
1466 5489 1575 5541 τῶν
1607 5491 1824 5542 ’Λνατοο

239 5576 406 5629 λικῶν
437 5578 895 5647 προχειρισθέντι,
931 5581 1070 5632 κατὰ
1107 5580 1431 5650 Βουλγάρων
1458 5581 1514 5634 δὲ
1556 5597 1818 5651 στρατευ-

242 5670 484 5740 σαμένῳ,
515 5670 772 5723 κάκεῖθεν
819 5673 915 5742 τὴν
961 5675 1334 5726 ἐπανάστασιν
1381 5674 1818 5747 βουλευσαμένῳ,

241 5763 518 5834 ὑποχωρεῖ
561 5765 661 5833 τῆς
722 5766 895 5835 ἀρχῆς
927 5767 954 5817 ὁ
994 5772 1264 5838 μακὲριος
1293 5769 1454 5836 ἑκὼν,
1488 5771 1579 5824 καὶ
1606 5775 1703 5841 τῆς
1730 5789 1824 5824 κο-

244 5856 440 5924 σμικῆς
468 5854 815 5920 ἀλαζονείας,
847 5859 939 5909 καὶ
968 5859 1078 5911 τῶν
1125 5859 1404 5928 ἐμφυλίων
1446 5861 1697 5931 πολέμων
1724 5863 1817 5918 καὶ

436 5954 717 6013 Ριτῐιοι.
763 5952 879 6016 Gn.
931 5954 1055 6015 CV.

1921 3381 2331 3451 stantinopolim
2389 3381 2441 3434 in
2477 3381 2639 3435 terris
2677 3383 2907 3450 patriam
2963 3382 3174 3446 habuit,
3216 3383 3375 3446 hanc,
3423 3384 3510 3436 in-

1921 3486 2107 3542 quam,
2162 3471 2326 3525 totius
2376 3470 2603 3525 ditionis
2651 3481 2705 3526 et
2760 3471 2971 3541 imperii
3032 3473 3507 3542 pra‘clarissimam

1926 3563 2168 3633 regiam:
2223 3573 2474 3632 parentes
2544 3580 2698 3626 vero,
2753 3562 3073 3617 Michaclem
3121 3565 3509 3633 imperatorem

1920 3665 1973 3710 et
2006 3655 2324 3724 l’rocopiam
2384 3656 2813 3729 irruperatricem,
2862 3657 3236 3712 nobilLssimos
3286 3668 3340 3713 et
3385 3658 3512 3712 reli-

1922 3747 2269 3816 giosissimos
2354 3747 2654 3817 principes.
2725 3750 2899 3817 Atque
2980 3748 3207 3803 Michael
3288 3749 3510 3817 quidem

1923 3839 2330 3910 'l‘heophylacto
2383 3841 2614 3909 patricio
2663 3841 3106 3910 splendidissimo
3149 3841 3266 3896 viro
3308 3853 3508 3906 natus,

1921 3929 2184 4000 Procopia
2235 3946 2361 3986 vero
2407 3949 2436 3984 ιι
2492 3931 2799 4002 Niecphoro
2858 3935 2946 4001 pio
2997 3933 3327 4003 imperatore
3381 3950 3509 4004 pro-

1922 4033 2102 4077 creata
2135 4035 2235 4078 est.
2273 4021 2581 4092 Nirephoro
2623 4040 2789 4094 porro
2843 4024 2910 4078 ad
2958 4026 3182 4080 cwleste
3223 4027 3508 4095 imperium

1924 4124 2179 4179 evocato,
2240 4124 2294 4168 ct
2347 4113 2633 4170 Stauraeio
2684 4116 2815 4178 lilio,
2865 4133 2990 4170 cum
3045 4133 3270 4186 regnum
3312 4119 3510 4186 exiguo

1925 4215 2167 4273 tempore
2225 4205 2685 4270 administrasset,
2741 4209 3051 4271 exstincto,
3110 4206 3339 4262 Michael
3416 4209 3508 4263 hie

1923 4298 2214 4368 Nicephori
2261 4315 2445 4368 geiier,
2484 4311 2542 4352 ut
2571 4300 2782 4353 dictum
2819 4311 2924 4364 est,
2977 4309 3193 4355 mortuo
3235 4301 3510 4372 Nicepho-

1925 4405 2008 4454 ro,
2066 4406 2191 4444 cum
2247 4391 2388 4445 inter
2442 4392 2710 4459 palatinos
2765 4395 2914 4460 (nam
2968 4394 3309 4462 curopalates
3364 4397 3507 4461 erat)

1927 4482 2228 4550 principem
2261 4482 2440 4535 locum
2476 4490 2705 4544 teneret.
2746 4484 2966 4552 auspice
3015 4481 3123 4537 Deo
3175 4494 3508 4555 senatusque

1925 4573 2146 4628 decreto
2207 4573 2416 4641 imperii
2467 4585 2680 4641 sceptra
2739 4575 3001 4644 suscepit.
3048 4575 3220 4644 Cujus
3253 4592 3354 4647 ego
3382 4579 3512 4632 reli-

1925 4665 2138 4734 gionem
2197 4665 2250 4718 in
2321 4665 2508 4728 Deum,
2566 4667 2857 4735 omniaque
2911 4667 3126 4722 virtutis
3182 4680 3510 4724 ornamenta

1924 4757 1992 4811 iis
2031 4757 2300 4810 narranda
2356 4757 2602 4827 relinquo
2652 4758 2742 4826 qui
2777 4774 2864 4812 res
2899 4760 2967 4812 ab
3015 4758 3104 4813 illo
3139 4770 3319 4830 gestas
3360 4761 3512 4832 sigil-

1924 4847 2072 4902 latim
2105 4850 2360 4918 prosequi
2393 4851 2592 4904 volent.
2621 4848 2786 4904 Nobis
2829 4849 2895 4904 ad
2927 4851 3096 4906 decus
3128 4852 3272 4907 illius
3300 4868 3510 4907 menm-

1925 4943 2154 4996 randum
2183 4943 2421 4997 sullicint
2451 4959 2664 4996 morum
2694 4945 2886 4998 lenitas
2912 4953 2968 4998 et
2996 4945 3306 5012 clementia,
3341 4960 3508 5016 quam

1928 5034 2152 5090 minime
2214 5034 2452 5088 fucatam
2511 5034 2670 5089 factis
2723 5036 2856 5105 ipsis
2913 5037 3229 5092 declaravit.
3292 5038 3508 5092 menim

1927 5141 2049 5180 cum
2087 5140 2193 5179 non
2241 5134 2353 5179 toto
2382 5125 2600 5178 biennio
2632 5127 2920 5194 imperium
2959 5127 3304 5181 sanctissime
3335 5127 3508 5180 admi-

1931 5218 2240 5280 nistrasset,
2279 5217 2445 5271 Leoni
2493 5216 2732 5269 Armeno
2769 5232 2863 5284 per
2895 5217 3233 5286 tyrannidem
3278 5233 3507 5288 regnum

1932 5308 2205 5361 invadenti
2253 5307 2426 5361 libens
2477 5307 2776 5376 volensque
2830 5309 3029 5371 cessit,
3083 5309 3333 5378 quamvis
3392 5309 3510 5378 ipse

1930 5403 2305 5475 praal'ecturam
2336 5403 2609 5458 exercitus
2645 5403 2697 5457 in
2738 5401 2958 5457 Oriente
2991 5403 3064 5456 illi
3098 5404 3248 5472 prius
3282 5405 3510 5458 ωηιιηί-

1930 5500 2111 5551 sisset.
2145 5495 2556 5564 Expeditionem
2609 5505 2786 5548 tamen
2815 5510 2937 5549 cum
2992 5497 3044 5549 in
3080 5496 3341 5565 Bulgaros
3382 5512 3509 5550 sns-

1932 5590 2185 5658 cepisset,
2247 5587 2317 5641 ibi
2389 5602 2482 5656 per
2556 5587 2781 5641 insidias
2829 5585 3185 5641 defectionem
3238 5587 3508 5650 molienti,

1933 5691 2124 5750 sponte
2173 5680 2364 5735 beatus
2395 5679 2481 5733 ille
2529 5679 2815 5748 imperium
2853 5679 3143 5742 concessit,
3175 5693 3400 5748 seseque
3440 5678 3509 5732 ab

1933 5774 2082 5826 omni
2121 5773 2282 5835 fasto,
2309 5773 2574 5842 bellisque
2607 5771 2858 5825 civilibus
2891 5782 3054 5841 atque
3105 5771 3306 5824 invidia
3360 5770 3511 5841 regni

1927 5864 2187 5922 subduxit
2215 5882 2229 5932 ;
2264 5873 2413 5920 ratus
2444 5867 2614 5920 multo
2646 5864 2747 5920 sibi
2782 5865 2968 5935 rriqne
3001 5864 3230 5933 publica:
3265 5878 3510 5919 commo-

3127 5951 3194 6019 lli
