4186 6434
685 401 782 463 491

1874 395 2165 454 ΝΙΕΕΤΈ
2205 395 2726 456 ΡΑΡΙΠΑΟΟΝῐὸ

3827 403 3939 462 ιθὲ

684 520 891 571 diorem
939 510 1316 578 utilioremque
1348 504 1710 560 voluntarium
1755 506 1902 575 regni
1961 507 2262 559 abdicatio-

2384 508 2582 574 ρθὸνων
2611 523 2624 537 ⁸
2659 507 2841 580 πολλῷ
2881 509 3113 578 κρείττω
3143 509 3234 562 καὶ
3269 509 3719 581 λυσιτελεστέραν
3765 515 3953 585 ἑαυτῷ

685 626 806 664 noni
854 617 906 660 ot
953 621 1159 674 ιδεμ-(ιω,
1189 612 1246 656 ut
1272 601 1362 669 qui
1395 601 1511 668 paci
1557 613 1697 651 verm
1738 610 1896 652 natus
1934 608 2097 664 esset,
2131 600 2262 652 fore.

684 701 899 755 Dec-dit
938 714 1068 765 ergo
1115 712 1178 749 ex
1221 695 1354 747 urbe
1393 707 1515 746 cum
1571 700 1682 745 tota
1731 691 1959 756 familia,
1991 701 2153 761 alque
2212 692 2264 744 in

683 793 968 862 Principes
1001 789 1205 843 insulas
1242 787 1480 851 secedit;
1513 785 1694 854 ibique
1714 787 1874 838 vitam
1906 786 2264 838 monasticam

679 901 804 937 enin
853 883 1085 950 conjuge
1107 889 1161 934 et
1187 881 1394 940 liberis.
1431 893 1536 931 non
1570 877 1719 932 cultu
1747 885 1955 931 tantum
1985 874 2255 944 corporis,

680 977 772 1028 sed
819 991 878 1028 re
906 975 1020 1044 ipsa
1055 973 1226 1044 degit,
1260 985 1425 1026 causa
1460 985 1558 1025 sua
1592 982 1847 1040 supremo
1881 965 2102 1020 Numini
2142 980 2266 1035 per-

679 1085 866 1124 ""553.

747 1256 914 1310 Beato
960 1255 1085 1308 huic
1130 1251 1410 1315 Michaeli,
1445 1251 1702 1319 omnique
1740 1247 2101 1302 admiratione
2139 1261 2267 1314 pro-

687 1347 1002 1416 sequendo,
1039 1347 1130 1414 qui
1171 1354 1439 1398 terrarum
1477 1355 1638 1410 regna
1681 1339 2000 1394 caelestibus
2049 1352 2268 1408 pertun-

681 1440 828 1498 tavit,
864 1439 1014 1508 quini
1062 1437 1286 1491 omnino
1333 1434 1501 1488 fuisse
1534 1433 1686 1488 liberi
1726 1432 2111 1502 perhibentur;
2147 1445 2270 1482 niu-

673 1531 862 1585 liebzis
916 1530 1102 1598 stirpis
1139 1528 1369 1595 gemini,
1399 1525 1613 1596 Georgo
1657 1527 1829 1595 prima
1864 1533 2102 1592 natuque
2155 1537 2271 1575 nia-

682 1626 854 1687 xinia,
877 1623 1096 1674 minima
1121 1619 1217 1673 ΤΙΙι
1239 1620 1491 1688 ephano;
1519 1634 1642 1689 quae
1656 1616 1983 1687 virginitatis
2002 1615 2158 1669 laude
2177 1629 2269 1684 per

687 1729 904 1768 omnem
925 1714 1086 1764 \itam
1116 1713 1166 1764 in
1189 1711 1449 1780 religione
1471 1709 1816 1764 sanctissime
1835 1707 2127 1770 custodita,
2153 1706 2270 1758 feli-

686 1807 821 1859 citer
852 1805 1105 1858 obierunt
1135 1822 1147 1856 :
1174 1814 1283 1856 tres
1299 1817 1427 1856 vero
1460 1801 1647 1870 stirpis
1674 1799 1871 1863 virilis,
1895 1797 2270 1865 Theophylac-

677 1892 1361 1960 tus,Stauracius,Nicetas
1380 1908 1392 1944 :
1409 1906 1644 1962 quorum
1665 1901 1794 1944 natu
1813 1889 2083 1944 maximus
2095 1886 2271 1942 Theo-

677 1991 983 2058 phylactus,
1010 1995 1058 2039 et
1088 1985 1426 2040 Stauracius.
1449 1983 1753 2036 diademate
1781 1978 1999 2049 imperii
2027 1977 2270 2048 insigniti

677 2091 804 2133 sunt
831 2097 844 2132 :
875 2080 968 2133 sed
1000 2077 1320 2131 Stauracius
1356 2071 1650 2130 admodum
1680 2073 2002 2127 adolescens
2026 2078 2152 2125 ante
2178 2085 2269 2138 pa-

679 2174 778 2226 tris
817 2170 1217 2225 abdicationem
1276 2167 1505 2236 Oppetiit
1540 2183 1553 2231 ;
1593 2163 2036 2234 The0pliylactus
2089 2172 2268 2215 autem

679 2281 788 2318 una
836 2279 961 2319 eum
995 2261 1313 2332 parentibus
1367 2273 1495 2313 tunc
1540 2259 1592 2312 iu
1633 2257 1962 2312 monachum
1998 2263 2271 2318 attonsus,

679 2356 996 2410 Eustratius
1028 2364 1109 2408 est
1148 2353 1473 2423 appellatus.
1513 2349 1759 2405 Nicetam
1795 2350 2033 2420 primum
2075 2349 2273 2403 decen-

687 2468 808 2504 nem
836 2452 903 2503 ab
957 2463 1058 2501 aro
1111 2447 1422 2515 Μαι-μὴοτο
1469 2446 1848 2499 hicanatorum
1911 2439 2272 2497 domesticum

682 2545 836 2597 aiunt
864 2549 1132 2616 creatum,
1165 2539 1321 2607 cujus
1359 2538 1529 2607 gratia
1575 2551 1774 2590 munus
1828 2534 1959 2588 iliud
1991 2534 2166 2604 primo
2195 2533 2277 2586 in-

684 2636 936 2688 stitutum
970 2653 982 2686 :
1010 2639 1266 2702 quartum
1306 2645 1436 2684 vero
1463 2628 1931 2684 decimummtatis
1967 2641 2170 2681 annum
2211 2640 2274 2680 a-

689 2743 823 2797 gens
849 2765 864 2788 ,
897 2724 1139 2780 terrestri
1191 2723 1355 2778 simul
1413 2735 1538 2776 cum
1587 2719 1744 2774 bonis
1779 2719 2098 2788 parentibus
2126 2716 2275 2786 regia

686 2819 895 2880 relicta,
929 2828 982 2870 et
1034 2819 1150 2886 ipse
1189 2814 1516 2870 monachum
1577 2809 2140 2880 induit,etlgnatius
2191 2817 2279 2863 est.

690 2909 1132 2979 cognominatus.

759 3002 870 3056 Leo
896 3001 1081 3070 igitur,
1121 2998 1211 3051 illa
1243 2996 1468 3051 infausti
1494 2992 1734 3050 nominis
1764 2991 1902 3057 fera,
1931 3007 2080 3056 cum,
2111 3006 2274 3061 quam

696 3103 1056 3164 conceperat,
1107 3093 1404 3161 peperisset
1463 3089 1841 3159 iniquitatem,
1875 3096 2140 3156 occupato
2183 3101 2280 3156 per

2369 619 2426 654 τε
2459 605 2550 654 καὶ
2592 602 2670 672 τῷ
2720 603 2884 674 κοινῷ
2916 603 3014 674 τὴν
3051 604 3295 659 ἑκούσιον
3338 606 3688 678 ὑποχώρησιν
3726 611 3822 664 xui
3848 613 3952 684 τὴν

2370 695 2613 764 εἰρήνην,
2651 695 2725 752 ὡς
2754 696 2866 758 υίὸς
2898 696 2996 765 τῆς
3025 695 3258 764 ἀληθοῦς
3293 700 3537 768 εἰρήνης,
3575 702 3948 770 ἡγησάμενος.

2382 785 2631 856 Ἀπαίρει
2666 787 2763 855 μὲν
2793 787 2894 856 τῆς
2926 787 3136 850 πόλεως
3178 790 3396 842 πανοικί
3421 807 3435 822 ·
3467 792 3602 860 πρὸς
3645 792 3743 854 τάς
3778 794 3957 864 Πριγ-

2369 883 2614 944 κιπείους
2637 882 2691 934 δὲ
2721 883 2916 952 νήσους
2946 884 3440 953 μετακεχωρηκὼς,
3484 888 3578 938 καὶ
3609 886 3699 939 τὸν
3737 889 3955 959 μονήρη

2373 973 2486 1042 βίον
2519 975 2635 1044 ἆμα
2658 973 2874 1042 γυναικὶ
2893 974 2988 1027 καὶ
3011 977 3247 1037 τέκνοις.
3289 975 3350 1028 οὐ
3379 975 3457 1046 τῷ
3492 979 3734 1048 σχήματι
3762 978 3956 1048 μόνον,

2373 1064 2627 1118 ἀλλὰκαὶ
2661 1065 2738 1134 τῷ
2764 1065 3054 1133 πράγματι
3089 1065 3563 1137 καταδεξάμενος,
3606 1068 3685 1140 τῷ
3720 1069 3955 1140 παμϐα-

2372 1157 2510 1211 σιλεῖ
2540 1157 2658 1228 Θεῷ
2681 1159 2778 1228 τὴν
2809 1158 2971 1210 αὐτοῦ
3003 1159 3182 1229 κρίσιν
3208 1159 3304 1211 καὶ
3327 1159 3483 1229 δίκην
3515 1159 3759 1214 ἀνέθετο.

2439 1249 2627 1320 Τούτῳ
2653 1250 2715 1320 δὴ
2739 1251 2817 1320 τῷ
2846 1252 3102 1321 μακαρίῳ
3125 1251 3364 1322 Μιχαὴλ,
3399 1251 3475 1321 τῷ
3501 1253 3830 1322 θαυμαστῶς
3851 1254 3959 1324 τὴν

2370 1343 2608 1408 ἐπίγειον
2635 1345 2732 1413 τῆς
2758 1343 3012 1416 οὐρανίας
3041 1343 3627 1415 ἀντικαταλλαξαμένῳ
3652 1344 3957 1415 βασιλείας,

2371 1437 2554 1498 παῖδες
2580 1436 2628 1488 oi
2660 1436 2879 1499 πάντες,
2908 1436 3069 1489 πέντε
3092 1435 3312 1503 λέγουσι
3337 1436 3609 1506 γενέσθαι·
3644 1431 3718 1491 ὧν
3743 1438 3962 1509 θήλειαι

2369 1530 2480 1594 δύο,
2497 1528 2686 1600 πρώτη
2706 1529 2846 1597 μὲνὴ
2864 1529 3167 1598 καλουμένη
3185 1529 3435 1599 Γεωργὼ,
3452 1531 3668 1583 πάντων
3679 1530 3733 1583 δὲ
3748 1531 3959 1602 ὑστάτη

2370 1620 2644 1689 Θεοφανώο
2678 1620 2733 1672 αἳ
2767 1619 2860 1672 καὶ
2883 1619 3224 1689 παρθενικῶς
3253 1622 3343 1673 τὸν
3357 1621 3474 1675 ὅλον
3497 1621 3609 1690 βίον
3630 1621 3720 1675 καὶ
3737 1639 3961 1692 μοναχιο

2371 1710 2871 1774 κῶςδιαϐιώσασαι,
2890 1713 3174 1784 μακαρίως
3195 1713 3590 1783 ἐκοιμήθησαν.
3617 1715 3878 1788 Ἀρῤενες
3897 1714 3960 1766 δὲ

2370 1808 2540 1874 τρεῖς,
2555 1805 2951 1874 Θεοφύλακτος.
2969 1806 3323 1874 Σταυράκιος,
3340 1806 3606 1877 Νικήτας⁹
3619 1805 3821 1859 τούτων
3833 1806 3964 1858 θεο·

2374 1897 2646 1966 φύλακτος
2678 1899 2776 1968 μὲν
2829 1899 2856 1951 6
2883 1897 3097 1951 πάντων
3125 1899 3488 1968 πρωτότοκος,
3525 1899 3618 1952 καὶ
3647 1899 3674 1951 6
3705 1899 3957 1969 Σταυρά-

2373 2007 2508 2054 κιος,
2543 1990 2840 2060 ἀμφότεροι
2875 1989 2950 2060 τῷ
2970 1990 3260 2060 διαδήματι
3291 1990 3509 2061 πρῶτον
3543 1991 3640 2060 τῆς
3678 1990 3958 2060 βασιλείας

2373 2083 2794 2152 ἐστεφάνωνταιο
2811 2079 2927 2136 εἶτα
2949 2086 2976 2137 ὀ
2995 2085 3091 2153 μὲν
3114 2084 3308 2154 κομιδῇ
3328 2085 3445 2147 νέος
3462 2084 3537 2137 ὢν
3555 2085 3652 2147 ἔτι,
3672 2087 3698 2138 6
3721 2085 3962 2154 Σταυρά·

2375 2175 2620 2246 κιος,πρὸ
2635 2175 2731 2245 τῆς
2750 2176 3106 2239 καταϐάσεως
3119 2175 3363 2246 τελευτᾷ’
3377 2175 3750 2243 Θεοφύλακτος
3769 2176 3819 2227 δὲ
3837 2177 3959 2245 ἅμα

2376 2271 2506 2332 τοῖς,
2529 2269 2798 2338 πατράσιν
2830 2267 2995 2320 αὐτοῦ
3027 2270 3118 2321 καὶ
3146 2267 3426 2338 βασιλεῦσι
3446 2269 3566 2320 τότε
3606 2268 3960 2337 κειράμενος,

2375 2361 2455 2421 είς
2484 2347 2816 2431 Εὐστράτιον
2843 2359 3260 2428 μετωνομάσθη.
3284 2359 3530 2430 Νικήταν
3552 2358 3606 2409 δὲ
3626 2359 3839 2428 πρῶτον
3856 2359 3960 2427 μὲν

2375 2453 2614 2519 δεκαέτη
2644 2453 3004 2522 τυγχάνοντα,
3023 2450 3132 2502 τῶν
3161 2451 3470 2519 λεγομένων
3505 2451 3774 2504 ίκανάτων
3803 2452 3962 2520 παρά

2378 2541 2694 2610 Νικηφόρου
2748 2541 2884 2608 φασὶ
2925 2541 3017 2593 τοῦ
3051 2541 3276 2594 πάππου
3323 2540 3753 2610 προϐεϐλῆσθαι,
3794 2540 3860 2592 δι’
3897 2542 3961 2593 ὃν

2379 2635 2555 2686 ἐκεῖνο
2607 2632 2666 2684 τὸ
2717 2634 2952 2701 πρᾶγμα
2999 2631 3216 2703 πρῶτον
3243 2632 3630 2699 καταστῆναι·
3659 2647 3964 2701 τεσσαρεσ-

2381 2726 2741 2795 καιδεκαέτης
2794 2726 2848 2778 δὲ
2901 2724 3163 2794 γεγονὼς,
3209 2723 3306 2776 καὶ
3344 2727 3412 2775 τά
3444 2723 3537 2774 ἐπὶ
3563 2722 3668 2792 γῆς
3695 2722 3811 2792 ἅμα
3843 2725 3966 2785 τοῖς

2381 2818 2608 2886 ἀγαθοῖς
2642 2822 2860 2870 τοκεῦσι
2885 2817 3129 2888 βασίλεια
3170 2816 3622 2887 καταλιμπάνων.
3668 2815 3968 2886 ἀποκείρε-

2382 2928 2472 2964 ται
2513 2910 2610 2980 μὲν
2637 2909 2732 2962 xui.
2755 2911 2941 2974 αὐτὸς,
2987 2908 3243 2976 Ἰγνάτιος
3275 2907 3330 2959 δὲ
3364 2906 3815 2976 μετονομάζεται.

2469 3002 2528 3054 '0
2558 3002 2736 3055 τοίνυν
2768 3001 2920 3054 Λέων
2950 3002 3179 3064 ἐκεῖνος,
3199 2996 3560 3068 ὁδυσώνυμος
3591 2996 3715 3066 θὴρ,
3742 2997 3808 3066 ἣν
3835 2996 3969 3049 ὡδί-

2385 3108 2549 3162 νησεν
2588 3091 2802 3144 ἀδικίαν
2834 3090 3156 3152 ἑκτετοκὼς,
3194 3088 3290 3142 xui.
3318 3089 3416 3159 τῆς
3451 3087 3726 3158 βασιλείας
3763 3105 3971 3158 τυραν-

688 3190 796 3243 vim
833 3205 897 3241 ac
931 3185 1315 3257 tyrrannident
1364 3183 1614 3251 imperio,
1665 3179 1869 3233 nullam
1910 3179 2092 3234 omnia
2154 3193 2278 3248 spe-

2386 3187 2508 3254 νικῇ
2543 3181 3040 3253 περιδεδραγμένος
3067 3180 3231 3250 χειρὶ,
3249 3179 3310 3232 οὐ
3339 3178 3477 3248 πρὸς
3506 3178 3598 3232 τὸν
3621 3177 3973 3248 παντέφορον

689 3281 888 3337 ctantis
913 3279 1057 3333 oculi
1089 3279 1354 3331 rationem
1386 3273 1600 3339 habuit,
1626 3288 1799 3342 neque
1822 3272 2101 3326 beatorum
2125 3285 2288 3325 exsu-

696 3375 812 3428 lum
847 3371 1118 3426 revezitus
1148 3377 1232 3424 est
1269 3365 1592 3421 modestiam
1627 3375 1679 3419 et
1705 3365 2054 3432 aequitatem;
2092 3364 2287 3417 imme-

700 3482 932 3534 morque
985 3471 1104 3516 erat
1144 3461 1389 3516 omnium
1432 3458 1858 3524 beneficiorum,
1887 3457 2089 3526 quibus
2143 3449 2287 3509 beati

694 3560 772 3612 illi
814 3557 1101 3624 indignum
1147 3562 1485 3609 exornarant
1513 3568 1526 3606 :
1556 3565 1585 3604 a
1614 3564 1724 3620 quo
1770 3548 2032 3618 improba:
2083 3550 2286 3601 mentis

693 3647 908 3703 artibus
959 3644 1121 3698 illecti
1162 3650 1319 3696 erant
1353 3639 1524 3704 adeo,
1573 3648 1634 3692 ut
1676 3638 1974 3705 imperator
2011 3636 2285 3705 regiorum

705 3741 860 3794 illum
887 3739 1076 3792 libero:
1095 3750 1186 3788 um
1220 3735 1272 3786 in
1306 3746 1462 3786 sacra
1485 3729 1828 3800 baptismatis
1847 3729 2110 3782 tinctione
2134 3740 2288 3796 spon-

695 3849 874 3890 sorem
909 3841 962 3885 ct
996 3831 1269 3899 patrinum
1303 3823 1635 3894 designaret.
1667 3821 1772 3876 Sed
1803 3820 1941 3874 nihil
1961 3819 2154 3873 horum
2187 3819 2288 3871 im-

698 3929 884 3980 mitem
942 3923 1088 3978 illius
1137 3920 1486 3986 ferocemque
1532 3915 1776 3969 animum
1836 3912 2011 3981 potuit
2049 3909 2284 3963 ﬂectere.

698 4018 908 4074 Etenim
943 4017 994 4069 in
1025 4014 1274 4068 essilinm
1303 4008 1648 4068 amandatos,
1673 4006 1904 4058 alterum
1925 4003 1992 4056 ab
2013 4003 2179 4056 altero
2199 4015 2286 4054 se-

699 4111 932 4180 paravit,
965 4105 1308 4175 singulisque
1363 4115 1518 4156 suam
1557 4097 1792 4153 insulam
1841 4096 2159 4164 assignavit,
2190 4095 2285 4146 tir-

700 4220 898 4274 tuaque
936 4201 1186 4256 custodia
1227 4192 1636 4263 circutnscpsit.
1673 4189 1825 4244 Filiis
1859 4203 2023 4257 porro
2055 4186 2286 4239 virilita-

703 4306 808 4350 tem
841 4293 1088 4357 ademit,
1153 4287 1526 4344 membrorum
1589 4281 1926 4337 castratione
1994 4277 2238 4346 plectens
2271 4314 2286 4340 ,

701 4389 989 4458 plusquam
1033 4385 1369 4437 inhumanus
1406 4387 1459 4433 et
1505 4376 1767 4430 crudelis.
1805 4373 1943 4426 llinc
1977 4385 2126 4434 sane,
2159 4383 2283 4422 cum

704 4490 813 4534 tam
838 4477 1004 4546 impia
1031 4473 1243 4543 imperii
1266 4471 1483 4541 jeeisset
1519 4466 1894 4526 fundamenta,
1917 4462 2107 4526 vitam,
2137 4460 2286 4514 exitu

2389 3274 2698 3328 ἀπέϐλεπεν
2740 3272 3044 3342 ὀρθαλμὸν,
3081 3272 3142 3324 οὐ
3173 3270 3272 3338 τὴν
3311 3270 3616 3324 ἐπιείκειαν
3650 3270 3757 3323 τῶν
3786 3287 3974 3340 μακαι

2391 3367 2520 3438 ρίων
2556 3366 2838 3436 ηὐλαϐήθη
2863 3363 3142 3432 φυγάδων,
3180 3363 3302 3416 οὐδὲ
3327 3361 3388 3415 τὸ
3416 3362 3651 3432 μέγεθος
3673 3361 3773 3431 τῆς
3808 3361 3976 3431 εὐερ-

2388 3459 2600 3528 γεσίας,
2650 3455 2718 3531 ἦς
2749 3457 2912 3512 αὐτὸν
2965 3458 3013 3510 οί
3044 3456 3304 3527 μακάριοι
3343 3455 3473 3526 παρ’
3506 3452 3665 3518 ἀξίαν
3697 3453 3976 3523 κατηξίω-

2390 3567 2510 3614 σαν,
2579 3547 2674 3600 ἐπὶ
2730 3545 2990 3600 τοσοῦτον
3019 3545 3099 3615 τῷ
3129 3544 3333 3614 δολερῷ
3373 3545 3473 3615 τῆς
3495 3543 3846 3614 κακοτρόπου
3878 3543 3979 3597 δε-

2387 3639 2712 3702 λεασθέντες
2766 3638 3014 3708 γνώμης,
3048 3637 3191 3689 ὥστε
3223 3638 3319 3690 xui.
3367 3636 3627 3707 ἀνάδοχον
3656 3637 3820 3690 αὐτὸν
3860 3636 3978 3690 ἀπὸ

2387 3733 2487 3801 τῆς
2544 3729 2924 3800 πνευματικῆς
2972 3729 3355 3800 κολυμϐήθρας
3403 3728 3513 3780 τῶν
3551 3727 3652 3797 τῆς
3693 3728 3977 3797 βασιλείας

2389 3822 2662 3886 ἀναδεῖξαι
2729 3821 2958 3874 τέκνων.
3020 3821 3188 3874 Οὐδὲν
3239 3820 3444 3873 τούτων
3492 3820 3591 3892 τὴν
3643 3820 3828 3890 ἀπηνῆ
3873 3823 3979 3874 καὶ

2391 3914 2634 3985 θηριώδη
2715 3912 3141 3982 κατεδυσώπησε
3211 3912 3430 3982 ψυχήνο
3501 3912 3832 3974 ἀποστείλας
3889 3910 3975 3974 δὲ,

2387 4009 2617 4080 διείργει
2673 4008 2770 4078 μὲν
2831 4005 3032 4069 αὐτοὺς
3089 4005 3187 4059 ἀπ’
3238 4005 3505 4074 ἀλλήλων,
3556 4003 3662 4075 ἰδίᾳ
3704 4003 3846 4056 κατά
3872 4005 3979 4066 τάς

2388 4104 2584 4172 νήσους
2615 4101 2847 4152 ἕκαστον
2900 4098 3244 4168 περιορίζων,
3283 4098 3378 4150 καὶ
3408 4098 3516 4150 ὐπὸ
3542 4097 3777 4164 ἀσφαλεῖ
3805 4112 3979 4149 κατα-

2389 4191 2592 4254 πιέζων
2626 4190 2872 4261 φρουρᾷ’
2903 4190 3224 4258 ἀφαιρεῖται
3255 4187 3312 4241 δὲ
3355 4189 3480 4250 τοὺς
3510 4189 3707 4250 παῖδας
3739 4187 3832 4240 καὶ
3859 4187 3978 4240 τῶν

2389 4264 2743 4353 γεννητικίῖιν,
2776 4281 3148 4344 καταδικάσας
3177 4281 3205 4332 6
3229 4280 3543 4350 ἀμείλικτος
3571 4279 3752 4349 μελῶν
3779 4279 3977 4334 εὐνου-

2389 4377 2510 4448 χίᾳ.
2554 4374 2837 4428 Ἐντεῦθεν
2895 4373 3058 4434 αὐτὸς
3105 4373 3203 4442 μὲν
3231 4370 3479 4441 πονηράν
3512 4373 3576 4440 τῇ
3608 4369 3774 4423 αὐτοῦ
3815 4370 3977 4438 βασι-

2391 4470 2509 4540 λεία
2544 4466 2985 4535 καταϐαλόμενος
3019 4463 3214 4534 ἀρχὴν,
3251 4463 3346 4516 καὶ
3367 4461 3520 4525 τέλος
3550 4461 3700 4525 ἄξιον
3731 4461 3981 4531 ἀπηνέγ-

708 4569 989 4641 principiis
1014 4565 1400 4634 respondente.
1424 4560 1577 4612 liniit.
1602 4558 1825 4625 lmpiam
1859 4552 2001 4607 enim
2028 4551 2280 4605 invisain-

2395 4533 2528 4614 κατο
2575 4559 2674 4629 τῆς
2732 4533 2928 4628 ἀρχῆς.
2986 4533 3103 4624 Τὴν
3140 4533 3250 4624 γὰρ
3309 4554 3476 4606 πάὶαι
3517 4553 3700 4616 κακῶς
3750 4553 3849 4622 μὲν
3878 4556 3980 4606 καὶ

705 4678 810 4732 quo
860 4659 968 4713 Deo
1029 4655 1517 4711 leonomachorum
1569 4658 1814 4713 sectam,
1852 4645 1919 4698 ab
1970 4643 2138 4712 impio
2195 4643 2290 4696 illo

706 4753 888 4808 Leone
910 4749 1184 4815 quondam
1212 4745 1550 4807 meditatam,
1577 4750 1630 4796 et
1648 4757 1675 4794 a
1701 4737 2062 4792 Constantino
2096 4734 2292 4790 Leonis

709 4847 839 4910 filio,
861 4853 1015 4913 patre
1036 4841 1198 4895 etiam
1222 4837 1514 4901 deteriore,
1537 4833 1971 4893 corroboratam,
1994 4829 2084 4884 sed
2108 4828 2290 4881 divina

709 4935 1052 4990 Providentia
1115 4948 1210 5001 per
1242 4939 1488 4986 sanctam
1546 4927 1833 4996 septimam
1894 4923 2160 4994 synodum
2206 4921 2293 4990 pie

711 5039 966 5098 recteque
995 5027 1226 5096 sopitam
1261 5040 1324 5078 ac
1360 5022 1652 5085 sublatam,
1696 5018 1905 5073 invisus
1957 5017 2146 5083 draco,
2178 5016 2292 5069 dis-

710 5135 996 5193 tortusque
1025 5120 1268 5175 veritatis
1300 5119 1566 5186 interpres
1594 5122 1824 5168 conatus
1861 5125 2135 5175 revocare,
2167 5125 2297 5164 con.

711 5229 788 5274 tra
813 5215 1131 5272 orthodoxa:
1150 5211 1364 5284 pietatis
1385 5207 1874 5281 propugnaculum,
1901 5204 2291 5274 Nicephorum,

710 5313 958 5381 inquam,
992 5307 1273 5378 religionis
1313 5314 1443 5359 tunc
1481 5302 1802 5364 antistitem,
1830 5313 1894 5353 ac
1924 5298 2076 5352 urhis
2117 5297 2290 5366 impe-

714 5405 885 5460 rantis
928 5401 1326 5473 patriareliam,
1359 5405 1574 5451 erectus
1602 5436 1616 5460 ,
1649 5394 1799 5448 illum
1839 5391 2004 5447 minis
2031 5389 2186 5458 juxta
2231 5403 2293 5444 ac

712 5499 991 5554 blanditiis
1019 5502 1316 5566 oppugnat.
1342 5490 1444 5546 Sed
1471 5506 1594 5545 cum
1617 5488 1787 5543 multo
1810 5485 2104 5539 firmiorem
2129 5497 2293 5551 quam

712 5600 979 5663 sperarat,
1013 5589 1370 5659 experiretur,
1399 5582 1451 5637 vi
1487 5583 1768 5655 tyrannica
1795 5579 1861 5634 de
1893 5580 2092 5632 throno
2113 5576 2296 5631 detur-

711 5687 924 5748 italum,
965 5687 1029 5737 ad
1065 5681 1427 5737 dexteriorem
1471 5676 1645 5740 Steni,
1683 5673 1737 5728 id
1776 5681 1859 5728 est
1897 5671 2110 5742 angusti
2172 5667 2295 5723 freti

713 5779 1028 5846 regionem,
1063 5776 1116 5830 in
1173 5771 1564 5828 monasterium
1616 5767 1889 5840 quoddam
1947 5765 2295 5834 importunus

711 5871 869 5942 eiecit
921 5873 1080 5941 (cum
1141 5866 1439 5923 Ecclesiatn
1495 5860 1794 5934 apostolico
1824 5874 1918 5929 per
1957 5855 2293 5913 novennium

2397 4653 2704 4720 θεοστυγῶς
2754 4647 3139 4721 μελετηθείσαν
3188 4645 3296 4698 τῶν
3339 4645 3723 4714 Εἰκονομάχων
3763 4644 3983 4716 αἵρεσιν

2399 4744 2500 4797 ὑπὸ
2524 4744 2753 4804 Λέοντος
2783 4740 2993 4793 ἐκείνου
3022 4738 3117 4790 τοῦ
3147 4735 3462 4801 δυσσεϐοῦς,
3492 4736 3588 4789 xui.
3630 4736 3982 4788 Κωνσταντί-

2397 4855 2488 4889 νου
2520 4834 2612 4888 τοῦ
2671 4829 3099 4900 δυσσεϐεστέρου
3151 4827 3592 4898 κραταιωθείσαν
3621 4824 3760 4889 υίοῦ,
3791 4824 3981 4889 καλῶς

2396 4931 2452 4983 δὲ
2481 4929 2573 4982 xui
2601 4924 2842 4988 εὐσεϐῶς
2871 4924 2961 4978 διά
3028 4920 3280 4998 προνοίας
3331 4917 3466 4970 Θεοῦ
3517 4919 3612 4970 καὶ
3666 4918 3763 4986 τῆς
3811 4915 3984 4982 ἁγίας

2398 5021 2633 5090 ἑϐδόμης
2673 5015 2890 5070 συνόδου
2920 5009 3340 5082 καθαιρεθεῖσαν
3379 5008 3475 5061 καὶ
3503 5005 3982 5070 καταπαυθεῖσαν,

2397 5118 2426 5168 6
2455 5112 2698 5182 μυσαρὸς
2728 5102 2884 5169 οὗτος
2943 5105 3066 5174 ὄφις
3101 5103 3195 5156 xui
3246 5101 3344 5171 τῆς
3375 5097 3637 5169 ἀληθείας
3670 5095 3984 5166 παραλογι-

2401 5204 2530 5275 στὴς
2559 5197 2824 5256 ἀνανεοῦν
2855 5195 3012 5259 αὖθις
3073 5194 3375 5263 ἐπιχειρεῖο
3408 5188 3505 5242 xui
3541 5187 3619 5256 τῷ
3653 5184 3846 5256 πύργῳ
3877 5189 3988 5254 τῆς

2399 5274 2710 5369 ὀρθοδοξίας
2749 5291 3010 5360 ἐκραγεὶς
3054 5285 3394 5358 (Νικηφόρος
3419 5282 3476 5335 δὲ
3507 5275 3664 5343 οὗτος
3691 5274 3781 5350 ἦν,
3815 5280 3843 5330 6
3877 5280 3988 5349 τῆς

2399 5387 2678 5450 εὐσεϐείας
2701 5381 3033 5453 προστάτης,
3059 5379 3154 5432 καὶ
3201 5377 3300 5446 τῆς
3346 5372 3620 5444 βασιλίδος
3668 5370 3986 5440 ίεράρχης),

2398 5479 2575 5549 τούτῳ
2608 5472 2934 5546 προσϐαλὼν
2997 5469 3261 5532 θωπείαις
3320 5467 3415 5520 xui.
3461 5463 3735 5524 ἀπειλαῖς,
3791 5461 3991 5533 ἐπειδὴ

2401 5563 2744 5637 στερροτέρῳ
2791 5560 2992 5632 μᾶλλον
3034 5559 3068 5631 ἢ
3111 5557 3256 5611 κατά
3293 5555 3394 5626 τὴν
3433 5551 3602 5607 αὐτοῦ
3647 5551 3989 5621 περιέπιπτε

2401 5662 2618 5733 βουλὴν,
2651 5658 2929 5724 ἐξελαύνει
2977 5655 3078 5728 μὲν
3107 5653 3408 5724 τυραννικῇ
3461 5647 3555 5702 τοῦ
3592 5648 3783 5718 θρόνου
3812 5644 3990 5713 χειρὶ,

2401 5757 2556 5810 ἐννέα
2588 5753 2766 5807 ἐτεσιν
2804 5753 2906 5822 ήδη
2935 5746 3311 5810 ἀποστολικὲς
3344 5743 3586 5798 ίθύναντι
3614 5741 3711 5811 τὴν
3754 5736 3996 5806 Ἐκκληο

2407 5850 2550 5917 σίαν,
2584 5847 2721 5918 πρὸς
2749 5845 2807 5900 δὲ
2829 5847 2939 5910 τοῖς
2969 5843 3162 5910 δεξιοῖς
3201 5839 3297 5894 τοῦ
3320 5835 3517 5893 Στενοῦ
3548 5835 3742 5907 μέρεσι
3767 5835 3912 5889 κατά
3943 5847 3999 5884 τι
