4186 6434
196 445 301 507 493

1253 439 1425 500 VITA
1463 437 1523 496 S.
1566 434 1866 495 IGNATII
1898 435 2005 495 CP.
2050 436 2400 497 ARCIIIEP.

3354 444 3462 507 491

194 557 449 624 σεμνεῖον
488 554 650 608 αὐτὸν
680 556 705 607 ξ.
732 551 941 622 ἀπηνὴς
964 550 1277 621 ύπερορίζει
1299 566 1313 580 σ
1342 550 1473 601 ὅπου
1496 547 1559 617 δὴ
1585 547 1772 616 χρόνον

1883 551 2179 618 curasset),
2214 550 2300 603 ubi
2352 551 2544 605 beatus
2598 551 2685 604 ille
2721 553 2957 619 septenis
3010 552 3167 609 denis
3202 558 3359 613 annis
3402 561 3459 612 in

194 648 667 701 ἑπτακαιδέκατον
698 649 727 698 ό
790 646 1056 714 μακάριος
1090 644 1293 704 ἐκεῖνος
1317 645 1373 694 ἐν
1404 644 1469 710 τῇ
1498 640 1633 707 καλῇ
1656 639 1774 691 δια-

190 738 481 802 ϐεϐιωκὼς
514 738 796 808 ὁμολογία,
834 736 969 806 πρὸς
1018 735 1109 788 τὸν
1141 734 1273 786 Θεὸν
1304 734 1560 804 μετέστη.
1593 730 1777 783 Θεόδο-

192 848 285 884 τον
306 831 366 883 δέ
392 849 514 884 τινα
537 830 645 883 τῶν
692 831 749 882 ἐν
788 828 1087 889 πολιτικοῖς
1125 824 1570 894 φενακιζομένων
1603 820 1773 886 ἀξιὼ-

194 941 387 993 μασιν,
444 922 612 993 ἄνδρα
664 923 948 991 κοσμικοῖς
996 918 1152 989 ῆἽεσί
1211 934 1268 970 τε
1318 919 1412 970 καὶ
1456 918 1777 987 πράγμασιν

190 1012 654 1084 ἐντεθραμμένον,
715 1011 969 1079 οὐδεμιᾶς
1026 1009 1083 1062 δὲ
1127 1008 1393 1071 παιδείας,
1430 1008 1489 1059 ού
1524 1008 1777 1075 γνώσεως

193 1100 410 1169 ἀγαθῆς
470 1100 870 1171 μετεσχηκότα,
900 1099 1063 1167 μόνον
1098 1098 1153 1150 δὲ
1185 1098 1283 1166 τῆς
1306 1099 1775 1170 Χριστιανοκατηο

190 1189 427 1260 γορικῆς
448 1190 556 1243 τῶν
578 1189 1094 1258 Εἰκονομαχούντων
1121 1187 1386 1257 αἱρέσεως
1415 1185 1665 1258 ζηλωτὴν
1691 1205 1779 1241 νο-

191 1280 519 1349 μιζόμενον,
576 1278 839 1349 κληρικδν
880 1275 1181 1347 ἀποκείρας
1216 1277 1244 1329 ό
1288 1275 1663 1346 παμϐέϐηλος,
1700 1277 1779 1349 τῷ

188 1372 291 1440 τῆς
342 1371 615 1442 βασιλίδος
667 1370 899 1441 ἐνιδρύει
956 1369 1150 1440 θρόνῳ.
1209 1367 1492 1423 Ἐντεῦθεν
1536 1370 1777 1441 διωγμὸν

191 1465 396 1534 πικρὸν
434 1463 531 1517 καὶ
586 1462 957 1533 ἀπάνθρωπον
999 1461 1140 1513 κατὰ
1170 1460 1279 1514 τῶν
1318 1459 1561 1513 εύσεϐεῖν
1596 1460 1779 1531 βουλο-

190 1555 376 1624 μένων
400 1555 841 1625 ἐπανῃρημένος,
872 1545 997 1624 εἶιρε
1013 1551 1077 1622 δὴ
1101 1554 1240 1605 κατὰ
1263 1549 1431 1613 πόδας
1465 1551 1559 1603 καὶ
1580 1552 1649 1605 τὰ
1680 1553 1780 1620 τῆς

186 1646 477 1717 ἁμαρτίας
502 1646 705 1714 ὀψώνια
732 1644 824 1700 τὸν
842 1644 1091 1707 θάνατον,
1127 1645 1184 1696 ἐν
1220 1643 1361 1697 ἐπτά
1385 1642 1484 1712 μὲν
1506 1643 1648 1697 ἔτεσι
1685 1645 1781 1697 καὶ

192 1739 397 1809 μικρὸν
416 1755 471 1790 τι
494 1739 629 1809 πρὸς
655 1738 754 1807 τῆς
772 1736 1009 1807 ἀρχικῆς
1043 1735 1294 1802 ἐξουσίας
1330 1737 1777 1807 συντετμημένης

180 1831 367 1903 αὐτῷ,
404 1833 466 1885 ἐν
497 1823 683 1901 μέσοις
713 1831 769 1883 δὲ
807 1833 921 1894 τοῖς
974 1829 1192 1892 ἀδύτοις
1225 1826 1320 1880 τοῦ
1352 1827 1481 1882 ναοῦ
1511 1830 1609 1898 τῆς
1648 1828 1780 1881 Θεο-

1881 641 2137 709 ρνιιειΊδνίὶ
2189 642 2536 697 confessione
2570 643 2811 705 exactis,
2851 647 2915 697 ad
2967 646 3135 701 Deum
3187 649 3457 717 migravit.

1880 732 1935 785 In
2006 730 2201 785 throno
2253 747 2381 785 vero
2447 731 3046 803 Constantinopolitano
3115 736 3458 794 Theodotum

1880 825 2169 895 quemdam
2207 824 2450 893 profanis
2491 826 2730 881 moribus
2756 842 2818 880 ac
2847 830 3074 897 negotiis
3103 832 3457 899 innutritum,

1884 928 2048 986 atque
2078 918 2257 970 omnis
2280 917 2540 970 doctrinm
2564 927 2617 970 et
2648 919 2887 973 liberalis
2909 919 3210 989 disciplina:
3231 938 3459 992 prorsus

1882 1019 2158 1077 expertem
2186 1008 2321 1076 (hoc
2348 1021 2528 1063 tamen
2559 1025 2688 1073 uno,
2715 1013 2858 1079 quod
2888 1010 3228 1068 Clnistianos
3256 1016 3464 1072 calum-

1885 1101 2087 1154 niantis
2115 1100 2599 1155 lcouomachm'um
2623 1102 2892 1159 luereseos
2919 1105 3207 1159 aemulator
3232 1109 3463 1165 habere-

1884 1193 2009 1258 tur)
2034 1202 2314 1246 attonsum
2352 1193 2769 1261 profanissimus
2814 1196 3119 1252 collocavit.
3156 1196 3293 1253 llinc
3325 1215 3463 1254 saeva

1883 1282 2199 1351 crudelique
2242 1282 2453 1353 piorum
2490 1287 2775 1340 vexatione
2826 1285 3107 1353 instituta,
3157 1288 3315 1357 juxta
3350 1291 3465 1344 \‘ias

1884 1388 2035 1436 suas,
2075 1374 2343 1443 stipendia
2385 1376 2589 1444 peccati
2626 1384 2857 1430 mortem
2888 1378 3112 1445 accepit.
3149 1377 3285 1433 Nam
3318 1381 3461 1434 intra

1882 1468 2222 1534 Septennimn
2266 1479 2319 1522 et
2349 1468 2511 1537 paulo
2545 1469 2661 1536 plus
2712 1470 2856 1539 regia
2886 1478 3148 1539 potestate
3201 1472 3277 1526 illi
3328 1483 3465 1542 prac-

1883 1561 2027 1623 cisa,
2066 1561 2118 1613 in
2163 1561 2355 1615 mediis
2389 1560 2481 1614 Dei
2522 1560 2709 1615 Matris
2737 1564 2921 1633 teurpli
2952 1564 3134 1634 (quod
3168 1546 3218 1618 in
3256 1567 3462 1635 palatio

1881 1649 2118 1703 Pharum
2140 1651 2687 1721 nuneupant)adytis,
2717 1652 2923 1719 infelix,
2946 1655 3052 1708 ritu
3076 1656 3248 1721 canis,
3269 1656 3465 1727 gladiis

1885 1741 2168 1795 confertus
2188 1753 2290 1797 est.
2315 1743 2415 1804 Ita,
2436 1760 2598 1813 quam
2629 1751 2776 1796 tanta
2803 1746 3152 1799 contentione
3174 1746 3467 1815 impietatis

1884 1844 2182 1890 sementem
2241 1834 2398 1898 fecit,
2459 1837 2600 1891 hanc
2653 1852 2871 1904 quoque
2924 1837 3169 1891 laborum
3239 1854 3464 1893 suorum

187 1924 456 1992 μήτορος,
483 1921 543 1975 δν
587 1922 651 1992 δὴ
701 1922 879 1991 Φάρον
931 1922 988 1974 ἐν
1019 1919 1095 1990 τῷ
1139 1919 1384 1991 παλατίῳ
1430 1920 1584 1989 φασὶ,
1618 1919 1775 1982 κυνὸς

1886 1944 2117 1983 messem
2154 1930 2388 1999 collegit.
2427 1928 2632 1983 Etenim
2666 1930 2890 1985 Michael
2924 1930 3145 1997 Balbus,
3176 1933 3460 1987 excubito-

182 2014 390 2084 τρόπον
420 2018 535 2078 τοῖς
558 2014 789 2081 ξίφεσιν.
842 2015 899 2067 '0
932 2014 1032 2084 μὲν
1068 2009 1161 2066 οὖν
1191 2011 1335 2066 οὕτω
1375 2013 1677 2083 φιλοτίμως
1711 2012 1780 2065 τὰ

182 2104 288 2174 τῆς
340 2104 601 2165 ἀσεϐείας
660 2104 949 2174 σπέρματα
994 2102 1456 2173 καταϐαλόμενος,
1498 2103 1780 2171 ἀναλόγως

182 2196 297 2248 τῶν
350 2194 519 2251 αὐτοῦ
577 2196 755 2250 πόνων
808 2195 1078 2265 ἐτρύγησε
1126 2194 1221 2247 καὶ
1268 2195 1365 2257 τὰς
1419 2192 1774 2263 ἐπικαρπίας.

183 2287 412 2355 Μιχαὴλ
451 2287 579 2357 γὰρ,
621 2285 684 2338 ὃν
727 2285 823 2339 καὶ
879 2285 1086 2338 Ψελλόν
1133 2302 1287 2355 φασι,
1322 2284 1644 2355 δομέστικος
1668 2285 1776 2337 τῶν

185 2377 524 2443 ἐξκουϐίτων
582 2375 656 2430 ὢν
716 2378 859 2441 τότε,
924 2377 1021 2431 καὶ
1072 2378 1146 2441 ὡς
1194 2377 1483 2449 τυραννίδα
1537 2376 1776 2445 μελετῶν

182 2469 522 2538 διαϐληθεὶς,
569 2469 663 2523 καὶ
716 2468 1150 2533 κατακλεισθεὶς,
1196 2471 1287 2523 διὰ
1341 2470 1450 2523 τῶν
1508 2459 1673 2522 αύτοῦ
1719 2469 1776 2523 δὲ

186 2563 530 2632 συνωμοτῶν
582 2564 677 2616 καὶ
724 2563 1107 2615 συνασπιστῶν
1136 2562 1441 2633 λεληθότως
1470 2564 1584 2625 τοῖς
1621 2562 1775 2633 βασι-

179 2654 351 2717 λείοις
396 2656 457 2707 ἐν
506 2657 747 2727 σχήματι
796 2653 1072 2724 κληρικῶν
1103 2655 1523 2709 ἐπεισελθόντων
1554 2656 1774 2727 ὄρθρου,

182 2747 281 2797 καὶ
306 2745 403 2797 τόν
431 2745 696 2816 τύραννον
745 2744 1121 2815 ἀνῃρηκότων,
1165 2744 1331 2807 αὐτὸς
1382 2743 1545 2807 εὐθὺς
1571 2746 1769 2810 ἀναγο-

183 2835 423 2903 ρευθεὶς,
476 2837 568 2889 τὸν
611 2836 711 2904 μὲν
754 2836 814 2889 ἐν
856 2837 1045 2907 σάκκῳ
1091 2834 1541 2907 συγκεκομμένον
1566 2835 1767 2905 βαλὼν,

1885 2030 2006 2069 runt
2056 2023 2167 2068 tum
2217 2016 2502 2085 praefectus
2530 2058 2544 2080 ,
2579 2034 2672 2072 seu
2707 2020 3064 2084 domesticus,
3104 2022 3171 2075 de
3205 2021 3459 2077 all'ectato

1884 2119 2051 2175 regno
2074 2104 2302 2169 delatus,
2332 2116 2386 2161 et
2409 2107 2460 2160 in
2493 2108 2798 2161 custodiam
2823 2109 3005 2175 datus,
3033 2126 3060 2163 a
3082 2113 3467 2166 commilitoni-

1882 2193 1987 2248 bus
2014 2195 2128 2249 suis
2148 2205 2200 2248 et
2218 2197 2382 2250 sociis
2409 2196 2931 2267 conjurationis,qui
2965 2199 3289 2254 clericorum
3314 2203 3467 2255 habi-

1880 2295 1995 2338 tum
2026 2286 2291 2350 ementiti,
2324 2288 2461 2340 clam
2496 2302 2711 2341 summo
2737 2302 2894 2341 mane
2923 2290 3182 2357 palatium
3231 2290 3464 2359 ingressi

1882 2385 2173 2446 tyrannum
2207 2378 2558 2440 occiderunt,
2592 2380 2864 2449 extemplo
2897 2382 3190 2450 imperator
3221 2392 3305 2437 cst
3331 2399 3468 2438 cou-

1881 2470 2183 2525 salutatus:
2206 2472 2296 2541 qui
2324 2480 2613 2541 tyranuum
2640 2474 2945 2535 concisum,
2973 2483 3133 2544 atque
3164 2477 3215 2528 in
3248 2492 3466 2530 saccum

1879 2560 2212 2629 conjectum.
2240 2562 2293 2616 in
2328 2564 2501 2617 insula
2525 2562 2709 2627 Prota,
2737 2565 2854 2618 sine
2882 2565 2991 2619 ullo
3023 2578 3307 2634 apparatu,
3345 2583 3470 2622 con-

1880 2652 2121 2722 temptim
2140 2653 2355 2722 sepeliri
2386 2656 2657 2724 przccepit.
2681 2654 2993 2725 liberosque
3016 2659 3242 2710 castrari
3267 2668 3318 2710 et
3353 2667 3473 2711 ton-

1879 2743 1993 2799 deri
2015 2747 2120 2799 :uti
2142 2743 2424 2815 Scriptura
2447 2758 2598 2811 teste,
2622 2745 2913 2802 Com-eratis
2934 2750 2979 2801 si
3013 2749 3164 2802 labor
3177 2752 3290 2819 ejus
3310 2752 3363 2804 in
3387 2767 3473 2806 ca.

1879 2849 1972 2905 put
1995 2838 2130 2906 ejus,
2147 2854 2207 2891 ac
2224 2840 2277 2891 in
2294 2839 2408 2907 ejus
2441 2841 2682 2892 verticem
2712 2840 2968 2909 iniquitas
2986 2842 3097 2910 ejus
3119 2842 3469 2897 descenderit.

182 2927 389 2995 είςτὴν
412 2926 643 2997 Πρώτην
677 2928 1019 2998 καλουμένην
1048 2928 1442 2999 νῆσονάτίμως
1466 2929 1766 3000 προσέταξε
1822 2930 2086 2999 ταφῆναι,
2142 2932 2268 2995 τούς
2328 2948 2386 2985 τε
2452 2933 2617 2985 αὐτοῦ
2687 2934 2837 2996 υίους
2908 2935 3321 3006 εύνουχισθῆναι
3381 2936 3474 2989 καὶ

179 3020 428 3089 καρῆναι
449 3036 463 3049 ·
487 3020 567 3084 ὡς
587 3020 948 3089 ἐπιστρέψαι
988 3020 1097 3075 τὸν
1123 3021 1321 3077 πόνον
1350 3021 1535 3078 αὐτοῦ
1559 3022 1659 3077 ἐπὶ
1690 3023 1805 3090 τὴν
1832 3023 2108 3093 κεφαλὴν
2128 3020 2338 3089 αὐτοῦ,
2366 3026 2507 3077 κατὰ
2553 3024 2651 3094 τὴν
2683 3024 2927 3096 Γραφὴν,
2955 3025 3053 3079 καὶ
3072 3025 3172 3079 ἐπὶ
3198 3028 3474 3098 κορυφὴν

177 3115 371 3169 αὑτοῦ
401 3115 519 3181 τὴν
541 3116 733 3170 αὑτοῦ
766 3116 1008 3173 ἀδικίαν
1036 3116 1389 3185 καταϐῆναι.

250 3210 429 3272 Αὐτὸς
480 3209 535 3263 δέ
593 3208 817 3280 Μιχαὴλ
881 3211 1226 3281 Ἀμοριανὸς,
1274 3213 1368 3265 καὶ
1427 3211 1527 3282 τὴν
1565 3212 1775 3283 αἵρεσιν

1949 3210 2177 3265 Michael
2204 3224 2367 3277 porro
2389 3208 2719 3262 Amorianus
2746 3206 2939 3276 pafria,
2978 3214 3235 3276 sectaque
3267 3204 3474 3261 Sabba-

182 3301 562 3364 Σαϐϐατιανδς
615 3301 714 3367 ὢν,
768 3302 862 3355 ἐπὶ
908 3303 1065 3356 ἐννέα
1096 3303 1194 3373 μὲν
1232 3305 1461 3374 χρόνους
1491 3306 1585 3356 καὶ
1612 3305 1784 3373 ἥμισυ

179 3394 247 3443 τὰ
568 3392 742 3444 διεῖπε
773 3394 871 3463 τῆς
894 3393 1096 3464 ἀρχῆς,
1120 3394 1381 3463 οὐδεμίαν
1422 3392 1479 3446 δὲ
1501 3396 1598 3464 τῆς
1628 3394 1784 3465 ὀρθο-

180 3484 369 3550 δοξίας
395 3487 657 3554 φροντίδα
710 3488 969 3549 ἐποιεῖτο,
1004 3486 1144 3540 ἀλλὰ
1180 3486 1279 3540 καὶ
1326 3486 1448 3556 βίαν
1483 3488 1595 3549 τοῖς
1627 3487 1784 3538 εὐσε-

178 3576 298 3629 ϐεῖν
311 3577 592 3630 ἐθέλουσιν
614 3578 838 3648 ἐπῆγεν.
851 3577 1106 3631 Θεοδότου
1121 3578 1176 3631 δὲ
1190 3577 1282 3631 τοῦ
1303 3578 1615 3646 Κασσιτερᾶ
1631 3577 1785 3645 λεγο-

180 3670 351 3738 μένου
374 3668 723 3739 τεθνηκότος,
744 3671 836 3723 τὸν
858 3669 1204 3740 Πυρσοδέψην
1234 3668 1567 3739 καλούμενον
1584 3668 1785 3720 Ἀντὼ-

180 3781 321 3823 νιον.
351 3762 765 3833 μητροπολίτην
785 3763 881 3831 μὲν
892 3762 993 3832 ἤδη
1011 3762 1229 3832 Πέργης
1253 3761 1785 3831 γενόμενον,κα“ιτῆς

178 3854 449 3923 αἱρέσεως
472 3851 1081 3920 κοινωνὸν,σχολάζοντα
1099 3851 1175 3914 δὲ,
1196 3850 1398 3912 όαύτὸς
1415 3850 1631 3920 Μιχαὴλ
1652 3850 1782 3903 ἀνα-

177 3945 365 3998 λαϐὼν
394 3984 410 4009 ,
448 3944 709 4014 ἀρχιερέα
753 3942 1377 4005 Κωνσταντινουπόλεως
1411 3942 1778 3996 ἀποδείκνυσι.

251 4036 417 4091 Μετά
443 4036 501 4089 δὲ
526 4036 619 4089 τὸν
641 4034 864 4105 Μιχαὴλ
905 4033 1167 4103 Θεόφιλος
1189 4035 1217 4087 δ
1243 4034 1357 4097 υίὸς
1398 4036 1492 4087 ἐπὶ
1525 4034 1656 4087 δέκα
1687 4035 1780 4087 καὶ

178 4129 335 4198 τρεῖς
371 4126 603 4196 χρόνους
652 4126 929 4197 ἐγκρατὴς
960 4126 1174 4194 γίνεται
1209 4125 1310 4194 τῆς
1345 4124 1645 4195 βασιλείας.
1671 4127 1781 4179 Καὶ

179 4214 252 4289 ἦν
286 4214 465 4271 τᾶλλα
496 4218 617 4286 μὲν,
662 4216 737 4281 ὥς
774 4234 963 4286 φασιν,
1029 4217 1090 4269 ού
1124 4217 1317 4282 κακός,
1355 4218 1451 4271 καὶ
1477 4218 1779 4287 δικαιοκρι-

182 4312 309 4372 σίας
361 4309 726 4378 ἀντεχόμενος
747 4326 760 4339 ο
792 4308 890 4379 τὴν
928 4309 1186 4379 ἀθέτησιν
1228 4308 1285 4362 δὲ
1337 4308 1447 4361 τῶν
1476 4310 1659 4378 ἱερῶν,
1686 4310 1780 4362 καὶ

182 4402 275 4453 τόν
309 4400 421 4453 τῶν
450 4398 753 4470 ὀρθοδόξων
781 4400 1022 4469 διωγμὸν
1063 4398 1298 4465 οὐδενὸς,
1329 4398 1404 4461 ὡς
1440 4401 1636 4463 εἰπεῖν,
1668 4398 1777 4451 τῶν

185 4492 297 4561 πρὸ
321 4489 491 4543 αὑτοῦ
517 4490 762 4543 διωκτῶν
789 4489 1069 4561 ἐνομίζετο
1098 4490 1429 4560 κουφότερος
1455 4506 1469 4521 ·
1498 4490 1592 4543 καὶ
1620 4489 1777 4543 τοῦτο

1889 3307 2069 3361 tianus
2096 3346 2109 3367 ,
2136 3304 2368 3372 sceptris
2400 3303 2612 3371 imperii
2648 3317 2743 3370 per
2770 3302 3101 3355 norcnuium
3131 3311 3184 3356 et
3209 3312 3471 3356 semestre

1889 3398 2161 3461 tractatis,
2207 3404 2368 3449 rectm
2418 3394 2698 3463 religionis
2759 3410 2947 3448 curam
2999 3394 3166 3462 gessit
3216 3394 3468 3448 nullam:

1886 3488 2121 3544 subinde
2174 3498 2355 3542 tamen
2390 3504 2530 3542 vera:
2563 3488 2783 3557 pictatis
2811 3488 3069 3540 studiosis
3120 3487 3227 3539 vim
3270 3488 3469 3541 attulit.

1888 3576 2188 3637 Theodoto,
2206 3592 2364 3644 quem
2390 3576 2720 3628 Cassiteram
2745 3573 3151 3642 appellitabant,
3178 3574 3468 3637 exstincto,

1888 3664 2113 3718 Michael
2148 3662 2482 3728 Antonium,
2530 3671 2893 3730 cognomento
2942 3659 3335 3731 Byrsodcpsam
3368 3661 3469 3732 (οὶ),

1881 3758 1992 3825 jam
2030 3756 2212 3826 Pergaa
2247 3754 2679 3823 metropolitani,
2720 3763 2774 3808 et
2816 3754 3086 3807 luereseos
3129 3754 3469 3823 participem,

1888 3859 2017 3903 tunc
2060 3847 2311 3913 accersit,
2348 3848 2613 3915 urbisque
2644 3846 2805 3916 regia:
2830 3846 3198 3915 patriarcham
3224 3861 3468 3915 pronun—

1893 3944 2011 3997 tiat.

1955 4034 2267 4091 Secundum
2312 4030 2628 4090 Michaelctn
2669 4032 3025 4103 Theophilus,
3075 4032 3357 4089 Michaelis
3406 4031 3471 4086 ll-

1882 4127 2009 4192 lius,
2028 4127 2257 4196 sceptris
2271 4128 2470 4196 potitus
2489 4140 2660 4182 annos
2675 4126 2930 4181 tredecim
2947 4125 3228 4195 imperarit
3244 4141 3259 4190 ;
3275 4136 3471 4178 czetera

1882 4236 1989 4276 non
2023 4220 2199 4274 malus
2222 4260 2236 4285 ,
2270 4219 2542 4289 aequitatis
2579 4233 2800 4290 quoque
2836 4225 3231 4290 propugnator.
3263 4215 3366 4270 Sed
3416 4215 3469 4268 in

1882 4328 2163 4368 sacrarum
2218 4312 2515 4381 imaginum
2563 4311 2922 4367 insectatione
2956 4309 3105 4365 nullo
3159 4317 3306 4367 retro
3349 4306 3468 4359 160-

1880 4407 2271 4460 nomaehorum
2296 4404 2521 4459 inferior
2572 4404 2878 4459 habebatur
2907 4405 3380 4475 credebaturque:
3414 4399 3469 4459 id

1879 4509 2008 4547 vero
2041 4494 2278 4546 maxime
2319 4490 2571 4555 Joannis,
2605 4506 2769 4560 quem
2802 4490 3044 4545 Antonio
3089 4492 3466 4560 patriarcbam

183 4582 512 4636 ἐπιστεύετο
563 4577 704 4635 εἶναι
734 4583 831 4636 καὶ
871 4582 1115 4652 γίνεσθαι
1152 4582 1213 4647 ἐξ
1237 4581 1508 4652 ὑποϐολῆς
1544 4583 1778 4652 μάλιστα

1887 4585 2197 4648 Sull‘ccerat,
2229 4585 2469 4654 impulsu
2500 4582 2720 4638 fecisse.

183 4675 282 4728 τοῦ
329 4676 603 4736 Ἰωάννου,
634 4674 694 4729 ὃν
722 4677 861 4747 μετὰ
892 4676 984 4730 τὸν
1018 4675 1306 4729 Ἀντώνιον
1328 4676 1535 4738 ἐκεῖνος
1560 4674 1653 4727 ἐπὶ
1691 4675 1781 4727 τὸν

186 4768 595 4837 πατριαρχικὸν
620 4767 802 4835 ὖψωσε
834 4768 1043 4839 θρόνον.

270 4860 362 4911 Ἐν
384 4857 599 4921 τούτοις
625 4858 734 4912 τῶν
750 4875 807 4911 τε
840 4859 1132 4912 πολιτικῶν
1149 4860 1241 4913 κα)⁸
1266 4859 1375 4913 τῶν
1399 4860 1778 4929 ἐκκλησιαστι-

183 4950 301 5004 κῶν
332 4951 681 5020 πραγμάτων
718 4950 1034 5021 ὁρωμένων,
1078 4952 1176 5006 καὶ
1236 4950 1333 5003 ἐπὶ
1377 4952 1774 5021 τριακονταέτη

186 5043 385 5112 χρόνον
435 5041 540 5111 τῆς
589 5041 995 5114 όρθοτομούσης
1048 5043 1148 5115 μὲν
1183 5042 1514 5110 Ἐκκλησίας
1561 5044 1777 5114 μυρίοις

186 5138 336 5198 ὅσοις
375 5135 647 5198 κινδύνοις
681 5137 774 5189 καὶ
836 5135 1089 5200 θανάτοις
1126 5139 1223 5191 καὶ
1254 5136 1469 5207 θλίψεσι
1515 5154 1779 5207 προσομι-

188 5226 415 5298 λούσης,
449 5225 560 5281 τῶν
593 5226 805 5280 ἀσεϐῶν
834 5226 891 5280 δὲ
920 5228 987 5280 τά
1016 5228 1147 5296 ἀγια
1193 5226 1654 5283 καταπατούντων
1687 5226 1777 5296 βε-

193 5320 381 5391 ϐήλοις
413 5322 567 5384 ποσὶ,
611 5322 707 5374 καὶ
750 5320 1084 5393 ἀκαθάρτοις
1125 5322 1196 5375 τὰ
1244 5322 1363 5375 θεῖα
1398 5320 1777 5392 μεταχειριζο-

197 5414 380 5482 μένων
409 5414 593 5482 χερσὶ,
622 5412 867 5484 Νικήτας
887 5417 915 5468 ό
948 5414 1044 5467 καὶ
1087 5413 1371 5482 Ἰγνάτιος,
1397 5408 1485 5467 οἷὰ
1508 5432 1590 5476 τις
1628 5415 1780 5481 εὐγε-

190 5508 449 5569 νὲστατος
476 5506 656 5577 δρπηξ
688 5508 746 5560 ἐν
777 5507 854 5578 τῷ
883 5507 1018 5579 οῖκῳ
1050 5506 1144 5561 τοῦ
1170 5506 1306 5562 Θεοῦ
1339 5506 1647 5575 φυτευθεὶς,
1686 5507 1780 5559 καὶ

191 5600 248 5652 ἐν
282 5601 407 5663 ταῖς
429 5599 625 5661 αὐλαῖς
656 5600 754 5671 τῆς
795 5600 1091 5671 μοναδικῆς
1132 5600 1409 5664 πολιτείας
1439 5599 1775 5671 ἐξηνθηκώς,

190 5692 288 5745 οὐκ
316 5693 545 5763 ἔμελλεν
573 5692 822 5764 ἄκαρπος
853 5692 1083 5749 ἐνώπιον
1105 5693 1198 5747 τοῦ
1236 5692 1601 5762 φυτεύσαντος
1617 5692 1778 5745 αὑτὸν

192 5784 440 5852 ὁρᾶσθαι,
498 5778 621 5839 οὐδὲ
676 5785 895 5856 φύλλοις
938 5787 1119 5858 μόνον,
1173 5784 1348 5840 εἴτουν
1389 5782 1779 5856 ἀπειροκάλοις

284 5901 334 5967 2)
369 5902 481 5959 lloc
506 5912 592 5959 cst
619 5901 944 5957 coriarium.

1950 4860 2005 4914 lu
2033 4861 2139 4914 hoc
2167 4874 2347 4913 rerum
2375 4866 2519 4912 statu
2540 4872 2664 4911 cum
2686 4871 2770 4911 res
2788 4855 3038 4910 etciviles
3063 4863 3117 4910 et
3136 4855 3467 4911 ecclesiasti-

1880 4968 1956 5008 cm
1979 4959 2347 5014 versarentur,
2379 4947 2619 5004 Ecclesia
2648 4948 2917 5002 catholica
2948 4955 3092 5001 tctos
3122 4948 3341 5017 triginta
3375 4963 3468 5002 au-

1880 5059 1981 5099 nos
2002 5043 2258 5114 periculis
2288 5041 2795 5103 innumerabilibus,
2840 5050 2894 5094 et
2921 5041 3180 5096 aerumnis
3201 5040 3468 5096 caedibus-

1880 5150 1987 5205 que
2017 5134 2345 5197 conflictata,
2394 5148 2515 5186 eum
2548 5133 2697 5202 impii
2735 5140 2920 5187 sancta
2954 5130 3202 5201 profanis
3234 5130 3465 5201 pedibus

1881 5229 2284 5293 conculcarent,
2318 5236 2372 5282 et
2402 5241 2557 5281 sacra
2600 5226 2819 5296 pollutis
2871 5225 3127 5279 manibus
3159 5230 3465 5278 contrecta-

1885 5330 2088 5386 tarent,
2123 5317 2344 5373 Nicetas
2377 5319 2492 5373 sive
2518 5317 2778 5387 lgnatius,
2834 5315 2978 5371 velut
3008 5313 3465 5387 generosissimus

1884 5415 1937 5469 in
1962 5414 2127 5468 domo
2152 5410 2367 5466 Domini
2395 5411 2647 5466 surculus
2680 5410 2958 5480 plantatus
2987 5418 3041 5463 et
3074 5412 3126 5461 in
3164 5405 3320 5460 atriis
3342 5418 3464 5458 mo-

1889 5510 2112 5563 nastiea:
2135 5505 2261 5560 vitae
2282 5504 2565 5566 educatus,
2586 5504 2693 5557 ~nec
2717 5503 2765 5556 ei
2802 5502 2895 5571 qui
2926 5502 3102 5571 ipsum
3127 5501 3466 5570 plantavcrat

1889 5594 2288 5660 infructuosus,
2308 5607 2409 5648 nec
2431 5591 2497 5646 ad
2517 5590 2753 5661 speciem
2784 5587 2930 5644 foliis
2960 5597 3171 5642 tantum
3204 5583 3462 5655 e0piosis,

1888 5698 1950 5745 ut
1981 5688 2272 5744 maledicta
2312 5686 2400 5741 illa
2434 5684 2689 5749 ficulnea,
2728 5683 2833 5737 hoc
2866 5689 2971 5745 est,
3022 5678 3352 5735 indumentis
3380 5674 3467 5729 ni-

1888 5782 1964 5837 hil
2004 5781 2128 5836 boni
2169 5778 2579 5837 continentibus
2646 5773 2909 5832 visendus
2961 5793 2975 5830 :
3028 5772 3119 5831 sed
3154 5772 3248 5843 qui
3306 5782 3466 5825 secus
