4186 6434
744 408 770 460 4
783 404 846 463 {133

1945 399 2234 459 NICETE
2268 400 2788 461 PAPHLAGHXIS

3887 403 3993 466 406

746 512 1041 568 ue'estium
1074 525 1336 579 aquarum
1373 509 1655 573 decursus,
1684 519 1737 564 ct
1762 512 2061 565 uberrimos
2086 512 2298 579 Spiritu:

2424 516 2681 585 ἐνδύμασι
2707 518 2881 586 κομᾷν
2917 516 3011 569 καὶ
3038 517 3271 581 στολαῖς,
3299 514 3440 568 κατὰ
3478 515 3576 580 τὴν
3602 516 3990 585 κατηραμένην

740 603 915 657 sancti
950 601 1125 655 fontes
1178 601 1335 665 situs,
1391 611 1443 654 et
1476 600 1643 655 Vetus
1694 617 1853 655 omne
1884 601 2311 665 Testamentum,

742 695 1059 761 Novumque
1088 702 1257 747 totum
1281 694 1589 758 meditatus,
1623 706 1927 748 sanctorum
1960 694 2175 748 Patrum
2202 712 2315 748 mou

743 787 1017 841 ntuncntis
1049 786 1292 839 studiose
1339 786 1608 849 addictus,
1651 787 1864 839 illorum
1900 796 1949 840 et
2002 786 2141 839 facta
2188 787 2311 839 imi-

742 878 943 940 tando,
988 887 1041 930 et
1070 877 1555 946 contemplationes
1609 887 1789 931 mente
1830 879 2180 942 revolvendo,
2229 888 2311 930 to-

741 986 965 1040 tumque
987 971 1297 1024 interiorem
1325 970 1597 1023 hominem
1623 969 1920 1039 saginando
1935 969 2308 1031 eonfirmatus,

746 1064 1088 1117 dulcissimos
1141 1061 1356 1114 virtutis
1395 1060 1603 1115 fruetus
1641 1063 1748 1114 Deo
1787 1062 2157 1131 progiguehat.
2193 1062 2313 1115 Pri-

743 1176 890 1212 mum
927 1158 1108 1224 itaque
1138 1155 1550 1223 temperantiam
1589 1154 1641 1205 in
1690 1154 2031 1217 abstinendo,
2071 1153 2309 1207 studium

745 1254 795 1305 in
832 1249 1125 1319 vigilando,
1156 1246 1376 1316 psalmis
1397 1246 1677 1307 canendis,
1701 1245 1916 1314 quando
1935 1246 1982 1298 id
2001 1245 2308 1313 jubebatur,

747 1342 1128 1412 prccandoque
1166 1338 1477 1407 proferebat
1512 1356 1523 1389 :
1562 1337 1695 1390 addc
1720 1337 1889 1390 callos
1942 1338 1994 1389 in
2045 1336 2307 1405 genibus,

744 1436 1034 1501 lacrymas,
1078 1428 1311 1497 pectoris
1357 1428 1624 1495 planctus,
1666 1426 1861 1497 lingua:
1896 1427 2306 1493 continentiam,

742 1525 1139 1589 verberumque
1182 1520 1547 1584 tolerantiam,
1581 1534 1608 1571 a
1641 1520 1933 1589 ptedagogo
1964 1520 2155 1573 tetrico
2186 1536 2312 1587 prae

742 1619 900 1684 \‘ique
926 1614 1117 1684 judirii
1144 1609 1743 1677 lmmineiuﬂiclorum,
1777 1612 1867 1680 qui
1901 1611 2069 1675 illum,
2102 1621 2160 1665 ut
2191 1610 2306 1664 Ico-

736 1707 1019 1759 nomachis
1060 1705 1475 1771 gratificaretur,
1524 1704 1657 1757 dure
1701 1701 1992 1756 admodum
2038 1702 2305 1756 educavit.

728 1798 811 1850 Ad
840 1798 952 1850 hcce
980 1796 1252 1848 lenitatem
1282 1834 1295 1859 ,
1329 1794 1604 1862 animique
1631 1793 2041 1859 demissionem,
2072 1809 2308 1864 crgaque

2422 609 2635 678 ἐκείνην
2676 609 2845 678 συκῆν
2870 626 2882 637 ·
2925 609 3050 676 παρ’
3081 607 3236 661 ῦδασι
3270 608 3325 660 δὲ
3363 607 3526 671 θείοις
3548 606 3643 662 καὶ
3672 606 3993 675 ἀφθονώτα-

2419 716 2533 761 τοις
2586 700 2679 752 τοῦ
2736 698 3049 769 [Ινεύματος
3109 701 3285 768 μένων
3320 701 3624 769 ἐπιρροαῖς,
3660 699 3756 751 καὶ
3809 700 3994 752 πᾶσαν

2424 792 2521 861 μὲν
2550 793 2791 845 Παλαιὰν
2823 792 3117 862 Διαθήκην,
3180 793 3360 844 πᾶσαν
3397 792 3453 843 δὲ
3482 792 3627 844 Νέαν
3655 792 3990 861 ὲκμελετῶν,

2421 886 2628 953 πᾶσιβὲ
2664 887 2839 952 λόγοις
2865 884 2974 938 τῶν
3010 885 3168 955 ἱερῶν
3193 885 3454 952 Πατέρων
3480 886 3807 957 φιλοπείρως
3839 887 3995 954 ὲοχο-

2420 976 2622 1039 λακὼς,
2654 980 2748 1030 καὶ
2789 976 2991 1029 τούτων
3037 979 3136 1047 τήν
3178 992 3236 1029 τε
3269 977 3465 1046 πρᾶξιν
3508 978 3863 1046 μιμούμενος,
3896 977 3994 1029 καὶ

2418 1072 2515 1141 τὴν
2541 1072 2772 1141 θεωρίαν
2817 1069 3228 1140 ἀναλεγόμενος,
3291 1072 3385 1123 καὶ
3438 1068 3532 1122 τὸν
3582 1069 3731 1131 ἐντὸς
3773 1069 3991 1139 ἀνθρω-

2422 1181 2521 1216 πον
2581 1163 2717 1225 ὅλως
2777 1162 3129 1231 πιαινόμενος
3192 1163 3247 1213 ὲν
3300 1161 3511 1224 τούτοις
3541 1161 3634 1215 καὶ
3693 1162 3992 1231 κραταιού-

2430 1269 2611 1323 μενος,
2647 1254 2986 1322 καρποφορεῖ
3030 1252 3121 1304 τὸν
3147 1252 3362 1321 ἣδιστον
3398 1252 3498 1320 τῆς
3529 1252 3730 1321 ἀρετῆς
3778 1250 3991 1321 καρπὸν

2418 1342 2653 1413 τῷΘεῷ.
2690 1344 3042 1413 Καρποφορεί
3086 1341 3298 1411 πρῶτον
3356 1341 3453 1411 μὲν
3504 1341 3781 1411 νηστείαν,
3811 1343 3989 1411 ἀγρυ-

2419 1435 2598 1497 πνίαν,
2658 1433 2977 1503 ψαλμῳὸίαν
3015 1434 3471 1503 ὲπιτεταγμένην,
3520 1435 3615 1487 καὶ
3654 1434 3988 1503 προσευχάς,

2415 1525 2603 1587 τύλους
2641 1525 2904 1593 γονάτων,
2943 1525 3171 1595 δάκρυα,
3201 1525 3411 1595 στηθῶν
3437 1526 3771 1595 ἐπιτίμησιν,
3808 1524 3990 1593 γλώσ-

2419 1631 2515 1683 σης
2560 1615 2911 1684 ἐγκράτειαν,
2953 1614 3231 1685 ὑπομονὴν
3274 1615 3408 1685 πρὸς
3442 1615 3619 1677 πάσας
3651 1616 3855 1679 αἰκίας,
3887 1612 3987 1667 τοῦ

2421 1704 2794 1774 καθηγεμόνος
2818 1704 3055 1776 σκληροῦ
3102 1722 3160 1757 τε
3190 1704 3288 1774 τὴν
3316 1706 3540 1775 γνώμην
3567 1705 3740 1766 ὄντος,
3769 1707 3863 1758 καὶ
3907 1703 3989 1774 τῷ

2414 1799 2525 1860 τοῖς
2582 1798 2971 1868 Είκονομάχοις
3019 1798 3357 1869 χαρίζεσθαι,
3399 1799 3650 1869 σκληρῶς
3683 1799 3825 1851 πάνυ
3860 1815 3987 1850 παι-

733 1903 948 1940 omnem
984 1884 1378 1938 fraternitatem
1402 1900 1524 1953 qua:
1554 1884 1853 1938 secundum
1884 1884 2047 1938 Deum
2088 1894 2171 1939 est
2207 1886 2298 1938 0b-

2411 1886 2787 1956 δαγωγοῦντος
2834 1889 3033 1941 αὐτόν·
3067 1889 3204 1959 πρὸς
3260 1888 3474 1952 τούτοις
3525 1891 3835 1961 πραΰτητα,
3887 1888 3988 1941 καὶ

729 1981 1003 2049 sequium.
1028 1976 1185 2030 llisre
1210 1979 1438 2043 primum
1474 1977 1636 2030 rebus
1663 1976 1928 2047 factisque
1961 1977 2087 2029 dum
2119 1978 2307 2031 beatus

725 2078 1030 2132 exercetur,
1072 2067 1221 2122 hisee
1256 2069 1306 2121 in
1332 2068 1527 2122 studiis
1564 2077 1831 2133 versatur,
1866 2079 1918 2121 et
1945 2068 2200 2137 praeclare
2248 2081 2306 2121 sc

725 2157 1021 2224 componit,
1049 2156 1238 2209 ordine
1259 2172 1379 2209 cum
1405 2156 1534 2225 ipsis
1558 2160 1714 2210 annis
1731 2169 1784 2211 et
1801 2171 2028 2225 corpore
2055 2171 2305 2210 succres-

723 2262 901 2313 ecnte,
932 2251 1193 2321 puerilem
1218 2259 1429 2303 aetatem
1462 2251 1666 2304 ducens
1707 2250 1771 2303 ad
1817 2249 2137 2318 perfectiora
2177 2264 2307 2303 con-

726 2340 1061 2393 Iirmabatur.
1088 2336 1351 2405 Deinceps
1375 2352 1502 2391 vero
1530 2336 1881 2407 perfectiores
1904 2335 2012 2390 Deo
2053 2345 2305 2406 procreat

728 2431 973 2491 fructus,
1027 2428 1208 2490 Iidem,
1270 2427 1524 2495 inquam,
1584 2442 1757 2496 spem,
1815 2436 1867 2480 et
1919 2427 2237 2481 charitatem
2288 2445 2301 2481 :

723 2518 882 2572 fidem
944 2516 1239 2588 perfectura
1288 2534 1351 2571 ex
1409 2517 1644 2587 perfecta
1694 2534 1759 2573 ac
1813 2527 1923 2572 tota
1958 2529 2137 2574 mente
2196 2520 2304 2575 Deo

721 2609 961 2678 perfecto
999 2609 1251 2673 offerens,
1312 2610 1465 2662 fidem
1512 2611 1802 2675 sinceram,
1846 2626 1995 2680 spem
2042 2627 2161 2681 qua:
2195 2627 2300 2666 non

720 2703 1074 2756 confunditur
1100 2744 1115 2768 ,
1148 2702 1470 2755 charitatcm
1508 2719 1612 2755 non
1649 2706 1828 2757 lirtam
1857 2721 1921 2758 cx
1971 2720 2107 2774 puro
2137 2706 2302 2760 corde

718 2811 842 2865 erga
884 2797 1052 2848 Deum
1088 2806 1141 2848 ct
1168 2795 1478 2864 proximum
1505 2834 1520 2860 ,
1552 2810 1615 2849 ex
1653 2807 1920 2866 praecepto
1960 2806 2105 2852 recte
2148 2798 2301 2852 insti-

717 2896 913 2940 tutam.
950 2885 1060 2942 llos
1088 2886 1307 2942 virtutis
1344 2886 1553 2943 fructus
1592 2889 1719 2943 dum
1753 2905 1906 2945 sacer
1939 2892 2025 2945 hic
2057 2892 2299 2962 lgnatius

718 2978 1233 3047 producit,atquein
1258 2980 1339 3032 his
1355 2979 1779 3034 rectcfaetorum
1811 2983 2006 3037 studiis
2034 2998 2063 3037 a
2096 2983 2298 3038 teneris

719 3080 888 3134 usque
911 3066 1071 3120 annis
1097 3076 1309 3134 tempus
1332 3082 1491 3120 omne
1529 3067 1780 3133 collocat,
1805 3084 1913 3137 quo
1945 3068 2112 3123 Deum
2145 3071 2294 3139 impii

714 3157 782 3211 ad
822 3158 1157 3211 iracundiam
1212 3159 1614 3228 provocabmt,
1656 3159 1771 3228 ipse
1812 3160 1877 3213 ad
1910 3174 2127 3215 omnem
2163 3161 2296 3215 reli-

715 3246 891 3312 gionis
916 3246 1131 3299 laudem
1154 3246 1747 3301 consccmlebat.Patre
1764 3249 1908 3303 enim
1932 3259 1984 3302 ct
2003 3250 2294 3320 paedagogo
2322 3241 2364 3297 C

714 3353 743 3389 e
778 3338 883 3390 vita
921 3338 1151 3392 sublatis
1175 3378 1188 3402 ,
1226 3339 1410 3391 statim
1458 3339 1684 3393 fratrum
1718 3341 1821 3395 sibi
1874 3343 2294 3412 animarmnque

712 3444 844 3482 cura
868 3437 921 3483 et
956 3428 1273 3497 przefectura
1295 3430 1609 3493 commissa,
1636 3431 1688 3485 in
1728 3432 1846 3501 ipso
1871 3434 2109 3487 muneris
2133 3448 2294 3487 exor—

713 3521 803 3574 dio
831 3520 1093 3583 ostendit,
1125 3536 1247 3589 qua:
1283 3521 1453 3573 sancti
1486 3520 1721 3590 Spiritus
1749 3523 1829 3574 vis
1861 3522 2113 3591 deinceps
2137 3538 2201 3575 ex
2237 3538 2293 3576 se

712 3623 858 3666 esset
883 3614 1163 3667 effulsura.
1196 3612 1341 3665 Adeo
1372 3612 1572 3682 quippe
1610 3612 1984 3683 frequentibus
2015 3614 2292 3667 coucioui-

715 3706 813 3759 Irus
840 3705 1287 3773 sapientibusque
1314 3706 1789 3760 cohortalianibus
1821 3721 2049 3759 suorum
2078 3705 2289 3762 mentes

714 3797 990 3865 pascebat,
1053 3811 1379 3865 semperque
1416 3798 1479 3850 ad
1515 3797 1740 3850 tirentia
1767 3796 1860 3852 Dei
1892 3812 2095 3867 pascua
2120 3798 2291 3852 dedu-

710 3892 898 3954 cehat,
937 3889 1011 3942 uti
1048 3889 1275 3943 mirifice
1315 3899 1583 3944 cresceret
1618 3890 1669 3943 in
1704 3890 1794 3944 illo
1826 3891 2015 3959 gratia:
2048 3899 2102 3944 et
2128 3891 2290 3959 spiri-

712 3983 836 4036 talis
868 3982 1167 4051 magisterii
1202 3984 1428 4045 donum,
1462 3983 1703 4052 adeoque
1733 3992 1955 4053 augeret
1989 3984 2104 4038 suis
2139 3984 2295 4038 insti-

712 4070 1015 4123 tutionihus
1036 4070 1177 4124 ovile
1201 4068 1427 4137 Christi,
1459 4080 1517 4125 ut
1540 4072 1669 4126 illud
1694 4088 1793 4127 nec
1813 4089 1951 4127 unus
1972 4074 2082 4144 jam
2115 4075 2289 4138 locus,

715 4177 811 4214 nec
837 4177 943 4215 una
972 4163 1170 4216 domus
1202 4163 1437 4231 amplius
1459 4174 1696 4234 caperet,
1733 4165 1825 4219 sed
1850 4176 2113 4235 quaterna
2146 4167 2291 4222 illius

710 4256 890 4308 studio
944 4258 1191 4311 emnobia
1252 4258 1624 4312 excitarentur
1679 4260 2288 4331 constituerenturque;

714 4346 787 4399 ita
827 4356 883 4399 ut
913 4347 1144 4416 singulis
1179 4363 1274 4401 sua
1322 4350 1607 4403 commoda
1638 4359 1823 4404 essent
1853 4350 2127 4405 domicilia
2152 4393 2165 4417 ,
2206 4368 2292 4406 sa-

713 4453 979 4506 crumque
1018 4440 1475 4505 instrumentum,
1522 4450 1826 4510 caeteraque
1856 4441 1921 4495 ad
1959 4458 2117 4496 usum
2165 4458 2285 4495 mo-

714 4534 938 4587 nastcrii
968 4535 1297 4588 necessaria.
1322 4533 1516 4588 Omnia
1541 4536 1775 4604 denique
1792 4536 2004 4591 decenti
2048 4537 2289 4606 ipsisque

710 4626 1053 4679 eonvcnienti
1112 4641 1377 4695 apparatu
1434 4638 1684 4696 suscepta
1720 4642 1884 4692 cura,
1924 4643 2153 4697 magnus
2203 4629 2290 4682 ille

710 4717 1016 4771 instruebat
1064 4718 1551 4788 componebatque.
1582 4717 1926 4773 Docehantur
1975 4734 2165 4775 omnes
2219 4720 2288 4774 ab

708 4807 803 4862 illo
874 4808 1134 4875 magistro
1179 4818 1233 4862 et
1268 4819 1510 4877 parente,
1543 4809 1595 4862 in
1652 4809 1845 4877 primis
1880 4810 2123 4878 ipsorum
2160 4826 2283 4866 esse

712 4899 879 4954 Deum
905 4900 1154 4953 laudibus
1179 4901 1473 4963 celebrare,
1501 4909 1555 4955 ct
1573 4902 1803 4955 orationi
1833 4917 2024 4957 vacare
2051 4920 2064 4956 :
2090 4904 2283 4959 deinde
2309 4886 2362 4947 Ῑ)

707 5002 761 5042 ιιι
800 4992 997 5061 singuli
1027 5007 1124 5045 sua
1162 4993 1462 5047 ministeria
1499 4993 1735 5059 obirent,
1766 4996 2053 5065 omniaque
2089 4998 2154 5051 ad
2190 4996 2281 5053 Dei

707 5083 919 5136 laudem
948 5091 1000 5136 et
1026 5083 1254 5148 gloriam
1288 5085 1570 5139 referrent.

2410 1979 2760 2043 ταπείνωσιν,
2816 1981 2911 2032 καὶ
2963 1979 3209 2051 ὑπακοὴν
3265 1983 3444 2034 πᾶσαν
3491 1982 3628 2052 πρὸς
3676 1984 3855 2035 πᾶσαν
3884 1982 3988 2051 τὴν

2410 2070 2553 2124 κατά
2605 2072 2807 2140 Κύριον
2857 2072 3214 2141 ἀδελφότητα.
3274 2075 3498 2146 Πρῶτον
3546 2075 3644 2144 μὲν
3686 2074 3854 2127 ταῦτα
3894 2074 3989 2127 διὰ

2412 2166 2663 2234 πράξεως
2685 2169 2713 2219 ό
2751 2168 3021 2239 μακάριος
3077 2169 3298 2239 μετιὼν,
3331 2171 3423 2223 καὶ
3458 2167 3663 2230 τούτοις
3704 2168 3989 2237 παιδοτρι-

2410 2258 2692 2327 6ούμενος,
2726 2260 2817 2312 καὶ
2875 2260 3138 2314 κάλλιστα
3186 2261 3636 2333 προτελούμενος,
3673 2261 3989 2324 ἀκολούθως

2406 2353 2470 2420 τῇ
2510 2351 2735 2422 αὐξήσει
2769 2352 2862 2405 τοῦ
2896 2352 3169 2422 σώματος,
3209 2353 3303 2407 καὶ
3336 2352 3435 2424 τὴν
3462 2353 3719 2423 παιδικὴν
3764 2352 3988 2423 ἡλικίαν

2408 2444 2738 2511 προκόπτων
2808 2444 3170 2515 κατωρθοῦτο.
3239 2446 3472 2497 Ἔπειτα
3518 2446 3854 2514 καρποφορεῖ
3906 2444 3987 2510 τῷ

2406 2534 2523 2603 Θεῴ
2549 2534 2615 2587 τὰ
2641 2536 2969 2607 τελειότερα,
3002 2538 3183 2590 πίστιν
3228 2538 3290 2609 δὴ
3322 2538 3483 2605 λέγω,
3515 2538 3613 2591 καὶ
3642 2537 3852 2601 ἐλπίδα,
3886 2537 3987 2589 καὶ

2406 2626 2625 2697 ἀγάπην
2650 2641 2663 2655 ·
2722 2627 2903 2681 πίστιν
2953 2629 3164 2682 τελείαν
3202 2630 3264 2681 ὲκ
3307 2628 3519 2691 τελείας
3558 2628 3653 2680 καὶ
3682 2627 3985 2696 ὁλοκλήρου

2403 2718 2642 2781 διανοίας
2664 2718 2741 2789 τῷ
2775 2718 2967 2789 τελείῳ
3010 2721 3427 2791 προσαγομένην
3464 2720 3583 2790 Θεῷ
3605 2736 3619 2751 ο
3657 2720 3841 2771 πίστιν
3885 2720 3983 2771 ἀν·

2409 2813 2725 2881 υπόκριτον,
2758 2812 2944 2865 ἐλπίδα
2971 2814 3415 2884 ἀκαταίσχυντον,
3445 2815 3664 2884 ἀγάπην
3685 2810 3985 2882 εἰλικρινῆ,

2403 2905 2462 2968 ἐξ
2486 2904 2812 2974 εἰλικρινοῦς
2855 2907 3081 2976 καρδίας
3116 2907 3251 2978 πρὸς
3303 2906 3396 2960 τὸν
3424 2906 3556 2960 Θεὸν
3599 2908 3693 2960 καὶ⁵
3724 2904 3815 2957 τὸν
3839 2904 3985 2971 πλη-

2404 2996 2516 3049 σίον
2543 3000 2682 3050 κατά
2730 2998 2830 3068 τὴν
2870 3000 3088 3069 ἐντολὴν
3117 3001 3582 3071 κατορθουμένην.
3624 2997 3812 3052 Ταῦτα
3836 3013 3983 3065 καρ-

2401 3087 2653 3160 ποφορῶν
2709 3091 2736 3141 ό
2783 3091 2926 3153 θεῖος
2981 3092 3255 3159 Ἰγνάτιος,
3313 3095 3415 3147 κάν
3448 3092 3657 3155 τούτοις
3686 3092 3749 3143 ἐκ
3775 3090 3983 3158 νεαρᾶς

2399 3178 2614 3249 ἡλικίας
2637 3182 2747 3243 τοῖς
2774 3182 3164 3252 κατορθώμασι
3221 3183 3397 3248 συζῶν
3434 3184 3611 3237 πάντα
3648 3182 3738 3235 τὸν
3762 3181 3980 3251 χρόνον,

2399 3265 2444 3340 ᾧ
2494 3273 2585 3325 τὸν
2643 3273 2773 3326 Θεὸν
2836 3275 2884 3327 οἱ
2934 3274 3260 3339 ἀσεϐοῦντες
3306 3277 3772 3347 παρεπίκραινον,
3814 3272 3981 3334 αὐτὸς

2399 3362 2536 3431 πρὸς
2566 3363 2664 3433 τὴν
2686 3363 2966 3418 εὐσέϐειαν
2992 3365 3340 3436 κατωρθοῦτο
3382 3366 3712 3419 τελειότατα.
3743 3362 3850 3416 Καὶ
3867 3363 3984 3433 γὰρ

2398 3453 2493 3506 τοῦ
2527 3455 2733 3525 πατρὸς
2761 3454 2930 3508 αὑτοῦ
2966 3456 3061 3511 καὶ
3088 3456 3181 3510 τοῦ
3218 3456 3533 3527 καθηγητοῦ
3567 3458 3658 3511 τὸν
3692 3460 3981 3530 ἀνθρώπιο

2400 3563 2486 3598 νον
2520 3546 2931 3617 μετηλλαχότων
2962 3547 3095 3618 βίον,
3127 3548 3307 3618 πάσης
3351 3548 3406 3601 δὲ
3437 3548 3537 3619 τῆς
3578 3548 3821 3617 ἀδελφῶν
3850 3549 3983 3600 ἑπι-

2404 3638 2620 3707 μελείας
2652 3640 2863 3709 καὶτῆς
2891 3640 3077 3709 ψυχῶν
3106 3641 3451 3703 ἐπιστασίας,
3489 3640 3564 3704 ὼς
3618 3641 3849 3711 ποιμένα
3878 3657 3984 3693 κα·-

2397 3726 2486 3779 λὸν
2519 3730 2734 3783 καὶτῶν
2757 3732 2988 3799 λογικῶν
3025 3732 3313 3803 προδάτων
3332 3732 3669 3803 καθηγητὴν,
3696 3749 3983 3801 περιιστα-

2401 3819 2570 3889 μένης
2605 3823 2684 3885 ei;
2721 3823 2903 3889 αὐτὸν,
2930 3823 3129 3886 ἔδειξεν
3169 3825 3227 3876 ὲν
3267 3821 3504 3893 πρώτοις
3531 3822 3692 3886 εὐθὺς
3742 3822 3841 3891 τὴν
3882 3823 3969 3874 ἑσ-

2414 3913 2638 3983 ύστερον
2672 3914 2728 3967 ἐν
2762 3914 2911 3985 αύτῷ
2939 3915 3033 3968 τοῦ
3085 3915 3397 3985 Πνεύματος
3423 3916 3649 3985 δύναμιν
3697 3917 3982 3985 ἀναφανητ

2398 4005 2651 4073 σομένην.
2686 4004 2843 4059 Οῦτω
2896 4007 3005 4077 γὰρ
3063 4010 3183 4070 ταῖς
3220 4007 3466 4076 συνεχέσι
3491 4007 3600 4060 τῶν
3650 4006 3824 4075 λόγων
3848 4009 3980 4077 ὀμι-

2394 4096 2535 4158 λίαις
2592 4098 2684 4149 καὶ
2741 4100 2861 4161 ταῖς
2919 4102 3109 4167 σοφαῖς
3145 4100 3503 4170 παραινέσεσι
3538 4100 3638 4161 τὰς
3664 4101 3845 4153 αὐτῶν
3885 4100 3978 4164 ἑξ-

2397 4189 2592 4258 έτρειξε
2642 4188 2841 4260 ψυχὰς,
2895 4190 2991 4243 καὶ
3045 4190 3139 4242 ἐπὶ
3202 4192 3297 4255 τὰς
3331 4191 3603 4254 ἀειθαλεῖς
3642 4192 3843 4262 ὡδήγει
3876 4193 3978 4245 τοῦ

2392 4280 2527 4332 Θεοῦ
2562 4282 2747 4351 μονὰς,
2788 4284 2863 4345 ὼς
2892 4283 3460 4354 πολλαπλασιασθῆναι
3489 4285 3588 4353 μὲν
3612 4285 3759 4353 αὺτῷ
3784 4286 3843 4337 τὸ
3871 4285 3979 4355 τῆς

2394 4374 2614 4443 χάριτος
2647 4375 2905 4428 τάλαντον
2933 4376 3024 4428 καὶ
3058 4376 3158 4444 τῆς
3200 4369 3575 4448 πνευματικῆς
3597 4377 3975 4443 διδασκαλίας,

2395 4461 2972 4532 πολλαπλασιασθῆναι
3029 4466 3086 4519 δὲ
3146 4468 3237 4520 καὶ
3293 4468 3353 4519 τὸ
3405 4468 3657 4538 ποίμνιον
3725 4467 3819 4520 ἐπὶ
3884 4483 3978 4519 το-

2394 4552 2609 4618 σοῦτον,
2631 4555 2705 4619 ὡς
2756 4557 2948 4626 μηκέτι
2977 4558 3199 4622 τούτους
3242 4560 3321 4611 ἑνὶ
3344 4559 3492 4625 τόπῳ
3519 4558 3654 4627 μηδὲ
3695 4560 3791 4628 μιᾷ
3833 4561 3975 4627 μονῇ

2388 4643 2649 4699 δύνασθαι
2694 4648 3007 4717 χωρεῖσθαι,
3034 4649 3270 4720 τέσσαρα
3317 4650 3374 4703 δὲ
3422 4652 3488 4703 τὰ
3517 4651 3694 4703 πάντα
3741 4648 3828 4701 διά
3871 4651 3977 4719 τῆς

2383 4737 2553 4791 αὑτοῦ
2608 4739 2843 4809 σπουδῆς
2871 4742 3166 4811 ἀναστῆναι
3200 4742 3291 4796 καὶ
3330 4743 3662 4813 καταστῆναι
3704 4743 3979 4812 μοναστή-

2392 4847 2485 4899 ρια
2512 4846 2525 4860 ⁸
2578 4831 2809 4885 ἑκάστου
2849 4833 2947 4896 τὰς
3018 4833 3363 4904 ἁρμοζούσας
3394 4834 3703 4903 οἰκοδομὰς,
3735 4833 3831 4887 καὶ
3860 4834 3977 4886 τῶν

2391 4921 2551 4991 ίερῶν
2574 4923 2803 4989 σκευῶν,
2839 4925 2931 4977 καὶ
2963 4925 3073 4977 τῶν
3094 4926 3408 4992 ἀναγκαίων
3434 4926 3634 4996 χρειῶν
3685 4924 3783 4994 τὴν
3808 4942 3974 4993 περι-

2395 5012 2631 5082 ποίησιν,
2674 5017 2765 5069 καὶ
2826 5018 3006 5071 πᾶσαν
3050 5018 3149 5087 τὴν
3200 5018 3381 5081 αὐτοῖς
3433 5018 3750 5087 πρέπουσαν
3807 5035 3976 5069 κατα-

2394 5106 2593 5174 σκευήν
2626 5123 2683 5159 τε
2710 5109 2804 5158 καὶ
2850 5106 3090 5171 διάταξιν
3119 5108 3206 5162 διὰ
3233 5109 3331 5178 τῆς
3350 5107 3447 5161 τοῦ
3483 5108 3719 5177 μεγάλου
3750 5108 3973 5178 λαμϐά-

704 5190 884 5235 νοντος
918 5173 1233 5240 ἐπιμελείας
1263 5175 1389 5271 ’.καὶ
1413 5176 1629 5227 πάντων
1650 5176 1735 5229 ἐπ’
1763 5177 1954 5247 ἐκείνῳ
1984 5179 2319 5253 καθηγεμόνι
2343 5192 2434 5245 καὶ
2472 5197 2639 5266 πατρὶ
2677 5196 3095 5267 διδασκομένων,
3120 5198 3280 5269 ἔργον
3312 5200 3411 5269 μὲν
3440 5202 3709 5254 ποιεῖσθαι
3742 5202 3841 5271 τὴν
3871 5200 3969 5254 τοῦ

708 5264 842 5316 Θεοῦ
867 5262 1171 5330 δοξολογίαν
1210 5262 1301 5315 καὶ
1333 5263 1663 5334 προσευχὴν,
1706 5267 1763 5318 ὲν
1799 5269 2060 5339 παρέργῳ
2095 5272 2151 5325 δὲ
2184 5274 2399 5348 καὶτῆς
2450 5284 2569 5335 κατ’
2587 5262 2795 5348 ἀὐτοὺς
2838 5262 3090 5341 ἕκαστον
3120 5262 3611 5359 ἀντιλαμϐάνεσθαι
3665 5262 3966 5353 διακονίας,

707 5362 801 5415 καὶ
847 5361 1024 5414 πάντα
1074 5361 1247 5413 ποιεῖν
1278 5363 1356 5424 είς
1399 5361 1557 5427 δόξαν
1602 5362 1693 5415 καὶ
1720 5363 1939 5417 ἔπαινον
1960 5366 2118 5421 Θεοῦ.

771 5453 959 5523 Itaque
1006 5454 1173 5520 l’late,
1217 5464 1271 5509 ct
1320 5453 1570 5525 llyatros,
1604 5471 1665 5510 ac
1712 5456 2095 5527 Terebinthus,
2139 5479 2275 5532 quas

707 5548 985 5617 Principes
1036 5550 1308 5618 appellant
1358 5550 1583 5615 insulas,
1635 5550 1779 5605 illius
1820 5566 1951 5606 cura
1998 5563 2052 5608 et
2103 5557 2284 5612 studio

706 5641 1037 5707 inhabitatm,
1068 5644 1119 5695 in
1152 5643 1293 5697 zedes
1319 5658 1503 5697 sacras
1550 5653 1603 5697 et
1636 5646 2025 5699 monachorum
2055 5647 2286 5703 domici-

704 5735 775 5787 lia
812 5745 935 5788 sunt
962 5750 1259 5789 conversze.
1309 5735 1443 5789 Nam
1490 5752 1519 5791 e
1558 5736 1779 5805 regione
1809 5738 1999 5792 harum
2032 5739 2084 5792 in
2113 5742 2284 5795 conti-

707 5834 869 5880 nente
899 5825 963 5879 ad
993 5842 1139 5881 mare
1170 5826 1357 5889 situm,
1386 5828 1511 5892 hoc,
1540 5829 1784 5899 inquam.
1812 5829 2067 5886 eximium
2103 5834 2284 5904 magni

2456 5471 2638 5543 Πλάτη
2700 5474 2799 5545 μὲν
2834 5472 2929 5529 οὖν
2950 5477 3044 5529 καὶ
3086 5475 3313 5546 ’Υάτρος
3344 5477 3464 5529 τότε
3499 5476 3593 5530 καὶ
3620 5476 3965 5547 Τερέὄινθος,

2392 5562 2448 5613 αἱ
2484 5563 2833 5633 Πριγκίπειοι
2865 5566 3015 5635 νῆσοι
3059 5566 3623 5637 προσαγορευόμεναι,
3667 5570 3782 5633 ταῖς
3813 5570 3968 5623 ἐκεί-

2390 5672 2481 5707 νου
2510 5657 2789 5727 προνοίαις
2811 5658 3167 5727 οίκιζὸμεναι,
3193 5660 3272 5723 εἰς
3303 5659 3598 5729 ἐκκλησίας
3632 5661 3841 5729 Κυρίου
3868 5661 3966 5714 καὶ

2390 5746 2609 5813 εὐαγεῖς
2657 5748 2909 5817 μοναχῶν
2963 5748 3291 5803 καθίσταντο
3338 5750 3525 5819 μονάς.
3578 5750 3687 5802 Καὶ
3724 5749 3834 5819 γάρ
3863 5751 3968 5819 τὴν

2388 5840 2615 5909 ἀντικρὺ
2637 5841 2842 5895 τούτων
2877 5841 3016 5895 κατά
3034 5842 3134 5913 τὴν
3160 5842 3389 5913 ἡπειρον
3415 5842 3550 5912 πρὸς
3584 5844 3649 5913 τῇ
3678 5843 3819 5913 ἀκτῇ
3852 5859 3968 5897 κει-
