4186 6434
212 436 309 500 497

1272 427 1444 489 VITA
1481 427 1539 487 S.
1566 425 1862 488 IGNATII
1891 426 1997 486 ΟΡ.
2045 427 2403 487 ARCIIIEP.

3382 426 3485 489 698

213 550 398 619 μένην,
428 543 630 615 ταύτην
661 543 726 615 δὴ
757 542 900 611 λέγω
921 539 1019 610 τὴν
1050 539 1477 611 προκαθημένην
1502 537 1595 591 τοῦ
1624 539 1787 607 μεγά-

1904 540 2133 595 coalitum
2188 539 2451 610 principis
2492 537 2770 593 Michaelis
2796 538 3106 592 cmnohium
3142 536 3195 590 in
3232 535 3335 592 ﬁne
3369 540 3489 593 vine

208 640 297 692 λου
325 638 622 709 ταξιάρχου
654 637 844 705 μονὴν,
878 634 971 686 ἐπὶ
1003 633 1080 703 τῷ
1132 635 1278 687 τέλει
1305 634 1404 702 τῆς
1433 632 1599 685 αὑτοῦ
1642 632 1787 700 ζωῆς

206 734 233 783 ὸ
266 730 537 799 μακάριος
567 725 891 780 τελευταίαν
941 725 1304 794 ἀνεστήσατο,
1337 723 1433 776 καὶ
1483 723 1788 791 καθηγίασε

207 823 280 892 τῷ
306 821 427 887 Θεῷ
451 838 464 850 ·
489 818 557 892 ἦς
583 821 681 889 τὴν
727 819 1113 886 ὲπισημότητα
1155 814 1252 868 καὶ
1284 814 1662 883 περιφάνειαν,
1695 812 1789 866 τοῦ

205 936 259 970 τε
294 915 422 969 ναοῦ
446 913 756 983 ὑπέρκαλον
779 911 1013 979 ἀγλαΐαν
1045 909 1140 961 καὶ
1166 906 1666 978 μεγαλοπρέπειαν,
1697 904 1791 956 καὶ

204 1008 299 1075 τὴν
324 1006 455 1072 ὅλην
484 1004 885 1071 ἁγιοπρέπειαν
912 1000 1008 1052 καὶ
1035 998 1214 1062 δόξαν,
1243 997 1318 1060 ὡς
1340 997 1503 1064 λόγου
1534 997 1789 1067 κρείττω,

204 1102 318 1160 ταῖς
344 1097 502 1165 ὄψεσι
533 1091 1027 1164 παραχωροῦντες,
1078 1090 1173 1143 ἐπὶ
1224 1090 1293 1143 τά
1347 1090 1474 1157 ἑξῆς
1525 1088 1620 1141 τοῦ
1675 1086 1790 1155 βίου

206 1193 505 1263 προΐωμεν.
540 1189 629 1243 Ἐν
659 1187 870 1250 τούτοις
896 1184 1075 1238 τοίνυν
1103 1184 1131 1236 ὁ
1163 1184 1310 1245 ὅσιος
1339 1180 1574 1235 ἐνώπιον
1598 1180 1792 1249 εὐαρε-

206 1286 342 1337 στῶν
378 1283 610 1352 Κυρίου,
650 1283 816 1351 ψήφῳ
849 1280 948 1350 μὲν
976 1278 1123 1331 θείου
1161 1276 1501 1347 Πνεύματος,
1533 1274 1705 1344 ψήφῳ
1737 1274 1794 1326 δὲ

203 1378 307 1431 τῶν
339 1376 480 1446 ὑπὲρ
506 1374 789 1435 εὐσεϐείας
818 1370 1243 1440 ἀγωνιζομένων
1277 1369 1370 1421 καὶ
1415 1367 1795 1436 δεδιωγμένων

203 1470 477 1541 θεοφόρων
508 1467 804 1539 ἱεραρχῶν,
838 1466 938 1534 τῆς
971 1464 1134 1533 ἀγίας
1186 1462 1484 1534 ἱερωσύνης
1509 1459 1788 1525 ἀξιοῦται’

202 1564 291 1617 καὶ
331 1564 479 1633 χειρὶ
514 1563 609 1631 μὲν
632 1559 915 1613 Βασιλείου
962 1559 1081 1630 (τῆς
1139 1557 1282 1611 κατά
1299 1557 1359 1610 τὸ
1384 1556 1598 1624 Πάρεον
1622 1554 1677 1607 δὲ
1704 1548 1795 1609 οὖ-

201 1674 286 1720 τος
320 1657 473 1725 ἱερᾶς
509 1653 806 1723 ἐκκλησίας
839 1651 1128 1722 ἀρχιερεὺς
1179 1648 1278 1709 ῶν,
1334 1648 1615 1711 πλείσταις
1646 1648 1797 1708 ὅσαις

203 1750 336 1820 ὑπὲρ
360 1747 472 1801 τῶν
504 1749 547 1800 ίε
560 1745 668 1814 ρῶν
690 1747 916 1799 εἰκόνων
941 1743 1155 1813 θλίψεσι
1185 1742 1307 1795 τότε
1334 1739 1673 1812 προσωμίλει
1703 1738 1798 1792 καὶ

201 1840 509 1910 διωγμοῖς),
550 1839 740 1892 τούτου
766 1837 909 1908 χειρὶ
942 1837 1005 1889 τὸ
1037 1834 1385 1905 φαινόμενον,
1414 1832 1717 1903 αὐτουργίᾳ
1740 1830 1797 1883 δὲ

1894 638 2227 699 postremum
2259 628 2521 691 condidit,
2559 630 2777 697 Deoque
2833 627 3099 683 initiavit:
3127 628 3287 698 cujus
3330 626 3489 681 uobi-

1893 724 2098 778 litatem
2140 723 2345 792 templi,
2392 722 2877 792 magnificentiam,
2924 729 2978 775 et
3009 722 3335 786 claritatem,
3375 722 3492 775 eri—

1895 815 2178 885 miumque
2217 815 2585 884 splendorem,
2632 828 2685 870 et
2715 826 2974 869 ornatum
3006 830 3222 869 omnem
3270 830 3335 869 ac
3376 830 3494 869 ma-

1890 907 2146 977 jeSIatem
2218 908 2463 979 (quando
2526 923 2622 977 pro
2689 906 2957 974 dignitate
3028 922 3058 960 a
3114 922 3201 959 me
3262 906 3491 974 exprimi

1898 1000 2049 1054 nullo
2082 1001 2244 1056 modo
2269 1000 2493 1071 potest),
2532 1016 2634 1071 ego
2666 1001 3029 1069 spectantium
3060 1000 3236 1055 oculis
3269 1000 3490 1069 perarit-

1898 1101 1974 1156 to,
2014 1090 2287 1161 simulque
2322 1090 2389 1145 ad
2424 1090 2633 1161 reliqua
2678 1089 2826 1143 illius
2877 1090 2999 1143 vita:
3046 1099 3167 1143 aeta
3200 1102 3489 1158 exponen-

1898 1187 1967 1241 da
2019 1187 2359 1256 progredior.
2417 1184 2512 1241 llis
2573 1200 2703 1257 ergo
2768 1192 2993 1239 sanctus
3044 1180 3152 1237 Deo
3210 1183 3492 1253 probatus,

1900 1283 2140 1353 Spiritus
2176 1283 2351 1337 sancti
2384 1283 2622 1345 decreto,
2658 1291 3086 1349 sanctorumque
3141 1277 3488 1348 pontificum,

1897 1394 2111 1440 eorum,
2162 1377 2405 1448 inquam,
2443 1376 2538 1446 qui
2589 1392 2685 1446 pro
2736 1389 2860 1429 vera
2902 1377 3106 1445 pietate
3137 1373 3482 1445 pugnabant,

1896 1482 2252 1539 extremaque
2315 1468 2498 1523 omnia
2554 1466 2928 1537 patiebantur,
2980 1466 3270 1528 sententia,
3330 1475 3491 1519 sacro

1901 1564 2225 1637 presbyterii
2287 1563 2492 1618 honore
2549 1562 2844 1633 insignitur
2903 1576 3068 1615 manu
3129 1558 3337 1622 Basilii,
3396 1551 3489 1627 qui

1904 1676 2073 1715 sacra:
2107 1658 2403 1713 Pareorum
2442 1656 2687 1710 ecclesia:
2726 1655 3041 1724 episcopus,
3069 1668 3169 1722 pro
3209 1667 3494 1707 sacrarum

1904 1753 2210 1824 imaginum
2246 1751 2395 1806 cultu
2430 1749 2653 1804 casibus
2694 1748 2998 1802 innumeris
3044 1746 3499 1816 gravissimisque

1906 1845 2171 1900 :erumnis
2226 1842 2663 1897 conﬂictabatur.
2731 1838 2929 1909 llujus,
2996 1840 3239 1908 inquam,
3311 1837 3495 1892 Basilii

201 1932 292 1985 τοῦ
322 1931 594 1999 πιναγίου
630 1929 950 1999 Πνεύματος
990 1928 1052 1981 τὸ
1075 1926 1387 1995 νοούμενον,
1422 1925 1639 1997 πρῶτον
1693 1922 1792 1993 μὲν

1906 1952 2071 1992 manu
2122 1936 2429 2005 speetabili,
2477 1935 2529 1989 vi
2586 1943 2767 1989 autem
2822 1952 2886 1990 ac
2929 1936 3128 1991 virtute
3159 1930 3495 1988 sanctissimi

202 2025 583 2095 ἀναγνῶστης,
603 2026 723 2095 ἤτοι
746 2024 855 2077 τῶν
883 2021 1045 2076 θείων
1069 2021 1361 2093 ἱεροκήρυξ
1392 2019 1651 2089 Γραφῶν,
1679 2012 1797 2071 εἶτα

202 2120 578 2183 ὐποδιάκονος,
616 2114 738 2170 εἶτα
767 2116 1042 2179 διάκονος,
1076 2115 1172 2167 καὶ
1216 2114 1397 2184 ἱερεὺς
1432 2111 1572 2183 μετά
1602 2109 1794 2174 ταῦτα,

200 2213 347 2280 τάξει
375 2212 473 2266 καὶ
503 2212 654 2280 νόμῳ
677 2210 1062 2280 πνευματικῆς
1086 2209 1413 2264 καθίσταται
1445 2205 1790 2269 ἀκολουθίας.

213 2306 542 2374 Ἤγωνίζετο
573 2303 631 2358 δὲ
648 2304 735 2359 ἀεὶ
773 2302 1176 2357 πολλαπλάσιον
1201 2300 1281 2372 τῷ
1310 2299 1578 2372 εὐεργέτῃ
1614 2299 1673 2353 τὸ
1697 2300 1796 2370 τῆς

202 2404 423 2471 χάριτος
471 2398 739 2452 τάλαντον
788 2396 1127 2461 ἀποδιδόναι,
1178 2395 1273 2448 καὶ
1325 2393 1400 2465 μὴ
1448 2396 1511 2466 τῇ
1566 2393 1797 2463 ὀκνηρίᾳ

203 2491 545 2562 καταχῶσαι,
580 2490 715 2545 ἀλλά
743 2493 811 2561 τῇ
849 2488 1133 2558 προθυμίᾳ
1162 2487 1553 2559 περισσεύσαι·
1606 2486 1797 2556 ὥσπερ

202 2584 255 2637 δὲ
290 2586 365 2656 τῷ
392 2582 671 2655 μοναδικῷ
708 2584 810 2654 βίῳ
844 2581 1072 2645 πολλοὺς
1123 2579 1213 2633 διὰ
1261 2580 1360 2650 τῆς
1394 2580 1599 2641 οἰκείας
1628 2580 1798 2650 ἀσκή-

205 2694 335 2740 σεως
361 2678 757 2748 προσηγάγετο
788 2675 883 2727 καὶ
924 2674 1188 2743 σπουδῆς,
1221 2672 1364 2725 οὕτω
1394 2672 1482 2725 διὰ
1510 2672 1610 2739 τῆς
1647 2674 1796 2741 ἱερα-

114 2784 117 2787 ·
204 2772 356 2839 τικῆς
396 2769 566 2821 πάλιν
618 2768 970 2838 ἀναρίθμητα
1025 2766 1209 2835 πλήθη
1244 2763 1451 2817 παίδων
1518 2764 1797 2833 βαπτίζων

205 2861 506 2931 ἑσφράγιζε
528 2859 666 2930 Θεῷ.
703 2860 829 2913 Ἐπὶ
853 2858 987 2912 πολὺ
1012 2859 1121 2928 γὰρ
1144 2858 1243 2928 τῆς
1266 2858 1548 2929 αἱρετικῆς
1577 2857 1793 2927 ἀχλύος,

202 2947 285 3004 οἷα
312 2952 513 3013 νυκτὸς
539 2950 787 3021 χαλεπῆς
818 2948 1248 3019 ἐπικρατούσης,
1286 2949 1380 3001 καὶ
1411 2949 1508 3017 τῆς
1541 2947 1797 3018 τυραννί-

202 3044 287 3106 δος
312 3044 373 3099 δὲ
414 3044 531 3096 τῶν
570 3043 804 3112 ἀνιέρων
839 3042 1195 3112 ἐπικειμένης
1228 3041 1536 3111 μισθωτῶν,
1597 3040 1798 3102 πάντες

202 3138 379 3203 ὀλίγου
412 3137 532 3189 δεῖν
562 3135 875 3204 ἄνθρωποι,
907 3135 1025 3187 ὅσοι
1070 3136 1216 3187 κατὰ
1260 3134 1322 3187 τὸ
1360 3133 1654 3195 Βυζάντιον
1698 3132 1797 3201 τῆς

202 3229 483 3299 ὀρθοδὸξου
516 3228 754 3290 πίστεως
782 3226 1113 3297 ἀντείχοντο,
1154 3227 1248 3279 καὶ
1286 3226 1401 3279 ὅσοι
1434 3226 1490 3279 δὲ
1523 3226 1793 3291 Βιθυνίου,

204 3324 290 3375 καὶ
324 3322 423 3384 τὰς
454 3321 725 3391 ἐχομένας
745 3319 1031 3390 κατῴκουν
1063 3319 1425 3388 κωμοπόλεις,
1457 3319 1617 3382 ἄλλος
1641 3319 1798 3373 ἄλλον

1906 3322 2044 3377 alios
2095 3320 2366 3390 lgnatium
2417 3322 2669 3376 laudibus

204 3418 317 3477 ταῖς
343 3416 490 3482 ὑπὲρ
523 3412 619 3465 τοῦ
655 3414 921 3479 Ἰγνατίου
970 3411 1355 3473 διανιστῶντες
1386 3411 1704 3482 εὐφημίαις,
1731 3412 1799 3464 τὰ

204 3508 374 3558 οἰκεῖα
400 3505 579 3557 τέκνα
638 3504 937 3573 προσῆγον,
1008 3502 1102 3553 καὶ
1133 3501 1199 3554 δι’
1228 3500 1393 3554 αὐτοῦ
1438 3501 1799 3570 βαπτίζεσθαι

203 3599 375 3650 ταῦτα
422 3599 526 3650 καὶ
555 3594 885 3663 ἀγιάςεσθαι
940 3594 1357 3663 κατελιπάρουν.
1410 3594 1520 3646 Καὶ
1550 3590 1618 3665 ἦν
1667 3596 1801 3664 ὀρᾷν

204 3688 407 3753 τοῦτον,
433 3687 634 3755 ὥσπερ
662 3687 759 3738 ἕνα
789 3686 897 3737 τῶν
926 3684 1197 3755 πρότερον
1240 3682 1479 3751 Χριστοῦ
1517 3683 1797 3753 μαθητῶν,

204 3782 355 3849 ἔργον
376 3780 546 3834 τοῦτο
573 3777 917 3848 ποιούμενον,
941 3778 1064 3839 τοὺς
1098 3776 1235 3847 πρὸς
1276 3776 1440 3829 αὑτὸν
1493 3777 1691 3841 ἰόντας,
1724 3777 1801 3841 ὠς

205 3876 301 3927 ὑπὸ
329 3873 581 3945 Χριστοῦ
614 3870 1005 3945 πεμπομένους
1046 3869 1345 3941 προθύμως
1381 3870 1800 3941 καταδέχεσθαι,

206 3968 476 4020 δῇἁσκειν
502 3984 568 4018 τε
614 3966 708 4017 καὶ
743 3964 1015 4017 νουθετεῖν
1046 3965 1222 4017 πάντα
1251 3965 1557 4034 ἄνθρωπον,
1580 3964 1802 4034 ἀντέχε-

207 4060 323 4113 σθαι
358 4060 461 4128 μὲν
494 4058 596 4127 τῆς
627 4056 910 4127 ὀρθοδόξου
939 4056 1198 4120 πίστεως,
1256 4055 1560 4126 ἀπέχεσθαι
1610 4057 1668 4110 δὲ
1704 4057 1804 4126 τῆς

206 4153 303 4205 τῶν
322 4152 630 4221 αἱρετικῶν
647 4152 774 4204 δυστ
784 4148 976 4218 ροπὶας
998 4151 1094 4203 καὶ
1114 4150 1563 4220 φρενοϐλαϐείας,
1587 4152 1682 4206 καὶ
1697 4150 1805 4204 πά-

210 4265 301 4315 σης
326 4244 685 4317 μὲνέαυτοὺς
720 4244 1017 4314 ῥυπαρίας,
1051 4244 1145 4296 καὶ
1169 4244 1370 4307 παντὸς
1406 4244 1803 4314 ἀνακαθαίρειν

208 4339 517 4409 πνεύματος
560 4336 844 4406 μολυσμοῦ
883 4336 976 4389 καὶ
1006 4335 1231 4407 σαρκὸς,
1280 4336 1463 4408 πάσης
1512 4336 1569 4390 δὲ
1599 4338 1803 4407 ἀρετῆς

207 4430 589 4501 ἐπιμελεῖσθαι
608 4427 705 4481 καὶ
725 4429 1085 4498 κοσμιότητος
1102 4427 1197 4480 καὶ
1217 4428 1574 4500 σωφροσύνης
1596 4446 1609 4460 ·
1632 4429 1805 4483 ταῦτα

208 4520 291 4571 καὶ
331 4519 401 4572 τὰ
432 4517 658 4578 τούτοις
715 4517 878 4586 ὅμοια
911 4516 1040 4579 τοὺς
1094 4517 1335 4587 πατέρας
1387 4519 1658 4573 παιδεύων
1709 4522 1805 4574 καὶ

208 4611 495 4676 νουθετῶν,
517 4609 592 4663 τὰ
616 4608 822 4662 τούτων
846 4608 1021 4679 βρέφη
1048 4610 1417 4680 προκατηχῶν
1446 4615 1473 4665 ὁ
1505 4613 1799 4684 μακάριος,

207 4702 268 4755 δι’
292 4704 487 4766 ὓδατος
520 4703 621 4756 καὶ
653 4701 970 4771 Πνεύματος
1004 4702 1198 4771 ὴγίαζε
1221 4704 1299 4775 τῷ
1330 4704 1471 4776 Θεῷ.

280 4793 338 4847 '0
374 4794 476 4863 μὲν
498 4787 601 4846 οὖν
635 4791 779 4844 κατὰ
802 4792 900 4861 τῆς
938 4792 1264 4862 Ἐκκλησίας
1309 4794 1429 4847 τότε
1467 4795 1675 4865 χειμὼν
1707 4796 1804 4866 βα-

212 4888 319 4954 ρὺς,
356 4886 452 4938 καὶ
483 4888 519 4955 ἡ
583 4882 727 4937 κατά
772 4883 965 4954 ἱερέων
1010 4886 1192 4951 δίωξις
1224 4886 1472 4957 χαλεπὴ,
1518 4888 1634 4942 ὅσοι
1666 4892 1803 4960 Χρι-

212 4978 326 5030 στοῦ
355 4979 455 5047 τῆς
492 4978 712 5040 εἰκόνος
744 4976 831 5030 διὰ
861 4977 921 5029 τὸ
950 4980 1306 5049 πρωτότυπον
1355 4983 1802 5051 προκινδυνεύειν

210 5071 405 5124 εἵλοντο
434 5073 586 5124 δεῖν*
623 5069 799 5133 εΰὸιος
830 5070 883 5123 δὲ
920 5073 1053 5124 πᾶσι
1084 5071 1179 5125 καὶ
1208 5073 1462 5143 γαλήνιος
1487 5076 1655 5146 ὅρμος
1692 5080 1804 5139 τοῖς

210 5161 662 5232 χειμαζομένοις.
720 5162 748 5213 ὁ
779 5162 923 5229 ἱερὸς
965 5162 1225 5230 Ἰγνάτιος
1257 5165 1351 5216 καὶ
1400 5166 1518 5227 ὅλος
1562 5166 1727 5219 αὐτοῦ
1777 5170 1803 5219 ὁ

212 5246 345 5315 οἶκος
372 5256 531 5325 παρά
560 5254 665 5321 τῆς
696 5253 791 5305 τοῦ
831 5253 1087 5322 Ὑψίστου
1140 5256 1552 5326 προητοίμαστο
1598 5258 1799 5322 δεξιᾶς.

214 5345 299 5408 Τίς
322 5346 429 5417 γὰρ
455 5345 573 5398 τῶν
593 5344 738 5413 ὑπὲρ
762 5345 1041 5406 εὐσεϐείας
1065 5346 1398 5415 θλιϐομένων
1423 5350 1521 5418 οὐχ
1548 5348 1803 5419 εὕρισκεν

214 5437 413 5490 ἐκεῖθεν
446 5437 713 5505 αὐτάρκη
742 5436 849 5488 τῶν
884 5437 1115 5506 θλίψεων
1140 5440 1424 5509 ἀναψυχήν
1450 5460 1464 5506 ς
1498 5444 1580 5505 τίς
1614 5444 1727 5496 τῶν
1749 5447 1805 5497 ἐν

217 5528 525 5600 ὑπερορίαις
555 5528 661 5582 καὶ
685 5527 904 5597 δεσμοῖς
928 5532 1327 5600 κατεχομένων,
1352 5534 1443 5587 καὶ
1469 5534 1647 5603 λιμοίς
1670 5554 1804 5588 κατ-

216 5623 566 5689 αγχομέιιωνς,
617 5619 683 5672 οὐ
719 5620 819 5689 τῆς
872 5621 1096 5691 δεούσης
1132 5625 1394 5695 ἐτύγχανε
1438 5630 1803 5699 παρηγορίας,

218 5715 303 5765 κιὶ
329 5715 567 5783 ἄφθονον
633 5708 750 5783 εἶχε
784 5713 895 5766 τῶν
943 5716 1255 5785 ἀναγκαίων
1298 5720 1396 5789 τὴν
1445 5720 1807 5791 ὲπιχορηγίαν

219 5807 337 5874 παρ’
367 5806 577 5872 αὐτοῦς
621 5809 684 5860 Οἱ
733 5806 789 5859 δὲ
821 5808 920 5871 τὰς
949 5809 1057 5861 τῶν
1101 5814 1381 5883 τυράννων
1412 5813 1669 5884 φέροντες
1695 5817 1802 5883 zz!-

224 5915 332 5969 ρας,
366 5903 460 5955 καὶ
490 5902 608 5955 τῶν
648 5900 792 5954 ἰδίων
817 5900 1102 5974 ύπάρξεων
1133 5904 1481 5976 στερούμενοι
1521 5907 1613 5961 καὶ
1648 5909 1804 5961 ἐκπί-

1901 2030 2161 2101 Spiritus,
2205 2030 2438 2099 primum
2494 2028 2712 2097 quidem
2774 2030 2963 2094 lector,
3021 2028 3136 2082 sive
3206 2040 3493 2083 sacrarum

1897 2124 2225 2180 Litterarum
2282 2137 2461 2192 ιιι-αξοο
2518 2131 2762 2190 sanctus,
2813 2123 3008 2177 deinde
3066 2123 3496 2194 hypodiaeonus,

1897 2227 2016 2274 tum
2062 2218 2330 2273 diaconus
2361 2231 2424 2272 ac
2450 2217 2708 2271 sacerdos
2740 2217 2851 2287 lege
2890 2226 2943 2270 et
2995 2217 3188 2270 ordine
3232 2216 3496 2271 ecclesia-

1899 2309 2163 2364 sticorum
2201 2306 2467 2376 graduum
2498 2314 2878 2360 consecratur.
2913 2303 3180 2358 Studebat
3226 2318 3354 2357 vero
3392 2302 3497 2354 hoc

1898 2410 2179 2472 perpetuo,
2213 2402 2287 2454 uti
2332 2398 2576 2469 largitori
2634 2399 2820 2467 gratiae
2878 2399 3138 2450 talentum
3206 2395 3494 2465 multiplici

1902 2492 2091 2548 fenore
2159 2502 2381 2546 auctum
2447 2488 2717 2554 redderet,
2775 2504 2954 2559 neque
3026 2502 3127 2558 per
3186 2487 3497 2545 socordiam

1897 2582 2196 2637 defoderet.
2237 2582 2309 2637 Ut
2354 2590 2558 2645 autem,
2588 2595 2713 2634 cum
2744 2580 2799 2634 in
2838 2579 3089 2633 etenohio
3135 2579 3359 2639 viveret.
3397 2591 3496 2634 sua

1898 2676 2100 2747 pietate
2144 2674 2437 2743 studioque
2504 2674 2707 2728 multos
2740 2674 2944 2738 traxit,
2980 2674 3050 2726 ita
3082 2688 3179 2741 per
3227 2671 3489 2726 sacerdo-

1901 2768 2036 2820 tium
2072 2766 2269 2819 iterum
2303 2764 2653 2819 innumerum
2682 2779 2972 2817 numerum
3001 2762 3293 2818 infantium
3320 2762 3499 2831 hapti~

1901 2868 2079 2914 smate
2118 2857 2370 2921 abluens,
2406 2854 2513 2910 Deo
2543 2854 2907 2926 consignavit.
2946 2855 3141 2910 Perdiu
3189 2856 3333 2908 enim
3391 2855 3500 2909 bat-

1902 2952 2069 3006 retica
2106 2950 2358 3021 caligine,
2396 2949 2544 3004 velut
2595 2950 2766 3005 densa
2798 2958 2977 3012 nocte,
3008 2960 3061 3003 et
3090 2948 3378 3020 tyrannide
3408 2962 3499 3002 sa-

1904 3044 2233 3114 crilegorum
2264 3043 2729 3097 ntereenariorum
2764 3043 3135 3104 incumbente,
3162 3057 3352 3094 omnes
3380 3056 3500 3110 pro-

1901 3152 1968 3206 pe
2035 3135 2314 3199 mortales,
2372 3135 2465 3205 qui
2519 3134 2994 3204 Constantinopoli
3057 3142 3262 3188 rectam
3333 3133 3492 3187 ﬁdem

1902 3227 2283 3291 defendebant,
2333 3229 2537 3297 quique
2584 3227 2848 3299 Bithynia:
2871 3226 3063 3295 Oppida
3102 3226 3376 3287 colebant,
3406 3223 3499 3277 alii

2742 3320 3095 3391 praedicando
3160 3319 3494 3381 excitabant,

1906 3430 2148 3483 suosque
2205 3416 2407 3468 liberos
2462 3416 2527 3468 ad
2575 3415 2726 3469 illum
2784 3413 3147 3475 deducebant,
3193 3412 3496 3482 precaban-

1904 3513 2122 3573 turque.
2166 3512 2225 3558 ut
2266 3506 2334 3559 ab
2383 3504 2475 3558 illo
2512 3506 2943 3573 baptizarentur,
2973 3502 3189 3573 Deoque
3216 3502 3500 3557 initiaren—

1908 3611 2015 3653 tur.
2067 3599 2134 3652 Et
2160 3605 2279 3653 erat
2317 3599 2462 3652 hunc
2510 3599 2713 3665 videre,
2764 3608 3024 3664 tauquam
3059 3598 3295 3668 aliquem
3329 3611 3359 3650 e
3386 3595 3498 3666 pri-

1906 3691 2014 3744 mis
2047 3690 2249 3746 Christi
2282 3691 2589 3761 discipulis,
2633 3709 2755 3745 cum
2794 3694 2857 3745 ad
2898 3709 2957 3747 se
3004 3691 3335 3745 ventilantes
3381 3691 3497 3744 ala—

1906 3784 2088 3847 criter,
2143 3793 2202 3838 ut
2253 3798 2286 3837 a
2327 3784 2547 3839 Christo
2605 3786 2827 3849 missos,
2869 3786 3145 3852 exciperet
3201 3794 3367 3853 atque
3416 3782 3499 3835 in-

1906 3875 2189 3929 stitueret:
2230 3876 2321 3944 qui
2356 3876 2572 3945 quidem
2608 3876 2932 3930 documenta
2970 3876 3117 3929 illius
3152 3875 3223 3928 ita
3270 3873 3498 3942 arripie-

1908 3968 2061 4032 bant,
2098 3968 2229 4022 dum
2263 3970 2483 4024 doceret
2522 3970 2770 4038 singulos
2804 3980 2856 4023 ct
2901 3970 3235 4029 hortaretur,
3269 3978 3328 4023 ut
3382 3968 3498 4021 sin-

1906 4076 2087 4115 ceram
2120 4072 2173 4115 et
2207 4060 2529 4115 catholicam
2564 4062 2877 4132 religionem
2927 4070 3370 4131 propugnarent,
3419 4067 3501 4113 at-

1906 4167 2012 4223 que
2060 4152 2435 4208 hereticorum
2486 4154 2894 4223 perversitatem
2921 4163 2976 4209 et
3016 4154 3285 4208 insaniam
3340 4167 3498 4206 aver-

1908 4257 2182 4312 sarentur,
2220 4262 2519 4317 omnesque
2554 4263 2613 4302 se
2645 4251 2712 4301 ab
2755 4246 2904 4301 omni
2938 4249 3137 4301 mentis
3169 4258 3220 4301 et
3255 4247 3500 4315 corporis

1910 4339 2031 4394 labe
2059 4349 2433 4410 repurgarent,
2469 4356 2532 4394 ac
2570 4341 2786 4395 virtutis
2826 4339 3005 4395 omnis
3043 4350 3093 4392 et
3130 4339 3501 4409 temperantiae

1911 4431 2326 4499 honestatisque
2378 4433 2592 4487 laudem
2636 4443 3017 4505 procurarent.
3054 4431 3179 4486 llrec
3221 4441 3275 4486 ct
3308 4432 3390 4487 his
3424 4432 3500 4485 si—

1908 4524 2060 4578 milia
2113 4534 2367 4595 parentes
2410 4524 2695 4588 edocebat,
2751 4526 3062 4594 horumque
3106 4523 3308 4581 liberos
3344 4523 3499 4593 prius

1909 4616 2012 4672 rite
2034 4617 2332 4680 institutos,
2358 4615 2470 4673 Deo
2495 4631 2593 4688 per
2619 4631 2817 4689 squam
2852 4626 2906 4673 et
2939 4615 3206 4687 Spiritum
3243 4625 3494 4672 sanctum

1835 4728 1879 4784 ι)
1906 4708 2286 4765 consecrabat.

1979 4798 2046 4853 Et
2086 4799 2266 4870 gravis
2325 4798 2545 4869 quidem
2588 4809 2702 4853 tum
2738 4808 2794 4855 et
2843 4799 3139 4854 vehemens
3194 4797 3495 4856 Ecclesiam

1908 4898 2226 4959 tempestas,
2288 4905 2586 4959 sacrosque
2620 4895 2814 4945 acerba
2875 4892 3149 4946 divexatio
3196 4891 3494 4961 premebat,

1907 4986 2221 5054 quicunque
2271 5000 2369 5052 pro
2397 4985 2597 5040 Christi
2640 4985 2875 5055 imagine
2911 4986 2981 5039 ob
3023 4994 3366 5053 prototypum
3394 4984 3496 5047 sibi

1910 5073 2329 5141 perit-litandum
2386 5084 2713 5142 putaverunt
2741 5092 2753 5128 :
2786 5077 3115 5142 tranquillus
3167 5089 3296 5128 vero
3325 5077 3497 5127 (Βελὲθ-

1910 5180 2075 5218 reuus
2106 5168 2364 5219 omnibus
2405 5177 2722 5235 tempestate
2760 5167 2981 5235 jactatis
3016 5177 3208 5237 portus
3242 5182 3270 5219 a
3307 5182 3496 5235 supre-

1917 5272 2003 5310 ma
2043 5258 2296 5312 Numinis
2342 5260 2534 5312 dextra
2582 5275 2736 5314 sacer
2778 5261 2865 5313 hic
2921 5260 3155 5331 ignauus
3194 5260 3498 5313 destinatus

1916 5361 2054 5416 erat,
2091 5361 2143 5405 et
2186 5352 2381 5406 domus
2420 5352 2537 5421 ejus
2569 5362 2700 5407 tota.
2742 5353 2943 5423 Ecquis
2982 5355 3125 5407 enim
3170 5369 3266 5421 pro
3294 5353 3499 5422 pietate

1913 5447 2330 5513 decertantium,
2393 5449 2659 5502 malorum
2727 5465 3205 5518 :ernmuarnmque
3272 5465 3496 5503 suarum

1915 5538 2258 5608 refrigerium
2299 5540 2367 5593 ab
2406 5554 2472 5592 eo
2527 5556 2635 5593 non
2693 5541 2976 5609 percepit?
3022 5541 3155 5606 Quis
3205 5541 3255 5593 in
3309 5550 3495 5594 custo-

1914 5632 2059 5685 diam
2089 5634 2265 5693 datus,
2299 5634 2424 5701 quis
2456 5633 2508 5687 in
2546 5635 2799 5689 exsilium
2837 5636 3064 5703 cjectus.
3106 5635 3227 5702 quis
3260 5634 3496 5687 vinculis

1912 5733 1964 5775 et
2011 5722 2154 5778 l‘ame
2202 5725 2502 5788 cruciatus,
2535 5726 2602 5779 ah
2636 5742 2701 5779 eo
2735 5742 2841 5780 non
2876 5735 2958 5781 est
2989 5728 3278 5789 relevatus,
3310 5741 3498 5780 neces~

1915 5816 2185 5885 sat-iisque
2224 5816 2442 5871 auxiliis
2483 5818 2777 5874 liberaliter
2817 5819 3164 5873 instructus?
3201 5818 3332 5871 Nam
3376 5817 3500 5887 qui-

1915 5925 2132 5979 cunque
2184 5920 2540 5981 tyrannorum
2598 5911 2703 5965 vim
2754 5920 2809 5967 ct
2859 5913 3076 5982 rapinas
3126 5910 3496 5982 patiebantur.
