4186 6434
692 409 800 472 503

1879 411 2174 471 NlCETxE
2206 411 2734 472 PAPIIIAGONIS

3847 407 3953 470 504

693 539 744 575 ιιι
784 536 945 590 quos,
975 523 1020 576 si
1051 521 1177 590 quid
1207 529 1450 590 peccent,
1479 520 1653 576 cnivis
1682 521 1856 577 facilis
1886 530 1938 575 et
1979 522 2147 576 libera
2178 532 2257 575 est

2366 523 2680 592 διαιτηταῖς,
2705 523 2801 576 καὶ
2842 520 3185 591 σκληρότατα
3207 516 3714 585 καταγινώσκεσθαι
3750 515 3839 568 τὸν
3869 517 3954 579 ὡς

687 627 954 677 censura;
988 614 1080 666 sed
1113 613 1373 668 adversus
1403 613 1676 684 principes
1705 616 1868 668 etiam
1916 615 2264 684 magistratus

689 722 753 760 ac
784 707 1061 776 dynastas,
1096 705 1733 775 ipsosque‘imperatores
1763 745 1777 768 ,
1808 706 1971 760 ardor
1994 723 2056 760 ac
2081 707 2264 759 divina

691 797 903 851 dicendi
930 798 1152 852 libertas
1176 798 1435 852 antistitis
1456 799 1701 853 elucebat
1735 819 1748 853 :
1791 799 1936 868 quod
1970 814 2085 852 mea
2121 813 2265 852 nunc

690 889 989 943 declarabit
1020 890 1217 944 oratio.

2373 615 2587 685 ἀληθῶς
2615 615 2790 686 πρᾶον
2820 614 3072 683 ποιμένα,
3096 615 3191 666 καὶ
3222 612 3357 665 Θεοῦ
3391 610 3729 681 μιμοὺμενον
3751 610 3956 660 δικαιο-

2376 705 2574 773 σύνην
2610 705 2701 756 καὶ
2743 703 2850 773 γὰρ
2895 705 2995 756 οὐκ
3026 705 3083 756 ἐν
3114 705 3228 764 τοῖς
3266 700 3625 773 ἀνθρωπίνοις
3655 701 3950 770 πράγμασι

2376 797 2560 864 μόνον,
2591 795 2723 850 ἀλλά
2760 794 2856 847 καὶ
2885 796 2942 847 ἐν
2977 797 3096 857 ταῖς
3129 792 3612 862 ἐκκλησιαστικαῖς
3649 791 3784 844 πολὺ
3818 791 3955 857 μᾶλ-

2373 889 2463 939 λον
2518 885 2959 954 ἀμφισϐητήσεσι
2995 885 3086 936 καὶ
3130 884 3365 954 κρίσεσι,
3416 886 3478 934 τὸ
3527 884 3661 952 πρὸς
3694 880 3954 949 ἀλήθειαν

692 982 791 1048 μὲν
828 983 919 1034 καὶ
953 981 1296 1052 δικαιοσύνην
1328 981 1644 1052 ἐπιῤῥεπὲς,
1679 981 2042 1051 ὑπεροπτικὸν
2073 979 2128 1031 δὲ
2163 977 2327 1030 αὑτοῦ
2354 978 2447 1030 καὶ
2471 979 2744 1045 ἀπότομον
2779 977 2914 1046 πρός
2965 992 3024 1027 τε
3074 974 3130 1027 τὺ
3178 973 3375 1043 ψεῦδος
3436 973 3532 1026 καὶ
3579 972 3794 1025 ἀδικίαν
3847 970 3955 1023 πᾶ-

690 1091 792 1126 σαν
839 1075 1199 1144 ἐγνωρίζετο·
1247 1076 1340 1129 καὶ
1394 1077 1451 1128 οὐ
1489 1076 1626 1145 πρὸς
1667 1078 1791 1139 τοὺς
1823 1075 2051 1137 πολλοὺς
2104 1077 2261 1144 μόνον
2308 1076 2400 1125 καὶ
2429 1072 2830 1142 χυδαιοτέρους,
2863 1070 2996 1139 πρὸς
3026 1069 3118 1133 οὒς
3148 1067 3464 1132 ἀδικοῦντας
3519 1067 3658 1136 τάχα
3710 1069 3804 1120 καὶ.
3852 1065 3952 1120 an-

687 1167 776 1229 λος
830 1169 896 1220 ἂν
952 1169 1409 1239 παρῤησιάσαιτο,
1461 1170 1562 1240 ἤδη
1593 1170 1647 1222 δὲ
1691 1171 1782 1222 καὶ
1820 1169 1954 1234 πρὸς
2002 1169 2126 1230 τοὺς
2162 1168 2259 1229 τὰς
2283 1165 2504 1236 πρώτας
2563 1164 3062 1235 περιϐεϐλημένους
3113 1163 3454 1227 δυναστείας,
3501 1163 3597 1216 καὶ
3655 1163 3791 1234 πρὸς
3825 1164 3955 1226 τοὺς

689 1259 943 1332 βασιλέας
978 1263 1176 1325 αὐτοὺς
1204 1264 1231 1314 ὁ
1276 1262 1369 1314 τοῦ
1424 1264 1726 1333 ἀρχιερέως
1757 1262 1918 1331 ζῆλος
1957 1263 2051 1316 καὶ
2081 1263 2260 1324 ἔνθεος
2290 1260 2576 1331 παρρησία
2608 1260 2937 1312 διεδείκνυτο
2961 1275 2976 1291 ’
3005 1257 3235 1328 δηλώσει
3265 1258 3321 1310 δὲ
3352 1256 3446 1309 νῦν
3472 1259 3500 1310 ὁ
3524 1257 3700 1325 λόγος.

761 1357 990 1422 Bardam
1056 1355 1241 1420 illum,
1299 1355 1376 1409 uti
1429 1357 1562 1420 scin,
1622 1355 1792 1408 nOSIis
1837 1371 2050 1420 mnnes,
2085 1354 2264 1407 Theo-

687 1446 832 1500 doraa
893 1444 1150 1513 Augusta:
1202 1445 1358 1497 bona).
1419 1443 1682 1513 principis
1731 1459 1837 1498 non
1886 1445 2110 1509 bonum,
2173 1443 2265 1497 sed

688 1553 892 1591 saevum
958 1537 1248 1590 admodum
1314 1546 1367 1589 et
1427 1537 1700 1591 crudelem
1781 1537 1949 1592 fuisse
2023 1537 2265 1590 fratrem.

688 1631 1013 1698 Quanquam
1073 1629 1215 1680 enim
1270 1628 1320 1680 in
1382 1642 1564 1682 rerum
1622 1628 1863 1682 civilium
1911 1627 2261 1682 administra-

689 1722 836 1776 tione
879 1721 1129 1790 egregius
1189 1720 1601 1791 industriusque
1655 1729 1818 1786 esset,
1853 1722 1931 1774 rei
1961 1731 2139 1775 tamen
2173 1720 2260 1774 di-

687 1811 827 1864 vina:
904 1819 1065 1879 atque
1132 1811 1516 1866 ecclesiastica:
1582 1827 1741 1866 nemo
1809 1812 1962 1867 ἰΙιιιιιι
2020 1827 2258 1882 unquam

687 1905 1032 1959 commodum
1093 1906 1258 1970 dixit;
1315 1915 1369 1958 ut
1424 1908 1515 1974 qui
1565 1921 1734 1960 nurus
1775 1922 1886 1961 sum
1947 1922 2135 1960 amere
2188 1906 2260 1958 ita

687 1996 913 2058 fureret,
949 2005 1006 2050 ut
1036 1997 1153 2063 ejus
1193 1997 1267 2050 rei
1307 1996 1448 2050 fama
1484 2008 1650 2051 totam
1690 1999 1876 2051 urbem
1911 2005 2262 2067 peragraret:

687 2102 786 2141 nec
821 2088 959 2141 inter
991 2087 1200 2156 plebem
1236 2096 1446 2140 tantum
1500 2088 1726 2142 haereret
1752 2127 1767 2151 ,
1801 2088 1892 2140 sed
1928 2086 1992 2139 ad
2025 2086 2260 2156 patriar-

685 2180 801 2234 cha:
825 2195 1044 2248 quoque
1076 2195 1236 2234 aures
1274 2179 1396 2233 facti
1432 2179 1724 2246 indignitas
1754 2177 2079 2234 deferretur.
2123 2179 2263 2245 Quid

686 2286 815 2340 ergo
837 2271 1189 2340 patriarcha?
1219 2268 1334 2322 Non
1361 2270 1599 2323 hominis
1625 2271 1942 2339 dignitatem
1976 2270 2260 2334 reveritus,

687 2362 901 2417 facinus
936 2363 1154 2417 silentio
1186 2365 1420 2432 pressit;
1455 2363 1546 2416 sed
1581 2378 1647 2414 ex
1689 2363 1804 2432 lege
1839 2363 2036 2429 arguit,
2076 2377 2262 2431 repre-

685 2455 1005 2523 henditque,
1041 2463 1094 2507 et
1135 2455 1381 2509 hortatus
1414 2463 1516 2517 est,
1564 2465 1622 2508 nt
1665 2471 1728 2508 ne
1775 2453 1950 2508 salute
1995 2455 2258 2523 neglecta,

684 2549 920 2600 animam
955 2561 1106 2601 suam
1137 2547 1406 2615 perditum
1442 2549 1563 2613 iret,
1595 2546 1687 2601 sed
1727 2547 1929 2602 funium
1962 2557 2015 2600 et
2039 2563 2262 2602 enorme

685 2639 866 2694 scelus
895 2639 1156 2708 expiaret.
1200 2639 1293 2694 llle
1333 2649 1512 2694 tamen
1544 2656 1648 2693 non
1689 2641 1850 2694 modo
1879 2656 1936 2694 se
1963 2642 2030 2694 ab
2060 2642 2262 2709 impro-

687 2733 853 2786 bitate
893 2748 988 2785 sua
1039 2748 1142 2786 non
1195 2733 1480 2796 abstinuit,
1515 2735 1606 2786 sel
1659 2731 1777 2801 ipso
1812 2733 2130 2802 Epiphaniae
2173 2732 2260 2785 die

683 2821 822 2877 festo
854 2822 908 2876 in
934 2823 1102 2877 :edem
1133 2839 1370 2886 sacram,
1406 2825 1749 2879 eucharistiae
1788 2825 2041 2894 mysteria
2075 2838 2260 2889 perce-

681 2926 898 2985 pturus,
954 2917 1294 2988 impudenter
1347 2927 1431 2972 est
1471 2934 1809 2989 progressus.
1857 2918 1996 2982 Quid
2048 2917 2136 2970 hic
2166 2932 2257 2984 pa-

686 3009 1036 3062 triarcha?A
1066 3011 1237 3065 sacris
1285 3020 1455 3075 arcet,
1512 3011 1794 3079 indignum
1847 3024 1973 3062 eum
2005 3007 2257 3073 judicans

680 3102 929 3169 corporis
970 3089 1255 3156 'Dominici
1321 3103 1756 3171 participatione.
1813 3098 1900 3154 Ille
1959 3114 2088 3152 vero
2137 3099 2257 3152 diro

683 3193 923 3262 percitus
947 3204 1116 3248 oestro
1151 3194 1300 3259 furit,
1334 3210 1604 3262 suumque
1647 3195 1698 3246 in
1730 3193 1954 3247 exitium
1988 3200 2251 3254 armatus,

2451 1352 2553 1406 Τὸν
2586 1351 2794 1418 Βάρδαν
2833 1353 3039 1403 ἐκεῖνον
3073 1346 3168 1401 οἶδ’
3214 1350 3293 1402 ὅτι
3341 1348 3544 1411 πάντες
3569 1348 3818 1406 ἀκούετε.
3875 1349 3955 1410 ὡς

2371 1442 2538 1514 [ἀλλ.
2570 1440 2649 1512 ὃς]
2673 1441 2954 1512 Θεοδώρας
2990 1440 3089 1510 μὲν
3116 1440 3212 1509 τῆς
3246 1439 3457 1508 ἀγαθῆς
3491 1438 3758 1509 βασιλίδος
3797 1439 3957 1493 ἀδελ-

2373 1537 2470 1605 φὸς
2507 1531 2594 1605 ἦν,
2630 1533 2730 1586 οὐκ
2763 1534 2967 1600 ἀγαθὸς
3006 1532 3084 1595 δὲ,
3121 1531 3255 1584 ἀλλά
3308 1533 3402 1584 καὶ
3441 1531 3561 1584 λίαν
3608 1532 3803 1602 πικρὸς
3853 1531 3954 1584 καὶ

2370 1624 2735 1694 ἀπάνθρωπος
2758 1639 2770 1652 ⁶
2805 1623 2862 1676 ὃν
2899 1622 3183 1675 σπουδαῖον
3212 1623 3310 1691 μὲν
3341 1618 3479 1675 εἶναι
3504 1624 3597 1676 καὶ
3625 1623 3955 1691 δραστήριον

2373 1717 2498 1786 περὶ
2533 1717 2634 1783 τὴν
2681 1714 2789 1768 τῶν
2821 1713 3115 1767 πολιτικῶν
3160 1714 3502 1784 πραγμάτων
3551 1715 3949 1785 μεταχείρισιν,

2367 1811 2541 1874 οὐδεὶς
2577 1812 2634 1864 δὲ
2664 1811 2792 1882 περὶ
2835 1809 2935 1880 τὴν
2972 1810 3300 1876 Ἐκκλησίαν
3324 1810 3559 1881 χρηστὸν
3593 1810 3762 1880 ἐφησε
3791 1811 3950 1878 γενέο

2370 1903 2496 1957 σθαι
2514 1921 2525 1932 ·
2559 1905 2748 1957 τοῦτον
2773 1905 2836 1973 τῇ
2872 1903 2978 1974 ίδίᾳ
3002 1904 3164 1969 φασὶν
3192 1902 3364 1965 οὕτως
3381 1903 3714 1972 ἐπιμανῆναι
3736 1905 3953 1975 νύμφῃ,

2367 1995 2442 2059 ὼς
2467 1997 2570 2049 ἀνᾶ
2605 1998 2786 2051 πᾶσαν
2816 1996 2974 2050 τοῦτο
3003 1996 3100 2066 τὴν
3130 1995 3286 2048 πόλιν
3314 1995 3818 2066 περιϐομϐηθῆναι·
3856 1999 3955 2050 καὶ

2366 2091 2467 2143 οὐκ
2495 2090 2623 2160 ἀχρι
2647 2090 2756 2143 τῶν
2792 2090 3003 2143 πολλῶν
3028 2091 3208 2161 μόνον,
3255 2089 3389 2143 ἀλλὰ
3420 2091 3513 2142 καὶ
3561 2090 3754 2160 μέχρις
3780 2089 3951 2142 αὑτοῦ

2364 2181 2459 2236 τοῦ
2514 2181 2816 2253 ἀρχιερέως
2850 2185 2950 2252 τὴν
2995 2182 3240 2253 πονηρὰν
3283 2183 3472 2253 φήμην
3519 2182 3712 2234 ἐλθεῖν.
3757 2181 3820 2234 Τί
3857 2179 3959 2234 οὖν

2365 2274 2605 2338 ἐκεῖνος;
2648 2274 2722 2325 Οὐ
2779 2274 2839 2326 τὸ
2896 2275 3123 2343 μέγεθος
3170 2273 3451 2344 ηὐλαϐήθη
3492 2273 3586 2327 τοῦ
3628 2273 3954 2344 προσώπου,

2365 2366 2482 2417 οὐδὲ
2517 2365 2837 2417 συνεσκίασε
2869 2365 2929 2417 τὸ
2962 2365 3308 2434 ἀμπλάκημα
3346 2366 3412 2434 τῇ
3449 2367 3652 2433 σιωπῇ,
3685 2365 3823 2416 ἀλλᾶ
3851 2364 3953 2414 κπὶ

2363 2457 2555 2525 ἤλεγξε
2590 2457 2728 2509 κατὰ
2758 2455 2856 2527 τὴν
2888 2456 3128 2525 ἐντολὴν,
3155 2456 3288 2508 ἀλλὰ
3313 2457 3406 2508 καὶ
3428 2455 3782 2522 ἐπετίμησεν,
3811 2456 3952 2508 ἀλλὰ

2363 2551 2456 2601 καὶ
2483 2549 2823 2614 παρεκάλεσε
2844 2548 3132 2616 φείσασθαί
3156 2565 3214 2600 τε
3245 2549 3342 2619 τῆς
3376 2549 3509 2611 ἰδίας
3531 2547 3729 2616 ψυχῆς,
3763 2549 3859 2600 καὶ
3889 2548 3956 2598 τὸ

2369 2643 2597 2710 φρικτὸν
2629 2643 2778 2694 τουτὶ
2817 2641 2988 2711 μῦσος
3017 2641 3439 2712 ἀπορῤύψασθαι
3466 2658 3480 2672 ο
3513 2644 3540 2693 ὁ
3582 2641 3639 2694 δὲ
3684 2641 3744 2693 οὐ
3789 2641 3959 2709 μόνον

2361 2733 2459 2781 οὐκ
2496 2729 2771 2798 ἀπέσχετο
2821 2730 2915 2782 τοῦ
2945 2731 3139 2795 κακοῦ,
3191 2731 3326 2783 ἀλλά
3357 2731 3450 2783 καὶ
3483 2731 3578 2782 ἐπὶ
3623 2730 3722 2798 τῆς
3752 2728 3954 2800 ἐκκλιτ-

2365 2825 2484 2886 σίας
2517 2823 2699 2893 (ἑορτὴ
2746 2823 2801 2875 δὲ
2834 2824 2942 2875 τῶν
2972 2824 3144 2891 ἀγίων
3194 2824 3504 2892 Θεοφανίων
3533 2817 3622 2895 ἦν)
3658 2825 3747 2876 καὶ
3787 2823 3957 2886 αὐτὸς

2367 2915 2601 2978 ἀναιδῶς
2632 2916 2923 2986 προσῆλθε,
2958 2915 3067 2967 τῶν
3104 2915 3270 2968 θείων
3320 2916 3560 2986 μεθέξων
3605 2917 3950 2984 μυστηρίων.

2361 3007 2569 3060 Τίδὲὸ
2621 3008 2946 3078 ἀρχιερεύςς
3016 3007 3414 3060 ’Λποϐάλλεται
3479 3010 3578 3077 τῆς
3636 3009 3953 3070 κοινωνίας,

2360 3100 2577 3164 ἀνάξιον
2598 3097 2787 3150 τοῦτον
2817 3099 2917 3166 τῆς
2941 3097 3036 3150 τοῦ
3074 3097 3406 3150 Δεσποτικοῦ
3436 3097 3688 3167 σώματος
3746 3099 3954 3168 κρίνω)

2364 3189 2736 3260 μεταλήψεως.
2788 3189 2847 3241 '0
2877 3189 2933 3242 δὲ
2968 3189 3219 3258 μαίνεται
3258 3188 3422 3260 μανίᾳ
3455 3190 3651 3260 πικρᾷ,
3685 3190 3780 3241 xui
3802 3190 3955 3242 ituri

680 3301 740 3340 se
772 3287 1010 3357 gladium
1041 3289 1092 3341 in
1151 3287 1412 3342 antistitis
1459 3287 1668 3340 viscera
1699 3286 2000 3340 defixurttm
2035 3284 2251 3336 minita-

2366 3284 2628 3348 τῆςὶδίας
2659 3282 2938 3347 ὸπλίζεται
2969 3283 3181 3351 ψυχῆς⁸
3218 3282 3435 3334 ἀπειλεῖ
3476 3283 3538 3336 τὸ
3569 3285 3767 3335 οἰκεῖον
3795 3283 3954 3351 ξίφος

681 3384 789 3428 tur.
823 3374 925 3428 Sed
962 3373 1205 3444 lgnatius
1233 3385 1419 3430 contra
1469 3375 1865 3439 comminatur,
1900 3374 2066 3428 Deum
2097 3374 2253 3427 invo-

681 3482 833 3527 cans.
862 3468 952 3536 qui
987 3476 1177 3536 potens
1213 3477 1354 3522 esset
1382 3468 1618 3537 gladium
1649 3467 1699 3521 in
1735 3468 1884 3521 illum
1921 3476 2252 3522 convertere.

679 3557 816 3611 llinc
841 3558 1203 3614 offensionum
1261 3558 1432 3627 prima
1474 3559 1625 3629 origo
1659 3577 1670 3611 :
1715 3560 1798 3613 hic
1835 3559 1956 3613 fons
1998 3560 2257 3613 ecclesia-

682 3651 834 3705 s1icte
859 3652 1304 3720 perturbationis.
1344 3651 1478 3704 Hinc
1512 3653 1658 3722 gravi
1685 3652 1887 3707 Bardas
1920 3653 1995 3705 ira
2025 3653 2257 3718 odioque

683 3751 968 3810 concepto,
1006 3757 1068 3796 ac
1111 3743 1273 3796 altius
1311 3744 1361 3796 iit
1402 3755 1588 3812 pectus
1629 3743 1890 3807 demisso,
1925 3758 2164 3808 onmem,
2201 3753 2259 3795 ιιι

683 3833 901 3898 dicitur,
955 3835 1233 3888 rudentem
1289 3845 1475 3888 contra
1533 3836 1799 3906 lgnatium
1855 3837 2138 3900 movebat,
2202 3845 2260 3888 ιιι

683 3940 804 3976 cum
837 3925 978 3993 apud
1005 3927 1382 3995 imperatorem
1417 3928 1818 3982 criminaretur.
1852 3927 2118 3983 Patricius
2143 3936 2254 3981 tum

683 4025 797 4068 erat
825 4015 1041 4074 Bardas.
1070 4027 1120 4069 et
1143 4019 1450 4072 scholarum
1475 4018 1824 4083 domesticus,
1853 4020 2063 4089 sibique
2088 4029 2254 4074 totam

686 4102 899 4169 imperii
965 4104 1510 4170 a.lministrationem,
1571 4115 1754 4176 utpote
1807 4110 2109 4162 avunculus
2153 4106 2255 4160 Mi-

684 4193 909 4256 chaelis,
945 4195 1267 4249 vindicabat.
1299 4196 1391 4250 llic
1451 4212 1740 4268 aggressus
1796 4200 2087 4268 aliquando
2125 4201 2258 4252 adn-

685 4286 1011 4346 lesecntem,
1067 4287 1355 4356 verbisque
1417 4287 1695 4343 insidiosis
1748 4298 2030 4357 captans:
2079 4287 2253 4355 Quid,

681 4373 876 4441 inquit.
901 4372 1140 4437 domine,
1175 4373 1462 4442 imperium
1518 4375 1674 4428 matri
1723 4385 1775 4430 et
1821 4377 2100 4430 sororibus
2131 4394 2255 4447 per-

681 4465 896 4518 mittis?
923 4464 1083 4536 Atqui
1113 4481 1217 4518 non
1249 4482 1306 4520 es
1328 4466 1559 4534 amplius
1594 4467 1792 4533 infans,
1821 4469 2028 4538 aevique
2060 4471 2256 4522 imma—

680 4564 838 4607 turus
870 4574 882 4608 :
917 4555 1044 4615 imo.
1077 4557 1272 4626 inquit,
1309 4568 1359 4610 et
1385 4558 1495 4625 jam
1522 4574 1692 4613 uxore
1725 4562 1882 4615 ducta
1911 4561 2084 4613 virum
2117 4563 2251 4630 agis.

2364 3377 2477 3437 τοῖς
2509 3375 2837 3444 σπλάγχνοις
2866 3373 2959 3426 τοῦ
2997 3375 3251 3444 ίεράρχου
3283 3375 3623 3443 καταχῶσαν
3679 3378 3706 3428 ὁ
3737 3375 3791 3426 δέ
3825 3378 3958 3426 ἀντ-

2367 3465 2600 3531 απειλεῖ,
2628 3466 2720 3518 τὸν
2745 3465 3040 3534 δυνάμενον
3064 3465 3459 3535 ἐκκαλούμενος
3479 3466 3826 3534 ἐπιστρέψειν
3853 3467 3958 3536 τῆν

2368 3558 2646 3628 ῥομφαίαν
2670 3557 2832 3611 αὐτοῦ
2861 3558 2950 3610 ἐπ’
2979 3559 3159 3610 αὐτόν.
3185 3557 3333 3629 Λῦτη
3381 3559 3589 3626 γίνεται
3637 3559 3958 3612 σκανδάλων

2367 3649 2510 3717 ἀρχή
2540 3663 2551 3677 ·
2590 3647 2729 3718 αὕτη
2758 3649 2949 3718 πρώτη
2989 3649 3087 3716 τῆς
3125 3649 3583 3718 ἐκκλησιαστικῆς
3634 3649 3954 3700 daturust:-

2369 3740 2490 3802 σίας
2544 3742 2789 3810 ἀφορμή.
2861 3739 3143 3793 Ἐντεῦθεν
3199 3740 3370 3810 βαρὺν
3426 3740 3602 3810 ἐαυτῷ
3650 3741 3803 3808 χόλον
3852 3743 3957 3794 καὶ

2369 3831 2532 3898 μῆνιν
2555 3833 2580 3882 ὁ
2601 3831 2810 3902 Βαρδας
2841 3832 3043 3891 ἐκεῖνος
3069 3830 3465 3892 ὲναποθέμενος
3493 3830 3633 3882 κατὰ
3657 3831 3747 3881 τοῦ
3773 3831 3950 3896 Ἰγναο

2365 3924 2502 3984 τίον,
2542 3923 2716 3975 πάντα
2753 3924 2930 3976 κάλων
2962 3922 3149 3986 ἐκίνει,
3186 3922 3247 3973 τὸ
3284 3921 3346 3992 δὴ
3375 3922 3688 3990 λεγόμενον,
3728 3922 3808 3991 τῷ
3842 3921 3948 3988 βα-

2368 4014 2505 4066 σιλεῖ
2527 4013 2715 4067 τοῦτον
2771 4015 3070 4067 διαϐαλεῖν.
3129 4016 3424 4086 Πατρίκιος
3451 4015 3507 4067 δὲ
3549 4016 3672 4068 τότε
3715 4016 3952 4068 καὶτῶν

2369 4106 2575 4174 σχολῶν
2619 4108 2936 4176 δομέστικος
2987 4107 3082 4172 ὣν,
3132 4108 3261 4178 ὃλην
3295 4107 3387 4160 τοῦ
3438 4108 3678 4178 Μιχαὴλ,
3732 4109 3825 4160 ᾰτε
3880 4109 3951 4178 δὴ

2367 4201 2528 4260 θεῖος,
2563 4200 2641 4260 εις
2676 4199 2872 4250 ἑαυτὸν
2916 4200 3016 4268 τὴν
3059 4200 3231 4270 ἀρχὴν
3281 4201 3612 4253 ὑπεποιεῖτο.
3665 4201 3772 4252 Καί
3816 4218 3952 4252 ποτε

2366 4290 2782 4359 προσεληλυθώς
2801 4289 2880 4359 τῷ
2910 4293 3179 4361 μειρακίῳ
3204 4293 3298 4344 καὶ
3321 4292 3499 4359 λόγοις
3528 4293 3956 4360 καταγοητεόων

2365 4381 2685 4451 ἀπατηλοῖς,
2727 4382 2840 4433 ’Ίνα
2870 4381 2941 4443 τί,
2988 4382 3196 4450 ἔλεγεν,
3228 4377 3273 4436 ὦ
3308 4368 3562 4445 δέσποτα,
3597 4389 3954 4453 παραχωρεῖς

2364 4472 2462 4542 τὴν
2490 4472 2764 4540 βασιλείαν
2793 4476 2858 4542 τῇ
2894 4477 3064 4544 μητρὶ
3113 4475 3208 4527 καὶ
3238 4478 3358 4536 ταῖς
3402 4475 3693 4542 ἁδελφαῖςς
3733 4476 3807 4543 μή
3839 4476 3955 4544 γὰρ

2365 4563 2443 4615 ἔτι
2473 4564 2666 4632 νήπιος
2716 4559 2801 4628 εἷς
2840 4566 2914 4633 μὴ
2955 4564 3052 4634 τὴν
3086 4565 3303 4634 ἠλικίαν
3352 4564 3586 4634 ἀτελῆςς
3631 4563 3772 4616 Ἀλλ’
3809 4565 3951 4628 ἰδοὺ,

678 4646 852 4700 Debes
882 4662 1012 4717 ergo
1059 4649 1116 4701 in
1177 4659 1455 4718 posterum
1509 4652 1718 4706 virilem
1774 4654 2014 4707 animum
2048 4670 2252 4723 gerere.

2366 4654 2550 4724 φησὶν,
2579 4654 2841 4724 ἐζεύχθης
2867 4655 2960 4706 καὶ
2991 4656 3232 4723 γυναικὶ,
3262 4656 3356 4708 καὶ
3385 4657 3484 4727 ἤδη
3521 4659 3600 4719 εἰς
3629 4656 3834 4725 ἄνδρας
3860 4674 3953 4709 τε-

680 4739 864 4808 ltaque
918 4755 947 4792 a
1000 4741 1306 4804 patriarcha
1362 4744 1627 4797 accersito
1689 4753 1917 4798 matrem
1962 4755 2258 4800 etsnrnrcs

680 4829 890 4881 tonderi
937 4831 1209 4898 velat-ique
1270 4832 1420 4899 jube.
1481 4831 1551 4885 Ut
1612 4834 1756 4886 enim
1813 4836 2069 4903 deinceps
2105 4838 2254 4891 solus

675 4931 799 4968 cum
847 4918 1197 4984 pmoreandis
1249 4933 1277 4970 a
1325 4928 1374 4972 te
1419 4919 1602 4974 liberis
1643 4921 1912 4989 imperes,
1949 4932 2001 4976 et
2035 4921 2253 4977 Numini

677 5009 884 5061 ctelcsti
955 5012 1169 5077 placet,
1228 5020 1282 5064 et
1349 5012 1506 5066 nobis
1571 5014 1944 5082 tequissimum
2023 5017 2254 5070 videtur.

675 5101 920 5155 Accersit
949 5116 1076 5171 ergo
1116 5103 1262 5156 illico
1314 5108 1683 5159 venerandum
1743 5109 2128 5176 patriarcham.
2168 5109 2259 5164 Est

677 5191 823 5242 enim
859 5191 1174 5244 inconstans
1199 5201 1252 5245 et
1280 5193 1557 5246 mutabilis
1581 5194 1965 5257 adolescentia,
1994 5198 2257 5266 facileque

673 5297 811 5335 vana
854 5297 949 5351 spe
1002 5283 1241 5335 effertur.
1292 5284 1445 5349 Quod
1482 5286 1525 5340 si
1558 5289 1810 5355 potentia:
1855 5304 2072 5357 quoque
2105 5289 2258 5342 fasti-

677 5375 823 5441 gium
858 5378 1098 5440 accedat,
1140 5377 1312 5445 major
1339 5380 1500 5436 etiam
1529 5389 1610 5432 est
1648 5380 1791 5434 illius
1825 5383 2039 5441 levitas.
2077 5383 2252 5451 majo-

682 5479 904 5532 remque
938 5469 989 5518 in
1017 5469 1309 5520 amentiam
1344 5479 1398 5522 et
1434 5486 1621 5522 casum
1671 5479 2044 5539 Saepenumero
2073 5475 2255 5542 prola-

675 5556 838 5609 bitur.
859 5555 1015 5611 Tunc
1035 5559 1194 5628 igitur
1212 5560 1436 5614 Michael
1452 5564 1907 5631 corruptelarum,
1929 5581 2254 5633 morumque

673 5647 1113 5716 depravatorum,
1156 5661 1210 5705 et
1245 5669 1370 5707 vero
1432 5657 1604 5722 magis
1661 5657 1994 5723 impii-latum
2031 5673 2251 5711 suarum

675 5739 942 5806 principio
976 5743 1190 5810 posito:
1219 5743 1467 5810 Matrem,
1494 5747 1688 5815 inquit,
1713 5766 1885 5802 meum
1922 5767 2250 5820 sororesque

674 5848 704 5886 c
725 5833 952 5900 vestigio
975 5845 1216 5903 arreptas
1241 5838 1485 5902 attende,
1517 5849 1568 5892 et
1591 5840 1840 5910 religiosa
1875 5842 2079 5897 velatas
2103 5857 2251 5900 veste

2365 4744 2477 4807 λεῖς
2497 4763 2512 4777 ·
2544 4745 2776 4815 ὀφείλεις
2805 4747 2898 4799 καὶ
2930 4749 3181 4816 φρόνημα
3213 4747 3400 4801 λοιπὸν
3426 4747 3712 4800 ἀναλαϐεῖν
3730 4747 3949 4816 ἀνδρός⁴

2367 4839 2466 4906 τὴν
2507 4838 2719 4907 μητέρα
2769 4837 2827 4890 δὲ
2863 4839 2956 4890 καὶ
2987 4839 3086 4900 τὰς
3137 4840 3393 4908 ἀδελφὰς,
3450 4839 3540 4893 τὸν
3599 4841 3953 4910 πατριάρχην

2365 4930 2898 5000 μετακαλεσάμενος,
2915 4933 3204 5002 ἀποκεῖραι
3225 4931 3543 5002 πρόσταξον.
3560 4933 3625 4984 Σέ
3655 4933 3764 5002 γὰρ
3788 4933 3950 5001 βασι⁶

2362 5022 2540 5075 λεύειν
2577 5023 2738 5092 μόνον
2771 5023 2978 5087 λοιπὸν,
3005 5025 3096 5075 καὶ
3123 5025 3251 5085 τοὺς
3273 5025 3336 5076 ἐκ
3366 5023 3458 5076 σοῦ
3483 5024 3948 5093 τεχθησομένους,

2362 5115 2455 5166 καὶ
2488 5114 2606 5183 Θεῷ
2638 5113 2733 5166 καὶ
2759 5116 2924 5166 πᾶσιν
2949 5117 3080 5184 ἡμῖν
3104 5115 3353 5184 ἀρεστόν.
3371 5115 3585 5167 Λύτίκα·
3601 5116 3781 5166 τοίνυν
3804 5119 3952 5167 ἐκεῖ-

2361 5223 2450 5268 νος
2507 5207 2600 5258 τὸν
2632 5207 2814 5274 τίμιον
2855 5207 3114 5276 ἱεράρχην
3147 5208 3560 5276 μεταπέμπεται
3582 5223 3595 5234 '
3629 5207 3949 5276 εὑρίπιστον

2359 5297 2524 5366 γάρὴ
2558 5298 2761 5367 νεότης,
2799 5297 2894 5348 καὶ
2946 5297 3142 5366 ῥᾳδίως
3169 5299 3290 5358 ταῖς
3323 5299 3506 5358 κεναῖς
3547 5295 3656 5347 τῶν
3707 5294 3947 5345 ἐλπίδων

2365 5388 2846 5456 μετεωριζόμενον.
2874 5389 2936 5440 Ei
2963 5389 3015 5440 δὲ
3045 5389 3134 5440 καὶ
3158 5388 3402 5450 ἐξουσίας
3422 5385 3661 5456 ὑπεροχὴ
3688 5385 3946 5454 προσείη,

2365 5481 2568 5548 μείζων
2609 5481 2708 5546 μὲν
2835 5481 3126 5549 κουφότης,
3183 5482 3261 5541 είς
3296 5481 3466 5549 μείζω
3509 5481 3564 5532 δὲ
3615 5479 3803 5532 ἄνοιαν
3847 5480 3947 5529 καὶ

2363 5572 2572 5623 πτῶσιν
2608 5572 2682 5635 ὡς
2740 5574 2808 5624 τα
2846 5573 3017 5624 πολλά
3048 5575 3343 5641 προχωρεῖ.
3379 5572 3511 5623 Τότε
3559 5571 3736 5622 τοίνυν
3765 5569 3949 5638 ἀρχὴν

2359 5667 2477 5724 ταῖς
2513 5667 2633 5715 κατ’
2664 5666 2825 5717 αὐτὴν
2855 5664 3101 5728 ἀταξίαις
3151 5666 3244 5716 καὶ
3278 5665 3690 5727 ἀπαιδευσίαις,
3740 5662 3947 5731 μᾶλλον

2359 5754 2415 5805 δὲ
2444 5755 2738 5820 ἀσεϐείαις,
2792 5757 2820 5807 ὀ
2865 5755 3081 5824 Μιχαὴλ
3132 5753 3624 5822 καταϐαλλόμενος,
3658 5753 3804 5822 Ταχὺ
3841 5753 3944 5820 τῆν

2535 5848 2744 5916 μητέρα
2799 5847 2890 5897 καὶ
2941 5847 3037 5908 τὰς
3095 5844 3360 5912 ἀδελφας,
3414 5845 3550 5911 προς
3598 5844 3687 5894 τὸν
3731 5842 3944 5894 δίκαιον

2361 5844 2500 5912 ἐμὴν
2534 5863 2544 5914 ξ
