4186 6434
238 431 349 493 505

1291 438 1465 501 νΙΤΑ
1502 444 1559 505 S.
1604 444 1900 504 IGNATII
1941 446 2049 508 (ΖΡ.
2090 448 2433 514 ARCIIIEP.

3385 451 3490 515 506

237 547 371 615 ἔφη.
402 542 604 609 λαϐὼν,
638 544 951 617 ἀπόκειραι,
996 544 1069 616 τῷ
1102 550 1381 619 μοναχικῷ
1418 554 1658 622 σχήματι
1688 552 1808 604 ταύ-

1925 556 2046 609 vitae
2075 556 2340 625 religiosa:
2370 558 2628 613 addicito.
2674 558 2742 612 At
2792 559 2955 615 libere
2981 559 3321 629 patriarcha;
3356 560 3487 625 Hoc,

232 656 335 700 τας
368 638 749 694 καταδίκασον.
779 640 837 690 Ὀ
861 639 918 690 δὲ
949 641 1490 711 παρρησιασάμενος,
1534 643 1814 697 Ἀδύνατόν

237 748 333 800 μοι
367 730 525 784 τοῦτο
548 735 741 793 ποιεῖν,
771 727 923 784 εἶπεν
966 733 1253 786 ὑπολαϐών
1276 750 1288 763 ·
1322 734 1423 803 τῆς
1445 737 1552 807 γὰρ
1588 736 1816 807 Ἐκκλη-

234 827 362 890 σῐας
396 830 521 886 τοὺς
548 827 739 889 οἴακας
768 826 866 896 τὴν
894 827 1067 898 ἀρχὴν
1108 828 1571 897 ἐγχειριζόμενος,
1614 830 1815 899 ἐγγρα-

235 935 338 986 ῳον
368 920 529 987 ὅρκον
559 919 780 987 ἐθέμην,
842 918 1110 988 μηδεμίαν
1170 919 1271 989 τῆς
1327 920 1609 989 βασιλείας
1662 921 1815 987 ὑμῶν

233 1010 558 1080 ἐπιϐουλὴν,
599 1010 631 1079 ἧ
670 1009 883 1063 οἰανοῦν
906 1012 1168 1081 ἐπήρειάν
1215 1030 1343 1065 ποτε
1384 1014 1812 1082 διαλογίσασθαι.

235 1102 351 1155 Καὶ
391 1104 486 1155 νῦν
537 1102 589 1155 τι
622 1103 682 1155 τὸ
735 1102 976 1172 ἀδίκημα
1021 1103 1127 1156 τῶν
1162 1104 1483 1173 genita-vv;
1519 1107 1611 1161 καὶ
1662 1109 1744 1171 τίς
1779 1110 1810 1177 ἡ

233 1196 362 1249 κατ’
391 1197 569 1249 αὐτῶν
597 1196 862 1261 αἰτία,ὅτι
892 1198 950 1250 τὸ
977 1198 1243 1267 ὑμέτερον
1272 1200 1470 1269 κράτος
1500 1200 1672 1254 ταῦτα
1694 1203 1813 1254 κατ’

233 1286 421 1339 αὐτῶν
478 1286 758 1356 διενοήθης
818 1286 1004 1350 Οὕτως
1056 1290 1301 1353 εἰπόντος
1359 1288 1453 1342 τοῦ
1489 1293 1812 1361 ἀρχιερέως,

231 1378 620 1441 καθοσιώσεως
651 1380 839 1432 τοῦτον
883 1380 1095 1450 Βάρδας
1129 1382 1406 1451 ἐγράψατο
1435 1384 1671 1454 γραφὴν,
1713 1386 1815 1456 Γη-

233 1467 616 1521 6ο6ασῖλευτον
643 1470 821 1523 ἔναντι
860 1470 956 1524 τοῦ
998 1472 1261 1542 βασιλέως
1299 1472 1811 1544 διαλοιδορούμενος.

229 1559 343 1616 Ἦν
376 1564 431 1616 δὲ
462 1564 490 1616 ὁ
530 1564 719 1632 Γήϐων
752 1559 904 1628 οὗτος
936 1567 1233 1635 ἐπίληπτος
1258 1566 1565 1636 ἄνθρωπος,
1601 1567 1693 1620 καὶ
1720 1568 1815 1632 τὰς

230 1657 440 1725 φρένας
462 1658 521 1709 οὐ
553 1657 691 1709 πάνυ
728 1658 1079 1729 καθεστηκώς
1105 1676 1118 1689 ο
1145 1659 1201 1720 ὃς
1233 1660 1338 1730 πρὸ
1366 1660 1561 1731 ὀλίγων
1591 1661 1814 1713 ἐκείνων

230 1748 461 1818 ἡμερῶν
495 1748 601 1800 ἀπὸ
628 1749 720 1802 τοῦ
754 1751 1057 1821 Δυρραχίου
1090 1753 1445 1818 παρεγένετο,
1503 1753 1685 1822 σχῆμα
1718 1754 1815 1823 μὲν

229 1838 617 1906 περικείμενος
656 1840 942 1908 κληρικού,
980 1842 1141 1894 παῖδα
1174 1842 1229 1893 δὲ
1256 1842 1447 1894 ἑαυτὸν
1472 1847 1569 1911 τῆς
1603 1844 1813 1913 βασιλέ-

226 1930 321 1993 δος
352 1930 636 1999 Θεοδὼρας
660 1933 718 1995 ἐξ
753 1933 941 2001 ἀνδρὸς
972 1934 1159 2003 ἐτέρου
1210 1935 1392 2004 ληρῶν
1416 1950 1431 1964 ⁶
1463 1929 1505 2004 ᾧ
1530 1939 1576 1990 οἱ
1628 1937 1813 1990 πολλοὶ

227 2020 325 2073 τοῦ
356 2022 529 2091 δήμου
562 2024 638 2086 ὠς
669 2024 978 2093 βασιλεύειν
1037 2026 1283 2097 μέλλοντι
1324 2029 1621 2098 προσέσχον
1643 2048 1654 2060 ·
1692 2032 1811 2082 τότε

226 2114 287 2166 δὲ
316 2116 373 2165 ἐν
410 2115 586 2185 Ὀξεέᾳ
611 2118 677 2186 τῇ
701 2119 847 2187 νήσῳ
873 2118 975 2171 ὐπὸ
1012 2119 1248 2184 ἀσφαλεῖ
1276 2122 1546 2190 συνείχετο
1576 2124 1809 2193 φρουρᾷ.

237 2202 302 2255 ’U
340 2205 440 2273 μὲν
494 2205 586 2258 οὖν
620 2209 962 2278 πατριάρχης
1017 2212 1073 2262 ἐν
1126 2211 1349 2280 ὑπονοίᾳ
1394 2212 1482 2265 διὰ
1524 2212 1699 2267 ταῦτα
1737 2213 1812 2283 τῷ

226 2296 450 2365 Μιχαὴλ
476 2299 770 2362 καταστὰς,
808 2301 966 2362 εὐθὺς
1005 2301 1287 2353 ὑπενόστει
1328 2303 1463 2371 πρὸς
1492 2302 1811 2373 τὴνέκκλη-

229 2389 374 2441 σῖαν.
425 2390 481 2441 '0
512 2390 568 2441 δὲ
596 2391 936 2460 παραχρῆμα
966 2393 1063 2461 τὴν
1090 2394 1298 2463 μητέρα
1329 2396 1419 2447 καὶ
1452 2395 1548 2457 τὰς
1576 2397 1810 2461 ἀδελςὰς

226 2480 580 2547 καταγαγὼν,
618 2484 673 2534 ἐν
709 2486 818 2545 τοῖς
852 2485 1127 2554 Καριανοῦ
1168 2488 1480 2557 λεγομένοις
1511 2490 1810 2559 ἀπενεχθῆ-

225 2590 317 2623 ναι
352 2572 562 2624 κελεύει
593 2575 685 2626 καὶ
719 2576 976 2644 καρῆναι.
1012 2579 1167 2631 Μετὰ
1220 2581 1415 2649 μικρὸν
1450 2581 1503 2632 δὲ
1531 2584 1617 2633 καῖ
1648 2583 1809 2634 αὐτὸν

225 2663 524 2717 ἀπελαύνει
555 2666 647 2718 τοῦ
678 2670 1063 2738 πατριαρχείον
1116 2671 1205 2724 τὸν
1241 2672 1519 2740 Ἰγνάτιον,
1551 2675 1644 2725 καὶ
1676 2676 1811 2743 πρὸς

222 2756 327 2824 τὴν
389 2756 553 2825 νῆσον
587 2758 906 2826 Τερέϐιυθον
956 2762 1119 2814 αὐτὸν
1172 2764 1483 2832 ὐπερορῗζει
1508 2784 1519 2795 υ
1558 2770 1679 2819 κατ’
1714 2770 1809 2820 αὐ-

224 2848 325 2916 τὴν
383 2848 439 2900 δὲ
496 2848 593 2919 τὴν
620 2850 833 2919 ἡμέραν
888 2854 981 2905 καὶ
1033 2854 1246 2924 Γήόονα
1296 2858 1500 2910 ἐκεῖνον
1562 2859 1669 2911 ἀπὸ
1713 2860 1812 2929 τῆς

238 2939 450 3004 Ὅξεέας
477 2943 556 3004 εἰς
588 2943 890 3011 Ιιρίγκιπον
925 2948 1288 3015 μετενεγκὼν,
1328 2951 1395 3002 τά
1428 2969 1487 3003 τε
1524 2953 1688 3020 σκέλη
1718 2955 1811 3006 καὶ

222 3033 354 3094 τούς
409 3032 695 3102 βραχέονας
728 3036 971 3105 ἐξέκοψε,
1005 3041 1095 3092 καὶ
1124 3044 1247 3105 τοὺς
1278 3042 1592 3112 ὀφθαλμοὺς
1624 3046 1813 3114 ἐξορύ-

227 3121 347 3185 ξας,
379 3124 700 3177 ἀπέκτεινεν
739 3128 921 3189 αὐτὶν,
956 3132 1198 3200 οἰόμενος
1222 3133 1394 3204 ταύτῃ
1423 3135 1515 3186 τὸν
1540 3138 1809 3207 πατριάρ-

1918 646 2113 714 inquit,
2148 662 2175 699 a
2209 662 2292 699 me
2321 648 2432 701 ticri
2461 649 2611 703 nefas
2640 665 2653 701 :
2687 664 2808 701 nam
2842 647 3092 703 Ecclesia:
3123 650 3490 718 gubernacula

1916 738 2209 809 sedemque
2238 754 2446 793 sacram
2480 756 2601 795 cum
2662 741 3028 809 susciperem,
3087 743 3243 795 fidem
3276 742 3492 811 jureju-

1917 833 2088 885 rando
2122 850 2295 887 meam
2331 850 2425 903 per
2472 836 2729 904 scriptum
2785 836 3040 897 astrinxi,
3098 852 3371 904 nunquam
3408 852 3494 891 me

1918 925 2146 991 imperio
2169 934 2349 982 vestro
2401 927 2625 982 insidias
2683 930 3025 998 positurum,
3075 928 3156 982 vel
3201 931 3489 983 consilium

1916 1016 2250 1083 ejuscemodi
2282 1018 2635 1087 agitaturum.
2684 1020 2747 1072 Et
2794 1036 2920 1073 vero
2965 1035 3128 1082 nunc,
3164 1021 3306 1087 quod
3350 1021 3493 1085 regi-

1918 1122 2108 1160 narum
2145 1118 2227 1162 est
2268 1109 2502 1175 facinus,
2535 1125 2721 1180 quzere
2758 1110 2809 1163 in
2839 1111 2944 1165 illis
2990 1128 3174 1175 causa,
3219 1120 3274 1164 ut
3323 1111 3489 1177 maje-

1916 1208 2029 1253 stas
2082 1211 2257 1255 vestra
2302 1203 2562 1257 adversus
2602 1218 2695 1257 eas
2748 1203 2869 1256 talia
2928 1204 3311 1256 machinatur?
3369 1201 3495 1254 lla'c

1917 1304 2306 1346 memorantem
2344 1295 2707 1362 patriareham
2751 1294 2953 1347 Bardas
3004 1310 3153 1347 reum
3193 1295 3492 1362 majestatis

1916 1383 2230 1449 postulavit,
2261 1392 2313 1437 et
2356 1398 2537 1437 coram
2569 1386 2893 1451 imperatore
2917 1382 3493 1453 Gebobasilentunil5]

1917 1472 2046 1540 (seu
2077 1474 2316 1528 Gebonis
2355 1474 2929 1544 pseudo-imperatorii.
2960 1476 3175 1543 generis
3233 1475 3488 1537 similem)

1918 1580 2012 1633 per
2074 1566 2380 1619 comit-ium
2438 1567 2670 1620 vocarit.
2732 1566 2855 1619 Erat
2906 1568 3052 1621 Gebo
3115 1568 3201 1620 hic
3263 1568 3492 1619 stolidus

1916 1658 2164 1726 maleque
2187 1673 2354 1711 sanus
2402 1657 2588 1721 homo,
2635 1658 2726 1726 qui
2760 1658 3023 1726 proximis
3052 1658 3243 1711 diebus
3294 1657 3491 1727 Dyrra-

1916 1749 2040 1803 chio
2080 1757 2321 1808 venerat,
2370 1758 2517 1801 veste
2560 1748 2777 1817 quidem
2832 1748 3198 1801 ecclesiastica
3244 1748 3489 1809 indutus,

1917 1854 1974 1892 se
2004 1854 2129 1891 vero
2172 1853 2269 1906 pro
2323 1837 2433 1890 lilio
2482 1835 2779 1890 Theodorm
2838 1838 3095 1906 Augusta:
3120 1853 3182 1889 ex
3216 1836 3323 1889 alio
3381 1838 3496 1887 viro

1915 1931 2132 2000 gerebat
2167 1946 2180 1993 ;
2225 1929 2311 1983 cui
2352 1944 2458 1982 non
2508 1930 2663 1998 pauci
2698 1946 2762 1983 ex
2821 1930 2974 1995 plebe
3006 1930 3149 1982 velut
3204 1938 3497 1995 regnatura

1913 2021 2257 2075 adhaerebant
2290 2038 2301 2074 :
2335 2030 2460 2074 tunc
2498 2035 2627 2073 vero
2660 2021 2711 2073 in
2745 2020 2917 2073 insula
2953 2019 3111 2081 Oxia,
3141 2035 3236 2073 seu
3293 2020 3489 2077 Acuta,

1917 2118 2069 2169 lirma
2119 2115 2361 2169 custodia
2417 2115 2719 2169 tenebatur.
2790 2113 3103 2168 Patriarcha
3170 2128 3299 2182 ergo
3365 2127 3495 2181 pro-

1914 2220 2094 2279 pterea
2134 2206 2382 2260 Michaeli
2420 2215 2725 2273 suspectus,
2765 2206 2946 2259 statim
2990 2204 3058 2258 ad
3112 2203 3394 2258 ecclesiam
3436 2218 3497 2255 se

1913 2301 2134 2369 recepit.
2170 2299 2401 2353 Michael
2436 2314 2558 2352 vero
2598 2299 2865 2366 extemplo
2904 2307 3131 2351 matrem
3175 2312 3298 2350 cum
3339 2311 3495 2349 soro-

1914 2395 2067 2449 ribus
2106 2393 2158 2445 in
2185 2390 2406 2447 Cariani
2435 2390 2576 2445 :edcs
2607 2392 2881 2444 detrusam
2929 2387 3204 2457 deportari
3253 2386 3492 2441 tonderi-

1913 2501 2019 2556 que
2048 2486 2293 2554 imperat.
2324 2481 2432 2535 Nec
2460 2484 2632 2535 multo
2684 2491 2804 2551 post
2831 2482 3006 2549 ipsum
3058 2495 3277 2549 quoque
3326 2478 3493 2547 patri-

1912 2577 2131 2631 arcbam
2165 2574 2427 2643 lgnatium
2462 2574 2630 2641 pellit,
2663 2583 2826 2640 atque
2852 2574 2903 2625 in
2947 2573 3180 2627 insulam
3236 2570 3499 2625 Terebin-

1914 2671 2065 2723 thum
2095 2668 2238 2735 ejicit
2276 2684 2288 2732 ;
2316 2667 2617 2735 eodemque
2646 2667 2731 2720 die
2760 2665 3033 2719 Gebonem
3069 2666 3218 2718 illum
3239 2680 3303 2717 ex
3325 2665 3495 2718 Acuta

1916 2761 1967 2813 in
2008 2760 2286 2829 Principes
2320 2758 2598 2821 transfert,
2625 2767 2678 2811 et
2700 2758 2952 2811 cruribus
2980 2758 3323 2826 brachiisque
3358 2773 3498 2825 prm-

1912 2852 2061 2914 cisis,
2097 2853 2375 2919 oculisque
2402 2850 2590 2910 erutis,
2623 2849 2899 2912 interlicit,
2928 2860 3079 2903 ratus
3120 2863 3179 2901 se
3205 2849 3307 2901 hac
3334 2848 3497 2901 ratio-

1914 2960 1979 2998 ne
2016 2945 2184 2997 ultum
2213 2945 2289 2997 ire
2324 2943 2714 3011 patriareham.
2742 2939 2986 2995 Necdum
3032 2942 3270 2995 triduum
3318 2955 3347 2993 a
3397 2956 3496 3007 pa-

1914 3036 2162 3089 triai-clue
2216 3034 2458 3089 discessu
2512 3032 2773 3098 ﬂuxerat,
2803 3048 2927 3087 cum
2978 3032 3175 3085 adsunt
3209 3030 3304 3099 qui
3335 3042 3495 3098 puta-

1913 3128 2111 3180 bantur
2139 3127 2279 3179 inter
2318 3128 2603 3195 episcOpos
2628 3124 2894 3193 primarii,
2935 3122 3356 3192 chirographum
3383 3121 3496 3175 sive

224 3231 330 3281 χην
373 3215 722 3282 ἀμυνεῖσθαι.
760 3217 925 3270 Οὔπω
950 3224 1096 3289 τρεῖς
1127 3224 1264 3291 μετὰ
1291 3222 1392 3293 τὴν
1410 3224 1708 3278 κατάϐασιν
1738 3227 1808 3277 δι-

1916 3216 2154 3269 libellum
2203 3216 2564 3269 abdicationis
2632 3216 2701 3269 ob
2763 3214 3111 3283 praesentium
3188 3222 3494 3280 temporum

226 3306 587 3375 εληλύθεισαν
624 3310 846 3379 ἡμέραι,
872 3314 965 3365 καὶ
1004 3315 1256 3383 παρῆσαν
1294 3315 1403 3367 τῶν
1430 3318 1739 3369 ἐπισκόπων
1760 3320 1809 3370 οἱ

225 3399 570 3466 νομιζόμενοι
602 3401 844 3467 λογάδες,
868 3403 1108 3455 λίόελλον
1133 3408 1433 3475 ἀποταγῆς,
1464 3408 1579 3476 ἤτοι
1606 3409 1809 3475 παραί-

223 3506 385 3556 τησιν
412 3528 426 3547 .
463 3492 551 3543 διὰ
579 3493 676 3559 τὴν
714 3494 1017 3546 ἐνεστῶσαν
1040 3495 1133 3548 τοῦ
1157 3496 1344 3567 καιροῦ
1370 3498 1566 3550 κακίαν
1596 3498 1809 3563 ἀξιούν-

222 3598 313 3642 τες
342 3579 532 3633 λαϐεῖν
555 3583 684 3650 παρ’
714 3582 898 3636 αὐτοῦ.
946 3585 1050 3637 Καὶ
1083 3585 1256 3638 ταῦτα
1286 3585 1463 3651 τίνεςς
1505 3589 1565 3638 υἱ
1602 3589 1806 3656 ἐγγρά-

222 3690 342 3738 φως
370 3673 520 3743 αὐτῷ
545 3675 809 3744 πρότερον
832 3677 1201 3746 ὀμωμοκότες,
1236 3678 1330 3730 καὶ
1361 3679 1529 3748 αὐτῆς
1555 3681 1807 3731 ἐκπεσεῖν

220 3762 321 3831 τῆς
356 3764 686 3834 ὐπερούσίου
718 3768 945 3835 Τριὰδος
984 3769 1295 3837 εὐξάμενοι,
1349 3772 1462 3838 εῖγε
1487 3771 1577 3823 τὸν
1610 3774 1806 3824 οἰκεῖον

222 3857 463 3922 ποιμένα
507 3856 637 3909 ἄνευ
690 3858 1086 3925 καταγνώσεως
1129 3860 1453 3931 ἀθετήσαιεν
1492 3865 1802 3932 κανονικῆς.

235 3947 375 3999 Ἀλλ’
410 3948 566 4001 αὐτοὶ
612 3950 711 4016 μὲν
742 3952 1081 4019 ὑπέστρεφον
1130 3954 1370 4023 ἀνήνυτα
1415 3956 1802 4023 πεπονηκότες.

221 4039 358 4091 Μετ’
383 4040 575 4107 ὀλίγας
605 4041 659 4093 δὲ
686 4042 841 4105 αὖθις
871 4043 1086 4113 ἡμέρας
1107 4046 1380 4114 πατρίκιοι
1430 4048 1523 4099 καὶ
1549 4048 1657 4099 τῶν
1688 4065 1807 4117 κρι-

220 4130 330 4182 τῶν
360 4133 410 4183 οἱ
453 4134 874 4200 ἐπιφανέστατοι
907 4136 1002 4187 σὺν
1035 4139 1145 4199 τοῖς
1176 4139 1537 4208 προλαϐοῦσιν
1585 4142 1805 4192 ἐπισκό-

222 4238 343 4284 ποις
375 4224 635 4288 ἐξιόντες,
669 4228 870 4290 πάσαις
926 4232 1221 4299 μηχαναῖς,
1263 4232 1589 4301 ὐποσχέσεσί
1621 4251 1679 4285 τε
1711 4232 1807 4285 καὶ

222 4315 475 4377 ἀπειλαῖς
506 4318 597 4369 τὸν
625 4320 811 4389 θρόνον
867 4323 1158 4391 ἐγγράφως
1191 4327 1631 4395 παραιτήσασθαι
1672 4344 1804 4379 κατ-

223 4408 525 4471 εὸιὰξοντο,
553 4411 665 4477 εῐγε
706 4412 777 4481 μὴ
814 4414 997 4482 μέλλοι
1021 4417 1101 4477 εἰς
1133 4418 1383 4486 προφανῆ
1412 4418 1659 4470 καθεῖναι
1688 4418 1804 4470 κίν-

222 4500 374 4553 δυνον
406 4503 622 4556 ἑαυτόν.
663 4504 861 4573 Ἐμενε
891 4507 948 4559 δὲ
1000 4508 1334 4577 ἀμετάθετος
1386 4511 1541 4563 οὐδὲν
1580 4505 1741 4580 ἧττον
1772 4511 1802 4581 ἢ

221 4592 397 4659 πέτρα
425 4594 692 4662 παράλιος
717 4598 794 4659 εἰς
820 4597 981 4666 βάθος
1031 4602 1131 4669 γῆς
1168 4602 1535 4671 ὲῤῥιξωμένη,
1567 4603 1660 4655 καὶ
1694 4604 1799 4656 πᾶ-

224 4698 343 4747 σαις
369 4684 652 4749 ἁνένδοτος
682 4687 944 4756 κυμάτων
974 4692 1284 4759 ἐπιφοραῖς.
1326 4693 1541 4764 Ἐπειδὴ
1576 4694 1669 4747 οὖν
1703 4695 1804 4749 οὐκ

221 4772 366 4846 εἶχον
398 4776 637 4845 εὐλόγως
674 4785 1027 4852 παρανομεῖν,
1060 4784 1316 4854 οὐδεμιᾶς
1344 4788 1526 4850 αὐτοῖς
1561 4788 1668 4841 ἀπὸ
1706 4789 1802 4842 τοῦ

220 4868 520 4921 ἁνευθύνου
547 4871 871 4938 προφάσεως
902 4874 1264 4945 ἐνδιδομένης,
1318 4882 1496 4950 γυμνῇ
1531 4880 1715 4933 λοιπὸν
1738 4884 1801 4950 τῇ

223 4960 460 5030 κεφαλῇ,
506 4962 603 5012 καὶ
656 4962 863 5015 ἀναιδεῖ
898 4968 1196 5036 προσώπῳ,
1230 4970 1372 5023 κατὰ
1425 4971 1487 5023 τὸ
1519 4973 1801 5043 ᾀδόμενον,

222 5050 357 5119 πρδς
410 5052 592 5104 πᾶσαν
648 5052 888 5122 ἐχώρουν
935 5054 1149 5109 ἀδικίαν
1201 5059 1295 5109 καὶ
1330 5062 1693 5130 παρανομίαν.
1745 5065 1804 5116 Ὀ

226 5142 322 5208 μὲν
367 5140 463 5193 οὖν
496 5142 698 5211 Κύριος
756 5145 910 5213 ἡμῶν
954 5145 1160 5216 Ἰησοῦς
1210 5150 1479 5216 Χριστὸς,
1528 5153 1623 5205 ac;
1671 5154 1805 5215 Θεὸς

222 5233 473 5301 ἀληθινὸς
506 5234 604 5286 καὶ
637 5236 891 5305 ἀληθινοῦ
924 5240 1136 5309 Πατρδς
1163 5239 1259 5305 ὣν,
1302 5242 1363 5294 οὐ
1396 5243 1471 5311 τῷ
1498 5245 1629 5307 Θεὸς
1664 5242 1804 5298 εἶναι

226 5324 384 5390 μόνον
414 5324 761 5393 προαιιῖΝιος,
784 5327 850 5379 τὰ
874 5329 1051 5381 πάντα
1076 5332 1181 5401 πρὸ
1207 5332 1304 5401 τῆς
1329 5333 1507 5385 αὐτῶν
1538 5336 1805 5401 γενέσεως

222 5415 383 5481 οἶδεν,
422 5420 561 5471 ἀλλὰ
583 5425 679 5473 καὶ
711 5421 789 5492 τῷ
814 5423 1100 5494 ἄνθρωπος
1150 5427 1289 5495 ὐπέρ
1322 5428 1477 5498 ἡμῶν
1527 5430 1805 5495 γενέσθαι,

225 5510 298 5579 τῷ
324 5511 649 5584 τεθεωμένῳ
672 5515 751 5567 νοῒ
783 5515 848 5568 τὰ
879 5518 1055 5570 πάντα
1100 5520 1506 5589 προκατανοῶν,
1528 5521 1809 5591 Ἄνάγκη,

326 5670 348 5700 ³
385 5667 585 5721 Matth.
625 5685 786 5733 xvm,
826 5670 879 5724 7.

1918 3311 2251 3378 iniquitatem
2306 3309 2373 3362 ab
2432 3323 2497 3362 eo
2552 3317 2813 3376 petentes.
2868 3306 2932 3359 Et
2970 3307 3192 3372 quinam
3243 3306 3345 3360 hi?
3391 3304 3497 3369 Qui

1916 3410 2070 3453 antea
2106 3401 2178 3452 illi
2221 3416 2315 3467 per
2355 3398 2617 3467 scriptum
2654 3398 2993 3466 juraverant,
3024 3413 3081 3451 se
3107 3398 3254 3465 prius
3302 3412 3494 3465 supre-

1916 3509 2056 3545 mam
2087 3491 2369 3546 Trinitatis
2402 3492 2738 3560 majostatcm
2794 3500 3110 3560 negaturos,
3149 3506 3311 3559 quam
3378 3491 3500 3543 sin:

1914 3586 2170 3639 canonica
2227 3584 2595 3638 damnationis
2649 3585 2915 3638 sententia
2990 3592 3263 3652 pastorem
3320 3598 3480 3636 suum

1910 3680 2252 3735 exauctorari
2287 3693 2561 3746 paSsuros.
2604 3676 2799 3731 Verum
2831 3676 2864 3729 ii
2899 3692 2955 3731 re
2994 3675 3196 3729 inlecta
3256 3686 3493 3728 reverte-

1913 3781 2063 3824 runt.
2108 3770 2249 3823 Intra
2292 3785 2493 3838 paucos
2527 3780 2704 3822 autem
2736 3768 2851 3823 dies
2876 3769 3107 3837 patricii,
3137 3767 3497 3836 judicumque

1910 3863 2199 3917 clarissimi
2239 3875 2362 3913 cum
2407 3859 2597 3912 iiszlem
2649 3858 2921 3927 episcopis
2955 3857 3181 3924 egressi,
3236 3856 3496 3908 munitius

1910 3955 2184 4009 machinis
2221 3961 2274 4004 et
2306 3950 2817 4019 pollicitationibus,
2871 3948 3495 4015 eotnminationibusqne

1908 4046 2349 4116 compellebant,
2412 4055 2470 4097 ut
2535 4045 2849 4112 episcopatu
2907 4058 2964 4096 se
3012 4041 3311 4102 abdicaret,
3341 4040 3385 4093 si
3440 4040 3493 4092 in

1909 4147 2155 4207 apertum
2183 4136 2347 4189 llUllCl
2371 4136 2713 4189 committere
2743 4150 2802 4187 se
2852 4132 3178 4201 periculum.
3222 4130 3324 4184 Sed
3385 4145 3492 4183 non

1908 4231 2089 4283 minus
2122 4232 2309 4282 lirmus
2351 4229 2715 4295 immutusqne
2761 4226 2932 4287 stetit,
2986 4240 3151 4293 quam
3213 4221 3489 4275 maritima

1909 4333 2095 4379 cautes
2135 4323 2257 4376 altis
2302 4320 2357 4373 in
2397 4330 2598 4374 terram
2661 4318 2835 4372 defixa
2872 4316 3169 4379 radicibus,
3221 4314 3490 4380 ﬂuctuum

1911 4414 2211 4468 insultibus
2244 4414 2377 4467 nihil
2432 4412 2653 4467 cedens.
2712 4408 2851 4477 Ergo
2876 4424 3000 4462 cmn
3042 4423 3149 4460 non
3204 4406 3495 4467 haberent,

1910 4506 2054 4558 unde
2087 4503 2241 4556 illum
2284 4502 2561 4561 la'tlerent,
2602 4499 2744 4552 nulla
2787 4514 2881 4567 per
2939 4512 3064 4549 eum
3115 4496 3238 4549 data
3302 4510 3491 4555 causa,

1842 4574 1882 4627 θ
1913 4596 2072 4665 Cujus
2121 4596 2387 4649 rationem
2444 4592 2666 4645 reddere
2722 4606 2826 4642 non
2883 4598 3112 4657 posset;
3147 4586 3315 4644 Itlttln,
3347 4584 3491 4651 quod

1906 4690 2078 4754 aiunt,
2112 4691 2308 4758 capite,
2330 4684 2582 4753 perfricta
2610 4700 2694 4747 ,ue
2713 4681 2888 4735 frome
2912 4680 2975 4733 ad
3008 4694 3170 4733 omne
3214 4677 3295 4731 l'as
3322 4676 3498 4729 nefas—

1906 4799 2012 4853 que
2086 4779 2508 4836 tlescenderunt.
2564 4777 2629 4830 Et
2692 4774 2954 4827 Dominus
3028 4770 3247 4840 quidem
3308 4778 3494 4823 nostrr

1905 4876 2066 4930 Jcsus
2093 4874 2369 4934 Christus,
2407 4880 2590 4939 utpote
2647 4868 2789 4920 Deus
2846 4880 3005 4918 verus
3052 4874 3107 4918 et
3151 4864 3263 4917 veri
3318 4861 3495 4917 Patris

1910 4966 2147 5030 soboles,
2182 4980 2288 5018 non
2321 4963 2498 5018 solum
2530 4977 2637 5029 qua
2671 4959 2813 5013 Dens
2857 4968 2939 5012 est
3000 4966 3255 5020 mternus,
3310 4954 3494 5007 omnia

1912 5071 2201 5129 antequam
2238 5058 2367 5121 sint,
2397 5056 2679 5124 prawidit;
2714 5052 2807 5106 sed
2839 5053 3000 5105 etiam
3036 5066 3144 5119 qua
3171 5050 3333 5103 homo
3395 5063 3495 5117 pro

1914 5154 2071 5207 nobis
2103 5151 2297 5213 lactus,
2321 5150 2569 5202 deiﬁcata
2599 5163 2695 5201 sua
2726 5156 2905 5199 mente
2933 5146 3115 5197 omnia
3146 5143 3441 5211 prmseieus
3476 5183 3489 5200 ,

1913 5245 2134 5297 Necesse
2155 5252 2229 5296 est
2258 5282 2273 5305 ,
2309 5242 2508 5311 inquit,
2544 5249 2602 5293 ut
2628 5240 2833 5293 veniant
2882 5236 3179 5292 scandala:
3212 5250 3286 5288 rw
3317 5245 3491 5286 autem

1912 5338 2016 5401 illi,
2062 5352 2152 5405 per
2213 5352 2363 5404 quem
2405 5332 2719 5387 scandalum
2782 5331 2917 5383 venit
2962 5332 3003 5382 ².
3050 5328 3305 5381 Omnium
3366 5342 3495 5392 ergo

1912 5440 2210 5492 sectarum,
2266 5443 2446 5498 qnzea
2507 5426 2689 5479 divina
2750 5424 2952 5478 Christi
2989 5423 3040 5475 in
3096 5422 3493 5475 humanitatem

1914 5522 2202 5593 praesentia
2247 5520 2314 5575 ad
2362 5519 2685 5574 hodiernum
2726 5530 2900 5585 usque
2930 5513 3071 5567 dicm
3124 5512 3177 5565 in
3225 5510 3495 5565 Ecclesias

292 5810 366 5873 (Β)
424 5809 935 5877 Gebohasileutum,
993 5809 1097 5866 hoc
1144 5819 1249 5876 est,
1292 5811 1532 5867 Gebonis
1574 5811 1753 5867 stolidi
1813 5811 2074 5880 hominis,
2123 5821 2175 5868 et
2230 5812 2516 5884 imperium
2554 5821 2756 5867 temere
2789 5809 3113 5875 all‘ectantis,
3141 5808 3277 5879 parti
3308 5806 3483 5862 faveo-

228 5887 361 5934 1cm.
