4186 6434
708 469 817 532 διι

1920 464 2219 525 NICET/E
2249 463 2776 525 PAPHI..\GONIS

3897 472 4011 535 512

710 581 870 637 alteri
911 580 1030 636 viro
1062 587 1311 651 nuptam,
1342 578 1443 636 sibi
1482 593 1580 650 per
1613 576 1941 632 adulterium
1975 576 2299 647 desponderi

2408 575 2691 645 κοσμικῶν
2724 576 3013 643 ἀρχόντων
3034 575 3294 646 ἀκόσμως
3324 575 3472 648 αὐτῷ
3504 580 3597 631 καὶ
3625 579 3881 651 ἀθέσμως
3911 585 4000 636 Ev-

709 677 919 731 veritus
940 682 1022 728 est
1051 691 1064 727 :
1095 675 1189 728 sed
1215 681 1404 728 contra
1436 672 1617 743 potius
1648 672 2103 734 exsultabundus,
2139 671 2297 726 avide

712 771 1166 841 impudenterque
1209 771 1261 824 in
1300 769 1449 825 illius
1478 768 1819 838 complexum
1861 768 2001 834 ruit,
2041 768 2299 821 alienam-

710 880 817 931 que
856 873 1121 933 tanquam
1173 863 1449 932 propriam
1501 863 1679 931 palam
1727 862 2038 930 arrogavit,
2090 876 2297 929 suaque

708 956 933 1009 infamia
974 966 1027 1009 et
1063 954 1327 1010 dedecore
1373 956 1733 1026 gloriabatur,
1771 964 1826 1009 et
1876 954 2202 1007 laudabatur
2242 954 2295 1007 in

711 1050 997 1113 iniquitate
1023 1065 1121 1101 sua
1152 1066 1165 1113 ;
1202 1054 1451 1115 intraque
1483 1062 1573 1101 sex
1611 1063 1717 1101 non
1751 1047 2141 1113 ampliusdies.
2179 1062 2296 1099 ma-

708 1144 871 1195 nilius
910 1146 1193 1195 hominum
1232 1141 1501 1204 initiatus,
1534 1141 1875 1210 concupitam
1917 1141 2170 1193 EcclesizP
2208 1155 2297 1194 ca-

710 1234 957 1287 thedram
1006 1234 1231 1289 invasit.
1283 1232 1521 1301 Eratque
1570 1248 1695 1286 vere
1736 1247 1992 1290 cernere,
2028 1242 2086 1283 ut
2125 1232 2298 1286 fertur

708 1327 927 1398 adagio,
953 1326 1381 1397 extemporalem
1407 1325 1791 1395 iictitiumque,
1820 1340 1912 1379 seu
1945 1338 2297 1396 personatum

706 1430 982 1474 sanctum.
1012 1417 1147 1473 Nam
1188 1420 1363 1489 primo
1394 1418 1480 1472 die
1502 1420 1808 1474 monachus
1834 1436 1897 1473 ex
1934 1420 2093 1477 laico.
2128 1423 2299 1475 altero

707 1513 900 1571 lector.
928 1523 1040 1566 tum
1069 1514 1497 1583 hypodiaconus,
1529 1528 1593 1567 ac
1619 1513 1882 1567 diaconus
1908 1526 1954 1565 et
1974 1516 2295 1583 presbyter:

708 1618 863 1661 sexto
891 1606 1104 1666 deinde,
1132 1605 1221 1673 qui
1262 1603 1365 1659 fuit
1390 1604 1590 1659 Christi
1624 1604 1839 1663 natalis,
1862 1614 1914 1657 et
1939 1606 2052 1671 ipse
2080 1620 2295 1659 sacrum

706 1698 1085 1751 conscendens
1114 1696 1372 1755 tribunal,
1400 1710 1585 1764 pacem
1617 1695 1835 1765 populo,
1862 1695 1999 1751 nihil
2024 1712 2147 1752 vera
2168 1713 2299 1767 pace

705 1785 933 1857 dignum
977 1786 1245 1855 cogitans,
1288 1784 1581 1839 nuntiavit.

778 2040 909 2098 Erat
926 2042 1055 2099 huic
1080 2054 1271 2100 auctor
1293 2054 1348 2101 et
1376 2045 1623 2102 initiator
1649 2046 1701 2101 in
1722 2048 1977 2105 omnibus
1998 2049 2296 2122 Gregorius

705 2140 799 2195 ille
840 2153 1201 2212 cognomento
1228 2145 1481 2211 Asbesta,
1516 2160 1679 2214 quem
1716 2144 2126 2215 Syracusanum
2165 2146 2294 2201 olim
2313 2189 2339 2199 ..

705 2236 1014 2305 pontilieem
1068 2235 1237 2291 fuisse
1291 2236 1491 2304 ferunt,
1546 2245 1661 2292 tum
1717 2238 2187 2308 Constantinopoli
2230 2237 2297 2293 de

707 2326 998 2382 maleﬁciis
1032 2342 1183 2382 reum
1217 2326 1441 2389 factum,
1474 2336 1527 2382 et
1554 2328 1662 2396 jam
1698 2328 1897 2391 Romm,
1930 2328 2073 2398 quod
2104 2337 2295 2383 contra

704 2418 854 2490 leges
884 2429 939 2474 et
985 2420 1299 2476 sanctiones
1340 2421 1745 2476 ecclesiasticas
1789 2431 2090 2491 peccasset,
2130 2436 2297 2476 exau-

704 2523 1001 2567 ctoratum.
1038 2511 1192 2566 Hune
1222 2513 1479 2583 lgnatius,
1505 2528 1627 2566 cum
1656 2512 1797 2567 esset
1827 2512 2132 2581 patriarcha
2163 2527 2298 2567 con-

706 2603 1032 2667 secrandus,
1068 2618 1135 2657 ne
1170 2603 1468 2657 initialioui
1502 2618 1614 2658 sua:
1651 2602 1957 2667 interesset,
1988 2602 2295 2669 admonuit,

705 2696 879 2751 donec
907 2711 1002 2766 per
1033 2696 1205 2751 otium
1237 2711 1401 2749 causa
1436 2695 1605 2763 ipsius
1630 2695 1914 2763 diligenter
1946 2709 2300 2766 cognoscere-

706 2796 818 2842 tur.
844 2787 996 2854 Quod
1018 2788 1339 2857 patriarcha:
1358 2787 1496 2841 inter
1514 2787 1665 2841 initia
1688 2786 1890 2841 factum
1911 2788 2084 2854 multi,
2103 2804 2299 2859 quam-

705 2882 792 2940 vis
810 2881 958 2953 juste
988 2881 1215 2947 factum,
1246 2881 1735 2951 reprehenderunt.

781 3147 945 3214 Hinc,
984 3151 1177 3221 o-quis
1214 3164 1278 3205 ex
1310 3148 1397 3204 his
1430 3150 1621 3219 paucis
1656 3149 1838 3205 verbis
1873 3160 2048 3205 ortam
2089 3151 2299 3205 cladem

709 3239 860 3295 illam
889 3251 942 3297 et
974 3250 1189 3295 noctem
1224 3240 1460 3309 explicet
1498 3240 1519 3292 ἲ
1549 3242 1673 3307 quis
1705 3242 1894 3295 turhas
1928 3250 1979 3294 ct
2011 3239 2296 3303 factiones,

708 3333 944 3404 litesque
975 3343 1030 3389 et
1060 3333 1462 3403 improbitatem
1504 3332 1651 3387 illius
1694 3334 1847 3402 prolii
1896 3333 1972 3401 (5i
2013 3331 2182 3387 Siculi
2214 3334 2299 3386 di-

708 3432 884 3485 cendo
906 3427 1281 3498 assequatur‘!
1320 3424 1493 3481 Simul
1521 3441 1586 3481 ac
1611 3428 1756 3481 enim
1788 3428 1905 3496 ejus
1939 3430 2012 3481 rei
2044 3428 2297 3481 nuntium

710 3522 943 3589 accepit.
972 3533 1080 3572 non
1113 3533 1173 3574 se
1210 3517 1596 3589 philosophum
1635 3518 1893 3581 ostendit,
1927 3529 1980 3574 et
2014 3518 2298 3574 infamiam

710 3628 869 3666 suam
920 3611 1217 3680 prudenter
1248 3611 1599 3680 dedecusque
1646 3613 1888 3666 contexit
1920 3630 1934 3674 ;
1969 3614 2061 3666 sed
2118 3635 2217 3663 mu
2242 3628 2302 3667 us

711 3706 777 3757 tie
814 3702 1004 3767 lgnatii
1044 3704 1456 3757 consecratione
1495 3718 1743 3774 aet-aptos
1776 3713 1988 3773 alqecnt.
2024 3719 2073 3758 ct
2124 3728 2295 3768 ιιιιιιιι-

712 3799 1034 3850 ιιιιιηδειιιιο
1058 3812 1153 3850 ore
1183 3798 1517 3850 innocentem
1551 3812 1734 3851 Curam
1776 3804 2024 3853 nuit-ursa
2064 3800 2297 3853 Ecclesia

713 3892 1013 3945 foedissime
1040 3889 1403 3947 conviciatus.
1440 3895 1623 3955 lupum
1664 3907 1758 3955 pm
1790 3903 2004 3957 pastore
2039 3894 2299 3946 substnui

713 3986 919 4037 I‘uriuse
955 3984 1273 4037 clamitavit.
1313 3983 1480 4048 Quem
1516 3994 1570 4037 et
1609 3984 1796 4037 Petrus
1841 3986 2063 4053 quidam
2100 3985 2301 4039 Sardo—

713 4093 834 4129 rum
884 4078 1172 4144 episcopus
1228 4086 1591 4143 cogntmtenlo
1634 4075 1827 4141 Miser,
1882 4087 1934 4132 et
1984 4078 2302 4149 Euiampius

714 4171 988 4239 Apamea,
1023 4169 1225 4237 aliique
1256 4183 1286 4221 e
1310 4168 1455 4222 clero
1482 4171 1833 4224 obscuriores
1865 4168 1882 4241 [
1911 4171 2299 4244 insigniores],

714 4264 926 4331 seipsos
962 4262 1031 4315 ab
1082 4258 1326 4315 Ecclesia
1361 4261 1479 4314 sine
1514 4276 1681 4317 causa
1714 4263 2084 4333 sejungentes,
2127 4265 2300 4319 set-uti

716 4364 868 4411 sunt.

789 4450 1053 4507 Undecim
1113 4450 1277 4521 igitur
1326 4448 1499 4519 ipsius
1526 4449 1683 4504 anuis
1725 4447 1965 4519 lgnatius
2006 4467 2037 4505 a
2090 4463 2302 4521 recepta

720 4544 957 4614 primum
1016 4545 1143 4599 sede
1186 4543 1826 4613 Constantinopolitana,
1880 4546 2029 4599 omni
2094 4546 2305 4601 ratione

2320 1930 2369 1989 B

2397 671 2681 739 διδομένην
2720 671 3066 741 Ἐκκλησίαν,
3094 670 3204 724 οὐδ’
3226 672 3301 733 ὠς
3332 672 3504 742 ἑτέρῳ
3538 674 3691 743 ἀνδρὶ
3724 678 4002 747 καθηρμο-

2402 766 2615 835 σμένην
2655 765 2918 835 μοιχικῶς
2968 763 3150 835 ἑαυτῷ
3201 768 3613 834 κατεγγυᾶσθαι
3675 768 4000 840 ηὐλαϐήθη·

2399 857 2713 911 τούναντίον
2752 858 2849 926 μὲν
2878 851 2970 908 οὖν
3010 857 3106 909 καλ⁹
3141 859 3454 927 περιχαρῶς
3478 900 3491 923 ,
3531 860 3563 929 ἣ
3600 860 3831 923 ἀναιδῶς
3867 863 3995 929 μάλ·

2400 951 2513 1014 λον,
2546 952 2951 1018 κατησπάζετο,
2977 949 3072 1002 καὶ
3104 949 3179 1012 ὡς
3213 952 3349 1014 ἰδίας
3373 952 3470 1019 τῆς
3501 954 3785 1025 ἀλλοτρίας
3816 955 4001 1021 σαφῶς

2400 1042 2759 1105 ἀντεποιεῖτο,
2788 1043 2882 1093 καὶ
2906 1042 2961 1093 ὲν
2985 1041 3049 1109 τῇ
3088 1040 3320 1113 αἰσχύνῃ
3362 1040 3528 1095 αὑτοῦ
3571 1043 3801 1115 ἐγαυρία
3848 1045 4003 1109 δοξα-

2401 1135 2649 1205 ζόμενος,
2679 1134 2770 1187 καὶ
2796 1134 2854 1186 ὲν
2884 1137 2948 1206 τῇ
2975 1133 3157 1205 ἀδικίᾳ
3189 1134 3356 1189 αὑτοῦ
3408 1136 3769 1205 ὲνευλογεῖτο,
3805 1141 3898 1193 καὶ
3942 1141 4001 1193 ἐν

2401 1231 2461 1295 ἓξ
2502 1232 2618 1292 ταῖς
2648 1232 2798 1292 δλαις
2822 1228 3060 1299 ἡμέραις
3100 1229 3288 1299 χερσὶν
3335 1231 3641 1303 ἀνθρώπων
3684 1234 4000 1305 τελειούμε-

2401 1338 2508 1383 νος.
2543 1321 2641 1387 τῆς
2664 1316 3106 1388 ἑπιθυμουμένης
3132 1316 3545 1390 ἐπελαμϐάνετο
3570 1321 3840 1391 καθέδρας
3860 1338 3873 1352 ⁸
3904 1310 4001 1373 καὶ

2399 1408 2465 1483 ἦν
2483 1412 2694 1479 ἀληθῶς
2712 1416 2915 1467 ἐκεῖνον
2931 1415 3065 1486 ὁρᾷν
3086 1416 3300 1487 αύθήμε
3308 1432 3399 1484 ρον
3423 1414 3577 1482 άγιον
3602 1414 3996 1483 πλαττόμενον,

2400 1508 2539 1558 κατά
2564 1507 2659 1573 τὴν
2686 1508 3005 1578 παροιμίαν.
3033 1507 3231 1579 Πρώτη
3262 1510 3371 1580 γάρ
3394 1506 3578 1579 ἡμέρᾳ
3605 1508 3839 1578 μοναχδς
3875 1508 4000 1560 ἀντὶ

2400 1597 2608 1665 λαῐκοῦ,
2634 1601 2698 1669 τῇ
2722 1600 2950 1671 δευτέρᾳ
2966 1601 3022 1654 δὲ
3046 1601 3416 1670 ἀναγνώστης,
3442 1602 3537 1654 καὶ
3561 1599 3909 1663 ὑποδιάκονος
3929 1602 3996 1669 τῇ

2402 1692 2550 1759 ἑξῆς,
2575 1688 2697 1747 εἶτα
2725 1693 2995 1761 διάκονος,
3025 1691 3144 1748 εἶτα
3167 1694 3553 1765 πρεσϐύτερος
3573 1694 3763 1748 ἔπειτα
3780 1697 3844 1765 τῇ
3863 1695 3998 1765 ἕκτῃ

2402 1783 2663 1856 (Χριστοῦ
2701 1786 2755 1839 δὲ
2794 1782 2862 1858 ἦν
2892 1786 2959 1841 τά
2987 1786 3257 1856 γενέθλια)
3291 1788 3385 1841 καὶ
3411 1787 3575 1851 αὐτὸς
3624 1788 3701 1860 τῷ
3738 1788 3999 1859 ἱερατικῷ

2402 1880 2649 1951 προσϐὰς
2696 1882 2909 1953 θρόνῳ,
2956 1883 3055 1953 τὴν
3088 1884 3311 1954 εἰρήνην
3362 1882 3441 1954 τῷ
3491 1882 3605 1952 λαῷ
3630 1883 3995 1955 προσεφώνει,

2404 1976 2569 2046 μηδὲν
2598 1975 2698 2044 τῆς
2724 1974 2985 2047 ἀληθινῆς
3020 1978 3243 2047 εἰρήνης
3265 1976 3414 2042 ἄξιον
3444 1976 3795 2047 ἐννοούμενος

2470 2064 2578 2121 Ἦν
2606 2067 2661 2122 δὲ
2691 2066 2838 2138 αὐτῷ
2864 2068 3177 2140 καθηγητὴς
3211 2073 3304 2123 καὶ
3327 2072 3369 2123 is
3381 2072 3698 2142 ροτελεστὴς
3727 2074 3797 2125 τά
3818 2073 3997 2127 πάντα

2400 2158 2705 2230 Γρηγόριος
2736 2158 2945 2221 ἐκεῖνος
2972 2160 2999 2211 ὁ
3024 2158 3359 2229 καλούμενος
3404 2161 3722 2227 ’Δσϐεστᾶς,
3776 2163 3835 2215 ὃν
3863 2181 3995 2217 ποτε

2397 2252 2493 2305 καὶ
2515 2250 2869 2322 Συρακούσης
2895 2249 2995 2320 μὲν
3028 2250 3333 2305 ἐπίσκοπον
3361 2252 3572 2323 ἔφασαν
3605 2253 3881 2322 γενέσθαι,
3908 2256 3997 2308 ἐπ’

2398 2344 2709 2414 ἐγκλήμασι
2729 2343 2785 2396 δέ
2813 2361 2956 2397 τισιν
2981 2344 3059 2406 εἰς
3086 2344 3145 2396 τὸ
3169 2344 3463 2408 Βυζάντιον
3490 2348 3996 2419 κατηγορούμενον,

2398 2436 2500 2507 ἥδη
2552 2435 2608 2490 δὲ
2642 2437 2737 2491 καὶ
2777 2436 2882 2491 ὑπὸ
2932 2438 3030 2506 τῆς
3060 2438 3168 2492 τῶν
3204 2438 3492 2511 Ῥωμαίων
3538 2443 3869 2514 Ἐκκλησίας
3920 2444 4001 2507 ὡς

2400 2530 2553 2601 παρά
2616 2529 2850 2594 κανόνας
2902 2530 3211 2601 πράξαντα,
3272 2533 3678 2609 καθῃρημένον.
3739 2536 4001 2605 Ἰγνάτιος

2400 2622 2525 2694 ἄρτι
2578 2622 2793 2694 πρῶτον
2857 2622 3281 2693 χειροτονεῖσθαι
3336 2626 3568 2695 μέλλων,
3615 2627 3690 2699 μὴ
3742 2630 3999 2699 παρεῖναι

2400 2713 2589 2767 τοῦτον
2622 2717 2687 2785 τῇ
2732 2716 3041 2786 χειροτονίᾳ
3089 2715 3454 2787 διεπέμψατο,
3484 2719 3643 2791 ἄχρις
3669 2713 3730 2774 οὗ
3762 2721 3832 2775 τά
3875 2718 4001 2775 κατ’

2401 2805 2588 2871 αὐτὸν,
2624 2806 2811 2874 φησὶν,
2863 2806 2959 2859 ἐπὶ
3000 2807 3196 2878 σχολῆς
3228 2808 3621 2880 ἀκριϐέστερον
3663 2792 3999 2881 διαγνωσθῇ.

2403 2898 2575 2953 Τοῦτο
2600 2901 2627 2953 ὁ
2656 2900 3005 2971 πατριάρχης
3054 2900 3112 2954 ἐν
3152 2901 3412 2970 πρώτοις,
3444 2902 3505 2955 ού
3540 2904 3719 2968 καλῶς
3754 2905 3875 2974 μὲν,
3923 2904 4004 2968 ὥς

2402 3010 2467 3061 γε
2495 2992 2684 3046 δοκοῦν
2716 2994 2829 3056 τοῖς
2861 2992 3095 3058 πολλοῖς,
3130 2996 3379 3066 πέπραχε
3428 2996 3471 3050 δ’
3504 2993 3598 3051 οὖν
3636 2998 3787 3067 ὅμως
3831 2998 3891 3049 ὲν
3918 2997 4003 3051 δι-

2404 3084 2691 3155 καιοσύνῃ.

2488 3176 2792 3242 Ἐντεῦθεν,
2817 3175 2861 3230 ὦ
2886 3177 2968 3241 τίς
3003 3177 3068 3231 ἂν
3094 3177 3301 3241 ἐξείποι
3343 3178 3443 3249 τὴν
3483 3178 3731 3251 ταραχὴν
3761 3179 3857 3233 καὶ
3899 3180 4006 3249 τὴν

2408 3268 2807 3336 σκοτόμαιναν;
2836 3268 2920 3332 τίς
2960 3268 3057 3340 τὴν
3080 3270 3188 3322 ἀπὸ
3223 3270 3313 3323 τοῦ
3345 3272 3546 3343 μικροῦ
3574 3274 3815 3343 ῥήματος
3850 3272 4008 3341 φιλοο

2402 3358 2630 3419 νεικίαν,
2667 3360 2762 3411 καὶ
2791 3358 2928 3429 ἔριν,
2965 3358 3060 3412 καὶ
3098 3359 3465 3430 μνησικακίαν
3500 3358 3592 3413 τοῦ
3647 3358 3821 3412 δεινοῦ
3856 3358 4006 3411 ὲκεί-

2402 3468 2493 3502 νου
2546 3449 2768 3503 Σικελοῦ
2820 3452 3221 3523 παραστήσαι;
3252 3451 3426 3514 Εὐθὺς
3462 3453 3573 3522 γάρ
3613 3450 3874 3513 ἀκούσας,
3902 3450 4008 3503 οὐκ

2403 3542 2764 3612 ὲςιλοσόφησε
2819 3545 2955 3608 πρὸς
3011 3544 3111 3615 τὴν
3167 3544 3449 3612 ἀγγελίαν,
3516 3545 3577 3598 ού
3634 3545 3731 3613 τὴν
3769 3542 3903 3596 ἰδίαν
3926 3542 4006 3605 ὡς

2404 3643 2663 3704 φρόνιμος
2694 3635 3064 3703 συνεκαλυψεν
3088 3638 3375 3707 αἰσχύνην,
3410 3636 3535 3698 τοὺς
3574 3637 3664 3688 ἐπὶ
3700 3634 4009 3707 χειροτονίᾳ

2400 3728 2451 3781 δὲ
2491 3735 2689 3799 κηροίδς
2714 3732 2819 3782 τῶν
2851 3732 3013 3783 αὑτοῦ
3048 3731 3245 3802 χειρῶν
3270 3731 3603 3802 ἀπορρίψας,
3624 3732 3717 3782 καὶ
3747 3746 4009 3781 καταναι-

2401 3821 2753 3889 δευσάμενος,
2792 3824 2973 3889 πάσης
3004 3824 3235 3875 ἐνώπιον
3278 3826 3378 3893 τῆς
3424 3822 3720 3890 ἐκκλησίας
3759 3821 4007 3889 ἐσχάτως

2402 3914 2778 3985 διελσιδορεῖτο
2808 3918 2898 3967 τὸν
2930 3916 3194 3978 ἀναίτιον,
3228 3917 3322 3969 καὶ
3368 3916 3533 3968 λύκον
3584 3915 3707 3968 ἀντὶ
3744 3914 4007 3981 ποιμένος

2404 4006 2705 4059 ἐπεισιέναι
2762 4008 2828 4077 τῇ
2900 4008 3169 4079 ἐκκλησίᾳ
3202 4008 3482 4078 μανιωδῶς
3534 4007 3925 4078 διισχυρίζετο·
3961 3999 4009 4073 ᾧ

2406 4100 2497 4150 καὶ
2552 4099 2757 4167 Πέτρος
2792 4099 2821 4151 ὁ
2878 4100 3149 4170 Σάρδεων,
3182 4103 3210 4153 ὁ
3240 4102 3533 4171 λεγόμενος
3572 4101 3832 4163 Δείλαιος,
3867 4100 4007 4169 πρὸς

2403 4188 2461 4240 δὲ
2488 4190 2581 4240 καὶ
2612 4194 2638 4240 ο
2674 4188 2978 4259 Ἀπαμείας
3013 4191 3351 4261 Εὑλάμπιος,
3410 4192 3505 4246 καὶ
3539 4191 3690 4245 ἄλλοι
3714 4192 3856 4253 τινες
3896 4190 4008 4241 τῶν

2407 4282 2768 4355 ἀσημοτέρων
2802 4281 2921 4352 [ἀν.
2961 4282 3371 4356 εὐσημοτὲρων]
3419 4285 3634 4337 εἵποντο
3702 4281 4005 4352 κληρικῶν,

2405 4375 2611 4440 ἀλόγως
2640 4376 2735 4445 τῆς
2777 4376 3107 4445 Ἐκκλησίας
3137 4376 3639 4447 άπορῤηγνύμενοι.

2490 4468 2578 4523 Ἐν
2602 4470 2743 4531 ὅλοις
2762 4469 2858 4539 μὲν
2878 4468 2969 4522 οῦν
2999 4469 3190 4522 ἕνδεκα
3215 4470 3430 4539 χρόνοις
3454 4454 3558 4540 τῆς
3585 4470 3810 4541 πρώτης
3834 4471 4007 4524 αὐτοῦ

2407 4564 2690 4634 ἰεραρχίας
2718 4565 2745 4615 ὁ
2775 4562 3030 4630 Ἰγνάτιος
3062 4562 3537 4633 ἀποπειρώμενος,
3570 4566 3664 4617 καὶ
3693 4566 3873 4617 πᾶσαν
3904 4566 4009 4634 μὲν

722 4648 969 4698 conatus,
1006 4639 1266 4708 omnique
1300 4638 1587 4692 verborum
1623 4637 1961 4692 humanitate
1992 4647 2044 4693 et
2068 4639 2302 4694 liberali-

2417 4658 2615 4723 λόγων,
2645 4658 2825 4710 πᾶσαν
2854 4656 2909 4708 δὲ
2941 4656 3160 4725 δωρεῶν
3215 4656 3633 4727 προτεινόμενος
3668 4658 4008 4728 φιλοτιμίαν,

720 4738 828 4783 tate
851 4729 1117 4793 adhibita,
1146 4744 1421 4797 nunquam
1443 4740 1621 4781 tamen
1643 4730 1814 4797 potuit
1835 4729 2078 4785 Asbestaz
2103 4730 2309 4799 impro-

723 4823 945 4876 bitatem
994 4822 1361 4892 exstinguere.
1418 4821 1634 4875 Etenim
1692 4823 2063 4891 potentiorum
2120 4824 2311 4878 limina

720 4918 953 4977 terebat,
1010 4918 1153 4987 apud
1186 4931 1378 4970 omnes
1410 4916 1583 4969 virum
1627 4917 1830 4970 nullam
1861 4918 1930 4972 ob
1958 4918 2171 4987 culpam
2200 4920 2309 4974 cri-

723 5010 1059 5073 minabatur,
1112 5018 1166 5063 ct
1216 5010 1413 5063 acerbe
1466 5010 1734 5064 conviciis
1786 5009 2197 5078 proscindebat,
2255 5019 2311 5064 et

723 5116 970 5158 Sanctum
1012 5112 1351 5166 exsecratus,
1404 5119 1471 5156 ne
1506 5102 1798 5157 Christiani
1840 5104 2058 5171 quidem
2108 5118 2311 5173 cogno-

725 5198 872 5251 mine
899 5196 1245 5264 dignabatur.
1280 5194 1589 5249 Przesertim
1629 5211 1757 5249 vero
1784 5194 1979 5250 Photio
1998 5195 2309 5252 Photiauis-

724 5307 832 5361 que
858 5290 1204 5361 gratissimus
1230 5289 1814 5357 honoratissimusque,
1840 5304 2071 5359 magnus
2087 5289 2309 5359 quidam

727 5385 891 5437 humo
919 5382 1010 5437 Dei
1036 5381 1375 5437 credebatur.
1413 5380 1593 5447 Quare
1626 5380 1695 5435 ab
1722 5383 1909 5435 eodem
1945 5383 2169 5437 Photius
2199 5384 2303 5453 pri-

725 5490 878 5529 mum
908 5486 989 5531 cst
1012 5476 1285 5541 initiatus;
1315 5478 1405 5546 qui
1425 5477 1663 5531 hominis
1689 5478 2010 5532 auctoritate
2032 5478 2309 5544 inductus,

727 5578 902 5625 totum
929 5585 993 5625 ex
1027 5571 1119 5625 illo
1152 5573 1421 5625 adversus
1448 5570 1718 5625 insontem
1762 5572 2024 5639 lgnatium
2070 5570 2309 5625 furorem

727 5658 944 5717 hausit:
968 5662 1190 5730 perinde
1219 5662 1377 5732 quasi
1400 5660 1467 5716 ad
1490 5663 1588 5716 hoc
1617 5662 1793 5731 ipsum
1831 5662 2137 5731 patriarcha
2170 5673 2315 5719 esset

729 5760 1107 5817 consecratus,
1138 5760 1196 5806 ut
1228 5752 1489 5809 omnibus
1538 5753 1784 5808 consiliis
1810 5754 2099 5824 modisque
2132 5756 2312 5809 omni-

803 5932 881 6000 (5)
914 5929 1017 5986 Pro
1050 5933 1307 6002 improbi:
1342 5933 1425 5989 vel
1458 5934 1662 5990 dictum
1696 5951 1789 6005 per
1823 5935 2075 6001 ironiam,
2110 5933 2259 5989 ΙΙΑιιυ

2409 4749 2506 4818 οὐχ
2538 4743 2651 4811 οἷός
2681 4765 2743 4800 τε
2778 4749 3019 4815 ἐγεγόνει
3044 4748 3141 4819 τὴν
3166 4749 3258 4802 τοῦ
3302 4750 3571 4803 Ἀσϐεστά
3596 4751 3799 4802 κακίαν
3842 4768 4011 4804 κατα-

2412 4841 2625 4895 σϐέσαι.
2654 4842 2916 4911 Διήρχετο
2968 4840 3146 4903 πάσας
3168 4842 3344 4907 οἰκίας
3371 4842 3479 4896 τῶν
3503 4842 3803 4908 δυναστῶν,
3827 4844 4012 4913 μάτην

2411 4932 2912 5003 διαλοιδορούμενος
2967 4935 3064 4987 καὶ
3108 4934 3382 5005 διασύρων
3439 4936 3677 5006 πικρῶς,
3736 4936 3830 4989 καὶ
3869 4938 4013 5006 μηδὲ

2409 5028 2736 5097 Χριστιανὸν
2762 5027 3047 5098 ὀνομάζειν
3072 5027 3160 5079 τὸν
3192 5027 3346 5095 ἇγιον
3375 5029 3403 5080 ὁ
3424 5028 3622 5097 ἐναγὴς
3672 5026 3860 5091 ἀξιῶν,
3898 5028 4010 5096 μά-

2414 5119 2574 5172 λιστα
2612 5119 2668 5171 δὲ
2691 5120 2911 5174 πάντων
2936 5120 3088 5191 παρά
3117 5121 3306 5189 Φωτίῳ
3334 5124 3424 5173 καὶ
3458 5125 3569 5183 τοῖς
3600 5121 3766 5175 αὑτοῦ
3804 5139 4016 5191 συγγε-

2414 5212 2529 5265 νέσι
2562 5213 2891 5283 τιμώμενος,
2930 5214 3101 5282 μέγας
3125 5232 3208 5277 τις
3246 5214 3534 5283 ἄνθρωπος
3568 5216 3661 5269 τοῦ
3705 5217 3839 5269 Θεοῦ
3872 5236 4015 5287 χρη-

2418 5302 2669 5373 ματίζειν
2729 5305 3081 5358 ὲπιστεύετο’
3128 5306 3249 5359 ὅθεν
3280 5310 3372 5361 καὶ
3433 5310 3561 5379 παρ’
3592 5310 3755 5364 αὑτοῦ
3790 5310 4015 5380 πρώτου

2414 5395 2812 5465 χειροτονηθεὶς
2841 5396 2869 5446 ὁ
2906 5394 3131 5459 Φώτιος,
3183 5399 3247 5449 ὲκ
3296 5397 3397 5467 τῆς
3444 5402 3523 5463 εἰς
3558 5400 3720 5453 αὑτὸν
3770 5402 4015 5465 πίστεως

2417 5486 2546 5554 ὃλην
2576 5486 2670 5538 τοῦ
2717 5487 2906 5558 ἀνδρὸς
2934 5489 3072 5541 κατά
3108 5488 3201 5541 τοῦ
3238 5492 3483 5544 άναιτίου
3521 5494 3721 5562 μανίαν
3764 5495 4014 5548 ἐπεσπά-

2422 5594 2573 5630 σατο.
2604 5578 2713 5632 Καὶ
2740 5578 2927 5650 ῶσπερ
2955 5582 3033 5643 εἰς
3064 5580 3195 5633 αὐτὸ
3222 5580 3381 5634 τοῦτο
3409 5584 3755 5654 πατριάρχης
3786 5601 4017 5654 προχει-

2423 5670 2649 5741 ρισθεὶς,
2702 5671 2787 5725 ἵνα
2837 5673 3035 5736 πάσαις
3080 5674 3369 5736 ἐπινοίαις,
3427 5678 3647 5746 τρόποις
3706 5678 3861 5740 πᾶσι,
3921 5679 4020 5731 τὸν

2422 5761 2598 5816 ἀθῶον
2628 5767 3031 5837 τιμωρήσηται,
3064 5766 3237 5831 οὕτως
3275 5768 3587 5838 ἠγωνίζετο,
3620 5772 3681 5825 οὐ
3718 5771 3815 5842 τῆς
3853 5773 4016 5841 ἰερω-
