4186 6434
223 397 325 463 513

1268 382 1439 443 VITA
1478 382 1535 441 S.
1580 381 1875 441 IGNATII
1916 382 2024 443 ΟΡ.
2066 380 2417 441 ARCIIIEI’.

3359 385 3463 449 514

224 511 388 577 σύνης
419 506 600 577 μόνον,
654 501 790 555 ἀλλὰ
840 500 933 555 καὶ
961 499 1131 569 αὐτῆς
1163 496 1322 550 αὐτὸν
1364 496 1714 559 ἀπαλλάξειν,
1748 497 1796 548 εί

1900 498 1999 551 bus
2027 496 2306 549 innoxium
2331 494 2433 547 iret
2459 493 2749 561 perditum,
2805 492 2881 547 sie
2915 493 3208 565 pugnabat,
3234 506 3293 550 ut
3317 497 3469 554 illum

218 601 463 664 δυνατὸν,
494 598 594 666 τῆς
621 596 767 665 ζωῆς
789 612 800 624 ’
836 592 1012 647 καίτοι
1038 608 1101 659 γε
1127 589 1464 659 χειρόγραφα
1516 589 1665 657 παρὰ
1689 587 1797 640 τῶν

220 690 664 760 καταδεχομένων
689 688 851 741 αὐτὸν
876 684 1142 755 πρότερον
1174 685 1497 753 ἀπαιτηθεὶς
1530 696 1800 751 μητροπο-

219 786 400 847 λιτῶν,
419 784 559 836 ὥστε
590 780 860 851 πατρικὴν
882 778 1180 847 ἀπονέμειν
1221 776 1299 845 τῷ
1340 774 1586 845 Ἰγνατίῳ
1611 776 1795 841 τιμὴν,

222 878 313 930 καὶ
342 878 522 929 πάντα
550 874 691 927 κατὰ
718 871 971 941 βούλησιν
1001 867 1167 921 αὐτοῦ
1207 865 1359 936 δρᾷν,
1395 866 1490 918 καὶ
1518 866 1574 916 ἐν
1610 860 1799 931 μηδενὶ

220 968 406 1019 τοῦτον
438 964 795 1034 παραλυπεῖν.
855 959 1022 1013 Οὔπω
1053 957 1110 1009 δὲ
1151 957 1288 1026 μετά
1334 955 1433 1020 τὴν
1466 952 1797 1024 χειροτονίαν

219 1060 308 1111 δύο
342 1058 511 1126 μῆνες
557 1052 857 1122 παρῆλθον,
902 1051 995 1103 καί
1043 1047 1204 1107 αὐτὸς
1238 1047 1361 1108 τοὺς
1379 1046 1574 1113 ὅρκους
1607 1043 1799 1113 ὴθετη-

220 1150 351 1213 κὼς,
375 1148 586 1218 πρῶτον
607 1147 706 1217 μὲν
722 1145 845 1205 τοὺς
868 1142 961 1195 ἐπὶ
981 1140 1079 1210 τῆς
1100 1138 1394 1210 ἐκκλησίας
1413 1135 1795 1203 τεταγμένους,

218 1245 373 1304 ὅσους
404 1238 765 1308 οἰκειοτέρους
803 1234 1028 1306 εὕρισκε
1064 1233 1158 1286 τοῦ
1214 1230 1573 1299 πατριάρχου,
1629 1245 1795 1279 κατα-

220 1334 434 1395 κλείων,
468 1333 558 1383 καὶ
587 1330 866 1398 αἰκισμοῖς
896 1327 1089 1396 βιαίοις
1118 1323 1212 1376 καὶ
1238 1324 1457 1392 μάστιξι
1487 1338 1640 1373 κατα
1719 1320 1797 1381 ζόι

221 1444 379 1495 μενος
403 1442 417 1456 ο
448 1427 543 1477 καὶ
572 1421 885 1475 κολακεύων
916 1420 973 1472 δὲ
1000 1416 1183 1478 πάλιν,
1210 1419 1301 1469 καὶ
1326 1415 1477 1484 δῶρα
1500 1413 1795 1483 προτείνων

220 1520 309 1571 καὶ
340 1515 647 1585 προκοπὰς,
675 1514 767 1565 καὶ
799 1511 1137 1582 χειρόγραφα
1180 1507 1445 1568 ἀπαιτῶν,
1480 1505 1573 1558 καὶ
1608 1506 1741 1558 πᾶσι
1766 1504 1798 1537 ⁸

217 1610 354 1663 ὥστε
407 1610 641 1677 πέμψαι,
673 1607 766 1659 καὶ
797 1605 1022 1675 ἔρευναν
1050 1601 1253 1672 ἀκριδῆ
1296 1598 1620 1669 ποιήσασθαι
1660 1596 1798 1650 κατά

215 1702 307 1753 τοῦ
348 1701 630 1767 Ἰγνατίου,
663 1699 737 1761 ὡς
769 1697 931 1750 αὑτοῦ
967 1696 1140 1765 λάθρα
1180 1692 1497 1763 τυρεύοντος
1530 1689 1668 1743 κατὰ
1699 1688 1798 1756 τῆς

220 1796 509 1864 βασιλείας,
553 1792 729 1854 Εὐθὺς
758 1790 851 1844 οὖν
876 1791 1133 1861 ἄρχοντες
1165 1788 1392 1855 ἀπηνεῖς
1424 1785 1518 1838 καὶ
1544 1781 1799 1854 στρατιῶο

217 1906 303 1940 ται
331 1888 552 1957 θρασεῖς
581 1886 679 1955 τὴν
706 1883 1025 1954 Τερέδινθον
1052 1878 1470 1942 καταλαϐόντες,
1503 1878 1597 1932 καὶ
1620 1877 1799 1927 πᾶσαν
1831 1866 1871 1920 Β

219 1981 544 2049 ποιήσαντες
590 1975 857 2040 ἐξέτασιν,
894 1973 989 2027 καὶ
1041 1972 1225 2025 πᾶσαν
1266 1969 1519 2040 βάσανον,
1551 1969 1674 2030 τοὺς
1704 1968 1796 2019 ὑπ’

218 2074 423 2123 ἐκεῖνον
470 2068 792 2138 ἀνθρώπους
852 2064 1261 2135 βασανίσαντες,
1320 2062 1508 2131 ἐπειδὴ
1554 2060 1799 2124 ἐξέλιπον

217 2162 604 2231 ἐξερευνῶντες
636 2157 1034 2229 ἐξερευνήσεις,
1089 2156 1181 2207 καὶ
1215 2154 1402 2207 λοιπὸν
1431 2153 1585 2205 οὐδὲν
1634 2149 1795 2221 εἶχον,

217 2253 355 2303 ὥστε
416 2250 638 2313 δικαίως
691 2247 1150 2319 τιμωρήσασθαι,
1218 2249 1285 2316 τῇ
1342 2245 1529 2315 ἀδικία
1583 2246 1800 2316 καθαρᾷ

217 2338 475 2407 χρῶνται.
508 2338 778 2398 Λαὸόντες
802 2337 907 2407 γὰρ
932 2335 1022 2389 τὸν
1050 2336 1192 2406 ἱερὸν
1215 2336 1383 2405 ἄνδρα
1408 2335 1545 2405 μετά
1573 2336 1681 2388 τῶν
1703 2336 1799 2387 σὺν

218 2427 386 2497 αὐτῷ,
420 2428 673 2496 καὶπρὸς
710 2426 806 2496 τὴν
830 2426 1130 2496 λεγομένην
1170 2424 1399 2496 Ἱέρειαν
1434 2427 1796 2496 περάσαντες,

217 2521 433 2588 δέσμιον
464 2517 653 2570 τοῦτον
682 2519 760 2580 εἰς
784 2518 1022 2588 μάνδραν
1046 2517 1218 2585 αἰγῶν
1236 2518 1589 2570 κατέκλεισαν
1615 2540 1625 2550 ·
1654 2521 1799 2571 ὲκεῖ-

220 2611 305 2661 οέν
335 2626 395 2661 τε
422 2610 555 2678 πρὸς
585 2609 649 2661 τά
682 2608 969 2679 Προμήτου
994 2606 1265 2677 λεγόμενα
1288 2608 1642 2678 διαπερῶσιν,
1664 2608 1797 2660 ὅπου

216 2702 277 2768 δὴ
333 2703 488 2753 Λέων
540 2703 742 2762 ἐκεῖνος
774 2703 801 2753 ὁ
853 2700 1116 2753 Λαλάκων
1175 2700 1645 2770 ἐπονομαζόμενος
1689 2699 1800 2752 τῶν

218 2791 521 2859 Νουμέρων
568 2790 886 2859 δομέστικος
932 2788 1027 2853 ὢν,
1067 2790 1160 2842 ἐπὶ
1192 2789 1446 2841 τοσοῦτον
1476 2788 1640 2841 αὑτοῦ
1688 2790 1801 2850 τοῖς

219 2883 530 2951 ῥαπίσμασι
577 2880 844 2949 κατέκοψε
884 2881 980 2944 τὰς
1038 2882 1314 2949 σιαγόνας,
1379 2881 1455 2943 ὡς
1504 2880 1596 2932 δύο
1628 2880 1801 2950 μύλας

217 2974 331 3024 ἐκεῖ
352 2970 450 3023 τοῦ
483 2971 774 3040 ἱερωτάτου
798 2971 1052 3040 γέροντος
1080 2973 1333 3024 ἐκπεσεῖν
1354 2988 1368 3002 ο
1407 2964 1526 3024 εἶτα
1564 2970 1656 3023 δύο
1699 2987 1795 3038 μο-

215 3066 355 3134 χλοῖς
385 3066 647 3136 σιδηροῖς,
682 3065 1021 3136 ἀνδροφόνων
1044 3068 1265 3136 τρόπον,
1295 3068 1419 3127 τοὺς
1442 3064 1605 3119 αὑτοῦ
1635 3064 1798 3128 πόδας

215 3157 777 3227 κατασφαλισάμενοι,
802 3157 896 3209 καὶ
916 3159 1088 3227 μικρᾷ
1112 3157 1323 3227 φρουρᾷ
1349 3154 1797 3214 κατακλείσαντες

212 3248 483 3317 ἀπῄεσαν,
506 3248 598 3299 δύο
617 3248 810 3309 παῖδας
837 3248 931 3298 καὶ
956 3247 1115 3316 μόνον
1150 3247 1285 3317 πρὸς
1313 3246 1615 3315 ὑπηρεσίαν
1645 3243 1792 3313 αύτῷ

213 3341 626 3403 καταλιπέντες.
658 3340 818 3401 Ὄλος
852 3339 907 3392 δὲ
938 3341 1122 3403 αὐτοῖς
1158 3341 1186 3392 δ
1222 3338 1370 3406 ἀγὼν
1398 3339 1492 3391 καὶ
1519 3340 1550 3408 ἡ
1586 3336 1795 3401 ἔπειξις

210 3429 294 3503 ἦν,
323 3435 468 3488 ὥστε
494 3434 737 3487 λίδελλον
768 3435 948 3499 αὐτοῖς
978 3435 1256 3506 ἅποταγῆς
1285 3434 1489 3498 δοῦναι,
1522 3434 1615 3486 καὶ
1642 3435 1797 3486 ἑκου-

212 3527 336 3588 σίως
367 3525 465 3579 τοῦ
502 3526 695 3596 θρόνου
732 3529 1100 3597 παραχωρεῖν.
1151 3526 1208 3579 '0
1234 3527 1291 3580 δὲ
1321 3528 1413 3580 τὸν
1441 3527 1601 3581 λύκον
1652 3527 1797 3581 κατά

209 3618 302 3687 τῆς
368 3618 616 3688 ποίμνης
670 3618 855 3681 δεινῶς
915 3619 1360 3689 ὲπεισφρήσαντα
1440 3619 1791 3689 θεασάμενος,

206 3711 325 3764 ὅσον
345 3707 415 3782 ἦν
440 3714 531 3764 ἐπ’
566 3711 739 3781 αύτῷ,
778 3713 877 3783 τὴν
908 3712 1094 3781 ἔφοδον
1121 3712 1381 3783 ἐξεῖργεν.
1447 3713 1698 3784 Ἠμερῶν
1737 3714 1793 3765 δὲ

208 3803 600 3873 παρελθουσῶν
627 3805 842 3871 ὀλίγων,
873 3806 954 3868 είς
987 3806 1055 3858 τά
1099 3806 1359 3876 Νούμερα
1405 3806 1592 3858 τοῦτον
1620 3807 1794 3876 περάο

208 3913 419 3961 σαντες,
460 3896 870 3967 σιδηροδέσμιον
912 3897 1285 3964 ἐγκλείουσινι
1339 3892 1460 3951 εἶτα
1485 3896 1795 3965 Αὔγουστος

206 3987 455 4039 ἐνίστατο
476 3987 606 4056 μὴν,
634 3987 728 4039 καὶ
760 3989 837 4049 είς
866 3987 1047 4040 πλοῖον
1088 3988 1250 4042 αὐτὸν
1296 3989 1623 4058 ἐμϐαλόντες
1647 4029 1661 4051 ,
1715 3991 1794 4051 είς

204 4080 527 4149 Μιτυλήνην
556 4078 878 4149 ἐξορίζουσι.
905 4081 1117 4143 Πάντας
1139 4082 1195 4134 δὲ
1219 4084 1345 4145 τοὺς
1369 4082 1796 4153 ὑπονοουμένους

205 4173 441 4237 οίκείους
502 4167 646 4226 εἶναι
687 4174 781 4226 καὶ
816 4173 1001 4242 φίλους
1028 4173 1218 4241 αὐτοῦ,
1275 4174 1369 4240 οὓς
1423 4176 1522 4246 μὲν
1571 4176 1797 4248 δαρμοῖς

205 4266 508 4336 ἀφορήτοις
537 4267 633 4320 καὶ
656 4265 1053 4337 θανατηφόροις
1075 4267 1390 4338 παρεδίδουν
1414 4267 1646 4338 πληγαῖς
1665 4285 1678 4298 ·
1705 4267 1798 4330 οὓς

205 4357 277 4420 δὲ,
307 4358 370 4409 τὸ
406 4355 963 4424 φιλανθρωπότατον,
1022 4358 1363 4429 ὑπερώριζον
1412 4359 1510 4428 τῆς
1565 4358 1793 4421 πόλεως.

208 4448 331 4500 ὐτε
358 4448 423 4518 δὴ
458 4447 679 4502 καὶτὸν
712 4448 1098 4519 χαρτοφύλακα
1123 4450 1352 4505 Βλάσιον
1399 4451 1487 4504 διά
1524 4451 1623 4520 τὴν
1657 4451 1797 4520 ὑπὲρ

1905 605 2012 643 non
2050 588 2355 642 sacerdotio
2402 595 2606 641 tantum
2642 588 2895 656 privaret,
2932 589 3025 640 sed
3057 587 3161 640 vita
3209 590 3396 651 etiam,
3428 594 3474 645 si

1904 689 2110 751 posset,
2143 690 2402 735 exueret:
2438 680 2559 733 licet
2580 688 2763 751 cs§cnt
2788 678 2857 731 ab
2884 692 2949 731 eo
2990 693 3084 746 per
3107 680 3477 750 metropolitas

1905 790 2074 839 suos,
2108 789 2135 825 a
2177 775 2372 843 quibus
2403 782 2484 826 est
2532 783 2799 842 receptus,
2845 782 3036 826 exacta
3079 772 3472 843 chirographa:

1905 877 1964 920 trt
1994 876 2276 937 paternum
2309 867 2517 937 lguatio
2557 866 2815 920 honorem
2858 866 3141 929 tribueret,
3184 866 3478 937 omniaque

1903 976 1967 1014 ex
2003 962 2123 1030 ejus
2153 961 2427 1014 voluntate
2470 968 2698 1029 gereret,
2742 974 2840 1014 nec
2881 960 2988 1013 ulla
3023 959 3076 1012 in
3123 974 3182 1013 re
3217 961 3475 1015 molestus

1903 1062 2091 1108 esset:
2145 1054 2258 1122 ipse
2288 1062 2466 1107 tamen
2520 1052 2609 1105 vix
2651 1062 2771 1120 post
2804 1052 2941 1106 duos
2984 1068 3013 1105 a
3059 1051 3338 1106 creatione
3377 1067 3476 1107 sua

1905 1159 2120 1200 menses
2146 1144 2458 1213 juramento
2489 1159 2590 1198 suo
2616 1142 2849 1209 violato,
2883 1145 3117 1211 primum
3159 1142 3350 1214 Ignatii
3392 1142 3485 1196 fa»

1908 1239 2143 1292 niliares
2174 1237 2407 1306 conjecit
2438 1238 2491 1291 in
2526 1237 2763 1297 vincula,
2799 1235 3042 1305 dirisque
3074 1238 3253 1307 ﬂagris
3285 1246 3341 1291 et
3357 1236 3478 1307 pla-

1903 1331 1985 1400 gis
2013 1330 2261 1385 multavit
2294 1347 2308 1383 :
2346 1330 2537 1384 deinde
2574 1346 2770 1384 rursus
2809 1328 3105 1392 blanditus,
3143 1343 3478 1398 muneraque

1903 1426 1957 1470 et
1987 1417 2220 1471 honores
2244 1416 2540 1485 pollicitus.
2560 1418 2919 1486 chirographa
2946 1418 3120 1486 petiit,
3145 1424 3199 1470 et
3223 1419 3477 1472 omnibus

1904 1509 2080 1562 modis
2111 1507 2321 1562 studuit
2360 1508 2625 1562 adversus
2653 1506 2914 1576 lguatium
2946 1508 3097 1562 exitii
3136 1524 3352 1563 causam
3387 1524 3476 1563 re-

1903 1602 2100 1671 perire.
2132 1601 2381 1670 Cumque
2413 1599 2547 1653 nihil
2583 1600 2778 1653 horum
2807 1616 2928 1669 qua}
2955 1602 3070 1670 ipse
3100 1601 3373 1671 cupiebat,
3400 1601 3477 1654 in-

1903 1693 2133 1757 veniret,
2180 1692 2446 1747 scelerato
2485 1689 2692 1757 Bardae,
2736 1707 2939 1761 perque
2968 1693 3196 1747 Bardam
3231 1692 3476 1748 Michaeli

1902 1782 2470 1853 levissimo'suggcrit,
2504 1792 2561 1835 ut
2590 1782 2789 1847 mittat,
2822 1783 2914 1852 qui
2948 1784 2999 1836 in
3036 1780 3302 1853 lgnatium
3332 1782 3479 1837 velut

1901 1876 2130 1946 imperio
2163 1875 2505 1930 insidiantem
2546 1889 2731 1928 severe
2768 1874 3062 1943 inquirant.
3098 1874 3239 1945 Ergo
3276 1876 3476 1929 erude—

1900 1966 1977 2021 les
2031 1964 2266 2034 praefecti
2317 1974 2639 2034 atrocesquc
2684 1966 2943 2020 satellites
3008 1966 3281 2035 extemplo
3316 1966 3477 2020 Tere-

1900 2056 2149 2110 binthum
2185 2066 2392 2124 petunt,
2444 2055 2737 2124 omniaque
2778 2071 2973 2124 genera
3000 2057 3358 2125 quastionum
3391 2058 3477 2111 in-

1900 2148 2176 2209 stituunt,
2224 2157 2278 2199 et
2326 2145 2560 2199 famulos
2624 2144 2810 2213 lgnatii
2876 2145 3158 2201 tormentis
3222 2147 3476 2202 onmibus

1900 2239 2237 2293 excruciant.
2279 2239 2575 2306 Postquam
2624 2253 2752 2291 vero
2801 2237 3118 2292 defecerunt
3169 2248 3477 2294 scrutantes

1901 2332 2185 2393 scrutinia,
2235 2346 2334 2385 nec
2366 2331 2665 2400 quidquam
2700 2329 3189 2399 deprehenderunt,
3222 2346 3331 2400 quo
3354 2331 3477 2400 jurc

1902 2427 1954 2480 in
2012 2425 2160 2479 illum
2215 2424 2728 2485 animadverterent,
2783 2433 2968 2492 aperto
3014 2425 3217 2479 scelere
3259 2426 3311 2477 in
3348 2441 3473 2478 eum

1901 2528 2241 2588 grassantur.
2275 2517 2563 2585 Arreptum
2594 2518 2738 2570 enim
2773 2517 2948 2569 virum
2993 2528 3239 2571 sanctum
3274 2524 3326 2569 et
3347 2532 3477 2572 suos

1901 2608 1953 2662 in
2002 2608 2235 2662 insulam
2292 2607 2528 2662 l'lieriatn
2568 2607 2947 2672 traduxerunt,
3003 2617 3166 2677 atque
3210 2611 3475 2678 Ignatium

1900 2701 2138 2755 vinctum
2184 2699 2401 2752 stabulo
2434 2698 2685 2766 caprario
2732 2698 3087 2752 incluserunt.
3138 2700 3269 2754 lude
3307 2700 3374 2754 ad
3411 2718 3474 2754 ea

1900 2795 2016 2848 loca
2050 2791 2405 2856 transferunt,
2439 2806 2560 2860 quze
2585 2792 2822 2845 Prometi
2852 2792 3173 2847 dicebantur
3205 2810 3237 2857 ;'
3257 2794 3343 2846 ubi
3368 2792 3476 2847 Leo

1899 2888 1988 2943 il-le
2040 2897 2401 2958 cognomento
2453 2885 2671 2950 Lalaco,
2716 2885 3077 2941 Numerorum
3120 2888 3474 2949 domesticus.

1900 2991 2008 3036 tam
2043 2980 2359 3035 immaniter
2400 2978 2645 3047 colaphis
2675 2993 2841 3048 genas
2869 2978 3015 3033 illius
3043 2980 3257 3043 cecidit,
3295 2988 3352 3033 ut
3384 2995 3474 3035 sa-

1900 3074 2211 3129 cratissimo
2272 3072 2389 3127 seni
2445 3073 2584 3127 duos
2646 3071 2882 3125 molares
2930 3080 3208 3127 excuteret
3262 3073 3473 3130 dentes.

1903 3165 2103 3219 Deinde
2157 3164 2404 3219 vectibus
2454 3161 2724 3233 geminis,
2781 3161 3052 3216 latronum
3083 3162 3285 3224 instar,
3313 3164 3477 3233 pedes

1898 3258 2236 3313 strinxerunt
2263 3264 2641 3325 ;angustoque
2674 3254 2990 3308 conclusum
3014 3258 3310 3325 ergastulo,
3340 3257 3477 3309 duo-

1898 3350 2001 3404 bus
2047 3348 2313 3403 duntaxat
2362 3346 2543 3415 pueris
2574 3345 2915 3401 administris
2949 3346 3025 3399 illi
3060 3347 3355 3406 concessis.
3387 3364 3476 3400 re-

1898 3444 2189 3511 liquerunt.
2215 3439 2349 3493 Tota
2380 3448 2560 3493 autem
2585 3438 2665 3492 vis
2694 3440 2807 3492 haec
2827 3447 2879 3492 et
2903 3438 3116 3493 vexatio
3141 3455 3207 3493 eo
3238 3442 3476 3509 pertine-

1897 3533 2008 3596 bat,
2023 3541 2080 3585 ut
2099 3531 2337 3602 lgnatius
2350 3529 2704 3585 abdicationis
2726 3528 2967 3583 libellum
2997 3531 3144 3586 scrib
3166 3541 3278 3596 τοι,
3312 3547 3480 3601 spon-

1897 3634 2059 3693 teque
2105 3624 2302 3676 throno
2346 3621 2749 3691 patriarcltatus
2804 3620 3039 3676 cederet.
3085 3621 3190 3678 Sed
3215 3624 3475 3694 lgnatius,

1896 3730 2019 3768 cum
2063 3713 2249 3781 lupum
2284 3711 2337 3765 in
2379 3726 2592 3783 gregem
2627 3711 2881 3767 atrociter
2921 3715 3159 3783 grassari
3208 3729 3476 3779 cerneret,

1897 3813 2161 3873 quantum
2225 3809 2473 3871 poterat,
2529 3802 2789 3870 impetum
2854 3805 3199 3872 reprimebat.
3267 3803 3478 3873 Elapsis

1899 3903 2080 3948 autem
2122 3893 2263 3947 baud
2299 3892 2485 3946 multis
2520 3892 2644 3948 inde
2674 3894 2890 3959 diebus,
2927 3894 2980 3947 in
3026 3894 3259 3950 Numera
3304 3896 3476 3949 dedu-

1896 3998 2068 4052 etum,
2111 3987 2164 4039 in
2208 4000 2427 4039 carcere
2473 3985 2680 4039 catenis
2726 3996 3000 4040 onerant:
3051 3988 3172 4040 dein
3228 3989 3477 4057 Augusto

1899 4094 2085 4133 mense
2111 4088 2416 4147 appetente,
2442 4077 2495 4130 in
2529 4078 2801 4146 navigium
2832 4078 3135 4147 conjectum
3164 4078 3473 4149 Mityleucm

1898 4169 2204 4238 deportant.
2231 4166 2397 4220 Porro
2415 4181 2510 4220 eos
2540 4167 2633 4235 qui
2661 4167 2999 4221 habebantur
3029 4169 3147 4237 ejus
3179 4167 3476 4222 familiares

1896 4271 1951 4315 et
1999 4260 2182 4323 amici,
2230 4258 2644 4314 immanissimis
2728 4261 3116 4315 cruciamentis
3196 4261 3475 4330 plagisque

1899 4352 2189 4406 lethalibus
2241 4350 2592 4405 adiciebant:
2649 4366 2785 4420 quos
2833 4362 3013 4405 autem
3080 4352 3473 4408 humanissime

1899 4466 2222 4528 tractabant,
2242 4466 2439 4519 exsilio
2463 4466 2793 4533 multabant;
2827 4467 3116 4539 Blasioque
3138 4470 3466 4541 cltartOphy-

205 4541 297 4612 τῆς
314 4540 590 4605 ἀληθείας
618 4543 931 4612 παρρησίαν
955 4542 1462 4613 ὲγλωσσοτόμησαν.
1504 4544 1590 4595 Ἐν
1621 4544 1791 4597 Μιτυ-

1900 4561 1998 4613 laci
2026 4560 2095 4613 ob
2120 4560 2276 4612 fidem
2301 4571 2354 4612 et
2387 4559 2602 4613 dicendi
2636 4560 2937 4615 libertatem
2972 4562 3210 4632 linguam
3243 4540 3471 4617 detrun-

206 4632 334 4702 λήνῃ
361 4633 420 4685 δὲ
448 4632 895 4703 διατρίόοντος,ό
912 4635 1113 4698 Φὼτιος
1128 4633 1227 4705 τὴν
1254 4637 1374 4688 κατ’
1396 4635 1557 4689 αὐτὸν
1592 4636 1793 4705 ἐκκλη-

207 4724 319 4777 σίαν
366 4724 482 4776 τῶν
514 4726 971 4794 πονηρευομένων
1021 4726 1359 4795 συναγαγὼν,
1394 4727 1487 4780 καὶ
1540 4726 1675 4797 πρὸς
1717 4725 1794 4797 τῷ

207 4817 329 4888 ίερῷ
356 4816 593 4887 τεμένει
622 4815 729 4868 τῶν
760 4817 1093 4884 πανενδόξων
1123 4800 1458 4871 Ἀποστόλων
1479 4820 1790 4887 γενόμενος,

204 4908 528 4978 καθαίρεσιν
553 4906 909 4974 ἀποφαίνεται
944 4908 1084 4961 κατά
1110 4907 1205 4961 τοῦ
1226 4909 1300 4980 μὴ
1333 4910 1600 4979 παρόντος
1618 4911 1791 4975 Ἰγνα⁹

203 4997 342 5049 τίου·
371 4999 434 5050 οὐ
474 4997 650 5067 μόνον
682 4997 761 5061 δὲ,
796 4997 929 5050 ἀλλά
962 4999 1056 5051 καὶ
1079 5000 1469 5070 ἀναθεματίζει
1521 5003 1616 5054 καὶ
1659 5002 1791 5054 ἀπο-

203 5089 477 5157 κηρύττει,
542 5086 710 5149 αὑτὸς
768 5089 1069 5158 κατήγορος
1119 5093 1401 5159 γινόμενος
1453 5093 1546 5145 καὶ
1575 5093 1787 5162 κριτής.

202 5180 307 5233 Καὶ
330 5180 494 5242 ὅσους
537 5179 643 5250 μὲν
677 5178 822 5249 ἑώρα
873 5180 953 5249 τῷ
985 5179 1151 5234 αὐτοῦ
1187 5182 1374 5253 σκοπῷ
1403 5183 1498 5235 καὶ
1522 5186 1586 5253 τῇ
1618 5200 1790 5253 παρα-

204 5269 333 5342 λόγῳ
356 5270 569 5343 πράξει
600 5270 775 5341 ταύτῃ
802 5272 1148 5343 συνᾴδοντας,
1176 5275 1269 5327 καὶ
1294 5277 1405 5337 τοῖς
1446 5276 1790 5345 τελουμένοις

207 5364 656 5434 ὑπογράφοντας,
700 5362 757 5414 ὲν
782 5364 893 5425 τοῖς
937 5363 1173 5433 πρώτοις
1199 5366 1308 5421 τῶν
1348 5365 1518 5435 φίλων
1544 5370 1634 5420 καὶ
1661 5384 1790 5436 γνη-

208 5456 477 5507 σιωτάτων
546 5449 669 5522 εἶχε
721 5452 1186 5526 συλλειτουργῶνο
1243 5458 1357 5513 ὅσοι
1403 5458 1458 5512 δὲ
1486 5463 1549 5529 τῇ
1580 5460 1789 5529 ἀκρίτῳ

206 5545 373 5615 κρίσει
399 5546 914 5618 προσοχθησαντες,
946 5548 1256 5603 συναινέσαι
1293 5553 1416 5614 ταῖς
1454 5552 1789 5620 ἀλογιστίαις

207 5640 418 5702 ταύταις
469 5640 581 5692 οὐκ
600 5638 911 5709 ἠϐούλοντο,
964 5642 1182 5706 τούτους
1221 5642 1298 5713 τῷ
1328 5646 1648 5716 πραιτωρίῳ
1696 5647 1789 5699 xal.

211 5733 465 5799 φυλακαῖς
500 5732 874 5803 πολυτρόποις
918 5733 1420 5806 κολασθησομένους
1478 5738 1784 5808 παρεδίδου.

212 5826 411 5882 Πολλῶν
440 5827 539 5882 οὖν
579 5826 1067 5894 διαγογγυζόντων,
1104 5829 1197 5883 καὶ
1241 5831 1334 5884 ἐπὶ
1362 5833 1481 5895 ταῖς
1512 5832 1788 5901 ἀκρισίαις

1896 4658 2107 4705 carunt.
2167 4649 2378 4718 lgnatio
2409 4664 2574 4718 porro
2604 4649 2869 4720 Mitylenaa
2910 4664 3305 4716 eommorante,
3335 4654 3468 4707 Pho-

1896 4736 2003 4791 tius
2055 4737 2282 4791 ecclesia
2344 4738 2757 4808 malignantium
2813 4740 2913 4794 sibi
2970 4742 3209 4797 atlinium
3259 4756 3469 4809 eoat-ta,

1895 4829 2135 4884 absentis
2180 4830 2393 4899 lgnatii,
2438 4831 2490 4883 in
2535 4831 2651 4900 ipso
2685 4832 3206 4898 gloriosissimorum
3253 4848 3473 4905 aposto-

1895 4920 2073 4974 lorum
2124 4921 2345 4989 templo,
2398 4923 2898 4978 exauctorationem
2947 4926 3263 4993 pronuntiat
3310 4946 3323 4981 ι
3373 4945 3471 4982 nec

1893 5013 2211 5083 pronuntiat
2263 5023 2497 5074 tantum.
2531 5014 2623 5067 sed
2671 5015 3014 5070 anathemate
3043 5016 3305 5085 lgnatium
3347 5018 3470 5073 ferit

1892 5104 2263 5172 damnatque;
2310 5112 2362 5156 et
2404 5104 2719 5157 damnatum
2770 5105 2912 5158 idem
2961 5118 3266 5170 accusator,
3323 5108 3463 5163 idem

1888 5195 2054 5262 judex
2106 5195 2423 5264 proclamat.
2470 5194 2572 5260 Qui
2606 5210 2746 5264 quos
2798 5195 3019 5251 factioni
3070 5213 3183 5253 sua:
3223 5201 3463 5264 studere,

1891 5286 2161 5356 factisque
2201 5287 2409 5341 insanis
2441 5285 2706 5347 acciuere,
2740 5302 2804 5341 ac
2846 5287 3079 5345 decretis
3125 5290 3466 5346 subscribere

1891 5377 2127 5440 videbat,
2166 5376 2264 5430 hos
2295 5390 2421 5430 vero
2454 5375 2592 5431 inter
2642 5377 2860 5433 intimos
2901 5380 3105 5433 amicos
3133 5394 3196 5435 ac
3229 5396 3467 5452 symmy-

1892 5480 2003 5524 stas
2032 5468 2238 5521 habuit.
2268 5465 2371 5532 Qui
2410 5477 2590 5522 autem
2619 5468 2736 5537 ejus
2765 5471 2997 5524 amentia
3029 5471 3462 5536 offende-bantur,

1892 5560 2142 5629 factaque
2178 5563 2259 5628 (ut
2288 5560 2380 5628 qui
2412 5561 2628 5615 sincero
2652 5560 2858 5628 judicio
2885 5561 3083 5635 forent)
3113 5581 3219 5618 non
3270 5567 3465 5633 proba-

1892 5653 2041 5713 bant,
2067 5652 2321 5721 praetorin
2337 5663 2389 5707 et
2406 5654 2633 5708 vinculis
2666 5655 2898 5722 pessime
2920 5666 3168 5725 acceptos
3196 5660 3462 5715 tradebat.

1890 5742 2072 5796 Multis
2105 5742 2271 5812 igitur
2295 5743 2731 5807 mussitantibus,
2756 5744 3109 5815 improbaque
3133 5746 3308 5801 Photii
3341 5760 3461 5802 aeta

1890 5834 2278 5890 damnantibus
2312 5852 2325 5901 ;
2356 5834 2491 5903 quin
2518 5843 2571 5891 ct
2595 5835 2713 5905 ipse
2745 5834 2972 5893 Photius
3003 5852 3123 5893 cum
3161 5839 3276 5893 suis
3299 5838 3463 5895 factis
