4186 6434
701 416 805 479 515

1891 418 2180 478 ΝῘΟΕΤ.Ἐ
2222 417 2309 475 ΡΛ
2324 418 2747 478 l‘llL.\(‘ii)NlS

3850 426 3958 488 5Ῑὸ

701 538 756 579 et
808 524 1142 579 conscientia
1185 521 1702 592 rcprehemlcretur,
1741 524 2027 578 consilium
2071 526 2271 591 impro-

2380 524 2599 587 ταύταις
2649 526 2855 580 Φωτίου
2899 531 3439 596 καταγινωσκόντων,
3493 534 3596 585 ὑπό
3643 552 3699 586 τε
3737 544 3843 587 τῶν
3876 541 3925 590 οἱ

704 617 831 669 bum
857 619 1033 686 potius
1064 632 1223 683 quam
1256 616 1470 684 sapiens
1493 616 1657 681 capit.
1687 616 1799 668 Non
1826 616 1968 667 cnim
1996 616 2135 667 bono
2161 629 2272 665 nia-

707 709 843 769 lum,
866 710 956 761 sed
982 706 1184 760 malum
1212 708 1350 760 malo
1375 718 1587 769 sanam,
1614 709 1917 777 minorique
1939 710 2081 762 tnalo
2098 708 2273 776 majus

705 801 901 853 addere
950 802 1169 870 cogitat.
1201 799 1331 851 Nam
1369 809 1426 853 ut
1472 800 1686 854 \irttttis
1728 801 1863 852 riam
1899 800 2150 869 ingrcssi,
2180 815 2275 867 per

705 896 845 947 bona
889 910 1052 964 opera
1097 894 1252 963 quasi
1289 910 1380 963 per
1411 894 1609 962 gradus
1640 895 1705 947 ad
1742 890 1906 946 Deum
1948 898 2228 947 enituntur
2256 934 2271 958 ,

707 983 776 1035 ita
823 986 1050 1053 improbi
1092 986 1279 1037 reliCto
1328 997 1474 1037 recto
1508 986 1758 1048 tramite,
1798 998 1891 1053 per
1934 1000 2095 1054 opera
2135 984 2275 1039 mala

704 1078 909 1130 auctori
947 1077 1162 1129 malitia:
1183 1076 1491 1145 copulant-:1:
1510 1117 1523 1137 ,
1545 1078 1828 1143 scelusque
1858 1077 2058 1129 scelere
2082 1090 2277 1129 coma--

707 1168 819 1219 lare
850 1182 953 1220 non
994 1167 1284 1226 desistunt,
1311 1167 1483 1219 donec
1509 1166 1561 1219 in
1607 1166 1935 1234 prolundum
1958 1164 2275 1221 inalel‘acto-

705 1272 825 1311 rum
867 1272 1091 1311 suorum
1126 1256 1431 1327 praecipites
1464 1264 1715 1326 agantur.

2375 615 2538 666 κείων
2568 616 2742 685 ἔργων
2769 618 2974 682 ἐκεῖνος
2996 622 3208 691 καὶτῆς
3238 625 3595 693 συνειδήσεως
3623 627 3963 697 διελεγχόμε-

2374 724 2484 771 νος,
2521 709 2715 791 βουλὴν
2754 711 3067 780 βουλεύεται
3104 717 3348 787 πονηρὰν
3410 718 3609 787 μᾶλλον
3648 720 3680 791 ἦ
3713 725 3961 792 συνετήν.

2375 797 2447 847 Οὐ
2477 779 2822 868 γὰρ’ἁγαθῷ,
2858 802 2992 855 ἀλλὰ
3028 804 3182 873 κικῷ
3320 779 3489 862 κακῖν
3550 779 3805 864 ίάσασθαι
3838 779 3962 867 δια-

2376 893 2617 943 νοεῖται·
2650 894 2850 963 μᾶλλον
2905 895 2965 947 δὲ
3003 897 3079 966 τῷ
3110 897 3295 968 ἥττονι
3318 900 3379 952 τὸ
3411 900 3594 970 μεῖζον
3625 903 3960 971 ἐπενεγκεῖν.

2374 982 2587 1051 Ὠσπερ
2612 984 2719 1052 γὰρ
2752 988 2801 1040 οἱ
2831 986 2928 1057 τὴν
2954 987 3072 1041 ὁδὸν
3105 990 3349 1053 ἀνιόντες
3378 992 3478 1060 τῆς
3503 995 3724 1065 ἀρετῆς,
3747 996 3835 1049 διὰ
3857 999 3965 1050 τῶν

2377 1073 2596 1141 ἀγαθῶν
2624 1074 2799 1144 ἔργων
2832 1079 2905 1140 ὡς
2928 1078 3013 1131 διὰ
3042 1081 3308 1149 κλίμακος
3335 1083 3687 1138 ἀναϐαίνουσι
3716 1088 3851 1158 πρὸς
3876 1090 3967 1141 τὸν

2376 1166 2509 1217 Θεόν
2532 1185 2544 1197 ο
2578 1164 2751 1230 οὕτως
2789 1169 2836 1220 οί
2864 1169 2962 1239 τὴν
2994 1170 3209 1224 εὐθεῖαν
3232 1174 3509 1241 ἀφιέντες.
3540 1175 3629 1229 διὰ
3654 1178 3764 1231 τῶν
3792 1196 3966 1251 πονη-

2380 1255 2491 1324 ρῶν
2526 1256 2776 1326 πράξεων
2804 1257 2882 1329 τῷ
2912 1260 3010 1331 τῆς
3044 1262 3310 1334 ⁴πονηρίας
3357 1268 3831 1337 προσωκειοῦνται
3860 1289 3968 1324 πα.-

2280 1373 2287 1380 -
2375 1347 2504 1415 τρί’
2539 1348 2633 1402 καὶ
2660 1348 2815 1419 κακῷ
2862 1352 3033 1405 κακον
3076 1354 3458 1419 ἐπιπλέκοντες
3485 1361 3543 1411 οὐ
3572 1359 3964 1427 διαλείπουσιν,

776 1520 1120 1589 Legationcm
1146 1535 1276 1589 ergo
1305 1528 1358 1573 et
1391 1519 1478 1573 ille
1499 1517 1728 1573 Romam
1759 1529 1990 1573 veterem
2022 1518 2277 1581 destinat,

704 1623 758 1665 ct
789 1628 816 1665 a
849 1611 1071 1667 Nicolao
1098 1627 1229 1681 papa
1261 1612 1464 1678 legatos
1497 1613 1651 1681 petit,
1681 1613 1770 1680 qui
1802 1612 1853 1662 iu
1888 1609 2124 1678 speciem
2164 1610 2281 1678 qui-

705 1707 826 1759 dvm
871 1707 1162 1773 collapsam
1190 1702 1449 1757 Ecclesiae
1487 1703 1827 1771 disciplinam
1879 1701 2189 1765 emendem,
2227 1708 2280 1754 et

704 1800 975 1850 ilamnatze
1024 1797 1507 1851 Iconomachorum
1553 1803 1714 1849 secta:
1757 1792 2014 1862 reliquias
2063 1794 2279 1862 penitus

703 1888 1097 1956 exs-tinguant;
1145 1903 1331 1941 revera
1375 1896 1577 1949 autem,
1626 1896 1683 1940 ut
1731 1887 1991 1939 lloniana:
2017 1883 2272 1939 Ecclesiae

2380 1896 2479 1949 τῶν
2510 1898 2587 1952 ἐτι
2618 1901 2717 1970 τῆς
2750 1903 3419 1979 Χριστιανοκατηγορικῆς

705 1983 1028 2036 auctoritate
1064 1982 1255 2051 lgnatii
1311 1983 1807 2035 exaurtorationem
1847 1980 2087 2032 lirmaret
2117 1986 2281 2033 testa-

706 2077 1011 2143 tioremquc
1044 2075 1312 2128 redderet.
1348 2072 1514 2137 Leuat
1540 2089 1667 2144 ergo
1690 2071 2051 2140 TheOphilum
2076 2071 2281 2125 Amorii

704 2168 1047 2235 episcopum,
1081 2176 1135 2220 et
1166 2166 1498 2227 Samuclem,
1538 2170 1628 2235 qui
1672 2165 1737 2219 ad
1769 2165 1917 2217 Illum
1949 2163 2090 2217 diem
2133 2164 2279 2218 Cho-

706 2270 899 2308 narnm
931 2257 1171 2311 .antistes
1206 2255 1511 2309 Laodiceno
1544 2255 1846 2324 subjectus,
1880 2254 2278 2324 archiepiscopi

708 2347 910 2400 honore
950 2350 1200 2417 dignatus
1240 2357 1323 2401 est
1364 2364 1392 2400 a
1435 2349 1649 2403 Photio.
1688 2347 1790 2402 Per
1839 2363 1979 2418 quos
2029 2350 2281 2419 egregius

706 2440 796 2493 ilic
825 2455 936 2492 non
977 2441 1178 2493 veritus
1203 2450 1286 2495 cst
1309 2439 1375 2493 ad
1409 2441 1715 2509 pontiﬁcem
1744 2443 2038 2493 maximum
2064 2442 2282 2494 luenda-

706 2531 788 2583 cia
813 2531 1183 2598 perscribere;
1210 2529 1473 2600 Ignatium
1499 2530 1652 2583 senio
1668 2538 1720 2583 et
1744 2530 1933 2583 morbo
1955 2530 2280 2593 c0nfectum,

706 2623 1063 2691 cci-porisque
1112 2623 1481 2675 inialcludine
1533 2622 1897 2687 laborantum,
1943 2637 2002 2675 se
2060 2638 2283 2676 munere

705 2713 1013 2778 abdicasse,
1047 2730 1252 2782 suaque
1281 2714 1332 2766 in
1362 2714 1539 2767 insula
1572 2723 1626 2767 ct
1650 2715 1901 2769 coenobio
1932 2719 2280 2782 commorari,

705 2816 757 2858 et
799 2820 827 2858 a
864 2804 1203 2875 principibus
1235 2804 1564 2873 populoque,
1602 2816 1655 2858 et
1691 2814 1801 2859 tota
1841 2805 2103 2871 Ecclesia,
2135 2809 2281 2862 omni

707 2898 912 2951 honore
937 2906 991 2950 et
1018 2896 1207 2950 olliciis
1236 2897 1359 2949 coli.
1389 2892 1872 2967 Pontifex,legatis
1897 2900 2159 2970 exceptis,
2199 2915 2284 2955 re-

706 3004 824 3040 rum
869 2988 1344 3057 (.onstantinopoli
1399 2995 1680 3058 gestarum
1731 2991 1979 3060 ignarus,
2035 2994 2174 3049 duos
2217 2994 2283 3049 lc-

706 3087 884 3147 gatos,
904 3079 1225 3135 Zachariam
1250 3092 1302 3135 et
1329 3081 1705 3136 Rbodualilum
1730 3086 2020 3153 episcopos
2045 3088 2279 3158 ablegat.

2377 1439 2481 1501 ἓως
2514 1439 2579 1493 ἂν
2602 1443 2681 1504 είς
2710 1443 2801 1497 τὸν
2848 1445 2959 1497 τῶν
2988 1448 3204 1502 οἰκείων
3228 1448 3406 1520 ἔργων
3436 1452 3715 1521 ἐκραγῶσι
3748 1453 3961 1525 βόθρον.

2448 1535 2747 1587 Διανοεῖται
2795 1536 2973 1589 τοίνυν
3028 1540 3277 1605 κάκεῖνος
3351 1543 3691 1613 πρεσδευτὰς
3729 1549 3808 1609 είς
3867 1549 3966 1618 τὴν

2378 1624 2757 1697 πρεσόυτέραν
2784 1627 3100 1683 ἀποστεῖλαι
3142 1632 3381 1705 Ῥώμην,
3408 1636 3502 1689 καὶ
3526 1639 3672 1707 παρᾶ
3697 1639 3964 1692 Νικολάου

2376 1712 2469 1765 τοῦ
2500 1715 2657 1769 πάπα
2712 1721 3092 1791 τοποτηρητὰς
3131 1725 3374 1793 αἰτῆσαι,
3430 1730 3706 1797 πρόφασιν
3748 1733 3848 1799 μὲν
3881 1736 3963 1795 εἰς

2378 1803 2663 1871 διόρθωσιν
2720 1810 2818 1878 τῆς
2877 1812 3221 1882 Ἑκκλησίας,
3275 1819 3451 1871 εἴτουν
3482 1821 3719 1892 ἐκτομὴν
3749 1824 3964 1877 τελείαν

3446 1912 3553 1966 τῶν
3584 1916 3771 1967 Εἰκονο
3779 1917 3965 1987 μάχων

2384 1992 2650 2062 αἱρέσεως
2674 1998 3051 2068 ἀντεχομένων
3069 2016 3083 2031 ο
3107 2004 3167 2054 τὺ
3191 2002 3246 2054 δέ
3277 2002 3497 2073 ἀληθὲς,
3524 2006 3598 2070 ὡς
3619 2005 3684 2060 ἄν
3708 2009 3845 2077 μετὰ
3866 2011 3965 2080 τῆς

2378 2083 2489 2136 τῶν
2531 2082 2818 2156 Ῥωμαίων
2846 2088 3028 2158 χειρὸς
3057 2093 3528 2165 περιφανεστέραν
3571 2093 3664 2147 τοῦ
3700 2096 3965 2164 ἰγνατὲου

2381 2176 2673 2246 ποιήσηται
2705 2179 3045 2251 καθαίρεσιν.
3105 2184 3450 2237 Ἀποστέλλει
3479 2188 3659 2239 τοίνυν
3706 2189 3966 2255 Θεόφιλον

2380 2268 2677 2322 ἐπίσκοπον
2732 2272 2826 2325 τοῦ
2869 2274 3146 2344 Ἀμορίου,
3201 2278 3295 2331 καὶ
3351 2279 3608 2351 Σαμουὴλ
3667 2283 3967 2335 ἐπίσκοπον

2378 2360 2539 2430 ἄχρις
2558 2364 2764 2416 ἐκείνου
2788 2365 2896 2419 τῶν
2913 2368 3115 2420 Χωνῶν
3135 2369 3237 2422 ὑπὸ
3260 2372 3581 2425 Λαοδίκειαν
3605 2376 3964 2443 τυγχάνοντα,

2378 2454 2808 2523 ἁρχιεπίσκοπον
2835 2458 3178 2530 τετιμηκώς·
3214 2461 3280 2515 δι’
3302 2456 3377 2516 ὧν
3406 2466 3502 2517 καὶ
3531 2465 3600 2519 τὰ
3623 2466 3793 2536 ψευδῆ
3829 2468 3968 2537 πρὸς

2377 2546 2468 2599 τὸν
2500 2548 2684 2602 πάτςαν
2717 2551 2951 2621 γράφειν
3013 2556 3040 2606 ὁ
3093 2556 3355 2622 γεννάδας
3393 2557 3492 2610 οὐκ
3548 2559 3726 2611 ὀκνεῖ·
3763 2562 3967 2628 γράψει

2377 2635 2507 2706 γὰρ,
2536 2637 2612 2701 ὡς
2671 2639 2931 2707 Ἰγνάτιος
2961 2642 3047 2695 διὰ
3080 2643 3255 2714 γῆρας
3298 2646 3392 2699 καὶ
3420 2647 3574 2699 νόσον
3594 2649 3689 2701 καὶ
3715 2648 3970 2719 σώματος

2380 2730 2685 2800 ἁῖυναμίαν
2723 2737 3229 2806 παραιτησάμενος,
3259 2738 3584 2810 ὑπεχώρησε
3611 2741 3709 2809 τῆς
3734 2742 3973 2811 Ἐιιέλη-

2382 2820 2526 2885 σίας.
2552 2824 2645 2876 καὶ
2671 2826 2726 2878 ἐν
2756 2828 2822 2895 τῇ
2846 2828 2962 2879 κατ’
2994 2828 3155 2881 αὐτὸν
3187 2830 3335 2900 νήσῳ
3378 2832 3472 2884 καὶ
3513 2832 3589 2903 τῷ
3623 2834 3973 2903 μοναοτηρίῳ

2384 2913 2589 2982 μένων,
2618 2917 2799 2986 πάσης
2831 2919 2995 2989 τιμῆς
3024 2921 3117 2972 καὶ
3150 2920 3444 2990 θεραπείας
3474 2926 3579 2978 ὑπὸ
3594 2945 3651 2980 τε
3680 2928 3787 2993 τῷν
3818 2926 3977 2997 βασι-

2381 3004 2671 3073 λευόντων,
2710 3010 2816 3062 ὑπό
2865 3028 2923 3063 τε
2964 3012 3142 3082 πάσης
3172 3015 3270 3083 τῆς
3302 3016 3507 3081 πόλεως
3559 3020 3652 3073 καὶ
3704 3022 3804 3089 τῆς
3851 3017 3976 3073 κατ’

2382 3094 2545 3150 αὐτὸν
2586 3100 2916 3170 Ἐιικλησίας
2955 3104 3219 3168 ἀξιοῦται.
3255 3108 3489 3173 Τούτους
3513 3112 3755 3177 ardua;
3815 3112 3976 3176 δεξά-

709 3189 889 3239 μενος,
943 3176 1033 3224 καὶ
1087 3173 1184 3241 τὴν
1215 3173 1322 3227 τῶν
1359 3175 1699 3243 πραγμάτων
1751 3172 2013 3246 ἀλήθειαν
2064 3179 2300 3251 ἀγνοῶν,
2343 3186 2438 3241 δύο
2485 3192 2860 3264 τοποτηρητὰς
2916 3196 3191 3267 Ζαχαρίαν
3238 3201 3330 3252 καὶ
3386 3172 3689 3257 Ῥοῶαλδον
3737 3172 3979 3259 ἐπισκό-

705 3279 839 3323 me;
862 3263 1200 3316 ἀποστέλλει.

779 3351 989 3406 Interea
1012 3354 1214 3407 athleta
1241 3353 1447 3408 Christi
1482 3357 1730 3410 semestri
1759 3355 2027 3429 Mitylenze
2065 3373 2280 3429 exacto,
2312 3376 2355 3435 (ς

708 3442 776 3494 ab
804 3443 1001 3496 exsilio
1057 3445 1196 3497 redit
1238 3461 1251 3497 :
1284 3444 1423 3497 redit
1453 3456 1632 3499 autem
1672 3448 1949 3503 voluntate
1978 3451 2281 3523 principum

712 3534 999 3588 restitutus
1051 3536 1245 3589 insula:
1306 3536 1663 3603 Terebintho,
1720 3554 1828 3593 non
1896 3549 2004 3594 tam
2066 3545 2281 3611 honori,

709 3626 877 3693 quieti
914 3637 966 3679 et
998 3628 1220 3691 solatio,
1257 3644 1419 3696 «luam
1466 3631 1798 3698 ignominim,
1834 3635 2126 3700 vcxationi,
2166 3652 2283 3691 ma-

705 3712 921 3782 jorique
958 3714 1258 3768 alllictioni.
1293 3716 1504 3781 Quanta
1532 3720 1674 3772 enim
1707 3722 2031 3778 inimicusin
2068 3732 2134 3779 eo
2164 3742 2283 3781 ma-

712 3803 953 3873 lignatus
1004 3808 1094 3869 sit,
1148 3816 1493 3875 quantasque
1548 3826 1823 3866 aerumnas
1866 3814 2082 3869 Nicelas
2122 3818 2284 3885 regiae.

711 3896 905 3950 classis
950 3897 1279 3968 drungarius
1334 3912 1696 3970 cognomento
1746 3904 2008 3976 Oryphas,
2050 3919 2282 3976 quantas

710 3988 837 4043 item
881 3993 1262 4056 contumelias,
1300 4002 1359 4046 ut
1386 3993 1581 4049 l’hotio
1609 4007 1663 4050 et
1693 4000 2029 4067 principibus
2074 4003 2281 4068 gratill-

712 4095 951 4145 carcrur,
1003 4082 1301 4151 -irrogarit,
1358 4101 1480 4154 qua:
1534 4090 1712 4143 oratio
1757 4093 2116 4160 asseqnatur?
2149 4092 2282 4160 Quis

713 4172 1053 4236 siligillztlim,
1099 4174 1385 4243 impetum,
1419 4177 1679 4242 coniicia,
1705 4181 1949 4245 verbera,
1989 4193 2279 4251 tormenta,

712 4279 832 4331 qua:
864 4264 949 4316 ille
980 4264 1031 4316 in
1063 4264 1358 4320 fainiliarcs
1392 4269 1538 4325 illius
1568 4282 1793 4326 cruenta
1820 4289 1981 4328 manu
2013 4278 2278 4345 excreuit,

710 4354 993 4419 expullat?
1034 4355 1279 4410 Accessit
1317 4368 1367 4412 et
1402 4359 1503 4413 alia
1568 4373 1757 4416 sancto
1802 4365 1920 4419 viro
1974 4368 2278 4424 calamitas.

717 4444 784 4493 lia
824 4454 1144 4512 tempestate
1195 4446 1391 4503 llhossi
1450 4466 1583 4519 gens
1645 4453 1992 4523 Scytharum,
2036 4475 2065 4511 a
2110 4458 2282 4515 Ponto

714 4532 926 4588 Euxino
967 4538 1031 4588 atl
1068 4539 1294 4591 S:enum
1324 4544 1650 4596 excursione
1690 4543 1851 4611 facta,
1886 4564 2101 4602 omnem
2137 4551 2280 4605 circa

715 4625 986 4692 regionem
1022 4629 1316 4698 omniaiptc
1376 4635 1706 4688 monasteria
1756 4637 2046 4706 depi‘zedati
2105 4651 2277 4696 sunt:

713 4715 1089 4769 insulnnorum
1120 4718 1781 4790 qucqueByzantinorum
1826 4742 1922 4795 per
1974 4731 2279 4799 p0pulatio-
2313 4718 2359 4773 Ῑ)

718 4822 839 4858 nem
882 4823 1008 4860 vasa
1067 4811 1248 4862 omnia
1300 4812 1666 4882 diripuerunt,
1714 4828 1996 4886 argentum
2050 4823 2287 4877 abstule-

718 4906 865 4959 IUlll,
913 4909 1105 4969 captus
1139 4904 1203 4953 ad
1245 4918 1411 4956 unum
1467 4921 1661 4961 omnes
1701 4911 2060 4967 trucidarunt.
2113 4914 2287 4982 Ipsius

715 4989 949 5057 denique
977 4991 1296 5059 patriarchie
1314 4997 1559 5050 cumobia
1586 4998 1872 5055 barbarico
1904 5004 2085 5058 furore
2109 5017 2160 5059 et
2184 5008 2287 5060 im-

715 5091 840 5147 petu
880 5082 1240 5148 incursantes,
1297 5094 1405 5139 tota
1464 5090 1783 5157 supellectili
1834 5093 2065 5164 direpta,
2102 5100 2293 5166 spolia-

716 5182 864 5237 runt,
884 5174 1129 5245 duosquc
1149 5194 1312 5247 supra
1331 5180 1514 5249 viginti
1537 5198 1602 5235 ex
1626 5185 2067 5244 familiarissimis
2084 5202 2289 5259 captos,

719 5262 775 5314 in
818 5278 927 5315 uno
969 5268 1169 5337 navigii
1204 5271 1550 5327 trochantcre
1592 5291 1783 5330 omnes
1811 5280 2094 5336 securibus
2126 5286 2293 5338 truci-

717 5353 934 5415 darunt.
976 5358 1123 5422 Quas
1160 5362 1248 5416 ille
1302 5356 1484 5419 clades
1519 5381 1648 5421 cum
1702 5372 2023 5441 accepisset,
2072 5377 2286 5432 unicam

718 5446 861 5502 hanc
892 5449 944 5502 in
981 5466 1075 5505 ore
1110 5468 1294 5508 vocem
1326 5471 1545 5526 semper
1571 5460 1764 5515 habuit
1792 5482 1804 5517 :
1832 5463 2089 5521 Dominus
2121 5468 2285 5536 dedit,

716 5539 974 5598 Dominus
1005 5548 1224 5602 abstulit
1252 5568 1269 5605 .'
1298 5538 1431 5604 sient
1458 5552 1685 5608 Domino
1719 5558 1938 5624 placuit,
1970 5564 2044 5615 ita
2086 5564 2288 5633 factum

716 5644 793 5686 cst
828 5633 872 5699 δ,
904 5646 957 5691 ct
994 5654 1113 5708 quae
1146 5654 1471 5713 sequuntur.
1514 5646 1587 5702 lta
1619 5650 1821 5718 gratias
1852 5668 2020 5723 agens
2053 5668 2105 5711 et
2156 5674 2284 5713 ora-

799 5730 824 5749 ρ

824 5811 844 5841 ’⁵
878 5811 999 5869 Job.
1038 5830 1075 5883 t,
1107 5816 1191 5872 il.

2477 3367 2567 3419 Ἐν
2600 3367 2656 3421 δὲ
2713 3368 2789 3439 τῷ
2842 3371 3047 3440 μεταξὺ
3094 3374 3339 3428 ἐπάνεισι
3405 3379 3504 3447 μὲν
3541 3380 3641 3451 τῆς
3699 3381 3916 3454 ἐξορίας
3950 3384 3982 3435 ό

2386 3458 2643 3528 ἀθλητὴς,
2676 3459 2736 3525 ἒξ
2761 3462 2935 3532 μῆνας
2958 3466 3015 3516 ἐν
3045 3466 3327 3539 Μιτυλήνῃ
3354 3472 3668 3543 πεποιηκώς
3688 3491 3702 3503 σ
3724 3474 3981 3529 ἐπάνεισι

2383 3550 2440 3604 δέ
2462 3551 2549 3603 διὰ
2582 3553 2682 3615 τῆς
2703 3554 2810 3607 τῶν
2837 3558 3181 3624 κρατούντων
3209 3563 3466 3631 προνοίας
3501 3566 3637 3634 πρὸς
3676 3567 3773 3636 τὴν
3801 3568 3975 3637 Τερέ-

2386 3643 2569 3696 6ινθον
2601 3646 3130 3717 ἁποκαθιστάμενος,
3192 3652 3252 3704 οὐ
3306 3655 3439 3725 πρὸς
3501 3658 3665 3727 τιμὴν
3705 3659 3907 3727 μᾶλλον
3944 3661 3979 3730 ἥ

2383 3736 2629 3805 ἀτιμίαν,
2660 3737 2781 3789 οὐδὲ
2813 3739 2947 3808 πρὸς
2972 3742 3279 3796 ἀνάπαυσιν
3310 3745 3405 3798 καὶ
3441 3750 3812 3817 παραμυθίαν,
3838 3752 3982 3807 ἀλλὰ

2384 3829 2523 3897 πρὸς
2549 3828 2727 3898 θλίψιν
2758 3832 2851 3883 καὶ
2882 3835 3126 3887 κάκωσιν
3173 3840 3589 3910 περισσοτέραν.
3618 3843 3758 3895 Ὅσα
3786 3846 3896 3915 γὰρ
3940 3848 3973 3898 ὁ

2384 3918 2576 3989 ἐχθρὸς
2608 3921 2667 3973 ἐν
2700 3922 2848 3993 αὑτῷ
2872 3926 3299 3997 ἐπονηρεύσατο,
3327 3931 3422 3984 καὶ
3457 3933 3584 3995 ὅσας
3617 3934 3764 4002 αὑτῷ
3794 3935 3841 3988 Ν
3850 3939 3976 4007 ική-

2382 4028 2481 4072 τας
2512 4012 2540 4062 ὁ
2570 4011 2664 4064 τοῦ
2696 4011 2981 4082 βασιλικοῦ
3031 4019 3214 4071 στόλου
3265 4019 3696 4093 δρουγγάριος,δ
3733 4025 3981 4097 Ὠρύφας

2383 4100 2697 4172 λεγόμενος,
2737 4103 2943 4174 θλίψεις
2992 4108 3266 4178 ἐπήνεγκε
3317 4112 3415 4165 καὶ
3463 4114 3754 4183 ἐπηρείας,
3786 4118 3981 4190 Φωτίῳ

2383 4197 2478 4248 καὶ
2499 4197 2913 4268 τοίςνκρατοῦσι
2964 4202 3345 4271 χαριζόμενος,
3376 4205 3461 4268 τίς
3510 4206 3668 4274 λόγος
3696 4215 3983 4280 παραστῆ-

2385 4302 2473 4338 σαι
2502 4286 2759 4353 δύναται;
2816 4289 2902 4354 τίς
2935 4290 3058 4344 καθ’
3082 4291 3140 4345 ἓν
3169 4294 3502 4369 ἀπαγγεῖλαι
3531 4299 3631 4361 τὰς
3656 4301 3979 4369 ἐπαγωγὰς,

2381 4378 2483 4441 τὰς
2506 4378 2714 4450 ὓδρεις,
2748 4382 2845 4445 τὰς
2868 4382 3096 4452 ζημίας.
3131 4366 3375 4451 καὶιτους
3401 4388 3664 4460 δαρμοὺς,
3699 4366 3800 4446 ὅσα
3831 4366 3980 4463 χειρὶ

2386 4473 2657 4541 μιαιφόνῳ
2702 4474 2844 4525 κατὰ
2894 4474 3005 4527 τῶν
3070 4477 3164 4530 τοῦ
3205 4481 3476 4551 μακαρίου
3524 4485 3742 4537 οἰκείων
3771 4487 3981 4551 ἐκεῖνος

2383 4563 2746 4633 ἐτεκτήνατο;
2793 4564 3117 4635 Ἐπεγένετο
3169 4569 3227 4622 δὲ
3277 4573 3368 4624 καὶ
3401 4574 3533 4643 άλλη
3562 4575 3641 4645 τῷ
3669 4576 3808 4647 ἁγίῳ
3840 4596 3986 4649 συμ-

2384 4654 2545 4721 φορά.
2575 4653 2706 4706 Κατ’
2729 4656 2939 4709 ἐκεῖνον
2970 4659 3078 4728 γὰρ
3104 4659 3194 4713 τὸν
3221 4664 3412 4733 καιρὸν
3442 4666 3501 4718 τὸ
3536 4668 3975 4736 μιαιφονώτατον

2385 4744 2492 4797 τῶν
2523 4745 2747 4799 Σκυθῶν
2786 4747 2960 4817 ἔθνος,
3011 4754 3060 4805 οἱ
3098 4753 3383 4825 λεγόμενοι
3440 4759 3597 4825 Ῥὼς,
3628 4764 3716 4816 δτὰ
3746 4764 3837 4817 τοῦ
3876 4764 3983 4819 Εὐ-

2390 4835 2560 4898 ξείνου
2592 4837 2789 4892 πόντου
2820 4846 3348 4915 προσκεχωρηκότες
3373 4850 3449 4920 τῷ
3470 4851 3664 4922 Στενῷ,
3684 4855 3777 4907 καὶ
3800 4858 3984 4912 πάντα

2394 4928 2490 4996 μὲν
2522 4932 2717 5001 χωρία,
2741 4933 2919 4987 πάντα
2939 4936 2994 4988 δέ
3020 4943 3357 5011 μοναστήρια
3395 4943 3783 5015 διηρπακότες,
3805 4949 3882 5001 ἔτι
3912 4950 3981 5021 δὴ

2391 5024 2487 5076 καὶ
2534 5026 2642 5078 τῶν
2702 5028 2796 5081 τοὺ
2872 5032 3168 5096 Βυζαντίου
3221 5039 3567 5107 περιοικίδων
3633 5044 3980 5114 κατέδραμον

2393 5116 2630 5184 νησίων,
2697 5122 2868 5192 σκεύη
2926 5125 3025 5193 μὲν
3085 5129 3261 5184 πάντα
3323 5131 3631 5203 ληϊζόμενοι
3684 5138 3775 5187 καὶ
3844 5140 3983 5207 χρή-

2396 5224 2541 5274 ματα
2566 5246 2592 5273 ,.
2648 5210 2971 5283 ἀνθρώπους
3025 5218 3082 5270 δὲ
3136 5222 3263 5283 τοὺς
3302 5222 3531 5286 ἁλόντας
3583 5227 3791 5290 πάντας
3836 5231 3981 5281 ἀπο-

2392 5299 2695 5363 κτείνοντες
2722 5318 2736 5333 ’
2771 5305 2908 5374 πρὸς
2937 5303 3018 5369 οἷς
3046 5310 3137 5362 καὶ
3161 5311 3268 5364 τῶν
3294 5312 3388 5365 τοῦ
3438 5317 3779 5387 πατριάρχου
3807 5337 3981 5389 μονα-

2390 5390 2629 5460 στηρίων
2694 5392 3016 5469 βαρϐαρικῷ
3069 5404 3508 5474 καταδραμόντες
3538 5410 3822 5478 ὁρμήματι
3882 5416 3981 5466 καὶ

2396 5479 2575 5551 θυμῷ,
2623 5487 2804 5539 πᾶσαν
2830 5489 2932 5559 μὲν
2959 5493 3060 5563 τὴν
3079 5495 3393 5567 εὑρεθεῖσαν
3440 5500 3634 5571 κτῆσιν
3666 5504 3977 5569 ἀφείλοντο,

2389 5571 2566 5625 εἴκσδι
2618 5575 2673 5627 δὲ
2740 5579 2832 5630 καὶ
2888 5580 2981 5633 δύο
3039 5584 3147 5637 τῶν
3201 5592 3585 5659 γνησιωτέρων
3652 5594 3817 5647 αὐτοῦ
3881 5614 3980 5648 κε-

2389 5665 2727 5735 κρατηκότες
2758 5671 3017 5740 οἰκετῶν,
3050 5676 3133 5745 ἐφ’
3162 5679 3241 5732 ἑνὶ
3262 5682 3590 5755 τροχαντῆρι
3616 5686 3803 5739 πλοίου
3846 5690 3979 5752 τοὺς
