4186 6434
220 352 319 417 517

1262 349 1433 408 VlTA
1474 344 1529 402 S.
1570 345 1856 404 IGNATII
1903 346 2006 405 (ΣΡ.
2042 348 2389 409 ARCIlllil‘.

3351 361 3454 422 513

220 471 431 520 πάντας
461 462 671 529 ἀξίναις
700 463 1083 532 κατεμέλισαν.
1117 461 1332 514 Τούτων
1362 461 1420 512 δὲ
1445 460 1551 514 τῶν
1583 477 1790 529 συμφο-

1901 449 2025 514 lioui
2059 464 2276 516 assidue
2312 465 2571 528 intentus,
2611 479 2638 516 a
2676 464 2780 518 Deo
2803 466 3066 533 judicium
3097 477 3149 521 et
3175 471 3460 530 auxilium.

221 555 332 624 ρῶν
361 555 565 615 ἐκεῖνος
595 553 901 613 ἐπακούων,
929 553 1054 624 μίαν
1079 554 1164 605 ἀεὶ
1178 553 1383 620 ταύτην
1412 553 1503 604 ἐπὶ
1532 553 1797 620 στόματος

223 641 338 713 εἶχε
373 646 593 714 φωνήν·
650 645 713 697 '0
762 645 978 711 Κύριος
1031 643 1274 706 ἔδωκεν,
1307 646 1338 695 ὁ
1387 644 1600 710 Κύριος
1637 642 1801 710 ἀφεί-

224 739 401 788 λετο·
461 736 538 800 ὠς
583 735 662 800 τῷ
709 735 900 802 Κυρίῳ
956 734 1206 798 ἔδοξεν,
1271 734 1461 798 οὓτως
1497 733 1793 801 ἐγένετο,

219 829 318 880 καὶ
367 827 439 880 τά
474 828 601 896 ἑξῆς
637 843 651 858 ο
677 826 845 890 οὕτως
893 827 1250 897 εὐχαριστῶν,
1287 829 1378 880 καὶ
1412 829 1531 890 ταῖς
1569 843 1796 894 προσευ-

217 921 341 986 χαῖς
367 917 728 980 ἀδιαλείπτως
759 918 892 988 πρὸς
935 919 1024 969 τὸν
1068 918 1198 970 Θεὸν
1232 919 1666 987 ἀνατεινόμενος,
1697 920 1794 988 τὴν

219 1010 357 1080 παρ’
381 1008 546 1062 αὐτοῦ
577 1009 760 1078 κρίσιν
785 1012 877 1063 καὶ
901 1008 1156 1079 βοήθειαν
1181 1009 1516 1069 ἐπεκαλεῖτο,
1559 1009 1795 1077 ματαίαν

217 1100 275 1152 δὲ
324 1101 504 1152 πᾶσαν
557 1100 656 1167 τὴν
704 1101 812 1152 ἀπὸ
860 1099 968 1151 τῶν
1003 1102 1222 1169 κρατεῖν
1255 1099 1557 1152 δοκούντων
1609 1101 1793 1168 ἠγεῖτο

219 1193 499 1263 σωτηρίαν
520 1209 535 1223 °
569 1192 687 1259 οἶγε
716 1193 806 1245 καὶ
845 1192 1007 1262 ἡνίκα
1035 1192 1222 1245 τοῦτον
1254 1191 1606 1260 τηλικαύταις
1635 1209 1797 1262 περιρ

217 1288 414 1336 πεσεῖν
446 1285 626 1348 ἀνίαις
668 1285 906 1354 ἥκουσαν
955 1285 1048 1336 καὶ
1104 1284 1337 1346 θλίψεσι,
1387 1284 1638 1336 τοσοῦτον
1691 1288 1796 1337 ἀπ-

217 1377 386 1448 έσχον
414 1377 506 1430 τοῦ
539 1376 894 1446 συμπαθῆσαι
943 1377 1036 1430 καὶ
1089 1376 1616 1446 παραμυθήσασθαι,
1653 1375 1793 1429 ὥστε

215 1472 312 1522 καὶ
343 1469 523 1536 λύπης
551 1469 828 1538 πρόφασιν
853 1467 1188 1538 ἡγήσασθαι,
1216 1469 1296 1521 ὅτι
1325 1469 1398 1538 μὴ
1423 1469 1516 1520 καὶ
1542 1467 1701 1531 αὐτὸς
1727 1472 1792 1539 τῇ

217 1560 537 1631 βαρϐαρικῇ
573 1562 717 1612 ἑάλω
750 1561 912 1632 χειρὶ,
951 1562 1042 1613 καὶ
1073 1563 1186 1622 τοῖς
1209 1560 1424 1621 οἰκείοις
1457 1561 1791 1629 συνανῃρέθη

217 1654 412 1706 παισίν
439 1670 452 1682 ·
490 1653 551 1705 οὐ
586 1651 788 1720 μᾶλλον
839 1651 1202 1718 εὐθυμοῦντες
1234 1650 1327 1703 ἐπὶ
1357 1652 1468 1711 τοῖς
1510 1651 1792 1721 ἀνῃρημέ-

217 1763 354 1808 νοις,
393 1745 426 1816 ἢ
467 1745 760 1816 ἀνιώμενοι
789 1745 883 1797 ἐπὶ
922 1746 987 1814 τῇ
1027 1744 1271 1814 σωτηρίᾳ
1303 1742 1397 1795 τοῦ
1425 1743 1654 1797 δικαίου.
1685 1744 1794 1796 Καὶ

1907 553 2112 606 nullam
2141 569 2169 606 a
2205 556 2541 624 principibus
2572 556 2797 609 salutem
2831 569 3177 628 exspectans,
3206 561 3462 631 implora-

1901 643 2011 696 bat.
2040 642 2171 696 Nam
2201 643 2295 707 illi,
2332 646 2420 697 ubi
2459 645 2602 700 hunc
2644 647 2809 698 lautis
2843 661 3162 714 Oppressum
3226 651 3380 705 malis
3411 661 3466 705 et

1898 737 2156 790 aerumnis
2194 734 2557 801 audiverunt,
2613 745 2823 792 tantum
2887 739 3036 793 abest
3086 750 3143 793 nt
3197 741 3464 811 dolerent,

1899 825 1978 878 vel
2017 826 2271 880 atllictum
2310 826 2634 889 solarentur,
2679 837 2738 882 ut
2775 828 2996 882 moleste
3045 831 3207 885 etiam
3238 833 3462 899 ferrent,

1899 931 2020 970 eum
2056 933 2162 971 non
2197 934 2319 972 cum
2347 917 2662 973 domesticis
2693 921 2808 974 suis
2841 921 3124 976 barbarica
3159 924 3208 977 vi
3244 938 3461 993 captum

1900 1007 2208 1061 interiisse:
2241 1024 2347 1061 non
2392 1008 2564 1078 magis
2614 1008 2718 1062 laeti
2769 1010 2835 1063 de
2890 1011 3253 1080 interemptis,
3301 1030 3463 1082 quam

1901 1100 2082 1151 tristes
2120 1102 2187 1152 de
2213 1101 2384 1154 salute
2414 1099 2545 1169 justi
2582 1099 2832 1153 viventis.
2863 1101 3016 1165 Quod
3049 1103 3249 1157 mirum
3293 1105 3466 1158 videri

1899 1206 2006 1243 non
2023 1191 2180 1243 debet
2202 1208 2214 1244 :
2240 1206 2390 1245 mens
2407 1191 2550 1244 enim
2567 1191 2710 1243 omni
2731 1190 2997 1246 charitate
3017 1193 3292 1259 destituta,
3317 1194 3470 1248 odio-

1899 1297 2004 1349 qne
2033 1281 2248 1350 penitus
2281 1282 2501 1344 imbuta,
2529 1282 2677 1336 velut
2699 1282 2823 1351 igne
2853 1283 3095 1350 subjecto
3118 1297 3466 1354 consumpta.

1898 1373 2015 1440 ejus
2042 1390 2200 1442 quem
2237 1373 2372 1436 odit,
2408 1373 2657 1438 exitium,
2708 1375 2927 1429 unicum
2986 1385 3138 1446 putat
3199 1379 3326 1432 mali
3382 1378 3470 1433 sui

1898 1464 2281 1518 levamentum.
2309 1463 2416 1518 Nec
2448 1465 2678 1518 multum
2706 1469 2967 1536 temporis
2997 1467 3174 1531 ﬂuxit,
3229 1479 3284 1523 et
3339 1486 3470 1524 rur-

1898 1572 2017 1611 sum
2046 1557 2428 1622 conciliabula,
2472 1573 2664 1612 rursus
2715 1559 3017 1628 principum
3059 1571 3111 1614 ct
3153 1561 3468 1630 pontificum

1897 1650 2162 1704 adversus
2217 1661 2466 1704 sanctum
2517 1652 2915 1706 conventicula.
2989 1655 3165 1722 Atque
3227 1655 3469 1724 [gnatius

1899 1740 2117 1808 quidem
2155 1741 2207 1792 in
2241 1741 2447 1796 aedibus
2476 1741 2681 1796 Poseos
2705 1742 3040 1806 morabatur,
3067 1745 3469 1815 insidiosasque

215 1837 278 1887 οὐ
310 1812 648 1905 θαυμαστόν.
707 1837 867 1906 Ψυχὴ
909 1812 1017 1906 γάρ
1068 1812 1220 1888 πᾶσα
1247 1812 1368 1903 τῆς
1413 1836 1632 1904 ἀγάπης
1697 1835 1796 1904 μὲν

1901 1840 2087 1885 contra
2116 1847 2174 1885 se
2197 1833 2626 1890 machinationes
2656 1835 3000 1888 observabat.
3037 1835 3261 1890 Photins
3287 1847 3467 1892 autem

217 1927 648 1998 ἀλλοτριωθεῖσα
667 1967 682 1990 ,
710 1928 802 1980 τοῦ
825 1928 882 1980 δὲ
914 1927 1105 1996 μίσους
1134 1925 1561 1997 ἀναπλησθεῖσα,
1594 1928 1690 1980 καὶ
1722 1928 1796 1992 ὡς

219 2018 403 2089 πυρὸς
425 2019 518 2070 ὑπ’
549 2017 713 2071 αὐτοῦ
745 2018 1104 2088 δαπανωμένη
1124 2057 1139 2081 ,
1182 2018 1310 2088 μίαν
1341 2019 1548 2088 ταύτης
1576 2021 1794 2092 ἡγεῖται

216 2111 313 2162 τοῦ
347 2110 554 2174 πάθους
580 2110 882 2181 ἀναψυχὴν,
905 2111 1006 2178 τὴν
1038 2112 1308 2164 ἀπώλειαν
1325 2111 1418 2163 τοῦ
1446 2114 1795 2180 μισουμένου.

217 2203 294 2254 Ού
331 2202 474 2254 πολὺ
508 2203 568 2254 τὸ
604 2204 662 2254 ἐν
691 2204 861 2272 μέσῳ,
894 2204 985 2255 καὶ
1013 2203 1175 2257 πάλιν
1208 2204 1479 2273 συνέδρια,
1514 2204 1673 2257 πάλιν
1693 2207 1795 2276 ἀρ-

216 2292 430 2361 χόντων
461 2295 554 2346 καὶ
581 2295 883 2364 ἀρχιερέων
916 2293 1053 2347 κατά
1083 2294 1177 2347 τοῦ
1212 2294 1389 2348 ἀθώου
1419 2295 1792 2367 βουλευτήρια’

215 2386 244 2436 ὁ
271 2385 375 2453 μὲν
414 2381 511 2436 οὖν
551 2368 728 2442 εἰς’τά
779 2386 995 2448 Ποσὲως
1035 2386 1289 2456 ἐκάθητο,
1332 2388 1429 2458 τὴν
1460 2390 1582 2441 κατ’
1630 2387 1796 2442 αὑτοῦ

219 2474 540 2543 σκευωρίαν
568 2474 943 2545 ὑφορώμενος.
991 2475 1193 2538 Φώτιος
1225 2476 1280 2530 δέ
1314 2477 1412 2548 τὴν
1467 2479 1589 2530 κατ’
1636 2479 1798 2532 αὐτὸν

218 2565 528 2633 ἐκκλησίαν
559 2567 652 2618 καὶ
681 2567 808 2628 τοὺς
834 2566 943 2619 ἀπὸ
970 2567 1070 2634 τῆς
1107 2568 1324 2638 Ῥώμης
1352 2570 1586 2639 ἥκοντας
1617 2570 1798 2624 λαϐὼν

216 2659 629 2727 τοποτηρητάς,
664 2659 756 2711 τὸν
791 2657 934 2730 ἱερὸν
962 2659 1070 2712 τῶν
1110 2661 1450 2714 Ἀποστόλων
1482 2663 1798 2733 κατειλήφει

218 2747 374 2802 ναόν.
412 2749 674 2820 Παρῆσαν
703 2751 797 2802 καὶ
821 2751 870 2802 oi
901 2751 1164 2821 βασιλεῖς,
1203 2755 1454 2823 παρῆσαν
1479 2755 1570 2806 καὶ
1599 2756 1798 2820 πάντες

217 2839 269 2890 οἱ
301 2839 586 2909 ἄρχοντες,
613 2843 708 2894 καὶ
738 2843 887 2895 πᾶσα
920 2842 1107 2911 σχεδὸν
1135 2845 1168 2911 ἡ
1199 2843 1350 2906 πόλις
1377 2845 1628 2914 παρῆσαν
1659 2847 1796 2899 ἐκεῖ.

230 2931 458 3000 Ἐπειδὴ
505 2927 598 2984 οὖν
652 2933 1128 3001 συνεληλύθεισαν,
1184 2935 1400 3006 πρῶτον
1447 2938 1545 3007 μὲν
1585 2937 1800 3009 Βαάνην

217 3024 613 3090 πραιπόσιτον.
645 3023 736 3076 τὸν
773 3025 1039 3095 Ἀγγορην
1083 3027 1530 3098 ἐπικαλούμενον,
1583 3031 1678 3082 καὶ
1707 3030 1802 3084 ἀλ·

216 3111 349 3175 λους
376 3113 435 3165 δέ
464 3131 617 3173 τινας
643 3115 1096 3185 ἐξουθενημένους
1130 3117 1434 3186 Ῥωμαίους
1462 3119 1595 3189 πρὸς
1631 3121 1800 3188 Ἰγνά-

216 3219 339 3255 τιον
373 3206 828 3275 ἀποκρισιαρίους
875 3208 1333 3279 προχειρίζονται.
1382 3209 1445 3262 Οἳ
1480 3212 1574 3264 καὶ
1620 3229 1798 3282 παρα-

217 3296 552 3364 γενόμενοι,
603 3295 664 3348 Ἥ
700 3297 930 3366 μεγάλη,
962 3299 1114 3364 φασὶ,
1139 3299 1232 3350 καὶ
1263 3299 1384 3367 ἱερά
1410 3299 1625 3364 σύνοδος
1648 3303 1803 3356 καλεῖ

219 3400 282 3437 σε
312 3385 458 3454 πρὸς
497 3385 732 3452 ἑαυτήν·
764 3385 884 3436 ἐλθέ
930 3389 1115 3454 τάχιον
1153 3385 1628 3457 ἀπολογησόμενος
1667 3389 1802 3458 πρὸς

218 3475 292 3527 τὰ
324 3475 616 3546 δικαίωςῇῆ
646 3474 846 3538 ἀδίκως
895 3474 1268 3544 θρυλλούμενα
1316 3479 1458 3529 κατά
1493 3478 1607 3530 σοῦ.
1649 3480 1706 3531 '0
1742 3479 1799 3532 δὲ

220 3567 526 3634 μακάριος,
555 3565 781 3628 Εἴπατε,
810 3566 996 3636 φησὶν,
1030 3567 1187 3632 ἀξιῶ,
1215 3566 1332 3630 πῶς
1361 3568 1648 3638 ἐλεύσομαι
1672 3587 1687 3635 ;
1726 3570 1802 3632 ώς

218 3658 553 3716 ἐπίσκοπος,
583 3656 615 3726 ἢ
649 3656 904 3726 ἱερεὺς,ἢ
941 3656 1318 3728 θεραπευτήςς
1352 3660 1412 3711 Ol
1452 3659 1528 3723 δὲ,
1565 3659 1640 3730 μὴ
1667 3662 1802 3714 είδέ-

218 3764 314 3798 ναι
349 3748 404 3798 τί
453 3747 588 3816 πρὸς
634 3747 805 3799 ταῦτα
855 3747 1246 3816 ἀποκριθῶσιν,
1298 3745 1477 3802 εἷποψ
1520 3751 1678 3804 Ἀλλά
1708 3751 1802 3805 νῦν

217 3839 489 3899 ἀπιόντες
541 3838 677 3906 πρὸς
723 3837 850 3899 τοὺς
902 3838 1350 3902 ἀποστείλαντας,
1398 3840 1622 3909 βεϐαίαν
1667 3843 1804 3895 ἀπό-

219 3945 416 3998 κρισιν
467 3926 622 3989 αὖθις
679 3927 847 3989 ἰόντες
879 3928 1200 3997 κομιούμεν.
1228 3931 1306 4001 Τῇ
1337 3930 1430 3984 οὖν
1457 3932 1718 4003 ἐπαύριον
1756 3935 1804 3986 οι

221 4027 390 4079 αὐτοὶ
446 4027 899 4096 παραγενόμενοι,
934 4027 997 4079 0t
1037 4025 1405 4097 τοποτηρηταὶ
1434 4023 1534 4093 τῆς
1569 4024 1804 4093 πρεσϐυ-

219 4119 422 4189 τέρας,
459 4117 688 4186 ἐφασαν,
733 4116 968 4187 Ῥώμης,
1020 4116 1328 4178 Ῥοδόαλδος
1372 4115 1468 4167 καὶ
1511 4115 1802 4184 Ζαχαρίας,

216 4208 289 4261 δι’
327 4208 491 4278 ἡμῶν
521 4209 629 4260 τῶν
671 4207 905 4271 ἀναξίων
941 4205 1161 4276 δηλοῦσι
1206 4206 1360 4258 τάδε’
1399 4205 1490 4269 Εἰς
1517 4206 1616 4274 τὴν
1645 4205 1806 4272 ἁγίαν

217 4304 326 4355 καὶ
355 4303 742 4370 οἱκουμενικὴν
791 4300 1004 4352 σύνοδον
1050 4297 1433 4368 ἀνυπερθέτως
1477 4297 1804 4366 ἀπάντησον,

217 4393 300 4455 ὡς
330 4391 451 4461 ἕχει
484 4408 579 4444 σου
605 4393 637 4460 ἡ
672 4390 996 4460 συνείδησις.
1031 4390 1202 4452 Εὐθὺς
1234 4384 1328 4442 οὖν
1357 4389 1458 4460 τὴν
1495 4389 1810 4459 ἀρχιερατιο

1826 3167 1873 3230 C

1901 1941 2026 1980 cum
2073 1939 2167 1978 sua
2219 1923 2472 1986 factione,
2532 1936 2584 1979 et
2639 1926 2822 1980 missis
2881 1928 2948 1980 ab
2999 1929 3130 1982 urbe
3199 1930 3470 1996 pontiﬁcis

1904 2017 2111 2082 legatis,
2143 2033 2356 2071 sacram
2386 2018 2775 2086 Apostolorum
2805 2022 2970 2073 aedem
2999 2031 3310 2090 occuparat.
3340 2023 3474 2076 Ade-

1905 2120 2031 2163 rant
2086 2111 2462 2178 imperatores,
2494 2111 2717 2164 aderant
2751 2119 2803 2164 et
2843 2112 3115 2180 prim-ipes
3146 2115 3348 2174 cuncti,
3381 2124 3466 2166 to-

1905 2211 2064 2264 taque
2091 2217 2256 2270 prope
2300 2203 2490 2255 civitas
2541 2203 2895 2256 coulluxerat.
2954 2201 3282 2271 Frequentes
3339 2219 3469 2274 ergo

1905 2311 2027 2349 cum
2057 2297 2334 2348 adessent.
2363 2294 2594 2360 primum
2625 2293 2857 2348 Baanem
2892 2296 3238 2363 praepositum
3267 2311 3470 2366 cogno-

1906 2399 2090 2444 mento
2124 2389 2420 2454 Angoram,
2459 2385 2704 2453 aliosque
2739 2385 3030 2440 nonnullos
3089 2403 3151 2440 ex
3186 2389 3468 2441 vilioribus

1905 2477 2194 2540 Romanis,
2243 2476 2623 2545 apocrisiarius
2653 2475 2717 2528 ad
2750 2475 3011 2542 lgnatium
3040 2475 3330 2528 destinant.
3366 2476 3470 2544 Qui

1903 2585 2088 2625 coram
2124 2568 2350 2637 lguatio,
2383 2566 2594 2635 Magna,
2638 2566 2908 2634 inquiunt,
2945 2575 2997 2618 et
3031 2582 3181 2618 saeua
3218 2568 3456 2636 synodus

1904 2673 1956 2716 te
1981 2663 2131 2717 citat.
2171 2660 2584 2730 Quamprimum
2615 2675 2744 2727 ergo
2776 2659 2927 2722 ades,
2967 2674 3188 2711 causam
3227 2660 3292 2712 de
3315 2662 3468 2726 obje-

1905 2756 2008 2810 ctis
2045 2755 2140 2808 tibi
2163 2755 2277 2809 sive
2305 2755 2470 2816 veris,
2500 2754 2614 2805 sive
2639 2750 2791 2804 falsis
2821 2751 3142 2804 criminibus
3195 2752 3467 2804 dicturus.

1907 2843 2006 2900 Hic
2045 2845 2234 2899 beatus
2272 2862 2285 2898 :
2319 2843 2494 2912 Agite,
2546 2843 2744 2911 inquit,
2791 2843 3040 2906 obsecro,
3085 2846 3359 2911 quomodo
3383 2860 3474 2897 ve-

1907 2932 2096 2986 niam?
2127 2947 2195 2986 an
2231 2940 2290 2985 ut
2320 2933 2624 3000 episcopus.
2651 2946 2717 2984 an
2751 2929 3026 2994 sacerdos,
3048 2945 3114 2983 an
3138 2931 3472 2985 monachus?

1906 3024 1982 3079 llli
2021 3024 2288 3078 haerentes
2329 3040 2343 3075 :
2384 3023 2558 3080 Nunc.
2594 3021 2868 3090 inquiunt,
2919 3022 3154 3086 abimus,
3182 3038 3303 3075 cras
3328 3024 3390 3075 ad
3420 3032 3472 3076 te

1907 3126 2051 3170 certa
2083 3115 2323 3170 relaturi.
2354 3112 2622 3167 Postridie
2665 3115 2832 3181 igitur
2863 3113 3023 3166 iidem
3066 3114 3267 3167 reversi
3320 3129 3333 3165 :
3367 3113 3472 3166 Lv-

1903 3211 2034 3278 gati,
2076 3209 2348 3277 inquiunt,
2381 3207 2580 3260 veteris
2631 3204 2816 3258 Romae
2841 3245 2855 3269 ,
2917 3205 3262 3258 lthodoaldus
3293 3212 3346 3257 et
3370 3204 3474 3258 Za-

1902 3296 2144 3360 charias,
2181 3310 2276 3364 per
2298 3310 2397 3348 nos
2423 3294 2675 3361 indignos
2696 3294 2806 3347 haec
2835 3295 3086 3346 nuntiant
3112 3295 3225 3356 tibi,
3252 3296 3326 3348 uti
3357 3296 3473 3348 sine

1903 3402 2054 3441 mora
2075 3387 2139 3440 ad
2171 3394 2412 3439 sanctam
2441 3396 2492 3439 et
2537 3385 2930 3437 mcumenicam
2983 3386 3249 3454 synodum
3300 3386 3470 3447 adsis,

1905 3490 1964 3533 ut
1993 3487 2080 3532 tua
2111 3477 2444 3532 conscientia
2479 3476 2572 3530 tibi
2607 3477 2795 3529 dictat.
2862 3475 3002 3544 Ergo
3037 3478 3344 3547 (lguatius)
3379 3494 3475 3532 ex-

1905 3572 2106 3640 templo
2140 3586 2353 3624 sacrum
2387 3569 2710 3638 patriarcha:
2762 3580 3016 3621 ornatum
3069 3571 3308 3630 indutus,
3350 3586 3473 3623 cum

1904 3667 2174 3735 episcOpis
2197 3673 2246 3716 el
2272 3663 2441 3724 clero,
2475 3677 2779 3730 magnaque
2813 3662 3189 3728 religiosorum
3223 3663 3476 3730 frequen-

1905 3758 2000 3822 tia,
2052 3755 2362 3823 civiumque
2415 3769 2684 3807 coucursn
2714 3762 2768 3806 et
2814 3754 3095 3814 comitatu,
3145 3755 3284 3806 viam
3317 3757 3477 3821 pedes

1907 3849 2205 3917 ingressus,
2239 3861 2363 3900 cum
2396 3845 2461 3898 ad
2497 3847 2668 3898 aedem
2701 3844 2879 3898 sancti
2914 3842 3157 3913 Gregorii
3194 3843 3474 3910 Theologi,

1906 3943 1996 3995 uhi
2029 3955 2160 3993 crux
2187 3939 2238 3991 iu
2291 3937 2460 3990 media
2496 3937 2704 4003 publica
2735 3937 2816 3987 via
2861 3951 3181 3989 marmorea:
3211 3937 3478 3988 columnae

1911 4030 2163 4100 imposita
2218 4037 2322 4092 est,
2371 4028 2630 4088 venisset,
2681 4025 2918 4080 Joannes
2965 4027 3246 4095 patricius,
3302 4026 3477 4079 Coxes

1910 4130 2287 4190 num-opulus,
2350 4120 2423 4173 illi
2483 4121 2753 4183 cccurrit;
2813 4135 2980 4186 seque
3032 4120 3100 4172 ab
3150 4120 3478 4187 imperatore

1910 4218 2139 4268 missum
2174 4213 2344 4275 dicit;
2379 4226 2441 4263 ac
2479 4211 2580 4264 nisi
2616 4212 2823 4279 privata
2860 4221 2912 4262 et
2955 4211 3153 4262 usitata
3217 4210 3474 4277 monachi

1910 4313 2062 4356 veste
2107 4301 2368 4370 prodiret,
2407 4299 2456 4351 ei
2501 4299 2691 4366 capitis
2723 4297 3020 4366 periculum
3062 4310 3124 4348 ac
3153 4294 3474 4363 supplicium

1910 4393 2214 4446 immittere.
2246 4390 2402 4442 Paret
2443 4388 2525 4441 vir
2581 4397 2828 4450 sanctus,
2877 4387 3194 4456 synodoque
3245 4385 3472 4436 sistitur.

219 4487 333 4556 κὴν
371 4484 566 4554 στολὴν
595 4485 800 4545 ἐκεῖνος
836 4483 1217 4552 ἐνδυσάμενος,
1251 4481 1346 4533 σὺν
1376 4481 1692 4544 ἐπισκόποις
1713 4480 1801 4534 καὶ

1913 4481 2365 4553 ApponuntduOs
2395 4494 2559 4547 supra
2605 4478 2943 4545 septuaginta
2995 4477 3244 4543 perjuros
3291 4483 3478 4538 testes,

221 4573 652 4645 πρεσϐυτέροις,
701 4575 798 4626 καὶ
828 4573 1020 4644 πλήθει
1078 4570 1258 4642 πολλῷ
1315 4571 1564 4642 μοναχῶν
1607 4588 1666 4624 τε
1713 4572 1807 4624 καὶ

221 4663 464 4728 λαῖκῶν,
495 4663 661 4733 ἀπῄει
685 4664 1024 4734 πεζοπορῶν.
1049 4664 1284 4734 Πλησίον
1306 4663 1363 4716 δὲ
1391 4662 1484 4716 τοῦ
1514 4662 1641 4717 ναοῦ
1666 4663 1810 4734 Γρηο-

221 4758 425 4828 γορίου
464 4758 558 4809 τοῦ
603 4756 888 4825 Θεολόγου,
923 4757 1056 4808 ὅπου
1089 4756 1322 4827 σταυρὸς
1371 4758 1429 4809 ἐν
1480 4756 1811 4827 μαρμαρίνῳ

224 4855 382 4906 κίονι
425 4849 571 4903 κατὰ
601 4850 766 4920 μέσον
791 4848 1159 4918 ἀνεστήλωται
1191 4849 1285 4918 τῆς
1315 4849 1617 4920 λεωφόρου,
1657 4866 1811 4918 γενο-

227 4945 410 5013 μένῳ,
453 4942 707 5011 Ἰωάννης
740 4944 1050 5011 πατρίκιος,
1093 4944 1121 4993 ὁ
1152 4941 1330 5010 Κόξης
1357 4940 1669 5011 λεγόμενος,
1704 4943 1810 4995 ἀπ-

227 5035 478 5104 ήντησεν
510 5032 682 5100 αύτῷ,
707 5033 880 5100 λέγων
908 5035 1016 5086 ἀπὸ
1046 5031 1139 5084 τοῦ
1169 5030 1434 5102 βασιλέως
1453 5031 1809 5094 ἀπεστάλθαι,

227 5126 331 5179 καὶ
373 5123 640 5186 ἀπειλῶν,
671 5123 747 5185 ὡς
778 5125 827 5176 εί
863 5124 937 5193 μὴ
967 5121 1294 5191 παγανεύων
1337 5123 1393 5174 ἐν
1422 5121 1700 5192 μοναχικῷ
1736 5121 1812 5191 τῷ

228 5215 465 5286 συνήθει
512 5215 751 5286 σχήματι
780 5215 1053 5284 προέλθοι,
1084 5213 1314 5266 θάνατον
1341 5213 1684 5283 ἐπηρτῆσθαι
1714 5214 1812 5283 τὴν

226 5310 465 5379 ζημίαν.
502 5309 568 5362 Ὃ
603 5310 696 5362 καὶ
743 5309 1082 5376 πεποιηκότα
1136 5306 1227 5359 τὸν
1279 5307 1523 5376 ἀοίδιμον
1571 5306 1648 5374 τῷ
1686 5323 1811 5358 συν-

226 5399 400 5470 εδρίῳ
423 5400 862 5470 παρεστήσαντο.
897 5399 1006 5452 Καὶ
1034 5397 1098 5469 δὴ
1131 5397 1554 5467 παριστάνουσιν
1583 5398 1813 5468 ἐϐδομήο

228 5509 403 5545 κοντα
451 5492 546 5546 καὶ
589 5490 684 5543 δύο
728 5490 1205 5562 ψευδομάρτυρας,
1239 5488 1330 5552 οὒς
1356 5490 1420 5542 ἐκ
1451 5489 1644 5542 πολλοῦ
1680 5507 1813 5561 προ-

229 5581 632 5652 ητοιμάσαντο,
658 5581 977 5664 ἀνθρώπους
1009 5581 1224 5644 ἀσεϐεῖς
1258 5580 1488 5644 πάντας,
1522 5581 1810 5649 ἀγελαίους

230 5679 330 5727 καί
359 5673 782 5743 συγκλητικοὺς,
814 5666 891 5727 ὧν
924 5675 1109 5742 ἡγεῖτο
1137 5671 1290 5726 Λέων
1342 5673 1634 5742 πατρίκιος
1665 5673 1812 5724 ἐκεῖ·

231 5780 345 5831 νος,
383 5763 412 5816 ὁ
436 5763 717 5836 Κρητικὸς
743 5763 1172 5834 ὀνομαζόμενος,
1212 5763 1306 5816 καὶ
1339 5761 1686 5825 Θεοδοτάκιος
1708 5777 1810 5814 πα-

1913 4591 2051 4646 quos
2080 4574 2192 4644 iam
2241 4573 2368 4625 olim
2421 4572 2615 4639 impios
2647 4585 2836 4622 omnes
2870 4574 3250 4628 suhorttarant,
3289 4581 3476 4633 grega-

1914 4667 2204 4735 riosjuxta
2235 4678 2299 4716 ac
2348 4662 2696 4724 senatorios;
2755 4674 2987 4727 quorum
3043 4657 3150 4710 dux
3204 4665 3321 4708 erat
3374 4654 3481 4706 Lco

1915 4756 2170 4826 patricius
2197 4763 2554 4822 cegnomeuto
2588 4751 2856 4810 Creticus,
2890 4757 2943 4800 et
2987 4745 3286 4800 secundum
3327 4745 3477 4796 illmn

1913 4845 2312 4900 Theodotacius
2336 4845 2464 4895 item
2486 4841 2769 4910 patricius,
2789 4839 2875 4890 cui
2904 4847 2957 4890 et
2991 4836 3214 4904 perjnrii
3245 4839 3476 4903 pretium

1915 4937 2157 5008 magistri
2191 4935 2432 5003 dignitas
2477 4932 2654 4984 delata
2686 4941 2790 4983 est.
2837 4927 2931 4981 llis
2965 4930 3205 4992 reliquos
3234 4943 3298 4980 ex
3341 4941 3477 4976 uno-

1913 5041 2127 5097 quoque
2159 5025 2325 5093 gradu
2356 5031 2610 5087 sorteque
2637 5021 2715 5072 vel
2739 5018 3062 5071 deterrimos
3090 5016 3477 5084 adiunxerunt.

1914 5117 2097 5185 Neque
2128 5115 2224 5166 hos
2257 5120 2485 5171 tantum,
2515 5109 2606 5161 sed
2643 5124 2780 5176 quos
2808 5107 3132 5173 dibaptistas
3165 5103 3478 5171 appellitaut

1915 5209 2217 5263 haereticos.
2252 5207 2446 5273 Atque,
2487 5201 2638 5254 utita
2679 5201 2876 5260 dicam,
2905 5213 2970 5250 ex
3011 5200 3158 5250 onmi
3193 5196 3472 5248 hominum

1915 5302 2044 5354 ἰαιοο
2072 5308 2126 5350 et
2149 5295 2376 5348 colluvie
2407 5293 2748 5362 turpissimos
2777 5303 3026 5357 quosque
3081 5287 3477 5355 nequissimos-

1915 5407 2020 5461 que
2050 5402 2184 5443 auro
2218 5387 2652 5454 dignitatumque
2683 5379 3169 5450 pollicitationibus
3199 5378 3469 5435 inductos,

1915 5478 2228 5548 singillatim
2289 5475 2684 5545 produxerunt,
2743 5470 2836 5540 qui
2885 5469 3054 5534 jurati
3121 5475 3471 5525 testarentur,

1912 5573 2204 5643 lgnatium,
2243 5567 2334 5638 qui
2376 5565 2680 5636 patriarcha
2708 5562 2818 5631 jam
2870 5561 3046 5615 fuerat
3092 5574 3266 5613 annos
3307 5570 3472 5624 pr0pe

1911 5661 2218 5727 duodecim,
2254 5675 2360 5714 non
2394 5658 2495 5713 rite
2526 5665 2580 5712 et.
2617 5654 2806 5708 ordine
2831 5661 3100 5715 creatum,
3154 5649 3468 5704 cathedram

1912 5755 2165 5813 Ecclesiae
2193 5765 2508 5824 occupasse.
2562 5746 2702 5816 Quid
2746 5761 2872 5803 vero
2901 5743 3078 5801 stolidi
3114 5742 3303 5797 horttm
3328 5737 3474 5810 judi‘
