4186 6434
717 416 824 480 519

1911 412 2202 473 NICETIE
2243 411 2768 473 PAPIILAGONIS

3876 412 3987 476 520

713 550 825 591 cus,
863 531 916 583 in
942 544 1164 598 quarunt
1200 526 1442 579 manibus
1475 524 1781 595 iniquitates
1816 537 1957 591 sunt,
1991 538 2040 580 et
2073 529 2290 581 dextera

2408 527 2607 597 τρίκιος
2640 529 2759 597 μετ’
2789 526 2973 592 αὑτὸν,
3003 519 3047 594 ᾧ
3075 526 3167 581 καὶ
3197 528 3294 596 τῆς
3339 526 3621 595 ἐπιορκίας
3660 526 3849 596 μισῦδν
3878 530 3978 597 τὴν

712 641 891 677 eorum
914 622 1107 689 repleta
1133 630 1209 673 est
1239 619 1536 671 muneribus
1560 620 1582 672 ἴ)
1613 618 1751 683 Quid
1779 628 1969 673 contra
1992 620 2294 688 perjurium

715 716 820 769 huc
846 716 1199 766 decreverunt
1224 714 1246 763 ?
1273 710 1632 765 'l'rieesimum
1662 712 1846 765 subito
1879 726 2145 765 canonem
2171 712 2298 765 sub-

710 812 927 878 jiciunt,
966 807 1057 875 qui
1092 806 1173 859 sic
1230 806 1387 857 habet
1422 823 1435 856 :
1472 803 1529 857 Si
1561 804 1678 873 quis
1720 804 1989 871 episcopus
2019 803 2297 856 steculari-

715 903 808 952 bus
839 898 1188 969 potestatibus
1236 913 1381 958 usus,
1414 911 1503 962 per
1543 896 1682 961 ipsos
1721 895 2011 947 Ecclesium
2048 895 2295 959 obtineat,

713 998 1006 1059 deponatur
1031 992 1128 1062 (6).
1171 990 1325 1055 Quod
1361 998 1541 1041 autem
1601 990 1849 1058 sequitur
1894 988 1946 1040 in
1980 990 2168 1042 eodem
2206 1002 2297 1041 ca-

713 1090 864 1153 pite:
906 1096 961 1137 ut
1021 1096 1067 1137 ct
1121 1101 1294 1137 omnes
1358 1084 1803 1135 communicantes
1850 1098 1968 1135 cum
2017 1081 2132 1147 illo,
2190 1090 2293 1133 etc.

714 1179 1050 1232 l'iaudulenti
1095 1177 1366 1230 malitiose
1410 1182 1719 1229 tacuerunt.
1783 1175 2084 1242 Oportebat
2128 1173 2295 1235 enim,

712 1272 978 1339 siquidem
1014 1284 1110 1335 pro
1167 1267 1450 1319 sanctione
1504 1266 1803 1334 aposmlica
1861 1264 2295 1333 propugnabant,

712 1380 823 1415 non
870 1372 1099 1431 partem,
1136 1360 1231 1413 sed
1275 1370 1446 1411 totum
1479 1372 1743 1409 canonem
1776 1358 2075 1410 observare
2104 1372 2116 1406 :
2151 1362 2204 1407 et
2244 1355 2291 1409 si

710 1455 1120 1507 accusationem
1168 1450 1545 1512 admisissent,
1582 1458 1641 1501 ut
1674 1447 1963 1518 lgnatium,
1994 1448 2065 1501 ita
2108 1447 2176 1499 ab
2204 1447 2297 1500 illo

712 1547 977 1607 initiatus,
1014 1554 1068 1597 et
1096 1558 1218 1597 eum
1254 1541 1345 1593 illo
1380 1542 1853 1595 communicantes
1887 1550 2243 1593 exauctorare
2277 1558 2289 1593 :

713 1637 910 1706 sicque
963 1637 1015 1689 in
1072 1634 1335 1703 operibus
1386 1648 1647 1685 manuum
1709 1647 1931 1687 suarum
1983 1641 2297 1699 peccatores

714 1726 999 1778 manifeste
1029 1721 1353 1791 deprehensi
1390 1731 1594 1775 essent.
1632 1722 1832 1775 Contra
1859 1720 1952 1790 jus
1976 1734 2160 1775 autent
2189 1721 2298 1776 fas-

711 1830 816 1883 que
841 1813 1221 1875 dt‘Ctil‘llUlllﬁS,
1255 1812 1359 1865 huc
1406 1812 1831 1879 pronuntiarunt
1865 1819 2100 1876 tantum,
2150 1811 2292 1879 quod

2403 620 2558 684 ἀξίαν
2592 621 2895 688 μαγίστρου
2924 620 3294 688 προετείνατο.
3340 618 3455 685 Ἐφ’
3483 611 3562 680 οἷς
3591 621 3683 670 καὶ
3712 620 3838 681 τοὺς
3868 621 3981 672 λοι-

2402 713 2539 774 ποὺς
2587 710 2678 778 ἀρ’
2730 712 2959 764 ἑκάστου
3008 709 3220 779 βαθμοῦ
3272 709 3367 763 καὶ
3416 709 3512 761 τοῦ
3547 709 3983 762 καταδεεστάτου

2408 805 2626 855 πάντων
2663 800 3065 871 συλλεξάμενοι,
3116 800 3175 852 οὺ
3225 802 3385 869 μόνον
3418 802 3495 867 δὲ,
3544 800 3680 853 ἀλλὰ
3726 804 3821 853 καὶ
3864 804 3982 855 ἀπὸ

2399 894 2509 946 τῶν
2546 893 2855 961 λεγομένων
2888 892 3279 955 διϐαπτιστῶν,
3336 895 3432 946 καὶ
3484 894 3592 947 ἀπὸ
3628 893 3864 957 παντὸς,
3907 894 3986 956 ὡς

2400 985 2593 1046 εἰπεῖν,
2627 985 2903 1051 τάγματος
2942 986 3064 1046 τοὺς
3096 983 3408 1052 αἰσχίστους
3470 985 3565 1036 καὶ
3602 986 3986 1054 μιαρωτάτους

2400 1078 2505 1129 τῶν
2531 1077 2833 1147 ἀνθρώπων
2876 1075 3081 1144 χρυσοῦ
3113 1094 3170 1128 τε
3218 1076 3312 1129 καὶ
3350 1076 3678 1145 ἀξιωμάτων
3711 1078 3984 1146 ἐξαγορα-

2402 1171 2647 1237 σάμεννσι,
2704 1169 2801 1220 ’ἐνα
2871 1169 2992 1218 καθ’
3041 1169 3139 1218 ἕνα
3187 1169 3486 1237 προσῆγον,
3542 1169 3863 1237 ὀμνύοντας,
3907 1169 3938 1219 ti

2409 1264 2468 1315 Ὀ
2484 1262 2790 1331 δωδεκαετῆ
2816 1259 3011 1331 μικροῦ
3034 1259 3143 1311 δεῖν
3162 1263 3349 1329 χρόνον
3370 1258 3800 1329 ἀρχιερατεύσας
3825 1258 3919 1327 Ἰγν.
3933 1261 3989 1312 ἀ-

2398 1370 2509 1415 τιος
2538 1353 2859 1421 ἀψηφίστως
2892 1352 3311 1421 χειροτονηθεὶς,
3350 1352 3623 1420 ἐκράτησε
3660 1351 3761 1418 τῆς
3792 1350 3987 1419 ἐκκλη-

2400 1444 2538 1506 σίας.
2580 1444 2644 1495 Τί
2677 1438 2771 1496 οὖν
2798 1446 2845 1495 οἱ
2880 1442 3098 1513 μάταιοι
3127 1440 3234 1493 τῶν
3274 1440 3530 1494 τοιούτων
3560 1440 3765 1509 κριταὶ,
3797 1434 3883 1491 ὦν
3914 1439 3987 1490 ἐν

2398 1535 2611 1605 χερσίν
2629 1539 2685 1588 αἱ
2706 1535 2969 1602 ἀνομίαι,
2994 1527 3081 1587 ὦν
3101 1532 3137 1599 ἡ
3162 1532 3331 1595 δεξιὰ
3355 1533 3555 1587 αὐτῶν
3573 1532 3853 1601 ἐπλήσθη
3875 1532 3987 1586 δὼ-

2391 1645 2552 1697 ρων;
2588 1629 2639 1680 τί
2669 1620 2814 1681 οὗτοι
2845 1628 2979 1695 πρὸς
3013 1627 3110 1695 τὴν
3144 1625 3472 1695 ψευδορκίαν
3511 1626 3716 1695 ταύτην
3775 1626 3985 1678 ἀνθυπ-

2399 1724 2635 1791 ήνεγκαν
2656 1736 2670 1783 ;
2704 1720 2807 1773 Τὸν
2826 1720 3147 1788 τριακοστὸν
3172 1717 3329 1779 εὐθὺς
3346 1718 3850 1785 ύπαναγινώσκουσι
3878 1735 3985 1769 κα-

2399 1814 2525 1866 νόνα
2548 1853 2561 1875 ,
2596 1812 2667 1865 ΕΖ
2699 1828 2787 1877 τις
2843 1810 3198 1875 ἐπίσκοπος,
3247 1810 3494 1876 λέγοντα,
3540 1810 3851 1879 κοσμικοῖς
3890 1809 3990 1876 ἄρ-

2704 1168 2801 1220 ’ἐνα
2871 1166 2992 1218 καθ’
3041 1166 3139 1218 ἕνα
3187 1167 3486 1237 προσῆγον,
3542 1168 3863 1239 ὀμνύοντας,
3907 1169 3986 1230 ῶς

713 1923 811 1975 pru
850 1906 981 1973 ipsis
1004 1905 1067 1957 ad
1094 1904 1446 1957 everteudum
1477 1904 1746 1971 Ignatium
1774 1904 1843 1956 al)
1868 1903 1973 1957 illis
1997 1904 2115 1957 sine
2133 1918 2293 1956 causa

2408 1921 2577 1975 κουσι
2592 1905 2992 1973 χρησάμενος,
3016 1902 3089 1955 δι’
3116 1902 3316 1956 αὐτῶν
3331 1902 3626 1972 ἐγκρατὴς
3647 1904 3986 1968 ἐκκλησίας

714 1998 922 2057 ἱέρειιιιι,
967 1996 1220 2049 faciebat.
1266 1995 1419 2061 Quod
1448 2006 1629 2048 autent
1665 1996 1922 2064 sequitur
1974 1996 2027 2049 in
2060 2010 2292 2058 canone,

713 2108 821 2157 quo
856 2091 926 2141 illi
958 2089 1056 2156 ipsi
1091 2088 1266 2140 cidem
1311 2088 1678 2155 subjiciuntur
1710 2104 1975 2151 censum,
2035 2087 2295 2141 dissimu-

715 2182 897 2233 larunt
927 2200 939 2232 :
977 2182 1025 2233 id
1069 2179 1215 2248 quod
1246 2180 1353 2233 illis
1386 2182 1694 2235 tacentibus
1726 2190 2033 2249 opportune
2061 2182 2296 2249 patriar-

713 2275 814 2325 clta
842 2275 955 2340 ipse
976 2273 1351 2325 succlatnavit.
1385 2272 1424 2322 Ο
1450 2271 1849 2339 improbitatem
1873 2272 1886 2323 l
1922 2288 1954 2325 ο
1978 2281 2253 2341 stuporem
2277 2272 2295 2325 l

713 2361 847 2425 Quis
873 2362 1014 2412 enim
1050 2360 1266 2427 ignorat
1313 2361 1579 2428 lguatium
1635 2362 2015 2430 episcoporum
2050 2364 2295 2415 omnium

711 2452 939 2504 calculis
976 2464 1029 2504 et
1082 2453 1250 2503 totius
1285 2451 1467 2519 populi
1504 2453 1771 2520 applausu
1811 2454 2047 2522 legitime
2073 2454 2302 2507 canoni-

714 2558 885 2611 ceque
907 2553 1153 2596 creatum
1191 2544 1359 2598 fuisse
1399 2562 1411 2597 :
1463 2544 1640 2613 ipsum
1690 2555 1871 2599 autem
1915 2544 2167 2599 Photium
2201 2561 2298 2616 po-

712 2636 821 2687 tius
871 2636 938 2686 ah
967 2645 1252 2688 exsecrato
1292 2635 1485 2700 Barda,
1535 2646 1587 2690 et
1630 2637 1984 2691 saecularibus
2028 2648 2299 2692 armatum

714 2726 1073 2794 principibus,
1095 2737 1283 2781 contra
1312 2727 1477 2795 leges,
1501 2728 1785 2798 magisque
1814 2744 1909 2798 per
1929 2731 2294 2799 tyrannidem,

717 2835 881 2883 quam
940 2819 1369 2872 ecclesiasticum
1436 2821 1623 2886 ritum,
1679 2824 1933 2875 thronum
1988 2822 2302 2877 invasisse?

714 2906 819 2958 Sed
854 2922 960 2959 non
1008 2918 1398 2977 cegnoverunt,
1458 2926 1634 2978 neque
1685 2912 2095 2978 intellexerunt,
2125 2915 2217 2983 qui
2245 2914 2298 2968 in

714 3000 957 3051 avaritia:
985 3010 1038 3053 et
1070 3001 1388 3055 ambitionis
1414 3002 1657 3055 tenebris
1688 3002 1993 3068 ambulant,
2020 3019 2078 3059 se
2103 3004 2294 3059 iisdem

713 3082 1069 3144 consilitirutu
1100 3092 1333 3161 laqueis,
1364 3108 1502 3163 quos
1537 3093 1659 3148 aliis
1686 3102 2299 3166 paraverant,compre-

719 3182 901 3235 bendi.

2400 1997 2643 2067 γένηται
2665 2036 2679 2059 ,
2712 1997 3126 2062 καθαιρείσθω.
3158 1994 3231 2047 Τὸ
3270 1994 3398 2063 ἑξῆς
3434 1996 3491 2048 δὲ
3519 1995 3613 2049 τοῦ
3660 1996 3984 2063 κεφαλαίου,

2399 2090 2481 2143 ὃτι
2500 2090 2607 2143 Καὶ
2628 2092 2681 2142 al
2703 2088 3135 2153 κοινωνοῦντες
3154 2088 3311 2153 αὐτῷ
3326 2088 3571 2155 πάντες,
3594 2088 3916 2158 κακούργως
3933 2089 3986 2140 oi

2400 2182 2566 2234 δόλιοι
2596 2181 3057 2252 τιιαρεσιώπησαν⁵
3097 2181 3206 2233 ἔδει
3240 2182 3295 2235 δὲ
3340 2182 3593 2245 πάντως,
3626 2183 3785 2251 εἴπερ
3844 2180 3983 2233 ἀπο-

2403 2275 2649 2326 στολικὺν
2682 2274 2845 2342 νόμον
2873 2272 3205 2341 ἠγωνίζοντο
3239 2277 3447 2344 τηρεῖν,
3479 2275 3577 2326 οὐκ
3630 2275 3693 2335 ὲκ
3758 2274 3983 2343 μέρους,

2402 2366 2539 2419 ἀλλά
2570 2366 2789 2429 τελείως
2816 2367 3001 2436 τηρεῖν
3022 2382 3035 2395 ·
3068 2366 3162 2419 καὶ
3190 2368 3237 2419 εἰ
3268 2366 3483 2435 ἀληθῶς
3513 2363 3658 2435 εἶχεν
3687 2366 3719 2435 ἠ
3746 2382 3989 2434 κατηγο-

2406 2458 2517 2528 ρία,
2548 2459 2735 2528 ῶσπερ
2766 2461 2996 2522 ἐκεῖνον,
3025 2458 3167 2511 οὕτω
3193 2458 3287 2511 καὶ
3318 2459 3444 2521 τοὺς
3474 2460 3567 2511 ὑπ’
3612 2458 3819 2511 ἐκείνου
3874 2474 3990 2527 χει-

2408 2550 2815 2619 ροτονηθέντας,
2846 2549 2939 2601 καὶ
2978 2548 3128 2619 αὐτῷ
3169 2552 3623 2619 κοινωνήσαντας.
3662 2549 3983 2617 καθαιρεῖν·

2404 2639 2501 2693 καὶ
2535 2638 2709 2703 οὕτως
2757 2639 2823 2693 ἂν
2859 2640 2915 2691 ἐν
2951 2642 3062 2700 τοῖς
3092 2638 3277 2708 ἔργοις
3309 2638 3417 2690 τῶν
3472 2637 3673 2709 χειρῶν
3714 2638 3896 2689 αὐτῶν
3937 2638 3988 2688 οἱ

2404 2732 2724 2803 ἁμαρτωλοὶ
2789 2732 2975 2800 σαφῶς
3024 2731 3514 2799 συνελαμϐάνοντο.
3558 2730 3893 2783 ’Δδικὼτατα
3931 2728 3991 2780 δὲ

2405 2823 2797 2893 διανοούμενοι,
2826 2824 2950 2875 ὅσον
2982 2822 3077 2891 μὲν
3106 2822 3287 2883 αὐτοῖς
3319 2821 3451 2891 πρὸς
3490 2818 3693 2890 βλάϐην
3719 2817 3814 2871 τοῦ
3856 2817 3990 2885 παρ’

2406 2915 2585 2968 αὐτῶν
2619 2914 3064 2984 ὲπηρεαζομένου
3098 2913 3391 2977 συνετέλει,
3420 2912 3581 2965 τοῦτο
3610 2912 3987 2980 ἐξεφώνησαν,

2404 3008 2466 3061 τὸ
2498 3007 2623 3077 ἑξῆς
2645 3006 2723 3066 δὲ.
2756 3006 2831 3068 ὼς
2862 3006 2957 3058 καὶ
2987 3004 3185 3065 αὐτοὺς
3220 3007 3287 3075 τῇ
3330 3005 3468 3073 αὐτῇ
3527 3002 3825 3057 ὑποϐάλλον
3866 3002 3991 3052 ὲπι-

2402 3098 2584 3169 τιμία,
2618 3094 3031 3166 κατεκρύψαντο
3054 3110 3068 3123 ·
3102 3093 3130 3145 ὃ
3156 3093 3218 3163 δὴ
3248 3095 3341 3147 καὶ
3370 3096 3398 3147 ὁ
3426 3092 3775 3165 πατριάρχης
3805 3093 3992 3154 αὐτοῖς

2405 3187 2525 3241 τότε
2575 3187 3073 3256 παρασιωπήσασιν
3123 3184 3396 3253 εὐστόχως
3443 3186 3726 3251 ὲπιφωνεῖ.
3776 3182 3840 3234 ’Ὠ
3889 3181 3993 3249 τῆς

716 3277 1083 3345 κακουργίαςῑ
1115 3276 1161 3328 ib
1192 3278 1290 3347 τῆς
1336 3280 1690 3349 σκαιότητοςῖ
1748 3281 1844 3345 Τίς
1869 3282 1976 3353 γὰρ
2007 3282 2106 3335 οὐκ
2139 3276 2302 3347 οἶδεν,
2344 3283 2420 3346 ὡς
2463 3281 2719 3348 Ἰγνάτιος
2747 3280 2845 3349 μὲν
2869 3278 3035 3348 ψήφῳ
3057 3280 3276 3332 πάντων
3299 3276 3437 3346 ὁμοῦ
3497 3276 3607 3328 τῶν
3663 3276 3990 3344 ἀρχιερέων,

717 3370 813 3422 καὶ
841 3372 939 3439 τῆς
977 3372 1305 3441 Ἐκκληοίας
1337 3374 1464 3445 ὅλης
1498 3378 1836 3443 συναινέσει,
1869 3378 2171 3441 κανονικῶς
2239 3377 2337 3430 καὶ
2376 3376 2657 3445 ὲνθὲσμως
2717 3374 3167 3445 προκεχείρισται
3188 3389 3201 3403 ⁸
3236 3371 3399 3433 αὐτὸς
3424 3371 3483 3423 δὲ
3505 3371 3534 3422 ό
3557 3369 3758 3431 Φὼτιος
3788 3368 3992 3437 μᾶλλον

714 3464 792 3532 τῷ
821 3481 875 3515 τε
902 3463 1059 3533 δεινῷ
1090 3464 1271 3536 Βάρδᾳ
1304 3467 1397 3518 xa't
1464 3470 1578 3530 τοῖς
1643 3472 1929 3537 κοσμικοῖς
1998 3470 2227 3541 ἄρχουσι
2305 3471 2653 3539 χρησάμενος
2714 3468 3016 3536 συνεργοῖς,
3084 3464 3451 3526 ἀκανονίστως
3506 3462 3603 3515 καὶ⁵
3648 3458 3992 3530 τυραννικῶς

722 3558 921 3626 μᾶλλον
975 3557 1007 3626 ἢ
1064 3558 1536 3626 ἐκκλησιαστικῶς
1578 3558 1673 3611 τοῦ
1725 3560 1915 3630 θρόνου
1980 3561 2445 3631 καταδράττεται;
2496 3560 2634 3613 Ἀλλ’

2710 3560 2809 3611 οὐκ
2878 3560 3143 3625 ἔγνωσαν,
3214 3556 3331 3608 οὐδὲ
3386 3555 3625 3624 συνῆκαν
3670 3555 3719 3606 οἱ
3764 3554 3843 3623 τῷ
3892 3553 3995 3621 τῆς

718 3653 1088 3721 φιλαργυρίας
1116 3656 1209 3705 καὶ
1238 3653 1557 3721 δοξομανίας
1589 3654 1763 3724 σκότῳ
1790 3655 2261 3726 διαπορευόμενοι,
2303 3657 2378 3719 ὡς
2405 3659 2461 3708 ὲν
2485 3651 2565 3718 οἷς
2598 3654 2921 3716 διαϐουλίοις
2941 3653 2995 3717 ⁸,
3029 3652 3518 3722 συλλαμϐάνονται.

795 3748 926 3801 Pust
956 3750 1171 3818 longam
1199 3764 1327 3819 ergo
1360 3752 1650 3804 verborum
1685 3753 2119 3817 altercationem,
2153 3737 2305 3807 labo-
2333 3762 2375 3818 ο

719 3855 855 3901 rem,
894 3849 947 3893 et
973 3839 1402 3903 cunctationem,
1435 3841 1548 3894 sola
1573 3841 1853 3909 impotenti
1881 3840 2002 3895 freti
2035 3843 2300 3910 potentia,

720 3930 1026 3999 pftBIEI'jIIS
1057 3928 1247 3998 fasque
1277 3945 1460 3992 omne,
1486 3932 1785 4000 pontificali
1806 3933 1950 3986 cultu
1983 3947 2227 4001 pannoso
2252 3943 2307 3988 et

720 4023 960 4076 sordeuti
1013 4025 1191 4091 primo
1244 4022 1409 4094 [pan.
1442 4034 1495 4078 et
1525 4026 1675 4079 sord.
1720 4026 1921 4096 primo,
1958 4036 2071 4081 tum
2108 4028 2302 4096 pontii.

721 4110 910 4182 cultu]
949 4112 1201 4173 induunt,
1239 4128 1543 4182 rursusque
1587 4125 1774 4183 postea
1802 4130 1831 4168 a
1865 4125 2017 4185 tergo
2071 4128 2300 4171 exuunt.

723 4198 855 4253 Erat
891 4212 1071 4253 autem
1120 4202 1535 4271 hypodiaconus
1588 4204 1810 4273 quidam
1850 4204 2146 4275 Procopius
2200 4221 2303 4260 no-

724 4297 895 4357 mine,
926 4296 995 4348 ab
1024 4294 1267 4348 Ecclesia
1296 4296 1542 4364 ejectus;
1578 4297 1778 4365 quippe
1810 4313 1973 4366 quem
2016 4307 2196 4353 mente
2226 4299 2309 4353 in-

724 4403 919 4442 sanum
969 4387 1324 4456 moribusque
1367 4387 1654 4457 profanum
1694 4390 2003 4457 patriarcha
2053 4406 2161 4445 non
2230 4391 2305 4444 ita

723 4482 930 4550 pridem
965 4482 1134 4550 gradu
1170 4493 1438 4536 moverat.
1476 4481 1576 4535 ilic
1605 4483 1817 4551 primus
1848 4485 2029 4538 ablato
2065 4500 2093 4537 a
2133 4485 2305 4553 patri-

728 4574 894 4626 archa
930 4574 1115 4641 pallio,
1156 4582 1416 4641 vcsteque
1442 4575 1646 4641 reliqua
1674 4590 1853 4637 sacra,
1887 4575 2031 4628 istud
2068 4576 2311 4630 solemne

722 4666 1099 4735 proclamabat
1133 4684 1145 4719 :
1190 4664 1471 4735 Indignus.
1513 4666 1812 4722 Zacharias
1846 4677 1899 4722 et
1926 4666 2301 4735 Rhodoaldus,

726 4758 1086 4826 nonnullique
1115 4758 1203 4810 alii
1236 4757 1427 4811 nefarii
1456 4758 1707 4811 homines
1743 4759 1883 4814 idem
1920 4759 2305 4822 vociferantes,

726 4848 896 4915 impio
928 4849 1148 4901 decreto
1184 4846 1645 4915 sulfragabautur.
1706 4848 1856 4912 Quos
1889 4857 2068 4901 tamen
2118 4864 2307 4903 omnes

727 4940 880 4991 brevi
919 4938 1159 4992 ewlestis
1215 4938 1455 4991 vindicta
1510 4946 1809 4991 consecuta
1849 4946 1953 5001 est,
2006 4954 2128 4991 cum
2190 4938 2311 4993 illos

727 5032 901 5083 sancti
934 5029 1072 5082 vatis
1108 5027 1389 5083 Zachariae
1420 5028 1529 5082 falx
1565 5028 1654 5081 illa
1680 5028 1805 5097 jure
1837 5030 2045 5098 optimo
2100 5029 2310 5085 demes-

2480 3753 2634 3806 Μετόι
2667 3753 2869 3821 πολλὴν
2899 3750 2989 3804 οῦν
3022 3750 3120 3819 τὴν
3152 3751 3209 3801 ὲν
3242 3750 3355 3811 τοῖς
3401 3746 3579 3814 λόγοις
3626 3744 3860 3815 ἅμιλλαν
3898 3746 3996 3799 καὶ

2412 3846 2647 3915 σπουδὴν
2677 3846 2771 3897 καὶ
2799 3843 3015 3913 τριϐὴν,
3046 3841 3165 3895 κατ’
3196 3840 3386 3893 οὐδένα
3414 3838 3764 3907 δικαιοσύνης
3800 3838 3992 3905 νόμον,

2413 3940 2549 4010 μόνῃ
2591 3939 2647 3990 δὲ
2699 3940 2765 4007 τῇ
2800 3936 3020 4005 ἐξουσίᾳ
3079 3934 3325 4004 μανικῶς
3380 3932 3676 4003 χρώμενοι,
3739 3931 3994 3983 ἐνδύουσι

2409 4030 2597 4083 τοῦτον
2631 4028 2821 4099 ἱμάτια
2874 4027 3208 4097 διερρωγότα
3260 4026 3355 4078 καὶ
3410 4026 3708 4093 ῥυπῶντα,
3754 4026 3846 4075 καὶ
3885 4024 3987 4091 τὴν

2412 4119 2696 4188 ἱερατικὴν
2733 4116 2924 4186 στολὴν
2954 4114 3367 4186 περιϐαλόντες,
3397 4115 3461 4166 ὲκ
3483 4112 3590 4165 τῶν
3617 4113 3840 4165 ὄπισθεν
3877 4115 3993 4164 ἀπ-

2411 4204 2934 4280 αμφιάξουσιν.Ἦν
2983 4208 3040 4260 δέ
3093 4226 3176 4269 τις
3233 4208 3569 4275 ὲκκήρυκτος
3616 4205 3997 4268 ὑποδιάκονος,

2413 4302 2718 4370 Προκόπιος
2756 4298 3015 4369 τοῦνομα,
3044 4298 3136 4351 τὸν
3166 4298 3323 4365 λόγον
3351 4297 3543 4364 ἄλογος
3564 4336 3580 4361 ,
3624 4296 3714 4349 τὸν
3755 4295 3868 4365 βίον
3909 4296 4000 4365 βέ-

2413 4394 2595 4464 βηλος,
2624 4394 2728 4446 ὃνὸ
2756 4393 3100 4462 πατριάρχης
3128 4391 3321 4461 πρώην
3353 4390 3442 4443 διὰ
3474 4389 3637 4441 τοῦτο
3668 4387 3861 4459 ἔρριψε
3886 4386 3987 4440 τοῦ

2414 4484 2646 4555 βαθμοῦ.
2681 4476 2850 4545 Οὗτος
2888 4483 3101 4553 πρῶτος
3132 4480 3525 4551 ἀναιρούμενος
3581 4478 3642 4531 τὸ
3682 4477 3999 4548 ὠμοφόριον

2413 4576 2508 4626 καὶ
2538 4574 2632 4643 τὴν
2656 4572 2849 4641 λοιπὴν
2875 4570 3101 4637 ἐσθῆτα,
3137 4568 3264 4621 ὲϐόα
3293 4567 3375 4632 τὸ,
3395 4565 3679 4630 Ἀνὰειος.
3715 4564 3999 4632 Ζαχαρίας

2413 4685 2470 4719 τε
2521 4668 2614 4720 καὶ
2647 4665 2953 4726 Ῥοδόαλδος
2982 4705 2998 4728 ,
3054 4662 3148 4715 καί
3184 4678 3325 4723 τινες
3373 4659 3525 4712 ἄλλοι
3582 4657 3770 4726 μιαροὶ
3801 4655 3867 4707 τὰ
3906 4655 4000 4707 ἶσα

2415 4755 2822 4825 κραυγάζοντες
2847 4793 2861 4815 ,
2898 4756 2963 4821 τῇ
3014 4751 3206 4821 ἀνοσία
3246 4750 3412 4819 ψήφῳ
3464 4745 3995 4816 συνεπεψηφίζοντο·

2415 4849 2508 4911 οὓς
2538 4848 2745 4910 πάντας
2784 4848 2845 4898 ού
2880 4847 3018 4915 μετὰ
3049 4844 3184 4896 πολὺ
3216 4842 3482 4912 μετῆλθεν
3530 4842 3563 4911 ή
3609 4840 3731 4908 δίκη
3766 4879 3781 4903 ,
3816 4840 3909 4890 καὶ
3942 4838 4003 4890 τὸ

2418 4940 2513 4993 τοῦ
2550 4940 2817 5009 Ζαχαρίου
2850 4938 2944 4990 τοῦ
2974 4937 3120 4989 θείου
3151 4936 3418 5006 δρέπανον
3442 4932 3780 4985 ὲκδικὼτατα
3820 4947 3998 4983 κατα-

2418 5034 2625 5083 κτεῖναι
2675 5028 3011 5082 συνετέλεσε.
3049 5024 3254 5087 Φῶτιος
3288 5024 3387 5093 μὲν
3416 5022 3508 5074 οῦν
3536 5021 3633 5091 τὴν
3667 5019 4002 5089 ὲνδομυχοῦ-

728 5126 859 5177 suit.
897 5123 1128 5177 Photius
1152 5132 1336 5176 autem
1368 5138 1478 5191 quo
1508 5132 1670 5193 pacto
1717 5137 1879 5176 suum
1930 5122 2194 5176 adversus
2233 5123 2303 5175 in-

2422 5142 2522 5177 σαν
2576 5126 2634 5176 ὲν
2684 5121 2834 5191 αύτῷ
2888 5120 3029 5174 κατά
3061 5118 3155 5171 τοῦ
3202 5114 3536 5184 ἀνεγκλήτου
3587 5113 3747 5182 μῆνιν
3784 5111 3899 5171 πῶς
3934 5110 4003 5162 ἂν

729 5226 942 5271 sontem
974 5217 1250 5270 occultum
1282 5216 1442 5269 aliter
1474 5215 1658 5268 odium
1688 5214 1943 5267 universo
1972 5214 2091 5267 orbi
2126 5213 2317 5281 prode-

732 5320 846 5371 ret,
919 5308 1273 5376 seipsumque
1346 5307 1664 5371 longissime
1716 5322 1745 5360 a
1804 5306 2032 5375 paciﬁca
2094 5306 2319 5375 mitique

733 5412 946 5468 pastore
979 5400 1107 5455 Jesu
1160 5401 1352 5455 abesse
1399 5402 1734 5463 ostenderet,
1778 5415 1941 5469 quam
1990 5415 2078 5453 res
2112 5399 2322 5469 ejusce-

734 5490 880 5541 mudi
944 5490 1335 5553 maehiuaudo,
1392 5490 1653 5559 justeque
1701 5491 1817 5543 viro
1856 5490 2082 5558 injurias
2142 5499 2323 5545 tantas

734 5582 1029 5647 irrugandu
1058 5583 1081 5633 ’ί
1116 5582 1520 5651 lloejudicium
1554 5598 1714 5636 nemo
1746 5581 1847 5636 fuit
1879 5582 1969 5652 qui
1998 5597 2102 5636 non
2137 5597 2318 5650 repre-

736 5674 1014 5739 henderet,
1047 5685 1207 5744 atque
1243 5677 1627 5747 indignitatem
1682 5676 1783 5743 rei,
1837 5684 1931 5729 aut
1980 5675 2161 5745 petius
2221 5675 2318 5729 im-

811 5852 885 5919 (6)
914 5854 1093 5908 Canou
1120 5856 1350 5923 apostol.
1382 5854 1471 5920 99,
1511 5856 1646 5911 alias
1675 5856 1764 5909 5|.

2417 5217 2593 5277 ἄλλως
2624 5217 2688 5283 τῇ
2717 5212 3011 5282 οἰκουμένῃ
3040 5211 3190 5281 πάσῃ
3215 5207 3590 5274 κατεστήσατο
3615 5204 3876 5272 φανερὰν,
3899 5202 4003 5253 καὶ

2421 5306 2537 5369 πῶς
2567 5306 2633 5358 ἂν
2667 5306 2857 5356 ἑαυτὸν
2903 5304 2977 5365 ῶς
3026 5299 3363 5370 πορρωτάτω
3408 5295 3503 5347 τοῦ
3565 5292 3842 5365 εἰρηνικοῦ
3905 5294 4005 5349 καὶ

2424 5398 2600 5466 πράου
2633 5396 2884 5464 ποιμένος
2914 5394 3193 5460 ἀπέφηνεν
3231 5387 3428 5459 Ἰησοῦ,
3462 5386 3495 5455 ἦ
3528 5384 3756 5438 τοιαῦτα
3782 5384 4003 5453 διανοη-

2425 5488 2557 5550 οεὶς,
2585 5488 2680 5539 καὶ
2710 5488 2883 5549 οῦτως
2935 5484 3246 5539 ἀδικώτατα
3294 5482 3377 5552 τῷ
3418 5480 3614 5549 δικαίῳ
3644 5476 4002 5545 ἐπιθέμενοςς

2425 5577 2644 5647 Ταύτην
2680 5578 2778 5644 τὴν
2810 5577 2989 5644 κρίσιν
3018 5576 3118 5626 οὐκ
3148 5569 3214 5643 ἦν
3248 5574 3393 5634 ὅστις
3425 5570 3525 5623 οὐκ
3550 5567 3858 5637 ἐμέμψατο,
3904 5568 4005 5617 καὶ

2422 5671 2519 5741 τῆς
2568 5669 2899 5737 ἀλογιστίας,
2941 5667 3139 5735 μᾶλλον
3197 5665 3253 5717 δὲ
3286 5661 3701 5733 μισανθρωπίας
3736 5657 3795 5711 τὸ
3828 5657 3994 5726 ὑπερ.
