4186 6434
202 462 285 525 521
1254 465 1426 524 \‘lTA
1468 466 1523 524 S.
1566 464 1859 525 IGNATH
1901 467 2005 525 Cl‘.
2044 464 2396 527 ARClliEl’.

3348 469 3447 530 522

201 572 379 624 ϐάλλον
413 571 663 642 ἀπεστρᾶ
677 588 763 642 sq.
798 573 930 626 Οὐδὲ
960 572 1065 645 γὰρ
1102 576 1149 627 οἱ
1184 575 1260 646 τῷ
1287 577 1447 648 μέρει
1485 577 1645 646 μόνον
1667 574 1763 630 τοῦ

1887 577 2183 630 nanitatem
2226 592 2331 628 non
2364 582 2733 630 aversaretur.
2790 573 2974 645 Neque
3009 575 3155 630 enim
3194 575 3273 631 illi
3318 583 3448 646 soli,

199 663 345 732 ὀρθοῦ
383 665 543 732 λόγου
589 667 888 737 τιθέμενοι,
926 666 1065 720 ἀλλὰ
1117 669 1214 722 καὶ
1254 669 1408 723 αὐτοὶ
1454 670 1660 724 Φωτίου
1718 672 1765 722 οί

202 761 467 825 συγγενεῖς
500 760 594 812 καὶ
628 762 819 814 οἰκεῖοι
844 762 1247 826 κατεστέναξεν
1288 762 1399 816 τῶν
1434 763 1767 834 γενομένων,

202 852 278 903 καὶ
322 853 403 915 είς
442 853 613 906 κακὸν
660 853 831 907 ταῦτα
866 854 1245 925 προδήσεσθαι
1303 855 1384 927 τῷ
1424 857 1523 927 τῆς
1558 856 1775 937 ἀδικίας

200 946 503 999 οἱωνίσαντο
528 949 713 1016 κριτῇ.
740 947 805 999 Τί
832 947 887 1000 δὲ
919 949 1161 1014 έκεῖνος;
1187 945 1277 1019 ἆρ’
1305 949 1506 1020 ᾐδέσθη
1526 950 1654 1021 τοὺς
1681 953 1771 1003 άν-

202 1038 458 1110 θρώπους,
499 1040 533 1110 ἢ
583 1041 677 1092 τὸν
722 1038 1075 1111 δικαιοσύνην
1105 1040 1406 1109 ἀγαπῶντα
1448 1044 1541 1095 καὶ
1588 1044 1769 1113 κρίσιν

200 1134 316 1187 Θεὸν
359 1133 642 1203 φοϐηθεὶς,
691 1132 752 1198 ἐξ
802 1135 1017 1188 ἐκείνου
1063 1135 1374 1190 κατέπαυσε
1432 1135 1531 1206 τὴν
1560 1136 1767 1208 όργήν;

202 1226 481 1297 Οὐδαμῶς·
511 1228 598 1281 άεὶ
627 1225 683 1279 δὲ
714 1227 908 1295 φθόνον
948 1226 1150 1298 φθόνῳ,
1189 1229 1284 1282 καὶ
1316 1228 1518 1282 κακίαν
1550 1230 1770 1283 ἐπισυν-

204 1321 374 1374 άπτων
402 1322 470 1390 τῇ
503 1320 696 1392 κακίᾳ,
747 1321 1051 1389 ἠγωνίζετο
1105 1322 1309 1392 σπουδῇ
1340 1323 1491 1392 πάσῃ
1533 1324 1627 1376 καὶ
1662 1340 1770 1392 μη-

202 1415 320 1482 χανῇ
349 1412 411 1464 ού
447 1412 760 1466 θανατῶσαι
794 1413 976 1480 μόνον,
1022 1410 1157 1466 ἀλλὰ
1195 1411 1258 1464 τὸ
1304 1410 1497 1466 τούτου
1564 1416 1766 1483 χεῖρον,

204 1505 282 1557 καὶ
304 1505 377 1567 ὡς
415 1503 646 1558 θανάτου
680 1504 828 1567 ἄξιον
864 1505 1030 1556 αὑτὸν
1059 1502 1294 1557 ἀνελεῖν.
1326 1501 1462 1556 Τότε
1509 1502 1609 1573 μὲν
1649 1498 1766 1567 οῦν,

204 1595 265 1659 ὡς
291 1595 586 1662 ύπέλαὸον,
618 1595 1058 1675 καθαιρήσαντες
1081 1596 1175 1649 καὶ
1206 1595 1633 1675 ὲκκηρύξαντες,
1671 1596 1767 1649 ἀν-

207 1691 427 1762 θρώποις
468 1692 633 1746 αύτδν
676 1691 983 1762 ὡμοτάτοις
1013 1691 1109 1745 καὶ
1160 1690 1548 1754 άσεϐεστάτοις
1592 1708 1765 1759 τιμω-

208 1784 399 1854 ρεῖσθαι
450 1785 667 1855 πικρῶς
722 1782 1194 1855 παραδεδώκασιν,
1256 1783 1416 1855 ἄχρις
1468 1782 1536 1836 ἂν
1589 1782 1768 1853 οίκεία

205 1881 328 1951 χειρὶ
350 1880 452 1951 τὴν
479 1880 616 1934 ίδίαν
644 1880 969 1951 καθαίρεσιν
997 1880 1447 1953 ύποσημήνηται.
1476 1875 1661 1933 Ἦσαν
1710 1880 1768 1933 δὲ

1873 670 1966 740 qui
1992 680 2194 723 rectam
2219 669 2482 722 rationem
2502 668 2894 739 sequebantur,
2912 671 3005 724 sed
3034 670 3207 740 ipsius
3231 688 3451 743 quoque

1875 762 2051 817 Photii
2094 763 2382 832 propinqui
2417 772 2469 816 et
2509 763 2811 817 familiares
2846 762 2912 816 ad
2943 764 3083 817 hanc
3138 781 3319 819 rerum
3357 783 3452 836 ge-

1871 863 2079 908 SIarum
2112 852 2391 906 infantiam
2426 852 2877 921 ingemiscebaut,
2901 854 3448 925 augurabanturque,

1873 950 2014 1001 hanc
2055 962 2269 1000 omnem
2307 947 2709 1014 improbitatem
2745 948 2797 999 in
2837 946 3010 1013 ipsius
3041 947 3314 1014 quondam
3351 947 3457 1001 ini-

1872 1040 1962 1107 qni
2006 1039 2207 1107 judicis
2240 1046 2483 1109 caputet
2538 1038 2765 1091 exilium
2799 1037 3255 1091 redundaturum.
3316 1040 3455 1103 Quid

1875 1148 2005 1185 vero
2048 1131 2179 1185 ille?
2205 1148 2271 1185 an
2301 1130 2554 1185 homines
2587 1139 2670 1184 est
2701 1130 3010 1185 reveritus?
3050 1146 3117 1185 an
3165 1131 3348 1185 timuit
3372 1132 3457 1184 ιίί-

1878 1225 2137 1295 ligentem
2167 1223 2432 1292 justitiam
2463 1230 2517 1275 ct
2557 1220 2851 1291 judicium,
2890 1220 3059 1276 Deum
3087 1223 3109 1275 ?
3139 1223 3339 1293 illoque
3388 1240 3453 1279 ex

1874 1327 2118 1387 tempore
2153 1317 2288 1369 iram
2320 1316 2545 1384 posuit?
2574 1314 2967 1379 Minimevcro.
2987 1315 3244 1382 Quinimo
3270 1318 3455 1370 odium

1875 1412 2022 1474 odio,
2055 1409 2316 1465 invidiam
2354 1409 2581 1473 invidia,
2634 1402 2816 1463 scelus
2877 1408 3115 1464 scelere
3146 1402 3457 1475 cunnilans,

1873 1504 2031 1583 illum
2066 1503 2217 1569 omni
2284 1502 2498 1556 ratione
2525 1500 2685 1569 tique
2740 1502 3043 1555 conabatur
3094 1518 3200 1556 non
3250 1512 3457 1557 tantum

1820 1650 1823 1651 ν
1870 1578 2246 1668 pessumdare,
2284 1578 2403 1659 sed,
2431 1593 2579 1666 quod
2610 1604 2694 1650 est
2723 1594 2988 1657 atrocius,
3035 1594 3201 1649 veluti
3234 1596 3456 1649 noxium

1871 1691 2175 1760 ultimoque
2204 1690 2478 1759 supplicio
2495 1690 2719 1760 dignum
2748 1706 2777 1744 e
2811 1690 2992 1744 medio
3025 1690 3238 1744 tollere.
3272 1692 3460 1761 Itaque

1869 1794 2016 1849 tunc,
2035 1793 2092 1837 ut
2116 1794 2414 1853 cmperant,
2435 1795 2847 1839 exauctoratum
2874 1786 3199 1856 publicoque
3248 1802 3459 1855 prtcco-

1870 1877 1961 1930 nio
1977 1876 2757 1941 damnatum,humanissist
2802 1878 3324 1949 scelestissimisqne
3361 1881 3463 1935 ho—

204 1975 248 2026 oi
274 1972 654 2042 κολαφίζοντες
679 1974 773 2027 καὶ
800 1971 1282 2042 ταλαιπωροῦντες
1317 1971 1505 2037 αὑτὸν,
1534 1973 1630 2026 καὶ
1660 1971 1766 2041 πή-

1883 1966 2119 2023 minihus
2166 1969 2590 2024 excruciandum
2638 1970 2926 2035 tradidere,
2975 1973 3153 2041 quoad
3174 1989 3271 2027 sua
3300 1990 3462 2029 manu

207 2066 326 2130 ξεως
347 2066 518 2139 οὖσης
546 2066 801 2137 δριμείας
820 2108 835 2131 ,
883 2065 967 2119 ἐνὶ
999 2064 1310 2136 χιτωνίσκῳ
1340 2065 1643 2129 πιέζοντες,
1673 2064 1769 2117 καὶ

209 2158 555 2230 σταυροῦντες
580 2159 775 2225 αύτδν,
804 2159 897 2213 καὶ
927 2158 1332 2227 πυρπολοῦντες
1350 2198 1366 2224 ,
1394 2160 1490 2213 καὶ
1520 2160 1578 2212 ὲν
1615 2157 1768 2210 δυσὶν

211 2250 493 2319 ἐσδομάσιν
515 2249 856 2321 ἐμφρούρων
878 2249 1217 2321 συνέχοντες,
1244 2250 1341 2303 καὶ
1371 2248 1562 2319 ἀσιτίᾳ
1588 2246 1769 2317 τελεία

206 2344 623 2411 κατατήκοντεςο
654 2344 717 2396 ού
750 2343 909 2413 μόνον
933 2342 1016 2409 δὲ,
1050 2342 1188 2399 ἀλλὰ
1215 2342 1310 2396 καὶ
1342 2340 1432 2394 ἐπ’
1463 2342 1637 2413 αὐτῆς
1670 2342 1767 2395 αύο

206 2434 286 2487 τδν
309 2434 400 2489 ’ωῦ
430 2436 812 2507 Κοπρωνύμου
847 2438 946 2506 τῆς
974 2435 1248 2506 λάρνακος
1295 2433 1551 2500 ἐκάθιζον
1578 2433 1770 2490 ἀναδι-

208 2526 471 2592 δάζοντες,
498 2530 596 2583 καὶ
628 2528 739 2581 τῶν
765 2516 941 2581 ποδῶν
976 2527 1147 2582 αὐτοῦ
1189 2527 1440 2582 κάτωθεν
1472 2528 1652 2591 λίθους
1685 2528 1772 2593 ἐξ·

207 2620 468 2690 αρτῶντες
526 2619 735 2691 βαρεῖς,
787 2620 883 2674 καὶ
915 2620 1010 2673 ἐπὶ
1041 2619 1227 2673 πλεῖον
1255 2622 1321 2690 τῇ
1346 2619 1440 2673 τοῦ
1476 2620 1771 2692 μαρμάρου

207 2713 293 2781 τὴν
315 2712 480 2783 ἕδραν
505 2712 726 2781 ὀξύτητι
754 2711 972 2783 πικρῶς
1001 2710 1144 2780 ἄγαν
1177 2711 1516 2782 πλήσσοντες
1546 2713 1769 2781 ἐπέτρι-

208 2802 309 2857 ϐον.
340 2805 402 2857 Οί
424 2802 523 2858 οὖν
550 2802 726 2857 ταῦτα
765 2819 826 2856 τε
875 2804 971 2856 καὶ
1005 2802 1142 2857 ἄλλα
1190 2802 1365 2857 πλείω
1394 2802 1776 2873 ὲνυϐρίζοντες

210 2897 282 2960 είς
314 2896 402 2948 τὸν
437 2893 882 2966 μακαριώτατον,
935 2895 1031 2947 καὶ
1070 2893 1251 2962 λόγοις
1302 2893 1398 2947 καὶ
1442 2893 1625 2963 ἔργοις
1675 2889 1775 2964 ἑμ-

210 2988 586 3059 παροινοῦντες
614 2988 694 3051 είς
725 2986 910 3051 αὐτὸν,
932 2985 1156 3056 σπέρμα
1185 2986 1443 3057 πονηρὸν,
1472 2986 1548 3049 ὡς
1577 2989 1772 3050 εἰπεῖν,

210 3082 303 3133 etot
332 3082 548 3152 ἄνομοι,
575 3082 603 3133 6
631 3077 1062 3150 Μωροθεόδωρος
1105 3079 1334 3144 ἐκεῖνος,
1376 3079 1469 3131 καὶ
1511 3079 1539 3129 6
1578 3078 1777 3148 Γοργο-

208 3171 346 3240 νίτης
383 3171 663 3241 Ἰωάννης,
698 3170 794 3223 καὶ
825 3171 854 3222 ὁ
873 3165 1167 3222 Θεοδούλου
1202 3167 1471 3231 Νικόλαος
1497 3168 1524 3220 6
1545 3166 1777 3220 Σκουτε-

208 3259 343 3329 λόψις
368 3257 459 3332 ἦν.

267 3353 418 3407 Μετὰ
439 3351 577 3422 γοῦν
602 3352 700 3417 τὰς
744 3354 1015 3418 κολάσεις,
1039 3353 1103 3416 ἃς
1135 3344 1284 3406 οῦτοι
1312 3351 1665 3422 προσήγαγον
1700 3348 1778 3419 τῷ
1806 3344 1848 3371 "

204 3443 503 3515 ὀμολογητῇ
553 3444 650 3497 τοῦ
683 3443 947 3516 Χριστοῦ,
1003 3443 1143 3515 μετὰ
1192 3442 1293 3507 τὰς
1336 3443 1589 3506 ἀπειλάς,
1639 3442 1780 3511 μετὰ

205 3536 290 3599 τὰς
314 3538 538 3601 ἁλύσεις
559 3579 576 3603 ,
610 3538 678 3600 ἃς
706 3538 851 3591 κατὰ
894 3538 1003 3590 τῶν
1034 3537 1234 3605 τιμίων
1267 3536 1534 3589 ἐπέϐαλον
1579 3536 1777 3600 ποδῶν,

209 3629 338 3695 μετὰ
369 3630 440 3683 τὰ
481 3630 829 3701 ῥαπίσματα,
866 3630 1004 3699 μετὰ
1034 3631 1097 3682 τὸ
1123 3627 1451 3698 σταυρωδῶς
1481 3628 1574 3680 ἐπὶ
1610 3628 1782 3697 πρόσ-

206 3736 339 3773 ωπον
374 3725 521 3775 κατὰ
552 3723 663 3775 τῶν
693 3722 1003 3792 μαρμάρων
1029 3722 1372 3789 ὲφαπλῶσαι,
1410 3723 1499 3774 καὶ
1532 3721 1660 3789 ὅλην
1683 3720 1782 3790 τὴν

205 3813 360 3866 νύκτα
397 3814 692 3883 δεδεμένον
718 3814 1161 3883 τιμωρήσασθαι,
1196 3813 1334 3882 μετὰ
1377 3812 1437 3865 τὸ
1463 3812 1785 3865 ἐπιϐιϐάσαι

204 3910 264 3977 τῇ
288 3908 525 3977 λάρνακι
561 3910 645 3971 εἰς
684 3907 784 3976 τὴν
819 3905 946 3974 ἑξῆς
980 3905 1151 3957 νύκτα
1202 3905 1420 3964 πᾶσαν,
1470 3899 1576 3969 ,εἷθ’
1611 3903 1782 3964 οὕτως

205 4000 465 4053 ἀπολῦσαι
493 4001 611 4053 τῶν
652 3998 890 4068 δεσμῶν,
926 3996 1019 4050 καὶ
1051 3996 1192 4049 κατᾶ
1233 3994 1329 4047 τοῦ
1362 3995 1592 4063 ἐδάφους
1622 3995 1784 4047 αὑτὸν

205 4090 481 4145 ἀκοντίσαι
525 4092 627 4145 καὶ
659 4088 971 4160 συντρίψαι,
997 4088 1092 4141 καὶ
1108 4086 1185 4157 τῷ
1206 4089 1398 4156 αἵματι
1430 4085 1662 4156 φοινίξαι
1687 4088 1784 4157 τὴν

205 4183 328 4253 γῆνι
369 4184 515 4254 μετά
553 4182 734 4237 ταῦτα
784 4184 962 4237 πάντα
1006 4182 1203 4252 μικρὸν
1256 4181 1448 4234 τοῦτον
1484 4182 1787 4249 ἐμπνέοντα

204 4275 426 4346 (συνεῖχε
454 4278 577 4347 γὰρ
622 4274 859 4346 μάλιστα
886 4275 1158 4344 λελυμένη
1196 4274 1290 4327 καὶ
1319 4277 1350 4343 ή
1387 4273 1623 4344 γαστὴρ)
1647 4314 1661 4338 ,
1694 4274 1786 4343 βία

202 4365 290 4434 τῆς
319 4366 413 4419 τοῦ
442 4368 616 4435 ἁγίου
646 4364 830 4436 χειρὸς
860 4364 1339 4435 ὀΜωροθεόδωρος
1370 4366 1673 4434 κρατήσας,
1693 4366 1788 4417 καὶ

202 4460 395 4531 χάρτην
432 4460 655 4524 λαϐὼν,
692 4458 897 4529 ἔπηξεν
920 4457 994 4521 ὡς
1024 4458 1096 4510 δι’
1128 4456 1294 4511 αὐτοῦ
1319 4458 1574 4526 σταυρὸν,
1600 4457 1659 4510 δν
1688 4457 1783 4510 καὶ

204 4553 488 4621 ἀναγαγὼν
517 4550 825 4606 ἐπιδέδωκε
852 4549 1065 4619 Φωτίῳ.
1122 4548 1180 4601 '0
1207 4548 1264 4602 δὲ
1300 4549 1391 4601 τὸν
1432 4548 1663 4619 σταυρὸν
1690 4549 1785 4601 λα-

1872 2075 1985 2116 sna:
2007 2061 2174 2129 ipsius
2204 2060 2535 2115 abdiCationi
2561 2062 2948 2117 subscriberet.
2972 2062 3113 2134 Ergo
3139 2065 3286 2118 illum
3318 2067 3465 2120 cola-

1874 2154 1995 2220 phis
2035 2154 2296 2222 plcctunt,
2343 2153 2650 2223 misereque
2681 2154 2971 2212 divexant:
3000 2166 3054 2209 et
3091 2171 3215 2211 cum
3264 2158 3464 2229 frigore

1875 2262 2040 2315 prope
2058 2246 2489 2312 contabesceret,
2514 2248 2675 2300 unica
2708 2257 2914 2302 tantum
2947 2249 3192 2303 tunicula
3215 2248 3464 2304 indutum

1872 2349 2170 2402 macerant,
2201 2348 2386 2404 urunt,
2428 2348 2591 2409 atque
2634 2340 2993 2397 discruciant.
3039 2341 3288 2410 Cumque
3310 2342 3465 2397 binas

1877 2431 2029 2483 illum
2062 2430 2435 2485 hebdomadas
2478 2431 2532 2484 in
2566 2446 2789 2485 carcere
2840 2432 3174 2499 tenuissent,
3213 2445 3463 2489 extrema

1876 2537 2044 2592 prope
2084 2520 2227 2576 fame
2254 2522 2639 2578 conficiebant.
2677 2521 2790 2577 lmo
2821 2534 2875 2578 et
2907 2524 3243 2595 Copronymi
3274 2527 3462 2597 sepul-

1876 2630 2029 2668 crum
2065 2630 2158 2668 seu
2192 2630 2375 2671 arcam
2410 2616 2783 2671 conscendere
2840 2617 3129 2688 cogebant,
3182 2619 3234 2672 in
3290 2635 3465 2689 eaque

1878 2707 2168 2772 collocato,
2233 2708 2475 2778 ingentia
2504 2725 2532 2762 a
2566 2709 2797 2777 pedibus
2851 2726 2982 2765 saxa
3032 2712 3461 2781 suspendebant.

1880 2814 2130 2869 saepeque
2152 2800 2446 2853 marmoris
2470 2800 2722 2855 acumine
2752 2802 2934 2855 sedem
2967 2818 3293 2857 concussam
3325 2813 3465 2858 atte-

1844 2946 1847 2949 .
1881 2893 2094 2947 rehant.
2129 2890 2253 2946 Ilaec
2287 2902 2342 2947 et
2375 2893 2460 2946 his
2508 2893 2661 2962 plura
2699 2902 2995 2960 tormenta,
3051 2910 3274 2963 sannas,
3329 2911 3461 2952 con-

1883 2983 2252 3051 tumeliasque
2276 2984 2503 3053 impium
2532 3000 2739 3051 semen,
2766 2996 2825 3039 ut
2850 2986 2929 3040 sic
2960 2986 3175 3057 loquar,
3209 2999 3263 3042 et
3289 2990 3454 3058 impia

1882 3074 2169 3143 progenies
2201 3075 2317 3128 viro
2345 3076 2698 3130 sanctissimo
2724 3077 2885 3132 dictis
2914 3077 3201 3149 factisque,
3227 3090 3280 3135 et
3310 3081 3461 3135 stoli-

1881 3165 1985 3220 dus
2018 3165 2107 3220 ille
2133 3163 2480 3232 Theodorus,
2514 3175 2568 3221 et
2606 3166 2932 3238 Gorgonites
2988 3167 3251 3236 Joannes,
3298 3182 3464 3243 atque

1884 3257 2136 3315 Niciilaus
2178 3257 2446 3314 Theoduli
2483 3260 2843 3330 Scutelopsis,
2879 3263 3211 3334 irrogabant.

1956 3351 2096 3422 Ergo
2126 3360 2248 3420 post
2286 3353 2680 3418 cruciamenta,
2708 3356 2907 3424 quibus
2939 3358 3143 3411 Christi
3177 3358 3462 3414 confesso-

1885 3461 1997 3498 rem
2033 3444 2365 3511 afﬂixerant,
2401 3457 2521 3516 post
2560 3448 3043 3511 comminationes,
3088 3461 3208 3519 post
3244 3464 3463 3508 catenas

1885 3545 1937 3588 et
1990 3537 2283 3605 compedes
2360 3536 2685 3591 venerandis
2733 3538 2964 3606 pedibus
3026 3540 3274 3607 iniectas,
3340 3554 3466 3612 post

1884 3628 2089 3696 alapas,
2109 3637 2162 3681 et
2180 3637 2471 3697 postquam
2496 3643 2620 3681 eum
2648 3628 2714 3681 ad
2743 3628 2972 3684 formam
2989 3634 3168 3688 crucis
3193 3633 3244 3686 in
3274 3633 3466 3688 faciem

1890 3720 1944 3771 in
1983 3735 2256 3773 marmore
2300 3729 2635 3788 prostratum
2681 3736 2744 3774 ac
2775 3721 3100 3789 distentum,
3144 3734 3252 3778 tota
3311 3739 3469 3783 nocte

1891 3812 2131 3864 vinctum
2167 3812 2391 3878 insuper
2437 3814 2748 3877 torsissent,
2810 3823 2975 3883 atque
3000 3818 3201 3872 tumbae
3244 3820 3469 3888 impai-

1890 3911 2000 3954 tum
2044 3913 2212 3956 tOIam
2276 3904 2652 3973 insequentem
2702 3918 2919 3958 noctem
2962 3910 3319 3971 cruciassent,
3347 3922 3469 3965 tan—

1887 3993 2123 4060 demque
2154 3994 2393 4047 solutum
2427 3995 2576 4047 humi
2620 3995 2982 4065 projecissent
3006 4000 3467 4070 l’odicassentqne.

1891 4096 1950 4137 ut
1995 4086 2262 4155 sanguine
2291 4087 2455 4138 etiam
2504 4098 2705 4139 teriam
2764 4100 3092 4156 purpuraret
3126 4110 3136 4144 :
3175 4102 3297 4160 post
3336 4096 3470 4160 lucc,

1891 4178 2137 4245 inquam,
2169 4177 2374 4236 omnia.
2411 4194 2535 4231 cum
2567 4180 2744 4232 adhuc
2802 4182 3013 4235 modice
3060 4184 3290 4251 spiraret
3352 4191 3471 4249 (nr-

1890 4270 2117 4339 gebatur
2132 4271 2276 4324 enim
2305 4281 2358 4324 et
2384 4272 2490 4324 alvi
2520 4273 2803 4326 solutioris
2834 4274 3147 4343 profluvio),
3180 4288 3291 4331 tum
3321 4279 3470 4331 insa-

1894 4378 1997 4416 nus
2029 4360 2352 4416 Theodorus
2384 4378 2537 4434 spera
2578 4364 2682 4417 viri
2742 4379 2908 4417 manu
2949 4381 3044 4435 per
3070 4369 3174 4420 vim
3232 4382 3470 4439 arrepta,

1891 4452 2195 4521 chartaque
2246 4455 2514 4521 subjecta,
2550 4456 2705 4521 quasi
2763 4470 2858 4524 per
2915 4458 3067 4511 illum
3112 4476 3329 4514 crucem
3368 4464 3469 4516 im-

1896 4546 2117 4613 pressit,
2146 4546 2478 4615 allatamque
2522 4547 2719 4601 Photio
2753 4548 3019 4614 porrexit.
3052 4549 3155 4615 Qui
3194 4552 3349 4621 signo
3379 4569 3471 4608 ac-

204 4638 321 4703 cev,
358 4642 415 4705 ὲξ
467 4638 681 4694 ἑαυτοῦ
729 4636 1048 4708 ὑπέγραψεν
1090 4637 1297 4701 οὕτως’
1333 4658 1351 4690 ι
1402 4639 1661 4708 Ἰγνάτιος
1692 4642 1787 4693 ἀν-

1897 4646 2077 4707 ccpto,
2126 4653 2227 4691 sua
2261 4638 2378 4706 ipse
2414 4654 2579 4693 manu
2614 4640 2948 4710 subscripsit
2987 4658 3001 4695 :
3042 4662 3061 4694 ι
3096 4643 3338 4713 Ignatius
3384 4647 3469 4699 in—

204 4730 337 4796 άξιο;
370 4728 1019 4793 Κωνσταντινουπόλεως
1039 4730 1287 4800 ὁμολογῶ
1310 4728 1633 4802 άψηφίστως
1674 4718 1789 4782 ἐίσ-

204 4825 385 4891 ελθεῖν,
432 4828 532 4879 καὶ
562 4826 639 4878 τὰ
668 4822 767 4891 ἐτη
799 4820 973 4875 ταῦτα
1003 4822 1099 4891 οὐχ
1130 4823 1377 4892 ἠγίαζον,
1410 4822 1525 4876 ἀλλ’
1565 4824 1793 4894 ἐτυράν-

203 4935 333 4973 νουν.
367 4939 386 4971 ι
421 4919 665 4987 Ταύτης
695 4914 795 4985 τῆς
826 4914 1152 4985 ὑπογραφῆς
1172 4913 1251 4984 τῷ
1284 4913 1495 4984 βασιλεῖ
1528 4916 1793 4986 πεμφθεί-

207 5026 315 5079 αης,
344 5011 577 5079 ἀφίεται
646 5007 750 5078 μὲν
805 5007 834 5059 6
887 5006 1158 5076 μακάριος
1195 5005 1412 5076 ἐκείνης
1443 5006 1544 5076 τῆς
1576 5008 1789 5078 ὲνοχῆς,

205 5103 285 5155 τὸν
316 5105 591 5176 μητρικδν
634 5101 696 5155 δὲ
742 5096 891 5152 οἷκον
918 5099 987 5151 τὰ
1040 5097 1259 5162 [Ιοσὲως
1298 5100 1658 5164 καταλαϐὼν,
1698 5118 1793 5171 μι-

208 5198 324 5265 κρόν
359 5200 502 5260 τέως
543 5195 667 5249 ἀπὸ
720 5192 829 5245 τῶν
861 5191 1073 5244 πολλῶν
1116 5192 1294 5245 πόνων
1342 5192 1608 5263 ἀνέψυχεν
1654 5195 1790 5248 ἐκεῖ.

219 5290 269 5343 '0
297 5292 484 5363 ἐχθρὸς
534 5292 596 5344 δὲ
624 5287 733 5342 ούκ
762 5285 997 5339 ἐπαύετο
1032 5285 1216 5349 δόλους
1251 5288 1309 5339 ἐν
1338 5286 1539 5359 καρδίᾳ
1570 5303 1793 5340 τεκται-

208 5383 435 5453 νόμενος,
464 5384 565 5436 καὶ
614 5378 839 5449 πονηρὰ
887 5377 1030 5430 κατὰ.
1060 5378 1155 5430 τοῦ
1185 5376 1365 5431 άθὼου
1416 5378 1797 5449 διαλογιζόμε-

212 5495 306 5540 νος.
336 5477 533 5531 Τοίνυν
588 5469 899 5527 ὑποσάλλει
949 5472 1064 5533 τοῖς
1095 5468 1392 5540 κρατοῦσιν
1431 5471 1521 5524 ἐπὶ
1559 5472 1651 5523 τὸν
1687 5470 1797 5523 τῶν

223 5569 553 5624 Ἀποστόλων
589 5564 762 5628 αὖθις
794 5562 955 5616 αύτδν
983 5563 1279 5631 ἀναγαγεῖν
1310 5561 1459 5627 ναδν,
1486 5564 1579 5616 καὶ
1610 5561 1797 5633 βιάζε-

218 5662 343 5722 σθαι,
370 5662 598 5732 πρῶτον
649 5656 760 5726 μὲν
796 5656 895 5726 τὴν
949 5654 1155 5709 οίκείαν
1198 5654 1521 5727 καθαίρεσιν
1559 5657 1799 5725 άνεγνω⁹

218 5756 333 5806 κότα
356 5756 447 5809 ἐπὶ
474 5754 576 5808 τοῦ
615 5747 885 5821 ἄμϐωνας
925 5742 1354 5818 ἅναθεματίζειν
1404 5748 1627 5802 ἑαυτόν·
1659 5750 1799 5819 μετὰ

216 5846 365 5899 ταῦτα
393 5849 447 5901 δὲ
479 5846 549 5913 (ὣ
574 5844 687 5913 τῆς
723 5839 1011 5911 μιαιφόνου
1044 5839 1268 5910 βουλῆςί
1317 5840 1362 5895 ὣ
1410 5842 1511 5911 τῆς
1561 5842 1798 5913 δεινότη-

222 5942 357 6014 toﬁ)
406 5940 531 6002 τούς
593 5953 661 5989 τε
717 5932 1036 6001 ὀφθαλμοὺς
1086 5933 1321 6003 ἐκκόψαι
1380 5934 1474 5987 καὶ
1513 5932 1611 6005 τὴν
1642 5936 1800 6006 χεῖρα

515 6033 811 6093 ΡΑτῐιοιι.
858 6028 973 6086 Gn.
1020 6025 1136 6085 CV.

1895 4728 2093 4795 dignus
2122 4728 2760 4798 Constantinopolitanus
2791 4734 3078 4797 confiteor,
3103 4748 3189 4788 me
3223 4751 3330 4787 non
3361 4738 3474 4805 lege

1892 4831 1947 4876 ct
1978 4822 2257 4893 suffragiis
2307 4835 2552 4878 creatum
2587 4825 2834 4880 ecclesiae
2863 4826 3123 4881 thronum
3177 4829 3472 4893 invasisse,

1895 4930 2072 4984 neque
2104 4915 2191 4969 his
2214 4916 2373 4971 annis
2399 4916 2499 4970 rite
2532 4926 2585 4971 et
2609 4926 2799 4972 sancte
2821 4918 3109 4973 ecclesiam
3132 4923 3357 4984 rexisse,
3379 4924 3475 4977 sed

1896 5010 2240 5079 tyrannidem
2277 5012 2609 5065 exercuisse.
2655 5029 2673 5061 ι
2714 5008 2828 5065 Hoc
2862 5014 3475 5085 pseudo-chirographo

1897 5100 2213 5170 imperatori
2248 5102 2437 5164 misso,
2473 5102 2554 5154 vir
2585 5111 2807 5156 sanctus
2831 5118 2861 5156 e
2891 5104 3138 5158 custodia
3168 5092 3477 5160 rst‘dimis-

1897 5213 2015 5262 sus,
2049 5197 2424 5266 maternisque
2457 5198 2510 5251 in
2540 5198 2749 5251 adibus
2784 5196 2989 5253 Poseos
3030 5201 3314 5267 paululum
3345 5218 3371 5253 a
3401 5211 3479 5255 tnt

1897 5290 2156 5343 arumnis
2206 5288 2532 5359 respirabat.
2589 5288 2693 5343 Sed
2745 5289 2890 5344 enim
2946 5290 3117 5347 hostis
3165 5308 3271 5346 non
3314 5292 3479 5348 desiit

1900 5381 2119 5437 fraudes
2150 5381 2339 5436 animo
2362 5395 2604 5443 versare,
2640 5379 2988 5451 pessimaque
3017 5384 3279 5439 adversus
3312 5385 3477 5439 inno-

1899 5482 2111 5529 centem
2146 5476 2376 5529 consilia
2423 5489 2682 5544 coquere.
2728 5474 2916 5545 Itaque
2966 5480 3207 5547 suggerit
3244 5477 3481 5547 impera-

1900 5565 2135 5631 toribus,
2170 5577 2232 5621 ιιι
2268 5566 2510 5637 lgnatius
2571 5565 2638 5620 ad
2669 5566 2836 5621 aedem
2884 5567 3260 5636 apostolorum
3321 5572 3482 5626 redu-

1903 5672 2074 5726 ctus,\
2097 5662 2333 5730 primum
2367 5644 2873 5714 exauctcirationem
2907 5675 3062 5713 suam
3103 5661 3215 5729 ipse
3263 5664 3479 5730 publice

1902 5770 1999 5823 pro
2029 5756 2262 5809 amboue
2294 5755 2457 5821 legat,
2488 5764 2653 5823 atque
2708 5754 2919 5822 sibiipsi
2979 5754 3270 5807 anathema
3310 5754 3478 5809 dicat.
3566 5816 3569 5817 ν

1903 5846 2129 5912 Deinde,
2160 5863 2193 5901 o
2221 5846 2440 5901 crudele
2471 5846 2786 5909 consilium,
2832 5862 2863 5900 ο
2896 5845 3226 5914 singularem
3283 5846 3479 5903 innua-

1904 5938 2164 6011 nitateml
2234 5939 2397 5994 ambo
2457 5938 2536 5993 illi
2586 5937 2823 5995 effodere
2881 5940 3115 6000 lumina,
3152 5954 3483 6010 manunian

3015 6029 3080 6092 17
