4186 6434
733 398 839 461 5Ξ3
1924 394 2215 453 NICETJE
2256 393 2782 454 mrumeoms

3891 401 4001 465 524

730 511 1028 581 prmcidere
1062 509 1150 563 illa
1193 507 1331 561 furia
1362 506 1747 561 meditabatur.
1782 507 1914 561 Tam
1951 507 2121 560 altum
2161 506 2302 575 impii

2420 505 2702 574 μανιωδῶς
2734 507 3180 576 ἐὸυσσοὸόμευεν.
3205 507 3390 571 Οὕτως
3414 509 3593 563 αὐτῶν
3620 510 3700 573 εἰς
3733 510 3899 581 βάθος
3938 517 4003 566 τὸ

712 604 916 675 odium
952 610 1324 669 conceperant
1349 640 1363 662 ,
1398 609 1457 653 ut
1487 599 1685 653 divinae
1738 599 1994 653 vindicta:
2039 600 2304 653 rationem

729 696 990 750 ducerent
1024 694 1250 747 nullam.
1286 693 1492 745 Aberat
1515 692 1692 747 omnis
1729 692 1824 747 Dei
1853 700 2052 755 metus,
2102 702 2155 745 et
2184 691 2307 760 qui-

726 789 847 840 dem
876 787 1079 840 diaboli
1113 785 1266 840 furor
1295 785 1417 840 illos
1454 785 1713 855 agitabat.
1750 784 2093 839 Pentecostes
2116 793 2305 839 sancta

725 881 842 932 dies
884 879 1282 947 complebatur,
1314 893 1437 931 cum
1467 893 1594 932 cccc
1621 877 1693 931 ibi
1725 885 2063 932 armatorum
2111 892 2306 930 manus

725 972 1062 1025 domicilium
1098 970 1151 1022 in
1184 984 1290 1037 quo
1316 969 1577 1038 degebat,
1606 985 1807 1023 corona
1856 978 2055 1037 ιιι-αξιοι
2085 982 2305 1021 omnem

726 1064 1190 1133 cxsiiectationem
1234 1072 1453 1133 repente
1477 1063 1665 1132 cingit.
1696 1062 1788 1113 \‘ir
1815 1074 2038 1114 sanctus
2073 1059 2162 1113 ubi
2187 1060 2304 1113 ani-

727 1158 1021 1212 madvettit
1052 1172 1110 1211 se
1141 1157 1271 1227 peti,
1310 1169 1364 1210 et
1403 1156 1686 1225 parricida:
1731 1153 1871 1209 Esau
1908 1153 2145 1208 furorem
2182 1166 2307 1206 sen-

725 1252 818 1311 sit,
851 1252 1143 1306 consilium
1185 1260 1370 1305 contra
1415 1260 1721 1317 temporum
1768 1247 2169 1317 improbitatem
2209 1261 2305 1314 op-

726 1353 1048 1411 portunum,
1115 1357 1327 1411 suaque
1357 1342 1623 1411 sapientia
1652 1352 1700 1393 et
1732 1340 1933 1410 Spiritu
1972 1346 2160 1392 saneto
2187 1338 2306 1407 ejus

728 1445 939 1489 rectore
988 1435 1211 1503 dignum
1273 1434 1438 1502 capit.
1495 1433 1777 1498 Qqunam
1834 1430 2004 1483 illud?
2066 1428 2238 1483 V'ilem
2274 1445 2303 1482 a

724 1526 897 1581 servis
952 1536 1003 1580 et
1054 1525 1370 1581 smcularem
1424 1527 1592 1578 sumit
1653 1532 1879 1586 vestem,
1950 1522 2306 1590 geminasque

724 1626 940 1686 spor-tas
966 1617 1033 1669 ab
1061 1617 1306 1669 humeris
1348 1630 1453 1667 una
1488 1629 1517 1667 a
1553 1614 1756 1683 pertica
1803 1628 2106 1681 suspensas
2140 1611 2302 1681 l-ajnli

724 1711 827 1763 ritu
863 1719 1103 1779 gestans,
1141 1708 1382 1777 deceptis
1418 1724 1513 1777 per
1551 1718 1762 1761 noctem
1796 1707 2142 1770 custodibus,
2190 1720 2302 1757 uno

722 1802 1018 1854 comitatus
1046 1800 1319 1869 Cypriano
1344 1798 1613 1868 discipulo
1637 1814 1759 1864 suo,
1790 1797 2053 1867 profugit,
2090 1797 2192 1849 iter
2219 1796 2303 1848 in-

721 1908 942 1963 gressus
978 1906 1072 1961 per
1100 1891 1375 1945 embolum
1419 1891 1483 1943 ad
1538 1889 1901 1960 Sybaiticum,
1926 1886 2114 1943 saucio
2146 1897 2195 1942 et
2221 1887 2302 1941 af-

723 1988 869 2040 llicto
896 1996 1133 2055 pectore,
1160 1984 1304 2037 velut
1334 1982 1471 2037 alter
1512 1982 1698 2047 David,
1756 1998 1877 2038 cum
1936 1981 2244 2052 profugeret
2271 1998 2301 2037 a

720 2080 855 2132 l'acie
886 2076 1038 2131 Saul.
1080 2078 1373 2130 Enimvero
1410 2092 1504 2145 per
1558 2078 1812 2130 tenebras
1851 2076 2003 2129 eunti
2040 2076 2301 2131 divinitus

721 2171 964 2227 occurrit
992 2171 1076 2223 vir
1101 2180 1328 2240 augusta
1356 2168 1650 2222 admodum
1690 2168 1825 2222 facie
1859 2167 2113 2231 decorus,
2146 2183 2300 2222 eoma

721 2258 1004 2327 barbaque
1055 2257 1312 2312 decenter
1340 2258 1631 2327 promissa,
1657 2265 1807 2311 veste
1838 2256 2087 2317 candida,
2121 2256 2303 2310 niveo-

716 2365 822 2418 que
846 2357 1035 2402 vectus
1061 2364 1223 2417 equo,
1258 2348 1413 2417 quasi
1466 2346 1799 2400 Blacln-rnas
1833 2345 2096 2401 tenderet.
2139 2344 2299 2415 lgno.

719 2452 806 2497 tus
834 2450 1015 2495 autem
1070 2442 1158 2495 ille
1210 2442 1466 2504 vir,cum
1520 2450 1752 2509 propter
1804 2438 2026 2492 luminis
2061 2437 2298 2507 inopiam

716 2550 839 2585 eum
870 2531 1053 2584 videre
1074 2530 1218 2584 clare
1252 2546 1358 2583 non
1392 2539 1597 2598 posset,
1619 2528 1790 2580 nihilo
1824 2528 2027 2586 secius.
2053 2527 2301 2596 quisquis

718 2623 805 2675 ille
837 2629 987 2683 erat,
1044 2619 1229 2673 divino
1290 2616 1496 2688 Spiritu
1565 2617 1834 2685 impulsus
1880 2616 2296 2685 pronuntiavit:

721 2716 881 2780 lteus,
915 2712 1109 2783 inquit,
1132 2722 1184 2766 et
1210 2712 1551 2766 sanctissima
1584 2711 1677 2765 Dei
1710 2708 1902 2772 Mater,
1928 2708 2301 2763 sacratissime

717 2808 961 2869 domine,
1014 2816 1065 2861 te
1097 2815 1151 2860 et
1196 2804 1427 2859 comites
1465 2814 1589 2859 tuos
1624 2812 1861 2857 tueatur.
1894 2801 2066 2866 Quam
2105 2815 2293 2853 vocem

718 2900 805 2954 ille
832 2915 954 2954 cum
1002 2907 1261 2967 tanquam
1297 2895 1581 2949 oraculum
1617 2910 1646 2949 e
1679 2893 1820 2948 coelo
1867 2894 2092 2946 missum
2146 2906 2301 2946 accc-

719 2992 911 3061 pisset,
965 2998 1019 3043 et
1062 2991 1181 3044 loco
1235 2986 1502 3041 itinerarii
1552 2985 1805 3050 subsidii,
1851 2984 2006 3054 quasi
2041 2983 2297 3038 viaticum

717 3082 820 3135 sibi
847 3080 1037 3134 datum
1062 3085 1299 3149 putaret,
1324 3076 1497 3131 multo
1532 3076 1767 3130 alacrius
1797 3075 1899 3129 iter
1927 3075 2224 3142 carpebat;
2247 3082 2301 3127 et

719 3170 867 3227 tenui
916 3171 1007 3224 illo
1038 3185 1100 3223 ac
1132 3168 1314 3225 servili
1367 3167 1554 3222 habitu
1607 3166 1826 3235 ignotus
1853 3164 2129 3234 navigium
2167 3180 2300 3218 con-

720 3263 955 3324 scendit.
992 3272 1045 3316 et
1082 3260 1389 3329 Principes,
1416 3259 1828 3324 PNBCOHI'SUHI,
1862 3256 2107 3325 aliasque
2163 3253 2300 3310 Pro-

721 3357 964 3428 pontidis
994 3356 1224 3420 insulas,
1256 3354 1417 3407 aliam
1451 3368 1512 3406 ex
1548 3353 1653 3405 alia
1678 3350 2064 3420 permutando,
2098 3363 2192 3419 per
2219 3364 2305 3402 so-

720 3448 976 3501 litudines
996 3446 1047 3500 in
1072 3445 1348 3500 montibus
1364 3455 1413 3498 et
1430 3443 1726 3513 speluncis,
1754 3442 2111 3510 cavernisque
2131 3451 2301 3502 terra),

722 3548 780 3591 nt
825 3553 950 3593 cum
990 3536 1251 3606 Apostolo
1282 3535 1498 3605 loquar,
1533 3534 1886 3589 absconditus
1917 3533 2153 3598 errabat,
2180 3548 2305 3602 ege-

722 3647 845 3696 nus,
904 3630 1157 3693 alilictus,
1244 3629 1607 3696 angustiatus,
1668 3627 1981 3695 victumque
2040 3623 2305 3692 rogatoris

721 3725 896 3777 instar
925 3742 951 3776 ιι
1012 3724 1115 3792 piis
1143 3721 1473 3776 Christianis
1519 3718 1919 3774 emendicabat.
1961 3718 2029 3771 At
2081 3707 2306 3771 Pli'otius

721 3815 947 3879 amissa,
988 3828 1152 3882 quam
1215 3827 1309 3880 spe
1343 3813 1649 3873 devorarat,
1686 3809 1864 3877 praeda
1908 3808 2090 3861 omnia
2120 3822 2298 3861 cauto-

722 3906 832 3969 hia,
862 3903 1164 3973 urbemque
1189 3912 1357 3957 totam
1385 3917 1447 3956 ac
1477 3902 1739 3956 suburbia
1770 3900 2095 3968 vestigabat,
2132 3897 2305 3952 sicubi

722 3999 872 4051 velut
903 3999 1026 4067 igne
1076 3997 1364 4051 evanidum
1400 3996 1660 4065 reperiret
1693 3994 1960 4049 titionem.
1994 3992 2130 4046 Cum
2177 4008 2307 4062 ergo

724 4091 860 4144 nihil
888 4105 1079 4143 eorum
1131 4105 1251 4159 qua!
1298 4089 1571 4157 cupiebat,
1608 4087 1924 4141 succederet
1957 4102 1971 4139 :
2019 4092 2306 4153 procurate

720 4184 900 4237 edicto
930 4183 1104 4251 regio,
1128 4181 1400 4252 Orypliam
1432 4181 1581 4233 illum
1607 4194 1728 4233 cum
1750 4193 1842 4232 sex
1870 4176 2190 4231 cursoribus
2240 4176 2305 4229 ad

721 4286 916 4328 cuncta
945 4274 1061 4328 loca
1086 4274 1383 4338 maritima,
1412 4269 1972 4340 cunctasqueinsulas
1998 4268 2307 4323 lustrandas

721 4367 998 4429 amandat,
1040 4367 1115 4419 uti
1167 4380 1495 4434 quocunque
1533 4364 1653 4417 loco
1685 4362 2106 4432 deprehensum,
2138 4360 2303 4413 veluti

722 4459 1154 4523 perturbatorem
1174 4471 1592 4526 eversoremun
1617 4455 1852 4524 imperii,
1872 4454 1936 4508 de
1955 4454 2132 4507 medio
2149 4453 2305 4505 tolle-

2425 600 2582 666 μῖσος
2615 598 2923 669 καθήψατο,
2960 600 3053 652 καὶ
3086 601 3183 668 τῆς
3232 600 3325 654 τοῦ
3361 602 3498 655 Θεοῦ
3536 603 3882 675 δικαιοσύνης
3908 607 4001 659 λό-

2413 708 2507 758 γος
2534 692 2663 763 παρ’
2694 692 2879 756 αὐτοῖς
2910 693 3104 756 οὐδεὶς,
3139 693 3233 747 καὶ
3266 697 3294 746 6
3323 694 3417 747 τοῦ
3455 694 3590 748 Θεοῦ
3624 697 3785 765 φόϐος
3820 698 3995 765 ἀπῆν,

2414 784 2506 835 καὶ
2558 785 2587 836 6
2648 782 2740 835 τοῦ
2782 783 3030 837 διαόόλου
3071 783 3231 854 ζῆλος
3269 786 3655 851 ἐσπουδάζετο.
3690 788 3836 858 Αὐτὴ
3878 806 4005 840 συν-

2414 875 2783 946 επληροῦτοή
2830 875 2931 945 τῆς
2962 877 3123 945 ἁγίας
3189 879 3574 949 Πεντηκοστῆς
3634 880 3849 949 ἡμέρα,
3906 882 4003 933 καὶ

2417 968 2527 1021 ἰδοὺ
2560 968 2763 1039 πλῆθος
2796 968 3151 1038 στρατιωτῶν
3180 969 3499 1041 ὁπλοφόρων
3528 970 3618 1024 τὸν
3674 968 3822 1025 οἷκον
3851 970 4000 1036 ἐξαί-

2412 1077 2569 1130 φνης,
2594 1061 2650 1113 ὲν
2748 1062 3040 1132 κατήγετο,
3078 1062 3458 1132 περιεκύκλου.
3499 1062 3644 1115 Ἰδὼν
3668 1059 3761 1117 οῦν
3790 1066 3818 1116 6
3842 1064 4000 1131 ἅγιος

2413 1152 2620 1213 ἐκεῖνος
2650 1153 2716 1206 τὰ
2753 1154 3025 1225 ἐρχόμενα
3050 1154 3137 1207 ἐπ’
3164 1155 3351 1218 αὐτὸν,
3390 1156 3486 1209 καὶ
3544 1155 3643 1223 τὴν
3676 1156 4001 1225 ἀδελφοκτό-

2417 1265 2506 1300 νον
2566 1249 2764 1317 μανίαν
2816 1251 3136 1320 αἰσθόμενος
3171 1250 3363 1315 Ἡσαῦ,
3417 1253 3613 1323 βουλὴν
3658 1254 3993 1323 βουλεύεται,

2412 1340 2743 1408 ἀντίρροπον
2774 1343 2874 1413 μὲν
2899 1342 2998 1413 τῆς
3027 1343 3121 1397 τοῦ
3155 1345 3350 1418 καιροῦ
3380 1346 3599 1413 κακίας,
3621 1350 3720 1416 τῆς
3745 1347 3908 1401 αὑτοῦ
3928 1349 3991 1401 δὲ

2414 1434 2682 1498 συνέσεως
2714 1437 2809 1489 καὶ⁵
2834 1437 2927 1491 τοῦ
2948 1438 3273 1507 όδηγοῦντος
3302 1439 3465 1493 αὑτὸν
3493 1440 3639 1493 θείου
3673 1441 3995 1511 Πνεῦματος

2409 1525 2650 1590 ἐπάξιον.
2692 1529 2789 1591 Τίς
2827 1529 2884 1581 δέ
2924 1532 2957 1600 ἠ
2994 1530 3193 1601 βουλή;
3242 1531 3475 1585 Ἀλλοιοῖ
3524 1532 3622 1602 μὲν
3652 1534 3868 1598 ἐαυτὸν,
3908 1537 3993 1586 οξ-

2410 1619 2581 1690 κτράν
2615 1622 2705 1675 καὶ
2752 1622 2949 1695 λαῖκὴν
2997 1626 3149 1695 παρὰ
3177 1625 3286 1678 τῶν
3317 1627 3547 1679 οἰκετῶν
3588 1627 3994 1698 ἀνειλημμένος

2412 1713 2623 1785 στολὴν,
2661 1715 2754 1768 δύο
2782 1716 2838 1769 δὲ
2883 1717 3149 1787 σπυρίδας
3180 1717 3266 1786 ἐφ’
3307 1717 3426 1780 ἐνδς
3475 1718 3635 1783 ξύλου
3675 1719 3784 1772 τῶν
3841 1719 3993 1772 ἰδίων

2411 1807 2776 1879 ἀπαιωρήσας
2808 1809 2995 1880 ὤμων,
3028 1809 3337 1881 ἀχθοφόρου
3360 1810 3505 1874 τινὸς
3533 1812 3733 1880 τρόπον
3754 1812 3990 1883 ἀπέδρα,

2408 1903 2530 1966 τοὺς
2562 1901 2811 1971 φύλακας
2856 1902 2997 1954 κατὰ
3036 1899 3208 1971 μέσας
3244 1901 3446 1965 νύκτας
3478 1900 3678 1956 λαθών.
3724 1903 3992 1956 "Ea-nscas

2406 1998 2460 2051 δὲ
2488 1998 2604 2069 ἅμα
2631 1996 2706 2067 τῷ
2731 1996 2946 2067 μαθητῇ
2973 1994 3295 2067 Κυπριανῷ,
3327 1995 3427 2067 τὴν
3454 1998 3543 2050 ἐπὶ
3572 1997 3632 2050 τὸ
3664 1997 3991 2052 Συσαῖτικον

2405 2090 2493 2144 διὰ
2524 2090 2618 2144 τοῦ
2650 2088 2880 2160 ἐμϐόλου
2922 2088 3245 2158 ποιούμενος
3272 2090 3518 2161 πορείαν.
3561 2089 3672 2160 Τὴν
3715 2090 3891 2160 ψυχὴν
3929 2091 3989 2143 δέ

2411 2182 2851 2254 συντριϐόμενος,
2893 2181 2989 2233 καὶ
3038 2184 3151 2245 τοῖς
3196 2182 3426 2255 δάκρυσι
3478 2186 3989 2256 περιρραινόμενος,

2404 2272 2499 2325 καὶ
2538 2272 2743 2343 σφόδρα
2772 2270 3115 2342 κατάπικρος
3153 2272 3253 2341 τὴν
3284 2272 3511 2343 καρδίαν
3545 2275 3640 2326 καὶ
3678 2275 3990 2339 κατώδυνος

2404 2364 2502 2430 ῶν,
2558 2365 2777 2436 ἔτρεχεν
2811 2364 3001 2434 ῶσπερ
3052 2363 3216 2416 Δαυῒδ
3260 2366 3467 2430 ἐκεῖνος
3521 2366 3629 2419 ἀπὸ
3684 2368 3986 2437 προσώπου

2403 2455 2683 2524 διαδρᾶναι
2745 2454 2937 2509 Σαούλ.
2992 2454 3282 2524 Κρείττονι
3334 2455 3391 2508 δέ
3456 2457 3684 2527 προνοίᾳ
3743 2460 3988 2529 συναντᾷ

2402 2548 2578 2618 τούτῳ
2599 2548 2687 2601 διὰ
2713 2547 2812 2614 τῆς
2836 2546 3029 2610 νυκτὸς
3059 2548 3191 2600 ἰόντι
3225 2548 3362 2618 ἀνήρ
3389 2565 3473 2611 τις
3504 2550 3647 2602 πάνυ
3678 2550 3777 2619 τὴν
3810 2551 3989 2615 πρόσ-

2404 2642 2526 2711 οψιν
2559 2641 2861 2711 εὐπρεπὴς,
2895 2640 2986 2693 τόν
3019 2656 3079 2692 τε
3114 2639 3350 2707 πώγωνα
3397 2640 3494 2693 καὶ
3538 2642 3639 2710 τὴν
3677 2640 3870 2712 κώμην
3904 2644 3993 2696 εὖ·

2407 2731 2618 2794 σταλῶς
2650 2729 2977 2800 καθειμένος
3019 2730 3120 2795 τῆς
3150 2729 3427 2797 κεφαλῆς·
3460 2730 3554 2783 καὶ
3593 2731 3753 2794 αὐτὸς
3790 2732 3989 2801 στολὴν

2403 2822 2603 2890 λευκὴν
2629 2821 2984 2892 ἐσταλμένος,
3016 2821 3110 2875 καὶ
3139 2822 3291 2891 ἵππῳ
3317 2820 3614 2875 ἐπιϐαίνων
3648 2822 3849 2893 λευκῷ,
3882 2824 3986 2893 τὴν

2402 2914 2476 2976 ὡς
2510 2914 2603 2965 ἐπὶ
2629 2912 2938 2983 Βλαχέρνας
2970 2911 3216 2975 ἐϐάδιζεν
3242 2911 3381 2966 ὁδόν.
3424 2912 3630 2980 ’Δγνὼς
3658 2912 3717 2965 δὲ
3746 2914 3775 2965 ὁ
3817 2914 3985 2983 ἀνὴρ,

2402 3005 2486 3057 ὃτι
2519 3004 2725 3073 πυρσὸς
2758 3001 3018 3072 οὐδαμοῦ,
3053 3002 3148 3054 καὶ
3177 3002 3395 3072 τρανῶς
3445 3004 3562 3055 ἐκεῖ
3608 3002 3798 3057 τοῦτον
3854 3004 3987 3058 ίδεῖν

2403 3096 2502 3149 οὑκ
2528 3091 2623 3165 ἦν’
2653 3094 2815 3163 πλὴν,
2866 3094 3016 3155 ὅστις
3060 3093 3190 3145 ποτὲ
3222 3089 3314 3164 ἦν,
3354 3094 3634 3164 Πνεῦματι
3668 3093 3798 3165 θείῳ
3826 3112 3987 3165 κινη-

2328 3211 2369 3269 C
2404 3188 2539 3251 θεὶς,
2580 3187 2716 3256 ἐφη·
2759 3187 2815 3237 Ὀ
2841 3184 2972 3248 Θεὸς
2998 3185 3091 3238 καὶ
3142 3187 3174 3255 ἠ
3226 3185 3521 3255 ὕπεραγία,
3553 3186 3747 3255 λέγων,
3789 3186 3989 3241 Θεοτό-

2408 3296 2502 3341 κος
2529 3277 2812 3331 ἀκίνδυνόν
2856 3293 2937 3342 σε,
2978 3276 3205 3346 πανίερε
3250 3277 3507 3342 δέσποτα,
3559 3278 3652 3335 καὶ
3687 3279 3813 3341 τοὺς
3848 3279 3990 3347 μετὰ

2410 3370 2505 3423 σοῦ
2553 3369 2900 3438 διαφυλάξαι.
2953 3366 3124 3420 Τοῦτο
3156 3367 3217 3420 τὸ
3249 3368 3427 3439 ῥῆμα,
3486 3364 3705 3439 οἷάπερ,
3764 3370 3982 3437 ἐφόδιον

2407 3460 2615 3529 ἀγαθὸν
2648 3460 2854 3514 ἄνωθεν
2882 3453 3018 3528 ἦκον
3066 3457 3152 3510 ἐπ’
3189 3458 3372 3523 αὐτὸν,
3412 3461 3441 3512 6
3474 3460 3744 3529 μακάριος
3787 3460 3988 3514 ὑποδει-

2408 3550 2663 3619 ξάμενος,
2685 3550 3098 3620 προθυμότερον
3133 3548 3347 3613 ἐϐάδιζε
3370 3565 3383 3577 ·
3414 3550 3510 3602 καὶ
3541 3549 3619 3619 τῷ
3639 3549 3872 3620 δουλικῷ
3891 3552 3990 3601 καὶ

2408 3641 2650 3713 πενιχρῷ
2679 3639 2920 3713 σχήματι
2973 3640 3185 3704 πάντας
3246 3639 3447 3705 λαθὼν,
3504 3642 3600 3695 καὶ
3658 3642 3740 3704 εἰς
3797 3641 3989 3695 πλοῖον

2408 3735 2601 3806 ἐμϐάς,
2626 3736 2721 3787 καὶ
2754 3734 2851 3795 τὰς
2882 3733 3298 3805 Πριγκιπείους,
3328 3734 3424 3786 καὶ
3448 3733 3889 3804 Προικονησίους,
3920 3734 3987 3785 οὐ

2411 3826 2571 3896 μόνον
2604 3827 2681 3892 δὲ,
2719 3826 2855 3879 ἀλλὰ
2888 3827 2981 3878 καὶ
3028 3827 3401 3895 Προποντίους
3448 3827 3647 3895 νήσους
3668 3866 3684 3891 ,
3714 3824 3883 3893 ἄλλην
3925 3825 3993 3888 ἐξ

2407 3918 2573 3987 ἄλλης
2615 3916 2878 3987 ἀμείϐων,
2913 3918 3008 3970 καὶ
3032 3918 3089 3969 ἐν
3121 3915 3381 3987 ἐρημίαις
3412 3914 3786 3985 πλανώμενος,
3829 3914 3989 3984 δρεσέ

2407 4028 2465 4063 τε
2527 4010 2620 4063 καὶ
2671 4009 2975 4078 σπηλαίοις,
3016 4008 3111 4061 καὶ
3160 4010 3280 4070 ταῖς
3314 4009 3414 4077 τῆς
3444 4007 3570 4075 γῆς,
3610 4005 3990 4069 ἀποστολικῶς

2408 4104 2592 4170 φάναι,
2645 4100 3165 4170 κατακρυπτόμενος
3194 4099 3354 4161 ὀπαῖς
3374 4141 3388 4163 ,
3420 4099 3837 4169 ὑστερούμενος,
3866 4098 3987 4151 θλι-

2408 4194 2672 4263 ϐόμενος,.
2696 4191 2967 4262 κακουχού
2980 4208 3159 4261 μενος,
3199 4190 3299 4253 τὰς
3328 4190 3463 4260 πρὸς
3498 4190 3557 4242 τὸ
3590 4190 3694 4261 ζῇν
3727 4190 3991 4259 ἀφορμάς

2409 4283 2634 4336 ἐπαίτου
2687 4282 2889 4352 τρόπον
2943 4281 3033 4334 διὰ
3082 4282 3187 4334 τῶν
3252 4280 3619 4351 φιλοχρίστων
3668 4280 3987 4349 ἡρανίζετο.

2406 4374 2605 4437 Φώτιος
2635 4373 2691 4425 δὲ
2726 4374 2825 4442 τῆς
2856 4372 3030 4443 θήρας
3084 4371 3423 4443 διαμαρτὼν,
3460 4370 3639 4426 πάντα
3686 4372 3783 4441 μὲν
3821 4388 3992 4441 μοναι

2411 4464 2627 4533 στήρια,
2655 4465 2836 4517 πᾶσαν
2870 4462 2926 4514 δέ
2965 4460 3065 4532 τὴν
3093 4462 3268 4526 πόλιν,
3300 4462 3393 4514 καὶ
3426 4461 3496 4514 τὰ
3522 4461 3651 4529 περ)⁵
3685 4462 3859 4530 αὐτὴν
3885 4461 3992 4513 άν-

720 4560 820 4605 ret.
859 4551 1045 4619 Itaque
1063 4550 1293 4605 venatici
1319 4549 1394 4602 illi
1426 4563 1588 4602 canes
1610 4546 1952 4615 cumsa'pius
1982 4555 2029 4598 et
2059 4543 2302 4614 pluribus

2411 4556 2699 4624 ηρευνᾶτο,
2731 4553 2918 4606 εἵπου
2948 4551 3055 4622 ἄρα
3103 4552 3402 4605 καταλάῦοι
3449 4552 3540 4605 τὸν
3587 4552 3776 4618 ὥσπερ
3824 4552 3993 4607 δαλὸν

723 4645 774 4696 in
796 4642 928 4696 locis
949 4642 1000 4695 in
1031 4641 1296 4710 lgnatinm
1322 4643 1498 4709 ipsum
1526 4638 1864 4700 incidissent,
1885 4636 2064 4690 servili
2086 4635 2303 4689 tunicu-

720 4734 768 4787 la
800 4732 1007 4800 decepti
1038 4748 1142 4785 non
1169 4738 1526 4801 agnoverunt.
1549 4728 1651 4794 Qui
1675 4736 1727 4781 et
1755 4728 1927 4797 ipsum
1948 4726 2083 4779 alias
2098 4724 2303 4779 medios

719 4818 1094 4880 transeuntem
1125 4822 1498 4893 quaeritantes,
1519 4823 1664 4875 velut
1682 4819 1887 4890 Assyrii
1915 4818 2157 4873 caecitate
2181 4830 2301 4885 per-

718 4919 890 4983 cussi,
928 4932 1036 4971 non
1079 4925 1395 4972 senserunt.
1442 4916 1711 4969 Abierunt
1741 4928 1891 4983 ergo,
1923 4910 2067 4980 quod
2109 4919 2190 4963 est
2244 4909 2298 4961 in

716 5010 1000 5080 partemin,
1024 5020 1081 5063 ut
1097 5009 1339 5062 frustrati
1356 5007 1535 5077 praeda
1556 5004 1913 5073 hianteslupi.
1930 5001 2300 5072 Ignatiuspcr-

715 5104 910 5157 Solutis
940 5100 1205 5155 Salvatori
1232 5115 1331 5171 pro
1351 5100 1515 5154 tutela
1544 5100 1708 5163 votis,
1729 5113 1822 5167 per
1846 5096 2045 5149 multas
2075 5092 2301 5148 tribula-

720 5194 899 5247 tiones
934 5192 1001 5245 ad
1027 5208 1252 5261 regnum
1286 5191 1552 5246 cwlorum
1588 5189 1969 5243 contendebat.
2013 5187 2189 5255 Atque
2225 5182 2301 5237 illi

713 5284 931 5353 quidem
955 5285 1068 5338 haec
1081 5283 1335 5352 agebant.
1356 5282 1497 5348 Quid
1525 5298 1651 5336 vero
1675 5282 1787 5334 haec
1806 5280 1911 5333 illis
1932 5277 2302 5341 molientibus,

714 5375 1063 5445 longanimis,
1093 5375 1295 5445 justus,
1338 5384 1387 5429 ct
1412 5374 1570 5428 fortis
1608 5372 1767 5437 Deus,
1800 5374 1891 5441 qui
1917 5388 2021 5425 non
2049 5369 2303 5423 irascitur

713 5486 808 5540 per
838 5469 1079 5538 singulos
1110 5468 1265 5523 dies?
1290 5485 1355 5522 an
1378 5468 1584 5523 diutius
1604 5475 1875 5522 extremas
1911 5464 2009 5517 bas
2031 5463 2298 5516 malorum

712 5580 988 5619 aerumnas
1019 5566 1195 5635 potuit
1225 5564 1578 5619 dissimulare
1613 5563 1635 5614 ?
1663 5561 1885 5614 Minime
1925 5576 2073 5615 vero.

2412 4644 2821 4715 ἐξηπτασμένον
2852 4642 2961 4714 [ἷσ.
2993 4640 3451 4713 ἐξηφανισμένον]
3478 4643 3542 4694 ἐκ
3572 4640 3866 4711 προσώπου
3891 4658 3994 4695 πυο

2413 4737 2525 4807 ρός.
2546 4734 2725 4802 Μηδὲν
2754 4733 2845 4787 οῦν
2877 4735 3059 4786 ἀνύειν
3089 4733 3385 4803 δυνάμενος
3412 4727 3486 4787 ὧν
3516 4732 3785 4797 ἐϐούλετο,
3802 4750 3992 4803 παρα-

2411 4830 2668 4893 σκευάζει
2712 4828 3097 4897 προστάγματι
3124 4826 3409 4896 βασιλικῷ,
3440 4828 3533 4879 τον
3563 4826 3798 4896 χαλεπὸν
3833 4828 3990 4879 ἐκεῖ·

2408 4940 2498 4974 νον
2538 4919 2779 4990 Ὠρὺφαν
2807 4919 2904 4971 σὺν
2926 4917 2986 4982 ἓξ
3017 4918 3278 4989 δρομεῦσι
3312 4919 3491 4981 πάσας
3520 4918 3620 4980 τὰς
3648 4919 3847 4986 νήσους
3890 4920 3994 4971 καὶ

2410 5015 2509 5082 τὴν
2537 5013 2803 5083 παράλιον
2832 5009 3249 5083 άνερευνᾶσθαι,
3283 5012 3378 5065 καὶ
3406 5013 3461 5065 ετ
3490 5029 3593 5067 που
3628 5011 3869 5082 συμϐαίη
3896 5011 3995 5082 λη-

2409 5105 2612 5176 φθῆναι
2646 5104 2737 5157 τὸν
2771 5104 3051 5173 Ἰγνάτιον,
3091 5104 3254 5166 εὐθὺς
3287 5104 3631 5174 ἀναιρεῖσθαι
3660 5103 3875 5167 τοῦτον,
3907 5104 3993 5165 ὡς

2407 5198 2537 5267 ὅλην
2570 5196 2948 5266 ἀνατρέποντα
2991 5200 3091 5266 τὴν
3123 5185 3421 5266 βασιλείαν.
3457 5197 3723 5257 Πολλάκις
3763 5194 3859 5249 οῦν
3888 5198 3993 5248 καὶ

2408 5290 2548 5342 κατὰ
2572 5287 2789 5351 πλείους
2818 5288 3017 5351 τόπους
3036 5288 3187 5357 αὐτῷ
3209 5288 3630 5359 περιπίπτοντες
3650 5288 3701 5340 oi
3724 5286 3989 5357 θηραταὶ,

2406 5381 2493 5432 διὰ
2515 5379 2765 5451 δουλικὴν
2790 5381 2892 5433 οὐκ
2924 5380 3242 5449 ἐπέγνωσαν
3274 5379 3489 5448 στολήν.
3516 5379 3626 5433 Καὶ
3659 5380 3848 5433 ἄλλοτε
3881 5380 3995 5432 πά-

2406 5472 2490 5524 λιν
2531 5472 2620 5525 διὰ
2671 5472 2839 5541 μέσου
2894 5458 3058 5526 αὑτὸν
3118 5474 3551 5544 παρερχόμενον,
3602 5472 3834 5543 ἀορασίᾳ.
3887 5471 3991 5542 λη-

2403 5563 2647 5633 φθέντες,
2667 5563 2740 5627 ώς
2775 5565 2822 5617 οἱ
2850 5567 2976 5634 περὶ
3005 5565 3096 5619 τὸν
3124 5565 3427 5618 Ἐλισσαῖον
3465 5564 3758 5634 ’Λσσύριοι,
3798 5564 3999 5615 τοῦτον

712 5658 812 5710 οὐκ
839 5656 1182 5727 ἠδυνήθησαν
1216 5657 1362 5709 ἰδεῖν.
1403 5656 1512 5709 Καὶ
1545 5655 1697 5707 αὐτοὶ
1735 5654 1864 5724 μὲν.
1912 5652 1986 5715 ὡς
2017 5653 2169 5707 λύκοι
2215 5655 2391 5725 μάτην
2422 5656 2752 5725 κεχηνότες,
2797 5657 3065 5727 ἀπῄεσαν,
3124 5657 3263 5711 κατὰ
3303 5657 3403 5728 τὴν
3456 5657 3777 5726 παροιμίαν.
3822 5653 3883 5707 ’0
3930 5654 3994 5708 δὲ

713 5750 813 5814 τὰς
852 5750 1300 5821 εὐχαριστηρίους
1328 5749 1493 5819 εὐχάς
1528 5749 1865 5819 ἀναπέμπων
1898 5748 1975 5819 τῷ
2008 5750 2245 5820 Σωτῆρι,
2274 5751 2362 5805 διὰ
2394 5751 2603 5803 πολλῶν
2662 5752 2894 5822 θλίψεων
2940 5754 3039 5819 τὴν
3092 5754 3185 5807 τοῦ
3231 5754 3366 5807 Θεοῦ
3398 5754 3676 5824 βασιλείαν
3714 5751 3993 5814 ἐξωνεῖτο.

712 5844 776 5897 Οἱ
810 5843 906 5913 μὲν
947 5845 1003 5895 ἐν
1041 5842 1250 5905 τούτοις
1285 5838 1445 5914 ἦσαν.
1476 5843 1539 5893 Τί
1574 5842 1628 5895 δὲ
1693 5842 1723 5895 ὁ
1785 5841 2135 5911 μακρόθυμος
2168 5842 2391 5913 Κύριος,
2451 5845 2478 5895 ὁ
2528 5841 2755 5908 δίκαιος,
2809 5846 2837 5897 ὁ
2872 5844 3111 5916 ἰσχυρδς,
3147 5848 3175 5899 ό
3208 5846 3282 5915 μὴ
3347 5846 3447 5915 τὴν
3507 5844 3679 5914 ὀργὴν
3755 5840 3991 5907 ἐπάγων

712 5936 833 5990 καθ’
885 5935 1118 6005 ἑκάστην
1174 5936 1420 6007 ἡμέραν;
1486 5931 1573 6004 ἆρ’
1619 5933 1711 5987 ἐπὶ
1762 5932 1897 5985 πολὺ
1952 5933 2050 5996 τὰς
2085 5933 2391 6002 ὑπερϐολὰς
2445 5933 2550 5986 τῶν
2584 5934 2767 5986 κακῶν
2826 5934 3023 5998 ταύτας
3075 5938 3334 6007 ἠνέσχετο
3386 5936 3653 6006 καθορᾷς
3698 5934 3974 6003 Οὐδαμῶς
