4186 6434
240 480 353 541 525

1322 481 1495 541 VITA
1527 480 1584 539 S.
1633 478 1929 539 IGNATII
1962 478 2067 537 (ΣΡ.
2112 481 2461 542 ARCHIEP.

3379 488 3486 555 526

305 590 616 654 Αὔγουστος
651 589 901 644 ἐνίστατο
928 589 1055 661 μὴν,
1090 590 1182 643 καὶ
1211 592 1453 661 σεισμοῖς
1486 590 1743 655 ἐξαισίοις
1773 590 1805 657 ἡ

1979 588 2256 658 Angustus
2281 589 2520 644 instabat
2544 589 2765 654 mensis,
2794 597 2847 644 et
2872 592 3198 647 tremoribus
3222 592 3490 651 hrrritieis

235 682 601 753 βασιλεύουσα
643 683 1018 736 κατεδονεῖτο·
1061 684 1153 736 καὶ
1199 686 1307 746 πᾶς
1338 681 1484 746 οἶκος
1511 683 1800 747 ὲκλονεῖτο,

234 777 330 828 κα).
365 779 511 827 πᾶσα
538 776 734 845 καρδία
767 776 845 843 τῷ
872 776 1023 845 φόϐῳ
1077 775 1388 829 κατεσείετο
1407 791 1421 805 ·
1452 776 1547 830 καὶ
1575 776 1680 837 πᾶς
1714 774 1806 827 ἄν·

233 866 454 937 θρωπος
479 866 557 937 τῷ
585 866 679 919 τοῦ
716 866 944 921 θανάτου
977 865 1088 919 δέει
1123 866 1484 936 συνεχόμενος
1510 866 1659 930 ἐϐόα,
1682 866 1809 935 μίαν

234 959 414 1011 αἰτίαν
446 953 583 1009 εἶναι
608 957 703 1010 τοῦ
735 956 986 1027 σεισμοῦ,
1044 958 1175 1027 μίαν
1213 958 1311 1027 τὴν
1352 959 1431 1022 εἰς
1471 958 1562 1010 τὸν
1608 973 1808 1027 πατρι-

234 1049 411 1119 άρχην
450 1049 708 1115 Ίγνάτιον
747 1049 957 1103 ἀδικίαν
1003 1051 1101 1102 καὶ
1142 1051 1511 1121 παρανομίαν.
1544 1050 1644 1102 -Ἐν
1673 1049 1810 1119 ἡμέ-

234 1157 359 1209 ραις
393 1139 450 1191 δὲ
483 1140 895 1210 τεσσαράκοντα
950 1141 1326 1211 μηκυνόμενος
1371 1144 1399 1195 6
1445 1141 1665 1209 σεισμὸς
1718 1142 1811 1194 ἐπὶ

231 1230 491 1283 τοσοῦτον
520 1230 700 1284 αὐτῶν
748 1230 846 1302 τὴν
878 1232 1141 1302 ὠμότητα
1194 1235 1287 1286 καὶ
1337 1231 1636 1301 ἰταμότητα
1679 1249 1811 1285 κατ-

233 1322 516 1389 έκαμψεν,
570 1324 645 1385 ὡς
698 1324 795 1376 καὶ
846 1323 973 1385 τοῦς
1025 1324 1363 1394 κρατοῦντας
1420 1325 1615 1386 αὐτοὺς
1650 1326 1813 1393 ὅρκον

234 1413 521 1482 προθεῖναι
576 1413 831 1483 δημοσίᾳ,
873 1414 999 1484 μήτ’
1043 1415 1206 1468 αὐτὸν
1258 1416 1465 1467 ἐκεῖνον
1515 1415 1606 1468 τὸν
1669 1414 1814 1485 ἱερὸν

233 1507 474 1576 φυγάδα,
499 1509 636 1577 μήτε
670 1509 802 1575 παρ’
831 1500 876 1573 ᾧ
904 1508 1209 1577 κρύπτεται
1241 1506 1669 1579 φανερούμενον,
1705 1508 1811 1587 ὑπῖ

232 1600 463 1653 εὐθυνον
496 1600 831 1674 καθεστάναι
861 1600 1069 1666 λοιπὸν,
1121 1599 1469 1672 ἀθωοὸμενον
1513 1601 1570 1654 δὲ
1601 1602 1680 1663 είς
1714 1602 1813 1673 τὴν

230 1693 445 1744 οἰκείαν
476 1692 844 1763 ἁνενοχλήτως
878 1692 1354 1747 ἀποκαθίστασθαι
1386 1695 1577 1765 μονήν.
1620 1695 1813 1747 Τοίνυν

230 1782 409 1847 οὕτως
451 1783 693 1848 ἀκούσας
720 1787 748 1838 6
773 1785 1033 1854 ἀθλητὴς,
1067 1785 1363 1856 καταδηλοῖ
1390 1786 1585 1840 ἑαυτὸν
1615 1786 1812 1839 αὐτίκα

230 1874 308 1943 τῷ
340 1875 620 1947 πατρικίῳ
664 1877 959 1947 Πετρωνᾷ·
998 1876 1057 1939 6;
1108 1876 1202 1930 τοῦ
1240 1878 1640 1950 αὐτοκράτορος
1672 1878 1814 1941 θεῖος

1914 678 2412 749 Constantinopolis
2434 679 2810 750 quatiebatur:
2829 680 2974 735 :edes
2993 683 3257 737 nutabant
3283 700 3497 754 omnes,

1909 773 2203 842 omniaque
2226 773 2533 827 mortalium
2567 782 2782 842 pectora
2807 782 2954 829 metu
2996 774 3351 844 palpitabant,
3409 793 3502 831 ne-

1912 879 2000 918 mo
2032 878 2137 917 non
2173 861 2365 917 mortis
2393 863 2623 918 horrore
2652 873 2950 932 occupatus
2990 863 3329 929 clamitabat,
3367 866 3492 920 uni-

1911 970 2030 1009 cam
2064 955 2225 1025 plane
2254 955 2419 1023 hujus
2450 955 2681 1026 prodigii
2722 969 2818 1009 seu
2867 966 3047 1012 motus
3098 971 3317 1011 causam
3373 973 3495 1013 esse

1914 1048 2169 1115 injuriatn
2203 1056 2256 1101 et
2282 1047 2630 1117 sacrilegium
2684 1048 2739 1102 in
2785 1049 3153 1117 patriarcham
3213 1048 3484 1118 lgnatium

1916 1140 2292 1194 commissum.
2340 1136 2489 1194 Urbe
2522 1147 2701 1194 autem
2758 1147 2901 1194 totos
2962 1142 3320 1212 quadraginta
3369 1141 3492 1195 dies

1913 1231 2173 1285 continuo
2198 1238 2483 1291 tremente.
2512 1246 2684 1301 usque
2710 1232 2846 1288 adeo
2879 1231 3080 1287 ferocia
3105 1241 3159 1287 et
3181 1234 3502 1290 immanitas

1915 1324 2127 1378 illorum
2160 1324 2405 1392 mitigata
2433 1331 2534 1385 est,
2563 1333 2622 1378 ut
2644 1324 2745 1392 ipsi
2767 1324 3036 1395 principes
3055 1325 3267 1395 publice
3282 1325 3496 1395 jureju-

1922 1417 2093 1471 rando
2120 1425 2582 1481 contestarentur,
2612 1431 2788 1485 neque
2819 1418 3000 1485 fugam
3024 1433 3181 1473 sacro
3199 1418 3272 1472 illi
3297 1418 3498 1473 exsuli.

1915 1520 2013 1560 nec
2027 1506 2225 1575 hospiti
2242 1505 2448 1562 exsulis
2467 1506 2611 1575 apud
2629 1520 2787 1575 quem
2816 1504 3142 1571 delituisset,
3158 1506 3332 1562 fraudi
3355 1506 3503 1563 futu-

1917 1612 2031 1650 ram
2063 1614 2078 1663 ;
2136 1598 2230 1653 sed
2261 1598 2572 1653 absolutum
2603 1598 2856 1661 crimine,
2891 1598 3349 1668 innocentemque
3383 1615 3506 1669 pro-

1915 1689 2243 1753 nuntiatum,
2277 1689 2395 1744 sine
2418 1690 2742 1759 cujusquam
2776 1690 3024 1745 molestia
3046 1690 3097 1744 in
3123 1705 3224 1744 suo
3255 1689 3505 1745 coenobio

1914 1793 2106 1834 secure
2174 1795 2614 1848 permansurum.
2657 1779 2815 1847 Quod
2858 1797 2982 1836 cum
3038 1781 3242 1835 Christi
3300 1782 3502 1837 athleta

1916 1868 2238 1938 accepisset,
2276 1869 2520 1924 Petronae
2573 1884 2632 1924 se
2664 1870 2916 1940 patricio,
2940 1879 3189 1924 materno
3216 1869 3508 1940 imperato-

232 1968 374 2036 προς
412 1943 619 2038 μητρὸς
653 1965 751 2029 ὢν,
782 1943 884 2021 καὶ
902 1943 1005 2021 -τοῦ
1043 1966 1307 2039 βασιλέως
1342 1943 1479 2039 ἄρας
1502 1943 1814 2037 ὲέκόλπιον,

1924 1960 2002 2015 ris
2074 1962 2371 2026 avunculo,
2424 1962 2600 2032 aperit
2658 1962 2795 2031 :qui
2849 1963 3145 2033 pretiosum
3198 1970 3507 2033 gestamen,

232 2059 315 2119 είς
337 2057 597 2127 ἐνέχυρον
620 2055 803 2125 φέρων
823 2056 1006 2111 δίδωσι
1034 2057 1110 2128 τῷ
1139 2058 1479 2129 πατριάρχῃ.
1497 2058 1553 2111 Ὀ
1584 2058 1639 2110 δὲ
1659 2054 1819 2110 τοῦτο

232 2150 327 2201 τοῦ
372 2147 653 2217 τραχήλου
698 2150 1102 2219 ἀπαιωρήσας,
1138 2150 1232 2204 καλ⁹
1283 2150 1421 2222 πρὸς
1472 2150 1562 2203 τὸν
1608 2149 1821 2221 Βάρδαν

234 2239 521 2309 ἀναχθεὶς,
553 2240 704 2311 ἔστη.
738 2242 883 2313 Πρὸς
909 2242 969 2295 ὃν
999 2244 1227 2307 ἐκεῖνος,
1256 2243 1376 2297 ’Ὶνα
1407 2242 1482 2307 τί,
1512 2243 1669 2312 φησι,
1695 2241 1821 2312 τρόο

237 2349 344 2385 πον
373 2333 649 2401 δραπέτου
680 2332 1065 2404 μιμησάμενος
1091 2375 1107 2400 ,
1140 2335 1306 2405 ἄλλην
1334 2335 1393 2399 ἐξ
1435 2333 1602 2404 ἄλλης
1636 2334 1820 2403 χώραν

232 2424 489 2493 ἀμείϐων
517 2428 895 2495 περινοστεῖς;
936 2425 996 2478 '0
1025 2427 1101 2489 δὲ,
1131 2426 1390 2497 Χριστὸς,
1418 2424 1545 2495 ἔφη,
1572 2429 1598 2479 6
1631 2426 1822 2495 ἡμέτε-

238 2532 333 2584 ρος
358 2514 615 2583 βασιλεὺς
655 2517 750 2570 καὶ⁸
800 2518 983 2589 πατὴρ
1014 2518 1321 2571 ἐνετείλατο
1340 2531 1354 2545 ·
1403 2517 1540 2571 Ἐὰν
1568 2517 1818 2571 admov-

230 2620 341 2658 σιν
373 2605 531 2675 ὑμᾶς
556 2607 625 2660 ἐκ
656 2606 769 2676 τῆς
792 2610 1026 2673 πόλεως
1051 2607 1297 2674 ταύτης,
1312 2607 1559 2675 φεύγετε
1598 2608 1686 2672 εὶς
1710 2608 1824 2674 τὴν

229 2696 457 2762 ἄλλην.
490 2697 778 2769 Ἠττηθεὶς
819 2694 912 2752 οὖν
939 2699 1040 2769 τῆς
1066 2696 1162 2751 τοῦ
1222 2699 1416 2771 ἀνδρὸς
1443 2698 1648 2768 ἀρετῆς
1682 2700 1826 2752 ἐκεῖ·

230 2809 346 2853 νος,
405 2788 704 2841 ἀνεύθυνον
754 2787 945 2841 τοῦτον
991 2789 1087 2841 καὶ
1140 2788 1332 2842 ἄνετον
1380 2791 1461 2851 εἰς
1509 2788 1609 2857 τὴν
1657 2788 1822 2841 αὐτοῦ

230 2879 581 2947 καταστῆναι
612 2878 823 2932 κελεύει
860 2880 1053 2949 μονήν.
1092 2879 1267 2941 Εὐθὺς
1297 2878 1392 2931 οὖν
1419 2879 1510 2931 καὶ
1541 2879 1569 2931 6
1603 2879 1825 2947 σεισμός

230 2975 392 3042 ἔστη.
449 2973 561 3025 Καὶ
586 2971 888 3042 Βούλγαροι
916 2971 974 3023 δὲ
1012 2970 1132 3024 τότε
1163 2970 1442 3040 προνοίαις
1474 2970 1630 3036 Θεοῦ,
1665 2971 1825 3039 βιαίῳ

230 3065 645 3128 κατατακέντες
693 3063 859 3134 λιμῷ,
915 3065 1032 3134 ἅμα
1075 3061 1132 3115 δὲ
1183 3062 1278 3115 xal.
1328 3064 1443 3125 τοῖς
1490 3062 1685 3133 δώροις
1729 3060 1825 3114 τοῦ

229 3157 641 3225 αὐτοκράτορος
671 3155 1012 3225 θελχθέντες,
1043 3158 1111 3211 τὰ
1138 3157 1279 3211 ὅπλα
1316 3156 1679 3225 καταθέμενοι
1706 3194 1718 3219 ,
1747 3154 1826 3224 τῷ
1860 3149 1871 3157 ’

231 3248 380 3314 ἁγίῳ
406 3246 722 3316 προσῄεσαν
754 3246 1116 3317 βαπτίσματι.

1920 2050 2068 2119 quod
2119 2052 2184 2105 ad
2214 2052 2394 2106 sinum
2437 2052 2786 2119 imperatoris
2818 2050 3109 2120 pendebat,
3144 2066 3245 2122 pro
3277 2051 3505 2122 pignore

1922 2140 2146 2195 allatum
2188 2140 2355 2195 tradit
2384 2141 2732 2210 patriarchae.
2765 2156 2875 2209 quo
2925 2140 3014 2195 ille
3072 2140 3141 2196 de
3202 2140 3345 2195 collo
3377 2155 3505 2196 sus-

1922 2248 2090 2300 penso
2146 2232 2213 2287 ad
2269 2232 2502 2287 Bardam
2564 2234 2817 2299 accedit;
2850 2233 2944 2302 qui
2986 2233 3053 2288 ad
3087 2232 3503 2303 patriarcham:

1922 2322 2087 2389 Quid,
2118 2322 2317 2392 inquit,
2349 2323 2565 2395 fugitivi
2607 2340 2761 2382 more
2812 2341 2878 2381 ex
2912 2326 3032 2381 loco
3080 2328 3136 2382 in
3168 2326 3346 2382 locum
3374 2340 3505 2396 pro-

1924 2414 2085 2484 fugus
2115 2416 2379 2470 oberras?
2408 2416 2495 2471 cui
2525 2415 2767 2487 lgnatius
2809 2417 3125 2481 :Cltristus,
3159 2418 3358 2485 inquit.
3408 2432 3504 2472 rex

1925 2516 2110 2561 noster
2147 2521 2212 2561 ac
2268 2506 2430 2561 Pater
2476 2509 2734 2578 praecepit
2768 2525 2781 2562 :
2814 2508 2877 2565 Si
2928 2518 3304 2577 persequentur
3331 2524 3420 2563 vos
3451 2509 3506 2562 in

1924 2615 2029 2651 una
2057 2599 2288 2665 civitate,
2319 2600 2486 2671 fugite
2517 2601 2571 2654 in
2603 2602 2769 2654 aliam
2803 2602 2844 2652 '.
2881 2600 3069 2656 Victus
3103 2601 3418 2657 innocentia
3449 2609 3506 2657 et

1924 2690 2126 2744 virtute
2155 2690 2259 2744 viri
2288 2690 2514 2755 Bardas,
2542 2691 2821 2746 innoxium
2848 2692 3192 2763 liberumque
3222 2693 3277 2747 in
3311 2708 3505 2747 mona-

1925 2783 2152 2836 sterium
2191 2782 2395 2836 remitti
2422 2798 2582 2836 suum
2606 2782 2781 2851 jubet.
2807 2784 3112 2855 Statimque
3132 2784 3332 2839 moveri
3362 2793 3507 2838 terra

1925 2873 2109 2936 desiit,
2153 2880 2209 2927 et
2257 2871 2846 2943 Bulgariprorideutia
2887 2874 3004 2939 Dei,
3052 2877 3194 2931 fame
3257 2884 3505 2947 urgente.

1930 2964 2360 3033 muneribusque
2385 2965 2453 3020 ab
2485 2967 2813 3036 imperatore
2830 2968 3061 3035 deliniti,
3094 2969 3267 3025 armis
3289 2969 3505 3039 positis.

1927 3056 2167 3112 caelestis
2208 3057 2551 3126 baptismatis
2581 3060 2725 3114 unda
2753 3070 2881 3113 sunt
2914 3059 3151 3115 lustrati.

303 3296 1122 3409 T2..‘..t.t'.;.;;.,i;....
1166 3340 1543 3410 τοποτηρηταὶ
1602 3338 1821 3409 Ῥώμης

1999 3316 2183 3388 Legati
2231 3332 2451 3388 quoque
2501 3319 2764 3389 pontiﬁcii
2813 3334 2843 3374 a
2878 3318 3074 3374 Pltotio
3105 3321 3267 3378 donis
3298 3322 3498 3378 blande

235 3429 589 3501 φιλοφρόνως
626 3429 731 3483 ὑπὸ
780 3429 987 3484 Φωτίου
1026 3430 1517 3501 δωροδοκηθέντες,
1548 3429 1648 3499 τὴν
1692 3430 1828 3483 Ῥώ-

233 3539 347 3591 μην
378 3520 882 3591 παλινοστήσαντες
915 3521 1238 3578 κατέλαὸον.
1260 3520 1368 3585 Οὓς
1406 3521 1435 3574 6
1464 3522 1654 3584 πάπας
1695 3523 1827 3575 ἀνα-

229 3613 432 3683 κρίνας
494 3612 808 3677 Νικόλαος,
863 3612 964 3665 καὶ
1020 3612 1090 3666 τὰ
1144 3613 1287 3667 κατὰ
1337 3614 1432 3667 τὸν
1476 3615 1825 3685 πατριάρχην

243 3702 518 3768 Ἰγνάτιον
557 3699 906 3773 ὴκριδωκὼς,
948 3704 1043 3755 καὶ
1100 3703 1164 3755 ὲκ
1203 3702 1296 3756 τοῦ
1340 3704 1606 3773 στόματος
1646 3705 1824 3758 αὐτῶν

230 3792 776 3856 ὑποδίκους-αὐτοὺς
822 3793 1205 3863 πεφωρακὼς,
1278 3795 1353 3858 ὡς
1419 3797 1825 3861 ἑπισυστάσεως

230 3883 566 3955 λῃστρικῆς,
601 3884 718 3937 ἀλλ’
754 3885 813 3937 ού
854 3886 1147 3954 κανονικῆς
1174 3888 1390 3940 συνόδου
1428 3889 1823 3957 κατάρξαντας,

227 3976 485 4043 διηνεκεῖ
512 3974 833 4046 καθαιρέσει
870 3976 963 4029 καὶ
1013 3976 1446 4047 ἀναθεματισμῷ
1475 3978 1823 4032 καθυποῦἀλ-

228 4063 341 4117 λει·
380 4061 482 4115 καὶ
530 4062 593 4114 οὐ
642 4064 839 4133 μόνους
876 4063 1098 4126 αὐτοὺς,
1130 4063 1266 4116 ἀλλὰ
1294 4065 1388 4117 καὶ
1412 4064 1577 4118 αὐτὸν
1600 4064 1824 4130 Φώτιον,

228 4156 311 4217 ὡς
358 4152 667 4224 ἐπιϐήτορα
715 4155 807 4206 καὶ
859 4154 1085 4224 μοιχὸν,
1126 4155 1522 4226 ἀποκηρύττει,
1572 4156 1668 4209 καὶ⁵
1719 4156 1825 4209 ὑπὸ

231 4243 450 4312 συνόδῳ
482 4245 741 4314 κανονικῇ
774 4243 869 4296 καὶ
923 4243 1092 4315 ψήφῳ
1126 4245 1308 4313 πάσης
1360 4244 1463 4314 τῆς
1516 4246 1609 4298 ὑπ’
1666 4246 1826 4299 αὑτὸν

242 4334 591 4402 Ἐκκλησίας
616 4334 1010 4405 ἅναθεματίζει
1041 4337 1134 4389 καὶ
1164 4336 1440 4407 καθαιρεῖν
1479 4337 1632 4389 οὐδὲν
1665 4337 1825 4390 αὐτὸν

227 4425 528 4493 διαφέρειν
566 4424 819 4496 Μαξίμου
859 4424 953 4477 τοῦ
1006 4425 1249 4478 Κυνικοῦ
1279 4466 1294 4490 ,
1331 4425 1425 4479 τοῦ
1470 4425 1548 4496 τῷ
1580 4427 1826 4497 Θεολόγῳ

231 4503 537 4585 ι”ρηγορίῳ
604 4518 964 4585 ὲπιφυέντος,
1037 4518 1133 4572 καὶ
1185 4519 1284 4590 τήν
1324 4518 1650 4587 Ἐκκλησίαν
1693 4537 1819 4588 συγ-

1929 3407 2174 3478 corrupti
2198 3407 2427 3462 Romam
2467 3409 2765 3465 redierunt.
2792 3411 2940 3478 Quos
2974 3412 3228 3469 Nicolaus
3261 3414 3504 3484 pontifex

1929 3500 1995 3553 de
2026 3499 2334 3568 patriarcha
2365 3499 2575 3569 lgnatio
2607 3501 2989 3571 interrogatos,
3022 3514 3075 3558 et
3108 3520 3294 3561 serere
3325 3507 3506 3577 inqui-

1928 3592 2086 3655 sitos,
2126 3608 2252 3646 cum
2287 3592 2402 3647 suis
2434 3594 2554 3647 illos
2586 3594 2763 3650 verbis
2789 3608 2975 3665 captos
3002 3598 3348 3665 convieisset,
3386 3600 3509 3656 illos

1929 3682 2138 3737 sicariae
2195 3682 2377 3752 potius
2446 3681 2742 3749 factionis,
2798 3700 2962 3754 quant
3007 3687 3260 3757 legitimae
3315 3689 3508 3760 synodi

1928 3774 2189 3843 prarsides
2223 3775 2419 3844 egisse,
2450 3786 2707 3845 perpetua
2737 3780 3185 3835 exauctoratione
3217 3780 3508 3837 damnatos

1930 3867 2277 3921 anathemate
2340 3868 2630 3936 percussit.
2692 3867 2801 3921 Nec
2844 3868 3053 3938 legatos
3116 3878 3352 3935 tantum,
3411 3871 3507 3927 sed

1930 3959 2105 4027 ipsum
2157 3974 2377 4029 quoque
2428 3958 2679 4014 Photium
2746 3970 3037 4032 tyrannum
3079 3971 3132 4016 et
3197 3962 3506 4017 adulterum

1928 4050 2265 4120 pronuntiat,
2298 4060 2350 4106 et
2386 4051 2639 4123 legitima:
2675 4052 2865 4122 synodi
2896 4053 3163 4106 sententia
3195 4054 3363 4107 totius
3404 4053 3509 4110 Ec-

1929 4143 2110 4197 clesiae
2140 4158 2252 4197 sua!
2279 4144 2629 4197 anathemate
2668 4145 2793 4197 ferit
2827 4143 3183 4213 deponitque,
3217 4145 3508 4214 ipsumque

1928 4251 1959 4291 a
1985 4233 2221 4291 Maximo
2245 4235 2471 4305 Cynico,
2497 4236 2589 4307 qui
2613 4234 2876 4305 Gregorio
2908 4234 3183 4305 Theologo
3211 4237 3503 4303 insultans,

1931 4329 2227 4383 Ecclesiam
2258 4329 2435 4383 turbis
2465 4328 2722 4383 omnibus
2756 4328 3092 4397 permiscuit,
3120 4330 3254 4383 nihil
3284 4330 3506 4385 dill‘erre

1927 4420 2188 4475 declarat.
2227 4420 2408 4487 Quare
2444 4420 2595 4473 illum
2622 4461 2638 4486 ,
2677 4429 2735 4474 ut
2764 4420 3146 4474 scandalorum
3196 4432 3501 4485 auctorem,

1928 4524 1981 4569 et
2009 4514 2079 4568 ab
2103 4513 2195 4567 illo
2233 4522 2613 4576 consecratos,
2645 4514 2940 4580 apostolica
2964 4514 3311 4575 auctoritate,
3335 4515 3503 4570 veluti

230 4610 471 4677 χέαντος
502 4646 516 4670 ,
561 4607 999 4679 ἀποφηνάμενος.
1054 4610 1218 4664 Ὅθεν
1267 4610 1431 4664 αὐτόν
1469 4628 1551 4676 τε,
1605 4610 1680 4674 ὡς
1714 4612 1821 4664 τῶν

1926 4607 2265 4676 coniuratos,
2293 4603 2468 4659 eidem
2508 4606 2793 4660 sententiae
2828 4605 3071 4674 subjicit.
3106 4604 3217 4661 Nec
3251 4607 3335 4662 bis
3369 4623 3504 4664 ron-

232 4697 562 4750 σκανδαλων
592 4701 784 4766 αἴτιον,
820 4702 914 4753 καὶ
950 4702 1076 4761 τοὺς
1110 4702 1204 4755 ὑπ’
1233 4702 1397 4755 αὑτοῦ
1442 4720 1823 4774 κεχειροτονη-

235 4790 471 4859 μένοις,
512 4789 589 4851 ὠς
627 4791 937 4861 ὁμόφρονας
969 4793 1144 4863 τούτῳ
1183 4792 1425 4863 δηλονότι
1452 4794 1826 4857 καθεστῶτας,

231 4882 585 4952 ἁποστολικῇ
617 4884 798 4953 κρίσει
829 4886 894 4955 τῇ
924 4884 1063 4956 αὐτῇ
1095 4886 1387 4945 ὑποϐάλλει
1422 4886 1705 4957 καταδίκῃ.
1753 4886 1827 4939 Οὐ

228 4973 406 5027 τοῦτο
462 4974 521 5027 δὲ
572 4978 714 5028 ποιεῖ
748 4975 932 5046 μόνον,
960 4975 1097 5031 ἀλλὰ
1127 4978 1221 5032 καὶ
1261 4978 1388 5040 τοὺς
1425 4976 1821 5041 κοινωνοῦντας

231 5066 461 5135 Φωτίῳ,
510 5068 675 5120 αὐτόν
712 5085 770 5121 τε
820 5070 911 5122 τὸν
958 5070 1185 5140 βασιλέα
1230 5074 1321 5123 καὶ
1366 5070 1464 5137 τὴν
1513 5071 1605 5123 ὑπ’
1663 5070 1827 5124 αὑτὸν

1928 4708 2133 4763 tentus,
2166 4698 2406 4754 asseclas
2441 4698 2610 4764 illius,
2650 4699 2937 4768 ipsumque
2970 4700 3351 4769 imperatorem
3375 4717 3499 4755 cunt

1928 4802 2118 4848 senatu
2152 4794 2272 4862 ejus
2320 4793 2469 4847 omni
2515 4808 2611 4863 per
2651 4793 2859 4847 litteras
2892 4811 2918 4847 a
2953 4806 3098 4849 emtu
3133 4793 3373 4848 lideliuttt
3407 4810 3504 4850 ex-

1929 4885 2117 4942 cludit.
2148 4883 2279 4951 Qure
2317 4883 2575 4940 Nicolans
2608 4900 2731 4939 cutn
2772 4885 2959 4939 divino
2989 4885 3105 4940 zelo
3131 4885 3503 4941 inflammatus

1929 4978 2173 5047 egisset,
2226 4976 2598 5045 a-quissimam
2660 4974 2853 5045 judicii
2905 4977 2990 5031 sui
3051 4977 3379 5032 sententiam
3435 4977 3503 5032 ad

1934 5069 2170 5125 Orientis
2205 5070 2541 5139 patriarchas
2568 5069 2894 5123 transmisit.
2987 5078 2997 5085 '

234 5160 527 5212 πολιτείαν
571 5163 753 5215 πᾶσαν
795 5162 864 5217 δι’
900 5164 1201 5217 ἐπιστολῶν
1244 5165 1520 5236 ἀφορίζει.
1549 5165 1734 5220 Ταῦτα
1766 5166 1823 5219 δὲ
1862 5165 2010 5237 ζήλῳ
2040 5166 2169 5236 θείῳ
2195 5168 2222 5219 6
2247 5164 2513 5229 Νικόλαος
2544 5165 3055 5237 καταπραξάμενος,
3081 5165 3173 5218 καὶ
3237 5168 3350 5229 τοῖς
3407 5164 3506 5236 τῆς

248 5249 558 5319 ’Δνατολῆς
587 5252 957 5323 πατριάρχαις
979 5256 1078 5324 τὴν
1119 5254 1382 5326 ἔνθεσμον
1412 5256 1594 5327 κρίσιν
1618 5254 1823 5324 ταύτην
1861 5256 2219 5327 διεπέμψατο.

314 5342 459 5394 Κατ’
486 5342 704 5406 ὲκείνας
732 5343 791 5397 δὲ
818 5346 915 5409 τὰς
938 5347 1150 5417 ἡμέρας
1183 5349 1278 5402 καὶ
1311 5349 1638 5419 ἐμπρησμὸς
1659 5349 1831 5419 μέγας

238 5436 455 5504 σφόδρα
514 5435 595 5499 είς
630 5436 729 5499 τὰς
784 5439 985 5508 Σοφίας
1018 5441 1330 5511 γενόμενος,
1381 5441 1664 5513 ἀμύθητον
1698 5443 1830 5511 ὅσην

234 5529 607 5598 καταφθορὰν
640 5529 737 5581 καὶ
794 5530 973 5600 λύμην
1005 5535 1118 5597 τοῖς
1159 5536 1545 5605 προσοικοῦσιν
1579 5537 1829 5604 ἐνειργά-

236 5638 397 5674 σατο.
428 5621 600 5673 Οὐδὲν
622 5621 676 5673 δὲ
706 5620 911 5675 τούτων
936 5625 1013 5687 εἰς
1046 5626 1353 5697 μεταμελον
1407 5621 1511 5697 ἦγε
1539 5632 1665 5691 τοὺς
1697 5629 1823 5679 ἀνο-

237 5716 369 5783 μεῖν
407 5715 799 5782 διεγνωκότας·
852 5717 1050 5787 μᾶλλον
1086 5718 1187 5789 μὲν
1233 5719 1347 5787 οὖν,
1378 5720 1516 5775 κατὰ
1554 5722 1651 5775 τίων
1690 5723 1825 5774 ἁπο-

340 5898 363 5928 ⁸
390 5897 580 5953 Μειιιιι.
633 5914 686 5962 x,
720 5897 811 5951 25.

2005 5350 2107 5405 Per
2139 5350 2279 5403 idem
2320 5346 2433 5404 fere
2466 5357 2679 5420 tempus
2720 5348 2911 5419 ingens
2956 5349 3008 5403 in
3043 5346 3252 5404 aedibus
3289 5348 3505 5419 Sophia:

1934 5444 2245 5498 incendium
2295 5443 2525 5508 exstitit,
2567 5460 2665 5498 nec
2697 5453 2962 5513 quantum
2998 5443 3186 5498 vicinis
3219 5446 3504 5498 calamita-

1934 5545 2064 5598 tem,
2094 5550 2466 5607 quantutnque
2513 5536 2737 5589 exitium
2774 5536 3032 5599 attulerit,
3065 5536 3293 5590 dicendo
3330 5539 3505 5607 eXpIi-

1932 5627 2043 5680 cari
2074 5636 2265 5696 potest.
2301 5626 2432 5691 Qua:
2466 5634 2646 5679 tamen
2680 5641 2763 5679 res
2796 5642 2889 5680 eos
2925 5627 3015 5694 qui
3059 5643 3309 5695 perverse
3343 5644 3503 5695 ago-re

1933 5719 2308 5785 decreverant,
2363 5718 2427 5773 ad
2479 5719 2759 5775 meliorem
2797 5730 3034 5775 mentem
3087 5737 3193 5776 non
3243 5722 3501 5784 reduxit;
