4194 6432
680 413 781 475 527

1861 419 2153 480 ΝΙΟΕΤιΕ
2184 418 2708 480 PAPIILAGONIS

3826 419 3933 484 5‘28

678 529 769 581 sed
808 543 871 581 ex
914 528 1213 598 apostolico
1264 530 1517 596 oraculo,
1565 531 1621 585 in
1673 533 1822 602 pejus
1869 532 2210 603 proﬁciebant
2238 572 2252 597 ,

2364 531 2614 602 στολικὴν
2640 532 2980 602 πρόρρησιν,
3024 528 3155 585 Ἐπί
3193 530 3258 583 τὸ
3297 529 3498 599 χεῖρον
3536 530 3932 596 προέκοπτον.

675 630 931 685 errantes,
965 622 1092 674 etin
1120 639 1349 677 errorem
1382 624 1643 678 mittentes
1683 627 1723 678 °.

751 713 951 766 Bardas
980 713 1129 767 enim
1172 715 1460 785 imperium
1507 717 1789 783 affectans,
1819 716 2052 786 primum
2091 730 2251 770 ειη-ος

678 804 902 869 palntes.
936 820 1060 858 mox
1085 807 1268 861 Caesar
1298 809 1666 874 renuntiatus,
1696 808 2064 879 imperatoris,
2093 824 2251 863 soro-

676 894 751 946 ris
778 892 899 960 ﬁlii,
931 896 1158 949 stultitia
1194 897 1535 963 abutebatur,
1577 899 1924 969 seipsnmque
1952 899 2130 953 onmis
2172 898 2252 951 in-

677 988 1044 1055 temperantia:
1080 988 1377 1059 eﬂ‘usasque
1428 991 1672 1046 libidinis
1746 991 2076 1059 mancipium
2132 1006 2257 1060 pros

676 1076 852 1132 debat.
909 1078 1135 1133 Michael
1194 1097 1326 1137 vero
1384 1084 1571 1136 animo
1602 1083 1939 1152 juvenilibus
1966 1083 2257 1137 desideriis

674 1178 957 1239 corrupto,
990 1188 1100 1226 rem
1134 1174 1371 1228 divinam
1406 1190 1502 1244 pro
1535 1174 1713 1229 fabula
1756 1191 1849 1229 seu
1890 1174 2127 1229 ludibrio
2157 1176 2256 1228 du-

676 1265 867 1329 cebat,
904 1266 1198 1319 llldlbl‘idlll
1253 1266 1367 1336 ipse
1410 1268 1588 1323 factus
1644 1266 1826 1321 omnis
1888 1267 2153 1322 foeditatis
2203 1278 2256 1321 et

674 1358 905 1423 peccati,
950 1357 1233 1427 ipsiusque
1284 1360 1491 1428 peccati
1532 1358 1722 1427 patris.
1762 1356 1975 1413 Etenim
2027 1358 2258 1411 homun-

674 1449 861 1501 ciones
888 1448 1155 1518 quosdam
1208 1451 1609 1520 impurissimos
1649 1460 1704 1505 et
1735 1450 2175 1521 profanissimos,
2203 1460 2259 1503 et

676 1554 915 1604 scurras,
957 1540 1126 1594 divini
1161 1542 1376 1610 quidem
1428 1540 1663 1611 Spiritus
1688 1543 2039 1613 ctelestisque
2068 1541 2257 1611 gratia:

677 1632 901 1686 omnino
950 1644 1217 1703 expertes,
1268 1635 1636 1705 pessimisque
1720 1635 1983 1691 daemonis
2038 1634 2249 1687 artibus

676 1720 1156 1787 instructissimos,
1190 1724 1457 1793 sacrilege
1503 1725 1957 1794 impudenterque
1997 1723 2259 1777 sacerdo-

684 1820 767 1866 tes
802 1820 856 1865 et
884 1813 1154 1867 antistites
1198 1814 1263 1867 ad
1297 1814 1555 1869 Ecclesiae
1588 1814 1871 1885 profanam
1904 1813 2257 1869 imitationem

2358 621 2707 688 πλανῶντες
2736 621 2836 675 καὶ
2864 620 3260 690 πλανώμενοι.

2432 712 2641 782 Βάρδας
2675 712 2774 781 μὲν
2805 711 2914 782 γὰρ
2946 710 3032 778 ἐφ’
3054 710 3246 763 ἐαυτὸν
3280 709 3378 779 τὴν
3414 708 3733 780 Ῥωμαϊκὴν
3758 710 3935 780 ἀρχὴν

2357 802 2811 872 ὑποποιούμενος,
2851 799 3069 871 πρῶτον
3129 798 3228 869 μὲν
3292 799 3733 869 κουροπαλάτης,
3793 799 3936 868 μετά

2359 895 2553 964 μικρὸν
2599 895 2654 947 δέ
2708 894 2926 964 Καῖσαρ
2976 891 3382 961 ἀναγορευθεὶς,
3412 891 3511 961 τῆς
3564 891 3659 944 τοῦ
3707 890 3933 960 ἀνεψιοῦ

2357 986 2613 1056 εὐηθείας
2656 984 2995 1055 κατετρύφα,
3028 984 3192 1046 αὐτος
3232 984 3502 1055 ἀκρασίας
3529 1001 3588 1037 τε
3619 985 3800 1053 πάσης
3839 985 3936 1036 καὶ

2358 1077 2534 1145 πάσης
2564 1076 2755 1148 ἡδονῆς
2784 1074 3046 1142 ἀσελγοῦς
3077 1072 3409 1144 ἀνδράποδον
3449 1072 3930 1144 ἀποδεικνύμενος

2356 1172 2383 1223 6
2416 1170 2635 1238 Μιχαὴλ
2658 1168 2713 1221 δὲ
2744 1169 3097 1238 νεωτερικαῖς
3133 1164 3449 1234 ἐπιθυμίαις
3483 1164 3602 1227 ὅλος
3633 1163 3936 1235 κατεφθαρ·

2361 1260 2519 1329 μένος
2554 1264 2644 1312 τὸν
2680 1258 2827 1326 νοῦν,
2864 1258 3115 1325 παίγνιον
3156 1255 3309 1308 ἔθετο
3356 1255 3426 1307 τά
3466 1255 3622 1319 θεῖα,
3680 1256 3935 1321 παίγνιον

2361 1347 2521 1409 αὐτὸς
2578 1347 2845 1417 ἀκρασίας
2889 1363 2947 1398 τε
2992 1346 3173 1415 πάσης
3226 1346 3317 1397 καὶ
3370 1345 3664 1415 ἁμαρτίας.
3710 1346 3802 1398 καὶ
3839 1344 3935 1396 τοῦ

2355 1445 2452 1513 τῆς
2494 1440 3173 1513 ἁμαρτίας-γεγενημένου
3214 1440 3449 1509 πατρόςι
3489 1438 3585 1491 καὶ
3621 1439 3686 1507 δὴ
3720 1455 3931 1507 μιαρω-

2356 1534 2550 1594 τάτους
2583 1531 2732 1593 τινάς
2772 1531 3211 1600 ἀνθρωπίσκους,
3248 1530 3345 1583 καὶ¹
3388 1527 3807 1599 βεὸηλοτάτους,
3840 1530 3937 1581 καὶ

2356 1624 2723 1695 εὐτραπέλους
2759 1624 3142 1691 ἐκλεξάμενος,
3182 1623 3443 1691 ἀμοίρους
3474 1621 3575 1691 μὲν
3606 1620 3764 1689 ἀγίου
3799 1639 3938 1673 παν-

2357 1714 2566 1767 τάπασι
2604 1714 2940 1780 Πνεύματος,
2976 1712 3071 1765 τοῦ
3115 1712 3357 1765 ἐναντίου
3404 1712 3458 1763 δὲ
3504 1712 3811 1781 πνεύματος
3836 1714 3940 1775 τῆς

2359 1806 2639 1875 ἐνεργείας
2664 1804 3105 1876 πεπλησμένους,
3156 1804 3467 1867 ἀνευλαόὦς
3501 1822 3561 1859 τε
3599 1805 3695 1857 καὶ
3724 1805 3941 1875 ἀπηρυ-

683 1899 1132 1957 dementissimus
1193 1905 1568 1970 consecravit,
1624 1904 1838 1974 illisque
1897 1902 2257 1974 Theophilum

2362 1897 2665 1967 θριακότως
2715 1900 2881 1968 ἱερεῖς
2923 1898 3021 1952 καὶ
3055 1897 3335 1967 ἀρχιερεῖς
3362 1896 3505 1949 κατά
3546 1895 3645 1967 τὴν
3678 1896 3777 1965 τῆς
3810 1894 3939 1948 Ἐκ-

677 1993 970 2060 quemdam
1031 1995 1556 2065 protospalbarium,
1614 2012 1861 2052 scurram
1911 2006 1965 2052 et
2007 1997 2260 2063 mimum,

680 2085 928 2155 interque
991 2088 1250 2156 profanos
1329 2088 1775 2158 profanissimum
1814 2128 1827 2153 ,
1892 2090 2259 2160 patriarcham

678 2176 943 2245 przefecit,
984 2179 1155 2233 risum
1210 2181 1312 2234 sibi
1357 2192 1410 2235 et
1440 2182 1766 2235 cachinnum
1819 2183 2128 2252 improbum
2160 2183 2256 2237 de-

681 2270 964 2325 testandus
1008 2281 1062 2325 et
1089 2272 1422 2328 deridendus
1449 2274 1772 2343 quaeritans.
1815 2275 1921 2330 Per
1954 2292 2076 2346 quae.
2108 2276 2259 2331 obla-

681 2358 816 2413 tioni
848 2370 1049 2415 saneta:
1076 2362 1237 2416 ﬁebat
1267 2364 1488 2434 injuria,
1528 2381 1725 2421 nomen
1770 2382 1898 2421 vero
1933 2366 2023 2420 Dei
2059 2376 2257 2421 contu-

681 2452 859 2508 meliis
897 2453 1151 2509 alfectum
1175 2456 1317 2511 inter
1354 2466 1544 2526 gentes
1582 2458 2084 2529 blasphemabatur.

757 2719 865 2774 Sed
901 2718 1126 2775 Ilicliael
1161 2730 1443 2791 tantopere
1491 2722 1715 2778 infamia
1760 2723 1863 2778 hac
1894 2722 2255 2792 gloriabatur,

692 2810 773 2864 uti
810 2824 911 2866 nec
947 2811 1161 2880 publice
1196 2813 1412 2881 quidem
1465 2814 1579 2867 haec
1618 2813 1965 2868 erubesceret
1991 2814 2203 2883 jactare
2238 2829 2253 2866 :

685 2902 811 2956 Mihi
840 2901 1196 2973 Theophilus,
1220 2903 1424 2959 Ctesari
1458 2905 1704 2973 Photius,
1737 2905 2067 2962 Christianis
2099 2905 2257 2977 Igna-

691 2996 800 3048 tius
832 3006 914 3049 est
954 2996 1283 3064 patriarcha.
1324 2999 1377 3051 In
1423 2998 1527 3053 hoc
1582 3002 1905 3055 amentiaene
1948 3000 2147 3065 dicam,
2187 3016 2255 3053 an

683 3087 983 3155 impietatis,
1006 3090 1209 3157 potius,
1264 3090 1480 3143 tandem
1514 3090 1681 3144 chaos
1716 3102 1798 3145 est
1829 3091 2154 3146 devolutus?
2183 3089 2256 3144 Ita

680 3176 981 3244 sacrilegus
1012 3176 1099 3230 ille
1128 3193 1339 3239 scurra,
1390 3188 1447 3231 ut
1476 3180 1609 3243 dixi,
1641 3178 1998 3249 Theophilus,
2036 3189 2249 3234 exserta

2364 1989 2591 2057 κλησίας
2631 1991 2801 2060 ἐναγῆ
2852 1989 3087 2059 μίμησιν
3130 1989 3159 2040 6
3195 1987 3528 2052 ἀνούστατος
3584 1986 3935 2057 ἐχειροτόνει·

2361 2083 2456 2134 καὶ
2490 2083 2548 2133 ἐν
2574 2081 2759 2143 αὐτοῖς
2788 2080 3047 2149 Θεόφιλόν
3072 2096 3197 2133 τινα
3221 2079 3735 2150 πρωτοσπαθάριον,
3765 2078 3938 2147 ἄνδρα

2360 2172 2723 2242 γελωτοποιὸν
2759 2174 2852 2226 καὶ
2897 2175 3083 2244 μῖμον,
3117 2173 3212 2225 καὶ
3251 2172 3468 2225 πάντων
3498 2170 3711 2240 ἐναγῶν
3742 2171 3941 2239 ἐναγέ-

2362 2282 2575 2328 στατον,
2636 2266 2989 2337 πατριάρχην
3038 2266 3128 2317 ἐπ’
3179 2263 3408 2326 ἐκείνοις
3454 2260 3938 2332 προχειριζόμενος

2359 2359 2663 2430 ὠνόμαζεν,
2697 2359 2910 2427 γέλωτα
2944 2357 3121 2428 ἐαυτῷ
3152 2359 3245 2411 καὶ
3294 2356 3620 2427 καγχασμδν
3652 2355 3855 2425 ἀσελγῆ
3907 2355 3942 2406 6

2360 2451 2739 2513 κατάπτυστος
2785 2448 3327 2517 κατασκευαζόμενος
3364 2448 3462 2501 καὶ
3505 2446 3937 2514 καταγέλαστος·

2356 2543 2425 2596 δι’
2460 2536 2535 2597 ὧν
2563 2543 2815 2612 ὑϐρίζετο
2868 2542 2966 2612 μὲν
2996 2543 3029 2612 ἡ
3068 2542 3202 2610 ἀγία
3245 2541 3553 2611 προσφορὰ,
3597 2539 3848 2608 ὑϐρίζετο
3879 2537 3942 2590 δὲ

2358 2634 2449 2687 καὶ
2499 2633 2908 2702 ἐϐλασφημεῖτο
2943 2634 3054 2694 τοῖς
3089 2631 3266 2684 ἔθνεσι
3297 2630 3360 2684 τὸ
3385 2630 3558 2700 ὄνομα
3585 2628 3680 2683 τοῦ
3704 2627 3861 2680 Θεοῦ.

2441 2728 2566 2782 Ἐπὶ
2595 2726 2847 2780 τοσοῦτον
2873 2727 2929 2779 δὲ
2950 2728 3015 2795 τῇ
3045 2725 3332 2795 ἀλογιστία
3350 2723 3619 2792 ἐνετρύφα
3643 2721 3816 2791 ταύτῃ
3842 2721 3943 2773 καὶ

2358 2818 2842 2884 ἐνεκαλλωπίζετο,
2892 2818 3030 2871 ὥστε
3065 2817 3197 2888 μηδὲ
3238 2815 3394 2869 τοῦτο
3442 2813 3728 2886 παρρησίᾳ
3756 2811 3942 2879 λέγειν

2366 2910 2748 2979 αἰσχύνεσθαι,
2780 2909 2863 2963 ὅτι
2898 2908 3051 2977 Ἐμοὶ
3088 2908 3185 2976 μὲν
3219 2905 3564 2977 πατριάρχης
3598 2904 3626 2956 6
3654 2901 3940 2970 Θεόφιλος,

2358 3005 2387 3056 6
2430 3001 2633 3063 Φώτιος
2680 3001 2739 3052 δὲ
2794 2999 2875 3069 τῷ
2917 2998 3197 3068 Καίσαρι,
3246 2997 3338 3051 καὶ
3376 2997 3486 3056 τοῖς
3520 2994 3867 3064 Χριστιανοῖς
3910 2995 3944 3044 6

2375 3094 2638 3163 Ἰγνάτιος
2673 3091 3045 3160 καθέστηκεν·
3080 3091 3159 3152 είς
3203 3086 3522 3157 τηλικοῦτον
3560 3084 3722 3139 αὐτὸν
3769 3085 3947 3153 ἀφρο-

2368 3186 2530 3253 σύνης
2563 3184 2760 3255 μᾶλλον
2796 3182 2828 3252 ἢ
2868 3180 3123 3242 ἀσεὸείας
3166 3177 3563 3247 κατενεχθῆναι
3610 3175 3827 3245 βόθρον.
3871 3176 3935 3227 Ὀ

682 3282 778 3321 sua
810 3266 1107 3335 petulantia
1155 3268 1310 3322 aulas
1335 3268 1583 3324 lambens
1627 3270 1829 3339 regias,
1863 3270 2108 3325 nefandis
2141 3285 2257 3325 sce—

2364 3249 2503 3351 μὲν-
2542 3249 2636 3333 οὖν
2682 3249 2976 3349 εἰρημένος
3048 3274 3359 3345 βωμολόχος
3416 3274 3625 3334 ἐκεῖνος
3683 3268 3949 3337 Θεόφιλος

684 3358 908 3423 leribus,
946 3360 1170 3413 lascivia
1215 3370 1269 3415 et
1313 3360 1545 3426 facetiis,
1597 3364 1912 3430 turpissima
1959 3364 2257 3417 imitatione

683 3463 780 3515 per
834 3456 1206 3517 contemptum
1266 3466 1451 3504 rerum
1523 3451 1853 3516 divinarum,
1896 3456 2153 3523 mysteria
2205 3460 2259 3506 et

683 3549 1025 3594 sacramenta
1059 3542 1374 3596 traducebat
1418 3553 1471 3595 et
1503 3542 1802 3609 illudebat;
1841 3544 1986 3613 quod
2025 3558 2091 3597 ne
2116 3559 2251 3613 gen-

684 3640 765 3685 tes
804 3632 1018 3700 quidem
1064 3633 1319 3701 quamvis
1351 3633 1531 3704 impia:
1582 3649 1731 3688 ausa:
1762 3643 1890 3689 sunt
1939 3634 2253 3704 aliquando.

686 3722 817 3788 Qua:
843 3722 1072 3777 Photius
1120 3740 1244 3777 cum
1279 3740 1461 3779 coram
1502 3739 1562 3779 se
1592 3724 1703 3795 geri
1730 3734 1997 3788 cerneret,
2028 3740 2141 3779 rem
2175 3725 2259 3777 in-

685 3813 1057 3882 dignissimam
1111 3828 1210 3867 nec
1266 3815 1647 3884 reprehendit,
1692 3829 1790 3869 nec
1824 3815 2023 3868 restitit
2063 3814 2258 3884 impie—

684 3903 803 3966 tati,
853 3918 1049 3972 neque,
1081 3905 1225 3973 quod
1283 3919 1370 3958 res
1433 3904 1616 3958 divina
1671 3904 1907 3959 ludibrio
1946 3905 2257 3968 haberetur,

687 3997 914 4048 verbum
945 3995 1120 4048 ullum
1172 4004 1365 4050 contra
1411 4011 1505 4051 seu
1553 4010 1717 4066 grave
1764 4010 1859 4050 seu
1906 3996 2023 4050 leve
2067 3996 2256 4050 edidit.

685 4085 840 4150 Quod
881 4085 1078 4139 mirum
1121 4086 1292 4139 videri
1337 4101 1442 4140 non
1486 4086 1645 4141 debet
1678 4102 1693 4138 :
1724 4094 1842 4141 erat
1871 4087 2015 4141 enim
2046 4100 2258 4141 merce—

2360 3368 2506 3422 οὕτω
2535 3367 2818 3438 παρρησίᾳ
2876 3367 2993 3427 ταῖς
3048 3363 3339 3435 βασιλείοις
3389 3360 3667 3431 κωμάζων
3726 3358 3947 3419 αὐλαῖς,

2361 3457 2776 3532 ἀρῤητοποιίαις
2836 3472 2897 3507 τε
2966 3454 3208 3517 πάσαις,
3278 3452 3368 3506 κα)
3443 3449 3792 3517 ἀσελγείαις,
3849 3446 3953 3499 καὶ

2358 3548 2779 3619 εὐτραπελίαις,
2830 3546 2896 3598 δι’
2948 3545 3234 3614 αἰσχίστης
3299 3541 3585 3613 μιμήσεως
3633 3539 3741 3592 τῶν
3778 3537 3946 3608 ἱερῶν

2363 3641 2677 3713 μυστηρίων
2730 3640 3062 3707 κατωρχεῖτο
3117 3633 3260 3706 [καὶ]
3311 3630 3655 3695 κατέπαιζεο
3700 3631 3944 3701 πρᾶγμα

2364 3729 2499 3799 μηδὲ
2532 3731 2639 3790 τοῖς
2670 3726 3055 3786 ἀσεϐεστάτοις
3100 3726 3209 3777 τῶν
3242 3723 3510 3793 Ἐλλήνων
3546 3720 3768 3773 πώποτε
3818 3720 3950 3773 τολο

2365 3820 2557 3891 μηθέν.
2616 3819 2674 3871 '0
2703 3818 2905 3881 Φώτιος
2935 3817 2993 3870 δέ
3017 3816 3224 3869 τούτων
3254 3813 3649 3883 τολμωμένων,
3685 3810 3779 3865 καὶ
3810 3809 3949 3880 ξκατ⁹

2362 3908 2679 3980 ὁςθαλμοὺς
2724 3907 2889 3960 αὐτοῦ
2926 3906 3336 3977 πραττομένων,
3388 3904 3487 3956 οὐκ
3525 3899 3717 3973 ήλεγξε
3750 3899 3813 3952 τὸ
3845 3898 3949 3952 τοῦ

2362 4000 2794 4070 ἐπιτηδεύματος
2824 3999 3049 4060 ἄτοπον,
3081 3998 3183 4050 οὐκ
3222 3995 3455 4064 ἀντέστη
3502 3996 3571 4063 τῇ
3604 3990 3948 4062 παρανομίᾳ,

2361 4095 2422 4148 οὐ
2486 4094 2733 4163 μικρὰν,
2785 4091 2845 4143 οὐ
2916 4089 3162 4159 μεγάλην
3219 4086 3360 4156 ὑπὲρ
3405 4085 3515 4138 τῶν
3566 4083 3949 4153 ὑϐριζομένων

686 4175 876 4229 narius
904 4174 1095 4244 opilio,
1128 4189 1235 4229 non
1271 4190 1565 4245 germanus
1612 4185 1798 4244 pastor
1839 4192 1854 4229 :
1898 4176 2154 4245 quocirca
2185 4174 2258 4228 illi

2364 4185 2524 4239 θείων
2553 4183 2755 4253 ὀργίων
2795 4182 2973 4251 ἀφῆκε
3007 4180 3211 4249 φωνήν.
3244 4179 3355 4231 Καὶ
3392 4178 3454 4229 οὐ
3508 4176 3846 4246 θαυμαστόν·
3875 4170 3953 4244 ἦν

688 4265 755 4319 de
798 4273 1059 4333 pereunte
1084 4278 1247 4334 grege
1274 4280 1406 4319 cura
1448 4265 1617 4319 nulla.
1652 4265 1733 4319 Ad
1762 4265 1877 4319 haec
1907 4265 2016 4319 duo
2052 4273 2258 4318 tantum

2364 4278 2474 4347 γὰρ
2505 4270 2796 4346 μισθωτὸς,
2830 4275 2923 4326 καὶ
2963 4273 3023 4325 οὐ
3077 4272 3303 4341 ποιμήν·
3358 4270 3439 4322 διδ
3483 4269 3712 4338 οὐδεμία
3762 4267 3949 4336 τούτῳ

690 4364 802 4409 toto
834 4364 1051 4423 pectore
1102 4355 1342 4409 intentus
1381 4372 1395 4408 :
1429 4356 1659 4408 alterum
1718 4362 1775 4408 ut
1830 4354 1895 4407 iis
1940 4354 2033 4423 qui
2081 4368 2258 4407 rerum

2367 4364 2639 4435 περὶτῶν
2685 4362 3076 4432 ἀπολλυμένων
3116 4359 3404 4431 προϐάτων
3426 4358 3652 4425 ,ἐγίνετο
3700 4357 3952 4425 φροντίς.

686 4446 851 4516 potiri
884 4446 1241 4511 videbantur,
1274 4446 1623 4512 blandiendo,
1677 4445 1964 4513 modisque
2008 4444 2258 4498 omnibus

2366 4458 2512 4529 Πρὸς
2577 4456 2671 4509 δύο
2728 4456 2784 4508 δὲ
2848 4456 3008 4524 μόνον
3061 4453 3198 4514 ὅλως
3264 4449 3414 4521 αὐτῷ
3478 4449 3802 4503 συνετέτατο
3840 4450 3953 4517 τῆς

687 4536 1049 4605 gratiﬁcando
1078 4546 1133 4590 et
1170 4537 1543 4605 obsequendo,
1580 4536 2003 4605 patriarchatum
2037 4535 2138 4589 sibi
2172 4536 2258 4587 tir-

2366 4549 2543 4618 ψυχῆς
2575 4547 2604 4598 6
2646 4545 2845 4607 σκοπός
2866 4562 2880 4578 ·
2913 4545 2971 4596 ἓν
3007 4542 3127 4612 μὲν,
3160 4543 3309 4605 ὅπως
3343 4541 3411 4594 τά
3442 4540 3619 4593 πάντα
3644 4538 3948 4607 χαριζόμε-

690 4638 863 4681 maret
899 4644 913 4680 :
948 4630 1199 4692 alterum,
1252 4636 1310 4681 ut
1341 4627 1631 4697 lgnatium,
1675 4627 1721 4681 si
1764 4642 1872 4696 qua
1913 4627 2123 4680 ratione
2150 4628 2263 4680 lieri

691 4725 901 4787 posset,
936 4719 1104 4771 etiam
1153 4719 1262 4772 vita
1294 4728 1540 4773 exueret.
1581 4720 1759 4788 Atque
1793 4719 1906 4772 haec
1955 4718 2029 4771 ita
2078 4732 2138 4771 se
2166 4717 2264 4771 ba-

691 4815 839 4878 bere,
879 4826 987 4865 non
1014 4826 1139 4866 esse
1176 4821 1355 4866 autem
1397 4812 1565 4867 verba
1589 4812 1796 4877 inania,
1835 4811 1975 4865 facta
2008 4810 2123 4879 ipsa
2154 4810 2267 4864 cla-

692 4912 864 4961 mant.
902 4902 1102 4973 Ecquis
1130 4904 1274 4959 enim
1329 4904 1540 4960 techuis
1580 4905 1726 4959 illius
1755 4904 1977 4969 auditis,
2027 4914 2263 4957 atrocem

693 5000 935 5052 animum
993 5014 1100 5052 non
1137 4998 1281 5052 illico
1318 4998 1639 5068 perspexit?
1692 4995 1825 5050 Nam
1873 4996 1961 5051 die
2014 4995 2265 5065 quapiam

695 5092 902 5144 advena
931 5091 1152 5159 quidam
1211 5090 1359 5156 prius
1413 5091 1631 5161 ignotus
1682 5089 1958 5153 omnibus,
2010 5086 2265 5140 monachi

695 5182 883 5236 habitu
927 5182 1172 5249 indutus,
1202 5183 1512 5236 Eustratius
1560 5181 1799 5245 nomine,
1850 5188 1994 5233 recta
2045 5178 2111 5230 ad
2170 5191 2267 5245 pa-

694 5271 1015 5325 triarchium
1048 5271 1391 5340 preperabat,
1443 5272 1829 5341 ingressusque
1878 5268 2032 5321 binas
2062 5266 2269 5319 litteras

696 5363 848 5414 fictas
906 5361 1084 5430 palam
1136 5372 1413 5431 promptas
1471 5362 1811 5431 porrigebat;
1868 5375 2007 5429 quas
2045 5358 2265 5427 quidem

695 5453 1131 5522 sapientissimus
1180 5454 1280 5507 iste
1308 5451 1535 5506 Pliotius
1576 5469 1672 5522 per
1691 5453 1875 5505 dolum
1906 5451 2261 5519 excogitarat,

698 5555 753 5598 ut
787 5546 1126 5614 postmodum
1158 5544 1443 5600 manifeste
1474 5548 1645 5615 patuit
1675 5561 1687 5597 :
1725 5546 1923 5599 alteras
1948 5545 2138 5615 lgnatii
2170 5560 2267 5596 no—

696 5639 842 5692 mine
874 5639 939 5692 ad
967 5637 1247 5694 Nicolaum
1291 5644 1603 5710 pontiﬁcem
1632 5641 1811 5708 datas,
1839 5642 2035 5711 quibus
2064 5650 2265 5695 statum

804 5822 825 5852 ⁸
855 5820 896 5874 ll
934 5819 1075 5873 Tim.
1102 5838 1183 5886 III,
1218 5822 1304 5874 15.

2368 4656 2453 4701 νος
2484 4640 2597 4700 τοῖς
2643 4637 2863 4707 κρατεῖν
2913 4633 3152 4699 δοκοῦσι,
3185 4632 3247 4685 τὸ
3274 4630 3372 4700 τῆς
3408 4630 3779 4701 πατριαρχίας
3810 4629 3955 4698 κρά-

2366 4747 2457 4792 τος
2490 4729 2717 4799 μόνιμον
2754 4726 2931 4795 ἐαυτῷ
2968 4725 3224 4795 διατηρῇο
3260 4723 3512 4794 δεύτερον
3544 4722 3599 4775 δέ
3621 4762 3637 4787 ,
3670 4722 3819 4783 ὅπως
3848 4722 3954 4773 καὶ

2366 4821 2535 4889 αὐτῆς
2585 4820 2960 4886 ἀποστερήσω.
3010 4816 3103 4868 τὸν
3164 4813 3446 4882 Ἰγνάτιον,
3489 4812 3537 4865 εί
3568 4811 3813 4874 δυνατὸν,
3842 4810 3955 4878 τῆς

2368 4908 2535 4976 ζωῆς.
2580 4908 2690 4959 Καὶ
2728 4908 2811 4959 ὅτι
2858 4904 3034 4974 ἀληθῆ
3097 4902 3296 4967 ταῦτα,
3330 4903 3426 4955 καὶ
3480 4902 3540 4955 οὐ
3589 4901 3738 4969 λόγοι
3770 4901 3951 4963 κενοὶ,

2369 4999 2509 5052 αὐτὰ
2556 4997 2654 5069 βοᾷ
2683 4998 2750 5049 τά
2779 4997 3100 5066 πράγματα.
3135 4995 3232 5057 Τίς
3265 4993 3375 5064 γὰρ
3410 4992 3651 5055 ἀκούσας
3678 4994 3855 5044 ἐκεῖνο
3890 4992 3957 5043 τὸ

2370 5090 2729 5161 σκευώρημα,
2770 5089 2833 5141 οὐ
2895 5087 2993 5157 τὴν
3040 5086 3270 5157 φονικὴν
3313 5084 3558 5153 παρευθὺ
3613 5082 3707 5136 τοῦ
3749 5082 3953 5151 ἀνδρὸς

2369 5183 2586 5250 ἐπέγνω
2639 5180 2998 5250 προαίρεσιν;
3053 5177 3161 5230 Καὶ
3206 5177 3308 5245 γὰρ
3351 5176 3409 5226 ἐν
3452 5175 3550 5244 μιᾷ
3588 5173 3695 5226 τῶν
3724 5171 3959 5242 ἡμερῶν

2373 5274 2521 5337 ξένος
2568 5289 2649 5334 τις
2710 5270 2993 5339 ἄνθρωπος
3055 5267 3215 5335 ἄχρις
3275 5265 3486 5317 ἐκείνου
3540 5264 3675 5334 πρὸς
3726 5264 3958 5315 πάντων

2369 5364 2755 5433 ἀγνοούμενος,
2790 5362 2975 5430 σχῆμα
3021 5358 3077 5410 δὲ
3112 5356 3349 5427 μοναχοῦ
3402 5354 3806 5425 περικείμενος,
3838 5351 3958 5403 Εὐ-

2370 5463 2622 5531 στράτιος
2659 5457 2716 5508 δὲ
2746 5453 3099 5523 καλούμενος,
3134 5452 3224 5504 τὸν
3260 5448 3655 5520 πατριαρχικὸν
3682 5446 3958 5513 ἐξαπίνης

2369 5548 2516 5604 οἷκον
2568 5550 2788 5612 ἐπιϐὰς,
2836 5549 2929 5600 καὶ
2976 5545 3253 5607 εἰσελθὼν,
3288 5542 3380 5596 δύο
3412 5537 3959 5609 πλασματογραφίας

2370 5640 2600 5694 ἐνώπιον
2642 5639 2859 5693 πάντων
2901 5636 3261 5705 ἀποκαλύψας
3301 5634 3545 5688 ἐπεδίδου
3596 5632 3683 5702 (ἃς
3727 5632 3892 5692 αὐτὸς
3930 5634 3960 5684 6
