4194 6432
216 458 299 521 529
1255 468 1428 527 ΥΙΤΑ
1468 468 1528 527 S.
1572 467 1772 527 IGNA'

1910 466 2016 525 GP.
2061 465 2406 525 ARCHIEP.
3056 537 3061 542 _
3338 464 3446 527 me

216 576 504 641 σοφώτατος
536 576 762 641 Φὼτιος,
811 579 884 642 ὡς
926 580 1094 649 σαφὲς
1140 580 1370 651 ὕστερον
1416 583 1660 649 ἐγένετο,
1695 580 1775 633 60-

1879 581 2282 650 patriarchatns
2324 581 2405 635 sui
2444 579 2788 633 immutatum
2815 622 2827 644 ,
2867 590 2919 636 ct
2952 581 3180 652 injurias
3212 583 3446 652 impera-

216 670 510 738 λιευόμενος
546 670 975 740 κατεσκεύαστο)
1004 689 1018 703 ο
1057 674 1189 741 μίαν
1239 674 1339 743 μὲν
1372 676 1435 728 ὲκ
1480 672 1773 745 προσώπου

215 764 288 816 τοῦ
330 765 593 831 Ἰγνατίου
630 766 765 836 πρὸς
797 765 1067 819 Νικόλαον
1107 767 1197 820 τὸν
1237 768 1426 821 πάπαν
1458 767 1773 839 ἐπιστολὴν,

213 856 290 925 τὴν
324 857 449 925 περὶ
502 857 665 909 αὐτον
696 858 1000 928 γενομένην
1052 850 1406 929 καινοτομίαν
1438 860 1535 911 καὶ
1562 860 1776 915 ἀδικίαν

215 948 288 999 τοῦ
328 946 596 1015 βασιλέως
640 948 828 1015 σαφῶς
876 950 1323 1021 διαγορεύουσαν·
1372 952 1461 1021 ἢν,
1496 952 1568 1016 ὠς
1602 952 1776 1021 ἔλεγε,

215 1039 289 1093 τοῦ
320 1041 475 1093 πάπα
504 1040 639 1108 μηδὲ
669 1042 1006 1111 προσϐλέψαι
1044 1043 1517 1113 καταδεξαμένου,
1570 1047 1779 1099 ἐκεῖθεν

220 1129 359 1181 αὑτὸν
417 1130 573 1193 αὖθις
620 1133 951 1199 ἀνενεγκεῖν·
988 1132 1118 1203 μίαν
1162 1135 1219 1187 δὲ
1269 1137 1402 1206 πρὸς
1434 1140 1526 1191 τὸν
1576 1138 1780 1191 Φὼτιον

216 1222 356 1273 αὑτὸν
395 1222 612 1287 τοῦτον,
646 1223 721 1287 ὡς
758 1223 867 1276 ἀπὸ
898 1224 989 1277 τοῦ
1027 1227 1296 1280 Νικολάου
1337 1229 1502 1282 αὐτοῦ
1542 1230 1780 1299 διεκομίο

217 1314 336 1375 ζετο,
371 1313 599 1380 δύναμιν
648 1314 877 1383 ἔχουσαν
920 1317 1215 1385 ἀπολογίας
1256 1319 1397 1389 ὑπὲρ
1444 1319 1538 1372 τοῦ
1576 1320 1779 1390 μεταξὺ

216 1405 366 1455 αὐτῶν
397 1406 586 1476 πρώην
617 1409 1205 1478 παρακολουθήσαντος
1228 1412 1603 1482 παροξυσμοῦ,
1636 1416 1779 1482 ἀγά-

216 1514 302 1566 πης
330 1498 383 1549 δὲ
416 1498 511 1550 τοῦ
557 1498 748 1551 λοιποῦ
799 1502 895 1554 καὶ
952 1504 1239 1566 κοινωνίας
1290 1506 1449 1575 δῆθεν
1498 1508 1778 1579 ἀρρήκτου

216 1593 522 1659 κυρωτικήν.
557 1591 742 1646 Ταῦτα
772 1596 800 1646 6
832 1595 1193 1663 ταραχοποιδς
1237 1597 1441 1661 ἐκεῖνος
1487 1598 1781 1667 δεξάμενος

213 1683 350 1753 ἀνὴρ,
404 1684 569 1748 εὐθὺς
614 1687 694 1758 τῷ
730 1705 799 1740 ,τε
832 1688 1044 1757 βασιλεῖ
1096 1690 1187 1742 καὶ
1229 1690 1306 1760 τῷ
1347 1690 1589 1760 Καίσαρι
1639 1690 1779 1743 κατά

213 1775 289 1826 τοῦ
317 1776 555 1830 ἀναιτίου
602 1780 912 1847 ἐμφανίζει,
947 1781 1040 1833 καὶ
1092 1782 1386 1853 παροξύνει
1422 1783 1545 1834 κατ’
1590 1782 1778 1846 αὺτοῦ,

214 1866 591 1937 ΙΙονηρεύεται,
626 1870 823 1937 λέγων,
873 1872 1014 1925 κατά
1062 1875 1159 1941 τῆς
1197 1874 1470 1944 ὑμετέρας
1500 1872 1779 1943 βασιλείας

221 1959 499 2027 Ἰγνάτιος,
551 1962 647 2015 καὶ
688 1963 967 2018 διαϐάλλει
1016 1966 1151 2037 πρὸς
1200 1967 1322 2029 τοὺς
1357 1966 1481 2031 ἔξω,
1510 1968 1603 2019 καὶ
1650 1985 1779 2020 κατ-

207 2055 395 2120 ηγορεῖ,
432 2054 525 2105 καὶ
570 2054 631 2107 τὸ
661 2056 761 2125 τῆς
800 2058 1071 2128 ὑμετέρας
1103 2056 1351 2123 ἐξουσίας
1381 2060 1581 2131 κράτος
1614 2076 1777 2112 συκο-

210 2147 392 2209 φαντεῖ·
427 2148 521 2198 καὶ
562 2148 609 2199 εί
662 2149 797 2217 πρὸς
828 2149 1037 2202 δίκαιον
1066 2145 1231 2219 εἶχεν,
1265 2152 1374 2205 οὐδ’
1409 2152 1474 2205 ἂν
1523 2152 1621 2222 ζῇν
1654 2169 1777 2203 συν-

208 2240 465 2306 εχωρείτο,
496 2240 725 2292 τοιαῦτα
758 2241 897 2294 κατὰ
932 2241 1032 2310 τῆς
1066 2244 1221 2312 ὑμῶν
1253 2243 1635 2313 διανοούμενος
1665 2261 1779 2311 γα-

207 2327 475 2399 ληνότητσς
496 2348 508 2361 ·
540 2332 633 2383 καὶ
662 2334 694 2403 ή
724 2332 822 2402 τῆς
863 2337 1223 2405 κακουργίας,
1261 2335 1447 2406 φησὶν,
1480 2336 1775 2402 ἀπόδειξις,

209 2417 301 2469 ἰδοὺ
328 2421 417 2469 καὶ
450 2421 591 2472 αὐτά
620 2423 962 2492 μαρτυροῦσι
990 2424 1057 2476 τὰ
1086 2426 1411 2494 γράμματα,
1457 2427 1601 2496 ἆπερ
1627 2429 1775 2497 ήμᾶς

208 2509 289 2575 μὲν
312 2511 540 2581 ἔϐλαψεν
567 2513 742 2578 οὐδὲν,
779 2514 1031 2586 ὠφέλησε
1062 2517 1119 2569 δὲ
1161 2518 1385 2587 μᾶλλον,
1420 2519 1777 2591 πληροφορη·

205 2604 370 2667 θέντος
394 2604 486 2658 τοῦ
529 2607 691 2659 πάπα
724 2606 956 2677 τάληθῆ,
1004 2610 1099 2661 καὶ
1141 2610 1361 2679 ἀγάπην
1394 2612 1777 2680 κεκυρωκότος

202 2695 450 2765 είςήμᾶς.
500 2698 615 2766 Οὐχ
650 2697 893 2767 ήγοῦμαι
922 2699 978 2751 δὲ
1019 2700 1225 2753 δίκαιον
1282 2696 1421 2753 εἶναι
1472 2700 1569 2770 τήν
1623 2701 1777 2771 ὑμῶν

207 2788 455 2851 βασιλείαν
500 2789 678 2853 οὕτως
727 2789 1125 2854 ἐξουδενεῖσθαι
1191 2794 1320 2861 παρ’
1354 2792 1541 2845 αὑτοῦ.
1589 2794 1776 2846 Ταῦτα

203 2878 287 2944 μὲν
306 2881 331 2931 ὁ
360 2884 729 2951 συκοφάντης·
761 2882 1002 2950 φύλακες
1019 2883 1073 2935 δὲ
1096 2886 1225 2954 παρ’
1250 2885 1410 2946 αὐτὰ,
1442 2886 1534 2937 καὶ
1558 2889 1775 2957 φρουρά

202 2972 310 3038 περὶ
335 2974 422 3025 τὸν
451 2975 712 3037 ἀναιτίως
744 2976 1220 3047 κατηγορούμενον
1259 2978 1535 3048 ἀσφαλὴς,
1577 2979 1776 3050 έρευνά

198 3079 245 3113 τε
276 3064 437 3134 πολλὴ
480 3068 689 3138 σφόδρα
724 3070 818 3121 καὶ
846 3068 1089 3132 ἐξέτασις
1119 3071 1199 3133 είς
1226 3070 1400 3123 ταῦτα
1457 3070 1648 3124 τοῦτον
1678 3071 1772 3139 γέ-

202 3172 305 3219 γονε
340 3158 430 3209 τὸν
456 3161 684 3229 τρόπον.
712 3161 1001 3231 Παρήγετο
1038 3162 1217 3215 τοίνυν
1244 3164 1322 3227 είς
1348 3164 1514 3234 μέσον
1545 3165 1573 3216 6
1602 3182 1777 3233 γραμ-

202 3253 487 3322 ματοφόρος
521 3254 754 3315 ἐκεῖνος,
789 3255 884 3306 καὶ
913 3256 1177 3324 ἀπῃτεῖτο
1214 3255 1408 3320 δεῖξαι,
1450 3256 1585 3327 πρὸς
1627 3256 1772 3320 τίνος

204 3338 392 3408 εἰλήφει
410 3342 509 3411 τὴν
532 3343 675 3411 πρὸς
696 3342 787 3395 τὸν
808 3342 993 3395 πάπαν
1013 3343 1327 3413 ἐπιστολήν.
1344 3343 1403 3396 Ὀ
1421 3344 1477 3395 δὲ
1500 3343 1765 3413 πρότερον

198 3432 437 3501 εἰρηκὼς,
470 3436 550 3498 ὼς
593 3435 911 3503 Κυπριανὸς
954 3435 1163 3498 ἐκεῖνος
1206 3437 1234 3488 6
1270 3434 1364 3487 τοῦ
1412 3436 1676 3503 Ἰγνατίου
1706 3436 1774 3489 τά

196 3538 242 3572 τε
265 3524 561 3594 γράμματα
584 3525 758 3579 ταῦτα
795 3528 886 3579 καὶ
919 3526 1106 3594 ἐφόδια
1137 3526 1551 3597 έχειροδότησεν
1582 3529 1765 3593 ίκανά,

195 3611 327 3677 οὗτος
372 3618 465 3669 ἐπὶ
530 3618 684 3686 μῆνα
744 3616 930 3687 σχεδὸν
968 3617 1089 3669 ὅλον
1132 3615 1535 3687 ἀπαιτούμενος
1582 3616 1771 3669 τοῦτον

196 3706 454 3774 ἐπιξεῖξαι,
483 3709 760 3779 ἠλέγχετο
785 3709 917 3780 μήτ’
948 3710 1111 3761 αὑτὸν
1143 3708 1297 3771 εἰδὼς
1321 3708 1411 3761 τὸν
1436 3710 1772 3779 Κυπριανὸν,

198 3799 319 3867 μήτε
361 3800 464 3853 τιν’
520 3802 689 3855 ἄλλον
728 3802 836 3854 τῶν
867 3800 1175 3870 ἀνθρώπων
1216 3800 1499 3869 Ἰγνατίου.
1536 3801 1694 3854 υῦτω
1718 3803 1774 3855 δὲ

194 3888 278 3955 τῆς
308 3895 624 3964 σκευωρίας
677 3894 1054 3963 φωραθείσης,
1092 3894 1345 3963 μάστιξιν
1383 3893 1489 3946 ὑπὸ
1519 3893 1611 3946 τοῦ
1639 3894 1775 3946 Καί-

196 3999 337 4053 σαρος
366 3987 737 4058 πικροτάταις
760 3988 965 4049 ἐκεῖνος
991 3986 1323 4057 κατῃκίσθη.
1355 3988 1451 4039 Ὂν
1479 3988 1573 4039 καὶ
1601 3987 1771 4040 πολλά
1844 3989 2049 4051 Φώτιος

1880 676 2013 730 toris
2040 676 2376 742 exponebat;
2406 690 2542 743 quas
2589 674 2771 728 aiebat
2820 676 3130 743 pontificun
3182 690 3249 728 ne
3302 677 3449 742 aspi-

1875 781 1999 820 cere
2032 764 2253 835 quidem
2294 766 2552 830 voluisse,
2581 781 2643 820 ac
2668 766 2893 835 proinde
2936 783 2965 819 a
3012 782 3068 819 se
3101 776 3402 835 reportatas
3436 783 3447 817 :

1876 858 2075 913 alteras
2106 858 2263 929 quasi
2297 873 2325 911 a
2360 856 2579 912 Nicolao
2609 860 2673 911 ad
2721 858 2898 927 ipsum
2936 858 3182 911 Photiunt
3231 860 3451 920 missas.

1876 951 2075 1019 quibus
2102 951 2369 1019 purgabat
2417 950 2653 1018 priorem
2696 952 2837 1004 inter
2870 949 3123 1003 l’hotium
3155 958 3208 1003 et
3235 950 3451 1018 pontifi-

1878 1055 1993 1092 cem
2046 1039 2464 1101 dissensionem,
2499 1020 2559 1093 οῗ
2606 1039 2927 1094 charitatem
2963 1039 3368 1107 amicitiamque
3401 1041 3453 1094 in

1879 1146 2042 1185 omne
2096 1131 2361 1200 reliquum
2389 1139 2601 1199 tempus
2634 1131 2966 1184 stabiliehat.
3003 1130 3110 1184 llas
3148 1130 3236 1184 ille
3268 1130 3457 1184 turha—

1882 1238 2001 1276 rum
2052 1222 2249 1277 artifex
2298 1231 2544 1291 arreptas
2577 1236 2607 1275 e
2641 1222 2864 1290 vestigio
2912 1221 3226 1291 imperatori
3259 1230 3308 1275 et
3338 1220 3456 1273 Cze-

1880 1317 1990 1369 sari
2023 1318 2206 1380 tradit,
2239 1326 2540 1384 contraque
2566 1315 2915 1369 innocentem
2946 1315 3159 1383 egregie
3186 1314 3457 1368 mentien—

1880 1410 1950 1462 do
1980 1410 2257 1478 principes
2281 1408 2529 1461 accendit
2570 1422 2585 1461 :
2624 1406 2909 1471 Vestram,
2963 1406 3161 1475 inquit,
3198 1407 3445 1475 majesta-

1882 1514 1986 1556 tem
2018 1501 2262 1571 lgnatius
2301 1500 2367 1553 ad
2398 1511 2610 1554 exteras
2650 1502 2813 1553 etiam
2850 1507 3035 1569 gentes
3065 1498 3318 1559 traducit,
3366 1514 3460 1551 ve-

1880 1595 2091 1661 strique
2142 1592 2355 1661 imperii
2406 1591 2701 1660 potentiam
2758 1591 3196 1659 improbissimus
3248 1590 3460 1644 calum-

1883 1686 2062 1739 niator
2103 1684 2155 1737 in
2190 1683 2394 1737 crimen
2425 1694 2599 1738 vocat.
2627 1681 2730 1747 Qui
2765 1682 2977 1735 tametsi
3012 1682 3209 1751 justam
3238 1682 3461 1735 haberet

1883 1792 2129 1840 causam,
2161 1786 2342 1830 tamen
2372 1776 2480 1830 vita
2515 1776 2590 1828 illi
2632 1774 2755 1843 jure
2797 1774 3152 1839 adimeretur,
3186 1774 3313 1827 dum
3348 1775 3461 1827 haec

1886 1869 1941 1921 in
1988 1878 2222 1923 vestram
2277 1869 2627 1923 serenitatem
2685 1867 3033 1921 machinatur
3074 1886 3086 1919 :
3123 1868 3217 1921 sed
3249 1883 3338 1931 en,
3374 1867 3460 1920 in-

1812 1932 1854 1990 Β
1883 1962 2023 2033 quit,
2060 1971 2224 2017 testes
2266 1960 2501 2030 perfidia:
2527 1960 2754 2023 litteras,
2779 1968 2831 2013 et
2856 1959 3013 2013 fidem
3043 1959 3207 2015 dictis
3234 1958 3459 2022 faciant,

1880 2072 2001 2127 quae
2032 2056 2190 2110 nobis
2236 2055 2372 2108 nihil
2409 2053 2658 2116 obfuere,
2697 2053 2788 2107 sed
2828 2052 3084 2121 profuere
3127 2068 3289 2107 :cnm
3325 2067 3461 2120 papa

1880 2149 1957 2205 rei
1992 2149 2277 2202 veritatem
2305 2148 2374 2201 sit
2401 2146 2648 2210 edoctus,
2692 2155 2747 2202 et
2777 2148 2917 2203 inter
2941 2164 3041 2202 nos
3076 2148 3371 2201 amicitiam
3399 2164 3463 2203 ac

1880 2239 2315 2295 benevolentiam
2373 2240 2534 2293 etiam
2585 2240 2932 2293 confirment.
3007 2239 3113 2293 Sed
3177 2239 3460 2309 indignum

1874 2332 2116 2403 judicavi
2147 2341 2381 2385 vestram
2441 2333 2781 2401 majestatcm
2829 2348 2923 2401 per
2968 2333 3117 2385 illutn
3173 2334 3309 2385 adeo
3331 2348 3464 2385 con-

1878 2424 2109 2479 culcari.
2148 2423 2273 2479 Ilaac
2324 2425 2666 2495 sycophanta
2718 2426 2975 2479 l’hotius.
3024 2425 3338 2479 Accersitur
3377 2440 3467 2477 sa-

1881 2517 2170 2579 tellitium;
2228 2516 2471 2585 lgnatius
2519 2532 2613 2585 per
2666 2516 2997 2571 calumniam
3057 2518 3467 2571 circumventus

1879 2615 2030 2661 arcta
2062 2606 2314 2661 custodia
2346 2618 2618 2669 servatur,
2648 2607 2949 2677 inquiritur
2973 2608 3194 2673 acriter,
3232 2616 3287 2661 et
3317 2624 3467 2676 quae.

1878 2698 2105 2763 stiones,
2149 2713 2217 2750 an
2273 2696 2346 2751 ita
2393 2712 2452 2751 se
2500 2712 2587 2751 res
2634 2697 2851 2763 habeat,
2904 2708 3250 2751 exercentur.
3280 2698 3467 2750 Addu-

1878 2797 1998 2842 ctus
2037 2804 2259 2859 quoque
2303 2788 2359 2841 in
2424 2789 2663 2843 mediutn
2717 2788 3061 2843 Tabellarius
3102 2789 3193 2842 ille
3244 2788 3470 2855 jubetnr

1880 2884 2151 2948 indicare,
2208 2898 2239 2936 a
2292 2898 2401 2951 quo
2438 2883 2649 2939 litteras
2700 2884 2766 2938 ad
2826 2882 3110 2939 Nicolaum
3154 2883 3464 2952 pontificem

1878 2978 2175 3046 acceperit.
2202 2975 2549 3032 Tabellarius
2578 2994 2605 3030 a
2640 2978 2914 3049 Cypriano
2954 2978 3049 3033 illo
3075 2978 3266 3048 Ignatii
3300 2976 3471 3031 disci-

1878 3068 2003 3137 pqu
2034 3069 2186 3136 prius
2212 3084 2271 3122 se
2315 3069 2524 3123 litteras
2555 3078 2611 3123 et
2638 3070 2901 3123 viaticum
2936 3071 3215 3138 accepisse
3244 3084 3472 3137 respon-

1876 3159 1987 3213 det.
2014 3158 2116 3213 Sed
2158 3174 2282 3212 cnm
2326 3175 2425 3213 nec
2458 3160 2815 3230 Cyprianum,
2842 3161 3006 3215 etiam
3046 3168 3157 3216 toto
3191 3176 3378 3216 mense
3401 3161 3469 3214 ad

1798 3284 1841 3343 Ο
1878 3250 2313 3321 investigandum
2349 3253 2496 3315 dato,
2534 3252 2825 3307 ostendere
2870 3262 3075 3322 posset,
3131 3268 3230 3307 nec
3276 3268 3471 3321 quem-

1882 3359 2045 3410 quam
2075 3360 2139 3397 εκ
2184 3344 2377 3412 Ignatii
2412 3345 2677 3399 comitatu
2736 3361 2899 3400 nosse
2953 3346 3251 3409 videretur,
3283 3346 3472 3399 fraude

1879 3436 2239 3505 deprehensa,
2271 3436 2407 3490 loris
2442 3452 2471 3490 α
2500 3438 2715 3491 Cresare
2748 3437 3016 3491 acerrime
3047 3446 3132 3491 est
3158 3438 3424 3491 multatus
3454 3456 3467 3490 :

1878 3543 1978 3596 pro
2008 3542 2121 3597 quo
2161 3529 2445 3583 liberantlo
2499 3530 2713 3584 tametsi
2746 3530 2931 3583 omnia
2973 3530 3176 3583 faceret
3220 3527 3469 3592 Photins,

1885 3618 2018 3672 nihil
2064 3628 2244 3673 tamen
2271 3621 2497 3688 perinde
2534 3622 2787 3690 profecit.
2822 3620 3065 3674 Tandem
3107 3632 3167 3675 ut
3197 3622 3470 3676 solaretur

1887 3711 2187 3775 hominem.
2238 3713 2490 3767 lictorum
2525 3716 2845 3784 prtefectum
2877 3714 3108 3769 ereavit.
3154 3712 3266 3767 llac
3292 3714 3473 3769 Photii

1885 3802 2111 3871 perﬁdia
2139 3804 2370 3867 detecta,
2406 3822 2565 3860 nemo
2597 3805 2716 3871 fuit,
2747 3806 2840 3874 qni
2885 3806 3164 3877 improbas
3193 3806 3292 3861 has
3328 3816 3477 3861 artes

1885 3910 1992 3948 non
2027 3895 2412 3964 indignissime
2456 3896 2643 3951 ferret.

2124 3989 2508 4062 λυτρώσασθαι
2567 3991 2994 4055 διεσπουδακὼς,
3052 3992 3153 4046 οὐκ
3205 3992 3467 4063 ἠδυνήθη·

196 4080 259 4139 εἰς
299 4078 664 4150 παραμυθίαν
735 4080 793 4132 δὲ
871 4079 1011 4149 μετά
1058 4078 1234 4132 ταῦτα
1283 4080 1614 4150 διωγμητῶν
1654 4080 1843 4134 τοῦτον
1883 4082 2121 4152 ἄρχοντα
2175 4084 2498 4155 καθίστησι,
2555 4083 2760 4152 πλῆθος
2824 4083 3134 4155 ῥαϐδούχων
3196 4085 3474 4151 ὑποτάξας

198 4174 343 4246 αὐτῷ.
376 4178 610 4249 Ταύτης
646 4178 999 4247 καταφανοῦς
1032 4179 1336 4249 γενομένης
1376 4178 1476 4248 τῆς
1514 4180 1904 4251 κακοτροπίας,
1936 4181 2034 4235 οὐκ
2063 4179 2132 4253 ἢν
2200 4183 2351 4248 ὅστις
2411 4182 2470 4235 οὐ
2541 4181 2881 4253 προσώχθισε
2911 4182 2989 4251 τῷ
3052 4188 3472 4254 κατασκευαστῇ

196 4274 285 4318 τῶν
315 4274 520 4326 κακῶν.

252 4363 391 4416 Μετά
418 4364 601 4418 ταῦτα
626 4364 729 4433 τῆς
752 4365 990 4436 Χριστοῦ
1016 4367 1115 4434 μὲν
1154 4365 1505 4437 Ἀναλήψεως
1536 4365 1773 4420 ἐτελεῖτο

199 4457 543 4524 μνημόσυνον,
584 4459 730 4529 πρὸς
766 4462 1004 4531 ἑσπέραν
1042 4462 1100 4513 δὲ
1145 4463 1371 4532 σεισμὸς
1418 4464 1627 4530 γίνεται
1668 4464 1778 4517 τῶν

198 4544 388 4600 πώποτε
418 4549 746 4618 γενομένων
766 4553 795 4604 6
818 4552 1273 4622 φρικωδέστατος.
1301 4553 1379 4605 Δι’
1407 4554 1535 4621 ὅλης
1571 4554 1627 4607 δὲ
1670 4554 1772 4623 τῆς

196 4640 428 4709 ἐπιούσης
462 4644 777 4713 ἐπεκράτει
808 4644 1021 4706 νυκτός
1053 4644 1150 4715 βοὴ
1188 4646 1247 4697 δέ
1294 4663 1377 4709 τις
1422 4647 1516 4699 καὶ
1560 4647 1775 4715 ἄσημος

2988 4277 3005 4312 ι

1953 4365 2229 4434 Agebatur
2252 4378 2361 4418 non
2387 4363 2562 4417 multo
2580 4370 2702 4431 post
2722 4360 3230 4416 sacerascensionis
3267 4360 3473 4416 Christi

1877 4458 1994 4514 dies
2048 4457 2488 4521 anniversarius,
2538 4470 2662 4510 cum
2697 4456 2799 4507 sub
2839 4468 3121 4522 vesperam
3148 4462 3290 4507 terra
3321 4464 3472 4506 tanto

1876 4562 2050 4619 motu,
2079 4560 2284 4620 quanto
2314 4565 2592 4619 nunquam
2626 4558 2785 4609 ante,
2822 4546 2991 4615 coepit
3020 4546 3469 4599 contremiscen-v

1886 4662 2063 4715 neque
2112 4653 2222 4699 tota
2262 4643 2566 4711 insequenti
2611 4651 2768 4694 nocte
2798 4639 3068 4693 constitit.
3098 4636 3162 4689 Et
3202 4636 3475 4692 obscurus

199 4728 337 4800 θροῦς
364 4730 427 4786 ἐκ
459 4752 522 4786 τε
554 4712 693 4803 γῆς,
727 4735 791 4788 ἐκ
825 4752 885 4787 τε
937 4712 1217 4805 θαλάσσης
1258 4737 1503 4809 σφοδρῶς
1534 4712 1775 4791 ἀναδιδό-

1888 4712 2111 4808 quidam
2157 4738 2339 4807 fragor
2387 4752 2450 4790 ac
2491 4736 2731 4804 mugitus
2764 4749 2795 4788 e
2828 4745 2968 4787 terra
3001 4732 3247 4800 marique
3282 4731 3475 4801 ingens

202 4840 355 4890 μενος,
388 4831 616 4883 πάντων
655 4828 964 4899 ἀνθρώπων
1006 4833 1127 4893 ταῖς
1180 4831 1434 4901 καρδίαις
1476 4832 1781 4901 παράλυσιν

201 4917 407 4973 ἔιεποίει
448 4924 547 4975 καὶ
582 4922 900 4993 θραυσμόν.
934 4924 1071 4977 Τότε
1101 4924 1165 4995 δὴ
1196 4926 1291 4977 καὶ
1344 4926 1379 4995 ή
1427 4924 1596 4994 στήλη
1645 4926 1779 4977 ’1ουο

205 5012 353 5067 στίνου
387 5018 449 5069 ὲκ
473 5017 593 5070 τῶν
620 5016 877 5085 γονάτων
906 5018 1135 5070 κοπεῖσα
1172 5017 1514 5088 κατερράγη
1539 5018 1659 5069 τότε
1687 5018 1780 5070 καὶ

201 5103 449 5172 Βασίλειος
498 5112 724 5172 ἐκεῖνος
758 5110 788 5161 6
838 5111 1105 5181 πρότερον
1123 5090 1237 5178 ’μὲν
1272 5111 1500 5183 Κρήτης
1550 5110 1775 5161 ἐπίσκο-

202 5214 281 5262 πος
304 5203 614 5271 γενόμενος,
634 5202 734 5255 διὰ
753 5201 810 5254 δὲ
839 5200 938 5271 τὴν
961 5202 1069 5255 τῶν
1110 5202 1430 5270 Ἀγαρηνῶν
1461 5200 1649 5269 ἔφοδον
1693 5203 1773 5263 εἰς

203 5290 575 5364 Ηεσσαλονίκην
620 5291 952 5362 μετατεθεὶς
1006 5292 1120 5362 (εἰς
1163 5292 1428 5362 αἰσχύνην
1483 5293 1577 5345 καὶ
1618 5291 1775 5344 τοῦτο

519 5385 810 5456 βασιλίδος
868 5384 1408 5454 προκαθεζομένου),
1496 5385 1775 5454 τολμήσας

206 5471 336 5536 αὖτδς
367 5478 618 5546 πρόσεισι
674 5476 759 5544 τῷ
797 5475 1038 5544 Μιχαὴλ,
1093 5474 1500 5546 παραινετικῶς
1536 5475 1652 5545 ἅμα
1684 5476 1775 5527 καὶ

208 5564 573 5634 ὀιόισκαλικῶς
610 5567 966 5637 ἀποσχέσθαι
999 5567 1099 5634 τῆς
1128 5568 1237 5620 τῶν
1269 5567 1562 5638 ίερατικῶν
1601 5566 1778 5637 ἔργων

212 5657 406 5730 αἰσχρᾶς
430 5665 525 5714 καὶ
554 5661 791 5715 ἀνοσίου
823 5661 1108 5730 μιμήσεως
1140 5658 1498 5728 παρακαλῶν
1530 5659 1779 5712 ἐντεῦθεν

212 5750 298 5818 TI?
326 5756 414 5823 τὴν
458 5756 634 5826 ὀργὴν
670 5752 775 5808 τοῦ
808 5752 943 5805 Θεοῦ
996 5753 1355 5807 ἀνακαίεσθαι
1389 5753 1776 5823 διισχυρίζετο.

221 5840 268 5893 ὐ
298 5844 350 5899 δὲ
375 5850 478 5913 τοῖς
511 5850 780 5918 ἐλέγχοις
828 5846 1279 5916 ὑπερὸαλλόντως
1325 5846 1577 5916 πληγεὶς,
1617 5846 1779 5916 ῥαπί-

222 5951 353 6004 σμασι
381 5946 471 6011 μὲν
499 5944 758 6015 ἰσχυροῖς
813 5939 906 5993 τοῦ
949 5940 1130 6010 τιμίου
1176 5942 1434 6013 γέροντος
1464 5942 1590 6005 τοὺς
1629 5939 1775 5993 ὀδόν-

206 5379 280 5431 τοῦ
350 5386 443 5454 τῆς

1888 4831 2069 4885 editus
2117 4830 2401 4883 hominum
2458 4836 2677 4896 pectora
2719 4828 2790 4879 ita
2825 4837 2969 4879 metu
3022 4824 3204 4893 fregit,
3240 4832 3299 4877 ut
3335 4839 3477 4892 pene

1889 4920 2345 4974 dissolverentur.
2382 4917 2585 4972 Justini
2650 4932 2873 4985 quoque
2927 4926 3111 4969 statua
3162 4929 3197 4965 a.
3239 4915 3473 4982 genibus

1890 5012 2152 5066 convulsa
2185 5012 2446 5064 concidit.
2496 5009 2634 5063 Tum
2673 5010 2909 5063 Basilius
2960 5008 3240 5060 Cretensis
3310 4998 3469 5059 antea

1888 5102 2209 5170 episc0pns,
2248 5100 2513 5168 Agarenis
2541 5109 2724 5152 autem
2780 5097 2998 5151 Cretam
3044 5095 3425 5149 invadentibus
3454 5135 3468 5155 ,

1890 5192 2336 5247 Thessalonicam
2365 5191 2660 5244 translatus
2692 5190 2710 5257 (
2742 5204 2847 5241 non
2874 5189 2992 5241 sine
3020 5186 3199 5240 Photii
3233 5196 3345 5238 tntn
3377 5201 3469 5239 ca-

1888 5284 2136 5340 thedram
2158 5282 2823 5349 ConstantinOpolitanam
2843 5279 3159 5348 occupantis
3177 5277 3396 5332 infamia
3422 5279 3465 5347 ),

1887 5394 2060 5433 ausus
2106 5378 2220 5446 ipse
2255 5376 2568 5429 Michaelem
2595 5376 2727 5437 adit,
2755 5388 2991 5441 eumque
3030 5372 3229 5440 partim
3270 5372 3467 5441 admo-

1889 5471 2068 5525 nentis
2103 5470 2450 5531 aueloritate,
2483 5468 2684 5537 partim
2713 5464 2977 5527 docentis,
3014 5479 3045 5517 a
3078 5473 3185 5516 tam
3224 5462 3386 5531 impia
3416 5472 3470 5514 ct

1881 5564 2147 5632 sacrilega
2203 5576 2386 5615 rerum
2444 5575 2724 5614 sacrarum
2775 5557 2995 5609 inimica
3061 5554 3366 5607 imitatione
3413 5561 3469 5604 et

1880 5658 2139 5711 irrisione
2173 5654 2495 5708 dehortatur
2529 5670 2540 5704 :
2579 5650 2705 5705 inde
2744 5650 2888 5703 enim
2920 5646 3168 5701 Numinis
3201 5646 3337 5699 iram
3373 5660 3465 5698 ac-

1880 5751 2034 5805 cendi
2063 5750 2385 5803 affirmabat.
2418 5747 2534 5811 Qua
2565 5745 2987 5815 reprehensione
3009 5740 3230 5795 Michael
3254 5740 3466 5808 gravis-

1881 5844 2018 5897 sime
2047 5841 2312 5903 offensns,
2338 5836 2580 5905 colaphis
2616 5834 2977 5889 atrocissimis
3007 5830 3316 5887 venerando
3348 5831 3463 5882 seni

1882 5937 2070 5991 dentes
2103 5934 2355 6003 stirpitus
2384 5931 2547 5997 elisit,
2575 5940 2896 6000 tergumque
2918 5926 3101 5997 flagris
3123 5926 3193 5980 ita
3221 5923 3465 5983 laniavit,
