4194 6432
269 463 374 525 537!

1315 466 1489 525 τιτι
1528 466 1589 527 s.
1632 452 1924 526 lGNA’l'lI
1957 468 2061 529 ce.
2100 470 2452 531 ARClIlEP.

3402 474 3507 534 534

255 576 551 644 πνεύματι,
593 574 685 626 καὶ
712 574 1188 643 κατανενυγμὲνον
1220 577 1286 644 τῇ
1340 575 1555 646 καρδία,
1606 576 1699 629 τοῦ
1729 575 1827 627 θα-

1958 579 2097 633 lum?
2125 580 2239 634 Non
2273 582 2489 637 satiavit
2538 580 2919 650 implieabilem
2962 581 3128 633 animi
3175 580 3248 634 lui
3284 580 3521 640 furorem

254 669 540 732 νατῶσαις
574 668 687 720 υῦκ
727 667 928 737 ἢρκεσέ
962 683 1056 717 σου
1103 666 1194 717 τὸν
1244 668 1482 735 ἄμετρον
1525 668 1837 737 ἀποπλῆσαι

257 760 430 829 θυμὸν
457 761 489 829 ἡ
529 760 680 830 βιαία
713 759 808 811 τοῦ
831 758 1021 826 θρόνου
1053 758 1220 826 ρίψις,
1245 761 1299 810 αἱ
1320 758 1682 829 ἁθεσμόταται
1709 758 1841 811 καθα

254 853 534 922 αιρέσεις,
586 852 639 904 αἰ
707 849 1042 903 άδικὼταται
1096 850 1383 920 ὑπερορίαι
1434 851 1489 902 αἱ
1540 850 1679 901 κατὰ
1732 851 1842 903 τῶν

256 944 433 996 ποδῶν
448 942 691 1004 ἁλύσεις,
719 942 773 994 αἰ
806 942 998 1012 μυρίαι
1034 943 1226 1008 φυγαὶ,
1255 942 1352 994 καὶ
1386 941 1614 1010 θλίψεις,
1640 943 1733 995 καὶ
1751 959 1840 995 συ-

254 1033 571 1102 κοφαντίαι,
621 1036 715 1086 καὶ
760 1033 1023 1095 διαϐολαὶ,
1083 1028 1171 1096 αἷς
1222 1034 1381 1085 αὑτὸν
1426 1032 1702 1099 ἔπλυναςς
1746 1036 1842 1087 καὶ

253 1127 366 1193 γάρ
399 1122 638 1186 ἐπλυνας
664 1123 881 1191 ἀληθῶς
906 1124 1182 1184 τοσοῦτον,
1212 1124 1334 1176 ὅσον
1366 1123 1680 1195 ἐρρῦπανας
1709 1142 1842 1178 σαυ-

254 1220 366 1268 τ5ν.
406 1218 521 1269 Οὔκ
570 1218 772 1285 ἤρκεσε
827 1216 1001 1270 ταῦτα
1028 1257 1042 1278 ,
1073 1216 1208 1270 ἀλλά
1251 1218 1347 1270 κα)⁵
1390 1217 1469 1269 ἔτι
1512 1217 1676 1289 βιάζῃ
1712 1216 1841 1287 ῥοῦν

256 1310 507 1379 ποταμοῦ
552 1310 735 1379 μάτην
787 1310 1051 1362 ἀπολέσαι
1084 1308 1433 1376 φιλονεικῶν,
1473 1310 1566 1361 καὶ
1592 1310 1684 1361 τὸν
1741 1310 1845 1361 ὑπὸ

254 1403 349 1454 τοῦ
392 1403 529 1456 Θεοῦ
574 1404 958 1474 δικαιούμενον
991 1405 1364 1474 κατακρίνειν,
1401 1406 1493 1456 καὶ
1537 1405 1845 1457 ἀδικώτατα

256 1494 647 1556 καταδικάζειν
697 1496 1099 1564 ἐπιτιθέμενος,
1142 1500 1235 1548 καὶ
1282 1496 1455 1563 ταύτῃ
1488 1497 1577 1548 τὸν
1625 1497 1847 1565 ἔλεγχον

255 1585 365 1637 τῶν
436 1586 583 1638 ἰδίων
636 1588 1010 1656 ἀνομημάτων
1082 1588 1367 1655 διαδρᾶναι
1418 1587 1539 1639 λίαν
1603 1588 1847 1657 ἀνοήτως

261 1678 668 1746 διανοούμενος,
704 1679 891 1749 ὥσπερ
930 1681 1031 1732 οὐκ
1067 1679 1382 1750 ἐφεστώσης
1418 1679 1553 1732 Θεοῦ
1592 1681 1849 1750 προνοίας

253 1770 370 1830 ἑοῖς
405 1769 770 1840 πράγμασιν,
819 1771 853 1839 ἣ
914 1773 1130 1841 καιροῖς
1175 1771 1325 1834 ίδίοις
1372 1772 1589 1842 ἑκάστῳ
1632 1774 1848 1835 πάντως

253 1861 355 1930 τὴν
394 1862 532 1914 ἰδίαν
553 1862 825 1916 ἀποδώσει
855 1862 1055 1932 πρᾶξιν
1083 1881 1097 1928 ;
1141 1862 1282 1931 Ἐγὼ
1308 1864 1614 1934 λογίζομαι,
1642 1864 1724 1917 ὅτι
1757 1866 1847 1917 καὶ

256 1953 422 2016 αὐτὸς
445 1955 504 2005 ὲν
529 1955 711 2027 ἡμέρᾳ
742 1956 1051 2025 ἐπισκοπῆς
1081 1956 1216 2028 πρὸς
1243 1955 1337 2008 τοῦ
1364 1932 1615 2024 λέγοντος
1640 1958 1848 2028 ἀκούσῃ
1882 1932 1923 1990 Β

255 2044 396 2097 Θεοῦ
426 2062 441 2075 ’
473 2046 607 2101 Ἵνα
640 2048 698 2100 τί
751 2048 833 2101 σὺ
877 2047 1125 2119 ἐκδιηγῇ
1180 2048 1251 2102 τὰ
1291 2049 1653 2118 δικαιώματὰ
1704 2068 1846 2118 μου,

256 2134 355 2186 καί
393 2136 841 2204 ἀναλαμϐάνῃς
898 2137 1013 2203 τὴν
1066 2136 1360 2204 διαθήκην
1399 2156 1519 2207 μου
1569 2139 1666 2194 διὰ
1714 2141 1851 2193 στό-

250 2225 446 2291 ματός
469 2240 628 2289 σου;
653 2226 745 2278 καὶ
778 2227 879 2278 ὅσα
912 2227 1013 2294 τῆς
1051 2226 1356 2296 ἱερολογίας
1408 2226 1557 2295 ἑξῆς.
1590 2229 1852 2297 Κρεῖττον

256 2317 368 2385 γάρ
426 2310 582 2385 οἶμαι
637 2316 793 2387 ἀνδρὶ
844 2316 1213 2387 ἀναλφαΰήτῳ
1267 2317 1443 2389 πάντη
1511 2321 1604 2371 καὶ
1647 2318 1853 2388 ἀμαθεῖ

260 2409 403 2475 μετά
445 2408 807 2479 συνειδήσεως
863 2409 1078 2479 ἀγαθῆς
1129 2409 1516 2479 ἀνεπιλήπτως
1573 2409 1757 2480 βιοῦν,
1814 2411 1847 2480 ἢ

257 2502 471 2564 πάντας
509 2501 688 2565 θείους
736 2503 831 2556 καὶ
877 2502 1252 2573 ἀνθρωπίνους
1283 2503 1477 2570 λόγους
1519 2504 1709 2572 σοφίας
1757 2504 1852 2557 άν-

256 2593 526 2647 ιλῗττο·ιτι
552 2594 640 2647 διὰ
666 2593 937 2663 γλώσσης,
965 2596 1057 2648 καὶ
1086 2597 1315 2666 μακροῖς
1343 2595 1517 2662 λόγων
1540 2597 1851 2664 συντάγμα-

261 2705 346 2739 σιν
394 2688 799 2758 ἐπαινουμένῳ,
858 2687 1087 2756 φονικὴν
1135 2688 1517 2759 ἀναρριπίζειν
1558 2687 1701 2740 κατὰ
1756 2686 1850 2739 τοῦ

260 2779 492 2848 πλησίον
543 2779 761 2847 βουλήν.
800 2779 924 2842 Πῶς
975 2779 1227 2832 οὐδὲτοῦ
1283 2780 1522 2849 μεγάλου
1569 2778 1851 2831 Βασιλείου

258 2869 367 2921 τῶν
399 2870 577 2938 λόγων
621 2871 939 2924 κατακούων
986 2872 1063 2941 (7)
1095 2871 1438 2942 ηὑλαδήοης,
1490 2874 1546 2924 ἐν
1592 2871 1852 2940 ἐκπλήξει

259 2962 391 3029 περί
425 2978 573 3024 τινος
610 2963 875 3026 εἰπόντος,
908 2962 991 3015 ὅτι
1024 2962 1288 3015 πλειόνων
1317 2962 1682 3032 ἀκμασάντων
1711 2964 1856 3033 αἰρε-

260 3048 509 3119 σιαρχῶν
556 3049 698 3101 κατά
746 3051 849 3119 τὴν
889 3051 1221 3120 οἰκουμένην
1251 3052 1490 3114 ἃπασαν,
1524 3053 1699 3115 οὐδεὶς
1726 3054 1854 3105 ἀνα-

259 3142 634 3211 θρονιασμοῦς
666 3142 883 3193 τελέσαι
930 3143 1261 3214 ἐθάρρησεν,
1294 3146 1342 3195 εἰ
1390 3142 1466 3214 μὴ
1508 3146 1535 3196 ὁ
1592 3144 1856 3214 ’Λγκυρο-

259 3234 508 3299 γςλάτης
547 3232 864 3299 Εὖστάοιος,
897 3228 1106 3297 οὗτινος
1165 3236 1264 3301 τὴν
1319 3236 1670 3305 μυσαρῦτητα
1700 3238 1733 3305 η
1797 3238 1855 3289 ὲν

1944 672 2227 740 tyrannica
2259 674 2322 727 de
2356 673 2559 726 throno
2587 670 2816 741 dejectio
2840 715 2853 735 ,
2883 670 3084 727 illicita:
3132 673 3521 743 depositiones,

1945 763 2297 833 iniquissimae
2315 766 2759 834 proscriptiones,
2782 766 3071 833 compedes
3092 774 3144 819 et
3163 766 3381 821 vincula
3402 810 3415 829 ,
3439 769 3519 822 in-

1944 853 2092 906 linita
2119 852 2333 916 exsilia,
2354 855 2662 919 calumniae,
2679 870 2959 917 art-nmmo,
2978 859 3313 921 vexationes,
3329 860 3528 927 quibus

1946 942 2095 998 illum
2128 945 2390 999 abluisti?
2413 961 2597 1000 revera
2619 950 2761 1002 enim
2794 956 3074 1015 tantopere
3101 949 3248 1001 illum
3269 952 3487 1005 abluisti
3513 994 3526 1015 ,

1946 1049 2279 1109 quantopere
2297 1040 2527 1109 teipsum
2546 1040 2976 1109 inquinasti.Nec
3003 1042 3087 1095 his
3112 1050 3421 1108 c0ntentus,
3443 1045 3528 1098 in-

1947 1140 2108 1192 super
2140 1128 2341 1181 fontem
2367 1128 2546 1197 ipsum
2590 1128 2829 1182 ﬂuminis
2871 1130 3186 1184 altercando
3209 1131 3397 1187 studes
3437 1148 3530 1185 cx—

1950 1216 2187 1282 haurire,
2206 1228 2257 1272 et
2278 1220 2346 1274 ab
2394 1220 2512 1289 ipso
2538 1220 2846 1274 absolutum
2878 1220 3108 1277 Numine
3139 1225 3528 1288 condemnare,

1950 1309 2232 1378 modisque
2264 1312 2660 1381 indignissimis
2695 1314 3127 1369 circumventum
3160 1317 3323 1370 veluti
3376 1333 3527 1370 reum

1953 1401 2242 1457 roxiutnve
2276 1405 2535 1473 perdere?
2563 1415 2620 1459 ut
2656 1406 2758 1460 hoc
2790 1406 3122 1460 stultissimo
3150 1409 3389 1462 consilio
3413 1424 3530 1461 sce-

1949 1492 2119 1546 lerum
2157 1503 2373 1548 tuorum
2421 1496 2683 1565 judicium
2738 1499 2915 1566 possis
2971 1497 3280 1564 declinare,
3313 1500 3532 1568 perinde

1950 1588 2104 1651 quasi
2136 1589 2299 1641 relms
2328 1588 2585 1642 humanis
2619 1588 2801 1642 nullus
2823 1591 3107 1659 prmsideat
3130 1591 3292 1652 Deus.
3320 1600 3413 1645 aut
3444 1592 3536 1645 ille

1950 1698 2051 1737 suo
2081 1691 2323 1750 tempore
2351 1696 2456 1735 non
2487 1681 2556 1735 sit
2582 1681 2876 1752 unicuique
2896 1683 3206 1738 redditurus
3232 1686 3532 1739 secundum

1950 1792 2112 1846 opera
2144 1792 2264 1831 sua.
2298 1778 2407 1845 Ego
2439 1792 2566 1829 vero
2591 1776 2825 1830 arbitror
2859 1787 2908 1831 te
2935 1793 3152 1847 quoque
3194 1779 3247 1831 in
3284 1779 3371 1832 die
3400 1779 3535 1833 visi-

1952 1870 2177 1922 tationis
2229 1878 2332 1921 tuae
2370 1884 2399 1921 a
2452 1868 2560 1922 Dee
2609 1871 2822 1924 dicente
2871 1871 3186 1924 auditurum
3227 1868 3446 1935 :Quare
3480 1880 3535 1923 ιιι

1952 1974 2170 2011 enarras
2188 1958 2433 2028 justitias
2460 1974 2622 2018 meas,
2641 1968 2687 2010 et
2716 1962 2942 2013 assumis
2971 1968 3338 2013 testanwntum
3368 1976 3538 2013 meum

1955 2067 2046 2119 per
2081 2067 2137 2104 os
2164 2059 2309 2102 tuum
2343 2050 2403 2103 1’?
2432 2060 2484 2103 et
2518 2066 2637 2119 quae
2666 2048 2921 2118 deinceps
2954 2050 3003 2103 in
3037 2066 3191 2105 sacra
3221 2049 3414 2121 pagina
3453 2066 3538 2105 se-

1954 2150 2218 2211 quuntur.
2254 2140 2514 2209 Equidem
2545 2140 2740 2194 melius
2762 2149 2944 2194 actum
2980 2140 3044 2193 iri
3063 2156 3258 2195 censeo
3282 2156 3403 2193 cum
3436 2140 3538 2192 lm-

1956 2233 2100 2285 mine
2130 2232 2542 2301 imperitissimo
2570 2273 2585 2298 ,
2621 2232 2911 2301 omnisque
2936 2232 3251 2285 litteratura:
3288 2240 3342 2284 et
3375 2230 3539 2283 disci.

1956 2324 2115 2393 plina:
2147 2334 2389 2393 experte,
2427 2325 2471 2376 si
2507 2308 2800 2393 cum‘pura
2833 2325 3167 2379 conscientia
3205 2324 3537 2392 inculpatam

1954 2418 2121 2469 vitam
2148 2416 2328 2485 degat,
2361 2432 2524 2486 quam
2554 2431 2679 2471 cum
2706 2431 2791 2479 eo,
2818 2417 2909 2486 qui
2938 2417 3119 2469 omnia
3146 2416 3345 2469 divinm
3365 2425 3418 2470 et
3443 2417 3543 2469 lm-

1957 2524 2131 2563 mauae
2158 2510 2439 2579 sapientia:
2462 2511 2685 2564 oracula
2728 2525 2823 2564 ore
2858 2511 3037 2564 volvat
3060 2511 3317 2581 jactetve,
3338 2511 3543 2581 longis-

1954 2618 2060 2668 qne
2079 2600 2213 2670 legis
2233 2610 2285 2655 et
2304 2601 2551 2668 iugorum
2588 2601 2956 2655 voluminibus
2976 2600 3248 2664 laudatus,
3271 2603 3530 2654 adversus

1957 2695 2183 2747 alterum
2218 2695 2490 2748 exitialem
2526 2694 2751 2748 nocendi
2789 2694 2967 2748 foveat
2996 2694 3353 2749 voluntatem.
3383 2692 3447 2745 Et
3467 2704 3547 2759 tu,

1956 2784 2138 2837 audita
2165 2783 2345 2853 magni
2378 2781 2562 2835 Basilii
2599 2784 2866 2836 sententia
2900 2782 2997 2852 (7),
3031 2782 3165 2836 nihil
3196 2782 3538 2848 reformidas,

1955 2891 2077 2928 cum
2104 2874 2168 2928 de
2194 2873 2447 2942 quopiam
2476 2872 2904 2927 admirahundus
2924 2872 3079 2937 dixit,
3114 2872 3323 2926 nullum
3346 2888 3412 2925 ex
3429 2886 3547 2925 orn-

1958 2965 2118 3017 nihus
2156 2963 2324 3017 totius
2382 2962 2534 3017 orbis
2571 2962 2990 3026 hmresiarchis,
3026 2963 3121 3032 qui
3171 2961 3321 3017 fuere
3379 2976 3545 3031 quam

1958 3054 2143 3122 plures
2171 3092 2184 3115 ,
2210 3068 2405 3107 ausum
2437 3050 2607 3106 fuisse
2635 3065 2935 3116 resecrare,
2967 3060 3166 3119 przeter
3197 3049 3545 3105 Eustathium

1958 3145 2432 3215 Ancyrogalatam,
2452 3144 2611 3212 cujus
2635 3142 2906 3197 nefarium
2933 3143 3112 3197 scelus
3134 3144 3373 3214 synodus
3398 3143 3546 3197 Gan-

1960 3234 2171 3297 grensis
2196 3231 2549 3301 exponit.Sed
2590 3230 2661 3286 ob
2692 3232 2805 3285 hare
2836 3232 3278 3300 sapientissimus
3312 3231 3331 3301 (
3362 3241 3548 3285 noster

260 3325 547 3393 Γάγγραις
596 3325 726 3391 ἀγία
761 3324 1061 3394 παρίστησι
1097 3324 1349 3388 ούνοδοςς
1394 3324 1555 3377 ’Λλλά
1593 3325 1803 3388 τούτοις
1834 3329 1855 3379 δ

1966 3319 2228 3388 Photius)
2270 3334 2377 3372 non
2443 3319 2603 3373 modo
2656 3318 2807 3373 nullo
2846 3319 3052 3387 pudore
3104 3318 3542 3382 suﬂ‘undehatur,

261 3415 579 3485 σοφώτατος
622 3415 683 3468 οῦ
736 3416 895 3485 μόνον
942 3416 1043 3468 οῦκ
1076 3415 1497 3478 ἐνεκαλύπτετο,
1541 3416 1679 3469 ἀλλά
1736 3419 1862 3469 τοῦ·

262 3509 483 3560 ναντίον
520 3510 615 3560 καὶ
645 3508 1111 3578 ἐνελαμπρύνετο,
1162 3508 1320 3571 δόξαν
1378 3509 1577 3578 μᾶλλον
1608 3511 1676 3562 τά
1724 3509 1863 3579 ἔργα

260 3600 361 3668 τῆς
394 3599 661 3669 αἰσχύνης
722 3600 817 3653 καὶ
869 3600 1005 3652 ἰδίαν
1032 3599 1198 3669 τιμὴν
1230 3601 1553 3669 ἡγούμενος,
1596 3600 1711 3668 εἴγε
1742 3620 1863 3653 και-

262 3692 519 3761 νοπρεπῆ
567 3691 661 3743 καὶ
712 3691 815 3760 τῆς
876 3692 1339 3761 ὲκκλησιαστικῆς
1370 3694 1721 3764 παραδόσεως
1767 3694 1862 3747 ἀλ-

264 3782 462 3851 λότρια
492 3782 830 3849 τεχνάζοιτο.
881 3781 1022 3833 Ἀλλ’
1050 3784 1078 3833 ό
1115 3783 1213 3852 μὲν
1238 3781 1434 3845 οὕτως.

348 3871 430 3922 Ut)
466 3871 823 3939 κατασιγήσω
849 3870 906 3923 δὲ
940 3870 1052 3938 ἐγὼ
1072 3872 1163 3922 τὸν
1190 3873 1283 3924 τοῦ
1304 3874 1580 3944 Καίσαρος
1609 3875 1815 3944 suum

262 3962 387 4013 οὑξ.
452 3961 683 4015 δίκαιον.
724 3962 784 4013 Ei
833 3962 942 4033 γάρ
993 3964 1089 4016 καὶ
1138 3966 1188 4017 οἱ
1234 3966 1418 4018 πολλοὶ
1467 3966 1565 4035 μὲν
1598 3969 1775 4021 αὐτῶν
1801 3971 1863 4021 ἐκ

264 4055 378 4105 τῶν
456 4053 842 4124 μεθημερινῶν
926 4057 1226 4127 φροντίδων
1298 4058 1391 4110 καὶ
1461 4059 1865 4130 ἐνθυμημάτων

265 4147 466 4214 ἔχουσι
495 4145 593 4208 τάς
624 4146 818 4216 ἀρχάς,
857 4148 1046 4200 πολλοὶ
1070 4148 1129 4200 δὲ
1165 4149 1258 4201 καὶ
1298 4149 1401 4201 ὑπὸ
1426 4150 1697 4219 δαιμόνων
1730 4153 1864 4205 καθ-

264 4238 523 4289 εύδουσιν
596 4232 1005 4291 ὑποτυποῦνται
1034 4252 1049 4268 ·
1103 4240 1240 4294 ἀλλὰ
1304 4242 1396 4294 καὶ
1452 4242 1559 4295 ὑπὸ
1615 4243 1865 4311 ἀγγέλων

262 4327 407 4379 Θεοῦ
448 4325 599 4379 ἔστιν
624 4329 711 4381 δτε
755 4330 1139 4398 προστάγματι
1180 4330 1608 4401 σχηματίζονται
1646 4333 1863 4406 [Θεοῦ],

265 4421 364 4473 καὶ
389 4419 490 4471 ἐπὶ
527 4422 644 4482 τοῖς
675 4420 905 4490 ἄρχουσι
938 4421 995 4473 δὲ
1028 4422 1264 4490 μάλιστα
1315 4423 1411 4476 καὶ
1452 4424 1786 4494 βασιλεῦσιν,
1816 4428 1864 4479 εἰ

263 4513 361 4563 καὶ
384 4512 465 4582 μὴ
487 4512 734 4576 εὐσεϐεῖς
758 4509 886 4565 εἷεν.
925 4513 1064 4566 Ἃλλ*
1088 4510 1182 4567 οὖν
1204 4515 1264 4566 τὸ
1288 4514 1505 4584 πνεῦμα
1532 4519 1633 4587 τῆς
1656 4533 1867 4588 προφη-

261 4605 442 4668 τείας,
485 4605 595 4657 είτε
654 4607 788 4675 πρὸς
834 4606 897 4659 τὸ
943 4608 1126 4670 αὐτοῖς
1166 4608 1552 4671 ἐκείνοιςέῖτε
1604 4612 1717 4672 τοῖς
1765 4610 1867 4662 ῦπ-

261 4697 459 4764 ηκόοις
493 4696 833 4762 λυσιτελοῦν,
863 4698 1120 4757 πολλάκις
1153 4701 1398 4769 ἐνεργεῖν
1436 4695 1577 4753 οἶδεν
1603 4717 1616 4729 ’
1650 4701 1726 4765 ὡς
1769 4703 1864 4755 ἐπὶ

264 4783 361 4837 τοῦ
391 4785 600 4853 Φαραὼ
645 4785 742 4837 καὶ
783 4784 879 4838 τοῦ
924 4787 1397 4856 Ναῦουχοδονόσορ
1434 4789 1861 4859 μεμαθήκαμεν.

266 4876 428 4927 υἷιτω
458 4877 556 4928 καὶ
592 4875 804 4945 eam;
856 4879 882 4929 ό
928 4878 1146 4945 Καῖσάρ
1198 4869 1354 4939 οὗτος
1383 4878 1635 4931 Φιλόθεον
1658 4881 1863 4933 ἐκεῖνον

264 4968 513 5033 γενικῶν
548 4986 679 5021 ποτε
703 4969 1017 5037 λογοθέτην,
1050 4970 1313 5038 mit;in
1346 4972 1492 5041 αὐτῷ
1524 4974 1713 5025 πιστὸν
1735 4974 1865 5028 ὄντα

266 5062 823 5130 προσκαλεσάμενος,
886 5061 1004 5114 λίαν
1071 5062 1231 5132 ἐῴκει
1275 5062 1735 5135 τεθορυϐημὲνῳ’
1768 5068 1863 5118 καὶ

264 5152 511 5221 ἇςθματι
544 5152 735 5221 πυκνῷ
764 5153 1143 5221 συνεχόμενος,
1176 5152 1240 5204 Ὠ
1270 5152 1508 5217 Φιλόοεε,
1529 5153 1651 5223 ἔφη,
1682 5154 1864 5225 ὅραμα

266 5241 429 5309 εἶδον,
458 5246 556 5296 καὶ
592 5247 770 5299 πάντα
834 5263 936 5313 μου
1002 5245 1293 5316 συνέτριψε
1326 5245 1393 5297 τά
1422 5247 1576 5307 ὀστᾶ.
1607 5248 1702 5298 καὶ
1733 5248 1860 5310 τοὺς

264 5338 483 5407 ἁρμοῦς
507 5341 607 5408 τῆς
637 5339 837 5407 ὀσφύος
866 5356 964 5405 μου
992 5340 1198 5393 Ξλυσεν.
1233 5342 1411 5410 ’ῼμην
1433 5340 1542 5409 γάρ
1574 5342 1714 5393 κατὰ
1728 5343 1858 5393 ταὺ-

264 5442 372 5496 την
396 5429 499 5496 τὴν
524 5429 720 5490 νύκτα,
757 5429 830 5491 ὡς
854 5429 1013 5497 δῆθεν
1040 5428 1412 5499 προελεύσεως
1440 5428 1628 5499 οὔσης,
1659 5431 1737 5493 είς
1764 5432 1860 5501 τὴν

266 5520 532 5590 Μεγάλην
571 5522 902 5592 Ἐκκλησίαν
936 5523 1074 5592 μετὰ
1120 5520 1216 5575 τοῦ
1280 5522 1547 5593 βασιλέως
1596 5525 1825 5578 εἰσιέναι
1853 5544 1865 5558 ο

340 5703 361 5731 ⁷
386 5702 530 5756 l’sal.
567 5716 713 5765 λιιι,
746 5702 831 5754 ib‘.

342 5882 418 5951 (7)
452 5879 581 5937 Vide
614 5881 872 5938 Basiliam
912 5886 1035 5955 lS‘d,
1069 5884 1135 5939 ml
1174 5885 1516 5942 Theodotum.

1962 3400 2052 3455 sed
2074 3399 2358 3469 ntagnilice
2380 3399 2542 3452 etiam
2563 3413 2621 3451 se
2644 3398 2971 3461 ostentabat,
2996 3407 3144 3452 ratus
3173 3414 3235 3453 ex
3267 3399 3474 3453 honore
3495 3402 3546 3454 id

1961 3509 2063 3546 suo
2084 3492 2456 3561 dignitateque
2487 3491 2625 3553 fore,
2658 3492 2700 3544 si
2734 3507 2841 3561 qua
2873 3506 3008 3547 nova
3039 3494 3186 3546 etab
3214 3492 3548 3547 ecclesiasti-

1961 3602 2021 3638 ca
2052 3584 2339 3652 disciplina
2386 3583 2562 3636 aliena
2601 3584 2961 3653 eergitaret.
2998 3584 3175 3655 Atque
3202 3583 3277 3638 ita
3323 3584 3544 3655 quidem

1962 3668 2020 3732 se
2044 3678 2267 3747 gerebat
2298 3677 2548 3731 Pltutius.

2034 3854 2138 3908 Sed
2175 3869 2203 3907 a
2248 3869 2351 3917 me,
2408 3868 2504 3923 per
2548 3868 2804 3907 somnum
2842 3852 3029 3907 Bard;c
3077 3853 3277 3908 Cmsari
3325 3854 3538 3923 objecta

1965 3950 2175 4016 species
2211 3948 2414 4017 (neque
2443 3948 2587 4003 enim
2617 3947 2697 4001 fas
2718 3950 2844 4014 cst),
2892 3947 3111 4001 silentio
3147 3948 3409 4014 praeteriri
3440 3964 3548 4000 non

1964 4041 2143 4094 debet.
2196 4040 2461 4106 Quamvis
2521 4040 2664 4094 enim
2726 4040 2895 4093 multa
2946 4054 2975 4092 a
3023 4039 3254 4107 negotiis
3286 4054 3380 4107 per
3406 4039 3548 4091 diem

1966 4133 2100 4187 actis
2131 4132 2211 4186 vel
2241 4133 2491 4202 cogitatis
2525 4146 2749 4185 causam
2776 4131 3021 4195 trahant,
3061 4145 3160 4183 nec
3187 4144 3360 4198 pauca
3390 4144 3419 4182 a
3442 4130 3551 4183 das-

1969 4226 2219 4279 monibus
2246 4240 2340 4291 per
2370 4225 2635 4293 imagines
2668 4223 3069 4292 subjiciuntur;
3103 4232 3186 4277 est
3214 4232 3393 4275 tamen
3423 4206 3547 4277 cum

1967 4318 2130 4372 etiam
2159 4333 2187 4371 a
2222 4318 2379 4371 bonis
2406 4318 2613 4387 angelis
2638 4317 2797 4387 jussu
2848 4316 2939 4369 Dei
2989 4324 3380 4384 suggeruntur,
3409 4332 3551 4384 pra:-

1970 4410 2157 4465 sertim
2214 4409 2625 4479 magistratibus
2679 4419 2731 4463 et
2774 4409 3013 4477 regibus,
3061 4406 3547 4475 quamvisimpiis.

1969 4502 2104 4557 Nam
2131 4504 2356 4573 spiritus
2382 4502 2678 4572 prephetite
2697 4503 2804 4556 vim
2850 4518 3028 4565 suam,
3058 4503 3172 4555 sive
3204 4500 3269 4553 ad
3305 4498 3546 4568 ipsorum

1970 4597 2300 4666 principum,
2366 4596 2483 4649 sive
2527 4595 2633 4649 illis
2690 4595 3066 4664 subjectorum
3117 4594 3344 4647 salutem
3398 4597 3550 4650 novit

1972 4706 2113 4760 smpe
2140 4704 2401 4744 exerere:
2433 4688 2484 4741 id
2532 4689 2678 4757 quod
2709 4686 2979 4740 Pharaoni
3015 4697 3069 4741 et
3116 4685 3549 4741 Nabuchodono-

1972 4784 2082 4836 sori
2111 4782 2376 4836 accidisse
2407 4781 2719 4834 didicimus.
2757 4780 2832 4833 Ita
2868 4778 3068 4832 Bardas
3101 4780 3286 4834 Caesar
3319 4778 3549 4833 familia-

1973 4891 2085 4928 rem
2114 4891 2274 4929 suum
2308 4882 2627 4942 certumque
2677 4873 2911 4926 amicum
2971 4871 3336 4936 Philotlteum,
3370 4885 3547 4940 quon-

1970 4969 2093 5021 dam
2137 4967 2453 5035 genicorum
2516 4967 2871 5033 logothetam,
2908 4964 3413 5033 perturbatissimus
3453 4976 3547 5017 ac-

1970 5060 2189 5113 eersivit
2211 5099 2224 5122 ,
2260 5060 2599 5127 multumque
2624 5058 2921 5111 anhelans:
2953 5056 3018 5109 Mi
3056 5055 3543 5124 Philothcninquit,

1970 5153 2241 5204 somnient
2290 5150 2422 5213 vidi,
2479 5150 2624 5218 qttod
2682 5149 2864 5202 omnia
2924 5163 3051 5201 ossa
3092 5163 3209 5200 mea
3269 5146 3546 5207 contrivit,

1972 5258 2272 5311 onincsque
2332 5244 2583 5312 corporis
2644 5256 2839 5296 nervos
2898 5239 3168 5294 dissolvit.
3228 5237 3340 5292 liae
3390 5250 3551 5291 nocte

1975 5335 2119 5386 enim
2156 5334 2376 5387 videbar
2425 5343 2681 5403 tanquam
2716 5332 2768 5385 itt
2804 5332 3020 5401 publica
3059 5345 3249 5399 pompa
3286 5344 3411 5382 cum
3447 5331 3546 5380 itu-

1971 5440 2219 5496 peratore
2250 5427 2315 5478 ad
2344 5443 2591 5496 magnam
2627 5425 2909 5483 basilicam
2953 5423 3171 5493 prodire
3192 5462 3205 5485 ,
3257 5420 3549 5489 videreque

1970 5523 2423 5592 arcltangelorum
2454 5522 2652 5592 eﬂigies
2719 5538 2813 5593 per
2863 5521 3130 5577 fenestras
3162 5531 3352 5574 omnes
3385 5532 3549 5586 supc-
