4194 6432
653 412 753 476 535

1852 406 2140 465 ΝῙΩΕΤ.Ε
2181 404 2709 464 PAI’HLAGUNIS

3801 397 3908 457 536

650 526 822 577 riores
851 530 902 576 ct
937 518 1219 574 inferiores
1253 519 1304 570 in
1364 517 1623 588 templum
1677 519 1944 589 respicere
1983 536 1995 570 :
2025 530 2077 573 et
2101 533 2222 571 cum
2254 532 2271 577 Α

2372 518 2469 570 ατὰ
2494 516 2673 577 πάσας
2692 514 2749 568 δὲ
2771 512 2991 582 θυρίδας
3013 512 3112 576 τάς
3145 511 3259 567 ἀνω
3278 509 3374 565 καὶ
3396 509 3496 575 τὰς
3522 508 3673 564 κάτω
3691 508 3909 571 εἰκόνας

650 617 713 670 ad
748 615 1032 668 anibonem
1082 610 1455 674 venissemus,
1496 612 1723 681 spectati
1761 623 1885 667 sunt
1922 611 2085 664 veluti
2114 611 2221 664 duo

650 722 680 760 a
717 705 1003 768 cubiculis,
1037 702 1209 756 severi
1231 717 1292 755 ac
1321 712 1500 757 truces
1534 721 1546 755 :
1583 718 1816 771 quorum
1867 703 2005 757 alter
2045 703 2219 773 ipsum

652 798 1031 866 imperatorem
1089 793 1330 845 vinctum
1377 792 1618 861 capiens,
1668 794 1735 847 ad
1789 794 2037 847 dextrum
2084 793 2226 845 latus

654 895 907 947 tractum,
968 898 998 938 e
1049 886 1361 953 pavimento
1438 883 1694 938 cancellis
1776 883 2024 952 proximo
2082 882 2229 936 velut

658 980 879 1032 noxium
946 976 1375 1044 damnatumque
1418 975 1700 1045 pellebat:
1746 976 1880 1029 alter
1955 990 2084 1029 vero
2144 988 2229 1028 me

655 1070 766 1138 pari
802 1067 963 1121 modo
989 1068 1052 1119 ad
1087 1067 1363 1119 sinistram
1390 1076 1597 1133 partem
1637 1065 1957 1117 abducebat.
2004 1061 2071 1117 Et
2100 1064 2226 1115 dum

656 1172 874 1232 repente
913 1160 1327 1228 circumspicio,
1385 1159 1761 1212 animadverto
1792 1157 1845 1210 in
1898 1158 2098 1211 throno
2134 1170 2222 1224 pa-

658 1253 930 1308 triarcliali
988 1255 1040 1304 in
1097 1252 1272 1321 adytis
1333 1252 1510 1304 virum
1562 1249 1792 1319 principi
1861 1249 2231 1318 apostolorum

656 1346 810 1399 Petro
843 1344 1013 1397 forma
1053 1343 1412 1403 simillimum.
1441 1342 1795 1410 geminosque
1820 1341 1896 1395 illi
1919 1342 2237 1394 assistentes

657 1454 787 1494 sane
852 1435 1242 1495 formidabiles,
1298 1434 1389 1502 qui
1442 1432 1859 1501 praepositorum
1920 1431 2234 1500 dignitatem

658 1548 765 1600 pra:
797 1548 853 1585 se
874 1529 1131 1584 ferebant.
1169 1528 1247 1580 Ad
1282 1526 1521 1581 sedentis
1566 1540 1731 1595 porro
1762 1540 1938 1595 genua
1986 1536 2239 1591 procum-

660 1629 871 1681 bentem
914 1637 1078 1677 cerno
1127 1620 1394 1691 lgnatium
1461 1620 1784 1689 supplicem,
1820 1619 2114 1685 multisque
2155 1615 2239 1669 la-

659 1716 858 1786 crymis
917 1712 1240 1783 perfusum;
1308 1712 1445 1766 adeo
1500 1723 1557 1766 ut
1605 1713 1722 1781 ipse
1784 1724 2004 1779 quoque
2046 1707 2242 1763 Petrus

661 1811 848 1880 lguatii
888 1812 1053 1863 vicem
1080 1809 1370 1862 miseratus
1401 1805 1748 1875 ingemuerit.
1796 1803 1965 1858 Porro
2001 1803 2240 1873 lguatius

2328 611 2461 680 όρᾷν
2500 609 2718 663 ἐδόκουν
2761 603 3168 677 ἀρχαγγελικάς
3210 603 3344 672 πρὸς
3386 602 3490 655 ρτὺν
3515 601 3643 655 ναὸν
3676 598 3909 670 βλεπού-

2331 716 2461 764 σας’
2495 700 2592 753 καὶ
2624 701 2711 753 ὅτε
2747 697 2977 768 πλησίον
3033 691 3177 767 ἦμεν
3202 695 3298 748 τοῦ
3332 694 3610 765 ἀμϐωνος.
3646 690 3911 761 ὤφθησαν

2329 793 2519 861 ὥσπερ
2549 789 2987 859 κουϐικουλάριοι
3015 787 3109 840 δύο
3137 787 3407 857 ἀπότομοι
3460 786 3555 839 καὶ
3583 783 3865 853 ἐμϐριθεῖς
3892 800 3908 815 ·

2331 877 2407 937 ὧν
2469 884 2497 936 ὁ
2544 881 2645 952 μὲν
2698 881 2917 951 δέσμιον
2945 881 3040 931 τὸν
3089 878 3315 949 βασιλέα
3351 875 3555 938 λαϐὼν,
3594 876 3689 929 καὶ
3718 874 3809 927 ἐπὶ
3838 874 3912 925 τὰ

2334 975 2486 1041 δεξιά
2516 972 2865 1044 κατασύρων,
2909 970 3165 1036 ἐξωθεῖτο
3189 970 3289 1039 τῆς
3324 969 3536 1035 σολέας,
3563 965 3911 1037 κατακρίνων

2333 1072 2410 1131 ὼς
2438 1064 2737 1120 ὑπεύθυνον
2769 1080 2783 1094 ⁸
2817 1064 2918 1133 ἐμέ
2964 1066 2992 1117 6
3043 1063 3233 1134 ἔτερος
3273 1059 3648 1134 ὁμοιοτρόπως
3688 1058 3778 1112 διὰ
3800 1057 3913 1110 τῶν

2336 1157 2647 1230 ἀριστερῶν
2701 1155 2939 1225 ἀπῆγεν.
2965 1156 3155 1224 ’Δφνω
3202 1154 3258 1208 δὲ
3293 1152 3782 1225 περιϐλεψάμενος,
3804 1148 3919 1219 ὁρῶ

2339 1254 2395 1304 ἐν
2418 1251 2494 1322 τῷ
2536 1250 2815 1321 συνθρόνῳ
2844 1248 2939 1301 τοῦ
2972 1248 3170 1301 ἀδύτου
3202 1247 3514 1316 καθήμενον
3548 1244 3718 1314 ἄνδρα
3742 1258 3920 1312 γηρα⁸

2339 1342 2480 1407 λέον,
2502 1340 2938 1410 ἀπαραλλάκτως
2964 1339 3184 1392 ἐοικότα
3202 1341 3268 1409 τῇ
3295 1337 3463 1391 εἰκόνι
3486 1334 3582 1389 τοῦ
3616 1331 3919 1403 κορυφαίου

2342 1433 2453 1487 τῶν
2499 1430 2813 1485 ἀποστόλων
2865 1430 3096 1501 Πέτρου,
3147 1429 3242 1483 καὶ
3270 1426 3421 1497 αύτῷ
3470 1425 3565 1481 δύο
3595 1424 3741 1486 τινὲς
3777 1439 3923 1493 παρ-

2341 1526 2685 1593 ειστήκεισαν
2700 1522 2943 1591 σοϐαροὶ,
2959 1519 3335 1589 πραιποσίτων
3349 1518 3502 1583 τάξιν
3517 1514 3923 1585 ἐπιφαίνοντες.

2356 1617 2499 1688 Ὀρῶ
2524 1616 2580 1669 δὲ
2613 1614 2748 1685 πρὸς
2767 1615 2880 1676 τοῖς
2923 1611 3117 1681 γόνασι
3157 1610 3251 1664 τοῦ
3280 1610 3594 1679 καθημένου
3615 1608 3707 1661 τὸν
3744 1605 3925 1672 Ἰγνά-

2342 1726 2455 1762 τιον
2493 1707 2823 1770 ἱκετεύοντα,
2850 1704 2947 1759 καὶ
2977 1704 3194 1768 πολλοῖς
3232 1702 3463 1774 δάκρυσι
3487 1697 3925 1772 περιρραινόμε-

2346 1821 2436 1856 νον
2465 1803 2659 1866 οὓτως,
2690 1801 2831 1855 ὥστε
2872 1800 3125 1853 κάκεῖνον
3156 1797 3305 1867 αύτῷ
3336 1796 3777 1868 συλλυπούμενον
3803 1810 3929 1847 στε-

664 1903 974 1958 clamitabat
1012 1902 1294 1971 :Claviger
1324 1899 1563 1955 caelestis
1600 1897 1773 1968 regni,
1811 1904 1865 1951 et
1897 1906 2046 1965 petra
2081 1907 2245 1962 super

2372 1894 2528 1959 ’άξαι.
2585 1894 2697 1947 Καὶ
2741 1893 2903 1953 αὐτὸς
2945 1890 3109 1945 ἐϐόαο
3154 1888 3448 1958 Κλειδοῦχε
3505 1888 3606 1958 τῆς
3653 1885 3930 1957 βασιλείας

665 2011 824 2064 quam
885 1994 1136 2048 Christus
1176 1992 1315 2047 Deus
1359 1988 1663 2045 Ecclesiam
1701 2002 1853 2042 suam
1906 1985 2164 2045 firmavit,
2206 1973 2250 2037 si

666 2090 882 2159 quidem
912 2087 1008 2141 tibi
1042 2088 1280 2157 ignotum
1320 2101 1429 2138 non
1467 2097 1569 2149 est,
1611 2098 1774 2151 quam
1816 2079 2003 2147 inique
2036 2089 2251 2129 mecum

668 2194 846 2236 aetum
882 2181 973 2245 sit,
1022 2180 1201 2235 solare
1255 2176 1666 2230 afllictissimam
1725 2181 2001 2227 senectam
2051 2182 2252 2221 meam.

666 2272 768 2327 Cui
810 2274 999 2324 beatus
1055 2268 1247 2322 Petrus
1287 2264 1563 2319 :Osicnde
1630 2271 1944 2315 vexatorem
1990 2265 2164 2315 tuum,
2202 2260 2256 2305 et

670 2364 809 2418 Deus
861 2361 1021 2415 faciet
1076 2375 1200 2413 cum
1258 2356 1560 2411 tentatione
1611 2358 1976 2424 proventum;
2033 2356 2088 2401 et
2129 2360 2257 2400 con-

672 2473 863 2511 versus
909 2453 1147 2525 lguatius
1194 2468 1356 2505 manu
1393 2464 1477 2502 me
1532 2445 1850 2507 indicabat;
1890 2452 1983 2496 et:
2017 2438 2138 2501 Hic,
2176 2438 2257 2490 in-

672 2551 812 2617 quit,
852 2548 971 2616 plus
1000 2546 1259 2599 omnibus
1301 2560 1385 2595 me
1429 2541 1638 2604 afﬂixit,
1679 2547 1734 2591 ut
1768 2550 1930 2607 quem
1986 2532 2135 2586 nulla
2177 2544 2262 2584 sa-

680 2643 834 2695 tietas
889 2639 991 2691 mei
1051 2635 1331 2691 eiuciaudi
1368 2633 1590 2702 ceperit.
1640 2630 1777 2685 Tum
1823 2626 1916 2698 qui
1966 2627 2020 2679 in
2061 2624 2258 2678 throno

675 2732 1011 2792 coositlebat,
1043 2744 1166 2783 cum
1202 2727 1486 2780 annuisset
1537 2724 1614 2776 illi
1658 2721 1749 2791 qui
1786 2720 1850 2773 ad
1887 2720 2136 2771 dextram
2169 2728 2260 2766 as-

677 2827 923 2888 si.—tebat,
952 2824 1144 2878 educta
1181 2822 1373 2882 sicula,
1408 2819 1587 2888 palam
1621 2815 1875 2870 omnibus
1914 2806 2262 2864 audientibus

677 2922 1004 2974 sententiam
1074 2917 1469 2985 pronuntiavit.
1540 2910 1715 2974 llunc,
1767 2908 1969 2975 inquit,
2025 2902 2261 2956 invisum

684 3011 788 3065 Deo
846 3009 1077 3063 Bardam
1110 3007 1402 3076 prehende,
1438 3013 1491 3058 et
1520 3002 1648 3055 foris
1690 3000 1741 3052 in
1795 2998 1935 3051 atrio
1990 2993 2259 3048 frustatim

682 3103 927 3158 concide.
978 3100 1273 3169 Exten‘plo
1310 3112 1439 3163 ergo
1484 3096 1552 3150 ad
1604 3091 1932 3163 supplicium
1985 3088 2263 3155 abreptus,

684 3198 794 3250 vidi
849 3196 995 3265 quod
1056 3202 1110 3248 et
1155 3189 1472 3260 imperatori
1527 3186 1727 3240 minaci
1789 3199 1954 3238 manu
2010 3182 2260 3235 diceret:

2352 1988 2461 2041 τῶν
2488 1986 2753 2058 οὐρανῶν,
2802 1985 2899 2037 καὶ
2958 1984 3138 2055 πέτρα
3179 1983 3237 2035 ἐν
3347 1982 3580 2049 Χριστὸς
3609 1982 3637 2033 6
3665 1979 3800 2041 Θεὸς
3829 1976 3935 2046 τὴν

2352 2077 2520 2133 αὑτοῦ
2576 2077 2907 2148 Ἐκκλησίαν
2951 2075 3290 2147 ἐστηρίξατο,
3326 2075 3377 2127 εί
3416 2068 3587 2137 οἶδας,
3625 2073 3707 2126 ὅτι
3736 2070 3935 2140 ἠδική-

2355 2170 2477 2239 θην,
2512 2167 2913 2239 παραμύθησόν
2942 2184 3043 2238 μου
3073 2166 3135 2219 τὸ
3161 2163 3524 2218 πολύθλιπτον
3566 2162 3767 2230 γῆρας.
3803 2160 3861 2211 Ὀ
3878 2159 3938 2209 ἑὲ

2354 2259 2492 2329 πρὸς
2520 2257 2706 2320 αὐτὸν,
2758 2255 2965 2323 Δεῖξον,
2997 2256 3126 2325 ἔφη,
3175 2254 3267 2307 τὸν
3308 2250 3645 2323 ἀδικήσαντά
3682 2266 3763 2313 σε,
3794 2249 3886 2301 καὶ
3908 2249 3942 2300 6

2354 2352 2486 2415 Θεὸς
2519 2351 2617 2403 σὺν
2664 2350 2742 2420 τῷ
2792 2346 3087 2419 πειρασμῷ
3131 2348 3347 2416 ποιήσει
3396 2346 3493 2396 καὶ
3532 2342 3633 2413 τὴν
3684 2340 3939 2394 ἑκϐασιν.

2357 2445 2467 2497 Καὶ
2498 2442 2759 2514 στραφεὶς
2808 2442 2837 2492 6
2886 2440 3146 2507 Ἰγνάτιος
3196 2438 3262 2509 τῇ
3299 2434 3450 2506 δεξιᾷ
3477 2434 3623 2505 χειρὶ
3661 2429 3943 2494 ἐπέδειξεν

2358 2538 2480 2608 ἐμὲ,
2517 2537 2691 2605 λέγων
2713 2551 2725 2565 ·
2756 2529 2926 2596 Οὗτος
2956 2533 3342 2604 περισσότερον
3375 2529 3595 2583 πάντων
3628 2523 3945 2594 ἐλυμήνατό

2364 2628 2589 2698 με’καὶ
2620 2625 2783 2695 κόρον
2839 2625 2939 2693 τῆς
2990 2623 3113 2677 κατ’
3164 2620 3300 2691 ἐμοῦ
3350 2620 3562 2691 ὕϐρεως
3614 2618 3715 2669 οὐκ
3758 2615 3942 2684 έσχεν.

2360 2715 2575 2781 Νεύσας
2615 2714 2709 2771 οὖν
2751 2719 2779 2771 6
2827 2717 2921 2769 ἐπὶ
2966 2716 3062 2769 τοῦ
3100 2714 3295 2786 θρόνου
3349 2713 3488 2783 πρὸς
3521 2710 3613 2763 τὸν
3657 2710 3722 2762 ἐκ
3749 2706 3946 2774 δεξιῶν

2363 2810 2531 2867 αὑτοῦ
2598 2807 3001 2877 καθεστηκότα,
3068 2808 3164 2860 καὶ
3223 2804 3429 2875 μικρὰν
3467 2802 3609 2856 πάνυ
3669 2799 3950 2869 μάχαιραν

2365 2902 2629 2964 ἐκϐαλὼν,
2663 2902 2741 2963 είς
2766 2900 3002 2969 ἐπήκοον
3031 2898 3250 2950 πάντων
3269 2896 3622 2965 ἀπεφήνατο·
3655 2893 3761 2945 Τὸν
3791 2889 3953 2959 θεόρ-

2365 3009 2550 3050 γιστον
2605 2989 2818 3058 Βάρδαν
2874 2985 3198 3056 παράλαϐε,
3245 2985 3341 3037 καὶ
3387 2984 3493 3056 πρὸ
3541 2981 3632 3035 τοῦ
3673 2980 3952 3051 νάρθηκος

2367 3083 2473 3149 ἔξω
2532 3080 2842 3149 κατάκοψον
2895 3078 3143 3148 μεληδόν.
3176 3077 3384 3130 Αὐτίκα
3417 3076 3616 3137 τοίνυν,
3655 3073 3955 3142 ἑλκόμενος

2371 3175 2533 3244 δῆθεν
2560 3173 2693 3242 πρὸς
2745 3173 2995 3236 θάνατον,
3037 3166 3197 3236 εἶδον,
3232 3170 3314 3222 ὅτι
3357 3168 3452 3220 καὶ⁵
3482 3167 3559 3237 τῷ
3602 3165 3811 3236 βασιλεί
3852 3162 3957 3231 τὴν

851 3239 995 3265 .,.....
1058 3239 1110 3248 ν-
1431 3239 1471 3241 __
1533 3239 1539 3240 ,
1690 3239 1719 3240 η

686 3290 968 3359 Exspecta,
1013 3287 1176 3355 impie
1222 3284 1320 3338 tili.
1381 3283 1558 3349 Atque
1598 3280 1671 3333 ita
1718 3275 1851 3332 mihi
1878 3277 2029 3331 visus
2059 3287 2178 3328 sum
2214 3286 2271 3325 re

2377 3239 2536 3339 χεῖρα
2573 3239 2851 3330 ἐπισείων,
2889 3264 3170 3330 Ἐκδεξαι,
3227 3262 3355 3332 ἔφη,
3403 3261 3799 3315 ἀσεϐότεκνον·
3860 3259 3961 3310 καὶ

686 3400 814 3436 vera
846 3379 1081 3435 concidi.
1117 3376 1241 3430 ΙΙωο
1278 3374 1482 3429 Caesari
1520 3372 1750 3426 attonito
1777 3377 1829 3423 ct
1860 3384 1983 3423 cum
2016 3362 2273 3434 lacrymis

689 3475 956 3541 narranti,
989 3470 1328 3541 TlieOpbilus
1363 3469 1594 3530 :Parce,
1636 3464 1835 3534 inquit,
1864 3460 2106 3531 domine,
2134 3455 2274 3511 infe-

693 3570 958 3624 licissimo
983 3566 1123 3632 seni,
1161 3573 1216 3617 et
1254 3562 1321 3617 ad
1375 3561 1465 3617 Dei
1498 3557 1735 3615 tribunal
1777 3554 2101 3624 respiciens,
2150 3563 2275 3603 eum

692 3658 1037 3738 rreqquure,
1065 3670 1244 3727 neque
1281 3654 1481 3724 injuria
1511 3652 1695 3706 laedas.
1723 3647 1830 3704 Sed
1860 3645 2065 3701 Bardas
2099 3658 2167 3696 ne
2197 3641 2280 3695 sic

692 3732 910 3822 quidem
954 3750 1127 3804 voluit
1176 3747 1498 3815 intelligere,
1533 3752 1593 3797 ut
1616 3743 1752 3797 bene
1795 3745 2015 3808 ageret;
2041 3732 2134 3789 sed
2168 3732 2279 3787 for-

695 3845 967 3900 midandis
992 3842 1144 3897 hisce
1174 3836 1698 3894 comminationibus
1726 3830 2003 3887 oblivione
2030 3825 2277 3896 svpultis,

702 3936 1016 4008 pr0peravit.
1058 3943 1281 4005 peccata
1340 3946 1439 3986 sua
1489 3928 1809 3997 adimplere,
1863 3924 2150 3993 utjustaui
2188 3917 2282 3971 Dei

697 4029 995 4083 vindictam
1053 4027 1106 4080 in
1172 4041 1232 4080 se
1290 4023 1613 4077 concitaret.
1668 4018 1864 4073 Statim
1912 4016 2132 4085 quippe,
2167 4012 2285 4081 ipso

699 4117 1167 4187 solemnisjejunii
1202 4115 1450 4179 exordio,
1484 4111 1721 4165 Leonem
1755 4109 1904 4162 illum
1922 4113 2285 4176 cognomento

700 4213 1036 4274 Ptaolemen,
1072 4217 1383 4279 cognatum
1418 4205 1618 4266 Piiotii,
1653 4218 1778 4257 cum
1811 4200 2072 4255 satellitio
2115 4200 2166 4251 in
2197 4198 2284 4252 in-

702 4305 875 4359 sulam
900 4303 1086 4367 mittit,
1115 4303 1362 4370 adeoque
1386 4309 1533 4352 arcte
1562 4294 1829 4351 custodiri
1866 4293 2111 4363 praecipit
2132 4292 2289 4361 lgna-

704 4399 858 4456 tium.
891 4406 948 4449 ut
992 4410 1061 4449 ne
1108 4394 1282 4449 sacris
1312 4392 1532 4461 quidem
1589 4388 1808 4457 operari
1857 4394 2064 4456 posset,
2117 4398 2290 4453 neque

702 4489 955 4559 cuiquam
1008 4487 1163 4556 copia
1227 4488 1378 4539 fieret
1426 4484 1574 4537 illius
1620 4479 2006 4543 conveniendi,
2058 4494 2157 4532 nec
2212 4477 2287 4531 illi

2375 3360 2547 3421 οὓτως
2592 3356 2827 3427 ἐμαυτὸν
2891 3351 3032 3408 εἶδον
3103 3354 3178 3415 ὡς
3231 3354 3380 3424 ῦπαρ
3428 3349 3957 3421 καταμελιζόμενον.

2376 3452 2563 3506 Ταῦτα
2603 3450 2703 3519 μὲν
2740 3452 2769 3503 ὁ
2821 3450 3041 3519 Καῖσαρ
3072 3444 3454 3517 θαμϐούμενος
3492 3443 3610 3514 ἅμα
3638 3440 3732 3495 καὶ
3753 3438 3962 3492 κλαίων

2377 3545 2641 3615 ἐξηγεῖτο.
2674 3541 2816 3613 Πρὸς
2872 3540 2930 3593 ὃν
2969 3542 3196 3603 ἐκεῖνος,
3250 3540 3460 3602 Φείσαι,
3491 3529 3537 3589 ῶ
3567 3534 3827 3594 δέσποτα,
3854 3529 3957 3584 τοῦ

2380 3636 2679 3692 παναθλίου
2710 3635 2989 3706 γέροντος,
3007 3631 3151 3695 εἷπε,
3188 3633 3284 3685 καλ.
3304 3630 3439 3701 πρὶς
3462 3630 3524 3682 τὸ
3550 3628 3647 3681 τοῦ
3670 3625 3807 3679 Θεοῦ
3832 3641 3964 3696 κρι-

2380 3732 2569 3802 τήριον
2599 3728 2843 3799 ἀφορῶν,
2893 3727 3032 3797 μήτε
3074 3722 3320 3789 δικαίως,
3361 3721 3488 3792 μήτ’
3530 3720 3624 3773 οὖν
3649 3718 3847 3779 ἀδίκως
3879 3716 3967 3769 ἔτι

2383 3819 2683 3889 πονηρεύου
2711 3819 2831 3873 κατ’
2867 3815 3052 3871 αὐτοῦ.
3088 3813 3226 3866 Ἀλλ’
3254 3814 3403 3883 ὅμως
3433 3813 3641 3874 ἐκεῖνος
3667 3807 3775 3862 οὐδ’
3786 3806 3970 3871 οὕτως

2382 3913 2659 3985 ἠϐουλήθη
2690 3911 2927 3964 συνιέναι
2966 3907 3060 3961 τοῦ
3091 3904 3362 3973 ἀγαθῦναι
3382 3920 3396 3934 ⁸
3427 3902 3733 3973 ἀμνηστείᾳ
3762 3900 3817 3952 δέ
3865 3897 3970 3967 τὴν

2386 4006 2633 4079 φρικώδη
2698 4004 2905 4071 ταύτην
2961 4001 3241 4072 παραδοὺς
3294 3996 3546 4065 ἀπειλὴν,
3586 3992 3814 4047 ἔσπευδε
3866 3988 3971 4053 τὰς

2385 4100 2592 4161 οἰκείας
2645 4094 3042 4166 ἀναπληρῶσαι
3093 4092 3394 4162 ἁμαρτίας,
3426 4088 3493 4142 ἶν’
3527 4087 3733 4141 ἔνδικον
3758 4081 3973 4139 ἀνωθεν

2389 4193 2474 4263 ἐφ’
2500 4191 2693 4259 ἐαυτρν
2716 4188 3092 4258 ἐπισπάσηται
3116 4186 3216 4255 τὴν
3258 4184 3450 4254 ὀργήν.
3490 4180 3665 4241 Εὐθὺς
3695 4176 3805 4247 γὰρ
3831 4174 3977 4246 πρὸς

2388 4285 2581 4345 αὐταῖς
2604 4282 2711 4335 τῶν
2736 4278 3000 4351 νηστειῶν
3029 4280 3151 4339 ταῖς
3194 4274 3497 4336 είσϐἀσεσι,
3525 4270 3733 4325 Λέοντα
3761 4269 3977 4321 ἐκεῖνον

2392 4377 2486 4429 τὸν
2504 4372 2519 4385 ⁶
2535 4374 2745 4443 [Ιταολή
2755 4388 2863 4444 μην
2924 4367 3420 4439 ἐπονομαζόμενον,
3443 4373 3448 4380 ’
3473 4362 3712 4432 συγγενῆ
3761 4358 3979 4413 Φωτίου

2395 4468 2755 4537 τυγχάνοντα,
2796 4465 2934 4535 μετά
2982 4458 3338 4533 στρατιωτῶν
3381 4458 3462 4521 είς
3499 4459 3599 4525 τὴν
3642 4453 3806 4521 νῆσον
3833 4452 3983 4505 ἀπο-

704 4582 958 4635 exeundi.
993 4580 1129 4634 Cum
1157 4580 1221 4634 ad
1255 4578 1474 4633 tertium
1501 4590 1745 4630 mensem
1785 4574 1858 4628 ita
1892 4573 2271 4629 circemclusu:

2400 4560 2629 4624 στέλλει,
2664 4558 2759 4612 καὶ
2785 4554 3159 4627 παραγγέλλει
3191 4551 3335 4605 οὕτω
3368 4546 3654 4620 τηρεῖσθαι
3680 4545 3773 4598 τδν
3801 4543 3985 4611 Ἰγνά-

707 4675 1022 4734 mansisset.
1060 4668 1556 4739 somniipracdictio
1599 4666 1997 4720 maturabatur.
2029 4662 2290 4717 Micliaele

708 4780 943 4830 namque
982 4760 1385 4830 expeditiooein
1420 4757 1472 4811 in
1518 4755 1736 4808 Cretam
1771 4752 2122 4820 suscipiente,
2156 4747 2287 4801 Bar—

709 4859 807 4912 das
857 4871 979 4909 cum
1051 4855 1143 4907 illo
1188 4851 1300 4921 jam
1356 4849 1422 4903 ad
1455 4845 1749 4901 Hortorum
1803 4845 1981 4898 locum
2015 4842 2107 4912 qui
2148 4840 2287 4894 dici-

710 4960 799 5004 tur
822 4960 1182 5019 progressus,
1237 4942 1385 5013 quod
1441 4940 1672 4995 insidias
1715 4936 2033 5007 imperatori
2080 4946 2291 4989 struere

711 5042 984 5096 diceretur
1004 5037 1233 5109 (cwlesti
1251 5048 1443 5103 nempe
1457 5033 1696 5087 vindicta
1716 5031 1866 5085 illum
1882 5025 2292 5099 prosequente),

714 5134 934 5187 ultimas
964 5131 1071 5184 lico
1099 5143 1290 5199 pinnas
1315 5124 1568 5191 exsolvit,
1603 5122 1904 5193 gladiisque
1926 5117 2296 5173 miserandum

714 5229 771 5281 in
842 5225 1062 5280 modum
1107 5221 1449 5277 membratim
1482 5228 1566 5273 est
1610 5217 1899 5272 dissertus.
1944 5212 2076 5266 Tam
2109 5209 2299 5265 infami

718 5318 865 5373 letlio
899 5317 1224 5371 exstinctus
1248 5322 1353 5375 est,
1387 5321 1445 5366 ut
1477 5310 1650 5379 ipsius
1679 5322 1896 5377 quoque
1935 5303 2301 5359 familiarissi-

720 5426 845 5463 mus
874 5408 927 5461 in
957 5422 1080 5461 cum
1137 5405 1509 5467 inveberetur,
1563 5399 1814 5469 quamvis
1859 5397 1926 5450 ab
1968 5410 2033 5450 eo
2070 5394 2301 5451 summis

721 5499 999 5555 beneficiis
1049 5498 1299 5559 affectus,
1331 5493 1734 5564 patriarcltatus
1783 5491 2100 5560 dignitatem
2150 5502 2304 5541 acce-

726 5593 914 5662 pisset.
940 5588 1043 5643 Sed
1071 5590 1215 5642 hunc
1248 5588 1334 5640 ille
1362 5586 1543 5638 vivum
1571 5584 1785 5652 quidem
1813 5582 2041 5634 niirilice
2068 5578 2301 5643 colebat,

728 5698 998 5749 saumque
1019 5680 1178 5750 quasi
1235 5679 1353 5732 \ita:
1406 5674 1691 5747 praisidetn
1726 5673 1980 5727 omnibus
2021 5668 2307 5740 prmconiis

729 5774 1031 5829 efferebat:
1067 5781 1348 5843 perempto
1398 5785 1522 5823 vero
1577 5767 1907 5838 palinodiam
1959 5764 2191 5829 cecinit,
2244 5776 2309 5815 ac

732 5866 879 5921 velut
907 5863 1303 5921 exsecrandum
1328 5863 1600 5924 quoddam
1633 5860 1904 5922 piaculum
1939 5857 2163 5925 dignum
2213 5855 2307 5909 tali

2398 4671 2532 4717 τιον,
2559 4652 2635 4715 ὡς
2662 4650 2734 4721 μὴ
2768 4648 2971 4713 ἐξεῖναι
2998 4645 3147 4715 αύτῷ
3177 4643 3497 4699 παντάπασι
3529 4639 3628 4709 τὴν
3660 4636 3814 4709 ἱερὰν
3840 4638 3983 4689 ἀνα-

2402 4746 2588 4816 φέρειν
2653 4740 3019 4811 λειτουργίαν,
3088 4738 3213 4808 μήτ’
3273 4735 3365 4789 οὖν
3426 4730 3801 4787 είσιέναιτινά
3842 4729 3990 4798 πρὸς

2403 4838 2587 4902 αὑτὸν,
2637 4834 2763 4906 μήτ’
2826 4832 3029 4897 ἐξιέναι
3086 4826 3509 4899 συγχωρεῖσθαι.
3576 4825 3697 4877 Ἐπὶ
3738 4824 3889 4893 τρεῖς
3925 4821 3990 4874 δὲ

2407 4930 2583 5000 μῆνας
2643 4930 2676 4997 ή
2730 4925 2955 4993 τοιαύτη
3000 4923 3128 4993 περὶ
3174 4921 3339 4974 αὑτὸν
3384 4915 3701 4988 ἐστερεοῖηο
3742 4913 3989 4982 φυλακὴ,

2404 5022 2499 5075 καὶ
2529 5019 2701 5083 οὕτως
2732 5020 2763 5088 ή
2796 5015 2890 5069 τοῦ
2924 5015 3199 5085 ὀνείρατος
3217 5011 3451 5080 ἔφθασεν
3472 5008 3765 5075 ἀπόφασις.
3803 5003 3994 5055 Ἐπει-

2406 5114 2623 5185 γομένῳ
2657 5112 2766 5180 γὰρ
2789 5108 2933 5163 κατά
2966 5107 3067 5175 τῆς
3100 5104 3325 5174 Κρήτης
3346 5100 3423 5171 τῷ
3451 5096 3672 5169 Μιχαὴλ
3700 5095 3796 5150 καὶ
3822 5092 3992 5157 αὐτὸς

2407 5210 2436 5261 6
2463 5205 2672 5277 Βάρδας
2703 5204 2831 5272 ἄχρι
2861 5200 2969 5253 τῶν
2996 5198 3306 5268 λεγομένων
3336 5195 3548 5264 Κήπων
3581 5186 3992 5259 συστρατεύων,

2409 5300 2529 5353 ἐκεῖ
2549 5276 2628 5366 δὴ
2675 5295 2774 5366 τὴν
2808 5291 3045 5362 ἐσχάτην
3079 5289 3225 5341 ἔτισε
3255 5286 3433 5354 δίκην.
3470 5282 3750 5353 Πρόφασιν
3780 5278 3890 5348 γὰρ
3912 5276 3999 5340 ὠς

2411 5388 2837 5444 ἐπιϐουλεύοντα
2884 5384 2962 5454 τῷ
3016 5380 3226 5453 βασιλεῖ
3286 5379 3319 5448 ἡ
3358 5375 3619 5446 θεήλατος
3663 5370 3828 5427 αὑτὸν
3863 5385 4002 5440 μετ-

2411 5482 2573 5552 ῆλθεν
2598 5478 2757 5549 ὀργὴ,
2790 5476 2885 5530 κα)⁸
2929 5474 3108 5544 ξίφεσι
3144 5469 3377 5540 μεληδὸν
3422 5466 3625 5527 ἀθλίως
3648 5460 4003 5516 κατακοπτό-

2416 5592 2599 5643 μενος,
2631 5572 2773 5626 οὒτω
2814 5567 3071 5630 δυσκλεὲς
3123 5564 3277 5626 τέλος
3319 5560 3693 5631 ἀπηνέγκατο,
3721 5555 3864 5608 ὥστε
3897 5555 4002 5607 καὶ

2416 5670 2506 5722 ὐπ’
2560 5665 2725 5720 αὑτοῦ
2790 5660 3203 5732 στηλιτευθῆναι
3236 5656 3329 5709 τοῦ
3372 5652 3651 5721 φιλτάτου.
3694 5649 3753 5700 Ὁ
3787 5646 3896 5717 γὰρ
3927 5648 4005 5701 τὰ

2421 5761 2632 5833 μεγάλα
2684 5754 3089 5827 εύεργετηθεὶς,
3144 5752 3236 5803 καὶ
3283 5748 3381 5819 τὴν
3437 5740 3845 5815 πατριαρχικὴν
3903 5740 4003 5793 ὑπ’

2418 5854 2625 5910 ἐκείνου
2677 5850 2844 5924 τιμὴν
2900 5845 3225 5919 κληρωοεὶς,
3279 5840 3457 5907 ζῶντα
3516 5837 3617 5910 μέν
3663 5832 4002 5905 ύπερετίμα,
