4194 6432
203 326 315 387 ὂῗΠ

1292 333 1463 391 VITA
1614 337 1814 401 IGNA'Q

1938 339 2044 399 (ΣΡ.
2082 339 2280 399 ARClI
2295 340 2437 399 lEP.
3380 352 3488 420 538

202 436 305 486 καὶ
334 434 651 505 προστάτην
683 429 794 503 εἶχε
829 434 921 487 τοῦ
972 435 1110 506 βίου,
1156 438 1437 503 παντοίαις
1485 443 1786 513 εὐφημίαις

1917 454 2067 501 norte
2092 447 2398 500 dictitabat.
2431 444 2539 502 lloc
2561 448 2777 519 ingenio
2805 450 3086 521 improbus
3108 453 3198 509 ille
3223 466 3489 518 veterator

200 526 627 596 ὑπερεπαινῶν
685 526 1009 581 ἀποθανόντι
1064 527 1123 580 δὲ
1166 527 1499 599 παλινῳδίας
1548 528 1663 605 ᾖδε,
1698 537 1792 588 καὶ¹

1917 536 2202 606 :tsophista
2219 536 2343 601 fuit,
2367 546 2424 590 ut
2447 552 2660 607 semper
2678 539 2797 594 foro
2811 550 2865 594 et
2882 544 3135 611 tempori,
3154 545 3491 616 principum-

200 617 284 680 ὡς
313 618 596 690 ἀλιτήριον
625 618 813 673 τοῦτον
861 619 956 672 καὶ
997 622 1457 691 τρισκατάρατον,
1499 623 1651 688 ἀξιον
1682 644 1796 680 τοι-

200 710 381 779 αύτης
406 713 734 783 ἀπεφήνατο
757 712 1037 782 τελευτῆς.
1058 712 1312 776 Τοιοῦτος
1335 716 1363 766 6
1391 714 1562 779 δεινὸς
1589 719 1798 783 ἐκεῖνος

200 799 276 871 ἦν
312 806 597 876 σοφιστὴς,
627 806 714 858 ἀεὶ
747 805 885 876 πρὸς
917 805 1045 867 τοὺς
1068 806 1298 877 καιροὺς
1326 807 1797 877 μεταϐαλλόμενος

202 900 303 952 καὶ
336 898 406 952 τά
436 900 759 971 πράγματα,
812 900 905 953 καὶ
954 902 1065 963 τοῖς
1106 899 1214 952 τῶν
1259 904 1609 971 κρατούντων
1656 920 1797 974 συμ-

201 992 615 1058 περιαγόμενος
644 990 967 1062 θελήμασιν.
1004 991 1063 1044 Ὀ
1086 990 1196 1062 γὰρ
1224 992 1323 1061 τῆς
1351 993 1647 1064 θεαρχικῆς
1680 995 1797 1064 βου-

200 1081 306 1150 λῆς
342 1084 439 1136 καὶ
471 1084 644 1154 ῥοπῆς
668 1083 736 1137 δι’
768 1085 1007 1153 ἔλλειψιν
1040 1084 1277 1148 πίστεως
1322 1085 1663 1156 διαμαρτὼν,
1699 1090 1795 1144 καὶ

198 1178 319 1239 τοῖς
344 1177 661 1246 ἀνθρώποις
716 1177 1058 1248 ἐπηλτιικὼς,
1114 1179 1304 1251 ἐπειδὴ
1344 1178 1531 1251 σαθρῷ
1557 1180 1794 1254 θεμελίῳ

1904 643 2009 697 que
2045 628 2245 683 studiis
2271 628 2690 697 obsequeretur.
2735 629 2839 696 Qui
2867 632 3014 686 enim
3046 635 3251 690 cmlcsti
3293 640 3488 708 spiritu

1903 722 2202 790 ductuque,
2230 724 2333 778 [ide
2363 723 2681 784 destitutus.
2713 739 2818 780 non
2868 726 3072 797 agitur,
3110 738 3162 782 et
3192 744 3316 797 spes
3358 748 3490 787 suas

1898 813 1953 867 in
1983 815 2309 871 mortalibus
2337 816 2471 871 sitas
2501 816 2683 880 habet,
2706 831 2829 870 cum
2854 818 3053 874 vitioso
3076 821 3330 891 putrique
3362 823 3489 878 l‘un-

1902 907 2162 964 damento
2193 918 2375 965 mente
2409 911 2636 975 nitatur,
2664 911 2877 965 tandem
2902 911 3221 969 inconstans
3240 923 3296 970 et
3332 918 3491 984 perti-

1899 1000 2002 1053 dus
2034 1000 2087 1053 in
2120 1015 2314 1058 omnes
2362 1001 2834 1072 deprehenditur:
2869 1005 3173 1072 potentium
3220 1007 3489 1077 palpator,

1896 1098 2268 1157 calumniator
2301 1116 2431 1157 vero
2463 1116 2801 1172 pauperum;
2848 1101 2943 1171 qui
2976 1102 3027 1156 id
3066 1118 3235 1158 ttnum
3284 1106 3491 1170 studet,

1898 1202 1957 1246 ut
1981 1193 2191 1279 placeat
2223 1196 2556 1265 potentibus,
2588 1210 2656 1250 ne
2685 1195 2949 1265 dignitate
2977 1197 3266 1265 spolietur.

198 1273 299 1324 τὸν
327 1272 457 1369 νοῦν
486 1274 846 1369 ἐπερείδεται.
899 1276 1130 1338 ἄπιστός
1181 1294 1240 1329 τε
1290 1276 1426 1348 πρὸς
1468 1277 1678 1343 πάντας
1742 1284 1836 1336 καὶ
1905 1272 2529 1364 ἀϐέϐαιοςίίλέγχεται·
2601 1295 2928 1366 ὑψουμένοις
2999 1297 3100 1366 μὲν
3158 1300 3489 1369 συνήγορος,

200 1366 594 1438 κατήγοροςδὲ
623 1368 908 1437 γινόμενος
936 1369 1417 1439 ταπεινουμένοις⁹
1466 1369 1562 1422 καὶ
1609 1371 1745 1441 πρὸς
1776 1372 1833 1427 ἓν
1875 1379 2034 1447 μόνον
2074 1383 2215 1452 δρῶν
2242 1384 2438 1453 ἀρέσαι
2491 1386 2604 1448 τοῖς
2654 1388 2919 1451 δυνατοῖς,
2955 1386 3050 1439 τοῦ
3095 1387 3173 1458 μὴ
3369 1366 3495 1442 κατ’

206 1459 386 1512 αὐτὸν
417 1459 597 1529 ἀρχῆς
625 1462 903 1513 ἐκπεσεῖν.

277 1554 419 1607 Τότε
476 1557 575 1625 μὲν
605 1554 699 1608 οὖν
753 1556 782 1607 6
832 1556 1193 1628 αὐτοκράτωρ
1228 1562 1512 1631 παρευθὺς
1545 1563 1682 1633 πρὸς
1703 1563 1802 1634 τὴν

204 1648 611 1717 βασιλεύουσαν
640 1648 970 1704 παλινοστεί.
1008 1651 1360 1723 Πεντηκοστὴ
1398 1655 1443 1708 δ’
1473 1657 1561 1726 ἀρ’
1587 1652 1679 1727 ἦν,
1709 1659 1803 1709 καὶ

1975 1564 2275 1637 Imperator
2320 1577 2434 1624 tum
2488 1581 2711 1640 repente
2763 1584 3032 1626 converso
3088 1571 3283 1627 itinere
3348 1572 3494 1628 Con-

1903 1661 2317 1731 stantinopolim
2374 1664 2587 1732 repetit.
2640 1664 2770 1717 Erat
2809 1673 2990 1717 autem
3042 1662 3389 1729 Pentecoste,
3440 1674 3495 1718 et

204 1740 500 1792 Βασίλειον
570 1741 862 1814 πατρίκιον
931 1742 1061 1797 ὄντα
1111 1744 1208 1796 καὶΙ
1274 1746 1794 1818 παρακοιμώμενον,

1917 1751 2174 1808 Basilium
2201 1755 2489 1823 patricium
2514 1756 2750 1810 cubiculi
2774 1757 2914 1811 sacri
2947 1756 3286 1825 prscfectum,
3307 1756 3493 1811 Caesa-

202 1831 486 1900 στέμματι
509 1835 959 1904 κατακοσμήσας,
991 1836 1573 1907 ἀναγορεύειβασιλέα.
1614 1840 1673 1893 '0
1706 1858 1802 1894 πο-

204 1925 316 1995 λύςρ
325 1944 440 1995 ρων
467 1926 523 1979 δὲ
542 1925 746 1990 Φώτιος
764 1928 1060 1997 πάμπολλα
1076 1929 1218 1983 κατά
1246 1930 1515 1986 Νικολάου
1528 1933 1623 1986 τοῦ
1648 1935 1807 1988 πάπα

205 2022 677 2092 μηχανορραφῶν,
733 2023 923 2095 ἐπειδὴ
952 2022 1106 2076 οὐδὲν
1136 2019 1281 2094 εἶχεν
1319 2024 1448 2079 ἄλλο
1496 2026 1631 2097 δρᾷν
1679 2026 1805 2081 κατ’

206 2114 408 2178 αὐτοῦ,
442 2114 620 2168 πείθει
650 2114 872 2179 πολλαῖς
905 2116 1267 2186 παραινέσεσι
1303 2117 1395 2171 τὸν
1434 2117 1659 2188 βασιλέα
1685 2136 1809 2172 συν-

200 2206 445 2269 αινέσαι,
485 2206 706 2259 σύνοδον
732 2206 1128 2278 συγκωτῆσαι,
1147 2209 1240 2261 καὶ
1261 2208 1447 2263 τοῦτον
1471 2210 1808 2282 καθαιρῆσαι

202 2299 308 2352 καὶ
342 2300 461 2362 τοῖς
496 2297 645 2369 αὐτῷ
672 2298 1026 2352 κοινωνοῦσιν
1066 2300 1373 2370 ἀφορισμδν
1405 2301 1808 2371 ἀντισηκοῦντα

202 2393 289 2461 τῷ
349 2393 487 2463 παρ’
539 2393 756 2446 ἐκείνου
786 2391 977 2463 πρώην
1024 2392 1335 2465 πεμφθέντι
1368 2394 1807 2465 διαπέμψασθαι.

204 2484 548 2553 Συναγαγὼν
573 2484 667 2539 οὖν
699 2486 909 2550 πάντας
941 2487 1068 2549 τοὺς
1127 2487 1220 2539 ὑπ’
1269 2487 1433 2540 αὐτὸν
1474 2488 1811 2552 ἐπισκόπους

201 2582 231 2633 6
264 2580 556 2647 γεννάδας,
604 2578 699 2633 καί
757 2596 912 2643 τινας
975 2580 1207 2650 μιαροὺς
1249 2580 1667 2651 ἀνθρωπίσκους
1716 2581 1812 2633 καὶ

206 2673 465 2743 ἀσήμους
514 2674 579 2725 ἐκ
639 2672 751 2726 τῶν
782 2672 1119 2727 ἀνατολικῶν
1182 2673 1345 2743 δῆθεν
1392 2674 1803 2744 πατριαρχείων

203 2764 597 2837 τοποτηρητάς
625 2765 986 2836 ἑπαγόμενος,
1027 2766 1122 2818 καὶ
1154 2765 1585 2836 ψευδοσύλλογον
1621 2766 1809 2819 ποιού-

208 2873 404 2924 μενος,
439 2856 791 2927 καθαίρεσιν,
834 2856 910 2920 ὡς
956 2856 1197 2926 ἐνόμιζε,
1231 2859 1326 2910 καὶ
1361 2858 1810 2929 ἀναθεματισμὸν

206 2950 303 3001 ἐπ’
329 2949 510 3001 οὐδενὶ
537 2948 682 3019 λόγῳ
714 2950 953 3003 ποιεῖται
976 2948 1270 3004 Νικολάου.
1296 2949 1500 3020 Δώροις
1534 2951 1644 3021 γὰρ
1666 2949 1807 3019 λαμ-

207 3044 377 3111 προῖς
402 3041 484 3094 ὅτι
518 3040 753 3110 μάλιστα
774 3040 867 3095 τὸν
895 3042 1040 3112 ρῆγα
1080 3041 1361 3110 Φραγγίας
1395 3041 1685 3111 Λοδόηχον,
1714 3042 1810 3093 καὶ

1910 1862 2023 1901 rem
2073 1848 2330 1917 imposito
2375 1856 2663 1904 stemmate
2718 1850 3012 1903 renuntiat.
3073 1847 3180 1901 Sed
3240 1858 3494 1903 versutus

1910 1941 2138 1997 Photius
2184 1941 2421 2011 plurima
2466 1941 2521 1995 in
2558 1940 2838 1995 Nicolaum
2894 1942 3205 2012 pontilicem
3240 1941 3493 2006 moliens,

1909 2050 2033 2090 cum
2061 2050 2285 2105 Operam
2314 2035 2557 2098 lusisset,
2592 2035 2907 2105 imperatori
2954 2034 3140 2090 multis
3184 2034 3367 2088 verbis
3411 2034 3497 2087 in-

1908 2123 2073 2177 citato
2095 2124 2153 2176 lit
2176 2133 2367 2177 auctor
2399 2123 2655 2192 COgendtB
2695 2122 2911 2194 synodi,
2934 2138 3039 2193 qua
3072 2122 3333 2177 Nicotaus
3361 2137 3499 2192 pon-

1909 2211 2043 2267 tifex
2091 2212 2303 2281 (eadem
2352 2214 2626 2267 sententia
2673 2216 2725 2267 in
2762 2214 2910 2268 illum
2949 2214 3078 2275 lata,
3113 2228 3277 2283 quam
3324 2228 3499 2283 nuper

1909 2305 2002 2359 ille
2035 2304 2087 2358 in
2120 2303 2373 2359 Photium
2408 2305 2626 2375 tulerat)
2678 2315 3085 2360 exauctoretur.
3123 2303 3329 2358 Evocat
3367 2319 3498 2374 ergo

1909 2397 2207 2468 praeclarus
2255 2397 2347 2451 ille
2401 2396 2631 2452 Photius
2657 2397 2949 2468 episcopos
2994 2411 3187 2452 omnes
3231 2397 3334 2452 sibi
3367 2397 3500 2450 sub-

1910 2492 2104 2561 iectos,
2165 2490 2412 2560 aliosque
2454 2490 2753 2546 nonnullos
2803 2489 2980 2545 [aedos
3015 2497 3071 2543 et
3116 2487 3370 2544 sordidos
3398 2486 3500 2541 ho-

1914 2585 2265 2648 munciones,
2300 2583 2459 2653 quasi
2519 2583 2956 2653 patriarcharum
3004 2581 3234 2636 orientis
3267 2580 3499 2649 legatos,

1912 2681 2233 2749 pseudoque
2261 2674 2531 2745 synodum
2577 2674 2839 2740 instituit,
2870 2684 2925 2729 et
2973 2672 3499 2737 exauctorationem,

1912 2780 1973 2825 ut
1998 2770 2246 2840 putabat,
2268 2776 2436 2838 atque
2466 2767 2758 2821 anathema
2799 2766 3004 2821 nullam
3037 2765 3110 2819 ob
3140 2764 3411 2818 rationem
3443 2763 3503 2817 in

1910 2861 2199 2917 Nicolaum
2236 2874 2432 2931 papam
2468 2860 2789 2929 pronuntiat
2824 2873 3044 2927 :regem
3086 2871 3308 2927 qttoque
3326 2853 3503 2908 Fran-

1912 2958 2011 3013 cia:
2032 2955 2374 3011 Lodoechum
2397 2954 2513 3025 (seu
2535 2952 2895 3023 Ludovicum)
2916 2962 2969 3006 et
2990 2951 3347 3020 lngelbertam
3366 2948 3506 3018 regi-

1916 3060 2038 3098 nam
2056 3043 2344 3114 conjngem
2374 3042 2723 3107 solticitat,et
2740 3042 3095 3112 imperatores
3111 3038 3505 3096 Constantino-

217 3132 601 3205 Ἦγγιόἐργαν
632 3132 692 3186 δὲ
728 3133 828 3205 τὴν
869 3133 1034 3187 αὑτοῦ
1071 3135 1316 3205 γαμετὴν
1347 3135 1800 3204 ὑποποιούμενος,

1917 3137 2013 3208 poli
2033 3147 2277 3192 creatum
2302 3136 2366 3190 iri
2390 3135 2694 3205 pollicetur,
2719 3136 2764 3190 si
2782 3149 3002 3205 operam
3024 3141 3286 3188 navarent
3305 3130 3372 3186 ad
3396 3131 3500 3185 im-

208 3226 462 3298 βασιλεῖς
494 3226 719 3291 τούτους
749 3227 1085 3297 ἀνευφημείν
1126 3229 1185 3280 ὲν
1233 3226 1806 3281 Κωνσταντινουπόλει

204 3319 611 3390 ἐπηγγέλλετο,
646 3320 761 3388 είγε
789 3322 1183 3391 συνεργήσαιεν
1215 3318 1367 3390 αὐτῷ
1392 3319 1527 3391 πρὸς
1549 3320 1650 3391 τὴν
1680 3319 1809 3373 ἀτοο

206 3430 318 3465 πον
343 3412 553 3482 ταύτην
579 3413 674 3465 καὶ
706 3412 946 3483 ἄθεσμον
984 3412 1323 3482 ὲπιθυμίαν,·
1344 3413 1438 3467 καὶ
1467 3413 1558 3466 τὸν
1605 3413 1812 3467 δίκαιον

206 3508 389 3577 ἀνδρα
409 3506 509 3576 τῆς
532 3505 656 3560 κατ’
680 3506 845 3560 αὐτὸν
884 3504 1209 3576 Ἐκκλησίας
1242 3505 1432 3575 βιαίως
1457 3504 1808 3574 έξωθήσαιεν.

207 3600 444 3654 Τούτων
493 3599 553 3653 δὲ
605 3598 1059 3669 ὑπισχνουμένων
1100 3598 1261 3666 λόγου
1294 3596 1508 3664 θᾶττον,
1550 3598 1760 3667 ἀλόγως
1784 3598 1813 3650 6

213 3697 455 3762 μάταιος
493 3693 674 3763 μάτην
736 3691 1094 3760 ἀπεφαίνετο.
1150 3690 1433 3745 Ἐντεῦθεν
1496 3691 1816 3762 ὑπογραφαὶ

210 3788 317 3842 καὶ
358 3785 542 3855 φωναὶ
577 3784 883 3839 κανονικῶν
923 3802 985 3839 τε
1024 3784 1340 3856 προσώπων
1371 3783 1466 3838 καὶ
1494 3783 1812 3846 πολιτικῶν,

211 3878 644 3952 μητροπολιτῶν
666 3879 764 3932 καὶ
811 3878 1121 3950 πατρικίων
1142 3894 1159 3909 ⁸
1210 3878 1388 3932 πάντα
1425 3876 1609 3943 καινὰ,
1639 3876 1817 3930 πάντα

210 3975 329 4028 τῶν
362 3974 460 4027 ἐπὶ
496 3975 701 4045 σκηνῆς
722 3970 1140 4045 θρυλλουμένων
1163 3971 1497 4042 ματαιότερα
1529 3970 1626 4023 καὶ
1645 3986 1819 4023 κατα-

211 4068 595 4138 γελαστότερα
617 4085 631 4099 ’
657 4068 690 4138 ἡ
716 4068 826 4137 γὰρ
846 4067 911 4120 ὲκ
927 4066 1118 4130 παιδὸς
1140 4064 1290 4136 αὐτῷ
1330 4064 1689 4136 παρεπομένη
1717 4064 1818 4133 τῆς

212 4162 406 4232 ψυχῆς
436 4158 636 4228 οἴησις,
673 4160 754 4222 είς
781 4157 1167 4230 ὑπερηφανίαν
1182 4174 1242 4211 τε
1259 4158 1450 4211 τοῦτον
1471 4157 1706 4227 ἐσχάτην
1730 4157 1822 4208 καὶ

214 4253 489 4306 ἀπόνοιαν
509 4249 908 4320 μετεωρίσασα,
934 4249 1106 4314 ἀδεῶς
1129 4267 1187 4303 τε
1204 4251 1300 4303 καὶ⁹
1316 4248 1549 4312 ἀναιδῶς
1566 4246 1821 4301 ἀνέπειθε

214 4346 289 4398 τά
314 4342 544 4400 τοιαῦτα
559 4341 788 4411 τολμᾷν.
806 4341 865 4395 '0
891 4341 990 4411 μὲν
1015 4335 1109 4394 οὖν
1132 4340 1304 4395 ταῦτα
1326 4340 1825 4409 κατασκευασάμε-

217 4454 337 4500 νος,
358 4434 450 4488 διά
474 4433 659 4505 χειρὸς
717 4433 989 4505 Ζαχαρίου
1033 4432 1131 4488 τοῦ
1179 4434 1405 4503 κωφοῦ,
1452 4434 1510 4497 ὃς
1541 4433 1632 4486 ὑπ’
1657 4433 1824 4486 αὑτοῦ

1911 3231 2058 3302 pium
2090 3245 2250 3285 suum
2283 3237 2539 3285 conatum
2562 3228 2997 3299 exsequendum,
3018 3236 3072 3282 et
3103 3225 3504 3296 virumjustum

1911 3340 1977 3379 ex
2009 3323 2236 3378 ecclesia
2270 3338 2367 3378 sua
2386 3322 2733 3392 exigemlum.
2768 3319 2841 3376 lis
2871 3335 3006 3375 vero
3037 3319 3183 3374 dicto
3199 3318 3365 3373 citius
3387 3316 3504 3387 pol-

1912 3415 2224 3480 llcentibus,
2264 3414 2470 3469 frustra
2522 3412 2725 3468 stultus
2784 3425 2943 3467 suam
2987 3408 3276 3465 stultitiam
3316 3416 3507 3461 osten-

1914 3507 2082 3561 tabat.
2122 3505 2260 3560 llinc
2286 3502 2745 3573 subscriptiones,
2770 3508 2826 3557 et
2851 3508 2978 3555 vota
3011 3498 3294 3553 hominum
3322 3510 3507 3552 sacro-

1913 3613 2034 3653 rum
2056 3607 2111 3652 et
2138 3596 2521 3668 profanorum,
2567 3592 3107 3664 archiepiscoporum
3146 3598 3200 3644 et
3246 3587 3507 3659 patricio-

1916 3706 2039 3747 rum
2089 3708 2103 3745 :
2152 3705 2291 3745 vana
2337 3688 2524 3743 omnia
2556 3726 2572 3752 ,
2629 3686 2817 3741 omnia
2879 3682 3243 3739 theatralibus
3307 3678 3511 3735 fabulis

1917 3783 2207 3855 ineptiora.
2231 3782 2367 3836 Nam
2397 3795 2520 3851 quae
2544 3780 2620 3834 illi
2644 3795 2675 3834 a
2708 3792 2879 3849 puero
2901 3776 3210 3830 adltaaserat
3238 3784 3509 3841 arrogans

1918 3877 2006 3934 sui
2044 3874 2403 3936 existimatio,
2428 3872 2620 3927 eadem
2672 3870 2739 3924 ad
2773 3883 3047 3926 summam
3078 3866 3231 3921 illum
3262 3863 3509 3919 insolen-

1919 3972 2051 4026 tiam
2072 3976 2485 4035 extremamque
2531 3963 2861 4019 dcmentiam
2898 3967 3147 4015 evectum
3179 3955 3509 4018 adducebat,

1921 4070 1980 4116 ut
2011 4059 2142 4113 talia
2175 4068 2287 4111 tam
2341 4054 2607 4109 audenter
2635 4062 2690 4108 et
2724 4050 3068 4121 impudenter
3113 4046 3362 4102 auderet.
3415 4042 3512 4099 His

1922 4153 2014 4208 ille
2036 4149 2294 4206 omnibus
2322 4144 2648 4217 procuratis,
2680 4143 2875 4198 insana
2904 4150 2958 4196 et
3003 4138 3269 4208 sacrilega
3294 4135 3505 4207 (conci-

1924 4243 2113 4300 liabuli
2146 4241 2257 4312 sui)
2293 4249 2415 4295 acta
2448 4253 2542 4309 per
2568 4235 2891 4292 Zachariam
2926 4233 3179 4304 Cophum
3205 4245 3235 4284 a
3264 4227 3507 4285 seChal-

1925 4337 2293 4394 cedonensem
2323 4332 2724 4401 metropolitam
2770 4338 3017 4383 creatum
3041 4364 3057 4390 ,
3086 4334 3141 4380 et
3164 4322 3513 4377 Theodorum

1930 4429 2253 4485 translatum
2292 4442 2323 4481 a
2371 4425 2533 4480 Caria
2565 4423 2634 4478 ad
2658 4421 3051 4477 Laodicensem
3103 4418 3512 4486 episcOpatum.

216 4531 323 4599 τῆς
338 4526 696 4596 Χαλκηδόνος
717 4526 1124 4599 κεχειροτόνητο
1148 4543 1251 4598 μητ
1262 4526 1569 4598 ροπολίτης,
1588 4527 1679 4579 καὶ
1695 4524 1814 4578 Θεοε

1932 4525 1986 4579 in
2034 4520 2243 4576 Italiam
2300 4517 2627 4574 transmisit.
2682 4514 2804 4584 lpse
2862 4528 2993 4567 vero
3051 4511 3277 4566 insitum
3322 4520 3513 4562 contra

215 4622 400 4695 δώρου
434 4620 530 4673 τοῦ
560 4620 665 4673 ἀπὸ
694 4620 909 4688 Καρίας
952 4622 1033 4683 εἰς
1065 4620 1385 4675 Λαοδίκειαν
1411 4619 1823 4689 μετατεθέντος,

217 4717 325 4777 τάς
354 4711 709 4780 παραλόγους
725 4710 891 4764 αὐτοῦ
916 4712 1013 4764 καὶ
1027 4714 1243 4781 ἐναγεῖς
1267 4712 1495 4783 πράξεις
1526 4712 1664 4783 πρὸς
1690 4713 1829 4766 Ἰτα-

217 4807 347 4859 λίαν
390 4803 803 4869 ἐξαπέστειλεν.
852 4804 1024 4866 Αὐτὸς
1055 4802 1112 4857 δὲ
1148 4804 1247 4874 τῆς
1283 4804 1529 4873 ἐμφύτου
1560 4804 1702 4857 κατά
1731 4803 1827 4857 τοῦ

218 4897 388 4968 ἁγίου
436 4896 657 4968 μήνιδος
686 4897 885 4967 εἴχετο,
931 4896 1026 4949 καὶ
1060 4894 1169 4948 τῶν
1200 4895 1443 4966 γνησίων
1466 4894 1632 4949 αὑτοῦ
1662 4894 1825 4965 θερα-

221 4992 477 5056 πευτῶν,
514 4991 717 5060 μᾶλλον
762 4989 819 5042 δὲ
850 4987 1042 5055 νόθων,
1083 4988 1241 5051 ὅσους
1265 4987 1518 5057 ἠδύνατο,
1545 4986 1822 5053 κλέπτων,

222 5087 326 5140 καὶ
356 5085 487 5144 ταῖς
540 5079 871 5152 ματαιότησι
914 5080 1024 5133 τῶν
1067 5079 1396 5150 ἀξιωμάτων
1440 5078 1730 5143 δελεάζων,
1758 5077 1826 5131 δι’

222 5178 411 5233 αὐτῶν
437 5176 543 5247 τὴν
574 5174 813 5245 πτέρναν
840 5172 932 5227 τοῦ
948 5172 1188 5228 ἀναιτίου
1212 5173 1469 5243 ἐπετήρει
1493 5191 1508 5204 ο
1541 5170 1829 5243 ἡμάρτανε

225 5279 289 5333 δὲ
311 5277 425 5330 τῶν
454 5274 728 5328 ἐλπίδων·
762 5273 943 5345 πάσης
975 5274 1085 5345 γὰρ
1124 5272 1457 5344 ὑψηλότερος
1492 5271 1829 5342 κατηγορίας

226 5371 258 5423 ό
289 5366 572 5439 μακάριος
595 5361 666 5438 ἦν
690 5383 704 5397 ·
738 5367 798 5419 ὲν
843 5367 959 5429 τοῖς
994 5364 1179 5437 ἔργοις
1208 5365 1264 5418 δὲ
1293 5364 1402 5417 τῶν
1434 5363 1635 5435 χειρῶν
1665 5363 1829 5418 αὑτοῦ

227 5461 571 5532 κακουργῶν
624 5459 1084 5528 συνελαμϐάνετο.
1135 5458 1373 5527 Ἀγνοῶν
1400 5457 1457 5510 δὲ
1492 5456 1710 5526 ἀληθῶς
1744 5460 1827 5521 εἰς

228 5556 354 5609 τίνα
379 5553 447 5608 τὸ
480 5552 685 5624 κράτος
718 5552 815 5621 τῆς
848 5552 1128 5621 βασιλείας
1166 5550 1541 5621 περιίσταται,
1576 5550 1705 5603 ποτὲ
1735 5550 1833 5620 μὲν

232 5651 374 5720 προς
398 5648 495 5701 τδν
522 5644 749 5717 Μιχαὴλ
780 5644 1027 5699 διέϐαλλε
1058 5643 1360 5708 Βασίλειον,
1386 5641 1542 5704 αὖθις
1570 5640 1627 5694 δὲ
1645 5641 1835 5694 τοῦτον

235 5741 371 5810 πρὸς
402 5742 639 5805 ἐκεῖνον,
676 5740 901 5809 ἀμφοῖν,
932 5738 1007 5803 ῶς
1035 5737 1271 5809 ἐνόμιζε,
1308 5736 1493 5806 φιλίαν
1521 5751 1834 5804 καταπρατσ

233 5835 485 5904 τόμενος,
535 5834 565 5887 6
628 5831 959 5904 ἀμφοτέρων
1010 5830 1107 5902 τὴν
1148 5828 1333 5900 φιλίαν
1372 5829 1471 5882 οὐκ
1520 5829 1576 5881 ἐν
1607 5826 1833 5897 ἀληθείᾳ

1928 4625 2178 4673 sanctum
2217 4613 2397 4668 virum
2429 4611 2614 4668 odium
2649 4609 2862 4671 alebat,
2901 4621 2966 4661 ac
2995 4612 3268 4675 quotquot
3298 4618 3365 4656 ex
3395 4600 3516 4671 ejus

1928 4709 2227 4779 germanis,
2284 4712 2377 4759 aut
2434 4701 2640 4772 spuriis
2671 4701 2855 4769 potius
2879 4697 3245 4754 sectatoribus
3281 4702 3515 4765 poterat,

1927 4801 2113 4855 furtim
2146 4800 2213 4854 ad
2246 4814 2306 4855 se
2340 4797 2608 4860 trahebat,
2639 4791 3113 4863 dignitatibusque
3140 4788 3378 4843 vesaniae
3406 4801 3519 4840 suae

1928 4894 2205 4955 illiciebat,
2240 4905 2335 4959 per
2358 4904 2497 4959 quos
2524 4886 2832 4942 innocentis
2887 4883 3153 4938 calcaneo
3217 4878 3518 4934 insidiaba-

1928 4996 2038 5040 tur.
2082 4984 2189 5038 Sed
2219 4983 2366 5037 enim
2415 4996 2510 5051 spe
2568 4978 2965 5039 frustrahatur,
3002 4974 3151 5045 quod
3207 4973 3401 5027 beatus
3432 4970 3522 5024 ille

1925 5080 2039 5151 jam
2069 5085 2219 5131 extra
2268 5090 2485 5130 onmem
2517 5080 2662 5126 esset
2684 5070 2857 5125 aleam
2881 5068 3289 5122 calumniarum
3323 5081 3337 5116 :
3366 5060 3516 5115 Pho-

1932 5174 2040 5229 tius
2067 5180 2248 5223 autem
2284 5168 2337 5221 in
2370 5164 2631 5236 operibus
2659 5176 2920 5216 manuum
2952 5174 3177 5216 suarum
3212 5156 3521 5224 malignans

1931 5242 2414 5333 capiebatur.‘Qui
2445 5272 2569 5312 cum
2594 5253 2795 5308 dubius
2824 5253 3076 5316 haereret,
3104 5250 3170 5304 ad
3202 5262 3366 5318 quem
3396 5256 3522 5299 tan-

1933 5356 2057 5410 dem
2082 5366 2297 5408 summa
2331 5346 2541 5419 imperii
2565 5353 2713 5400 esset
2743 5353 3088 5413 perventura,
3122 5338 3357 5393 subinde
3382 5335 3521 5406 apud

1937 5444 2258 5501 Michaelem
2330 5438 2589 5509 carpebat
2640 5434 2930 5497 Basilium,
2990 5445 3045 5486 et
3080 5431 3325 5485 vicissim
3380 5427 3523 5495 apud

1936 5540 2204 5594 Basilium
2263 5530 2606 5590 obtrectabat
2637 5527 2910 5588 Michaeli,
2949 5533 3109 5579 ratus
3142 5522 3432 5578 amborum
3466 5534 3527 5573 se

1938 5634 2013 5687 ita
2038 5627 2339 5686 amicitiam
2376 5622 2480 5678 sibi
2512 5616 3128 5690 comparaturum,dum
3156 5630 3283 5684 erga
3308 5623 3524 5666 utrum-

1937 5740 2046 5797 que
2076 5719 2511 5779 benevolentiam
2547 5712 2871 5775 simularet,
2924 5719 2984 5763 ut
3038 5718 3158 5762 uter
3208 5705 3428 5760 tandem
3459 5718 3525 5756 ex

1940 5795 2046 5879 illis
2082 5818 2233 5877 solus
2265 5809 2550 5884 imperium
2581 5806 2875 5872 obtineret,
2905 5804 3057 5859 illum
3087 5802 3190 5859 sibi
3224 5795 3526 5856 devinctis.
