4194 6432
737 361 842 423 {:39

1923 366 2216 426 NICETIS
2258 369 2786 430 PAPIILAGONIS

3899 374 4009 434 Si?)

741 476 941 525 simum
982 470 1220 525 haberet.
1246 470 1406 537 Atqui
1442 485 1550 524 non
1588 471 1837 541 probavit
1866 488 1921 526 se
1954 474 2174 539 Basilio,
2222 481 2312 545 qui

2435 479 2877 551 ὅποκρινόμενος,
2933 483 3029 536 καὶ
3077 482 3347 552 οἰόμενος,
3392 484 3466 547 ὡς
3494 487 3676 547 ὁποῖος
3705 486 3770 538 ἂν
3803 490 4019 541 τούτων

739 565 1032 619 admodum
1062 564 1391 628 ,veteratoris
1440 566 1586 622 illius
1644 567 1883 634 strophis
1915 569 2315 624 oli‘endebatur.

743 656 851 711 Nec
886 659 955 711 ita
994 659 1161 711 multo
1191 666 1314 727 post
1359 658 1475 728 ipse
1501 660 1729 714 Michael
1756 660 1823 715 ad
1857 664 2031 725 sancti
2072 662 2319 717 Matuan-

743 752 810 804 tis
844 750 1096 820 martyris
1152 751 1319 805 tndem
1375 767 1472 821 per
1520 752 1749 808 insidias
1803 764 2090 820 mactatur,
2127 757 2321 810 merito

741 844 1013 913 dignoque
1049 859 1147 898 sua
1199 847 1457 909 amentia,
1488 847 1695 901 scelere
1752 857 1807 903 et
1860 849 2157 918 impietate,
2209 849 2320 903 fato

742 936 1093 1004 perfunctus;
1130 954 1253 993 cum
1288 938 1579 1006 imperium
1632 956 1739 995 una
1771 957 1894 996 cum
1948 951 2119 995 matre
2147 957 2321 997 annos

740 1032 1075 1100 quindecim.
1120 1048 1333 1087 menses
1369 1041 1513 1098 octo,
1553 1034 1702 1088 solus
1720 1049 1921 1089 novem
1955 1050 2118 1104 prope
2146 1050 2320 1089 annos

741 1124 1178 1179 administrasset
1212 1139 1227 1177 :
1262 1141 1500 1195 cumque
1559 1128 1761 1181 malum
1820 1126 2040 1182 fecisset
2096 1129 2150 1183 in
2192 1144 2322 1183 con-

742 1227 928 1284 spectu
969 1217 1225 1271 Ecclesiae
1254 1217 1367 1279 Dei,
1389 1219 1566 1287 periit.
1600 1218 1759 1272 Initio
1790 1230 1969 1273 autem
2002 1220 2315 1275 indictionis

741 1309 947 1376 primm,
985 1324 1034 1360 ix
1096 1307 1215 1362 Kal.
1272 1308 1543 1373 Octobris,
1573 1309 1807 1366 Basilius
1854 1310 2001 1379 regia
2058 1319 2319 1381 occupata

744 1402 1043 1469 imperator
1076 1414 1158 1455 est
1191 1404 1613 1457 consalutatus:
1654 1404 1745 1472 qui
1807 1404 1994 1459 missis
2046 1407 2112 1458 ad
2167 1419 2322 1458 revo-

739 1493 973 1547 candnm
1004 1509 1066 1547 ex
1104 1494 1297 1547 itinere
1328 1492 1673 1559 Zachariam,
1734 1495 1888 1549 illum
1942 1512 1972 1551 e
2030 1495 2205 1550 media
2234 1494 2318 1548 via

741 1585 989 1638 retraxit.
1050 1583 1386 1653 Posteroquc
1438 1584 1527 1638 die
1589 1600 1751 1653 quam
1805 1585 2153 1638 renuntiatus
2201 1593 2321 1639 erat

740 1676 1055 1744 imperator,
1089 1673 1344 1729 Pltotium
1371 1674 1438 1729 de
1469 1677 1667 1729 tlu-ono
1696 1676 2042 1729 deturbatum
2068 1716 2082 1741 ,
2120 1676 2173 1729 in
2203 1690 2319 1730 οω-

740 1770 967 1822 nnbium
1045 1768 1251 1838 Scepen
1314 1769 1643 1838 appellatum
1697 1769 1882 1838 ejicit;
1950 1769 2323 1839 postridieque

2432 572 2788 642 μονοκράτωρ
2839 573 3153 645 ἀναδειχθῇ.
3185 575 3371 628 τοῦτον
3404 579 3483 639 είς
3523 578 3829 647 οἰκειότητα
3871 599 4015 651 προ-

2429 666 2708 733 στήσεται.
2736 666 2848 717 Ούκ
2878 667 3078 736 ἤρεσκε
3122 669 3178 722 δὲ
3222 669 3300 739 τῷ
3332 670 3594 742 Βασιλείῳ
3633 673 3826 737 ταῦτα,
3865 677 4011 728 πάνυ

2427 755 2481 807 δὲ
2519 757 2639 819 ταῖς
2675 759 3033 830 πανουργίαις
3057 761 3399 833 προσώχθισε
3428 764 3520 817 τοῦ
3572 767 3759 834 σοφοῦ.
3798 770 4017 839 Μικρὸν

2429 848 2488 900 τὸ
2529 849 2586 901 ἐν
2620 848 2791 919 μέσῳ,
2846 845 2939 904 καὶ
2992 852 3152 916 αὐτὸς
3186 856 3214 907 ό
3251 856 3469 926 Μιχαὴλ
3512 859 3645 929 πρὸς
3684 860 3763 929 τῷ
3795 862 4015 931 τεμένει

2429 942 2522 995 τοῦ
2568 942 2866 1013 Μάρτυρος
2901 944 3199 1015 Μάμαντος
3257 948 3644 1018 δολοφονεῖται.
3708 952 3864 1016 ἀξίαν
3908 954 4016 1023 τῆς

2428 1035 2629 1098 ἀνοίας,
2660 1035 2834 1088 είτουν
2872 1036 3085 1100 ἀδικίας
3112 1039 3276 1093 αὑτοῦ
3310 1041 3403 1092 καὶ
3431 1043 3683 1107 ἀσεϐείας
3710 1044 4012 1113 δεξάμενος

2427 1125 2714 1195 τελευτήν·
2769 1126 2993 1196 χρόνους
3046 1129 3148 1198 μὲν
3203 1132 3597 1185 πεντεκαίδεκα
3670 1135 3765 1188 καὶ
3827 1135 4015 1204 μῆνας

2427 1216 2572 1268 ὀκτὼ
2621 1216 3138 1287 συμϐεϐασιλευκὼς
3187 1223 3252 1290 τῇ
3312 1223 3502 1292 μητρί,
3554 1223 3711 1277 ἐννέα
3759 1224 3813 1277 δὲ
3856 1225 4014 1293 παρά

2432 1306 2602 1376 βραχὺ
2663 1309 2822 1378 μόνος
2885 1309 2981 1378 ἔτη
3026 1312 3423 1381 κεκρατηκὼς,
3481 1314 3576 1367 καὶ
3631 1315 3691 1367 τὸ
3769 1316 4015 1386 πονηρὸν

2429 1400 2658 1452 ἐνώπιον
2680 1402 2779 1470 τῆς
2805 1402 3131 1471 Ἐκκλησίας
3152 1404 3355 1474 Κυρίου
3402 1407 3741 1474 πεποιηκὼς,
3762 1408 4013 1476 τελευτᾷ.

2432 1492 2628 1562 Πρώτη
2691 1494 2791 1562 μὲν
2838 1494 3108 1548 ίνδικτιὼν
3167 1495 3312 1567 εἶχεν
3345 1499 3540 1568 ἀρχὴν,
3585 1500 3776 1554 εἰκάδα
3824 1500 3880 1553 δὲ
3916 1501 4020 1553 καὶ

2428 1583 2696 1653 τετάρτην
2733 1586 2761 1637 ό
2811 1585 3217 1658 Σεπτέμϐριος,
3268 1589 3364 1642 καὶ
3402 1593 3428 1645 ὁ
3472 1589 3748 1656 Βασίλειος
3780 1594 3914 1663 πρὸς
3944 1595 4019 1647 τὰ

2432 1678 2677 1747 βασίλεια
2707 1679 3192 1751 κατευθυνόμενος,
3220 1684 3579 1758 αὐτοκράτωρ
3624 1688 4016 1758 ἀνηγορεύετο.

2432 1771 2684 1840 Παρευϐὺ
2714 1771 2769 1824 δὲ
2806 1772 3027 1842 πέμψας
3076 1776 3156 1837 είς
3191 1777 3562 1849 καταδρομὴν,
3600 1781 3726 1842 τοὺς
3771 1781 3898 1850 περὶ
3922 1782 4018 1834 τὸν

743 1862 914 1915 [ﬁliam
974 1863 1503 1931 splendidissimum"
1535 1864 1696 1933 regis:
1734 1862 1928 1917 classis
1959 1863 2316 1933 drungarium

2435 1864 2699 1933 ζαχαρίαν
2734 1865 3083 1936 Καλχηδόνος
3106 1867 3171 1919 ὲκ
3199 1869 3373 1938 μέσης
3395 1871 3707 1941 ἀπέστρεψε
3739 1872 3838 1942 τῆς
3868 1873 4016 1927 ὖδοῦ.

738 1968 862 2005 cum
894 1950 1157 2005 dromone
1184 1955 1355 2021 regio,
1393 1967 1493 2006 seu
1548 1953 1754 2016 celoce,
1805 1952 1868 2006 ad
1908 1954 2318 2007 sanctissimum

736 2046 1106 2114 patriarcliam
1134 2062 1200 2102 ex
1233 2047 1410 2102 insula
1427 2045 1960 2116 Constantinopolim
1992 2061 2053 2101 ea
2088 2062 2193 2115 qua
2226 2062 2324 2116 par

735 2146 820 2191 est
852 2138 1077 2193 honoris
1108 2156 1304 2209 pompa
1344 2139 1719 2193 reducendum
1760 2139 1969 2194 mittit:
2009 2139 2101 2209 qui
2163 2140 2319 2193 illum

739 2232 1007 2300 tantisper
1056 2233 1109 2285 in
1157 2233 1402 2301 paternis
1433 2232 1642 2287 aedibus
1678 2232 1819 2297 suis,
1860 2246 1999 2301 quas
2051 2231 2317 2300 Mangana

737 2322 1035 2389 appellant,
1065 2325 1322 2379 collocat.

2429 1954 2508 2024 Τῇ
2542 1954 2663 2023 ἑξῆς
2686 1954 2743 2007 δὲ
2777 1956 2918 2024 μετὰ
2945 1958 3046 2027 τὴν
3067 1958 3449 2029 ἀναγόρευσιν,
3482 1961 3578 2014 τοῦ
3612 1965 4020 2034 πατριαρχικοῦ

2426 2044 2620 2115 Θρόνου
2656 2044 2747 2098 τὸν
2782 2044 2989 2100 Φώτιον
3023 2049 3406 2114 καταϐιόάζει,
3454 2052 3551 2105 καὶ
3580 2055 3636 2105 έν
3663 2056 4022 2125 μοναστηρίῳ

2430 2140 2539 2191 τινὶ
2602 2139 2925 2210 καλουμένῳ
2987 2141 3178 2213 Σκέπῃ
3224 2143 3416 2197 τοῦτον
3450 2145 3610 2209 εὐθὺς
3660 2148 4017 2219 ὑπερορίζειο

2422 2231 2518 2282 καὶ
2566 2233 2632 2301 τῇ
2689 2232 2953 2302 ἐπαύριον
3011 2234 3197 2287 Ἠλίαν
3256 2237 3349 2289 τὸν
3404 2240 3870 2310 περιφανέστατον
3914 2241 4018 2294 τοῦ

2424 2322 2707 2393 βασιλικοῦ
2731 2326 2921 2380 στόλου
2965 2328 3327 2399 δρουγγάριον
3360 2332 3458 2383 σὺν
3494 2334 3574 2402 τῷ
3602 2333 3865 2404 βασιλικῴ
3891 2334 4022 2403 δρό-

741 2432 880 2485 μωνι
930 2416 1065 2486 πρὸς
1125 2417 1217 2470 τὸν
1252 2416 1555 2485 ἁγιώτατον
1582 2416 1901 2471 ἀποστέλλει
1941 2416 2313 2487 πατριάρχην,
2354 2416 2503 2481 ὅπως
2564 2418 2727 2470 αὐτὸν
2782 2420 2846 2472 ὲκ
2892 2421 2991 2490 τῆς
3038 2424 3205 2492 νήσου
3243 2423 3379 2494 πρὸς
3447 2426 3546 2495 τὴν
3625 2426 4024 2495 βασιλεύουσαν

740 2509 881 2579 μετά
909 2509 1010 2578 τῆς
1035 2511 1352 2580 πρεπούσης
1382 2511 1653 2581 ἀνενέγκῃ
1686 2509 1856 2596 τιμῆς
1877 2526 1891 2540 °
1918 2513 2016 2564 καὶ
2046 2510 2182 2575 τέως
2216 2509 2313 2579 μὲν
2353 2512 2410 2562 ἐν
2472 2513 2584 2574 τοῖς
2646 2517 2887 2581 γονικοῖς
2945 2516 3111 2569 αὐτοῦ
3171 2518 3457 2582 παλατίοις
3503 2522 3617 2585 τοῖς
3651 2522 4013 2593 καλουμένοις

736 2604 1049 2672 Μαγκάνοις
1086 2604 1517 2674 ἀποκαθίστησιν
1541 2604 1724 2657 αὐτόν.

810 2701 879 2757 Ut
907 2718 1038 2758 vero
1070 2703 1333 2773 improbe
1353 2712 1499 2759 artes
1527 2720 1717 2759 omnes
1751 2714 1942 2761 contra
1981 2707 2156 2761 virum
2191 2721 2322 2760 san-

735 2806 886 2851 ctum
941 2797 1204 2851 omnibus
1233 2804 1475 2866 pateant,
1515 2797 1607 2866 qui
1655 2797 2013 2867 apprehendit
2046 2798 2321 2867 sapiu-mes

738 2891 791 2943 in
825 2888 1027 2943 astutia
1058 2903 1275 2953 eorum,
1316 2898 1373 2945 et
1417 2890 1708 2944 consilium
1743 2906 2033 2960 pravorum
2070 2892 2321 2961 dissipat,

737 2982 828 3035 ille
887 2982 1049 3035 etiam
1097 2981 1409 3050 imperatori
1465 2982 1650 3051 injecit
1702 2998 1821 3037 eam
1874 2992 2135 3050 mentem,
2172 2994 2229 3038 ut
2259 2984 2325 3039 ad

736 3072 988 3127 Photium
1047 3052 1310 3139 mitteret,
1355 3072 1702 3144 juberetque,
1754 3075 1939 3130 omnia
1980 3092 2101 3145 quae
2159 3092 2187 3130 a
2232 3093 2327 3146 pa-

2504 2700 2625 2753 "Iva
2650 2699 2707 2752 δὲ
2738 2701 2886 2754 πᾶσα
2939 2703 2973 2772 ἡ
3028 2701 3167 2755 κατά
3204 2701 3298 2755 τοῦ
3326 2702 3485 2771 ἁγίου
3525 2703 3749 2773 γένηται
3779 2707 4025 2774 πονηρία

2431 2793 2813 2863 καταφανὴς,ό
2835 2793 3203 2865 δρασσόμενος
3231 2798 3359 2859 τοὺς
3386 2797 3585 2866 σοφοὺς
3601 2797 3659 2849 ἐν
3687 2800 3751 2867 τῇ
3775 2815 4023 2871 πανουρο

2432 2885 2525 2954 γίᾳ
2557 2884 2759 2951 αὐτῶν,
2820 2885 3177 2938 πολυπλόκων
3230 2885 3285 2938 δὲ
3317 2886 3513 2955 βουλάς
3565 2886 3808 2952 ἐξιστῶν.
3855 2890 4027 2955 αὐτὸς

2432 2976 2693 3046 ἐμϐάλλει
2739 2978 2833 3031 καὶ
2886 2977 2963 3049 τῷ
3012 2979 3377 3049 αὐτοκράτορι
3420 2979 3686 3051 Βασιλείῳ
3733 2980 4023 3052 λογισμόν.

2435 3070 2543 3121 Καὶ
2576 3070 2894 3123 ἀποστέλλει
2956 3071 3094 3141 πρὸς
3120 3071 3349 3138 Φὼτιον,
3407 3073 3475 3126 τὰ
3509 3074 3770 3144 ίδιόχειρα
3814 3078 4023 3141 πάντα,

738 3164 998 3219 triarcliio
1029 3164 1375 3234 sumpsisset,
1428 3181 1593 3219 manu
1654 3181 1753 3221 sua
1796 3167 2018 3236 scripta,
2055 3170 2326 3237 quampri-

2436 3161 2534 3214 ὅσα
2556 3162 2665 3214 ἀπὸ
2702 3162 2795 3215 τοῦ
2830 3165 3223 3235 πατριαρχείου
3274 3165 3476 3220 κατιὼν
3514 3166 3727 3229 ἐλαϐεν,
3776 3168 4027 3240 ἀνυπερ-

736 3272 886 3310 mum
923 3257 1025 3311 sibi
1075 3257 1390 3311 transmitti.
1444 3257 1548 3311 Sed
1613 3258 1889 3327 pejerabat
1947 3260 2056 3324 ille,
2104 3261 2237 3314 nihil
2272 3277 2329 3316 se

735 3364 799 3402 ex
836 3349 1170 3418 patriarchio
1220 3365 1405 3405 secum
1468 3352 1765 3419 accepisse,
1811 3367 1876 3405 co
1917 3353 2062 3423 quod
2115 3370 2333 3424 urgere-

739 3453 826 3494 tur
858 3443 925 3495 ad
976 3442 1308 3497 discessum.
1360 3444 1497 3496 Dum
1552 3444 1665 3497 lucc
1695 3445 1761 3498 ad
1800 3445 2031 3499 Baanem
2075 3447 2333 3515 praeposi-

737 3544 852 3588 tum
906 3533 1245 3597 dicerentur,
1284 3534 1474 3589 famuli
1506 3537 1784 3606 praepositi
1814 3553 1843 3591 a
1874 3538 2332 3594 tumultuantibus

738 3627 879 3681 inter
910 3642 969 3681 se
992 3626 1171 3682 Photii
1200 3627 1397 3689 servis,
1424 3636 1630 3697 septem
1666 3643 1857 3683 saccos
1888 3614 2136 3697 refertos,
2162 3632 2333 3701 plum-

739 3718 920 3788 boque
976 3718 1242 3787 signatos,
1279 3716 1331 3770 in
1393 3719 1702 3787 proximum
1752 3721 2146 3776 arundinetum
2203 3738 2333 3777 con-

738 3809 949 3863 dendos
996 3808 1127 3864 ferri
1167 3808 1629 3875 animadvertunt,
1667 3828 1944 3882 manuque
1980 3814 2176 3882 injecta
2212 3832 2332 3870 ere.

738 3918 862 3974 ptos
908 3905 976 3959 ad
1006 3905 1388 3974 imperatorem
1420 3908 1731 3977 deportant.
1774 3908 1835 3964 Et
1866 3911 1993 3965 dum
2028 3913 2331 3982 resignant,

738 3998 850 4053 duo
910 3998 1194 4053 volumina
1243 4014 1378 4054 auro
1412 4010 1750 4070 argentoque
1785 4002 2084 4070 bractcata,
2123 4006 2331 4060 serico-

735 4106 845 4159 que
887 4100 1197 4146 extrorsum
1253 4092 1452 4158 velata,
1515 4094 1813 4148 introrsum
1877 4110 2007 4149 vero
2055 4097 2333 4167 eleganter

737 4193 793 4237 et
820 4183 958 4238 scite
986 4184 1181 4239 litteris
1210 4187 1457 4239 venustis
1481 4195 1705 4241 exarata
1744 4189 2043 4256 reperiunt.
2082 4189 2331 4245 Alterum

737 4275 1058 4331 continebat
1099 4278 1350 4332 actiones
1382 4288 1591 4347 septem
1635 4278 1925 4346 synodit-as
1951 4292 2141 4335 contra
2178 4280 2335 4350 lgna-

742 4368 901 4433 tium,
957 4383 1080 4435 quae
1104 4383 1202 4423 nec
1233 4377 1381 4434 sunt,
1413 4385 1514 4423 nec
1560 4368 1782 4423 fuerunt
1816 4386 2056 4440 unquam
2088 4372 2333 4426 celebra-

741 4468 829 4520 ιω,
858 4458 951 4513 sed
983 4459 1153 4529 gratis
1195 4470 1378 4514 astuta
1424 4460 1692 4514 duntaxat
1748 4471 1929 4516 mente
1974 4462 2240 4517 confictas.
2272 4463 2329 4517 lu

2438 3254 2614 3317 οέτως
2645 3254 2793 3325 αὐτῷ
2826 3256 3040 3326 πέμψαι
3090 3258 3610 3327 παρεκελευόμενος.
3647 3259 3707 3312 '0
3741 3260 3799 3312 δὲ
3833 3261 4027 3332 ὅρκους

2435 3347 2711 3415 ἐψεύδετο,
2738 3349 2905 3418 μηδὲν
2927 3348 3169 3401 τοιοῦτον
3193 3350 3403 3403 ἐκεῖθεν
3425 3350 3632 3415 λαϐεῖν,
3663 3351 3740 3421 τῷ
3772 3352 4033 3405 κατεπεί-

2435 3438 2628 3507 γεσθαι
2662 3440 2797 3509 πρὸς
2826 3439 2926 3509 τὴν
2959 3440 3283 3494 κατάϐασιν.
3336 3442 3423 3502 Ὠς
3449 3438 3542 3493 οὖν
3577 3440 3750 3494 ταῦτα
3780 3434 4031 3511 παρ’άύ-

2433 3530 2526 3583 τοῦ
2568 3530 2705 3601 πρὸς
2748 3531 2840 3583 τὸν
2865 3533 3225 3603 πραιπόσιτον
3258 3533 3472 3603 Βαάνην
3508 3533 3746 3601 ἐλέγετο,
3778 3534 3826 3584 oi
3852 3533 4027 3585 αὑτοῦ

2434 3623 2828 3695 Οορυόούμενοι
2868 3623 3244 3693 θεραπευταὶ,
3299 3625 3439 3677 έπτά
3492 3627 3730 3688 σάκκους
3791 3625 4028 3694 πλήρεις

2432 3716 2907 3787 έσφραγισμένους
2954 3716 3189 3787 μολίϐδῳ
3254 3717 3335 3778 είς
3392 3717 3483 3769 τὸν
3540 3717 3771 3786 πλησίον
3809 3718 4033 3770 ἐνίεσαν

2434 3811 2737 3880 καλαμῶνα
2777 3810 3217 3879 κατακρύόοντες
3241 3827 3255 3840 ·
3291 3810 3383 3872 οὓς
3421 3811 3609 3881 οἱπερὶ
3642 3811 3733 3863 τὸν
3774 3812 4033 3879 πραιπόο

2435 3922 2582 3956 σιτον
2613 3904 2834 3967 ἰδόντες,
2868 3904 2965 3955 καὶ
3012 3904 3109 3971 τῆς
3158 3902 3341 3974 χειρὸς
3379 3904 3831 3973 ἀφαρπάσαντες,
3884 3904 4031 3970 πρὸς

2433 3998 2526 4049 τὸν
2577 3996 2805 4066 βασιλέα
2848 3996 3217 4065 ἀπεκόμισαν.
3284 3995 3621 4061 Ἀνοίξαντες
3673 3994 3729 4047 δὲ
3773 3993 4029 4057 τούτους,

2433 4089 2528 4141 δύο
2570 4089 2885 4158 εὑρίσκουσι
2942 4086 3120 4157 βιϐλία
3164 4086 3351 4157 χρυσῷ
3386 4088 3479 4139 καὶ
3512 4084 3739 4155 ἀργύρῳ
3772 4090 4031 4153 σηρικοῖς

2434 4181 2730 4251 ὲνδύμασιν
2750 4179 2949 4244 ἔξωθεν
2973 4179 3389 4249 κεκοσμημένα,
3421 4177 3625 4231 ἔσωθεν
3643 4177 3696 4229 δὲ
3719 4176 4033 4245 φιλοκάλως

2437 4273 2531 4326 καὶ
2553 4272 2831 4342 ἐπιμελῶς
2856 4272 3148 4341 γράμμασι
3170 4270 3531 4349 γεγραμμένα
3560 4270 3832 4341 τερπνοῖς.
3863 4269 4033 4338 Περι-

2436 4368 2547 4436 εῖχε
2582 4366 2639 4419 δὲ
2685 4365 2745 4419 τὸ
2785 4365 2842 4416 ἓν
2880 4365 3105 4436 πράξεις
3137 4364 3277 4417 ἐπτά
3295 4363 3727 4427 συνοδικάς,τάς
3752 4362 4033 4432 μηδέπτε

2438 4460 2624 4527 οὔσας,
2657 4460 2689 4530 ἢ
2718 4459 3040 4529 γενομένας,
3102 4456 3246 4511 κατά
3287 4456 3381 4510 τοῦ
3435 4457 3721 4524 Ἰγνατίου,
3758 4456 3938 4523 μάτην
3972 4454 4034 4507 δὲ

742 4567 973 4619 quarum
1025 4553 1256 4623 singulis
1312 4554 1506 4620 initiis,
1549 4570 1712 4609 manu
1784 4556 1956 4625 ipsius
2005 4555 2328 4627 Syracusani

2440 4553 2795 4621 κακοδαίμονι
2826 4552 2985 4622 μόνον
3011 4550 3510 4620 ἀναπεπλασμένας
3549 4548 3778 4619 διανοίᾳ.
3799 4548 3889 4600 Ἐν
3907 4550 4037 4610 ταῖς

746 4642 996 4697 Asbcstaa
1044 4645 1283 4715 (egregie
1331 4647 1502 4709 enim,
1535 4647 1601 4700 ad
1639 4647 1945 4713 cumulum,
1980 4664 2124 4713 reor,
2169 4649 2341 4702 malo-

745 4751 891 4800 rum,
938 4745 994 4791 et
1050 4738 1307 4808 pingendi
1368 4741 1662 4795 artificium
1717 4740 2011 4807 didicerat)
2064 4743 2341 4796 coloribus

746 4828 1061 4884 artificiosis
1096 4844 1393 4899 expressus
1424 4841 1541 4885 erat
1573 4831 1838 4902 lgnatius.
1879 4833 1923 4886 0
1951 4833 2225 4888 rabiosum
2254 4833 2342 4887 fu-

748 4934 952 4984 rorem,
985 4936 1018 4975 ο
1068 4920 1330 4976 furiosam
1386 4922 1615 4988 rabiem,
1649 4923 1736 4978 cui
1772 4922 1908 4977 nihil
1968 4923 2091 4977 addi
2144 4924 2337 4993 possit!

745 5014 926 5082 Atque
982 5015 1034 5069 in
1079 5015 1255 5086 prima
1308 5016 1527 5085 quidem
1571 5017 1790 5072 actione
1832 5025 2105 5087 raptatum
2140 5024 2194 5070 et
2229 5032 2343 5070 ver-

750 5110 997 5162 beratum
1029 5109 1293 5177 lgnatium
1327 5110 1554 5173 ellinxit,
1585 5126 1863 5179 supraque
1930 5120 2093 5181 caput
2143 5110 2341 5165 inscri-

749 5203 888 5273 psit:
925 5202 1201 5257 Diabolus.
1236 5203 1491 5275 Nunquid
1522 5203 1931 5259 nonmalcdictf
1949 5204 2342 5259 exhorrescitis

749 5298 1085 5351 atrocitatem
1118 5295 1141 5349 ?
1172 5294 1277 5353 Sed
1314 5311 1419 5350 non
1456 5307 1556 5361 est,
1593 5297 1739 5366 quod
1774 5296 2071 5350 miremini.
2121 5295 2257 5350 Nam
2292 5296 2339 5350 si

751 5387 1209 5457 patremfamilias
1236 5390 1581 5458 appellarunt
1630 5387 1954 5450 Beelzebub,
1998 5388 2340 5443 domesticos

752 5479 875 5547 ejus
904 5480 1179 5549 quomodo
1213 5481 1555 5550 appellarent
1585 5482 1686 5535 ?ln
1717 5481 1886 5536 altera
1918 5480 2133 5535 actione
2169 5480 2342 5550 sputis

756 5572 1044 5634 fteJatum,
1092 5588 1399 5643 magnaque
1440 5574 1490 5626 \‘i
1545 5584 1777 5629 tractum
1830 5573 2161 5639 ell'ormavit,
2212 5588 2338 5628 cum

756 5666 867 5722 hoc
952 5666 1131 5736 elogio
1202 5685 1214 5721 :
1296 5667 1627 5736 Principium
1703 5666 1933 5735 peccati.
1997 5664 2053 5719 lu
2130 5666 2335 5731 tertia,

752 5760 821 5815 de
891 5761 1088 5816 throno
1164 5760 1535 5825 deturbatum,
1616 5775 1740 5814 cum
1821 5759 1921 5815 hoc
2001 5758 2338 5813 titttlozFi-

755 5853 865 5910 lius
911 5854 1249 5926 perditionis.
1316 5854 1371 5909 ln
1427 5863 1644 5925 quarta,
1692 5852 1926 5909 Vinculis
2001 5850 2335 5923 colligatum,

2442 4648 2636 4715 ἀρχαῖς
2666 4644 2722 4698 δὲ
2754 4644 2960 4697 τούτων
3005 4643 3090 4713 ἐφ’
3124 4644 3361 4711 ἑκάστης
3414 4640 3687 4710 πράξεως,
3724 4638 4036 4709 αὐτουργία

2442 4737 2536 4791 τοῦ
2562 4734 2932 4807 Συρακουσίου
2967 4737 3232 4788 Ἀσόεστᾶ
3277 4730 3379 4804 (ἦν
3410 4735 3517 4804 γὰρ
3551 4734 3645 4787 καὶ
3676 4732 3974 4801 ζωγράφος
4006 4732 4037 4783 ὁ

2445 4830 2729 4898 γεννάδας,
2773 4830 2854 4891 είς
2897 4826 3220 4897 προσθήκην
3258 4824 3366 4878 τῶν
3401 4823 3568 4878 αὑτοῦ
3595 4822 3801 4883 κακῶν,
3831 4817 4035 4890 οἶμαι)

2443 4920 2531 4974 διὰ
2557 4920 2918 4990 χρωματικῆς
2968 4918 3289 4988 ζωγραφίας
3329 4916 3703 4987 ἐνεγέγραπτο
3744 4913 4035 4981 Ἰγνάτιος.

2444 5015 2554 5066 Καὶ
2586 5013 2652 5082 (ὣ
2696 5013 2795 5082 τῆς
2843 5010 3151 5065 ἀκαθέκτου
3188 5009 3427 5080 λύσσηςι
3474 5008 3518 5060 ὦ
3548 5007 3743 5078 μανίας
3772 5004 4039 5073 οὐδεμίαν

2444 5106 2755 5176 ὑπερϐολὴν
2812 5103 3211 5173 ἀπολειπούσης
3235 5103 3273 5173 ι)
3305 5103 3445 5155 κατά
3495 5103 3595 5171 τὴν
3652 5099 3877 5171 πρώτην
3930 5097 4039 5165 μὲν

2444 5198 2642 5270 πρᾶξιν
2674 5196 2976 5268 συρόμενόν
3010 5212 3068 5247 τε
3106 5194 3269 5247 αὑτὸν
3301 5194 3395 5245 καὶ
3436 5190 3822 5262 ραὀδιζόμενον
3857 5188 4037 5257 ἐμόρ-

2447 5308 2654 5362 φωσεν,
2683 5288 2889 5343 ἀνωθεν
2921 5288 2977 5340 δὲ
3006 5287 3100 5357 τῆς
3129 5286 3370 5354 κεφαλῆς
3398 5283 3708 5355 ἐπέγραψεν
3732 5298 3745 5311 °
3783 5302 3799 5333 ι
3840 5280 4039 5335 Ὀδιάο

2444 5385 2618 5445 ὕθλος.
2646 5376 2743 5435 »Ἃ
2752 5381 2801 5452 ρ’
2816 5381 2916 5433 οὐκ
2940 5379 3194 5451 ἐφρίξατε
3216 5379 3315 5449 τὴν
3338 5376 3644 5445 ὑπερόολὴν
3664 5375 3761 5444 τῆς
3781 5373 4037 5443 βλασφη-

2448 5477 2607 5548 μίας;
2640 5475 2801 5528 Ἀλλὰ
2836 5474 2909 5544 μὴ
2941 5474 3282 5544 Θαυμάσητε.
3302 5472 3365 5525 Εἰ
3390 5471 3499 5540 γάρ
3522 5470 3611 5522 τὸν
3643 5467 4037 5535 οἰκοδεσπότην

2445 5572 2772 5636 Βεελζεϐοὺλ
2802 5570 3090 5634 ἐκάλεσαν,
3124 5569 3174 5623 τί
3204 5568 3335 5639 πρὸς
3356 5567 3481 5630 τοὺς
3514 5565 3790 5626 οἰκιακοὺς
3822 5562 4037 5629 αὐτούς

2447 5666 2603 5719 Κατά
2625 5664 2723 5735 τὴν
2755 5662 3014 5732 δευτέραν
3030 5660 3085 5713 δὲ
3112 5660 3510 5730 ὲμπτυόμενον,
3539 5656 3633 5709 καὶ
3656 5655 3843 5726 βιαίως
3877 5655 4040 5707 ἑλκό-

2448 5775 2605 5828 μενον
2623 5756 2806 5820 αὐτὸν,
2826 5754 2919 5808 καὶ
2947 5755 3306 5824 ήὲπιγρα’,;ή’
3331 5770 3349 5804 t
3373 5751 3541 5821 Ἀρχὴ
3564 5750 3659 5820 τῆς
3678 5748 3979 5818 ἁμαρτίας.
4010 5767 4031 5799 ι

2449 5851 2601 5906 Κατᾶ
2633 5850 2728 5923 τὴν
2758 5848 3017 5921 τρίτη)δέ
3046 5846 3498 5919 καθαιρούμενον,
3526 5844 3638 5912 καὶ,
3671 5863 3687 5896 ι
3713 5842 3767 5896 ὐ
3791 5842 3905 5904 ait;
3934 5844 4038 5910 τῆς
