4194 6432
231 426 329 492 541

229 629 555 700 οριζόμενον
580 632 719 683 κατὰ
748 632 848 699 τὴν
874 632 1144 699 τετάρτην
1189 630 1389 706 πρᾶξιν
1422 632 1692 684 είκὸνισεν
1722 634 1817 684 αὑ-

228 724 341 789 τὸν,
388 724 485 776 καὶ
528 723 844 788 πλεονεξίαν
881 724 975 777 τοῦ
1010 724 1187 793 μάγου
1218 725 1464 793 Σίμωνος
1509 725 1813 796 ἐπέγραψε.

229 818 389 870 κατά
423 817 522 887 τὴν
553 817 730 887 ἀρχὴν
753 818 808 871 δὲ
836 821 933 887 τῆς
969 819 1224 889 πέμπτης
1251 818 1466 880 κλοιοὺς
1502 819 1663 872 αὑτὸν
1690 837 1817 888 σχη-

231 908 450 975 ματίζει
478 908 880 977 περικείμενον,
904 910 997 962 καὶ
1018 911 1048 978 ἡ
1077 910 1312 983 λοιδορία
1330 928 1344 941 ·
1372 928 1390 961 ι
1440 910 1498 964 Ὀ
1516 911 1815 982 ὑπεραιρό-

231 1017 394 1067 μενος
424 1000 518 1052 ἐπὶ
547 1001 724 1054 πάντα
738 1001 871 1053 Θεὸν
898 1000 989 1053 καὶ
1010 1000 1278 1070 σέϐασμα.
1306 1019 1325 1052 ι
1357 1001 1516 1056 Κατὰ
1532 1001 1631 1072 τὴν
1648 1001 1817 1070 ἕκτην

227 1090 285 1142 δὲ
313 1091 399 1153 είς
436 1092 738 1160 καταδίκην
789 1092 952 1146 αὑτὸν
983 1092 1388 1163 ἐμϐαλλόμενον
1420 1096 1710 1147 είκόνισεν.
1748 1093 1815 1145 Ἠ

226 1181 281 1235 ἃ
317 1185 442 1236 κατ’
466 1183 632 1237 αύτοῦ
657 1184 954 1253 άργολογία
992 1183 1093 1257 [αι.
1121 1185 1409 1257 ἀπολογία]
1434 1201 1444 1212 ·
1469 1203 1487 1237 ι
1528 1184 1814 1254 Βδέλυγμα

224 1276 325 1343 τῆς
358 1274 712 1345 ἐρημώσεως.
746 1296 763 1329 ι
796 1277 952 1330 Κατὰ
996 1276 1096 1347 τὴν
1132 1278 1369 1350 ἑϐδόμην
1410 1278 1468 1331 δὲ
1498 1279 1594 1331 καὶ
1622 1277 1811 1331 τελευ⁶

224 1367 390 1420 ταίαν
429 1367 649 1436 πρᾶξιν,
687 1367 989 1439 συρόμενον
1017 1367 1181 1421 αὑτὸν
1210 1369 1307 1422 καὶ
1329 1366 1816 1439 παρατομούμενον

224 1457 675 1526 διεζωγράφησε·
725 1459 878 1530 καὶὴ
908 1460 1191 1530 ἐπιγραφὴ
1227 1457 1419 1522 αὐτοῦ,
1452 1460 1519 1530 ἠν
1552 1458 1813 1530 ἔγραψεν,

224 1545 292 1619 ἦν
312 1568 327 1582 ·
366 1571 386 1602 ι
404 1516 817 1623 ’ίΑ-ιτίχριστος.
850 1516 878 1603 ι’
898 1516 1081 1606 Ταῦτα
1247 1552 1344 1623 μὲν
1364 1516 1718 1622 αίσχύνομαι,
1752 1516 1857 1622 νη,⁵

224 1641 327 1713 τὴν
386 1643 668 1712 ἀλήθειαν,
711 1645 806 1697 ἐπὶ
851 1644 1105 1715 γλώσσης
1148 1643 1320 1712 άγων,
1353 1645 1448 1697 καὶ
1483 1644 1565 1707 είς
1597 1645 1818 1714 μνήμην

221 1735 436 1788 τούτων
504 1735 631 1789 ίὼν·
672 1736 766 1791 καὶ
829 1736 917 1790 διὰ
956 1735 1117 1790 τοῦτο
1156 1737 1535 1804 παντάπασιν..
1575 1730 1637 1788 εὖ
1679 1735 1812 1802 ἴστε,

226 1827 572 1899 κατεσίγησα
600 1829 686 1895 ἂν,
724 1830 774 1883 εί
806 1829 881 1901 μὴ
918 1829 1106 1900 ἑώρων
1142 1830 1271 1893 τοὺς
1310 1828 1488 1882 ταῦτα
1524 1844 1809 1899 καταπρα-

1304 429 1475 491 ι’[ΤΑ
1508 430 1566 490 S.
1599 429 1897 490 IGNATII
1936 431 2024 490 (ΣΡ
2086 433 2420 492 ARCIIIEP

229 536 534 599 ἀπωλείας,
575 559 593 591 ι
622 538 1080 608 ἐπιγραφόμενον.
1106 538 1485 609 Δεσμούμενον
1524 540 1696 593 δὲκαὶ
1734 540 1812 605 ἐξ.

1918 551 1973 595 et
2032 544 2480 609 esterminatum,
2546 546 2731 616 itaque
2798 546 3121 617 inscriptqu

3380 441 3485 503 5i?

3171 564 3186 601 :
3247 550 3486 609 Avaritia

1919 635 2161 689 Simonis
2212 635 2374 706 Magi.
2409 636 2464 689 In
2495 638 2706 704 quinta,
2758 637 2945 692 collari
2994 639 3145 695 furca
3196 641 3489 708 inclusum,

1916 738 2042 777 cum
2083 724 2183 779 hac
2218 728 2494 780 calumnia
2538 745 2552 781 :
2587 727 2689 794 Qui
2718 742 2778 783 se
2810 729 3023 784 extollit
3050 746 3212 800 supra
3250 748 3412 787 omne
3438 734 3491 787 id

1918 817 2062 886 quod
2105 817 2305 873 dicitur
2333 830 2429 875 aut
2473 820 2669 875 colitur
2722 822 2888 877 Deus.
2940 820 2997 875 In
3050 834 3199 877 sexta
3247 826 3495 895 depinxit

1917 910 2073 977 quasi
2102 908 2214 978 jam
2243 912 2591 976 damnatum,
2621 929 2742 967 cum
2778 915 2924 969 dicto
2957 915 3348 970 :Abominatio
3394 918 3492 972 de-

1917 995 2224 1051 solationis.
2263 998 2321 1053 ln
2355 1001 2586 1068 septima
2641 1009 2695 1055 et
2742 1002 2935 1058 ultima
2990 1004 3145 1058 ﬁnxit
3196 1016 3489 1075 raptatum,

1916 1086 2207 1157 capiteque
2259 1091 2548 1145 multatum
2599 1101 2705 1157 ;et
2755 1094 3042 1163 inscriptio
3104 1105 3223 1150 erat
3272 1114 3287 1150 :
3337 1098 3493 1151 Anti-

1917 1178 2179 1233 christus.
2216 1178 2347 1245 Quae
2369 1198 2469 1253 ego
2499 1198 2595 1253 per
2619 1184 2899 1239 veritatem
2925 1186 3042 1241 sine
3083 1188 3293 1257 pudore
3317 1205 3495 1260 neque

1916 1273 2239 1343 pronuntio,
2274 1289 2449 1344 neque
2488 1276 2541 1330 in
2587 1286 2827 1332 mentem
2875 1294 3070 1333 revoco
3104 1300 3117 1335 :
3155 1282 3224 1335 ob
3263 1297 3495 1354 eamque

1916 1379 2139 1421 causam
2185 1365 2397 1432 sciatis,
2443 1369 2627 1433 velim,
2687 1384 2772 1423 me
2824 1363 3043 1425 silentio
3091 1376 3491 1441 plasteriturum

1916 1456 2111 1522 fuisse,
2149 1458 2255 1513 nisi
2307 1459 2548 1514 viderem
2594 1461 2792 1516 horum
2850 1472 3128 1529 auctores,
3182 1474 3496 1520 auctorum-

1917 1563 2023 1617 que
2057 1548 2301 1603 asseclas
2336 1549 2452 1603 haec
2490 1564 2600 1603 non
2630 1552 2806 1605 solum
2857 1568 2965 1607 non
3000 1544 3343 1622 erubescere,
3399 1557 3495 1612 scd

1919 1638 1972 1693 in
2007 1640 2092 1695 Itis
2124 1640 2302 1709 palam
2342 1641 2505 1710 etiarn
2538 1642 2782 1712 gloriari,
2833 1642 3135 1713 Photioqne
3184 1649 3495 1704 sanctitatis

1917 1732 2228 1801 opinionem
2262 1732 2400 1803 falso
2431 1734 2694 1789 tribuere.
2730 1733 2835 1790 Sed
2874 1751 3035 1791 verax
3080 1739 3170 1793 ille
3202 1755 3308 1793 non
3344 1757 3495 1795 men-

1920 1825 2074 1888 titur,
2102 1826 2197 1895 qui
2221 1825 2357 1880 dixit
2389 1844 2401 1880 :
2438 1825 2642 1897 Impius
2674 1844 2792 1882 cum
2826 1830 2881 1882 in
2908 1831 3232 1899 profundum
3276 1834 3491 1898 venerit,

222 1918 516 1988 ξαμένους,
543 1920 638 1972 καὶ
666 1922 792 1984 τοὺς
816 1919 998 1975 αὐτῶν
1024 1920 1277 1985 οἰκείους,
1313 1920 1375 1972 ού
1410 1919 1571 1988 μόνον
1602 1920 1659 1974 ὲν
1688 1920 1809 1973 τού-

1915 1918 2253 1972 contemnit"
2281 1936 2295 1973 :
2334 1898 2425 1974 sed
2450 1921 2693 1989 sequitur
2715 1937 2838 1977 eum
2875 1923 3173 1994 ignominia
3205 1933 3259 1979 et
3290 1940 3494 1995 oppro-

222 2025 336 2071 τοις
376 2010 481 2063 οὐκ
518 2010 1053 2080 ἑγκαλυπτομένους,
1099 2011 1237 2066 ἀλλὰ
1272 2010 1367 2064 καὶ
1397 2009 1807 2078 ὲγκαλλωπιζο-

224 2102 447 2171 μένους,
483 2103 579 2155 καὶ
605 2101 763 2167 δόξαν
793 2104 1105 2173 ἁγιωσύνης
1136 2102 1594 2173 ἐπιψευδομένους
1621 2102 1770 2173 αὐτῷ
1793 2118 1808 2134 ο

219 2191 463 2262 ἀψευδὴς
489 2193 596 2264 γάρ
616 2195 645 2245 ό
671 2193 841 2247 είπών
863 2210 880 2226 ο
904 2195 1093 2248 Ὅταν
1107 2195 1255 2263 ἔλθῃ
1277 2193 1505 2261 ἀσεϐὴς
1524 2194 1813 2261 είς-βάθος

220 2284 448 2350 κακῶν,
518 2286 920 2356 καταφρονεῖο
972 2288 1269 2357 ἐπέρχεται
1321 2287 1379 2357 δὲ
1421 2287 1570 2358 αύτῷ
1617 2287 1812 2357 ἀτιμία

221 2379 316 2431 καὶ
360 2377 589 2441 ὄνειδος.
622 2380 870 2449 Ὠμοσαν
912 2381 1057 2432 κατὰ
1099 2379 1193 2432 τοῦ
1229 2368 1396 2449 φόϐου
1439 2380 1670 2450 Κυρίου,
1718 2382 1814 2432 καὶ

220 2468 369 2522 κατὰ
398 2468 502 2536 τῆς
526 2468 683 2540 δόξης
710 2470 812 2539 τῆς
848 2470 1033 2541 ίσχύος
1059 2469 1249 2534 αὐτοῦ,
1272 2472 1322 2524 οί
1353 2471 1448 2524 ἐπὶ
1472 2472 1539 2541 τῇ
1570 2469 1814 2538 ἀναγνώ-

221 2576 307 2612 σει
334 2560 448 2613 τῶν
479 2561 692 2628 ἐναγῶν
719 2562 975 2632 πράξεων
996 2561 1226 2616 ἐκείνων
1251 2562 1590 2634 εὐρεθέντες,
1621 2562 1813 2633 πεντή-

221 2670 392 2706 κοντα
430 2654 650 2707 καὶδύο
680 2654 1041 2725 ἀναμφίϐολα,
1084 2656 1183 2709 καὶ
1216 2657 1384 2709 πᾶσιν
1413 2655 1813 2725 ὡμολογημένα

218 2746 393 2816 ψευδῆ
445 2748 722 2815 κεφάλαια
773 2747 1117 2818 γεγράφθαι,
1168 2748 1228 2812 ἐξ
1270 2747 1500 2811 ἀσεϐοῦς
1552 2748 1810 2819 μᾶλλονῆ

226 2843 469 2909 μανικῆς
488 2839 729 2902 διανοίας
752 2840 834 2904 είς
854 2840 1197 2911 κατηγορίαν
1225 2838 1320 2895 τοῦ
1358 2841 1605 2911 μάκαρος
1638 2841 1812 2907 Ἰγνα-

220 2931 341 2983 τίου
408 2931 856 3002 προσφερόμενα.
896 2930 1170 3002 Ἐκάστης
1217 2931 1275 2985 δὲ
1314 2921 1655 3004 κατηγορίας
1676 2933 1815 3003 πρὸς

221 3023 302 3092 τῷ
324 3023 473 3076 τέλει
499 3025 750 3096 ἄγραφον
773 3026 957 3095 στίχον
987 3026 1415 3097 κατελίμπανον,
1444 3026 1498 3077 εῐ
1533 3025 1657 3077 τινά
1683 3040 1812 3077 ποτε

219 3116 331 3169 τῶν
389 3117 561 3181 άξέων
613 3117 851 3187 ἀγχόνης
887 3116 1083 3187 δώροις
1119 3118 1151 3188 ἢ
1196 3115 1501 3187 ἀξιώμασιν
1534 3115 1813 3183 ἀπατῆσαι

218 3206 525 3275 δυνηθεῖεν,
585 3208 651 3261 ἶν’
717 3210 817 3280 ἔχῃ
867 3210 1034 3263 τόπον
1076 3208 1464 3279 ἐγγράψασθαι
1494 3207 1572 3278 τῷ
1604 3207 1808 3277 ψεύδει.

223 3300 335 3351 Καὶ
364 3300 540 3353 ταῦτα
565 3303 667 3371 μὲν
707 3304 741 3373 ἡ
776 3302 875 3372 μία
902 3303 999 3356 τοῦ
1031 3303 1282 3357 διαϐόλου
1325 3302 1570 3371 περιεῖχε
1605 3300 1807 3371 βίϐλος.

233 3392 299 3445 Ἠ
322 3393 485 3464 ἑτέρα
518 3394 570 3446 δὲ
608 3394 859 3465 συνοδικὴ
889 3395 1033 3449 κατὰ
1056 3396 1324 3450 Νικολάου
1354 3394 1448 3449 τοῦ
1482 3396 1639 3449 πάπα
1675 3394 1810 3446 Ῥὼα

225 3498 332 3551 μης
354 3482 787 3549 κατεσκεύαστο,
819 3485 1002 3538 πᾶσαν
1041 3484 1409 3553 συκοφαντίαν
1433 3485 1527 3537 καὶ
1563 3483 1810 3553 βλασφη-

226 3573 355 3642 μίαν
384 3572 589 3626 ἄτοπον
608 3577 687 3637 είς
722 3573 1047 3645 καθαίρεσιν
1085 3573 1281 3646 ἀνδρὸς
1304 3574 1463 3646 άγίου
1496 3573 1591 3626 καὶ
1624 3574 1812 3626 ἀναθε-

225 3668 503 3737 ματισμδν
564 3666 744 3730 ἀθέως
798 3643 907 3720 καί
958 3643 1214 3737 πονηρῶς
1286 3643 1808 3736 δραματουργοῦσα,

223 3759 353 3823 ἀξία
385 3758 483 3813 καὶ
514 3759 651 3830 αὑτὴ
680 3760 779 3827 τῆς
808 3776 867 3812 τε
915 3758 1012 3811 τοῦ
1052 3758 1292 3828 πονηροῦ
1331 3757 1585 3828 δαίμονος
1607 3758 1812 3827 ὑπαγο-

225 3852 371 3920 ρίας,
390 3851 488 3905 καὶ
518 3850 621 3919 τῆς
643 3850 738 3905 τοῦ
763 3852 971 3905 Φωτίου
1005 3850 1331 3922 ὑπουργίας.
1350 3850 1810 3919 ’Δπαραλλάκτως

221 3940 277 3995 δὲ
301 3940 511 4003 ταύτας
539 3942 568 3994 ὁ
597 3942 896 4013 τολμητίας
934 3942 1018 4006 δὶς
1067 3940 1552 4011 ἀναγραψάμενος,
1586 3942 1683 4005 τὰς
1719 3942 1812 3996 δύο

226 4032 330 4102 μὲν
359 4031 611 4103 Ζαχαρία
639 4032 947 4103 παρέσχετο
992 4032 1087 4085 καὶ
1116 4031 1379 4102 Θεοδώρῳ
1406 4033 1518 4095 τοῖς
1550 4048 1815 4103 προειρη-

221 4120 430 4196 μένοις,
465 4125 605 4197 μετά
630 4124 921 4194 εὐφημιῶν
966 4124 1062 4179 καὶ
1090 4124 1281 4195 δώρων
1310 4122 1523 4177 πολλῶν
1560 4124 1655 4177 καὶ
1674 4123 1815 4194 λαμ-

218 4216 377 4289 πρῶν
404 4217 543 4286 πρὸς
564 4218 691 4281 τοὺς
719 4216 821 4287 τῆς
856 4217 1138 4287 Φραγκίας
1173 4216 1418 4287 βασιλεῖς
1466 4218 1812 4285 ἀπενεγκεῖν,

218 4309 316 4363 τοῦ
342 4311 436 4363 τὸν
461 4310 653 4365 πάπαν
682 4310 953 4364 Νικόλαον
981 4309 1057 4372 ὡς
1084 4309 1476 4383 καθῃρημένον
1507 4308 1815 4375 ὲξώσασθαι

217 4402 315 4457 τοῦ
348 4404 569 4474 θρόνου.
601 4403 711 4467 Τὰς
738 4402 833 4459 δύο
858 4405 916 4459 δὲ
945 4404 1074 4474 παρ’
1115 4404 1293 4475 ἑαυτῷ
1320 4407 1562 4475 κατεῖχε.
1595 4404 1815 4458 Τούτων

216 4496 327 4549 τῶν
366 4497 658 4566 τεσσάρων
696 4496 918 4567 βιϐλίων
963 4478 1304 4568 δραξάμενος
1336 4498 1364 4550 ό
1398 4496 1676 4567 βασιλεὺς,
1720 4497 1814 4549 καὶ

1923 2010 2126 2065 brium.
2158 2010 2492 2067 Juraverunt
2513 2027 2609 2083 per
2629 2013 2881 2069 timorem
2910 2016 3146 2082 Domini,
3180 2029 3235 2072 et
3264 2018 3490 2086 glnriam

1915 2103 2254 2161 fortitudinis
2319 2104 2462 2174 ejus,
2524 2105 2618 2173 qui
2672 2105 2724 2158 in
2772 2106 3164 2177 sacrilegarum
3211 2109 3490 2163 actionum

1921 2194 2138 2247 illarum
2190 2180 2425 2249 lectione
2472 2193 2790 2261 adfuerunt,
2846 2194 2958 2249 duo
3005 2182 3171 2265 supra
3217 2196 3493 2266 quinqua-

1917 2284 2067 2353 ginta
2103 2284 2281 2352 capita
2321 2284 2389 2338 ad
2422 2285 2563 2339 beati
2594 2285 2787 2357 lgnatii
2818 2286 3153 2341 calumniam
3183 2287 3490 2356 perscripta

1913 2375 2086 2432 fuisse
2138 2368 2382 2432 omnium
2418 2379 2774 2434 consessione
2823 2377 2979 2444 falsa,
3017 2389 3071 2435 ct
3112 2394 3178 2434 ex
3215 2368 3377 2450 impia
3409 2380 3490 2433 vel

1915 2471 2095 2539 potius
2182 2468 2393 2528 furiosa
2494 2479 2677 2525 mente
2765 2472 3019 2527 conficta.
3095 2471 3498 2541 Relinquebant

1914 2570 1969 2615 et
2027 2560 2081 2614 in
2143 2555 2373 2631 sin'gulis
2432 2562 2879 2620 accusationibus
2927 2578 3152 2619 versum
3210 2564 3276 2619 ad
3332 2563 3494 2617 linem

1912 2668 2169 2719 vacuum,
2210 2664 2268 2708 ut
2298 2655 2344 2709 si
2386 2669 2550 2725 quem
2595 2655 2793 2725 laqueo
2850 2656 3073 2727 dignum
3127 2657 3396 2711 donorum
3445 2665 3500 2710 rt

1913 2746 2242 2816 dignitatum
2274 2747 2562 2818 largitione
2589 2747 2918 2815 irretissent,
2948 2748 3239 2803 mendacio
3297 2750 3345 2802 is
3376 2749 3499 2803 sub-

1914 2838 2206 2894 scribendo
2245 2838 2473 2894 haberet
2505 2839 2704 2894 locum.
2739 2838 2803 2893 Et
2831 2841 2945 2895 haec
2969 2840 3189 2911 quidem
3212 2840 3352 2895 alter
3385 2840 3500 2893 dia-

1917 2930 2023 2985 boli
2089 2931 2405 2987 continebat
2462 2932 2621 2986 liber.
2677 2911 2834 2987 Klter
2898 2948 3026 2988 vero
3096 2934 3393 3005 synodicus
3442 2932 3496 2987 in

1913 3020 2198 3077 Nicolaum
2268 3022 2580 3094 pontiﬁcem
2644 3023 2953 3078 Romanum
3010 3025 3114 3080 tela
3180 3024 3490 3095 torquebat,

1915 3116 2209 3186 omnisque
2241 3116 2461 3187 generis
2495 3117 2800 3172 calumnias
2844 3126 2899 3171 ct
2943 3119 3152 3173 atrocia
3208 3119 3497 3173 maledicta

1918 3208 1973 3263 in
2022 3208 2173 3289 ill'ius
2222 3208 2396 3263 sancti
2439 3210 2947 3278 exauctorationcm
2984 3220 3041 3264 et
3083 3209 3496 3265 damnationem

1915 3301 2407 3371 complectebatur,
2443 3300 2608 3371 impie
2642 3309 2698 3356 et
2727 3301 2935 3371 tragico
2962 3306 3131 3371 prbpe
3162 3303 3328 3356 modo
3362 3316 3493 3356 cou-

1913 3393 2216 3458 cinnatus;
2260 3407 2393 3447 sane
2425 3392 2542 3461 ipse
2571 3406 2793 3461 quoque
2853 3391 3112 3447 dictantis
3167 3391 3337 3462 Stygii
3387 3391 3500 3445 do-

1913 3486 2086 3541 ctoris
2137 3484 2453 3554 magisterio
2497 3492 2553 3538 et
2590 3483 3096 3539 Pbotiiministerio
3129 3483 3347 3554 dignus.
3387 3483 3499 3540 Hos

1911 3578 2103 3633 eodem
2131 3576 2384 3647 exemplo
2436 3576 2607 3631 libros
2646 3590 2772 3631 cum
2824 3576 3115 3646 impudens
3161 3578 3244 3631 bis
3287 3578 3499 3632 descri-

1914 3668 2125 3724 bendos
2151 3676 2421 3733 curasset,
2462 3669 2710 3741 geminos
2739 3670 2961 3740 quidem
2994 3670 3170 3725 libros
3216 3669 3499 3726 Zachariae

1913 3772 1969 3819 et
2020 3761 2314 3818 Theodoro
2373 3778 2537 3833 supra
2608 3763 2884 3828 indicatis,
2935 3778 3062 3818 cum
3123 3764 3498 3831 singularibus

1914 3858 2137 3912 laudum
2205 3829 2498 3919 cneoniiis,
2563 3857 2863 3926 multisque
2916 3855 3500 3926 acASplcndidissimis

1914 3950 2237 4004 muneribus
2288 3949 2354 4003 ad
2408 3948 2754 4013 Ludovicttm
2809 3947 3059 4003 Francia:
3111 3962 3294 4018 regem
3350 3945 3501 4001 defe-

1916 4042 2119 4097 rendos
2149 4042 2318 4106 dedit,
2351 4050 2408 4095 ttt
2440 4043 2487 4095 is
2520 4041 2812 4096 Nicolaum
2860 4040 3174 4109 pontilicem
3228 4040 3375 4093 velut
3405 4054 3502 4092 ex-

1916 4142 2266 4189 auctoratum
2314 4133 2381 4188 de
2426 4134 2629 4188 throno
2678 4132 3000 4188 delurbaret
3028 4150 3043 4187 :
3070 4132 3211 4187 duos
3244 4146 3411 4200 penes
3442 4145 3501 4185 se

1915 4225 2161 4283 retinuit.
2198 4224 2319 4280 Haec
2355 4236 2595 4296 quatuor
2623 4224 2900 4279 volumina
2934 4224 3236 4293 imperator
3268 4222 3354 4277 illa
3382 4237 3502 4276 ere-

1915 4330 2029 4387 pta,
2064 4317 2216 4385 prius
2258 4318 2324 4373 ad
2360 4327 2611 4373 senatum
2654 4326 2938 4387 totamque
2975 4314 3277 4371 Ecelesiam
3314 4314 3493 4385 palam

1915 4408 2112 4464 detulit
2146 4428 2160 4465 :
2204 4419 2369 4480 atque
2419 4410 2491 4465 ita
2530 4425 2723 4465 omnes
2756 4408 2934 4463 Photii
2974 4407 3411 4463 machinationes
3446 4415 3502 4461 et

1916 4501 2138 4570 impiam
2176 4502 2573 4557 conscientiam
2622 4500 2869 4555 omnium
2910 4498 3085 4555 oculis
3132 4501 3338 4568 totique
3390 4498 3500 4551 rei-

217 4590 283 4657 τῇ
323 4587 619 4658 συγκλήτῳ
675 4589 940 4659 πρότερον
995 4587 1088 4641 καὶ
1135 4590 1202 4658 τῇ
1243 4586 1542 4658 Ἐκκλησία
1580 4587 1812 4657 ποιήσας

1919 4595 2150 4665 publica:
2199 4594 2555 4663 spectandam
2607 4587 2912 4664 proposuit.
2966 4590 3180 4657 Quibus
3249 4589 3383 4643 visis
3446 4597 3499 4642 et

218 4683 581 4748 καταφανεῖς,
622 4681 724 4749 τὴν
751 4681 881 4751 ὃλην
915 4679 1058 4734 οὕτω
1102 4680 1308 4734 Φωτίου
1356 4679 1665 4751 σκευωρίαν
1716 4681 1809 4733 καὶ

1916 4688 2119 4743 auditis
2192 4686 2410 4740 attoniti
2469 4699 2662 4741 omnes
2721 4685 3078 4753 Obstupuere,
3144 4697 3253 4736 non
3317 4682 3497 4735 solum

219 4774 493 4842 κακίστην
553 4773 860 4843 συνείδησιν
917 4773 1013 4827 ὑπ’
1070 4773 1195 4845 δψιν
1240 4774 1431 4845 ἁπάσῃ
1455 4775 1524 4845 τῇ
1562 4773 1810 4844 πολιτείᾳ

218 4865 624 4936 κατεστήσατο.
696 4866 925 4937 Ἐξέστη
994 4867 1104 4930 πᾶς
1172 4866 1461 4936 ἄνθρωπος
1516 4866 1660 4937 όρῶν
1713 4864 1811 4918 καὶ

218 4955 440 5010 ἀκούων
478 4955 676 5022 ταῦτα,
724 4959 783 5012 οὐ
823 4958 982 5029 μόνον
1033 4958 1127 5012 ἐπὶ
1171 4960 1238 5030 τῇ
1270 4957 1533 5030 κακονοίᾳ
1573 4958 1666 5012 καὶ
1714 4975 1811 5011 κα-

219 5050 617 5121 ωρῤημοσύνῃ
671 5049 766 5106 τοῦ
814 5050 1095 5120 σοφιστοῦ,
1137 5050 1275 5105 ἀλλὰ
1308 5051 1403 5105 καὶ
1426 5053 1492 5121 τῇ
1536 5050 1808 5122 ὑπερϐολῇ

217 5142 317 5211 τῆς
348 5130 740 5213 μακροθυμίας
769 5143 866 5196 καὶ
890 5142 1090 5213 ἀνοχῆς
1109 5142 1204 5196 τοῦ
1236 5141 1393 5196 Θεοῦ.
1425 5141 1590 5195 Ἀλλὰ
1608 5142 1812 5207 ταύτας

222 5234 321 5304 μὲν
340 5234 443 5297 τὰς
476 5233 693 5304 βίϐλους
721 5232 947 5306 ὕστερον
983 5234 1301 5304 ἐνεγκόντες
1321 5234 1414 5287 ἐπὶ
1442 5232 1543 5304 τῆς
1569 5234 1810 5296 συνόδου,

1914 4785 2135 4848 pr0pter
2162 4791 2474 4845 perversam
2514 4776 2770 4846 sophista-
2811 4784 3068 4839 utentem,
3114 4784 3500 4841 versutamque

1916 4869 2325 4932 verbositatem,
2368 4869 2463 4924 sed
2513 4868 2677 4923 etiam
2728 4867 2800 4922 ob
2843 4865 3219 4921 incredibilem
3271 4863 3362 4919 Dei
3405 4878 3501 4933 pa.

1921 4960 2168 5015 tientiam
2201 4966 2255 5013 et
2287 4959 2601 5014 diuturnam
2642 4956 2899 5013 vindicta:
2931 4955 3275 5011 dilationem.
3322 4952 3500 5008 Hosce

1918 5051 2087 5107 libros
2137 5050 2205 5105 ad
2254 5050 2651 5106 mettmenicam
2703 5060 2892 5119 postea
2946 5049 3216 5119 synodum
3263 5046 3495 5112 delatos,

1918 5143 2240 5211 auctorique
2302 5142 2559 5211 praesenti
2608 5156 2731 5196 cum
2768 5141 2971 5211 probro
3001 5139 3072 5194 ob
3102 5154 3166 5195 os
3212 5139 3495 5202 obtrusos,

1920 5235 2030 5305 igni
2055 5234 2433 5289 tradiderunt.

219 5328 312 5380 καὶ
339 5326 487 5380 κατὰ
518 5325 809 5398 πρόσωπον
827 5325 905 5397 τῷ
931 5325 1220 5398 αὐτουργῷ
1249 5325 1432 5381 αὐτῶν
1459 5327 1910 5398 παραστήσαντες
1942 5328 2037 5381 καὶ
2057 5327 2679 5397 παραδειγματίσαντες,
2703 5322 2846 5378 οὓτω
2868 5322 3190 5394 παρέδωκαν
3225 5320 3304 5391 τῷ
3335 5318 3499 5389 πυρί.

287 5420 426 5473 Τότε
453 5418 510 5472 δὲ
545 5418 640 5470 καὶ
664 5420 691 5471 ὁ
729 5419 1087 5489 αὐτοκράτωρ
1116 5419 1393 5483 Βασίλειος
1421 5419 1684 5473 σιλέντιον
1715 5418 1810 5472 ἐπὶ

220 5515 297 5583 τῷ
346 5512 602 5581 παλατίῳ
635 5512 971 5584 Μαγναύρας
1026 5512 1366 5582 ποιούμενος,
1412 5513 1508 5567 καὶ
1553 5513 1645 5572 τὸν
1700 5530 1806 5565 πα-

221 5609 490 5679 τριάρχην
512 5606 759 5675 ἀγαγὼν,
783 5604 923 5679 [καὶ]
943 5606 1158 5669 πολλοῖς
1184 5605 1375 5660 τοῦτον
1405 5605 1647 5668 ἐπαίνοις
1671 5622 1803 5658 κατ-

1991 5419 2149 5476 Tunc
2182 5435 2313 5475 vero
2345 5420 2579 5475 Basilius
2610 5419 2908 5488 imperator
2930 5417 3223 5471 adductum
3262 5415 3317 5468 in
3373 5413 3490 5468 Ma-

1914 5527 2135 5583 gnaurzn
2163 5512 2443 5582 palatium
2473 5510 2763 5581 lguatium,
2796 5509 3017 5564 silentio
3051 5506 3274 5571 indicto,
3304 5505 3496 5560 multis

1913 5603 2167 5659 laudibus
2185 5602 2579 5659 cohonestavit.
2607 5600 2735 5656 Dies
2756 5610 2875 5656 erat
2903 5599 3207 5663 Dominica,
3245 5598 3401 5653 tertia
3432 5605 3491 5651 et

223 5701 433 5770 ἐστεψε.
489 5697 749 5770 Κυριακὴ
796 5698 895 5769 μὲν
948 5697 1059 5752 τῶν
1110 5698 1335 5769 ἡμερῶν
1371 5693 1461 5768 ἦν,
1504 5696 1699 5751 είκάδα
1748 5696 1806 5750 δὲ

1915 5694 2172 5750 vicesima
2244 5690 2621 5757 Nevembris;
2679 5705 2790 5761 quo
2839 5690 3004 5745 etiam
3054 5689 3184 5743 anni
3240 5696 3487 5756 tempore

224 5793 311 5846 καὶ
343 5792 539 5863 τρίτην
572 5785 690 5861 εἶχε
724 5788 1053 5862 Νοέμϐριος,
1102 5788 1293 5862 ὥσπερ
1341 5790 1437 5846 καὶ
1465 5790 1555 5845 ὅτε
1584 5787 1800 5863 πρῶτον

1915 5786 2065 5857 prius
2097 5788 2148 5843 iu
2179 5784 2431 5842 exsilium
2469 5782 2658 5855 pulsus
2688 5791 2825 5847 erat,
2854 5782 2949 5867 qui
2980 5780 3073 5836 Dci
3124 5778 3378 5851 praesidio
3425 5783 3492 5833 et

292 5903 330 5936 "
365 5902 523 5962 Prov.
552 5918 707 5959 xvttt.
