4194 6432
719 400 823 462 513

1890 399 2180 460 ΝΙΩΕΊἊῈ
2221 397 2748 457 ΡΛΙἾΙΙΛΟΟΝΙΞ

3878 390 3993 456 Si!

720 515 1007 567 clementia
1040 512 1232 576 fretus,
1268 514 1626 567 novennalem
1663 529 1725 569 ac
1760 515 2057 586 perfectam
2091 529 2155 568 ex
2181 513 2289 564 vir-

2410 511 2712 581 ;ξ‹.›ρίζετο’
2763 509 2858 562 καὶ
2891 509 3048 571 αὐτὸς
3081 507 3484 578 ὑπερασπισμῷ
3514 507 3605 560 καὶ
3658 509 3993 578 χρηστότητι

724 608 856 660 tutis
873 616 1072 660 (‘erlalll
1086 608 1169 658 ine
1193 608 1431 659 lauream
1452 608 1956 675 adeptus,ecelesia3
1973 623 2084 661 suae
2100 608 2296 661 throno

725 698 1032 751 restituitur
1065 714 1077 748 :
1110 706 1163 749 et
1188 698 1396 766 lampas
1418 698 1592 767 magis
1622 714 1877 763 accensa,
1903 698 2102 753 clarior
2130 713 2294 768 quam

717 797 901 849 antea,
951 788 1285 842 Candelabro
1344 790 1644 857 imponitur
1688 808 1700 844 :
1760 800 2053 860 pastorque
2107 806 2297 845 rursus

720 894 847 932 oves
899 880 1147 948 agnoscit
1183 896 1333 941 suas,
1378 889 1429 933 et
1460 895 1488 933 ει
1522 883 1637 937 suis
1676 882 1913 936 vicissim
1962 883 2156 936 ovibus
2186 882 2299 935 ela-

724 970 837 1025 rius
870 973 1207 1040 agnoscitur.
1249 973 1391 1041 Ergo
1426 983 1536 1027 tota
1562 976 1717 1043 quasi
1745 977 1876 1028 urbe
1901 976 2293 1043 triumphante,

723 1061 979 1131 illmnqne
998 1064 1062 1115 ad
1086 1064 1349 1131 templum
1380 1066 1766 1119 ascendentem
1794 1081 1822 1119 a
1859 1076 2010 1137 terge
2040 1076 2093 1120 et
2117 1065 2297 1120 fronte

724 1164 1108 1223 prosequente,
1140 1155 1437 1225 lwtitiaque
1470 1158 1762 1226 gestiente,
1797 1172 1920 1211 cum
1954 1175 2048 1227 per
2077 1172 2294 1212 sacrum

720 1256 938 1311 puteum
972 1244 1038 1297 ad
1071 1244 1359 1313 superiora
1393 1247 1914 1315 templidueeretur,
1939 1248 2125 1302 dextra
2146 1258 2299 1316 parte

723 1335 1115 1403 ingredientem
1153 1339 1289 1391 ordo
1332 1338 1593 1407 patricius
1622 1339 2298 1412 occursans.venerabun-

720 1430 823 1479 dus
852 1430 1065 1495 excepit
1108 1447 1120 1481 :
1159 1445 1245 1481 res
1279 1445 1407 1482 vero
1438 1443 1569 1484 tunc
1589 1431 1772 1485 divina
1807 1432 1989 1485 fiebat.
2043 1430 2149 1486 Nec
2200 1447 2298 1500 par

720 1530 822 1582 est,
852 1531 907 1573 ut
942 1512 1154 1574 sacrum
1187 1536 1372 1585 omen,
1412 1523 1557 1590 quod
1607 1523 1659 1576 in
1694 1524 1940 1593 ingressu
1986 1522 2173 1591 lgnatii
2207 1538 2299 1578 ac-

720 1612 870 1684 cidit,
905 1612 1409 1679 pra'termitlamus.
1447 1613 1741 1667 lntrantem
1767 1629 2003 1683 namque
2026 1612 2295 1684 lgnatium

724 1704 959 1772 pepulus
989 1704 1210 1771 quidem
1242 1704 1466 1772 supplex
1496 1704 1883 1767 venerabatur,
1916 1707 2174 1760 sacerdos
2204 1723 2299 1761 au-

724 1807 829 1848 tem
858 1797 907 1849 in
950 1796 1127 1864 adytis
1174 1796 1504 1850 oblationem
1566 1797 1793 1851 Domino
1840 1797 2045 1851 faciens
2096 1799 2297 1851 clama-

727 1888 855 1941 bat:
890 1888 1105 1943 Gratias
1134 1904 1360 1957 agamus
1400 1887 1634 1943 Domino
1665 1889 1772 1944 Deo
1808 1900 1997 1944 nostro
2039 1908 2050 1943 :
2084 1901 2138 1945 et
2174 1908 2298 1946 mox

725 1980 961 2047 populus
1005 1981 1409 2048 respondebat;
1454 1980 1685 2049 Dignum
1714 1993 1763 2035 et
1795 1983 2004 2051 justum
2070 1995 2171 2039 cst.
2223 1985 2301 2040 lla

723 2088 879 2124 sacer
925 2073 1161 2140 lgnatius
1191 2072 1351 2125 bonis
1390 2074 1645 2126 omnibus
1677 2074 1876 2128 throne
1922 2090 2025 2128 suo
2062 2085 2299 2145 recepto,

726 2175 780 2216 et
815 2166 1199 2232 gubernaculis
1247 2164 1503 2219 Ecclesia:
1543 2166 1853 2233 resumptis,
1890 2177 2040 2222 arcet
2068 2183 2096 2223 a
2130 2168 2304 2223 sacris

728 2272 836 2307 non
890 2254 1149 2308 Pbetium
1206 2265 1439 2317 tantum,
1486 2264 1753 2310 etemnes
1785 2256 1853 2310 ab
1888 2258 1984 2311 ille
2033 2258 2301 2325 initiatos,

726 2348 819 2400 sed
845 2363 1034 2401 omnes
1066 2350 1228 2402 etiam
1256 2348 1402 2401 illius
1430 2357 1731 2403 sectatores
1762 2365 1884 2403 cum
1915 2351 2006 2403 illo
2053 2366 2304 2405 comtnu-

730 2439 976 2493 nicantes
1007 2458 1019 2493 :
1062 2452 1319 2509 precatur
1346 2441 1570 2509 insuper
1600 2440 2003 2508 imperatorem,
2043 2452 2100 2495 ut
2150 2458 2304 2497 oecu-

731 2531 998 2585 menicam
1036 2532 1303 2600 synodum
1337 2540 1517 2599 cogat,
1548 2546 1654 2599 qua
1684 2533 1868 2585 omnia
1895 2533 2155 2588 Ecclesia:
2185 2535 2307 2588 vul-

736 2637 863 2675 nera
897 2623 1079 2675 sanari
1124 2624 1516 2678 arbitrabatur.
1554 2624 1836 2695 Extemplo
1867 2626 2032 2695 igitur
2066 2625 2308 2681 Joannes

730 2712 914 2780 Pergte
964 2712 1276 2781 episcoptts,
1308 2714 1502 2783 lgnatii
1528 2716 1579 2767 in
1612 2730 1804 2770 onmes
1831 2731 1994 2771 casus
2021 2726 2073 2771 et
2108 2734 2308 2772 terum-

733 2819 831 2857 nas
873 2818 1082 2864 comes,
1126 2817 1182 2858 et
1218 2806 1484 2859 malorum
1510 2809 1782 2873 omnium,
1815 2819 2080 2877 quantum
2108 2810 2161 2864 in
2194 2811 2310 2880 ipso

730 2902 871 2956 erat,
906 2896 1091 2950 socius
1122 2913 1135 2948 :
1173 2912 1237 2951 ex
1273 2896 1450 2952 Photii
1485 2913 1611 2953 vero
1649 2899 1889 2955 factione
1931 2902 2125 2956 Petrus
2179 2901 2310 2957 Sar-

732 2989 946 3042 diensis
973 2990 1340 3059 metropolita,
1384 2992 1450 3044 ad
1477 2990 1760 3046 Nicolaum
1801 2994 2116 3062 pontificem
2148 2995 2309 3065 legati

735 3082 1063 3146 mittuntur;
1101 3082 1317 3151 quibus
1352 3084 1617 3151 allegatur
1664 3084 1901 3140 Basilius
1944 3099 2311 3156 cognomento

2398 605 2492 655 τοῦ
2521 604 2655 657 Θεοῦ
2698 604 2766 656 δι’
2802 603 2957 655 ἐννέα
2988 603 3207 655 τελείων
3236 603 3444 671 χρόνων
3497 600 3710 654 τελείαν
3753 601 3990 670 ἄθλησιν

2400 696 2541 767 ὑπὲρ
2576 697 2775 766 ἀρετῆς
2810 694 3241 766 ἐπιδειξάμενος,
3276 694 3711 748 ἀποκαθίσταται
3742 696 3809 763 τῇ
3856 695 3988 746 Ἐκ-

2399 788 2636 857 κλησίαν
2676 788 2770 841 καὶ
2799 788 2826 839 6
2856 786 3047 857 λύχνος
3100 787 3478 858 λαμπρότερον
3522 787 3786 855 ἀναφθεὶς
3830 802 3995 855 περι-

2400 880 2733 949 φανέστερον
2783 880 2814 948 ἢ
2866 880 3056 950 πρώην
3090 882 3155 949 τῇ
3207 880 3400 950 λυχνία
3443 879 3771 943 ἐπιτίθεται,
3826 878 3922 931 καὶ
3961 880 3996 930 6

2399 972 2604 1041 ποιμὴν
2634 971 2849 1038 ἐπέγνω
2885 972 2954 1024 τά
3001 972 3271 1042 πρόὸατα,
3306 975 3401 1025 καὶ
3443 972 3606 1034 αὖτδς
3636 974 3746 1032 τοίς
3775 970 3993 1040 προϐά-

2399 1080 2511 1126 τοις
2538 1064 2871 1132 σαφέστερον
2904 1064 3263 1131 ὲπέγνωσται.
3306 1064 3496 1134 Πάσης
3526 1060 3619 1117 οῦν
3660 1063 3845 1133 σχεδὸν
3879 1063 3993 1130 φά-

2400 1172 2488 1207 ναι
2521 1157 2615 1221 τῆς
2648 1155 2853 1217 πόλεως
2878 1156 3385 1226 ὲπευφραινομένης
3412 1155 3577 1209 αὐτοῦ
3602 1158 3666 1225 τῇ
3698 1155 3986 1213 ἀναϐάσει,

2402 1246 2749 1316 προαγούσης
2795 1264 2851 1299 τε
2885 1247 2979 1299 καὶ
3031 1248 3306 1318 ἑπομένης
3342 1248 3398 1298 ὲν
3437 1248 3790 1315 ἀγαλλιάσει,
3823 1246 3993 1309 αὐτὸς

2404 1338 2501 1407 μὲν
2528 1337 2616 1389 διὰ
2636 1339 2727 1391 τοῦ
2751 1340 2822 1407 ἀγ
2838 1338 2917 1391 ίου
2940 1339 3175 1406 Φρέατος
3208 1340 3495 1407 ἀνάγεται·
3528 1340 3665 1408 πρὸς
3693 1342 3805 1401 τοῖς
3828 1340 3997 1409 ὑπερ·

2403 1427 2528 1498 ῴοις
2566 1428 2622 1481 δὲ
2674 1432 2767 1481 τοῦ
2805 1430 3041 1499 μεγάλου
3076 1429 3221 1482 Ναοῦ
3272 1430 3361 1483 διά
3416 1430 3516 1501 τῆς
3566 1431 3744 1495 δεξιᾶς
3811 1430 3994 1500 πύλης

2401 1522 2616 1573 εἰσιόντι
2652 1523 3004 1592 προσυπαντᾷ
3056 1520 3205 1591 αύτῷ
3258 1522 3367 1574 τῶν
3403 1524 3707 1592 πατρικίων
3759 1525 3793 1593 ή
3830 1524 3993 1589 τάξις

2403 1612 2783 1683 προσκυνοῦσα
2840 1616 2935 1666 καὶ
2980 1614 3302 1685 δεξιουμένη
3332 1629 3346 1645 ⁶
3404 1616 3435 1685 ἡ
3466 1616 3587 1686 ἱερά
3625 1615 3683 1668 δὲ
3719 1615 3841 1668 τότε
3873 1615 3993 1667 λει-

2399 1707 2626 1776 τουργία
2668 1705 2807 1759 κατὰ
2844 1706 2905 1758 τὸ
2934 1706 3054 1770 ἔθος
3111 1707 3369 1762 ἐτελεῖτο.
3423 1708 3608 1772 ’Ᾱξιον
3636 1708 3692 1760 δὲ
3726 1708 3859 1777 μηδὲ
3887 1707 3996 1776 τὴν

2402 1800 2494 1851 ἐπὶ
2528 1801 2594 1869 τῇ
2631 1799 2821 1868 είσόδῳ
2852 1799 3240 1867 συμπεσοῦσαν
3294 1798 3447 1869 ίεράν
3475 1798 3709 1868 κληδόνα
3758 1799 3997 1869 παραλι-

2406 1893 2553 1943 πεῖν·
2589 1892 2617 1943 6
2649 1893 2748 1957 μὲν
2770 1892 2878 1962 γάρ
2903 1892 3073 1963 ἐσῄει,
3116 1892 3165 1941 οἱ
3197 1892 3252 1944 δὲ
3294 1890 3669 1962 προσεκύνουν
3690 1908 3702 1920 ·
3748 1895 3775 1945 6
3804 1894 3990 1961 ίερεῦς

2403 1983 2480 2046 δὲ,
2502 1983 2997 2054 Εὐχαριστὴσωμεν
3026 1983 3101 2052 τῷ
3130 1984 3337 2054 Κυρίῳ,
3356 1983 3452 2053 τὴν
3480 1983 3758 2054 ἀναφορὰν
3784 1985 3838 2036 ὲν
3867 1986 3992 2047 τοῖς

2406 2076 2622 2139 ἀδύτοις
2653 2075 2972 2147 ποιούμενος
2996 2077 3300 2148 ἀνέκραγεν
3320 2092 3334 2107 ’
3372 2078 3401 2129 6
3427 2076 3551 2139 λαὸς
3576 2076 3653 2139 δὲ,
3687 2076 3868 2142 Ἄξιον
3889 2077 3993 2128 καὶ

2404 2170 2630 2233 δίκαιον,
2672 2170 3027 2239 ἀπεκρίνατο.
3087 2170 3276 2233 Οὕτως
3306 2172 3333 2224 6
3393 2170 3537 2240 ἱερὸς
3595 2170 3854 2237 Ἰγνάτιος
3889 2169 3989 2220 ὑπ’

2406 2260 2631 2327 ἀγαθοῖς
2688 2259 2974 2328 συμϐόλοις
3019 2261 3110 2311 τὸν
3158 2260 3361 2310 οίκεῖον
3408 2258 3599 2326 θρόνον
3644 2254 3996 2325 ἀπειληφὼς,

2408 2353 2500 2404 καὶ
2532 2350 2658 2414 τοὺς
2685 2348 2875 2412 οἴακας
2911 2345 3063 2412 αὖθις
3098 2348 3200 2418 τῆς
3242 2350 3569 2419 Ἐκκλησίας
3607 2349 3999 2419 ἐγχειρισθεὶς,

2409 2442 2583 2511 εἴργει
2614 2443 2709 2511 μὲν
2746 2442 2845 2511 τῆς
2889 2442 3038 2511 ἱερᾶς
3072 2441 3415 2511 λειτουργίας
3449 2442 3509 2493 ού
3564 2440 3769 2493 Φὼτιον
3798 2441 3989 2510 μόνον,

2410 2536 2503 2585 καὶ
2534 2534 2659 2595 τοὺς
2684 2532 3165 2602 χειροτονηθέντας
3215 2532 3310 2584 ὑπ’
3341 2532 3530 2594 αὑτοῦ,
3567 2532 3705 2584 ἀλλά
3736 2533 3831 2585 καὶ
3858 2531 4006 2583 πάν-

2408 2641 2507 2688 τας
2536 2626 2661 2689 τοὺς
2721 2626 3188 2694 κεκοινωνηκότας
3243 2624 3419 2695 αὐτῷ’
3461 2624 3750 2694 ὲκλιπαρεϊ
3789 2623 3847 2676 δὲ
3892 2624 3992 2675 τὸν

2412 2717 2636 2786 βασιλέα
2669 2717 3056 2786 οίκουμενικὴν
3106 2716 3323 2769 σύνοδον
3353 2716 3641 2785 κροτῆσαι,
3675 2715 3741 2767 δι’
3774 2709 3843 2785 ἦς
3869 2714 4000 2766 ἐσε-

2414 2810 2537 2861 σθαι
2572 2810 2677 2861 τῶν
2711 2808 3021 2861 σκανδάλων
3051 2807 3266 2861 πάντων
3296 2807 3646 2876 ὑπελάμϐανε
3678 2807 3777 2877 τὴν
3824 2808 3997 2858 ῐασιν.

2413 2897 2628 2960 Εὐθέως
2676 2896 2855 2950 τοίνυν
2913 2895 3164 2964 Ἰωάννης
3200 2895 3296 2963 μὲν
3332 2897 3360 2946 6
3407 2895 3505 2964 τῆς
3541 2894 3779 2963 Πέργης,
3829 2893 3907 2955 ὼς
3938 2895 4003 2945 έν

2414 2990 2617 3049 πάσαις
2662 2990 2783 3049 ταῖς
2815 2986 3056 3054 θλίψεσιν
3114 2985 3358 3055 Ἰγνατίῳ
3400 2983 3875 3053 συγκακοπαθῶν,
3932 2986 4005 3038 ὲκ

2412 3079 2505 3130 τοῦ
2542 3079 2739 3146 μέρους
2776 3077 2870 3129 τοῦ
2906 3079 3028 3129 κατ’
3058 3077 3242 3139 αὐτὸν,
3273 3079 3337 3129 ὲκ
3366 3076 3460 3129 τοῦ
3498 3076 3638 3130 κατά
3668 3075 3759 3128 τὸν
3788 3075 4003 3128 Φώτιον

733 3172 986 3240 Pinacas,
1019 3176 1112 3244 qui
1147 3176 1409 3244 spatharii
1439 3177 1753 3247 dignitatem
1778 3179 2054 3234 obtinebat
2083 3199 2096 3235 :
2127 3182 2308 3251 usique

2420 3172 2475 3223 δὲ
2504 3171 2707 3241 Πέτρος
2736 3171 2763 3222 ὀ
2789 3171 2897 3222 τῶν
2925 3170 3195 3239 Σάρδεων,
3225 3173 3362 3240 πρὸς
3396 3170 3486 3222 τὸν
3510 3170 3697 3222 πάπαν
3729 3168 4005 3220 Νικόλαον

729 3276 858 3320 sunt
888 3268 1415 3336 geminedromone,
1452 3284 1573 3323 cum
1602 3270 1892 3325 solverent.
1929 3270 2032 3326 Sed
2094 3273 2306 3338 Petrus,

730 3357 823 3425 qui
862 3356 1082 3420 Diheus,
1111 3359 1212 3412 hoc
1237 3367 1345 3422 est,
1378 3359 1545 3413 miser
1570 3361 1966 3429 appellabatur,
2003 3362 2056 3416 in
2091 3362 2308 3419 Dalma-

732 3449 842 3503 tico
871 3452 992 3503 sinu
1015 3449 1373 3518 periclitatus,
1397 3450 1563 3504 miser
1586 3450 1874 3521 naufragio
1898 3454 2057 3520 periit
2096 3470 2111 3507 :
2137 3453 2274 3509 Jean
2291 3484 2309 3496 -

733 3554 829 3593 ues
868 3554 993 3592 vero
1030 3553 1153 3591 cum
1190 3537 1394 3593 Basilio
1438 3539 1737 3593 incolumis
1762 3540 1952 3605 evasit,
1994 3549 2050 3595 et
2078 3541 2309 3595 Nicelao

728 3630 841 3697 jam
878 3630 987 3684 vita
1037 3629 1245 3694 functo,
1285 3628 1622 3684 Hadrianum
1677 3645 1868 3699 papam
1924 3631 2151 3686 invenit.
2201 3632 2312 3689 Nec

732 3722 829 3775 diu
856 3722 1096 3776 cunctati
1129 3721 1407 3791 pontillcis
1431 3721 1621 3775 vicarii
1652 3708 2190 3791 Constantinopolim
2216 3739 2312 3778 ve-

733 3821 930 3865 nerunt
962 3812 1277 3881 Stephanus
1310 3822 1367 3868 et
1405 3812 1648 3867 Donatus
1671 3816 1941 3883 episcopi,
1986 3816 2198 3870 Marino
2243 3833 2308 3871 ex

734 3911 943 3970 septem
977 3903 1224 3958 diaconis
1248 3905 1529 3973 adjuncto.
1561 3904 1635 3957 Ex
1666 3906 1896 3961 orientis
1920 3923 2046 3968 vero
2074 3909 2312 3976 patriar-

732 3994 872 4049 cltiis
904 3995 1273 4081 (imperatqre
1304 3997 1605 4065 principem
1652 3997 1824 4067 Syriae
1841 3999 2001 4052 denis
2027 4013 2091 4051 ac
2118 3999 2312 4054 litteris

735 4087 1101 4155 propitiante)
1136 4085 1408 4157 Josephus
1461 4089 1887 4144 archidiaconus
1930 4099 1984 4144 et
2037 4092 2312 4160 syncellus

732 4193 799 4231 cx
828 4175 1085 4247 Egypte,
1120 4178 1333 4247 legatus
1364 4177 1645 4232 Michaelis
1694 4178 2022 4247 patriarcha:
2073 4179 2312 4233 Alexan-

733 4271 874 4324 drini
906 4288 920 4334 ;
954 4270 1198 4326 Thomas
1229 4272 1575 4341 metrepelita
1613 4271 1767 4343 Tyri,
1802 4272 2041 4327 vicarius
2070 4271 2311 4328 Michae-

735 4364 800 4416 lis
831 4364 1161 4433 patriarchre
1187 4364 1514 4419 Antiocheni
1550 4364 1742 4434 Syrire,
1774 4364 1920 4418 Elias
1952 4366 2235 4436 presbyter
2259 4375 2315 4420 et

734 4454 1006 4523 syncellus
1036 4454 1207 4508 vicem
1239 4452 1530 4509 Theodosii
1555 4456 1880 4533 patriarchae
1918 4456 2312 4527 Hierosolymi-

2413 3261 2818 3332 ἀποκρισιάριοι
2866 3260 3345 3330 προεχειρίζοντο·
3402 3260 3500 3312 σὺν
3548 3260 3729 3321 αὐτοῖς
3783 3258 3840 3311 δὲ
3900 3259 4004 3311 καὶ

2414 3352 2686 3413 Βασίλειος
2734 3352 2763 3401 6
2791 3349 3126 3417 καλούμενος
3157 3349 3401 3410 Πινακᾶς
3446 3348 3633 3418 ἀπῄει,
3692 3345 4004 3417 σπαθάριος

2412 3444 2509 3513 τὴν
2536 3442 2693 3506 ἀξίαν
2732 3440 3011 3503 καθεστώς
3039 3455 3054 3470 ο
3091 3439 3186 3492 καὶ
3230 3439 3479 3509 ἀπῄεσαν
3508 3442 3566 3493 ὲν
3595 3437 3717 3492 δυσὶ
3743 3438 3995 3508 δρόμωσι

2413 3535 2753 3604 στελλόμενοι
2782 3534 2873 3585 τὸν
2903 3531 3089 3585 πλοῦν.
3137 3532 3296 3584 Ἀλλά
3349 3532 3453 3584 ιῐέτ
3467 3549 3556 3603 ρος
3586 3533 3685 3601 μὲν
3721 3532 3750 3584 6
3794 3530 4007 3585 καλού-

2417 3645 2577 3697 μενος
2638 3625 2899 3687 Δείλαιος,
2959 3625 3017 3676 ὲν
3061 3623 3139 3693 τῷ
3187 3622 3375 3693 κόλπῳ
3408 3623 3721 3693 Δαλματίας
3763 3624 4005 3696 κινδύνῳ

2416 3716 2747 3787 περιπεσὼν,
2801 3715 3032 3776 δείλαιος
3076 3713 3264 3765 ὤλετο.
3308 3714 3562 3783 Ἰωάννης
3594 3714 3650 3766 δὲ
3702 3715 3799 3767 σὺν
3829 3716 4005 3769 Βασι-

2414 3811 2542 3879 λείῳ
2575 3808 2861 3870 διασωθεὶς
2902 3806 3181 3876 Ἀδριανδν
3201 3800 3327 3875 εὗρε
3356 3806 3563 3871 πάπαν,
3595 3806 3689 3859 τοῦ
3723 3808 4003 3862 Νικολάου

2413 3903 2513 3971 ήδη
2540 3900 2635 3971 τὴν
2666 3901 2721 3950 ὲν
2762 3898 2973 3966 σώματι
3027 3897 3424 3959 καταλιπόντος
3472 3898 3639 3967 ζωήν.
3688 3899 3763 3951 Οὐ
3824 3900 4003 3963 πολὺς

2414 3991 2506 4044 οῦν
2541 3992 2600 4043 ὲν
2633 3988 2710 4059 τῷ
2739 3990 2891 4059 μέσῳ
2920 3989 3131 4059 χρόνος,
3161 3990 3252 4042 καὶ⁵
3296 3990 3554 4058 παρῆσαν
3594 3994 3999 4062 τοποτηρηταὶ,

2416 4082 2685 4149 Στέφανος
2722 4081 2820 4149 μὲν
2849 4081 2941 4134 καὶ
2963 4083 3192 4143 Δονᾶτος
3226 4080 3515 4134 ἐπίσκοποι
3540 4083 3633 4135 τοῦ
3667 4084 3825 4136 πάπα
3862 4085 4006 4139 Ῥώ-

2419 4191 2544 4242 μης,
2576 4174 2671 4239 καὶΞ
2695 4173 2933 4242 Μαρῖνος
2962 4169 3041 4234 είς
3061 4173 3168 4225 τῶν
3192 4173 3332 4227 έπτά
3360 4174 3625 4228 διακόνων
3653 4178 3751 4230 σὺν
3780 4179 3997 4243 αὐτοῖς.

2428 4268 2523 4319 Ἐκ
2546 4267 2602 4319 δὲ
2634 4267 2742 4319 τῶν
2777 4266 2875 4335 τῆς
2919 4266 3209 4335 Ἀνατολῆς
3250 4270 3673 4338 πατριάρχείων,
3718 4269 3810 4321 τοῦ
3836 4270 4005 4324 αὖτο-

2414 4358 2680 4428 κράτορος
2714 4358 2907 4426 δώροις
2946 4358 3038 4410 καὶ
3070 4358 3363 4428 γράμμασι
3394 4358 3483 4412 τὸν
3516 4361 3614 4429 τῆς
3655 4361 3851 4432 Συρίας
3892 4362 4003 4433 ἆρ-

2415 4468 2580 4520 χοντα
2607 4450 3112 4521 παρακαλέσαντος,
3155 4450 3351 4521 Ἰωσὴφ
3377 4451 3475 4521 μὲν
3498 4454 3868 4522 ἀρχιδιάκονος
3904 4456 4005 4507 καὶ

734 4546 847 4598 tani
878 4546 1152 4614 explebat.
1194 4544 1257 4599 Hi
1289 4560 1483 4600 omnes
1520 4530 1818 4614 praesentes
1851 4546 2004 4601 fuere
2032 4564 2155 4601 cum
2182 4563 2308 4602 san-

2419 4542 2732 4609 σύγκελλος,
2765 4543 3144 4611 τοποτηρητὴς
3170 4543 3389 4611 Μιχαὴλ
3428 4540 3558 4612 ἦλθε
3588 4544 3681 4597 τοῦ
3716 4546 3872 4598 πάπα
3895 4547 4007 4615 τῆς

734 4639 987 4693 ctissime
1021 4639 1331 4707 patriarcha
1357 4638 1568 4708 lgnatie
1599 4638 2231 4707 Constantinopolitaue,
2261 4648 2315 4693 et

733 4729 1001 4798 cpisc0pis
1041 4730 1331 4789 duodenis.
1359 4730 1639 4800 perpetuis
1682 4730 1735 4783 in
1788 4731 1937 4784 omni
1995 4730 2211 4784 fortuna
2263 4738 2319 4784 et

735 4822 1000 4875 aerumnis
1039 4822 1243 4887 sociis;
1294 4823 1387 4891 qui
1429 4822 1494 4874 ad
1533 4821 1837 4888 dexteram,
1877 4823 1968 4875 ubi
2027 4823 2177 4877 locus
2224 4838 2317 4877 ca-

736 4914 1189 4967 techumenorum
1216 4922 1322 4975 est,
1355 4915 1539 4983 templi
1583 4914 1726 4982 quod
1756 4929 1785 4967 a
1810 4914 2073 4983 sapientia
2107 4928 2303 4967 nomen
2329 4962 2353 4991 ρ

736 5005 954 5072 Sophia:
983 5008 1212 5075 accepit,
1243 5006 1517 5060 assidente
1558 5005 1759 5060 Basilio
1780 5006 2128 5073 imperatore,
2162 5020 2301 5075 pra:-

734 5099 1016 5152 sederunt.

733 5190 890 5252 λεως,
929 5190 1019 5241 καὶ
1060 5190 1172 5251 τοῖς
1201 5191 1295 5242 σῦν
1345 5188 1493 5259 αύτῷ
1522 5188 1728 5242 δώδεκα
1772 5189 1861 5241 τὸν
1893 5187 2126 5257 ἀριθμὸν
2162 5185 2482 5247 ἐπισκόποις
2548 5186 2659 5245 τοῖς

1507 5285 1532 5297 φ

2423 4634 2543 4688 κατ’
2592 4636 2867 4701 Αἴγυπτον
2910 4633 3353 4703 Ἀλεξανδρείας’
3385 4635 3587 4705 Θωμᾶς
3632 4636 3689 4689 δὲ
3722 4654 4010 4708 μητροποο

2421 4728 2573 4798 λίτης
2607 4726 2785 4797 Τύρου
2814 4726 2979 4779 τόπον
3004 4727 3223 4796 Μιχαὴλ
3261 4728 3499 4799 ἐπλήρου
3529 4729 3621 4780 τοῦ
3651 4730 3749 4795 τῆς
3791 4731 4006 4783 Ἀντιο-

2422 4819 2575 4889 χείας
2606 4817 2704 4886 τῆς
2730 4817 2870 4889 κατὰ
2893 4816 3091 4885 Συρίαν
3121 4818 3484 4886 πατριάρχου,
3530 4818 3717 4881 Ἠλίας
3762 4819 3819 4871 δὲ
3868 4837 4008 4887 πρε-

2414 4886 2670 4979 σϐύτερος
2688 4908 2780 4959 καὶ
2809 4886 3099 4973 σύγκελλος
3126 4909 3204 4970 εἰς
3236 4907 3399 4959 τόπον
3423 4908 3701 4962 Θεοδοσίου
3733 4886 4008 4981 πατριάρ-

2417 5018 2515 5070 χου
2554 4999 2661 5052 τῶν
2718 4996 3104 5068 Ἰεροσολύμων
3155 4999 3375 5068 παρῆν
3428 4993 3572 5052 οὗτοι
3625 5000 3824 5063 πάντες
3879 5000 4008 5069 ἅμα

2432 5090 2677 5161 Ἰγνατίῳ
2703 5090 2779 5158 τῷ
2810 5090 3098 5157 ἁγιωτάτῳ
3139 5091 3448 5162 πατριάρχῃ
3478 5093 4003 5147 Κωνσταντινουπό-

2706 5185 3189 5249 συγκεκοπιακόσι,
3260 5184 3354 5236 καὶ
3421 5184 3517 5237 ἀπ’
3581 5186 3757 5255 ἀρχῆς
3828 5187 4001 5258 μέχρι

734 5285 919 5348 τέλους
952 5283 1342 5355 συνηθληκόσιν
1394 5285 1562 5355 αὐτῷ,
1618 5286 1676 5337 ὲν
1710 5288 1823 5345 τοῖς
1879 5284 2073 5348 δεξιοῖς
2112 5285 2304 5354 μέρεσι
2343 5282 2450 5333 τῶν
2498 5280 2973 5350 κατηχουμενείων
3015 5277 3110 5330 τοῦ
3148 5277 3498 5348 περιωνύμου
3572 5278 3701 5331 ναοῦ
3740 5278 3835 5348 τῆς
3898 5285 4003 5337 τοῦ

732 5376 867 5429 Θεοῦ
930 5378 1162 5444 Σοφίας,
1216 5380 1354 5446 μετά
1411 5380 1503 5431 τοῦ
1566 5379 1962 5448 αὐτοκράτορος
2016 5376 2295 5432 Βασιλείου
2336 5377 2726 5447 προεκάθισαν.

812 5467 1115 5536 Pr0pesitis
1151 5485 1282 5538 ergo
1311 5471 1634 5524 venerandis
1669 5471 1895 5525 vivificte
1916 5472 2096 5527 crucis
2130 5471 2317 5540 lignis,

736 5562 1046 5627 sanctisque
1065 5559 1366 5630 Evangeliis
1383 5562 1682 5630 explicatis,
1707 5573 1969 5630 praesente
1982 5564 2142 5615 etiam
2164 5577 2322 5616 sacro

738 5660 924 5704 senatu
946 5691 961 5714 ,
994 5652 1224 5719 primum
1258 5653 1476 5721 quidem
1522 5652 1700 5707 missae
1742 5655 1810 5706 ab
1849 5652 2089 5707 Adriano
2124 5654 2322 5707 veteris

746 5742 930 5797 Itonia:
961 5744 1231 5812 pontilice,
1263 5754 1315 5798 et
1340 5745 1768 5815 patriarcharum
1801 5760 1863 5799 ex
1892 5744 2110 5800 Oriente
2133 5747 2323 5801 littera:

738 5851 807 5889 cx
842 5837 1031 5892 ordine
1061 5837 1230 5903 lectte,
1266 5852 1478 5892 omnem
1500 5852 1655 5893 sacro
1684 5838 1805 5907 jure
1836 5839 2157 5909 requisitum
2177 5839 2324 5894 erdi-

2493 5469 2613 5520 Τῶν
2637 5467 2832 5535 τιμίων
2870 5466 2924 5519 δὲ
2953 5466 3044 5519 καὶ
3075 5466 3353 5529 ζιοοποιῶν
3389 5466 3582 5531 ξύλων,
3612 5465 3720 5517 τῶν
3744 5483 3802 5517 τε
3836 5468 4007 5537 ἱερῶν

2422 5559 2771 5626 Εὐαγγελίων
2803 5558 3200 5627 προκειμένων,
3233 5562 3629 5628 συμπαρούσης
3678 5558 3734 5610 δὲ
3773 5561 3864 5611 καὶ
3900 5562 4007 5630 τῆς

2423 5653 2573 5721 ἱερᾶς
2601 5650 2936 5719 συγκλήτου,
2969 5649 3183 5718 πρῶτον
3230 5649 3330 5719 μὲν
3376 5651 3431 5701 αἱ
3479 5649 3812 5717 πεμφθεῖσαι
3851 5655 4007 5721 παρὰ

2421 5746 2513 5799 τοῦ
2538 5745 2694 5796 πάπα
2717 5743 2818 5813 τῆς
2856 5743 3233 5812 πρεσϐυτέρας
3282 5741 3500 5812 Ῥώμης
3549 5742 3827 5812 Ἀδριανοῦ
3873 5746 4005 5795 ὲπιο

2423 5836 2626 5903 στολαὶ,
2677 5836 2767 5888 καὶ
2816 5836 2871 5888 αἱ
2917 5834 3071 5904 παρά
3104 5833 3211 5887 τῶν
3258 5831 3593 5887 ἀνατολικῶν
3649 5834 4008 5905 πατριαρχών
