4194 6432
181 437 282 499 545

1237 420 1409 481 νιΤΑ
1454 419 1514 479 S.
1558 418 1855 478 lGNATII
1885 416 2371 477 CP.ARCHIEP.

3325 430 3431 495 5.56

181 550 319 602 κατά
351 546 513 611 τάξιν
545 537 1077 610 άναγινωσκόμεναι,
1112 536 1315 595 πᾶσαν,
1348 534 1442 587 καὶ
1479 531 1633 602 ίεράν
1674 530 1754 581 εύ-

1867 544 2012 591 ncm,
2045 528 2226 593 fidem,
2279 529 2671 592 innocentiam,
2710 528 3182 604 integritatemque
3226 537 3430 608 legatu-

179 639 512 708 θημοσύνην,
542 636 603 689 τό
644 651 704 687 τε
732 628 920 684 πιστὸν
948 628 1043 680 καὶ
1092 625 1344 695 ἄμωμον,
1370 626 1465 677 καὶ
1510 621 1762 691 ἀνεπίλη-

176 743 305 778 πτον
337 726 450 778 τῶν
476 717 911 785 ἀπεσταλμένων
945 713 1351 785 τοποτηρητῶν,
1380 713 1440 765 τό
1468 729 1525 765 τε
1550 727 1762 762 κανονιο

176 822 267 871 xliv
286 820 384 871 καὶ
404 816 669 884 ἔνθεσμον
691 812 798 865 τῶν
822 808 1261 864 ἀποστειλάντων
1286 805 1505 868 αὐτοὺς,
1530 801 1761 856 ἐνώπιον

178 912 401 963 πάντων
429 906 850 962 ἀπεδείκνυσαν.

245 1002 483 1054 Ἔπειτα
508 1000 574 1067 τῇ
608 996 735 1065 ἑξῆς
783 993 946 1062 ἱερεῖς
977 1007 1036 1043 τε
1080 990 1175 1043 καὶ
1210 989 1488 1059 ἀρχιερεῖς
1537 986 1758 1050 πάντει,

174 1094 285 1144 ὅσοι
346 1089 612 1144 Μεθοδίω
666 1086 764 1156 μὲν
822 1084 916 1136 καὶ
989 1080 1247 1151 Ίγνατίου
1303 1078 1610 1151 χειροτονίᾳ
1651 1077 1760 1128 τῶν

175 1184 495 1253 ἁγιωτάτων
545 1179 842 1248 ἐτύγχανον
889 1172 1267 1244 πατριαρχῶν,
1314 1170 1669 1240 πανουργίαις
1705 1170 1758 1221 δὲ

177 1270 567 1333 παντοδαπαῖς,
606 1269 699 1320 καὶ
742 1266 1012 1327 ποικίλαις
1056 1263 1311 1317 κολάσεσι
1350 1260 1441 1313 καὶ
1471 1260 1758 1323 ἐπινοίαις,

174 1363 379 1416 Φωτίου
410 1364 477 1431 τῇ
506 1360 757 1430 κοινωνίᾳ
785 1356 1232 1427 συναπήχθησαν,
1269 1348 1415 1408 οὗτοι
1447 1353 1643 1415 πάντες
1678 1351 1762 1402 λι·

175 1454 393 1515 εέλλους
435 1452 723 1522 μετανοίας
752 1448 1166 1511 ἐπιδεδωκότες,
1198 1447 1293 1499 καὶ
1335 1445 1473 1515 μετά
1507 1442 1761 1513 δακρύων

174 1550 239 1616 τῇ
260 1547 391 1617 ἁγία
424 1545 626 1614 συνόδῳ
658 1541 1095 1613 προσπίπτοντες
1130 1540 1223 1593 καὶ
1250 1536 1758 1608 ἐξομολογούμενοι,

175 1640 270 1691 καὶ
323 1640 507 1707 μέντοι
566 1637 659 1689 καὶ
708 1634 1063 1704 συγγνώμης,
1100 1632 1237 1685 κατά
1280 1630 1377 1701 τὴν
1413 1630 1553 1697 ὑπὲρ
1580 1628 1761 1681 αὐτῶν

173 1728 266 1781 τοῦ
301 1727 566 1798 βασιλέως
616 1724 986 1796 παράκλησιν,
1048 1722 1144 1774 καὶ
1173 1719 1272 1791 τὴν
1312 1718 1423 1771 τῶν
1470 1716 1759 1787 Ῥωμαίων

173 1814 387 1889 ψῆφον,
416 1818 505 1881 ⁸ὼς
537 1817 873 1887 βιασθέντες,
928 1813 1268 1884 ἀξιούμενοι,
1297 1810 1387 1864 ναὶ
1429 1810 1495 1881 δὴ
1542 1810 1635 1861 καὶ
1682 1808 1759 1878 τῷ

1862 636 2007 685 rum,
2072 636 2281 675 necnon
2326 621 2417 690 jus
2447 633 2500 676 et
2532 621 2910 677 auctoritatem
2965 627 3296 683 inittentium
3347 635 3439 687 de-

1861 711 2167 767 clarabant.

1936 977 2134 1030 Deinde
2156 984 2376 1046 postero
2393 976 2479 1031 die
2500 978 2808 1034 sacerdotes
2843 989 2895 1033 et
2917 979 3191 1034 antistites
3225 995 3439 1047 omnes,

1861 1071 1954 1140 qni
1993 1086 2022 1124 a
2054 1070 2323 1124 Methodio
2352 1078 2405 1123 et
2452 1068 2660 1138 lgnatio
2714 1073 3080 1127 sanctissimis
3118 1075 3443 1143 patriarcliis

1863 1164 2173 1218 consecrati
2231 1174 2408 1227 erant,
2459 1165 2779 1233 artibusque
2807 1175 2861 1220 et
2911 1167 3143 1231 insidiis,
3185 1169 3446 1238 omnique

1864 1272 2059 1325 genere
2093 1264 2494 1309 tormentorum
2522 1257 2587 1310 ad
2625 1254 2805 1311 Pliotii
2846 1260 3293 1314 communionem
3346 1261 3448 1313 ab-

1866 1350 1996 1418 repti
2032 1358 2209 1409 erant,
2260 1348 2454 1402 libellis
2492 1350 2825 1417 ptenitentim
2862 1354 3153 1421 porrectis,
3200 1369 3322 1407 cum
3367 1356 3447 1406 la-

1861 1441 2065 1513 crymis
2096 1440 2371 1509 supplices
2401 1441 2467 1494 ad
2501 1451 2704 1496 sancta:
2728 1446 2918 1513 synodi
2949 1445 3111 1515 pedes
3134 1447 3448 1515 procubue-

1864 1522 2033 1600 runt;
2080 1542 2134 1587 et
2178 1533 2477 1600 deprccatu
2522 1534 2891 1602 imperatoris,
2940 1538 3082 1604 quod
3131 1538 3236 1590 vim
3298 1539 3443 1607 passi

1863 1635 2065 1688 essent,
2104 1626 2171 1680 de
2221 1626 2491 1681 sententia
2530 1628 2830 1696 legatorum
2885 1628 3165 1696 pontificis
3213 1629 3443 1683 Romani

1862 1719 2020 1771 venia
2054 1718 2283 1786 dignati,
2322 1719 2697 1789 przescriptnm
2731 1721 2832 1775 sibi
2863 1722 3167 1790 epitimium
3201 1737 3295 1776 seu
3333 1737 3448 1792 pm-

1865 1817 1990 1855 nam
2048 1815 2458 1874 susceperunt,
2516 1808 2849 1877 perindeque
2898 1824 2962 1863 ac
3002 1810 3093 1863 alii
3153 1811 3442 1882 inculpati,

174 1888 517 1983 διωρισμένῳ
548 1912 764 1982 θέμενοι
794 1908 1078 1977 ἐπιτιμίῳ,
1111 1904 1254 1958 οὕτω
1276 1903 1377 1972 τῆς
1402 1901 1512 1955 τῶν
1540 1902 1754 1954 ἐπισκό-

1862 1894 2243 1966 episcoporum
2264 1896 2451 1953 sedem
2492 1896 2784 1969 locumque
2817 1909 3164 1971 receperunt.

177 2022 289 2057 πων
316 2005 585 2073 καθέδρας
634 2005 750 2066 τοῖς
803 2000 1157 2070 ἀνεγκλήτοις
1204 1995 1406 2067 ὁμοίως
1465 1995 1558 2049 καὶ
1607 1994 1761 2047 αὐτοὶ

175 2095 551 2166 καηξιοῦντο.

257 2187 543 2240 Ἐντεῦθεν
570 2188 648 2251 είς
676 2185 875 2240 ὲκατδν
903 2182 997 2238 δύο
1023 2182 1112 2236 τδν
1145 2179 1379 2252 ἀριθμὸν
1427 2177 1762 2239 ἐπισκόπους

172 2281 204 2349 ἦ
242 2279 457 2342 σύνοδος
487 2279 671 2347 ὶκιίνη
717 2275 1187 2348 συγκροτουμὲνη.
1222 2276 1314 2326 καὶ
1343 2272 1523 2325 πάντα
1556 2271 1758 2339 εὐσχη-

177 2373 353 2440 μόνως
381 2370 475 2423 καὶ
513 2370 657 2423 κατὰ
686 2368 862 2433 τάξιν,
921 2368 1015 2421 καὶ
1046 2368 1225 2419 πάντα
1262 2365 1359 2418 σὺν
1388 2364 1531 2434 λόγῳ
1563 2363 1761 2432 καιρίῳ

175 2465 265 2515 καὶ
306 2465 620 2525 κανονικαῐς
648 2461 924 2525 διατάξεσι
957 2460 1139 2528 λέγειν
1164 2459 1261 2511 καὶ
1290 2457 1554 2527 πράττειν
1579 2456 1758 2508 διαλο-

175 2560 473 2630 γιζόμενοι,
508 2561 601 2613 τὸν
627 2558 929 2611 ὑπεύθυνον
954 2556 1159 2609 Φώτιον
1185 2556 1493 2625 παράγουσι
1527 2551 1602 2622 μὴ
1640 2552 1761 2620 βου-

172 2652 396 2722 λὸμενον
420 2668 435 2682 ·
468 2653 562 2705 καὶ
592 2650 930 2720 διελέγχουσι
968 2647 1069 2718 μὲν
1119 2646 1413 2716 ἀποτόμως
1460 2645 1559 2714 τῆς
1613 2658 1761 2711 φονι-

173 2745 271 2811 κῆς
303 2742 448 2794 κατά
484 2741 745 2809 ἰγνατίου
783 2738 878 2793 τοῦ
916 2738 1174 2808 ίεράρχου
1209 2734 1604 2806 προαιρέσεως,
1660 2735 1754 2786 καὶ

172 2835 264 2901 τῆς
293 2831 605 2901 παραλόγου
623 2830 719 2882 καὶ
742 2827 1040 2898 μανιώδους
1068 2826 1441 2893 καθαιρέσεως
1464 2840 1475 2852 ·
1507 2823 1760 2892 ἐλέγχου-

173 2940 223 2977 σι
250 2926 307 2976 δὲ
340 2924 436 2976 καὶ
463 2924 561 2983 τὰς
586 2919 943 2991 ψευδοεπείας
978 2918 1146 2970 αὑτοῦ
1180 2920 1274 2971 καὶ
1300 2916 1633 2985 δυσφημίας,
1662 2914 1757 2966 καί

170 3017 266 3068 ὅσα
296 3017 441 3067 κατα
472 3013 741 3067 Νικολάου
772 3012 865 3066 τοῦ
903 3010 1064 3064 πάπα
1099 3011 1421 3080 πεφώραται
1461 3006 1756 3079 δεδρακώς.

171 3103 298 3160 Εἶτα
356 3105 721 3160 πυνθάνονται
767 3105 897 3175 παρ’
946 3102 1135 3165 αὑτοῦ,
1169 3104 1296 3155 εἴτι
1326 3104 1437 3171 ἔχει
1482 3101 1757 3168 δικαίωμα

171 3201 300 3266 πρὸς
345 3198 449 3268 τήν
483 3192 604 3250 κατ’
670 3196 836 3250 αὐτοῦ
892 3196 1059 3250 πάλαι
1095 3193 1396 3263 γενομένην
1455 3194 1603 3261 παρὰ
1648 3192 1756 3243 τῶν

1933 2179 2203 2253 Deinceps
2238 2183 2331 2238 illa
2355 2184 2603 2255 synodus
2638 2198 2734 2255 per
2772 2184 3063 2258 episcopos
3109 2188 3250 2246 duos
3280 2206 3445 2260 supra

1859 2285 2079 2330 centum
2106 2276 2404 2341 celebrata,
2425 2279 2610 2332 omnia
2645 2279 2840 2334 ordine
2869 2280 3253 2352 decenterque,
3278 2294 3332 2338 et
3361 2300 3449 2336 ra-

1862 2368 2011 2422 tione
2040 2368 2245 2438 optima
2276 2383 2340 2421 ex
2370 2369 2551 2439 legum
2586 2378 2640 2423 et
2658 2371 3051 2427 canonicorum
3096 2373 3440 2430 decretorum

1862 2460 2183 2530 praescripto
2243 2459 2478 2515 dicendo
2545 2462 2905 2532 agendoque,
2973 2480 3126 2519 reum
3193 2464 3444 2520 Photium

1861 2552 2111 2621 quamvis
2142 2550 2523 2616 reluctantem,
2553 2562 2873 2623 przesentem
2934 2555 3130 2611 adesse
3174 2557 3341 2628 cogit.
3377 2556 3445 2612 Et

1862 2658 2049 2697 severe
2074 2643 2151 2697 illi
2181 2643 2453 2712 objiciunt
2480 2643 2711 2698 consilia
2733 2646 2978 2700 exitialia
3002 2650 3262 2704 adversus
3296 2647 3447 2719 lgna-

1861 2736 1997 2790 tium
2032 2735 2193 2799 inita,
2230 2734 2429 2789 factam
2464 2746 2657 2805 prazter
2702 2738 2971 2792 rationem
3029 2741 3221 2795 insana
3268 2751 3447 2796 mente
3532 2733 3539 2737 ’

1861 2829 1982 2899 ejus
2009 2827 2448 2897 depositionem;
2486 2828 2771 2883 mendacia
2815 2829 2962 2895 item,
3007 2840 3062 2885 et
3116 2832 3447 2894 calumnias.

1863 2922 2076 2991 aliaque
2108 2921 2314 2984 omnia,
2343 2936 2464 2989 qna:
2494 2922 2634 2974 clam
2670 2921 2934 2975 adversus
2965 2920 3245 2976 Nicolaum
3267 2923 3449 2993 penti-

1863 3015 2017 3069 fieeni
2056 3013 2232 3067 fuerat
2260 3013 2499 3067 molitus.
2534 3010 2737 3066 Deinde
2765 3025 3018 3082 quarunt
3049 3029 3115 3069 ex
3167 3030 3253 3079 eo,
3309 3014 3442 3085 quid

1862 3104 2189 3174 respondeat
2214 3104 2278 3157 ad
2315 3103 2461 3156 illam
2498 3102 2628 3156 olim
2681 3100 2866 3156 Romae
2916 3102 3081 3156 latam
3141 3112 3327 3157 contra
3388 3119 3448 3157 se

1860 3194 2226 3249 damnationis
2257 3194 2608 3245 sententiam.
2663 3191 2799 3246 Cum
2834 3192 3262 3259 obniutesceret,
3298 3195 3447 3263 quod

181 3289 469 3359 Ῥωμαίων
542 3290 867 3358 κατάκρισιν
944 3287 1390 3354 ἀνθυπενεγκεῖν.
1455 3286 1629 3338 Αὑτοῦ
1702 3286 1754 3338 δὲ

1868 3286 2071 3339 nullam
2100 3284 2390 3338 criminum
2435 3299 2661 3337 suorum
2709 3298 2890 3337 veram
2934 3284 3305 3339 defensionem
3361 3302 3447 3340 re-

172 3384 485 3445 σιωπῶντος
523 3383 601 3453 τῷ
643 3374 917 3450 μηδεμίαν
948 3381 1026 3450 (8)
1082 3380 1305 3447 εὔλογον
1361 3380 1507 3449 ἔχειν
1555 3378 1754 3432 ἀπολο-

169 3474 285 3540 γίαν
318 3474 455 3544 πρὸς
474 3476 540 3526 τὰ
572 3472 951 3543 ἐγκαλούμενα
972 3513 987 3536 ,
1022 3472 1210 3541 ἐπειδὴ
1242 3472 1346 3523 ὑπό
1371 3488 1428 3523 τε
1459 3470 1567 3523 τῶν
1596 3487 1758 3522 τοπο-

166 3567 418 3635 ηρητῶν
446 3565 648 3630 αὐτῶν,
673 3564 777 3617 ὑπό
791 3582 849 3617 τε
871 3562 965 3616 τοῦ
990 3563 1252 3633 βασιλέως
1286 3564 1378 3615 καὶ
1404 3562 1501 3631 τῆς
1524 3561 1754 3629 συγκλῄ-

166 3673 254 3708 του
292 3656 739 3727 παραινούμενος
785 3653 1118 3724 συγγνώμην
1171 3653 1414 3722 αἰτῆσαι,
1471 3651 1611 3704 ὥστε
1652 3650 1753 3702 κᾶν

166 3746 257 3815 τῆς
310 3747 424 3799 τῶν
476 3746 684 3798 πιστῶν
719 3744 1003 3807 κοινωνίας
1060 3743 1135 3805 ὡς
1190 3742 1376 3804 λαῖκὺς
1424 3740 1747 3809 ἀξιωθῆναι,

167 3841 515 3893 παντάπασιν
573 3836 632 3901 ἐξ
681 3835 970 3899 αὐθαδείας
1001 3834 1328 3888 ἀπεσείσατο
1376 3833 1475 3901 τὴν
1507 3831 1748 3901 συμϐου-

166 3932 278 3985 λίαν
302 3946 317 3961 ’
352 3932 514 4000 κοινῇ
560 3929 750 3982 λοιπὸν
779 3930 947 3999 ψήφῳ
978 3927 1073 3981 καὶ
1119 3926 1436 3996 δικαιοτάτῃ
1481 3923 1750 3992 κατακρί-

169 4040 333 4090 νουσι,
393 4021 723 4093 καθαιροῦσί
770 4039 831 4075 τε
859 4021 1047 4074 τοῦτον
1087 4020 1181 4073 καὶ
1233 4017 1753 4088 ἀναθεματίζουσιν,

169 4117 237 4177 ὡς
275 4116 586 4185 ἐπιϐήτορα
614 4114 707 4167 καὶ
745 4114 955 4183 μοιχὸν,
989 4115 1084 4167 καὶ
1124 4112 1381 4182 διωγμῶν
1432 4111 1755 4181 χαλεπωτά-

167 4224 269 4261 των
296 4212 393 4261 καί
426 4207 741 4261 σκανδάλων
796 4206 1004 4276 μυρίων
1046 4207 1163 4268 ταῖς
1199 4203 1290 4256 τοῦ
1340 4202 1477 4256 Θεοῦ
1526 4202 1753 4272 Ἐκκλη-

170 4300 304 4363 σίσις
340 4301 521 4353 αἴτιον
558 4298 867 4368 γενόμενον.
898 4299 1005 4350 Καὶ
1038 4294 1432 4365 ἀποφαίνονται
1486 4295 1583 4347 σὺν
1636 4294 1754 4363 ἅμα

168 4391 433 4445 Νικολάου
462 4391 564 4462 [αι.
591 4389 879 4453 συνοδικῶς
899 4392 964 4459 τῇ
991 4387 1149 4460 Νικ.]
1178 4385 1271 4440 τοῦ
1304 4388 1461 4441 πάπα
1492 4385 1754 4453 καθαιρε-

165 4487 282 4553 τικῇ
308 4484 508 4553 ψήφῳ,
550 4485 616 4552 τῇ
651 4484 790 4551 μετὰ
826 4480 1030 4550 πολλῆς
1080 4478 1366 4549 ἀκριῦείας
1406 4477 1625 4548 πρῶτον
1654 4478 1748 4529 καὶ

166 4575 478 4643 κανονικῖνμ,
514 4575 632 4644 ἢτοι
661 4573 945 4642 συνοδικῆς
968 4572 1201 4641 κρίσεως
1227 4569 1603 4641 ἀποφανθείσῃ
1627 4570 1747 4623 κατ’

166 4664 346 4719 αὑτοῦ.
386 4664 805 4735 Ὑπογράφουσι
832 4664 889 4716 δὲ
919 4666 985 4733 τῇ
1030 4661 1370 4733 καθαιρέσει,
1398 4662 1457 4713 ού
1497 4660 1636 4731 ψιλῷ
1670 4662 1748 4732 τῷ

173 4754 356 4823 μέλανι
407 4757 481 4808 τά
517 4754 863 4825 χειρόγραιρα
892 4754 1227 4823 ποιούμενοι,
1260 4751 1417 4815 ἀλλά,
1447 4752 1506 4803 τὸ
1537 4768 1748 4820 φρικω-

167 4844 440 4909 δέστατον,
464 4845 543 4908 ὠς
566 4846 675 4899 τῶν
702 4846 920 4898 εἰδότων
962 4845 1177 4914 ἀκήκοα
1224 4842 1744 4913 διαδεῦαιουμένων,

167 4940 251 4990 καὶ
275 4941 334 4993 έν
357 4939 517 5009 αὐτῷ
546 4938 641 4991 τοῦ
670 4938 918 5009 Σωτῆρος
963 4936 1042 5007 τῷ
1083 4935 1279 5006 αἵματι
1310 4934 1610 5005 βάπτοντες
1655 4935 1749 4988 τὸν

1862 3377 2100 3446 periret,
2134 3392 2162 3430 a
2206 3376 2399 3445 legatis
2438 3374 2720 3441 Romanis,
2760 3376 2988 3445 ipsoque
3026 3376 3356 3446 imperatore
3392 3390 3447 3431 et

1861 3481 1973 3524 toto
2007 3478 2200 3524 senatu
2254 3469 2587 3532 admonitus,
2624 3478 2683 3523 ut
2740 3470 2954 3523 veniam
3016 3481 3351 3539 precaretur,
3391 3483 3446 3525 ct

1857 3563 2047 3616 saltem
2111 3570 2371 3631 tanquam
2408 3562 2583 3616 laicus
2619 3561 2684 3615 ad
2713 3560 2953 3615 fidelium
3002 3564 3444 3619 communionem

1858 3654 2211 3723 reciperetur,
2247 3654 2483 3722 superbo
2516 3665 2571 3707 et
2605 3654 2916 3708 contumaci
2954 3654 3139 3708 animo
3156 3656 3443 3711 consilium

1857 3746 2071 3815 penitus
2116 3745 2440 3813 repudiavit.
2480 3743 2621 3814 Ergo
2650 3744 2926 3799 communi
2958 3747 3203 3799 omnium
3240 3747 3442 3816 aquis-

1858 3840 2000 3892 simo
2043 3838 2253 3907 judicio
2288 3838 2601 3902 damnatur,
2659 3838 2966 3904 abdicatur,
2994 3839 3448 3909 anatliemateque

1857 3932 2186 4002 percellitur,
2208 3931 2369 3984 veluti
2395 3931 2625 3985 violator
2639 3941 2690 3985 et
2709 3932 2943 3996 adulter,
2974 3934 3447 4003 maximarnmque

1857 4025 2232 4078 calamitatum
2268 4035 2321 4077 et
2353 4024 2691 4078 infinitarum
2724 4026 3087 4080 olfettsionum
3117 4040 3180 4079 ac
3216 4027 3447 4080 scanda-

1857 4117 2034 4171 lorum
2064 4116 2117 4168 in
2148 4116 2391 4169 Ecclesia
2426 4114 2517 4169 Dei
2557 4124 2749 4169 auctor
2785 4134 2797 4181 ;
2834 4125 2886 4171 et
2913 4116 3230 4186 pronuntiat
3279 4132 3440 4187 syno-

1856 4212 1962 4263 dus
1985 4208 2142 4278 juxta
2196 4209 2405 4263 Nicolai
2460 4224 2613 4279 papae
2642 4211 2995 4273 sententiam,
3059 4226 3165 4281 qua
3208 4211 3444 4279 primum

1854 4298 2090 4355 Pliotius
2115 4308 2331 4353 maturo
2380 4314 2504 4353 cum
2542 4298 2776 4367 judicio,
2820 4301 3197 4368 canonicaque
3231 4315 3325 4354 seu
3358 4314 3446 4369 sy-

1856 4392 2047 4447 nodica
2086 4390 2263 4444 fuerat
2310 4389 2652 4458 depositione
2701 4391 3013 4445 damnatus.
3060 4389 3447 4458 Snbseripsere

1855 4482 2166 4553 (episcopi)
2191 4480 2519 4551 depositioni
2538 4482 2786 4544 calamis,
2811 4496 2916 4534 non
2941 4480 3087 4533 nudo
3109 4489 3445 4541 atramento,

1854 4576 1969 4641 sed,
2009 4576 2062 4629 in
2087 4589 2198 4645 quo
2236 4575 2455 4645 penitus
2478 4574 2870 4628 contremiscas
2932 4572 3013 4643 (ut
3048 4586 3141 4625 eos
3192 4572 3284 4640 qui
3332 4586 3443 4625 rem

1853 4676 2071 4733 norant,
2112 4676 2491 4722 asseverantes
2543 4665 2772 4736 audiri),
2807 4666 2926 4735 ipso
2961 4664 3263 4720 Salvatoris
3314 4679 3444 4719 san-

1850 4759 2012 4827 guine
2042 4758 2255 4812 tinctis.
2295 4756 2397 4819 lta,
2439 4756 2689 4825 inquam,
2722 4755 2942 4809 demum
2974 4755 3227 4809 Photinm
3273 4768 3444 4808 exau-

1846 4858 2132 4901 ctorarunt
2169 4847 2629 4914 damnaruntque,
2663 4859 2879 4913 unaque
2910 4859 3098 4898 omnes
3128 4842 3196 4897 ab
3216 4842 3325 4897 'illo
3350 4858 3441 4896 sa-

1849 4938 1962 4992 cris
1990 4938 2261 4991 initiatos.

167 5034 431 5107 κάλαμον,
491 5034 663 5099 οὕτως
713 5033 1043 5106 ἐξεκήρυξαν
1076 5031 1302 5098 Φώτιον,
1354 5030 1528 5095 οὕτως
1581 5031 1744 5086 αὑτὸν
1782 5034 2161 5099 κατεδίκασαν,
2190 5033 2284 5087 καὶ
2310 5032 2517 5095 πάντας
2549 5030 2677 5094 τοὺς
2734 5032 3288 5106 κεχειροτονημένους
3349 5030 3445 5083 ὑπ’

167 5129 344 5183 αὑτοῦ.

241 5226 514 5281 Ἐνταῦοα
544 5224 853 5293 γενόμενος,
888 5222 1293 5293 κατηγορήσειν
1327 5238 1419 5292 μοι
1454 5220 1598 5274 δοκῶ
1646 5222 1746 5291 τῆς

171 5321 378 5372 συνόδου
404 5336 418 5351 ·
458 5316 747 5388 μέμψομαι
779 5314 833 5367 δὲ
863 5317 956 5368 καὶ
988 5313 1086 5384 τὴν
1117 5314 1299 5383 κρίσιν
1329 5313 1556 5383 ταύτην,
1576 5316 1624 5365 εί
1654 5314 1748 5366 καὶ

168 5411 449 5481 τολμηρόν.
483 5409 668 5470 Iliad;
693 5408 801 5475 γάρ
831 5405 929 5468 τὰς
978 5403 1206 5473 πράξεις
1258 5403 1354 5457 καὶ
1382 5406 1509 5467 τοὺς
1559 5405 1746 5476 διωρι-

170 5503 384 5571 σμένους
409 5505 471 5556 ὲν
502 5501 641 5571 αὐτῇ
673 5498 901 5561 κανόνας
931 5497 1132 5567 ὁμοίως
1156 5498 1269 5559 τοῖς
1295 5498 1352 5549 ὲν
1381 5498 1501 5559 ταῖς
1537 5498 1743 5566 προλα-

169 5592 371 5656 ίούσαις
403 5590 550 5645 ἑπτά
576 5589 815 5652 συνόδοις
843 5588 1271 5658 οίκουμενικαίς,
1301 5590 1392 5640 καὶ
1426 5586 1647 5651 τούτους
1673 5587 1749 5650 ὡς

1925 5218 2023 5273 llic
2048 5232 2148 5289 ego
2171 5216 2303 5272 milii
2338 5215 2609 5288 synodum
2650 5214 2775 5285 jure
2807 5212 3212 5283 quodammodo
3256 5227 3442 5281 repre-

1856 5313 2129 5367 liensurus
2158 5309 2349 5363 videor
2378 5328 2390 5362 ι
2427 5306 2822 5377 reprehendam
2846 5316 3049 5370 autem,
3076 5307 3177 5358 ctsl
3209 5303 3440 5358 fortasse

1856 5402 2140 5468 audacius,
2173 5402 2277 5455 hoc
2314 5401 2490 5471 ipsum
2515 5398 2808 5469 judicium.
2852 5398 3102 5451 Actiones
3136 5397 3280 5451 enim
3322 5410 3441 5450 om-

1859 5513 1953 5550 nes
1976 5505 2030 5550 et
2058 5494 2311 5547 definitos
2354 5493 2405 5545 in
2447 5507 2512 5547 ca
2553 5506 2815 5556 canones,
2869 5490 3096 5557 perinde
3148 5505 3212 5544 ac
3236 5492 3288 5543 in
3321 5489 3441 5543 aliis

1856 5596 2061 5658 Septem
2099 5584 2458 5642 tecumcnicis
2500 5584 2745 5656 synodis,
2798 5582 2871 5637 ita
2915 5582 2969 5637 in
3001 5584 3101 5639 hac
3126 5597 3343 5653 quoque
3381 5594 3441 5636 ut

232 5785 301 5852 (8)
345 5791 505 5846 Alter
557 5788 731 5845 codex
789 5786 932 5859 legit,
983 5785 1151 5843 αὑτοῦ
1205 5786 1261 5841 δὲ
1302 5786 1551 5849 εἰπόντος
1594 5786 1653 5840 τὸ
1705 5804 1754 5858 μ·

1859 5785 1999 5853 λίαν,
2034 5802 2150 5840 cum
2185 5801 2303 5840 vero
2333 5784 2425 5842 ille
2449 5783 2877 5855 respondissem:
2908 5782 3040 5838 nihil
3074 5781 3265 5836 habere
3299 5774 3437 5852 quod

171 5854 365 5913 diceret.
