4194 6432
742 452 844 515 54⁸1

1918 447 2205 510 NICET/E
2234 442 2755 504 ΡΑΙἮΙΑΟΟΝΙΞ

3888 439 3999 501 543

739 572 961 619 sanctos
1013 574 1067 618 et
1110 556 1168 617 a‘
1195 561 1397 631 Spiritu
1438 572 1627 617 sancto
1666 563 1899 619 dictatos
1963 564 2115 618 valde
2145 559 2314 631 probo

2444 554 2810 617 εοπνεύστους
2837 555 2955 608 λίαν
2977 554 3334 626 προσιέμενός
3360 572 3420 608 τε
3449 557 3545 610 καὶ
3574 554 3997 625 ἀποδεχόμενος,

740 658 1101 724 admittoque.
1136 654 1248 709 lloc
1281 667 1491 709 tantum
1523 657 1575 710 in
1612 657 1715 711 hac
1744 670 1937 712 octava
1973 671 2082 710 non
2115 655 2311 719 laudo,

744 764 852 801 non
912 749 1053 816 quod
1104 751 1181 816 (ut
1220 748 1384 816 aliqui
1442 749 1687 816 censent)
1742 750 1964 818 gravius
2020 757 2315 810 commota,

746 842 936 894 durius
963 841 1015 893 in
1052 856 1174 895 reos
1196 841 1497 913 decreverit
1525 859 1537 906 ;
1568 841 1659 894 sed
1691 852 1885 895 contra
1921 840 2101 910 potius
2135 854 2320 910 repre-

750 934 1027 987 hendenda
1064 933 1291 987 forsitan
1320 934 1404 1001 ,sit
1433 934 1571 1002 apud
1604 949 1820 1003 mquum
1852 933 2141 995 arbitrum,
2174 931 2319 1001 quod

749 1024 919 1075 multo
954 1024 1274 1076 clementius
1327 1038 1492 1091 quam
1537 1024 1841 1091 oportebat,
1877 1022 2162 1091 judicarit,
2214 1023 2322 1076 ha—

748 1115 858 1166 bita
896 1130 1089 1181 nempe
1115 1129 1469 1182 personarum
1500 1115 1687 1183 aliqua
1718 1115 1947 1176 ratione,
1976 1130 2083 1167 non
2112 1129 2178 1167 ex
2208 1114 2323 1183 lege

712 1202 1048 1269 apostolica
1107 1202 1318 1255 sincere
1378 1202 1484 1255 lata
1516 1204 1802 1257 sententia.
1860 1203 2191 1258 Tricesimus
2235 1218 2325 1258 ca-

751 1306 857 1343 non
908 1291 984 1358 (9)
1039 1290 1406 1366 adhibendus.
1441 1302 1577 1354 erat,
1639 1306 1747 1361 quo
1810 1293 2147 1347 innocentem
2201 1303 2327 1347 ante

753 1385 1020 1451 lgnatium
1052 1382 1277 1438 Photius
1326 1384 1659 1453 sycophanta
1701 1384 2009 1448 damnarat,
2043 1384 2198 1453 quasi
2234 1397 2328 1452 per

752 1476 1066 1528 saecularem
1120 1483 1445 1543 potestatem
1497 1474 1797 1530 Ecelesiam
1854 1477 2163 1532 invasisset.
2216 1474 2329 1530 Hoc

755 1567 927 1643 magis
949 1581 1096 1619 nunc
1134 1566 1475 1620 innitendum
1520 1580 1637 1622 erat
1695 1569 1747 1623 in
1780 1584 1928 1631 eum,
1987 1577 2045 1621 ut
2094 1570 2187 1636 qui
2218 1582 2325 1620 non

755 1656 870 1720 Dei,
896 1674 998 1711 non
1031 1667 1331 1728 mystarum
1363 1661 1653 1727 sententia,
1688 1660 1781 1715 sed
1816 1661 2121 1715 incredibili
2143 1660 2329 1731 gloriae

754 1757 808 1799 et
838 1749 1151 1802 ambitionis
1191 1748 1373 1803 furore
1403 1759 1710 1820 correptus,
1746 1768 1840 1821 per
1872 1753 2191 1807 saecularem
2228 1766 2328 1823 po~

756 1846 1011 1892 testatem
1041 1839 1237 1893 solium
1267 1841 1316 1895 vi
1360 1844 1644 1912 tyrannica
1677 1854 2023 1913 occupasset.
2061 1844 2211 1901 ilanc
2243 1845 2331 1900 ille

2418 645 2574 697 τοῦτο
2611 645 2768 713 μόνον
2798 645 2898 714 τῆς
2926 646 3119 716 όγδόης
3159 646 3381 700 συνόδου
3428 647 3634 718 ταύτης
3680 649 4000 717 ἐπιμέμφο-

2422 753 2542 804 μαι,
2571 736 2667 805 οὑχ
2700 738 2779 789 ὅτι
2814 736 2971 806 θυμῷ
3026 738 3183 808 βαρεῖ
3226 739 3321 791 καὶ
3354 740 3715 811 μνησικακίᾳ,
3743 741 3818 803 ῶς
3849 759 4002 806 τινες

2419 828 2640 891 οἴονται,
2664 829 2770 881 τῶν
2798 829 3115 883 ὑπευθύνων
3141 830 3383 902 ἀνηλεῶς
3404 832 3826 903 κατεψηφίσατο,
3863 835 4006 903 μᾶλ-

2421 919 2509 971 λον
2539 920 2638 987 μὲν
2658 920 2749 974 οὖν
2776 922 3088 975 τοὺναντίον
3129 924 3381 993 μεμπτέα
3410 926 3570 995 τυχὸν
3599 925 3734 997 αὕτη
3763 929 3911 996 παρά
3936 944 4005 995 γε

2420 1013 2612 1083 δικαίῳ
2638 1013 2746 1065 τῶν
2788 1015 3044 1067 τοιούτων
3093 1019 3279 1087 κριτῇ,
3311 1018 3393 1070 ὅτι
3429 1018 3941 1089 φιλανθρωπότερον
3966 1019 4003 1088 ἢ

2423 1108 2529 1160 ἔδει
2574 1108 2672 1176 τὴν
2703 1108 2884 1185 κρίσιν
2932 1108 3266 1178 ποιουμένη,
3319 1109 3419 1161 οὑκ
3470 1110 4005 1181 ἁπροσωπόληπτον,

2424 1199 2543 1253 οὑδὲ
2609 1199 2863 1270 καθαρῶς
2906 1200 3269 1269 ἀποστολικὴν
3318 1202 3567 1270 ἐπήγαγε
3616 1202 3833 1271 ψῆφον·
3879 1203 4007 1257 δέον

2425 1290 2503 1360 τῷ
2530 1290 2834 1361 τριακοστῷ
2866 1291 3165 1362 κεφαλαίῳ,
3276 1291 3493 1361 πρῶτον
3517 1293 3608 1346 τὸν
3636 1294 3924 1363 ἄμεμπτον
3975 1297 4009 1347 ὀ

2430 1384 2769 1453 συκοφάντης
2798 1382 3168 1448 κατεδίκαζεν,
3186 1384 3259 1446 ὼς
3278 1382 3365 1436 διὰ
3396 1384 3667 1453 κοσμικῆς
3686 1385 4011 1449 δυναστεεας

2429 1477 2671 1547 ἐγκρατῆ
2721 1479 3017 1548 γενάμενον
3041 1478 3137 1547 τῆς
3183 1478 3528 1547 Ἑκκλησίας,
3584 1478 3756 1547 τούτῳ
3807 1479 4014 1549 μᾶλλον

2434 1569 2814 1640 ἰσχυρίσασθαι
2872 1569 2966 1623 νῦν
3009 1568 3129 1622 κατ’
3182 1570 3415 1634 ἐκείνου,
3460 1570 3535 1634 ὡς
3560 1570 3622 1623 οὑ
3664 1570 3831 1640 ψήφῳ
3866 1570 4011 1623 Θεοῦ

2432 1663 2523 1713 καὶ
2582 1661 2792 1733 ίερέων,
2856 1660 2970 1714 ἀλλ’
3021 1661 3292 1733 ὑπερϐολῇ
3363 1662 3655 1733 φιλαρχίας
3710 1662 3805 1714 καὶ
3857 1662 4015 1727 δοξο-

2435 1753 2664 1823 μανίας,
2742 1752 2831 1807 διὰ
2901 1754 3173 1823 κοσμικῆς
3249 1755 3566 1818 δυναστείας
3642 1756 4019 1827 τυραννήσαν-

2430 1829 2521 1907 τος
2570 1845 2670 1913 τῆς
2710 1843 3055 1914 Ἐκκλησίας.
3084 1846 3252 1899 Αὐτόν
3283 1864 3341 1900 τε
3386 1846 3475 1899 διὰ
3517 1845 3689 1900 ταῦτα
3729 1847 4019 1917 καθαιρεῖν

757 1932 828 1985 ob
847 1948 1091 1996 causam,
1121 1943 1173 1986 et
1192 1944 1471 2001 prmterea,
1494 1936 1636 2000 quod
1657 1935 1724 1989 ab
1741 1946 2094 1993 exauctorato
2117 1954 2175 1993 se
2202 1953 2334 1993 con-

2444 1905 2561 1996 ἔδει,
2590 1905 2684 1986 καὶ
2706 1934 2785 1987 ὅτι
2811 1905 2962 2007 παρὰ
2992 1905 3375 2007 καθῃρημένου
3400 1936 3822 2006 χειροτονεῖσθαι
3878 1905 4020 1989 κατ-

758 2025 961 2077 seerari
988 2025 1243 2087 voluerit,
1265 2025 1330 2078 de
1357 2026 1523 2093 gradu
1555 2027 1931 2083 deturbandus
1950 2038 2087 2092 erat,
2121 2043 2337 2086 omnes-

757 2132 863 2184 que
899 2116 991 2184 qui
1024 2133 1147 2170 eum
1204 2118 1297 2170 illo
1328 2118 1830 2184 communicabant,
1876 2120 2176 2176 secundum
2207 2137 2337 2192 apo-

757 2206 1006 2259 stolieam
1038 2208 1380 2262 sanctionem
1417 2225 1429 2258 :
1460 2224 1559 2263 nec
1585 2211 1825 2279 oportuit
1853 2226 1948 2266 eos
1979 2210 2089 2267 Deo
2137 2212 2338 2282 Deique

752 2298 960 2366 judicio
995 2300 1374 2355 clementiores
1409 2316 1548 2367 esse,
1592 2312 1644 2357 et
1698 2306 2036 2360 sacrosancti
2100 2304 2335 2375 Spiritus

756 2393 1032 2445 decretum
1058 2393 1363 2462 antiquare.
1384 2392 1509 2450 Haac
1531 2396 1731 2465 quippe
1756 2396 1973 2451 illorum
2001 2398 2335 2470 indulgentia

757 2484 943 2536 omnia
979 2498 1183 2551 susque
1221 2486 1395 2554 deque
1420 2487 1530 2556 egit
1562 2488 1698 2557 (10).
1756 2486 1870 2544 Hoc
1926 2488 2195 2557 judicium
2232 2491 2337 2545 dici

758 2590 868 2629 non
904 2584 1083 2645 potest
1110 2568 1375 2645 quantum
1406 2578 1716 2642 otTenderit,
1739 2590 2180 2651 quantorumque
2207 2596 2339 2637 cau—

757 2684 875 2721 sam
904 2669 1195 2737 praebuerit
1242 2671 1531 2725 malorum.
1586 2672 1917 2728 Persuasum
1967 2675 2112 2728 enim
2145 2675 2338 2740 habeo,

755 2758 804 2811 si
840 2768 968 2812 tunc
988 2774 1053 2812 ex
1084 2760 1457 2828 apostolorum
1487 2770 1539 2815 et
1561 2777 1831 2817 canonum
1862 2766 2187 2821 auctoritate
2215 2782 2340 2821 sen-

761 2849 987 2903 tentiam
1013 2850 1136 2916 rite,
1156 2860 1209 2904 et
1248 2852 1300 2905 in
1330 2864 1610 2907 auctorem
1651 2854 1966 2909 schismatis
1994 2864 2049 2911 et
2080 2856 2341 2912 oﬂ‘ensio-

761 2957 914 3005 num,
937 2951 991 2997 et
1022 2942 1076 2996 in
1099 2952 1272 2998 totam
1304 2944 1421 3013 ejus
1446 2944 1735 3000 factionem
1769 2961 1889 3001 cum
1916 2948 2008 3001 illo
2038 2949 2345 3003 communi-
2376 2939 2400 2953 ’”

758 3044 998 3098 cantem,
1028 3036 1287 3090 omnibus
1344 3039 1733 3103 exauctoratis,
1795 3038 2067 3106 tulissent,
2097 3040 2343 3096 futurum

760 3122 953 3188 fuisse,
988 3125 1067 3178 uti
1095 3126 1272 3179 omnis
1296 3126 1362 3179 ab
1409 3126 1647 3180 Ecclesia
1682 3127 1931 3196 impietas
1982 3129 2035 3183 in
2069 3140 2346 3198 posterum

2435 2025 2607 2095 ηξίου,
2648 2026 2745 2079 καὶ
2794 2026 2920 2090 τοὺς
2952 2028 3415 2097 κεκοινωνηκότας
3447 2028 3502 2081 δέ
3540 2028 3691 2097 αὑτῷ
3742 2028 3881 2081 κατὰ
3913 2028 4021 2098 τὴν

2437 2118 2799 2187 ἀποστολικὴν
2848 2119 3123 2189 ἀπόφασιν
3156 2120 3363 2183 πάντας
3388 2136 3401 2149 ·
3433 2120 3529 2172 καὶ
3582 2120 3657 2189 μὴ
3705 2120 4020 2189 φιλανθρω-

2440 2209 2705 2281 ποτέρους
2749 2209 2885 2263 Θεοῦ
2916 2211 3009 2264 καὶ
3061 2211 3195 2265 Θεοῦ
3236 2210 3552 2282 γινομένους
3604 2212 3859 2282 κρίσεως,
3913 2214 4023 2281 τὴν

2438 2304 2711 2373 ἀπόφασιν
2738 2302 2830 2357 τοῦ
2859 2305 3123 2374 παναγίου
3147 2304 3460 2376 Πνεύματος
3482 2305 3738 2375 ἀκυροῦν.
3754 2306 3926 2358 Τοῦτο
3951 2305 4027 2358 τὰ

2439 2394 2549 2448 ἄνω
2578 2396 2729 2449 κάτω
2760 2397 3024 2466 πεποίηκε
3048 2414 3062 2428 ο
3094 2396 3251 2450 τοῦτο
3278 2396 3339 2449 τὸ
3362 2398 3536 2467 κρῖμα
3560 2397 3660 2449 οὑκ
3711 2396 3857 2449 ἐστιν
3877 2397 4027 2449 ὅσων

2440 2488 2614 2540 εἰπεῖν
2669 2487 2854 2540 κακῶν
2908 2490 3079 2541 αίτιον
3138 2488 3230 2541 καὶ
3264 2487 3577 2542 σκανδάλων
3623 2488 4024 2558 ἐχρημάτισεν.

2441 2576 2605 2648 Οἶμαι
2632 2582 2762 2649 γὰρ,
2797 2580 2871 2642 ὡς
2901 2583 2948 2632 εἰ
2997 2568 3368 2643 ἀποστολικῶς
3411 2579 3533 2633 τότε
3574 2580 3669 2632 καὶ
3718 2578 4027 2641 κανονικῶς

2443 2672 2582 2724 κατὰ
2616 2672 2833 2724 πάντων
2862 2672 3234 2740 ἀπεφήναντο,
3267 2671 3331 2724 οὑ
3382 2671 3472 2725 τὸν
3508 2672 3681 2725 αἴτιον
3716 2670 3876 2739 μόνον
3921 2669 4030 2738 τῆς

2442 2762 2787 2833 διχοστασίας
2821 2780 2880 2814 τε
2914 2762 3011 2815 καὶ
3057 2762 3168 2815 τῶν
3201 2763 3534 2823 σκανδάλων,
3570 2762 3705 2815 ἀλλὰ
3744 2762 3837 2815 καὶ
3890 2761 4029 2823 τοὺς

2444 2855 2877 2924 κοινωνήσαντας
2908 2852 3056 2921 αὑτῷ
3081 2853 3284 2916 πάντας
3305 2851 3732 2923 ἐκκηρύξαντες,
3764 2852 4032 2919 οὐδεμίαν

2447 2945 2513 3000 ἂν
2542 2947 2621 2999 ἔτι
2658 2945 2800 2998 κατά
2828 2947 2927 3016 τῆς
2964 2944 3291 3014 Ἐκκλησίας
3319 2940 3431 3014 εἶχε
3464 2944 3812 3015 παρείσδυσιν
3844 2945 3878 3012 ἡ
3914 2943 4035 2996 ἀδι-

2448 3036 2561 3091 κία.
2597 3038 2806 3107 Ὠσπερ
2836 3036 2892 3090 δὲ
2928 3035 3147 3106 πρῶτον
3191 3036 3329 3090 κατὰ
3354 3037 3454 3106 τὴν
3503 3037 3596 3089 ἐπὶ
3635 3036 3907 3106 Ταρασίου
3931 3036 4036 3088 τοῦ

2450 3128 2593 3182 θείου
2655 3128 2872 3181 σύνοδον
2914 3130 3058 3182 κατά
3103 3129 3212 3181 τῶν
3274 3130 3659 3199 Εἰκονομάχων
3704 3127 4035 3198 γενομένην,

761 3214 1165 3269 excluderetur.
1208 3215 1310 3269 Sed
1348 3219 1804 3286 quemadmodum
1842 3229 1987 3284 ante,
2030 3221 2217 3277 divino
2243 3222 2345 3277 Ta-

2449 3220 2635 3290 ἐπειδὴ
2666 3219 3112 3291 συμπαθέστερον
3149 3219 3349 3289 μᾶλλον
3385 3220 3417 3289 ἧ
3469 3220 3804 3287 δικαιότερον
3864 3220 4039 3289 ἐχρή-

762 3306 909 3358 rasio
963 3306 1293 3374 patriarcha,
1362 3320 1415 3363 et
1455 3310 1663 3378 synodo
1719 3320 1909 3365 contra
1957 3311 2346 3369 lconomachos

762 3395 1059 3463 celebrata,
1115 3411 1237 3451 cum
1292 3398 1659 3469 indulgentius
1702 3416 1864 3469 quam
1916 3416 1981 3456 ex
2033 3405 2348 3474 praescripto

760 3486 987 3556 iustitia:
1027 3488 1310 3544 haereticos
1334 3498 1681 3557 tractassent,
1712 3492 1787 3547 illi
1816 3502 2031 3563 arrepta
2060 3498 2349 3552 occasione

766 3578 1100 3647 impietatem
1137 3594 1292 3633 suam
1321 3581 1492 3635 multo
1526 3583 1702 3651 magis
1752 3582 2151 3639 continuarunt
2185 3602 2199 3637 :
2270 3586 2346 3641 ita

768 3684 916 3725 nunc
947 3673 1153 3742 synodo
1179 3672 1280 3727 hac
1310 3673 1599 3729 remissius
1624 3684 1836 3744 agente,
1864 3690 1965 3731 nec
1990 3676 2109 3731 sine
2130 3676 2347 3745 aﬂectu,

768 3778 944 3831 neque
971 3779 1034 3817 ex
1071 3765 1373 3835 apostolico
1395 3782 1603 3821 canone
1628 3767 1997 3823 damnationis
2024 3758 2346 3825 sententiam

770 3856 992 3915 ierente.
1055 3856 1258 3911 malitia
1313 3874 1503 3913 rursus
1555 3869 1746 3913 contra
1783 3858 2084 3916 Ecclesiam
2142 3862 2352 3918 invenit

770 3944 971 3998 locum.
1001 3944 1137 3999 Nam
1170 3962 1264 4017 per
1296 3948 1545 4003 homines
1568 3957 1730 4003 antea
1766 3960 2054 4019 corruptos
2071 3952 2349 4021 explosus,

770 4052 819 4095 et
857 4057 956 4111 per
986 4042 1192 4111 ejectos
1220 4044 1513 4099 damnatus
1537 4048 1697 4114 quasi
1732 4045 2048 4113 familiares,
2082 4050 2353 4119 posdimi-

773 4134 865 4189 nio
902 4150 1214 4201 recurrens,
1257 4152 1448 4191 rursus
1481 4138 1803 4206 patriarchae
1828 4140 2080 4195 thronum
2116 4156 2211 4211 per
2243 4145 2351 4198 vim

776 4226 1010 4292 invasit;
1042 4228 1323 4296 sacrisque
1349 4228 1559 4298 legibus
1613 4237 1669 4284 et
1704 4230 2026 4300 apostolicis
2056 4233 2356 4288 sanctioni-

777 4316 877 4369 has
912 4317 1100 4379 eiu-sis,
1128 4318 1509 4373 traditionibus
1532 4320 1786 4375 omnibus
1812 4321 2197 4377 ecclesiasticis
2226 4339 2354 4392 pro—

773 4409 1003 4463 culcatis
1027 4448 1041 4473 ,
1095 4424 1220 4465 cum
1267 4426 1459 4466 omnes
1497 4411 1549 4465 in
1581 4426 1681 4467 sua
1744 4413 2059 4468 testimonia
2089 4424 2142 4468 et
2168 4416 2356 4472 chiro-

773 4502 978 4569 graplta
1020 4502 1289 4571 perjuros,
1345 4514 1398 4558 et
1454 4505 1635 4559 crucis
1682 4505 2117 4567 conculcatores,
2150 4515 2209 4561 ut
2239 4508 2353 4575 ipse

2449 3330 2610 3367 σαντο
2648 3315 2759 3375 τοῖς
2788 3313 3106 3383 αἰρετικοίς,
3150 3310 3343 3382 καιροῦ
3391 3302 3553 3363 πάλιν
3606 3312 3802 3362 ἐκεῖνοι
3830 3309 4037 3379 δραξα-

2452 3421 2625 3473 μενοι,
2662 3405 2760 3474 τὴν
2791 3403 2999 3456 οἰκείαν
3024 3403 3341 3456 δυσσέὸειαν
3381 3402 3763 3473 χαλεπώτερον
3795 3400 4038 3455 ἀνενεώ-

2451 3511 2611 3548 σαντο
2631 3510 2644 3523 ·
2676 3493 2819 3546 οὕτω
2848 3494 2943 3547 καὶ
2972 3492 3068 3547 νῦν
3090 3494 3190 3563 τῆς
3215 3494 3435 3547 συνόδου
3475 3494 3679 3563 ταύτης
3723 3492 4041 3563 πεφεισμέ-ο

2449 3603 2575 3649 νως,
2608 3585 2721 3639 ἀλλ’
2746 3586 2849 3639 οὑκ
2879 3585 3252 3655 ἀπροσπαθῶς
3282 3587 3377 3639 καὶ
3397 3584 3695 3648 κανονικῶς
3723 3585 3822 3656 τὴν
3848 3584 4041 3655 κρίσιν

2452 3674 2900 3744 ἀποφηναμένης,
2923 3668 3079 3744 εὗρεν
3098 3668 3249 3737 αὖθις
3271 3675 3306 3744 ἠ
3340 3674 3572 3744 πονηρία
3597 3673 3735 3725 κατὰ
3762 3672 3863 3741 τῆς
3909 3672 4042 3726 Ἐκο

2451 3768 2677 3836 κλησίας
2712 3766 2917 3837 χώραν.
2949 3767 3055 3820 Καὶ
3081 3766 3167 3820 διὰ
3198 3766 3306 3819 τῶν
3336 3765 3789 3836 προειλημμένων
3813 3763 3842 3815 ὁ
3889 3763 4039 3816 ἀπό-

2453 3859 2643 3929 ϐλητος
2681 3857 2778 3930 [aL
2809 3859 3293 3928 προσειλημμένων
3326 3854 3472 3925 ἀπ.],
3507 3856 3601 3910 κα)⁸
3629 3854 3717 3908 διὰ
3756 3855 3866 3906 τῶν
3890 3855 4041 3908 ἀπο-

2452 3951 2652 4021 κρίτων
2687 3948 3043 4022 [ὑποκριτῶν]
3074 3951 3102 4001 ὁ
3129 3935 3533 4019 καθῃρημένος,
3582 3946 3658 4010 ὼς
3691 3945 4043 3998 κοινωνικῶν

2453 4041 2621 4094 ὄντων
2660 4039 2848 4105 αὑτοῦ,
2896 4039 3281 4109 καταδραμὼν,
3334 4039 3429 4090 καὶ
3464 4034 3621 4101 αὖθις
3669 4035 3761 4089 τὸν
3792 4038 4047 4104 ἱεραρχι-

2455 4134 2549 4187 κδν
2573 4134 2761 4204 θρόνον
2792 4134 3155 4203 τυραννήσας,
3206 4130 3301 4184 καὶ
3331 4130 3440 4183 τῶν
3484 4131 3647 4202 ἱερῶν
3687 4130 4043 4194 καταπαίξας

2442 4226 2703 4295 θεσμῶν,
2731 4225 2827 4278 καὶ
2869 4224 3046 4277 πάντα
3093 4223 3189 4293 μὲν
3220 4221 3575 4277 ἁποστολικδν
3607 4220 3825 4283 κανόνα,
3850 4221 4045 4273 πᾶσαν

2456 4320 2511 4373 δὲ
2552 4319 2849 4390 παράδοσιν
2882 4315 3341 4386 ἐκκλησιαστικὴν
3370 4311 3881 4383 καταπεπατηκὼς,
3939 4312 4045 4364 καὶ

2459 4414 2665 4474 πάντας
2706 4412 2801 4480 μὲν
2861 4410 2971 4463 τῶν
3026 4409 3243 4462 οἰκείων
3300 4407 3603 4478 ὁμολογιῶν
3650 4403 4044 4477 χειρογράφων

2460 4502 2753 4573 ἁθετητὰς,
2801 4501 3011 4564 πάντας
3065 4501 3123 4553 δὲ
3170 4498 3589 4569 παυροπάτας,
3645 4492 3757 4559 οἷος
3803 4497 4042 4561 ἐκεῖνος,

774 4602 917 4653 erat,
967 4589 1081 4645 ﬁeri
1125 4593 1413 4662 coegisset,
1449 4603 1501 4647 et
1551 4604 1793 4648 extrema
1846 4594 2037 4663 primis
2083 4594 2345 4651 deteriora

2460 4594 2703 4661 γίνεσθαι
2737 4592 3193 4661 καταναγκάζων,
3224 4590 3455 4643 καὶτῶν
3477 4590 3707 4658 πρώτων
3734 4593 3802 4642 τὰ
3830 4582 4049 4657 ἔσχατα

778 4683 1019 4745 fecisset,
1051 4683 1297 4737 omnium
1331 4686 1695 4740 conscientias
1735 4684 2042 4756 inquinavit
2087 4698 2142 4741 et
2167 4687 2357 4757 profa-

781 4773 955 4855 navit.
976 4773 1155 4843 Atque
1183 4774 1236 4829 id
1288 4775 1342 4828 in
1384 4777 1486 4829 hac
1535 4777 1742 4847 synodo
1775 4776 2136 4841 desideratur,
2170 4787 2229 4832 ut
2259 4794 2362 4850 ego

782 4866 980 4930 sentio,
1021 4867 1166 4936 quod
1203 4876 1256 4922 et
1281 4868 1416 4937 lapsi
1440 4869 1505 4923 ad
1536 4869 1978 4924 communionem
2020 4873 2244 4940 recepti,
2310 4882 2365 4927 et

776 4960 939 5028 lupus
986 4968 1183 5029 prmter
1233 4960 1403 5029 ipsius
1453 4963 1917 5031 exspectationem
1968 4964 2024 5017 in
2074 4963 2217 5018 ovile
2269 4975 2355 5019 est

777 5053 1073 5106 admissus.
1138 5051 1292 5117 Quod
1352 5061 1405 5107 et
1454 5053 1675 5123 quidam
1720 5070 1785 5109 ex
1823 5054 1994 5125 signis
2018 5058 2354 5126 temporibus

778 5144 886 5198 illis
912 5145 1041 5199 visis
1074 5146 1350 5213 sapienter
1393 5147 1764 5215 conjecerunt.
1796 5146 2047 5203 Nondum
2080 5152 2221 5204 enim
2251 5151 2355 5205 hac

779 5237 989 5307 synodo
1019 5238 1313 5302 celebrata,
1339 5240 1432 5294 sed
1457 5241 1635 5294 adhuc
1653 5250 1895 5310 sperata,
1930 5241 2162 5297 bubalos
2190 5257 2360 5311 quon-

778 5332 905 5384 dam
943 5331 1161 5384 aliunde
1198 5332 1304 5386 huc
1349 5332 1633 5394 adductos,
1691 5348 1892 5403 perque
1946 5332 2179 5387 mediam
2214 5334 2353 5386 viam

780 5434 955 5486 actos,
989 5432 1206 5493 repente
1236 5422 1386 5478 furor
1416 5425 1701 5494 corripuit,
1722 5425 1951 5495 aliisque
1998 5425 2105 5477 alio
2149 5425 2356 5478 ruenti-

782 5516 903 5579 bus,
936 5532 1079 5571 unns
1133 5524 1280 5571 recta
1308 5517 1569 5572 adversus
1600 5532 1850 5587 magnam
1884 5517 2168 5571 ecclesiam
2204 5516 2352 5571 dela-

857 5672 935 5733 (9)
976 5674 1163 5726 (Tanon
1196 5686 1279 5727 est
1312 5673 1380 5728 ‘29
1412 5674 1816 5740 Apostolorum.
1854 5672 2026 5725 limo.

851 5743 965 5809 (10)
1002 5742 1121 5795 Non
1164 5744 1379 5796 damnat
1423 5742 1638 5797 Nicetes
1680 5746 2051 5797 a’rumenicum
2077 5741 2359 5793 (ancilium

780 5816 931 5879 quasi
966 5814 1281 5881 apostolicos
1317 5831 1540 5867 canones
1568 5816 1802 5877 violarit,
1857 5814 1944 5865 scd
1971 5828 2029 5865 cz
2066 5815 2132 5865 iis
2186 5816 2359 5870 rebus,

781 5899 897 5953 qua:
953 5897 1065 5951 post
1124 5885 1404 5938 concilium
1472 5902 1701 5948 evenere,
1732 5884 1984 5953 majorem
2034 5883 2357 5937 scvirilntcm

2461 4687 2630 4756 χείρω
2657 4685 2995 4754 διαθέμενος,
3027 4684 3125 4747 τὰς
3154 4683 3413 4737 ἁπάντων
3452 4681 3784 4751 συνειδήσεις
3837 4680 4048 4752 ἐσεσή-

2462 4779 2601 4831 λωσε
2636 4779 2729 4831 καὶ
2761 4777 3083 4847 κατέχρανε.
3133 4775 3305 4828 Τοῦτο
3351 4776 3471 4845 μὲν,
3518 4773 3592 4836 ὡς
3617 4776 3646 4828 ό
3694 4773 3825 4843 ἐμὸς
3854 4773 4043 4841 λόγος,

2463 4872 2565 4941 τῆς
2605 4870 2821 4924 συνόδου
2852 4870 3057 4940 ταύτης
3105 4870 3166 4922 τὸ
3196 4870 3506 4938 ἐλάττωμα,
3540 4866 3629 4919 διὰ
3672 4866 3771 4935 τῆς
3807 4867 4051 4919 καταδοο

2454 4963 2556 5032 χῆς
2586 4960 2683 5016 καὶ
2712 4960 2998 5023 κοινωνίας
3025 4959 3136 5013 τῶν
3167 4958 3596 5030 παραπεσόντων
3622 4994 3637 5019 ,
3687 4956 3780 5009 καὶ
3810 4956 3901 5007 τδν
3940 4956 4047 5008 λύ-

2456 5070 2573 5120 κον,
2608 5052 2682 5115 ὼς
2716 5053 2776 5104 οὑ
2813 5050 3138 5120 προσεδόκα,
3192 5052 3305 5112 τοῖς
3358 5047 3651 5118 προϐάτοις
3699 5046 4043 5114 ἐπεισαγού-

2460 5163 2577 5213 σης.
2612 5144 2783 5196 Τοῦτο
2806 5143 2862 5195 δέ
2903 5160 3047 5203 τινες
3078 5142 3169 5194 καὶ
3196 5141 3301 5194 ἀπὸ
3328 5140 3435 5193 τῶν
3471 5137 4044 5209 παρηκολουθηκότων

2462 5239 2572 5298 τοῖς
2592 5236 2712 5289 τότε
2747 5235 2960 5304 χρόνοις
2987 5233 3304 5301 τεκμηρίων
3330 5231 3616 5300 ἐμφρόνως
3642 5232 4042 5298 ἐστοχάσαντο.

2464 5330 2571 5383 Καὶ
2611 5328 2719 5399 γὰρ
2770 5330 2937 5398 μήπω
2966 5326 3194 5396 ταυτησὶ
3216 5326 3313 5394 τῆς
3338 5324 3559 5378 συνόδου
3587 5322 4041 5392 συγκεκροτημέ-

2464 5438 2581 5492 νης,
2612 5421 2692 5473 ἔτι
2717 5420 2772 5472 δὲ
2796 5417 3176 5487 ἐλπιζομένης,
3211 5416 3463 5487 βούϐαλοι
3484 5413 3682 5479 ἔξωθέν
3712 5430 3843 5467 ποτε
3878 5414 4051 5469 ἐλαυ-

2463 5514 2699 5583 νόμενοι,
2730 5512 2870 5564 κατὰ
2912 5508 3084 5579 μέσης
3129 5508 3378 5579 διήγοντο
3404 5507 3500 5576 τῆς
3549 5504 3789 5566 πόλεως·
3823 5503 4049 5574 ἀθρόως

2457 5669 2520 5722 de
2553 5669 2757 5721 fderat:
2821 5668 3173 5740 quippeAcum
3228 5663 3535 5740 clementius
3573 5662 3736 5740 egisse
3798 5660 4049 5740 videntur

2458 5756 2615 5808 quam
2652 5755 2742 5803 per
2765 5734 2989 5814 canones
3020 5734 3619 5814 ipsas-ageredicuisset,
3644 5734 3688 5811 si
3723 5734 4050 5811 suntmoju-

2462 5802 2514 5861 re
2551 5826 2703 5930 ingere
2729 5824 2847 5860 cum
2880 5802 3069 5860 lelio
3099 5804 3484 5873 Photianisque
3534 5802 3800 5865 coluisset,
3863 5802 4050 5871 inqutt

2462 5879 2519 5931 l‘.
2576 5880 2823 5931 iaderus.

2510 5922 2519 5932 .
2554 5896 2823 5932 ιιιιιιιιτιιδ.
