4194 6432
173 433 271 496 5ί9

1218 431 1389 492 VlTA
1433 430 1493 490 S.
1527 426 1821 490 IGNATII
1860 429 1967 490 ΟΡ.
2008 429 2360 489 ARCHIEP.

3326 436 3434 502 550

170 546 225 596 δὲ
257 541 608 613 θροηθέντες,
657 532 756 591 ὧδε
810 538 1033 591 κάκεῖσε
1089 537 1548 609 διεσκορπίςοντο.
1578 535 1671 601 Εἷς
1704 537 1760 589 δέ

1863 549 1969 601 tus,
2021 540 2238 607 irrupit,
2283 549 2448 607 atque
2488 539 2552 593 ad
2610 540 2895 594 ambonem
2940 556 3113 611 usque
3158 545 3427 600 curriculo

169 633 348 686 αὐτῶν
370 633 511 685 κατὰ
532 634 631 701 τῆς
657 629 910 699 Μεγάλης
941 627 1351 698 εύθυδρομήσας
1397 629 1744 697 Ἐκκλησίας,

170 727 260 778 καὶ
292 725 442 777 ἔνδον
470 724 563 777 τοῦ
622 721 768 789 ἱεροῦ
820 719 1080 789 γεγονὼς,
1133 720 1294 789 ἄχρις
1323 719 1488 772 αὑτοῦ
1528 720 1741 789 τρέχων

170 817 259 871 τοῦ
302 815 557 883 ἄμϐωνος
605 815 965 884 κατήντησεν.
1017 811 1157 881 Ὥρα
1207 811 1265 864 δέ
1312 807 1379 881 ἦν
1436 811 1602 878 ἐνάτη
1654 810 1754 879 τῆς

170 911 417 981 ἡμέρας·
457 910 548 962 καὶ
603 909 765 969 aito;
811 907 913 959 οῦκ
968 905 1171 973 ἀγαθὸς
1219 906 1449 972 ἄγγελος
1513 907 1627 966 τοῖς
1687 904 1755 957 τὰ

170 1003 391 1056 τοιαῦτα
426 1002 633 1072 κρίνειν
662 1001 825 1052 είδόσι
862 1000 1241 1075 κατεφαίνετο.
1279 998 1483 1051 Τούτου
1531 997 1587 1049 δὲ
1638 998 1757 1068 μεί-

172 1096 279 1157 ζων
337 1095 632 1158 ἀπόδειξις,
669 1095 697 1145 ό
730 1092 1166 1163 φρικωδέστατος
1221 1092 1470 1159 σεισμὸς,
1519 1090 1576 1153 ὃς
1633 1085 1753 1144 κατ’

172 1182 380 1238 ἐκεῖνον
409 1183 607 1253 συνέϐη
638 1182 731 1235 τὸν
760 1182 971 1252 καιρόν.
1017 1181 1245 1250 Ἐνάτην
1298 1178 1443 1251 εἶχεν
1516 1180 1756 1235 Ἰανουά-

173 1293 306 1344 ριος,
344 1275 441 1328 καὶ
473 1273 667 1327 πολλαὶ
703 1274 800 1343 μὲν
824 1273 1131 1342 ἐκκλησίαι,
1174 1272 1394 1343 ἐμϐίιλοι
1423 1272 1479 1326 δέ
1512 1274 1753 1326 πλεῖστοι

174 1370 263 1418 καὶ
292 1362 437 1419 οἶκοι
471 1365 885 1436 ήδαφίσθησαν,
940 1364 1155 1432 κτηνῶν
1198 1382 1258 1417 τε
1309 1367 1405 1418 καὶ
1454 1365 1757 1437 ἀνθρώπιον

172 1457 451 1527 ἀμύθητος
477 1457 668 1523 γέγονε
698 1453 1062 1525 πανωλεθρία,
1098 1456 1191 1508 καὶ
1225 1454 1384 1517 αὐτὸς
1434 1455 1490 1507 δὲ
1527 1458 1553 1507 ὁ
1587 1457 1759 1524 μέγας

171 1549 270 1617 τῆς
299 1547 395 1600 τοῦ
429 1547 564 1600 Θεοῦ
594 1546 793 1615 Σοφίας
817 1541 963 1609 οἶκος
995 1545 1134 1598 κατὰ
1167 1546 1338 1598 πολλὰ
1376 1547 1515 1616 μέρη
1560 1548 1759 1601 διεκιν-

173 1638 427 1692 δυνεύετο
454 1638 809 1708 ῥηγνύμενος,
836 1638 884 1689 εί
918 1635 993 1708 μὴ
1010 1638 1107 1708 τῆς
1136 1637 1292 1703 ἀξίας
1325 1637 1460 1707 πρὴ
1486 1636 1594 1690 τῶν
1625 1656 1759 1709 κρα-

175 1728 413 1781 τούντων
437 1728 733 1797 ἐτύγχανεν
771 1727 1108 1797 ἐπιμελείας.
1143 1728 1325 1781 Ταῦτα
1370 1728 1468 1797 μὲν
1516 1729 1620 1798 πρὸ
1653 1729 1755 1797 τῆς

178 1821 417 1873 συνόδου.
444 1820 551 1872 Καὶ
578 1818 698 1889 μετ’
728 1820 895 1890 αὐτὴν
926 1819 1183 1889 ἐξαίφνης
1214 1819 1418 1889 ἐπῆλθε
1448 1818 1761 1889 πνεύματος

1856 629 1989 682 hora
2018 629 2121 681 diei
2153 644 2293 683 nona
2330 628 2607 698 pervenit;
2640 632 2730 700 qui
2767 646 2878 684 rem
2908 635 3178 687 (estimare
3206 637 3433 691 scienti-

1857 719 1958 772 bus
1989 719 2140 771 visus
2189 726 2271 771 est
2308 719 2483 772 malus
2533 733 2654 774 esse
2683 721 2947 784 ,nuntius.
2980 724 3083 777 Sed
3120 726 3297 793 majus
3327 726 3435 780 isto

1855 822 2233 882 argumentum
2256 820 2391 874 erat,
2424 811 2692 866 terriﬁcus
2728 813 2905 880 plane,
2939 814 3029 882 qui
3062 816 3249 869 eadem
3286 826 3429 871 tem-

1856 914 2067 974 pestate
2121 917 2268 957 nono
2316 902 2563 958 Januarii
2601 907 2819 970 accidit,
2872 915 3030 959 terrm
3064 916 3286 973 tremor,
3322 926 3431 978 quo

1857 998 2024 1052 multa
2052 998 2272 1067 templa,
2308 997 2553 1065 plurimae
2588 997 2850 1067 porticus,
2876 1000 3213 1069 aediﬁciaque
3245 1001 3433 1054 conci-

1855 1092 2075 1146 derttnt.
2133 1090 2425 1146 llominum
2484 1105 2547 1145 ac
2600 1092 2968 1160 jumentorum
3021 1102 3167 1147 tanta
3221 1103 3435 1162 strages

1856 1184 1999 1239 edita
2032 1194 2132 1250 est,
2157 1192 2359 1254 quanta
2398 1184 2578 1238 verbis
2614 1186 2841 1254 exprimi
2877 1186 3042 1238 nullis
3068 1186 3432 1254 potest.'0uin

1856 1282 1909 1328 et
1947 1274 2121 1343 ipsum
2153 1274 2372 1345 Sophim
2411 1283 2701 1341 augustum
2731 1276 2821 1329 Dei
2857 1276 3119 1346 templum
3154 1276 3340 1331 multis
3378 1278 3430 1330 iu

1861 1365 2106 1435 partibus
2127 1380 2479 1429 concussum,
2508 1365 2610 1419 nisi
2634 1380 2768 1419 cura
2800 1367 3092 1436 singularis
3127 1366 3435 1436 principum

1859 1457 2256 1519 antevenisset,
2295 1457 2464 1510 ruina:
2495 1456 2798 1526 periculum
2839 1458 3080 1511 adiisset.
3116 1460 3292 1526 Atque
3319 1458 3436 1511 lucc

1860 1559 1985 1602 ante
2018 1551 2285 1621 synodum
2318 1563 2570 1603 evenere.
2608 1548 2741 1604 Post
2791 1549 3059 1620 synodum
3087 1566 3216 1603 vero
3250 1563 3438 1603 mense

1860 1637 2078 1693 Octobri
2110 1639 2220 1707 jam
2277 1639 2515 1700 ineunte,
2568 1648 2789 1708 repente
2849 1646 3032 1692 tantus
3067 1638 3208 1691 venit
3250 1637 3436 1703 turbo,

1863 1738 2119 1797 tantaque
2151 1727 2355 1796 ingruit
2383 1729 2636 1796 proeella,
2677 1739 2736 1781 ιιι
2770 1728 2936 1783 multa
2971 1729 3191 1797 templa,
3241 1729 3439 1781 multa-

1862 1834 1969 1887 que
2013 1818 2235 1888 palatia,
2270 1828 2432 1888 atque
2482 1819 2654 1888 ipsius
2702 1818 2867 1872 etiam
2918 1818 3229 1888 patriarcltii
3262 1820 3438 1887 plum-

180 1911 384 1981 σφοδρά
410 1910 663 1978 καταιγίς
685 1951 700 1965 .
742 1888 1068 1983 Ὀκτώϐριος
1090 1888 1337 1964 ἐνίστατο
1354 1911 1480 1982 μήν’
1508 1888 1600 1965 καί
1619 1910 1760 1964 οῦτω

1864 1911 2019 1963 beum
2047 1919 2247 1964 tectum
2279 1910 2453 1964 instar
2502 1909 2832 1964 membrana:
2862 1910 3212 1964 convo!utum
3245 1909 3297 1962 in
3330 1920 3442 1963 ter-

179 2002 366 2072 βιαίως
398 2000 626 2055 ἐπέθετο
678 2003 740 2055 τὸ
775 2001 993 2073 πνεῦμα
1014 2041 1029 2067 ,
1081 2002 1157 2066 ὡς
1186 2002 1395 2055 πολλῶν
1428 2003 1526 2073 μὲν
1559 2003 1758 2072 ἐκκλη-

177 2095 330 2158 σιῶν,
368 2092 579 2147 πολλῶν
611 2093 670 2147 δὲ
701 2094 997 2160 παλατίων,
1033 2096 1128 2147 καὶ
1155 2094 1249 2149 τοῦ
1280 2095 1678 2165 πατριαρχικοῦ
1702 2097 1758 2149 δὲ

177 2186 328 2238 οἴκου
364 2186 456 2241 τὸν
484 2186 734 2257 μόλιϐδον
764 2181 851 2240 οἷα
903 2186 1225 2258 μεμϐράνας
1260 2187 1615 2252 συνελίσσειν,
1666 2190 1759 2242 καὶ

183 2277 259 2338 εἰς
286 2275 557 2346 τοῦδαφος
589 2278 877 2348 κατασπᾷν
899 2292 917 2311 ο
949 2278 1009 2330 ού
1044 2277 1205 2348 μόνον
1242 2278 1320 2342 δὲ,
1355 2278 1491 2332 ἀλλὰ
1529 2280 1622 2333 καὶ
1665 2279 1757 2333 τοῦ

174 2370 580 2441 τετραπλεύρου
610 2370 887 2441 μονολίθου
917 2373 1094 2436 κίονος
1126 2374 1184 2426 ἐν
1225 2372 1301 2443 τῷ
1336 2376 1674 2447 ἱπποδρομίαι)
1699 2378 1759 2431 τὸ

176 2460 267 2512 ἐπὶ
294 2461 395 2528 τῆς
444 2462 692 2533 κορυφῆς
749 2463 1125 2534 ἐστηλωμένον
1173 2465 1404 2535 χαλκοῦν
1459 2469 1760 2538 στροϐίλων

178 2553 479 2623 βαρύτατον
504 2555 563 2607 ὃν
598 2555 676 2619 ώς
723 2556 1063 2626 πορρωτάτω
1098 2559 1386 2628 συνετρίϐη
1417 2560 1607 2613 πεσόν.
1639 2562 1756 2613 υύκ

175 2644 297 2714 είκῆ
316 2646 375 2697 δὲ
399 2644 572 2698 ταῦτα
602 2647 1053 2717 παρηκολούθηκε
1094 2650 1163 2703 τὰ
1220 2653 1449 2720 σημεῖα,
1484 2650 1621 2704 ἀλλὰ
1649 2652 1750 2721 τῆς

178 2737 478 2808 μελλούσης
504 2734 658 2801 αὖθις
697 2741 1103 2805 ἀκαταστασίας
1139 2742 1233 2794 καὶ
1266 2744 1512 2814 ταραχῆς
1548 2744 1637 2798 διὰ
1664 2744 1757 2797 τοῦ

174 2831 539 2902 ταραχοποιοῦ
568 2832 817 2904 δαίμονος
861 2835 955 2887 ἐπὶ
1003 2834 1104 2905 τῆς
1139 2836 1466 2907 Ἐκκλησίας
1514 2839 1760 2892 ἐνίστατο

172 2928 451 2996 τεκμήρια
505 2927 689 2996 σαφῆ⁶
731 2929 875 2998 ἅπερ
916 2931 1044 2993 ἴσως
1093 2930 1194 2982 οὐκ
1244 2929 1311 2982 ἄν
1359 2930 1677 2995 συνέπεσεν,
1711 2933 1760 2985 εἰ

176 3017 317 3086 μετὰ
358 3019 453 3071 τὸν
506 3020 883 3085 ἀποστολικδν,
916 3020 993 3084 ὼς
1047 3022 1283 3093 εἴρηται,
1317 3024 1386 3076 τὰ
1423 3024 1542 3076 κατ’
1599 3025 1761 3078 αὐτὸν

170 3110 368 3180 ἐκρίθη
407 3110 644 3181 θεσμόνο
697 3111 813 3165 ἀλλ’
846 3114 996 3183 ὅμως
1034 3115 1093 3167 ού
1149 3116 1402 3185 ῥυπαίνει
1434 3115 1606 3171 ταῦτα
1655 3117 1756 3188 τὴν

1858 2015 1973 2054 ram
2000 2000 2276 2070 dejecerit.
2309 2000 2418 2053 Imo
2448 2010 2501 2054 et
2528 1999 2751 2055 Obelisci
2785 2001 2837 2055 in
2879 2000 3235 2069 hippodromo
3268 2008 3437 2053 tetra-

1859 2092 1981 2162 goui
2011 2107 2073 2147 ex
2109 2101 2366 2163 perpetuo
2420 2092 2596 2162 lapide
2649 2091 2772 2146 facti
2812 2094 3054 2146 ahencus
3112 2092 3291 2157 turbo,
3338 2107 3432 2146 seu
3516 2142 3521 2147 .

1860 2183 2125 2239 strobilus
2158 2183 2363 2254 ingenti
2398 2183 2637 2253 pondere
2668 2182 2937 2238 columnae
2976 2182 3286 2252 impositus,
3314 2198 3442 2251 pro-

1859 2275 1946 2329 cul
1999 2275 2206 2344 ejectus
2236 2284 2291 2329 et
2318 2276 2488 2330 elisus
2524 2284 2628 2330 est.
2682 2273 2791 2329 Nec
2824 2290 2958 2328 vana
2985 2289 3117 2329 sane
3145 2275 3278 2340 lucc,
3318 2289 3441 2343 quae

1862 2376 1975 2421 tum
2007 2366 2348 2432 acciderunt,
2375 2365 2526 2420 luere
2556 2366 2826 2435 prodigia,
2861 2367 2951 2420 sed
2977 2365 3146 2420 futuri
3179 2374 3357 2419 motus
3386 2375 3441 2420 et

1860 2457 2288 2527 perturbationis
2320 2474 2413 2526 per
2437 2458 2797 2514 architectum
2823 2458 3106 2512 turbarum
3136 2459 3439 2512 daemonem

1861 2549 2119 2604 Ecclesiae
2176 2549 2540 2619 impendentis
2580 2560 2766 2619 aperta
2827 2550 2979 2621 signa
3014 2561 3067 2603 et
3096 2559 3439 2618 argumenta.

1861 2641 1990 2709 Quae
2013 2639 2248 2697 fortasse
2270 2641 2578 2696 evenissent
2612 2657 2917 2712 nunquam,
2948 2643 2992 2696 si
3016 2657 3234 2697 causam
3263 2640 3441 2695 l‘hotii

1861 2732 2103 2805 synodus
2135 2748 2201 2786 ex
2226 2733 2445 2787 decreto
2469 2734 2793 2803 apostolico,
2829 2744 2889 2787 ut
2913 2744 2999 2788 est
3029 2735 3256 2799 dictum,
3288 2732 3443 2787 deci-

1859 2827 2050 2880 disset.
2097 2825 2386 2879 Enimvero
2453 2826 2565 2880 haec
2620 2826 2942 2894 patriarclue
3006 2826 3194 2897 lgnatii
3256 2826 3445 2896 glorias

1863 2919 2037 2971 labem
2070 2916 2272 2971 nullam
2295 2924 2610 2985 aspergunt,
2636 2916 2784 2985 quod
2818 2930 2929 2971 non
2969 2925 3116 2970 esset
3142 2916 3217 2969 illi
3251 2925 3444 2969 aucto-

1863 3011 1996 3065 ritas
2026 3010 2220 3079 agendi
2253 3024 2373 3079 qure
2407 3008 2569 3063 vellet
2608 3025 2621 3063 :
2662 3008 2926 3063 Romanis
2968 3009 3114 3063 enim
3143 3024 3242 3079 pro
3268 3010 3444 3063 eccle-

1862 3103 2083 3157 siastica
2128 3102 2353 3172 antiqua
2415 3100 2727 3163 traditione,
2784 3099 3064 3167 iudicandi
3116 3110 3441 3170 petestateut

166 3203 263 3257 τοῦ
299 3205 647 3275 πατριάρχου
689 3205 869 3272 δόξαν,
921 3208 1004 3260 ὃτι
1040 3208 1113 3277 μὴ
1147 3208 1475 3270 αὐθεντικῶς
1504 3204 1618 3279 εἷχε
1654 3212 1759 3263 πᾶν

1866 3194 2233 3263 permittebat.
2286 3194 2429 3259 Quin
2482 3201 2537 3248 et
2592 3194 2707 3262 ipsa
2741 3192 2981 3262 synodus
3007 3205 3111 3244 non
3163 3201 3445 3261 tantopere

172 3293 200 3346 δ
238 3294 499 3347 ἐϐούλετο
517 3295 648 3365 δρᾷν
674 3312 687 3324 ·
722 3294 921 3365 μᾶλλον
952 3295 1011 3349 δέ
1034 3298 1147 3359 τοῖς
1184 3295 1481 3364 Ῥωμαίοις
1510 3296 1650 3367 μετὰ
1665 3297 1765 3366 τὴν

166 3386 379 3439 ἄνωθεν
400 3386 864 3457 ἐκκλησιαστικην
900 3387 1222 3457 παράδοσιν,
1251 3386 1351 3457 τὴν
1378 3388 1477 3457 τῆς
1527 3388 1762 3459 κρίσεως

166 3476 424 3539 ἐξουσίαν
460 3475 797 3546 παρεχώρει.
828 3475 966 3529 Ἀλλ’
999 3476 1107 3529 οὐδ’
1128 3478 1161 3546 ἠ
1192 3476 1407 3540 σύνοδος
1440 3479 1622 3549 ἐκείνη
1652 3481 1766 3542 τοῖς

162 3568 598 3636 κεκοινωνηκότι
624 3568 833 3638 Φωτίῳ,
883 3569 932 3620 εί
966 3568 1058 3621 καὶ
1102 3568 1170 3620 τὰ
1205 3568 1440 3638 μάλιστα
1474 3568 1761 3639 βιασθεῖσι,

160 3661 426 3713 τοσοῦτον
477 3660 637 3731 ἤθελε
702 3660 1035 3729 συμπαθεῖν,
1093 3660 1217 3715 ὅσον
1275 3663 1309 3731 ἡ
1354 3661 1449 3714 τοῦ
1499 3662 1761 3732 βασιλέως

164 3752 441 3823 ἁπλότης,
472 3752 560 3805 ἵνα
592 3753 667 3823 μὴ
695 3752 840 3820 λέγω
892 3753 1185 3823 κουφότης,
1249 3753 1560 3824 προσώπων
1586 3756 1764 3824 ἡττω-

1863 3286 2080 3340 volebat
2107 3286 2174 3341 iis
2199 3286 2291 3356 qui
2313 3302 2437 3340 cum
2459 3284 2675 3348 Pbotio.
2702 3285 2954 3356 quamvis
2988 3284 3141 3337 inviti
3163 3291 3218 3338 et
3241 3284 3444 3349 coacti,

1864 3376 2360 3439 communicarant,
2397 3377 2695 3447 indulgere,
2728 3383 3070 3446 quantopere
3096 3375 3444 3444 simplicitas,

1865 3483 1931 3523 ne
1960 3468 2137 3523 dicam
2180 3469 2394 3534 levitas,
2430 3467 2800 3538 imperatoris,
2834 3470 2977 3524 victa
3014 3482 3210 3539 nempe
3263 3468 3444 3526 botui-

1865 3576 1996 3615 num
2039 3561 2308 3630 precibus,
2341 3570 2396 3616 et
2428 3561 2682 3617 laudibus
2720 3561 2907 3616 inﬂata
2938 3563 3219 3626 humanis,
3249 3572 3302 3618 et
3333 3565 3451 3619 cle-

1870 3654 2084 3708 mentiae
2105 3653 2324 3708 nomine
2350 3651 2588 3722 perfecta
2622 3653 2715 3707 Dei
2748 3655 3004 3723 aequitate
3032 3656 3249 3724 penitus
3276 3654 3451 3711 desti-

1873 3754 2008 3803 tuta.
2038 3745 2218 3812 Atque
2247 3745 2361 3800 haec
2397 3745 2469 3800 ita
2504 3752 2619 3800 tum
2653 3754 2804 3815 gesta
2836 3753 2985 3802 sunt.

161 3844 302 3913 μένη
338 3844 750 3913 παρακλήσεσι,
793 3841 887 3895 καλ⁸
928 3845 1038 3907 τοῖς
1070 3843 1221 3913 παρὰ
1256 3844 1462 3897 τούτων
1508 3845 1750 3907 ἐπαίνοις
1793 3835 2266 3908 ὑποχαυνουμένη,
2291 3837 2383 3889 κα)⁵
2401 3837 2809 3908 φιλανθρωπίας
2835 3838 3060 3909 ὀνόματι
3123 3840 3225 3909 τῆς
3287 3839 3449 3914 ἀκρι-

158 3935 289 3999 ϐοῦς
319 3936 423 3989 τοῦ
446 3935 583 3989 Θεοῦ
608 3936 951 4008 δικαιοσύνης
973 3937 1047 4001 ὼς
1088 3938 1293 3993 ἐπίπαν
1319 3939 1727 3993 ἀποπίπτουσα.
1770 3938 1916 4007 Πλὴν
1948 3932 2120 3986 ταῦτα
2154 3932 2254 4003 μὲν
2283 3932 2471 3986 τοῦτον
2500 3933 2689 4001 γέγονε
2722 3935 2815 3987 τὸν
2839 3934 3063 4004 τρόπον.

222 4026 415 4089 Δῦτὸς
452 4026 511 4079 δέ
548 4028 578 4080 ό
636 4026 808 4097 μέγας
859 4027 1122 4096 Ἰγνάτιος
1159 4028 1269 4081 τῶν
1296 4029 1397 4097 τῆς
1441 4028 1768 4099 Ἑκκλησίας

155 4118 368 4171 οἰάκων
415 4117 478 4170 τὸ
530 4117 784 4189 δεύτερον
823 4119 1240 4190 ἐπιλαϐόμενος,
1287 4121 1455 4185 ἔδειξε
1507 4122 1601 4174 καὶ
1654 4124 1765 4185 τοίς

1932 4023 2158 4093 Magnus
2217 4037 2383 4092 porro
2430 4023 2672 4093 lguatius
2701 4025 2883 4079 denuo
2914 4026 3302 4095 gubernaculis
3339 4028 3449 4083 Ec-

1862 4115 2041 4171 clesiae
2066 4115 2342 4177 admotus,
2363 4117 2447 4169 vel
2467 4131 2566 4171 sua
2593 4128 2784 4185 sponte
2817 4120 3233 4176 esecutieutibus
3260 4135 3449 4177 osten-

156 4206 511 4277 τυφλώττειν
544 4207 809 4273 ἑκουσίως
851 4210 1150 4275 ἐθέλουσιν,
1187 4211 1263 4273 ὡς
1299 4211 1477 4281 μάτην
1502 4213 1530 4264 ὁ
1570 4211 1760 4282 ἐχθρὸς

1863 4208 1962 4270 dit,
1993 4222 2158 4277 quam
2219 4206 2426 4263 frustra
2479 4208 2656 4265 hostis
2706 4218 2896 4264 contra
2945 4226 3004 4266 se
3039 4212 3303 4283 gloriatus
3352 4214 3444 4269 sit.

156 4300 579 4371 ἐνεκαυχήσατο
604 4302 722 4373 κατ’
754 4302 940 4358 αὐτοῦ.
987 4304 1586 4375 Ἐπιστημονικώτερον
1628 4304 1759 4374 γὰρ,

156 4394 247 4444 καὶ
276 4392 495 4460 μᾶλλον
520 4390 793 4465 θειότερόν
824 4412 941 4459 πως
967 4394 1062 4448 καὶ
1087 4394 1489 4466 ἀσφαλέστερον
1510 4396 1543 4466 ἢ
1568 4396 1760 4467 πρώην

155 4484 250 4554 τὴν
298 4484 645 4555 Ἐκκλησίαν
677 4486 976 4557 ἐκυϐέρνα·
1018 4487 1114 4541 ἅτε
1148 4487 1212 4559 δὴ
1246 4489 1366 4551 ταῖς
1404 4490 1640 4558 μακραῖς
1666 4505 1764 4541 τα-

1866 4298 2101 4355 Peritius
2130 4301 2274 4355 enim
2293 4300 2719 4369 quodammodo,
2739 4303 3089 4374 sanctiusque
3122 4313 3175 4359 et
3199 4307 3449 4362 securius

1867 4406 2030 4460 quam
2053 4401 2235 4454 antea,
2266 4391 2570 4446 Ecclesiam
2596 4393 3020 4459 administravit,
3057 4404 3115 4450 ut
3143 4399 3235 4467 qui
3260 4399 3447 4455 multis

1870 4495 1925 4541 et
1972 4483 2246 4539 diuturnis
2310 4484 2590 4553 variisque
2637 4486 2857 4540 casibus
2899 4496 2954 4541 et
2998 4489 3259 4544 aerumnis
3287 4506 3447 4544 usum

154 4573 505 4646 λαιπωρίαις
536 4577 629 4629 καὶ
656 4576 930 4643 ποικίλαις
971 4578 1217 4649 θλίψεσιν
1248 4578 1438 4647 ἱκανὴν
1467 4579 1760 4650 ἐμπειρίαν

1869 4580 2087 4651 regendi
2144 4579 2409 4650 majorem
2470 4580 2576 4636 sibi
2649 4590 3040 4651 comparasset.
3130 4583 3451 4655 lncorrupte

154 4666 338 4736 ἐαυτῷ
373 4666 741 4737 συνειλοχὼς*
774 4668 1072 4733 ἀδέκαστος
1106 4669 1207 4740 μὲν
1251 4671 1430 4739 πάντη
1468 4672 1562 4724 καὶ
1591 4673 1763 4741 ἀπρο-

154 4760 538 4829 σωπὸληπτος
590 4761 649 4811 ἐν
704 4762 827 4823 ταῖς
881 4762 1101 4832 κρίσεσι
1136 4762 1509 4830 δεικνύμενος,
1557 4762 1678 4817 λίαν
1707 4762 1763 4817 δέ

154 4850 397 4921 ἀκριϐὴς
436 4850 502 4903 ἐν
538 4852 657 4914 ταῖς
684 4853 1067 4923 χειροτονίαις,
1100 4856 1211 4916 τοίς
1243 4853 1618 4924 ἀδικουμένοις
1640 4856 1763 4907 ἐπι-

156 4944 397 5009 γχαυρῶν,
430 4944 554 5003 τοῖς
581 4944 947 5015 λυπουμένοις
982 4945 1442 5015 συλλυπούμενος,
1462 4947 1573 5009 τοῖς
1607 4962 1765 4999 πενο-

158 5035 339 5103 μένοις
370 5035 675 5105 ἐπαρκῶν,
709 5038 804 5089 καὶ
837 5036 934 5107 τὴν
968 5038 1177 5091 ἔνδειαν
1230 5037 1441 5100 τούτοις
1470 5037 1568 5107 ὅση
1604 5035 1764 5090 δύνα-

159 5144 244 5194 μις
284 5128 513 5201 ἱλαρῶς
551 5129 1052 5200 παραμυθούμενος
1078 5147 1091 5161 ο
1122 5131 1218 5184 καὶ
1243 5131 1371 5192 τοὺς
1400 5129 1765 5193 ἀσθενοῦντας

162 5218 257 5285 μὲν
277 5223 347 5289 τῇ
381 5219 585 5272 πίστει
611 5218 643 5289 ἢ
670 5220 762 5274 καὶ
784 5220 862 5292 τῷ
910 5221 1124 5293 σώματι
1169 5222 1505 5292 παρακαλῶν
1524 5222 1616 5276 καὶ
1636 5222 1767 5293 ψυχ-

159 5313 417 5378 αγωγῶν,
479 5312 616 5374 τοὺς
672 5313 1026 5384 ὀλιγοψύχους
1072 5315 1130 5368 δὲ
1169 5317 1235 5385 τῇ
1283 5315 1467 5385 χάριτι
1524 5316 1622 5384 τῆς
1668 5314 1764 5368 τοῦ

163 5399 496 5473 Πνεύματος
521 5402 907 5473 ἀνακτώμενος
934 5405 1285 5468 διδασκαλίας
1310 5422 1323 5435 ·
1346 5408 1441 5460 καὶ
1468 5407 1598 5460 πᾶσι
1632 5406 1766 5459 πάν·

161 5508 225 5544 τα
284 5495 616 5565 γινόμενος,
671 5494 896 5550 ἔσπευδε
950 5496 1277 5568 κερδαίνειν,
1311 5497 1433 5551 ὅσον
1483 5496 1766 5565 ἐπάύτῷ,

168 5587 375 5651 πάντας
438 5590 507 5640 ἐν
563 5586 890 5655 σπλάγχνοις
956 5589 1153 5657 Ἰησοῦ.
1207 5588 1312 5642 Δύο
1362 5588 1460 5659 μὲν
1495 5588 1643 5659 αύτῷ
1680 5588 1769 5641 διὰ

168 5678 406 5745 σπουδῆς
426 5673 581 5747 ἦσαν
608 5675 720 5728 ὁδοί
738 5692 753 5706 ⁸
790 5679 824 5747 η
854 5677 953 5747 μὲν
980 5679 1117 5747 πρὸς
1141 5678 1273 5731 Θεὸν
1302 5677 1558 5741 ίθυτενῶς
1585 5678 1769 5749 ὁρῶσα

169 5769 248 5822 διὰ
282 5769 552 5839 καθαρᾶς
586 5784 648 5820 τε
702 5770 798 5820 καὶ
850 5769 1201 5824 ἁνεκλείπτου
1253 5772 1661 5842 προσευχῆς’ἡ
1712 5772 1768 5824 δὲ

170 5861 295 5928 προς
320 5861 425 5932 τὴν
463 5858 577 5929 τῆς
615 5858 939 5928 Ἐκκλησίας
965 5859 1251 5933 οἰκοδομὴν
1278 5864 1369 5916 καὶ
1393 5864 1764 5934 περιποίησιν.

1865 4672 2009 4726 enim
2052 4671 2307 4741 nullaque
2340 4686 2705 4740 personarum
2755 4671 2936 4727 habita
2971 4672 3184 4727 ratione
3214 4674 3308 4743 jus
3367 4675 3451 4728 di-
3526 4659 3532 4664 ’

1865 4764 2044 4819 cebat.
2075 4761 2418 4832 Singularem
2442 4778 2632 4819 curam
2666 4764 2718 4819 in
2752 4764 3268 4820 consecrationibus
3295 4764 3455 4820 adlti-r

1866 4854 2062 4915 bebat,
2118 4853 2319 4923 injuria
2362 4854 2638 4925 oppressis
2666 4853 2875 4909 ferebat
2902 4855 3185 4915 auxilium.
3220 4854 3451 4910 alllictos

1868 4944 2169 5006 solabatur,
2201 4954 2422 5013 egentes
2477 4946 2819 5010 sublevabat,
2858 4960 3159 5016 eorumque
3211 4947 3448 5016 inopiam

1867 5036 1981 5092 suis
2010 5036 2204 5105 copiis,
2235 5044 2294 5090 ut
2327 5044 2561 5105 poterat,
2589 5037 2834 5092 hilariter
2867 5041 3168 5092 recreabat.
3198 5036 3454 5093 lnﬁrmos

1865 5128 2083 5200 quidem
2118 5129 2243 5192 ﬁde,
2265 5137 2359 5182 aut
2383 5128 2545 5184 etiam
2571 5144 2820 5200 corpore,
2847 5131 3206 5187 confirmabat
3227 5139 3280 5184 et
3300 5129 3450 5185 sola-

1868 5221 2049 5276 batur.
2095 5218 2476 5276 Pusillauimes
2533 5236 2664 5276 vero
2697 5222 2932 5291 Spiritus
2972 5222 3145 5277 sancti
3180 5222 3351 5293 gratia
3381 5222 3448 5276 ad

1868 5328 2017 5382 spem
2074 5328 2167 5382 per
2231 5314 2537 5368 doctrinam
2583 5314 2845 5385 erigebat.
2901 5313 3147 5383 Denique
3195 5313 3451 5367 omnibus

1868 5407 2049 5458 omnia
2078 5403 2276 5467 factus,
2312 5420 2412 5475 pro
2444 5404 2649 5459 viribus
2680 5403 2934 5458 studebat
2963 5418 3155 5458 omnes
3187 5402 3240 5454 in
3274 5401 3452 5456 visce-

1870 5499 2023 5552 ribus
2078 5495 2206 5551 Jesu
2256 5496 2459 5551 Clu-isti
2518 5494 2859 5550 lucrifacere.
2920 5494 3182 5549 Gemiuas
3239 5508 3454 5562 semper

1872 5591 2181 5661 propositas
2213 5589 2448 5643 habebat
2487 5588 2604 5643 vias
2645 5606 2657 5641 :
2703 5588 2950 5652 alteram,
2993 5602 3100 5655 qua
3159 5595 3304 5640 recta
3358 5598 3454 5653 per

1873 5697 2037 5753 puras
2064 5690 2117 5735 et
2149 5679 2402 5735 assiduas
2448 5694 2639 5749 preces
2673 5679 2931 5734 tendebat
2959 5679 3023 5732 ad
3058 5677 3224 5731 Deum
3264 5694 3276 5729 :
3318 5675 3453 5729 alte-

1873 5790 1988 5827 ram
2042 5773 2108 5827 ad
2165 5772 2421 5827 Ecclesiae
2452 5786 2563 5827 suae
2598 5772 3013 5826 aediﬁcationem
3067 5779 3120 5825 et
3150 5769 3449 5840 profectum

1874 5864 2193 5922 referebat:
2253 5879 2440 5921 verum
2491 5864 2685 5920 eadem
2731 5864 2897 5922 simul
2945 5879 3108 5935 opera
3161 5874 3453 5933 utrumque
