4194 6432
759 422 860 487 551
1139 420 1155 431 ’
1926 417 2218 480 ΝῙΕΕΤᾸΞ
2257 416 2415 475 PAF]

2360 414 2787 475 PIILAGONIS
3913 418 4016 479 55?.

759 545 904 588 recte
931 531 1379 596 administrabat;
1413 546 1519 583 non
1556 529 1943 600 perfunctorie,
1977 533 2079 592 vel,
2107 540 2165 584 ut
2192 545 2327 583 nou-
2357 534 2400 588 Α

2360 534 2400 588 Α
2431 530 2529 581 Διὰ
2559 530 2655 599 τῆς
2683 529 2851 598 αὐτῆς
2884 529 2941 582 δὲ
2991 528 3227 599 σπουδῆς
3274 530 3563 601 ἀμφότερα
3613 530 3921 600 κατώρθου,
3955 533 4016 583 οὐ

758 625 913 689 ιιιιΙΙὶ,
940 625 1259 688 oscitanter,
1298 624 1390 678 sed
1425 634 1682 676 accurate
1720 632 1773 677 et
1817 625 2071 678 decenter
2096 638 2124 677 a
2156 624 2329 692 prima

2437 616 2576 685 μετά
2617 617 2911 686 πάρεργον,
2959 620 3078 672 οὐδὲ
3118 619 3399 690 ῥαθύμως,
3458 621 3650 691 ὥσπερ
3683 622 3848 684 τινὲς,
3882 623 4020 676 ά).λᾶ

756 717 981 784 juventa
1014 716 1078 768 ad
1121 716 1370 768 ultimam
1403 730 1575 784 usque
1611 725 1887 769 senectam
1933 716 2107 769 sacris
2135 731 2331 785 opera-

2435 710 2529 761 καὶ
2550 709 2669 761 λίαν
2698 710 2972 777 ἐπιμελῶς
3003 712 3096 763 καὶ
3131 712 3399 776 συντόνως
3428 715 3491 766 ἐκ
3514 714 3765 783 νεότητος
3801 715 3905 777 ἕως
3928 717 4022 786 γή-

759 809 947 868 batur;
996 817 1159 876 atque
1192 809 1241 859 in
1275 806 1533 861 omnibus
1579 807 1820 875 templis,
1852 818 1904 861 ct
1939 806 2332 861 laudatissimm

2436 816 2545 870 ρως
2589 801 2679 853 καὶ
2725 802 3017 865 πρεσϐείου
3075 802 3265 871 βαθέος
3296 808 3414 866 ταῖς
3449 806 3621 876 ἱεραῖς
3652 806 4020 877 λειτουργίαις

760 898 850 949 Dei
890 897 1066 961 Matri,
1099 907 1151 951 et
1180 898 1377 951 divinis
1407 899 1668 966 apostolis
1727 899 2189 969 martyribusque,
2243 915 2333 967 ge-

2435 891 2742 960 εὑηρέστει,
2798 893 2895 944 καὶ
2951 892 3088 961 μετά
3126 894 3304 946 πάντα
3338 894 3633 963 σεϐάσμιον
3664 891 3811 948 οἷκον
3862 898 3927 965 τῇ
3959 913 4021 948 τε

757 989 940 1041 stienti
987 990 1170 1055 corde,
1207 1005 1329 1043 cum
1356 1005 1419 1044 ea
1454 1006 1559 1059 qua
1594 1005 1690 1058 par
1724 1000 1861 1047 erat.
1887 1007 1949 1044 ac
1973 991 2211 1043 divinam
2239 991 2335 1045 de-

2438 986 2775 1054 πανυμνήτῳ
2821 987 3007 1059 Μητρὶ
3046 988 3140 1041 τοῦ
3175 989 3335 1059 Θεοῦ,
3388 993 3500 1053 τοῖς
3543 1008 3603 1043 τε
3657 991 3823 1054 θείοις
3879 993 4022 1045 ἀπο-

756 1079 913 1130 cebat
954 1080 1314 1144 majestatem,
1358 1081 1554 1148 pietate
1583 1096 1880 1151 pauegyres
1910 1081 2131 1150 disque
2166 1079 2337 1135 festos

2440 1077 2650 1140 στόλοις
2682 1079 2774 1131 καὶ
2818 1082 3085 1149 μάρτυσιν
3110 1085 3166 1134 ἐν
3191 1082 3511 1149 ἀγαλλιάσει
3538 1083 3764 1152 καρδίας
3794 1084 4021 1153 θεοπρε-

760 1169 1024 1237 agimbat.
1068 1170 1199 1223 'l'am
1237 1172 1322 1240 pie
1349 1188 1475 1226 vero
1514 1181 1565 1225 et
1598 1172 1870 1243 religiose,
1912 1174 2114 1242 Spiritu
2143 1189 2337 1243 nempe

2439 1168 2554 1231 πῶς
2585 1170 3012 1241 ἐπανηγύριζεν.
3072 1172 3228 1225 Οὕτω
3258 1174 3315 1227 δὲ
3350 1175 3612 1243 θεοφιλῶς
3642 1176 3735 1229 καὶ
3770 1194 4022 1246 πνευμα-

756 1271 949 1314 sancto
993 1262 1143 1315 illiilli
1183 1263 1518 1331 complente,
1572 1280 1683 1317 rem
1716 1265 1955 1317 divinam
1990 1265 2243 1328 faciebat,
2278 1277 2337 1321 ιιι

2438 1264 2739 1331 τοκινήτως
2768 1266 2938 1335 ἀνῆγε
2964 1265 3061 1335 τὴν
3096 1268 3434 1337 προσφορὰν,
3464 1268 3538 1330 ὡς
3567 1270 3654 1322 ἐπ’
3677 1270 3849 1338 αὐτῆς
3887 1272 4024 1340 ὀρᾷν

758 1357 809 1406 in
867 1356 984 1423 ipso
1019 1356 1173 1408 altari
1224 1357 1407 1411 videre
1441 1367 1588 1411 esset
1634 1366 1819 1425 aperta
1873 1356 2111 1427 Spiritus
2161 1361 2335 1414 sancti

2438 1353 2537 1422 τῆς
2568 1355 2717 1417 θείας
2748 1356 3027 1426 τραπέζης
3045 1359 3249 1427 ἐναργῆ
3280 1360 3378 1429 τῆς
3407 1359 3499 1412 τοῦ
3531 1360 3845 1427 Πνεύματος
3874 1378 4025 1430 παρ-

756 1448 1056 1513 pra-sentiat.
1086 1459 1432 1515 argumenta.
1475 1448 1775 1503 Videbatur
1826 1451 1970 1504 enim
2004 1453 2163 1521 panis
2194 1452 2336 1506 divi-

2437 1450 2625 1513 ουσίας
2691 1453 2991 1521 τεκμήρια.
3053 1452 3248 1522 Ὠρᾶτο
3300 1454 3408 1524 γάρ
3462 1456 3490 1508 ὁ
3526 1454 3669 1519 θεῖος
3709 1456 3873 1526 ἄρτος
3896 1458 4020 1521 ὅλος

754 1554 859 1591 nus
900 1541 1118 1608 penitus
1169 1542 1517 1607 immutatus,
1572 1550 1829 1612 totusque
1873 1543 2042 1597 veluti
2095 1544 2335 1599 cmlestis

2437 1542 2820 1613 ἠλλοιωμένος,
2849 1545 2968 1605 ὅλος
2998 1545 3184 1615 ῶσπερ
3207 1545 3411 1617 ἄνθραξ
3431 1549 3678 1620 οὐράνιος
3706 1550 3864 1619 χάριν
3886 1552 4025 1603 ἀπο-

751 1632 941 1695 c.n-bo,
999 1633 1183 1703 gratia:
1236 1635 1418 1688 radios
1479 1650 1736 1705 spargere
1791 1636 2030 1691 caelestis
2080 1636 2332 1692 ﬂammae.

2439 1635 2665 1688 στίλϐων
2693 1634 2786 1687 τοῦ
2821 1636 3076 1707 οὐρανίου
3114 1638 3308 1708 πυρός.
3336 1636 3541 1693 Ὦπταί
3570 1658 3698 1693 ποτε
3732 1642 4025 1711 κραδαινό-

750 1724 944 1779 (.‘rut-is
976 1742 1192 1795 quoque
1224 1727 1463 1797 signum,
1497 1726 1641 1797 quod
1669 1744 1777 1782 arte
1799 1729 2037 1799 desuper
2073 1728 2332 1782 immine-

2439 1744 2598 1798 μενος
2619 1730 2713 1781 καὶ
2743 1731 2771 1783 ὀ
2800 1730 3057 1800 ὑπεράνω
3085 1733 3182 1803 τῆς
3212 1732 3373 1800 ἁγίας
3400 1735 3680 1804 τραπέζης
3710 1736 4027 1806 ἀπαιωρού-

754 1816 863 1879 bat,
893 1832 1033 1887 sa-pe
1066 1817 1275 1885 placide
1309 1818 1526 1872 concuti
1573 1819 1900 1873 cernebatur
1927 1860 1942 1883 ,
2000 1834 2125 1873 cum
2176 1834 2333 1873 sacra

2440 1833 2597 1885 μενος
2622 1819 2875 1890 σταυρόςο
2906 1820 3087 1891 ἡρέμα
3118 1822 3218 1891 μὲν
3242 1822 3499 1886 πολλάκις
3532 1825 3829 1894 σειόμενος,
3855 1826 4028 1886 ὑψου-

752 1907 930 1962 liostia
961 1909 1345 1973 extollebatur,
1380 1910 1553 1963 sancti
1593 1910 1830 1977 Spiritus
1877 1912 2130 1966 videlicet
2156 1911 2333 1981 signi-
2367 1899 2408 1958 Β

2370 1899 2411 1958 Β
2446 1908 2605 1976 μένου
2636 1908 2729 1961 τοῦ
2762 1910 2956 1980 ἄρτου,
2988 1912 3279 1981 καθωρὶτο
3303 1955 3317 1979 ,
3354 1915 3453 1985 τὴν
3492 1914 3585 1968 τοῦ
3638 1918 3793 1984 ἁγίου
3818 1919 4026 1991 δηλαδὴ

753 1997 923 2052 tieans
952 1998 1446 2053 obumbrationem.
1486 1999 1589 2054 Sed
1628 2000 1747 2070 ipso
1781 2002 1867 2056 die
1912 2000 2133 2058 Pascha!
2166 2004 2337 2074 potis-

2441 1999 2755 2071 Πνεύματος
2811 2005 3125 2057 ὲπισκίασιν
3167 2006 3577 2076 ὑποσημαίνων.
3622 2009 3711 2062 Ἐν
3736 2011 3917 2082 ἡμέρα
3966 2013 4027 2065 δέ

749 2090 951 2143 simum
999 2091 1133 2145 adeo
1175 2091 1530 2147 vehementer
1579 2103 1914 2147 commotum
1946 2103 2051 2158 est,
2098 2096 2175 2149 uti
2220 2110 2337 2165 pre-

2439 2111 2569 2147 ποτε
2594 2094 2689 2148 τοῦ
2731 2096 2921 2167 Πάσχα
2953 2097 3188 2167 μάλιστα
3240 2099 3383 2153 οὕτω
3431 2100 3710 2172 διεκινήθη
3746 2104 4026 2177 σεροδρῶος,

750 2181 951 2252 sbyteri
983 2191 1037 2236 et
1090 2183 1330 2252 episcopi
1380 2200 1595 2251 omnes,
1653 2187 1998 2255 maximeque
2056 2187 2093 2241 ii
2132 2189 2225 2258 qui
2269 2204 2333 2244 ex

2435 2185 2512 2249 ὡς
2546 2187 2753 2250 πάντας
2808 2190 2972 2259 ἱερεῖς
3008 2192 3100 2243 καὶ
3155 2192 3445 2263 ἀρχιερεῖς,
3498 2194 3591 2246 καὶ
3624 2195 3859 2264 μάλιστα
3892 2198 4029 2262 τοὺς

749 2273 873 2327 aliis
896 2275 1236 2341 patriarchiis
1264 2273 1510 2337 aderant,
1544 2277 1809 2347 mysterio
1838 2280 2097 2347 perculsi,
2129 2280 2333 2351 ingenti

2438 2280 2501 2331 ἐκ
2540 2278 2645 2331 τῶν
2679 2280 2854 2334 ἄλλων
2888 2285 3304 2353 πατριαρχικῶν
3339 2286 3568 2357 θρόνων,
3619 2288 3679 2341 τὸ
3717 2294 4028 2360 μυστήριον

749 2380 882 2419 voce
905 2364 1112 2420 diutius
1142 2365 1354 2420 Numen
1391 2367 1646 2422 laudibus
1675 2369 2016 2425 celebrarint.
2049 2372 2125 2426 Ita
2156 2389 2337 2428 sacer-

2437 2368 2944 2441 ἐκπεπληγμένους,
2983 2376 3191 2446 μεγάλῃ
3225 2381 3376 2449 φωνῇ
3432 2379 3677 2444 δοξάζειν
3727 2383 3819 2436 ἐπὶ
3878 2384 4026 2439 πολὺ

747 2454 849 2509 dos
880 2471 1107 2524 magnus
1128 2458 1459 2511 sacritieium
1502 2459 1889 2515 intemeratum
1933 2463 2175 2531 perlecta
2216 2467 2331 2529 ple-

2436 2459 2526 2512 τὸν
2552 2460 2704 2513 θεόν.
2739 2462 2925 2527 Οὕτως
2952 2467 2981 2518 ό
3016 2467 3187 2536 μέγας
3212 2470 3471 2542 ἱεράρχης
3494 2473 3797 2542 ἀχράντους
3825 2476 4028 2541 θυσίας

751 2562 928 2616 Itaque
972 2548 1075 2602 lide
1103 2548 1379 2614 oﬂ'erebat,
1419 2549 1639 2621 Deoque
1682 2568 1780 2623 per
1840 2554 1971 2609 illud
2014 2557 2332 2625 propitiato,

2437 2552 2497 2604 ἐν
2521 2553 2821 2626 τελειότητι
2847 2556 3085 2622 πίστεως
3114 2562 3353 2630 γνησίοις
3383 2565 3694 2635 ἀναφέρων,
3750 2568 3846 2621 καὶ
3881 2570 4031 2623 ταύέ

751 2638 932 2707 populi
978 2640 1232 2703 salutem,
1268 2652 1325 2694 ut
1355 2643 1628 2698 sacerdoti
1667 2660 1765 2714 par
1804 2656 1945 2708 erat,
1978 2650 2331 2717 operabatur.

2435 2662 2556 2709 ταις
2586 2646 2937 2719 ἱλασκόμενος
2965 2651 3057 2704 τὸν
3111 2653 3279 2717 Θεὸν,
3336 2656 3685 2727 ἱεροπρεπῶς
3741 2660 4029 2731 ἱερούργει

752 2730 859 2783 Eos
892 2746 1055 2799 porro
1102 2731 1195 2800 qui
1250 2732 1315 2785 ad
1374 2734 1524 2787 illum
1561 2737 1914 2803 accedebant,
1956 2738 2331 2809 hujuscemodi

2435 2736 2534 2805 τὴν
2566 2741 2838 2809 σωτηρίαν
2884 2742 2976 2794 τοῦ
3007 2743 3155 2797 λαοῦ.
3204 2746 3314 2799 ’Δεὶ
3336 2748 3391 2801 δὲ
3412 2750 3538 2813 τοὺς
3572 2752 3885 2819 ὲγγίζοντας
3915 2756 4026 2807 αὑ-

748 2819 1093 2877 docnmcntis
1120 2813 1403 2879 erudiebat
1437 2846 1450 2880 ;
1489 2829 1778 2893 Attendite,
1802 2829 2000 2899 inquit,
2034 2834 2334 2903 vobis,fra-

2434 2826 2513 2897 τῷ
2546 2828 2819 2892 τοιαύταις
2853 2832 3189 2912 κατεφῶτιζε
3216 2836 3479 2908 διδαχαῖς,
3532 2813 3886 2913 Προσέχετε,
3933 2847 4030 2900 λέ-

750 2921 875 2971 tres.
904 2924 949 2965 et
987 2915 1153 2968 videte
1186 2918 1444 2984 quomodo
1475 2928 1630 2973 caute
1663 2920 1966 2982 ambuletis,
2003 2940 2102 2976 non
2135 2937 2188 2978 ut
2244 2928 2329 2979 in.

2436 2933 2567 2985 γων,
2596 2920 2854 2990 ἑαυτοῖς,
2881 2924 3151 2994 ἀδελφοί,
3178 2931 3273 2982 καὶ
3303 2931 3589 2996 βλέπετε,
3625 2934 3749 3002 πῶς
3764 2938 4032 3005 ἀκριϐῶς

688 3048 693 3053 .
749 3006 1016 3085 sipientes,
1040 3007 1129 3059 sed
1157 3017 1215 3059 ut
1238 3009 1533 3076 sapientes:
1560 3020 1606 3063 et
1637 3012 1797 3065 nolite
1820 3014 1937 3080 ﬁeri
1958 3015 2331 3082 imprudentes,

2436 3007 2541 3061 τοῦ
2563 3010 2707 3072 ,βίου
2738 3015 3109 3080 περιπατεῖτε
3145 3018 3261 3085 τὴν
3311 3021 3476 3085 ὀδόν,
3511 3023 3598 3091 μὴ
3642 3025 3722 3091 ὡς
3766 3026 4020 3096 ἄσοφοι,

748 3076 838 3150 sell
868 3098 1212 3166 intelligente:
1251 3102 1572 3154 voluntatem
1626 3103 1720 3155 Dci
1754 3106 1812 3169 ⁸;
1850 3117 1900 3159 et
1937 3121 1949 3158 :
1994 3106 2175 3161 Nolite
2209 3127 2333 3164 con-

2433 3100 2572 3154 ἀλλ’
2596 3102 2675 3168 ὠς
2712 3076 2913 3172 cassat.
2960 3108 3068 3160 Kal
3112 3076 3475 3180 [th‘ylrsoos
3511 3076 3810 3183 ἀέρονῖες,
3855 3076 4032 3174 alia":

752 3188 977 3255 formari
1003 3189 1123 3243 huic
1150 3192 1365 3253 sa'culo,
1400 3196 1489 3245 sed
1510 3194 1991 3262 transformamini,
2024 3204 2325 3256 secundum
2358 3239 2396 3292 Ο

2374 3239 2396 3292 3
2434 3193 2748 3260 συνιέντες
2773 3199 2845 3251 τὰ
2877 3201 3102 3267 ἀρεστὰ
3142 3203 3221 3267 τῷ
3244 3204 3385 3270 Θεῷ.
3422 3208 3561 3260 Καίο
3598 3209 3694 3276 Μὴ
3722 3217 4030 3281 σχηματί-

752 3282 1069 3348 Apostolum
1095 3322 1109 3344 ,
1151 3286 1486 3338 renovatione
1520 3287 1707 3339 mentis
1756 3299 1980 3353 vestrm;
2016 3305 2067 3344 ut
2099 3296 2326 3360 probetis
2362 3281 2396 3292 ν

2379 3281 2396 3291 ³
2433 3281 2600 3341 ζεσθε
2630 3284 2710 3349 τῷ
2733 3285 2897 3339 αἱῶνι
2926 3291 3133 3354 τούτῳ,
3165 3292 3325 3346 ἀλλὰ
3338 3299 3855 3366 μεταμορφοῦσθε.
3879 3305 4035 3357 κατὰ

751 3386 858 3434 vos,
889 3385 936 3425 et
969 3373 1172 3435 sciatis,
1198 3390 1314 3440 qua'
1342 3377 1406 3427 sit
1442 3376 1686 3429 voluntas
1717 3376 1808 3429 Dei
1845 3380 1980 3432 bona
2006 3393 2052 3433 et
2083 3382 2329 3453 benepla-

2432 3374 2522 3427 τὸν
2556 3375 2699 3428 θεῖον
2746 3378 3093 3447 Ἀπόστολον,
3149 3383 3223 3452 τῇ
3288 3384 3694 3444 ἀνακαινώσει
3740 3392 3846 3445 τοῦ
3874 3395 4033 3462 νοὸς

749 3477 869 3514 cens
926 3473 973 3516 et
1028 3464 1260 3532 perfecta
1308 3467 1373 3516 ’:
1424 3477 1471 3520 et
1509 3484 1624 3536 qua:
1693 3472 1896 3523 vocatio
1958 3474 2083 3540 ﬁdei
2150 3488 2331 3531 vestra:

2432 3466 2617 3534 ὑμῶν,
2654 3471 2741 3535 εἰς
2765 3471 2832 3523 τὸ
2858 3471 3199 3542 δοκιμάζειν
3232 3472 3385 3545 ὑμᾶς
3412 3480 3512 3532 καὶ
3554 3482 3773 3537 ειδέναι
3811 3485 3845 3537 ὅ
3868 3503 3925 3539 τι
3958 3491 4034 3540 τὸ

748 3567 796 3608 et
829 3558 936 3623 spei
967 3558 1020 3610 in
1048 3558 1259 3639 (Ir/crista
1289 3557 1417 3612 Jesu
1448 3559 1671 3614 Domina
1704 3572 1883 3616 nostra
1909 3565 1971 3620 ³ο.
2007 3564 2086 3620 Sit
2111 3568 2329 3623 lucerna

2434 3559 2664 3628 θέλημα
2706 3563 2812 3617 τοῦ
2849 3566 3018 3632 Θεοῦ,
3068 3569 3136 3621 τὸ
3165 3570 3393 3638 ἀγαθόν
3426 3574 3523 3626 καί
3552 3576 3884 3644 εὐάρεστον
3922 3584 4034 3635 καὶ

750 3648 936 3701 cordis
975 3648 1140 3701 vestri
1189 3664 1405 3718 semper
1456 3653 1654 3706 ardens
1688 3651 1892 3721 Spirittt
1929 3667 2141 3720 sancto,
2169 3676 2328 3727 pura,

2434 3652 2704 3706 τέλειον·
2771 3656 2868 3708 καὶ
2909 3659 2998 3723 τίς
3040 3660 3078 3725 ἡ
3127 3661 3352 3728 κλῆσις
3403 3664 3511 3730 τῆς
3554 3668 3812 3735 πίστεως
3854 3671 4039 3740 ὑμῶν

750 3738 985 3801 sincera,
1023 3740 1225 3809 liquida
1259 3750 1312 3794 et
1359 3742 1664 3811 Splendida,
1722 3755 1779 3799 ut
1836 3746 1925 3800 illa
1989 3757 2097 3801 tota
2151 3751 2331 3805 anima

2434 3742 2531 3793 καὶ
2590 3742 2700 3810 τῆς
2732 3745 2977 3814 ἐλπίδος
3032 3749 3104 3802 ἐν
3141 3752 3375 3818 Χριστῷ
3432 3756 3637 3823 Ἰησοῦ
3700 3761 3780 3823 τῷ
3830 3738 4039 3828 ΙιίῬίῳ

751 3839 933 3879 veSIra
981 3829 1339 3884 illuminetur.
1381 3831 1462 3884 Sit
1494 3833 1649 3887 vobis
1696 3850 1851 3891 mens
1883 3853 2098 3906 semper
2126 3840 2331 3894 intenta

2437 3834 2626 3904 ἡμῶν.
2662 3839 2813 3891 "litus
2846 3839 2874 3891 ὁ
2914 3840 3107 3910 λύχνος
3134 3844 3231 3911 τῆς
3279 3847 3509 3915 καρδίας
3540 3849 3694 3917 ὑμῶν
3724 3850 3803 3919 τῷ
3834 3854 4038 3923 Κυρῗῳ

751 3919 815 3969 a.|
854 3919 1165 3985 Dominum,
1198 3922 1426 3991 simplex
1455 3935 1510 3978 et
1544 3938 1711 3992 rccta,
1751 3929 1908 3997 cujus
1953 3932 2150 3985 unicus
2182 3932 2335 3988 labor

2437 3927 2717 3998 Πνεύματι
2746 3931 2832 3983 ἀεὶ
2863 3934 3169 4001 καιόμενος,
3193 3936 3453 4008 καθαρὸς,
3475 3942 3791 4012 εἰλικρινὴς,
3821 3919 4039 4011 ἁπλοῦς

751 4005 904 4059 silet
937 4006 1204 4074 studium,
1256 4012 1561 4082 unicusqne
1615 4026 1667 4069 et
1716 4018 2010 4085 primarius
2060 4021 2182 4077 linis
2212 4039 2336 4093 pro-

2437 4018 2575 4084 ἰλος,
2607 4021 2853 4091 διαυγὴς,
2882 4024 2976 4075 καὶ
3008 4005 3354 4097 φωτοφανὴς,
3382 4029 3449 4081 ἵν’
3478 4031 3573 4101 ὅλη
3600 4005 3665 4083 δι’
3700 4005 3862 4087 αυτοῦ
3896 4005 4041 4088 κει-εξ

752 4100 987 4165 positus,
1034 4101 1159 4152 boni
1217 4105 1416 4156 summi
1475 4108 1883 4176 contemplatio.
1930 4111 2009 4164 Ad
2063 4113 2215 4179 illud,
2252 4119 2336 4168 in-

2438 4112 2743 4183 αυγάζηται
2791 4116 2918 4183 ὑμῖν
2952 4117 2984 4185 ἡ
3014 4118 3184 4188 ψυχή.
3216 4120 3397 4172 Ἔστω
3442 4124 3471 4177 ὁ
3502 4100 3626 4184 νοῦς
3664 4124 3792 4192 ὑμῖν
3827 4127 4038 4179 ἀνατε-

750 4200 936 4253 quam,
996 4197 1186 4241 natura
1251 4205 1350 4244 sua
1398 4208 1591 4247 verum
1653 4211 2085 4268 germanumque
2130 4202 2333 4260 bonum

2439 4206 2684 4273 ταμένος.
2725 4206 2811 4258 ἀεὶ
2847 4209 2982 4277 πρὸς
3025 4210 3178 4274 Θεὸν,
3228 4213 3580 4283 μονότροπος,
3620 4217 4036 4285 μονολόγιστυς,

752 4293 907 4331 mens
942 4292 1119 4333 vestra
1155 4282 1224 4336 sit
1255 4298 1521 4339 conversa
1556 4302 1793 4357 semper,
1846 4298 1901 4344 et
1946 4292 1998 4345 in
2033 4293 2126 4348 illo
2158 4296 2336 4364 vivat',

2441 4296 2499 4347 ἓν
2540 4298 2701 4365 ἔργον
2733 4301 2827 4352 καὶ
2873 4300 3004 4371 μίαν
3047 4282 3477 4373 προηγουμένως
3534 4282 3675 4377 ἔχων
3718 4282 4040 4380 ἐνέργειαν,

752 4382 1035 4425 moveatur
1068 4383 1121 4427 et
1154 4375 1265 4439 sit;
1303 4376 1356 4428 in
1411 4377 1505 4431 illo
1536 4379 1873 4435 illuminctur
1929 4383 2179 4454 bonaque
2217 4389 2340 4442 red-

2441 4390 2539 4457 τὴν
2570 4389 2805 4463 θεωρίαν
2846 4393 2940 4445 τοῦ
2970 4395 3203 4462 ἀγαθοῦ,
3255 4396 3390 4467 πρὸς
3423 4375 3595 4467 μόνον
3616 4400 3678 4452 τὸ
3734 4375 3895 4470 φύσει
3932 4375 4042 4457 καὶ.

751 4463 912 4515 datur
938 4479 949 4513 :
981 4464 1078 4527 illi,
1106 4467 1282 4533 quoad
1308 4467 1425 4536 ejus
1455 4470 1569 4523 tieri
1602 4480 1800 4539 potest,
1830 4474 2025 4529 similis
2078 4477 2341 4533 elIiciatur

2444 4483 2651 4552 κυρίως
2697 4483 2757 4535 ὃν
2790 4484 2995 4552 ἀγαθὸν
3034 4463 3488 4558 ἐπεστραμμένος
3517 4491 3624 4555 ἀεὶ,
3659 4463 3758 4545 καί
3781 4495 3839 4544 ὲν
3874 4496 4043 4564 αὖτῷ

750 4565 802 4609 ιι
832 4555 1132 4610 deiticetur.
1173 4557 1246 4612 Ita
1279 4561 1424 4613 enim
1470 4562 1653 4618 animo
1690 4579 1852 4633 supra
1886 4575 2136 4623 naturam
2167 4579 2333 4626 totam
2369 4568 2406 4623 Β

2387 4569 2412 4622 )
2443 4573 2549 4637 ζῶν
2585 4575 2678 4627 καὶ
2704 4574 3022 4645 κινούμενος
3046 4580 3137 4629 καὶ
3162 4578 3258 4642 ῶν,
3287 4580 3437 4649 αὐτῷ
3459 4581 3919 4650 λαμπρυνόμενος
3938 4587 4043 4638 καὶ

749 4660 846 4701 Seu
892 4660 1261 4718 corporatarn,
1293 4668 1388 4707 seu
1412 4654 1799 4725 intelligentcm
1832 4659 2062 4727 elevato,
2096 4674 2331 4719 mentem

2444 4665 2872 4736 ἀγαθυνόμενος,
2901 4669 2997 4722 καὶ
3025 4672 3167 4725 κατά
3193 4672 3252 4723 τὸ
3278 4673 3500 4740 ἐφικτὸν
3535 4674 3892 4745 ὁμοιούμενος
3941 4681 4045 4732 καὶ

752 4751 995 4794 nostram
1036 4743 1088 4795 in
1114 4746 1483 4800 sanctissima!
1537 4746 1824 4805 Trinitatis
1882 4752 2182 4822 majestate,
2215 4773 2336 4825 qua;

2446 4758 2756 4829 θεοόμενος.
2792 4761 2951 4815 Οὕτω
2982 4762 3089 4834 γὰρ
3131 4764 3267 4833 ὑψοῦ
3314 4766 3406 4818 τὸν
3454 4743 4041 4839 λογισμὸνὴαῐροντες,

751 4835 867 4889 sola
908 4837 1329 4907 inexplicabilis,
1364 4843 1710 4911 abscondita,
1760 4861 2037 4918 supraque
2081 4860 2332 4907 naturam

2444 4852 2542 4905 καὶ
2574 4852 2790 4907 πάντων
2822 4854 2922 4923 μὲν
2979 4848 3274 4926 αἰσθητῶν,
3316 4858 3533 4911 πάντων
3584 4859 3642 4911 δὲ
3678 4860 3882 4929 νοητῶν
3909 4880 4045 4915 κτι-

752 4938 938 4982 evecta
970 4946 1190 4986 onmem
1231 4949 1326 5003 per
1377 4950 1434 4991 se
1472 4947 1555 4992 est
1582 4940 1927 5009 exsistitque,
1972 4942 2335 4998 stabiliemus.

2446 4944 2669 5012 σμάτων
2690 4945 3234 5016 ὑπεραναϐαίνοντες,
3268 4949 3405 5020 μόνῃ
3420 4949 3472 5001 δὲ
3502 4952 3565 5020 τῇ
3594 4952 3843 5022 τριαδικῇ
3867 4951 4049 5024 θεαρ-

752 5018 925 5073 Sicuti
964 5035 1090 5075 vero
1132 5038 1295 5077 unam
1328 5023 1509 5081 Patris
1539 5015 1612 5081 ὀι
1645 5026 1764 5081 Filii
1809 5038 1863 5083 et
1902 5027 2133 5098 Spiritus
2164 5036 2339 5089 sancti

2446 5035 2559 5105 χία,
2595 5037 2730 5107 μόνη
2760 5015 2823 5107 τῇ
2860 5039 2918 5090 ἐν
2949 5015 3284 5111 ἀπορρήτοις
3315 5015 3891 5114 ἑστώσῃῆκρυφιόττῖτι
3936 5015 4050 5100 καὶ

755 5121 1005 5165 naturam
1050 5113 1393 5181 divinitatis,
1451 5117 1524 5170 ita
1571 5121 1891 5188 potentiam,
1940 5124 2337 5193 operationem,

2450 5128 2865 5199 ὑπερουσιότητι
2886 5131 2977 5184 τὸν
3006 5135 3203 5184 οἰκεῖον
3232 5134 3582 5203 ἱδρυσάμενοι
3599 5134 3723 5187 νοῦν
3741 5150 3756 5164 ο
3780 5136 3873 5188 καὶ
3901 5137 4052 5205 μίαν

752 5204 979 5270 gloriam
1017 5216 1071 5259 et
1120 5209 1583 5276 magniﬁcentiam
1646 5213 1999 5280 proliteamur
2056 5226 2109 5271 et
2148 5217 2343 5272 creda-

2452 5221 2550 5289 μὲν
2584 5222 2796 5292 Πατρὺς
2836 5223 2929 5277 καὶ
2963 5224 3091 5277 Υἱοῦ
3134 5226 3228 5278 καὶ
3266 5226 3421 5293 ἁγίου
3470 5226 3787 5295 Πνεύματος
3836 5228 4049 5301 ῶσπερ

752 5310 874 5349 mus
912 5314 924 5349 :
960 5312 1127 5349 unum
1160 5306 1343 5353 autem
1392 5300 1750 5357 divinissiinte
1807 5303 2090 5360 Trinitatis
2141 5309 2342 5363 intem-

2450 5311 2612 5378 φύσιν
2643 5313 2916 5383 θεότητος,
2945 5312 3087 5367 οὕτω
3116 5317 3209 5367 καὶ
3235 5317 3466 5385 δύναμιν
3499 5316 3593 5369 καὶ
3626 5318 3910 5387 ἐνέργειαν
3938 5324 4052 5373 καὶ

754 5404 1075 5457 poraneum,
1129 5394 1675 5465 cointemporaneum
1742 5401 1889 5454 Patri
1950 5400 2210 5469 Verbunr,
2272 5405 2342 5460 ab

2450 5403 2610 5468 δόξαν
2664 5404 2758 5457 καὶ
2815 5406 3296 5475 μεγαλοπρέπειαν
3360 5409 3746 5476 ὁμολογοῦντες
3793 5410 3888 5461 καὶ
3939 5430 4049 5466 πι-

752 5484 1036 5539 oculorum
1092 5487 1211 5541 acie
1265 5499 1551 5553 remotum,
1609 5506 1639 5544 a
1697 5494 1942 5560 corporis
1990 5498 2337 5553 concretione

2445 5494 2765 5558 στεύοντες·
2798 5497 2888 5549 τὸν
2928 5499 3023 5549 ἕνα
3053 5499 3108 5551 δὲ
3148 5499 3248 5567 τῆς
3290 5500 3720 5569 τρισυποστάτου
3768 5501 4054 5573 θεαρχίας

753 5589 971 5641 purum,
1009 5577 1253 5644 ejusdem
1287 5593 1352 5632 ac
1399 5581 1577 5635 Patris
1610 5583 1886 5649 essentiaa,
1912 5587 2168 5653 potentiae
2191 5589 2337 5657 ejus-

2441 5586 2533 5637 τὸν
2578 5586 2811 5657 ἄναρχον
2854 5589 2948 5640 καὶ
2982 5590 3319 5658 συνάναρχον
3374 5589 3452 5659 τῷ
3504 5590 3680 5656 Πατρὶ
3717 5591 3889 5658 Λόγον
3942 5594 4054 5649 τὸν

753 5667 909 5729 dem;
939 5666 1084 5721 hunc
1122 5670 1300 5738 ipsum
1336 5671 1571 5727 scientes
1616 5674 1855 5729 hominis
1894 5691 2112 5747 quoque
2141 5679 2335 5732 Filium

2445 5679 2694 5749 ἀόρατον,
2718 5680 2808 5734 τὸν
2839 5680 3151 5752 ἀσώματον,
3178 5682 3269 5735 τὸν
3292 5682 3505 5751 ὁμοφυᾶ
3524 5681 3905 5753 τῷΓεννήτορι
3936 5692 4050 5741 γαῖ

822 5842 842 5872 ⁸
874 5842 1073 5912 Ephes.
1109 5863 1160 5911 v,
1193 5846 1281 5912 15,
1319 5847 1403 5902 16.
1481 5852 1501 5881 ⁹
1535 5850 1695 5905 Rom.
1724 5869 1819 5918 xu,
1843 5853 1899 5908 2.
1980 5858 2021 5887 ¹⁰
2049 5857 2246 5927 Eplies.
2280 5874 2319 5923 ι,
2356 5859 2442 5914 18.
