4194 6432
218 442 321 503 553

1213 430 1389 489 VITA
1420 429 1479 488 S.
1517 426 1812 488 IGNATII
1850 427 1956 487 CP.
2002 428 2353 487 ARClilEP.

3358 422 3457 482 ἷιῗιί

213 552 574 622 ὁμοδύναμον,
610 545 798 600 τοῦτον
827 544 951 596 Υίδν
975 541 1262 613 ἀνθρώπου
1292 541 1413 593 καθ’
1439 542 1584 611 ἡμᾶς
1618 541 1681 591 ὲκ
1702 538 1788 608 τῆς

1904 540 2198 592 semiudum
2225 548 2465 591 nostram
2491 544 2736 611 naturam
2760 549 2822 586 cx
2868 534 3207 587 immaculata
3234 532 3325 586 Dei
3352 534 3459 586 Ma-

220 640 596 713 ὺπεραμὼμου
627 638 914 705 γενόμενον
940 633 1279 701 Θεομήτορος
1301 632 1517 692 εἰδότες.
1557 630 1663 682 Καὶ
1693 629 1788 682 ἕνα

222 736 321 805 μὲν
352 733 429 803 τῷ
468 729 765 802 προσώπῳ,
798 726 1016 779 διπλοῦν
1047 725 1101 776 δὲ
1137 727 1257 785 ταῖς
1294 724 1485 792 φύσεσι
1511 724 1606 775 καὶ
1634 723 1779 791 ἐνερσ

215 825 391 890 γείαις
418 828 508 874 καί
539 821 787 887 ϐελήσεσι
821 817 1185 887 κηρύσσοντες
1207 832 1221 844 ·
1263 818 1354 868 καὶ
1386 817 1559 883 ταύτῃ
1600 816 1787 886 σχολά-

214 917 396 978 ζοντες
425 913 841 980 ἐπιμελέστερον
870 911 934 979 τῇ
975 908 1177 977 θεωρίᾳ
1200 910 1309 961 τῶν
1334 910 1495 961 θείων
1530 910 1622 961 καὶ
1672 909 1789 962 θεο-

214 1008 371 1076 λογίᾳ
400 1006 493 1057 καὶ
520 1005 607 1056 διὰ
631 1004 727 1070 τῆς
751 1003 899 1071 ἱερᾶς
919 1003 1028 1055 τῶν
1056 1001 1284 1070 Γραφῶν
1319 1001 1549 1071 μελέτης
1581 1003 1787 1054 ἀνακά-

215 1099 550 1168 θαιρόμενοι,
600 1096 693 1147 καὶ
729 1094 796 1146 δι’
824 1094 1019 1148 ἀενάου
1071 1092 1383 1163 προσευχῆς
1419 1092 1784 1159 ἁγνιζόμενοι,

210 1188 542 1259 ὐπεροράσει
576 1185 682 1237 τῶν
713 1186 955 1254 ματαίων
988 1184 1329 1254 ὑπερίδωμεν
1355 1182 1659 1253 μεριμνῶν,
1692 1184 1785 1235 καὶ

209 1282 324 1342 τοῖς
350 1280 451 1347 τῆς
482 1280 705 1349 ἀτιμίας
736 1277 810 1347 μὴ
840 1277 1243 1345 ὑποκύπτωμεν
1275 1274 1493 1333 πάθεσι.
1528 1274 1623 1326 καὶ
1652 1274 1785 1344 πρὸς

210 1370 503 1437 ἀνονήτους
540 1366 827 1437 φροντίδας
847 1367 921 1438 μὴ
950 1366 1404 1435 καταπίπτωμεν.
1430 1365 1539 1417 Καὶ
1572 1366 1676 1427 πᾶς
1701 1366 1786 1417 θυ-

214 1462 309 1527 μὸς
332 1461 625 1529 θηριώδης,
647 1461 742 1510 καὶ
776 1461 921 1511 πᾶσα
943 1457 1251 1523 παράλογος
1277 1456 1541 1523 ἐπιθυμία
1564 1455 1785 1525 ἀρθήτω

209 1552 302 1619 ἀφ’
342 1552 531 1620 ἡμῶνο
576 1552 776 1620 μᾶλλον
806 1552 862 1605 δὲ
899 1552 927 1603 ὁ
964 1550 1061 1618 μὲν
1094 1550 1257 1617 θυμδς
1290 1549 1453 1601 ὅπλον
1484 1548 1612 1615 ἡμῖν
1646 1545 1787 1599 κατὰ

208 1646 306 1708 τῆς
338 1643 609 1712 ἁμαρτίας
667 1643 761 1696 καὶ
822 1642 916 1694 τοῦ
942 1641 1040 1710 τῆς
1071 1640 1344 1710 ἁμαρτίας
1374 1637 1513 1689 ἔστω
1558 1637 1785 1707 πατρός.

219 1732 285 1786 Ἦ
322 1735 590 1804 ἐπιθυμία
620 1734 678 1786 δὲ
733 1733 867 1803 πρὸς
898 1733 961 1785 τὸ
994 1733 1197 1802 κυρίως
1228 1732 1322 1783 καὶ
1348 1728 1562 1799 ἀληθῶς
1601 1728 1787 1781 ἐπιθυ-

214 1826 385 1896 μητὸν
416 1825 932 1895 μετασκευαζομένη
965 1826 1112 1876 πᾶσα
1132 1864 1146 1887 ,
1192 1821 1449 1891 συνεργὸς
1478 1823 1609 1889 ἡμῖν
1637 1818 1785 1886 γινέ-

1895 639 1975 682 tre
2003 638 2210 690 natmn,
2235 642 2401 679 unum
2433 626 2645 692 quidem
2666 640 2916 693 persona,
2936 626 3145 692 gemina
3178 638 3342 692 porro
3368 640 3461 677 na-

1892 730 2033 783 tura,
2059 722 2392 788 operatione,
2437 718 2708 770 voluntate
2757 717 3112 784 prmdicemns
3144 733 3156 766 :
3187 729 3350 786 atque
3379 716 3464 768 his

1891 829 2069 867 rerum
2119 814 2420 867 divinarum
2462 822 2513 865 et
2547 810 2966 878 theologiearnm
3021 808 3461 863 meditationilnts

1888 903 2104 973 penitus
2136 904 2409 973 occupati,
2466 914 2853 968 sacrarumque
2905 897 3232 954 Litterarum
3267 899 3461 951 studiis

1890 996 2181 1063 repurgati.
2205 1004 2365 1065 atque.
2392 992 2607 1048 assidua
2626 993 2867 1046 oratione
2884 991 3118 1059 lustrati,
3134 990 3463 1059 contemptis

1891 1088 2144 1139 lnunanis
2192 1089 2376 1149 rebus,
2427 1102 2588 1140 curas
2630 1074 2821 1139 inanes
2870 1086 3249 1156 negligamus,
3290 1098 3464 1153 neque

1891 1192 1989 1231 nos
2017 1167 2582 1245 fmdisbupiditatibus
2619 1177 3028 1240 submittamus,
3058 1191 3231 1244 neque
3259 1175 3325 1228 ad
3358 1190 3450 1228 co-

1890 1270 2182 1338 gitationes
2229 1268 2424 1323 stultas
2486 1269 2859 1336 prolabamur.
2922 1266 3113 1320 Omnis
3162 1266 3329 1319 ferina
3354 1267 3463 1320 ira-

1888 1361 2106 1424 cundia,
2137 1375 2300 1413 omne
2324 1358 2651 1413 desiderium
2684 1376 2715 1412 a
2741 1360 2949 1413 ratione
2974 1358 3209 1410 alienum
3246 1372 3273 1409 a
3306 1357 3461 1410 nobis

1887 1453 2207 1506 excludatur
2244 1469 2255 1503 :
2294 1451 2404 1505 imo
2436 1451 2514 1505 ira
2563 1450 2723 1504 telum
2772 1450 2928 1505 nobis
2952 1450 3022 1504 sit
3066 1450 3119 1502 in
3183 1460 3459 1525 peccatum

1892 1543 2207 1613 peccatique
2236 1552 2536 1597 auctorem.
2559 1540 2839 1610 Cupiditas
2871 1557 2998 1595 vero
3028 1542 3093 1595 ad
3131 1557 3316 1596 verum
3341 1558 3462 1611 ger-

1890 1655 2221 1707 manumque
2253 1640 2452 1693 bonum
2506 1640 2791 1701 translata,
2828 1638 2892 1690 ad
2948 1646 3215 1707 praecepta
3250 1638 3462 1691 Domini

1890 1730 2243 1784 custodienda
2279 1728 2434 1781 nobis
2491 1726 2729 1797 adjntrix
2772 1728 2883 1781 tiat.
2932 1726 3057 1781 Hice
3113 1726 3462 1787 documenta,

1890 1822 2091 1884 dilecti,
2123 1822 2353 1890 primum
2388 1819 2605 1888 quidem
2636 1834 2662 1871 a
2698 1818 2999 1889 prophetis.
3038 1817 3234 1871 deinde
3262 1832 3291 1871 a
3330 1833 3465 1885 pra:—

214 1920 324 1971 σθω
354 1921 490 1987 πρὸς
525 1921 755 1988 τήρησιν
785 1917 885 1985 τῆς
919 1914 1269 1983 Δεσποπικῆς
1316 1913 1556 1982 ἐντολῆς.
1585 1911 1782 1965 Τοιαύ-

1892 1901 2165 1967 stantibus
2215 1910 2421 1965 Christi
2477 1909 2761 1979 discipulis
2821 1919 2875 1963 et
2919 1909 3289 1979 evangelistis,
3348 1918 3461 1961 tum

211 2025 304 2070 τας
331 2005 425 2061 οὖν
454 2009 671 2077 ἔχοντες
700 2006 1095 2078 παραγγελίας,
1123 2006 1421 2072 ἀγαπητοὶ,
1454 2002 1544 2056 διὰ
1575 2017 1786 2072 προφη-

209 2100 313 2152 τῶν
342 2101 445 2167 μὲν
499 2101 733 2171 πρῶτον,
769 2100 957 2152 ἔπειτα
1009 2096 1096 2150 διὰ
1127 2096 1237 2149 τῶν
1279 2096 1499 2166 ὑψηλῶν
1525 2095 1617 2148 τοῦ
1653 2098 1787 2165 Χριο

208 2193 334 2246 στοῦ
374 2192 633 2262 μαθητῶν
662 2194 756 2244 καὶ
788 2189 1213 2258 εύαγγελιστῶν,
1249 2189 1341 2240 καὶ
1365 2187 1453 2240 διὰ
1481 2188 1584 2239 τῶν
1620 2186 1784 2240 Πατέ·

210 2302 316 2355 ρων
344 2285 402 2337 δὲ
440 2285 579 2354 μετά
599 2283 771 2336 ταῦτα
801 2284 892 2335 καὶ
935 2282 1097 2353 ἱερῶν
1122 2281 1461 2333 διδασκάλων
1493 2280 1785 2347 γινομένας

206 2378 283 2438 είς
307 2376 483 2444 ἡμᾶς,
516 2373 716 2443 μᾶλλον
742 2372 795 2425 δὲ
818 2372 886 2425 δι’
920 2372 1039 2435 ἐνὸς
1081 2374 1174 2423 καὶ
1202 2372 1297 2423 τοῦ
1338 2370 1501 2423 αὑτοῦ
1535 2370 1786 2437 Πνεύμα-

206 2482 295 2527 τος
324 2464 665 2533 λαλουμένας
702 2465 812 2527 ἀεὶ,
844 2463 938 2515 καὶ
985 2448 1336 2529 πολυτρόπως
1368 2461 1784 2529 κηρυσσομένας

207 2559 262 2608 ἐν
283 2558 439 2625 ἡμῖν,
458 2556 534 2624 μὴ
565 2554 1015 2624 καταφρονῶμεν,
1047 2553 1178 2623 μηδὲ
1211 2551 1469 2623 ῥᾳθύμως
1492 2549 1588 2603 καὶ
1616 2547 1785 2616 ὲκμει

206 2645 333 2710 λώς,
366 2646 640 2717 ἐπιμελῶς
670 2647 726 2699 δὲ
758 2645 856 2716 τὴν
899 2646 1096 2714 πρᾶξιν
1122 2647 1215 2698 καὶ
1248 2642 1555 2703 σπουδαίως
1585 2638 1781 2709 μετίω-

210 2757 307 2804 μεν
334 2740 431 2808 τῆς
467 2739 692 2808 ἀρετῆς,
731 2737 1125 2808 ἐλεημοσύναις
1168 2736 1267 2806 μὲν
1316 2736 1415 2788 καὶ
1466 2733 1644 2786 πίστει
1685 2732 1785 2782 πά-

210 2842 305 2895 σης
337 2825 612 2895 ἁμαρτίας
662 2823 1190 2889 ἀποκαθαιρόμενοι,
1246 2819 1433 2891 ἀγάπῃ
1500 2818 1555 2871 δὲ
1602 2816 1783 2885 τελεία

206 2922 299 2970 καὶ
333 2916 812 2988 ταπεινοφροσύνῃ
831 2914 1021 2983 ἀληθεῖ
1053 2914 1256 2976 παντὸς
1284 2911 1557 2981 μολυσμοῦ
1587 2901 1782 2978 σαρκὸς

207 3011 297 3059 καὶ
360 3009 672 3076 πνεύματος
722 3004 1185 3073 ἀποδιυλιζόμενοι
1213 3020 1241 3041 ·-
1274 3005 1362 3055 ἵνα
1409 3002 1551 3054 κατά
1586 3001 1693 3053 πᾶν
1727 2999 1787 3050 τὸ

206 3100 422 3170 θέλημα
474 3099 568 3151 τοῦ
624 3099 761 3153 Θεοῦ
797 3099 1313 3168 περιπατήσαντες,
1364 3095 1507 3159 ἄξιοι
1544 3095 1643 3163 τῆς
1690 3092 1784 3145 τού

204 3192 535 3263 ἐπουρανίου
570 3192 782 3262 Πατρδς
814 3190 1088 3258 βασιλείας
1112 3192 1169 3241 ὲν
1194 3187 1414 3260 Χριστῷ
1455 3186 1629 3259 Ἰησοῦ
1658 3186 1787 3238 ἀνα·

207 3286 490 3353 φανῶμεν.
546 3282 905 3351 Ἀπουώμεθα
947 3281 1236 3349 τοιγαροῦν
1286 3284 1391 3334 πᾶν
1444 3281 1635 3343 πάθος,
1693 3280 1786 3331 καὶ

206 3377 388 3429 πάντα
425 3374 687 3445 πονηρίας
733 3372 1162 3440 ἀποτριψὲψεθα
1193 3371 1472 3439 λογισμὸν,
1500 3369 1587 3423 ἵνα
1610 3369 1784 3421 καθα-

210 3468 293 3535 ροὶ
358 3464 443 3535 τῷ
503 3462 882 3535 καθαρωτάτῳ
954 3462 1386 3533 προσενεχθῆναι
1445 3460 1781 3530 δυνηθῶμεν.

216 3553 682 3627 Ἀττορῤιψιέιμεθα
717 3552 1162 3624 γαστριμαργίας
1197 3552 1366 3613 πάθος
1408 3551 1671 3621 ὀλέθριον,
1712 3550 1786 3613 ὡς

204 3649 393 3716 πάσης
417 3646 694 3717 ἀλλότριον
716 3647 933 3716 ἀρετῆς,
950 3646 1044 3697 καὶ
1072 3645 1328 3707 παντοίας
1354 3644 1671 3712 γεννητικὸν
1695 3660 1791 3695 κα-

204 3741 329 3800 κίας
356 3757 370 3770 ·
410 3739 527 3791 ἀντ’
552 3738 716 3816 αιὶτῆς
738 3739 794 3790 δὲ
826 3738 922 3808 τὴν
953 3736 1335 3805 κοσμιωτάτην
1364 3734 1691 3804 ἐγκράτειαν
1714 3734 1791 3797 ὼς

204 3832 452 3884 διπλοῖδα
481 3829 856 3900 πριθὼμεθα,
905 3828 1004 3896 τὴν
1039 3827 1146 3879 τῶν
1174 3826 1422 3894 ἀγγέλων
1471 3824 1788 3894 σύντροφον,

204 3925 305 3993 τὴν
336 3921 454 3974 τῶν
479 3922 655 3988 ἀγίων
689 3920 980 3988 σύσκηνον,
1010 3918 1109 3987 τὴν
1134 3917 1233 3985 τῆς
1274 3916 1387 3970 ἄνω
1430 3916 1791 3985 τερπνὸτητος

203 4015 474 4085 πρόξενον
501 4015 593 4066 καὶ
636 4013 864 4083 τρυφῆς.
905 4011 1135 4083 Πορνεία
1177 4010 1235 4061 δὲ
1268 4008 1405 4077 μηδὲ
1433 4006 1791 4076 ὀνομαζέσθω

202 4108 261 4158 ἐν
292 4108 459 4175 ἡμῖν,
496 4104 559 4157 οὐ
585 4105 743 4174 μόνον
769 4105 803 4173 ἠ
826 4104 947 4155 κατ’
970 4101 1256 4171 ἐνέργειαν
1287 4099 1382 4152 καὶ
1412 4100 1632 4169 πρᾶξιν,
1656 4098 1792 4153 ἀλλά

205 4196 346 4265 μηδὲ
389 4197 679 4263 πορκιικαίς
731 4192 1056 4261 φαντασίαις
1099 4190 1514 4261 ρυπαινώμεθα.
1548 4190 1707 4262 Πάσῃ
1733 4191 1792 4244 δὲ

206 4289 434 4357 μηχανῇ
458 4287 552 4339 καὶ
568 4286 793 4356 σπουδῇ,
829 4286 981 4354 πάσῃ
1009 4284 1480 4356 ταπεινοφροσύνῃ
1510 4285 1604 4349 καὶ
1629 4300 1791 4354 προσ-

200 4381 339 4447 ευχῇ
408 4376 507 4447 τὴν
579 4375 754 4445 κακὴν
798 4376 956 4443 ῥίζαν
1009 4374 1379 4445 προθέλυμνω
1433 4376 1787 4446 ἐκτίλλωμεν,

200 4470 301 4539 τὴν
328 4469 564 4538 θολερὰν
606 4470 819 4537 πηγὴν,
864 4469 924 4519 τὸ
950 4468 1048 4536 τῆς
1071 4468 1267 4537 ἡδονῆς
1306 4469 1639 4538 ἐμπύρευμα
1659 4507 1672 4532 ,
1730 4469 1792 4521 τὸ

202 4560 303 4627 τῆς
330 4560 639 4621 ἀκολασίας
669 4558 940 4628 ζῶπυρον,
976 4559 1037 4609 τὸ
1059 4558 1316 4627 πορνικὸν
1349 4560 1447 4631 τῆς
1470 4557 1693 4628 καρδίας
1716 4557 1793 4609 εί-

201 4657 376 4708 δωλον
406 4656 625 4726 πρῶτον
647 4654 983 4724 ὲξανέλωμεν
1013 4654 1047 4725 ἢ
1084 4654 1431 4724 μειώσωμεν.
1476 4653 1633 4707 Οὕτω
1682 4653 1793 4725 γὰρ

200 4750 340 4816 ἡμῖν
372 4748 439 4800 τὺ
477 4746 621 4817 ἱερὸν
671 4747 769 4816 τῆς
816 4746 1175 4817 σωφροσύνης
1225 4748 1525 4817 ἐπανθήσει
1575 4747 1792 4811 κάλλος,

201 4840 349 4891 οὕτω
381 4840 481 4892 καὶ
506 4840 601 4891 τὸν
626 4838 814 4907 νοητὸν
852 4839 1102 4907 Νυμφίον
1136 4839 1230 4890 καὶ
1260 4839 1414 4905 ἆγιον
1441 4839 1793 4909 ἀγιοπρεπῶς

204 4931 427 4991 ἑαυτοῖς
457 4928 897 4999 ὲπισπασόμεθα.
951 4928 1325 5004 Ψιλαργυρίαν
1353 4930 1410 4982 δὲ
1447 4932 1541 4983 καὶ
1600 4931 1791 4983 πλεον-

203 5023 355 5087 εξίαν
386 5024 591 5085 πᾶσαν,
622 5021 695 5083 ὡς
724 5012 1161 5090 αἱδωλολατρείαν
1193 5022 1794 5092 ἀποφύγωμεν.Ταυτὸν

204 5118 309 5183 γὰρ
343 5116 492 5168 κατά
512 5116 603 5168 τὸν
629 5115 723 5168 τοῦ
756 5115 1081 5168 Ἀποττόλου
1108 5116 1317 5183 πέφυκε
1345 5116 1529 5185 νόμον,
1561 5117 1716 5187 εἴπερ
1742 5116 1791 5167 οξ

203 5207 415 5274 ταύτης
449 5205 765 5277 ὀρεγόμενοι
786 5205 1251 5275 ἀπεπλανήθησαν
1279 5205 1388 5259 ἀπὸ
1406 5208 1505 5276 τῆς
1536 5207 1791 5267 πίστεως’

204 5296 265 5346 ού
292 5295 465 5365 μόνον
492 5295 571 5359 δὲ,
612 5294 748 5348 ἀλλά
800 5294 893 5347 καὶ
922 5295 1149 5356 ἑαυτοὺς
1193 5294 1551 5364 περιέπειραν
1577 5295 1794 5356 ὀδύναις

210 5386 464 5448 πολλαῖς.
493 5386 664 5456 Εἴπερ
691 5384 783 5439 οὖν
810 5387 903 5438 καὶ
934 5385 1033 5455 τῆς
1069 5386 1339 5456 σωτηρίου
1368 5385 1603 5448 πίστεως
1635 5384 1795 5438 ἀλλο-

209 5484 374 5549 τριοῐ,
437 5481 535 5533 καὶ
583 5478 921 5533 πολυὼδυνον
970 5482 1102 5550 ἡμῖν
1134 5480 1424 5550 καθίστησι
1473 5481 1573 5550 τὴν
1628 5480 1793 5550 ζωὴν,

211 5574 325 5637 πῶς
356 5574 488 5644 οὐχὶ
530 5573 768 5643 φευκτέα
823 5572 1024 5643 μᾶλλον
1084 5572 1341 5626 ἁπάντων
1394 5575 1489 5626 καὶ
1532 5572 1795 5645 βδελυκτὴ

210 5666 287 5735 τῷ
315 5684 381 5734 γε
438 5666 517 5736 μὴ
556 5667 736 5735 πάντη
767 5663 1055 5735 καπηλικῷ
1079 5665 1179 5735 τὴν
1228 5667 1405 5737 ψυχήν
1432 5683 1446 5733 ;
1478 5666 1540 5719 Oi
1576 5666 1707 5736 γοῦν
1742 5668 1803 5719 τὸ

282 5849 322 5879 ¹¹
359 5846 564 5917 Ephes.
603 5863 657 5909 v,
693 5846 747 5898 5.

586 5940 704 5999 Pn
718 5954 861 5998 nor.
888 5941 993 5999 Gn
1040 5940 1154 5998 CV.

826 5844 866 5875 "
895 5846 1074 5901 Colos.
1110 5862 1193 5910 ιιι,
1219 5846 1281 5912 5;
1310 5844 1506 5915 Ephes.
1528 5861 1579 5911 v,
1603 5846 1655 5901 5.
1706 5848 1747 5877 ¹³
1776 5845 1818 5899 Il
1855 5847 1914 5900 Ti
1942 5865 1993 5901 ιι.
2021 5865 2099 5913 ιιι,
2131 5850 2250 5904 2-8.
2318 5852 2357 5881 “
2392 5851 2620 5922 Philipp.
2645 5854 2837 5920 tu,20,
2858 5852 2948 5905 2|.

1887 2019 2017 2058 vero
2057 2019 2085 2057 a
2120 2003 2392 2065 l’atribus,
2443 2002 2558 2056 sive
2618 1989 3167 2055 sanctis'doctoribus
3218 2010 3457 2069 accepta,

1888 2097 1997 2151 imo
2024 2112 2119 2166 per
2146 2111 2313 2150 unum
2344 2102 2399 2149 et
2428 2095 2677 2149 eumdem
2708 2095 2970 2163 Spiritum
2995 2094 3219 2155 dictata,
3258 2094 3452 2146 variis-

1886 2204 1993 2258 que
2022 2189 2198 2242 modis
2226 2188 2538 2254 praedicata,
2579 2204 2644 2239 ne
2677 2196 3112 2252 contemnamus,
3147 2202 3247 2240 nec
3281 2187 3466 2254 segni-

1888 2290 1966 2333 ter
1998 2289 2051 2332 et
2076 2280 2265 2347 ignave
2302 2292 2684 2347 exsequamur,
2730 2278 2819 2331 sed
2871 2278 3070 2331 acriter
3115 2286 3169 2331 et
3222 2283 3465 2332 studiose

1885 2371 2105 2426 virtutis
2138 2386 2275 2440 opus
2299 2385 2728 2441 persequamur;
2764 2378 2823 2424 ut
2854 2369 3187 2440 benignitate
3221 2372 3274 2423 in
3303 2385 3465 2439 egen-

1888 2471 1991 2525 tes,
2040 2462 2249 2531 ﬁdeque
2280 2477 2311 2516 a
2347 2463 2582 2532 peccatis
2618 2462 2840 2529 expiati,
2879 2461 3158 2515 ‘charitate
3193 2460 3456 2531 periei-ta,

1883 2562 1939 2607 et
1972 2553 2339 2607 submissione
2375 2553 2610 2616 sincera,
2650 2554 2719 2605 ab
2745 2552 2999 2607 omnibus
3043 2554 3211 2606 animi
3257 2562 3312 2606 et
3339 2568 3465 2606 cor-

1885 2644 2037 2714 poris
2066 2644 2495 2713 inquinamentis
2542 2642 2812 2709 defaacati,
2871 2645 3168 2698 secumlum
3225 2645 3313 2698 Dei
3370 2660 3468 2697 vo-

1886 2734 2147 2787 luntatem
2198 2734 2581 2795 ambulantes,
2626 2750 2814 2806 .regno
2886 2736 3123 2805 supremi
3182 2734 3356 2791 Patris
3411 2736 3467 2790 iu

1884 2826 2107 2879 Christo
2136 2824 2264 2878 Jesu
2316 2826 2463 2895 digni
2499 2827 2816 2880 habeantur.
2850 2825 3053 2881 Omnes
3109 2841 3240 2894 ergo
3298 2828 3465 2882 animi

1888 2904 2216 2970 vitiositates
2248 2924 2304 2970 et
2326 2917 2547 2982 malitia:
2581 2904 3063 2982 libras'clidamus,
3096 2918 3171 2971 uti
3215 2920 3368 2987 puris
3403 2921 3467 2971 ad

1888 3007 2462 3087 purissimum‘nobis
2522 3019 2703 3073 patuit
2770 3024 3048 3065 accessus.
3099 3010 3467 3065 Perniciosan.

1891 3101 2101 3155 ventris
2139 3101 2459 3169 ingluviem,
2491 3102 2658 3155 veluti
2705 3112 2908 3171 pestem
2943 3102 3160 3157 virtutis
3203 3112 3257 3156 et
3288 3103 3470 3157 omnis

1893 3192 2103 3246 fontem
2142 3192 2460 3263 impietatis,
2517 3194 2704 3262 procul
2755 3194 3054 3248 habeamus
3106 3194 3298 3248 :illius
3346 3192 3469 3246 loco

1895 3290 2307 3353 temperantiam
2361 3285 2525 3338 veluti
2576 3284 2868 3354 diploidem
2906 3287 3229 3349 induamns;
3266 3293 3469 3352 tempe-

1893 3379 2149 3440 rautiam,
2185 3378 2429 3448 inquam,
2475 3376 2758 3433 beatarum
2795 3379 3063 3431 mentium
3096 3377 3327 3439 sociam.
3356 3392 3468 3431 em-

1890 3472 2048 3525 litmn
2089 3472 2555 3533 contubernalem,
2586 3471 3001 3538 coalestiumque
3051 3468 3368 3523 deliciarum
3405 3486 3472 3522 ac

1894 3564 2236 3630 voluptatum
2288 3562 2718 3616 conciliatricem
2776 3574 2840 3614 ac
2896 3560 3112 3630 pignus.
3161 3559 3471 3616 Fornicatio

1895 3664 2076 3709 autem
2108 3669 2174 3706 ne
2206 3653 2514 3707 nominetur
2540 3652 2759 3723 quidem
2784 3652 2838 3705 in
2865 3652 3043 3715 nobis,
3069 3662 3130 3706 ut
3155 3667 3261 3706 non
3294 3652 3468 3706 solum

1893 3760 2055 3814 apere
2091 3755 2144 3799 et
2176 3742 2342 3807 tacto,
2384 3742 2479 3797 sed
2514 3758 2581 3797 ne
2616 3742 3005 3813 cogitationum
3039 3742 3259 3811 quidem
3298 3743 3474 3809 impu-

1898 3850 2084 3889 rarum
2115 3834 2374 3889 monstris
2420 3834 2772 3905 inquinentur
2804 3834 2867 3887 “.
2901 3832 3056 3887 Totis
3089 3833 3312 3902 proinde
3343 3834 3472 3885 viri-

1896 3928 2022 3989 bus,
2058 3927 2316 3995 omnique
2348 3927 2612 3991 connixu,
2643 3935 2698 3980 et
2730 3940 2943 3980 summa
2972 3924 3137 3979 animi
3163 3924 3474 3993 depressio-

1897 4036 1986 4080 ne.
2014 4019 2374 4089 precibusque
2390 4020 2653 4073 elementa
2678 4019 2905 4073 luxuria:
2925 4019 3138 4088 penitus
3158 4018 3468 4081 eradamus,

1898 4126 2283 4179 cmnmamque
2308 4112 2635 4180 impuritatis
2658 4112 3070 4181 scaturigiucm,
3100 4121 3156 4164 et
3179 4111 3471 4179 voluptatis

1894 4202 2100 4268 fm-tnn,
2140 4204 2572 4274 intemperantia!
2599 4202 3015 4265 suscitahulum,
3050 4202 3253 4256 idolum
3289 4204 3471 4256 cordis

1894 4294 2349 4347 obscenissimum
2387 4306 2696 4349 evertamus
2718 4305 2813 4349 aut
2859 4296 3185 4348 minuamus.
3212 4295 3303 4348 Sic
3322 4295 3466 4348 enim

1894 4385 1947 4439 in
1993 4386 2148 4440 nobis
2179 4388 2528 4441 continentia:
2557 4388 2723 4442 decus
2754 4388 3076 4462 elliurescet,
3109 4399 3470 4455 sanctumque

1894 4487 1948 4531 et
1988 4478 2227 4531 dirimunt
2280 4480 2581 4548 spiritalem
2637 4496 2900 4548 sponsmn
2954 4481 3020 4532 ad
3072 4496 3171 4534 nos
3216 4481 3302 4548 pie
3340 4496 3466 4534 Satt-

1818 4578 1872 4637 D
1902 4582 2096 4638 ctequc
2128 4572 2488 4624 attrahemus.
2522 4572 2817 4625 Avaritiam
2865 4580 2919 4625 rt
2966 4573 3205 4626 studium
3238 4573 3470 4625 habendi

1892 4679 2000 4717 non
2046 4678 2204 4715 secus
2250 4673 2412 4732 atque
2460 4664 2821 4717 idololatrian:
2870 4663 3205 4733 refugiamus
3233 4664 3298 4716 “.
3327 4662 3470 4716 Idem

1891 4755 2036 4808 enim
2071 4762 2219 4817 snnt,
2253 4766 2309 4806 ut
2335 4755 2416 4808 lex
2454 4756 2697 4824 Apostoli
2726 4756 2906 4818 docet,
2941 4755 3159 4824 quando
3183 4755 3470 4824 pecuniam

1895 4858 2213 4917 appetentes
2256 4864 2285 4902 a
2319 4850 2422 4902 ﬁde
2476 4853 2823 4911 aberrarunt,
2868 4849 3188 4918 sripsosque
3230 4850 3471 4901 inserue-

1893 4949 2021 4992 runt
2046 4940 2325 4994 doloribus
2359 4940 2542 4993 multis
2577 4941 2637 4995 ".
2673 4940 2808 5009 Cum
2842 4958 2971 5009 ergo
3012 4941 3170 4993 nobis
3202 4940 3359 4992 fidem
3393 4954 3477 4992 sa~

1900 5029 2129 5083 lutarem
2161 5030 2333 5093 tollat,
2379 5008 2691 5100 multasque
2730 5033 2853 5084 vita:
2882 5032 3224 5085 calamitates
3262 5031 3470 5098 pariat;

1900 5120 2174 5188 qumnodo
2217 5134 2322 5172 non
2354 5120 2501 5174 omni
2526 5136 2629 5190 ope
2653 5121 2755 5175 erit
2788 5121 3060 5189 fugienda,
3097 5132 3151 5173 et
3185 5137 3474 5174 exsecran-

1900 5212 1968 5264 da
2015 5212 2062 5264 ei
2110 5212 2200 5279 qui
2233 5212 2367 5265 nolit
2415 5216 2679 5281 cauponis
2717 5229 2868 5265 more
2918 5213 3154 5264 animum
3203 5213 3477 5265 vendere?

1899 5302 2241 5371 Quapropter
2276 5303 2337 5377 si‘
2372 5304 2721 5359 conversatio
2762 5313 2948 5357 nostra
3002 5305 3053 5356 in
3106 5303 3260 5357 cmlis
3294 5313 3400 5365 est,
3432 5305 3476 5357 si

1897 5395 2095 5448 cmlnm
2124 5395 2451 5464 Cogitamus,
2484 5406 2646 5466 atque
2686 5397 2751 5449 ad
2791 5396 2955 5449 vitam
2999 5395 3361 5449 inunortalem
3414 5410 3478 5450 ac

1899 5485 2131 5539 salutem
2184 5487 2569 5556 sempiternam
2624 5487 2933 5557 aspiramus
2985 5488 3052 5551 “,
3092 5489 3357 5541 habentes
3398 5490 3478 5538 vi-

1900 5586 2047 5630 ctum
2089 5586 2143 5631 et
2185 5579 2471 5645 amictum,
2515 5580 2599 5633 his
2635 5580 2876 5632 contenti
2905 5578 3081 5632 simus
3110 5580 3173 5630 ".
3212 5576 3302 5630 Sic
3329 5580 3472 5631 etnim

1908 5667 2075 5736 probe
2113 5668 2413 5723 instructos
2460 5668 2708 5735 expedite
2748 5669 2978 5722 arduum
3030 5666 3250 5721 virtutis
3278 5667 3477 5721 clivum

3030 5851 3072 5880 "
3105 5851 3122 5904 Ι
3159 5846 3301 5908 Tim.
3324 5868 3397 5919 vt,
3426 5850 3480 5906 8.

3056 5946 3124 6004 18
