  <div class='ocr_page' id='page_1' title='image "/cluster/home/n/w/nwhite01/storage/ocr_20150623/105/nnc1.0046980105/285.png"; bbox 0 0 4194 6432; ppageno 0'>
   <div class='ocr_carea' id='block_1_1' title="bbox 740 399 848 461">
    <p class='ocr_par' dir='ltr' id='par_1_1' title="bbox 740 399 848 461">
     <span class='ocr_line' id='line_1_1' title="bbox 740 399 848 461; baseline -0.009 0"><span class='ocrx_word' id='word_1_1' title='bbox 740 399 848 461; x_wconf 80' lang='grc'><strong>555</strong></span> 
     </span>
    </p>
   </div>
   <div class='ocr_carea' id='block_1_2' title="bbox 1889 374 2743 443">
    <p class='ocr_par' dir='ltr' id='par_1_2' title="bbox 1889 374 2743 443">
     <span class='ocr_line' id='line_1_2' title="bbox 1889 374 2743 443; baseline -0.013 0"><span class='ocrx_word' id='word_1_2' title='bbox 1889 380 2185 443; x_wconf 58' lang='lat' dir='ltr'><strong>NICETIS</strong></span> <span class='ocrx_word' id='word_1_3' title='bbox 2218 374 2743 438; x_wconf 76' lang='lat' dir='ltr'><strong>PAPIILAGONIS</strong></span> 
     </span>
    </p>
   </div>
   <div class='ocr_carea' id='block_1_3' title="bbox 3892 366 4006 430">
    <p class='ocr_par' dir='ltr' id='par_1_3' title="bbox 3892 366 4006 430">
     <span class='ocr_line' id='line_1_3' title="bbox 3892 366 4006 430; baseline -0.018 0"><span class='ocrx_word' id='word_1_4' title='bbox 3892 366 4006 430; x_wconf 81' lang='grc'><strong>556</strong></span> 
     </span>
    </p>
   </div>
   <div class='ocr_carea' id='block_1_4' title="bbox 739 482 2340 587">
    <p class='ocr_par' dir='ltr' id='par_1_4' title="bbox 739 496 2313 587">
     <span class='ocr_line' id='line_1_4' title="bbox 739 496 2313 587; baseline -0.016 -17"><span class='ocrx_word' id='word_1_5' title='bbox 739 514 955 587; x_wconf 84' lang='lat' dir='ltr'><strong>juvabit</strong></span> <span class='ocrx_word' id='word_1_6' title='bbox 986 520 1283 579; x_wconf 88' lang='lat' dir='ltr'><strong>superare;</strong></span> <span class='ocrx_word' id='word_1_7' title='bbox 1320 503 1460 560; x_wconf 86' lang='lat' dir='ltr'><strong>haud</strong></span> <span class='ocrx_word' id='word_1_8' title='bbox 1497 503 1738 573; x_wconf 84' lang='lat' dir='ltr'><strong>ignaros,</strong></span> <span class='ocrx_word' id='word_1_9' title='bbox 1781 510 1837 553; x_wconf 93' lang='lat' dir='ltr'><strong>ut</strong></span> <span class='ocrx_word' id='word_1_10' title='bbox 1884 500 1997 552; x_wconf 88' lang='lat' dir='ltr'><strong>ales</strong></span> <span class='ocrx_word' id='word_1_11' title='bbox 2041 496 2192 549; x_wconf 90' lang='lat' dir='ltr'><strong>humi</strong></span> <span class='ocrx_word' id='word_1_12' title='bbox 2230 512 2313 546; x_wconf 88' lang='lat' dir='ltr'><strong>re-</strong></span> 
     </span>
    </p>
   </div>
   <div class='ocr_carea' id='block_1_5' title="bbox 2442 482 4006 587">
    <p class='ocr_par' dir='ltr' id='par_1_5' title="bbox 2442 482 4006 557">
     <span class='ocr_line' id='line_1_5' title="bbox 2442 482 4006 557; baseline -0.004 -16"><span class='ocrx_word' id='word_1_13' title='bbox 2442 490 2722 557; x_wconf 81' lang='grc' dir='ltr'>ιολίτευμα</span> <span class='ocrx_word' id='word_1_14' title='bbox 2764 488 2826 539; x_wconf 75' lang='grc' dir='ltr'>ἓν</span> <span class='ocrx_word' id='word_1_15' title='bbox 2863 486 3111 556; x_wconf 81' lang='grc' dir='ltr'>ούρανοῖς</span> <span class='ocrx_word' id='word_1_16' title='bbox 3142 484 3545 554; x_wconf 80' lang='grc' dir='ltr'><strong>ἀποτιθέμενοι,</strong></span> <span class='ocrx_word' id='word_1_17' title='bbox 3607 482 3703 537; x_wconf 71' lang='grc' dir='ltr'>καὶ</span> <span class='ocrx_word' id='word_1_18' title='bbox 3736 482 3872 553; x_wconf 82' lang='grc' dir='ltr'>πρὸς</span> <span class='ocrx_word' id='word_1_19' title='bbox 3907 484 4006 535; x_wconf 69' lang='grc' dir='ltr'>τὸν</span> 
     </span>
    </p>
   </div>
   <div class='ocr_carea' id='block_1_6' title="bbox 746 587 2318 672">
    <p class='ocr_par' dir='ltr' id='par_1_6' title="bbox 746 587 2318 672">
     <span class='ocr_line' id='line_1_6' title="bbox 746 587 2318 672; baseline -0.017 -10"><span class='ocrx_word' id='word_1_20' title='bbox 746 609 894 662; x_wconf 90' lang='lat' dir='ltr'><strong>tibus</strong></span> <span class='ocrx_word' id='word_1_21' title='bbox 918 603 1192 672; x_wconf 70' lang='lat' dir='ltr'><strong>implicata</strong></span> <span class='ocrx_word' id='word_1_22' title='bbox 1224 599 1292 654; x_wconf 87' lang='lat' dir='ltr'><strong>ad</strong></span> <span class='ocrx_word' id='word_1_23' title='bbox 1319 598 1517 652; x_wconf 76' lang='lat' dir='ltr'><strong>ccelum</strong></span> <span class='ocrx_word' id='word_1_24' title='bbox 1544 594 1676 649; x_wconf 86' lang='lat' dir='ltr'><strong>eniti</strong></span> <span class='ocrx_word' id='word_1_25' title='bbox 1724 609 1829 647; x_wconf 92' lang='lat' dir='ltr'><strong>non</strong></span> <span class='ocrx_word' id='word_1_26' title='bbox 1862 598 2059 658; x_wconf 90' lang='lat' dir='ltr'><strong>potest,</strong></span> <span class='ocrx_word' id='word_1_27' title='bbox 2096 587 2168 640; x_wconf 89' lang='lat' dir='ltr'><strong>ita</strong></span> <span class='ocrx_word' id='word_1_28' title='bbox 2198 601 2318 655; x_wconf 88' lang='lat' dir='ltr'><strong>per-</strong></span> 
     </span>
    </p>
   </div>
   <div class='ocr_carea' id='block_1_7' title="bbox 749 678 2322 756">
    <p class='ocr_par' dir='ltr' id='par_1_7' title="bbox 749 678 2322 756">
     <span class='ocr_line' id='line_1_7' title="bbox 749 678 2322 756; baseline -0.015 -2"><span class='ocrx_word' id='word_1_29' title='bbox 749 701 873 755; x_wconf 88' lang='lat' dir='ltr'><strong>inde</strong></span> <span class='ocrx_word' id='word_1_30' title='bbox 910 697 1025 750; x_wconf 84' lang='lat' dir='ltr'><strong>fieri</strong></span> <span class='ocrx_word' id='word_1_31' title='bbox 1077 693 1228 748; x_wconf 92' lang='lat' dir='ltr'><strong>nullo</strong></span> <span class='ocrx_word' id='word_1_32' title='bbox 1278 690 1440 745; x_wconf 91' lang='lat' dir='ltr'><strong>modo</strong></span> <span class='ocrx_word' id='word_1_33' title='bbox 1489 702 1685 756; x_wconf 83' lang='lat' dir='ltr'><strong>posse,</strong></span> <span class='ocrx_word' id='word_1_34' title='bbox 1734 694 1794 737; x_wconf 90' lang='lat' dir='ltr'><strong>ut</strong></span> <span class='ocrx_word' id='word_1_35' title='bbox 1848 684 1893 736; x_wconf 88' lang='lat' dir='ltr'><strong>is</strong></span> <span class='ocrx_word' id='word_1_36' title='bbox 1937 681 2029 750; x_wconf 92' lang='lat' dir='ltr'><strong>qui</strong></span> <span class='ocrx_word' id='word_1_37' title='bbox 2071 678 2244 747; x_wconf 84' lang='lat' dir='ltr'><strong>cepiis</strong></span> <span class='ocrx_word' id='word_1_38' title='bbox 2268 684 2322 731; x_wconf 89' lang='lat' dir='ltr'><strong>et</strong></span> 
     </span>
    </p>
   </div>
   <div class='ocr_carea' id='block_1_8' title="bbox 748 772 2319 861">
    <p class='ocr_par' dir='ltr' id='par_1_8' title="bbox 748 772 2319 861">
     <span class='ocr_line' id='line_1_8' title="bbox 748 772 2319 861; baseline -0.015 -15"><span class='ocrx_word' id='word_1_39' title='bbox 748 794 945 861; x_wconf 87' lang='lat' dir='ltr'><strong>opibus</strong></span> <span class='ocrx_word' id='word_1_40' title='bbox 982 790 1322 844; x_wconf 87' lang='lat' dir='ltr'><strong>fortunarum</strong></span> <span class='ocrx_word' id='word_1_41' title='bbox 1371 782 1660 837; x_wconf 78' lang='lat' dir='ltr'><strong>devinctus</strong></span> <span class='ocrx_word' id='word_1_42' title='bbox 1702 780 1792 840; x_wconf 88' lang='lat' dir='ltr'><strong>sit,</strong></span> <span class='ocrx_word' id='word_1_43' title='bbox 1838 776 2087 845; x_wconf 77' lang='lat' dir='ltr'><strong>expedite</strong></span> <span class='ocrx_word' id='word_1_44' title='bbox 2128 772 2319 825; x_wconf 85' lang='lat' dir='ltr'><strong>callem</strong></span> 
     </span>
    </p>
   </div>
   <div class='ocr_carea' id='block_1_9' title="bbox 747 861 2323 941">
    <p class='ocr_par' dir='ltr' id='par_1_9' title="bbox 747 861 2323 941">
     <span class='ocr_line' id='line_1_9' title="bbox 747 861 2323 941; baseline -0.017 -1"><span class='ocrx_word' id='word_1_45' title='bbox 747 887 813 941; x_wconf 84' lang='lat' dir='ltr'><strong>ad</strong></span> <span class='ocrx_word' id='word_1_46' title='bbox 853 884 1049 938; x_wconf 72' lang='lat' dir='ltr'><strong>cwlum</strong></span> <span class='ocrx_word' id='word_1_47' title='bbox 1077 883 1363 933; x_wconf 87' lang='lat' dir='ltr'><strong>ducentem</strong></span> <span class='ocrx_word' id='word_1_48' title='bbox 1416 873 1672 928; x_wconf 73' lang='lat' dir='ltr'><strong>decurrat</strong></span> <span class='ocrx_word' id='word_1_49' title='bbox 1706 868 1932 923; x_wconf 77' lang='lat' dir='ltr'><strong>“.iram</strong></span> <span class='ocrx_word' id='word_1_50' title='bbox 1972 882 2120 928; x_wconf 86' lang='lat' dir='ltr'><strong>vero,</strong></span> <span class='ocrx_word' id='word_1_51' title='bbox 2160 871 2217 915; x_wconf 89' lang='lat' dir='ltr'><strong>ut</strong></span> <span class='ocrx_word' id='word_1_52' title='bbox 2242 861 2323 914; x_wconf 91' lang='lat' dir='ltr'><strong>in-</strong></span> 
     </span>
    </p>
   </div>
   <div class='ocr_carea' id='block_1_10' title="bbox 748 953 2323 1040">
    <p class='ocr_par' dir='ltr' id='par_1_10' title="bbox 748 953 2323 1040">
     <span class='ocr_line' id='line_1_10' title="bbox 748 953 2323 1040; baseline -0.018 -8"><span class='ocrx_word' id='word_1_53' title='bbox 748 977 917 1033; x_wconf 58' lang='lat' dir='ltr'><strong>saniae</strong></span> <span class='ocrx_word' id='word_1_54' title='bbox 947 973 1183 1033; x_wconf 84' lang='lat' dir='ltr'><strong>aflinem,</strong></span> <span class='ocrx_word' id='word_1_55' title='bbox 1235 966 1545 1040; x_wconf 66' lang='lat' dir='ltr'><strong>ignominiae</strong></span> <span class='ocrx_word' id='word_1_56' title='bbox 1592 971 1895 1032; x_wconf 86' lang='lat' dir='ltr'><strong>parentem,</strong></span> <span class='ocrx_word' id='word_1_57' title='bbox 1946 958 2180 1025; x_wconf 81' lang='lat' dir='ltr'><strong>malique</strong></span> <span class='ocrx_word' id='word_1_58' title='bbox 2214 953 2323 1006; x_wconf 63' lang='lat' dir='ltr'><strong>dae-</strong></span> 
     </span>
    </p>
   </div>
   <div class='ocr_carea' id='block_1_11' title="bbox 750 1049 2325 1122">
    <p class='ocr_par' dir='ltr' id='par_1_11' title="bbox 750 1049 2325 1122">
     <span class='ocr_line' id='line_1_11' title="bbox 750 1049 2325 1122; baseline -0.019 1"><span class='ocrx_word' id='word_1_59' title='bbox 750 1067 931 1122; x_wconf 86' lang='lat' dir='ltr'><strong>monis</strong></span> <span class='ocrx_word' id='word_1_60' title='bbox 963 1061 1435 1121; x_wconf 86' lang='lat' dir='ltr'><strong>scintillatiouem,</strong></span> <span class='ocrx_word' id='word_1_61' title='bbox 1469 1057 1635 1111; x_wconf 90' lang='lat' dir='ltr'><strong>remis</strong></span> <span class='ocrx_word' id='word_1_62' title='bbox 1662 1053 1906 1120; x_wconf 83' lang='lat' dir='ltr'><strong>velisque</strong></span> <span class='ocrx_word' id='word_1_63' title='bbox 1940 1049 2232 1118; x_wconf 76' lang='lat' dir='ltr'><strong>fugiamus,</strong></span> <span class='ocrx_word' id='word_1_64' title='bbox 2259 1059 2325 1095; x_wconf 88' lang='lat' dir='ltr'><strong>ne</strong></span> 
     </span>
    </p>
   </div>
   <div class='ocr_carea' id='block_1_12' title="bbox 755 1139 2325 1214">
    <p class='ocr_par' dir='ltr' id='par_1_12' title="bbox 755 1139 2325 1214">
     <span class='ocr_line' id='line_1_12' title="bbox 755 1139 2325 1214; baseline -0.017 0"><span class='ocrx_word' id='word_1_65' title='bbox 755 1163 859 1214; x_wconf 90' lang='lat' dir='ltr'><strong>hoc</strong></span> <span class='ocrx_word' id='word_1_66' title='bbox 933 1157 1059 1209; x_wconf 84' lang='lat' dir='ltr'><strong>olim</strong></span> <span class='ocrx_word' id='word_1_67' title='bbox 1137 1151 1391 1205; x_wconf 85' lang='lat' dir='ltr'><strong>incendio</strong></span> <span class='ocrx_word' id='word_1_68' title='bbox 1459 1148 1794 1201; x_wconf 88' lang='lat' dir='ltr'><strong>hauriamur.</strong></span> <span class='ocrx_word' id='word_1_69' title='bbox 1853 1141 1955 1195; x_wconf 86' lang='lat' dir='ltr'><strong>Sed</strong></span> <span class='ocrx_word' id='word_1_70' title='bbox 2011 1139 2325 1193; x_wconf 76' lang='lat' dir='ltr'><strong>afl‘ecteuuis</strong></span> 
     </span>
    </p>
   </div>
   <div class='ocr_carea' id='block_1_13' title="bbox 752 1226 2326 1307">
    <p class='ocr_par' dir='ltr' id='par_1_13' title="bbox 752 1226 2326 1307">
     <span class='ocr_line' id='line_1_13' title="bbox 752 1226 2326 1307; baseline -0.017 -3"><span class='ocrx_word' id='word_1_71' title='bbox 752 1247 1251 1307; x_wconf 79' lang='lat' dir='ltr'><strong>mansuetudinem,</strong></span> <span class='ocrx_word' id='word_1_72' title='bbox 1283 1241 1449 1295; x_wconf 87' lang='lat' dir='ltr'><strong>animi</strong></span> <span class='ocrx_word' id='word_1_73' title='bbox 1482 1238 1811 1307; x_wconf 54' lang='lat' dir='ltr'><strong>equitatem,</strong></span> <span class='ocrx_word' id='word_1_74' title='bbox 1841 1230 2178 1301; x_wconf 86' lang='lat' dir='ltr'><strong>patientiam.</strong></span> <span class='ocrx_word' id='word_1_75' title='bbox 2202 1226 2326 1278; x_wconf 11' lang='lat' dir='ltr'><strong>llaec</strong></span> 
     </span>
    </p>
   </div>
   <div class='ocr_carea' id='block_1_14' title="bbox 750 1320 2325 1397">
    <p class='ocr_par' dir='ltr' id='par_1_14' title="bbox 750 1320 2325 1397">
     <span class='ocr_line' id='line_1_14' title="bbox 750 1320 2325 1397; baseline -0.017 0"><span class='ocrx_word' id='word_1_76' title='bbox 750 1345 895 1397; x_wconf 90' lang='lat' dir='ltr'><strong>enim</strong></span> <span class='ocrx_word' id='word_1_77' title='bbox 934 1349 1065 1394; x_wconf 86' lang='lat' dir='ltr'><strong>sunt</strong></span> <span class='ocrx_word' id='word_1_78' title='bbox 1118 1352 1242 1392; x_wconf 84' lang='lat' dir='ltr'><strong>vera</strong></span> <span class='ocrx_word' id='word_1_79' title='bbox 1295 1332 1598 1388; x_wconf 62' lang='lat' dir='ltr'><strong>clementiae</strong></span> <span class='ocrx_word' id='word_1_80' title='bbox 1640 1328 1769 1382; x_wconf 81' lang='lat' dir='ltr'><strong>Jesu</strong></span> <span class='ocrx_word' id='word_1_81' title='bbox 1822 1324 2104 1397; x_wconf 75' lang='lat' dir='ltr'><strong>symbola;</strong></span> <span class='ocrx_word' id='word_1_82' title='bbox 2136 1330 2187 1375; x_wconf 82' lang='lat' dir='ltr'><strong>et</strong></span> <span class='ocrx_word' id='word_1_83' title='bbox 2214 1320 2325 1371; x_wconf 71' lang='lat' dir='ltr'><strong>lucc</strong></span> 
     </span>
    </p>
   </div>
   <div class='ocr_carea' id='block_1_15' title="bbox 752 1412 2326 1502">
    <p class='ocr_par' dir='ltr' id='par_1_15' title="bbox 752 1412 2326 1502">
     <span class='ocr_line' id='line_1_15' title="bbox 752 1412 2326 1502; baseline -0.02 -9"><span class='ocrx_word' id='word_1_84' title='bbox 752 1438 843 1493; x_wconf 91' lang='lat' dir='ltr'><strong>ille</strong></span> <span class='ocrx_word' id='word_1_85' title='bbox 877 1451 1000 1490; x_wconf 90' lang='lat' dir='ltr'><strong>cum</strong></span> <span class='ocrx_word' id='word_1_86' title='bbox 1038 1427 1568 1502; x_wconf 80' lang='lat' dir='ltr'><strong>superesscntialiter</strong></span> <span class='ocrx_word' id='word_1_87' title='bbox 1611 1423 1716 1483; x_wconf 91' lang='lat' dir='ltr'><strong>sit,</strong></span> <span class='ocrx_word' id='word_1_88' title='bbox 1751 1422 1865 1475; x_wconf 64' lang='lat' dir='ltr'><strong>hate</strong></span> <span class='ocrx_word' id='word_1_89' title='bbox 1902 1416 2163 1489; x_wconf 66' lang='lat' dir='ltr'><strong>praecipit.</strong></span> <span class='ocrx_word' id='word_1_90' title='bbox 2201 1412 2326 1467; x_wconf 88' lang='grc' dir='ltr'>Οιιι-</span> 
     </span>
    </p>
   </div>
   <div class='ocr_carea' id='block_1_16' title="bbox 756 1512 2325 1591">
    <p class='ocr_par' dir='ltr' id='par_1_16' title="bbox 756 1512 2325 1591">
     <span class='ocr_line' id='line_1_16' title="bbox 756 1512 2325 1591; baseline -0.017 -9"><span class='ocrx_word' id='word_1_91' title='bbox 756 1531 845 1582; x_wconf 86' lang='lat' dir='ltr'><strong>nia</strong></span> <span class='ocrx_word' id='word_1_92' title='bbox 898 1526 1043 1578; x_wconf 89' lang='lat' dir='ltr'><strong>enim</strong></span> <span class='ocrx_word' id='word_1_93' title='bbox 1082 1519 1475 1591; x_wconf 72' lang='lat' dir='ltr'><strong>proliemodmu</strong></span> <span class='ocrx_word' id='word_1_94' title='bbox 1519 1516 1722 1569; x_wconf 79' lang='lat' dir='ltr'><strong>Christi</strong></span> <span class='ocrx_word' id='word_1_95' title='bbox 1756 1512 2027 1566; x_wconf 90' lang='lat' dir='ltr'><strong>dominica</strong></span> <span class='ocrx_word' id='word_1_96' title='bbox 2062 1515 2325 1577; x_wconf 74' lang='lat' dir='ltr'><strong>praeeepta</strong></span> 
     </span>
    </p>
   </div>
   <div class='ocr_carea' id='block_1_17' title="bbox 752 1601 2326 1675">
    <p class='ocr_par' dir='ltr' id='par_1_17' title="bbox 752 1601 2326 1675">
     <span class='ocr_line' id='line_1_17' title="bbox 752 1601 2326 1675; baseline -0.016 0"><span class='ocrx_word' id='word_1_97' title='bbox 752 1618 1035 1675; x_wconf 84' lang='lat' dir='ltr'><strong>continent</strong></span> <span class='ocrx_word' id='word_1_98' title='bbox 1065 1614 1302 1669; x_wconf 88' lang='lat' dir='ltr'><strong>leuitatis</strong></span> <span class='ocrx_word' id='word_1_99' title='bbox 1323 1620 1377 1665; x_wconf 93' lang='lat' dir='ltr'><strong>et</strong></span> <span class='ocrx_word' id='word_1_100' title='bbox 1409 1606 1866 1665; x_wconf 79' lang='lat' dir='ltr'><strong>mansuetudinis,</strong></span> <span class='ocrx_word' id='word_1_101' title='bbox 1904 1617 2064 1667; x_wconf 87' lang='lat' dir='ltr'><strong>atque</strong></span> <span class='ocrx_word' id='word_1_102' title='bbox 2104 1602 2155 1652; x_wconf 93' lang='lat' dir='ltr'><strong>in</strong></span> <span class='ocrx_word' id='word_1_103' title='bbox 2190 1601 2326 1651; x_wconf 89' lang='lat' dir='ltr'><strong>tole-</strong></span> 
     </span>
    </p>
   </div>
   <div class='ocr_carea' id='block_1_18' title="bbox 753 1700 2326 1773">
    <p class='ocr_par' dir='ltr' id='par_1_18' title="bbox 753 1700 2326 1773">
     <span class='ocr_line' id='line_1_18' title="bbox 753 1700 2326 1773; baseline -0.015 -6"><span class='ocrx_word' id='word_1_104' title='bbox 753 1711 943 1767; x_wconf 88' lang='lat' dir='ltr'><strong>randis</strong></span> <span class='ocrx_word' id='word_1_105' title='bbox 989 1708 1143 1761; x_wconf 88' lang='lat' dir='ltr'><strong>malis</strong></span> <span class='ocrx_word' id='word_1_106' title='bbox 1174 1704 1444 1773; x_wconf 69' lang='lat' dir='ltr'><strong>patientim</strong></span> <span class='ocrx_word' id='word_1_107' title='bbox 1475 1703 1802 1753; x_wconf 88' lang='lat' dir='ltr'><strong>documenta</strong></span> <span class='ocrx_word' id='word_1_108' title='bbox 1828 1712 1840 1761; x_wconf 88' lang='lat'>;</span> <span class='ocrx_word' id='word_1_109' title='bbox 1871 1711 1965 1761; x_wconf 90' lang='lat' dir='ltr'><strong>per</strong></span> <span class='ocrx_word' id='word_1_110' title='bbox 1994 1709 2114 1763; x_wconf 80' lang='lat' dir='ltr'><strong>quze</strong></span> <span class='ocrx_word' id='word_1_111' title='bbox 2147 1700 2200 1745; x_wconf 87' lang='lat' dir='ltr'><strong>el</strong></span> <span class='ocrx_word' id='word_1_112' title='bbox 2228 1705 2326 1744; x_wconf 86' lang='lat' dir='ltr'><strong>ca-</strong></span> 
     </span>
    </p>
   </div>
   <div class='ocr_carea' id='block_1_19' title="bbox 754 1784 2330 1874">
    <p class='ocr_par' dir='ltr' id='par_1_19' title="bbox 754 1784 2330 1874">
     <span class='ocr_line' id='line_1_19' title="bbox 754 1784 2330 1874; baseline -0.015 -15"><span class='ocrx_word' id='word_1_113' title='bbox 754 1818 849 1874; x_wconf 88' lang='lat' dir='ltr'><strong>put</strong></span> <span class='ocrx_word' id='word_1_114' title='bbox 881 1802 1125 1858; x_wconf 87' lang='lat' dir='ltr'><strong>omuiutn</strong></span> <span class='ocrx_word' id='word_1_115' title='bbox 1176 1799 1436 1849; x_wconf 89' lang='lat' dir='ltr'><strong>virtutum</strong></span> <span class='ocrx_word' id='word_1_116' title='bbox 1475 1792 1575 1844; x_wconf 88' lang='lat' dir='ltr'><strong>rite</strong></span> <span class='ocrx_word' id='word_1_117' title='bbox 1618 1790 1971 1845; x_wconf 87' lang='lat' dir='ltr'><strong>constituitur</strong></span> <span class='ocrx_word' id='word_1_118' title='bbox 2000 1784 2330 1853; x_wconf 86' lang='lat' dir='ltr'><strong>acquiritur-</strong></span> 
     </span>
    </p>
   </div>
   <div class='ocr_carea' id='block_1_20' title="bbox 2422 577 4005 652">
    <p class='ocr_par' dir='ltr' id='par_1_20' title="bbox 2422 577 4005 652">
     <span class='ocr_line' id='line_1_20' title="bbox 2422 577 4005 652; baseline -0.004 -19"><span class='ocrx_word' id='word_1_119' title='bbox 2422 584 2541 635; x_wconf 87' lang='grc' dir='ltr'>ἐκεῖ</span> <span class='ocrx_word' id='word_1_120' title='bbox 2566 583 2679 652; x_wconf 88' lang='grc' dir='ltr'>βίον</span> <span class='ocrx_word' id='word_1_121' title='bbox 2708 581 2801 633; x_wconf 76' lang='grc' dir='ltr'><strong>καὶ</strong></span> <span class='ocrx_word' id='word_1_122' title='bbox 2834 580 2933 651; x_wconf 78' lang='grc' dir='ltr'>τὴν</span> <span class='ocrx_word' id='word_1_123' title='bbox 2967 578 3111 649; x_wconf 76' lang='grc' dir='ltr'>ζωὴν</span> <span class='ocrx_word' id='word_1_124' title='bbox 3140 578 3238 647; x_wconf 78' lang='grc' dir='ltr'>τὴν</span> <span class='ocrx_word' id='word_1_125' title='bbox 3266 578 3482 631; x_wconf 86' lang='grc' dir='ltr'>αίώνιον</span> <span class='ocrx_word' id='word_1_126' title='bbox 3513 577 4005 647; x_wconf 83' lang='grc' dir='ltr'>μεταταττόμενοι,</span> 
     </span>
    </p>
   </div>
   <div class='ocr_carea' id='block_1_21' title="bbox 2421 668 4007 743">
    <p class='ocr_par' dir='ltr' id='par_1_21' title="bbox 2421 668 4007 743">
     <span class='ocr_line' id='line_1_21' title="bbox 2421 668 4007 743; baseline -0.004 -17"><span class='ocrx_word' id='word_1_127' title='bbox 2421 672 2633 743; x_wconf 75' lang='grc' dir='ltr'>ἔχοντες</span> <span class='ocrx_word' id='word_1_128' title='bbox 2658 673 2950 740; x_wconf 71' lang='grc' dir='ltr'>διατριφάς</span> <span class='ocrx_word' id='word_1_129' title='bbox 2996 673 3088 725; x_wconf 72' lang='grc' dir='ltr'><strong>καὶ</strong></span> <span class='ocrx_word' id='word_1_130' title='bbox 3121 672 3513 740; x_wconf 76' lang='grc' dir='ltr'><strong>σκεπάσματα,</strong></span> <span class='ocrx_word' id='word_1_131' title='bbox 3539 670 3773 732; x_wconf 90' lang='grc' dir='ltr'>·τούτοις</span> <span class='ocrx_word' id='word_1_132' title='bbox 3808 668 4007 739; x_wconf 80' lang='grc' dir='ltr'>ἀρκώ-</span> 
     </span>
    </p>
   </div>
   <div class='ocr_carea' id='block_1_22' title="bbox 2425 761 4010 837">
    <p class='ocr_par' dir='ltr' id='par_1_22' title="bbox 2425 761 4010 837">
     <span class='ocr_line' id='line_1_22' title="bbox 2425 761 4010 837; baseline -0.005 -17"><span class='ocrx_word' id='word_1_133' title='bbox 2425 766 2586 837; x_wconf 85' lang='grc' dir='ltr'>μεθα.</span> <span class='ocrx_word' id='word_1_134' title='bbox 2619 766 2729 820; x_wconf 70' lang='grc' dir='ltr'><strong>Καὶ</strong></span> <span class='ocrx_word' id='word_1_135' title='bbox 2772 765 2880 834; x_wconf 89' lang='grc' dir='ltr'><strong>γάρ</strong></span> <span class='ocrx_word' id='word_1_136' title='bbox 2909 765 3051 818; x_wconf 78' lang='grc' dir='ltr'>οὕτω</span> <span class='ocrx_word' id='word_1_137' title='bbox 3085 764 3320 832; x_wconf 75' lang='grc' dir='ltr'>κούφους</span> <span class='ocrx_word' id='word_1_138' title='bbox 3371 766 3515 833; x_wconf 76' lang='grc' dir='ltr'>ἡμᾶς</span> <span class='ocrx_word' id='word_1_139' title='bbox 3570 764 3666 816; x_wconf 78' lang='grc' dir='ltr'>καὶ</span> <span class='ocrx_word' id='word_1_140' title='bbox 3722 761 4010 821; x_wconf 80' lang='grc' dir='ltr'><strong>εὐσταλεῖς</strong></span> 
     </span>
    </p>
   </div>
   <div class='ocr_carea' id='block_1_23' title="bbox 2421 854 4010 930">
    <p class='ocr_par' dir='ltr' id='par_1_23' title="bbox 2421 854 4010 930">
     <span class='ocr_line' id='line_1_23' title="bbox 2421 854 4010 930; baseline -0.005 -17"><span class='ocrx_word' id='word_1_141' title='bbox 2421 860 2528 913; x_wconf 88' lang='grc' dir='ltr'><strong>τῶν</strong></span> <span class='ocrx_word' id='word_1_142' title='bbox 2551 860 2763 930; x_wconf 68' lang='grc' dir='ltr'>ἀρετῶν</span> <span class='ocrx_word' id='word_1_143' title='bbox 2811 858 3017 911; x_wconf 81' lang='grc' dir='ltr'><strong>ἀνιέναι</strong></span> <span class='ocrx_word' id='word_1_144' title='bbox 3055 857 3153 928; x_wconf 82' lang='grc' dir='ltr'>τὴν</span> <span class='ocrx_word' id='word_1_145' title='bbox 3183 856 3429 926; x_wconf 78' lang='grc' dir='ltr'><strong>κλίμακα</strong></span> <span class='ocrx_word' id='word_1_146' title='bbox 3480 856 3582 920; x_wconf 94' lang='grc' dir='ltr'>δεῖ,</span> <span class='ocrx_word' id='word_1_147' title='bbox 3640 854 3867 917; x_wconf 81' lang='grc' dir='ltr'><strong>εἰδότας,</strong></span> <span class='ocrx_word' id='word_1_148' title='bbox 3922 854 4010 905; x_wconf 81' lang='grc' dir='ltr'><strong>ὅτι</strong></span> 
     </span>
    </p>
   </div>
   <div class='ocr_carea' id='block_1_24' title="bbox 2424 949 4012 1027">
    <p class='ocr_par' dir='ltr' id='par_1_24' title="bbox 2424 949 4012 1027">
     <span class='ocr_line' id='line_1_24' title="bbox 2424 949 4012 1027; baseline -0.006 -18"><span class='ocrx_word' id='word_1_149' title='bbox 2424 957 2613 1027; x_wconf 80' lang='grc' dir='ltr'>ὥσπερ</span> <span class='ocrx_word' id='word_1_150' title='bbox 2634 957 2917 1026; x_wconf 77' lang='grc' dir='ltr'>ἀμήχανον</span> <span class='ocrx_word' id='word_1_151' title='bbox 2943 955 3094 1024; x_wconf 76' lang='grc' dir='ltr'>ὄρνιν</span> <span class='ocrx_word' id='word_1_152' title='bbox 3122 955 3215 1006; x_wconf 70' lang='grc' dir='ltr'><strong>ἐπὶ</strong></span> <span class='ocrx_word' id='word_1_153' title='bbox 3242 954 3342 1021; x_wconf 83' lang='grc' dir='ltr'>γῆς</span> <span class='ocrx_word' id='word_1_154' title='bbox 3376 953 3666 1022; x_wconf 79' lang='grc' dir='ltr'>δεδεμένην</span> <span class='ocrx_word' id='word_1_155' title='bbox 3695 949 4012 1019; x_wconf 80' lang='grc' dir='ltr'><strong>ἀναπτῆναι</strong></span> 
     </span>
    </p>
   </div>
   <div class='ocr_carea' id='block_1_25' title="bbox 2427 1040 4010 1118">
    <p class='ocr_par' dir='ltr' id='par_1_25' title="bbox 2427 1040 4010 1118">
     <span class='ocr_line' id='line_1_25' title="bbox 2427 1040 4010 1118; baseline -0.005 -16"><span class='ocrx_word' id='word_1_156' title='bbox 2427 1049 2561 1118; x_wconf 74' lang='grc' dir='ltr'>πρὸς</span> <span class='ocrx_word' id='word_1_157' title='bbox 2608 1048 2856 1118; x_wconf 71' lang='grc' dir='ltr'>οὐρανὸν,</span> <span class='ocrx_word' id='word_1_158' title='bbox 2912 1046 3086 1108; x_wconf 81' lang='grc' dir='ltr'>οὓτως</span> <span class='ocrx_word' id='word_1_159' title='bbox 3114 1046 3427 1098; x_wconf 84' lang='grc' dir='ltr'>ἀνένδεκτον</span> <span class='ocrx_word' id='word_1_160' title='bbox 3463 1040 3603 1097; x_wconf 81' lang='grc' dir='ltr'>εἶναι</span> <span class='ocrx_word' id='word_1_161' title='bbox 3652 1044 3743 1096; x_wconf 75' lang='grc' dir='ltr'>τὸν</span> <span class='ocrx_word' id='word_1_162' title='bbox 3791 1045 4010 1112; x_wconf 82' lang='grc' dir='ltr'>γηῖνοις</span> 
     </span>
    </p>
   </div>
   <div class='ocr_carea' id='block_1_26' title="bbox 2428 1137 4012 1210">
    <p class='ocr_par' dir='ltr' id='par_1_26' title="bbox 2428 1137 4012 1210">
     <span class='ocr_line' id='line_1_26' title="bbox 2428 1137 4012 1210; baseline -0.004 -15"><span class='ocrx_word' id='word_1_163' title='bbox 2428 1143 2668 1210; x_wconf 78' lang='grc' dir='ltr'>κτήμασι</span> <span class='ocrx_word' id='word_1_164' title='bbox 2698 1142 2793 1193; x_wconf 76' lang='grc' dir='ltr'><strong>καὶ</strong></span> <span class='ocrx_word' id='word_1_165' title='bbox 2818 1140 3102 1210; x_wconf 87' lang='grc' dir='ltr'>χρήμασιν</span> <span class='ocrx_word' id='word_1_166' title='bbox 3152 1141 3210 1191; x_wconf 83' lang='grc' dir='ltr'>ἐν</span> <span class='ocrx_word' id='word_1_167' title='bbox 3254 1138 3599 1209; x_wconf 79' lang='grc' dir='ltr'>προσπαθείᾳ</span> <span class='ocrx_word' id='word_1_168' title='bbox 3643 1137 4012 1206; x_wconf 82' lang='grc' dir='ltr'><strong>καταδεδεμέ⁶</strong></span> 
     </span>
    </p>
   </div>
   <div class='ocr_carea' id='block_1_27' title="bbox 2428 1225 4009 1301">
    <p class='ocr_par' dir='ltr' id='par_1_27' title="bbox 2428 1225 4009 1301">
     <span class='ocr_line' id='line_1_27' title="bbox 2428 1225 4009 1301; baseline -0.003 -17"><span class='ocrx_word' id='word_1_169' title='bbox 2428 1251 2536 1293; x_wconf 87' lang='grc' dir='ltr'>νον,</span> <span class='ocrx_word' id='word_1_170' title='bbox 2576 1229 2672 1301; x_wconf 81' lang='grc' dir='ltr'><strong>τὴν</strong></span> <span class='ocrx_word' id='word_1_171' title='bbox 2723 1231 2857 1299; x_wconf 74' lang='grc' dir='ltr'>πρὸς</span> <span class='ocrx_word' id='word_1_172' title='bbox 2885 1230 3015 1281; x_wconf 77' lang='grc' dir='ltr'>Θεὸν</span> <span class='ocrx_word' id='word_1_173' title='bbox 3062 1229 3302 1296; x_wconf 56' lang='grc' dir='ltr'>ύῷοὖσαν</span> <span class='ocrx_word' id='word_1_174' title='bbox 3350 1230 3655 1292; x_wconf 77' lang='grc' dir='ltr'>εύθυϐὁλως</span> <span class='ocrx_word' id='word_1_175' title='bbox 3688 1225 3843 1298; x_wconf 81' lang='grc' dir='ltr'>οἷμον</span> <span class='ocrx_word' id='word_1_176' title='bbox 3872 1229 4009 1297; x_wconf 67' lang='grc' dir='ltr'>δραι</span> 
     </span>
    </p>
   </div>
   <div class='ocr_carea' id='block_1_28' title="bbox 2432 1319 4011 1394">
    <p class='ocr_par' dir='ltr' id='par_1_28' title="bbox 2432 1319 4011 1394">
     <span class='ocr_line' id='line_1_28' title="bbox 2432 1319 4011 1394; baseline -0.004 -18"><span class='ocrx_word' id='word_1_177' title='bbox 2432 1329 2571 1394; x_wconf 79' lang='grc' dir='ltr'>μεῖν.</span> <span class='ocrx_word' id='word_1_178' title='bbox 2618 1323 2814 1393; x_wconf 79' lang='grc' dir='ltr'>Ὀργὴν</span> <span class='ocrx_word' id='word_1_179' title='bbox 2845 1324 2933 1385; x_wconf 81' lang='grc' dir='ltr'>δὲ,</span> <span class='ocrx_word' id='word_1_180' title='bbox 2993 1322 3067 1386; x_wconf 86' lang='grc' dir='ltr'>ὡς</span> <span class='ocrx_word' id='word_1_181' title='bbox 3099 1323 3408 1384; x_wconf 72' lang='grc' dir='ltr'>ἐκστάσεως</span> <span class='ocrx_word' id='word_1_182' title='bbox 3459 1319 3623 1376; x_wconf 78' lang='grc' dir='ltr'>οὖσαν</span> <span class='ocrx_word' id='word_1_183' title='bbox 3664 1322 4011 1393; x_wconf 76' lang='grc' dir='ltr'>παράφυσιν,</span> 
     </span>
    </p>
   </div>
   <div class='ocr_carea' id='block_1_29' title="bbox 2427 1412 4015 1485">
    <p class='ocr_par' dir='ltr' id='par_1_29' title="bbox 2427 1412 4015 1485">
     <span class='ocr_line' id='line_1_29' title="bbox 2427 1412 4015 1485; baseline -0.003 -18"><span class='ocrx_word' id='word_1_184' title='bbox 2427 1417 2502 1477; x_wconf 83' lang='grc' dir='ltr'>ὡς</span> <span class='ocrx_word' id='word_1_185' title='bbox 2525 1414 2909 1485; x_wconf 73' lang='grc' dir='ltr'>ἀσχημοσύνης</span> <span class='ocrx_word' id='word_1_186' title='bbox 2943 1415 3173 1485; x_wconf 84' lang='grc' dir='ltr'>μητέρα,</span> <span class='ocrx_word' id='word_1_187' title='bbox 3202 1415 3295 1468; x_wconf 73' lang='grc' dir='ltr'>καὶ</span> <span class='ocrx_word' id='word_1_188' title='bbox 3316 1415 3390 1478; x_wconf 87' lang='grc' dir='ltr'>ὼς</span> <span class='ocrx_word' id='word_1_189' title='bbox 3418 1413 3512 1468; x_wconf 81' lang='grc' dir='ltr'>τοῦ</span> <span class='ocrx_word' id='word_1_190' title='bbox 3540 1412 3777 1482; x_wconf 76' lang='grc' dir='ltr'>πονηροῦ</span> <span class='ocrx_word' id='word_1_191' title='bbox 3800 1412 4015 1481; x_wconf 80' lang='grc' dir='ltr'>τυγχά-</span> 
     </span>
    </p>
   </div>
   <div class='ocr_carea' id='block_1_30' title="bbox 2428 1505 4018 1578">
    <p class='ocr_par' dir='ltr' id='par_1_30' title="bbox 2428 1505 4018 1578">
     <span class='ocr_line' id='line_1_30' title="bbox 2428 1505 4018 1578; baseline 0.004 -19"><span class='ocrx_word' id='word_1_192' title='bbox 2428 1525 2624 1559; x_wconf 87' lang='grc' dir='ltr'>νουσαν</span> <span class='ocrx_word' id='word_1_193' title='bbox 2682 1507 2912 1576; x_wconf 80' lang='grc' dir='ltr'>ἐξαλμα,</span> <span class='ocrx_word' id='word_1_194' title='bbox 2937 1510 3081 1578; x_wconf 81' lang='grc' dir='ltr'>φυγῇ</span> <span class='ocrx_word' id='word_1_195' title='bbox 3118 1507 3403 1576; x_wconf 82' lang='grc' dir='ltr'>φύγωμεν,</span> <span class='ocrx_word' id='word_1_196' title='bbox 3457 1509 3669 1576; x_wconf 88' lang='grc' dir='ltr'>μήποτε</span> <span class='ocrx_word' id='word_1_197' title='bbox 3706 1509 3773 1576; x_wconf 83' lang='grc' dir='ltr'>τῇ</span> <span class='ocrx_word' id='word_1_198' title='bbox 3804 1505 4018 1573; x_wconf 81' lang='grc' dir='ltr'>ταύτης</span> 
     </span>
    </p>
   </div>
   <div class='ocr_carea' id='block_1_31' title="bbox 2430 1600 4017 1675">
    <p class='ocr_par' dir='ltr' id='par_1_31' title="bbox 2430 1600 4017 1675">
     <span class='ocr_line' id='line_1_31' title="bbox 2430 1600 4017 1675; baseline -0.004 -17"><span class='ocrx_word' id='word_1_199' title='bbox 2430 1605 2859 1675; x_wconf 81' lang='grc' dir='ltr'>ἐξαναλωθῶμεν</span> <span class='ocrx_word' id='word_1_200' title='bbox 2917 1603 3097 1672; x_wconf 81' lang='grc' dir='ltr'>φλογί,</span> <span class='ocrx_word' id='word_1_201' title='bbox 3155 1604 3541 1672; x_wconf 79' lang='grc' dir='ltr'>Ἀναλάὅωμεν</span> <span class='ocrx_word' id='word_1_202' title='bbox 3593 1603 3648 1655; x_wconf 83' lang='grc' dir='ltr'>δὲ</span> <span class='ocrx_word' id='word_1_203' title='bbox 3697 1600 4017 1670; x_wconf 69' lang='grc' dir='ltr'>πραΰτητα,</span> 
     </span>
    </p>
   </div>
   <div class='ocr_carea' id='block_1_32' title="bbox 2431 1688 4019 1767">
    <p class='ocr_par' dir='ltr' id='par_1_32' title="bbox 2431 1688 4019 1767">
     <span class='ocr_line' id='line_1_32' title="bbox 2431 1688 4019 1767; baseline -0.006 -17"><span class='ocrx_word' id='word_1_204' title='bbox 2431 1698 2759 1758; x_wconf 86' lang='grc' dir='ltr'>ἐπιείκειαν,</span> <span class='ocrx_word' id='word_1_205' title='bbox 2785 1696 3192 1767; x_wconf 80' lang='grc' dir='ltr'><strong>μακροθυμίαν.</strong></span> <span class='ocrx_word' id='word_1_206' title='bbox 3222 1694 3405 1748; x_wconf 80' lang='grc' dir='ltr'>Ταῦτα</span> <span class='ocrx_word' id='word_1_207' title='bbox 3434 1696 3543 1763; x_wconf 88' lang='grc' dir='ltr'><strong>γάρ</strong></span> <span class='ocrx_word' id='word_1_208' title='bbox 3576 1693 3673 1762; x_wconf 69' lang='grc' dir='ltr'>τῆς</span> <span class='ocrx_word' id='word_1_209' title='bbox 3702 1691 3796 1744; x_wconf 71' lang='grc' dir='ltr'>τοῦ</span> <span class='ocrx_word' id='word_1_210' title='bbox 3834 1688 4019 1762; x_wconf 74' lang='grc' dir='ltr'><strong>ἰησοῦ</strong></span> 
     </span>
    </p>
   </div>
   <div class='ocr_carea' id='block_1_33' title="bbox 2431 1781 4020 1861">
    <p class='ocr_par' dir='ltr' id='par_1_33' title="bbox 2431 1781 4020 1861">
     <span class='ocr_line' id='line_1_33' title="bbox 2431 1781 4020 1861; baseline -0.008 -16"><span class='ocrx_word' id='word_1_211' title='bbox 2431 1792 2792 1861; x_wconf 77' lang='grc' dir='ltr'>γνωρίσματα</span> <span class='ocrx_word' id='word_1_212' title='bbox 2836 1787 3270 1859; x_wconf 87' lang='grc' dir='ltr'>φιλανθρωπίας,</span> <span class='ocrx_word' id='word_1_213' title='bbox 3326 1785 3419 1838; x_wconf 71' lang='grc' dir='ltr'><strong>καὶ</strong></span> <span class='ocrx_word' id='word_1_214' title='bbox 3449 1784 3624 1839; x_wconf 82' lang='grc' dir='ltr'>ταῦτα</span> <span class='ocrx_word' id='word_1_215' title='bbox 3671 1781 4020 1853; x_wconf 76' lang='grc' dir='ltr'>ὑπερουσίως</span> 
     </span>
    </p>
   </div>
   <div class='ocr_carea' id='block_1_34' title="bbox 754 1862 2340 1967">
    <p class='ocr_par' dir='ltr' id='par_1_34' title="bbox 754 1877 2326 1967">
     <span class='ocr_line' id='line_1_34' title="bbox 754 1877 2326 1967; baseline -0.015 -17"><span class='ocrx_word' id='word_1_216' title='bbox 754 1914 859 1967; x_wconf 87' lang='lat' dir='ltr'><strong>que</strong></span> <span class='ocrx_word' id='word_1_217' title='bbox 890 1893 1150 1947; x_wconf 82' lang='lat' dir='ltr'><strong>charitas.</strong></span> <span class='ocrx_word' id='word_1_218' title='bbox 1184 1888 1472 1941; x_wconf 66' lang='lat' dir='ltr'><strong>Man-orem</strong></span> <span class='ocrx_word' id='word_1_219' title='bbox 1514 1894 1694 1937; x_wconf 80' lang='lat' dir='ltr'><strong>autem</strong></span> <span class='ocrx_word' id='word_1_220' title='bbox 1734 1890 1785 1935; x_wconf 78' lang='lat' dir='ltr'><strong>et</strong></span> <span class='ocrx_word' id='word_1_221' title='bbox 1812 1880 2049 1933; x_wconf 82' lang='lat' dir='ltr'><strong>acediam</strong></span> <span class='ocrx_word' id='word_1_222' title='bbox 2095 1877 2326 1930; x_wconf 90' lang='lat' dir='ltr'><strong>deteste-</strong></span> 
     </span>
    </p>
   </div>
   <div class='ocr_carea' id='block_1_35' title="bbox 2442 1862 4023 1967">
    <p class='ocr_par' dir='ltr' id='par_1_35' title="bbox 2442 1872 4023 1948">
     <span class='ocr_line' id='line_1_35' title="bbox 2442 1872 4023 1948; baseline -0.008 -11"><span class='ocrx_word' id='word_1_223' title='bbox 2442 1886 2642 1943; x_wconf 62' lang='grc' dir='ltr'>ἐκεῖνος</span> <span class='ocrx_word' id='word_1_224' title='bbox 2675 1872 2773 1942; x_wconf 80' lang='grc' dir='ltr'><strong>ῶν,</strong></span> <span class='ocrx_word' id='word_1_225' title='bbox 2803 1880 2979 1933; x_wconf 79' lang='grc' dir='ltr'>ταῦτα</span> <span class='ocrx_word' id='word_1_226' title='bbox 3012 1878 3320 1948; x_wconf 87' lang='grc' dir='ltr'>νομοθετεῖ.</span> <span class='ocrx_word' id='word_1_227' title='bbox 3347 1877 3541 1946; x_wconf 76' lang='grc' dir='ltr'>Σχεδὸν</span> <span class='ocrx_word' id='word_1_228' title='bbox 3571 1876 3680 1946; x_wconf 86' lang='grc' dir='ltr'><strong>γάρ</strong></span> <span class='ocrx_word' id='word_1_229' title='bbox 3710 1875 3768 1928; x_wconf 88' lang='grc' dir='ltr'><strong>αί</strong></span> <span class='ocrx_word' id='word_1_230' title='bbox 3799 1872 4023 1927; x_wconf 76' lang='grc' dir='ltr'>ἐντολαὶ</span> 
     </span>
    </p>
   </div>
   <div class='ocr_carea' id='block_1_36' title="bbox 755 1968 2326 2051">
    <p class='ocr_par' dir='ltr' id='par_1_36' title="bbox 755 1968 2326 2051">
     <span class='ocr_line' id='line_1_36' title="bbox 755 1968 2326 2051; baseline -0.013 -11"><span class='ocrx_word' id='word_1_231' title='bbox 755 2003 899 2049; x_wconf 90' lang='lat' dir='ltr'><strong>mur,</strong></span> <span class='ocrx_word' id='word_1_232' title='bbox 937 1996 991 2036; x_wconf 92' lang='grc' dir='ltr'><strong>ιιι</strong></span> <span class='ocrx_word' id='word_1_233' title='bbox 1032 1997 1151 2051; x_wconf 64' lang='lat' dir='ltr'><strong>qua}</strong></span> <span class='ocrx_word' id='word_1_234' title='bbox 1178 1982 1318 2032; x_wconf 87' lang='lat' dir='ltr'><strong>viam</strong></span> <span class='ocrx_word' id='word_1_235' title='bbox 1354 1976 1580 2047; x_wconf 85' lang='lat' dir='ltr'><strong>paliuris</strong></span> <span class='ocrx_word' id='word_1_236' title='bbox 1620 1972 1912 2041; x_wconf 85' lang='lat' dir='ltr'><strong>obsepiaut</strong></span> <span class='ocrx_word' id='word_1_237' title='bbox 1940 1968 2326 2037; x_wconf 83' lang='lat' dir='ltr'><strong>claudantque.</strong></span> 
     </span>
    </p>
   </div>
   <div class='ocr_carea' id='block_1_37' title="bbox 758 2058 2329 2147">
    <p class='ocr_par' dir='ltr' id='par_1_37' title="bbox 758 2058 2329 2147">
     <span class='ocr_line' id='line_1_37' title="bbox 758 2058 2329 2147; baseline -0.014 -14"><span class='ocrx_word' id='word_1_238' title='bbox 758 2078 1093 2147; x_wconf 66' lang='lat' dir='ltr'><strong>Alvjieiamus</strong></span> <span class='ocrx_word' id='word_1_239' title='bbox 1140 2085 1431 2126; x_wconf 61' lang='lat' dir='ltr'><strong>manerem</strong></span> <span class='ocrx_word' id='word_1_240' title='bbox 1468 2068 1559 2134; x_wconf 90' lang='lat' dir='ltr'><strong>qui</strong></span> <span class='ocrx_word' id='word_1_241' title='bbox 1604 2066 1661 2117; x_wconf 93' lang='lat' dir='ltr'><strong>fit</strong></span> <span class='ocrx_word' id='word_1_242' title='bbox 1698 2075 1917 2133; x_wconf 80' lang='lat' dir='ltr'><strong>preptor</strong></span> <span class='ocrx_word' id='word_1_243' title='bbox 1944 2075 2128 2116; x_wconf 86' lang='lat' dir='ltr'><strong>rerum</strong></span> <span class='ocrx_word' id='word_1_244' title='bbox 2160 2058 2329 2112; x_wconf 77' lang='lat' dir='ltr'><strong>fluxa-</strong></span> 
     </span>
    </p>
   </div>
   <div class='ocr_carea' id='block_1_38' title="bbox 757 2152 2331 2234">
    <p class='ocr_par' dir='ltr' id='par_1_38' title="bbox 757 2152 2331 2234">
     <span class='ocr_line' id='line_1_38' title="bbox 757 2152 2331 2234; baseline -0.015 -8"><span class='ocrx_word' id='word_1_245' title='bbox 757 2188 877 2226; x_wconf 80' lang='lat' dir='ltr'><strong>ruin</strong></span> <span class='ocrx_word' id='word_1_246' title='bbox 915 2184 1019 2222; x_wconf 91' lang='lat' dir='ltr'><strong>non</strong></span> <span class='ocrx_word' id='word_1_247' title='bbox 1058 2163 1446 2234; x_wconf 84' lang='lat' dir='ltr'><strong>acquisitarum</strong></span> <span class='ocrx_word' id='word_1_248' title='bbox 1477 2158 1774 2220; x_wconf 72' lang='lat' dir='ltr'><strong>defectum,</strong></span> <span class='ocrx_word' id='word_1_249' title='bbox 1817 2154 1909 2224; x_wconf 91' lang='lat' dir='ltr'><strong>qui</strong></span> <span class='ocrx_word' id='word_1_250' title='bbox 1942 2152 2135 2223; x_wconf 85' lang='lat' dir='ltr'><strong>premit</strong></span> <span class='ocrx_word' id='word_1_251' title='bbox 2177 2166 2331 2203; x_wconf 89' lang='lat' dir='ltr'><strong>men-</strong></span> 
     </span>
    </p>
   </div>
   <div class='ocr_carea' id='block_1_39' title="bbox 757 2240 2330 2322">
    <p class='ocr_par' dir='ltr' id='par_1_39' title="bbox 757 2240 2330 2322">
     <span class='ocr_line' id='line_1_39' title="bbox 757 2240 2330 2322; baseline -0.014 -8"><span class='ocrx_word' id='word_1_252' title='bbox 757 2273 890 2322; x_wconf 92' lang='lat' dir='ltr'><strong>tem,</strong></span> <span class='ocrx_word' id='word_1_253' title='bbox 923 2267 975 2312; x_wconf 84' lang='lat' dir='ltr'><strong>et</strong></span> <span class='ocrx_word' id='word_1_254' title='bbox 1023 2256 1129 2310; x_wconf 89' lang='lat' dir='ltr'><strong>urit</strong></span> <span class='ocrx_word' id='word_1_255' title='bbox 1161 2254 1426 2316; x_wconf 86' lang='lat' dir='ltr'><strong>animum,</strong></span> <span class='ocrx_word' id='word_1_256' title='bbox 1468 2249 1713 2313; x_wconf 70' lang='lat' dir='ltr'><strong>adempte.</strong></span> <span class='ocrx_word' id='word_1_257' title='bbox 1766 2247 1980 2298; x_wconf 76' lang='lat' dir='ltr'><strong>direxat</strong></span> <span class='ocrx_word' id='word_1_258' title='bbox 2034 2253 2086 2297; x_wconf 91' lang='lat' dir='ltr'><strong>et</strong></span> <span class='ocrx_word' id='word_1_259' title='bbox 2123 2240 2330 2311; x_wconf 76' lang='lat' dir='ltr'><strong>aiiligit,</strong></span> 
     </span>
    </p>
   </div>
   <div class='ocr_carea' id='block_1_40' title="bbox 758 2333 2331 2417">
    <p class='ocr_par' dir='ltr' id='par_1_40' title="bbox 758 2333 2331 2417">
     <span class='ocr_line' id='line_1_40' title="bbox 758 2333 2331 2417; baseline -0.013 -10"><span class='ocrx_word' id='word_1_260' title='bbox 758 2360 819 2407; x_wconf 88' lang='lat' dir='ltr'><strong>ut</strong></span> <span class='ocrx_word' id='word_1_261' title='bbox 853 2368 959 2405; x_wconf 90' lang='lat' dir='ltr'><strong>non</strong></span> <span class='ocrx_word' id='word_1_262' title='bbox 1012 2346 1179 2417; x_wconf 75' lang='lat' dir='ltr'><strong>possit</strong></span> <span class='ocrx_word' id='word_1_263' title='bbox 1231 2347 1282 2398; x_wconf 88' lang='lat' dir='ltr'><strong>iu</strong></span> <span class='ocrx_word' id='word_1_264' title='bbox 1314 2344 1514 2399; x_wconf 73' lang='grc' dir='ltr'><strong>εἰιιοιτὶ</strong></span> <span class='ocrx_word' id='word_1_265' title='bbox 1551 2338 1731 2409; x_wconf 80' lang='lat' dir='ltr'><strong>gaudii</strong></span> <span class='ocrx_word' id='word_1_266' title='bbox 1767 2337 2075 2405; x_wconf 85' lang='lat' dir='ltr'><strong>largitorem</strong></span> <span class='ocrx_word' id='word_1_267' title='bbox 2112 2333 2331 2397; x_wconf 89' lang='lat' dir='ltr'><strong>intueri,</strong></span> 
     </span>
    </p>
   </div>
   <div class='ocr_carea' id='block_1_41' title="bbox 760 2425 2334 2510">
    <p class='ocr_par' dir='ltr' id='par_1_41' title="bbox 760 2425 2334 2510">
     <span class='ocr_line' id='line_1_41' title="bbox 760 2425 2334 2510; baseline -0.014 -11"><span class='ocrx_word' id='word_1_268' title='bbox 760 2444 827 2500; x_wconf 74' lang='lat' dir='ltr'><strong>ad</strong></span> <span class='ocrx_word' id='word_1_269' title='bbox 864 2444 1153 2510; x_wconf 83' lang='lat' dir='ltr'><strong>ipsumque</strong></span> <span class='ocrx_word' id='word_1_270' title='bbox 1181 2439 1233 2491; x_wconf 91' lang='lat' dir='ltr'><strong>iu</strong></span> <span class='ocrx_word' id='word_1_271' title='bbox 1266 2435 1504 2505; x_wconf 81' lang='lat' dir='ltr'><strong>Spiritus</strong></span> <span class='ocrx_word' id='word_1_272' title='bbox 1530 2430 1703 2487; x_wconf 86' lang='lat' dir='ltr'><strong>sancti</strong></span> <span class='ocrx_word' id='word_1_273' title='bbox 1739 2429 1933 2498; x_wconf 80' lang='lat' dir='ltr'><strong>gaudio</strong></span> <span class='ocrx_word' id='word_1_274' title='bbox 1964 2427 2201 2481; x_wconf 87' lang='lat' dir='ltr'><strong>evolare.</strong></span> <span class='ocrx_word' id='word_1_275' title='bbox 2227 2425 2334 2478; x_wconf 74' lang='lat' dir='ltr'><strong>Ah-</strong></span> 
     </span>
    </p>
   </div>
   <div class='ocr_carea' id='block_1_42' title="bbox 762 2516 2335 2602">
    <p class='ocr_par' dir='ltr' id='par_1_42' title="bbox 762 2516 2335 2602">
     <span class='ocr_line' id='line_1_42' title="bbox 762 2516 2335 2602; baseline -0.013 -15"><span class='ocrx_word' id='word_1_276' title='bbox 762 2533 1022 2602; x_wconf 84' lang='lat' dir='ltr'><strong>jiciamus</strong></span> <span class='ocrx_word' id='word_1_277' title='bbox 1054 2528 1297 2588; x_wconf 74' lang='lat' dir='ltr'><strong>tzedium,</strong></span> <span class='ocrx_word' id='word_1_278' title='bbox 1332 2524 1477 2577; x_wconf 67' lang='lat' dir='ltr'><strong>velut</strong></span> <span class='ocrx_word' id='word_1_279' title='bbox 1508 2521 1656 2591; x_wconf 86' lang='lat' dir='ltr'><strong>pravi</strong></span> <span class='ocrx_word' id='word_1_280' title='bbox 1683 2521 1931 2574; x_wconf 68' lang='lat' dir='ltr'><strong>mmroris</strong></span> <span class='ocrx_word' id='word_1_281' title='bbox 1960 2517 2148 2582; x_wconf 91' lang='lat' dir='ltr'><strong>fetum,</strong></span> <span class='ocrx_word' id='word_1_282' title='bbox 2178 2516 2335 2584; x_wconf 81' lang='lat' dir='ltr'><strong>igna-</strong></span> 
     </span>
    </p>
   </div>
   <div class='ocr_carea' id='block_1_43' title="bbox 761 2607 2334 2690">
    <p class='ocr_par' dir='ltr' id='par_1_43' title="bbox 761 2607 2334 2690">
     <span class='ocr_line' id='line_1_43' title="bbox 761 2607 2334 2690; baseline -0.013 -13"><span class='ocrx_word' id='word_1_283' title='bbox 761 2625 863 2676; x_wconf 75' lang='lat' dir='ltr'><strong>viae</strong></span> <span class='ocrx_word' id='word_1_284' title='bbox 922 2628 1227 2690; x_wconf 88' lang='lat' dir='ltr'><strong>parentem,</strong></span> <span class='ocrx_word' id='word_1_285' title='bbox 1264 2626 1317 2670; x_wconf 90' lang='lat' dir='ltr'><strong>et</strong></span> <span class='ocrx_word' id='word_1_286' title='bbox 1376 2617 1587 2669; x_wconf 92' lang='lat' dir='ltr'><strong>socium</strong></span> <span class='ocrx_word' id='word_1_287' title='bbox 1621 2610 2040 2681; x_wconf 88' lang='lat' dir='ltr'><strong>desperationis,</strong></span> <span class='ocrx_word' id='word_1_288' title='bbox 2072 2607 2334 2668; x_wconf 89' lang='lat' dir='ltr'><strong>solutum,</strong></span> 
     </span>
    </p>
   </div>
   <div class='ocr_carea' id='block_1_44' title="bbox 760 2705 2337 2778">
    <p class='ocr_par' dir='ltr' id='par_1_44' title="bbox 760 2705 2337 2778">
     <span class='ocr_line' id='line_1_44' title="bbox 760 2705 2337 2778; baseline -0.011 -7"><span class='ocrx_word' id='word_1_289' title='bbox 760 2716 1077 2772; x_wconf 83' lang='lat' dir='ltr'><strong>remissum,</strong></span> <span class='ocrx_word' id='word_1_290' title='bbox 1116 2720 1280 2778; x_wconf 90' lang='lat' dir='ltr'><strong>atque</strong></span> <span class='ocrx_word' id='word_1_291' title='bbox 1333 2707 1402 2761; x_wconf 89' lang='lat' dir='ltr'><strong>ad</strong></span> <span class='ocrx_word' id='word_1_292' title='bbox 1449 2706 1633 2760; x_wconf 88' lang='lat' dir='ltr'><strong>omnia</strong></span> <span class='ocrx_word' id='word_1_293' title='bbox 1689 2705 1870 2757; x_wconf 85' lang='lat' dir='ltr'><strong>divina</strong></span> <span class='ocrx_word' id='word_1_294' title='bbox 1912 2709 2175 2771; x_wconf 61' lang='lat' dir='ltr'><strong>pracepta</strong></span> <span class='ocrx_word' id='word_1_295' title='bbox 2206 2715 2337 2770; x_wconf 78' lang='lat' dir='ltr'><strong>0pc-</strong></span> 
     </span>
    </p>
   </div>
   <div class='ocr_carea' id='block_1_45' title="bbox 762 2790 2339 2873">
    <p class='ocr_par' dir='ltr' id='par_1_45' title="bbox 762 2790 2339 2873">
     <span class='ocr_line' id='line_1_45' title="bbox 762 2790 2339 2873; baseline -0.011 -13"><span class='ocrx_word' id='word_1_296' title='bbox 762 2820 932 2873; x_wconf 89' lang='lat' dir='ltr'><strong>raque</strong></span> <span class='ocrx_word' id='word_1_297' title='bbox 968 2804 1107 2857; x_wconf 87' lang='lat' dir='ltr'><strong>bona</strong></span> <span class='ocrx_word' id='word_1_298' title='bbox 1144 2800 1326 2853; x_wconf 89' lang='lat' dir='ltr'><strong>minus</strong></span> <span class='ocrx_word' id='word_1_299' title='bbox 1370 2799 1645 2850; x_wconf 85' lang='lat' dir='ltr'><strong>idoneum.</strong></span> <span class='ocrx_word' id='word_1_300' title='bbox 1677 2792 1789 2849; x_wconf 92' lang='lat' dir='ltr'><strong>lmo</strong></span> <span class='ocrx_word' id='word_1_301' title='bbox 1823 2807 1952 2847; x_wconf 91' lang='lat' dir='ltr'><strong>vero</strong></span> <span class='ocrx_word' id='word_1_302' title='bbox 1982 2791 2125 2846; x_wconf 85' lang='lat' dir='ltr'><strong>illam</strong></span> <span class='ocrx_word' id='word_1_303' title='bbox 2164 2790 2339 2861; x_wconf 67' lang='lat' dir='ltr'><strong>paeni-</strong></span> 
     </span>
    </p>
   </div>
   <div class='ocr_carea' id='block_1_46' title="bbox 764 2883 2341 2958">
    <p class='ocr_par' dir='ltr' id='par_1_46' title="bbox 764 2883 2341 2958">
     <span class='ocr_line' id='line_1_46' title="bbox 764 2883 2341 2958; baseline -0.011 -6"><span class='ocrx_word' id='word_1_304' title='bbox 764 2896 951 2952; x_wconf 64' lang='lat' dir='ltr'><strong>tentia:</strong></span> <span class='ocrx_word' id='word_1_305' title='bbox 983 2902 1211 2947; x_wconf 89' lang='lat' dir='ltr'><strong>matrem</strong></span> <span class='ocrx_word' id='word_1_306' title='bbox 1249 2904 1369 2958; x_wconf 73' lang='lat' dir='ltr'><strong>qua:</strong></span> <span class='ocrx_word' id='word_1_307' title='bbox 1400 2889 1509 2942; x_wconf 84' lang='lat' dir='ltr'><strong>Deo</strong></span> <span class='ocrx_word' id='word_1_308' title='bbox 1550 2887 1747 2956; x_wconf 84' lang='lat' dir='ltr'><strong>placet,</strong></span> <span class='ocrx_word' id='word_1_309' title='bbox 1808 2884 2088 2937; x_wconf 88' lang='lat' dir='ltr'><strong>tristitiam</strong></span> <span class='ocrx_word' id='word_1_310' title='bbox 2143 2883 2341 2935; x_wconf 90' lang='lat' dir='ltr'><strong>indua-</strong></span> 
     </span>
    </p>
   </div>
   <div class='ocr_carea' id='block_1_47' title="bbox 765 2974 2340 3056">
    <p class='ocr_par' dir='ltr' id='par_1_47' title="bbox 765 2974 2340 3056">
     <span class='ocr_line' id='line_1_47' title="bbox 765 2974 2340 3056; baseline -0.01 -12"><span class='ocrx_word' id='word_1_311' title='bbox 765 3004 932 3051; x_wconf 89' lang='lat' dir='ltr'><strong>mus,</strong></span> <span class='ocrx_word' id='word_1_312' title='bbox 991 2988 1205 3056; x_wconf 86' lang='lat' dir='ltr'><strong>plenam</strong></span> <span class='ocrx_word' id='word_1_313' title='bbox 1255 2980 1715 3050; x_wconf 84' lang='lat' dir='ltr'><strong>compunctionis,</strong></span> <span class='ocrx_word' id='word_1_314' title='bbox 1769 2978 2090 3046; x_wconf 71' lang='lat' dir='ltr'><strong>cmlestique</strong></span> <span class='ocrx_word' id='word_1_315' title='bbox 2142 2974 2340 3045; x_wconf 84' lang='lat' dir='ltr'><strong>gaudio</strong></span> 
     </span>
    </p>
   </div>
   <div class='ocr_carea' id='block_1_48' title="bbox 765 3068 2341 3139">
    <p class='ocr_par' dir='ltr' id='par_1_48' title="bbox 765 3068 2341 3139">
     <span class='ocr_line' id='line_1_48' title="bbox 765 3068 2341 3139; baseline -0.01 -4"><span class='ocrx_word' id='word_1_316' title='bbox 765 3082 1083 3135; x_wconf 75' lang='lat' dir='ltr'><strong>delibutum.</strong></span> <span class='ocrx_word' id='word_1_317' title='bbox 1114 3076 1407 3129; x_wconf 89' lang='lat' dir='ltr'><strong>luduamus</strong></span> <span class='ocrx_word' id='word_1_318' title='bbox 1437 3073 1791 3133; x_wconf 88' lang='lat' dir='ltr'><strong>alacritatem,</strong></span> <span class='ocrx_word' id='word_1_319' title='bbox 1817 3068 2175 3139; x_wconf 81' lang='lat' dir='ltr'><strong>diligentiam,</strong></span> <span class='ocrx_word' id='word_1_320' title='bbox 2221 3082 2341 3121; x_wconf 92' lang='lat' dir='ltr'><strong>om-</strong></span> 
     </span>
    </p>
   </div>
   <div class='ocr_carea' id='block_1_49' title="bbox 768 3159 2339 3242">
    <p class='ocr_par' dir='ltr' id='par_1_49' title="bbox 768 3159 2339 3242">
     <span class='ocr_line' id='line_1_49' title="bbox 768 3159 2339 3242; baseline -0.009 -15"><span class='ocrx_word' id='word_1_321' title='bbox 768 3188 1004 3242; x_wconf 77' lang='lat' dir='ltr'><strong>nemque</strong></span> <span class='ocrx_word' id='word_1_322' title='bbox 1043 3169 1249 3225; x_wconf 90' lang='lat' dir='ltr'><strong>cultum</strong></span> <span class='ocrx_word' id='word_1_323' title='bbox 1287 3166 1529 3220; x_wconf 86' lang='lat' dir='ltr'><strong>virtutis.</strong></span> <span class='ocrx_word' id='word_1_324' title='bbox 1577 3164 1763 3219; x_wconf 90' lang='lat' dir='ltr'><strong>Simus</strong></span> <span class='ocrx_word' id='word_1_325' title='bbox 1798 3164 1991 3232; x_wconf 86' lang='lat' dir='ltr'><strong>spiritu</strong></span> <span class='ocrx_word' id='word_1_326' title='bbox 2050 3159 2339 3223; x_wconf 78' lang='lat' dir='ltr'><strong>ferventes,</strong></span> 
     </span>
    </p>
   </div>
   <div class='ocr_carea' id='block_1_50' title="bbox 771 3250 2341 3324">
    <p class='ocr_par' dir='ltr' id='par_1_50' title="bbox 771 3250 2341 3324">
     <span class='ocr_line' id='line_1_50' title="bbox 771 3250 2341 3324; baseline -0.012 -1"><span class='ocrx_word' id='word_1_327' title='bbox 771 3268 1003 3322; x_wconf 84' lang='lat' dir='ltr'><strong>Domino</strong></span> <span class='ocrx_word' id='word_1_328' title='bbox 1035 3261 1337 3318; x_wconf 86' lang='lat' dir='ltr'><strong>servientes</strong></span> <span class='ocrx_word' id='word_1_329' title='bbox 1377 3258 1442 3323; x_wconf 81' lang='lat'><strong>&quot;,</strong></span> <span class='ocrx_word' id='word_1_330' title='bbox 1471 3270 1566 3324; x_wconf 87' lang='lat' dir='ltr'><strong>spe</strong></span> <span class='ocrx_word' id='word_1_331' title='bbox 1595 3255 1913 3324; x_wconf 84' lang='lat' dir='ltr'><strong>gaudentes,</strong></span> <span class='ocrx_word' id='word_1_332' title='bbox 1946 3253 1998 3306; x_wconf 92' lang='lat' dir='ltr'><strong>in</strong></span> <span class='ocrx_word' id='word_1_333' title='bbox 2032 3250 2341 3305; x_wconf 89' lang='lat' dir='ltr'><strong>tribulatio-</strong></span> 
     </span>
    </p>
   </div>
   <div class='ocr_carea' id='block_1_51' title="bbox 772 3342 2345 3429">
    <p class='ocr_par' dir='ltr' id='par_1_51' title="bbox 772 3342 2345 3429">
     <span class='ocr_line' id='line_1_51' title="bbox 772 3342 2345 3429; baseline -0.013 -14"><span class='ocrx_word' id='word_1_334' title='bbox 772 3376 842 3417; x_wconf 87' lang='lat' dir='ltr'><strong>ne</strong></span> <span class='ocrx_word' id='word_1_335' title='bbox 874 3358 1165 3429; x_wconf 88' lang='lat' dir='ltr'><strong>patientes,</strong></span> <span class='ocrx_word' id='word_1_336' title='bbox 1195 3354 1248 3407; x_wconf 89' lang='lat' dir='ltr'><strong>in</strong></span> <span class='ocrx_word' id='word_1_337' title='bbox 1289 3352 1539 3405; x_wconf 88' lang='lat' dir='ltr'><strong>oratione</strong></span> <span class='ocrx_word' id='word_1_338' title='bbox 1583 3355 2025 3417; x_wconf 81' lang='lat' dir='ltr'><strong>perseverantes;</strong></span> <span class='ocrx_word' id='word_1_339' title='bbox 2073 3355 2131 3397; x_wconf 92' lang='lat' dir='ltr'><strong>ut</strong></span> <span class='ocrx_word' id='word_1_340' title='bbox 2161 3342 2345 3412; x_wconf 91' lang='lat' dir='ltr'><strong>possi-</strong></span> 
     </span>
    </p>
   </div>
   <div class='ocr_carea' id='block_1_52' title="bbox 771 3436 2345 3510">
    <p class='ocr_par' dir='ltr' id='par_1_52' title="bbox 771 3436 2345 3510">
     <span class='ocr_line' id='line_1_52' title="bbox 771 3436 2345 3510; baseline -0.013 -1"><span class='ocrx_word' id='word_1_341' title='bbox 771 3469 896 3509; x_wconf 89' lang='lat' dir='ltr'><strong>mus</strong></span> <span class='ocrx_word' id='word_1_342' title='bbox 923 3465 1116 3504; x_wconf 86' lang='lat' dir='ltr'><strong>vanam</strong></span> <span class='ocrx_word' id='word_1_343' title='bbox 1139 3453 1548 3500; x_wconf 69' lang='lat' dir='ltr'><strong>etessecratam</strong></span> <span class='ocrx_word' id='word_1_344' title='bbox 1583 3440 1829 3510; x_wconf 81' lang='lat' dir='ltr'><strong>gloriam,</strong></span> <span class='ocrx_word' id='word_1_345' title='bbox 1854 3448 2016 3508; x_wconf 88' lang='lat' dir='ltr'><strong>atque</strong></span> <span class='ocrx_word' id='word_1_346' title='bbox 2040 3439 2140 3491; x_wconf 92' lang='lat' dir='ltr'><strong>hac</strong></span> <span class='ocrx_word' id='word_1_347' title='bbox 2174 3436 2345 3489; x_wconf 89' lang='lat' dir='ltr'><strong>multo</strong></span> 
     </span>
    </p>
   </div>
   <div class='ocr_carea' id='block_1_53' title="bbox 769 3526 2346 3606">
    <p class='ocr_par' dir='ltr' id='par_1_53' title="bbox 769 3526 2346 3606">
     <span class='ocr_line' id='line_1_53' title="bbox 769 3526 2346 3606; baseline -0.015 -5"><span class='ocrx_word' id='word_1_348' title='bbox 769 3545 1095 3601; x_wconf 88' lang='lat' dir='ltr'><strong>deteriorem</strong></span> <span class='ocrx_word' id='word_1_349' title='bbox 1128 3554 1191 3594; x_wconf 86' lang='lat' dir='ltr'><strong>ac</strong></span> <span class='ocrx_word' id='word_1_350' title='bbox 1241 3548 1407 3606; x_wconf 80' lang='lat' dir='ltr'><strong>eaput</strong></span> <span class='ocrx_word' id='word_1_351' title='bbox 1454 3534 1716 3588; x_wconf 87' lang='lat' dir='ltr'><strong>scelerum</strong></span> <span class='ocrx_word' id='word_1_352' title='bbox 1754 3531 2089 3600; x_wconf 86' lang='lat' dir='ltr'><strong>superbiam,</strong></span> <span class='ocrx_word' id='word_1_353' title='bbox 2140 3526 2346 3597; x_wconf 84' lang='lat' dir='ltr'><strong>princi-</strong></span> 
     </span>
    </p>
   </div>
   <div class='ocr_carea' id='block_1_54' title="bbox 758 3622 2342 3708">
    <p class='ocr_par' dir='ltr' id='par_1_54' title="bbox 758 3622 2342 3708">
     <span class='ocr_line' id='line_1_54' title="bbox 758 3622 2342 3708; baseline -0.01 -21"><span class='ocrx_word' id='word_1_354' title='bbox 758 3637 925 3708; x_wconf 73' lang='lat' dir='ltr'><strong>pales</strong></span> <span class='ocrx_word' id='word_1_355' title='bbox 951 3632 1149 3688; x_wconf 89' lang='lat' dir='ltr'><strong>diaboli</strong></span> <span class='ocrx_word' id='word_1_356' title='bbox 1183 3630 1323 3684; x_wconf 88' lang='lat' dir='ltr'><strong>filias</strong></span> <span class='ocrx_word' id='word_1_357' title='bbox 1352 3628 1406 3681; x_wconf 89' lang='lat' dir='ltr'><strong>in</strong></span> <span class='ocrx_word' id='word_1_358' title='bbox 1435 3626 1658 3681; x_wconf 83' lang='lat' dir='ltr'><strong>Christo</strong></span> <span class='ocrx_word' id='word_1_359' title='bbox 1693 3623 1822 3677; x_wconf 81' lang='lat' dir='ltr'><strong>Jesu</strong></span> <span class='ocrx_word' id='word_1_360' title='bbox 1860 3636 2121 3691; x_wconf 89' lang='lat' dir='ltr'><strong>superare</strong></span> <span class='ocrx_word' id='word_1_361' title='bbox 2156 3638 2181 3690; x_wconf 76' lang='grc' dir='ltr'><strong>ι⁸</strong></span> <span class='ocrx_word' id='word_1_362' title='bbox 2212 3622 2342 3672; x_wconf 87' lang='lat' dir='ltr'><strong>dum</strong></span> 
     </span>
    </p>
   </div>
   <div class='ocr_carea' id='block_1_55' title="bbox 770 3720 2346 3798">
    <p class='ocr_par' dir='ltr' id='par_1_55' title="bbox 770 3720 2346 3798">
     <span class='ocr_line' id='line_1_55' title="bbox 770 3720 2346 3798; baseline -0.009 -17"><span class='ocrx_word' id='word_1_363' title='bbox 770 3743 868 3798; x_wconf 77' lang='lat' dir='ltr'><strong>per</strong></span> <span class='ocrx_word' id='word_1_364' title='bbox 884 3739 1151 3781; x_wconf 86' lang='lat' dir='ltr'><strong>summam</strong></span> <span class='ocrx_word' id='word_1_365' title='bbox 1167 3721 1333 3776; x_wconf 85' lang='lat' dir='ltr'><strong>animi</strong></span> <span class='ocrx_word' id='word_1_366' title='bbox 1353 3720 1754 3777; x_wconf 83' lang='lat' dir='ltr'><strong>demissionem,</strong></span> <span class='ocrx_word' id='word_1_367' title='bbox 1785 3724 2057 3768; x_wconf 87' lang='lat' dir='ltr'><strong>versutum</strong></span> <span class='ocrx_word' id='word_1_368' title='bbox 2078 3722 2346 3767; x_wconf 83' lang='lat' dir='ltr'><strong>veterato—</strong></span> 
     </span>
    </p>
   </div>
   <div class='ocr_carea' id='block_1_56' title="bbox 773 3805 2347 3880">
    <p class='ocr_par' dir='ltr' id='par_1_56' title="bbox 773 3805 2347 3880">
     <span class='ocr_line' id='line_1_56' title="bbox 773 3805 2347 3880; baseline -0.011 -6"><span class='ocrx_word' id='word_1_369' title='bbox 773 3837 887 3874; x_wconf 85' lang='lat' dir='ltr'><strong>rem</strong></span> <span class='ocrx_word' id='word_1_370' title='bbox 926 3832 1074 3869; x_wconf 72' lang='lat' dir='ltr'><strong>vanae</strong></span> <span class='ocrx_word' id='word_1_371' title='bbox 1125 3814 1299 3869; x_wconf 81' lang='lat' dir='ltr'><strong>laudis</strong></span> <span class='ocrx_word' id='word_1_372' title='bbox 1330 3810 1673 3880; x_wconf 81' lang='lat' dir='ltr'><strong>cxplodimus</strong></span> <span class='ocrx_word' id='word_1_373' title='bbox 1722 3816 1776 3859; x_wconf 92' lang='lat' dir='ltr'><strong>et</strong></span> <span class='ocrx_word' id='word_1_374' title='bbox 1820 3807 2226 3866; x_wconf 87' lang='lat' dir='ltr'><strong>cunculeaums,</strong></span> <span class='ocrx_word' id='word_1_375' title='bbox 2266 3805 2347 3856; x_wconf 90' lang='lat' dir='ltr'><strong>vi—</strong></span> 
     </span>
    </p>
   </div>
   <div class='ocr_carea' id='block_1_57' title="bbox 775 3895 2349 3975">
    <p class='ocr_par' dir='ltr' id='par_1_57' title="bbox 775 3895 2349 3975">
     <span class='ocr_line' id='line_1_57' title="bbox 775 3895 2349 3975; baseline -0.013 -10"><span class='ocrx_word' id='word_1_376' title='bbox 775 3913 1085 3975; x_wconf 76' lang='lat' dir='ltr'><strong>tioruuzque</strong></span> <span class='ocrx_word' id='word_1_377' title='bbox 1132 3904 1377 3957; x_wconf 89' lang='lat' dir='ltr'><strong>omnium</strong></span> <span class='ocrx_word' id='word_1_378' title='bbox 1434 3900 1673 3969; x_wconf 84' lang='lat' dir='ltr'><strong>reginam</strong></span> <span class='ocrx_word' id='word_1_379' title='bbox 1734 3896 2041 3964; x_wconf 83' lang='lat' dir='ltr'><strong>superbiam</strong></span> <span class='ocrx_word' id='word_1_380' title='bbox 2077 3896 2128 3945; x_wconf 93' lang='lat' dir='ltr'><strong>iu</strong></span> <span class='ocrx_word' id='word_1_381' title='bbox 2163 3895 2264 3946; x_wconf 90' lang='lat' dir='ltr'><strong>fide</strong></span> <span class='ocrx_word' id='word_1_382' title='bbox 2295 3903 2349 3946; x_wconf 91' lang='lat' dir='ltr'><strong>et</strong></span> 
     </span>
    </p>
   </div>
   <div class='ocr_carea' id='block_1_58' title="bbox 772 3984 2349 4065">
    <p class='ocr_par' dir='ltr' id='par_1_58' title="bbox 772 3984 2349 4065">
     <span class='ocr_line' id='line_1_58' title="bbox 772 3984 2349 4065; baseline -0.012 -11"><span class='ocrx_word' id='word_1_383' title='bbox 772 4003 973 4054; x_wconf 87' lang='lat' dir='ltr'><strong>virtute</strong></span> <span class='ocrx_word' id='word_1_384' title='bbox 1016 3998 1104 4049; x_wconf 81' lang='lat' dir='ltr'><strong>Dei</strong></span> <span class='ocrx_word' id='word_1_385' title='bbox 1147 3992 1544 4065; x_wconf 82' lang='lat' dir='ltr'><strong>prosternimus</strong></span> <span class='ocrx_word' id='word_1_386' title='bbox 1607 3988 1968 4053; x_wconf 81' lang='lat' dir='ltr'><strong>elidimusque</strong></span> <span class='ocrx_word' id='word_1_387' title='bbox 2020 4000 2035 4035; x_wconf 92' lang='lat'><strong>:</strong></span> <span class='ocrx_word' id='word_1_388' title='bbox 2072 3993 2235 4051; x_wconf 86' lang='lat' dir='ltr'><strong>atque</strong></span> <span class='ocrx_word' id='word_1_389' title='bbox 2274 3984 2349 4036; x_wconf 89' lang='lat' dir='ltr'><strong>ita</strong></span> 
     </span>
    </p>
   </div>
   <div class='ocr_carea' id='block_1_59' title="bbox 775 4074 2352 4144">
    <p class='ocr_par' dir='ltr' id='par_1_59' title="bbox 775 4074 2352 4144">
     <span class='ocr_line' id='line_1_59' title="bbox 775 4074 2352 4144; baseline -0.011 0"><span class='ocrx_word' id='word_1_390' title='bbox 775 4104 941 4144; x_wconf 83' lang='lat' dir='ltr'><strong>tutam</strong></span> <span class='ocrx_word' id='word_1_391' title='bbox 978 4089 1231 4139; x_wconf 78' lang='lat' dir='ltr'><strong>vitiorum</strong></span> <span class='ocrx_word' id='word_1_392' title='bbox 1284 4083 1450 4135; x_wconf 89' lang='lat' dir='ltr'><strong>animi</strong></span> <span class='ocrx_word' id='word_1_393' title='bbox 1504 4078 1772 4131; x_wconf 80' lang='lat' dir='ltr'><strong>sentinam</strong></span> <span class='ocrx_word' id='word_1_394' title='bbox 1821 4074 2225 4136; x_wconf 78' lang='lat' dir='ltr'><strong>exliaurieutes,</strong></span> <span class='ocrx_word' id='word_1_395' title='bbox 2257 4090 2352 4142; x_wconf 88' lang='lat' dir='ltr'><strong>p0-</strong></span> 
     </span>
    </p>
   </div>
   <div class='ocr_carea' id='block_1_60' title="bbox 774 4169 2350 4239">
    <p class='ocr_par' dir='ltr' id='par_1_60' title="bbox 774 4169 2350 4239">
     <span class='ocr_line' id='line_1_60' title="bbox 774 4169 2350 4239; baseline -0.012 -1"><span class='ocrx_word' id='word_1_396' title='bbox 774 4187 898 4239; x_wconf 86' lang='lat' dir='ltr'><strong>silis</strong></span> <span class='ocrx_word' id='word_1_397' title='bbox 933 4180 1188 4235; x_wconf 83' lang='lat' dir='ltr'><strong>omnibus</strong></span> <span class='ocrx_word' id='word_1_398' title='bbox 1219 4177 1398 4228; x_wconf 73' lang='lat' dir='ltr'><strong>noxiis</strong></span> <span class='ocrx_word' id='word_1_399' title='bbox 1428 4172 1710 4225; x_wconf 75' lang='lat' dir='ltr'><strong>:fl‘eetiluis</strong></span> <span class='ocrx_word' id='word_1_400' title='bbox 1742 4171 1959 4232; x_wconf 91' lang='lat' dir='ltr'><strong>mentis,</strong></span> <span class='ocrx_word' id='word_1_401' title='bbox 1991 4169 2350 4235; x_wconf 87' lang='lat' dir='ltr'><strong>integritatem</strong></span> 
     </span>
    </p>
   </div>
   <div class='ocr_carea' id='block_1_61' title="bbox 778 4260 2353 4333">
    <p class='ocr_par' dir='ltr' id='par_1_61' title="bbox 778 4260 2353 4333">
     <span class='ocr_line' id='line_1_61' title="bbox 778 4260 2353 4333; baseline -0.011 -3"><span class='ocrx_word' id='word_1_402' title='bbox 778 4284 1021 4330; x_wconf 83' lang='lat' dir='ltr'><strong>sanctam</strong></span> <span class='ocrx_word' id='word_1_403' title='bbox 1060 4282 1109 4323; x_wconf 89' lang='lat' dir='ltr'><strong>et</strong></span> <span class='ocrx_word' id='word_1_404' title='bbox 1159 4280 1440 4322; x_wconf 80' lang='lat' dir='ltr'><strong>auctorem</strong></span> <span class='ocrx_word' id='word_1_405' title='bbox 1494 4263 1821 4333; x_wconf 74' lang='lat' dir='ltr'><strong>integritatis</strong></span> <span class='ocrx_word' id='word_1_406' title='bbox 1874 4260 2041 4313; x_wconf 82' lang='lat' dir='ltr'><strong>Deum</strong></span> <span class='ocrx_word' id='word_1_407' title='bbox 2092 4277 2223 4329; x_wconf 87' lang='lat' dir='ltr'><strong>pure</strong></span> <span class='ocrx_word' id='word_1_408' title='bbox 2270 4260 2353 4314; x_wconf 88' lang='lat' dir='ltr'><strong>in-</strong></span> 
     </span>
    </p>
   </div>
   <div class='ocr_carea' id='block_1_62' title="bbox 774 4354 2353 4430">
    <p class='ocr_par' dir='ltr' id='par_1_62' title="bbox 774 4354 2353 4430">
     <span class='ocr_line' id='line_1_62' title="bbox 774 4354 2353 4430; baseline -0.008 -9"><span class='ocrx_word' id='word_1_409' title='bbox 774 4372 1029 4421; x_wconf 72' lang='lat' dir='ltr'><strong>dttt’ntUS.</strong></span> <span class='ocrx_word' id='word_1_410' title='bbox 1078 4364 1279 4430; x_wconf 82' lang='lat' dir='ltr'><strong>Sicque</strong></span> <span class='ocrx_word' id='word_1_411' title='bbox 1340 4360 1491 4412; x_wconf 91' lang='lat' dir='ltr'><strong>omni</strong></span> <span class='ocrx_word' id='word_1_412' title='bbox 1542 4357 1804 4408; x_wconf 85' lang='lat' dir='ltr'><strong>virtutum</strong></span> <span class='ocrx_word' id='word_1_413' title='bbox 1860 4364 2056 4407; x_wconf 85' lang='lat' dir='ltr'><strong>ornatu</strong></span> <span class='ocrx_word' id='word_1_414' title='bbox 2106 4354 2353 4409; x_wconf 78' lang='lat' dir='ltr'><strong>exeultos</strong></span> 
     </span>
    </p>
   </div>
   <div class='ocr_carea' id='block_1_63' title="bbox 773 4447 2354 4521">
    <p class='ocr_par' dir='ltr' id='par_1_63' title="bbox 773 4447 2354 4521">
     <span class='ocr_line' id='line_1_63' title="bbox 773 4447 2354 4521; baseline -0.006 -9"><span class='ocrx_word' id='word_1_415' title='bbox 773 4461 1008 4513; x_wconf 85' lang='lat' dir='ltr'><strong>dilectus</strong></span> <span class='ocrx_word' id='word_1_416' title='bbox 1068 4456 1158 4510; x_wconf 90' lang='lat' dir='ltr'><strong>Dei</strong></span> <span class='ocrx_word' id='word_1_417' title='bbox 1203 4452 1526 4521; x_wconf 78' lang='lat' dir='ltr'><strong>Unigeuitus</strong></span> <span class='ocrx_word' id='word_1_418' title='bbox 1576 4463 1676 4501; x_wconf 90' lang='lat' dir='ltr'><strong>nos</strong></span> <span class='ocrx_word' id='word_1_419' title='bbox 1722 4448 1910 4516; x_wconf 86' lang='lat' dir='ltr'><strong>diliget</strong></span> <span class='ocrx_word' id='word_1_420' title='bbox 1943 4447 2005 4512; x_wconf 84' lang='lat'><strong>&quot;&#39;,</strong></span> <span class='ocrx_word' id='word_1_421' title='bbox 2060 4455 2113 4500; x_wconf 91' lang='lat' dir='ltr'><strong>et</strong></span> <span class='ocrx_word' id='word_1_422' title='bbox 2155 4448 2220 4501; x_wconf 89' lang='lat' dir='ltr'><strong>ad</strong></span> <span class='ocrx_word' id='word_1_423' title='bbox 2256 4464 2354 4502; x_wconf 89' lang='lat' dir='ltr'><strong>nos</strong></span> 
     </span>
    </p>
   </div>
   <div class='ocr_carea' id='block_1_64' title="bbox 2433 1964 4025 2043">
    <p class='ocr_par' dir='ltr' id='par_1_64' title="bbox 2433 1964 4025 2043">
     <span class='ocr_line' id='line_1_64' title="bbox 2433 1964 4025 2043; baseline -0.008 -14"><span class='ocrx_word' id='word_1_424' title='bbox 2433 1977 2606 2029; x_wconf 79' lang='grc' dir='ltr'>πᾶσαι</span> <span class='ocrx_word' id='word_1_425' title='bbox 2624 1972 2715 2026; x_wconf 82' lang='grc' dir='ltr'>τοῦ</span> <span class='ocrx_word' id='word_1_426' title='bbox 2744 1972 3026 2043; x_wconf 82' lang='grc' dir='ltr'>Κυριακοῢ</span> <span class='ocrx_word' id='word_1_427' title='bbox 3053 1971 3343 2041; x_wconf 80' lang='grc' dir='ltr'>στόματος,</span> <span class='ocrx_word' id='word_1_428' title='bbox 3371 1969 3679 2039; x_wconf 75' lang='grc' dir='ltr'>πραΰτητος</span> <span class='ocrx_word' id='word_1_429' title='bbox 3698 1964 4025 2019; x_wconf 82' lang='grc' dir='ltr'>διδασκαλία.</span> 
     </span>
    </p>
   </div>
   <div class='ocr_carea' id='block_1_65' title="bbox 2434 2055 4025 2131">
    <p class='ocr_par' dir='ltr' id='par_1_65' title="bbox 2434 2055 4025 2131">
     <span class='ocr_line' id='line_1_65' title="bbox 2434 2055 4025 2131; baseline -0.008 -11"><span class='ocrx_word' id='word_1_430' title='bbox 2434 2068 2530 2120; x_wconf 75' lang='grc' dir='ltr'><strong>καὶ</strong></span> <span class='ocrx_word' id='word_1_431' title='bbox 2559 2064 2914 2130; x_wconf 72' lang='grc' dir='ltr'>ἀνεξικακίας</span> <span class='ocrx_word' id='word_1_432' title='bbox 2967 2065 3128 2130; x_wconf 74' lang='grc' dir='ltr'>εἰσὶν,</span> <span class='ocrx_word' id='word_1_433' title='bbox 3162 2063 3228 2117; x_wconf 85' lang='grc' dir='ltr'>δι’</span> <span class='ocrx_word' id='word_1_434' title='bbox 3264 2055 3338 2115; x_wconf 76' lang='grc' dir='ltr'><strong>ὧν</strong></span> <span class='ocrx_word' id='word_1_435' title='bbox 3380 2062 3473 2115; x_wconf 77' lang='grc' dir='ltr'><strong>καὶ</strong></span> <span class='ocrx_word' id='word_1_436' title='bbox 3504 2062 3538 2131; x_wconf 77' lang='grc' dir='ltr'>ἡ</span> <span class='ocrx_word' id='word_1_437' title='bbox 3578 2060 3856 2130; x_wconf 83' lang='grc' dir='ltr'>κορυφαία</span> <span class='ocrx_word' id='word_1_438' title='bbox 3904 2056 4025 2109; x_wconf 88' lang='grc' dir='ltr'><strong>τῶν</strong></span> 
     </span>
    </p>
   </div>
   <div class='ocr_carea' id='block_1_66' title="bbox 2433 2150 4025 2231">
    <p class='ocr_par' dir='ltr' id='par_1_66' title="bbox 2433 2150 4025 2231">
     <span class='ocr_line' id='line_1_66' title="bbox 2433 2150 4025 2231; baseline -0.006 -19"><span class='ocrx_word' id='word_1_439' title='bbox 2433 2158 2647 2231; x_wconf 84' lang='grc' dir='ltr'>ἀρετῶν</span> <span class='ocrx_word' id='word_1_440' title='bbox 2683 2158 2875 2228; x_wconf 82' lang='grc' dir='ltr'><strong>ἀγάπη</strong></span> <span class='ocrx_word' id='word_1_441' title='bbox 2910 2156 3226 2210; x_wconf 77' lang='grc' dir='ltr'>συνίσταται</span> <span class='ocrx_word' id='word_1_442' title='bbox 3259 2154 3356 2208; x_wconf 76' lang='grc' dir='ltr'>καὶ</span> <span class='ocrx_word' id='word_1_443' title='bbox 3395 2152 3777 2224; x_wconf 80' lang='grc' dir='ltr'>κατορθοῦται.</span> <span class='ocrx_word' id='word_1_444' title='bbox 3821 2150 4025 2219; x_wconf 85' lang='grc' dir='ltr'>Λύπην</span> 
     </span>
    </p>
   </div>
   <div class='ocr_carea' id='block_1_67' title="bbox 2433 2242 4027 2319">
    <p class='ocr_par' dir='ltr' id='par_1_67' title="bbox 2433 2242 4027 2319">
     <span class='ocr_line' id='line_1_67' title="bbox 2433 2242 4027 2319; baseline -0.008 -14"><span class='ocrx_word' id='word_1_445' title='bbox 2433 2252 2489 2306; x_wconf 80' lang='grc' dir='ltr'>δὲ</span> <span class='ocrx_word' id='word_1_446' title='bbox 2529 2252 2625 2305; x_wconf 73' lang='grc' dir='ltr'><strong>καὶ</strong></span> <span class='ocrx_word' id='word_1_447' title='bbox 2683 2250 2916 2319; x_wconf 84' lang='grc' dir='ltr'>ἀκηδίαν</span> <span class='ocrx_word' id='word_1_448' title='bbox 2976 2246 3398 2319; x_wconf 85' lang='grc' dir='ltr'>ἐκτρεπὼμεθα,</span> <span class='ocrx_word' id='word_1_449' title='bbox 3438 2246 3515 2309; x_wconf 83' lang='grc' dir='ltr'>ὼς</span> <span class='ocrx_word' id='word_1_450' title='bbox 3570 2242 3805 2316; x_wconf 88' lang='grc' dir='ltr'>ἐμπόδιά</span> <span class='ocrx_word' id='word_1_451' title='bbox 3832 2260 3891 2295; x_wconf 88' lang='grc' dir='ltr'><strong>τε</strong></span> <span class='ocrx_word' id='word_1_452' title='bbox 3925 2242 4027 2294; x_wconf 77' lang='grc' dir='ltr'><strong>καὶ</strong></span> 
     </span>
    </p>
   </div>
   <div class='ocr_carea' id='block_1_68' title="bbox 2437 2331 4027 2409">
    <p class='ocr_par' dir='ltr' id='par_1_68' title="bbox 2437 2331 4027 2409">
     <span class='ocr_line' id='line_1_68' title="bbox 2437 2331 4027 2409; baseline -0.009 -13"><span class='ocrx_word' id='word_1_453' title='bbox 2437 2344 2620 2397; x_wconf 89' lang='grc' dir='ltr'>σκῶλα</span> <span class='ocrx_word' id='word_1_454' title='bbox 2663 2340 3022 2403; x_wconf 79' lang='grc' dir='ltr'>καθεστώσας</span> <span class='ocrx_word' id='word_1_455' title='bbox 3060 2340 3158 2409; x_wconf 85' lang='grc' dir='ltr'>τῆς</span> <span class='ocrx_word' id='word_1_456' title='bbox 3191 2337 3335 2392; x_wconf 81' lang='grc' dir='ltr'>ὁδοῦ.</span> <span class='ocrx_word' id='word_1_457' title='bbox 3386 2336 3664 2406; x_wconf 69' lang='grc' dir='ltr'>Ῥίψωμεν</span> <span class='ocrx_word' id='word_1_458' title='bbox 3691 2336 3890 2405; x_wconf 83' lang='grc' dir='ltr'>λύπην,</span> <span class='ocrx_word' id='word_1_459' title='bbox 3920 2331 4027 2403; x_wconf 75' lang='grc' dir='ltr'>τὴν</span> 
     </span>
    </p>
   </div>
   <div class='ocr_carea' id='block_1_69' title="bbox 2436 2427 4027 2507">
    <p class='ocr_par' dir='ltr' id='par_1_69' title="bbox 2436 2427 4027 2507">
     <span class='ocr_line' id='line_1_69' title="bbox 2436 2427 4027 2507; baseline -0.01 -15"><span class='ocrx_word' id='word_1_460' title='bbox 2436 2440 2503 2492; x_wconf 80' lang='grc' dir='ltr'>δι’</span> <span class='ocrx_word' id='word_1_461' title='bbox 2533 2436 2835 2507; x_wconf 78' lang='grc' dir='ltr'>ἀποτυχίαν</span> <span class='ocrx_word' id='word_1_462' title='bbox 2866 2435 2897 2505; x_wconf 76' lang='grc' dir='ltr'>ἢ</span> <span class='ocrx_word' id='word_1_463' title='bbox 2926 2433 3165 2503; x_wconf 75' lang='grc' dir='ltr'><strong>ἔλλειψιν</strong></span> <span class='ocrx_word' id='word_1_464' title='bbox 3196 2429 3399 2502; x_wconf 84' lang='grc' dir='ltr'>γεηροῦ</span> <span class='ocrx_word' id='word_1_465' title='bbox 3451 2430 3777 2499; x_wconf 85' lang='grc' dir='ltr'>πράγματος</span> <span class='ocrx_word' id='word_1_466' title='bbox 3806 2427 4027 2494; x_wconf 82' lang='grc' dir='ltr'>ἐγγινο-</span> 
     </span>
    </p>
   </div>
   <div class='ocr_carea' id='block_1_70' title="bbox 2442 2516 4030 2601">
    <p class='ocr_par' dir='ltr' id='par_1_70' title="bbox 2442 2516 4030 2601">
     <span class='ocr_line' id='line_1_70' title="bbox 2442 2516 4030 2601; baseline -0.011 -17"><span class='ocrx_word' id='word_1_467' title='bbox 2442 2534 2633 2601; x_wconf 79' lang='grc' dir='ltr'>μένην,</span> <span class='ocrx_word' id='word_1_468' title='bbox 2665 2526 3154 2598; x_wconf 79' lang='grc' dir='ltr'>καταϐαρύνουσάν</span> <span class='ocrx_word' id='word_1_469' title='bbox 3179 2541 3239 2577; x_wconf 80' lang='grc' dir='ltr'><strong>τε</strong></span> <span class='ocrx_word' id='word_1_470' title='bbox 3270 2523 3366 2576; x_wconf 80' lang='grc' dir='ltr'><strong>καὶ</strong></span> <span class='ocrx_word' id='word_1_471' title='bbox 3410 2519 3691 2591; x_wconf 85' lang='grc' dir='ltr'>πυροῦσαν</span> <span class='ocrx_word' id='word_1_472' title='bbox 3734 2518 3891 2588; x_wconf 77' lang='grc' dir='ltr'>ἡμῶν</span> <span class='ocrx_word' id='word_1_473' title='bbox 3921 2516 4030 2584; x_wconf 79' lang='grc' dir='ltr'>τὴν</span> 
     </span>
    </p>
   </div>
   <div class='ocr_carea' id='block_1_71' title="bbox 2437 2606 4029 2693">
    <p class='ocr_par' dir='ltr' id='par_1_71' title="bbox 2437 2606 4029 2693">
     <span class='ocr_line' id='line_1_71' title="bbox 2437 2606 4029 2693; baseline -0.012 -16"><span class='ocrx_word' id='word_1_474' title='bbox 2437 2622 2637 2693; x_wconf 80' lang='grc' dir='ltr'>ψυχὴν,</span> <span class='ocrx_word' id='word_1_475' title='bbox 2664 2621 2759 2675; x_wconf 74' lang='grc' dir='ltr'><strong>καὶ</strong></span> <span class='ocrx_word' id='word_1_476' title='bbox 2779 2620 2923 2673; x_wconf 73' lang='grc' dir='ltr'>οὕτω</span> <span class='ocrx_word' id='word_1_477' title='bbox 2955 2616 3205 2687; x_wconf 88' lang='grc' dir='ltr'>σκληρῶς</span> <span class='ocrx_word' id='word_1_478' title='bbox 3233 2613 3587 2667; x_wconf 77' lang='grc' dir='ltr'>ἐκθλίϐουσαν</span> <span class='ocrx_word' id='word_1_479' title='bbox 3614 2612 3708 2664; x_wconf 84' lang='grc' dir='ltr'><strong>καὶ</strong></span> <span class='ocrx_word' id='word_1_480' title='bbox 3730 2606 4029 2669; x_wconf 76' lang='grc' dir='ltr'>ἐκπιέζου-</span> 
     </span>
    </p>
   </div>
   <div class='ocr_carea' id='block_1_72' title="bbox 2442 2698 4029 2783">
    <p class='ocr_par' dir='ltr' id='par_1_72' title="bbox 2442 2698 4029 2783">
     <span class='ocr_line' id='line_1_72' title="bbox 2442 2698 4029 2783; baseline -0.013 -14"><span class='ocrx_word' id='word_1_481' title='bbox 2442 2734 2561 2780; x_wconf 92' lang='grc' dir='ltr'>σαν,</span> <span class='ocrx_word' id='word_1_482' title='bbox 2601 2713 2745 2766; x_wconf 82' lang='grc' dir='ltr'>ὥστε</span> <span class='ocrx_word' id='word_1_483' title='bbox 2782 2713 2859 2783; x_wconf 76' lang='grc' dir='ltr'>μὴ</span> <span class='ocrx_word' id='word_1_484' title='bbox 2885 2709 3147 2764; x_wconf 87' lang='grc' dir='ltr'>δύνασθαι</span> <span class='ocrx_word' id='word_1_485' title='bbox 3181 2709 3317 2779; x_wconf 66' lang='grc' dir='ltr'>πρὸς</span> <span class='ocrx_word' id='word_1_486' title='bbox 3350 2707 3443 2758; x_wconf 75' lang='grc' dir='ltr'>τὸν</span> <span class='ocrx_word' id='word_1_487' title='bbox 3469 2705 3674 2774; x_wconf 82' lang='grc' dir='ltr'>δοτῆρα</span> <span class='ocrx_word' id='word_1_488' title='bbox 3700 2701 3800 2770; x_wconf 79' lang='grc' dir='ltr'><strong>τῆς</strong></span> <span class='ocrx_word' id='word_1_489' title='bbox 3826 2698 4029 2767; x_wconf 83' lang='grc' dir='ltr'>ἀληθι-</span> 
     </span>
    </p>
   </div>
   <div class='ocr_carea' id='block_1_73' title="bbox 2442 2790 4032 2874">
    <p class='ocr_par' dir='ltr' id='par_1_73' title="bbox 2442 2790 4032 2874">
     <span class='ocr_line' id='line_1_73' title="bbox 2442 2790 4032 2874; baseline -0.01 -17"><span class='ocrx_word' id='word_1_490' title='bbox 2442 2805 2538 2874; x_wconf 77' lang='grc' dir='ltr'>νῆς</span> <span class='ocrx_word' id='word_1_491' title='bbox 2573 2802 2817 2857; x_wconf 81' lang='grc' dir='ltr'>ἀτενίσαι</span> <span class='ocrx_word' id='word_1_492' title='bbox 2868 2802 3065 2870; x_wconf 84' lang='grc' dir='ltr'>χαρᾶς,</span> <span class='ocrx_word' id='word_1_493' title='bbox 3102 2799 3197 2852; x_wconf 80' lang='grc' dir='ltr'>καὶ</span> <span class='ocrx_word' id='word_1_494' title='bbox 3227 2797 3364 2867; x_wconf 78' lang='grc' dir='ltr'>πρὸς</span> <span class='ocrx_word' id='word_1_495' title='bbox 3412 2794 3576 2849; x_wconf 80' lang='grc' dir='ltr'>αὐτὸν</span> <span class='ocrx_word' id='word_1_496' title='bbox 3613 2796 3670 2846; x_wconf 88' lang='grc' dir='ltr'><strong>ἐν</strong></span> <span class='ocrx_word' id='word_1_497' title='bbox 3700 2790 4032 2860; x_wconf 78' lang='grc' dir='ltr'><strong>ἀγαλλιάσει</strong></span> 
     </span>
    </p>
   </div>
   <div class='ocr_carea' id='block_1_74' title="bbox 2443 2880 4033 2963">
    <p class='ocr_par' dir='ltr' id='par_1_74' title="bbox 2443 2880 4033 2963">
     <span class='ocr_line' id='line_1_74' title="bbox 2443 2880 4033 2963; baseline -0.011 -14"><span class='ocrx_word' id='word_1_498' title='bbox 2443 2895 2761 2963; x_wconf 87' lang='grc' dir='ltr'>Πνεύματος</span> <span class='ocrx_word' id='word_1_499' title='bbox 2811 2892 2975 2961; x_wconf 84' lang='grc' dir='ltr'>ἁγίου</span> <span class='ocrx_word' id='word_1_500' title='bbox 3012 2891 3263 2962; x_wconf 84' lang='grc' dir='ltr'>δραμεῖν.</span> <span class='ocrx_word' id='word_1_501' title='bbox 3318 2887 3593 2957; x_wconf 81' lang='grc' dir='ltr'>Ῥίψωμεν</span> <span class='ocrx_word' id='word_1_502' title='bbox 3648 2882 3876 2954; x_wconf 86' lang='grc' dir='ltr'>ἀκηδίαν</span> <span class='ocrx_word' id='word_1_503' title='bbox 3924 2880 4033 2945; x_wconf 80' lang='grc' dir='ltr'>τῆς</span> 
     </span>
    </p>
   </div>
   <div class='ocr_carea' id='block_1_75' title="bbox 2444 2975 4035 3055">
    <p class='ocr_par' dir='ltr' id='par_1_75' title="bbox 2444 2975 4035 3055">
     <span class='ocr_line' id='line_1_75' title="bbox 2444 2975 4035 3055; baseline -0.01 -16"><span class='ocrx_word' id='word_1_504' title='bbox 2444 2986 2627 3055; x_wconf 71' lang='grc' dir='ltr'>κακῆς</span> <span class='ocrx_word' id='word_1_505' title='bbox 2660 2986 2835 3054; x_wconf 83' lang='grc' dir='ltr'>λύπης</span> <span class='ocrx_word' id='word_1_506' title='bbox 2878 2985 3122 3051; x_wconf 73' lang='grc' dir='ltr'>ἐγγονον,</span> <span class='ocrx_word' id='word_1_507' title='bbox 3185 2979 3285 3050; x_wconf 80' lang='grc' dir='ltr'>τὴν</span> <span class='ocrx_word' id='word_1_508' title='bbox 3341 2978 3612 3050; x_wconf 78' lang='grc' dir='ltr'>ῥᾳθυμίας</span> <span class='ocrx_word' id='word_1_509' title='bbox 3650 2976 3884 3046; x_wconf 88' lang='grc' dir='ltr'>μητέρα,</span> <span class='ocrx_word' id='word_1_510' title='bbox 3921 2975 4035 3042; x_wconf 74' lang='grc' dir='ltr'><strong>τὴν</strong></span> 
     </span>
    </p>
   </div>
   <div class='ocr_carea' id='block_1_76' title="bbox 2445 3068 4029 3145">
    <p class='ocr_par' dir='ltr' id='par_1_76' title="bbox 2445 3068 4029 3145">
     <span class='ocr_line' id='line_1_76' title="bbox 2445 3068 4029 3145; baseline -0.011 -12"><span class='ocrx_word' id='word_1_511' title='bbox 2445 3076 2812 3145; x_wconf 80' lang='grc' dir='ltr'>ἀπογνώσεως</span> <span class='ocrx_word' id='word_1_512' title='bbox 2839 3075 3022 3144; x_wconf 77' lang='grc' dir='ltr'>φίλην,</span> <span class='ocrx_word' id='word_1_513' title='bbox 3058 3074 3156 3143; x_wconf 78' lang='grc' dir='ltr'>τὴν</span> <span class='ocrx_word' id='word_1_514' title='bbox 3183 3072 3580 3141; x_wconf 86' lang='grc' dir='ltr'>ἐκλελυμένην,</span> <span class='ocrx_word' id='word_1_515' title='bbox 3630 3069 3730 3139; x_wconf 81' lang='grc' dir='ltr'><strong>τὴν</strong></span> <span class='ocrx_word' id='word_1_516' title='bbox 3759 3068 4029 3136; x_wconf 75' lang='grc' dir='ltr'>πάρετον,</span> 
     </span>
    </p>
   </div>
   <div class='ocr_carea' id='block_1_77' title="bbox 2447 3158 4037 3240">
    <p class='ocr_par' dir='ltr' id='par_1_77' title="bbox 2447 3158 4037 3240">
     <span class='ocr_line' id='line_1_77' title="bbox 2447 3158 4037 3240; baseline -0.01 -16"><span class='ocrx_word' id='word_1_517' title='bbox 2447 3170 2702 3240; x_wconf 70' lang='grc' dir='ltr'>καὶπρὸς</span> <span class='ocrx_word' id='word_1_518' title='bbox 2745 3170 2925 3221; x_wconf 81' lang='grc' dir='ltr'>πᾶσαν</span> <span class='ocrx_word' id='word_1_519' title='bbox 2966 3166 3184 3234; x_wconf 80' lang='grc' dir='ltr'>ἐντολὴν</span> <span class='ocrx_word' id='word_1_520' title='bbox 3213 3163 3386 3226; x_wconf 85' lang='grc' dir='ltr'>θείαν,</span> <span class='ocrx_word' id='word_1_521' title='bbox 3425 3163 3518 3215; x_wconf 78' lang='grc' dir='ltr'>καὶ</span> <span class='ocrx_word' id='word_1_522' title='bbox 3552 3161 3691 3230; x_wconf 83' lang='grc' dir='ltr'>πρὸς</span> <span class='ocrx_word' id='word_1_523' title='bbox 3719 3161 3826 3213; x_wconf 73' lang='grc' dir='ltr'>πᾶν</span> <span class='ocrx_word' id='word_1_524' title='bbox 3864 3158 4037 3227; x_wconf 76' lang='grc' dir='ltr'>ἔργον</span> 
     </span>
    </p>
   </div>
   <div class='ocr_carea' id='block_1_78' title="bbox 2446 3246 4037 3328">
    <p class='ocr_par' dir='ltr' id='par_1_78' title="bbox 2446 3246 4037 3328">
     <span class='ocr_line' id='line_1_78' title="bbox 2446 3246 4037 3328; baseline -0.009 -15"><span class='ocrx_word' id='word_1_525' title='bbox 2446 3258 2651 3328; x_wconf 84' lang='grc' dir='ltr'>ἀγαθὸν</span> <span class='ocrx_word' id='word_1_526' title='bbox 2682 3257 2962 3326; x_wconf 84' lang='grc' dir='ltr'>ἀδόκιμον.</span> <span class='ocrx_word' id='word_1_527' title='bbox 3012 3251 3392 3323; x_wconf 80' lang='grc' dir='ltr'>Ἐνδυσὼμεθα</span> <span class='ocrx_word' id='word_1_528' title='bbox 3428 3250 3485 3303; x_wconf 77' lang='grc' dir='ltr'>δὲ</span> <span class='ocrx_word' id='word_1_529' title='bbox 3520 3250 3721 3322; x_wconf 81' lang='grc' dir='ltr'>μᾶλλον</span> <span class='ocrx_word' id='word_1_530' title='bbox 3755 3251 3853 3317; x_wconf 76' lang='grc' dir='ltr'>τὴν</span> <span class='ocrx_word' id='word_1_531' title='bbox 3882 3246 4037 3300; x_wconf 70' lang='grc' dir='ltr'>κατὰ</span> 
     </span>
    </p>
   </div>
   <div class='ocr_carea' id='block_1_79' title="bbox 2446 3339 4038 3419">
    <p class='ocr_par' dir='ltr' id='par_1_79' title="bbox 2446 3339 4038 3419">
     <span class='ocr_line' id='line_1_79' title="bbox 2446 3339 4038 3419; baseline -0.008 -16"><span class='ocrx_word' id='word_1_532' title='bbox 2446 3350 2578 3403; x_wconf 82' lang='grc' dir='ltr'>Θεὸν</span> <span class='ocrx_word' id='word_1_533' title='bbox 2620 3348 2819 3419; x_wconf 82' lang='grc' dir='ltr'>λύπην,</span> <span class='ocrx_word' id='word_1_534' title='bbox 2847 3346 2946 3418; x_wconf 79' lang='grc' dir='ltr'><strong>τὴν</strong></span> <span class='ocrx_word' id='word_1_535' title='bbox 2977 3346 3193 3417; x_wconf 87' lang='grc' dir='ltr'>μητέρα</span> <span class='ocrx_word' id='word_1_536' title='bbox 3244 3345 3342 3413; x_wconf 78' lang='grc' dir='ltr'>τῆς</span> <span class='ocrx_word' id='word_1_537' title='bbox 3373 3341 3684 3413; x_wconf 84' lang='grc' dir='ltr'>μετανοίας,</span> <span class='ocrx_word' id='word_1_538' title='bbox 3716 3339 3814 3410; x_wconf 81' lang='grc' dir='ltr'>τὴν</span> <span class='ocrx_word' id='word_1_539' title='bbox 3852 3355 4038 3391; x_wconf 86' lang='grc' dir='ltr'>κατα-</span> 
     </span>
    </p>
   </div>
   <div class='ocr_carea' id='block_1_80' title="bbox 2448 3427 4036 3509">
    <p class='ocr_par' dir='ltr' id='par_1_80' title="bbox 2448 3427 4036 3509">
     <span class='ocr_line' id='line_1_80' title="bbox 2448 3427 4036 3509; baseline -0.011 -14"><span class='ocrx_word' id='word_1_540' title='bbox 2448 3442 2654 3508; x_wconf 62' lang='grc' dir='ltr'>νύξεως</span> <span class='ocrx_word' id='word_1_541' title='bbox 2689 3439 2988 3509; x_wconf 85' lang='grc' dir='ltr'>γέμουσαν,</span> <span class='ocrx_word' id='word_1_542' title='bbox 3028 3436 3129 3506; x_wconf 83' lang='grc' dir='ltr'>τὴν</span> <span class='ocrx_word' id='word_1_543' title='bbox 3159 3435 3335 3505; x_wconf 78' lang='grc' dir='ltr'>χαρᾶς</span> <span class='ocrx_word' id='word_1_544' title='bbox 3386 3432 3571 3501; x_wconf 84' lang='grc' dir='ltr'>πλήρη</span> <span class='ocrx_word' id='word_1_545' title='bbox 3623 3427 4036 3498; x_wconf 81' lang='grc' dir='ltr'>πνευματικῆς.</span> 
     </span>
    </p>
   </div>
   <div class='ocr_carea' id='block_1_81' title="bbox 2460 3521 4036 3600">
    <p class='ocr_par' dir='ltr' id='par_1_81' title="bbox 2460 3521 4036 3600">
     <span class='ocr_line' id='line_1_81' title="bbox 2460 3521 4036 3600; baseline -0.01 -13"><span class='ocrx_word' id='word_1_546' title='bbox 2460 3530 2839 3600; x_wconf 83' lang='grc' dir='ltr'>Ἐνδνσώμεθα</span> <span class='ocrx_word' id='word_1_547' title='bbox 2870 3529 3200 3597; x_wconf 88' lang='grc' dir='ltr'>προθυμίαν,</span> <span class='ocrx_word' id='word_1_548' title='bbox 3230 3526 3486 3595; x_wconf 80' lang='grc' dir='ltr'>σπουδὴν,</span> <span class='ocrx_word' id='word_1_549' title='bbox 3510 3523 3792 3577; x_wconf 78' lang='grc' dir='ltr'>εὐσέϐειαν</span> <span class='ocrx_word' id='word_1_550' title='bbox 3824 3521 4036 3585; x_wconf 77' lang='grc' dir='ltr'>πᾶσαν,</span> 
     </span>
    </p>
   </div>
   <div class='ocr_carea' id='block_1_82' title="bbox 2450 3612 4039 3695">
    <p class='ocr_par' dir='ltr' id='par_1_82' title="bbox 2450 3612 4039 3695">
     <span class='ocr_line' id='line_1_82' title="bbox 2450 3612 4039 3695; baseline -0.012 -15"><span class='ocrx_word' id='word_1_551' title='bbox 2450 3628 2545 3680; x_wconf 74' lang='grc' dir='ltr'>καὶ</span> <span class='ocrx_word' id='word_1_552' title='bbox 2576 3624 2798 3695; x_wconf 82' lang='grc' dir='ltr'>ἀρετήν.</span> <span class='ocrx_word' id='word_1_553' title='bbox 2850 3622 2963 3675; x_wconf 74' lang='grc' dir='ltr'><strong>Καὶ</strong></span> <span class='ocrx_word' id='word_1_554' title='bbox 2992 3620 3070 3689; x_wconf 89' lang='grc' dir='ltr'>τῷ</span> <span class='ocrx_word' id='word_1_555' title='bbox 3099 3618 3372 3689; x_wconf 88' lang='grc' dir='ltr'>πνεύματι</span> <span class='ocrx_word' id='word_1_556' title='bbox 3436 3616 3671 3680; x_wconf 81' lang='grc' dir='ltr'>ζέοντες,</span> <span class='ocrx_word' id='word_1_557' title='bbox 3728 3612 3807 3682; x_wconf 86' lang='grc' dir='ltr'>τῷ</span> <span class='ocrx_word' id='word_1_558' title='bbox 3837 3612 4039 3681; x_wconf 79' lang='grc' dir='ltr'>Κυρίῳ</span> 
     </span>
    </p>
   </div>
   <div class='ocr_carea' id='block_1_83' title="bbox 2449 3704 4036 3783">
    <p class='ocr_par' dir='ltr' id='par_1_83' title="bbox 2449 3704 4036 3783">
     <span class='ocr_line' id='line_1_83' title="bbox 2449 3704 4036 3783; baseline -0.01 -13"><span class='ocrx_word' id='word_1_559' title='bbox 2449 3716 2814 3777; x_wconf 86' lang='grc' dir='ltr'>δουλεύοντες,</span> <span class='ocrx_word' id='word_1_560' title='bbox 2857 3717 2923 3783; x_wconf 80' lang='grc' dir='ltr'>τῇ</span> <span class='ocrx_word' id='word_1_561' title='bbox 2956 3712 3131 3766; x_wconf 82' lang='grc' dir='ltr'>ἐλπίδι</span> <span class='ocrx_word' id='word_1_562' title='bbox 3164 3711 3468 3782; x_wconf 88' lang='grc' dir='ltr'>χαίροντες,</span> <span class='ocrx_word' id='word_1_563' title='bbox 3498 3711 3565 3778; x_wconf 78' lang='grc' dir='ltr'>τῇ</span> <span class='ocrx_word' id='word_1_564' title='bbox 3607 3706 3785 3775; x_wconf 72' lang='grc' dir='ltr'>θλίψει</span> <span class='ocrx_word' id='word_1_565' title='bbox 3815 3704 4036 3772; x_wconf 83' lang='grc' dir='ltr'>ὑπομέ-</span> 
     </span>
    </p>
   </div>
   <div class='ocr_carea' id='block_1_84' title="bbox 2451 3795 4036 3878">
    <p class='ocr_par' dir='ltr' id='par_1_84' title="bbox 2451 3795 4036 3878">
     <span class='ocr_line' id='line_1_84' title="bbox 2451 3795 4036 3878; baseline -0.012 -15"><span class='ocrx_word' id='word_1_566' title='bbox 2451 3827 2652 3871; x_wconf 85' lang='grc' dir='ltr'>νοντες,</span> <span class='ocrx_word' id='word_1_567' title='bbox 2682 3810 2750 3878; x_wconf 80' lang='grc' dir='ltr'>τῇ</span> <span class='ocrx_word' id='word_1_568' title='bbox 2783 3806 3060 3877; x_wconf 82' lang='grc' dir='ltr'>προσευχῇ</span> <span class='ocrx_word' id='word_1_569' title='bbox 3083 3798 3644 3872; x_wconf 78' lang='grc' dir='ltr'>προσκαρτεροῦντες,</span> <span class='ocrx_word' id='word_1_570' title='bbox 3665 3795 4036 3864; x_wconf 85' lang='grc' dir='ltr'>δυνηθείημεν</span> 
     </span>
    </p>
   </div>
   <div class='ocr_carea' id='block_1_85' title="bbox 2454 3888 4037 3967">
    <p class='ocr_par' dir='ltr' id='par_1_85' title="bbox 2454 3888 4037 3967">
     <span class='ocr_line' id='line_1_85' title="bbox 2454 3888 4037 3967; baseline -0.014 -10"><span class='ocrx_word' id='word_1_571' title='bbox 2454 3904 2519 3957; x_wconf 84' lang='grc' dir='ltr'>ἂν</span> <span class='ocrx_word' id='word_1_572' title='bbox 2559 3901 2702 3954; x_wconf 78' lang='grc' dir='ltr'>οὕτω</span> <span class='ocrx_word' id='word_1_573' title='bbox 2726 3899 2823 3953; x_wconf 71' lang='lat' dir='ltr'><strong>xui.</strong></span> <span class='ocrx_word' id='word_1_574' title='bbox 2863 3898 2963 3967; x_wconf 80' lang='grc' dir='ltr'><strong>τῆς</strong></span> <span class='ocrx_word' id='word_1_575' title='bbox 3002 3896 3222 3958; x_wconf 84' lang='grc' dir='ltr'>ἀνοσίας</span> <span class='ocrx_word' id='word_1_576' title='bbox 3253 3892 3582 3956; x_wconf 74' lang='grc' dir='ltr'>κενοδοξίας,</span> <span class='ocrx_word' id='word_1_577' title='bbox 3634 3890 3728 3942; x_wconf 77' lang='grc' dir='ltr'><strong>καὶ</strong></span> <span class='ocrx_word' id='word_1_578' title='bbox 3765 3888 3863 3955; x_wconf 79' lang='grc' dir='ltr'>τῆς</span> <span class='ocrx_word' id='word_1_579' title='bbox 3931 3889 4037 3938; x_wconf 85' lang='grc' dir='ltr'>ἀν-</span> 
     </span>
    </p>
   </div>
   <div class='ocr_carea' id='block_1_86' title="bbox 2452 3975 4041 4063">
    <p class='ocr_par' dir='ltr' id='par_1_86' title="bbox 2452 3975 4041 4063">
     <span class='ocr_line' id='line_1_86' title="bbox 2452 3975 4041 4063; baseline -0.014 -14"><span class='ocrx_word' id='word_1_580' title='bbox 2452 3993 2751 4063; x_wconf 80' lang='grc' dir='ltr'>οσιωτέρας</span> <span class='ocrx_word' id='word_1_581' title='bbox 2783 3988 3183 4059; x_wconf 79' lang='grc' dir='ltr'>ὑπερηφανίας,</span> <span class='ocrx_word' id='word_1_582' title='bbox 3206 3988 3315 4037; x_wconf 89' lang='grc' dir='ltr'><strong>τῶν</strong></span> <span class='ocrx_word' id='word_1_583' title='bbox 3328 3985 3657 4053; x_wconf 70' lang='grc' dir='ltr'>⁴ἀκροτάτων</span> <span class='ocrx_word' id='word_1_584' title='bbox 3687 3978 3892 4041; x_wconf 86' lang='grc' dir='ltr'>παθῶν,</span> <span class='ocrx_word' id='word_1_585' title='bbox 3923 3975 4041 4028; x_wconf 87' lang='grc' dir='ltr'><strong>τῶν</strong></span> 
     </span>
    </p>
   </div>
   <div class='ocr_carea' id='block_1_87' title="bbox 2456 4073 4043 4158">
    <p class='ocr_par' dir='ltr' id='par_1_87' title="bbox 2456 4073 4043 4158">
     <span class='ocr_line' id='line_1_87' title="bbox 2456 4073 4043 4158; baseline -0.013 -19"><span class='ocrx_word' id='word_1_586' title='bbox 2456 4087 2814 4158; x_wconf 74' lang='grc' dir='ltr'>πρωτογόνων</span> <span class='ocrx_word' id='word_1_587' title='bbox 2846 4082 2938 4134; x_wconf 78' lang='grc' dir='ltr'>τοῦ</span> <span class='ocrx_word' id='word_1_588' title='bbox 2971 4079 3217 4133; x_wconf 77' lang='grc' dir='ltr'>διαϐόλου</span> <span class='ocrx_word' id='word_1_589' title='bbox 3244 4078 3562 4145; x_wconf 81' lang='grc' dir='ltr'>θυγατέρων</span> <span class='ocrx_word' id='word_1_590' title='bbox 3607 4073 3894 4141; x_wconf 76' lang='grc' dir='ltr'>ὑπέρτεροι</span> <span class='ocrx_word' id='word_1_591' title='bbox 3944 4085 4043 4135; x_wconf 76' lang='grc' dir='ltr'>γε·</span> 
     </span>
    </p>
   </div>
   <div class='ocr_carea' id='block_1_88' title="bbox 2455 4166 4042 4245">
    <p class='ocr_par' dir='ltr' id='par_1_88' title="bbox 2455 4166 4042 4245">
     <span class='ocr_line' id='line_1_88' title="bbox 2455 4166 4042 4245; baseline -0.014 -13"><span class='ocrx_word' id='word_1_592' title='bbox 2455 4179 2642 4232; x_wconf 80' lang='grc' dir='ltr'>νέσθαι</span> <span class='ocrx_word' id='word_1_593' title='bbox 2672 4179 2727 4228; x_wconf 79' lang='grc' dir='ltr'><strong>ἐν</strong></span> <span class='ocrx_word' id='word_1_594' title='bbox 2758 4174 2982 4245; x_wconf 85' lang='grc' dir='ltr'>Χριστῴ</span> <span class='ocrx_word' id='word_1_595' title='bbox 3018 4170 3192 4240; x_wconf 84' lang='grc' dir='ltr'><strong>Ἰησοῦ</strong></span> <span class='ocrx_word' id='word_1_596' title='bbox 3216 4188 3231 4202; x_wconf 90' lang='grc'><strong>·</strong></span> <span class='ocrx_word' id='word_1_597' title='bbox 3271 4169 3366 4221; x_wconf 73' lang='grc' dir='ltr'><strong>καὶ</strong></span> <span class='ocrx_word' id='word_1_598' title='bbox 3392 4167 3459 4220; x_wconf 80' lang='grc' dir='ltr'><strong>δι’</strong></span> <span class='ocrx_word' id='word_1_599' title='bbox 3486 4168 3661 4232; x_wconf 79' lang='grc' dir='ltr'>ἄκρας</span> <span class='ocrx_word' id='word_1_600' title='bbox 3709 4166 3808 4233; x_wconf 84' lang='grc' dir='ltr'><strong>μὲν</strong></span> <span class='ocrx_word' id='word_1_601' title='bbox 3838 4176 4042 4212; x_wconf 86' lang='grc' dir='ltr'>ταπει-</span> 
     </span>
    </p>
   </div>
   <div class='ocr_carea' id='block_1_89' title="bbox 2456 4253 4041 4333">
    <p class='ocr_par' dir='ltr' id='par_1_89' title="bbox 2456 4253 4041 4333">
     <span class='ocr_line' id='line_1_89' title="bbox 2456 4253 4041 4333; baseline -0.015 -9"><span class='ocrx_word' id='word_1_602' title='bbox 2456 4272 2673 4330; x_wconf 80' lang='grc' dir='ltr'>νώσεως</span> <span class='ocrx_word' id='word_1_603' title='bbox 2703 4269 2794 4321; x_wconf 66' lang='grc' dir='ltr'>τὸν</span> <span class='ocrx_word' id='word_1_604' title='bbox 2836 4265 3176 4320; x_wconf 83' lang='grc' dir='ltr'>πολύπλοκον</span> <span class='ocrx_word' id='word_1_605' title='bbox 3212 4263 3441 4330; x_wconf 85' lang='grc' dir='ltr'>δαίμονα</span> <span class='ocrx_word' id='word_1_606' title='bbox 3470 4259 3569 4333; x_wconf 81' lang='grc' dir='ltr'><strong>τῆς</strong></span> <span class='ocrx_word' id='word_1_607' title='bbox 3602 4253 3907 4317; x_wconf 78' lang='grc' dir='ltr'>κενοδοξίας</span> <span class='ocrx_word' id='word_1_608' title='bbox 3938 4254 4041 4303; x_wconf 80' lang='grc' dir='ltr'>ἐκ-</span> 
     </span>
    </p>
   </div>
   <div class='ocr_carea' id='block_1_90' title="bbox 2458 4344 4044 4435">
    <p class='ocr_par' dir='ltr' id='par_1_90' title="bbox 2458 4344 4044 4435">
     <span class='ocr_line' id='line_1_90' title="bbox 2458 4344 4044 4435; baseline -0.016 -18"><span class='ocrx_word' id='word_1_609' title='bbox 2458 4364 2769 4435; x_wconf 69' lang='grc' dir='ltr'>κρινόμενοι</span> <span class='ocrx_word' id='word_1_610' title='bbox 2806 4359 2902 4411; x_wconf 74' lang='grc' dir='ltr'><strong>καὶ</strong></span> <span class='ocrx_word' id='word_1_611' title='bbox 2939 4353 3373 4427; x_wconf 81' lang='grc' dir='ltr'>συμπατοῦντες,</span> <span class='ocrx_word' id='word_1_612' title='bbox 3406 4352 3497 4404; x_wconf 80' lang='grc' dir='ltr'><strong>τὸν</strong></span> <span class='ocrx_word' id='word_1_613' title='bbox 3528 4348 3813 4415; x_wconf 63' lang='grc' dir='ltr'>κολοφῶνα</span> <span class='ocrx_word' id='word_1_614' title='bbox 3841 4344 3897 4397; x_wconf 81' lang='grc' dir='ltr'>δὲ</span> <span class='ocrx_word' id='word_1_615' title='bbox 3927 4344 4044 4395; x_wconf 82' lang='grc' dir='ltr'><strong>τῶν</strong></span> 
     </span>
    </p>
   </div>
   <div class='ocr_carea' id='block_1_91' title="bbox 2460 4435 4043 4524">
    <p class='ocr_par' dir='ltr' id='par_1_91' title="bbox 2460 4435 4043 4524">
     <span class='ocr_line' id='line_1_91' title="bbox 2460 4435 4043 4524; baseline -0.016 -15"><span class='ocrx_word' id='word_1_616' title='bbox 2460 4456 2645 4511; x_wconf 83' lang='grc' dir='ltr'>κακῶν</span> <span class='ocrx_word' id='word_1_617' title='bbox 2673 4455 2771 4524; x_wconf 83' lang='grc' dir='ltr'><strong>τὴν</strong></span> <span class='ocrx_word' id='word_1_618' title='bbox 2814 4450 3194 4521; x_wconf 75' lang='grc' dir='ltr'>ὑπερηφανίαν</span> <span class='ocrx_word' id='word_1_619' title='bbox 3217 4450 3275 4498; x_wconf 86' lang='grc' dir='ltr'><strong>ἐν</strong></span> <span class='ocrx_word' id='word_1_620' title='bbox 3301 4446 3482 4497; x_wconf 87' lang='grc' dir='ltr'>πίστει</span> <span class='ocrx_word' id='word_1_621' title='bbox 3513 4443 3607 4494; x_wconf 83' lang='grc' dir='ltr'>καὶ</span> <span class='ocrx_word' id='word_1_622' title='bbox 3640 4440 3865 4506; x_wconf 75' lang='grc' dir='ltr'>δυνάμει</span> <span class='ocrx_word' id='word_1_623' title='bbox 3895 4435 4043 4486; x_wconf 76' lang='grc' dir='ltr'>Θεοῦ</span> 
     </span>
    </p>
   </div>
   <div class='ocr_carea' id='block_1_92' title="bbox 773 4528 2340 4617">
    <p class='ocr_par' dir='ltr' id='par_1_92' title="bbox 773 4539 2340 4611">
     <span class='ocr_line' id='line_1_92' title="bbox 773 4539 2340 4611; baseline -0.008 -6"><span class='ocrx_word' id='word_1_624' title='bbox 773 4568 900 4606; x_wconf 92' lang='lat' dir='ltr'><strong>cum</strong></span> <span class='ocrx_word' id='word_1_625' title='bbox 937 4549 1095 4603; x_wconf 78' lang='lat' dir='ltr'><strong>Patre</strong></span> <span class='ocrx_word' id='word_1_626' title='bbox 1129 4549 1330 4611; x_wconf 86' lang='lat' dir='ltr'><strong>veniet,</strong></span> <span class='ocrx_word' id='word_1_627' title='bbox 1363 4552 1421 4596; x_wconf 90' lang='lat' dir='ltr'><strong>nt</strong></span> <span class='ocrx_word' id='word_1_628' title='bbox 1450 4540 1722 4611; x_wconf 85' lang='lat' dir='ltr'><strong>promisit,</strong></span> <span class='ocrx_word' id='word_1_629' title='bbox 1756 4549 1806 4593; x_wconf 93' lang='lat' dir='ltr'><strong>ct</strong></span> <span class='ocrx_word' id='word_1_630' title='bbox 1836 4542 2176 4594; x_wconf 84' lang='lat' dir='ltr'><strong>mansionem</strong></span> <span class='ocrx_word' id='word_1_631' title='bbox 2205 4539 2340 4610; x_wconf 91' lang='lat' dir='ltr'><strong>apud</strong></span> 
     </span>
    </p>
   </div>
   <div class='ocr_carea' id='block_1_93' title="bbox 2442 4528 4045 4617">
    <p class='ocr_par' dir='ltr' id='par_1_93' title="bbox 2455 4528 4045 4617">
     <span class='ocr_line' id='line_1_93' title="bbox 2455 4528 4045 4617; baseline -0.016 -14"><span class='ocrx_word' id='word_1_632' title='bbox 2455 4550 2639 4603; x_wconf 88' lang='grc' dir='ltr'>τέλεον</span> <span class='ocrx_word' id='word_1_633' title='bbox 2672 4546 3073 4617; x_wconf 80' lang='grc' dir='ltr'>ἀνατρέποντες</span> <span class='ocrx_word' id='word_1_634' title='bbox 3115 4542 3209 4595; x_wconf 80' lang='grc' dir='ltr'><strong>καὶ</strong></span> <span class='ocrx_word' id='word_1_635' title='bbox 3259 4537 3685 4607; x_wconf 82' lang='grc' dir='ltr'>καταργοῦντες.</span> <span class='ocrx_word' id='word_1_636' title='bbox 3722 4533 3829 4585; x_wconf 68' lang='grc' dir='ltr'>Καὶ</span> <span class='ocrx_word' id='word_1_637' title='bbox 3860 4528 4045 4589; x_wconf 72' lang='grc' dir='ltr'>οὕτως</span> 
     </span>
    </p>
   </div>
   <div class='ocr_carea' id='block_1_94' title="bbox 771 4646 1083 4702">
    <p class='ocr_par' dir='ltr' id='par_1_94' title="bbox 771 4646 1083 4702">
     <span class='ocr_line' id='line_1_94' title="bbox 771 4646 1083 4702; baseline -0.016 0"><span class='ocrx_word' id='word_1_638' title='bbox 771 4662 870 4702; x_wconf 75' lang='lat' dir='ltr'><strong>nos</strong></span> <span class='ocrx_word' id='word_1_639' title='bbox 905 4646 1083 4699; x_wconf 85' lang='lat' dir='ltr'><strong>faciet.</strong></span> 
     </span>
    </p>
   </div>
   <div class='ocr_carea' id='block_1_95' title="bbox 2456 4624 4047 4708">
    <p class='ocr_par' dir='ltr' id='par_1_95' title="bbox 2456 4624 4047 4708">
     <span class='ocr_line' id='line_1_95' title="bbox 2456 4624 4047 4708; baseline -0.015 -12"><span class='ocrx_word' id='word_1_640' title='bbox 2456 4643 2575 4696; x_wconf 82' lang='grc' dir='ltr'>ὃλον</span> <span class='ocrx_word' id='word_1_641' title='bbox 2607 4642 2667 4693; x_wconf 70' lang='grc' dir='ltr'>τὸ</span> <span class='ocrx_word' id='word_1_642' title='bbox 2702 4640 2903 4708; x_wconf 80' lang='grc' dir='ltr'>σμῆνος</span> <span class='ocrx_word' id='word_1_643' title='bbox 2936 4635 3045 4687; x_wconf 85' lang='grc' dir='ltr'><strong>τῶν</strong></span> <span class='ocrx_word' id='word_1_644' title='bbox 3081 4633 3333 4702; x_wconf 80' lang='grc' dir='ltr'>πονηρῶν</span> <span class='ocrx_word' id='word_1_645' title='bbox 3361 4632 3459 4699; x_wconf 82' lang='grc' dir='ltr'>τῆς</span> <span class='ocrx_word' id='word_1_646' title='bbox 3487 4630 3662 4698; x_wconf 66' lang='grc' dir='ltr'>ψυχῆς</span> <span class='ocrx_word' id='word_1_647' title='bbox 3684 4624 4047 4692; x_wconf 75' lang='grc' dir='ltr'>ἀναιροῦντες</span> 
     </span>
    </p>
   </div>
   <div class='ocr_carea' id='block_1_96' title="bbox 775 4721 4050 4805">
    <p class='ocr_par' dir='ltr' id='par_1_96' title="bbox 775 4721 4050 4805">
     <span class='ocr_line' id='line_1_96' title="bbox 775 4721 4050 4805; baseline -0.007 -9"><span class='ocrx_word' id='word_1_648' title='bbox 775 4742 986 4805; x_wconf 80' lang='grc' dir='ltr'>παθῶν,</span> <span class='ocrx_word' id='word_1_649' title='bbox 1039 4738 1136 4805; x_wconf 73' lang='grc' dir='ltr'>τὴν</span> <span class='ocrx_word' id='word_1_650' title='bbox 1176 4732 1327 4804; x_wconf 73' lang='grc' dir='ltr'>ἱερὰν</span> <span class='ocrx_word' id='word_1_651' title='bbox 1374 4730 1663 4792; x_wconf 81' lang='grc' dir='ltr'>ἀπάθειαν,</span> <span class='ocrx_word' id='word_1_652' title='bbox 1695 4730 1788 4783; x_wconf 73' lang='grc' dir='ltr'><strong>καὶ</strong></span> <span class='ocrx_word' id='word_1_653' title='bbox 1817 4728 1908 4781; x_wconf 72' lang='grc' dir='ltr'>τὸν</span> <span class='ocrx_word' id='word_1_654' title='bbox 1942 4728 2040 4798; x_wconf 83' lang='grc' dir='ltr'>τῆς</span> <span class='ocrx_word' id='word_1_655' title='bbox 2087 4732 2356 4799; x_wconf 85' lang='grc' dir='ltr'>ἀπαθείας</span> <span class='ocrx_word' id='word_1_656' title='bbox 2392 4736 2525 4789; x_wconf 76' lang='grc' dir='ltr'><strong>Θεὸν</strong></span> <span class='ocrx_word' id='word_1_657' title='bbox 2560 4734 2820 4805; x_wconf 82' lang='grc' dir='ltr'>καθαρῶς</span> <span class='ocrx_word' id='word_1_658' title='bbox 2889 4728 3314 4797; x_wconf 87' lang='grc' dir='ltr'>ἐπενδυσόμεθα.</span> <span class='ocrx_word' id='word_1_659' title='bbox 3371 4726 3481 4779; x_wconf 70' lang='grc' dir='ltr'><strong>Καὶ</strong></span> <span class='ocrx_word' id='word_1_660' title='bbox 3524 4724 3700 4786; x_wconf 77' lang='grc' dir='ltr'>οὕτως</span> <span class='ocrx_word' id='word_1_661' title='bbox 3753 4724 3901 4792; x_wconf 76' lang='grc' dir='ltr'>ἡμᾶς</span> <span class='ocrx_word' id='word_1_662' title='bbox 3953 4721 4050 4775; x_wconf 71' lang='grc' dir='ltr'><strong>διὰ</strong></span> 
     </span>
    </p>
   </div>
   <div class='ocr_carea' id='block_1_97' title="bbox 776 4818 4048 4905">
    <p class='ocr_par' dir='ltr' id='par_1_97' title="bbox 776 4818 4048 4905">
     <span class='ocr_line' id='line_1_97' title="bbox 776 4818 4048 4905; baseline -0.011 -5"><span class='ocrx_word' id='word_1_663' title='bbox 776 4839 958 4905; x_wconf 74' lang='grc' dir='ltr'>πάσης</span> <span class='ocrx_word' id='word_1_664' title='bbox 998 4828 1463 4899; x_wconf 71' lang='grc' dir='ltr'>κατηρτισμένους</span> <span class='ocrx_word' id='word_1_665' title='bbox 1491 4830 1688 4897; x_wconf 81' lang='grc' dir='ltr'>ἀρετῆς</span> <span class='ocrx_word' id='word_1_666' title='bbox 1721 4828 1748 4878; x_wconf 76' lang='grc' dir='ltr'>ὁ</span> <span class='ocrx_word' id='word_1_667' title='bbox 1780 4827 2087 4901; x_wconf 77' lang='grc' dir='ltr'>Μονογενὴς</span> <span class='ocrx_word' id='word_1_668' title='bbox 2115 4831 2398 4901; x_wconf 81' lang='grc' dir='ltr'>ἀγαπητὸς</span> <span class='ocrx_word' id='word_1_669' title='bbox 2469 4835 2564 4887; x_wconf 73' lang='grc' dir='ltr'><strong>καί</strong></span> <span class='ocrx_word' id='word_1_670' title='bbox 2608 4829 2915 4902; x_wconf 74' lang='grc' dir='ltr'>ἠγαπηκὼς</span> <span class='ocrx_word' id='word_1_671' title='bbox 2961 4826 3248 4879; x_wconf 78' lang='grc' dir='ltr'>ἐλεύσεται</span> <span class='ocrx_word' id='word_1_672' title='bbox 3318 4823 3454 4893; x_wconf 85' lang='grc' dir='ltr'><strong>μετὰ</strong></span> <span class='ocrx_word' id='word_1_673' title='bbox 3520 4818 3614 4873; x_wconf 82' lang='grc' dir='ltr'>τοῦ</span> <span class='ocrx_word' id='word_1_674' title='bbox 3677 4818 3912 4888; x_wconf 78' lang='grc' dir='ltr'>Πατρὸς,</span> <span class='ocrx_word' id='word_1_675' title='bbox 3966 4820 4048 4884; x_wconf 70' lang='grc' dir='ltr'><strong>ὼς</strong></span> 
     </span>
    </p>
   </div>
   <div class='ocr_carea' id='block_1_98' title="bbox 779 4921 1998 4997">
    <p class='ocr_par' dir='ltr' id='par_1_98' title="bbox 779 4921 1998 4997">
     <span class='ocr_line' id='line_1_98' title="bbox 779 4921 1998 4997; baseline -0.008 -14"><span class='ocrx_word' id='word_1_676' title='bbox 779 4931 1064 4997; x_wconf 77' lang='grc' dir='ltr'>ὑπέσχετο,</span> <span class='ocrx_word' id='word_1_677' title='bbox 1098 4926 1191 4978; x_wconf 74' lang='grc' dir='ltr'><strong>καὶ</strong></span> <span class='ocrx_word' id='word_1_678' title='bbox 1230 4923 1396 4992; x_wconf 80' lang='grc' dir='ltr'>μονὴν</span> <span class='ocrx_word' id='word_1_679' title='bbox 1439 4922 1653 4988; x_wconf 73' lang='grc' dir='ltr'>ποιήσει</span> <span class='ocrx_word' id='word_1_680' title='bbox 1685 4921 1813 4989; x_wconf 77' lang='grc' dir='ltr'>παρ’</span> <span class='ocrx_word' id='word_1_681' title='bbox 1846 4923 1998 4989; x_wconf 75' lang='grc' dir='ltr'>ἡμῖν,</span> 
     </span>
    </p>
   </div>
   <div class='ocr_carea' id='block_1_99' title="bbox 850 5014 2349 5089">
    <p class='ocr_par' dir='ltr' id='par_1_99' title="bbox 850 5014 2349 5089">
     <span class='ocr_line' id='line_1_99' title="bbox 850 5014 2349 5089; baseline -0.003 -15"><span class='ocrx_word' id='word_1_682' title='bbox 850 5017 1235 5089; x_wconf 82' lang='lat' dir='ltr'><strong>Hujuscemodi</strong></span> <span class='ocrx_word' id='word_1_683' title='bbox 1295 5017 1518 5070; x_wconf 81' lang='lat' dir='ltr'><strong>inouitis</strong></span> <span class='ocrx_word' id='word_1_684' title='bbox 1566 5014 1788 5068; x_wconf 78' lang='lat' dir='ltr'><strong>divinus</strong></span> <span class='ocrx_word' id='word_1_685' title='bbox 1846 5025 2032 5069; x_wconf 87' lang='lat' dir='ltr'><strong>noster</strong></span> <span class='ocrx_word' id='word_1_686' title='bbox 2079 5016 2349 5085; x_wconf 83' lang='lat' dir='ltr'><strong>lguatius,</strong></span> 
     </span>
    </p>
   </div>
   <div class='ocr_carea' id='block_1_100' title="bbox 781 5106 2357 5186">
    <p class='ocr_par' dir='ltr' id='par_1_100' title="bbox 781 5106 2357 5186">
     <span class='ocr_line' id='line_1_100' title="bbox 781 5106 2357 5186; baseline -0.005 -16"><span class='ocrx_word' id='word_1_687' title='bbox 781 5112 1158 5186; x_wconf 82' lang='lat' dir='ltr'><strong>hujuscemodi</strong></span> <span class='ocrx_word' id='word_1_688' title='bbox 1192 5110 1479 5180; x_wconf 62' lang='lat' dir='ltr'><strong>praeceptis</strong></span> <span class='ocrx_word' id='word_1_689' title='bbox 1518 5115 1571 5162; x_wconf 87' lang='lat' dir='ltr'><strong>et</strong></span> <span class='ocrx_word' id='word_1_690' title='bbox 1604 5106 1946 5161; x_wconf 89' lang='lat' dir='ltr'><strong>documentis</strong></span> <span class='ocrx_word' id='word_1_691' title='bbox 1980 5111 2232 5161; x_wconf 85' lang='lat' dir='ltr'><strong>utebatur</strong></span> <span class='ocrx_word' id='word_1_692' title='bbox 2264 5125 2276 5161; x_wconf 93' lang='lat'>:</span> <span class='ocrx_word' id='word_1_693' title='bbox 2304 5118 2357 5163; x_wconf 87' lang='lat' dir='ltr'><strong>et</strong></span> 
     </span>
    </p>
   </div>
   <div class='ocr_carea' id='block_1_101' title="bbox 781 5202 2355 5278">
    <p class='ocr_par' dir='ltr' id='par_1_101' title="bbox 781 5202 2355 5278">
     <span class='ocr_line' id='line_1_101' title="bbox 781 5202 2355 5278; baseline -0.004 -14"><span class='ocrx_word' id='word_1_694' title='bbox 781 5207 1074 5278; x_wconf 68' lang='lat' dir='ltr'><strong>si-paratim</strong></span> <span class='ocrx_word' id='word_1_695' title='bbox 1128 5205 1347 5274; x_wconf 91' lang='lat' dir='ltr'><strong>quidem</strong></span> <span class='ocrx_word' id='word_1_696' title='bbox 1392 5203 1678 5273; x_wconf 80' lang='lat' dir='ltr'><strong>religiosos</strong></span> <span class='ocrx_word' id='word_1_697' title='bbox 1725 5209 1780 5255; x_wconf 93' lang='lat' dir='ltr'><strong>et</strong></span> <span class='ocrx_word' id='word_1_698' title='bbox 1836 5208 2078 5255; x_wconf 88' lang='lat' dir='ltr'><strong>semotos</strong></span> <span class='ocrx_word' id='word_1_699' title='bbox 2110 5218 2138 5255; x_wconf 87' lang='lat' dir='ltr'><strong>a</strong></span> <span class='ocrx_word' id='word_1_700' title='bbox 2179 5202 2355 5257; x_wconf 86' lang='lat' dir='ltr'><strong>turbis</strong></span> 
     </span>
    </p>
   </div>
   <div class='ocr_carea' id='block_1_102' title="bbox 782 5294 2357 5366">
    <p class='ocr_par' dir='ltr' id='par_1_102' title="bbox 782 5294 2357 5366">
     <span class='ocr_line' id='line_1_102' title="bbox 782 5294 2357 5366; baseline -0.002 -14"><span class='ocrx_word' id='word_1_701' title='bbox 782 5302 951 5366; x_wconf 85' lang='lat' dir='ltr'><strong>viros,</strong></span> <span class='ocrx_word' id='word_1_702' title='bbox 986 5311 1045 5353; x_wconf 92' lang='lat' dir='ltr'><strong>ut</strong></span> <span class='ocrx_word' id='word_1_703' title='bbox 1076 5298 1281 5353; x_wconf 86' lang='lat' dir='ltr'><strong>actioni</strong></span> <span class='ocrx_word' id='word_1_704' title='bbox 1308 5297 1480 5365; x_wconf 83' lang='lat' dir='ltr'><strong>magis</strong></span> <span class='ocrx_word' id='word_1_705' title='bbox 1505 5294 1742 5359; x_wconf 86' lang='lat' dir='ltr'><strong>deditos,</strong></span> <span class='ocrx_word' id='word_1_706' title='bbox 1766 5294 2112 5348; x_wconf 89' lang='lat' dir='ltr'><strong>sermonibus</strong></span> <span class='ocrx_word' id='word_1_707' title='bbox 2146 5297 2357 5349; x_wconf 88' lang='lat' dir='ltr'><strong>actione</strong></span> 
     </span>
    </p>
   </div>
   <div class='ocr_carea' id='block_1_103' title="bbox 784 5385 2357 5456">
    <p class='ocr_par' dir='ltr' id='par_1_103' title="bbox 784 5385 2357 5456">
     <span class='ocr_line' id='line_1_103' title="bbox 784 5385 2357 5456; baseline -0.002 -13"><span class='ocrx_word' id='word_1_708' title='bbox 784 5390 1017 5444; x_wconf 87' lang='lat' dir='ltr'><strong>firmatis</strong></span> <span class='ocrx_word' id='word_1_709' title='bbox 1050 5388 1345 5452; x_wconf 88' lang='lat' dir='ltr'><strong>alliciebat,</strong></span> <span class='ocrx_word' id='word_1_710' title='bbox 1372 5400 1725 5456; x_wconf 87' lang='lat' dir='ltr'><strong>amoremque</strong></span> <span class='ocrx_word' id='word_1_711' title='bbox 1754 5385 2022 5454; x_wconf 69' lang='lat' dir='ltr'><strong>religiosae</strong></span> <span class='ocrx_word' id='word_1_712' title='bbox 2056 5385 2357 5454; x_wconf 64' lang='lat' dir='ltr'><strong>disciplina:</strong></span> 
     </span>
    </p>
   </div>
   <div class='ocr_carea' id='block_1_104' title="bbox 782 5477 2356 5547">
    <p class='ocr_par' dir='ltr' id='par_1_104' title="bbox 782 5477 2356 5547">
     <span class='ocr_line' id='line_1_104' title="bbox 782 5477 2356 5547; baseline -0.005 -8"><span class='ocrx_word' id='word_1_713' title='bbox 782 5484 839 5539; x_wconf 88' lang='lat' dir='ltr'><strong>in</strong></span> <span class='ocrx_word' id='word_1_714' title='bbox 873 5483 978 5537; x_wconf 89' lang='lat' dir='ltr'><strong>illis</strong></span> <span class='ocrx_word' id='word_1_715' title='bbox 1010 5480 1352 5535; x_wconf 88' lang='lat' dir='ltr'><strong>incendebat.</strong></span> <span class='ocrx_word' id='word_1_716' title='bbox 1396 5478 1655 5532; x_wconf 90' lang='lat' dir='ltr'><strong>Seorsum</strong></span> <span class='ocrx_word' id='word_1_717' title='bbox 1686 5477 1849 5532; x_wconf 89' lang='lat' dir='ltr'><strong>etiam</strong></span> <span class='ocrx_word' id='word_1_718' title='bbox 1899 5477 2158 5531; x_wconf 85' lang='lat' dir='ltr'><strong>divitibus</strong></span> <span class='ocrx_word' id='word_1_719' title='bbox 2217 5493 2356 5547; x_wconf 74' lang='lat' dir='ltr'><strong>prae-</strong></span> 
     </span>
    </p>
   </div>
   <div class='ocr_carea' id='block_1_105' title="bbox 782 5569 2360 5645">
    <p class='ocr_par' dir='ltr' id='par_1_105' title="bbox 782 5569 2360 5645">
     <span class='ocr_line' id='line_1_105' title="bbox 782 5569 2360 5645; baseline -0.006 -14"><span class='ocrx_word' id='word_1_720' title='bbox 782 5585 935 5645; x_wconf 86' lang='lat' dir='ltr'><strong>cepta</strong></span> <span class='ocrx_word' id='word_1_721' title='bbox 964 5572 1178 5627; x_wconf 88' lang='lat' dir='ltr'><strong>vivendi</strong></span> <span class='ocrx_word' id='word_1_722' title='bbox 1213 5573 1396 5635; x_wconf 83' lang='lat' dir='ltr'><strong>dabat,</strong></span> <span class='ocrx_word' id='word_1_723' title='bbox 1448 5587 1514 5625; x_wconf 90' lang='lat' dir='ltr'><strong>ne</strong></span> <span class='ocrx_word' id='word_1_724' title='bbox 1550 5570 1837 5639; x_wconf 84' lang='lat' dir='ltr'><strong>magnifice</strong></span> <span class='ocrx_word' id='word_1_725' title='bbox 1866 5579 1919 5623; x_wconf 92' lang='lat' dir='ltr'><strong>et</strong></span> <span class='ocrx_word' id='word_1_726' title='bbox 1946 5569 2180 5638; x_wconf 85' lang='lat' dir='ltr'><strong>superbe</strong></span> <span class='ocrx_word' id='word_1_727' title='bbox 2231 5585 2360 5623; x_wconf 63' lang='lat' dir='ltr'><strong>seno</strong></span> 
     </span>
    </p>
   </div>
   <div class='ocr_carea' id='block_1_106' title="bbox 784 5662 2362 5736">
    <p class='ocr_par' dir='ltr' id='par_1_106' title="bbox 784 5662 2362 5736">
     <span class='ocr_line' id='line_1_106' title="bbox 784 5662 2362 5736; baseline -0.004 -13"><span class='ocrx_word' id='word_1_728' title='bbox 784 5668 974 5733; x_wconf 88' lang='lat' dir='ltr'><strong>tirent,</strong></span> <span class='ocrx_word' id='word_1_729' title='bbox 1009 5679 1187 5736; x_wconf 86' lang='lat' dir='ltr'><strong>neque</strong></span> <span class='ocrx_word' id='word_1_730' title='bbox 1220 5665 1382 5721; x_wconf 80' lang='lat' dir='ltr'><strong>ﬂuxis</strong></span> <span class='ocrx_word' id='word_1_731' title='bbox 1417 5664 1581 5721; x_wconf 85' lang='lat' dir='ltr'><strong>rebus</strong></span> <span class='ocrx_word' id='word_1_732' title='bbox 1609 5675 1661 5719; x_wconf 89' lang='lat' dir='ltr'><strong>et</strong></span> <span class='ocrx_word' id='word_1_733' title='bbox 1693 5663 1917 5718; x_wconf 90' lang='lat' dir='ltr'><strong>incertis</strong></span> <span class='ocrx_word' id='word_1_734' title='bbox 1950 5662 2182 5717; x_wconf 83' lang='lat' dir='ltr'><strong>fortunis</strong></span> <span class='ocrx_word' id='word_1_735' title='bbox 2231 5663 2362 5716; x_wconf 85' lang='lat' dir='ltr'><strong>fide-</strong></span> 
     </span>
    </p>
   </div>
   <div class='ocr_carea' id='block_1_107' title="bbox 855 5842 1984 5912">
    <p class='ocr_par' dir='ltr' id='par_1_107' title="bbox 855 5842 1984 5912">
     <span class='ocr_line' id='line_1_107' title="bbox 855 5842 1984 5912; baseline -0.004 -12"><span class='ocrx_word' id='word_1_736' title='bbox 855 5847 898 5877; x_wconf 81' lang='grc'>¹⁶</span> <span class='ocrx_word' id='word_1_737' title='bbox 924 5846 1136 5900; x_wconf 59' lang='grc' dir='ltr'><strong>Εοιοηδ.</strong></span> <span class='ocrx_word' id='word_1_738' title='bbox 1173 5862 1247 5912; x_wconf 89' lang='grc' dir='ltr'>ιιι,</span> <span class='ocrx_word' id='word_1_739' title='bbox 1280 5847 1332 5911; x_wconf 68' lang='grc' dir='ltr'>ιι,</span> <span class='ocrx_word' id='word_1_740' title='bbox 1372 5845 1425 5898; x_wconf 78' lang='grc' dir='ltr'><strong>Ξὶ.</strong></span> <span class='ocrx_word' id='word_1_741' title='bbox 1506 5845 1543 5876; x_wconf 69' lang='grc'>⁸⁷</span> <span class='ocrx_word' id='word_1_742' title='bbox 1576 5842 1733 5897; x_wconf 70' lang='lat' dir='ltr'><strong>item.</strong></span> <span class='ocrx_word' id='word_1_743' title='bbox 1770 5858 1867 5906; x_wconf 78' lang='lat' dir='ltr'><strong>xu,</strong></span> <span class='ocrx_word' id='word_1_744' title='bbox 1898 5842 1984 5895; x_wconf 90' lang='lat' dir='ltr'><strong>ll.</strong></span> 
     </span>
    </p>
   </div>
   <div class='ocr_carea' id='block_1_108' title="bbox 2527 4999 4043 5082">
    <p class='ocr_par' dir='ltr' id='par_1_108' title="bbox 2527 4999 4043 5082">
     <span class='ocr_line' id='line_1_108' title="bbox 2527 4999 4043 5082; baseline -0.013 -12"><span class='ocrx_word' id='word_1_745' title='bbox 2527 5015 2823 5078; x_wconf 86' lang='grc' dir='ltr'>Τοιαύταις</span> <span class='ocrx_word' id='word_1_746' title='bbox 2874 5013 2964 5067; x_wconf 73' lang='grc' dir='ltr'>ἀεὶ</span> <span class='ocrx_word' id='word_1_747' title='bbox 3020 5006 3423 5082; x_wconf 88' lang='grc' dir='ltr'>παραγγελίαις</span> <span class='ocrx_word' id='word_1_748' title='bbox 3477 5005 3507 5056; x_wconf 90' lang='grc' dir='ltr'>ὁ</span> <span class='ocrx_word' id='word_1_749' title='bbox 3569 5003 3713 5064; x_wconf 85' lang='grc' dir='ltr'>θεῖος</span> <span class='ocrx_word' id='word_1_750' title='bbox 3754 4999 4043 5068; x_wconf 78' lang='grc' dir='ltr'>Ἰγνάτιος,</span> 
     </span>
    </p>
   </div>
   <div class='ocr_carea' id='block_1_109' title="bbox 2453 5090 4046 5171">
    <p class='ocr_par' dir='ltr' id='par_1_109' title="bbox 2453 5090 4046 5171">
     <span class='ocr_line' id='line_1_109' title="bbox 2453 5090 4046 5171; baseline -0.014 -8"><span class='ocrx_word' id='word_1_751' title='bbox 2453 5109 2732 5171; x_wconf 88' lang='grc' dir='ltr'>τοιαύταις</span> <span class='ocrx_word' id='word_1_752' title='bbox 2771 5104 3078 5167; x_wconf 86' lang='grc' dir='ltr'>νουθεσίαις</span> <span class='ocrx_word' id='word_1_753' title='bbox 3123 5102 3216 5156; x_wconf 81' lang='grc' dir='ltr'>καὶ</span> <span class='ocrx_word' id='word_1_754' title='bbox 3249 5096 3624 5157; x_wconf 82' lang='grc' dir='ltr'>διδασκαλίαις</span> <span class='ocrx_word' id='word_1_755' title='bbox 3675 5090 4046 5162; x_wconf 78' lang='grc' dir='ltr'>κεχρημένος,</span> 
     </span>
    </p>
   </div>
   <div class='ocr_carea' id='block_1_110' title="bbox 2456 5185 4048 5273">
    <p class='ocr_par' dir='ltr' id='par_1_110' title="bbox 2456 5185 4048 5273">
     <span class='ocr_line' id='line_1_110' title="bbox 2456 5185 4048 5273; baseline -0.013 -18"><span class='ocrx_word' id='word_1_756' title='bbox 2456 5206 2552 5255; x_wconf 78' lang='grc' dir='ltr'>καὶ</span> <span class='ocrx_word' id='word_1_757' title='bbox 2600 5202 2706 5273; x_wconf 76' lang='grc' dir='ltr'>ἰδία</span> <span class='ocrx_word' id='word_1_758' title='bbox 2741 5200 2838 5271; x_wconf 84' lang='grc' dir='ltr'>μὲν</span> <span class='ocrx_word' id='word_1_759' title='bbox 2886 5200 3012 5262; x_wconf 79' lang='grc' dir='ltr'>τοὺς</span> <span class='ocrx_word' id='word_1_760' title='bbox 3058 5195 3384 5269; x_wconf 80' lang='grc' dir='ltr'>μοναχικοὺς</span> <span class='ocrx_word' id='word_1_761' title='bbox 3443 5191 3539 5245; x_wconf 78' lang='grc' dir='ltr'>καὶ</span> <span class='ocrx_word' id='word_1_762' title='bbox 3575 5187 3911 5260; x_wconf 75' lang='grc' dir='ltr'>ἐρημικοὺς,</span> <span class='ocrx_word' id='word_1_763' title='bbox 3964 5185 4048 5247; x_wconf 83' lang='grc' dir='ltr'><strong>ὡς</strong></span> 
     </span>
    </p>
   </div>
   <div class='ocr_carea' id='block_1_111' title="bbox 2455 5274 4047 5362">
    <p class='ocr_par' dir='ltr' id='par_1_111' title="bbox 2455 5274 4047 5362">
     <span class='ocr_line' id='line_1_111' title="bbox 2455 5274 4047 5362; baseline -0.013 -16"><span class='ocrx_word' id='word_1_764' title='bbox 2455 5291 2940 5362; x_wconf 86' lang='grc' dir='ltr'>πρακτικωτέρους</span> <span class='ocrx_word' id='word_1_765' title='bbox 2966 5291 3084 5352; x_wconf 87' lang='grc' dir='ltr'>ταῖς</span> <span class='ocrx_word' id='word_1_766' title='bbox 3116 5284 3457 5357; x_wconf 84' lang='grc' dir='ltr'>ἐμπράκτοις</span> <span class='ocrx_word' id='word_1_767' title='bbox 3485 5280 3726 5350; x_wconf 84' lang='grc' dir='ltr'>ὁμιλίαις</span> <span class='ocrx_word' id='word_1_768' title='bbox 3774 5274 4047 5346; x_wconf 77' lang='grc' dir='ltr'>ψυχαγω-</span> 
     </span>
    </p>
   </div>
   <div class='ocr_carea' id='block_1_112' title="bbox 2458 5366 4037 5451">
    <p class='ocr_par' dir='ltr' id='par_1_112' title="bbox 2458 5366 4037 5451">
     <span class='ocr_line' id='line_1_112' title="bbox 2458 5366 4037 5451; baseline -0.012 -15"><span class='ocrx_word' id='word_1_769' title='bbox 2458 5384 2593 5451; x_wconf 81' lang='grc' dir='ltr'>γῶν,</span> <span class='ocrx_word' id='word_1_770' title='bbox 2626 5381 2829 5435; x_wconf 78' lang='grc' dir='ltr'>καὶτὸν</span> <span class='ocrx_word' id='word_1_771' title='bbox 2859 5379 3024 5432; x_wconf 80' lang='grc' dir='ltr'>πόθον</span> <span class='ocrx_word' id='word_1_772' title='bbox 3050 5379 3236 5441; x_wconf 77' lang='grc' dir='ltr'>αὐτοῖς</span> <span class='ocrx_word' id='word_1_773' title='bbox 3266 5375 3367 5445; x_wconf 82' lang='grc' dir='ltr'>τῆς</span> <span class='ocrx_word' id='word_1_774' title='bbox 3399 5373 3687 5442; x_wconf 82' lang='grc' dir='ltr'>ἀσκήσεως</span> <span class='ocrx_word' id='word_1_775' title='bbox 3715 5366 4037 5430; x_wconf 85' lang='grc' dir='ltr'>ἐπιτείνων,</span> 
     </span>
    </p>
   </div>
   <div class='ocr_carea' id='block_1_113' title="bbox 2464 5458 4051 5544">
    <p class='ocr_par' dir='ltr' id='par_1_113' title="bbox 2464 5458 4051 5544">
     <span class='ocr_line' id='line_1_113' title="bbox 2464 5458 4051 5544; baseline -0.013 -16"><span class='ocrx_word' id='word_1_776' title='bbox 2464 5475 2571 5544; x_wconf 76' lang='grc' dir='ltr'>ἰδίᾳ</span> <span class='ocrx_word' id='word_1_777' title='bbox 2598 5473 2654 5527; x_wconf 87' lang='grc' dir='ltr'><strong>δὲ</strong></span> <span class='ocrx_word' id='word_1_778' title='bbox 2688 5476 2800 5535; x_wconf 84' lang='grc' dir='ltr'>τοῖς</span> <span class='ocrx_word' id='word_1_779' title='bbox 2855 5470 3125 5533; x_wconf 86' lang='grc' dir='ltr'>πλουσίοις</span> <span class='ocrx_word' id='word_1_780' title='bbox 3158 5464 3552 5538; x_wconf 82' lang='grc' dir='ltr'>παραγγέλλων</span> <span class='ocrx_word' id='word_1_781' title='bbox 3601 5461 3675 5532; x_wconf 80' lang='grc' dir='ltr'>μὴ</span> <span class='ocrx_word' id='word_1_782' title='bbox 3726 5458 4051 5528; x_wconf 78' lang='grc' dir='ltr'>ὑψηλοφρο-</span> 
     </span>
    </p>
   </div>
   <div class='ocr_carea' id='block_1_114' title="bbox 2461 5554 4050 5638">
    <p class='ocr_par' dir='ltr' id='par_1_114' title="bbox 2461 5554 4050 5638">
     <span class='ocr_line' id='line_1_114' title="bbox 2461 5554 4050 5638; baseline -0.014 -17"><span class='ocrx_word' id='word_1_783' title='bbox 2461 5571 2597 5631; x_wconf 85' lang='grc' dir='ltr'>νεῖν,</span> <span class='ocrx_word' id='word_1_784' title='bbox 2631 5566 2751 5638; x_wconf 85' lang='grc' dir='ltr'>μηδ’</span> <span class='ocrx_word' id='word_1_785' title='bbox 2784 5566 2872 5618; x_wconf 78' lang='grc' dir='ltr'>ἐπ’</span> <span class='ocrx_word' id='word_1_786' title='bbox 2902 5565 3192 5635; x_wconf 81' lang='grc' dir='ltr'>ἀδηλότητι</span> <span class='ocrx_word' id='word_1_787' title='bbox 3246 5559 3481 5614; x_wconf 87' lang='grc' dir='ltr'>πλούτου</span> <span class='ocrx_word' id='word_1_788' title='bbox 3520 5554 3842 5610; x_wconf 80' lang='grc' dir='ltr'>πεποιθέναι</span> <span class='ocrx_word' id='word_1_789' title='bbox 3870 5569 3883 5581; x_wconf 90' lang='grc'>·</span> <span class='ocrx_word' id='word_1_790' title='bbox 3928 5556 4050 5613; x_wconf 77' lang='grc' dir='ltr'>τοῖς</span> 
     </span>
    </p>
   </div>
   <div class='ocr_carea' id='block_1_115' title="bbox 2462 5648 4052 5732">
    <p class='ocr_par' dir='ltr' id='par_1_115' title="bbox 2462 5648 4052 5732">
     <span class='ocr_line' id='line_1_115' title="bbox 2462 5648 4052 5732; baseline -0.009 -17"><span class='ocrx_word' id='word_1_791' title='bbox 2462 5662 2688 5732; x_wconf 79' lang='grc' dir='ltr'>ἄρχουσι</span> <span class='ocrx_word' id='word_1_792' title='bbox 2722 5660 2797 5732; x_wconf 82' lang='grc' dir='ltr'>μὴ</span> <span class='ocrx_word' id='word_1_793' title='bbox 2854 5658 3203 5730; x_wconf 81' lang='grc' dir='ltr'>φυσιούσθαι,</span> <span class='ocrx_word' id='word_1_794' title='bbox 3257 5654 3393 5728; x_wconf 79' lang='grc' dir='ltr'>μηδὲ</span> <span class='ocrx_word' id='word_1_795' title='bbox 3450 5648 3883 5719; x_wconf 81' lang='grc' dir='ltr'>κατεπαίρεσθαι</span> <span class='ocrx_word' id='word_1_796' title='bbox 3933 5648 4052 5701; x_wconf 87' lang='grc' dir='ltr'><strong>τῶν</strong></span> 
     </span>
    </p>
   </div>
   <div class='ocr_carea' id='block_1_116' title="bbox 2065 5839 2581 5904">
    <p class='ocr_par' dir='ltr' id='par_1_116' title="bbox 2065 5839 2581 5904">
     <span class='ocr_line' id='line_1_116' title="bbox 2065 5839 2581 5904; baseline -0.012 -8"><span class='ocrx_word' id='word_1_797' title='bbox 2065 5841 2108 5873; x_wconf 78' lang='grc'><strong>’⁸</strong></span> <span class='ocrx_word' id='word_1_798' title='bbox 2136 5840 2289 5895; x_wconf 80' lang='lat' dir='ltr'><strong>Joan.</strong></span> <span class='ocrx_word' id='word_1_799' title='bbox 2330 5854 2440 5904; x_wconf 79' lang='lat' dir='ltr'><strong>xw,</strong></span> <span class='ocrx_word' id='word_1_800' title='bbox 2470 5839 2581 5891; x_wconf 73' lang='lat'><strong>‘21.’</strong></span> 
     </span>
    </p>
   </div>
  </div>
