4194 6432
188 402 291 464 557

1163 397 1339 459 VITA
1379 396 1441 457 S.
1480 394 1778 457 lGNATlI
1814 396 1925 459 CP.
1966 394 2308 455 ARCIllEl‘.

3353 394 3455 459 553

190 514 445 583 πενήτων
504 509 810 579 παραινῶνο
859 507 964 579 ἰδίᾳ
1029 507 1083 560 δὲ
1138 508 1302 560 πάλιν
1360 509 1523 578 ἱερεῖς
1574 523 1633 557 τε
1690 508 1783 559 καὶ

1891 514 2014 557 rent
2047 520 2060 557 :
2099 504 2457 573 principibus,
2486 518 2553 555 ne
2583 500 2723 555 fastu
2774 511 3076 572 turgerent,
3110 502 3453 560 lttttttiliorcs-

188 605 470 676 ἀρχιερεῖς
543 603 620 665 ὡς
682 598 1143 675 ίεραρχικώτατος
1193 602 1288 651 καὶ
1359 598 1780 669 γραφικώτατος

186 697 314 757 ταῖς
373 695 689 755 κανονικαίς
726 690 1111 761 θεσμοθεσίαις
1158 689 1659 761 ἐπανορθούμενον
1685 692 1780 743 καὶ

195 785 359 847 πᾶσι,
392 783 628 845 συνόλως
652 784 849 843 εἰπεῖν,
872 782 941 835 δι’
964 774 1039 834 ὧν
1061 781 1233 833 ἐποίει
1267 781 1362 833 καὶ
1386 778 1654 841 ἐδίδασκε,
1688 780 1779 831 τὸν

189 877 290 931 τοῦ
325 875 466 929 Θεοῦ
494 874 659 943 νόμον
698 874 794 927 καὶ
847 873 947 944 τήν
986 872 1207 941 ἐντολὴν
1262 870 1667 939 ὑποτιθέμενος,
1698 872 1779 933 εἰς

187 968 422 1039 λιπαρὸν
473 966 576 1037 ήδη
615 966 711 1019 καὶ
753 968 875 1019 πίον
906 964 1161 1034 ἐληλάκει
1184 963 1387 1033 γῆρας,
1426 962 1690 1033 ἐπεθύμει
1721 962 1781 1015 δὲ

185 1062 289 1130 τὴν
320 1059 605 1121 ἀνάλυσιν,
635 1059 730 1112 καὶ
754 1057 863 1110 τῶν
891 1058 1119 1127 χρονίων
1145 1058 1329 1109 κόπων
1363 1057 1457 1107 καὶ
1488 1056 1659 1109 νόσων
1684 1055 1780 1109 καὶ

186 1151 425 1220 θλίψεων
452 1149 638 1203 έτοὸθει
699 1149 798 1219 τήν
848 1149 1194 1217 ἀπαλλαγήν.
1255 1146 1366 1199 Καὶ
1434 1148 1617 1217 μέντοι
1683 1146 1780 1198 καὶ

185 1242 457 1311 τυγχάνει
497 1243 723 1308 ταύτης,
779 1240 873 1291 καὶ
923 1238 1010 1289 ἐπ’
1050 1238 1283 1303 ἀγαθαῖς
1312 1234 1450 1302 ἄγαν
1479 1233 1657 1288 ἐλπίσι
1685 1231 1777 1285 τοῦ

100 1322 106 1328 ’
189 1333 487 1403 μέλλοντος
517 1330 839 1384 ἀποτίθεται
873 1330 971 1399 τὴν
1004 1326 1292 1398 παροῦσαν
1321 1326 1489 1396 ζωήν.
1533 1325 1779 1391 Ἐξίστα-

183 1442 280 1478 ται
310 1423 560 1493 θορύϐων
589 1422 686 1475 καὶ⁸
715 1421 983 1491 ταραχῆς,
1015 1424 1107 1474 καὶ
1132 1420 1351 1489 φθόνου,
1387 1420 1581 1487 μίσους
1601 1433 1660 1469 τε
1685 1417 1778 1469 καὶ

185 1514 509 1581 ἀντιλογίας
535 1513 647 1566 τῶν
704 1512 921 1565 ἀτόπων
970 1509 1275 1579 ἀνθρώπων
1308 1508 1405 1561 καὶ
1452 1507 1775 1577 μοχθηρῶν·

186 1608 247 1661 ὲν
280 1607 480 1678 είρήνη
508 1604 566 1658 δὲ
595 1606 687 1657 επὶ
708 1603 771 1656 16
804 1604 936 1657 αὐτὸ
982 1601 1254 1672 ἐκοιμήθη
1282 1602 1377 1653 καὶ
1401 1599 1617 1654 ὕπνωσε
1637 1616 1650 1629 ·
1683 1600 1779 1652 καὶ

183 1700 266 1760 εἰς
294 1700 487 1767 χεῖρας
516 1696 722 1767 Κυρίου
747 1696 809 1749 τὸ
855 1692 1078 1764 πνεῦμα
1117 1688 1521 1765 παραθέμενος,
1556 1690 1778 1762 προστί-

186 1792 479 1854 θεταιτοτς
526 1791 696 1853 δείοις
755 1793 783 1845 6
819 1792 987 1854 ὅσιος,
1020 1792 1132 1853 τοῖς
1191 1790 1481 1860 ίεράρχαις
1531 1790 1561 1841 6
1604 1788 1778 1859 μέγας

1883 612 1988 666 que
2031 612 2140 665 pra:
2173 610 2230 647 se
2259 606 2531 649 contemni
2548 608 2684 649 rent.
2716 597 3458 665 Sigillatimetiatusacerdo—

1885 696 1966 740 tes
2014 697 2066 741 ct
2104 686 2376 739 antistites
2404 686 2518 755 ipse
2568 686 2839 741 maximus
2885 688 3109 741 antistes
3146 686 3455 741 divinarum

1882 791 1935 834 et
1959 780 2454 835 ecclesiasticarum
2480 780 2882 833 institutionum
2909 780 3218 848 cognitione
3244 781 3461 835 erudie-

1884 874 1995 927 bat.
2036 873 2277 943 Denique
2304 888 2400 941 per
2422 872 2473 926 id
2510 888 2669 927 oume
2707 873 2854 942 quod
2905 872 3100 941 agebat
3132 883 3186 926 et
3206 873 3456 936 docebat.

1881 970 2158 1023 cmlestem
2196 969 2364 1037 legem
2403 982 2467 1021 ac
2495 976 2761 1035 pracepta
2817 964 3178 1035 preponebat.
3214 964 3459 1035 Cumque

1876 1060 1989 1128 jam
2018 1060 2084 1114 ad
2112 1068 2414 1114 extremam
2444 1058 2799 1125 ultimamque
2823 1066 3067 1127 vergeret
3096 1064 3458 1122 senectutem,

1882 1153 2103 1220 optabat
2127 1151 2284 1214 solvi,
2320 1150 2727 1217 multorumque
2749 1148 2995 1201 laborum
3023 1164 3087 1203 ac
3117 1148 3460 1211 morborum,

1881 1254 2042 1311 atque
2067 1241 2201 1295 adeo
2226 1248 2685 1295 totaerumuarum
2729 1236 2887 1309 linem
2915 1237 3280 1306 exspectabat,
3297 1251 3458 1306 quem

1882 1333 2101 1387 tandem
2122 1333 2289 1386 etiam
2316 1340 2399 1385 est
2428 1338 2779 1386 consecutus.
2805 1327 2939 1383 Nam
2968 1343 3064 1397 spe
3092 1335 3239 1382 certa
3264 1328 3461 1382 futuz-ze

1881 1424 2282 1494 consequenda:
2324 1432 2644 1491 praesentem
2674 1422 2841 1474 vitam
2906 1422 3081 1491 ponit,
3143 1421 3459 1473 turbarum-

1881 1535 1986 1588 que
2019 1526 2202 1572 motus
2255 1526 2421 1586 atque
2456 1515 2692 1571 invidias.
2728 1514 2948 1583 odiique
2993 1524 3046 1567 ct
3080 1514 3461 1568 insectationis

1883 1610 2185 1666 infelicium
2240 1619 2295 1663 et
2341 1609 2635 1678 impiormn
2678 1607 2893 1671 evadit;
2943 1616 3107 1676 atque
3156 1605 3208 1659 iu
3243 1621 3373 1675 pace
3409 1607 3462 1659 iu

1888 1704 2121 1772 itlipsum
2154 1702 2357 1756 dormit
2385 1710 2438 1754 et
2464 1699 2778 1769 requiescit,
2806 1698 3242 1767 spiritumqueiu
3266 1713 3463 1751 manus

1882 1795 2092 1849 Domini
2152 1793 2529 1856 commendat;
2572 1801 2735 1859 atque
2791 1789 3082 1858 apponitur
3130 1788 3196 1842 ad
3246 1778 3465 1843 sanctos

189 1885 480 1955 ispa'pxq;,
501 1885 614 1946 τοῖς
644 1883 1001 1954 ὁμολογηταῇ
1034 1882 1063 1934 6
1089 1882 1449 1953 ὁμολογητὴς,
1478 1880 1574 1933 καὶ
1605 1879 1788 1950 μεγά-¹

1889 1896 2122 1947 sanctus,
2156 1882 2551 1949 atlhierarchas
2571 1896 2797 1951 magnus
2818 1880 3125 1942 hierarelta,
3155 1881 3222 1933 ad
3249 1878 3467 1933 confcs-

187 1975 299 2038 λοις
334 1977 612 2047 Πατράσιν
635 1978 664 2029 6
692 1976 831 2046 ὑπὲρ
858 1974 1203 2045 δικαιοσύνης
1228 1973 1364 2027 Θεοῦ
1405 1974 1499 2028 καὶ
1523 1972 1779 2042 ἀληθείας

185 2070 407 2133 οὐδενὸς
436 2071 658 2124 ἔλαττον
692 2070 919 2123 ἐκείνων
945 2066 1320 2132 κεκοπιακὼς.

265 2249 459 2315 ’Ᾱξιον
484 2250 543 2301 δὲ
585 2248 721 2317 μηδι
768 2248 861 2300 τὸν
898 2247 1103 2317 τρόπον
1140 2246 1243 2315 τῆς
1276 2230 1443 2298 αὐτοῦ
1496 2242 1765 2312 παραδρασ

195 2344 325 2412 μεῖν
361 2342 772 2411 μεταστάσεως.
818 2339 1038 2393 Ἐκειτο
1065 2340 1165 2409 μὲν
1190 2339 1258 2390 τὰ
1284 2337 1569 2389 τελευταῖα
1600 2335 1782 2387 πνέων

187 2437 221 2490 6
252 2435 435 2505 άγιος,
476 2434 571 2488 καὶ
598 2436 761 2499 αὐτὸς
792 2434 936 2488 κατὰ
967 2435 1062 2486 τὸν
1109 2432 1284 2503 μέγαν
1313 2432 1520 2483 ἐκεῖνον
1551 2426 1656 2482 ὑπὸ
1684 2429 1783 2497 τῆς

196 2529 312 2582 ἄνω
355 2528 720 2597 χοροστασίαις
748 2525 1183 2596 έπιζητούμενος
1205 2539 1218 2553 ·
1250 2523 1345 2576 καὶ
1374 2522 1443 2574 τὰ
1470 2522 1566 2591 τῆς
1596 2520 1783 2589 φωνῆς

191 2619 409 2689 ὄργανα
455 2617 634 2687 τούτῳ
680 2618 782 2687 ήδη
812 2616 1076 2685 παρείθη,
1117 2616 1211 2667 καὶ
1237 2615 1271 2684 ὴ
1311 2612 1514 2680 ζωτικὴ
1556 2610 1785 2680 δύναμις

191 2712 357 2779 ισὸη,
394 2709 492 2762 καὶ
542 2709 611 2761 τὰ
647 2708 783 2779 μέλη
821 2709 991 2779 νεκρὰ
1023 2708 1223 2769 πάντα,
1256 2705 1351 2759 καὶ
1372 2705 1470 2772 ὅλη
1495 2706 1596 2774 τῆς
1624 2703 1785 2769 ἐκδη-

196 2802 336 2874 μίας
374 2798 445 2872 ἦν
482 2801 712 2872 ήψυχή.
742 2803 850 2855 Καὶ
883 2801 991 2874 ίδοὺ
1023 2802 1053 2854 6
1085 2800 1370 2869 ὑπηρέτης
1396 2798 1538 2850 κατὰ
1575 2797 1666 2849 16v
1691 2796 1787 2863 τῆς

206 2870 537 2966 Ἐκκλησίας
556 2870 751 2948 τύπον⁹
784 2870 950 2965 μέσαί
963 2893 1021 2947 δὲ
1045 2892 1238 2955 νύκτες
1261 2888 1402 2962 ἦσαν
1422 2908 1435 2922 '
1462 2892 1553 2944 καὶ
1579 2890 1789 2960 μεγάλῃ
1824 2884 1832 2891 ’

192 2992 348 3059 φωνῇ
412 2987 497 3051 16,
532 2987 871 3056 Εύλόγησον,
901 2987 1169 3051 Δέσποτα,
1213 2985 1353 3055 βοῶν
1386 2986 1784 3053 άνακέκραγεν.

195 3079 311 3134 Καὶ
341 3081 372 3133 6
406 3079 681 3151 μακάριος
716 3079 906 3150 ήρέμᾳ
956 3081 1023 3149 τῇ
1058 3079 1207 3150 χειρὶ
1234 3077 1296 3131 16
1326 3079 1503 3147 στόμα
1553 3075 1790 3147 σφραγί-

195 3187 322 3233 σας,
355 3172 454 3223 καὶ
508 3172 577 3224 τά
615 3171 774 3240 τίμια
814 3169 967 3239 χείλη
1025 3169 1202 3241 βραχὺ
1258 3166 1567 3237 κεκινηκώς
1590 3184 1605 3198 ν
1636 3168 1790 3237 μόλις

194 3265 566 3336 διακουομένῃ
607 3266 721 3327 τοῖς
758 3263 986 3332 ἔγγιστα
1034 3260 1381 3331 παρεστῶσιν
1438 3258 1670 3311 ἐπύθετο
1723 3260 1789 3328 τῇ

196 3361 356 3428 φωνῇ
378 3374 394 3388 ·
420 3355 579 3420 Τίνος
598 3356 755 3425 ἁγίου
787 3358 1026 3425 σήμερον
1057 3354 1244 3423 μνήμη
1267 3367 1281 3416 ;
1304 3352 1366 3403 υί
1393 3350 1473 3411 δὲ,
1518 3349 1793 3413 Ἰακώϐου,

196 3450 363 3519 φασὶ,
392 3449 490 3502 τοῦ
524 3448 871 3517 άδελφοθέου,
903 3445 999 3499 τοῦ
1018 3445 1173 3513 φίλου
1202 3460 1317 3505 σου,
1350 3436 1395 3496 ὦ
1424 3442 1680 3495 δέσποτα.
1732 3442 1789 3494 '0

195 3543 257 3597 δὲ
305 3542 582 3613 μακάριος
605 3542 745 3612 πρὸς
780 3540 996 3603 αὐτοὺς,
1036 3536 1142 3591 Τοῦ
1169 3537 1428 3589 δεσπότου
1467 3552 1590 3605 μου,
1620 3552 1792 3587 κατι-

197 3634 473 3697 νυκτικῶς
504 3632 608 3704 ἔφη
632 3650 649 3666 ο
702 3632 889 3686 λοιπὸν
932 3630 1192 3696 σώζεσθε.
1244 3624 1375 3682 Εῐτα
1402 3627 1551 3696 λέγει
1574 3643 1590 3659 ο
1629 3627 1795 3679 Εὐλο-

197 3726 375 3794 γητὸς
407 3725 436 3777 6
464 3724 600 3788 Θεὸς
625 3726 659 3793 ἡ
668 3723 791 3793 μῶν
813 3724 1068 3787 πάντοτε,
1095 3721 1190 3774 νῦν
1218 3720 1313 3773 καὶ
1339 3719 1427 3772 ἀεὶ
1443 3719 1537 3771 καὶ
1570 3708 1648 3779 si;
1670 3717 1798 3780 τοὺς

208 3818 424 3880 αἰῶνας
462 3817 574 3870 τῶν
604 3816 838 3870 αίώνων.
886 3817 1081 3886 Ἀμήν.
1134 3815 1244 3868 Καὶ
1281 3814 1399 3883 ἃμα
1428 3815 1496 3883 τῇ
1521 3811 1798 3881 δοξολογέᾳ

200 3908 576 3980 περιαπῆλθε,
613 3910 710 3963 καὶ⁸
766 3911 833 3979 τῇ
884 3907 1211 3978 εὐχαριστίᾳ
1272 3904 1644 3977 συγκατέληξε
1696 3906 1795 3975 τήν

199 4004 374 4071 ζωήν.
421 4002 603 4066 Εὐθὺς
638 3997 733 4056 οὖν
784 4001 1073 4069 κηδεύουσι
1114 4002 1214 4070 τήν
1264 3998 1433 4068 ζωὴν,
1466 3997 1541 4061 ῶς
1603 3997 1667 4051 ἄν
1712 4012 1797 4059 τις

198 4097 336 4166 εἴπῃ
382 4093 553 4148 αὐτόν
578 4110 595 4126 ο
622 4093 737 4164 ζωὴ
760 4094 890 4162 γὰρ,
922 4092 1045 4145 ἐπεὶ
1073 4090 1311 4161 μετέστη
1341 4088 1478 4160 πρὸς
1508 4086 1607 4158 τὴν
1626 4086 1793 4155 ζωὴν,

200 4189 304 4241 καὶ
331 4186 477 4251 εστι,
517 4185 612 4239 καὶ
637 4184 830 4254 γέγονε
850 4203 864 4217 ο
898 4184 995 4238 καὶ
1019 4182 1118 4254 τὴν
1153 4179 1475 4252 ίεραρχικὴν
1498 4179 1551 4233 oi
1582 4179 1794 4243 οἰκεῖοι,

198 4279 281 4341 ὡς
302 4277 454 4343 ἔθος,
479 4276 877 4347 ἀμφιεννύντες
912 4275 1127 4344 στολὴν,
1161 4274 1249 4325 ἐπ’
1280 4273 1418 4342 αὐτῇ
1484 4271 1581 4325 καὶ
1630 4268 1795 4323 σεσα-

202 4368 378 4439 σμίαν
403 4367 555 4437 αὐτῷ
582 4366 835 4437 ἐπωμίδα
863 4366 957 4419 τοῦ
980 4363 1303 4430 άδελφοθέου
1336 4362 1649 4433 σεδασμίως
1674 4363 1795 4413 tm-

201 4462 523 4527 ϐάλλουσιν,
553 4462 623 4533 ἢν
657 4461 765 4533 πρὸ
808 4461 1017 4531 χρόνων
1070 4458 1233 4511 τινῶν
1288 4458 1346 4524 ἐξ
1403 4454 1793 4528 Ἰεροσολύμων

1880 1991 2032 2032 seres
2051 1998 2066 2029 ι
2082 1974 2347 2037 oufessor,
2371 1974 2436 2029 ad
2460 1990 2684 2044 magnos
2706 1974 2891 2029 Patres
2922 1973 3010 2027 ille
3025 1988 3120 2042 pro
3141 1971 3230 2026 Dei
3256 1972 3467 2042 justitia

1880 2081 1936 2126 et
1968 2058 2194 2125 veritate
2234 2085 2340 2123 non
2374 2069 2555 2122 minus
2586 2078 2749 2136 atque
2806 2067 2883 2121 illi
2943 2067 3239 2121 certamine
3268 2064 3466 2135 fatiga-

1813 2165 1821 2175 '
1885 2173 1993 2217 tus.

1957 2256 2249 2311 Enimvero
2281 2271 2375 2325 par
2408 2262 2512 2319 est,
2544 2262 2601 2307 ut
2628 2268 2741 2323 quo
2774 2261 2933 2322 pacto
2958 2253 3023 2304 de
3070 2250 3305 2305 statione
3344 2252 3469 2325 vitze

1884 2347 2199 2414 decesserit,
2251 2361 2608 2417 exponamus.
2654 2342 2877 2398 «Ιτιειιιιειι
2909 2353 3133 2398 sanctus
3162 2324 3466 2398 extremuni

1882 2456 2200 2512 agrumque
2239 2441 2463 2493 trahens
2493 2437 2772 2507 spiritum,
2824 2437 2953 2490 dum
2982 2450 3036 2491 et
3087 2437 3224 2506 ipse.
3257 2447 3313 2490 ut
3342 2453 3461 2490 ma-

1886 2548 2026 2605 gnus
2056 2533 2145 2587 ille
2170 2532 2308 2602 (ll).
2345 2545 2375 2582 a
2424 2529 2631 2584 cmlcsti
2676 2530 2846 2582 choro
2888 2538 3316 2598 exspectaretur.
3346 2526 3467 2581 Jam

1888 2626 2037 2679 vocis
2100 2624 2461 2677 instrumenta
2514 2636 2678 2690 prepe
2716 2630 2826 2674 tota
2878 2622 3210 2684 ceciderant,
3257 2620 3469 2675 vitalis-

1889 2732 1996 2786 que
2059 2730 2192 2769 aura
2250 2713 2544 2775 defecerat,
2602 2727 2904 2781 omnesque
2970 2722 3126 2767 artus
3171 2713 3467 2767 exanimati

1889 2819 2083 2871 erant;
2142 2806 2254 2876 ipsa
2310 2806 2545 2873 denique
2583 2804 2765 2857 anima
2808 2804 3024 2857 nonnisi
3076 2804 3468 2874 profectionem

1890 2900 2190 2969 spectabat.
2215 2898 2349 2953 Cum
2380 2912 2506 2949 ecce
2533 2897 2630 2951 tibi
2662 2896 2910 2963 minister
2933 2912 3032 2966 pro
3055 2901 3179 2963 ,ritu
3217 2897 3471 2952 Ecclesia:

1892 3008 2107 3048 summa
2168 2999 2325 3045 nocte
2354 2990 2559 3059 ingenti
2612 3004 2744 3043 voce
2790 2988 2920 3043 illud
2973 2989 3264 3043 solemne:
3309 2989 3470 3055 Jube,

1893 3079 2502 3159 «lonzine,benedicere,
2523 3075 3123 3151 intonatet'proclamat
3155 3099 3170 3137 :
3199 3093 3248 3137 et
3282 3084 3470 3137 beatus

1898 3180 2100 3234 sensim
2138 3195 2301 3233 manu
2337 3194 2430 3232 ora
2480 3178 2723 3245 signans,
2789 3176 3114 3245 modiceque
3163 3180 3467 3231 veneranda

1899 3271 2041 3324 lahia
2111 3279 2347 3331 mutnus,
2381 3282 2513 3320 voce
2545 3266 2926 3327 intermortua,
2969 3278 3130 3332 quam
3185 3278 3346 3331 :egre,
3377 3264 3469 3332 qui

1898 3361 2131 3432 proximi
2164 3362 2400 3422 stabant,
2430 3357 2819 3428 percipiebant,
2857 3344 3074 3425 qti:erit,
3100 3354 3257 3421 cujus
3287 3370 3351 3408 ea
3383 3357 3471 3406 the

1897 3453 2159 3507 memoria
2196 3452 2368 3506 sancti
2426 3448 2750 3504 celebretur.
2793 3445 3005 3511 Jacobi,
3052 3446 3326 3515 inquiunt.
3372 3445 3472 3498 do-

1896 3546 2063 3611 mine,
2100 3544 2285 3598 fratris
2340 3526 2575 3597 Domini.
2605 3538 2742 3595 Cum
2799 3553 2998 3609 magno
3036 3553 3197 3592 sensu
3252 3539 3470 3606 pictatis

1886 3621 2071 3707 inquit
2100 3656 2113 3692 :
2144 3636 2267 3691 Mei.
2296 3633 2480 3689 Valete
2502 3648 2667 3704 ergo:
2697 3641 2810 3685 tum
2843 3632 2917 3685 ait
2941 3647 2959 3685 :
2985 3629 3305 3685 Benedictus
3326 3631 3467 3684 Deus

1898 3724 2283 3785 noster‘ontni
2340 3736 2607 3797 tempore,
2654 3733 2711 3779 et
2765 3739 2931 3789 nttnc,
2965 3734 3019 3777 et
3052 3738 3289 3793 semper,
3322 3734 3374 3777 et
3412 3724 3467 3777 in

1897 3821 2095 3877 szecula
2129 3820 2481 3874 saeculorum.
2534 3818 2728 3871 Amen.
2767 3814 3054 3885 Simulque
3087 3831 3208 3869 eum
3268 3816 3470 3886 hymno

1895 3924 1947 3967 et
1975 3912 2271 3983 gratiarum
2301 3909 2515 3964 actione
2557 3909 2800 3963 animam
2825 3908 3033 3972 'ctlitlit,
3070 3907 3470 3977 mortalemque

1897 4005 2061 4058 vitam
2123 4002 2363 4072 reliquit.
2407 4000 2600 4056 Statim
2637 4000 2803 4072 igitur
2831 4013 2939 4053 non
2986 4006 3097 4053 tam
3152 3998 3338 4064 funus,
3375 4013 3471 4052 seu

1898 4105 2129 4149 mortem
2154 4094 2327 4157 dicas,
2355 4108 2519 4164 quam
2553 4092 2718 4147 vitam
2779 4100 2975 4146 curant
3029 4092 3175 4160 (nam
3207 4094 3333 4160 qu'a
3369 4092 3475 4144 mi-

1900 4185 2078 4253 gravit
2099 4182 2165 4237 ad
2203 4183 2390 4248 vitam,
2421 4191 2475 4237 et
2497 4191 2605 4245 est,
2628 4193 2683 4237 et
2718 4182 2896 4238 factus
2916 4192 3000 4237 est
3028 4183 3178 4248 vita),
3214 4183 3475 4252 illumque

1895 4290 2053 4331 sacro
2071 4274 2387 4345 patriarchae
2414 4285 2610 4330 ornatu
2634 4291 2701 4329 ex
2727 4291 2881 4330 more
2903 4276 3189 4329 domestici
3213 4261 3477 4336 vestiunt."

1894 4379 1949 4422 et
1974 4368 2339 4423 venerandum
2374 4366 2562 4422 Jacobi
2623 4367 2811 4423 fratris
2847 4367 3059 4421 Domini
3113 4370 3476 4437 super-hume—

1895 4460 2007 4515 rale
2034 4476 2160 4515 cum
2187 4460 2535 4514 veneratione
2568 4458 2643 4512 illi
2668 4459 2919 4521 induunt,
2954 4456 3097 4527 quod
3119 4466 3244 4510 ante
3267 4458 3315 4510 al
3342 4469 3476 4527 quot

200 4552 615 4607 ἀποσταλεῖσαν
667 4550 817 4621 αύτῷ
856 4550 1031 4613 οὓτως
1065 4549 1228 4619 ὶτίμα
1280 4549 1374 4601 καὶ
1435 4545 1788 4608 πανευλαῦῶς

1902 4568 2078 4608 annos
2107 4551 2503 4624 Hierosolymis
2528 4551 2630 4607 sibi
2666 4552 2894 4604 missum
2926 4558 3077 4603 tanta
3126 4551 3477 4602 veneratione

199 4645 459 4709 ἐσέϐετο,
484 4644 561 4708 ῶς
584 4644 975 4698 αὐτὸνὲκεῖνον
1018 4639 1274 4696 Ἰάκωϐον
1306 4640 1397 4693 τὸν
1420 4638 1594 4709 μέγαν
1634 4637 1792 4690 ’Λπό-

203 4737 402 4791 στολον
433 4734 531 4787 καὶ
560 4734 776 4805 πρῶτον
807 4732 1068 4803 ίεράρχην
1090 4733 1149 4785 έν
1175 4731 1311 4801 αὐτῇ
1335 4730 1581 4799 καθορῶν
1612 4744 1625 4756 ·
1659 4726 1794 4781 ταύ-

198 4846 313 4897 την
343 4827 497 4896 αύτῷ
520 4826 608 4879 διὰ
632 4826 791 4880 τοῦτο
813 4825 908 4879 καὶ
939 4824 1277 4892 συνταφῆναι
1308 4821 1649 4887 κατεδέξατο.
1683 4821 1793 4875 Καὶ

204 4922 399 4990 μέντοι
454 4919 597 4971 κατὰ
623 4918 723 4988 τήν
756 4918 965 4970 ἐκείνου
994 4917 1215 4987 μνήμην
1248 4932 1261 4946 ·
1300 4916 1476 4969 είκάδι
1501 4917 1609 4981 γὰρ
1631 4912 1791 4985 τρίτῃ

212 5012 558 5081 ’ωτωῦρίου
581 5013 672 5063 καὶ
696 5011 861 5074 αὐτὸς
883 5011 1064 5080 ἀπῆρε
1088 5011 1222 5081 πρδς
1246 5009 1470 5081 Κύριον.
1494 5008 1797 5076 Ἐνδειγμα

199 5104 371 5158 τοῦτο
389 5103 564 5171 σαφὲς
584 5103 683 5177 τῆς
709 5104 845 5173 πρὸς
876 5102 968 5158 τὸν
988 5104 1217 5172 ἀδελφὸν
1234 5081 1330 5155 τοῦ
1358 5102 1562 5172 Κυρίου
1582 5098 1795 5153 οἰκειώ-

201 5196 346 5259 σεὼς
371 5213 437 5248 τε
463 5195 630 5249 αὑτοῦ
657 5197 749 5249 καὶ
800 5202 1203 5265 μεταστάσεως.
1235 5194 1391 5249 Οὕτω
1432 5195 1529 5263 μὲν
1556 5189 1649 5247 οὖν
1676 5193 1793 5245 τότε

198 5290 264 5342 τὸ
296 5290 483 5359 τίμιον
506 5290 685 5341 έκεῖνο
722 5290 894 5357 δέμας
949 5291 1044 5343 καὶ⁵
1081 5289 1223 5356 ἱερὸν
1257 5287 1420 5357 ἱερῶς
1467 5288 1560 5340 καὶ
1592 5287 1790 5357 τιμίως

199 5381 697 5452 ὲνταφιαζὸμενον,
717 5383 1087 5455 γλωσσοκὸμῳ
1104 5382 1298 5452 ξυλίνῳ
1318 5380 1788 5451 κατακρύπτεται,

201 5474 302 5528 καὶ
358 5473 497 5544 πρὸς
550 5472 631 5543 τῷ
675 5472 788 5544 ναῷ
835 5474 931 5544 τῆς
960 5473 1054 5526 τοῦ
1110 5472 1246 5525 Θεοῦ
1295 5471 1538 5542 μεγάλης
1593 5470 1792 5536 Σοφίας

202 5567 428 5637 πρῶτον
464 5565 785 5631 κατατεθὶν,
815 5568 912 5637 τῆς
948 5566 1334 5638 προσηκούσης
1370 5564 1679 5633 δόξολογίας
1731 5580 1789 5616 τε

200 5662 300 5713 καὶ
326 5661 758 5731 προσκυνήσεως
780 5659 1151 5725 καταξιοῦται.

1905 4656 2232 4717 prosecutus
2277 4654 2380 4709 est,
2428 4659 2493 4699 ac
2526 4644 2570 4700 si
2621 4643 2799 4713 ipsum
2838 4641 3103 4697 Jacobum
3144 4641 3475 4712 apostolum,

1903 4746 1958 4792 et
1994 4737 2227 4807 primum
2276 4736 2331 4790 in
2389 4751 2456 4791 eo
2510 4734 2777 4789 humerali
2825 4733 3131 4804 pontificem
3184 4744 3473 4802 spectaret.

1900 4828 2013 4883 lloc
2048 4837 2333 4898 propterea
2364 4828 2536 4881 voluit
2578 4837 2635 4881 ut
2665 4843 2851 4882 secum
2885 4826 3226 4895 sepeliretur.
3263 4826 3325 4879 Et
3347 4843 3371 4879 s
3412 4842 3479 4878 ne

1898 4923 1990 4977 illo
2018 4923 2136 4991 ipso
2182 4922 2270 4975 die
2319 4922 2597 4975 memorias
2658 4922 2831 4974 sancti
2893 4918 3083 4973 Jacobi
3130 4935 3309 4981 sacro,
3361 4918 3475 4987 ipse

1897 5030 2116 5084 quoque
2147 5012 2387 5083 lgnatius
2422 5030 2485 5066 ex
2519 5014 2620 5067 hac
2655 5015 2761 5066 vita
2788 5014 2874 5066 die
2905 5014 3065 5065 tertia
3098 5027 3275 5081 supra
3324 5012 3473 5064 vice-

1901 5108 2092 5164 simam
2120 5106 2372 5161 Octobris
2400 5108 2465 5162 ad
2494 5106 2777 5161 Dominum
2825 5105 3132 5176 emigravit,
3173 5099 3333 5159 'ccrto
3378 5104 3473 5157 atl-

1906 5196 2129 5251 motlum
2170 5196 2377 5250 indicio
2406 5195 2791 5250 familiaritatis
2827 5211 2952 5264 erga
2988 5194 3209 5248 fratrem
3261 5194 3476 5247 Domini

1898 5298 1953 5342 et
1980 5289 2321 5357 migrationis
2350 5290 2415 5342 ad
2452 5289 2603 5342 illum
2635 5296 2882 5357 accepto.
2923 5288 3097 5356 Atque
3142 5289 3220 5342 sic
3250 5290 3473 5356 quidem

1899 5396 2115 5436 sacrum
2138 5381 2269 5435 illud
2300 5393 2352 5435 ct
2374 5380 2679 5435 venerabile
2697 5380 2891 5450 pignus
2920 5390 3106 5433 sancte
3140 5389 3192 5434 et
3222 5382 3475 5451 religiose

1901 5475 1964 5527 ad
1996 5474 2159 5528 funus
2180 5474 2566 5543 compositum,
2600 5455 2780 5543 ligneo
2805 5474 3148 5542 sarcolthago
3173 5476 3465 5540 clauditur,

1902 5577 2069 5637 atque
2122 5568 2189 5621 ad
2241 5566 2543 5637 principem
2614 5565 2831 5635 Sepltia:
2865 5566 3034 5620 aedem
3098 5567 3465 5635 deportatum,

1897 5659 2174 5730 exsequiis
2211 5670 2263 5715 et
2292 5657 2455 5729 justis
2493 5674 2592 5729 pro
2628 5658 2891 5729 dignitate
2934 5660 3254 5714 honoratur.

278 5839 390 5910 (ιι)
416 5838 663 5896 Basilius
694 5837 923 5905 scilicet,
953 5838 1019 5895 de
1047 5854 1155 5909 quo
1180 5836 1344 5911 Greg.
1370 5836 1501 5894 Naz.
1535 5838 1819 5911 sequentia
1846 5838 2009 5895 verba
2044 5836 2269 5909 protulit
2302 5844 2447 5893 orat.
2484 5836 2597 5893 fuu.
2630 5836 2683 5892 in
2718 5837 2967 5894 eumdem
2997 5834 3161 5893 Basil.
