4194 6432
774 355 880 416 559

776 556 983 620 tirctri,
1014 557 1067 609 in
1099 572 1208 625 quo
1238 558 1472 624 jarebat,
1506 560 1804 626 fragmenta
1842 556 2195 623 reliquiarum
2228 553 2348 604 levo

777 649 1097 703 ilistraxcrit
1124 658 1227 711 ,,et
1261 651 1439 703 velum
1472 666 1581 716 quo
1632 658 1806 702 tectus
1858 658 2008 713 erat,
2072 647 2126 700 in
2169 654 2348 715 partes

780 739 922 791 mille
947 739 1305 807 discerptum,
1350 741 1489 792 sacri
1528 740 1775 808 pignoris
1819 740 1936 791 loco
1972 740 2111 791 inter
2141 738 2256 806 pios
2281 736 2351 788 sit

775 830 1033 882 divisum.
1079 831 1214 883 Cum
1247 848 1379 899 ergo
1410 847 1611 899 corpus
1644 847 1786 899 a-gre
1816 846 1844 883 c
1876 829 2130 881 manilius
2164 825 2346 895 populi

773 932 919 976 esset
948 932 1217 992 ereptum,
1259 924 1324 976 ad
1378 923 1613 976 nobilem
1656 923 1835 990 magni
1892 919 2149 990 niarzyris
2184 916 2350 970 Mena:

775 1014 944 1069 :edem
982 1016 1263 1084 pervenit;
1296 1015 1480 1084 ibique
1550 1016 1866 1084 aliquandiu
1898 1012 2222 1081 depositum,
2258 1024 2348 1063 sa-

772 1108 884 1160 cris
926 1121 1143 1173 quoque
1192 1106 1410 1176 hymnis
1446 1106 1765 1164 houorihre.
1810 1113 1865 1157 ut
1918 1118 2015 1171 par
2071 1113 2209 1163 erat,
2265 1110 2350 1154 cst

771 1205 1078 1265 exceptum.
1107 1197 1161 1249 lu
1193 1214 1302 1266 quo
1334 1199 1451 1251 loco
1479 1198 1618 1251 bina:
1664 1197 1876 1249 femium
1906 1211 1935 1249 a
1992 1195 2148 1248 malis
2187 1207 2351 1247 occu-

774 1300 913 1358 patre
948 1291 1312 1355 daemonibus,
1375 1293 1820 1359 horrendumque
1875 1292 2181 1359 exagitabo.
2233 1287 2351 1341 solo

776 1384 975 1436 tumba:
1000 1394 1280 1444 contactu.
1304 1394 1583 1453 spectante
1605 1384 1864 1437 urtiverso
1894 1394 2060 1446 coetu,
2089 1382 2347 1445 liberatze,

772 1476 1144 1531 certissimam
1176 1479 1467 1531 sanitatem
1498 1485 1627 1530 sunt
1651 1486 1999 1539 consecutae;
2034 1490 2153 1542 quae
2180 1483 2232 1526 et
2269 1472 2352 1525 in-

772 1583 960 1639 gentes
994 1568 1104 1622 Deo
1138 1585 1330 1639 magna
1367 1584 1499 1623 voce
1534 1570 1740 1637 gratias
1770 1568 2169 1637 persolverunt.
2207 1563 2346 1618 llinc

774 1677 903 1714 vero
954 1676 1078 1714 cum
1129 1661 1430 1715 faniiliares
1496 1662 1733 1714 nobilem
1797 1661 1943 1714 hunc
1996 1660 2349 1729 reliquiarum

775 1751 1093 1802 thesaurum
1147 1752 1269 1803 nati
1314 1751 1727 1819 imposuissent,
1781 1764 2039 1818 mareque
2066 1749 2176 1816 jam
2225 1760 2351 1802 ante

775 1840 1124 1893 vehementer
1156 1841 1526 1907 intumuisset,
1562 1853 1616 1896 et
1650 1842 1885 1895 violenta
1942 1839 2061 1894 Noti
2114 1840 2348 1908 procella

775 1933 973 1985 lluetus
1033 1932 1366 1987 decuuiauos
1396 1934 1629 1997 tolleret,
1666 1934 1755 2002 qui
1811 1932 2209 2002 navigationem
2249 1933 2350 1985 im-

775 2025 1009 2091 pedituri
1041 2026 1379 2091 viderentur,
1423 2026 1585 2081 simul
1612 2042 1677 2081 ac
1698 2041 1854 2081 sacra
1891 2041 2019 2081 arca
2048 2042 2238 2080 navem
2268 2037 2349 2079 at-

776 2120 849 2187 tig
874 2129 913 2181 ι,
950 2118 1133 2171 statim
1164 2120 1362 2173 mirum
1399 2120 1531 2189 quid
1564 2129 1647 2173 est.
1676 2119 1958 2173 Dominiea
2002 2121 2205 2172 virtute
2269 2119 2348 2172 fa-

772 2220 919 2261 ctum
952 2227 964 2261 :
1003 2225 1125 2261 nam
1160 2226 1358 2279 magno
1390 2210 1480 2262 illo
1505 2210 1747 2262 antistite
1789 2209 2075 2277 proci-llam
2108 2208 2350 2261 invisibi-

773 2300 897 2351 liter
924 2300 1261 2368 increpante,
1283 2299 1534 2355 lluctibus
1558 2299 1753 2354 leniter
1777 2298 2120 2362 cadentibus,
2144 2298 2351 2366 placida

776 2407 923 2445 mare
952 2394 1195 2446 constitit
1223 2408 1377 2447 aura.
1414 2392 1555 2463 Ergo
1578 2405 1862 2447 curatores
1895 2389 2106 2445 funeris
2132 2406 2354 2445 serena-

776 2495 890 2538 tum
922 2502 1073 2539 mare
1112 2487 1403 2540 Dominum
1432 2486 1872 2539 concelebrando
1914 2484 2215 2553 trajiciunt,
2271 2493 2353 2536 at-

771 2598 879 2649 que
912 2581 963 2634 in
997 2582 1179 2635 nobile
1224 2582 1483 2650 templum
1540 2582 1781 2635 caelestis
1834 2579 2044 2633 militiae
2095 2578 2355 2649 principis

775 2685 941 2742 atque
993 2673 1311 2743 archangeli
1367 2672 1753 2726 aediﬁcatorem
1792 2671 1936 2725 illius
1985 2668 2250 2739 lgnatium
2302 2679 2356 2722 ιιι

775 2766 1041 2821 cultorem
1072 2767 1386 2835 deportant.
1443 2776 1606 2835 atque
1638 2765 1703 2819 ad
1732 2764 2011 2817 dexteram
2051 2761 2185 2815 aedis
2232 2776 2352 2829 par-

777 2870 882 2911 tem
934 2874 1126 2929 magna
1162 2874 1287 2913 cum
1321 2861 1671 2912 veneratione
1712 2871 2022 2910 marmoreo
2074 2854 2351 2907 conditum

776 2950 985 3003 tumulo
1018 2959 1313 3023 reponunt,
1341 2951 1652 3004 morborum
1693 2964 1887 3017 nempe
1931 2947 2207 3000 variorum
2242 2961 2355 2998 nie-

776 3041 953 3095 dicam
985 3043 1141 3111 quasi
1174 3040 1467 3104 oll‘u-inam,
1512 3044 1598 3095 ubi
1623 3052 1676 3095 et
1730 3042 1957 3110 spiritus
2009 3039 2192 3094 infesti
2246 3040 2357 3108 pel-

1918 346 2209 408 NICETzE
2251 344 2779 405 PAPIILAGONIS

848 463 1020 519 Tanta
1067 480 1192 519 vero
1239 465 1409 534 pietas
1463 466 1720 535 populum
1781 466 2097 522 iucnssPrat,
2162 463 2239 512 uti
2293 472 2345 511 et
2378 470 2419 522 Α

3921 344 4028 406 560

2533 461 2688 513 Ἰεέπεὶ
2716 460 2969 514 τοσοῦτον
2999 460 3053 513 δὲ
3074 462 3134 514 τὸ
3157 462 3237 516 εἰς
3264 459 3428 514 αὐτὸν
3458 459 3623 522 σέϐας
3649 459 3888 530 ἀνῆπται
3911 464 4026 521 τοῖς

2450 552 2620 615 λαοῖς,
2648 551 2789 604 ὥστε
2822 554 2916 605 καὶ
2948 554 3014 606 τά
3060 554 3151 606 ἐπὶ
3204 552 3297 605 τοῦ
3343 552 3670 622 σκίμποδος.
3706 554 3764 607 ἐν
3795 545 3840 621 ᾧ
3892 571 4029 607 κατ-

2440 644 2629 698 ·έκειτο
2650 684 2663 705 ,
2696 643 2865 715 θράνη
2892 646 3009 698 ἀντὶ
3040 645 3305 714 λειψάνων
3337 645 3692 714 διηρπάσθαι,
3722 647 3813 698 καὶ
3840 644 3901 698 τὸ
3940 646 4029 700 ἐπ’

2451 736 2615 789 αὐτοῦ
2639 738 2693 790 δὲ
2727 738 2976 807 κείμενον
3008 739 3213 791 πέπλον
3244 739 3459 807 μυρίοις
3504 738 4032 808 καταδιαιρούμενον

2449 831 2561 898 τμή
2572 848 2757 899 μασιν,
2790 830 2872 893 είς
2898 830 3176 898 ἁγιασμοῦ
3206 830 3380 899 δῶρον
3414 830 3895 900 καταμεμερίσοαι
3916 833 4032 892 τοῖς

2451 923 2685 982 πιστοῖς·
2739 920 2893 989 μόγις
2921 915 3014 973 οῦν
3042 920 3163 973 τότε
3211 921 3271 974 τὸ
3313 920 3474 990 σῶμα
3512 920 3641 984 τοὺς
3694 919 4036 991 κρατοῦντας

2450 1011 2734 1080 διαφυγὸν,
2766 1012 2859 1065 καὶ
2888 1015 3023 1083 πρὸς
3042 1012 3120 1081 τῷ
3156 1014 3379 1081 μεγάλῳ
3412 1011 3522 1083 ναῷ
3547 1012 3643 1066 τοῦ
3663 1013 4036 1084 Μεγαλομάρ·

2452 1120 2611 1172 τυρος
2646 1105 2990 1173 καταντῆσαν
3021 1106 3205 1174 Μηνᾶ,
3240 1106 3357 1157 ἐκεῖ
3389 1104 3456 1176 δὴ
3489 1104 3650 1159 πάλιν
3677 1106 4035 1159 κατατίθεταί

2451 1213 2509 1249 τε
2540 1196 2738 1265 βραχὺ,
2782 1197 2875 1249 καὶ
2902 1199 3000 1265 τῆς
3031 1199 3095 1249 ἐκ
3126 1196 3234 1248 τῶν
3258 1194 3470 1263 ὓμνων,
3502 1196 3578 1260 ὼς
3604 1196 3786 1267 Θέμις,
3826 1198 4038 1268 τυγχά-

2452 1305 2532 1340 νει
2569 1287 2890 1351 δεξιώσεως.
2930 1289 3107 1340 Ὅπου
3143 1288 3239 1340 καὶ
3282 1287 3376 1340 δύο
3408 1290 3667 1355 γυναῖκες
3698 1286 3834 1356 ὁμοῦ
3867 1304 4038 1356 πονη-

2455 1383 2566 1451 ροῖς
2598 1380 2909 1448 πνεύμασιν
2958 1379 3306 1449 όχλούμεναι.
3337 1379 3431 1432 καὶ
3466 1379 3656 1441 δεινῶς
3684 1379 4035 1449 ἁναϐρασσό-

2456 1491 2636 1542 μεναι,
2692 1474 2768 1535 ῶς
2829 1474 2989 1543 μόνον
3052 1472 3294 1541 ἔψαυσαν
3352 1474 3418 1542 τῇ
3475 1470 3569 1523 τοῦ
3622 1471 3781 1537 ἁγίου
3846 1469 4036 1541 σορῷ,

2453 1565 2683 1618 ἐνώπιον
2712 1566 2914 1626 παντὸς
2940 1563 3034 1616 τοῦ
3072 1563 3201 1617 λαοῦ
3254 1565 3600 1633 κατέστησαν
3636 1564 3832 1629 ὑγιεῖς,
3869 1564 4040 1615 ἀναν-

2451 1656 2711 1725 τιρῤήτου
2741 1654 3002 1724 τυχοῦσαι
3053 1655 3151 1723 τῆς
3208 1656 3426 1718 ἰάσεως,
3478 1655 3573 1707 καὶ
3613 1654 3825 1724 μεγάλῃ
3877 1656 4036 1724 φωνῇ

2452 1752 2831 1819 δοξοὶογοῦσαι
2864 1752 2956 1805 τὸν
2989 1753 3141 1805 Θεόν.
3187 1752 3469 1805 Ἐντεῦθεν
3498 1752 3606 1805 τῶν
3632 1752 3761 1823 περὶ
3784 1751 3948 1805 αὐτὸν
3976 1750 4040 1801 ἐν

2454 1844 2623 1915 πλοῖῳ
2686 1845 3071 1913 καταθεμένων
3123 1845 3214 1896 τὸν
3254 1844 3548 1913 πολύτιμον
3579 1844 3889 1915 θησαυρὸν,
3933 1842 4041 1908 τξς

2454 1935 2728 2007 θαλάσσης
2759 1938 2857 2006 μὲν
2887 1938 3009 1989 τότε
3040 1937 3479 2007 κορυφουμένης,
3510 1939 3566 1990 ἐν
3588 1938 3773 2006 ἀνέμῳ
3799 1936 3856 1988 δὲ
3876 1936 4044 2004 Νότῳ

2456 2027 2615 2098 βιαίῳ
2654 2030 2761 2080 τῶν
2787 2031 3048 2098 κυμάτων
3083 2032 3157 2091 είς
3180 2028 3309 2096 ῦψος
3344 2032 3647 2100 αἰρομένων
3668 2071 3681 2093 ,
3715 2032 3806 2083 καὶ
3828 2027 4044 2097 ἀπρόσ-

2456 2138 2567 2173 ιτον
2641 2121 3069 2174 ὑποδεικνύντων
3117 2123 3208 2173 τὸν
3264 2121 3449 2186 πλοῦν,
3487 2121 3563 2183 ὡς
3611 2121 3775 2189 μόνον
3832 2124 3865 2191 ἡ
3912 2121 4045 2173 θεία

2455 2214 2611 2285 σορὸς
2646 2215 2827 2283 ἐκείνη
2876 2214 3175 2282 ἐπιϐέϐηκε
3212 2214 3311 2282 τῆς
3348 2214 3495 2285 νηὸς,
3525 2209 3592 2284 ἦν
3623 2216 3756 2284 όρᾷν
3780 2215 4047 2283 παραυτὰ

2454 2307 2747 2375 γινομένην
2762 2306 3100 2375 Δεσποτικὴν
3126 2305 3595 2375 θαυματουργίαν.
3626 2306 3899 2375 Ἀορὰτως
3925 2306 4047 2374 γὰρ

2456 2401 2559 2452 ὑπὸ
2590 2398 2683 2451 τοῦ
2722 2399 2959 2468 μεγάλου
3000 2398 3297 2470 ἀρχιερέως
3345 2398 3447 2467 τῆς
3509 2399 3819 2467 καταιγίδος
3860 2399 4051 2451 ἐπιτι-

2458 2492 2742 2561 μωμένης,
2800 2492 2987 2543 ἵστατο
3037 2492 3137 2561 μὲν
3183 2492 3263 2555 είς
3310 2486 3545 2562 αῦρανή
3605 2490 3869 2551 θάλασσα,
3926 2490 4049 2543 τῶν

2454 2583 2720 2652 κυμάτων
2766 2583 2823 2636 δὲ
2878 2584 3419 2652 κατασιγαζομένων,
3462 2583 3514 2636 oi
3537 2582 3632 2636 τοῦ
3662 2582 3821 2649 ἁγίου
3868 2582 4049 2649 θερα-

2456 2677 2653 2728 πευταὶ
2690 2677 2748 2728 ἐν
2784 2676 2995 2746 γαλήνῃ
3040 2674 3522 2745 διαπεραιούμενοι
3561 2676 3659 2728 καὶ
3699 2674 4048 2739 δοξάζοντες,

2456 2769 2549 2821 καὶ
2580 2767 2717 2836 πρὸς
2756 2767 2834 2836 τῷ
2874 2768 3002 2837 ἱερῷ
3039 2767 3133 2821 καὶ
3166 2766 3433 2835 παγκὰλῳ
3463 2765 3555 2818 τοῦ
3594 2766 4050 2836 ἀρχιστρατήγου

2454 2860 2570 2930 ν;ῷ
2616 2860 2706 2911 τδν
2744 2859 3067 2911 πιστότατον
3122 2858 3405 2927 οἰκοδόμον
3443 2858 3654 2910 ἐκείνου
3713 2859 3809 2910 καὶ
3844 2857 4053 2928 λάτριν

2454 2952 2780 3020 ἀγαγόντες,
2834 2951 2971 3019 πρὸς
3016 2952 3131 3013 τοῖς
3177 2950 3369 3015 δεξιοῖς
3425 2948 3740 3018 σεϐασμίως
3790 2950 3848 3000 ἐν
3895 2965 4051 3018 μαρ-

2459 3046 2662 3116 μαρίνῃ
2710 3043 3069 3097 κατατιθέασι
3120 3042 3285 3113 σορῷ,
3348 3043 3519 3095 νόσων
3562 3059 3621 3095 τε
3675 3041 4053 3096 παντοδαπῶν

780 3137 989 3197 luntur,
1017 3134 1308 3203 omnisque
1340 3134 1557 3205 generis
1589 3135 1718 3203 ατςιί
1753 3137 1848 3204 (ut
1902 3132 2227 3201 compendio
2268 3133 2352 3184 di-

2460 3138 2580 3200 ίατή
2592 3153 2724 3206 ριον,
2744 3135 2842 3187 καὶ
2858 3134 3185 3201 πνευμάτων
3203 3133 3456 3202 πονηρῶν
3475 3133 3783 3202 ἐλατήριον,
3799 3132 3895 3185 καὶ
3913 3150 4019 3185 συν
4031 3159 4052 3171 -

777 3224 936 3293 cam)
973 3236 1084 3278 tum
1127 3226 1397 3294 corporis,
1432 3236 1543 3278 tum
1604 3226 1769 3277 animi
1825 3224 2051 3287 morbis,
2098 3238 2220 3275 cum
2268 3233 2351 3274 tu-

778 3319 925 3371 mulo
965 3318 1343 3383 admoventur,
1380 3326 1630 3388 putenter
1666 3329 1947 3370 curantur.

854 3414 928 3463 Ita
955 3412 1035 3462 vir
1058 3409 1151 3463 L‘ei
1194 3410 1246 3462 in
1292 3413 1450 3462 terris
1478 3408 1663 3462 multis
1694 3408 1955 3461 (erumnis
1986 3404 2349 3466 conﬂictatus,

776 3514 829 3556 ct
851 3512 1107 3569 tauquam
1132 3518 1322 3554 aurum
1352 3502 1402 3553 in
1429 3503 1647 3552 fornace
1668 3500 1945 3567 probatus,
1972 3506 2129 3566 atque
2160 3497 2230 3547 ita
2270 3495 2352 3547 di-

776 3610 915 3663 gnus
946 3594 1053 3646 Deo
1087 3594 1379 3657 exhibitns,
1403 3593 1675 3645 cmlestem
1712 3590 2089 3644 beatitudinem
2109 3588 2352 3653 ethono-

780 3703 892 3741 rem
926 3687 978 3739 in
998 3687 1249 3750 excelsis,
1280 3702 1389 3754 quo
1413 3685 1667 3737 fruuntur
1694 3684 2227 3744 sancti,eonsecutus
2250 3690 2351 3734 est.

782 3781 958 3832 Stulte
986 3796 1113 3833 vero
1140 3786 1366 3844 egerunt
1393 3779 1628 3830 tenehra:
1648 3778 1829 3829 lumen
1862 3785 2152 3843 persecuta:
2176 3814 2190 3837 ,
2210 3773 2353 3843 quod

781 3886 1055 3941 nunquam
1090 3870 1569 3940 appreheiulerunt
1612 3871 1761 3921 :imo
1812 3877 1964 3920 tanto
1999 3867 2171 3934 magis
2232 3880 2357 3933 pro-

783 3968 1005 4018 fuerunt
1042 3961 1442 4033 persequendo,
1471 3971 1677 4029 quanto
1713 3960 1886 4027 magis
1918 3960 2049 4012 illud
2102 3973 2129 4008 a
2158 3972 2213 4008 se
2264 3971 2353 4006 vc—

781 4056 897 4108 xari
934 4060 1280 4123 putaverunt.
1331 4050 1464 4104 Nam
1506 4051 1635 4103 dum
1686 4057 2141 4117 persequerentur
2172 4045 2354 4098 lumen

783 4148 909 4207 hoc,
940 4156 1235 4214 utcaptum
1274 4143 1684 4202 conculcarent,
1732 4151 1786 4193 et
1824 4139 1948 4192 imle
2002 4140 2079 4191 illi
2124 4137 2356 4189 insulta-

782 4250 926 4300 rent,
965 4236 1137 4289 lucem
1167 4232 1387 4302 quidem
1421 4247 1450 4285 a
1483 4247 1542 4285 se
1572 4244 1737 4300 quam
1773 4229 2091 4296 longissime
2142 4224 2355 4293 repule—

782 4337 931 4391 runt,
956 4327 1215 4394 illamque
1253 4323 1336 4377 vel
1384 4324 1635 4376 nolcntes
1676 4330 1825 4374 tanto
1863 4320 2087 4389 prOpius
2142 4332 2358 4370 stunmo

783 4421 928 4473 bono
958 4419 1342 4480 admoverunt,
1384 4426 1589 4486 quanto
1614 4430 1671 4469 se
1706 4415 1879 4483 magis
1906 4426 2031 4466 cum
2082 4409 2225 4464 malo
2259 4424 2357 4462 ex-

782 4524 961 4567 tremo
990 4512 1304 4566 deterrimis
1337 4512 1453 4563 suis
1476 4508 1721 4562 consiliis
1752 4506 2172 4575 conjunxeruut.

850 4603 994 4672 Ergo
1019 4602 1254 4671 lgnatius
1304 4602 1502 4653 iterum
1543 4599 1851 4668 patriarcha
1915 4595 2180 4649 deccunio
2225 4608 2359 4661 pra:-

781 4699 920 4763 l'uit;
956 4698 1276 4752 triei-unium
1309 4712 1455 4760 vero,
1492 4694 1763 4764 pauloque
1788 4688 2045 4757 amplius,
2106 4686 2357 4739 universe

780 4806 1011 4859 magnus
1052 4788 1280 4842 antistes
1311 4786 1508 4839 soliqu
1566 4782 1736 4837 tenuit
1771 4798 1785 4845 ;
1826 4792 2203 4845 annorumque
2261 4792 2356 4829 oc-

782 4882 985 4950 toginta
1032 4883 1081 4933 in
1130 4895 1259 4948 pace
1306 4881 1371 4930 ad
1395 4892 1648 4945 magnum
1684 4875 1831 4925 illum
1861 4871 2167 4941 pontiﬁcem
2205 4869 2356 4923 Chri-

780 4985 925 5029 stum
966 4983 1049 5025 est
1080 4972 1379 5041 profectus.

851 5066 1024 5120 Porro
1054 5075 1187 5135 quot
1218 5080 1280 5117 ac
1306 5061 1524 5131 quantis
1558 5060 1708 5111 illum
1742 5056 1880 5111 Deus
1915 5055 2084 5123 signis
2110 5069 2174 5107 ac
2225 5069 2354 5122 pro—

780 5159 943 5228 thgiis
972 5157 1277 5217 ceh-brarit,
1327 5166 1372 5207 et
1409 5152 1683 5206 celebrare
1710 5164 1922 5218 semper
1977 5149 2028 5200 in
2062 5148 2151 5201 illo
2209 5148 2351 5199 cele-

782 5253 973 5304 hratus
1016 5247 1275 5301 Dominus
1305 5262 1411 5297 non
1450 5242 1683 5305 disinal,
1750 5258 1855 5293 non
1909 5240 2069 5305 hujus
2122 5239 2353 5291 instituti

777 5344 962 5412 operis
982 5349 1087 5403 est,
1122 5338 1214 5391 scd
1261 5338 1500 5389 historia:
1552 5344 1605 5387 et
1664 5333 1794 5402 justi
1832 5331 2124 5385 voluminis
2176 5332 2350 5384 labor.

778 5435 895 5503 Egi)
935 5433 1002 5484 de
1030 5431 1211 5483 multis
1238 5444 1406 5497 pauca
1439 5425 1456 5495 (
1489 5441 1609 5478 nam
1644 5424 1854 5491 singula
1892 5422 2140 5492 persequi
2180 5423 2355 5475 inlini-

782 5535 895 5577 tum
937 5524 1051 5589 sit),
1082 5538 1202 5591 qua:
1237 5532 1413 5573 tamen
1466 5518 1555 5572 llei
1614 5518 1841 5587 grati-im
1902 5526 1956 5569 et
1984 5516 2155 5585 ipsius
2196 5516 2351 5569 [idem

778 5614 1123 5671 mediocriter
1161 5614 1455 5677 declarent,
1492 5610 1813 5680 compcmlio
1838 5623 2129 5677 exponant.

848 5798 990 5853 Puer
1019 5797 1282 5857 oclcuttis,
1318 5811 1589 5848 summum
1655 5793 1938 5849 noti-uuis.
1985 5792 2176 5845 inorbo
2232 5807 2309 5859 pot
2336 5822 2347 5827 -

2388 4517 2435 4575 D

2454 3229 2638 3298 τόμως
2671 3231 2867 3290 εἰπεῖν,
2900 3227 3172 3281 παντοίων
3203 3225 3393 3279 παθῶν
3428 3226 3609 3296 ψυχῆς
3637 3242 3698 3278 τε
3726 3227 3820 3278 καὶ
3843 3225 4051 3296 σῶμα-

2454 3336 2544 3381 τος
2578 3322 2689 3381 τοῖς
2726 3318 3037 3385 ἐγγίζουσιν
3070 3316 3448 3385 ἀλεξητήριον.

2531 3410 2718 3472 Οῦτως
2738 3412 2766 3462 ό
2795 3410 2934 3479 ἱερὸς
2960 3409 3052 3461 τοῦ
3082 3405 3218 3459 Θεοῦ
3246 3406 3531 3474 ἄνθρωπος
3562 3404 3650 3457 διὰ
3684 3402 3894 3457 πολλῶν
3923 3402 4052 3456 θλί-

2457 3504 2603 3573 ψεων
2634 3505 2691 3556 ἐν
2738 3505 2806 3573 γῇ
2857 3500 3196 3571 πειρασθεὶς,
3252 3500 3346 3553 καὶ
3379 3498 3453 3561 ὠς
3494 3498 3696 3569 χρυσὸς
3740 3499 3797 3549 ἐν
3831 3514 4051 3567 χωνευ-

2456 3598 2630 3667 τηρίῳ
2667 3594 3042 3664 δοκιμασθεὶς,
3074 3594 3169 3645 καὶ
3202 3592 3349 3656 ἄξιος
3385 3590 3558 3653 οὕτως
3586 3588 3925 3658 ἀποδειχθεὶς
3942 3588 4049 3641 τοῦ

2457 3690 2616 3752 Θεοῦ,
2656 3688 2758 3757 τῆς
2791 3686 3044 3758 οὐρανίου
3088 3686 3492 3754 μακαριότητος
3531 3683 3630 3736 καὶ⁵
3670 3682 3767 3752 τῆς
3796 3683 3854 3734 ἐν
3892 3682 4050 3752 ὑψη-

2457 3783 2569 3846 λοῖς
2616 3782 2725 3835 τῶν
2775 3781 2946 3849 ἁγίων
2988 3778 3302 3848 κατηξιώθη
3337 3778 3522 3847 τιμῆς.
3589 3774 3941 3845 Ἐματαιὼθη
3978 3775 4051 3827 δὲ

2458 3878 2492 3945 ή
2530 3875 2744 3934 σκοτία.
2779 3872 3018 3938 διώξασα
3054 3871 3152 3940 μὲν
3178 3870 3239 3922 τὸ
3272 3869 3413 3936 φῶς,
3448 3868 3509 3922 οὐ
3544 3866 3930 3920 καταλαϐοῦσα
3956 3867 4047 3922 δέ.

2458 3967 2713 4036 Τοσούτῳ
2756 3965 2811 4017 δέ
2848 3964 3050 4034 μᾶλλον
3098 3962 3492 4032 εὐηργέτησεν,
3540 3960 3650 4029 ὅσῳ
3681 3960 3841 4011 πλέον
3879 3958 4050 4028 ᾠήθη

2459 4059 2669 4114 λυπεῖν.
2717 4057 3001 4110 Διώκουσα
3038 4054 3168 4125 γὰρ,
3216 4055 3303 4107 ἵνα
3337 4053 3558 4125 πατήσῃ
3611 4054 3706 4106 καὶ
3754 4064 4052 4105 κατακαυ-

2458 4151 2716 4220 χήσητατ,
2749 4149 2944 4216 ἑαυτῆς
2979 4147 3077 4216 μὲν
3112 4147 3173 4198 τὸ
3210 4144 3412 4213 φεῦγον
3440 4145 3754 4215 ἐμὰκρυνε,
3790 4160 4052 4213 προσεγ-

2459 4244 2610 4308 γίσαι
2646 4241 2704 4293 δὲ
2746 4239 3129 4312 παρεσκεύασε
3162 4239 3257 4291 καὶ
3294 4238 3368 4307 μὴ
3399 4236 3699 4312 βουλομένη
3737 4235 3812 4305 τῷ
3844 4235 4054 4312 ἀγαθῷ

2458 4331 2731 4396 τοσοῦτον,
2787 4331 2909 4382 ὅσον
2950 4330 3149 4398 ἑαυτὴν
3190 4328 3269 4398 τῷ
3308 4326 3465 4398 κακῷ
3512 4328 3602 4381 διὰ
3638 4327 3739 4397 τῆς
3786 4306 4057 4399 toil-apti}-

2460 4424 2622 4493 χάνου
2654 4422 3016 4493 στραγγαλιᾶς
3040 4420 3520 4491 προσῳκειώσατο.

2531 4606 2672 4659 Δὲκα
2735 4605 2836 4673 μὲν
2892 4603 2983 4656 οὖν
3040 4602 3135 4673 ἐτη
3195 4600 3254 4653 τὸ
3292 4601 3575 4670 δεύτερον,
3634 4598 3707 4653 τὰ
3760 4600 3942 4653 πάντα
3987 4598 4056 4651 δὲ

2458 4696 2751 4765 τριάκοντα
2778 4695 2871 4745 καὶ
2904 4692 3099 4763 μικρόν
3127 4709 3179 4744 τι
3211 4690 3367 4760 πρὸς,
3397 4690 3426 4742 ό
3457 4690 3631 4759 μέγας
3675 4689 4054 4758 ἀρχιερατεῦ-

2461 4803 2556 4847 σας
2607 4786 2887 4853 Ἰγνάτιος,
2929 4782 3288 4852 ὀγδοηκοστὸν
3315 4781 3372 4834 δὲ
3405 4781 3508 4849 ἤδη
3538 4778 3778 4848 γεγονὼς
3804 4780 3950 4839 ἔτος.
3984 4780 4053 4831 ἐν

2458 4879 2651 4951 εἰρήνῃ
2712 4876 2850 4947 πρὸς
2894 4876 2987 4927 τὸν
3041 4874 3332 4946 Ἀρχιερέα
3386 4873 3478 4927 τὸν
3526 4873 3702 4944 μέγαν
3755 4872 4051 4943 ἀνελήφθη

2458 4973 2501 5025 Χ
2514 4972 2711 5041 ριστόν.

2530 5065 2717 5125 Ὄσοις
2761 5061 2861 5132 μὲν
2892 5060 2984 5116 οῦν
3017 5061 3113 5113 καὶ
3141 5058 3349 5128 ἡλίκοις
3386 5056 3548 5110 αὑτὸν
3581 5054 3885 5124 τεραστίοις
3920 5055 3951 5107 ό
3986 5057 4053 5109 ἐν

2457 5155 2606 5222 αὑτῷ
2635 5154 2990 5223 δοξαζόμενος
3031 5152 3251 5216 ἐδόξασε
3283 5149 3507 5220 Κύριος,
3552 5148 3645 5200 καὶ
3681 5147 3761 5198 ἔτι
3791 5146 3845 5198 δὲ
3874 5145 4050 5211 δοξά-

2458 5244 2565 5308 ζων
2618 5244 2678 5295 οὐ
2733 5241 3111 5312 διαλιμπὰνει,
3171 5239 3410 5309 ἱστορίας
3453 5237 3635 5306 ἔργον,
3698 5236 3791 5287 καὶ
3826 5234 3888 5286 οὐ
3942 5236 4049 5289 τοῦ

2459 5336 2722 5403 παρόντος
2763 5332 2829 5386 ἂν
2870 5332 2954 5403 εἴη
3004 5329 3309 5402 διηγεῖσθαι
3359 5326 3575 5398 καιροῦ.
3644 5326 3829 5392 Ὀλίγα
3866 5324 3931 5377 δὲ
3978 5328 4053 5378 ἐκ

2458 5427 2688 5489 πολλῶν,
2722 5427 2817 5477 καὶ
2845 5426 2945 5477 ὅσα
2966 5424 3064 5493 τὴν
3088 5421 3253 5475 αὑτοῦ
3290 5421 3391 5490 μὲν
3423 5420 3625 5481 πίστιν,
3656 5418 3755 5487 τὴν
3777 5415 3871 5468 τοῦ
3898 5416 4053 5471 Θεοῦ

2458 5521 2511 5572 δὲ
2548 5523 2605 5573 ἐν
2643 5518 2791 5589 αὑτῷ
2836 5517 2994 5588 χάριν
3038 5515 3277 5585 μετρίως
3320 5512 3720 5571 ὑποδείκνυσιν,
3756 5508 4053 5577 ἐπιτόμως

2459 5612 2894 5682 ὑπομνήσαντες,
2926 5608 2994 5660 τὰ
3031 5606 3172 5660 κατὰ
3204 5605 3371 5676 μέρος
3395 5603 3470 5667 ὡς
3499 5602 3733 5673 ἀριθμὸν
3762 5600 4051 5671 ὑπερϐαίο

2458 5719 2617 5754 νοντα
2646 5718 2716 5752 πα
2728 5700 2993 5769 ρήσομεν.

2530 5794 2661 5854 Παῖς
2696 5791 2803 5860 γὰρ
2830 5790 2904 5853 ὡς
2935 5788 3079 5842 όκτὼ
3116 5786 3147 5857 ἦ
3184 5788 3276 5839 καὶ
3304 5784 3461 5839 ἐννέα
3490 5780 3771 5844 καθεστὼς
3800 5778 4046 5851 χρόνων,
