4194 6432
205 375 302 440 531

1266 374 1439 434 VITA
1469 374 1531 435 S.
1589 374 1883 434 lGNATll
1922 376 2029 437 (ΣΡ.
2061 378 2409 437 ΑιιιιιΙιΕΡ.

3354 376 3459 440 562

208 489 478 558 πνεύματι
518 486 804 548 ἀσθενείας
858 484 1098 554 πληγεὶς,
1140 486 1232 537 καὶ
1267 483 1478 553 ἀθρόως
1519 482 1778 551 παρεθεὶς

1909 487 2092 549 :ulsus,
2131 503 2191 540 ac
2227 499 2372 540 talus
2403 501 2620 557 repente
2669 487 2892 549 iiut-tus,
2928 505 3032 542 non
3062 488 3237 541 solum
3298 506 3455 546 usum

204 583 344 644 ὅλος.
373 582 435 633 οὐ
485 579 645 647 μόνον
679 577 906 638 ἄναυδος
937 578 1111 645 πάντη
1148 576 1241 628 καὶ
1271 577 1519 645 ἀνήκοος,
1553 574 1688 627 ἀλλά
1716 573 1779 644 δὴ

205 674 298 727 καὶ
336 673 590 741 ἀκίνητος
622 669 883 733 ὁλοτελῶς
917 668 1177 736 γεγονὼς,
1227 668 1321 720 καὶ
1356 667 1461 721 ὑπὸ
1498 666 1606 720 τῶν
1637 665 1781 720 ἰδίων

205 765 367 819 αὑτοῦ
406 764 832 834 βασταζόμενος,
858 761 938 831 τῷ
968 761 1131 832 κοινῷ
1160 760 1267 814 τῶν
1296 760 1501 815 πιστῶν
1539 761 1777 828 ίατρείῳ,

204 859 283 927 τῷ
313 858 449 928 ἱερῷ
489 855 581 909 τοῦ
616 856 879 924 θεοφόρου
914 853 1123 923 Ιιατρὸς
1170 854 1564 924 προσρίπτεται
1603 852 1778 920 τάφῳ.

204 951 282 1003 Δι’
314 951 536 1020 ἡμερῶν
566 949 623 1002 δὲ
668 947 951 1016 τεσσάρων
976 947 1077 1016 τῆς
1104 944 1197 999 τοῦ
1233 946 1388 1013 ἁγίου
1424 943 1784 1008 καταξιωθεὶς

204 1047 567 1114 ἐπισκέψεως,
614 1042 876 1111 ἐξαπίνης
924 1041 1073 1106 ίδίοις
1105 1039 1367 1110 ἐξανέστη
1401 1041 1550 1101 ποσὶ,
1580 1038 1678 1091 καὶ
1717 1037 1783 1091 δι’

203 1137 403 1192 ἐαυτοῦ
435 1137 535 1206 τὴν
564 1135 657 1187 τοῦ
685 1134 814 1187 ναοῦ
848 1132 1024 1203 πύλην
1054 1133 1295 1197 ἀνοίξας.
1360 1132 1454 1184 καὶ
1484 1130 1643 1199 ὑγιὴς
1667 1128 1787 1192 ὅλος

202 1223 439 1289 ἐξελθὼν
472 1224 596 1286 ἐξω,
637 1222 813 1275 ἐλάλει
846 1224 959 1283 τοῖς
989 1220 1223 1290 παροῦσι
1254 1220 1348 1273 καὶ
1377 1221 1597 1290 ήκουεν,
1630 1218 1783 1270 εύλο-

201 1317 314 1382 γῶν
355 1318 448 1368 τὸν
499 1316 654 1376 Θεὸν,
703 1314 798 1367 καὶ
848 1315 917 1367 τά
962 1312 1242 1383 θαυμάσια
1292 1311 1646 1380 ἀναγγέλλων
1691 1309 1786 1364 τοῦ

204 1411 388 1478 ἁγίου.

280 1505 506 1567 Ἄλλος,
561 1503 700 1571 πλὴν
727 1501 783 1565 ἐξ
818 1500 1104 1571 ἐπηρείας,
1140 1494 1314 1568 οἶμαι,
1358 1500 1455 1553 καὶ
1502 1498 1660 1551 τοῦτο
1693 1497 1786 1550 τοῦ

203 1597 469 1668 πονηροῦ,
520 1594 813 1664 ἐπιληψίας
849 1592 1106 1655 ἑαλωκὼς
1160 1592 1357 1654 πάθει,
1408 1592 1595 1654 δεινῶς
1637 1593 1790 1655 ἐξαν-

206 1690 486 1760 έστραπτο
528 1689 626 1757 μὲν
658 1689 717 1739 τὸ
754 1686 957 1754 στόμα,
1004 1684 1292 1755 παρῄρητο
1321 1684 1376 1737 δὲ
1412 1685 1505 1737 καὶ
1532 1682 1626 1735 τοῦ
1649 1680 1792 1735 κατά

205 1783 373 1847 φύσιν
415 1781 730 1849 φθέγματος
778 1778 877 1849 τὴν
911 1778 1118 1847 φωνὴν,
1158 1777 1235 1841 ὼς
1266 1776 1500 1849 ἐλεεινόν
1545 1792 1603 1827 τε
1632 1774 1793 1828 αὑτὸν

204 1876 301 1927 καὶ
353 1873 745 1926 δυσέντευκτον
811 1870 994 1941 θέαμα
1045 1870 1390 1944 προκεῖσθαι.
1448 1864 1616 1930 Οὗτος
1672 1868 1791 1921 ἐπεὶ

204 1969 520 2036 ἀδιστάκτῳ
562 1967 744 2019 πίστει
798 1966 1120 2020 ἐπεκαλεῖτο
1184 1964 1275 2016 τὸν
1320 1962 1494 2029 ἆγιον,
1554 1963 1656 2033 ὁρᾷ
1695 1961 1793 2031 μὲν

202 2062 371 2115 αὐτὸν
408 2059 545 2131 δναρ
582 2061 773 2130 ῶσπερ
813 2060 912 2131 τὴν
956 2059 1141 2111 κλεῖδα
1173 2058 1474 2126 κατέχοντα
1512 2058 1577 2127 τῇ
1615 2056 1792 2125 χειρὶ,

203 2158 302 2208 καὶ
329 2154 539 2227 ταύτην
566 2153 643 2224 τῷ
696 2153 927 2224 στόματι
960 2150 1126 2204 αὑτοῦ
1165 2149 1569 2219 ἐπεμϐαλόντα,
1602 2149 1693 2200 καὶ
1721 2147 1796 2209 ὡς

201 2249 372 2317 δῆθεν
401 2247 576 2317 θύραν
609 2247 923 2313 ἀνοίγοντα,
956 2244 1274 2314 συστρέψαι,
1325 2243 1418 2295 καὶ
1466 2241 1601 2309 πρὸς
1632 2239 1797 2293 αὑτὸν

204 2342 424 2393 εἰπεῖν·
463 2340 523 2392 ΕΞ
552 2334 721 2399 οἶδας,
761 2336 843 2399 τίς
883 2338 998 2405 εἰμι
1042 2336 1188 2403 ὲγὼης
1235 2336 1339 2386 Τὸν
1383 2333 1441 2386 δὲ
1477 2332 1552 2401 μὴ
1600 2331 1799 2383 εἰδέναι

208 2435 479 2502 φάμενον,
526 2430 760 2484 ἀκοῦσαι
792 2428 922 2500 πρὸς
954 2428 1143 2490 αὑτοῦ,
1177 2428 1252 2489 ὡς
1284 2422 1444 2488 αὐτὸς
1490 2424 1573 2494 εἴη
1628 2422 1799 2493 Ἰγνά-

207 2543 323 2589 τιος
354 2526 702 2594 πατριάρχης
724 2540 737 2554 ·
768 2524 878 2576 Καὶ
908 2522 1040 2585 ἰδοὺ,
1061 2522 1247 2592 φησὶν,
1284 2519 1391 2572 ἀπὸ
1420 2517 1514 2572 τοῦ
1545 2518 1639 2570 νῦν
1668 2496 1801 2570 καθ-

209 2623 456 2690 έστηκας
504 2619 694 2686 ὑγιής·
731 2617 958 2683 ἕξνπνον
990 2616 1045 2668 δὲ
1089 2613 1277 2667 τοῦτον
1313 2606 1634 2681 γενόμενον,
1673 2608 1802 2676 ὑγιῆ

210 2710 497 2773 παντελῶς
531 2710 723 2762 ἑαυτὸν
749 2709 952 2779 εὑρεῖν,
974 2707 1049 2771 ὡς
1078 2705 1363 2777 μηδέποτε.
1381 2705 1527 2775 ἴχνος
1548 2699 1805 2770 τοιαύτης

212 2800 509 2872 ἑωρακότα
542 2797 865 2860 κακώσεως.
992 2780 998 2785 ’

228 2907 248 2915 ‘
291 2892 492 2953 ’Ᾱλλος
526 2890 689 2943 πάλιν
716 2889 859 2959 νόσῳ
892 2887 1142 2957 κοιλιακῇ
1177 2881 1514 2955 περιπεσὼν,
1548 2883 1640 2936 καὶ
1671 2882 1805 2950 πρὸς

212 2987 342 3047 ταῖς
372 2985 632 3051 ἐσχάταις
654 2979 902 3051 ὴγγικὼς
924 2979 992 3032 δι’
1018 2979 1188 3049 αὐτὴν
1222 2977 1415 3045 ὥραις,
1441 2975 1539 3044 τῆς
1576 2974 1673 3042 μὲν
1699 2971 1808 3024 ἀπὸ

214 3076 327 3128 τῶν
375 3073 577 3143 ἰατρῶν
643 3070 896 3142 βοηθείας
949 3069 1135 3123 λοιπὸν
1197 3069 1454 3135 ἀπέγνω,
1510 3065 1601 3117 τὸν
1654 3064 1808 3131 ἅγιον

214 3167 276 3219 δὲ
305 3164 595 3235 πόρρωθεν
634 3163 692 3228 ἐξ
734 3162 1030 3232 ὁλοκλήρου
1067 3160 1304 3220 πίστεως
1341 3153 1805 3224 ἀνακαλούμενος,

364 3256 465 3325 μὲν
508 3254 695 3307 τοῦτον
734 3254 868 3323 δναρ
914 3250 1064 3321 αύτῷ
1114 3248 1464 3320 παρεστῶτα,
1510 3247 1605 3300 καὶ
1647 3246 1809 3298 εύθυ-

219 3350 346 3417 μεῖν
382 3334 889 3412 ἐπαγγελλόμενον.
919 3341 1127 3394 Αύτίκα
1155 3339 1212 3393 δὲ
1245 3342 1341 3408 τῆς
1378 3338 1586 3408 ῥύσεως
1613 3335 1811 3404 ἀναξη-

1885 581 2081 647 linguae
2106 591 2158 632 et
2196 580 2413 633 aurimu
2447 583 2723 644 amiserat,
2769 581 2861 635 sed
2900 582 3161 635 membris
3206 581 3461 637 oumibus

1885 682 2100 740 Captus,
2126 688 2155 726 a
2191 672 2416 741 suisque
2446 684 2710 741 gesmtus,
2740 673 2806 727 ad
2847 687 3188 728 communem
3236 676 3462 729 creden-

1891 767 2023 817 tium
2057 806 2071 829 ,
2126 782 2448 834 sacramque
2487 768 2828 819 curationum
2864 765 3157 834 oﬂiciuam,
3186 768 3252 821 ad
3286 766 3462 823 sancti

1888 860 2185 930 (inquam)
2240 861 2414 915 Patris
2464 861 2727 913 tumulum
2789 860 3105 931 projicitur:
3162 871 3467 931 quartoque

1889 954 1976 1006 die
2002 954 2168 1007 sancti
2196 954 2396 1007 auxilio
2421 952 2698 1022 dignatus,
2726 953 3013 1008 confestim
3046 954 3162 1007 suis
3215 955 3467 1008 insistens

1893 1049 2133 1119 wstigiis
2177 1047 2524 1103 consurrexit
2564 1057 2871 1117 ;portaque
2904 1064 3002 1101 sua
3057 1063 3223 1101 manu
3258 1058 3466 1114 aperta,

1891 1154 2061 1194 sanus
2091 1138 2405 1208 integerque
2433 1152 2710 1207 egressus,
2739 1137 2916 1193 obviis
2946 1139 3253 1208 quibusque
3277 1137 3472 1207 loque-

1891 1232 2069 1293 batur,
2102 1240 2154 1285 et
2178 1231 2452 1295 audiebat,
2489 1232 2789 1284 immensas
2817 1229 2925 1283 Deo
2962 1230 3165 1299 gratias
3188 1246 3353 1300 agens
3375 1273 3389 1297 ,
3417 1236 3474 1283 et

1890 1325 2067 1379 sancti
2096 1338 2361 1379 enarratis
2398 1324 2685 1376 miracula.

1962 1508 2117 1561 Alius
2152 1507 2377 1569 invidia,
2413 1506 2557 1569 reor,
2584 1505 2981 1559 eaeoda-mouis
3008 1504 3268 1574 epiiepsia
3315 1502 3478 1556 velte.

1895 1612 2104 1656 menter
2136 1614 2439 1671 correptus,
2480 1615 2541 1650 os
2575 1599 2718 1652 [aede
2756 1598 3101 1657 distorserat,
3149 1607 3203 1649 et
3238 1594 3475 1649 naturali

1894 1698 2043 1751 vocis
2100 1698 2280 1749 sonitu
2334 1693 2559 1746 orbatus
2623 1701 2760 1755 erat,
2794 1698 2852 1744 ut
2899 1687 3386 1755 miserabilejuxta
3416 1702 3481 1740 ac

1898 1792 2052 1845 triste
2083 1787 2453 1856 Spectaculum
2486 1786 2659 1839 oculis
2684 1793 3103 1855 proponeretur.
3137 1779 3231 1833 llic
3277 1779 3483 1832 ﬁrmis-

1894 1887 2032 1937 sima
2084 1880 2207 1941 (ide,
2238 1894 2339 1948 ope
2382 1877 2557 1930 sancti
2627 1876 2938 1943 implorata,
2999 1888 3092 1942 per
3155 1882 3481 1924 nocturnam

1896 1974 2307 2045 speciemvidet
2346 1970 2612 2042 lgnatium
2668 1984 2830 2034 manu
2884 1967 3091 2021 clavem
3152 1972 3481 2032 gestantem,

1895 2075 1949 2116 et
2002 2062 2081 2116 ori
2115 2077 2217 2116 suo
2265 2061 2669 2118 admoventem.
2719 2072 2783 2110 ac
2807 2064 3105 2109 vertentem
3132 2095 3146 2118 ,
3172 2053 3329 2122 quasi
3364 2052 3488 2106 inde

1893 2158 2117 2227 jztllllztm
2142 2156 2397 2224 aperit-et,
2424 2153 2489 2206 ad
2508 2168 2564 2206 sc
2592 2153 2805 2206 dicere:
2835 2147 3039 2203 Nostiu‘
3067 2147 3158 2215 qui
3191 2145 3336 2201 sim?
3390 2160 3486 2198 ne-

1901 2260 2142 2317 gantem,
2203 2255 2390 2315 postea
2432 2243 2707 2299 audivisse
2758 2244 2824 2295 ab
2874 2242 2987 2300 illo.
3046 2239 3315 2309 lgnatium
3366 2250 3489 2289 esse

1902 2341 2286 2410 patriai-citam.
2326 2338 2387 2392 Et
2416 2353 2542 2392 ecce
2570 2337 2682 2406 jam
2717 2352 2884 2390 nunc.
2918 2332 3115 2403 inquit,
3146 2346 3205 2384 es
3241 2338 3484 2385 curatus.

1903 2434 2097 2491 Postea
2138 2417 2540 2500 experrectum,
2587 2430 2724 2484 adeo
2777 2428 2987 2481 salvum
3028 2435 3082 2480 et
3158 2422 3487 2477 incolumem

1903 2535 2201 2593 repertum.
2259 2523 2456 2599 uti__ne
2511 2521 2796 2590 vestigium
2842 2517 3063 2589 quidem
3114 2516 3166 2569 in
3209 2530 3267 2570 se
3311 2510 3489 2568 morbi

1907 2616 2361 2686 deprehenderet.

1982 2889 2133 2941 Alius
2175 2887 2300 2940 item
2333 2882 2672 2956 dyssentcria
2699 2880 2952 2935 laborans
2978 2880 3088 2949 jam
3122 2878 3174 2931 in
3231 2875 3492 2931 extremis

1912 2997 2048 3047 erat,
2087 2992 2138 3034 et
2189 2996 2217 3031 a
2281 2979 2507 3032 medicis
2569 2977 2989 3030 conclamatus:
3025 2973 3116 3042 qui
3180 2981 3382 3032 tamen,
3435 2980 3495 3022 ut

1915 3076 2087 3132 sancti
2156 3089 2311 3143 opem
2350 3087 2379 3124 e
2431 3071 2727 3140 longinquo
2781 3069 2936 3138 plena
2986 3067 3088 3120 [ide
3147 3060 3491 3132 implorabat,

1917 3178 2129 3240 spectat
2189 3170 2333 3220 hunc
2373 3180 2468 3234 per
2530 3178 2781 3218 somnum
2824 3161 2928 3216 sibi
2980 3160 3353 3217 assistenlem,
3392 3154 3490 3208 bo-

1920 3279 2157 3331 numque
2204 3261 2443 3313 animmn
2501 3258 2702 3311 habere
2756 3255 3060 3325 jubentem,
3098 3260 3152 3305 et
3203 3251 3347 3304 illico
3387 3247 3495 3303 sic-

1915 3367 2033 3411 cata
2070 3356 2226 3409 alvus
2267 3350 2530 3412 constitit,
2563 3349 2782 3418 cibique
2816 3346 3000 3401 orexis
3032 3358 3271 3409 retersa,
3316 3339 3498 3395 homi-

218 3437 521 3509 ρανθείσης
552 3436 651 3503 τῆς
684 3436 942 3505 γαστρὸς,
968 3432 1283 3503 είςτροιρῆς
1315 3430 1499 3498 ἔφεσιν
1526 3432 1553 3481 ὁ
1586 3429 1804 3497 κάμνων

1917 3468 2038 3506 nem
2078 3448 2328 3520 perfecta:
2350 3447 2585 3500 restituit
2613 3440 2992 3497 incolumitati.

215 3530 317 3583 καὶ
348 3528 569 3583 τελείαν
600 3527 791 3594 ὑγείαν
818 3524 1272 3578 ἀποκαθίσταται.

295 3623 470 3675 Πάλιν
521 3621 659 3689 γυνή
704 3635 789 3681 τις
824 3618 978 3686 ἀνδρὶ
1012 3615 1260 3685 νομίμως
1317 3610 1671 3675 συνοικοῦσα,
1719 3611 1815 3664 κα)⁵

215 3714 433 3767 παίδων
491 3713 677 3781 μήτηρ
729 3710 985 3777 γεγονυῖα
1035 3706 1225 3777 τριῶν,
1265 3703 1437 3774 ξηρὰν
1490 3703 1667 3771 πάντη
1720 3701 1815 3754 καὶ

216 3808 458 3876 ἇνικμον
498 3802 802 3874 προέϐαλλε
846 3802 947 3871 τὴν
986 3799 1173 3870 θηλὴν,
1217 3797 1356 3851 ὥστε
1389 3797 1457 3849 τὰ
1505 3795 1594 3847 ὑπ’
1641 3796 1814 3864 αὐτῆς

215 3900 526 3968 τικτόμενα
567 3896 743 3965 βρέφη
792 3892 1047 3962 παραυτά
1087 3892 1264 3957 ξέναις
1305 3887 1605 3942 ἐκδίδοσθαι
1657 3886 1815 3955 τιθη-

217 3992 441 4044 νεῖσθαι
470 3989 715 4057 τροφοίς,
747 3985 851 4048 ’ἐως
877 3984 971 4037 ἐπὶ
993 3982 1117 4037 νοῦν
1146 3979 1276 4053 ἦλθε
1314 3982 1427 4043 τοῖς
1455 3981 1675 4042 οίκείοις
1714 3978 1814 4031 αύ-

218 4087 321 4155 τῆς
355 4083 439 4151 τῷ
463 4081 609 4150 ἁγίῳ
641 4078 1030 4149 προσδραμεῖν.
1065 4076 1175 4129 Καὶ
1204 4075 1268 4143 δὴ
1306 4073 1419 4126 τῶν
1448 4072 1619 4141 ἁγίων
1649 4069 1816 4124 αὑτοῦ

216 4175 433 4249 τριχῶν
462 4169 972 4242 ἀπομυρισθεισῶν,
1004 4170 1097 4221 καὶ
1126 4171 1190 4239 τῇ
1236 4166 1508 4238 ἁρτιτὸκσρ
1544 4168 1687 4219 πιεῖν
1729 4165 1818 4218 δε-

218 4265 587 4338 δωρημένων,
615 4265 709 4316 ἐπὶ
738 4261 991 4315 τοσοῦτον
1014 4260 1177 4321 εὐθὺς
1208 4259 1476 4328 γαλοῦχος
1504 4258 1818 4328 ἀπεφάνθη,

218 4364 298 4424 ὡς
335 4362 435 4413 καὶ
474 4360 610 4411 πολὺ
654 4356 819 4409 πλέον
847 4354 949 4423 τῆς
978 4353 1171 4424 χρείας
1213 4352 1273 4405 τδ
1301 4351 1447 4419 γάλα
1482 4352 1594 4404 τῶν
1628 4352 1818 4423 μαζῶν

223 4454 559 4525 καταρρεῖν.
631 4451 739 4503 Καὶ
781 4446 941 4501 τοῦτο
1003 4447 1104 4500 οὐκ
1160 4447 1241 4509 εἰς
1274 4445 1405 4513 μίαν
1467 4445 1639 4515 μόνην
1684 4442 1819 4512 φασί

1990 3634 2211 3688 Femina
2244 3645 2466 3700 quoque
2500 3636 2667 3697 nupta
2703 3626 2843 3685 viro,
2885 3624 3161 3690 triumque
3191 3619 3497 3673 liberorum

1920 3742 2139 3799 parens,
2171 3725 2341 3780 aridis
2376 3738 2592 3791 semper
2617 3730 2670 3774 et
2712 3719 2875 3774 siccis
2913 3726 3027 3770 erat
3074 3712 3309 3784 papillis,
3344 3711 3499 3764 itaut

1921 3820 2106 3876 statim
2154 3828 2343 3889 partus
2398 3832 2530 3871 suos
2597 3824 2883 3883 cogeretur
2943 3809 3137 3865 alienis
3186 3806 3497 3862 nutricibus

1924 3913 2149 3968 alendos
2200 3910 2544 3965 eumtnittere
2598 3926 2611 3973 ;
2659 3907 2835 3961 donec
2885 3900 3211 3974 pr0pinquis
3256 3899 3407 3954 venit
3443 3899 3496 3951 in

1924 4017 2183 4069 mentem,
2216 4014 2277 4060 ut
2306 4004 2372 4058 ad
2395 4012 2643 4057 sanctum
2682 4006 3076 4071 properarent:
3114 3996 3203 4050 ubi
3251 3995 3500 4048 absterso

1924 4116 1954 4156 e
1982 4099 2153 4154 sancti
2188 4098 2284 4151 viri
2316 4112 2471 4151 coma
2497 4096 2727 4164 liquore,
2763 4101 2817 4145 et
2842 4104 3033 4145 recens
3067 4088 3243 4141 enime
3264 4087 3331 4141 ad
3383 4102 3501 4141 sor—

1926 4192 2161 4248 bendum
2195 4190 2500 4259 propitiato,
2533 4186 2717 4243 subito
2749 4193 2897 4238 tanta
2921 4182 3076 4237 lactis
3113 4181 3268 4249 eoyia
3301 4181 3503 4235 redun-

1925 4287 2057 4341 dare
2100 4284 2214 4338 \‘isa
2242 4293 2347 4343 est,
2380 4292 2436 4335 ut
2462 4282 2587 4351 plus
2634 4294 2798 4349 quam
2828 4275 2989 4330 fuerit
3020 4289 3262 4339 necesse,
3294 4273 3504 4342 papilla:

1927 4377 2085 4432 lactis
2116 4374 2542 4443 suppeditarunt.
2574 4372 2751 4439 Atque
2781 4370 2833 4424 id
2863 4384 2971 4423 non
3002 4367 3051 4421 ei
3098 4367 3223 4431 soli,
3275 4366 3369 4420 sed
3426 4364 3505 4418 aI-

1930 4470 2030 4525 teri
2061 4482 2276 4539 quoque
2306 4466 2496 4520 eodem
2532 4474 2742 4518 natura:
2771 4462 3038 4517 laboranti
3082 4461 3273 4515 morbo
3313 4473 3505 4513 narra-

224 4548 475 4615 γυναῖκα
515 4541 835 4611 γεγονέναι,
870 4538 1011 4593 ἀλλά
1058 4539 1153 4591 καὶ
1187 4538 1268 4600 είς
1311 4536 1505 4607 ἐτέραν
1534 4537 1698 4590 πάλιν
1737 4535 1804 4608 τᾷ

1928 4576 2015 4618 tur
2058 4561 2340 4623 εει-1111880,
2378 4575 2498 4629 quae
2547 4557 2748 4627 pariter
2787 4572 2850 4610 ex
2904 4555 3095 4610 eodem
3138 4550 3505 4622 capillamenti

220 4639 380 4709 αὖτῷ
404 4636 729 4705 κάμνουσαν
756 4632 1155 4704 ἀρῤωστήματι
1184 4632 1284 4700 τῆς
1317 4628 1563 4699 φύσεως,
1598 4630 1687 4683 διά
1712 4629 1816 4698 τῆς

218 4732 422 4801 ὁμοίας
457 4729 570 4780 τῶν
601 4725 773 4794 ἁγίων
805 4724 1010 4796 τριχῶν
1044 4722 1441 4793 ἀπομυρίσεως
1473 4722 1573 4793 τῆς
1620 4722 1818 4794 ὁμοίας

223 4825 431 4884 ἰάσεως
461 4821 675 4889 τυχεῖν.

298 4915 481 4983 ’Δλλη
513 4914 575 4966 δὲ
602 4910 764 4966 πάλιν
792 4908 929 4980 γυνὴ
954 4909 1062 4962 τῶν
1086 4907 1325 4977 εὐγενῶν
1354 4908 1451 4961 καὶ
1478 4906 1818 4978 περιφανῶν,

227 5011 323 5062 καὶ
360 5005 508 5074 αὑτὴ
555 5003 803 5073 νομίμως
849 5001 1006 5071 ἀνδρὶ
1065 5000 1300 5071 ἐπιδόξῳ
1356 4998 1704 5063 συνοικοῦσα,
1765 5002 1823 5053 ἐν

227 5102 379 5154 ἔτεσι
416 5098 635 5152 πλείοσι
668 5098 856 5166 στεῖρα
886 5096 981 5148 καὶ
1010 5095 1179 5157 ἄπαις
1208 5092 1555 5165 ἐγνωρίζετο.
1589 5093 1696 5147 Τοῦ
1726 5095 1822 5147 ἁν-

230 5194 359 5261 δρὸς
383 5191 443 5244 δέ
472 5189 652 5241 πίστει
683 5187 760 5257 τῷ
784 5186 943 5256 τάφῳ
968 5186 1468 5257 προσπεπτωκότος
1493 5184 1589 5239 τοῦ
1624 5185 1781 5250 ἁγίου
1804 5225 1819 5247 ,

233 5284 332 5334 καὶ
381 5280 564 5331 ἔλαιον
610 5278 763 5343 ἅγιον
789 5276 996 5328 ἐκεῖθεν
1027 5276 1311 5344 εἰληφότος
1340 5278 1409 5347 τῇ
1441 5278 1685 5344 γυναικὶ,
1719 5276 1820 5328 κά-

234 5375 424 5442 κείνης
456 5372 525 5424 ἐκ
549 5371 785 5433 πίστεως
810 5368 1201 5439 ἀλειψαμένης,
1227 5369 1319 5421 καὶ
1343 5370 1440 5438 τὴν
1466 5368 1558 5421 τοῦ
1584 5367 1823 5437 μεγάλου

238 5464 546 5536 ἀρχιερέως
588 5462 754 5533 εὐχὴν
798 5460 1275 5532 ἐπικαλεσαμένης
1299 5502 1315 5526 ,
1368 5461 1682 5530 παραυτίκα
1717 5460 1826 5513 τῶν

238 5559 334 5628 τῆς
360 5555 706 5626 στειρὼσεως
728 5553 975 5623 ἀπελύθη
1003 5553 1237 5623 δεσμῶν,
1282 5554 1374 5607 καὶ
1398 5553 1585 5605 λοιπὸν
1614 5552 1824 5607 τέκνων

242 5649 506 5702 πλειόνων
534 5645 917 5700 ἀναδείκνυται
944 5646 1150 5717 μήτηρ.

342 5737 464 5790 Αλλ*
491 5737 554 5791 οὑ
602 5736 766 5805 μόνον
796 5737 909 5795 τοῖς
951 5735 1031 5805 τῷ
1066 5733 1197 5807 ἱερῷ
1224 5735 1381 5806 τάφῳ
1411 5734 1739 5801 πελάζουσιν
1768 5734 1825 5787 ai

253 5829 685 5901 θαυματουργίαι
726 5827 821 5883 τοῦ
853 5826 1111 5900 ίεράρχου
1153 5828 1530 5899 πηγάζουσιν·
1574 5826 1692 5883 ἀλλ’
1724 5825 1825 5899 ήδη

1929 4655 2076 4711 illius
2101 4653 2390 4722 desumpta
2428 4651 2639 4721 liquore
2666 4648 2960 4706 sanitatem
3001 4647 3359 4716 recuperarit.

1999 4919 2115 4972 Alia
2152 4916 2347 4970 nobilis
2372 4915 2498 4969 item
2528 4922 2583 4969 et
2609 4914 2836 4969 illustris
2882 4921 3153 4973 matrona,
3181 4925 3304 4980 qua:
3335 4908 3503 4964 nubili

1927 5010 2046 5064 viro
2072 5012 2125 5063 in
2180 5007 2590 5062 matrimonium
2658 5006 2972 5069 collocata,
3033 5003 3282 5073 pluribus
3340 5002 3502 5056 annis

1928 5096 2220 5152 infecunda
2260 5095 2570 5163 sterilisque
2622 5103 2776 5158 erat,
2802 5092 2982 5147 mariti
3018 5093 3120 5146 iide
3173 5091 3240 5145 ad
3288 5090 3503 5145 cineres

1926 5189 2030 5244 viri
2088 5186 2259 5242 sancti
2323 5185 2733 5255 procumbentis
2770 5224 2786 5249 ,
2836 5185 3066 5254 oleoque
3124 5193 3314 5237 sancto
3378 5182 3507 5237 inde

1930 5283 2086 5337 uxori
2117 5283 2298 5343 allato,
2333 5288 2497 5349 atque
2525 5296 2589 5334 ex
2615 5278 2716 5333 [ide
2746 5277 2919 5339 allito,
2973 5277 3064 5331 illa
3092 5290 3288 5345 magno
3319 5275 3507 5345 ponti-

1930 5376 2031 5430 lice
2070 5374 2381 5443 Supplit‘iter
2433 5373 2719 5437 invocato,
2766 5370 2999 5426 fecunda
3054 5369 3236 5425 subito
3268 5369 3503 5436 reddita,

1928 5467 2132 5537 prolem
2164 5467 2331 5521 edidit
2358 5478 2727 5519 numerosam.

2003 5731 2293 5785 Enimvero
2319 5742 2427 5783 non
2453 5728 2487 5782 ii
2517 5727 2805 5789 duntaxat,
2840 5724 2935 5795 qui
2975 5736 3189 5779 sacram
3235 5720 3519 5789 complexi.

1933 5825 2200 5890 tumbam,
2249 5821 2363 5877 haec
2415 5819 2677 5878 miracula
2732 5826 2861 5874 sunt
2913 5816 3120 5889 experti
3151 5811 3515 5885 :.petexrinis
