  <div class='ocr_page' id='page_1' title='image "/cluster/home/n/w/nwhite01/storage/ocr_20150623/105/nnc1.0046980105/289.png"; bbox 0 0 4194 6432; ppageno 0'>
   <div class='ocr_carea' id='block_1_1' title="bbox 738 347 840 409">
    <p class='ocr_par' dir='ltr' id='par_1_1' title="bbox 738 347 840 409">
     <span class='ocr_line' id='line_1_1' title="bbox 738 347 840 409; baseline 0 0"><span class='ocrx_word' id='word_1_1' title='bbox 738 347 840 409; x_wconf 77' lang='grc'><strong>583</strong></span> 
     </span>
    </p>
   </div>
   <div class='ocr_carea' id='block_1_2' title="bbox 1925 348 2787 409">
    <p class='ocr_par' dir='ltr' id='par_1_2' title="bbox 1925 348 2787 409">
     <span class='ocr_line' id='line_1_2' title="bbox 1925 348 2787 409; baseline 0.003 -3"><span class='ocrx_word' id='word_1_2' title='bbox 1925 348 2219 407; x_wconf 63' lang='grc' dir='ltr'><strong>ΝΙΕΕΤιΕ</strong></span> <span class='ocrx_word' id='word_1_3' title='bbox 2258 348 2787 409; x_wconf 76' lang='lat' dir='ltr'><strong>PAPIILAGONIS</strong></span> 
     </span>
    </p>
   </div>
   <div class='ocr_carea' id='block_1_3' title="bbox 3914 348 4021 415">
    <p class='ocr_par' dir='ltr' id='par_1_3' title="bbox 3914 348 4021 415">
     <span class='ocr_line' id='line_1_3' title="bbox 3914 348 4021 415; baseline 0 0"><span class='ocrx_word' id='word_1_4' title='bbox 3914 348 4021 415; x_wconf 61' lang='grc' dir='ltr'><strong>ΕΜ</strong></span> 
     </span>
    </p>
   </div>
   <div class='ocr_carea' id='block_1_4' title="bbox 736 453 2302 530">
    <p class='ocr_par' dir='ltr' id='par_1_4' title="bbox 736 453 2302 523">
     <span class='ocr_line' id='line_1_4' title="bbox 736 453 2302 523; baseline 0 -17"><span class='ocrx_word' id='word_1_5' title='bbox 736 456 923 517; x_wconf 76' lang='lat' dir='ltr'><strong>etiam,</strong></span> <span class='ocrx_word' id='word_1_6' title='bbox 956 466 1008 510; x_wconf 79' lang='lat' dir='ltr'><strong>et</strong></span> <span class='ocrx_word' id='word_1_7' title='bbox 1039 456 1227 509; x_wconf 89' lang='lat' dir='ltr'><strong>ultima</strong></span> <span class='ocrx_word' id='word_1_8' title='bbox 1258 462 1522 508; x_wconf 86' lang='lat' dir='ltr'><strong>terrarum</strong></span> <span class='ocrx_word' id='word_1_9' title='bbox 1557 453 1941 517; x_wconf 88' lang='lat' dir='ltr'><strong>incolentibus,</strong></span> <span class='ocrx_word' id='word_1_10' title='bbox 1985 455 2094 507; x_wconf 80' lang='lat' dir='ltr'><strong>Deo</strong></span> <span class='ocrx_word' id='word_1_11' title='bbox 2124 454 2302 523; x_wconf 75' lang='lat' dir='ltr'><strong>plenus</strong></span> 
     </span>
    </p>
   </div>
   <div class='ocr_carea' id='block_1_5' title="bbox 2406 453 4018 530">
    <p class='ocr_par' dir='ltr' id='par_1_5' title="bbox 2421 454 4018 530">
     <span class='ocr_line' id='line_1_5' title="bbox 2421 454 4018 530; baseline 0.007 -25"><span class='ocrx_word' id='word_1_12' title='bbox 2421 455 2513 505; x_wconf 73' lang='grc' dir='ltr'><strong>καὶ</strong></span> <span class='ocrx_word' id='word_1_13' title='bbox 2545 458 2657 515; x_wconf 85' lang='grc' dir='ltr'>τοῖς</span> <span class='ocrx_word' id='word_1_14' title='bbox 2687 454 2775 506; x_wconf 77' lang='grc' dir='ltr'><strong>ἐπ’</strong></span> <span class='ocrx_word' id='word_1_15' title='bbox 2804 456 3111 526; x_wconf 75' lang='grc' dir='ltr'>ἀλλοδαπῆς</span> <span class='ocrx_word' id='word_1_16' title='bbox 3156 460 3279 527; x_wconf 78' lang='grc' dir='ltr'>γῆς,</span> <span class='ocrx_word' id='word_1_17' title='bbox 3317 458 3409 512; x_wconf 70' lang='grc' dir='ltr'><strong>καὶ</strong></span> <span class='ocrx_word' id='word_1_18' title='bbox 3441 459 3507 513; x_wconf 81' lang='grc' dir='ltr'><strong>τὰ</strong></span> <span class='ocrx_word' id='word_1_19' title='bbox 3537 459 3682 530; x_wconf 78' lang='grc' dir='ltr'>ἄκρα</span> <span class='ocrx_word' id='word_1_20' title='bbox 3714 460 3814 528; x_wconf 77' lang='grc' dir='ltr'>τῆς</span> <span class='ocrx_word' id='word_1_21' title='bbox 3838 463 4018 516; x_wconf 72' lang='lat' dir='ltr'><strong>olm-J-</strong></span> 
     </span>
    </p>
   </div>
   <div class='ocr_carea' id='block_1_6' title="bbox 733 546 2332 617">
    <p class='ocr_par' dir='ltr' id='par_1_6' title="bbox 733 546 2332 617">
     <span class='ocr_line' id='line_1_6' title="bbox 733 546 2332 617; baseline -0.001 -15"><span class='ocrx_word' id='word_1_22' title='bbox 733 547 901 602; x_wconf 75' lang='lat' dir='ltr'><strong>I’ater</strong></span> <span class='ocrx_word' id='word_1_23' title='bbox 925 548 1076 602; x_wconf 99' lang='lat' dir='ltr'><strong>adest</strong></span> <span class='ocrx_word' id='word_1_24' title='bbox 1108 548 1448 616; x_wconf 82' lang='lat' dir='ltr'><strong>imploratos.</strong></span> <span class='ocrx_word' id='word_1_25' title='bbox 1485 546 1649 615; x_wconf 89' lang='lat' dir='ltr'><strong>Cujus</strong></span> <span class='ocrx_word' id='word_1_26' title='bbox 1673 548 1749 601; x_wconf 90' lang='lat' dir='ltr'><strong>rei</strong></span> <span class='ocrx_word' id='word_1_27' title='bbox 1778 547 2153 617; x_wconf 83' lang='lat' dir='ltr'><strong>amplissimus</strong></span> <span class='ocrx_word' id='word_1_28' title='bbox 2178 547 2332 601; x_wconf 90' lang='lat' dir='ltr'><strong>testis</strong></span> 
     </span>
    </p>
   </div>
   <div class='ocr_carea' id='block_1_7' title="bbox 729 618 2332 706">
    <p class='ocr_par' dir='ltr' id='par_1_7' title="bbox 729 618 2332 706">
     <span class='ocr_line' id='line_1_7' title="bbox 729 618 2332 706; baseline -0.002 -17"><span class='ocrx_word' id='word_1_29' title='bbox 729 649 930 706; x_wconf 66' lang='lat' dir='ltr'><strong>praetor</strong></span> <span class='ocrx_word' id='word_1_30' title='bbox 955 649 1034 691; x_wconf 88' lang='lat' dir='ltr'><strong>est</strong></span> <span class='ocrx_word' id='word_1_31' title='bbox 1087 636 1305 704; x_wconf 70' lang='lat' dir='ltr'><strong>Sieilim,</strong></span> <span class='ocrx_word' id='word_1_32' title='bbox 1338 636 1429 706; x_wconf 87' lang='lat' dir='ltr'><strong>qui</strong></span> <span class='ocrx_word' id='word_1_33' title='bbox 1460 636 1512 689; x_wconf 88' lang='lat' dir='ltr'><strong>id</strong></span> <span class='ocrx_word' id='word_1_34' title='bbox 1544 636 1890 691; x_wconf 76' lang='lat' dir='ltr'><strong>sanctissime</strong></span> <span class='ocrx_word' id='word_1_35' title='bbox 1929 637 2148 702; x_wconf 83' lang='lat' dir='ltr'><strong>juratus</strong></span> <span class='ocrx_word' id='word_1_36' title='bbox 2189 618 2332 686; x_wconf 73' lang='lat' dir='ltr'><strong>aliir-</strong></span> 
     </span>
    </p>
   </div>
   <div class='ocr_carea' id='block_1_8' title="bbox 731 722 2316 793">
    <p class='ocr_par' dir='ltr' id='par_1_8' title="bbox 731 722 2316 793">
     <span class='ocr_line' id='line_1_8' title="bbox 731 722 2316 793; baseline -0.003 -15"><span class='ocrx_word' id='word_1_37' title='bbox 731 725 919 778; x_wconf 84' lang='lat' dir='ltr'><strong>mavit.</strong></span> <span class='ocrx_word' id='word_1_38' title='bbox 958 724 1012 777; x_wconf 91' lang='lat' dir='ltr'><strong>In</strong></span> <span class='ocrx_word' id='word_1_39' title='bbox 1045 725 1322 791; x_wconf 70' lang='lat' dir='ltr'><strong>Agarcnus</strong></span> <span class='ocrx_word' id='word_1_40' title='bbox 1367 724 1384 793; x_wconf 95' lang='lat'>(</span> <span class='ocrx_word' id='word_1_41' title='bbox 1419 722 1659 777; x_wconf 86' lang='lat' dir='ltr'><strong>Siciliam</strong></span> <span class='ocrx_word' id='word_1_42' title='bbox 1710 722 2062 791; x_wconf 78' lang='lat' dir='ltr'><strong>invadentes)</strong></span> <span class='ocrx_word' id='word_1_43' title='bbox 2118 736 2316 792; x_wconf 81' lang='lat' dir='ltr'><strong>pugna-</strong></span> 
     </span>
    </p>
   </div>
   <div class='ocr_carea' id='block_1_9' title="bbox 732 818 2327 887">
    <p class='ocr_par' dir='ltr' id='par_1_9' title="bbox 732 818 2327 887">
     <span class='ocr_line' id='line_1_9' title="bbox 732 818 2327 887; baseline -0.001 -19"><span class='ocrx_word' id='word_1_44' title='bbox 732 826 909 879; x_wconf 94' lang='lat' dir='ltr'><strong>turus,</strong></span> <span class='ocrx_word' id='word_1_45' title='bbox 943 832 1064 870; x_wconf 79' lang='lat' dir='ltr'><strong>rum</strong></span> <span class='ocrx_word' id='word_1_46' title='bbox 1099 818 1300 887; x_wconf 83' lang='lat' dir='ltr'><strong>ingenti</strong></span> <span class='ocrx_word' id='word_1_47' title='bbox 1344 832 1473 871; x_wconf 90' lang='lat' dir='ltr'><strong>cura</strong></span> <span class='ocrx_word' id='word_1_48' title='bbox 1510 831 1817 885; x_wconf 71' lang='lat' dir='ltr'><strong>pat&#39;oreque</strong></span> <span class='ocrx_word' id='word_1_49' title='bbox 1844 827 2152 885; x_wconf 76' lang='lat' dir='ltr'><strong>angeretur,</strong></span> <span class='ocrx_word' id='word_1_50' title='bbox 2212 829 2327 867; x_wconf 85' lang='lat' dir='ltr'><strong>ma-</strong></span> 
     </span>
    </p>
   </div>
   <div class='ocr_carea' id='block_1_10' title="bbox 729 906 2311 977">
    <p class='ocr_par' dir='ltr' id='par_1_10' title="bbox 729 906 2311 977">
     <span class='ocr_line' id='line_1_10' title="bbox 729 906 2311 977; baseline -0.001 -17"><span class='ocrx_word' id='word_1_51' title='bbox 729 924 895 976; x_wconf 74' lang='lat' dir='ltr'><strong>gnum</strong></span> <span class='ocrx_word' id='word_1_52' title='bbox 926 906 1193 977; x_wconf 82' lang='lat' dir='ltr'><strong>lgnatinm</strong></span> <span class='ocrx_word' id='word_1_53' title='bbox 1232 908 1285 961; x_wconf 90' lang='lat' dir='ltr'><strong>in</strong></span> <span class='ocrx_word' id='word_1_54' title='bbox 1308 909 1573 962; x_wconf 75' lang='lat' dir='ltr'><strong>auxilium</strong></span> <span class='ocrx_word' id='word_1_55' title='bbox 1609 910 1931 963; x_wconf 76' lang='lat' dir='ltr'><strong>ardentibus</strong></span> <span class='ocrx_word' id='word_1_56' title='bbox 1964 910 2104 963; x_wconf 80' lang='lat' dir='ltr'><strong>votis</strong></span> <span class='ocrx_word' id='word_1_57' title='bbox 2154 909 2311 963; x_wconf 82' lang='lat' dir='ltr'><strong>invo-</strong></span> 
     </span>
    </p>
   </div>
   <div class='ocr_carea' id='block_1_11' title="bbox 725 999 2313 1070">
    <p class='ocr_par' dir='ltr' id='par_1_11' title="bbox 725 999 2313 1070">
     <span class='ocr_line' id='line_1_11' title="bbox 725 999 2313 1070; baseline 0.001 -17"><span class='ocrx_word' id='word_1_58' title='bbox 725 1010 813 1054; x_wconf 87' lang='lat' dir='ltr'><strong>cat</strong></span> <span class='ocrx_word' id='word_1_59' title='bbox 843 1019 855 1054; x_wconf 92' lang='lat'><strong>:</strong></span> <span class='ocrx_word' id='word_1_60' title='bbox 889 1000 982 1070; x_wconf 93' lang='lat' dir='ltr'><strong>qui</strong></span> <span class='ocrx_word' id='word_1_61' title='bbox 1025 999 1235 1069; x_wconf 83' lang='lat' dir='ltr'><strong>(inquit</strong></span> <span class='ocrx_word' id='word_1_62' title='bbox 1274 1000 1509 1069; x_wconf 66' lang='lat' dir='ltr'><strong>przetor)</strong></span> <span class='ocrx_word' id='word_1_63' title='bbox 1542 999 1864 1054; x_wconf 84' lang='lat' dir='ltr'><strong>manifesms</strong></span> <span class='ocrx_word' id='word_1_64' title='bbox 1898 1000 1949 1053; x_wconf 90' lang='lat' dir='ltr'><strong>in</strong></span> <span class='ocrx_word' id='word_1_65' title='bbox 1988 1015 2113 1054; x_wconf 88' lang='lat' dir='ltr'><strong>aere</strong></span> <span class='ocrx_word' id='word_1_66' title='bbox 2166 999 2313 1055; x_wconf 91' lang='lat' dir='ltr'><strong>velut</strong></span> 
     </span>
    </p>
   </div>
   <div class='ocr_carea' id='block_1_12' title="bbox 722 1092 2310 1159">
    <p class='ocr_par' dir='ltr' id='par_1_12' title="bbox 722 1092 2310 1159">
     <span class='ocr_line' id='line_1_12' title="bbox 722 1092 2310 1159; baseline 0.001 -14"><span class='ocrx_word' id='word_1_67' title='bbox 722 1093 847 1147; x_wconf 85' lang='lat' dir='ltr'><strong>albo</strong></span> <span class='ocrx_word' id='word_1_68' title='bbox 900 1093 1143 1146; x_wconf 79' lang='lat' dir='ltr'><strong>insidens</strong></span> <span class='ocrx_word' id='word_1_69' title='bbox 1205 1107 1349 1159; x_wconf 89' lang='lat' dir='ltr'><strong>equo</strong></span> <span class='ocrx_word' id='word_1_70' title='bbox 1400 1108 1487 1145; x_wconf 88' lang='lat' dir='ltr'><strong>tne</strong></span> <span class='ocrx_word' id='word_1_71' title='bbox 1549 1093 1795 1153; x_wconf 87' lang='lat' dir='ltr'><strong>monuit,</strong></span> <span class='ocrx_word' id='word_1_72' title='bbox 1841 1101 1897 1145; x_wconf 90' lang='lat' dir='ltr'><strong>ut</strong></span> <span class='ocrx_word' id='word_1_73' title='bbox 1934 1093 1984 1144; x_wconf 91' lang='lat' dir='ltr'><strong>in</strong></span> <span class='ocrx_word' id='word_1_74' title='bbox 2028 1092 2310 1147; x_wconf 72' lang='lat' dir='ltr'><strong>dexteram</strong></span> 
     </span>
    </p>
   </div>
   <div class='ocr_carea' id='block_1_13' title="bbox 724 1183 2314 1255">
    <p class='ocr_par' dir='ltr' id='par_1_13' title="bbox 724 1183 2314 1255">
     <span class='ocr_line' id='line_1_13' title="bbox 724 1183 2314 1255; baseline 0 -15"><span class='ocrx_word' id='word_1_75' title='bbox 724 1196 929 1254; x_wconf 86' lang='lat' dir='ltr'><strong>partem</strong></span> <span class='ocrx_word' id='word_1_76' title='bbox 960 1185 1229 1239; x_wconf 78' lang='lat' dir='ltr'><strong>ﬂecterent</strong></span> <span class='ocrx_word' id='word_1_77' title='bbox 1262 1201 1481 1255; x_wconf 77' lang='lat' dir='ltr'><strong>agmen,</strong></span> <span class='ocrx_word' id='word_1_78' title='bbox 1508 1184 1763 1254; x_wconf 78' lang='lat' dir='ltr'><strong>illicoque</strong></span> <span class='ocrx_word' id='word_1_79' title='bbox 1813 1184 2041 1253; x_wconf 79' lang='lat' dir='ltr'><strong>gloriam</strong></span> <span class='ocrx_word' id='word_1_80' title='bbox 2084 1183 2175 1238; x_wconf 88' lang='lat' dir='ltr'><strong>Dei</strong></span> <span class='ocrx_word' id='word_1_81' title='bbox 2226 1200 2314 1240; x_wconf 90' lang='lat' dir='ltr'><strong>me</strong></span> 
     </span>
    </p>
   </div>
   <div class='ocr_carea' id='block_1_14' title="bbox 720 1276 2319 1348">
    <p class='ocr_par' dir='ltr' id='par_1_14' title="bbox 720 1276 2319 1348">
     <span class='ocr_line' id='line_1_14' title="bbox 720 1276 2319 1348; baseline 0.004 -19"><span class='ocrx_word' id='word_1_82' title='bbox 720 1280 1017 1332; x_wconf 66' lang='lat' dir='ltr'><strong>visurum..</strong></span> <span class='ocrx_word' id='word_1_83' title='bbox 1049 1277 1205 1344; x_wconf 82' lang='lat' dir='ltr'><strong>Quod</strong></span> <span class='ocrx_word' id='word_1_84' title='bbox 1277 1294 1399 1331; x_wconf 85' lang='lat' dir='ltr'><strong>cum</strong></span> <span class='ocrx_word' id='word_1_85' title='bbox 1459 1276 1749 1348; x_wconf 69' lang='lat' dir='ltr'><strong>prmfectus</strong></span> <span class='ocrx_word' id='word_1_86' title='bbox 1786 1276 2062 1333; x_wconf 74' lang='lat' dir='ltr'><strong>hlusilices</strong></span> <span class='ocrx_word' id='word_1_87' title='bbox 2095 1278 2319 1335; x_wconf 86' lang='lat' dir='ltr'><strong>nomine</strong></span> 
     </span>
    </p>
   </div>
   <div class='ocr_carea' id='block_1_15' title="bbox 722 1370 2135 1442">
    <p class='ocr_par' dir='ltr' id='par_1_15' title="bbox 722 1370 2135 1442">
     <span class='ocr_line' id='line_1_15' title="bbox 722 1370 2135 1442; baseline -0.004 -15"><span class='ocrx_word' id='word_1_88' title='bbox 722 1372 966 1439; x_wconf 78' lang='lat' dir='ltr'><strong>fecisset,</strong></span> <span class='ocrx_word' id='word_1_89' title='bbox 1006 1373 1209 1442; x_wconf 75' lang='lat' dir='ltr'><strong>ingenti</strong></span> <span class='ocrx_word' id='word_1_90' title='bbox 1257 1371 1444 1441; x_wconf 72' lang='lat' dir='ltr'><strong>pnelio</strong></span> <span class='ocrx_word' id='word_1_91' title='bbox 1477 1370 1724 1425; x_wconf 86' lang='lat' dir='ltr'><strong>devictos</strong></span> <span class='ocrx_word' id='word_1_92' title='bbox 1754 1371 1942 1426; x_wconf 84' lang='lat' dir='ltr'><strong>hostes</strong></span> <span class='ocrx_word' id='word_1_93' title='bbox 1970 1370 2135 1439; x_wconf 87' lang='lat' dir='ltr'><strong>cepit.</strong></span> 
     </span>
    </p>
   </div>
   <div class='ocr_carea' id='block_1_16' title="bbox 2436 546 4018 624">
    <p class='ocr_par' dir='ltr' id='par_1_16' title="bbox 2436 546 4018 624">
     <span class='ocr_line' id='line_1_16' title="bbox 2436 546 4018 624; baseline 0.007 -28"><span class='ocrx_word' id='word_1_94' title='bbox 2436 548 2603 615; x_wconf 84' lang='grc' dir='ltr'>μένης</span> <span class='ocrx_word' id='word_1_95' title='bbox 2633 546 2894 611; x_wconf 75' lang='grc' dir='ltr'><strong>οἰκοῦσιν,</strong></span> <span class='ocrx_word' id='word_1_96' title='bbox 2933 550 3382 620; x_wconf 59' lang='grc' dir='ltr'><strong>ἐπικαλουμένοις</strong></span> <span class='ocrx_word' id='word_1_97' title='bbox 3423 552 3453 605; x_wconf 86' lang='grc' dir='ltr'><strong>ό</strong></span> <span class='ocrx_word' id='word_1_98' title='bbox 3487 553 3786 622; x_wconf 88' lang='grc' dir='ltr'>θεόληπτος</span> <span class='ocrx_word' id='word_1_99' title='bbox 3828 554 4018 624; x_wconf 76' lang='grc' dir='ltr'>Πατὴρ</span> 
     </span>
    </p>
   </div>
   <div class='ocr_carea' id='block_1_17' title="bbox 2431 639 4016 717">
    <p class='ocr_par' dir='ltr' id='par_1_17' title="bbox 2431 639 4016 717">
     <span class='ocr_line' id='line_1_17' title="bbox 2431 639 4016 717; baseline 0.008 -28"><span class='ocrx_word' id='word_1_100' title='bbox 2431 639 2798 704; x_wconf 67' lang='grc' dir='ltr'>ἐπιφαίνεται.</span> <span class='ocrx_word' id='word_1_101' title='bbox 2830 642 2938 694; x_wconf 76' lang='grc' dir='ltr'><strong>Καὶ</strong></span> <span class='ocrx_word' id='word_1_102' title='bbox 2967 643 3157 695; x_wconf 86' lang='grc' dir='ltr'>τούτου</span> <span class='ocrx_word' id='word_1_103' title='bbox 3190 643 3401 714; x_wconf 86' lang='grc' dir='ltr'>μάρτυς</span> <span class='ocrx_word' id='word_1_104' title='bbox 3440 647 3573 715; x_wconf 81' lang='grc' dir='ltr'>ἡμῖν</span> <span class='ocrx_word' id='word_1_105' title='bbox 3599 646 3837 715; x_wconf 73' lang='grc' dir='ltr'>ἀψευδὴς</span> <span class='ocrx_word' id='word_1_106' title='bbox 3862 649 3891 700; x_wconf 89' lang='grc' dir='ltr'><strong>ό</strong></span> <span class='ocrx_word' id='word_1_107' title='bbox 3917 650 4016 717; x_wconf 73' lang='grc' dir='ltr'>τῆς</span> 
     </span>
    </p>
   </div>
   <div class='ocr_carea' id='block_1_18' title="bbox 2429 732 4014 812">
    <p class='ocr_par' dir='ltr' id='par_1_18' title="bbox 2429 732 4014 812">
     <span class='ocr_line' id='line_1_18' title="bbox 2429 732 4014 812; baseline 0.006 -30"><span class='ocrx_word' id='word_1_108' title='bbox 2429 732 2677 795; x_wconf 66' lang='grc' dir='ltr'>Σικελίας</span> <span class='ocrx_word' id='word_1_109' title='bbox 2709 736 3047 805; x_wconf 72' lang='grc' dir='ltr'>ξστρατηγὸς,</span> <span class='ocrx_word' id='word_1_110' title='bbox 3098 740 3346 805; x_wconf 79' lang='grc' dir='ltr'>φρικτοίς</span> <span class='ocrx_word' id='word_1_111' title='bbox 3393 739 3579 808; x_wconf 75' lang='grc' dir='ltr'>ὅρκοις</span> <span class='ocrx_word' id='word_1_112' title='bbox 3626 742 4014 812; x_wconf 76' lang='grc' dir='ltr'>πληροφορῶν,</span> 
     </span>
    </p>
   </div>
   <div class='ocr_carea' id='block_1_19' title="bbox 2426 824 4017 904">
    <p class='ocr_par' dir='ltr' id='par_1_19' title="bbox 2426 824 4017 904">
     <span class='ocr_line' id='line_1_19' title="bbox 2426 824 4017 904; baseline 0.007 -29"><span class='ocrx_word' id='word_1_113' title='bbox 2426 824 2500 886; x_wconf 82' lang='grc' dir='ltr'><strong>ὡς</strong></span> <span class='ocrx_word' id='word_1_114' title='bbox 2538 824 2747 894; x_wconf 81' lang='grc' dir='ltr'>μέλλων</span> <span class='ocrx_word' id='word_1_115' title='bbox 2788 828 2867 890; x_wconf 84' lang='grc' dir='ltr'><strong>είς</strong></span> <span class='ocrx_word' id='word_1_116' title='bbox 2914 828 3154 897; x_wconf 82' lang='grc' dir='ltr'>πόλεμον</span> <span class='ocrx_word' id='word_1_117' title='bbox 3204 831 3504 900; x_wconf 69' lang='grc' dir='ltr'>συμϐαλεῖν</span> <span class='ocrx_word' id='word_1_118' title='bbox 3555 834 3613 884; x_wconf 69' lang='grc' dir='ltr'>ἐν</span> <span class='ocrx_word' id='word_1_119' title='bbox 3651 833 3873 904; x_wconf 67' lang='grc' dir='ltr'>Σικελία</span> <span class='ocrx_word' id='word_1_120' title='bbox 3903 838 4017 897; x_wconf 83' lang='grc' dir='ltr'>τοῖς</span> 
     </span>
    </p>
   </div>
   <div class='ocr_carea' id='block_1_20' title="bbox 2438 918 4016 994">
    <p class='ocr_par' dir='ltr' id='par_1_20' title="bbox 2438 918 4016 994">
     <span class='ocr_line' id='line_1_20' title="bbox 2438 918 4016 994; baseline 0.004 -23"><span class='ocrx_word' id='word_1_121' title='bbox 2438 918 2785 988; x_wconf 84' lang='grc' dir='ltr'>Ἀγαρηνοῖς,</span> <span class='ocrx_word' id='word_1_122' title='bbox 2819 926 2912 973; x_wconf 76' lang='grc' dir='ltr'><strong>καί</strong></span> <span class='ocrx_word' id='word_1_123' title='bbox 2952 922 3123 989; x_wconf 81' lang='grc' dir='ltr'>ἀγῶνι</span> <span class='ocrx_word' id='word_1_124' title='bbox 3153 921 3333 992; x_wconf 85' lang='grc' dir='ltr'>πολλῷ</span> <span class='ocrx_word' id='word_1_125' title='bbox 3375 925 3756 994; x_wconf 80' lang='grc' dir='ltr'>συνεχόμενος.</span> <span class='ocrx_word' id='word_1_126' title='bbox 3791 927 3882 978; x_wconf 73' lang='grc' dir='ltr'>καὶ</span> <span class='ocrx_word' id='word_1_127' title='bbox 3916 927 4016 978; x_wconf 67' lang='grc' dir='ltr'><strong>τδν</strong></span> 
     </span>
    </p>
   </div>
   <div class='ocr_carea' id='block_1_21' title="bbox 2425 1008 4014 1086">
    <p class='ocr_par' dir='ltr' id='par_1_21' title="bbox 2425 1008 4014 1086">
     <span class='ocr_line' id='line_1_21' title="bbox 2425 1008 4014 1086; baseline 0.008 -27"><span class='ocrx_word' id='word_1_128' title='bbox 2425 1008 2598 1077; x_wconf 83' lang='grc' dir='ltr'>μέγαν</span> <span class='ocrx_word' id='word_1_129' title='bbox 2652 1010 2918 1077; x_wconf 81' lang='grc' dir='ltr'>Ίγνάτιον</span> <span class='ocrx_word' id='word_1_130' title='bbox 2961 1016 3039 1073; x_wconf 87' lang='grc' dir='ltr'><strong>είς</strong></span> <span class='ocrx_word' id='word_1_131' title='bbox 3083 1016 3402 1083; x_wconf 76' lang='grc' dir='ltr'><strong>συμμαχίαν</strong></span> <span class='ocrx_word' id='word_1_132' title='bbox 3450 1015 3669 1086; x_wconf 86' lang='grc' dir='ltr'>θερμῶς</span> <span class='ocrx_word' id='word_1_133' title='bbox 3718 1017 4014 1071; x_wconf 72' lang='grc' dir='ltr'>ἐπικαλού-</span> 
     </span>
    </p>
   </div>
   <div class='ocr_carea' id='block_1_22' title="bbox 2424 1099 4012 1178">
    <p class='ocr_par' dir='ltr' id='par_1_22' title="bbox 2424 1099 4012 1178">
     <span class='ocr_line' id='line_1_22' title="bbox 2424 1099 4012 1178; baseline 0.008 -27"><span class='ocrx_word' id='word_1_134' title='bbox 2424 1117 2617 1168; x_wconf 81' lang='grc' dir='ltr'>μενος,</span> <span class='ocrx_word' id='word_1_135' title='bbox 2657 1099 2833 1168; x_wconf 82' lang='grc' dir='ltr'>Εἷδον,</span> <span class='ocrx_word' id='word_1_136' title='bbox 2883 1105 3069 1176; x_wconf 78' lang='grc' dir='ltr'>φησίν,</span> <span class='ocrx_word' id='word_1_137' title='bbox 3114 1108 3279 1160; x_wconf 63' lang='grc' dir='ltr'>αὐτὸν</span> <span class='ocrx_word' id='word_1_138' title='bbox 3314 1107 3753 1178; x_wconf 76' lang='grc' dir='ltr'>όφθαλμοφανῶς</span> <span class='ocrx_word' id='word_1_139' title='bbox 3798 1112 3890 1163; x_wconf 76' lang='grc' dir='ltr'><strong>ὲπὶ</strong></span> <span class='ocrx_word' id='word_1_140' title='bbox 3916 1111 4012 1164; x_wconf 80' lang='grc' dir='ltr'><strong>τοῦ</strong></span> 
     </span>
    </p>
   </div>
   <div class='ocr_carea' id='block_1_23' title="bbox 2422 1193 4017 1273">
    <p class='ocr_par' dir='ltr' id='par_1_23' title="bbox 2422 1193 4017 1273">
     <span class='ocr_line' id='line_1_23' title="bbox 2422 1193 4017 1273; baseline 0.006 -27"><span class='ocrx_word' id='word_1_141' title='bbox 2422 1193 2584 1263; x_wconf 81' lang='grc' dir='ltr'>όέρος</span> <span class='ocrx_word' id='word_1_142' title='bbox 2611 1193 2799 1266; x_wconf 81' lang='grc' dir='ltr'>ὥσπερ</span> <span class='ocrx_word' id='word_1_143' title='bbox 2824 1196 2909 1265; x_wconf 76' lang='grc' dir='ltr'><strong>ἐφ’</strong></span> <span class='ocrx_word' id='word_1_144' title='bbox 2935 1199 3102 1253; x_wconf 82' lang='grc' dir='ltr'>ἵππου</span> <span class='ocrx_word' id='word_1_145' title='bbox 3125 1199 3323 1253; x_wconf 81' lang='grc' dir='ltr'>λευκοῦ</span> <span class='ocrx_word' id='word_1_146' title='bbox 3350 1201 3665 1271; x_wconf 86' lang='grc' dir='ltr'>καθήμενον</span> <span class='ocrx_word' id='word_1_147' title='bbox 3684 1203 3779 1255; x_wconf 77' lang='grc' dir='ltr'>καὶ</span> <span class='ocrx_word' id='word_1_148' title='bbox 3805 1220 4017 1273; x_wconf 82' lang='grc' dir='ltr'>παρεγ-</span> 
     </span>
    </p>
   </div>
   <div class='ocr_carea' id='block_1_24' title="bbox 2423 1282 4015 1364">
    <p class='ocr_par' dir='ltr' id='par_1_24' title="bbox 2423 1282 4015 1364">
     <span class='ocr_line' id='line_1_24' title="bbox 2423 1282 4015 1364; baseline 0.006 -29"><span class='ocrx_word' id='word_1_149' title='bbox 2423 1282 2731 1354; x_wconf 86' lang='grc' dir='ltr'>γυώμενον,</span> <span class='ocrx_word' id='word_1_150' title='bbox 2780 1289 2918 1359; x_wconf 71' lang='grc' dir='ltr'>πρὸς</span> <span class='ocrx_word' id='word_1_151' title='bbox 2975 1293 3087 1354; x_wconf 88' lang='grc' dir='ltr'>τοῖς</span> <span class='ocrx_word' id='word_1_152' title='bbox 3127 1291 3322 1357; x_wconf 81' lang='grc' dir='ltr'>δεξιοῖς</span> <span class='ocrx_word' id='word_1_153' title='bbox 3367 1292 3594 1364; x_wconf 87' lang='grc' dir='ltr'>μέρεσιν</span> <span class='ocrx_word' id='word_1_154' title='bbox 3654 1294 3873 1363; x_wconf 70' lang='grc' dir='ltr'>ὁδηγεῖν</span> <span class='ocrx_word' id='word_1_155' title='bbox 3919 1294 4015 1346; x_wconf 74' lang='grc' dir='ltr'><strong>τὸν</strong></span> 
     </span>
    </p>
   </div>
   <div class='ocr_carea' id='block_1_25' title="bbox 2425 1379 4013 1457">
    <p class='ocr_par' dir='ltr' id='par_1_25' title="bbox 2425 1379 4013 1457">
     <span class='ocr_line' id='line_1_25' title="bbox 2425 1379 4013 1457; baseline 0.009 -29"><span class='ocrx_word' id='word_1_156' title='bbox 2425 1379 2677 1447; x_wconf 84' lang='grc' dir='ltr'>στρατὸν,</span> <span class='ocrx_word' id='word_1_157' title='bbox 2708 1383 2800 1434; x_wconf 75' lang='grc' dir='ltr'>καὶ</span> <span class='ocrx_word' id='word_1_158' title='bbox 2837 1382 2938 1452; x_wconf 81' lang='grc' dir='ltr'>τὴν</span> <span class='ocrx_word' id='word_1_159' title='bbox 2959 1383 3116 1449; x_wconf 79' lang='grc' dir='ltr'>δόξαν</span> <span class='ocrx_word' id='word_1_160' title='bbox 3155 1385 3318 1449; x_wconf 75' lang='grc' dir='ltr'>εὐθὺς</span> <span class='ocrx_word' id='word_1_161' title='bbox 3352 1385 3595 1457; x_wconf 76' lang='grc' dir='ltr'>καθορᾷν</span> <span class='ocrx_word' id='word_1_162' title='bbox 3624 1387 3718 1440; x_wconf 78' lang='grc' dir='ltr'><strong>τοῦ</strong></span> <span class='ocrx_word' id='word_1_163' title='bbox 3752 1386 3911 1442; x_wconf 73' lang='grc' dir='ltr'>Θεοῦ.</span> <span class='ocrx_word' id='word_1_164' title='bbox 3944 1388 4013 1441; x_wconf 87' lang='lat'><strong>&#39;0</strong></span> 
     </span>
    </p>
   </div>
   <div class='ocr_carea' id='block_1_26' title="bbox 718 1463 3999 1549">
    <p class='ocr_par' dir='ltr' id='par_1_26' title="bbox 718 1463 3999 1549">
     <span class='ocr_line' id='line_1_26' title="bbox 718 1463 3999 1549; baseline 0.004 -28"><span class='ocrx_word' id='word_1_165' title='bbox 718 1469 815 1521; x_wconf 73' lang='grc' dir='ltr'>καὶ</span> <span class='ocrx_word' id='word_1_166' title='bbox 861 1468 1203 1536; x_wconf 76' lang='grc' dir='ltr'><strong>πεποιηκότα</strong></span> <span class='ocrx_word' id='word_1_167' title='bbox 1241 1466 1332 1519; x_wconf 85' lang='grc' dir='ltr'>τὸν</span> <span class='ocrx_word' id='word_1_168' title='bbox 1384 1466 1867 1537; x_wconf 76' lang='grc' dir='ltr'><strong>στρατοπεδάρχην</strong></span> <span class='ocrx_word' id='word_1_169' title='bbox 1910 1463 2284 1535; x_wconf 86' lang='grc' dir='ltr'>(Μουσιλίκης</span> <span class='ocrx_word' id='word_1_170' title='bbox 2324 1466 2383 1521; x_wconf 82' lang='grc' dir='ltr'>δὲ</span> <span class='ocrx_word' id='word_1_171' title='bbox 2421 1467 2593 1542; x_wconf 76' lang='grc' dir='ltr'>δνομα</span> <span class='ocrx_word' id='word_1_172' title='bbox 2634 1474 2713 1546; x_wconf 79' lang='grc' dir='ltr'><strong>τῷ</strong></span> <span class='ocrx_word' id='word_1_173' title='bbox 2758 1477 2958 1547; x_wconf 74' lang='grc' dir='ltr'>ἀνδρὶ),</span> <span class='ocrx_word' id='word_1_174' title='bbox 3020 1478 3367 1549; x_wconf 86' lang='grc' dir='ltr'>κατακράτος</span> <span class='ocrx_word' id='word_1_175' title='bbox 3445 1482 3573 1544; x_wconf 73' lang='grc' dir='ltr'>τοὺς</span> <span class='ocrx_word' id='word_1_176' title='bbox 3642 1480 3999 1542; x_wconf 75' lang='grc' dir='ltr'>ὑπεναντίους</span> 
     </span>
    </p>
   </div>
   <div class='ocr_carea' id='block_1_27' title="bbox 718 1561 881 1615">
    <p class='ocr_par' dir='ltr' id='par_1_27' title="bbox 718 1561 881 1615">
     <span class='ocr_line' id='line_1_27' title="bbox 718 1561 881 1615; baseline 0.031 -8"><span class='ocrx_word' id='word_1_177' title='bbox 718 1561 881 1615; x_wconf 65' lang='grc' dir='ltr'>ἑλεῖν.</span> 
     </span>
    </p>
   </div>
   <div class='ocr_carea' id='block_1_28' title="bbox 788 1650 2303 1723">
    <p class='ocr_par' dir='ltr' id='par_1_28' title="bbox 788 1650 2303 1723">
     <span class='ocr_line' id='line_1_28' title="bbox 788 1650 2303 1723; baseline -0.001 -19"><span class='ocrx_word' id='word_1_178' title='bbox 788 1652 911 1718; x_wconf 87' lang='lat' dir='ltr'><strong>Quo</strong></span> <span class='ocrx_word' id='word_1_179' title='bbox 963 1658 1125 1723; x_wconf 89' lang='lat' dir='ltr'><strong>pacto</strong></span> <span class='ocrx_word' id='word_1_180' title='bbox 1179 1668 1311 1709; x_wconf 80' lang='lat' dir='ltr'><strong>vero</strong></span> <span class='ocrx_word' id='word_1_181' title='bbox 1371 1653 1590 1707; x_wconf 71' lang='lat' dir='ltr'><strong>feminae</strong></span> <span class='ocrx_word' id='word_1_182' title='bbox 1644 1651 1874 1706; x_wconf 83' lang='lat' dir='ltr'><strong>alterius</strong></span> <span class='ocrx_word' id='word_1_183' title='bbox 1919 1650 2303 1705; x_wconf 89' lang='lat' dir='ltr'><strong>admirandum</strong></span> 
     </span>
    </p>
   </div>
   <div class='ocr_carea' id='block_1_29' title="bbox 716 1742 2303 1815">
    <p class='ocr_par' dir='ltr' id='par_1_29' title="bbox 716 1742 2303 1815">
     <span class='ocr_line' id='line_1_29' title="bbox 716 1742 2303 1815; baseline 0 -20"><span class='ocrx_word' id='word_1_184' title='bbox 716 1760 904 1800; x_wconf 79' lang='lat' dir='ltr'><strong>rasum</strong></span> <span class='ocrx_word' id='word_1_185' title='bbox 938 1786 953 1809; x_wconf 93' lang='lat'><strong>,</strong></span> <span class='ocrx_word' id='word_1_186' title='bbox 1009 1755 1065 1799; x_wconf 89' lang='lat' dir='ltr'><strong>et</strong></span> <span class='ocrx_word' id='word_1_187' title='bbox 1111 1744 1442 1813; x_wconf 86' lang='lat' dir='ltr'><strong>stupendum</strong></span> <span class='ocrx_word' id='word_1_188' title='bbox 1507 1744 1742 1815; x_wconf 83' lang='lat' dir='ltr'><strong>amplius</strong></span> <span class='ocrx_word' id='word_1_189' title='bbox 1774 1743 1873 1798; x_wconf 88' lang='lat' dir='ltr'><strong>viri</strong></span> <span class='ocrx_word' id='word_1_190' title='bbox 1907 1744 2081 1797; x_wconf 86' lang='lat' dir='ltr'><strong>sancti</strong></span> <span class='ocrx_word' id='word_1_191' title='bbox 2119 1742 2172 1795; x_wconf 92' lang='lat' dir='ltr'><strong>in</strong></span> <span class='ocrx_word' id='word_1_192' title='bbox 2213 1742 2303 1796; x_wconf 87' lang='lat' dir='ltr'><strong>illa</strong></span> 
     </span>
    </p>
   </div>
   <div class='ocr_carea' id='block_1_30' title="bbox 2482 1648 4007 1722">
    <p class='ocr_par' dir='ltr' id='par_1_30' title="bbox 2482 1648 4007 1722">
     <span class='ocr_line' id='line_1_30' title="bbox 2482 1648 4007 1722; baseline 0.001 -18"><span class='ocrx_word' id='word_1_193' title='bbox 2482 1649 2607 1715; x_wconf 89' lang='grc' dir='ltr'><strong>Πῶς</strong></span> <span class='ocrx_word' id='word_1_194' title='bbox 2640 1648 2698 1704; x_wconf 82' lang='grc' dir='ltr'>δὲ</span> <span class='ocrx_word' id='word_1_195' title='bbox 2726 1650 2788 1703; x_wconf 86' lang='grc' dir='ltr'>τὸ</span> <span class='ocrx_word' id='word_1_196' title='bbox 2810 1651 2911 1721; x_wconf 83' lang='grc' dir='ltr'>τῆς</span> <span class='ocrx_word' id='word_1_197' title='bbox 2941 1650 3201 1718; x_wconf 77' lang='grc' dir='ltr'>γυναικὸς</span> <span class='ocrx_word' id='word_1_198' title='bbox 3231 1650 3448 1722; x_wconf 75' lang='grc' dir='ltr'>ἐκείνης</span> <span class='ocrx_word' id='word_1_199' title='bbox 3487 1650 3793 1721; x_wconf 83' lang='grc' dir='ltr'>θαυμάσιον</span> <span class='ocrx_word' id='word_1_200' title='bbox 3812 1651 4007 1717; x_wconf 84' lang='grc' dir='ltr'>πάθος,</span> 
     </span>
    </p>
   </div>
   <div class='ocr_carea' id='block_1_31' title="bbox 2412 1742 4007 1817">
    <p class='ocr_par' dir='ltr' id='par_1_31' title="bbox 2412 1742 4007 1817">
     <span class='ocr_line' id='line_1_31' title="bbox 2412 1742 4007 1817; baseline 0.002 -21"><span class='ocrx_word' id='word_1_201' title='bbox 2412 1742 2509 1797; x_wconf 80' lang='grc' dir='ltr'>καὶ</span> <span class='ocrx_word' id='word_1_202' title='bbox 2540 1742 2640 1814; x_wconf 81' lang='grc' dir='ltr'>τὴν</span> <span class='ocrx_word' id='word_1_203' title='bbox 2684 1742 3148 1815; x_wconf 79' lang='grc' dir='ltr'><strong>θαυμασιωτέραν</strong></span> <span class='ocrx_word' id='word_1_204' title='bbox 3183 1745 3271 1797; x_wconf 78' lang='grc' dir='ltr'><strong>ἐπ’</strong></span> <span class='ocrx_word' id='word_1_205' title='bbox 3304 1744 3442 1816; x_wconf 77' lang='grc' dir='ltr'>αὐτῇ</span> <span class='ocrx_word' id='word_1_206' title='bbox 3474 1744 3569 1798; x_wconf 80' lang='grc' dir='ltr'><strong>τοῦ</strong></span> <span class='ocrx_word' id='word_1_207' title='bbox 3619 1746 3777 1812; x_wconf 86' lang='grc' dir='ltr'>ἁγίου</span> <span class='ocrx_word' id='word_1_208' title='bbox 3822 1763 4007 1817; x_wconf 76' lang='grc' dir='ltr'>παρα-</span> 
     </span>
    </p>
   </div>
   <div class='ocr_carea' id='block_1_32' title="bbox 714 1832 2302 1909">
    <p class='ocr_par' dir='ltr' id='par_1_32' title="bbox 714 1832 2301 1902">
     <span class='ocr_line' id='line_1_32' title="bbox 714 1832 2301 1902; baseline -0.001 -12"><span class='ocrx_word' id='word_1_209' title='bbox 714 1837 979 1890; x_wconf 81' lang='lat' dir='ltr'><strong>anxilium</strong></span> <span class='ocrx_word' id='word_1_210' title='bbox 1038 1836 1455 1891; x_wconf 84' lang='lat' dir='ltr'><strong>reticebimus?</strong></span> <span class='ocrx_word' id='word_1_211' title='bbox 1509 1835 1641 1902; x_wconf 77' lang='lat' dir='ltr'><strong>Quze</strong></span> <span class='ocrx_word' id='word_1_212' title='bbox 1687 1852 1812 1890; x_wconf 87' lang='lat' dir='ltr'><strong>cum</strong></span> <span class='ocrx_word' id='word_1_213' title='bbox 1868 1849 2072 1889; x_wconf 91' lang='lat' dir='ltr'><strong>marem</strong></span> <span class='ocrx_word' id='word_1_214' title='bbox 2132 1832 2301 1889; x_wconf 89' lang='lat' dir='ltr'><strong>ferret</strong></span> 
     </span>
    </p>
   </div>
   <div class='ocr_carea' id='block_1_33' title="bbox 2406 1832 4005 1909">
    <p class='ocr_par' dir='ltr' id='par_1_33' title="bbox 2406 1833 4005 1909">
     <span class='ocr_line' id='line_1_33' title="bbox 2406 1833 4005 1909; baseline 0.001 -22"><span class='ocrx_word' id='word_1_215' title='bbox 2406 1833 2708 1899; x_wconf 82' lang='grc' dir='ltr'>δοξοποιίαν</span> <span class='ocrx_word' id='word_1_216' title='bbox 2731 1836 3150 1906; x_wconf 83' lang='grc' dir='ltr'>σιωπήσαιμεν;</span> <span class='ocrx_word' id='word_1_217' title='bbox 3198 1836 3361 1899; x_wconf 81' lang='grc' dir='ltr'>’Ἤτις</span> <span class='ocrx_word' id='word_1_218' title='bbox 3408 1836 3577 1909; x_wconf 55' lang='lat' dir='ltr'><strong>apem</strong></span> <span class='ocrx_word' id='word_1_219' title='bbox 3602 1836 4005 1904; x_wconf 69' lang='grc' dir='ltr'>ἐγκυμονοῦσα,</span> 
     </span>
    </p>
   </div>
   <div class='ocr_carea' id='block_1_34' title="bbox 714 1928 2308 2008">
    <p class='ocr_par' dir='ltr' id='par_1_34' title="bbox 714 1928 2308 2008">
     <span class='ocr_line' id='line_1_34' title="bbox 714 1928 2308 2008; baseline 0.001 -27"><span class='ocrx_word' id='word_1_220' title='bbox 714 1938 891 1993; x_wconf 87' lang='lat' dir='ltr'><strong>utero,</strong></span> <span class='ocrx_word' id='word_1_221' title='bbox 934 1937 987 1983; x_wconf 90' lang='lat' dir='ltr'><strong>et</strong></span> <span class='ocrx_word' id='word_1_222' title='bbox 1007 1929 1119 1999; x_wconf 82' lang='lat' dir='ltr'><strong>jam</strong></span> <span class='ocrx_word' id='word_1_223' title='bbox 1161 1928 1448 1985; x_wconf 87' lang='lat' dir='ltr'><strong>doloribus</strong></span> <span class='ocrx_word' id='word_1_224' title='bbox 1468 1939 1656 2008; x_wconf 77' lang='lat' dir='ltr'><strong>partus</strong></span> <span class='ocrx_word' id='word_1_225' title='bbox 1696 1929 1963 2000; x_wconf 68' lang='lat' dir='ltr'><strong>proximis</strong></span> <span class='ocrx_word' id='word_1_226' title='bbox 1996 1935 2308 1999; x_wconf 80' lang='lat' dir='ltr'><strong>urgeretur,</strong></span> 
     </span>
    </p>
   </div>
   <div class='ocr_carea' id='block_1_35' title="bbox 714 2016 2312 2087">
    <p class='ocr_par' dir='ltr' id='par_1_35' title="bbox 714 2016 2312 2087">
     <span class='ocr_line' id='line_1_35' title="bbox 714 2016 2312 2087; baseline 0.002 -20"><span class='ocrx_word' id='word_1_227' title='bbox 714 2031 853 2085; x_wconf 90' lang='lat' dir='ltr'><strong>puer</strong></span> <span class='ocrx_word' id='word_1_228' title='bbox 885 2017 937 2071; x_wconf 92' lang='lat' dir='ltr'><strong>in</strong></span> <span class='ocrx_word' id='word_1_229' title='bbox 993 2019 1159 2082; x_wconf 80' lang='lat' dir='ltr'><strong>pedes</strong></span> <span class='ocrx_word' id='word_1_230' title='bbox 1202 2018 1403 2083; x_wconf 86' lang='lat' dir='ltr'><strong>editus,</strong></span> <span class='ocrx_word' id='word_1_231' title='bbox 1436 2028 1489 2071; x_wconf 89' lang='lat' dir='ltr'><strong>et</strong></span> <span class='ocrx_word' id='word_1_232' title='bbox 1530 2016 1743 2072; x_wconf 68' lang='lat' dir='ltr'><strong>liaarens</strong></span> <span class='ocrx_word' id='word_1_233' title='bbox 1766 2016 2021 2087; x_wconf 79' lang='lat' dir='ltr'><strong>progredi</strong></span> <span class='ocrx_word' id='word_1_234' title='bbox 2064 2032 2170 2071; x_wconf 88' lang='lat' dir='ltr'><strong>non</strong></span> <span class='ocrx_word' id='word_1_235' title='bbox 2219 2032 2312 2085; x_wconf 92' lang='lat' dir='ltr'><strong>po-</strong></span> 
     </span>
    </p>
   </div>
   <div class='ocr_carea' id='block_1_36' title="bbox 712 2109 2309 2178">
    <p class='ocr_par' dir='ltr' id='par_1_36' title="bbox 712 2109 2309 2178">
     <span class='ocr_line' id='line_1_36' title="bbox 712 2109 2309 2178; baseline 0.001 -16"><span class='ocrx_word' id='word_1_236' title='bbox 712 2115 820 2163; x_wconf 87' lang='lat' dir='ltr'><strong>test</strong></span> <span class='ocrx_word' id='word_1_237' title='bbox 852 2109 1120 2177; x_wconf 79' lang='lat' dir='ltr'><strong>amplius:</strong></span> <span class='ocrx_word' id='word_1_238' title='bbox 1159 2110 1486 2178; x_wconf 86' lang='lat' dir='ltr'><strong>parturienti</strong></span> <span class='ocrx_word' id='word_1_239' title='bbox 1521 2109 1739 2162; x_wconf 88' lang='lat' dir='ltr'><strong>interim</strong></span> <span class='ocrx_word' id='word_1_240' title='bbox 1770 2109 2077 2164; x_wconf 85' lang='lat' dir='ltr'><strong>acutissimi</strong></span> <span class='ocrx_word' id='word_1_241' title='bbox 2109 2110 2309 2165; x_wconf 87' lang='lat' dir='ltr'><strong>intole-</strong></span> 
     </span>
    </p>
   </div>
   <div class='ocr_carea' id='block_1_37' title="bbox 713 2199 2310 2269">
    <p class='ocr_par' dir='ltr' id='par_1_37' title="bbox 713 2199 2310 2269">
     <span class='ocr_line' id='line_1_37' title="bbox 713 2199 2310 2269; baseline 0.003 -17"><span class='ocrx_word' id='word_1_242' title='bbox 713 2200 982 2269; x_wconf 86' lang='lat' dir='ltr'><strong>randique</strong></span> <span class='ocrx_word' id='word_1_243' title='bbox 1010 2201 1290 2255; x_wconf 83' lang='lat' dir='ltr'><strong>cruciatus</strong></span> <span class='ocrx_word' id='word_1_244' title='bbox 1320 2209 1607 2269; x_wconf 82' lang='lat' dir='ltr'><strong>augentur.</strong></span> <span class='ocrx_word' id='word_1_245' title='bbox 1627 2199 1875 2269; x_wconf 82' lang='lat' dir='ltr'><strong>Cumque</strong></span> <span class='ocrx_word' id='word_1_246' title='bbox 1896 2201 2006 2267; x_wconf 87' lang='lat' dir='ltr'><strong>jam</strong></span> <span class='ocrx_word' id='word_1_247' title='bbox 2040 2203 2093 2255; x_wconf 91' lang='lat' dir='ltr'><strong>in</strong></span> <span class='ocrx_word' id='word_1_248' title='bbox 2121 2215 2186 2255; x_wconf 90' lang='lat' dir='ltr'><strong>eo</strong></span> <span class='ocrx_word' id='word_1_249' title='bbox 2224 2217 2310 2256; x_wconf 88' lang='lat' dir='ltr'><strong>res</strong></span> 
     </span>
    </p>
   </div>
   <div class='ocr_carea' id='block_1_38' title="bbox 711 2290 2306 2362">
    <p class='ocr_par' dir='ltr' id='par_1_38' title="bbox 711 2290 2306 2362">
     <span class='ocr_line' id='line_1_38' title="bbox 711 2290 2306 2362; baseline 0.001 -16"><span class='ocrx_word' id='word_1_250' title='bbox 711 2301 878 2355; x_wconf 86' lang='lat' dir='ltr'><strong>esset,</strong></span> <span class='ocrx_word' id='word_1_251' title='bbox 906 2300 966 2345; x_wconf 87' lang='lat' dir='ltr'><strong>ut</strong></span> <span class='ocrx_word' id='word_1_252' title='bbox 998 2290 1197 2346; x_wconf 82' lang='lat' dir='ltr'><strong>femina</strong></span> <span class='ocrx_word' id='word_1_253' title='bbox 1248 2294 1409 2348; x_wconf 86' lang='lat' dir='ltr'><strong>simul</strong></span> <span class='ocrx_word' id='word_1_254' title='bbox 1443 2309 1565 2347; x_wconf 85' lang='lat' dir='ltr'><strong>cum</strong></span> <span class='ocrx_word' id='word_1_255' title='bbox 1594 2310 1761 2362; x_wconf 88' lang='lat' dir='ltr'><strong>puero</strong></span> <span class='ocrx_word' id='word_1_256' title='bbox 1800 2293 2070 2355; x_wconf 87' lang='lat' dir='ltr'><strong>interiret.</strong></span> <span class='ocrx_word' id='word_1_257' title='bbox 2109 2293 2306 2348; x_wconf 80' lang='lat' dir='ltr'><strong>medici</strong></span> 
     </span>
    </p>
   </div>
   <div class='ocr_carea' id='block_1_39' title="bbox 712 2383 2305 2445">
    <p class='ocr_par' dir='ltr' id='par_1_39' title="bbox 712 2383 2305 2445">
     <span class='ocr_line' id='line_1_39' title="bbox 712 2383 2305 2445; baseline 0.002 -11"><span class='ocrx_word' id='word_1_258' title='bbox 712 2383 1011 2437; x_wconf 82' lang='lat' dir='ltr'><strong>vulnerarii</strong></span> <span class='ocrx_word' id='word_1_259' title='bbox 1063 2385 1296 2445; x_wconf 88' lang='lat' dir='ltr'><strong>adsunt,</strong></span> <span class='ocrx_word' id='word_1_260' title='bbox 1351 2394 1410 2438; x_wconf 92' lang='lat' dir='ltr'><strong>ut</strong></span> <span class='ocrx_word' id='word_1_261' title='bbox 1448 2383 1614 2437; x_wconf 91' lang='lat' dir='ltr'><strong>fetum</strong></span> <span class='ocrx_word' id='word_1_262' title='bbox 1668 2384 2015 2437; x_wconf 79' lang='lat' dir='ltr'><strong>membratim</strong></span> <span class='ocrx_word' id='word_1_263' title='bbox 2069 2384 2305 2439; x_wconf 80' lang='lat' dir='ltr'><strong>divisum</strong></span> 
     </span>
    </p>
   </div>
   <div class='ocr_carea' id='block_1_40' title="bbox 714 2474 2308 2544">
    <p class='ocr_par' dir='ltr' id='par_1_40' title="bbox 714 2474 2308 2544">
     <span class='ocr_line' id='line_1_40' title="bbox 714 2474 2308 2544; baseline 0.001 -15"><span class='ocrx_word' id='word_1_264' title='bbox 714 2490 816 2543; x_wconf 89' lang='lat' dir='ltr'><strong>per</strong></span> <span class='ocrx_word' id='word_1_265' title='bbox 857 2485 1039 2544; x_wconf 91' lang='lat' dir='ltr'><strong>partes</strong></span> <span class='ocrx_word' id='word_1_266' title='bbox 1072 2476 1381 2530; x_wconf 77' lang='lat' dir='ltr'><strong>extrahant.</strong></span> <span class='ocrx_word' id='word_1_267' title='bbox 1416 2474 1519 2529; x_wconf 83' lang='lat' dir='ltr'><strong>Sed</strong></span> <span class='ocrx_word' id='word_1_268' title='bbox 1556 2476 1777 2529; x_wconf 75' lang='lat' dir='ltr'><strong>meliore</strong></span> <span class='ocrx_word' id='word_1_269' title='bbox 1828 2476 2170 2544; x_wconf 87' lang='lat' dir='ltr'><strong>providentia</strong></span> <span class='ocrx_word' id='word_1_270' title='bbox 2202 2492 2308 2530; x_wconf 86' lang='lat' dir='ltr'><strong>nu-</strong></span> 
     </span>
    </p>
   </div>
   <div class='ocr_carea' id='block_1_41' title="bbox 711 2567 2305 2638">
    <p class='ocr_par' dir='ltr' id='par_1_41' title="bbox 711 2567 2305 2638">
     <span class='ocr_line' id='line_1_41' title="bbox 711 2567 2305 2638; baseline 0.001 -17"><span class='ocrx_word' id='word_1_271' title='bbox 711 2567 899 2632; x_wconf 86' lang='lat' dir='ltr'><strong>minis,</strong></span> <span class='ocrx_word' id='word_1_272' title='bbox 941 2584 1196 2638; x_wconf 85' lang='lat' dir='ltr'><strong>maguum</strong></span> <span class='ocrx_word' id='word_1_273' title='bbox 1238 2579 1487 2623; x_wconf 87' lang='lat' dir='ltr'><strong>nostrum</strong></span> <span class='ocrx_word' id='word_1_274' title='bbox 1531 2568 1922 2621; x_wconf 69' lang='lat' dir='ltr'><strong>miraculorum</strong></span> <span class='ocrx_word' id='word_1_275' title='bbox 1972 2576 2305 2638; x_wconf 90' lang='lat' dir='ltr'><strong>patratorem</strong></span> 
     </span>
    </p>
   </div>
   <div class='ocr_carea' id='block_1_42' title="bbox 712 2658 2306 2730">
    <p class='ocr_par' dir='ltr' id='par_1_42' title="bbox 712 2658 2306 2730">
     <span class='ocr_line' id='line_1_42' title="bbox 712 2658 2306 2730; baseline 0.001 -18"><span class='ocrx_word' id='word_1_276' title='bbox 712 2658 768 2713; x_wconf 89' lang='lat' dir='ltr'><strong>in</strong></span> <span class='ocrx_word' id='word_1_277' title='bbox 820 2662 1140 2714; x_wconf 89' lang='lat' dir='ltr'><strong>memoriam</strong></span> <span class='ocrx_word' id='word_1_278' title='bbox 1193 2672 1466 2716; x_wconf 87' lang='lat' dir='ltr'><strong>revocant.</strong></span> <span class='ocrx_word' id='word_1_279' title='bbox 1507 2662 1567 2715; x_wconf 70' lang='lat' dir='ltr'><strong>lit</strong></span> <span class='ocrx_word' id='word_1_280' title='bbox 1614 2660 1751 2713; x_wconf 89' lang='lat' dir='ltr'><strong>forte</strong></span> <span class='ocrx_word' id='word_1_281' title='bbox 1785 2660 2008 2730; x_wconf 85' lang='lat' dir='ltr'><strong>quidam</strong></span> <span class='ocrx_word' id='word_1_282' title='bbox 2044 2675 2108 2715; x_wconf 81' lang='lat' dir='ltr'><strong>ex</strong></span> <span class='ocrx_word' id='word_1_283' title='bbox 2170 2676 2306 2730; x_wconf 80' lang='lat' dir='ltr'><strong>pra:-</strong></span> 
     </span>
    </p>
   </div>
   <div class='ocr_carea' id='block_1_43' title="bbox 712 2752 2301 2823">
    <p class='ocr_par' dir='ltr' id='par_1_43' title="bbox 712 2752 2301 2823">
     <span class='ocr_line' id='line_1_43' title="bbox 712 2752 2301 2823; baseline 0 -16"><span class='ocrx_word' id='word_1_284' title='bbox 712 2752 963 2808; x_wconf 86' lang='lat' dir='ltr'><strong>sentihus</strong></span> <span class='ocrx_word' id='word_1_285' title='bbox 1022 2755 1305 2808; x_wconf 78' lang='lat' dir='ltr'><strong>minimam</strong></span> <span class='ocrx_word' id='word_1_286' title='bbox 1364 2771 1427 2808; x_wconf 80' lang='lat' dir='ltr'><strong>ex</strong></span> <span class='ocrx_word' id='word_1_287' title='bbox 1483 2754 1732 2823; x_wconf 91' lang='lat' dir='ltr'><strong>reliquiis</strong></span> <span class='ocrx_word' id='word_1_288' title='bbox 1774 2754 1874 2807; x_wconf 81' lang='lat' dir='ltr'><strong>veli</strong></span> <span class='ocrx_word' id='word_1_289' title='bbox 1906 2753 2055 2807; x_wconf 91' lang='lat' dir='ltr'><strong>illius</strong></span> <span class='ocrx_word' id='word_1_290' title='bbox 2092 2763 2301 2823; x_wconf 90' lang='lat' dir='ltr'><strong>partem</strong></span> 
     </span>
    </p>
   </div>
   <div class='ocr_carea' id='block_1_44' title="bbox 713 2845 2302 2917">
    <p class='ocr_par' dir='ltr' id='par_1_44' title="bbox 713 2845 2302 2917">
     <span class='ocr_line' id='line_1_44' title="bbox 713 2845 2302 2917; baseline 0.002 -20"><span class='ocrx_word' id='word_1_291' title='bbox 713 2845 769 2897; x_wconf 88' lang='lat' dir='ltr'><strong>in</strong></span> <span class='ocrx_word' id='word_1_292' title='bbox 810 2846 1021 2901; x_wconf 85' lang='lat' dir='ltr'><strong>funeris</strong></span> <span class='ocrx_word' id='word_1_293' title='bbox 1083 2862 1214 2901; x_wconf 84' lang='lat' dir='ltr'><strong>cura</strong></span> <span class='ocrx_word' id='word_1_294' title='bbox 1273 2856 1399 2902; x_wconf 90' lang='lat' dir='ltr'><strong>ante</strong></span> <span class='ocrx_word' id='word_1_295' title='bbox 1459 2848 1672 2917; x_wconf 88' lang='lat' dir='ltr'><strong>p0pulis</strong></span> <span class='ocrx_word' id='word_1_296' title='bbox 1731 2847 1979 2902; x_wconf 82' lang='lat' dir='ltr'><strong>ﬁdelibus</strong></span> <span class='ocrx_word' id='word_1_297' title='bbox 2027 2846 2302 2913; x_wconf 81' lang='lat' dir='ltr'><strong>distributi</strong></span> 
     </span>
    </p>
   </div>
   <div class='ocr_carea' id='block_1_45' title="bbox 712 2937 2304 3010">
    <p class='ocr_par' dir='ltr' id='par_1_45' title="bbox 712 2937 2304 3010">
     <span class='ocr_line' id='line_1_45' title="bbox 712 2937 2304 3010; baseline 0.003 -22"><span class='ocrx_word' id='word_1_298' title='bbox 712 2937 943 3004; x_wconf 80' lang='lat' dir='ltr'><strong>profert,</strong></span> <span class='ocrx_word' id='word_1_299' title='bbox 998 2940 1301 3010; x_wconf 68' lang='lat' dir='ltr'><strong>lgnaiiqne</strong></span> <span class='ocrx_word' id='word_1_300' title='bbox 1334 2956 1437 3009; x_wconf 88' lang='lat' dir='ltr'><strong>ope</strong></span> <span class='ocrx_word' id='word_1_301' title='bbox 1509 2941 1818 3010; x_wconf 91' lang='lat' dir='ltr'><strong>implorata,</strong></span> <span class='ocrx_word' id='word_1_302' title='bbox 1857 2941 1923 2994; x_wconf 92' lang='lat' dir='ltr'><strong>ad</strong></span> <span class='ocrx_word' id='word_1_303' title='bbox 1966 2940 2056 2994; x_wconf 89' lang='lat' dir='ltr'><strong>ilia</strong></span> <span class='ocrx_word' id='word_1_304' title='bbox 2112 2940 2304 2994; x_wconf 89' lang='lat' dir='ltr'><strong>admo-</strong></span> 
     </span>
    </p>
   </div>
   <div class='ocr_carea' id='block_1_46' title="bbox 709 3030 2303 3102">
    <p class='ocr_par' dir='ltr' id='par_1_46' title="bbox 709 3030 2303 3102">
     <span class='ocr_line' id='line_1_46' title="bbox 709 3030 2303 3102; baseline 0.003 -20"><span class='ocrx_word' id='word_1_305' title='bbox 709 3042 817 3090; x_wconf 63' lang='grc' dir='ltr'>τοι.</span> <span class='ocrx_word' id='word_1_306' title='bbox 855 3030 1167 3101; x_wconf 73' lang='lat' dir='ltr'><strong>feininrfque</strong></span> <span class='ocrx_word' id='word_1_307' title='bbox 1218 3042 1356 3087; x_wconf 89' lang='lat' dir='ltr'><strong>taeta</strong></span> <span class='ocrx_word' id='word_1_308' title='bbox 1382 3032 1583 3097; x_wconf 90' lang='lat' dir='ltr'><strong>solum,</strong></span> <span class='ocrx_word' id='word_1_309' title='bbox 1626 3032 1809 3088; x_wconf 82' lang='lat' dir='ltr'><strong>infans</strong></span> <span class='ocrx_word' id='word_1_310' title='bbox 1849 3042 2072 3102; x_wconf 88' lang='lat' dir='ltr'><strong>repente</strong></span> <span class='ocrx_word' id='word_1_311' title='bbox 2130 3033 2185 3087; x_wconf 93' lang='lat' dir='ltr'><strong>in</strong></span> <span class='ocrx_word' id='word_1_312' title='bbox 2211 3048 2303 3087; x_wconf 81' lang='lat' dir='ltr'><strong>ca-</strong></span> 
     </span>
    </p>
   </div>
   <div class='ocr_carea' id='block_1_47' title="bbox 712 3124 2298 3193">
    <p class='ocr_par' dir='ltr' id='par_1_47' title="bbox 712 3124 2298 3193">
     <span class='ocr_line' id='line_1_47' title="bbox 712 3124 2298 3193; baseline 0.005 -22"><span class='ocrx_word' id='word_1_313' title='bbox 712 3133 808 3191; x_wconf 89' lang='lat' dir='ltr'><strong>put</strong></span> <span class='ocrx_word' id='word_1_314' title='bbox 869 3140 1079 3188; x_wconf 62' lang='grc' dir='ltr'>τοι-διες,</span> <span class='ocrx_word' id='word_1_315' title='bbox 1136 3125 1371 3193; x_wconf 87' lang='lat' dir='ltr'><strong>indeque</strong></span> <span class='ocrx_word' id='word_1_316' title='bbox 1411 3127 1596 3181; x_wconf 80' lang='lat' dir='ltr'><strong>salvus</strong></span> <span class='ocrx_word' id='word_1_317' title='bbox 1655 3136 1708 3178; x_wconf 71' lang='lat' dir='ltr'><strong>tl.</strong></span> <span class='ocrx_word' id='word_1_318' title='bbox 1759 3124 2050 3179; x_wconf 74' lang='lat' dir='ltr'><strong>incolumis</strong></span> <span class='ocrx_word' id='word_1_319' title='bbox 2099 3125 2298 3189; x_wconf 88' lang='lat' dir='ltr'><strong>editus,</strong></span> 
     </span>
    </p>
   </div>
   <div class='ocr_carea' id='block_1_48' title="bbox 710 3216 2294 3288">
    <p class='ocr_par' dir='ltr' id='par_1_48' title="bbox 710 3216 2294 3288">
     <span class='ocr_line' id='line_1_48' title="bbox 710 3216 2294 3288; baseline 0.003 -22"><span class='ocrx_word' id='word_1_320' title='bbox 710 3216 954 3281; x_wconf 67' lang='lat' dir='ltr'><strong>Lutatius</strong></span> <span class='ocrx_word' id='word_1_321' title='bbox 977 3232 1005 3269; x_wconf 91' lang='lat' dir='ltr'><strong>a</strong></span> <span class='ocrx_word' id='word_1_322' title='bbox 1032 3219 1378 3285; x_wconf 87' lang='lat' dir='ltr'><strong>parentibus,</strong></span> <span class='ocrx_word' id='word_1_323' title='bbox 1406 3229 1463 3272; x_wconf 79' lang='lat' dir='ltr'><strong>ut</strong></span> <span class='ocrx_word' id='word_1_324' title='bbox 1494 3219 1562 3271; x_wconf 90' lang='lat' dir='ltr'><strong>ah</strong></span> <span class='ocrx_word' id='word_1_325' title='bbox 1589 3218 1707 3288; x_wconf 89' lang='lat' dir='ltr'><strong>ipso</strong></span> <span class='ocrx_word' id='word_1_326' title='bbox 1758 3220 1980 3271; x_wconf 88' lang='lat' dir='ltr'><strong>nomine</strong></span> <span class='ocrx_word' id='word_1_327' title='bbox 2022 3218 2126 3273; x_wconf 76' lang='lat' dir='ltr'><strong>sibi</strong></span> <span class='ocrx_word' id='word_1_328' title='bbox 2191 3218 2294 3270; x_wconf 90' lang='lat' dir='ltr'><strong>im-</strong></span> 
     </span>
    </p>
   </div>
   <div class='ocr_carea' id='block_1_49' title="bbox 708 3308 2294 3377">
    <p class='ocr_par' dir='ltr' id='par_1_49' title="bbox 708 3308 2294 3377">
     <span class='ocr_line' id='line_1_49' title="bbox 708 3308 2294 3377; baseline 0.001 -17"><span class='ocrx_word' id='word_1_329' title='bbox 708 3312 888 3377; x_wconf 88' lang='lat' dir='ltr'><strong>posito</strong></span> <span class='ocrx_word' id='word_1_330' title='bbox 919 3310 1121 3363; x_wconf 88' lang='lat' dir='ltr'><strong>rediret</strong></span> <span class='ocrx_word' id='word_1_331' title='bbox 1160 3312 1213 3364; x_wconf 94' lang='lat' dir='ltr'><strong>in</strong></span> <span class='ocrx_word' id='word_1_332' title='bbox 1265 3311 1589 3365; x_wconf 89' lang='lat' dir='ltr'><strong>memoriam</strong></span> <span class='ocrx_word' id='word_1_333' title='bbox 1638 3309 1888 3362; x_wconf 87' lang='lat' dir='ltr'><strong>miraculi</strong></span> <span class='ocrx_word' id='word_1_334' title='bbox 1922 3325 1949 3361; x_wconf 88' lang='lat' dir='ltr'><strong>a</strong></span> <span class='ocrx_word' id='word_1_335' title='bbox 1986 3308 2294 3376; x_wconf 80' lang='lat' dir='ltr'><strong>patriarcha</strong></span> 
     </span>
    </p>
   </div>
   <div class='ocr_carea' id='block_1_50' title="bbox 711 3399 2297 3474">
    <p class='ocr_par' dir='ltr' id='par_1_50' title="bbox 711 3399 2297 3474">
     <span class='ocr_line' id='line_1_50' title="bbox 711 3399 2297 3474; baseline 0.003 -26"><span class='ocrx_word' id='word_1_336' title='bbox 711 3402 1033 3474; x_wconf 74' lang='lat' dir='ltr'><strong>perpetrati,</strong></span> <span class='ocrx_word' id='word_1_337' title='bbox 1094 3412 1171 3455; x_wconf 86' lang='lat' dir='ltr'><strong>est</strong></span> <span class='ocrx_word' id='word_1_338' title='bbox 1230 3403 1557 3471; x_wconf 88' lang='lat' dir='ltr'><strong>appellatus.</strong></span> <span class='ocrx_word' id='word_1_339' title='bbox 1593 3402 1655 3454; x_wconf 84' lang='lat' dir='ltr'><strong>Et</strong></span> <span class='ocrx_word' id='word_1_340' title='bbox 1681 3402 1783 3453; x_wconf 89' lang='lat' dir='ltr'><strong>hoc</strong></span> <span class='ocrx_word' id='word_1_341' title='bbox 1835 3416 1933 3451; x_wconf 68' lang='lat' dir='ltr'><strong>cur</strong></span> <span class='ocrx_word' id='word_1_342' title='bbox 1981 3399 2297 3468; x_wconf 85' lang='lat' dir='ltr'><strong>apostolicis</strong></span> 
     </span>
    </p>
   </div>
   <div class='ocr_carea' id='block_1_51' title="bbox 714 3492 2295 3565">
    <p class='ocr_par' dir='ltr' id='par_1_51' title="bbox 714 3492 2295 3565">
     <span class='ocr_line' id='line_1_51' title="bbox 714 3492 2295 3565; baseline -0.001 -18"><span class='ocrx_word' id='word_1_343' title='bbox 714 3495 823 3549; x_wconf 86' lang='lat' dir='ltr'><strong>illis</strong></span> <span class='ocrx_word' id='word_1_344' title='bbox 846 3496 1107 3565; x_wconf 71' lang='lat' dir='ltr'><strong>prodigiis</strong></span> <span class='ocrx_word' id='word_1_345' title='bbox 1136 3494 1369 3550; x_wconf 88' lang='lat' dir='ltr'><strong>inferius</strong></span> <span class='ocrx_word' id='word_1_346' title='bbox 1400 3495 1672 3549; x_wconf 81' lang='lat' dir='ltr'><strong>ducatur?</strong></span> <span class='ocrx_word' id='word_1_347' title='bbox 1700 3494 1836 3561; x_wconf 80' lang='lat' dir='ltr'><strong>Quid</strong></span> <span class='ocrx_word' id='word_1_348' title='bbox 1868 3492 2010 3547; x_wconf 82' lang='lat' dir='ltr'><strong>Petri</strong></span> <span class='ocrx_word' id='word_1_349' title='bbox 2045 3503 2099 3548; x_wconf 88' lang='lat' dir='ltr'><strong>et</strong></span> <span class='ocrx_word' id='word_1_350' title='bbox 2146 3492 2295 3546; x_wconf 86' lang='lat' dir='ltr'><strong>Pauli</strong></span> 
     </span>
    </p>
   </div>
   <div class='ocr_carea' id='block_1_52' title="bbox 708 3583 2296 3657">
    <p class='ocr_par' dir='ltr' id='par_1_52' title="bbox 708 3583 2296 3657">
     <span class='ocr_line' id='line_1_52' title="bbox 708 3583 2296 3657; baseline 0.001 -22"><span class='ocrx_word' id='word_1_351' title='bbox 708 3584 898 3638; x_wconf 79' lang='lat' dir='ltr'><strong>virtuti</strong></span> <span class='ocrx_word' id='word_1_352' title='bbox 927 3583 1119 3657; x_wconf 69' lang='lat' dir='ltr'><strong>cedit?</strong></span> <span class='ocrx_word' id='word_1_353' title='bbox 1152 3583 1246 3640; x_wconf 86' lang='lat' dir='ltr'><strong>Vis</strong></span> <span class='ocrx_word' id='word_1_354' title='bbox 1273 3586 1416 3639; x_wconf 91' lang='lat' dir='ltr'><strong>enim</strong></span> <span class='ocrx_word' id='word_1_355' title='bbox 1468 3584 1705 3655; x_wconf 81' lang='lat' dir='ltr'><strong>Spiritus</strong></span> <span class='ocrx_word' id='word_1_356' title='bbox 1734 3585 1907 3639; x_wconf 83' lang='lat' dir='ltr'><strong>sam-ti</strong></span> <span class='ocrx_word' id='word_1_357' title='bbox 1942 3584 1992 3638; x_wconf 91' lang='lat' dir='ltr'><strong>in</strong></span> <span class='ocrx_word' id='word_1_358' title='bbox 2028 3584 2137 3638; x_wconf 78' lang='lat' dir='ltr'><strong>illis</strong></span> <span class='ocrx_word' id='word_1_359' title='bbox 2176 3583 2296 3653; x_wconf 75' lang='lat' dir='ltr'><strong>clli-</strong></span> 
     </span>
    </p>
   </div>
   <div class='ocr_carea' id='block_1_53' title="bbox 706 3676 2295 3745">
    <p class='ocr_par' dir='ltr' id='par_1_53' title="bbox 706 3676 2295 3745">
     <span class='ocr_line' id='line_1_53' title="bbox 706 3676 2295 3745; baseline 0.001 -17"><span class='ocrx_word' id='word_1_360' title='bbox 706 3677 907 3741; x_wconf 78' lang='lat' dir='ltr'><strong>ricbat,</strong></span> <span class='ocrx_word' id='word_1_361' title='bbox 962 3685 1023 3730; x_wconf 90' lang='lat' dir='ltr'><strong>ut</strong></span> <span class='ocrx_word' id='word_1_362' title='bbox 1049 3676 1271 3731; x_wconf 83' lang='lat' dir='ltr'><strong>sudaria</strong></span> <span class='ocrx_word' id='word_1_363' title='bbox 1324 3688 1379 3732; x_wconf 90' lang='lat' dir='ltr'><strong>ct</strong></span> <span class='ocrx_word' id='word_1_364' title='bbox 1424 3678 1763 3732; x_wconf 83' lang='lat' dir='ltr'><strong>scmicinctia</strong></span> <span class='ocrx_word' id='word_1_365' title='bbox 1810 3676 2025 3730; x_wconf 90' lang='lat' dir='ltr'><strong>illorum</strong></span> <span class='ocrx_word' id='word_1_366' title='bbox 2058 3676 2295 3745; x_wconf 81' lang='lat' dir='ltr'><strong>iugentia</strong></span> 
     </span>
    </p>
   </div>
   <div class='ocr_carea' id='block_1_54' title="bbox 708 3768 2293 3839">
    <p class='ocr_par' dir='ltr' id='par_1_54' title="bbox 708 3768 2293 3839">
     <span class='ocr_line' id='line_1_54' title="bbox 708 3768 2293 3839; baseline 0 -16"><span class='ocrx_word' id='word_1_367' title='bbox 708 3770 862 3839; x_wconf 73' lang='lat' dir='ltr'><strong>signa</strong></span> <span class='ocrx_word' id='word_1_368' title='bbox 909 3770 1150 3825; x_wconf 88' lang='lat' dir='ltr'><strong>ederent.</strong></span> <span class='ocrx_word' id='word_1_369' title='bbox 1196 3768 1323 3823; x_wconf 64' lang='lat' dir='ltr'><strong>llaec</strong></span> <span class='ocrx_word' id='word_1_370' title='bbox 1372 3770 1560 3825; x_wconf 88' lang='lat' dir='ltr'><strong>eadem</strong></span> <span class='ocrx_word' id='word_1_371' title='bbox 1599 3770 1762 3824; x_wconf 90' lang='lat' dir='ltr'><strong>modo</strong></span> <span class='ocrx_word' id='word_1_372' title='bbox 1799 3786 1895 3839; x_wconf 92' lang='lat' dir='ltr'><strong>per</strong></span> <span class='ocrx_word' id='word_1_373' title='bbox 1932 3770 2293 3837; x_wconf 81' lang='lat' dir='ltr'><strong>apostolicum</strong></span> 
     </span>
    </p>
   </div>
   <div class='ocr_carea' id='block_1_55' title="bbox 710 3862 2297 3929">
    <p class='ocr_par' dir='ltr' id='par_1_55' title="bbox 710 3862 2297 3929">
     <span class='ocr_line' id='line_1_55' title="bbox 710 3862 2297 3929; baseline 0.001 -14"><span class='ocrx_word' id='word_1_374' title='bbox 710 3862 858 3917; x_wconf 90' lang='lat' dir='ltr'><strong>hunc</strong></span> <span class='ocrx_word' id='word_1_375' title='bbox 908 3863 1087 3917; x_wconf 88' lang='lat' dir='ltr'><strong>virum</strong></span> <span class='ocrx_word' id='word_1_376' title='bbox 1120 3904 1135 3929; x_wconf 91' lang='lat'><strong>,</strong></span> <span class='ocrx_word' id='word_1_377' title='bbox 1173 3878 1376 3918; x_wconf 89' lang='lat' dir='ltr'><strong>novum</strong></span> <span class='ocrx_word' id='word_1_378' title='bbox 1438 3878 1563 3921; x_wconf 86' lang='lat' dir='ltr'><strong>vere</strong></span> <span class='ocrx_word' id='word_1_379' title='bbox 1633 3862 1902 3917; x_wconf 88' lang='lat' dir='ltr'><strong>deiferum</strong></span> <span class='ocrx_word' id='word_1_380' title='bbox 1937 3904 1952 3928; x_wconf 93' lang='lat'><strong>,</strong></span> <span class='ocrx_word' id='word_1_381' title='bbox 1995 3862 2199 3927; x_wconf 76' lang='lat' dir='ltr'><strong>eiiecit,</strong></span> <span class='ocrx_word' id='word_1_382' title='bbox 2241 3873 2297 3916; x_wconf 93' lang='lat' dir='ltr'><strong>ut</strong></span> 
     </span>
    </p>
   </div>
   <div class='ocr_carea' id='block_1_56' title="bbox 707 3955 2297 4028">
    <p class='ocr_par' dir='ltr' id='par_1_56' title="bbox 707 3955 2297 4028">
     <span class='ocr_line' id='line_1_56' title="bbox 707 3955 2297 4028; baseline 0.003 -23"><span class='ocrx_word' id='word_1_383' title='bbox 707 3956 1015 4009; x_wconf 77' lang='lat' dir='ltr'><strong>velamenta</strong></span> <span class='ocrx_word' id='word_1_384' title='bbox 1054 3955 1264 4021; x_wconf 86' lang='lat' dir='ltr'><strong>feretri,</strong></span> <span class='ocrx_word' id='word_1_385' title='bbox 1291 3971 1415 4027; x_wconf 72' lang='lat' dir='ltr'><strong>qua:</strong></span> <span class='ocrx_word' id='word_1_386' title='bbox 1473 3971 1662 4011; x_wconf 88' lang='lat' dir='ltr'><strong>sacras</strong></span> <span class='ocrx_word' id='word_1_387' title='bbox 1718 3958 1838 4013; x_wconf 90' lang='lat' dir='ltr'><strong>illas</strong></span> <span class='ocrx_word' id='word_1_388' title='bbox 1880 3958 2138 4028; x_wconf 85' lang='lat' dir='ltr'><strong>reliquias</strong></span> <span class='ocrx_word' id='word_1_389' title='bbox 2178 3968 2297 4011; x_wconf 85' lang='lat' dir='ltr'><strong>tan-</strong></span> 
     </span>
    </p>
   </div>
   <div class='ocr_carea' id='block_1_57' title="bbox 711 4046 2297 4118">
    <p class='ocr_par' dir='ltr' id='par_1_57' title="bbox 711 4046 2297 4118">
     <span class='ocr_line' id='line_1_57' title="bbox 711 4046 2297 4118; baseline 0.002 -20"><span class='ocrx_word' id='word_1_390' title='bbox 711 4055 823 4100; x_wconf 89' lang='lat' dir='ltr'><strong>tum</strong></span> <span class='ocrx_word' id='word_1_391' title='bbox 856 4047 1225 4117; x_wconf 82' lang='lat' dir='ltr'><strong>contigerant,</strong></span> <span class='ocrx_word' id='word_1_392' title='bbox 1267 4048 1670 4118; x_wconf 81' lang='lat' dir='ltr'><strong>compedesque</strong></span> <span class='ocrx_word' id='word_1_393' title='bbox 1714 4046 1926 4111; x_wconf 67' lang='lat' dir='ltr'><strong>ferreae,</strong></span> <span class='ocrx_word' id='word_1_394' title='bbox 1957 4049 2158 4118; x_wconf 85' lang='lat' dir='ltr'><strong>quibus</strong></span> <span class='ocrx_word' id='word_1_395' title='bbox 2194 4048 2297 4101; x_wconf 91' lang='lat' dir='ltr'><strong>im-</strong></span> 
     </span>
    </p>
   </div>
   <div class='ocr_carea' id='block_1_58' title="bbox 708 4137 2295 4209">
    <p class='ocr_par' dir='ltr' id='par_1_58' title="bbox 708 4137 2295 4209">
     <span class='ocr_line' id='line_1_58' title="bbox 708 4137 2295 4209; baseline 0.003 -21"><span class='ocrx_word' id='word_1_396' title='bbox 708 4137 782 4205; x_wconf 87' lang='lat' dir='ltr'><strong>pii</strong></span> <span class='ocrx_word' id='word_1_397' title='bbox 826 4137 1077 4191; x_wconf 88' lang='lat' dir='ltr'><strong>homines</strong></span> <span class='ocrx_word' id='word_1_398' title='bbox 1137 4152 1328 4194; x_wconf 85' lang='lat' dir='ltr'><strong>saeros</strong></span> <span class='ocrx_word' id='word_1_399' title='bbox 1384 4138 1534 4193; x_wconf 91' lang='lat' dir='ltr'><strong>illius</strong></span> <span class='ocrx_word' id='word_1_400' title='bbox 1573 4139 1740 4209; x_wconf 87' lang='lat' dir='ltr'><strong>pedes</strong></span> <span class='ocrx_word' id='word_1_401' title='bbox 1797 4148 2151 4209; x_wconf 90' lang='lat' dir='ltr'><strong>presserant,</strong></span> <span class='ocrx_word' id='word_1_402' title='bbox 2186 4154 2295 4193; x_wconf 90' lang='lat' dir='ltr'><strong>non</strong></span> 
     </span>
    </p>
   </div>
   <div class='ocr_carea' id='block_1_59' title="bbox 708 4227 2297 4300">
    <p class='ocr_par' dir='ltr' id='par_1_59' title="bbox 708 4227 2297 4300">
     <span class='ocr_line' id='line_1_59' title="bbox 708 4227 2297 4300; baseline 0.003 -19"><span class='ocrx_word' id='word_1_403' title='bbox 708 4229 920 4282; x_wconf 90' lang='lat' dir='ltr'><strong>minora</strong></span> <span class='ocrx_word' id='word_1_404' title='bbox 954 4228 1023 4282; x_wconf 89' lang='lat' dir='ltr'><strong>ad</strong></span> <span class='ocrx_word' id='word_1_405' title='bbox 1051 4227 1145 4283; x_wconf 89' lang='lat' dir='ltr'><strong>Dei</strong></span> <span class='ocrx_word' id='word_1_406' title='bbox 1174 4228 1390 4284; x_wconf 83' lang='lat' dir='ltr'><strong>laudent</strong></span> <span class='ocrx_word' id='word_1_407' title='bbox 1448 4229 1803 4300; x_wconf 78' lang='lat' dir='ltr'><strong>fideliumque</strong></span> <span class='ocrx_word' id='word_1_408' title='bbox 1830 4230 2062 4285; x_wconf 87' lang='lat' dir='ltr'><strong>salutem</strong></span> <span class='ocrx_word' id='word_1_409' title='bbox 2100 4228 2297 4286; x_wconf 88' lang='lat' dir='ltr'><strong>fecisse</strong></span> 
     </span>
    </p>
   </div>
   <div class='ocr_carea' id='block_1_60' title="bbox 706 4320 1023 4376">
    <p class='ocr_par' dir='ltr' id='par_1_60' title="bbox 706 4320 1023 4376">
     <span class='ocr_line' id='line_1_60' title="bbox 706 4320 1023 4376; baseline 0 -1"><span class='ocrx_word' id='word_1_410' title='bbox 706 4320 1023 4376; x_wconf 82' lang='lat' dir='ltr'><strong>credantur.</strong></span> 
     </span>
    </p>
   </div>
   <div class='ocr_carea' id='block_1_61' title="bbox 776 4599 2294 4673">
    <p class='ocr_par' dir='ltr' id='par_1_61' title="bbox 776 4599 2294 4673">
     <span class='ocr_line' id='line_1_61' title="bbox 776 4599 2294 4673; baseline -0.003 -14"><span class='ocrx_word' id='word_1_411' title='bbox 776 4604 933 4661; x_wconf 80' lang='lat' dir='ltr'><strong>Mitto</strong></span> <span class='ocrx_word' id='word_1_412' title='bbox 988 4604 1192 4666; x_wconf 80' lang='lat' dir='ltr'><strong>dicere.</strong></span> <span class='ocrx_word' id='word_1_413' title='bbox 1241 4610 1376 4673; x_wconf 88' lang='lat' dir='ltr'><strong>quot</strong></span> <span class='ocrx_word' id='word_1_414' title='bbox 1439 4616 1633 4655; x_wconf 88' lang='lat' dir='ltr'><strong>renum</strong></span> <span class='ocrx_word' id='word_1_415' title='bbox 1687 4600 1967 4655; x_wconf 86' lang='lat' dir='ltr'><strong>doloribus</strong></span> <span class='ocrx_word' id='word_1_416' title='bbox 2014 4599 2294 4656; x_wconf 78' lang='lat' dir='ltr'><strong>confectos</strong></span> 
     </span>
    </p>
   </div>
   <div class='ocr_carea' id='block_1_62' title="bbox 706 4695 2294 4767">
    <p class='ocr_par' dir='ltr' id='par_1_62' title="bbox 706 4695 2294 4767">
     <span class='ocr_line' id='line_1_62' title="bbox 706 4695 2294 4767; baseline -0.003 -14"><span class='ocrx_word' id='word_1_417' title='bbox 706 4707 824 4753; x_wconf 88' lang='lat' dir='ltr'><strong>toto</strong></span> <span class='ocrx_word' id='word_1_418' title='bbox 857 4698 1044 4751; x_wconf 88' lang='lat' dir='ltr'><strong>animo</strong></span> <span class='ocrx_word' id='word_1_419' title='bbox 1075 4705 1298 4767; x_wconf 80' lang='lat' dir='ltr'><strong>rogatus</strong></span> <span class='ocrx_word' id='word_1_420' title='bbox 1321 4696 1528 4750; x_wconf 78' lang='lat' dir='ltr'><strong>curarit</strong></span> <span class='ocrx_word' id='word_1_421' title='bbox 1561 4733 1577 4759; x_wconf 94' lang='lat'><strong>,</strong></span> <span class='ocrx_word' id='word_1_422' title='bbox 1627 4705 1761 4765; x_wconf 89' lang='lat' dir='ltr'><strong>quot</strong></span> <span class='ocrx_word' id='word_1_423' title='bbox 1789 4695 2168 4765; x_wconf 88' lang='lat' dir='ltr'><strong>elapbanticos</strong></span> <span class='ocrx_word' id='word_1_424' title='bbox 2197 4710 2294 4750; x_wconf 85' lang='lat' dir='ltr'><strong>seu</strong></span> 
     </span>
    </p>
   </div>
   <div class='ocr_carea' id='block_1_63' title="bbox 707 4786 2297 4859">
    <p class='ocr_par' dir='ltr' id='par_1_63' title="bbox 707 4786 2297 4859">
     <span class='ocr_line' id='line_1_63' title="bbox 707 4786 2297 4859; baseline 0 -17"><span class='ocrx_word' id='word_1_425' title='bbox 707 4790 959 4859; x_wconf 87' lang='lat' dir='ltr'><strong>leprosos</strong></span> <span class='ocrx_word' id='word_1_426' title='bbox 986 4787 1329 4854; x_wconf 82' lang='lat' dir='ltr'><strong>absterserit,</strong></span> <span class='ocrx_word' id='word_1_427' title='bbox 1362 4788 1509 4858; x_wconf 90' lang='lat' dir='ltr'><strong>quod</strong></span> <span class='ocrx_word' id='word_1_428' title='bbox 1544 4802 1719 4843; x_wconf 65' lang='lat' dir='ltr'><strong>caecos</strong></span> <span class='ocrx_word' id='word_1_429' title='bbox 1756 4787 2064 4851; x_wconf 88' lang='lat' dir='ltr'><strong>illustrarit,</strong></span> <span class='ocrx_word' id='word_1_430' title='bbox 2092 4786 2297 4842; x_wconf 89' lang='lat' dir='ltr'><strong>fractos</strong></span> 
     </span>
    </p>
   </div>
   <div class='ocr_carea' id='block_1_64' title="bbox 706 4879 2295 4952">
    <p class='ocr_par' dir='ltr' id='par_1_64' title="bbox 706 4879 2295 4952">
     <span class='ocr_line' id='line_1_64' title="bbox 706 4879 2295 4952; baseline -0.001 -18"><span class='ocrx_word' id='word_1_431' title='bbox 706 4893 761 4934; x_wconf 90' lang='lat' dir='ltr'><strong>et</strong></span> <span class='ocrx_word' id='word_1_432' title='bbox 789 4882 1037 4952; x_wconf 76' lang='lat' dir='ltr'><strong>jatentes</strong></span> <span class='ocrx_word' id='word_1_433' title='bbox 1066 4880 1327 4946; x_wconf 84' lang='lat' dir='ltr'><strong>erexerit,</strong></span> <span class='ocrx_word' id='word_1_434' title='bbox 1363 4888 1416 4933; x_wconf 88' lang='lat' dir='ltr'><strong>et</strong></span> <span class='ocrx_word' id='word_1_435' title='bbox 1448 4895 1556 4948; x_wconf 87' lang='lat' dir='ltr'><strong>qua</strong></span> <span class='ocrx_word' id='word_1_436' title='bbox 1587 4880 1865 4944; x_wconf 87' lang='lat' dir='ltr'><strong>manibus,</strong></span> <span class='ocrx_word' id='word_1_437' title='bbox 1903 4890 1958 4934; x_wconf 88' lang='lat' dir='ltr'><strong>et</strong></span> <span class='ocrx_word' id='word_1_438' title='bbox 1983 4894 2088 4949; x_wconf 90' lang='lat' dir='ltr'><strong>qua</strong></span> <span class='ocrx_word' id='word_1_439' title='bbox 2142 4879 2295 4950; x_wconf 85' lang='lat' dir='ltr'><strong>pedi-</strong></span> 
     </span>
    </p>
   </div>
   <div class='ocr_carea' id='block_1_65' title="bbox 708 4972 2297 5037">
    <p class='ocr_par' dir='ltr' id='par_1_65' title="bbox 708 4972 2297 5037">
     <span class='ocr_line' id='line_1_65' title="bbox 708 4972 2297 5037; baseline 0.001 -11"><span class='ocrx_word' id='word_1_440' title='bbox 708 4975 812 5030; x_wconf 88' lang='lat' dir='ltr'><strong>bus</strong></span> <span class='ocrx_word' id='word_1_441' title='bbox 840 4975 1025 5030; x_wconf 86' lang='lat' dir='ltr'><strong>aridos</strong></span> <span class='ocrx_word' id='word_1_442' title='bbox 1056 4973 1379 5029; x_wconf 88' lang='lat' dir='ltr'><strong>restituerit.</strong></span> <span class='ocrx_word' id='word_1_443' title='bbox 1430 4972 1706 5027; x_wconf 66' lang='lat' dir='ltr'><strong>Praetereo</strong></span> <span class='ocrx_word' id='word_1_444' title='bbox 1758 4972 2079 5037; x_wconf 86' lang='lat' dir='ltr'><strong>febrientes,</strong></span> <span class='ocrx_word' id='word_1_445' title='bbox 2102 4982 2197 5026; x_wconf 89' lang='lat' dir='ltr'><strong>aut</strong></span> <span class='ocrx_word' id='word_1_446' title='bbox 2226 4973 2297 5027; x_wconf 90' lang='lat' dir='ltr'><strong>ab</strong></span> 
     </span>
    </p>
   </div>
   <div class='ocr_carea' id='block_1_66' title="bbox 709 5064 2297 5137">
    <p class='ocr_par' dir='ltr' id='par_1_66' title="bbox 709 5064 2297 5137">
     <span class='ocr_line' id='line_1_66' title="bbox 709 5064 2297 5137; baseline -0.002 -16"><span class='ocrx_word' id='word_1_447' title='bbox 709 5067 981 5137; x_wconf 88' lang='lat' dir='ltr'><strong>improbis</strong></span> <span class='ocrx_word' id='word_1_448' title='bbox 1042 5066 1329 5136; x_wconf 86' lang='lat' dir='ltr'><strong>spiritibus</strong></span> <span class='ocrx_word' id='word_1_449' title='bbox 1359 5072 1556 5126; x_wconf 83' lang='lat' dir='ltr'><strong>tortos,</strong></span> <span class='ocrx_word' id='word_1_450' title='bbox 1596 5075 1731 5134; x_wconf 93' lang='lat' dir='ltr'><strong>quot</strong></span> <span class='ocrx_word' id='word_1_451' title='bbox 1760 5064 1986 5128; x_wconf 87' lang='lat' dir='ltr'><strong>sanarit,</strong></span> <span class='ocrx_word' id='word_1_452' title='bbox 2027 5065 2297 5133; x_wconf 84' lang='lat' dir='ltr'><strong>hodieque</strong></span> 
     </span>
    </p>
   </div>
   <div class='ocr_carea' id='block_1_67' title="bbox 709 5156 2297 5227">
    <p class='ocr_par' dir='ltr' id='par_1_67' title="bbox 709 5156 2297 5227">
     <span class='ocr_line' id='line_1_67' title="bbox 709 5156 2297 5227; baseline -0.001 -15"><span class='ocrx_word' id='word_1_453' title='bbox 709 5167 887 5219; x_wconf 84' lang='lat' dir='ltr'><strong>sanet,</strong></span> <span class='ocrx_word' id='word_1_454' title='bbox 929 5172 993 5213; x_wconf 89' lang='lat' dir='ltr'><strong>ac</strong></span> <span class='ocrx_word' id='word_1_455' title='bbox 1025 5172 1120 5227; x_wconf 90' lang='lat' dir='ltr'><strong>per</strong></span> <span class='ocrx_word' id='word_1_456' title='bbox 1147 5156 1454 5211; x_wconf 89' lang='lat' dir='ltr'><strong>veneranda</strong></span> <span class='ocrx_word' id='word_1_457' title='bbox 1486 5156 1699 5210; x_wconf 88' lang='lat' dir='ltr'><strong>vincula</strong></span> <span class='ocrx_word' id='word_1_458' title='bbox 1731 5171 1924 5210; x_wconf 91' lang='lat' dir='ltr'><strong>omnes</strong></span> <span class='ocrx_word' id='word_1_459' title='bbox 1955 5171 2121 5226; x_wconf 87' lang='lat' dir='ltr'><strong>prope</strong></span> <span class='ocrx_word' id='word_1_460' title='bbox 2150 5172 2297 5211; x_wconf 83' lang='lat' dir='ltr'><strong>mor-</strong></span> 
     </span>
    </p>
   </div>
   <div class='ocr_carea' id='block_1_68' title="bbox 708 5250 2293 5322">
    <p class='ocr_par' dir='ltr' id='par_1_68' title="bbox 708 5250 2293 5322">
     <span class='ocr_line' id='line_1_68' title="bbox 708 5250 2293 5322; baseline 0.001 -18"><span class='ocrx_word' id='word_1_461' title='bbox 708 5252 832 5312; x_wconf 87' lang='lat' dir='ltr'><strong>hos.</strong></span> <span class='ocrx_word' id='word_1_462' title='bbox 865 5265 1167 5320; x_wconf 87' lang='lat' dir='ltr'><strong>omnesque</strong></span> <span class='ocrx_word' id='word_1_463' title='bbox 1198 5250 1549 5322; x_wconf 63' lang='lat' dir='ltr'><strong>(egritudines</strong></span> <span class='ocrx_word' id='word_1_464' title='bbox 1598 5251 2046 5319; x_wconf 89' lang='lat' dir='ltr'><strong>pellatcuretqne</strong></span> <span class='ocrx_word' id='word_1_465' title='bbox 2101 5266 2293 5306; x_wconf 88' lang='lat' dir='ltr'><strong>eorum</strong></span> 
     </span>
    </p>
   </div>
   <div class='ocr_carea' id='block_1_69' title="bbox 708 5344 2294 5415">
    <p class='ocr_par' dir='ltr' id='par_1_69' title="bbox 708 5344 2294 5415">
     <span class='ocr_line' id='line_1_69' title="bbox 708 5344 2294 5415; baseline 0.003 -18"><span class='ocrx_word' id='word_1_466' title='bbox 708 5345 977 5409; x_wconf 83' lang='lat' dir='ltr'><strong>oumium,</strong></span> <span class='ocrx_word' id='word_1_467' title='bbox 1010 5346 1103 5415; x_wconf 90' lang='lat' dir='ltr'><strong>qui</strong></span> <span class='ocrx_word' id='word_1_468' title='bbox 1134 5344 1345 5400; x_wconf 80' lang='lat' dir='ltr'><strong>sincera</strong></span> <span class='ocrx_word' id='word_1_469' title='bbox 1379 5345 1482 5400; x_wconf 82' lang='lat' dir='ltr'><strong>fide</strong></span> <span class='ocrx_word' id='word_1_470' title='bbox 1514 5344 1579 5399; x_wconf 90' lang='lat' dir='ltr'><strong>ad</strong></span> <span class='ocrx_word' id='word_1_471' title='bbox 1615 5360 1833 5399; x_wconf 85' lang='lat' dir='ltr'><strong>sacrum</strong></span> <span class='ocrx_word' id='word_1_472' title='bbox 1861 5345 2006 5400; x_wconf 86' lang='lat' dir='ltr'><strong>illius</strong></span> <span class='ocrx_word' id='word_1_473' title='bbox 2026 5346 2294 5401; x_wconf 88' lang='lat' dir='ltr'><strong>tumulum</strong></span> 
     </span>
    </p>
   </div>
   <div class='ocr_carea' id='block_1_70' title="bbox 708 5436 2293 5509">
    <p class='ocr_par' dir='ltr' id='par_1_70' title="bbox 708 5436 2293 5509">
     <span class='ocr_line' id='line_1_70' title="bbox 708 5436 2293 5509; baseline 0.003 -20"><span class='ocrx_word' id='word_1_474' title='bbox 708 5436 1061 5505; x_wconf 81' lang='lat' dir='ltr'><strong>confugiunt.</strong></span> <span class='ocrx_word' id='word_1_475' title='bbox 1096 5436 1284 5507; x_wconf 83' lang='lat' dir='ltr'><strong>Neque</strong></span> <span class='ocrx_word' id='word_1_476' title='bbox 1328 5452 1481 5503; x_wconf 90' lang='lat' dir='ltr'><strong>sane,</strong></span> <span class='ocrx_word' id='word_1_477' title='bbox 1535 5437 1789 5507; x_wconf 84' lang='lat' dir='ltr'><strong>quamvis</strong></span> <span class='ocrx_word' id='word_1_478' title='bbox 1834 5438 2044 5504; x_wconf 89' lang='lat' dir='ltr'><strong>volens,</strong></span> <span class='ocrx_word' id='word_1_479' title='bbox 2086 5440 2293 5509; x_wconf 87' lang='lat' dir='ltr'><strong>possim</strong></span> 
     </span>
    </p>
   </div>
   <div class='ocr_carea' id='block_1_71' title="bbox 710 5529 2293 5601">
    <p class='ocr_par' dir='ltr' id='par_1_71' title="bbox 710 5529 2293 5601">
     <span class='ocr_line' id='line_1_71' title="bbox 710 5529 2293 5601; baseline 0.004 -18"><span class='ocrx_word' id='word_1_480' title='bbox 710 5529 898 5583; x_wconf 91' lang='lat' dir='ltr'><strong>omnia</strong></span> <span class='ocrx_word' id='word_1_481' title='bbox 934 5530 1169 5585; x_wconf 87' lang='lat' dir='ltr'><strong>dicendo</strong></span> <span class='ocrx_word' id='word_1_482' title='bbox 1198 5547 1543 5601; x_wconf 89' lang='lat' dir='ltr'><strong>percensere.</strong></span> <span class='ocrx_word' id='word_1_483' title='bbox 1580 5530 1760 5586; x_wconf 90' lang='lat' dir='ltr'><strong>Unum</strong></span> <span class='ocrx_word' id='word_1_484' title='bbox 1800 5541 1984 5587; x_wconf 90' lang='lat' dir='ltr'><strong>tamen</strong></span> <span class='ocrx_word' id='word_1_485' title='bbox 2028 5535 2157 5589; x_wconf 90' lang='lat' dir='ltr'><strong>illud</strong></span> <span class='ocrx_word' id='word_1_486' title='bbox 2191 5536 2293 5589; x_wconf 92' lang='lat' dir='ltr'><strong>mi-</strong></span> 
     </span>
    </p>
   </div>
   <div class='ocr_carea' id='block_1_72' title="bbox 710 5622 2293 5697">
    <p class='ocr_par' dir='ltr' id='par_1_72' title="bbox 710 5622 2293 5697">
     <span class='ocr_line' id='line_1_72' title="bbox 710 5622 2293 5697; baseline 0.006 -23"><span class='ocrx_word' id='word_1_487' title='bbox 710 5622 961 5677; x_wconf 78' lang='lat' dir='ltr'><strong>raculum</strong></span> <span class='ocrx_word' id='word_1_488' title='bbox 1002 5623 1379 5695; x_wconf 80' lang='lat' dir='ltr'><strong>adjungcntes.</strong></span> <span class='ocrx_word' id='word_1_489' title='bbox 1446 5640 1621 5694; x_wconf 89' lang='lat' dir='ltr'><strong>pauca</strong></span> <span class='ocrx_word' id='word_1_490' title='bbox 1652 5641 1717 5680; x_wconf 82' lang='lat' dir='ltr'><strong>ex</strong></span> <span class='ocrx_word' id='word_1_491' title='bbox 1755 5627 1822 5681; x_wconf 93' lang='lat' dir='ltr'><strong>iis</strong></span> <span class='ocrx_word' id='word_1_492' title='bbox 1853 5643 1979 5696; x_wconf 69' lang='lat' dir='ltr'><strong>quae.</strong></span> <span class='ocrx_word' id='word_1_493' title='bbox 2014 5636 2134 5697; x_wconf 90' lang='lat' dir='ltr'><strong>post</strong></span> <span class='ocrx_word' id='word_1_494' title='bbox 2192 5630 2293 5684; x_wconf 87' lang='lat' dir='ltr'><strong>viri</strong></span> 
     </span>
    </p>
   </div>
   <div class='ocr_carea' id='block_1_73' title="bbox 713 5716 2294 5787">
    <p class='ocr_par' dir='ltr' id='par_1_73' title="bbox 713 5716 2294 5787">
     <span class='ocr_line' id='line_1_73' title="bbox 713 5716 2294 5787; baseline 0.001 -17"><span class='ocrx_word' id='word_1_495' title='bbox 713 5716 893 5771; x_wconf 83' lang='lat' dir='ltr'><strong>sancti</strong></span> <span class='ocrx_word' id='word_1_496' title='bbox 954 5726 1187 5771; x_wconf 89' lang='lat' dir='ltr'><strong>mortem</strong></span> <span class='ocrx_word' id='word_1_497' title='bbox 1245 5717 1493 5771; x_wconf 85' lang='lat' dir='ltr'><strong>evenisse</strong></span> <span class='ocrx_word' id='word_1_498' title='bbox 1531 5729 1847 5781; x_wconf 86' lang='lat' dir='ltr'><strong>narrantur,</strong></span> <span class='ocrx_word' id='word_1_499' title='bbox 1880 5717 2121 5773; x_wconf 76' lang='lat' dir='ltr'><strong>historia:</strong></span> <span class='ocrx_word' id='word_1_500' title='bbox 2153 5719 2294 5787; x_wconf 85' lang='lat' dir='ltr'><strong>adji-</strong></span> 
     </span>
    </p>
   </div>
   <div class='ocr_carea' id='block_1_74' title="bbox 712 5809 2292 5882">
    <p class='ocr_par' dir='ltr' id='par_1_74' title="bbox 712 5809 2292 5882">
     <span class='ocr_line' id='line_1_74' title="bbox 712 5809 2292 5882; baseline 0.003 -19"><span class='ocrx_word' id='word_1_501' title='bbox 712 5809 943 5865; x_wconf 86' lang='lat' dir='ltr'><strong>cicmus.</strong></span> <span class='ocrx_word' id='word_1_502' title='bbox 998 5810 1206 5866; x_wconf 75' lang='lat' dir='ltr'><strong>Etenim</strong></span> <span class='ocrx_word' id='word_1_503' title='bbox 1247 5825 1358 5881; x_wconf 88' lang='lat' dir='ltr'><strong>quo</strong></span> <span class='ocrx_word' id='word_1_504' title='bbox 1414 5819 1573 5880; x_wconf 74' lang='lat' dir='ltr'><strong>pacto</strong></span> <span class='ocrx_word' id='word_1_505' title='bbox 1627 5809 1758 5882; x_wconf 75' lang='lat' dir='ltr'><strong>Lydi</strong></span> <span class='ocrx_word' id='word_1_506' title='bbox 1813 5810 1958 5867; x_wconf 86' lang='lat' dir='ltr'><strong>illius</strong></span> <span class='ocrx_word' id='word_1_507' title='bbox 2020 5812 2292 5868; x_wconf 81' lang='lat' dir='ltr'><strong>sacellarii</strong></span> 
     </span>
    </p>
   </div>
   <div class='ocr_carea' id='block_1_75' title="bbox 2412 1925 4007 2000">
    <p class='ocr_par' dir='ltr' id='par_1_75' title="bbox 2412 1925 4007 2000">
     <span class='ocr_line' id='line_1_75' title="bbox 2412 1925 4007 2000; baseline 0.002 -20"><span class='ocrx_word' id='word_1_508' title='bbox 2412 1925 2510 1980; x_wconf 73' lang='grc' dir='ltr'>καὶ</span> <span class='ocrx_word' id='word_1_509' title='bbox 2549 1925 2819 1981; x_wconf 76' lang='grc' dir='ltr'>ὠδίνουσα</span> <span class='ocrx_word' id='word_1_510' title='bbox 2855 1927 2955 1997; x_wconf 71' lang='grc' dir='ltr'>ἤδη</span> <span class='ocrx_word' id='word_1_511' title='bbox 2986 1927 3121 2000; x_wconf 72' lang='grc' dir='ltr'>πρὸς</span> <span class='ocrx_word' id='word_1_512' title='bbox 3164 1926 3226 1980; x_wconf 83' lang='grc' dir='ltr'>τὸ</span> <span class='ocrx_word' id='word_1_513' title='bbox 3256 1929 3459 1990; x_wconf 87' lang='grc' dir='ltr'>τεκεῖν,</span> <span class='ocrx_word' id='word_1_514' title='bbox 3492 1927 3681 1996; x_wconf 81' lang='grc' dir='ltr'>ἐπειδὴ</span> <span class='ocrx_word' id='word_1_515' title='bbox 3714 1928 3808 1980; x_wconf 80' lang='grc' dir='ltr'><strong>ἐπὶ</strong></span> <span class='ocrx_word' id='word_1_516' title='bbox 3837 1929 4007 1991; x_wconf 73' lang='grc' dir='ltr'>πόδας</span> 
     </span>
    </p>
   </div>
   <div class='ocr_carea' id='block_1_76' title="bbox 2410 2016 4010 2090">
    <p class='ocr_par' dir='ltr' id='par_1_76' title="bbox 2410 2016 4010 2090">
     <span class='ocr_line' id='line_1_76' title="bbox 2410 2016 4010 2090; baseline 0.001 -21"><span class='ocrx_word' id='word_1_517' title='bbox 2410 2016 2472 2070; x_wconf 80' lang='grc' dir='ltr'>τὸ</span> <span class='ocrx_word' id='word_1_518' title='bbox 2506 2016 2708 2087; x_wconf 81' lang='grc' dir='ltr'>βρέφος</span> <span class='ocrx_word' id='word_1_519' title='bbox 2738 2016 3073 2088; x_wconf 81' lang='grc' dir='ltr'>κατηνέχθη,</span> <span class='ocrx_word' id='word_1_520' title='bbox 3106 2016 3218 2070; x_wconf 75' lang='grc' dir='ltr'>οὔτ’</span> <span class='ocrx_word' id='word_1_521' title='bbox 3248 2018 3382 2070; x_wconf 85' lang='grc' dir='ltr'>αὐτὸ</span> <span class='ocrx_word' id='word_1_522' title='bbox 3417 2017 3702 2090; x_wconf 78' lang='grc' dir='ltr'>προελθεῖν</span> <span class='ocrx_word' id='word_1_523' title='bbox 3731 2017 3814 2071; x_wconf 74' lang='grc' dir='ltr'>ἔτι</span> <span class='ocrx_word' id='word_1_524' title='bbox 3844 2018 4010 2073; x_wconf 69' lang='grc' dir='ltr'>δυναμ-</span> 
     </span>
    </p>
   </div>
   <div class='ocr_carea' id='block_1_77' title="bbox 2409 2104 4006 2182">
    <p class='ocr_par' dir='ltr' id='par_1_77' title="bbox 2409 2104 4006 2182">
     <span class='ocr_line' id='line_1_77' title="bbox 2409 2104 4006 2182; baseline 0 -19"><span class='ocrx_word' id='word_1_525' title='bbox 2409 2111 2502 2164; x_wconf 78' lang='grc' dir='ltr'><strong>τδν</strong></span> <span class='ocrx_word' id='word_1_526' title='bbox 2526 2104 2617 2181; x_wconf 79' lang='grc' dir='ltr'>ἦν,</span> <span class='ocrx_word' id='word_1_527' title='bbox 2654 2112 2750 2163; x_wconf 71' lang='grc' dir='ltr'>καὶ</span> <span class='ocrx_word' id='word_1_528' title='bbox 2794 2113 2861 2181; x_wconf 79' lang='grc' dir='ltr'>τῇ</span> <span class='ocrx_word' id='word_1_529' title='bbox 2893 2110 3155 2182; x_wconf 78' lang='grc' dir='ltr'>τικτούσῃ</span> <span class='ocrx_word' id='word_1_530' title='bbox 3191 2110 3457 2174; x_wconf 77' lang='grc' dir='ltr'>ὀξυτάτας</span> <span class='ocrx_word' id='word_1_531' title='bbox 3503 2111 3599 2164; x_wconf 72' lang='grc' dir='ltr'>καὶ</span> <span class='ocrx_word' id='word_1_532' title='bbox 3643 2110 4006 2176; x_wconf 79' lang='grc' dir='ltr'>ἁνυποίστους</span> 
     </span>
    </p>
   </div>
   <div class='ocr_carea' id='block_1_78' title="bbox 2410 2201 4008 2275">
    <p class='ocr_par' dir='ltr' id='par_1_78' title="bbox 2410 2201 4008 2275">
     <span class='ocr_line' id='line_1_78' title="bbox 2410 2201 4008 2275; baseline 0.001 -18"><span class='ocrx_word' id='word_1_533' title='bbox 2410 2204 2510 2268; x_wconf 74' lang='grc' dir='ltr'><strong>τὰς</strong></span> <span class='ocrx_word' id='word_1_534' title='bbox 2540 2203 2843 2275; x_wconf 72' lang='grc' dir='ltr'>ἀλγηδόνας</span> <span class='ocrx_word' id='word_1_535' title='bbox 2890 2201 3215 2273; x_wconf 87' lang='grc' dir='ltr'>προσετίθη.</span> <span class='ocrx_word' id='word_1_536' title='bbox 3246 2203 3357 2256; x_wconf 70' lang='grc' dir='ltr'><strong>Καὶ</strong></span> <span class='ocrx_word' id='word_1_537' title='bbox 3401 2202 3525 2256; x_wconf 80' lang='grc' dir='ltr'>ἐπεὶ</span> <span class='ocrx_word' id='word_1_538' title='bbox 3579 2204 3659 2264; x_wconf 85' lang='grc' dir='ltr'><strong>είς</strong></span> <span class='ocrx_word' id='word_1_539' title='bbox 3690 2202 4008 2272; x_wconf 76' lang='grc' dir='ltr'>ἀμηχανίαν</span> 
     </span>
    </p>
   </div>
   <div class='ocr_carea' id='block_1_79' title="bbox 2410 2294 4009 2365">
    <p class='ocr_par' dir='ltr' id='par_1_79' title="bbox 2410 2294 4009 2365">
     <span class='ocr_line' id='line_1_79' title="bbox 2410 2294 4009 2365; baseline -0.002 -17"><span class='ocrx_word' id='word_1_540' title='bbox 2410 2295 2677 2364; x_wconf 76' lang='grc' dir='ltr'>περιέστη</span> <span class='ocrx_word' id='word_1_541' title='bbox 2714 2298 2775 2347; x_wconf 71' lang='grc' dir='ltr'><strong>τὸ</strong></span> <span class='ocrx_word' id='word_1_542' title='bbox 2815 2295 3071 2365; x_wconf 80' lang='grc' dir='ltr'>πρᾶγμα.</span> <span class='ocrx_word' id='word_1_543' title='bbox 3136 2294 3223 2346; x_wconf 78' lang='grc' dir='ltr'>ἵνα</span> <span class='ocrx_word' id='word_1_544' title='bbox 3259 2294 3334 2364; x_wconf 81' lang='grc' dir='ltr'>μὴ</span> <span class='ocrx_word' id='word_1_545' title='bbox 3374 2295 3471 2346; x_wconf 75' lang='grc' dir='ltr'>καὶ</span> <span class='ocrx_word' id='word_1_546' title='bbox 3514 2295 3559 2365; x_wconf 81' lang='grc' dir='ltr'>,ἡ</span> <span class='ocrx_word' id='word_1_547' title='bbox 3615 2295 3753 2365; x_wconf 79' lang='grc' dir='ltr'>γυνὴ</span> <span class='ocrx_word' id='word_1_548' title='bbox 3797 2310 4009 2346; x_wconf 84' lang='grc' dir='ltr'>συναπ-</span> 
     </span>
    </p>
   </div>
   <div class='ocr_carea' id='block_1_80' title="bbox 2408 2383 3999 2455">
    <p class='ocr_par' dir='ltr' id='par_1_80' title="bbox 2408 2383 3999 2455">
     <span class='ocr_line' id='line_1_80' title="bbox 2408 2383 3999 2455; baseline 0 -18"><span class='ocrx_word' id='word_1_549' title='bbox 2408 2384 2616 2455; x_wconf 82' lang='grc' dir='ltr'>όληται,</span> <span class='ocrx_word' id='word_1_550' title='bbox 2650 2385 2907 2454; x_wconf 74' lang='grc' dir='ltr'>παρῆσαν</span> <span class='ocrx_word' id='word_1_551' title='bbox 2946 2384 3044 2451; x_wconf 83' lang='grc' dir='ltr'>μὲν</span> <span class='ocrx_word' id='word_1_552' title='bbox 3072 2384 3247 2453; x_wconf 70' lang='grc' dir='ltr'>ἰατροὶ</span> <span class='ocrx_word' id='word_1_553' title='bbox 3278 2385 3621 2454; x_wconf 84' lang='grc' dir='ltr'>χειρουργεῖν</span> <span class='ocrx_word' id='word_1_554' title='bbox 3649 2384 3713 2436; x_wconf 78' lang='grc' dir='ltr'><strong>τὺ</strong></span> <span class='ocrx_word' id='word_1_555' title='bbox 3734 2383 3999 2453; x_wconf 74' lang='grc' dir='ltr'>ἔμϐρυον,</span> 
     </span>
    </p>
   </div>
   <div class='ocr_carea' id='block_1_81' title="bbox 2408 2475 4007 2547">
    <p class='ocr_par' dir='ltr' id='par_1_81' title="bbox 2408 2475 4007 2547">
     <span class='ocr_line' id='line_1_81' title="bbox 2408 2475 4007 2547; baseline -0.002 -17"><span class='ocrx_word' id='word_1_556' title='bbox 2408 2479 2503 2531; x_wconf 70' lang='grc' dir='ltr'>καὶ</span> <span class='ocrx_word' id='word_1_557' title='bbox 2526 2478 2768 2543; x_wconf 78' lang='grc' dir='ltr'>ἐξέλκειν</span> <span class='ocrx_word' id='word_1_558' title='bbox 2787 2476 3121 2545; x_wconf 87' lang='grc' dir='ltr'>τεμνόμενον</span> <span class='ocrx_word' id='word_1_559' title='bbox 3144 2475 3395 2546; x_wconf 77' lang='grc' dir='ltr'>μεληδόν.</span> <span class='ocrx_word' id='word_1_560' title='bbox 3421 2475 3655 2545; x_wconf 65' lang='grc' dir='ltr'>Προνοία</span> <span class='ocrx_word' id='word_1_561' title='bbox 3675 2476 3731 2528; x_wconf 77' lang='grc' dir='ltr'>δὲ</span> <span class='ocrx_word' id='word_1_562' title='bbox 3752 2475 4007 2547; x_wconf 62' lang='grc' dir='ltr'>θειοτέρα</span> 
     </span>
    </p>
   </div>
   <div class='ocr_carea' id='block_1_82' title="bbox 2406 2565 4006 2637">
    <p class='ocr_par' dir='ltr' id='par_1_82' title="bbox 2406 2565 4006 2637">
     <span class='ocr_line' id='line_1_82' title="bbox 2406 2565 4006 2637; baseline -0.001 -18"><span class='ocrx_word' id='word_1_563' title='bbox 2406 2568 2502 2622; x_wconf 82' lang='grc' dir='ltr'><strong>τοῦ</strong></span> <span class='ocrx_word' id='word_1_564' title='bbox 2535 2567 2659 2621; x_wconf 76' lang='grc' dir='ltr'>καθ’</span> <span class='ocrx_word' id='word_1_565' title='bbox 2703 2567 2851 2637; x_wconf 77' lang='grc' dir='ltr'>ἡμᾶς</span> <span class='ocrx_word' id='word_1_566' title='bbox 2899 2566 3333 2636; x_wconf 81' lang='grc' dir='ltr'>ὑπεμνήσθησαν</span> <span class='ocrx_word' id='word_1_567' title='bbox 3376 2565 3616 2636; x_wconf 80' lang='grc' dir='ltr'>μεγάλου</span> <span class='ocrx_word' id='word_1_568' title='bbox 3652 2566 4006 2637; x_wconf 82' lang='grc' dir='ltr'>θαυματουρ-</span> 
     </span>
    </p>
   </div>
   <div class='ocr_carea' id='block_1_83' title="bbox 2411 2655 4005 2730">
    <p class='ocr_par' dir='ltr' id='par_1_83' title="bbox 2411 2655 4005 2730">
     <span class='ocr_line' id='line_1_83' title="bbox 2411 2655 4005 2730; baseline -0.003 -17"><span class='ocrx_word' id='word_1_569' title='bbox 2411 2660 2534 2729; x_wconf 82' lang='grc' dir='ltr'><strong>γοῦ.</strong></span> <span class='ocrx_word' id='word_1_570' title='bbox 2568 2659 2678 2712; x_wconf 84' lang='grc' dir='ltr'>Καί</span> <span class='ocrx_word' id='word_1_571' title='bbox 2718 2676 2804 2723; x_wconf 86' lang='grc' dir='ltr'><strong>τις</strong></span> <span class='ocrx_word' id='word_1_572' title='bbox 2853 2660 2918 2711; x_wconf 83' lang='grc' dir='ltr'>ὲκ</span> <span class='ocrx_word' id='word_1_573' title='bbox 2958 2657 3068 2711; x_wconf 88' lang='grc' dir='ltr'><strong>τῶν</strong></span> <span class='ocrx_word' id='word_1_574' title='bbox 3119 2659 3410 2730; x_wconf 88' lang='grc' dir='ltr'>παρόντων</span> <span class='ocrx_word' id='word_1_575' title='bbox 3453 2657 3709 2727; x_wconf 71' lang='grc' dir='ltr'>λείψανον</span> <span class='ocrx_word' id='word_1_576' title='bbox 3738 2656 3878 2727; x_wconf 80' lang='grc' dir='ltr'>ἔχων</span> <span class='ocrx_word' id='word_1_577' title='bbox 3904 2655 4005 2710; x_wconf 74' lang='grc' dir='ltr'>τοῦ</span> 
     </span>
    </p>
   </div>
   <div class='ocr_carea' id='block_1_84' title="bbox 2406 2747 4001 2824">
    <p class='ocr_par' dir='ltr' id='par_1_84' title="bbox 2406 2747 4001 2824">
     <span class='ocr_line' id='line_1_84' title="bbox 2406 2747 4001 2824; baseline -0.003 -18"><span class='ocrx_word' id='word_1_578' title='bbox 2406 2753 2616 2806; x_wconf 73' lang='grc' dir='ltr'>πέπλου</span> <span class='ocrx_word' id='word_1_579' title='bbox 2649 2751 3012 2824; x_wconf 83' lang='grc' dir='ltr'>βραχύτατον,</span> <span class='ocrx_word' id='word_1_580' title='bbox 3037 2750 3130 2804; x_wconf 79' lang='grc' dir='ltr'>τοῦ</span> <span class='ocrx_word' id='word_1_581' title='bbox 3165 2750 3309 2804; x_wconf 82' lang='grc' dir='ltr'>κατὰ</span> <span class='ocrx_word' id='word_1_582' title='bbox 3333 2752 3434 2821; x_wconf 82' lang='grc' dir='ltr'>τὴν</span> <span class='ocrx_word' id='word_1_583' title='bbox 3457 2752 3674 2822; x_wconf 80' lang='grc' dir='ltr'>ἡμέραν</span> <span class='ocrx_word' id='word_1_584' title='bbox 3696 2749 3794 2821; x_wconf 81' lang='grc' dir='ltr'>τῆς</span> <span class='ocrx_word' id='word_1_585' title='bbox 3832 2747 4001 2802; x_wconf 75' lang='grc' dir='ltr'>αὐτοῦ</span> 
     </span>
    </p>
   </div>
   <div class='ocr_carea' id='block_1_85' title="bbox 2405 2841 4002 2915">
    <p class='ocr_par' dir='ltr' id='par_1_85' title="bbox 2405 2841 4002 2915">
     <span class='ocr_line' id='line_1_85' title="bbox 2405 2841 4002 2915; baseline -0.004 -16"><span class='ocrx_word' id='word_1_586' title='bbox 2405 2844 2631 2915; x_wconf 81' lang='grc' dir='ltr'>κηδείας</span> <span class='ocrx_word' id='word_1_587' title='bbox 2679 2846 2744 2897; x_wconf 80' lang='grc' dir='ltr'>ὲκ</span> <span class='ocrx_word' id='word_1_588' title='bbox 2790 2842 3628 2915; x_wconf 82' lang='grc' dir='ltr'>πίστεως-καταμεμερισμένου</span> <span class='ocrx_word' id='word_1_589' title='bbox 3659 2844 3771 2905; x_wconf 89' lang='grc' dir='ltr'>τοῖς</span> <span class='ocrx_word' id='word_1_590' title='bbox 3822 2841 4002 2906; x_wconf 80' lang='grc' dir='ltr'>λαοῖς,</span> 
     </span>
    </p>
   </div>
   <div class='ocr_carea' id='block_1_86' title="bbox 2405 2930 4004 3003">
    <p class='ocr_par' dir='ltr' id='par_1_86' title="bbox 2405 2930 4004 3003">
     <span class='ocr_line' id='line_1_86' title="bbox 2405 2930 4004 3003; baseline -0.003 -15"><span class='ocrx_word' id='word_1_591' title='bbox 2405 2933 2689 2989; x_wconf 75' lang='grc' dir='ltr'>καὶτοῦτο</span> <span class='ocrx_word' id='word_1_592' title='bbox 2721 2931 3079 3003; x_wconf 82' lang='grc' dir='ltr'>προαγαγὼν.</span> <span class='ocrx_word' id='word_1_593' title='bbox 3134 2932 3231 2984; x_wconf 77' lang='grc' dir='ltr'>καὶ</span> <span class='ocrx_word' id='word_1_594' title='bbox 3270 2932 3361 2984; x_wconf 85' lang='grc' dir='ltr'>τὸν</span> <span class='ocrx_word' id='word_1_595' title='bbox 3397 2930 3553 2998; x_wconf 73' lang='grc' dir='ltr'>ἅγιον</span> <span class='ocrx_word' id='word_1_596' title='bbox 3590 2930 4004 2999; x_wconf 78' lang='grc' dir='ltr'>ἐπικαλεσάμεο</span> 
     </span>
    </p>
   </div>
   <div class='ocr_carea' id='block_1_87' title="bbox 2405 3022 3998 3095">
    <p class='ocr_par' dir='ltr' id='par_1_87' title="bbox 2405 3022 3998 3095">
     <span class='ocr_line' id='line_1_87' title="bbox 2405 3022 3998 3095; baseline -0.003 -17"><span class='ocrx_word' id='word_1_597' title='bbox 2405 3044 2514 3091; x_wconf 86' lang='grc' dir='ltr'>νος,</span> <span class='ocrx_word' id='word_1_598' title='bbox 2552 3025 2742 3095; x_wconf 79' lang='grc' dir='ltr'>ἐπειδὴ</span> <span class='ocrx_word' id='word_1_599' title='bbox 2776 3026 2935 3095; x_wconf 80' lang='grc' dir='ltr'>μόνον</span> <span class='ocrx_word' id='word_1_600' title='bbox 2965 3027 3033 3095; x_wconf 76' lang='grc' dir='ltr'><strong>τῇ</strong></span> <span class='ocrx_word' id='word_1_601' title='bbox 3083 3024 3250 3092; x_wconf 71' lang='grc' dir='ltr'>ὀσςρύῖ</span> <span class='ocrx_word' id='word_1_602' title='bbox 3292 3023 3531 3092; x_wconf 75' lang='grc' dir='ltr'>περιῆψε</span> <span class='ocrx_word' id='word_1_603' title='bbox 3580 3023 3680 3091; x_wconf 80' lang='grc' dir='ltr'>τῆς</span> <span class='ocrx_word' id='word_1_604' title='bbox 3716 3022 3998 3089; x_wconf 73' lang='grc' dir='ltr'>γυναικὸς,</span> 
     </span>
    </p>
   </div>
   <div class='ocr_carea' id='block_1_88' title="bbox 2406 3113 4034 3189">
    <p class='ocr_par' dir='ltr' id='par_1_88' title="bbox 2406 3113 4034 3189">
     <span class='ocr_line' id='line_1_88' title="bbox 2406 3113 4034 3189; baseline -0.004 -17"><span class='ocrx_word' id='word_1_605' title='bbox 2406 3122 2845 3189; x_wconf 83' lang='grc' dir='ltr'>περιέστραπται</span> <span class='ocrx_word' id='word_1_606' title='bbox 2901 3115 3003 3183; x_wconf 79' lang='grc' dir='ltr'>μὲν</span> <span class='ocrx_word' id='word_1_607' title='bbox 3033 3117 3095 3168; x_wconf 79' lang='grc' dir='ltr'>τὸ</span> <span class='ocrx_word' id='word_1_608' title='bbox 3126 3115 3325 3185; x_wconf 79' lang='grc' dir='ltr'>βρέφος</span> <span class='ocrx_word' id='word_1_609' title='bbox 3375 3113 3539 3176; x_wconf 72' lang='grc' dir='ltr'>εὐθὺς</span> <span class='ocrx_word' id='word_1_610' title='bbox 3585 3114 3682 3166; x_wconf 79' lang='grc' dir='ltr'><strong>ἐπὶ</strong></span> <span class='ocrx_word' id='word_1_611' title='bbox 3729 3114 4034 3183; x_wconf 80' lang='grc' dir='ltr'>κεφαλὴν,“</span> 
     </span>
    </p>
   </div>
   <div class='ocr_carea' id='block_1_89' title="bbox 2333 3194 4001 3283">
    <p class='ocr_par' dir='ltr' id='par_1_89' title="bbox 2333 3194 4001 3283">
     <span class='ocr_line' id='line_1_89' title="bbox 2333 3194 4001 3283; baseline -0.003 -19"><span class='ocrx_word' id='word_1_612' title='bbox 2333 3194 2373 3247; x_wconf 74' lang='lat' dir='ltr'><strong>C</strong></span> <span class='ocrx_word' id='word_1_613' title='bbox 2407 3210 2704 3283; x_wconf 75' lang='grc' dir='ltr'>ἀκινδύνως</span> <span class='ocrx_word' id='word_1_614' title='bbox 2731 3211 2789 3264; x_wconf 75' lang='grc' dir='ltr'>δὲ</span> <span class='ocrx_word' id='word_1_615' title='bbox 2840 3211 3027 3265; x_wconf 76' lang='grc' dir='ltr'>λοιπὸν</span> <span class='ocrx_word' id='word_1_616' title='bbox 3076 3212 3360 3282; x_wconf 79' lang='grc' dir='ltr'>γεννηθὲν,</span> <span class='ocrx_word' id='word_1_617' title='bbox 3407 3211 3670 3279; x_wconf 81' lang='grc' dir='ltr'>Ἰγνάτιος</span> <span class='ocrx_word' id='word_1_618' title='bbox 3716 3208 3852 3279; x_wconf 80' lang='grc' dir='ltr'>πρὸς</span> <span class='ocrx_word' id='word_1_619' title='bbox 3885 3206 4001 3260; x_wconf 75' lang='grc' dir='ltr'><strong>τῶν</strong></span> 
     </span>
    </p>
   </div>
   <div class='ocr_carea' id='block_1_90' title="bbox 2407 3300 4005 3373">
    <p class='ocr_par' dir='ltr' id='par_1_90' title="bbox 2407 3300 4005 3373">
     <span class='ocr_line' id='line_1_90' title="bbox 2407 3300 4005 3373; baseline 0 -18"><span class='ocrx_word' id='word_1_620' title='bbox 2407 3304 2747 3371; x_wconf 85' lang='grc' dir='ltr'>γεννητόρων</span> <span class='ocrx_word' id='word_1_621' title='bbox 2777 3304 3224 3373; x_wconf 84' lang='grc' dir='ltr'>κατωνόμασται,</span> <span class='ocrx_word' id='word_1_622' title='bbox 3261 3305 3341 3366; x_wconf 88' lang='grc' dir='ltr'><strong>είς</strong></span> <span class='ocrx_word' id='word_1_623' title='bbox 3374 3303 3685 3372; x_wconf 81' lang='grc' dir='ltr'>ὑπόμνησιν</span> <span class='ocrx_word' id='word_1_624' title='bbox 3724 3302 3878 3371; x_wconf 79' lang='grc' dir='ltr'>ἥκων</span> <span class='ocrx_word' id='word_1_625' title='bbox 3906 3300 4005 3355; x_wconf 70' lang='grc' dir='ltr'>διὰ</span> 
     </span>
    </p>
   </div>
   <div class='ocr_carea' id='block_1_91' title="bbox 2382 3386 4036 3465">
    <p class='ocr_par' dir='ltr' id='par_1_91' title="bbox 2382 3386 4036 3465">
     <span class='ocr_line' id='line_1_91' title="bbox 2382 3386 4036 3465; baseline -0.002 -16"><span class='ocrx_word' id='word_1_626' title='bbox 2382 3397 2497 3465; x_wconf 77' lang='grc' dir='ltr'>,τοῦ</span> <span class='ocrx_word' id='word_1_627' title='bbox 2529 3396 2794 3465; x_wconf 85' lang='grc' dir='ltr'>ὀνόματος</span> <span class='ocrx_word' id='word_1_628' title='bbox 2836 3396 2937 3463; x_wconf 82' lang='grc' dir='ltr'>τῆς</span> <span class='ocrx_word' id='word_1_629' title='bbox 2968 3397 3056 3448; x_wconf 72' lang='grc' dir='ltr'><strong>ἐπ’</strong></span> <span class='ocrx_word' id='word_1_630' title='bbox 3103 3395 3254 3465; x_wconf 83' lang='grc' dir='ltr'>αύτῷ</span> <span class='ocrx_word' id='word_1_631' title='bbox 3288 3396 3590 3465; x_wconf 84' lang='grc' dir='ltr'>γενομένης</span> <span class='ocrx_word' id='word_1_632' title='bbox 3643 3394 3733 3448; x_wconf 74' lang='grc' dir='ltr'><strong>διὰ</strong></span> <span class='ocrx_word' id='word_1_633' title='bbox 3763 3393 3857 3446; x_wconf 77' lang='grc' dir='ltr'>τοῦ</span> <span class='ocrx_word' id='word_1_634' title='bbox 3890 3386 4036 3446; x_wconf 58' lang='grc' dir='ltr'>παρ’</span> 
     </span>
    </p>
   </div>
   <div class='ocr_carea' id='block_1_92' title="bbox 2404 3482 4006 3558">
    <p class='ocr_par' dir='ltr' id='par_1_92' title="bbox 2404 3482 4006 3558">
     <span class='ocr_line' id='line_1_92' title="bbox 2404 3482 4006 3558; baseline -0.002 -17"><span class='ocrx_word' id='word_1_635' title='bbox 2404 3489 2667 3558; x_wconf 86' lang='grc' dir='ltr'>τριάρχου</span> <span class='ocrx_word' id='word_1_636' title='bbox 2712 3488 3166 3557; x_wconf 86' lang='grc' dir='ltr'>θαυματοποιίας.</span> <span class='ocrx_word' id='word_1_637' title='bbox 3190 3487 3361 3541; x_wconf 82' lang='grc' dir='ltr'>Τοῦτο</span> <span class='ocrx_word' id='word_1_638' title='bbox 3384 3487 3437 3539; x_wconf 87' lang='grc' dir='ltr'><strong>τί</strong></span> <span class='ocrx_word' id='word_1_639' title='bbox 3464 3486 3576 3539; x_wconf 90' lang='grc' dir='ltr'><strong>τῶν</strong></span> <span class='ocrx_word' id='word_1_640' title='bbox 3622 3482 4006 3538; x_wconf 83' lang='grc' dir='ltr'>ἀποστολικῶν</span> 
     </span>
    </p>
   </div>
   <div class='ocr_carea' id='block_1_93' title="bbox 2404 3580 4003 3651">
    <p class='ocr_par' dir='ltr' id='par_1_93' title="bbox 2404 3580 4003 3651">
     <span class='ocr_line' id='line_1_93' title="bbox 2404 3580 4003 3651; baseline 0.001 -19"><span class='ocrx_word' id='word_1_641' title='bbox 2404 3581 2649 3651; x_wconf 77' lang='grc' dir='ltr'>τεράτων</span> <span class='ocrx_word' id='word_1_642' title='bbox 2687 3581 3078 3647; x_wconf 85' lang='grc' dir='ltr'>ὰπολείπεται;</span> <span class='ocrx_word' id='word_1_643' title='bbox 3119 3580 3293 3634; x_wconf 75' lang='grc' dir='ltr'>Τοῦτο</span> <span class='ocrx_word' id='word_1_644' title='bbox 3340 3580 3393 3633; x_wconf 88' lang='grc' dir='ltr'><strong>τί</strong></span> <span class='ocrx_word' id='word_1_645' title='bbox 3425 3581 3526 3649; x_wconf 76' lang='grc' dir='ltr'>τῆς</span> <span class='ocrx_word' id='word_1_646' title='bbox 3576 3582 3635 3632; x_wconf 77' lang='grc' dir='ltr'>ὲν</span> <span class='ocrx_word' id='word_1_647' title='bbox 3668 3580 3862 3650; x_wconf 75' lang='grc' dir='ltr'>Πέτρῳ</span> <span class='ocrx_word' id='word_1_648' title='bbox 3897 3580 4003 3634; x_wconf 78' lang='grc' dir='ltr'>καὶ</span> 
     </span>
    </p>
   </div>
   <div class='ocr_carea' id='block_1_94' title="bbox 2406 3672 4003 3744">
    <p class='ocr_par' dir='ltr' id='par_1_94' title="bbox 2406 3672 4003 3744">
     <span class='ocr_line' id='line_1_94' title="bbox 2406 3672 4003 3744; baseline -0.002 -17"><span class='ocrx_word' id='word_1_649' title='bbox 2406 3674 2606 3743; x_wconf 83' lang='grc' dir='ltr'>Παύλῳ</span> <span class='ocrx_word' id='word_1_650' title='bbox 2654 3673 2940 3743; x_wconf 86' lang='grc' dir='ltr'>δυνάμεως</span> <span class='ocrx_word' id='word_1_651' title='bbox 2989 3675 3162 3735; x_wconf 74' lang='grc' dir='ltr'>ἐνδεῖς</span> <span class='ocrx_word' id='word_1_652' title='bbox 3208 3674 3270 3726; x_wconf 83' lang='lat' dir='ltr'><strong>&#39;ll</strong></span> <span class='ocrx_word' id='word_1_653' title='bbox 3320 3676 3431 3744; x_wconf 81' lang='grc' dir='ltr'>γὰρ</span> <span class='ocrx_word' id='word_1_654' title='bbox 3465 3675 3522 3725; x_wconf 74' lang='grc' dir='ltr'>ἐν</span> <span class='ocrx_word' id='word_1_655' title='bbox 3559 3672 3791 3735; x_wconf 80' lang='grc' dir='ltr'>ἐκείνοις</span> <span class='ocrx_word' id='word_1_656' title='bbox 3838 3674 4003 3742; x_wconf 73' lang='grc' dir='ltr'>ἐνερ-</span> 
     </span>
    </p>
   </div>
   <div class='ocr_carea' id='block_1_95' title="bbox 2405 3761 4006 3834">
    <p class='ocr_par' dir='ltr' id='par_1_95' title="bbox 2405 3761 4006 3834">
     <span class='ocr_line' id='line_1_95' title="bbox 2405 3761 4006 3834; baseline -0.001 -20"><span class='ocrx_word' id='word_1_657' title='bbox 2405 3763 2577 3830; x_wconf 85' lang='grc' dir='ltr'>γοῦσα</span> <span class='ocrx_word' id='word_1_658' title='bbox 2610 3762 2769 3833; x_wconf 85' lang='grc' dir='ltr'>χάρις</span> <span class='ocrx_word' id='word_1_659' title='bbox 2799 3761 2893 3815; x_wconf 77' lang='grc' dir='ltr'>τοῦ</span> <span class='ocrx_word' id='word_1_660' title='bbox 2927 3763 3266 3834; x_wconf 80' lang='grc' dir='ltr'>Πνεύματος,</span> <span class='ocrx_word' id='word_1_661' title='bbox 3295 3765 3370 3828; x_wconf 87' lang='grc' dir='ltr'>ὼς</span> <span class='ocrx_word' id='word_1_662' title='bbox 3408 3764 3504 3816; x_wconf 74' lang='grc' dir='ltr'>καὶ</span> <span class='ocrx_word' id='word_1_663' title='bbox 3528 3762 3615 3815; x_wconf 81' lang='grc' dir='ltr'>διὰ</span> <span class='ocrx_word' id='word_1_664' title='bbox 3650 3762 3761 3815; x_wconf 85' lang='grc' dir='ltr'><strong>τῶν</strong></span> <span class='ocrx_word' id='word_1_665' title='bbox 3808 3762 4006 3814; x_wconf 85' lang='grc' dir='ltr'>σουδα-</span> 
     </span>
    </p>
   </div>
   <div class='ocr_carea' id='block_1_96' title="bbox 2408 3853 3999 3925">
    <p class='ocr_par' dir='ltr' id='par_1_96' title="bbox 2408 3853 3999 3925">
     <span class='ocr_line' id='line_1_96' title="bbox 2408 3853 3999 3925; baseline -0.001 -20"><span class='ocrx_word' id='word_1_666' title='bbox 2408 3854 2541 3924; x_wconf 78' lang='grc' dir='ltr'><strong>ρίων</strong></span> <span class='ocrx_word' id='word_1_667' title='bbox 2587 3856 2684 3907; x_wconf 82' lang='grc' dir='ltr'>καὶ</span> <span class='ocrx_word' id='word_1_668' title='bbox 2717 3854 3069 3925; x_wconf 88' lang='grc' dir='ltr'>σιμικινθίων</span> <span class='ocrx_word' id='word_1_669' title='bbox 3102 3856 3333 3908; x_wconf 80' lang='grc' dir='ltr'>ἐκείνων</span> <span class='ocrx_word' id='word_1_670' title='bbox 3378 3854 3809 3924; x_wconf 81' lang='grc' dir='ltr'>θαυμασιώτατα</span> <span class='ocrx_word' id='word_1_671' title='bbox 3833 3853 3999 3924; x_wconf 80' lang='grc' dir='ltr'>δρᾷν,</span> 
     </span>
    </p>
   </div>
   <div class='ocr_carea' id='block_1_97' title="bbox 2405 3944 4005 4014">
    <p class='ocr_par' dir='ltr' id='par_1_97' title="bbox 2405 3944 4005 4014">
     <span class='ocr_line' id='line_1_97' title="bbox 2405 3944 4005 4014; baseline -0.001 -15"><span class='ocrx_word' id='word_1_672' title='bbox 2405 3944 2547 4014; x_wconf 76' lang='grc' dir='ltr'>αὕτη</span> <span class='ocrx_word' id='word_1_673' title='bbox 2577 3946 2674 3999; x_wconf 63' lang='grc' dir='ltr'>καὶ</span> <span class='ocrx_word' id='word_1_674' title='bbox 2718 3945 2816 4000; x_wconf 80' lang='grc' dir='ltr'>νῦν</span> <span class='ocrx_word' id='word_1_675' title='bbox 2849 3946 2939 3999; x_wconf 79' lang='grc' dir='ltr'><strong>διὰ</strong></span> <span class='ocrx_word' id='word_1_676' title='bbox 2990 3946 3085 4000; x_wconf 80' lang='grc' dir='ltr'>τοῦ</span> <span class='ocrx_word' id='word_1_677' title='bbox 3120 3947 3484 4000; x_wconf 84' lang='grc' dir='ltr'>ἀποστολικοῦ</span> <span class='ocrx_word' id='word_1_678' title='bbox 3533 3946 3726 3999; x_wconf 85' lang='grc' dir='ltr'>τούτου</span> <span class='ocrx_word' id='word_1_679' title='bbox 3771 3945 4005 4014; x_wconf 79' lang='grc' dir='ltr'>ἀνδρὸς,</span> 
     </span>
    </p>
   </div>
   <div class='ocr_carea' id='block_1_98' title="bbox 2404 4036 4004 4110">
    <p class='ocr_par' dir='ltr' id='par_1_98' title="bbox 2404 4036 4004 4110">
     <span class='ocr_line' id='line_1_98' title="bbox 2404 4036 4004 4110; baseline -0.001 -17"><span class='ocrx_word' id='word_1_680' title='bbox 2404 4040 2529 4094; x_wconf 82' lang='grc' dir='ltr'>νέου</span> <span class='ocrx_word' id='word_1_681' title='bbox 2589 4040 2665 4103; x_wconf 88' lang='grc' dir='ltr'>ὠς</span> <span class='ocrx_word' id='word_1_682' title='bbox 2723 4038 2942 4110; x_wconf 87' lang='grc' dir='ltr'>ἀληθῶς</span> <span class='ocrx_word' id='word_1_683' title='bbox 3000 4038 3295 4110; x_wconf 81' lang='grc' dir='ltr'>θεοφόρου,</span> <span class='ocrx_word' id='word_1_684' title='bbox 3329 4040 3423 4092; x_wconf 78' lang='grc' dir='ltr'>καὶ</span> <span class='ocrx_word' id='word_1_685' title='bbox 3470 4038 3560 4091; x_wconf 80' lang='grc' dir='ltr'><strong>διά</strong></span> <span class='ocrx_word' id='word_1_686' title='bbox 3609 4037 3720 4089; x_wconf 86' lang='grc' dir='ltr'><strong>τῶν</strong></span> <span class='ocrx_word' id='word_1_687' title='bbox 3768 4039 3861 4089; x_wconf 69' lang='grc' dir='ltr'><strong>ἐπὶ</strong></span> <span class='ocrx_word' id='word_1_688' title='bbox 3902 4036 4004 4091; x_wconf 76' lang='grc' dir='ltr'>τοῦ</span> 
     </span>
    </p>
   </div>
   <div class='ocr_carea' id='block_1_99' title="bbox 2408 4132 4006 4204">
    <p class='ocr_par' dir='ltr' id='par_1_99' title="bbox 2408 4132 4006 4204">
     <span class='ocr_line' id='line_1_99' title="bbox 2408 4132 4006 4204; baseline -0.001 -18"><span class='ocrx_word' id='word_1_689' title='bbox 2408 4133 2711 4203; x_wconf 81' lang='grc' dir='ltr'>σκίμποδος</span> <span class='ocrx_word' id='word_1_690' title='bbox 2761 4134 2995 4202; x_wconf 84' lang='grc' dir='ltr'>ἱματίων</span> <span class='ocrx_word' id='word_1_691' title='bbox 3035 4134 3146 4185; x_wconf 89' lang='grc' dir='ltr'><strong>τῶν</strong></span> <span class='ocrx_word' id='word_1_692' title='bbox 3198 4132 3277 4203; x_wconf 81' lang='grc' dir='ltr'>τῷ</span> <span class='ocrx_word' id='word_1_693' title='bbox 3303 4133 3436 4204; x_wconf 79' lang='grc' dir='ltr'>ἱερῷ</span> <span class='ocrx_word' id='word_1_694' title='bbox 3468 4132 3706 4201; x_wconf 64' lang='grc' dir='ltr'>λειψάνῳ</span> <span class='ocrx_word' id='word_1_695' title='bbox 3740 4132 4006 4198; x_wconf 72' lang='grc' dir='ltr'>ἑγγισάν-</span> 
     </span>
    </p>
   </div>
   <div class='ocr_carea' id='block_1_100' title="bbox 2403 4205 4005 4299">
    <p class='ocr_par' dir='ltr' id='par_1_100' title="bbox 2403 4205 4005 4299">
     <span class='ocr_line' id='line_1_100' title="bbox 2403 4205 4005 4299; baseline -0.001 -18"><span class='ocrx_word' id='word_1_696' title='bbox 2403 4246 2533 4294; x_wconf 85' lang='grc' dir='ltr'>των,</span> <span class='ocrx_word' id='word_1_697' title='bbox 2585 4228 2681 4281; x_wconf 68' lang='grc' dir='ltr'><strong>καλ⁸</strong></span> <span class='ocrx_word' id='word_1_698' title='bbox 2721 4205 2810 4281; x_wconf 67' lang='grc' dir='ltr'>δίὰ.</span> <span class='ocrx_word' id='word_1_699' title='bbox 2838 4228 2947 4282; x_wconf 91' lang='grc' dir='ltr'><strong>τῶν</strong></span> <span class='ocrx_word' id='word_1_700' title='bbox 2994 4228 3229 4299; x_wconf 85' lang='grc' dir='ltr'>σιδηρῶν</span> <span class='ocrx_word' id='word_1_701' title='bbox 3258 4227 3476 4292; x_wconf 83' lang='grc' dir='ltr'>κλοιῶν,</span> <span class='ocrx_word' id='word_1_702' title='bbox 3524 4222 3606 4290; x_wconf 80' lang='grc' dir='ltr'>οἷς</span> <span class='ocrx_word' id='word_1_703' title='bbox 3653 4228 3778 4288; x_wconf 80' lang='grc' dir='ltr'>τοὺς</span> <span class='ocrx_word' id='word_1_704' title='bbox 3814 4228 4005 4296; x_wconf 72' lang='grc' dir='ltr'>ἱεροὺς</span> 
     </span>
    </p>
   </div>
   <div class='ocr_carea' id='block_1_101' title="bbox 2404 4309 4006 4395">
    <p class='ocr_par' dir='ltr' id='par_1_101' title="bbox 2404 4309 4006 4395">
     <span class='ocr_line' id='line_1_101' title="bbox 2404 4309 4006 4395; baseline -0.001 -20"><span class='ocrx_word' id='word_1_705' title='bbox 2404 4323 2573 4388; x_wconf 74' lang='grc' dir='ltr'>πόδας</span> <span class='ocrx_word' id='word_1_706' title='bbox 2615 4324 2808 4395; x_wconf 79' lang='grc' dir='ltr'>ἄνδρες</span> <span class='ocrx_word' id='word_1_707' title='bbox 2861 4322 3224 4377; x_wconf 79' lang='grc' dir='ltr'>κατέκλεισαν</span> <span class='ocrx_word' id='word_1_708' title='bbox 3281 4309 3523 4387; x_wconf 79' lang='grc' dir='ltr'>ἀσεϐεῖς,</span> <span class='ocrx_word' id='word_1_709' title='bbox 3580 4321 3650 4373; x_wconf 80' lang='grc' dir='ltr'>τὰ</span> <span class='ocrx_word' id='word_1_710' title='bbox 3695 4321 3857 4389; x_wconf 83' lang='grc' dir='ltr'>ὅμοια</span> <span class='ocrx_word' id='word_1_711' title='bbox 3907 4338 4006 4373; x_wconf 80' lang='grc' dir='ltr'>πι-</span> 
     </span>
    </p>
   </div>
   <div class='ocr_carea' id='block_1_102' title="bbox 2407 4412 4008 4487">
    <p class='ocr_par' dir='ltr' id='par_1_102' title="bbox 2407 4412 4008 4487">
     <span class='ocr_line' id='line_1_102' title="bbox 2407 4412 4008 4487; baseline -0.001 -20"><span class='ocrx_word' id='word_1_712' title='bbox 2407 4414 2654 4471; x_wconf 86' lang='grc' dir='ltr'>στεύεται</span> <span class='ocrx_word' id='word_1_713' title='bbox 2687 4416 2821 4486; x_wconf 79' lang='grc' dir='ltr'>δρᾷν</span> <span class='ocrx_word' id='word_1_714' title='bbox 2849 4418 2930 4477; x_wconf 86' lang='grc' dir='ltr'><strong>είς</strong></span> <span class='ocrx_word' id='word_1_715' title='bbox 2950 4415 3050 4487; x_wconf 79' lang='grc' dir='ltr'><strong>τὴν</strong></span> <span class='ocrx_word' id='word_1_716' title='bbox 3078 4415 3174 4468; x_wconf 79' lang='grc' dir='ltr'>τοῦ</span> <span class='ocrx_word' id='word_1_717' title='bbox 3202 4413 3339 4467; x_wconf 86' lang='grc' dir='ltr'><strong>Θεοῦ</strong></span> <span class='ocrx_word' id='word_1_718' title='bbox 3371 4414 3554 4481; x_wconf 79' lang='grc' dir='ltr'>δόξαν,</span> <span class='ocrx_word' id='word_1_719' title='bbox 3588 4413 3683 4465; x_wconf 82' lang='grc' dir='ltr'>καὶ</span> <span class='ocrx_word' id='word_1_720' title='bbox 3718 4412 4008 4481; x_wconf 76' lang='grc' dir='ltr'>σωτηρίαν</span> 
     </span>
    </p>
   </div>
   <div class='ocr_carea' id='block_1_103' title="bbox 2407 4508 2787 4564">
    <p class='ocr_par' dir='ltr' id='par_1_103' title="bbox 2407 4508 2787 4564">
     <span class='ocr_line' id='line_1_103' title="bbox 2407 4508 2787 4564; baseline -0.005 0"><span class='ocrx_word' id='word_1_721' title='bbox 2407 4510 2515 4564; x_wconf 85' lang='grc' dir='ltr'><strong>τῶν</strong></span> <span class='ocrx_word' id='word_1_722' title='bbox 2557 4508 2787 4562; x_wconf 82' lang='grc' dir='ltr'>πιστῶν.</span> 
     </span>
    </p>
   </div>
   <div class='ocr_carea' id='block_1_104' title="bbox 2483 4598 4006 4672">
    <p class='ocr_par' dir='ltr' id='par_1_104' title="bbox 2483 4598 4006 4672">
     <span class='ocr_line' id='line_1_104' title="bbox 2483 4598 4006 4672; baseline -0.005 -16"><span class='ocrx_word' id='word_1_723' title='bbox 2483 4603 2589 4656; x_wconf 84' lang='grc' dir='ltr'>Ἐῶ</span> <span class='ocrx_word' id='word_1_724' title='bbox 2618 4603 2820 4669; x_wconf 75' lang='grc' dir='ltr'>λέγειν,</span> <span class='ocrx_word' id='word_1_725' title='bbox 2842 4602 3004 4665; x_wconf 86' lang='grc' dir='ltr'>ὅσους</span> <span class='ocrx_word' id='word_1_726' title='bbox 3033 4600 3334 4672; x_wconf 86' lang='grc' dir='ltr'>νεφριτικῷ</span> <span class='ocrx_word' id='word_1_727' title='bbox 3363 4600 3811 4670; x_wconf 78' lang='grc' dir='ltr'>τετρυχωμένους</span> <span class='ocrx_word' id='word_1_728' title='bbox 3831 4598 4006 4669; x_wconf 82' lang='grc' dir='ltr'>νοσή-</span> 
     </span>
    </p>
   </div>
   <div class='ocr_carea' id='block_1_105' title="bbox 2406 4692 4003 4765">
    <p class='ocr_par' dir='ltr' id='par_1_105' title="bbox 2406 4692 4003 4765">
     <span class='ocr_line' id='line_1_105' title="bbox 2406 4692 4003 4765; baseline -0.003 -17"><span class='ocrx_word' id='word_1_729' title='bbox 2406 4712 2537 4765; x_wconf 89' lang='grc' dir='ltr'>ματι</span> <span class='ocrx_word' id='word_1_730' title='bbox 2559 4737 2574 4759; x_wconf 93' lang='grc'><strong>,</strong></span> <span class='ocrx_word' id='word_1_731' title='bbox 2634 4695 2730 4747; x_wconf 77' lang='grc' dir='ltr'>καὶ</span> <span class='ocrx_word' id='word_1_732' title='bbox 2759 4694 2994 4756; x_wconf 76' lang='grc' dir='ltr'>ἐκτενῶς</span> <span class='ocrx_word' id='word_1_733' title='bbox 3023 4692 3533 4759; x_wconf 78' lang='grc' dir='ltr'>ἐπικαλεσαμένους</span> <span class='ocrx_word' id='word_1_734' title='bbox 3581 4692 3958 4762; x_wconf 70' lang='grc' dir='ltr'>ἐθεράπευσεν</span> <span class='ocrx_word' id='word_1_735' title='bbox 3981 4707 4003 4724; x_wconf 74' lang='grc' dir='ltr'><strong>ο</strong></span> 
     </span>
    </p>
   </div>
   <div class='ocr_carea' id='block_1_106' title="bbox 2396 4782 4005 4857">
    <p class='ocr_par' dir='ltr' id='par_1_106' title="bbox 2396 4782 4005 4857">
     <span class='ocr_line' id='line_1_106' title="bbox 2396 4782 4005 4857; baseline -0.004 -15"><span class='ocrx_word' id='word_1_736' title='bbox 2396 4789 2553 4851; x_wconf 81' lang='grc' dir='ltr'>ὅσους</span> <span class='ocrx_word' id='word_1_737' title='bbox 2576 4788 2811 4857; x_wconf 74' lang='grc' dir='ltr'>λεπροὺς</span> <span class='ocrx_word' id='word_1_738' title='bbox 2839 4789 2932 4840; x_wconf 76' lang='grc' dir='ltr'>καὶ</span> <span class='ocrx_word' id='word_1_739' title='bbox 2954 4786 3384 4855; x_wconf 80' lang='grc' dir='ltr'>ὲλεφαντιῶντας</span> <span class='ocrx_word' id='word_1_740' title='bbox 3418 4785 3737 4852; x_wconf 80' lang='grc' dir='ltr'>ὲκαθάρισε,</span> <span class='ocrx_word' id='word_1_741' title='bbox 3770 4782 3865 4835; x_wconf 76' lang='grc' dir='ltr'>καὶ</span> <span class='ocrx_word' id='word_1_742' title='bbox 3897 4801 4005 4836; x_wconf 65' lang='lat' dir='ltr'><strong>zu-</strong></span> 
     </span>
    </p>
   </div>
   <div class='ocr_carea' id='block_1_107' title="bbox 2397 4879 4005 4955">
    <p class='ocr_par' dir='ltr' id='par_1_107' title="bbox 2397 4879 4005 4955">
     <span class='ocr_line' id='line_1_107' title="bbox 2397 4879 4005 4955; baseline -0.004 -17"><span class='ocrx_word' id='word_1_743' title='bbox 2397 4885 2565 4955; x_wconf 75' lang='grc' dir='ltr'>φλοὺς</span> <span class='ocrx_word' id='word_1_744' title='bbox 2617 4883 2872 4952; x_wconf 70' lang='grc' dir='ltr'>ὲςρὼτισε,</span> <span class='ocrx_word' id='word_1_745' title='bbox 2923 4884 3018 4936; x_wconf 82' lang='grc' dir='ltr'>καὶ</span> <span class='ocrx_word' id='word_1_746' title='bbox 3072 4882 3439 4952; x_wconf 81' lang='grc' dir='ltr'>παρειμένους</span> <span class='ocrx_word' id='word_1_747' title='bbox 3508 4879 3839 4951; x_wconf 78' lang='grc' dir='ltr'>ἀνώρθωσε,</span> <span class='ocrx_word' id='word_1_748' title='bbox 3894 4880 4005 4932; x_wconf 70' lang='grc' dir='ltr'>καὶ.</span> 
     </span>
    </p>
   </div>
   <div class='ocr_carea' id='block_1_108' title="bbox 2400 4970 4005 5050">
    <p class='ocr_par' dir='ltr' id='par_1_108' title="bbox 2400 4970 4005 5050">
     <span class='ocr_line' id='line_1_108' title="bbox 2400 4970 4005 5050; baseline -0.004 -19"><span class='ocrx_word' id='word_1_749' title='bbox 2400 4978 2571 5050; x_wconf 73' lang='grc' dir='ltr'>ξηρὰς</span> <span class='ocrx_word' id='word_1_750' title='bbox 2603 4980 2794 5048; x_wconf 79' lang='grc' dir='ltr'>χεῖρας</span> <span class='ocrx_word' id='word_1_751' title='bbox 2836 4976 2932 5033; x_wconf 73' lang='grc' dir='ltr'>καὶ</span> <span class='ocrx_word' id='word_1_752' title='bbox 2982 4976 3148 5037; x_wconf 82' lang='grc' dir='ltr'>πόδας</span> <span class='ocrx_word' id='word_1_753' title='bbox 3201 4974 3428 5043; x_wconf 77' lang='grc' dir='ltr'>ἔχοντας</span> <span class='ocrx_word' id='word_1_754' title='bbox 3487 4974 3697 5026; x_wconf 77' lang='grc' dir='ltr'>ίάσατο.</span> <span class='ocrx_word' id='word_1_755' title='bbox 3754 4970 4005 5040; x_wconf 77' lang='grc' dir='ltr'>Ἀφίημι</span> 
     </span>
    </p>
   </div>
   <div class='ocr_carea' id='block_1_109' title="bbox 2398 5062 4004 5159">
    <p class='ocr_par' dir='ltr' id='par_1_109' title="bbox 2398 5062 4004 5159">
     <span class='ocr_line' id='line_1_109' title="bbox 2398 5062 4004 5159; baseline -0.006 -35"><span class='ocrx_word' id='word_1_756' title='bbox 2398 5072 2490 5125; x_wconf 67' lang='grc' dir='ltr'>καὶ</span> <span class='ocrx_word' id='word_1_757' title='bbox 2551 5073 2711 5133; x_wconf 84' lang='grc' dir='ltr'>ὅσους</span> <span class='ocrx_word' id='word_1_758' title='bbox 2756 5068 2862 5159; x_wconf 55' lang='grc' dir='ltr'><strong>ὑπὸ</strong></span> <span class='ocrx_word' id='word_1_759' title='bbox 2913 5068 3154 5138; x_wconf 85' lang='grc' dir='ltr'>πυρετοῦ</span> <span class='ocrx_word' id='word_1_760' title='bbox 3200 5068 3297 5120; x_wconf 73' lang='grc' dir='ltr'>καὶ</span> <span class='ocrx_word' id='word_1_761' title='bbox 3350 5066 3539 5137; x_wconf 77' lang='grc' dir='ltr'>ῥίγους</span> <span class='ocrx_word' id='word_1_762' title='bbox 3590 5062 4004 5135; x_wconf 82' lang='grc' dir='ltr'>τρυχομένους,</span> 
     </span>
    </p>
   </div>
   <div class='ocr_carea' id='block_1_110' title="bbox 2398 5157 4007 5231">
    <p class='ocr_par' dir='ltr' id='par_1_110' title="bbox 2398 5157 4007 5231">
     <span class='ocr_line' id='line_1_110' title="bbox 2398 5157 4007 5231; baseline -0.007 -12"><span class='ocrx_word' id='word_1_763' title='bbox 2398 5165 2492 5219; x_wconf 72' lang='grc' dir='ltr'>καὶ</span> <span class='ocrx_word' id='word_1_764' title='bbox 2529 5164 2690 5227; x_wconf 88' lang='grc' dir='ltr'>ὅσους</span> <span class='ocrx_word' id='word_1_765' title='bbox 2739 5157 2847 5217; x_wconf 69' lang='grc' dir='ltr'>ὐπδ</span> <span class='ocrx_word' id='word_1_766' title='bbox 2900 5162 3230 5231; x_wconf 86' lang='grc' dir='ltr'>πνευμάτων</span> <span class='ocrx_word' id='word_1_767' title='bbox 3300 5158 3558 5229; x_wconf 89' lang='grc' dir='ltr'>πονηρῶν</span> <span class='ocrx_word' id='word_1_768' title='bbox 3618 5157 4007 5226; x_wconf 70' lang='grc' dir='ltr'>ἑταζομένους</span> 
     </span>
    </p>
   </div>
   <div class='ocr_carea' id='block_1_111' title="bbox 2397 5248 4011 5328">
    <p class='ocr_par' dir='ltr' id='par_1_111' title="bbox 2397 5248 4011 5328">
     <span class='ocr_line' id='line_1_111' title="bbox 2397 5248 4011 5328; baseline -0.007 -16"><span class='ocrx_word' id='word_1_769' title='bbox 2397 5257 2528 5328; x_wconf 79' lang='grc' dir='ltr'>ἄχρι</span> <span class='ocrx_word' id='word_1_770' title='bbox 2556 5258 2652 5311; x_wconf 76' lang='grc' dir='ltr'>καὶ</span> <span class='ocrx_word' id='word_1_771' title='bbox 2677 5258 2917 5328; x_wconf 86' lang='grc' dir='ltr'>τήμερον</span> <span class='ocrx_word' id='word_1_772' title='bbox 2948 5256 3117 5319; x_wconf 77' lang='grc' dir='ltr'>ἰᾶται,</span> <span class='ocrx_word' id='word_1_773' title='bbox 3146 5254 3242 5307; x_wconf 77' lang='grc' dir='ltr'>καὶ</span> <span class='ocrx_word' id='word_1_774' title='bbox 3268 5252 3356 5306; x_wconf 72' lang='grc' dir='ltr'><strong>διά</strong></span> <span class='ocrx_word' id='word_1_775' title='bbox 3390 5251 3491 5321; x_wconf 86' lang='grc' dir='ltr'>τῆς</span> <span class='ocrx_word' id='word_1_776' title='bbox 3521 5250 3712 5319; x_wconf 89' lang='grc' dir='ltr'>τιμίας</span> <span class='ocrx_word' id='word_1_777' title='bbox 3740 5248 4011 5312; x_wconf 78' lang='grc' dir='ltr'>ἁλύσεως</span> 
     </span>
    </p>
   </div>
   <div class='ocr_carea' id='block_1_112' title="bbox 2398 5342 4010 5415">
    <p class='ocr_par' dir='ltr' id='par_1_112' title="bbox 2398 5342 4010 5415">
     <span class='ocr_line' id='line_1_112' title="bbox 2398 5342 4010 5415; baseline -0.007 -9"><span class='ocrx_word' id='word_1_778' title='bbox 2398 5354 2602 5414; x_wconf 80' lang='grc' dir='ltr'>πᾶσαν,</span> <span class='ocrx_word' id='word_1_779' title='bbox 2640 5351 2716 5413; x_wconf 84' lang='grc' dir='ltr'>ὡς</span> <span class='ocrx_word' id='word_1_780' title='bbox 2749 5351 2950 5415; x_wconf 88' lang='grc' dir='ltr'>εἰπεῖν,</span> <span class='ocrx_word' id='word_1_781' title='bbox 2980 5348 3141 5401; x_wconf 85' lang='grc' dir='ltr'>νόσον</span> <span class='ocrx_word' id='word_1_782' title='bbox 3173 5346 3270 5399; x_wconf 67' lang='grc' dir='ltr'>καὶ</span> <span class='ocrx_word' id='word_1_783' title='bbox 3308 5345 3492 5398; x_wconf 78' lang='grc' dir='ltr'>πᾶσαν</span> <span class='ocrx_word' id='word_1_784' title='bbox 3526 5342 3801 5413; x_wconf 87' lang='grc' dir='ltr'>μαλακίαν</span> <span class='ocrx_word' id='word_1_785' title='bbox 3845 5342 4010 5395; x_wconf 71' lang='grc' dir='ltr'>ἀπο-</span> 
     </span>
    </p>
   </div>
   <div class='ocr_carea' id='block_1_113' title="bbox 2397 5431 4012 5512">
    <p class='ocr_par' dir='ltr' id='par_1_113' title="bbox 2397 5431 4012 5512">
     <span class='ocr_line' id='line_1_113' title="bbox 2397 5431 4012 5512; baseline -0.007 -15"><span class='ocrx_word' id='word_1_786' title='bbox 2397 5442 2680 5512; x_wconf 87' lang='grc' dir='ltr'>καθαίρων</span> <span class='ocrx_word' id='word_1_787' title='bbox 2711 5441 2818 5494; x_wconf 86' lang='grc' dir='ltr'><strong>τῶν</strong></span> <span class='ocrx_word' id='word_1_788' title='bbox 2849 5442 2908 5492; x_wconf 72' lang='grc' dir='ltr'>ἐν</span> <span class='ocrx_word' id='word_1_789' title='bbox 2938 5438 3173 5509; x_wconf 78' lang='grc' dir='ltr'>ἀληθείᾳ</span> <span class='ocrx_word' id='word_1_790' title='bbox 3200 5437 3295 5490; x_wconf 74' lang='grc' dir='ltr'>καὶ</span> <span class='ocrx_word' id='word_1_791' title='bbox 3325 5435 3507 5488; x_wconf 85' lang='grc' dir='ltr'>πίστει</span> <span class='ocrx_word' id='word_1_792' title='bbox 3529 5431 4012 5505; x_wconf 60' lang='grc' dir='ltr'>προσεβευγόντων</span> 
     </span>
    </p>
   </div>
   <div class='ocr_carea' id='block_1_114' title="bbox 2396 5522 4011 5605">
    <p class='ocr_par' dir='ltr' id='par_1_114' title="bbox 2396 5522 4011 5605">
     <span class='ocr_line' id='line_1_114' title="bbox 2396 5522 4011 5605; baseline -0.009 -17"><span class='ocrx_word' id='word_1_793' title='bbox 2396 5538 2463 5605; x_wconf 77' lang='grc' dir='ltr'>τῇ</span> <span class='ocrx_word' id='word_1_794' title='bbox 2497 5534 2630 5605; x_wconf 77' lang='grc' dir='ltr'>ἁγίᾳ</span> <span class='ocrx_word' id='word_1_795' title='bbox 2652 5532 2951 5603; x_wconf 86' lang='grc' dir='ltr'>θεραπεύει</span> <span class='ocrx_word' id='word_1_796' title='bbox 2988 5530 3156 5601; x_wconf 86' lang='grc' dir='ltr'>σορῷ.</span> <span class='ocrx_word' id='word_1_797' title='bbox 3183 5528 3319 5582; x_wconf 85' lang='grc' dir='ltr'>Ούδὲ</span> <span class='ocrx_word' id='word_1_798' title='bbox 3345 5528 3451 5599; x_wconf 77' lang='grc' dir='ltr'>γὰρ</span> <span class='ocrx_word' id='word_1_799' title='bbox 3487 5527 3534 5579; x_wconf 86' lang='grc' dir='ltr'><strong>εί</strong></span> <span class='ocrx_word' id='word_1_800' title='bbox 3560 5522 4011 5595; x_wconf 76' lang='grc' dir='ltr'>βουληθείημεν,</span> 
     </span>
    </p>
   </div>
   <div class='ocr_carea' id='block_1_115' title="bbox 2395 5614 4019 5697">
    <p class='ocr_par' dir='ltr' id='par_1_115' title="bbox 2395 5614 4019 5697">
     <span class='ocr_line' id='line_1_115' title="bbox 2395 5614 4019 5697; baseline -0.009 -15"><span class='ocrx_word' id='word_1_801' title='bbox 2395 5627 2569 5682; x_wconf 77' lang='grc' dir='ltr'>ταῦτα</span> <span class='ocrx_word' id='word_1_802' title='bbox 2596 5626 2673 5697; x_wconf 83' lang='grc' dir='ltr'><strong>τῷ</strong></span> <span class='ocrx_word' id='word_1_803' title='bbox 2706 5626 2851 5695; x_wconf 82' lang='grc' dir='ltr'>λόγῳ</span> <span class='ocrx_word' id='word_1_804' title='bbox 2892 5623 3119 5677; x_wconf 76' lang='grc' dir='ltr'>δυνατὸν</span> <span class='ocrx_word' id='word_1_805' title='bbox 3152 5618 3594 5693; x_wconf 77' lang='grc' dir='ltr'>ἐξαριθμεῖσθαι.</span> <span class='ocrx_word' id='word_1_806' title='bbox 3640 5616 3789 5677; x_wconf 74' lang='grc' dir='ltr'>Ἐνὸς</span> <span class='ocrx_word' id='word_1_807' title='bbox 3819 5615 3881 5668; x_wconf 80' lang='grc' dir='ltr'>δὲ</span> <span class='ocrx_word' id='word_1_808' title='bbox 3913 5614 4019 5669; x_wconf 73' lang='grc' dir='ltr'>ἔτι</span> 
     </span>
    </p>
   </div>
   <div class='ocr_carea' id='block_1_116' title="bbox 2402 5707 4017 5791">
    <p class='ocr_par' dir='ltr' id='par_1_116' title="bbox 2402 5707 4017 5791">
     <span class='ocr_line' id='line_1_116' title="bbox 2402 5707 4017 5791; baseline -0.009 -18"><span class='ocrx_word' id='word_1_809' title='bbox 2402 5719 2877 5791; x_wconf 81' lang='grc' dir='ltr'>μνημονεύσαντες</span> <span class='ocrx_word' id='word_1_810' title='bbox 2926 5716 3036 5769; x_wconf 87' lang='grc' dir='ltr'><strong>τῶν</strong></span> <span class='ocrx_word' id='word_1_811' title='bbox 3078 5713 3428 5784; x_wconf 87' lang='grc' dir='ltr'>θαυμασίων,</span> <span class='ocrx_word' id='word_1_812' title='bbox 3479 5710 3639 5779; x_wconf 81' lang='grc' dir='ltr'>ὀλίγα</span> <span class='ocrx_word' id='word_1_813' title='bbox 3681 5707 3795 5760; x_wconf 86' lang='grc' dir='ltr'><strong>τῶν</strong></span> <span class='ocrx_word' id='word_1_814' title='bbox 3846 5708 4017 5775; x_wconf 78' lang='grc' dir='ltr'>μετὰ</span> 
     </span>
    </p>
   </div>
   <div class='ocr_carea' id='block_1_117' title="bbox 2396 5797 4016 5883">
    <p class='ocr_par' dir='ltr' id='par_1_117' title="bbox 2396 5797 4016 5883">
     <span class='ocr_line' id='line_1_117' title="bbox 2396 5797 4016 5883; baseline -0.008 -18"><span class='ocrx_word' id='word_1_815' title='bbox 2396 5812 2495 5883; x_wconf 80' lang='grc' dir='ltr'>τὴν</span> <span class='ocrx_word' id='word_1_816' title='bbox 2520 5811 2614 5865; x_wconf 76' lang='grc' dir='ltr'>τοῦ</span> <span class='ocrx_word' id='word_1_817' title='bbox 2663 5810 2821 5879; x_wconf 79' lang='grc' dir='ltr'>ἁγίου</span> <span class='ocrx_word' id='word_1_818' title='bbox 2868 5809 3126 5881; x_wconf 85' lang='grc' dir='ltr'>κοίμησιν</span> <span class='ocrx_word' id='word_1_819' title='bbox 3175 5804 3577 5878; x_wconf 79' lang='grc' dir='ltr'>ἱστορουμένων</span> <span class='ocrx_word' id='word_1_820' title='bbox 3611 5802 3691 5857; x_wconf 79' lang='grc' dir='ltr'>ἔτι</span> <span class='ocrx_word' id='word_1_821' title='bbox 3732 5797 4016 5871; x_wconf 74' lang='grc' dir='ltr'>τῷλόγῳ</span> 
     </span>
    </p>
   </div>
  </div>
