4194 6432
192 423 293 487 565

1249 422 1424 484 νιΤΑ
1466 421 1525 482 S.
1562 419 1859 481 IGNATII
1893 420 1999 482 ΟΡ.
2045 420 2396 481 ARCHIEP.

3319 425 3427 490 566
3466 386 3469 389 ’

188 532 512 603 συνάψομεν.
549 529 668 595 Πῶς
692 531 800 603 γὰρ
829 530 922 585 τοῦ
950 530 1122 584 Λυδοῦ
1162 531 1522 601 σακελλαρίου
1570 531 1751 601 σιωπῇ

1858 529 2071 584 facinus
2131 530 2350 584 silentio
2381 527 2814 598 praetereamus?
2865 529 2957 598 qui
3004 529 3073 585 ab
3114 530 3430 601 impudente

183 626 243 679 τὸ
294 627 532 695 πρᾶγμ-α
594 624 1071 695 παραπέμψομεν;
1125 624 1184 687 ὃς
1238 624 1473 703 ὑποδολῇ
1545 623 1752 676 Φωτίου

183 715 271 770 τοῦ
320 716 574 777 ἀναιδοῦς
624 718 704 778 εἰς
752 716 811 768 τὸ
860 715 1224 786 μονασ-τήριον
1288 714 1569 780 εἰσελθὼν,
1614 712 1751 768 ὥστε

184 810 390 872 πάντας
408 809 536 871 τοὺς
566 807 645 878 τῷ
672 806 811 875 ἁγίῳ
863 807 1020 878 τάφῳ
1052 808 1560 879 προσλιπαροῦντας
1590 808 1753 861 ἀσθε-

184 908 285 965 νεῖς
318 902 462 971 μετά
494 900 777 971 μαστίγων
807 901 1009 964 ἐξῶσαι
1049 903 1143 953 καὶ
1177 900 1387 971 ὕϐρεων
1412 918 1425 931 ο
1472 902 1565 954 καὶ
1598 901 1754 955 τοῦτο

182 993 475 1063 δεδρακὼς,
536 993 865 1062 προστίθησι
897 992 1065 1044 κακον
1107 990 1184 1062 τῷ
1220 992 1397 1059 κακῷ,
1444 979 1539 1045 καὶ
1588 1009 1755 1062 προσ-

182 1088 365 1140 τάσσει
413 1086 782 1155 πλησιαίτατα
822 1086 916 1138 τοῦ
966 1086 1111 1156 ἱεροῦ
1149 1087 1322 1154 τάφου
1374 1086 1753 1156 κατορύσσειν,

183 1178 265 1229 καὶ
292 1179 375 1238 εἰς
413 1175 575 1245 βάθος
610 1176 981 1229 ἁνασκάπτειν
1028 1174 1129 1244 τὴν
1161 1178 1283 1243 γῆν,
1326 1176 1595 1243 πρόφασιν
1632 1174 1752 1244 μὲν,

184 1268 247 1329 ὡς
278 1271 336 1319 ἐν
368 1268 517 1338 αὐτῴ
562 1268 641 1337 τῷ
691 1268 841 1336 τόπῳ
886 1266 1081 1337 πρώην
1122 1267 1229 1319 ὑπὸ
1273 1267 1366 1319 τοῦ
1416 1269 1753 1337 πατριάρχου

183 1356 400 1425 χρυσίου
433 1356 871 1425 κατακρυὸἐντος
903 1355 1123 1419 πολλοῦ,
1164 1354 1224 1407 τὸ
1246 1354 1291 1408 δ’
1327 1354 1550 1425 ἀληθὲς,
1580 1355 1656 1415 ὡς
1688 1354 1754 1407 ἂν

182 1450 399 1519 ἀτιμίαν
448 1449 528 1519 τῷ
586 1448 751 1518 τιμίῳ
809 1448 1052 1516 uncam
1103 1448 1519 1518 προστρίψαιτο.
1567 1444 1753 1510 Οὕτως

182 1540 323 1609 αὐτῷ
348 1542 377 1592 δ
409 1539 605 1608 φθόνος
654 1541 830 1609 πάντη
878 1537 1398 1609 κατακεκυριευκὼς
1419 1538 1517 1608 τῆς
1551 1535 1755 1606 μανιὼ·

181 1630 293 1693 δους
342 1631 550 1700 ψυχῆς.
602 1631 728 1684 οὐδὲ
776 1631 916 1701 μετά
952 1630 1044 1683 τὸν
1089 1630 1322 1684 θάνατον
1375 1631 1607 1699 ἠρεμεῖν
1644 1628 1751 1683 εία.

182 1718 327 1790 ’Δμα
355 1721 415 1774 δὲ
444 1720 523 1790 τῷ
549 1720 696 1791 λόγῳ
724 1718 818 1773 τοῦ
850 1718 1113 1790 ἀθεμίτου
1149 1719 1362 1772 ἐκείνου
1392 1718 1753 1790 προστάγμα-

180 1828 277 1875 τος,
317 1815 412 1867 καὶ
444 1813 705 1884 θεήλατος
744 1814 838 1867 τὸν
906 1812 1081 1883 ἀσεϐῆ
1127 1811 1394 1882 μετῆλθεν
1437 1813 1596 1886 ὀργὴ,
1670 1813 1757 1863 ὲν-

1859 620 2054 674 Pbotio
2117 620 2423 674 submissus
2466 619 2518 674 in
2576 620 2888 673 emnobium
2950 622 3116 688 venit,
3171 633 3228 677 ut
3260 639 3435 693 mgros

1860 729 2054 767 omnes
2078 714 2142 767 ad
2176 715 2487 782 sepulcrum
2528 712 2670 767 illius
2717 714 3112 784 supplicantes,
3169 718 3434 774 conviciis

1858 816 1912 860 et
1938 804 2118 875 ﬂagris
2140 805 2401 874 exigeret.
2434 794 2557 870 Quo
2590 802 2735 856 facto
2779 805 2963 859 scelus
3010 804 3159 860 addit
3188 808 3379 864 sceleri
3415 826 3428 863 :

1859 910 2055 955 terram
2100 901 2242 954 enim
2295 901 2597 967 proximam
2620 914 2789 955 sacra!
2814 901 3014 955 tumba:
3034 901 3140 955 alte
3162 900 3315 971 jubet
3344 902 3427 957 ef-

1861 995 2008 1057 l'odi;
2037 996 2088 1047 iu
2124 992 2360 1062 speciem
2393 993 2647 1061 quidem,
2676 993 2832 1063 quasi
2864 993 3137 1062 ingentem
3174 994 3291 1048 auri
3323 997 3430 1049 vim

1858 1071 2164 1156 patriarcha
2203 1085 2310 1139 illic
2339 1084 2677 1152 condiderit;
2709 1086 2887 1154 reipsa
2911 1096 3114 1148 autem,
3145 1095 3205 1139 ut
3259 1087 3435 1142 sacris

1859 1177 2077 1230 ossibus
2115 1175 2509 1230 contumeliam
2549 1174 2836 1246 irrogaret,
2878 1159 3013 1229 adeo
3058 1178 3302 1231 animum
3337 1178 3437 1231 bo-

1858 1270 2019 1323 minis
2054 1267 2321 1321 furiosum
2358 1267 2555 1322 invidia
2579 1276 2892 1335 occuparat,
2922 1269 3087 1321 utine
3121 1278 3243 1337 post
3284 1284 3438 1322 mor-

1856 1369 1961 1415 tem
1987 1360 2204 1429 quidem
2245 1358 2478 1430 (lgnatii)
2508 1360 2576 1414 ab
2608 1359 2701 1414 illo
2730 1361 2972 1416 cesserit.
3005 1358 3176 1413 Simul
3201 1376 3264 1413 ac
3288 1361 3434 1414 enim

1856 1453 1957 1506 hoc
2000 1452 2088 1504 ille
2130 1452 2296 1504 verbo
2337 1452 2499 1521 impie
2551 1453 2813 1515 edixerat,
2875 1452 3109 1505 vindicta
3186 1451 3438 1506 Numinis

1856 1544 2082 1613 impium
2116 1552 2398 1611 prosecuta
2428 1551 2511 1597 est
2531 1562 2559 1602 _:
2594 1543 2686 1598 hic
2716 1543 2981 1597 duntaxat
3031 1541 3122 1595 Dei
3178 1543 3438 1612 patientia

1855 1649 1915 1689 se
1958 1636 2160 1689 diutius
2208 1636 2493 1689 continere
2548 1651 2655 1690 non
2725 1636 2923 1705 potuit,
2985 1634 3077 1688 sed
3126 1648 3156 1687 ιι
3209 1635 3437 1702 vestigio

1856 1725 2067 1796 plagam
2124 1727 2340 1782 inﬂixit.
2402 1726 2546 1797 Ergo
2608 1728 2879 1797 superbus
2943 1726 3033 1779 ille
3103 1724 3440 1779 horrendum

1859 1816 2050 1877 boans,
2082 1827 2133 1871 et
2161 1827 2417 1886 tanquam
2441 1818 2665 1872 victima
2686 1833 2854 1887 supra
2892 1817 3144 1886 infraque
3172 1814 3438 1884 sanguine

179 1904 344 1957 ταῦθα
375 1906 537 1975 μόνον
561 1909 663 1959 οὐκ
692 1907 1070 1977 ἀνασχομένης
1103 1906 1189 1959 ἐπ’
1210 1904 1358 1976 αὐτῷ
1383 1906 1481 1976 τῆς
1502 1905 1597 1958 τοῦ
1620 1904 1751 1958 Θεοῦ

1857 1907 2128 1970 dilllnens',
2180 1902 2514 1979 domumque
2551 1909 2788 1972 delatus,
2828 1908 3062 1976 elinguis
3101 1907 3241 1960 intra
3300 1922 3440 1975 qna-

182 1999 579 2067 μακροθυμίας,
615 1998 731 2051 ἀλλ’
761 1998 1027 2068 ὀξυτάτην
1073 1997 1299 2061 ἐνδίκως
1336 1995 1741 2066 ὑπενεγκούσης

1851 1999 2088 2055 triduum
2128 2016 2157 2054 a
2196 1999 2305 2054 Dco
2333 2002 2553 2066 punitus
2577 2001 2891 2070 exspiravit.

177 2088 266 2159 τὴν
296 2092 494 2159 τομήν.
539 2090 714 2153 Εὐθὺς
740 2087 834 2143 οὖν
883 2089 1097 2160 μεγάλα
1142 2089 1280 2159 βοῶν
1309 2091 1338 2142 δ
1369 2088 1601 2160 σοϐαρὸς,
1653 2083 1741 2142 οἷα
1772 2091 2234 2161 σφαγιαζόμενος,
2300 2093 2506 2148 ἄνωθέν
2545 2111 2604 2147 τε
2664 2094 2759 2147 καὶ⁵
2812 2083 3059 2147 ιέάτωοεν
3109 2094 3187 2165 τῷ
3251 2090 3443 2161 οἰκείῳ

176 2182 361 2252 αἵματι
412 2183 708 2255 κρουνηδὺν
771 2185 1284 2256 περιρραινόμενος,
1352 2184 1449 2237 καὶ
1501 2183 1745 2256 φοράδην
1805 2185 1988 2240 οίκαδε
2047 2188 2403 2259 ἀναγόμενος,
2465 2189 2679 2258 ἄφωνος
2724 2179 2803 2242 ἔν’
2842 2191 3083 2262 ¹ἡμέραις
3139 2191 3436 2259 τέσσαρσιν

176 2276 412 2345 ἀπέψυξε
455 2276 895 2346 τιμωρούμενος.

237 2371 477 2424 Τοιαῦτα
534 2368 628 2422 τοῦ
676 2369 946 2440 ἡμετέρου
982 2368 1193 2439 Πατρδς
1255 2367 1324 2422 τά
1379 2369 1694 2439 διηγήματα
1724 2385 1740 2402 ·

175 2462 391 2515 τοιαῦτα
424 2461 523 2514 τοῦ
562 2460 730 2515 καλοῦ
753 2461 1008 2530 ποιμένος
1040 2461 1107 2513 τά
1129 2461 1543 2530 προτερήματα.
1570 2459 1756 2523 Οὕτως
1780 2497 1792 2522 ι

172 2556 199 2607 ὁ
232 2555 651 2626 μακαριώτατος
696 2553 790 2606 καὶ
838 2553 947 2618 ζῶν
994 2552 1088 2605 ἐπὶ
1135 2552 1239 2621 γῆς
1293 2550 1667 2621 ὲννομώτατός
1695 2567 1754 2603 τε

172 2639 234 2713 ἦν
264 2649 357 2699 καὶ
387 2647 924 2716 χριστοφιλέστατος,
960 2644 1141 2698 πάντα
1170 2644 1343 2711 λέγων
1378 2645 1474 2696 καὶ
1502 2645 1756 2713 πράττων

171 2742 244 2801 εἰς
286 2741 451 2805 δόξαν
476 2738 612 2792 Θεοῦ
661 2738 757 2792 καὶ
796 2738 898 2807 τῆς
944 2736 1268 2807 Ἐκκλησίας
1309 2735 1627 2805 οίιιοδομήν-⁶
1665 2736 1759 2789 καὶ

174 2831 307 2900 πρὸς
349 2830 490 2882 Θεὸν
540 2831 836 2898 μεταστὰς,
873 2826 1300 2896 ὠφελιμώτατος
1341 2827 1435 2879 καὶ
1470 2827 1755 2897 σωτήριος,

168 2922 238 2987 ὡς
265 2924 501 2992 ἀμέσως
535 2923 881 2992 ὶντυγχάνων
908 2920 1050 2990 ὑπὲρ
1078 2918 1237 2991 ἡμῶν
1268 2917 1343 2989 τῷ
1368 2916 1507 2988 Θεῷ.

229 3187 297 3241 Τί
325 3188 388 3241 δὲ
444 3188 475 3239 δ
514 3186 812 3256 λεγόμενος
878 3185 1119 3251 Φώτιοςς
1173 3181 1283 3257 ἄρα
1331 3184 1433 3256 τὴν
1476 3185 1564 3238 ἐπ’
1603 3184 1754 3254 αὖτῷ

166 3281 475 3348 γενομένην
526 3278 710 3346 κρίσιν
745 3278 820 3342 ὼς
861 3278 1073 3332 ἔνδικον
1126 3278 1588 3347 καταδεξάμενος,
1635 3278 1746 3330 τῶν

160 3372 525 3425 πολυπλόκων
561 3372 833 3441 ἀπέσχετο
855 3371 1208 3434 διαδουλίωνς
1240 3371 1273 3441 ἧ
1305 3371 1410 3424 ὑπὸ
1452 3370 1553 3440 τὴν
1602 3388 1741 3440 κρα-

159 3466 311 3517 ταιάν
343 3465 446 3517 τοῦ
469 3463 607 3516 Θεοῦ
641 3466 799 3533 χεῖρα
820 3463 1201 3524 ταπεινωθεὶς,
1231 3462 1329 3530 τῆς
1362 3462 1513 3525 θείας
1550 3461 1744 3515 ἑαυτὸν

161 3557 325 3623 ῥοπῆς
372 3555 551 3623 ἐξῆψε
584 3555 806 3620 lam/iv;
833 3555 866 3624 ἢ
896 3555 1080 3608 τέλεον
1111 3555 1211 3623 μὲν
1237 3554 1335 3622 τῆς
1362 3553 1531 3606 αὐτοῦ
1577 3570 1743 3606 κακο-

160 3646 433 3711 μηχανίας
480 3646 583 3697 οὐκ
644 3642 861 3714 ἐξέστη,
896 3643 1263 3713 μετριώτερος
1305 3644 1361 3696 δὲ
1403 3641 1598 3696 ἑαυτοῦ
1652 3643 1743 3695 καὶ

155 3736 571 3803 ἐπιεικέστερος
597 3734 685 3787 διὰ
710 3734 809 3803 τῆς
840 3735 1223 3806 κατακρίσεως
1260 3736 1498 3803 κατέστη
1523 3750 1537 3797 ;
1562 3734 1743 3787 Οὐδα-

156 3823 287 3890 μῶς.
328 3827 531 3880 Πάντα
557 3827 613 3880 δὲ
640 3828 733 3879 τὸν
765 3826 996 3895 δεκαετῆ
1046 3828 1237 3897 χρόνον
1268 3827 1369 3895 τῆς
1419 3827 1740 3897 ὑπερορίας,

156 3918 349 3986 μυρίας
404 3919 561 3971 κατά
607 3918 702 3971 τοῦ
758 3920 915 3985 άγίου
966 3919 1259 3983 κακονοίας
1308 3919 1495 3983 κινῶν,
1553 3918 1743 3989 ἐπειδὴ

154 4012 509 4080 πανταχόθεν
556 4011 830 4063 ἀνάλωτον
855 4009 1021 4063 αὑτὸν
1056 4008 1206 4081 ἐώρα
1233 4012 1329 4063 καὶ¹
1360 4009 1622 4079 ἄληπτον,
1648 4008 1743 4062 τοῦ

152 4098 417 4166 βασιλέως
481 4102 575 4171 ἐφ’
644 4103 837 4155 ἑαυτὸν
900 4100 1000 4172 τὴν
1048 4099 1264 4155 εὔνοιαν
1329 4101 1745 4158 ἐπισπάσασθαι

153 4192 474 4259 μηχανᾶται
496 4207 513 4222 ο
554 4191 651 4242 καὶ
686 4191 868 4243 πᾶσαν
910 4189 1010 4260 μὲν
1057 4188 1277 4259 βουλὴν,
1327 4190 1511 4242 πᾶσαν
1541 4190 1598 4243 δὲ
1630 4207 1745 4261 τρι-

151 4280 244 4349 Cipi
271 4281 574 4350 λογισμῶν
617 4280 755 4349 πρὸς
782 4279 939 4333 τοῦτο
972 4280 1161 4341 κινῶν,
1193 4273 1355 4352 εὗρεν
1378 4281 1498 4334 ὁδὸν
1538 4281 1743 4345 λοιπὸν,

148 4371 211 4423 δι’
234 4368 303 4444 ἧς
327 4374 437 4443 τῆς
468 4374 802 4443 ἁπλότητος,
838 4374 957 4444 ἦτοι
989 4372 1325 4442 κουφότητος
1349 4376 1746 4446 κατωρχήσατο

146 4465 234 4532 τῆς
264 4453 576 4536 βασιλικῆς
607 4479 624 4494 ·
664 4465 760 4517 καὶ
803 4465 1056 4517 σκοπεῖτε
1098 4464 1174 4528 ὡς
1212 4464 1467 4533 πιθανὴν,
1514 4467 1609 4518 καὶ
1645 4464 1747 4535 τῆς

147 4557 346 4614 ἐκείνου
397 4558 604 4629 ψυχῆς
650 4556 829 4621 ἀξίαν.
877 4556 999 4610 Τῶν
1043 4556 1324 4626 ὀνομάτων
1352 4557 1463 4630 γάρ
1508 4556 1739 4610 ἕκαστον
1765 4581 1819 4642 D

148 4653 667 4722 περισκεψάμενος,
684 4648 849 4702 αὐτοῦ
866 4666 946 4715 τε,
976 4650 1139 4719 φημὶ,
1160 4648 1439 4701 Βασιλείου
1464 4648 1558 4702 τοῦ
1586 4648 1741 4718 βασι-

147 4742 289 4807 λέως,
322 4744 618 4806 Εὑδοκίας
650 4758 709 4794 τε
733 4744 834 4812 τῆς
865 4740 1031 4795 αὐτοῦ
1054 4740 1325 4809 γαμετῆς,
1355 4742 1452 4794 καὶ
1480 4741 1591 4794 τῶν
1616 4740 1748 4793 παίέ

145 4836 257 4903 δων,
288 4837 753 4899 Κωνσταντίνου,
782 4836 1031 4899 Λέοντος,
1077 4834 1458 4908 Ἀλεξάνδρου,
1497 4838 1592 4891 καὶ
1618 4838 1748 4891 Στε-

145 4928 303 4991 ςάνου
322 4947 336 4959 -
372 4929 439 4993 ἐξ
471 4928 725 4982 ἑκάστου
756 4926 812 4979 δὲ
840 4926 899 4979 τδ
933 4925 1150 4995 πρῶτον
1180 4927 1416 4998 γράμμα
1447 4928 1628 4981 λαϐὼν
1654 4931 1748 4982 καὶ

149 5017 433 5081 συντιθεὶς,
468 5015 746 5070 ἐντεῦθεν
783 5015 1050 5085 λαμϐάνει
1074 5017 1174 5086 τῆς
1204 5019 1421 5086 ἀπάτης
1450 5019 1549 5088 τὴν
1580 5020 1749 5089 ἀφορ-

146 5110 260 5173 μήν.
326 5107 627 5177 Ἱστορίαν
666 5106 808 5177 γάρ,
859 5106 979 5177 ἦτοι
1046 5106 1401 5175 γενεαλογίαν
1449 5107 1549 5178 τὴν
1621 5110 1751 5177 μήτε

146 5192 315 5263 εὗσαν,
340 5199 482 5270 μήτ’
506 5193 619 5252 οὖν
648 5212 779 5249 ποτε
808 5198 1107 5266 γενομένην
1137 5197 1478 5261 ἀναπλάσας,
1510 5197 1748 5267 Τηριδά-

154 5306 243 5358 την
274 5295 375 5363 μὲν
401 5295 644 5346 ἐκεῖνον
686 5287 779 5341 τὸν
816 5288 991 5358 μέγαν
1038 5289 1340 5359 Ἀρμενίων
1378 5289 1627 5359 βασιλέα,
1660 5290 1753 5341 τὶν

153 5381 235 5434 ἐπὶ
262 5384 353 5438 τοῦ
406 5381 839 5454 ίερομάρτυρος
874 5379 1020 5445 λέγω
1058 5380 1385 5451 Γρηγορίου,
1432 5381 1754 5451 προπάτορα

154 5472 341 5527 τίθεται
393 5474 481 5545 τῷ
540 5472 725 5541 λόγῳ,
776 5470 838 5537 ἐξ
883 5472 1096 5525 ἐκείνου
1141 5472 1198 5525 δὲ
1239 5470 1339 5542 τὴν
1391 5470 1749 5539 γενεαλογίαν

157 5567 417 5637 ὀνόμασιν,
448 5566 542 5628 οἷς
582 5564 880 5634 ἠθέλησεν,
923 5566 1308 5636 ἀπισυνείρων,
1340 5566 1436 5618 καὶ
1467 5565 1662 5628 ἄλλους
1691 5562 1749 5626 ἐξ

160 5657 314 5713 mm
348 5663 417 5733 τῇ
453 5656 873 5726 πλασματώδη
908 5657 1166 5725 κατάγων
1199 5656 1439 5728 ἱστορίᾳ,
1490 5657 1656 5728 ἡνίκα
1686 5656 1752 5726 δὴ

161 5754 279 5819 πρὸς
298 5754 389 5807 τὸν
417 5752 666 5822 πατέρα
681 5748 918 5819 κατῆλθε
946 5748 1251 5813 Βασιλείου,
1283 5747 1473 5802 τοῦτον
1491 5748 1750 5819 ἔγραψεν,

165 5826 407 5921 ὡςάνδρα
460 5842 742 5917 γεννήσει
793 5841 1056 5909 τοιοῦτον,
1109 5837 1222 5908 οἷος
1261 5842 1423 5907 αὐτὸς
1467 5842 1753 5907 Basilus;

1922 2366 2017 2423 Ha:
2072 2374 2200 2422 sunt
2238 2381 2417 2420 rerum
2447 2383 2477 2420 a
2509 2364 2668 2421 Patre
2698 2375 2889 2421 nostro
2936 2379 3211 2439 gestarum
3247 2386 3443 2426 narra-

1852 2458 2051 2520 tiones,
2093 2457 2207 2510 bzec
2235 2457 2361 2510 boni
2395 2454 2630 2524 pastoris
2676 2458 3067 2526 prterogativaa.
3103 2458 3176 2512 lta
3237 2460 3440 2516 beatis-

1855 2550 2032 2606 simus
2058 2550 2147 2603 illc
2176 2550 2306 2603 dum
2340 2551 2392 2603 in
2424 2548 2585 2603 terris
2616 2557 2827 2619 ageret.
2863 2564 2950 2625 se_
2987 2564 3151 2619 quam
3202 2553 3441 2608 sanctis-

1856 2643 1996 2696 sime
2040 2641 2600 2710 reliogiosissimeque
2651 2642 2844 2711 gessit.
2881 2642 3046 2698 rebus
3085 2643 3344 2700 omnibus
3369 2646 3437 2700 ad

1859 2731 1951 2786 Dei
1977 2732 2189 2811 laudem
2253 2732 2597 2787 ctEcclesite
2655 2732 3071 2786 aediﬁcationem
3097 2734 3325 2789 relatis:
3380 2745 3437 2792 et

1860 2838 1956 2893 per
1988 2832 2223 2876 mortem
2269 2821 2336 2875 ad
2374 2821 2542 2875 Deum
2573 2820 2871 2891 profectus.
2903 2822 3060 2877 nobis
3084 2827 3225 2893 apud
3283 2825 3439 2881 illum

1862 2914 2123 2968 salutaris
2148 2913 2302 2981 juxta
2334 2928 2399 2967 ac
2431 2913 2865 2987 utilissimusest
2902 2922 3188 2984 patronus,
3225 2926 3283 2971 ut
3341 2918 3437 2987 qui

1862 3003 1972 3059 Dcn
2000 3020 2243 3074 praesens
2291 3005 2428 3061 citra
2467 3004 2638 3059 ullum
2673 2986 2918 3072 medium
2971 3005 3281 3076 interpellat
3338 2986 3441 3081 pro

1860 3097 2043 3152 nobis.
2074 3140 2077 3143 ρ

1932 3188 2075 3254 Quid
2104 3198 2287 3241 autem
2325 3186 2371 3243 is
2409 3186 2504 3257 qui
2555 3186 2758 3241 dicitur
2783 3186 3049 3245 Pbotiusl
3077 3206 3144 3245 an
3169 3190 3438 3261 judicium

1856 3282 1922 3335 dc
1955 3296 2014 3335 se
2045 3280 2146 3333 rite
2176 3279 2378 3335 factum
2410 3289 2494 3335 est
2534 3282 2763 3344 veritus.
2791 3291 2957 3351 atque
2989 3282 3155 3352 impia
3206 3286 3438 3341 consilia

1845 3373 2091 3440 abiecit?
2120 3374 2201 3426 An
2270 3372 2371 3427 sub
2410 3372 2614 3441 potenti
2659 3387 2825 3426 manu
2860 3372 2954 3427 Dei
2982 3374 3323 3442 humiliatus,
3359 3376 3440 3431 di-

1844 3465 1981 3516 Vin-.e
2032 3478 2091 3516 se
2152 3442 2416 3531 deinceps
2470 3464 2741 3517 voluntati
2795 3465 3113 3519 commisit?
3168 3467 3251 3519 An
3312 3482 3438 3537 per-

1844 3554 2113 3605 severavit
2176 3554 2394 3621 quidem
2468 3552 2523 3606 in
2592 3552 2862 3621 improbis
2932 3555 3440 3611 machinationibus

1844 3644 1960 3697 suis
2032 3660 2293 3712 semper,
2356 3644 2449 3698 sed
2520 3661 2587 3698 ex
2669 3645 3015 3699 damnatione
3081 3647 3165 3699 sui
3260 3648 3443 3718 scipsn

1842 3740 2051 3806 thuiur
2096 3749 2149 3793 et
2201 3738 2500 3793 modestior
2551 3749 2636 3793 est
2687 3740 2986 3796 redditus?
3028 3739 3172 3795 Nihil
3219 3743 3423 3798 minus.

1845 3828 1985 3883 Toto
2030 3830 2123 3883 illo
2168 3830 2453 3885 decennali
2507 3832 2697 3887 exsilio
2742 3831 2965 3887 insidias
3011 3830 3274 3888 advvrsus
3314 3850 3442 3889 san-

1842 3930 1991 3975 ctum
2035 3920 2199 3990 impia
2228 3930 2406 3975 mente
2427 3922 2648 3976 molitus
2666 3932 2771 3977 est.
2790 3922 3033 3993 Cumque
3051 3922 3201 3977 illum
3227 3924 3439 3979 irretirc

1845 4025 2110 4080 capereve
2154 4011 2309 4065 nullo
2349 4011 2512 4067 modo
2538 4020 2750 4083 posset,
2780 4012 3131 4082 imperatoris
3188 4013 3435 4070 animum

1845 4099 1948 4157 sibi
1989 4100 2279 4155 conciliare
2325 4110 2514 4159 tentat.
2568 4100 2706 4171 Ergo
2734 4103 2945 4158 artibus
2993 4104 3249 4158 omnibus
3294 4114 3441 4160 stroo

1846 4191 2083 4261 pbisque
2113 4192 2171 4246 in
2220 4193 2516 4248 consilium
2561 4193 2842 4252 abhibitis.
2872 4194 3073 4263 reperit
3104 4195 3269 4257 viam.
3329 4210 3438 4265 qua

1849 4282 2197 4352 imperatoris
2227 4284 2633 4355 simplicitatem
2688 4286 3074 4354 levitatemque
3101 4298 3341 4355 caperet,
3384 4298 3440 4343 et

1848 4373 1970 4428 vide
1999 4389 2163 4443 quam
2210 4376 2544 4444 probabilem
2606 4384 2660 4431 et
2713 4376 2886 4446 ipsius
2940 4376 3160 4444 ingenio
3189 4377 3434 4444 dignam.

1848 4464 2165 4523 Observatis
2223 4468 2368 4521 enim
2419 4468 2734 4523 nominibus
2788 4468 3126 4536 singulorum
3160 4508 3174 4527 .
3236 4470 3431 4539 ipsius,

1850 4558 2096 4628 inquam.
2158 4558 2510 4628 imperatoris
2577 4559 2782 4624 Basilii,
2839 4570 2893 4613 et
2950 4559 3205 4615 Eudocizc
3257 4564 3437 4632 Augu-

1851 4662 1952 4707 stae
2029 4650 2302 4721 conjugis,
2377 4653 2807 4721 liberorumque,
2877 4650 3260 4714 Constantini,
3308 4651 3443 4707 Leo-

1852 4744 1940 4798 nis
1963 4784 1979 4805 ,
2011 4743 2327 4806 Alexandri,
2379 4742 2643 4812 Stephani
2689 4759 2704 4807 ;
2736 4758 2804 4797 cx
2840 4743 3031 4812 primis
3093 4745 3436 4813 singulorum

1851 4836 2132 4889 nominum
2167 4835 2362 4888 litteris
2403 4836 2728 4902 compositis
2776 4836 3169 4904 componendae
3219 4836 3432 4891 fraudis

1850 4929 2195 4983 occasionem
2232 4928 2443 4995 arripit.
2486 4926 2783 4982 Historiam
2826 4929 2998 4989 enim,
3034 4929 3155 4981 sive
3180 4930 3435 4997 genealo-

1855 5021 2022 5090 giam,
2045 5034 2165 5088 quae
2196 5034 2468 5088 nusquam
2514 5029 2617 5083 est,
2652 5018 2886 5082 autfuit,
2914 5030 3210 5073 contexens
3231 5059 3248 5084 ,
3301 5018 3440 5073 Tiri-

1856 5112 2036 5166 dalem
2080 5112 2225 5165 illum
2260 5111 2535 5182 inclytum
2553 5112 2825 5166 Armeniae
2872 5128 3073 5181 regem,
3107 5113 3200 5179 qui
3260 5111 3435 5164 sancti

1856 5205 2102 5274 Gregorii
2167 5204 2426 5272 martyris
2476 5220 2593 5257 aevo
2638 5204 2988 5272 imperitavit,
3045 5203 3232 5273 stirpis
3272 5212 3436 5270 caput

1856 5295 2033 5366 ﬁngit.
2062 5296 2132 5348 Ex
2166 5294 2278 5355 illo,
2317 5295 2633 5349 nominibus
2664 5310 2761 5364 pro
2790 5296 3056 5349 arbitratu
3088 5292 3434 5363 excogitatiS,

1858 5393 2077 5456 gentem
2106 5384 2349 5444 deducit.
2377 5394 2432 5438 et
2456 5384 2593 5437 alios
2629 5400 2693 5437 ex
2720 5384 2827 5437 alio
2854 5382 3101 5437 fabulosa
3122 5382 3439 5436 narratione

1857 5475 2064 5530 condit.
2092 5474 2323 5540 Quando
2349 5475 2570 5529 demum
2609 5473 2678 5529 ad
2716 5481 2997 5544 parentem
3022 5472 3212 5528 Basilii
3251 5486 3441 5542 pervc-

1858 5568 1969 5630 nit,
1992 5567 2234 5635 scripsit,
2271 5567 2607 5621 nasciturum
2636 5582 2702 5622 ex
2752 5581 2818 5620 eo
2845 5566 3006 5620 talem
3044 5566 3205 5636 plane
3234 5565 3435 5629 virum,

1858 5660 2038 5729 qualis
2068 5658 2181 5728 ipse
2195 5668 2313 5712 erat
2340 5657 2597 5723 Basilius,
2624 5659 2784 5729 eique
2814 5673 3013 5713 nomen
3046 5672 3167 5713 esse
3204 5656 3431 5721 Beclas;

1859 5750 2301 5821 quemﬂmnium
2331 5760 2479 5805 retro
2509 5767 2696 5820 regum
2747 5750 3062 5806 felicissime
3101 5758 3155 5804 et
3185 5748 3440 5803 diutissi-

1864 5861 1950 5900 me
1985 5855 2341 5915 regnaturum
2378 5844 2705 5900 vaticinatur
2749 5863 2761 5899 :
2796 5843 3191 5913 inuumeraque
3215 5840 3440 5898 menda-
