4194 6432
215 401 323 463 569

1278 408 1453 467 ΥΙΤΛ
1497 403 1877 467 S.lGNATII
1916 405 2028 466 (ΣΡ.
2062 407 2415 467 ARCIIIEP.

3345 409 3452 470 5Ἱο

199 518 319 577 ταῖς
347 513 505 577 ίδίαις
549 513 891 574 ἐναντιωθεὶς
918 514 1253 581 ὁμολογίαις,
1283 516 1506 578 ἐνδίκως
1540 518 1773 567 ἀποστε-

1881 526 2014 579 tnm,
2051 534 2156 570 non
2192 521 2352 572 modo
2377 518 2718 588 provinciali,
2748 519 2842 576 sed
2871 519 3034 575 etiam
3061 519 3321 589 generali,
3356 523 3466 577 imo

205 606 343 675 ρηθῇ
374 606 475 676 τῆς
514 607 705 674 τιμῆς.
757 605 862 659 Τὴν
909 605 1018 675 γάρ
1066 607 1171 660 ὑπο
1217 609 1437 661 συνόδου
1476 608 1779 669 κανονικῶς

202 695 606 766 καθῃρημένον,
634 697 693 747 οὐ
715 697 948 764 μερικῆς
974 697 1155 766 μόνον,
1191 700 1326 752 ἀλλὰ
1382 703 1477 752 xa‘t
1519 701 1776 767 οἰκουμε-

202 791 381 856 ’δικῆςυ
442 786 641 856 μᾶλλον
688 787 743 839 δὲ
780 787 856 850 ὡς
909 788 1043 857 μηδὲ
1091 790 1191 859 τὴν
1258 792 1433 860 ἀρχὴν
1503 786 1778 857 ἐνθέσμὼς

200 882 299 950 τῆς
331 880 617 951 ίεραρχίας
648 881 927 949 ἁψάμενον
993 881 1154 935 πλέον
1195 882 1357 935 αὐτὸν
1389 885 1776 950 ἀποκεκηρυγ-
1830 922 1833 927 .

208 976 390 1041 μένον,
422 975 707 1043 ἀμήχανον
737 969 878 1026 εἶναι
907 974 1201 1027 διετείνετο
1229 975 1358 1028 ἄνευ
1413 975 1632 1026 συνόδου
1662 974 1783 1043 μεί-

203 1067 353 1129 ζονος
420 1068 513 1119 καὶ
572 1067 914 1136 κυριωτέρας
987 1067 1316 1120 ἀθωοῦσθαι.
1378 1067 1517 1118 Ἀλλ’
1571 1068 1775 1127 ἐκεῖνος

202 1159 412 1217 οὐδενὸς
448 1158 606 1222 λόγον
642 1160 859 1217 κανόνος
900 1158 932 1228 ἦ
980 1161 1148 1226 νόμου
1206 1158 1528 1227 ποιούμενος
1556 1199 1571 1219 ,
1602 1156 1780 1224 ἐαυτῷ

200 1252 268 1303 τά
315 1252 416 1315 τῆς
469 1251 772 1322 ἱερωσύνης
828 1253 1097 1322 ἐπέτρεψε
1134 1270 1148 1284 ο
1182 1253 1275 1304 καὶ
1327 1252 1426 1321 ἤδη
1472 1251 1605 1322 πρὸς
1669 1252 1779 1311 τοῖς

204 1344 495 1412 βασιλείοις
529 1344 623 1396 ἐπὶ
646 1346 710 1413 τῇ
734 1345 1047 1415 καλουμένῃ
1074 1344 1383 1415 Μαγναύρα
1432 1342 1775 1413 καταμένων,

201 1437 469 1507 ἐξάρχους
512 1455 574 1489 τε
614 1438 1000 1505 προεὸάλλετο,
1051 1423 1488 1507 καὶχειροτονίας
1508 1437 1777 1497 ἐπετέλει,

200 1529 291 1580 καὶ
326 1529 429 1581 ὃσα
464 1529 597 1598 πρὸς
643 1528 799 1597 ὓϐριν
834 1529 934 1594 μὲν
970 1532 1067 1598 τῆς
1112 1530 1439 1595 Ἐκκλησίας
1481 1528 1573 1580 τοῦ
1618 1525 1777 1589 Θεοῦ,

201 1616 381 1684 θλίψιν
428 1617 483 1669 δὲ
542 1616 637 1668 τοῦ
692 1616 1053 1684 πατριάρχου,
1092 1615 1371 1668 ἀπώλειαν
1408 1616 1463 1667 δὲ
1498 1616 1595 1683 τῆς
1641 1616 1779 1674 ἰδίας

196 1699 400 1773 ψὐχῆς,
429 1705 659 1765 ἀνοσίως
684 1705 711 1755 ὁ
740 1704 1103 1766 ἀνοσιώτατος
1148 1704 1457 1771 εἰργάζετο.
1488 1702 1646 1754 Οὕτω
1681 1700 1781 1767 τῆς

199 1796 489 1865 βασιλικῆς
514 1794 728 1856 εὐθείας
764 1795 1108 1861 κατεφρόνει,
1142 1792 1342 1863 μᾶλλον
1371 1794 1426 1846 δὲ
1455 1794 1555 1861 τῆς
1580 1791 1780 1860 ἀνοχῆς

1884 611 1975 677 qui
2027 626 2122 662 nec
2156 611 2223 663 al)
2268 613 2421 666 initio
2466 610 2682 679 quidem
2717 626 2954 678 unquam
3000 611 3242 679 legitime
3281 614 3464 667 sedem

1885 717 2094 755 sacram
2123 715 2465 769 occupasset,
2487 713 2651 771 atque
2685 703 2909 770 insuper
2938 704 3148 771 publice
3176 703 3469 759 damnatus

1884 808 2046 858 esset.
2074 799 2173 852 nisi
2225 798 2410 864 majori
2459 810 2511 852 et
2570 797 2851 866 amplioris
2878 798 3222 852 auctoritatis
3258 798 3467 868 synodo

1886 900 1993 940 non
2038 902 2195 955 posse
2237 886 2445 940 absolvi
2482 886 2865 940 contendebat.
2916 885 2986 939 At
3032 885 3120 939 ille
3161 888 3466 940 canonibus

1886 977 2202 1048 legibusque
2226 980 2573 1046 contemptis.
2601 979 2849 1044 ultroque
2879 979 2980 1033 sibi
3025 980 3333 1034 sacerdotio
3360 979 3455 1031 de-

1885 1085 1994 1123 nuo
2041 1080 2313 1138 arrogato,
2372 1070 2595 1124 sedebat
2638 1070 2692 1122 in
2746 1070 2887 1134 regia
2946 1068 3240 1139 Magnaura
3298 1069 3466 1129 dicta,

1884 1162 2221 1217 constituens
2249 1164 2536 1223 exarcbos,
2575 1170 2627 1214 et
2673 1176 2858 1214 sacros
2890 1161 3109 1213 ordines
3154 1162 3466 1215 conferens.

1884 1249 2017 1304 Nam
2057 1251 2321 1319 quidquid
2370 1252 2436 1304 ad
2493 1251 2749 1304 Ecclesim
2797 1250 3207 1311 contumeliam,
3257 1251 3468 1318 virique

1884 1342 2055 1397 sancti
2088 1342 2453 1400 alllietionein,
2484 1356 2752 1408 suumque
2782 1341 2954 1409 ipsius
2999 1340 3223 1393 exitium
3256 1350 3467 1407 specta-

1884 1434 1993 1497 bat,
2026 1435 2285 1502 sacrilege
2321 1433 2734 1501 profanissimus
2767 1434 3020 1486 audebat:
3062 1432 3199 1485 adeo
3230 1432 3468 1499 impera-

1885 1529 2019 1581 toris
2045 1527 2413 1594 simplicitate.
2446 1526 2556 1578 iino
2593 1525 2750 1593 longa
2793 1524 2882 1578 Dei
2913 1524 3167 1594 patientia
3205 1534 3259 1577 et
3296 1524 3468 1591 pumi-

1884 1619 2061 1671 tenti:e
2124 1618 2527 1686 exspectatione
2615 1618 2818 1669 abusus
2894 1619 3058 1669 homo
3142 1616 3468 1670 ambitiosus

1882 1710 2217 1777 pessimique
2277 1711 2554 1779 exempli,
2617 1719 2671 1763 et
2724 1710 2979 1779 palatinis
3035 1711 3293 1762 omnibus
3358 1709 3463 1762 sibi

1886 1802 2214 1863 conciliatis,
2237 1816 2476 1869 suasque
2502 1803 2552 1855 in
2579 1813 2761 1870 partes
2782 1802 3063 1860 traductis.
3099 1803 3298 1855 latente
3323 1802 3469 1856 intus

195 1886 289 1938 τοῦ
334 1883 470 1937 Θεοῦ
501 1885 593 1936 καὶ
629 1884 1013 1953 μακροθυμίας
1041 1885 1071 1936 ὁ
1103 1884 1399 1953 δοξοχαρὴς
1440 1884 1644 1944 ἐκεῖνος
1683 1886 1773 1935 καὶ

1883 1895 2090 1947 scelere
2138 1894 2307 1945 multo
2342 1910 2504 1962 quam
2541 1904 2699 1947 antea
2742 1897 2912 1960 magis
2950 1896 3302 1963 apertiusque
3339 1910 3466 1963 pro-

195 1978 617 2037 σκανδαλοποιὸς
632 1976 728 2029 ἄνθ
738 1993 912 2046 ρωπος
940 1976 1318 2046 ὑπερφρονῶν,
1337 1976 1432 2028 καὶ
1452 1976 1557 2028 πᾶν
1570 1976 1630 2028 τὸ
1653 1993 1718 2027 πε
1728 1976 1781 2043 pi.

193 2072 282 2122 τὴν
306 2070 534 2137 βασιλέα
552 2068 947 2139 θεραπευτικὸν
972 2070 1066 2121 καὶ
1087 2068 1311 2121 οἰκίδιον
1326 2067 1776 2137 ὑποποιούμενος,

196 2164 289 2214 xu".
314 2163 413 2232 τὴν
430 2162 725 2230 ὲνδομυχοῦ
736 2179 830 2213 σαν
851 2160 999 2229 αὑτῷ
1016 2160 1213 2214 κακίαν
1245 2160 1339 2214 καὶ
1363 2160 1628 2229 πονηρίαν
1645 2159 1779 2214 πολὺ

197 2256 400 2324 μᾶλλον
436 2258 469 2327 ἢ
494 2256 684 2325 πρώην
706 2256 962 2306 ἐντονωτέ
972 2271 1070 2323 ραν
1087 2252 1360 2306 ἑπιδεικνύ
1370 2270 1549 2322 μενος,
1568 2253 1659 2305 καὶ
1681 2253 1781 2319 τὴν

194 2350 301 2399 ἀπὶ»
322 2349 420 2413 τῆς
446 2350 718 2415 κοσμικῆς
732 2348 1056 2411 δυναστείας
1104 2348 1283 2414 πολλῷ
1307 2349 1466 2399 πλέον
1495 2346 1781 2413 προσλαμ-

192 2440 489 2507 ϐαιιόμενος
513 2440 709 2509 ῥοπήν·
734 2440 1057 2509 οὖπωτρίτη
1080 2441 1218 2508 μετά
1230 2442 1328 2509 τὴν
1341 2440 1432 2492 τοῦ
1462 2440 1616 2506 ἁγίου
1640 2455 1781 2508 παρα

192 2530 321 2595 ἦλθε
352 2531 684 2600 μετάστασιν
716 2531 921 2600 ἡμέρα,
955 2531 1154 2584 καὶτὸν
1172 2531 1778 2600 πατριαρχικδνέπικα-

197 2623 533 2689 ταλαμϐάνει
552 2624 760 2692 θρόνον,
774 2625 868 2676 καὶ
881 2624 981 2692 τὴν
998 2623 1162 2676 πάλαι
1181 2622 1482 2694 λῃστρικὴν
1500 2622 1662 2674 αὑτοῦ
1684 2623 1777 2675 καὶ

191 2716 529 2784 τυραννικὴν
554 2714 802 2783 γνώμην,
827 2716 922 2767 καὶ
950 2715 1048 2783 τὴν
1084 2714 1225 2766 κατά
1263 2712 1359 2765 τοῦ
1398 2713 1554 2779 ἁγίου
1580 2712 1777 2765 λύτταν

191 2806 608 2873 ἀνανεούμενος,
629 2808 835 2867 πάντας
855 2807 952 2876 μὲν
980 2806 1109 2867 τοὺς
1129 2806 1362 2868 οἰκείους
1387 2806 1594 2858 ἐκείνου
1613 2805 1777 2874 θερα-

192 2902 399 2962 πευτὰς
420 2900 689 2967 φυλακαῖς
720 2903 814 2952 καὶ
834 2900 1069 2970 πληγαῖς
1099 2899 1193 2951 καὶ
1215 2897 1448 2966 ὲξορίαις
1472 2900 1567 2950 καὶ
1591 2898 1775 2967 θλίψε-

189 3011 275 3046 σιν
294 2997 614 3062 ἀνηκέστοις
634 2994 953 3063 περιέϐαλεν
972 3008 987 3022 ⁸
1017 2995 1225 3053 πάντας
1246 2990 1302 3043 δὲ
1326 2991 1450 3052 τοὺς
1469 2991 1778 3057 ἀντιλέγον-

188 3102 287 3147 τας
317 3083 486 3136 αὐτοῦ
519 3086 584 3151 τῇ
614 3085 805 3153 ἀνόδῳ,
842 3085 917 3146 ὡς
938 3084 998 3135 οὐ
1031 3079 1352 3142 κανονικῶς.
1384 3079 1499 3131 ἀλλ’
1522 3081 1776 3149 ἀθέσμως

187 3173 285 3225 καὶ
330 3174 666 3243 παρανὸμως
703 3173 995 3246 γενομένῃ,
1061 3173 1281 3242 μυρίαις
1326 3173 1595 3233 ἐπινοίαις
1641 3188 1776 3224 κατ-

1886 1988 2027 2048 dito,
2080 1987 2361 2055 multoque
2414 1986 2621 2054 majore
2666 2002 2828 2054 quam
2879 1996 3035 2040 antea
3084 1987 3131 2039 vi
3186 1986 3467 2039 surcularis

1884 2080 2170 2148 potestatis
2195 2086 2530 2145 comparata,
2558 2094 2665 2130 non
2695 2086 2828 2141 toto,
2857 2094 3018 2144 quam
3042 2078 3281 2147 lguatius
3311 2078 3466 2130 obie-

1884 2180 1990 2233 rat,
2043 2170 2223 2223 triduo
2266 2170 2475 2236 elapso,
2530 2170 2764 2224 tribunal
2804 2170 3184 2237 patriarchale,
3215 2180 3466 2223 revocata

1883 2261 2111 2329 pristina
2152 2273 2201 2313 et
2233 2260 2533 2327 patricidali
2568 2262 2960 2330 Iyranuicaque
2994 2272 3194 2327 mente,
3230 2278 3467 2330 occiipa-

1882 2351 1994 2407 vit:
2025 2359 2079 2402 et
2122 2349 2308 2401 furore
2338 2349 2603 2403 adversus
2642 2359 2890 2403 sanctum
2924 2362 3206 2415 renovato,
3240 2361 3467 2405 cunctos

1884 2440 2030 2492 illius
2076 2438 2413 2492 domesticos
2442 2454 2507 2492 ac
2551 2454 2739 2492 servos
2777 2440 3044 2492 custodiis
3068 2479 3083 2498 ,
3119 2440 3460 2502 verberibus,

1880 2528 2111 2593 exsiliis,
2141 2528 2375 2595 aliisque
2406 2527 2759 2583 intolerandis
2786 2530 2941 2583 malis
2982 2540 3032 2583 et
3071 2531 3335 2585 :eruninis
3365 2547 3464 2600 op-

1880 2620 2097 2688 pressit.
2150 2617 2492 2671 l’rovectioni
2552 2634 2716 2686 porro
2779 2619 2925 2672 illius
2978 2628 3169 2672 contra
3220 2620 3364 2688 leges
3410 2628 3467 2673 et

1881 2711 2192 2764 sanctiones
2225 2710 2625 2763 ecclesiasticas
2662 2708 2817 2764 facta:
2848 2710 3161 2779 quicunque
3193 2727 3467 2781 repugna-

1881 2803 2033 2867 bant,
2090 2802 2191 2855 hos
2236 2801 2381 2855 mille
2416 2803 2626 2856 artibus
2675 2803 3028 2870 expugnavit.
3084 2803 3234 2857 Alios
3264 2805 3466 2871 quippe

1882 2896 2276 2949 munerihnsot
2322 2894 2626 2948 honoribus
2666 2896 3079 2965 permulcendo.
3121 2896 3203 2949 vel
3252 2896 3465 2951 sediutn

1879 2984 2267 3051 episcopalium
2329 2985 2867 3052 permutationibus,
2918 2986 2983 3039 ad
3033 2986 3351 3041 societatem
3411 2994 3468 3039 et

1879 3075 2323 3129 eonnnunionem
2367 3077 2612 3129 attraxit.
2646 3076 2797 3131 Alios
2834 3078 3070 3147 primum
3109 3078 3463 3132 criminatio-

1882 3167 2042 3221 nibus
2088 3167 2458 3236 inauditisque
2490 3170 2780 3222 calumniis
2814 3168 3171 3233 traducendo,
3202 3171 3466 3240 graviter-

187 3284 281 3317 εστ
294 3233 528 3336 ρατηγει
556 3233 575 3297 -'
605 3233 696 3328 ob;
715 3233 1167 3337 ’μὲν-δώροις,1κα“ι
1201 3268 1498 3339 ἀξιώμασι,
1534 3266 1628 3319 καὶ
1651 3263 1773 3334 θρό-

1884 3274 1989 3328 que
2030 3259 2357 3312 Iaucinando
2392 3277 2406 3324 ;
2444 3276 2584 3327 quos
2631 3268 2808 3314 tamen
2849 3262 3072 3316 eosdem
3117 3277 3241 3314 mox
3269 3303 3284 3326 ,
3319 3262 3363 3316 si
3408 3277 3467 3315 se

185 3376 292 3409 νων
328 3357 657 3427 μεταθέσεσι
704 3360 839 3428 πρὸς
864 3358 963 3428 τὴν
996 3362 1115 3427 μετ’
1159 3360 1323 3413 αὐτοῦ
1358 3358 1639 3412 κοινωνίαν
1677 3360 1774 3409 ἐπ-

182 3454 463 3518 αγόμενος
486 3468 497 3481 ·
526 3450 618 3513 οὓς
647 3451 703 3504 δὲ
736 3452 1108 3521 συκοφαντῶν,
1129 3453 1223 3504 καί
1254 3453 1339 3504 ἐπ’
1357 3449 1775 3521 αἱσχρουργίαις

178 3545 453 3612 ἀῤῥήτοις
485 3542 756 3611 διασύρων
796 3543 855 3595 τὸ
891 3544 1133 3611 πρῶτον,
1162 3544 1258 3595 καὶ
1283 3542 1495 3611 πικρῶς
1515 3541 1774 3595 διαλοιδο-

182 3632 559 3700 ρούμενος,εἰ’
587 3650 667 3694 τις
709 3633 889 3685 αὐτῶν
935 3636 1085 3703 αὑτῷ
1141 3637 1283 3703 μετά
1340 3635 1518 3687 ταῦτα
1585 3652 1773 3687 κοινωο

177 3722 292 3772 νεῖν
328 3720 783 3791 ἀνωμολόγησεν,
815 3721 1012 3794 αὔραις
1062 3724 1249 3795 φέρειν
1279 3725 1540 3794 ἐξαπίνης
1587 3727 1769 3777 ἐκεῖνα

176 3813 365 3864 πάντα
395 3814 738 3882 παρεχώρει.
773 3814 880 3866 Καὶ
906 3814 1317 3887 συλλειτουργδς
1358 3815 1506 3885 αὐτῷ
1531 3816 1770 3886 σήμερον

170 3910 197 3959 ὁ
227 3908 519 3976 ἱεροσυλος
542 3906 705 3975 χθές*
748 3909 841 3960 καὶ
871 3909 1196 3981 ἱεροφάντης
1235 3910 1410 3980 μέγας
1454 3911 1549 3963 καὶ
1593 3910 1770 3979 τίμιος

168 4001 194 4048 ὁ
227 3999 488 4067 κλέπτης
534 4000 629 4051 καὶ
660 4000 854 4067 πόρνος
888 4003 982 4053 καὶ
1009 4001 1236 4070 βέϐηλος
1259 4002 1451 4073 πρώην
1477 4003 1567 4054 ὑπ’
1603 4002 1767 4055 αὐτοῦ

170 4093 291 4157 μεθ’
336 4093 530 4159 ὅρκων
565 4091 1047 4161 ἀποδεικνύμενος.
1075 4093 1182 4156 Οὓς
1207 4095 1263 4146 δὲ
1297 4096 1434 4164 πρὸς
1463 4097 1563 4164 τὴν
1594 4094 1764 4147 αὑτοῦ

166 4183 474 4234 κοινωνίαν
507 4180 659 4250 ἑώρα
687 4182 930 4252 στερρῶς
973 4184 1403 4253 ἀνθισταμένους
1466 4186 1769 4255 (ἐνίσταντο

162 4274 215 4324 δὲ
262 4274 508 4335 πάντες,
550 4272 666 4324 ὅσοι
712 4272 927 4341 άληθῶς
970 4278 1070 4344 τῆς
1106 4276 1493 4346 Χριστιανικῆς
1532 4277 1767 4341 πίστεως

159 4366 515 4434 ἀντείχοντο,
547 4363 622 4431 τῷ
653 4365 759 4416 ὑπὸ
777 4366 937 4433 ἁγίας
970 4368 1065 4421 καὶ
1098 4369 1488 4437 οἰκουμενικῆς
1548 4370 1768 4421 συνόδου

163 4474 347 4508 nvo-xi.
356 4456 481 4516 κῶς
496 4454 1047 4529 ἀνατεθεματισμένῳ
1067 4460 1157 4511 καὶ
1174 4459 1387 4532 καθῃρη
1396 4462 1541 4531 μένῳ
1559 4464 1763 4513 ἐπικιν-

1885 3356 1951 3408 ad
1980 3354 2099 3423 ejus
2132 3366 2314 3422 partes
2347 3356 2751 3423 adiunxissent,
2786 3372 2952 3410 causa
2982 3368 3087 3411 tota
3120 3359 3295 3412 ventis
3316 3372 3469 3413 com-

1883 3448 2074 3512 missa,
2112 3448 2369 3501 absolvit.
2422 3446 2498 3501 Ita
2538 3450 2630 3517 qui
2667 3451 2828 3503 modo
2862 3450 2938 3504 illi
2979 3452 3285 3520 sacrilegus
3325 3460 3465 3515 erat,

1883 3544 1929 3595 is
1956 3542 2129 3595 eidem
2164 3557 2284 3594 mox
2319 3551 2617 3612 symmysta
2653 3552 2707 3595 ct
2739 3543 3115 3597 comuiinister
3147 3544 3329 3597 ﬁebat.
3360 3544 3465 3608 Qui

1880 3638 2034 3706 prius
2066 3637 2173 3698 fur,
2204 3637 2436 3700 adulter,
2481 3648 2535 3690 et
2577 3638 2838 3705 profanus
2869 3638 2937 3690 ab
2980 3639 3073 3691 illo
3120 3639 3465 3707 juratissimo

1879 3727 2232 3795 probabatur,
2266 3728 2356 3781 illo
2400 3743 2523 3781 mox
2567 3728 2743 3781 eidem
2781 3744 3010 3796 magnus
3036 3738 3091 3782 et
3119 3731 3466 3785 venerandus

1880 3833 2160 3871 sacrorum
2194 3818 2427 3872 antistes
2471 3818 2792 3872 habebatur.
2843 3819 2992 3884 Quos
3032 3829 3211 3873 autem
3255 3820 3307 3872 in
3337 3837 3466 3873 scn-

1879 3908 2046 3962 tentia
2073 3908 2257 3962 firmos
2302 3925 2456 3963 suam
2486 3910 2931 3963 communionem
2966 3910 3178 3976 penitus
3210 3912 3453 3964 aversari

1877 4002 2098 4055 videbat
2124 4019 2138 4056 :
2167 4002 2559 4055 aversabantur
2581 4014 2764 4055 autem
2799 4016 2993 4056 omnes
3026 4002 3119 4071 qui
3149 4018 3273 4056 vere
3304 4002 3433 4055 Chri

1877 4094 2041 4149 stiani
2092 4102 2270 4154 erant,
2303 4095 2507 4161 quique
2548 4108 2869 4161 persuasum
2906 4093 3199 4155 habebant,
3243 4109 3301 4148 se
3339 4109 3465 4147 cum

1875 4199 1941 4237 eo
1966 4184 2058 4252 qui
2089 4199 2116 4237 a
2140 4194 2328 4236 sancta
2351 4195 2403 4236 et
2426 4186 2765 4237 menon-nica
2798 4185 3011 4254 synodo
3044 4185 3143 4237 tite
3166 4194 3467 4253 sancteque

1875 4275 2166 4328 damnatus
2215 4284 2362 4328 esset
2408 4284 2461 4328 et
2503 4275 2821 4343 depositus,
2859 4277 2980 4329 sine
3009 4290 3226 4330 summo
3272 4278 3467 4329 salutis

1874 4367 2117 4436 periculo
2158 4375 2211 4420 et
2251 4366 2419 4419 exitio
2458 4367 2867 4420 communicare
2896 4382 3004 4419 non
3042 4382 3227 4435 posse,
3291 4381 3465 4433 neque

1874 4474 1999 4511 cum
2052 4459 2145 4511 illo
2189 4459 2242 4511 in
2290 4474 2457 4511 unum
2504 4458 2705 4511 Christi
2746 4473 2946 4526 corpus
2993 4459 3332 4521 coalescere,
3369 4456 3464 4527 qui

158 4549 471 4602 ὁσνίτατον
524 4548 869 4618 λογιζόμενοι
918 4551 1012 4603 καὶ
1058 4551 1302 4622 ὀλέθριον
1344 4556 1641 4614 κοινωνεῖν,
1671 4557 1767 4606 καὶ

1878 4551 2075 4603 millies
2101 4550 2468 4605 venerandam
2492 4550 2697 4604 Christi
2731 4565 2948 4603 crucem
2981 4550 3208 4617 pedibus
3234 4552 3460 4604 concub-

157 4644 234 4701 εἰς
273 4642 336 4692 ἓν
377 4640 556 4708 σῶμα
583 4641 761 4709 τούτῳ
802 4643 1235 4713 συγκεκρᾶσθαι,
1266 4644 1344 4714 τῷ
1382 4646 1642 4714 μυριάκις
1674 4648 1767 4697 τὸν

156 4735 341 4798 τίμιον
400 4729 510 4783 τοῦ
556 4731 792 4794 Χριστοῦ
852 4736 1342 4804 καταπεπατηκότι
1393 4738 1646 4807 σταυρὸν,
1677 4739 1772 4791 καὶ

154 4822 373 4884 πάντας
448 4821 797 4872 καταπατεῖν
878 4821 968 4874 δια
1045 4822 1146 4890 τῆς
1196 4825 1307 4875 τῶν
1375 4826 1764 4894 χειρογράφων

156 4914 541 4982 ἀπαιτήσεως
569 4910 1069 4984 καταϐιαζομένῳ),
1105 4914 1312 4968 τούτων
1351 4913 1443 4970 οὖν
1473 4919 1630 4979 ὅσους
1668 4936 1772 4987 φυ-

154 5003 347 5066 λακαῖς
420 5005 533 5055 καὶ
582 5003 805 5070 μάστιξι
853 5006 1066 5058 πείθειν
1090 5008 1190 5059 οὐκ
1222 5004 1358 5077 εἷχε,
1384 5009 1463 5079 τῷ
1491 5010 1763 5079 ὠμοτάτῳ

156 5101 382 5147 πάντων
469 5094 787 5164 ἀνθρώπων
840 5098 935 5150 καὶ
1011 5100 1376 5171 άπηνεστάτῳ
1429 5105 1764 5174 παρέπεμπε

153 5190 400 5259 γαμϐρῷ
426 5202 443 5215 ·
467 5187 633 5240 Λέων
657 5187 713 5239 δὲ
748 5185 898 5251 οὗτος
924 5185 992 5258 ἦν
1015 5192 1043 5243 ὁ
1064 5192 1395 5261 καλούμενος
1418 5196 1761 5259 Κατάκαλος,

155 5284 247 5348 τῆς
285 5284 499 5351 βίγ).ας
526 5281 891 5350 δρουγγάριος
922 5282 1013 5334 ὑπ’
1046 5284 1213 5337 αὑτοῦ
1245 5286 1633 5355 προϐιϐασθείς
1658 5305 1670 5316 ·
1705 5289 1765 5353 ὃς

156 5376 248 5441 τῆς
294 5376 487 5445 τιμῆς
553 5374 719 5425 αὐτὸν
769 5374 1157 5445 ἁμειὸόμενος,
1198 5379 1405 5442 πάντας
1454 5381 1580 5444 τοὺς
1627 5383 1763 5451 πρὸς

158 5464 310 5515 αὑτὸν
344 5461 783 5532 πεμπομένους,
840 5463 928 5515 ἵνα
950 5464 1133 5534 μικρῷ
1162 5465 1304 5535 λόγῳ
1320 5467 1417 5537 τὴν
1447 5470 1763 5537 μιαιφονίαν

159 5554 544 5623 παραστήσω,
606 5552 697 5604 ἴσα
735 5554 965 5622 Λικινίῳ
1016 5555 1095 5623 τῷ
1141 5557 1308 5609 πάλαι
1361 5562 1425 5627 τῇ
1461 5560 1600 5613 κατὰ
1652 5561 1762 5613 τῶν

156 5647 320 5709 ἁ;ίων
359 5646 638 5715 ὠμότητι
692 5645 911 5714 ἐχρῆτο.
956 5649 1063 5700 Καὶ
1112 5650 1341 5712 πολλοὺς
1397 5652 1496 5721 μὲν
1550 5654 1760 5706 ἀνεῖλεν

160 5740 279 5806 319'-
306 5741 517 5801 τέλους
560 5736 661 5804 τὴν
712 5737 850 5808 ὑπὲρ
877 5740 974 5808 τῆς
1006 5742 1265 5813 ἀληθείας
1298 5744 1548 5799 ἔνστασιν
1594 5748 1759 5800 ἐνδει-

162 5830 427 5902 ξαμένους
473 5849 487 5860 ·
526 5828 756 5893 πλείους
777 5831 833 5885 δὲ
865 5833 972 5887 τῶν
1004 5836 1347 5891 ἀνυποεστων
1377 5836 1629 5908 βασάνων
1668 5841 1756 5911 ἠτ-

1873 4652 2073 4703 casset,
2102 4642 2352 4711 aliosque
2398 4657 2593 4695 omnes
2636 4657 2731 4710 per
2758 4642 3120 4710 chirographa
3164 4642 3213 4694 vi
3248 4650 3461 4695 extorta

1882 4736 2208 4790 conculcarc
2254 4734 2573 4803 coegisset:
2630 4734 2749 4791 hos.
2778 4733 3022 4801 inquam,
3068 4746 3260 4786 omnes
3301 4743 3464 4800 quot-

1878 4838 2013 4898 quot
2043 4827 2280 4882 viuculis
2312 4826 2606 4895 “agrisque
2635 4825 2884 4896 frangere
2912 4841 3019 4879 non
3046 4828 3276 4894 poterat,
3314 4824 3461 4878 alliui

1873 4938 1975 4976 suo
2003 4919 2168 4973 Leoni
2203 4927 2567 4988 cognomento
2596 4917 2871 4981 Catacalo,
2912 4919 3066 4986 biglae
3123 4934 3217 4972 seu
3252 4917 3464 4987 vigilia-

1871 5032 1991 5069 rum
2027 5013 2303 5083 prael‘ecto,
2336 5027 2499 5081 quem
2533 5013 2648 5080 ipse
2677 5012 2743 5065 ad
2771 5027 2891 5065 eam
2924 5012 3241 5080 dignitatem
3264 5012 3461 5079 prove-

1868 5116 2042 5170 xerat,
2065 5105 2266 5158 homini
2296 5105 2603 5158 saevissimo
2625 5104 3139 5171 immanissimoque
3173 5104 3419 5157 tradebat
3444 5122 3456 5157 :

1865 5199 1959 5267 qui
1988 5208 2045 5250 nt
2087 5212 2145 5249 se
2182 5200 2245 5248 dc
2280 5196 2545 5249 beneficio
2576 5206 2787 5266 gratum
2827 5195 3134 5260 exhiberet,
3160 5197 3360 5250 missos
3389 5196 3456 5249 ail

1864 5305 1923 5343 se
1950 5301 2177 5343 cunctos
2215 5296 2297 5358 (ut
2324 5288 2472 5342 brevi
2502 5287 2876 5343 carniﬁcinam
2920 5288 3067 5341 illam
3094 5287 3458 5354 comprehen-

1863 5384 2030 5449 dam)
2076 5379 2355 5436 Liciniana
2406 5381 2643 5450 quadam
2690 5380 3027 5435 humanitate
3078 5381 3454 5435 excruciabat.

1865 5476 1940 5529 Ex
1977 5474 2176 5543 quibus
2206 5475 2408 5528 multos
2441 5489 2538 5542 pro
2562 5474 2789 5528 veritate
2812 5475 2878 5527 ad
2912 5489 3095 5528 necem
3123 5488 3298 5542 usque
3324 5490 3454 5539 pro-

1864 5576 2165 5636 pugnantes
2188 5568 2409 5621 sustulit
2436 5585 2447 5620 :
2479 5567 2661 5636 plures
2682 5576 2861 5621 tamen
2888 5566 3243 5622 intolerandis
3280 5566 3454 5621 victos

1868 5658 2173 5722 tormentis,
2218 5659 2459 5728 prazclari
2493 5660 2736 5714 muneris
2772 5659 2915 5729 locy,
2945 5659 3178 5713 mittenti
3206 5658 3448 5711 remitte-

1870 5752 1979 5805 bat.
2014 5752 2169 5816 Quis,
2209 5769 2302 5820 per
2349 5751 2516 5807 Deum
2550 5752 2940 5815 immortalem,
2988 5752 3245 5821 temporis
3286 5750 3451 5818 hujus

1864 5855 2240 5917 tempestatem
2288 5857 2339 5901 et
2398 5847 2767 5917 iniquitatem,
2860 5849 2972 5902 imo
3025 5848 3148 5917 quis
3213 5846 3448 5902 tortuosi
