4194 6432
224 405 330 467 573

1330 404 1504 465 VITA
1537 403 1595 462 s.
1627 403 1923 463 IGNATII
1955 404 2062 465 ep.
2098 376 2448 469 menter.

3382 412 3487 476 574

228 520 458 594 ροτονετ.
492 519 567 571 Οὐ
617 517 777 587 μόνον
805 516 882 581 δὲ,
926 518 1061 571 ἀ).λά
1106 519 1199 571 καὶ
1234 516 1540 579 ἐπισκοπὰς
1598 518 1663 568 ἐκ
1701 514 1810 567 τῶν

1922 533 2017 585 que
2051 518 2102 570 id
2136 527 2370 584 tantum,
2403 521 2496 574 sed
2528 521 2871 590 episcopatus
2905 526 3095 588 etiam,
3127 538 3487 595 quoscunque

224 607 648 679 γειτνιαζουσῶν
689 608 1098 677 μητροπόλεων,
1131 609 1263 669 ὅσας
1316 608 1525 668 ἐκεῖνος
1575 605 1798 675 ἢθελεν,

225 703 565 770 ἀφαιρεῖται,
601 700 694 751 καὶ
724 697 936 749 δίδωσιν
962 697 1131 767 αὐτῷ.
1168 698 1277 748 Καὶ
1299 695 1360 748 οὐ
1406 695 1581 748 ταῦτα
1617 694 1799 764 μόνον,

226 794 362 846 ἀλλὰ
397 793 492 845 καὶ
521 791 654 861 παρ’
686 790 866 859 ἐαυτῷ
896 792 1135 856 καθίζων
1185 790 1565 860 πρωτόθρονον
1614 788 1804 843 τοῦτον

228 886 588 955 κατωνόμαζε
618 903 634 917 ·
669 887 760 937 καὶ
780 885 1095 956 Νικηφόρον
1131 884 1230 954 μὲν
1252 884 1491 945 Νικαίας
1528 899 1807 954 μητροπο-

229 979 391 1047 λίτην
423 979 554 1031 ὄντα
585 976 831 1048 βιάζεται
878 975 1361 1047 παραιτησάμενον
1401 974 1807 1043 ὁρφανοτρόφον

227 1069 391 1131 εἶναι,
437 1070 790 1140 ’Λμφιλὸχιον
812 1069 868 1123 δὲ
898 1068 989 1122 τδν
1016 1067 1259 1130 Κυζίκου
1282 1066 1417 1135 πρὸς
1445 1066 1546 1135 τὴν
1575 1064 1809 1117 Νίκαιαν

228 1162 539 1233 μεθίστησι.
582 1163 690 1214 Καὶ
716 1161 851 1230 ταχὺ
886 1158 1139 1221 θανόντος
1190 1157 1376 1221 αὑτοῦ,
1410 1156 1503 1207 τὸν
1532 1153 1809 1225 Συρακού-

229 1273 343 1307 σιον
373 1253 796 1322 ἁντικαθίστησι
840 1252 1144 1322 Γρηγόριον
1164 1268 1177 1280 ·
1210 1250 1269 1302 ὃν
1308 1248 1401 1301 καὶ
1424 1248 1586 1300 αὑτὸν
1610 1248 1725 1316 μετ’
1746 1246 1809 1299 οὐ

228 1348 361 1399 πολὺ
389 1345 623 1399 θανόντα
652 1346 782 1408 οἵοις
810 1346 1105 1414 ἐσέμνυνεν
1133 1343 1463 1410 ἐπιταφίοις,
1487 1340 1560 1401 ὼς
1582 1339 1692 1391 τῶν
1716 1356 1814 1408 με·

1908 610 1997 662 illc
2044 610 2371 678 expetebat,
2418 612 2612 666 vicinis
2656 614 3014 682 metropolitis
3054 622 3305 681 ereptos,
3353 613 3481 667 huic

1904 701 2109 754 donat:
2151 702 2484 771 insnperque
2509 703 2665 772 juxta
2700 704 3028 759 collocatum
3070 706 3355 774 primatem
3392 720 3492 757 no-

1906 793 2172 849 minabat.
2210 794 2476 848 Praaterea
2516 795 2822 866 Nicephoro
2865 795 3057 850 Nicaea:
3106 798 3489 867 metropolitae,

1907 904 2006 958 per
2043 888 2149 942 vim
2195 889 2447 943 abdicato
2473 889 2903 959 orphanotrophi
2944 904 3131 943 curam
3169 905 3233 944 ac
3266 889 3490 943 tutelam

1907 979 2230 1050 pupillorum
2273 980 2587 1034 committit.
2634 980 3078 1047 Amphilochium
3120 996 3248 1034 vero
3299 979 3477 1049 Cyzici

1909 1073 2198 1143 praesulem
2251 1073 2489 1126 Nicaeam
2548 1072 2849 1129 transfert:
2900 1073 2987 1127 cui
3040 1088 3166 1126 mox
3226 1071 3494 1126 exstincto

1910 1165 2232 1234 Gregorium
2258 1164 2664 1236 Syracusanum
2701 1165 2961 1232 subrogat
2990 1182 3004 1217 :
3036 1179 3198 1233 quem
3232 1174 3286 1217 et
3314 1164 3492 1231 ipsum

1913 1273 2036 1312 mox
2069 1260 2343 1313 sublatum
2394 1258 2708 1327 hujusmodi
2748 1250 2975 1310 Photius
2996 1258 3288 1326 epitaphiis
3325 1271 3495 1310 orna-

1913 1352 1991 1404 vit
2010 1360 2067 1405 ut
2089 1353 2301 1419 magnis
2326 1351 2477 1404 illum
2511 1350 2762 1405 Patribus
2786 1351 2894 1404 vita
2920 1358 2973 1403 ct
2998 1350 3196 1402 virtute
3222 1349 3451 1417 :eqnarit
3477 1364 3494 1403 :

225 1440 414 1505 γὰλων
444 1439 704 1510 Πατέρων
730 1437 1028 1507 ἐφάμιλλον
1064 1435 1363 1504 βεϐιωκότα
1397 1432 1532 1502 βίον,
1570 1432 1636 1484 δι’
1658 1432 1814 1483 οὐδὲν

1922 1456 2015 1495 nec
2043 1441 2093 1494 id
2123 1441 2285 1494 aliam
2310 1440 2381 1494 ob
2406 1455 2653 1502 causam,
2675 1456 2841 1508 quam
2866 1440 3011 1507 quod
3040 1436 3225 1491 infelix
3257 1437 3494 1505 linguam

224 1531 353 1585 ἄλλο
392 1531 668 1593 τοσοῦτον,
700 1531 822 1584 ὅσον
861 1530 945 1582 ὅτι
1002 1529 1143 1581 κατά
1190 1527 1284 1580 τοῦ
1311 1526 1468 1594 ἀγίου
1522 1523 1815 1591 καθώσπερ

1922 1548 2071 1600 snam
2107 1532 2249 1587 sicut
2272 1532 2595 1586 novaculam
2624 1531 2835 1586 acuerit
2867 1531 2920 1585 in
2952 1540 3198 1585 sanctum
3230 1529 3497 1601 lgnatium

230 1623 395 1693 ξυρὸν
424 1625 554 1693 ἄχρι
583 1624 771 1687 τέλους
794 1624 893 1694 τὴν
908 1622 1159 1692 γλῶσσαν
1180 1623 1208 1674 ὁ
1237 1620 1498 1689 δύστηνος
1519 1616 1813 1689 παρέθηξε.

1922 1640 2090 1695 usque
2115 1625 2169 1678 in
2202 1625 2387 1679 linem.

296 1715 396 1766 Διὰ
432 1713 606 1767 ταῦτα
642 1714 739 1767 καὶ⁵
767 1714 847 1767 ἔτι
872 1713 1045 1767 πλείω
1069 1711 1275 1766 τούτων
1299 1708 1622 1780 ἀτοπώτερα
1646 1704 1812 1779 ἦλθεν

1990 1716 2101 1774 llas
2156 1728 2209 1772 et
2243 1717 2328 1772 bis
2361 1717 2533 1770 mult'o
2560 1716 2746 1786 plures
2777 1729 2843 1770 ac
2864 1715 3167 1771 deteriores
3205 1713 3276 1767 ob
3302 1726 3500 1769 causas

223 1810 257 1876 ἡ
283 1808 427 1878 ὀργὴ
452 1808 547 1861 τοῦ
589 1807 726 1861 Θεοῦ
759 1808 853 1860 ἐπὶ
885 1806 1016 1869 τοὺς
1053 1807 1202 1869 υἱοὺς
1243 1804 1345 1871 τῆς
1380 1802 1683 1865 ἀπειθείας·
1721 1801 1815 1855 καὶ

1922 1812 2065 1866 venit
2103 1811 2181 1865 ira
2220 1810 2310 1865 Dei
2333 1825 2498 1879 super
2520 1810 2658 1865 lilios
2681 1808 3018 1865 dillidentize.
3046 1806 3240 1862 Subito
3263 1821 3500 1876 namque

226 1901 393 1963 εὐθὺς
424 1900 525 1968 μὲν
559 1900 682 1952 τότε
716 1897 793 1968 τῷ
827 1896 1038 1967 βασιλεῖ
1080 1894 1307 1963 τέθνηκε
1338 1894 1749 1959 Κωνσταντῖνος
1782 1894 1810 1945 ὀ

1922 1903 2228 1973 imperatori
2282 1901 2426 1955 illius
2449 1908 2505 1955 et
2556 1901 2913 1956 charissimus
2961 1908 3017 1954 et
3049 1908 3176 1953 natu
3228 1898 3501 1952 maximus

225 1990 560 2058 τριπόθητος
603 1990 697 2042 καὶ
750 1986 1094 2059 πρωτότοκος
1140 1984 1289 2047 υίὸς,
1333 1984 1392 2037 ὃν
1441 1983 1535 2036 καὶ
1579 1981 1735 2049 ἀγιον
1780 1982 1810 2035 ὁ

225 2082 523 2153 τολμητίας
549 2074 705 2143 οὗτος
758 2082 839 2143 είς
864 2080 963 2151 τὴν
980 2078 1074 2133 τοῦ
1106 2078 1307 2148 πατρὸς
1334 2076 1497 2147 χάριν
1523 2075 1581 2141 ἐξ
1609 2073 1807 2128 ἐαυτοῦ

227 2176 577 2246 χειροτονῶν,
608 2176 998 2244 μοναστηρίοις
1039 2190 1101 2227 τε
1150 2174 1246 2226 καὶ
1274 2174 1425 2235 ναοῖς
1453 2171 1813 2242 ἀνθρωπαρε-

230 2268 358 2336 σκίᾳ
384 2266 565 2336 τιμῶν
590 2268 692 2319 οὐκ
720 2265 1032 2335 ηὖλαὸεῖτο.

300 2358 513 2409 Αὐτίκα
541 2358 598 2409 δὲ
634 2356 730 2409 καὶ
771 2357 805 2425 ἠ
858 2356 1069 2425 μεγάλη
1120 2354 1278 2417 πόλις
1324 2354 1672 2427 Συρακοῦσαι
1711 2355 1813 2423 τὴν

228 2453 464 2519 σρικτὴν
493 2450 663 2503 ὤλετο
695 2448 1104 2521 πανωλεθρίαν⁶
1148 2450 1246 2502 καὶ
1285 2450 1439 2503 πᾶσα
1484 2450 1668 2518 νῆσος.
1714 2448 1810 2501 καὶ

235 2547 388 2597 πᾶσα
416 2544 573 2605 πόλις
608 2543 703 2596 καὶ
745 2541 898 2613 χώρα
928 2540 1327 2613 προνομεύεται
1374 2541 1468 2593 καὶ
1517 2539 1808 2609 καταφθεία

234 2654 387 2705 ρεται
423 2620 585 2705 μέχρι
626 2634 722 2688 καὶ
761 2638 1003 2704 τήμερον
1031 2636 1145 2695 τοῖς
1175 2634 1388 2703 ἐχθροῖς
1410 2674 1424 2695 ,
1460 2633 1718 2702 οὐδεμιᾶς
1750 2635 1814 2685 ἐκ

232 2729 341 2782 τῶν
372 2727 625 2798 ἱερᾶσθαι
654 2725 955 2779 δοκούντων
994 2725 1312 2794 ίλεουμένης
1341 2725 1432 2776 τὸν
1474 2724 1608 2775 Θεὸν
1642 2740 1814 2790 προσ-

231 2824 433 2892 ευχῆς·
491 2822 628 2875 ἀλλὰ
675 2820 817 2873 κατά
862 2818 922 2871 τὸ
980 2815 1391 2886 γεγραμμένον,
1459 2816 1815 2883 Ἐγενόμεθα

233 2918 423 2980 ὅντως
452 2914 742 2980 πρόϐατα,
774 2906 864 2975 οἷς
896 2912 1009 2964 οὐκ
1040 2911 1173 2963 ἔστι
1218 2909 1463 2975 ποιμήν.
1500 2909 1815 2977 Χρονίσασα

234 3011 344 3079 γὰρ
370 3008 405 3076 ὴ
428 3006 620 3068 κακία,
653 3006 748 3057 καὶ
780 3004 994 3065 πολλοῖς
1038 3001 1405 3070 ὑποδείγματι
1450 3000 1812 3067 παγιωθείσα,

233 3101 398 3169 νόμος
423 3098 741 3167 νενόμισται
762 3097 873 3157 τοῖς
897 3093 1183 3162 ἀνομοῦσι,
1203 3094 1297 3145 καὶ
1330 3092 1392 3144 τὸ
1423 3091 1665 3160 ἄθεσμον
1690 3091 1811 3153 ἔθος

1912 1994 2307 2051 Constantinus
2353 2006 2437 2049 est
2477 2004 2729 2063 ereptus;
2755 2000 2913 2062 quem
2953 1991 3130 2046 audax
3188 1989 3414 2044 l’hotius
3443 1989 3495 2043 in

1912 2084 2145 2153 gratiam
2180 2078 2560 2152 imperatoris,
2619 2098 2714 2152 per
2739 2097 2799 2136 se
2838 2082 2891 2135 in
2928 2090 3239 2137 sanctormn
3271 2093 3497 2133 censum

1912 2178 2166 2241 relatum,
2199 2176 2413 2245 templis
2446 2175 2847 2243 cmnobiisque,
2879 2174 2947 2229 ad
2975 2171 3359 2241 aucupandam
3391 2170 3497 2227 bo-

1914 2268 2121 2323 minum
2155 2269 2409 2338 gratiam,
2438 2268 2620 2321 colere
2646 2252 2782 2321 nihil
2806 2267 3015 2322 veritus
3042 2276 3145 2322 est.

1988 2359 2189 2414 Deinde
2217 2361 2381 2414 etiam
2413 2375 2605 2429 magna
2637 2359 3110 2431 Syracusanorum
3140 2359 3335 2413 civitas
3365 2357 3499 2411 bor-

1914 2454 2081 2509 renda
2111 2453 2263 2507 clade
2283 2453 2479 2521 periit:
2510 2452 2812 2520 insulaeque
2841 2467 3056 2516 omnes,
3084 2463 3137 2505 et
3169 2459 3366 2505 cuncta
3402 2464 3501 2518 op-

1913 2546 2064 2615 pida,
2094 2554 2148 2598 et
2171 2545 2354 2597 omnis
2390 2543 2667 2612 provincia
2699 2543 2881 2598 hostili
2932 2558 3096 2596 manu
3134 2541 3277 2597 foede
3302 2544 3501 2595 etiam-

1916 2652 2046 2689 num
2110 2635 2273 2688 hodie
2336 2644 2604 2694 vastatur.
2658 2634 2915 2703 diripitur
2970 2643 3027 2688 et.
3084 2634 3499 2703 pessumdatur,

1918 2724 2065 2776 nullo
2091 2738 2154 2775 cx
2188 2723 2256 2778 iis
2281 2724 2372 2791 qui
2401 2738 2513 2775 rem
2549 2738 2759 2777 sacram
2801 2722 3192 2777 administrare
3222 2722 3499 2789 videntur,

1919 2816 2084 2869 Deum
2130 2814 2380 2883 precibus
2436 2813 2711 2881 plaeante,
2794 2813 2911 2876 sed,
2972 2824 3033 2867 ut
3088 2813 3353 2881 scriptum
3377 2819 3501 2868 est:

1918 2904 2075 2957 Facti
2097 2919 2280 2957 sumus
2317 2902 2453 2955 sicut
2487 2918 2602 2954 oves
2632 2910 2871 2954 errantes
2903 2902 3015 2953 sine
3056 2911 3269 2968 pastore
3305 2898 3370 2949 ".
3405 2895 3502 2949 Et—

1914 2999 2057 3049 enim
2085 2996 2381 3047 inueterata
2408 3002 2652 3060 tempore
2684 2991 2968 3060 iniquitas,
2996 2991 3292 3059 multisque
3314 3004 3503 3043 exem-

1920 3088 2021 3157 plis
2043 3086 2421 3149 corroborata,
2462 3101 2561 3154 pro
2615 3083 2731 3154 lege
2783 3084 2965 3152 impiis
2997 3093 3051 3137 et
3087 3083 3366 3150 exlegibus
3401 3082 3502 3135 ba-

234 3193 312 3252 εὶς
358 3188 521 3257 φύσιν
558 3187 760 3257 τρόπον
808 3187 930 3239 τινὰ
969 3187 1083 3247 τοῖς
1141 3184 1587 3253 καταφρονηταῖς
1640 3199 1813 3235 κατα-

1922 3183 2098 3243 bctur,
2132 3181 2361 3247 ipsoque
2408 3194 2507 3231 usu
2557 3187 2610 3230 et
2639 3175 3036 3231 consuetudine
3065 3174 3502 3244 corruptelarum

237 3282 391 3345 στὰν,
426 3280 558 3350 ὃλην
590 3280 891 3331 ἐπισπᾶται
920 3274 1017 3329 τοῦ
1047 3274 1183 3328 Θεοῦ
1214 3274 1312 3343 τὴν
1340 3274 1533 3345 ὀργήν.

318 3464 485 3518 una
512 3462 575 3516 τὸ
605 3462 706 3530 μὲν
748 3459 1085 3514 καθέκαστον
1119 3456 1390 3520 ἐπεξιέναι
1423 3455 1522 3515 τὰς
1572 3470 1819 3506 καινοτο-

240 3558 371 3628 μίας
407 3556 506 3607 καὶ
552 3551 899 3623 παρανομίας
929 3548 1095 3604 αὑτοῦ
1137 3565 1194 3601 τε
1224 3546 1430 3600 Φωτίου
1462 3546 1556 3598 τοῦ
1604 3562 1817 3615 πρωτο-

239 3649 438 3703 στάτου
466 3647 577 3699 τῶν
613 3643 924 3714 ὑποκριτῶν
955 3643 1049 3694 καὶ
1082 3640 1501 3711 σταυρομὰχων,
1543 3639 1635 3691 καὶ
1680 3638 1820 3689 πάν-

236 3759 349 3794 των
373 3738 612 3806 καθεξῆς
636 3736 747 3788 τῶν
781 3733 948 3787 αὑτοῦ
982 3734 1245 3802 διαδόχων
1278 3734 1371 3785 καὶ
1394 3732 1496 3799 τῆς
1526 3729 1819 3799 φιλαρχίας

238 3831 539 3893 κοινωνῶν,
575 3828 819 3898 ἱστορίας
855 3826 1037 3897 ἔργον,
1071 3831 1166 3879 καὶ⁵
1206 3826 1269 3879 οὐ
1307 3823 1403 3877 τοῦ
1442 3824 1708 3894 παρόντος
1742 3820 1821 3892 τῷ

236 3925 382 3995 λόγῳ
412 3921 640 3976 σκοποῦ.

317 4016 515 4083 Ἡμεῖς
543 4014 723 4083 δὲτὴν
756 4011 1127 4080 ὑπεράπειρον
1166 4005 1552 4078 μακροθυμίαν
1590 4004 1688 4057 καὶ
1724 4005 1822 4056 ἀν-

237 4109 372 4177 οχὴν
404 4106 707 4175 ὑμνοῦντες
752 4103 846 4157 τοῦ
885 4103 995 4155 τῶν
1018 4102 1158 4155 ὅλων
1207 4099 1366 4165 Θεοῦ,
1403 4096 1691 4167 εὐχώμεθα
1721 4094 1823 4162 τῆς

242 4198 465 4268 μερίδος
500 4194 850 4265 ἐξαιρεθῆναι
879 4193 988 4245 τῶν
1012 4194 1081 4245 τά
1123 4190 1395 4244 σκάνδαλα
1422 4192 1514 4242 καὶ
1551 4188 1649 4251 τάς
1676 4187 1823 4255 διχο-

240 4288 473 4349 στασίας
513 4287 602 4339 διὰ
656 4285 757 4355 τῆς
784 4284 1052 4352 κακίστης
1105 4283 1289 4335 αὐτῶν
1346 4280 1641 4349 ἐπιθυμίας
1690 4294 1825 4330 κατ-

242 4377 658 4450 εργαζομένων,
693 4376 940 4428 κοινωνοὶ
973 4373 1030 4427 δὲ
1065 4373 1320 4441 γενέσθαι
1365 4371 1462 4423 τοῦ
1511 4370 1620 4424 τῶν
1654 4369 1825 4436 ἁγίων

242 4474 473 4542 κλήρου,
508 4469 617 4521 τῶν
645 4468 734 4521 διά
766 4468 1001 4528 πίστεως
1051 4465 1144 4517 καὶ
1178 4464 1400 4531 ἀγάπης
1440 4460 1601 4524 Θεοῦ,
1629 4478 1826 4515 ταπει-

1926 3272 1979 3324 in
2012 3284 2217 3324 morem
2247 3277 2301 3323 et.
2329 3277 2578 3321 naturam
2607 3267 2738 3330 abit,
2776 3279 2939 3336 atque
2964 3266 3102 3319 adeo
3141 3266 3278 3319 iram
3330 3266 3387 3319 in
3443 3278 3505 3319 se

1924 3361 2019 3415 Dei
2048 3368 2301 3429 provocat
2321 3360 2654 3413 universam.

1999 3452 2289 3504 Enimvero
2318 3448 2596 3519 sigillatim
2649 3461 2973 3514 percensere
3029 3445 3214 3499 omnia
3249 3457 3372 3513 qua:
3408 3456 3509 3497 no-

1926 3555 2047 3598 vata
2074 3552 2127 3598 et
2156 3543 2319 3611 impie
2348 3549 2500 3612 gesta
2532 3548 2661 3594 sunt
2691 3554 2719 3592 a
2750 3539 2948 3594 Photio
2972 3537 3272 3592 architecto
3297 3544 3353 3590 et
3391 3550 3507 3588 ma-

1924 3638 2094 3706 gistro
2124 3628 2530 3705 hypocritarum
2564 3630 2907 3700 hostiumque
2944 3628 3147 3691 crucis.
3180 3637 3236 3682 et
3252 3625 3507 3680 omnibus

1929 3726 2343 3781 successoribus
2391 3725 2535 3778 illius
2564 3734 2618 3777 et
2662 3722 2830 3778 sociis
2866 3720 3205 3783 ambitionis,
3249 3717 3410 3788 iusta:
3436 3717 3509 3771 sit

1928 3832 2064 3887 Opus
2097 3816 2356 3879 historia),
2393 3830 2502 3868 non
2535 3800 2701 3883 hujus
2728 3810 2832 3866 loci
2862 3819 3268 3866 armmentum.

1999 4012 2110 4068 Nos
2143 4027 2272 4066 vero
2300 4011 2567 4065 inﬁnitam
2592 4008 2686 4063 Dei
2710 4007 3026 4078 patientiam
3052 4006 3511 4073 clementiamque

1933 4116 2323 4169 memorantes,
2386 4104 2676 4158 Dominum
2715 4102 3095 4156 universorum
3133 4100 3508 4167 deprecemur,

1933 4200 2008 4254 uti
2033 4214 2131 4254 nos
2162 4215 2192 4251 a
2228 4207 2375 4252 sorte
2401 4209 2592 4250 eorum
2620 4193 2711 4263 qui
2749 4201 2828 4247 tot
2852 4190 3231 4246 scandalornm
3256 4186 3513 4241 oﬂ'ensio-

1934 4306 2176 4360 mnnque
2199 4299 2253 4343 et
2273 4286 2679 4342 dissensionum
2703 4284 3096 4355 cupiditatibus
3125 4280 3243 4335 suis
3259 4278 3514 4349 pessimis

1932 4391 2183 4437 auctores
2210 4378 2492 4442 exstitere,
2525 4385 2765 4445 ereptos,
2813 4374 2978 4429 sortis
3027 4379 3364 4430 sanctorum,
3420 4368 3511 4436 qui

1934 4490 2029 4543 per
2059 4473 2216 4526 Iidem
2247 4479 2301 4525 et
2334 4471 2660 4524 charitatem
2694 4466 2809 4532 Dei,
2862 4465 3227 4519 humilitatem
3276 4472 3328 4515 et
3360 4476 3515 4515 man-

180 4570 185 4572 ⁷
245 4564 593 4634 νοφροσύνης
614 4577 673 4613 τε
706 4560 802 4613 καὶ
826 4558 1161 4629 πραΰτητος,
1182 4555 1283 4622 τῆς
1316 4554 1641 4623 ἐπουρανίου
1673 4555 1819 4622 βασι-

1934 4564 2305 4627 suetudinem,
2355 4575 2523 4630 regno
2555 4572 2609 4613 et
2659 4557 2969 4613 sacerdotio
3024 4564 3217 4609 sancte
3272 4551 3389 4614 Dei,
3419 4547 3516 4618 qui

240 4657 396 4720 λείας
430 4654 527 4707 καὶ
565 4651 850 4723 ίεραρχίας
887 4650 1048 4719 ἁγίας
1077 4647 1173 4701 τοῦ
1206 4646 1509 4718 ὑπεραγίου
1539 4644 1828 4709 καταξιου-

249 4751 451 4819 μένων,
489 4744 809 4816 πρεσϐείαις
847 4743 947 4812 τῆς
986 4742 1299 4810 ὐπερὰγνου
1340 4741 1435 4792 καὶ
1482 4736 1829 4806 παναμώμου

244 4835 621 4902 Θεομήτορος,
658 4831 754 4884 καὶ
800 4830 911 4883 τῶν
956 4828 1228 4883 ἐκλεκτῶν
1267 4828 1363 4881 καὶ
1392 4826 1554 4897 ίερῶν
1581 4826 1832 4893 ἀγγέλων

247 4928 342 4980 καὶ
381 4925 496 4977 τῶν
529 4923 905 4992 πανευφήμων
946 4920 1263 4975 ἀποστόλων
1301 4918 1535 4973 καὶτῶν
1572 4915 1829 4971 πανενδό-

249 5020 353 5083 ξων
386 5016 730 5085 ἀθλοφόρων,
767 5014 865 5067 καὶ
906 5012 1046 5067 ὅλων
1083 5013 1192 5064 τῶν
1218 5010 1393 5078 ἁγίων
1423 5011 1545 5071 ταῖς
1588 5010 1828 5078 εὐπροσ-

245 5113 458 5172 δέκτοις
499 5110 597 5161 καὶ
629 5108 802 5176 ἱεραῖς
835 5106 1157 5176 ἱκετηρίαις.
1192 5104 1333 5174 Πρὸς
1364 5102 1576 5165 τούτοις
1611 5102 1745 5153 πᾶσι
1775 5098 1834 5151 δέ

247 5207 344 5259 καὶ
370 5202 468 5256 τοῦ
501 5204 561 5254 ἐν
587 5201 770 5268 ἁγίοις
825 5198 1039 5267 Πατρὸς
1090 5196 1248 5267 ήμῶν
1282 5195 1540 5262 Ἰγνατίου
1579 5195 1835 5264 ἀρχιεπι-

250 5296 459 5348 σκὸπου
490 5282 1139 5349 Κωνσταντινουπόλεως.
1171 5284 1265 5337 τοῦ
1300 5285 1421 5337 νέου
1459 5283 1675 5352 ἀληθῶς
1700 5286 1834 5351 ὁμο-

249 5383 485 5454 λογητοῦ
525 5385 623 5435 καὶ
663 5380 950 5450 θεοφόρου,
985 5381 1044 5432 ἐν
1075 5377 1297 5448 Χριστῷ
1337 5374 1512 5445 Ἰησοῦ
1538 5374 1614 5444 τῷ
1645 5374 1837 5444 Κυρίῳ

250 5478 433 5549 ήμῶν,
458 5468 505 5542 ᾧ
536 5476 569 5544 ή
592 5473 720 5540 δόξα
751 5472 846 5525 καὶ
871 5474 905 5543 ὴ
933 5471 1070 5542 τιμὴ
1101 5472 1194 5524 καὶ
1244 5472 1277 5540 ὴ
1312 5470 1683 5541 προσκύνησις
1718 5470 1836 5540 ἁμα

252 5570 331 5639 τῷ
358 5569 587 5638 ἁνὰρχῳ
642 5565 842 5634 lla-cpi,
868 5564 964 5618 καὶ
993 5564 1073 5633 τῷ
1102 5563 1421 5634 συνανὰρχῳ
1462 5563 1558 5616 καὶ
1588 5562 1837 5631 ζωοποιῷ

256 5658 425 5715 αὑτοῦ
474 5656 777 5726 Πνεῦματι,
824 5656 918 5710 νῦν
958 5657 1051 5711 καὶ
1086 5654 1175 5710 ἀεὶ
1219 5656 1313 5710 καὶ
1343 5657 1424 5719 εἰς
1464 5656 1592 5719 τοὺς
1636 5655 1837 5717 αἰῶνας

256 5754 363 5807 τῶν
393 5754 631 5806 αἰώνων.
676 5750 873 5819 Ἀμήν.

366 5868 408 5900 ³³
441 5865 635 5921 llatth.
675 5880 752 5930 ix,
780 5863 869 5919 56.

1932 4668 2248 4713 sanctorum
2280 4662 2447 4724 caput
2475 4662 2561 4707 est
2590 4652 2858 4714 omnium,
2882 4660 3014 4704 sunt
3037 4648 3237 4715 dignati
3269 4663 3286 4710 ;
3338 4642 3518 4712 preci-

1930 4754 2034 4808 bus
2065 4752 2399 4804 intemeraue
2438 4747 2858 4817 purissimzeque
2902 4743 2991 4795 Dei
3028 4741 3239 4801 Matris.
3288 4739 3521 4792 selecto-

1933 4858 2163 4913 rumque
2248 4842 2491 4895 coalitum
2579 4837 2923 4907 angelorum,
3002 4828 3517 4903 gloriosissimorum

1933 4936 2307 5008 apostolorum
2343 4932 2727 4997 victor-umque
2782 4924 3253 4980 nobilissimorum
3313 4926 3517 5003 marty-

1936 5047 2080 5095 rum,
2148 5034 2575 5091 sanctorumque
2625 5022 2910 5084 omninm;
2969 5031 3204 5085 cumque
3260 5010 3521 5067 omnibus

1936 5121 2108 5175 nostri
2141 5117 2310 5172 sancti
2337 5114 2513 5169 Patris
2544 5112 2733 5181 lgnatii
2760 5108 3082 5179 patriarehze
3105 5104 3208 5158 CP.
3233 5117 3358 5156 vere
3393 5098 3519 5154 novi

1936 5206 2267 5264 confessoris
2301 5220 2366 5258 ac
2415 5202 2606 5257 deil‘eri
2663 5200 2860 5259 Patris.
2912 5206 3199 5251 consortes
3245 5192 3437 5246 etlieiat
3466 5190 3519 5242 in

1936 5302 2155 5357 Christo
2186 5297 2315 5353 Jesu
2346 5298 2578 5351 Domino
2605 5304 2832 5347 nostro:
2867 5292 2953 5347 cui
2986 5292 3127 5348 laus.
3164 5289 3361 5347 honor,
3390 5284 3525 5337 ado-

1940 5395 2083 5448 ratio
2106 5408 2228 5446 eum
2260 5401 2466 5445 aeterno
2505 5389 2683 5446 Patre.
2715 5386 3029 5455 pariterque
3054 5390 3263 5435 αξιοι-πο
3300 5388 3355 5432 et
3384 5375 3522 5429 vivi-

1942 5488 2135 5540 ficante
2171 5485 2343 5556 ipsius
2377 5483 2601 5553 Spiritu,
2638 5495 2785 5533 nunc
2813 5488 2867 5533 et
2899 5491 3137 5544 semper,
3168 5472 3302 5527 etin
3330 5480 3523 5525 omnes

1942 5580 2185 5633 omnium
2213 5578 2539 5633 saeculorum
2568 5572 2926 5628 aeternitates.
2955 5567 3155 5623 Amen.
