4194 6432
726 382 831 446 575

1874 527 2267 536 ——-—-—————

1922 380 2214 440 ΝΙΕΕΤεΕ
2261 381 2282 438 Ι

2383 379 2709 442 ’IlLAGON
2722 383 2735 440 Ι
2748 383 2789 438 S
3874 381 3991 445 ωδ

744 524 3959 561 W

818 535 881 544 ρε-
890 528 1828 544 υῆ-ρῳ---ο-ΕΞ-’.Σ-
1837 530 1851 544 ἶ

1661 713 2137 804 ΝΙΟΕΤᾹΞ
2214 711 3050 804 PAPHLAGONIS

2160 946 2273 1013 Qu
2322 946 2410 1001 ET
2466 944 2675 999 DAV'ID

1358 1127 1881 1187 EXI‘OSITIONIS
1923 1126 1997 1184 ΙΝ
2046 1123 2541 1184 EVANGELIUM
2584 1122 2793 1181 LUC.E
2848 1119 3312 1179 FRAGMENTA

1726 1319 1862 1380 (λιιι,
1893 1316 2075 1383 Script.
2106 1319 2220 1369 Yet.
2248 1326 2363 1367 tom.
2388 1317 2469 1376 IX,
2493 1332 2540 1379 p.
2566 1316 2678 1376 668,
2702 1315 2815 1375 670,
2846 1316 2980 1375 702.)

782 1624 913 1690 Cap.
950 1621 1033 1685 Vl,
1060 1635 1199 1674 vers.
1223 1620 1313 1673 52.
1359 1624 1423 1673 Et
1466 1620 1511 1673 si
1540 1620 1764 1688 diligitis
1784 1635 1868 1673 eos
1895 1619 1985 1688 qui
2018 1634 2103 1672 vos
2153 1618 2281 1671 dili-

2463 1620 2601 1688 Κεφ.
2638 1617 2729 1686 (τ’,
2760 1619 2897 1689 στίχ.
2922 1618 3020 1688 λβθ.
3062 1620 3167 1673 Kal
3198 1621 3250 1672 εί
3301 1619 3571 1689 ἀγαπᾶτε
3615 1620 3759 1687 τοὺς
3819 1621 3975 1688 dra-

746 1729 861 1778 uut,
883 1726 990 1769 etc.

709 1733 861 1786 gum,
883 1733 990 1769 etc.

784 1807 1010 1872 Niceto',
1036 1808 1128 1876 qui
1156 1816 1204 1859 ct
1230 1806 1421 1859 David.
1457 1803 1532 1859 Ex
1562 1804 1738 1858 tribus
1772 1814 1990 1860 constat
2020 1805 2284 1865 amicitia,

708 1902 1035 1953 testantibus
1088 1898 1471 1968 philosophis;
1524 1913 1590 1951 ex
1634 1900 1910 1965 voluptate
1964 1898 2198 1957 scilicet,
2231 1913 2295 1950 ex

710 1994 1056 2054 iii-cessitate,
1098 2002 1151 2047 et
1176 1993 1413 2057 virtute;
1462 2009 1697 2062 quarum
1730 1994 1852 2045 duze
1884 1992 2097 2060 priores
2125 1991 2295 2043 insta-

708 2085 848 2139 biles
883 2093 1033 2144 sunt.
1073 2095 1125 2139 et
1181 2085 1404 2137 minime
1465 2095 1799 2144 constantes.
1852 2086 2051 2153 quippe
2087 2100 2207 2150 qua:
2238 2084 2290 2136 in

708 2176 835 2231 ﬁliis
888 2178 1171 2230 hominum
1235 2175 1652 2229 [ululamentum
1687 2192 1847 2230 suum
1896 2192 2004 2229 non
2035 2176 2287 2228 lubeant.

2398 1711 2639 1777 πώντας
2686 1710 2857 1777 ὑμᾶς,
2901 1729 2955 1765 κ.
2989 1728 3042 1765 τ.
3073 1712 3123 1767 λ.

2463 1804 2727 1869 Νικήτου
2783 1805 2891 1859 τοῦ
2942 1805 3041 1859 καὶ
3090 1806 3286 1860 Δαϐίδ.
3333 1806 3444 1879 Τὴν
3481 1808 3664 1878 φιλίαν
3715 1809 3781 1862 ἐκ
3814 1809 3994 1879 τριῶν

2397 1899 2716 1952 συνεστάναι
2761 1898 2987 1964 τούτων,
3036 1900 3248 1967 ἡδονῆς,
3284 1902 3447 1969 φημὶ,
3506 1901 3602 1954 καὶ
3635 1902 3852 1971 χρείας,
3884 1902 3987 1954 καὶ

2392 1992 2614 2062 ἀρετῆς,
2666 1992 2853 2053 παῖδες
2905 1991 3084 2057 σοφῶν
3122 1993 3472 2060 ἀπεφήναντο
3499 2009 3514 2024 ο
3571 1993 3708 2046 ἀ).λά
3740 1994 3841 2057 τὰς
3878 1993 3993 2063 μὲν

2393 2082 2617 2152 «pulta;
2643 2082 2736 2137 δύο
2794 2084 2994 2147 αἰτίας,
3033 2086 3347 2151 εὐκινήτους
3380 2080 3541 2145 εἶναι,
3599 2086 3662 2137 ού
3697 2085 3987 2153 μονίμους,

2391 2176 2511 2227 οὐδὲ
2549 2175 2609 2226 τὸ
2638 2174 2857 2241 βέϐαιον
2906 2178 2963 2227 ὲν
3014 2178 3148 2238 υἱοῖς
3175 2175 3478 2245 ἀνθρώπων
3514 2175 3763 2244 ἐχούσας.
3809 2175 3984 2243 Ὁμοῦ

706 2268 809 2323 Ubi
843 2272 986 2321 enim
1023 2269 1257 2336 primum
1298 2269 1546 2336 voluptas
1580 2269 1853 2333 valedixit,
1898 2285 1961 2323 ac
1994 2269 2282 2323 necessitas

2383 2265 2591 2335 ιγάρκτὸ
2628 2266 2820 2334 ἡδῦνον
2851 2267 3150 2325 πέπαυται,
3205 2267 3297 2318 καὶ
3340 2268 3373 2337 ἡ
3424 2267 3582 2336 χρεία
3610 2266 3983 2337 παρελήλυθε,

704 2364 958 2425 cessavit,
991 2362 1252 2431 philtrnm
1291 2379 1509 2430 quoque
1541 2363 1880 2416 transvolat:
1929 2378 2100 2429 quare
2126 2364 2287 2416 etiam
2342 2418 2355 2434 _

705 2454 968 2522 temporis
994 2464 1048 2507 et
1075 2454 1233 2523 spatii
1263 2454 1519 2508 distantia
1545 2455 1855 2508 amantibus
1884 2465 2064 2519 nocet,
2097 2456 2289 2508 amici-

704 2548 834 2601 tiam
864 2547 1145 2599 oblivione
1176 2564 1275 2600 ceu
1313 2549 1479 2603 densa
1506 2550 1740 2616 caligine
1770 2550 2096 2603 obvelamlo.
2119 2550 2289 2605 [icon-

703 2645 785 2691 t'a
829 2655 951 2706 qua:
990 2640 1190 2693 virtute
1224 2640 1416 2693 nititur
1464 2656 1569 2693 non
1604 2641 1718 2709 pari
1767 2640 1928 2694 modo
1966 2640 2309 2707 ol'l‘nscatur,.

704 2727 816 2781 imo
843 2744 936 2795 per
966 2744 1128 2782 omne
1163 2739 1378 2798 tempus
1401 2745 1465 2784 ae
1486 2731 1719 2800 spatium
1744 2731 1904 2783 durat
1937 2731 2284 2794 inconcussa,

701 2830 755 2873 et
777 2821 866 2875 ubi
894 2822 946 2874 in
978 2823 1322 2877 obstaculum
1347 2823 1569 2891 aliquod
1596 2824 1806 2889 incidit,
1834 2823 1883 2876 vi
1916 2835 1968 2877 et
1997 2825 2286 2892 splendore

702 2914 969 2979 augescit.
1008 2913 1145 2967 llinc
1171 2915 1282 2981 jam
1319 2930 1425 2967 non
1460 2916 1723 2980 amicitia,
1760 2915 1854 2968 sed
1894 2916 2137 2969 charitas
2170 2915 2283 2984 ple-

2392 2358 2484 2410 καὶ
2514 2357 2721 2420 τούτοις
2752 2358 3219 2427 συγκαταλέλυται
3270 2358 3332 2411 τὸ
3376 2360 3617 2429 φίλτρον.
3663 2359 3831 2411 Ὀθεν
3883 2360 3990 2412 καὶ

2390 2451 2579 2519 χρόνον
2620 2451 2714 2502 καὶ
2752 2451 2919 2502 τόπου
2973 2449 3256 2511 διάστασις
3280 2451 3389 2511 τοῖς
3423 2448 3567 2501 οὕτω
3611 2449 3825 2518 φιλοῦσι
3852 2451 3982 2500 ὲπι-

2391 2539 2665 2593 δουλεύειν
2690 2536 2821 2599 οἶδε,
2857 2542 2958 2611 τὴν
2994 2541 3176 2608 φιλίαν
3200 2543 3389 2610 ὥσπερ
3411 2541 3612 2614 ὁμίχλῃ
3644 2543 3848 2612 παχείᾳ
3877 2542 3981 2593 καὶ

2390 2628 2561 2699 ζόφῳ,
2592 2634 2657 2701 τῇ
2697 2631 2835 2701 λήθῃ
2866 2631 3343 2698 συγκαλύπτουσα.
3373 2632 3450 2685 Οὐ
3488 2632 3595 2700 μὴν
3644 2634 3739 2695 καὶ
3769 2635 3802 2702 ἡ
3837 2634 3987 2688 κατὰ

2387 2722 2589 2792 ἀρετὴν
2622 2723 2934 2775 συνεστῶσα
2963 2723 3054 2776 τὸν
3077 2722 3807 2814 ῖσονιτρόπονήάμαυροῦται,
3824 2724 3983 2777 ἀδιά-

2388 2829 2597 2874 πτωτος
2625 2813 2682 2866 δὲ
2716 2815 2806 2866 καὶ
2825 2806 3234 2882 ἀνεπηρέαστος
3261 2806 3435 2865 παντΐ
3452 2813 3643 2883 χρόνου
3670 2815 3764 2865 καὶ
3790 2815 3963 2867 τόπον

2387 2901 2538 2969 μένει
2568 2901 2931 2971 διαστήματι,
2989 2903 3083 2954 καὶ
3115 2901 3226 2955 οὐδ’
3261 2898 3502 2970 ητινιοῦν
3536 2902 3809 2972 προφάσει
3852 2902 3982 2955 δια-

699 3018 933 3071 rumque
951 3018 1314 3077 nuncupatur,
1331 3021 1471 3073 quat,
1485 3006 1784 3059 secundum
1803 3007 2139 3074 Apostolnm,
2153 3023 2282 3060 mm-

2393 2993 2605 3055 πίπτει,
2638 2994 2839 3060 μᾶλλον
2874 2995 2972 3063 μὲν
3000 2988 3092 3047 οὖν
3127 2993 3222 3045 καὶ
3248 2994 3569 3063 ἰσχυροτέρα
3600 2996 3691 3047 καὶ
3722 2994 3980 3065 λαμπρο-

700 3111 865 3163 quam
919 3097 1122 3151 deticit.
1162 3097 1542 3151 Benevolentia
1575 3098 1718 3151 enim
1754 3099 2008 3152 amicitia:
2069 3100 2283 3154 initium

699 3193 803 3248 est,
849 3186 991 3239 sicut
1047 3186 1179 3240 visio
1236 3188 1735 3255 concupiscentiam
1797 3187 1960 3257 parit.
2025 3187 2280 3243 Amicitia

700 3290 864 3344 porro
894 3277 1179 3331 eharitatis
1213 3278 1538 3346 principium
1569 3290 1620 3330 et
1644 3278 1805 3344 fons;
1839 3278 2078 3334 charitas
2102 3288 2281 3334 autem

699 3380 862 3438 caput
892 3378 975 3424 est
1027 3371 1162 3439 legis
1191 3381 1244 3425 et
1278 3371 1691 3440 prephetaruin.
1745 3371 1799 3424 Id
1834 3372 2055 3441 quidem
2103 3373 2285 3426 multis

701 3478 1024 3532 persuasum
1076 3472 1179 3529 est,
1237 3466 1531 3519 amicitiam
1588 3466 1845 3522 inanibus
1905 3483 2048 3536 saepe
2111 3471 2285 3524 verbis

701 3565 1014 3609 contentam
1065 3572 1209 3623 esse,
1235 3559 1558 3612 cltaritatem
1589 3568 1771 3613 autem
1798 3574 1855 3613 re
1889 3575 2011 3613 vera
2040 3562 2278 3629 probari.

699 3645 967 3712 Quocirca
997 3650 1160 3703 etiam
1195 3666 1336 3704 verae
1365 3652 1654 3707 charitatis
1699 3653 2003 3721 discipulus
2032 3654 2281 3709 nos-ino-

700 3749 791 3791 net
819 3749 875 3791 nt
902 3755 959 3793 re
997 3740 1113 3809 ipsa
1141 3757 1205 3795 ae
1230 3743 1515 3808 veraciter,
1536 3760 1638 3799 nec
1664 3745 1949 3799 verborum
1982 3746 2276 3813 illecebris,

698 3841 801 3885 nos
830 3833 1169 3889 adametuns.

766 4089 899 4161 Cap.
927 4091 1061 4159 Vill,
1085 4108 1228 4149 vers.
1251 4096 1306 4149 5.
1329 4094 1475 4150 Exiit
1500 4099 1591 4167 qui
1623 4100 1845 4152 seminat
1875 4102 2276 4163 seminare,etc.

769 4264 975 4323 Niceti:
1015 4267 1391 4340 Paphlagonis.
1418 4271 1555 4326 Vide
1592 4289 1660 4327 ne
1686 4290 1869 4328 semen
1900 4275 2144 4329 divinum
2180 4291 2277 4345 per

694 4358 934 4413 volatilia
970 4363 1115 4427 cmli,
1148 4363 1196 4415 id
1223 4374 1304 4418 est
1333 4380 1425 4433 per
1453 4366 1678 4434 spiritus
1704 4366 1987 4432 :ethereos,
2024 4368 2275 4423 dissemi-

696 4462 874 4509 nctur.
895 4468 1029 4508 neve
1046 4455 1229 4511 cordis
1247 4458 1323 4511 tui
1352 4457 1524 4513 fomes
1550 4459 1952 4529 exstinguatnr.
1980 4461 2032 4514 ιιι
2058 4478 2275 4531 quoque

694 4559 825 4598 cura
858 4562 922 4599 ne
953 4547 1178 4615 spiritus
1216 4550 1395 4604 vitalis
1432 4552 1524 4620 qni
1558 4551 1612 4604 in
1642 4561 1692 4606 te
1740 4564 1823 4608 est
1850 4552 2147 4608 aﬂ‘cctuum
2180 4566 2275 4610 aut

692 4639 1010 4704 passionum
1052 4639 1355 4707 ﬂagrantia,
1413 4656 1511 4700 ceu
1561 4642 1684 4712 igne
1712 4644 1903 4706 solari,
1943 4646 2271 4711 exsiccetur,

692 4742 873 4796 neque
893 4731 1206 4785 committas
1226 4742 1285 4785 ut
1304 4749 1491 4788 semen
1517 4733 1785 4801 divinum,
1809 4736 1995 4799 timor,
2024 4738 2269 4806 inquam,

693 4816 944 4889 Dominﬁ,
1013 4825 1259 4889 corporis
1335 4824 1410 4877 tui
1475 4826 1710 4880 miseriis
1797 4838 1851 4880 et
1915 4828 2064 4881 curis
2133 4832 2274 4883 sicut

693 4910 915 4966 carduis
947 4922 1001 4967 et
1050 4915 1273 4969 zizaniis
1311 4917 1612 4972 delitescat.
1670 4917 1760 4973 Sic
1820 4919 1966 4973 enim
2000 4920 2131 4975 tides
2159 4931 2269 4986 tua,

693 5003 835 5058 sicut
862 5020 1090 5075 campus
1115 5009 1340 5074 sterilis,
1372 5025 1593 5079 pessum
1628 5011 1746 5065 ibit.

768 5178 994 5239 Nicctw.
1045 5184 1136 5250 qui
1184 5193 1231 5235 et
1282 5183 1471 5237 David.
1528 5184 1835 5241 Caveamus
1885 5185 2053 5257 igitur
2076 5203 2143 5243 ne
2173 5204 2273 5245 nos

695 5286 915 5339 quoque
961 5271 1273 5341 hujusmodi
1328 5275 1589 5343 periculis
1655 5276 2107 5343 succutnbamus,
2163 5280 2273 5334 imo

699 5362 899 5417 mentis
958 5380 1147 5432 agrum
1210 5366 1359 5419 omni
1405 5381 1545 5420 noxa
1604 5383 1921 5436 purgemus.
1984 5369 2077 5425 Sic
2129 5374 2273 5427 enim

700 5455 971 5509 mentibus
990 5458 1194 5512 nostris
1218 5458 1491 5511 culturam
1519 5459 1663 5514 sicut
1689 5461 1925 5530 pluviam
1947 5464 2273 5519 matutinam

702 5564 764 5601 ac
794 5550 1091 5605 serotinam
1124 5550 1513 5620 infundemus;
1545 5555 1625 5609 εἰιι
1676 5557 1915 5610 calorem
1966 5557 2060 5626 qui
2086 5572 2116 5612 e
2162 5557 2275 5613 sole

694 5638 925 5707 justitiie
958 5640 1093 5703 ﬂuit,
1138 5643 1392 5714 lacrymis
1441 5646 1641 5700 nostris
1686 5647 2076 5715 mitigabimus.
2110 5650 2268 5713 llinc,

696 5731 841 5790 sicut
885 5749 1013 5801 ager
1057 5734 1341 5800 fecundus,
1410 5737 1498 5789 Ι)ιεί
1555 5739 2272 5810 benedictionis,compotcs

701 5822 931 5888 erimus,
956 5827 1215 5881 virtutum
1246 5839 1557 5885 nostrarum
1588 5829 1848 5897 fructum,
1880 5830 2053 5888 sinon
2083 5841 2270 5889 centu-

2386 3079 2520 3148 τέρα
2544 3080 2753 3147 γίνεται
2788 3081 3167 3151 πολεμονμένη
3194 3098 3207 3111 ·
3239 3082 3315 3144 ὡς
3348 3082 3546 3151 μηκέτι
3580 3082 3765 3150 φιλίαν
3807 3084 3976 3151 μόνον

2386 3170 2719 3240 αὖτὴν,άλλά
2746 3173 2836 3223 καὶ
2864 3172 3085 3241 ἀγάπην
3116 3172 3447 3244 κυριώτερον
3476 3175 3875 3243 ὀνομάζεσθαι·
3909 3179 3984 3248 ἧ-

2386 3279 2468 3324 τις
2501 3263 2640 3316 κατά
2664 3264 2754 3316 τὸν
2799 3265 3142 3327 Ἀπὸστολον,
3175 3265 3432 3319 οὐδέποτε
3459 3268 3735 3322 ἐκπίπτει.
3781 3269 3988 3325 Εὖνοιι

2388 3355 2487 3423 μὲν
2511 3356 2638 3426 γάρ,
2669 3357 2847 3425 φιλίας
2879 3358 3140 3427 ἀρχήοὼς
3170 3359 3313 3426 ὄψις,
3347 3359 3645 3430 ἐπιθυμίας
3666 3379 3680 3392 ο
3720 3362 3867 3429 φιλία
3898 3366 3985 3431 δὲ,

2386 3447 2607 3516 ἀγάπης
2632 3450 2774 3518 ἀρχὴ
2806 3458 2899 3502 καὶ
2928 3451 3079 3520 πηγή
3103 3464 3114 3478 ·
3143 3450 3335 3520 ἀγάπη
3361 3451 3438 3515 δὲ,
3468 3452 3530 3505 τὸ
3568 3454 3861 3521 κεφάλαιον
3892 3456 3983 3508 νό-

2387 3556 2488 3607 μου
2514 3540 2609 3593 κα“ι
2649 3540 2962 3610 προφητῶν.
2999 3542 3089 3595 Διὸ
3120 3542 3219 3612 τὴν
3257 3544 3375 3612 μὲν,
3428 3544 3522 3596 καὶ
3563 3544 3690 3614 ἄχρι
3737 3546 3978 3615 χειλέων

2385 3634 2566 3701 μόνον,
2605 3634 2699 3685 καλ⁸
2746 3634 2924 3702 ψιλοῖς
2984 3635 3339 3689 συνίστασθαι
3368 3635 3549 3703 λόγοις
3579 3639 3630 3688 oi
3663 3636 3850 3689 πολλοὶ
3887 3655 3985 3690 νο-

2384 3724 2655 3794 μίζουσιν,
2685 3726 2908 3796 ἀγάπην
2946 3726 3004 3779 δὲ
3033 3726 3110 3796 τῷ
3141 3726 3255 3779 ὄντι
3306 3728 3392 3803 ⁴μὴ
3444 3724 3604 3790 εἶναι,
3637 3728 3686 3780 εί
3716 3728 3790 3797 μὴ
3827 3728 3986 3799 ἔργῳ

2382 3817 2475 3869 καὶ
2503 3816 2731 3887 ἀληθείᾳ
2760 3820 3085 3888 μαρτυροῖτο
3104 3835 3119 3849 ο
3147 3817 3330 3881 καθὼς
3356 3821 3384 3871 ὁ
3411 3818 3514 3887 τῆς
3538 3818 3800 3889 ἀληθινῆς
3828 3821 3978 3887 ἀγά-

2382 3927 2491 3979 πης
2516 3911 2801 3978 παρεγγυᾷ
2832 3908 3101 3979 μαθητὴς,
3135 3910 3210 3979 μὴ
3246 3912 3469 3980 ἀγαπᾷν
3503 3910 3647 3981 λόγῳ
3676 3910 3771 3964 καὶ
3794 3911 3990 3979 γλώσ-

2359 4015 2452 4073 ’σῃ
2484 4000 2899 4069 παραγγέλλων,
2934 4000 3049 4053 ἀλλ’
3074 4000 3223 4070 ἔργῳ
3253 4004 3347 4054 καὶ
3369 4002 3619 4072 ἀληθείᾳ.

2452 4093 2591 4159 Κεφ.
2621 4089 2701 4157 H',
2735 4090 2856 4161 στίχ
2907 4089 2969 4145 ε’.
3008 4091 3300 4161 Ἐξῆλθεν
3331 4095 3365 4147 ό
3388 4094 3653 4161 excipitur
3673 4091 3783 4146 τοῦ
3815 4092 3991 4145 σπεῖ-

2373 4199 2496 4251 ραι,
2530 4199 2586 4238 κ.
2628 4199 2681 4235 τ.
2708 4182 2759 4236 λ.

2451 4274 2718 4340 Νικήτου
2754 4276 3184 4343 Παφλαγόνων.
3230 4275 3374 4347 Ὀρα
3416 4276 3611 4347 μήπως
3663 4274 3696 4344 ἦ
3728 4275 3841 4335 τοῖς
3871 4290 3983 4324 πε-

2378 4368 2571 4427 τεινοῖς
2602 4365 2696 4417 τοῦ
2722 4365 2976 4436 οὐρανοῦ,
3010 4368 3123 4428 τοῖς
3153 4364 3247 4419 τοῦ
3272 4346 3333 4417 ἀγέ
3344 4346 3463 4436 ρος,
3483 4366 3646 4434 φημὶ,
3673 4362 3979 4433 πνεύμασι,

2378 4456 2439 4508 τὺ
2462 4456 2601 4509 θεῖον
2633 4458 2854 4527 σπέρμα
2891 4456 3192 4527 διαρπαγῇ,
3244 4456 3426 4510 είτουν
3465 4457 3839 4527 ἀναποσόεσθῇ
3878 4475 3981 4510 σου

2376 4546 2477 4611 τῆς
2519 4546 2745 4613 καρδίας
2788 4548 2822 4615 ἡ
2852 4544 3188 4617 θρυαλλίςοῆ
3229 4546 3445 4617 ἡλιακῷ
3475 4548 3735 4608 καύσωνι,
3793 4546 3984 4599 εῖτουν

2376 4639 2667 4707 ἐμπυρίοις
2703 4636 2898 4690 πάθεσι
2949 4638 3044 4691 καὶ
3082 4637 3438 4708 ἑνδομυχοῦσι
3486 4640 3759 4707 πιεσμοῖς,
3796 4639 3830 4707 ή
3862 4636 3985 4699 ζω-

2374 4730 2500 4797 τικὴ
2527 4730 2937 4800 ὲναποξηρανθῇ
2971 4746 3054 4782 σοι
3083 4730 3254 4799 ἰκμάς
3285 4746 3301 4761 ·
3332 4730 3364 4800 ἢ
3407 4730 3607 4799 μήπως
3637 4729 3713 4791 ὡς
3742 4730 3984 4799 ράμνοις

2374 4820 2487 4871 τισὶ
2540 4821 2634 4872 καὶ
2687 4821 2951 4883 ἀκάνθαις
2992 4822 3115 4882 ταῖς
3170 4820 3445 4883 ποικίλαις
3510 4819 3807 4889 μερίμναις
3861 4820 3968 4871 καὶ

2374 4912 2623 4980 φροντίσι
2656 4911 2752 4964 τοῦ
2793 4911 3049 4982 σώματος
3092 4913 3151 4965 τὸ
3203 4912 3348 4966 θεῖόν
3399 4929 3481 4964 σοι
3532 4910 3695 4964 τοῦτο
3742 4910 3981 4979 σπέρμα

2373 5001 2466 5053 τοῦ
2521 5002 2687 5069 φόϐου
2729 5001 2933 5071 Κυρίου
2988 5003 3081 5054 καί
3124 5002 3225 5070 τῆς
3278 5001 3514 5063 πίστεως
3569 4998 3977 5065 ἐναποπνιγὲν,

2374 5094 2620 5161 ἄκαρπον
2647 5093 2742 5145 καὶ
2761 5094 3018 5162 ἀδόκιμον
3048 5092 3322 5163 ἀπελέγξῃ
3351 5092 3432 5162 τῷ
3464 5091 3719 5161 γεωργῷ.

2443 5187 2729 5253 Νικήτου,
2753 5186 2859 5240 τοῦ
2880 5187 2979 5239 καί
3011 5186 3211 5239 Δαϐίδ.
3226 5185 3631 5254 Φυλαττώμεθα
3653 5184 3835 5237 τοίνυν
3863 5187 3971 5241 καὶ.

2375 5280 2536 5347 ἡμεῖς
2571 5278 2811 5348 μηδεμιᾷ
2837 5279 3043 5330 τούτων
3061 5275 3407 5329 κινδυνεῦσαι
3433 5274 3541 5328 τῶν
3562 5275 3967 5340 ἀποπτώσεων,

2374 5370 2488 5423 ἀλλ’
2518 5368 2981 5439 ἀνακαθαίρωμεν
3020 5370 3201 5439 πάσης
3231 5368 3501 5438 ἐπηρείας
3532 5369 3790 5437 τοιαύτης
3815 5408 3829 5432 ,
3863 5371 3979 5440 τῆς

2372 5458 2610 5523 διανοίας
2639 5461 2734 5532 τὴν
2761 5462 3002 5531 ἄρουραν
3024 5477 3037 5490 ·
3065 5463 3162 5515 καὶ
3188 5462 3343 5514 ὑετὸν
3371 5461 3620 5531 πρώῖμον
3642 5462 3735 5515 καὶ
3758 5461 3975 5531 δψιμον

2374 5553 2473 5623 τὴν
2495 5554 2747 5620 ποικίλην
2777 5553 2872 5606 τοῦ
2926 5552 3241 5621 πνεύματος
3272 5553 3497 5624 διδαχὴν
3544 5555 3667 5616 ταῖς
3702 5554 3980 5621 μελέταις

2380 5644 2775 5713 ἐπισπώμενοι,
2803 5646 2897 5698 καὶ⁵
2924 5644 3023 5716 τὴν
3049 5644 3158 5698 ἀπὸ
3188 5643 3283 5697 τοῦ
3313 5644 3463 5714 ἡλίου
3494 5644 3593 5714 τῆς
3616 5642 3983 5714 δικαιοσύνης

2380 5738 2694 5809 σύμμετρον
2727 5738 2935 5810 θέρμην
2959 5737 3391 5807 ἀνακαλούμενοι
3407 5737 3688 5809 δάκρυσιν,
3706 5729 3795 5789 οἷα
3824 5738 3983 5811 καλὴ

2381 5832 2474 5887 καὶ
2505 5831 2684 5902 ἀγαθὴ
2704 5832 2798 5901 γῆ,
2827 5831 2925 5903 τῆς
2960 5830 3071 5886 ἀπὸ
3095 5830 3188 5885 τοῦ
3214 5828 3352 5885 Θεοῦ
3384 5829 3635 5899 εὐλογίας
3662 5829 3974 5900 ἐπιτυγχά-
