4194 6432
226 399 334 464 577

1062 399 1144 461 IN
1183 400 1525 462 CARMINA
1562 402 1865 464 ARCANA
1914 406 2287 468 GREGORII
2337 409 2611 473 THEOL.

3386 418 3490 481 578

222 526 416 581 νοιμεν
438 526 455 541 ο
487 511 535 563 εί
555 510 648 563 καὶ
680 509 755 580 μὴ
788 510 846 562 ὲν
874 507 1089 575 ἑκατὸν,
1116 510 1230 563 ἀλλ’
1251 513 1308 563 ὲν
1339 511 1623 582 ἑξήκοντα,
1650 514 1811 583 ἤγουν

1920 518 2091 585 plutn,
2122 523 2398 576 atsaltetn
2452 523 2854 595 sexagesimum
2916 524 3323 582 trieesimumve
3375 536 3494 584 red-

224 604 283 654 ὲν
340 603 662 673 τριάκοντα,
724 605 815 655 τὸν
864 600 1077 671 καρπὸν
1127 600 1467 667 ἀποδιδόντες
1519 603 1628 656 τῶν
1679 604 1813 673 ἁρε-

222 711 354 749 τιον.

298 787 445 854 Κεφ.
495 787 602 851 IlI',
642 787 785 856 στίχ.
839 788 939 844 κδ’.
977 786 1147 844 Ἰδὼν
1171 785 1241 839 δὲ
1275 786 1463 840 αὐτὸν
1500 787 1533 839 ό
1574 785 1815 852 Ἰησοῦς

224 876 563 943 περίλυπον
586 878 929 946 γενόμενον.
962 897 1018 934 κ.
1050 896 1104 932 τ.
1133 878 1183 931 λ.
1478 912 1481 917 ›

296 967 561 1031 Νικήτου
588 967 695 1021 τοῦ
721 971 1139 1039 Παφλαγόνος.
1173 970 1458 1042 Καρδιακῇ
1501 971 1609 1041 γὰρ
1638 970 1820 1025 διαθέ-

227 1077 309 1112 σει
329 1059 411 1130 τῷ
440 1060 691 1132 ἀργυρίῳ
715 1064 1309 1135 προσπεπερονημένης
1325 1064 1472 1133 αὑτῴ
1496 1065 1595 1133 τῆς
1617 1065 1816 1133 ψυχῆς,

225 1152 316 1203 καί
343 1167 467 1203 τινα
494 1153 698 1222 τρόποι
725 1154 1297 1224 προσκεκολλημένης,
1322 1157 1413 1208 καὶ
1427 1154 1486 1207 ἒν
1508 1156 1805 1225 γενομένης

227 1242 317 1294 ἐπὶ
355 1244 530 1313 αὐτῷ,
558 1245 660 1298 οὐκ
682 1245 936 1300 ἐϐούλετο
961 1244 1202 1316 εὐχερῶς
1227 1245 1320 1298 τοῦ
1348 1246 1671 1315 φιλουμένου
1699 1246 1817 1300 δια-

229 1332 489 1387 σπάσοαι.
518 1334 566 1385 εἰ
598 1336 671 1403 μὴ
701 1335 838 1403 μετὰ
870 1336 1120 1405 μείζονος
1151 1335 1348 1389 πόνου⁸
1378 1334 1571 1406 ὥσπερ
1594 1337 1687 1389 καὶ
1712 1354 1815 1406 με·

226 1420 329 1473 λῶν
369 1424 627 1493 σώματος
662 1426 850 1496 βιαίως
875 1426 1162 1497 ἀφαίρεσις
1188 1426 1399 1496 γίνεται
1424 1425 1814 1497 διαιρουμένης

234 1516 535 1581 συμφυΐας.

250 1724 600 1761 ’ξπ-

861 1916 1091 2003 ΤΟΥ
1181 1915 1837 2004 ΦΙΛΟΣΟΦΟΥ

1915 612 2118 667 dendo.

1986 791 2122 860 Cap.
2160 790 2343 857 XVIII,
2376 808 2519 848 vers.
2549 795 2640 851 24.
2696 795 2890 852 Viden:
2933 807 3114 852 autem
3149 796 3306 853 Iesus
3341 799 3493 854 illum

1918 884 2120 937 tristem
2160 885 2382 952 factum,
2405 894 2510 940 etc.

1994 975 2198 1031 Nicen:
2216 977 2595 1048 PapHagom's.
2619 978 2811 1034 Anima
2837 996 2958 1051 qum
2993 980 3157 1035 simul
3185 996 3315 1035 cum
3332 982 3495 1037 corde

1918 1083 2111 1124 aurum
2138 1071 2254 1124 sitit
2274 1073 2435 1140 eique
2472 1072 2625 1125 unite
2657 1073 2837 1127 dedita
2864 1085 2968 1136 est,
3007 1088 3113 1129 non
3150 1074 3270 1129 sine
3298 1090 3495 1143 magno

1920 1161 2254 1216 laboreiude
2286 1163 2586 1218 divellitur.
2637 1162 2728 1218 Sic
2774 1164 2938 1217 etiam
2978 1166 3223 1234 corporis
3252 1165 3494 1219 membra

1918 1253 2063 1307 haud
2098 1266 2468 1325 amputantur,
2501 1258 2632 1328 quin
2674 1267 2786 1312 t0ta
2821 1258 3139 1313 eorumdcm
3167 1259 3497 1314 cuaduuatio

1917 1346 2134 1415 penitus
2154 1349 2420 1403 solvatur.

1946 1916 2324 2003 ΚΥΡΟΥ
2405 1919 2834 2003 ΝΙΚΗΤΛ

1502 2097 1868 2148 ΕΠΙΣΚΟΠΟΥ
1914 2098 2244 2147 ΔΑΔΥΒΡΩΝ

737 2248 1075 2305 ΕΞΗΓΗΣΙΣ
1107 2249 1243 2303 ΤΩΝ
1271 2249 1453 2303 ΕΠΩΝ
1488 2251 1626 2305 ΤΟΥ
1671 2250 2003 2306 ΜΕΓΑΛΟΥ
2033 2250 2413 2304 ΓΙἮΓΟΡΙΟΥ
2458 2253 2594 2305 ΤΟΥ
2624 2253 3001 2307 ΘΕΟΛΟΓΟΥ.

981 2592 1427 2686 DOMINI
1482 2598 1960 2687 NICETIE
2011 2597 2752 2692 PHILOSOPIII

1433 2787 1743 2843 EPISCOPI
1822 2787 2290 2845 DADYBROZ’IUM

606 2945 975 3007 EXEGESIS
1031 2945 1437 3006 CARMINUM
1470 2946 1943 3008 ARCANORUM
1986 2947 2228 3007 MAGNI
2288 2948 2660 3008 GREGORII
2706 2949 3113 3011 THEOLOGI.

808 3254 1211 3307 ΠΡΟΟΙΜΙΟΝ.

298 3344 363 3398 Oi
396 3343 496 3413 μὲν
532 3342 662 3412 παρ’
683 3342 908 3413 Ἕλλησι
941 3342 1369 3412 φιλοσοφώτατοι
1402 3341 1543 3397 εἶναι
1564 3344 1816 3411 δόξαντες

230 3439 322 3491 καὶ
353 3435 699 3505 λογιώτατοι,
739 3435 903 3505 ἡνίκα
955 3436 1023 3489 ἂν
1060 3438 1181 3498 ταῖς
1212 3435 1355 3504 ὑπὲρ
1387 3437 1449 3489 τὸ
1478 3435 1816 3508 βλεπόμενον

229 3532 321 3584 καὶ
348 3529 447 3599 τὴν
481 3528 735 3595 αἴσθησιν
768 3528 1024 3598 θεωρίαις
1056 3527 1431 3593 ἐπιϐαίνοντες
1462 3531 1816 3599 φυσιολογίας

227 3628 372 3691 τινὸς
427 3629 462 3696 ἦ
504 3627 780 3694 θεολογίας
820 3627 897 3689 ὡς
957 3626 1176 3697 αὐτῷ...
1218 3625 1314 3679 νῦν
1347 3626 1813 3694 ἐπελαμϐάνοντο,

228 3718 452 3779 πλείους
480 3718 563 3769 ὅτι
592 3716 826 3783 μάλιστα
857 3713 1072 3784 βίϐλους
1102 3712 1476 3767 ὲπετείνοντο’
1505 3711 1579 3773 ὡς
1613 3711 1678 3765 ἂν
1715 3713 1815 3765 αὑ-

225 3810 307 3861 τοὶ
356 3809 457 3876 τῆς
539 3805 661 3859 κατ⁹
695 3807 892 3867 αὐτοὺς
952 3804 1323 3875 ἐντρυφῶντες
1389 3802 1673 3866 πολυνοίας
1721 3803 1816 3856 καὶ

228 3897 487 3967 θεωρίας.
520 3897 615 3949 καὶ
647 3897 761 3958 τοῖς
794 3894 1074 3962 ἐγγίζουσι
1106 3893 1164 3946 δὲ
1195 3894 1383 3957 αὐτοῖς
1428 3892 1529 3963 τῆς
1569 3894 1679 3947 ἀπὸ
1704 3893 1815 3946 τῶν

227 3989 605 4058 θεωρημάτων
635 3986 966 4056 μεταδιδοῖεν
995 3985 1297 4056 ὡφελείαςο
1343 3985 1459 4039 ἀλλ’
1495 3985 1649 4039 οὐδὲν
1689 4002 1816 4039 τοσ-

226 4074 385 4130 οῦτον
434 4079 514 4140 εἰς
562 4077 852 4146 οἰκοδομὴν
885 4078 981 4130 καὶ
1036 4077 1380 4147 κατόρθωσιν
1428 4076 1529 4147 τῆς
1576 4094 1635 4130 τε
1678 4077 1817 4142 ίδίας

226 4169 409 4222 αὐτῶν
433 4168 677 4231 διανοίας
708 4168 807 4221 καὶ
834 4167 932 4235 τῆς
958 4166 1070 4220 τῶν
1104 4168 1636 4238 μαθητευομένων...
1666 4169 1815 4238 φιλο·

228 4263 415 4328 ωφείν
470 4260 826 4331 ἐδοκίμασαν,
881 4260 1005 4313 ὅσον
1043 4261 1125 4321 είς
1176 4259 1453 4331 βλάϐην...
1498 4259 1599 4331 τῆς
1646 4261 1816 4324 ὅντως

225 4353 641 4424 ὰληθογνωσίας
679 4354 745 4406 δι’
777 4353 1122 4423 ἁμαρτίαν...
1154 4353 1342 4421 ἐπειδὴ
1372 4354 1483 4424 γὰρ
1508 4353 1606 4425 τὴν
1634 4352 1815 4424 πάσης

234 4446 434 4515 σοφίας
468 4445 634 4501 καὶ...
666 4446 851 4516 πηγὴν
898 4445 1019 4499 κατ’
1051 4445 1226 4516 ἀρχὴν
1256 4446 1335 4507 είς
1374 4446 1500 4509 τοὺς
1534 4446 1665 4516 περὶ
1701 4447 1813 4500 τῶν

226 4539 396 4591 ὄντων
436 4538 743 4607 γινομένων
777 4537 967 4605 λόγους
994 4537 1521 4609 προκατεϐάλλοντο.
1546 4539 1654 4592 οὐδ’
1693 4542 1814 4593 ἑπι-

2445 3259 2840 3317 Ριιοαῑιιιωι
2861 3261 2961 3331 (α).

1990 3349 2093 3416 Qui
2123 3354 2265 3419 apud
2302 3350 2524 3406 ϐιαιως
2564 3351 2923 3420 philosophiae
2971 3359 3022 3406 et
3069 3352 3502 3412 ratiocinationis

1922 3442 2238 3512 peritissimi
2272 3457 2395 3497 esse
2425 3452 2638 3509 putant,
2667 3444 2885 3513 quando
2928 3444 2982 3497 in
3027 3447 3500 3514 speculationibus

1917 3533 1986 3586 de
2018 3532 2136 3586 risu
2165 3540 2218 3585 et
2248 3534 2565 3587 seusatione
2594 3534 2976 3604 aggredientes
3009 3537 3301 3605 quamdam
3348 3540 3501 3610 phy-

1919 3620 2204 3689 siologiam
2238 3632 2330 3675 aut
2368 3622 2699 3692 theologiam
2734 3634 2792 3677 ut
2835 3624 2911 3678 illi
3050 3641 3195 3679 nunc
3249 3627 3499 3682 incurre—

1919 3707 2053 3761 bant
2091 3709 2273 3777 plures
2319 3725 2484 3777 quam
2532 3712 2771 3766 maxime
2813 3712 2987 3767 libros
3036 3716 3442 3782 protendebant
3477 3736 3492 3772 :

1919 3799 1992 3851 ita
2022 3806 2080 3850 ut
2106 3797 2207 3867 ipsi
2240 3796 2385 3852 intra
2422 3814 2482 3852 se
2512 3800 2578 3853 de
2619 3800 2883 3865 sapientia
2910 3811 2963 3855 et
2992 3802 3365 3871 speculatione
3398 3821 3496 3860 sua

1918 3890 2237 3958 gloriantes,
2277 3891 2362 3944 his
2397 3891 2491 3956 qui
2537 3893 2602 3944 nd
2636 3894 2784 3959 ipsos
2823 3893 3094 3947 accedunt
3127 3908 3352 3949 suarum
3396 3898 3496 3951 de-

1918 3981 2385 4035 tuonstrationum
2424 3982 2719 4035 utilitatem
2765 3984 3223 4051 communicent;
3256 3987 3349 4040 sed
3397 3989 3501 4044 nti-

1918 4072 2065 4126 uitne
2131 4081 2345 4126 tantum
2420 4077 2487 4127 ad
2552 4074 2987 4129 ell'orniationem
3032 4083 3089 4129 et
3141 4076 3498 4133 directionem

1916 4167 2001 4222 sui
2054 4168 2299 4237 ipsorum
2335 4179 2391 4223 et
2446 4168 2840 4238 discipulorum
2888 4171 3241 4226 conscientia:
3379 4173 3501 4241 phi-

1916 4259 2191 4329 losophari
2241 4260 2347 4314 sibi
2402 4271 2832 4329 proposuerunt,
2885 4271 3153 4331 quantum
3182 4265 3249 4319 ad
3282 4280 3499 4334 perver-

1917 4351 2126 4406 siouem
2153 4368 2292 4406 vene
2314 4362 2369 4407 et
2402 4367 2566 4408 recite
2590 4353 2922 4423 cognitionis
2955 4364 3176 4424 ptopter
3197 4357 3495 4424 culpam

1916 4444 2189 4510 Quoniam
2225 4445 2371 4499 enim
2406 4445 2586 4499 omnis
2616 4446 2899 4515 sapientia:
2925 4446 3129 4501 fontem
3162 4462 3192 4502 a
3227 4450 3498 4521 principio

1918 4537 1972 4592 in
2005 4538 2352 4593 sermonibus
2373 4538 2441 4593 de
2461 4538 2684 4593 cutibus
2707 4538 3101 4594 exsistentibus
3118 4540 3492 4608 instituerunt,

224 4630 504 4697 γνῶναι...
538 4629 637 4682 καὶ
659 4628 832 4692 οὕτως
860 4632 918 4682 ὲν
946 4629 1084 4700 αὑτῇ
1111 4629 1207 4684 καὶ
1234 4629 1302 4682 δι’
1333 4630 1518 4683 αὐτῶν
1538 4630 1673 4702 πρὸς
1700 4632 1809 4685 πᾶ-

1916 4644 2024 4683 ιιοιι
2073 4644 2406 4699 cognoscere
2544 4638 2599 4683 et
2649 4630 2720 4683 ita
2774 4629 2829 4684 in
2868 4630 2984 4699 ipsa
3033 4639 3088 4684 et
3139 4646 3234 4699 per
3285 4632 3375 4686 illa
3426 4635 3493 4689 ad

226 4737 322 4773 σαν
356 4718 773 4788 ἀληθογνωσίαν
800 4719 1114 4789 ὁδηγεῖσθαι
1162 4720 1256 4775 καὶ
1303 4737 1506 4776 κατε...
1540 4723 1811 4793 κατηξίω-

228 4827 351 4865 σαν’
383 4811 476 4864 διὰ
506 4810 671 4865 τοῦτο
694 4810 816 4864 οὔτε
843 4829 907 4864 πε
919 4811 973 4883 pi.
996 4812 1205 4883 ἀρχῶν,
1224 4812 1350 4865 οὕτε
1381 4814 1511 4884 περὶ
1538 4814 1647 4867 τῶν
1672 4814 1811 4885 μετὰ

222 4905 321 4968 τάς
358 4905 563 4975 ἀρχάς,
619 4904 743 4958 οὔτε
804 4906 935 4975 περὶ
988 4905 1082 4959 τοῦ
1123 4907 1233 4959 τῶν
1278 4907 1583 4976 γινομένων
1624 4909 1811 4971 τέλους

224 4998 503 5063 ἀξιόλογον
533 4997 566 5067 ἢ
597 4997 841 5064 esseom
872 5015 925 5050 τι
985 4997 1446 5069 φιλοσοφήσαντες
1476 4998 1809 5070 ἁπελέγχον-

222 5104 346 5142 ταιο
379 5090 507 5143 ὅθεν
546 5088 648 5158 τῆς
678 5091 807 5158 pii;
848 5090 945 5143 καὶ
974 5092 1145 5162 μόνης
1179 5089 1271 5144 τοῦ
1296 5091 1465 5155 ὅντως
1492 5091 1645 5155 ὄντος
1669 5090 1804 5145 Θεοῦ

226 5181 417 5251 σοφίας
456 5183 555 5234 καὶ
603 5182 862 5252 ἀληθείας
894 5181 1293 5253 διαμαρτόντες
1322 5222 1336 5249 ,
1372 5183 1596 5255 μυρίαις
1626 5183 1805 5250 δόξαις

223 5276 314 5328 καὶ
343 5274 581 5337 πλάναις
618 5274 711 5327 καὶ
754 5275 1094 5346 ἑναντιότησι
1137 5276 1276 5345 πρός
1323 5293 1383 5329 τε
1435 5276 1663 5340 ἑαυτοὺς
1700 5278 1793 5331 καὶ

222 5368 489 5435 ἀλλήλους
514 5366 886 5437 διενεχθέντες
906 5409 921 5432 ,
965 5368 1489 5440 ἁπεδοκιμάσθησαν
1532 5368 1656 5423 οὔτε
1690 5372 1803 5432 τοῖς

224 5459 352 5529 περὶ
380 5457 520 5511 Θεοῦ
560 5458 739 5527 λόγοις
774 5461 1163 5530 συμϐαίνοντες
1201 5460 1342 5531 (πῶς
1377 5462 1488 5532 γὰρ
1514 5461 1611 5515 καὶ
1636 5460 1801 5529 ἐμελ-

226 5548 313 5602 λον
346 5550 398 5602 ot
425 5549 505 5619 pi;
535 5551 668 5620 παρ’
702 5549 870 5603 αὑτοῦ
902 5552 1030 5622 περὶ
1056 5551 1224 5607 αὑτοῦ
1259 5550 1578 5622 μυούμενοι,
1606 5550 1669 5605 τὸ
1695 5552 1803 5605 πᾶν

282 5722 302 5793 (
320 5723 389 5795 a)
432 5722 562 5789 Mai,
598 5721 850 5795 Spicileq.
900 5722 1052 5779 Rom.
1086 5723 1149 5791 V,
1187 5725 1311 5795 397.
1344 5740 1409 5780 ex
1436 5723 1626 5780 codice
1650 5723 1804 5779 Vati-

228 5794 514 5865 cano’qui,
547 5805 732 5865 utpote
774 5794 838 5849 ex
902 5796 1213 5865 antiquiore
1269 5794 1551 5849 Sfortiano
1597 5796 1801 5850 descri-

229 5876 369 5934 ptus,
408 5867 623 5922 lacunis
646 5866 858 5938 aliquot
888 5865 1121 5937 laborat,
1147 5877 1372 5938 propter
1397 5867 1597 5923 veteris
1620 5882 1801 5923 exeut.

1914 4735 2131 4776 omnem
2184 4735 2371 4775 veram
2419 4720 2784 4791 cognitionem
2814 4721 3036 4790 perduci
3071 4730 3125 4775 ct
3253 4725 3495 4779 institua-

1913 4822 2131 4866 verunt.
2179 4810 2305 4865 Ideo
2351 4826 2528 4880 neque
2576 4810 2719 4865 circa
2777 4811 3068 4881 principia,
3123 4828 3298 4882 neque
3347 4815 3493 4870 circa

1913 4918 2002 4958 res
2035 4918 2155 4971 quae
2191 4903 2475 4971 principiis
2505 4904 2829 4968 succedunt,
2861 4920 3040 4974 neque
3084 4905 3229 4960 circa
3281 4908 3490 4963 entium

1912 4995 2075 5049 linem
2125 4994 2327 5064 aliquid
2388 4995 2711 5049 rationabile
2766 4995 2849 5049 vel
2907 4995 3190 5065 probabile
3246 4998 3493 5066 philoso-

1913 5088 2069 5158 phari
2120 5088 2493 5142 inveniuntur.
2542 5087 2699 5143 Unde
2745 5088 2860 5143 sola
2900 5098 2956 5144 et
3005 5090 3165 5144 unica
3221 5089 3313 5144 Dei
3368 5106 3491 5145 vere

1912 5179 2229 5235 cxsistentis
2283 5179 2547 5248 sapientia
2609 5189 2665 5236 et
2726 5183 2953 5235 veritate
3007 5191 3279 5242 carentes.
3344 5184 3489 5236 inul-

1912 5273 1982 5326 tis
2029 5271 2380 5341 Opiuionibus
2424 5281 2479 5325 et
2518 5272 2796 5326 erroribus
2845 5280 2900 5327 et
2964 5274 3490 5329 contradictionibus

1912 5380 2035 5419 cum
2068 5363 2262 5433 seipsis
2295 5373 2349 5417 et
2387 5380 2514 5418 cum
2558 5364 2679 5418 aliis
2712 5363 2924 5432 agitati,
2963 5366 3234 5433 reprobuti
3268 5376 3395 5420 sunt
3431 5367 3487 5421 in

1911 5455 2255 5509 sermonibus
2284 5455 2429 5509 circa
2456 5453 2621 5509 Deum
2642 5471 2748 5510 non
2780 5457 3162 5510 convenientes
3182 5473 3194 5510 :
3214 5460 3488 5526 quomodo

1913 5547 2057 5601 enim
2093 5546 2314 5602 evenire
2339 5546 2571 5602 debebat
2604 5547 2689 5602 his
2717 5548 2812 5617 qui
2848 5563 2957 5603 non
3001 5548 3071 5603 ab
3120 5548 3214 5603 illo
3280 5551 3348 5603 de
3392 5550 3486 5604 illo

1946 5724 2076 5781 laris
2106 5724 2327 5779 damna.
2358 5725 2517 5779 Deest
2539 5727 2639 5779 hoc
2659 5724 3048 5791 protetninmiu
3072 5723 3482 5779 Commentario

1948 5739 2076 5781 Iarts
2106 5739 2327 5779 damna.
2358 5739 2517 5779 Deest
2539 5739 2639 5779 line
2659 5739 3048 5791 promtntumtu
3072 5739 3477 5779 untItn-etttartu

1903 5739 2105 5849 Ricelte
2160 5795 2303 5865 quod
2364 5806 2481 5864 post
2531 5794 2778 5865 Gregorii
2842 5794 3172 5850 Nazianzmti
3230 5795 3477 5850 carmina

1902 5867 2175 5923 edidimus
2206 5874 2359 5937 (lout.
2396 5865 2716 5937 XXXVIII).
2754 5866 2913 5921 Ευιτ.
