4194 6432
715 428 821 492 579

1870 412 2163 478 NlCET/E
2199 413 2656 477 PAPHLAGON
2666 415 2741 475 [δ’

3864 416 3975 481 580

721 532 995 594 edocti,in
1035 529 1183 585 omni
1221 545 1279 584 re
1322 530 1438 584 suis
1479 530 1717 599 propriis
1764 530 2183 599 cogitationibus
2231 542 2289 580 se

2405 525 2447 576 δὲ
2485 527 2596 587 τοῖς
2629 525 2779 588 ίδίοις
2802 525 3196 596 επιτρὲψαντες
3223 526 3501 598 λογισμοῖς
3524 527 3597 597 ς),
3626 527 3749 581 οὔτε
3783 528 3838 581 δὲ
3869 532 3983 580 τῶν

719 623 1351 695 perttiittebant?neque
1377 622 1443 674 de
1480 622 1564 674 bis
1602 637 1725 689 quae
1750 622 1815 674 ad
1852 621 2018 673 Deum
2062 622 2295 673 attinent

724 717 1052 770 t-oucord--m
1089 724 1140 767 et
1177 715 1392 768 lirmum
1430 727 1742 765 sermonem
1770 720 1823 765 et
1867 711 2291 764 determinatum

720 822 816 874 per
842 806 1088 859 veritatis
1119 820 1363 859 amorem
1399 802 1703 857 eluenbrati
1734 811 1878 858 sunt.

791 896 1155 963 Quamobrem
1215 908 1359 950 certe
1416 896 1692 963 sapienter
1715 906 1766 950 et
1788 906 1933 950 recte
1959 906 2287 965 supernatu-

720 988 905 1041 raliter
932 986 1341 1054 supernaturale
1371 987 1458 1040 Dei
1490 987 1667 1042 Patris
1697 988 1954 1049 Verbum,
1973 988 2299 1059 utindignos

720 1080 823 1133 lide
847 1086 899 1133 et
950 1081 1169 1133 insanos
1195 1078 1367 1132 lat-tos
1399 1079 1520 1132 illos
1555 1095 1675 1133 esse
1730 1080 1913 1148 arguit
1965 1088 2019 1133 et
2056 1090 2299 1133 contem-

724 1171 960 1238 ptibiles,
983 1171 1254 1238 homoque
1276 1186 1369 1237 per
1391 1171 1599 1239 paterni
1622 1169 1857 1235 Spiritus
1879 1171 1932 1224 iit
1951 1171 2296 1239 purissimam

722 1261 946 1315 Mariam
975 1262 1477 1323 obumbrationeni,
1511 1270 1563 1315 et
1594 1262 1712 1315 sine
1743 1273 1962 1331 peccato
2002 1263 2296 1317 humanam

724 1356 1003 1425 ingressus
1036 1356 1220 1418 vitam,
1257 1355 1597 1408 Set-monibus
1623 1371 1744 1423 qua:
1773 1358 1839 1409 ad
1868 1371 2028 1409 uuam
2050 1364 2103 1408 et
2126 1356 2297 1410 solam

726 1447 778 1499 itt
821 1447 1085 1503 Triuilate
1117 1447 1353 1500 divinam
1391 1448 1755 1500 ltiet'areltiatu
1784 1450 2113 1509 attinebant,
2144 1464 2298 1501 reve-

725 1538 853 1591 lavit
908 1556 921 1600 ;
959 1554 1079 1606 qute
1118 1548 1295 1590 autem
1348 1538 1401 1590 iu
1444 1539 1563 1607 ipso
1594 1540 1792 1592 lit-baut
1833 1550 1921 1592 aut
1959 1540 2097 1594 facta
2143 1553 2301 1596 erant

726 1628 1000 1681 similibus
1034 1629 1212 1681 verbis
1245 1644 1309 1682 ac
1341 1632 1621 1698 propheta:
1653 1629 1905 1697 patefecit
1933 1647 1947 1695 ;
1982 1639 2035 1683 et
2079 1647 2199 1699 qua:
2232 1633 2299 1686 de
2330 1644 2337 1649 '

724 1735 825 1772 suo
859 1718 964 1773 line
1005 1731 1163 1774 erant
1200 1722 1500 1789 grandibus
1528 1732 1581 1774 et
1605 1722 1784 1791 dignis
1819 1723 2166 1777 sermonibus
2211 1739 2298 1776 re-

724 1824 846 1865 ctas
876 1822 929 1866 et
962 1813 1324 1883 iutelligentes
1355 1830 1515 1867 aures
1538 1815 1759 1868 edocuit
1791 1833 1804 1878 ;
1832 1816 2089 1884 operibus
2112 1828 2295 1869 autem

723 1905 979 1957 omnibus
1006 1914 1057 1956 et
1085 1905 1284 1958 divinis
1319 1906 1491 1975 signis
1516 1921 1649 1960 suos
1680 1920 1962 1960 sermones
2000 1906 2293 1960 conlirma-
2328 1891 2369 1945 Β

724 1996 800 2049 vit
848 1996 1099 2077 et‘lidetn
1144 1998 1370 2068 adeptus
1420 2009 1524 2061 est.
1578 2000 1761 2068 itaque
1804 1999 2021 2052 stultam
2074 2014 2291 2053 omnem

725 2088 914 2139 mutuli
974 2089 1297 2156 sapientiam
1362 2107 1485 2143 cum
1556 2091 1963 2145 tnanilestaSsct
2026 2100 2292 2160 quantum

724 2186 901 2245 potest
922 2178 1119 2246 aliquis
1144 2195 1237 2246 [u‘r
1260 2195 1477 2233 cruccnt
1510 2190 1563 2233 ct
1594 2181 1934 2250 sepulturam
1961 2192 2017 2236 et
2050 2197 2297 2236 resurre-

725 2268 986 2326 ctionem,
1039 2268 1104 2320 ad
1160 2269 1371 2322 l‘atrcm
1404 2286 1433 2322 a
1461 2285 1569 2339 quo
1619 2271 1806 2329 exivit.
1837 2281 1889 2326 et
1924 2272 1989 2325 ad
2023 2272 2293 2341 propriam

727 2357 957 2427 gloriam
1014 2361 1258 2413 ascendit
1296 2378 1310 2426 ;
1348 2378 1507 2416 suum
1553 2379 1681 2417 vero
1723 2366 1775 2417 in
1829 2364 2007 2418 locum
2049 2363 2293 2433 ejusdem

725 2458 938 2503 natura:
986 2451 1251 2519 Spiritum
1286 2453 1502 2507 famulis
1533 2455 1648 2508 suis
1682 2457 1923 2518 mittens,
1953 2470 2049 2524 per
2081 2470 2294 2520 omnes,

725 2538 819 2608 qui
853 2540 1063 2595 cunctis
1113 2544 1556 2610 generationibus
1614 2554 1862 2613 surgent,
1918 2559 2109 2599 servos
2142 2558 2292 2609 sitos,

731 2642 953 2688 sanctas
1005 2642 1059 2687 et
1116 2649 1345 2691 arcanas
1409 2638 1478 2690 de
1529 2636 1638 2689 Deo
1689 2638 2052 2692 revelationes
2103 2646 2158 2691 et
2206 2652 2298 2689 sa-

726 2725 941 2795 pientiae
997 2729 1254 2781 veritates
1302 2736 1355 2780 et
1387 2727 1818 2796 tuagnilieeutias
1873 2728 2146 2783 dill‘undit.
2206 2727 2296 2779 νὶ-

726 2819 929 2871 dentur
971 2818 1191 2886 quidem
1242 2818 1473 2874 diversaa
1502 2820 1751 2888 quaedam
1781 2833 1907 2874 esse
1928 2828 1982 2873 et
2020 2817 2297 2871 multifor—

2403 618 2557 685 παρᾲ
2587 617 2724 670 Θεοῦ
2752 619 3053 689 γινομένων
3099 622 3389 691 σύμφωνον
3436 623 3530 673 καὶ
3558 622 3769 675 ἑστῶτα
3820 623 3982 691 λόγον

2402 709 2497 760 καὶ
2521 709 2826 782 ὡρισμένον
2858 710 3169 783 φιλαλήθως
3198 713 3608 783 διεπονήσαντο.

2472 888 2562 940 Διδ
2582 888 2647 959 δὴ
2674 889 2850 958 σοφῶς
2888 907 2949 943 τε
2991 891 3086 943 καὶ
3120 892 3523 962 ἀγαθοπρεπῶς
3573 893 3914 962 ὑπερουσίως
3954 896 3985 947 δ

2401 980 2729 1052 ύπερούσιος
2761 983 2858 1035 τοῦ
2887 982 3023 1037 Θεοῦ
3076 985 3287 1054 Πατρός
3339 985 3531 1052 Λόγος,
3596 987 3673 1049 ὡς
3728 986 3984 1048 ἀναξίους

2403 1073 2639 1128 πίστεως
2665 1072 2761 1126 καὶ
2794 1076 3287 1144 μεματαιωμένους
3309 1077 3506 1139 αὐτοὺς
3535 1076 3858 1145 ἐξελέγχων,
3883 1077 3985 1129 καὶ

2401 1164 2797 1228 ἑξουδενωκὼς,
2851 1167 3148 1237 ἀνδρωθείς
3204 1185 3265 1220 τε
3308 1169 3395 1222 διά
3428 1169 3527 1238 τῆς
3578 1168 3674 1222 τοῦ
3710 1170 3983 1240 πατρικοῦ

2405 1255 2720 1323 ΙΙνεύματος
2753 1257 2847 1309 ἑπὶ
2870 1256 2970 1327 τὴν
3005 1259 3314 1328 ὐπέραγνον
3350 1260 3583 1330 Μαριὰμ
3614 1259 3981 1325 ἑπελεύσεως,

2403 1346 2496 1398 καὶ
2527 1347 2700 1417 χωρὶς
2748 1347 3022 1418 ἁμαρτίας
3065 1350 3158 1401 τὸν
3195 1349 3536 1419 ἀνθρώπινον
3565 1351 3810 1404 ὑπελθὼν
3844 1352 3981 1421 βίον,

2400 1439 2581 1507 λόγοις
2632 1441 2732 1509 μὲν
2760 1442 2830 1493 τά
2870 1442 2995 1509 mp“.
3024 1442 3125 1509 τῆς
3168 1444 3297 1510 μιᾶς
3344 1443 3438 1495 καὶ
3475 1443 3643 1512 μόνης
3690 1444 3986 1514 τριαδικῆς

2404 1533 2661 1602 θεαρκίας
2695 1534 3033 1604 διηγγελκὼς
3052 1545 3069 1561 ⁸
3101 1535 3170 1586 τά
3200 1551 3257 1587 τε
3283 1536 3412 1605 περὶ
3441 1536 3548 1587 τῶν
3581 1535 3648 1587 δι’
3674 1535 3852 1588 αὐτοῦ
3888 1552 3984 1601 γε·

2402 1625 2657 1693 γονὸτων,
2686 1625 2719 1695 ἢ
2751 1628 3055 1693 γινομένων
3107 1626 3385 1695 ὁμολόγως
3426 1627 3503 1696 τῷ
3547 1627 3690 1696 λόγῳ
3738 1628 3832 1679 καὶ
3872 1629 3986 1690 τοῖς

2402 1717 2710 1786 προφήταις
2742 1716 3122 1787 ἀνηγγελκὼς·
3160 1718 3228 1771 τά
3264 1735 3322 1770 τε
3356 1719 3487 1788 περὶ
3526 1718 3621 1771 τοῦ
3662 1719 3850 1781 τέλους
3878 1721 3983 1772 αὐ-

2400 1809 2496 1862 τοῦ
2528 1809 2962 1879 μεγαλοπρεπῶς
2997 1809 3090 1862 καὶ
3120 1810 3473 1881 ἀξιοπρεπῶς
3499 1812 3686 1865 εὺθὲσι
3716 1814 3811 1864 καὶ
3856 1828 3986 1864 συν-

2399 1904 2538 1964 ετοῐς
2568 1902 2841 1971 ἑνηχήσας
2889 1900 3055 1955 ὠσίν·
3097 1900 3280 1971 ἔργοις
3320 1902 3379 1954 δὲ
3421 1903 3552 1954 πᾶσι
3588 1903 3681 1954 καὶ
3730 1900 3985 1973 σημείοις

2398 1993 2662 2058 ἀξιοθὲοις
2697 1993 3109 2063 ἑπισφραγίσας
3154 1994 3283 2057 τοὺς
3337 1994 3505 2047 αὐτοῦ
3538 1994 3733 2062 λόγους
3761 1996 3855 2049 καὶ
3897 2012 3987 2047 πι-

2400 2086 2766 2157 στωσάμενος,
2824 2087 2920 2139 καὶ
2948 2088 3140 2157 μωρὰν
3162 2085 3306 2140 οὕτω
3358 2088 3540 2140 πᾶσαν
3580 2088 3680 2158 τὴν
3708 2089 3987 2167 κοσμικὴν

2401 2181 2595 2248 σοφίαν
2622 2181 2926 2249 ἀποφήνας,
2965 2180 3139 2248 ὁπόση
3163 2197 3246 2243 τις
3278 2179 3368 2234 διὰ
3406 2180 3641 2251 σταυροῦ
3676 2180 3771 2233 καί
3798 2178 3988 2248 ταφῆς

2401 2273 2497 2325 καὶ
2520 2272 2894 2333 ἀναστάσεως,
2925 2272 3063 2342 πρὸς
3093 2273 3186 2323 τὸν
3209 2272 3451 2340 Πατέρα,
3478 2274 3605 2342 παρ’
3632 2267 3692 2326 οὗ
3723 2270 3983 2339 ἰξελήλυς

2410 2362 2525 2424 θεν.
2559 2364 2653 2415 καὶ
2686 2361 2782 2432 τὴν
2820 2362 2957 2415 ίδίαν
2983 2361 3257 2429 ἐπανῆλθε
3295 2362 3456 2429 δόξαν
3479 2377 3492 2389 ·
3531 2360 3727 2414 ἑαυτοῦ
3752 2361 3808 2414 δὲ
3849 2361 3985 2414 ἀντ-

2398 2454 2653 2523 άλλαγμα
2691 2454 2751 2506 τὸ
2791 2453 3037 2522 συμφυὲς
3073 2452 3299 2522 Πνεῦμα
3346 2454 3459 2515 τοῖς
3482 2453 3707 2515 οἰκείοις
3738 2453 3987 2521 παρεχό-

2404 2562 2559 2616 μενος
2625 2544 2713 2596 διά
2767 2544 2878 2596 τῶν
2942 2543 3027 2613 ἐφ’
3085 2545 3323 2612 ἑκάστης
3382 2546 3575 2610 γενεᾶς
3639 2544 3989 2613 ἑξεγειρομέ-

2401 2652 2505 2687 νων
2528 2634 2693 2688 αὑτοῦ
2731 2634 3108 2705 θεραπευτῶν,
3135 2635 3234 2696 τάς
3264 2634 3645 2705 ίεροκρυφίους
3670 2635 3986 2704 θεορρημο-

2402 2727 2568 2789 σύνας
2626 2727 2721 2779 καὶ
2775 2727 3142 2796 άληθοσοφίας
3197 2726 3365 2780 αὑτοῦ
3429 2726 3525 2779 καὶ
3577 2726 3989 2797 μεγαλουργίας

2398 2819 2696 2889 ἀναφέρει·
2728 2819 2945 2872 δοκοῦσι
2995 2819 3095 2889 μὲν
3125 2815 3219 2873 οὖν
3246 2820 3491 2873 ποικίλαι
3523 2818 3669 2880 τινὲς
3707 2815 3846 2872 εἶναι
3887 2820 3989 2871 καὶ

726 2924 867 2971 mes,
901 2908 1134 2964 fortasse
1164 2910 1329 2963 etiam
1362 2910 1662 2964 contradici
1694 2912 1940 2979 qutedam
1972 2919 2298 2981 reputaren-

2405 2911 2771 2979 πολυσχεδεῖς,
2825 2912 2956 2974 ῑσως
3001 2912 3058 2965 δέ
3106 2928 3237 2964 ποτε
3288 2912 3383 2965 καὶ
3420 2909 3795 2965 ἑναντιοῦσθαί
3833 2927 3989 2971 τινες

728 3010 818 3052 ιιιι·
870 3015 900 3053 a
967 3000 1321 3068 quibusdam,
1381 3002 1449 3055 de
1503 3002 1613 3055 Deo
1672 3001 1955 3061 doctrinzc.
2027 3017 2147 3070 qua:
2203 3016 2299 3071 per

2405 3002 2749 3072 ὑπονοηθεῖἐν
2788 3020 2949 3067 τισιν,
2994 3003 3055 3056 αἴ
3083 3020 3141 3055 τε
3172 3003 3260 3056 διά
3300 3003 3600 3074 προφητῶν
3625 3003 3720 3055 καὶ
3750 3002 3989 3055 ἀποστόο

726 3092 1104 3159 prophetas-et
1134 3092 1409 3158 apostolos
1440 3100 1494 3145 et
1527 3094 1735 3161 hosqui
1762 3093 1933 3147 secuti
1956 3103 2086 3145 sunt
2116 3095 2299 3160 plures

2405 3092 2509 3144 λων
2544 3094 2639 3145 καὶ
2678 3093 2784 3145 τῶν
2812 3092 3011 3163 ἑφεξῆς
3050 3093 3389 3146 διδασκάλων
3423 3094 3595 3161 ἀγίων
3623 3092 3824 3145 πλείων
3848 3092 3989 3145 ἀνα-

728 3192 954 3236 sanctos
985 3184 1236 3236 doctores
1275 3185 1541 3237 institutze
1585 3196 1713 3239 sunt
1750 3204 1763 3238 :
1808 3200 1873 3237 ne
1930 3200 2032 3237 una
2079 3183 2296 3253 quidem

2405 3185 2727 3253 ταττόμεναι
2774 3185 3088 3257 θεηγορίαι⁶
3122 3186 3350 3257 οὐδεμία
3398 3185 3456 3238 δὲ
3511 3185 3662 3255 παρὰ
3728 3186 3841 3246 τοῖς
3884 3183 3990 3253 τὴν

735 3272 878 3341 apud
919 3274 1037 3326 illos
1069 3274 1160 3342 qui
1195 3288 1377 3326 veram
1416 3274 1643 3343 gloriam
1691 3275 2019 3327 annuntiant
2060 3273 2302 3327 oceurrit

2405 3277 2578 3347 ἀληθῆ
2625 3278 2785 3343 δόξαν
2829 3278 3230 3347 πρεσϐεύουσιν
3278 3278 3627 3346 ἑναντιότης·
3665 3278 3834 3329 πᾶσαι
3873 3274 3990 3344 γὰρ

726 3364 1110 3419 contradiCIio.
1175 3360 1377 3419 Omnes
1426 3365 1573 3418 enim
1616 3381 1646 3419 a
1685 3364 1794 3419 Deo
1833 3366 2110 3435 inspiratze
2142 3364 2299 3417 theo-

2405 3370 2461 3423 αί
2499 3370 2844 3424 θεόπνευστοι
2866 3370 3161 3439 θεολογίαι,
3199 3371 3294 3429 ﬁt:
3321 3369 3382 3434 ἑξ
3414 3371 3532 3433 ἑνὸς
3571 3369 3668 3422 καὶ
3696 3367 3789 3421 τοῦ
3818 3367 3989 3421 αὑτοῦ

729 3454 924 3525 logie,
955 3469 1020 3509 ex
1056 3471 1164 3509 uno
1221 3464 1275 3511 et
1317 3456 1439 3525 ejus
1470 3466 1666 3511 sancto
1715 3456 1918 3527 Spiritu
1973 3456 2300 3526 principium

2405 3461 2563 3529 ἁγίου
2595 3462 2909 3532 Πνεύματο;
2939 3462 3038 3534 τὴν
3075 3462 3248 3533 ἀρχὴν
3277 3460 3697 3533 ἀφορμώμεναι,
3717 3462 3811 3513 καὶ
3846 3460 3992 3529 πρὸς

726 3558 1093 3613 assumentes,
1159 3558 1214 3602 et
1279 3549 1346 3603 ad
1408 3565 1577 3603 unum
1639 3549 1886 3604 veritatis
1963 3551 2301 3619 propositum

2405 3552 2499 3606 ἱνα
2537 3553 2631 3606 τὸν
2666 3554 2764 3622 τῆς
2802 3554 3062 3623 ἀληθείας
3098 3556 3303 3608 σκοπὸν
3368 3559 3804 3624 συντεινόμεναι,
3846 3553 3991 3624 σύμ-

729 3640 1035 3701 tendentes,
1065 3641 1363 3695 concordes
1396 3656 1581 3697 secum
1616 3650 1671 3695 et
1716 3657 1840 3694 cum
1872 3640 1997 3695 aliis
2044 3654 2304 3694 consume

728 3750 851 3789 esse
908 3736 1157 3800 debent;
1196 3734 1470 3789 veteribus
1521 3748 1741 3803 quoque
1798 3732 2101 3803 Scripturis
2152 3747 2304 3785 nova!

729 3824 1096 3895 insequuntur
1125 3835 1179 3880 et
1201 3835 1409 3880 veteres
1446 3828 1603 3879 novis
1627 3826 1997 3885 consentiunt,
2024 3834 2078 3878 et
2101 3824 2303 3877 nullam

731 3919 1049 3975 hominibus
1066 3936 1229 3975 sensu
1254 3921 1497 3990 praeditis
1517 3920 2004 3973 contradictionem
2030 3917 2304 3985 praebent;

734 4010 841 4063 nisi
876 4010 1001 4079 quis
1028 4010 1097 4062 ab
1127 4010 1249 4063 aliis
1272 4010 1541 4079 theol0gis
1568 4009 1800 4073 dictum,
1824 4008 1947 4061 aliis
1968 4006 2304 4071 attribuerit;

730 4101 877 4170 quod
928 4101 1070 4171 apud
1127 4102 1420 4170 prephetas
1468 4102 1704 4155 obscure
1737 4109 1793 4154 et
1844 4098 2191 4171 aenigmatiee
2223 4096 2309 4151 di-

730 4205 881 4253 ctum
924 4206 1008 4252 est
1055 4207 1281 4267 prepter
1321 4207 1557 4266 tempus,
1610 4196 1757 4253 clare
1783 4206 1837 4252 et
1865 4196 1985 4251 sine
2037 4193 2311 4265 ambigui-

733 4298 845 4343 tate
882 4305 977 4359 per
998 4290 1363 4355 evangelistas
1384 4290 1631 4355 dicatur;
1663 4299 1778 4353 aut,
1815 4288 1881 4341 ad
1915 4288 2031 4342 lucc
2059 4299 2305 4356 quoque,

733 4380 837 4434 nisi
870 4379 1001 4449 quid
1044 4380 1264 4434 concise
1287 4389 1343 4435 et
1368 4380 1556 4449 rapide
1588 4381 1729 4447 apud
1760 4380 2038 4447 apostolos
2072 4378 2305 4437 dictum,

730 4473 1038 4540 erplitratis,
1072 4473 1269 4542 amplis
1328 4481 1382 4525 et
1422 4471 1638 4525 dill'usis
1687 4473 1868 4525 verbis
1911 4485 2007 4539 per
2053 4468 2309 4524 Ecclesiae

732 4558 1149 4620 aediﬁcationem
1177 4581 1207 4619 a
1237 4565 1556 4619 doctoribus
1586 4573 1875 4619 tractatum
1901 4564 2000 4619 sit.

804 4742 861 4798 Si
893 4743 1019 4813 quis
1049 4743 1212 4814 igitur
1243 4742 1368 4797 talia
1399 4742 1826 4798 discordantiam
1852 4742 1907 4796 in
1934 4742 2110 4797 sacris
2140 4740 2312 4795 Litte-

735 4839 813 4893 ris
845 4838 1200 4907 reputavcrit,
1236 4838 1460 4891 omnino
1514 4837 1602 4891 ille
1648 4837 1807 4906 longe
1837 4852 1865 4889 a
1906 4836 2151 4890 veritatis
2181 4850 2312 4900 pro-

736 4930 915 5001 posito
970 4929 1189 4985 decidit.
1220 4927 1337 4985 Non
1366 4944 1496 5000 ergo
1536 4930 1905 4983 discordantia
1938 4931 2185 4998 quaedam
2220 4933 2314 4979 aut

735 5022 1099 5079 contradictio
1154 5025 1295 5077 inest
1326 5025 1379 5077 in
1418 5024 1663 5077 veritatis
1693 5022 1962 5091 theologis
2001 5023 2145 5076 circa
2175 5020 2313 5076 situ-

740 5117 857 5186 plex
908 5126 963 5170 et
1008 5132 1174 5169 ututnt
1205 5117 1454 5171 veritatis
1502 5117 1751 5183 verbum,
1802 5124 1901 5170 aut
1937 5114 2004 5169 ad
2054 5114 2310 5177 invicem,

738 5210 1199 5277 quemadmodum
1236 5209 1288 5262 iu
1320 5209 1659 5278 philosophis
1711 5207 1988 5264 extraneis
2045 5223 2166 5262 esse
2218 5205 2315 5259 de-

741 5310 1115 5365 monstratur;
1162 5316 1379 5369 semper
1410 5301 1556 5355 enim
1606 5300 1697 5369 qui
1734 5300 1897 5354 unius
1930 5298 2143 5353 Domini
2185 5306 2316 5351 sunt

741 5392 985 5446 veritatis
1038 5393 1265 5460 spiritus
1317 5392 1432 5447 suis
1470 5392 1966 5461 prtedecessoribus
2015 5391 2068 5443 in
2115 5390 2219 5443 lide
2262 5396 2315 5440 et

742 5484 941 5553 pietate
973 5500 1070 5538 ceu
1105 5485 1351 5552 patribus
1393 5494 1446 5537 cl
1475 5485 1705 5537 ducibus
1737 5484 1849 5537 suis
1875 5491 1997 5553 post
2034 5484 2313 5536 Christum

740 5578 935 5630 devme
965 5578 1309 5643 iumen-tiles,
1331 5585 1386 5631 et
1418 5576 1629 5631 illorum
1650 5578 1877 5647 gratiam
1911 5584 1966 5631 et
1992 5578 2313 5645 sapientiam

743 5674 809 5724 ad
839 5686 897 5723 se
927 5671 1280 5731 adducentes,
1313 5678 1367 5723 et
1397 5670 1440 5723 si
1468 5669 1594 5738 quid
1618 5676 1957 5722 necesse'est
1987 5668 2069 5721 vel
2102 5667 2248 5722 aliud
2286 5683 2316 5722 a

742 5778 802 5819 sc
831 5764 1014 5832 adjici,
1048 5778 1155 5816 non
1199 5764 1301 5816 sibi
1330 5762 1421 5817 sed
1466 5762 1712 5831 patribus
1747 5760 2043 5830 prudenter
2070 5759 2316 5815 referen-

744 5865 849 5924 tes,
883 5858 1073 5913 merito
1104 5855 1324 5911 Patrum
1356 5856 1533 5912 laudis
1566 5855 1807 5911 lucredes
1842 5863 1895 5910 et
1920 5854 2020 5925 ipsi
2052 5855 2317 5910 exhiben-

2406 3645 2575 3714 φωνοί
2603 3662 2661 3699 τε
2699 3646 2836 3717 πρὸς
2875 3646 3077 3710 ἑαυτάς
3115 3648 3208 3701 καὶ
3244 3647 3503 3718 ἀλλήλαις
3534 3648 3791 3717 ὁμόλογοι
3812 3662 3827 3678 ο
3860 3649 3991 3710 ταῖς

2406 3753 2465 3789 τε
2496 3738 2762 3800 Παλαιαῖς
2803 3738 3050 3808 Γραφαίς
3079 3740 3134 3791 αἱ
3171 3740 3369 3793 Καιναὶ
3420 3741 3805 3808 συνεπόμεναι,
3831 3739 3896 3793 ατ
3925 3756 3992 3793 τε

2410 3828 2646 3883 Παλαιαὶ
2672 3829 2995 3901 συνᾴδουσαι
3027 3833 3147 3893 ταῖς
3169 3832 3423 3893 Καιναῖς,
3453 3832 3547 3884 καὶ
3580 3830 3853 3901 μηδεμίαν
3873 3833 3991 3893 τοῖς

2408 3936 2473 3989 γε
2504 3920 2631 3972 νοῦν
2672 3921 2887 3991 ἔχουσιν
2915 3922 3236 3975 ἐναντίωσιν
3285 3923 3721 3991 ύποφαίνουσαιθ
3762 3922 3905 3991 πλὴν
3937 3924 3991 3975 εί

2412 4011 2488 4080 μή
2522 4027 2605 4073 τις
2637 4011 2699 4063 τὸ
2732 4013 2864 4082 παρ’
2904 4011 3087 4075 ἄλλοις
3132 4012 3242 4065 τῶν
3284 4012 3553 4079 θεολόγων
3588 4012 3772 4083 ῥηθὲν,
3806 4012 3994 4075 ἀλλοις

2408 4102 2467 4155 δὶ
2498 4102 2771 4172 παρεθένο
2816 4105 2911 4156 κα)⁸
2942 4105 3005 4156 τὸ
3029 4103 3183 4175 παρὰ
3215 4106 3331 4166 τοῖς
3360 4106 3669 4174 προφήταις
3696 4104 3922 4171 ἀσαφῶς
3954 4104 3991 4175 ἢ

2408 4194 2828 4264 αἰνιγματωδῶς
2879 4196 3168 4267 εἰρημένον
3195 4194 3286 4248 διά
3328 4196 3420 4249 τὸν
3463 4194 3676 4265 καιρὸν,
3708 4195 3896 4263 σαφῶς
3930 4195 3993 4249 δὲ

2409 4287 2505 4341 καὶ
2533 4286 3069 4357 ἀνακεκαλυμμένως
3090 4287 3179 4341 διὰ
3202 4289 3310 4341 τῶν
3340 4288 3761 4356 εὐαγγελιστῶψ
3787 4287 3820 4356 ἢ
3848 4287 3990 4357 πρὸς

2408 4380 2622 4444 τούτοις
2658 4379 2764 4445 ἐτι,
2797 4382 2846 4433 εί
2894 4381 2957 4434 τὸ
3001 4382 3461 4451 συντετμημὲνως
3512 4382 3608 4434 καὶ
3655 4379 3870 4450 γοργῶς
3895 4380 3989 4434 διὰ

2408 4472 2521 4524 τῶν
2566 4472 2904 4537 ἀποστόλων,
2956 4471 3465 4555 ἀνηπλωμένωςιδὲ
3514 4473 3610 4526 καὶ
3660 4472 3993 4543 πολυμερῶς

2339 4573 2384 4629 ι)
2411 4564 2724 4628 διεξοδικῶς
2756 4564 2897 4635 πρὸς
2920 4556 3019 4635 τὴν
3041 4564 3334 4636 οἰκοδομὴν
3369 4564 3472 4636 τῆς
3511 4564 3842 4635 Ἐκκλησίας
3882 4565 3996 4619 ὑπὸ

2412 4657 2523 4712 τῶν
2556 4658 2892 4712 διδασκάλων
2917 4659 3371 4729 ἐξεργαζόμενον.

2484 4750 2550 4803 Εἰ
2570 4767 2656 4814 τις
2682 4747 2775 4805 οὖν
2792 4750 2862 4804 τὰ
2890 4751 3113 4804 τοιαῦτα
3134 4750 3433 4819 διαφωνίαν
3458 4750 3570 4803 τῶν
3592 4750 3756 4823 ἱερῶν
3772 4752 3992 4818 Λογίων

2414 4842 2811 4912 ὑπολογίξοιτο,
2846 4842 3197 4896 παντάπασιν
3246 4844 3275 4894 ό
3314 4842 3556 4905 τοιοῦτος
3598 4842 3696 4895 τοῦ
3719 4842 3817 4910 τῆς
3852 4842 3995 4912 ἀλη-

2414 4936 2567 5000 θείας
2598 4936 2789 5007 πόρρω
2818 4934 3009 4989 πίπτει
3041 4934 3245 4988 σκοποῦ
3267 4949 3281 4965 ⁸
3311 4934 3507 4988 οὔκουν
3536 4933 3805 5002 διαφωνία
3835 4951 3919 4997 τις
3956 4936 3993 5004 ἢ

2414 5030 2733 5091 ὶναντίωσις
2763 5029 2875 5089 τοῖς
2907 5027 3183 5097 ἀληθινοῖς
3228 5025 3501 5094 θεολόγοις
3533 5025 3663 5096 περὶ
3691 5023 3786 5077 τοῦ
3814 5025 3996 5079 ἁπλοῦ

2414 5122 2509 5175 καὶ
2528 5121 2646 5183 ἑνὸς
2668 5120 2769 5190 τῆς
2793 5119 3050 5188 ἀληθείας
3079 5119 3261 5186 λόγου,
3290 5118 3324 5188 ἢ
3356 5119 3491 5189 πρὸς
3520 5116 3999 5189 ἀλλήλους,καθά-

2414 5231 2522 5283 περ
2562 5216 2673 5277 τοῖς
2707 5212 2815 5265 τῶν
2854 5212 3086 5281 θύραθεν
3130 5211 3444 5280 φιλοσόφοις
3492 5210 3863 5280 παρίσταταν
3905 5209 3997 5261 ἀεὶ

2414 5306 2525 5376 γάρ
2548 5305 2597 5356 οί
2629 5303 2724 5357 τοῦ
2748 5304 2867 5365 ἑνὸς
2897 5303 3049 5357 liv-.5:
3080 5303 3289 5373 Κυρίου
3324 5302 3424 5372 τῆς
3453 5301 3714 5371 ἀληθείας
3736 5299 3996 5369 Πνεῦμα-

2414 5414 2530 5460 τος,
2553 5397 2665 5459 τοῖς
2688 5394 2870 5450 αὐτῶν
2892 5394 3164 5467 πρεσϐυτέ
3174 5412 3288 5466 ροις
3317 5397 3382 5464 τῇ
3422 5393 3603 5447 πίστει
3630 5393 3725 5447 καὶ
3747 5396 3812 5463 τῇ
3839 5393 3998 5445 εύσεο

2417 5487 2563 5558 ϐείᾳ,
2595 5487 2673 5550 ὡς
2694 5488 2965 5557 πατράσιν
2994 5486 3203 5540 ἑαυτῶν
3230 5486 3321 5539 καὶ
3343 5485 3705 5556 καθηγηταῖς,
3740 5486 3879 5553 μετά
3904 5486 3996 5535 τὸν

2418 5576 2676 5647 Χριστὸν,
2709 5575 2953 5639 εὐλαϐῶς
2984 5578 3333 5647 ἐφεπόμενοι,
3364 5577 3458 5628 καὶ
3480 5576 3684 5629 τούτων
3707 5576 3805 5645 τὴν
3836 5576 3997 5645 χάριν

2420 5669 2518 5723 καὶ
2541 5671 2639 5738 τὴν
2679 5670 2872 5737 σοφίαν
2925 5670 3004 5733 εἰς
3044 5670 3270 5733 ἑαυτοὺς
3310 5669 3704 5738 ἐπισπώμενοι,
3745 5667 3843 5721 καὶ
3868 5670 3921 5720 εί
3944 5685 3997 5720 τι

2420 5761 2735 5831 προσθεῖναι
2751 5761 2868 5815 δέον
2893 5761 3021 5833 παρ’
3055 5762 3287 5826 ἑαυτῶν,
3312 5763 3405 5815 καὶ
3424 5761 3602 5827 τοῦτο,
3631 5761 3731 5832 οὐχ
3763 5761 3995 5824 ἑαυτοῖς,

2420 5853 2558 5909 ἀλλὰ
2585 5855 2697 5919 τοῖς
2724 5854 3000 5925 Πατράσιν
3030 5854 3387 5925 εὐγνωμόνως
3412 5853 3801 5924 ἀναφέροντες,
3832 5853 3997 5920 ἀξίως
