4194 6432
192 397 296 460 531

1059 390 1141 451 IN
1176 389 1518 451 CARMINA
1561 385 1857 449 ARCANA
1900 387 2277 450 GRE‘GORII
2317 391 2585 455 THEOL.

3352 400 3457 464 582

193 509 304 560 τῶν
370 506 666 578 Πατρικῶν
732 505 992 574 εὖλογιῶν
1062 506 1388 576 κληρονόμοι
1462 506 1557 559 καὶ
1624 504 1774 559 αὐτοὶ

1882 514 1988 556 tttr.
2043 506 2166 558 Ideo
2211 518 2263 559 et
2315 523 2415 562 nos
2447 510 2539 577 qui
2593 509 2674 563 his
2725 510 2985 567 omnibus
3033 514 3369 581 posteriores
3404 527 3459 569 et

194 600 675 653 καταδείκνυνται.
740 598 833 649 Διὸ
863 596 956 649 καὶ
984 597 1145 665 ἡμεῖς
1194 597 1243 648 οἱ
1307 596 1525 648 πάντων
1555 595 1772 664 ἔσχατοι

192 693 292 745 καλ⁸
325 693 662 764 μικρότεροι,
689 692 823 762 πρὸς
846 690 936 742 τὸν
967 691 1108 759 ὑπὲρ
1143 691 1351 752 πάντας
1375 692 1501 752 τοὺς
1538 689 1774 760 πρεσϐυ-

189 784 389 851 τέρους
415 783 508 835 καὶ
529 780 1279 850 διδασκάλους-τετιμημένον
1306 781 1439 850 ἡμῖν
1472 778 1774 848 Γρηγὸριον

188 876 287 927 τὸν
316 874 579 944 Θεολόγον
604 873 695 926 τὸν
715 872 840 925 νοῦν
866 870 1349 942 ὲπερείδοντες,ὡς
1371 872 1469 940 τῆς
1500 869 1774 940 ἡμετέρας

189 966 552 1037 καθηγεμόνα
598 964 799 1035 ψυχῆς,
845 963 944 1017 καὶ
987 962 1066 1026 ὡς
1120 962 1520 1033 περισσοτέρως
1570 962 1633 1013 ἑκ
1664 961 1773 1013 τῶν

192 1057 366 1110 αὐτοῦ
416 1055 705 1123 θεολογιῶν
749 1052 1214 1123 οίκοδομούμενοι,
1249 1052 1465 1120 ὀλίγους
1506 1051 1660 1113 τινάς
1708 1052 1772 1103 ἑκ

186 1148 305 1198 τῶν
332 1145 499 1200 αὐτοῦ
525 1145 886 1217 δυσφράστων
908 1143 1001 1196 καὶ
1021 1144 1416 1216 δυσθεωρήτων
1439 1144 1633 1212 λόγων,
1652 1146 1772 1215 ἦτοι

188 1236 551 1306 θεοφράστων
583 1235 752 1300 ἐπῶν,
783 1233 850 1286 τά
880 1234 1302 1304 ἀπορῤητότερα
1343 1235 1439 1286 καὶ
1485 1236 1596 1297 τοῖς
1646 1234 1774 1286 πολ-

188 1328 309 1391 λοῖς
333 1328 641 1382 άνεπίοπτα
684 1327 763 1389 είς
795 1324 1056 1395 ἐξήγησιν
1100 1326 1491 1395 προὺθήκαμεν
1520 1325 1730 1388 ἑαυτοῖς
1756 1342 1770 1356 ’

188 1420 331 1492 ὁμοῦ
388 1421 487 1490 μὲν
518 1419 609 1472 τὸν
643 1418 785 1472 θεῖον
841 1418 1063 1488 Πατέρα
1103 1421 1221 1480 ταῖς
1274 1419 1445 1488 ἱεραῖς
1506 1418 1773 1488 τιμῶντες

194 1510 596 1583 μνημοσύναις.
615 1510 751 1582 όμοῦ
779 1511 836 1564 δὲ
875 1510 971 1563 καὶ
998 1510 1132 1579 πρὸς
1158 1509 1250 1562 τὸν
1276 1511 1487 1563 ἑκείνου
1519 1511 1774 1580 θεόσοφον

190 1604 319 1659 νοῦν
347 1604 441 1657 τὺν
492 1606 691 1657 οἰκεῖον
745 1604 834 1657 διὰ
878 1604 979 1673 τῆς
1011 1602 1310 1673 ἑρμηνείας
1358 1603 1457 1671 τῆς
1489 1602 1686 1669 λέξεως
1717 1602 1775 1666 ἑξ

188 1698 441 1766 ἀνάγκης
488 1695 909 1766 παρενείραντες
958 1696 991 1765 ἦ
1043 1694 1505 1766 παρεκτείναντες
1540 1693 1685 1757 νοῦν,
1726 1695 1773 1747 εί

188 1788 289 1841 καὶ
321 1788 539 1858 ἀληθῶς
559 1789 621 1840 τὸ
654 1787 962 1859 ἐγχείρημα
993 1786 1267 1857 τολμηρόν
1290 1803 1304 1818 ·
1357 1786 1449 1838 καὶ
1498 1785 1568 1839 δι’
1606 1784 1770 1838 αὐτοῦ

1880 599 2041 670 longe
2092 600 2330 656 minores
2384 604 2449 657 ad
2490 604 2664 657 \irum
2714 622 2879 671 super
2907 622 3099 663 omnes
3143 622 3358 665 veteres
3404 622 3460 666 ct

1880 693 2132 747 doctores
2179 694 2338 747 nobis
2392 696 2718 750 honoratum
2757 698 3080 769 Gregorium
3118 701 3457 774 Tlteologum

1882 794 2119 862 mentem
2171 794 2413 840 nostram
2440 788 2853 857 applicarimus,
2894 802 2951 845 ut
2978 796 3045 845 ad
3084 793 3251 847 animi
3284 797 3455 848 nostri

1879 877 2111 936 ducem.
2161 888 2217 932 et
2270 887 2527 949 tanquam
2572 884 2942 941 abundantius
2994 901 3059 941 ex
3108 887 3253 941 illius
3303 887 3458 943 libris

1880 969 2197 1038 theologieis
2230 971 2441 1039 refecti,
2468 975 2522 1028 in
2567 976 2756 1043 paucis
2780 978 3101 1048 quibusdam
3138 980 3282 1034 inter
3311 980 3460 1036 illius

1880 1076 2164 1119 sermones
2198 1066 2339 1137 stylo
2368 1075 2424 1120 et
2450 1066 2806 1138 intelligentia
2840 1069 3081 1124 difficiles
3106 1114 3120 1136 ,
3150 1083 3296 1128 certe
3322 1073 3462 1127 divi-

1882 1170 1984 1210 nos
2015 1165 2193 1211 tamen
2223 1174 2527 1224 sermones,
2576 1159 2916 1217 loeaarcana
2955 1163 3130 1231 magis
3163 1172 3216 1218 et
3268 1166 3457 1220 multis

1882 1248 2143 1317 impervia
2186 1266 2279 1318 per
2306 1252 2578 1321 exegesim
2613 1252 3059 1319 explanavimus;
3110 1255 3275 1309 simul
3322 1257 3460 1310 divi-

1883 1357 2017 1395 num
2051 1341 2265 1397 Patrem
2316 1357 2472 1397 sacra
2506 1344 2767 1398 memoria
2804 1346 3155 1413 honorantes,
3182 1346 3460 1416 simulque

1881 1435 1947 1489 ad
1993 1436 2139 1490 illius
2169 1434 2264 1487 Dei
2310 1436 2578 1504 sapientia
2627 1438 2840 1504 plenam
2875 1453 3135 1500 mentem,
3184 1445 3457 1511 propriam

1883 1544 1978 1599 per
2008 1529 2510 1597 interpretationem
2538 1529 2802 1585 orationis
2835 1532 3143 1587 necessario
3180 1535 3460 1603 appliCan-

1882 1629 1964 1675 tes
1993 1629 2047 1674 et
2075 1618 2427 1674 intendentes
2479 1630 2722 1673 nostram
2761 1632 2993 1677 mentem
3020 1664 3036 1688 ,
3072 1626 3175 1679 etsi
3202 1642 3331 1680 vere
3378 1635 3461 1681 te-

1880 1714 2178 1768 merarium
2224 1713 2383 1766 fuerit
2433 1722 2749 1780 susceptum
2806 1732 2819 1768 :
2861 1724 2915 1768 et
2960 1732 3055 1785 per
3090 1717 3194 1772 ltoc
3244 1717 3310 1772 ad
3338 1733 3461 1771 am-

1880 1804 2201 1874 plitudinem
2265 1803 2596 1872 cognitionis
2646 1805 2947 1860 secundum
3006 1806 3159 1861 illum
3212 1808 3461 1862 veritatis

189 1880 329 1949 πρὺς
356 1880 420 1932 τὺ
452 1880 652 1942 πλάτος
689 1879 787 1951 τῆς
827 1882 949 1933 κατ’
995 1879 1156 1932 αὑτὸν
1192 1877 1602 1949 ἀληθογνωσίας
1637 1896 1769 1932 κατ-

1879 1897 2090 1963 tlirecti,
2127 1896 2206 1951 sic
2241 1897 2362 1950 aliis
2388 1896 2672 1966 discipulis
2713 1912 2822 1951 non
2873 1912 3095 1966 parvam
3136 1898 3279 1953 forte
3306 1898 3455 1953 utili.

188 1972 566 2043 ευθυνόμενοι,
629 1968 772 2026 οὕτω
814 1970 858 2024 δ’
890 1972 956 2025 ἂν
991 1970 1087 2024 καὶ
1113 1969 1293 2033 ἄλλοις
1324 1970 1433 2023 τῶν
1472 1971 1771 2024 πεπαιδευ-

192 2063 376 2133 μένων
429 2062 490 2115 οὐ
545 2062 745 2134 μικράν
793 2062 923 2126 ἴσως
956 2062 1057 2133 τὴν
1094 2061 1361 2130 ὠφέλειαν
1394 2062 1482 2115 διὰ
1534 2066 1633 2129 τῆς
1665 2060 1773 2113 τῶν

190 2154 528 2224 θεολογικῶν
579 2155 867 2225 δογμάτων
939 2152 1253 2222 ἐξηγήσεως
1322 2154 1768 2223 προξενήσοιμεν.

188 2250 489 2320 Πρόκειται
535 2249 592 2302 δὲ
625 2248 843 2317 πρῶτον
876 2248 1007 2319 ἡμῖν
1036 2246 1165 2309 ἔπος
1198 2248 1276 2309 είς
1308 2244 1597 2314 ἐπίσκεψιν
1633 2245 1773 2315 Περὶ

188 2341 418 2410 ἀρχῶν.

261 2431 330 2484 Οί
373 2431 475 2499 τῆς
503 2428 777 2500 κοσμικῆς
810 2428 1003 2498 σοφίας
1053 2428 1154 2495 τὴν
1183 2426 1495 2497 ἀκροτάτην
1534 2426 1772 2479 καταλα·

191 2523 314 2576 ὄεῖν
356 2523 701 2592 κατοιόμενοι
731 2520 1044 2591 περιωπήν,
1080 2518 1261 2571 πάντα
1307 2518 1375 2571 τά
1422 2517 1554 2571 θντα
1584 2519 1679 2572 καὶ
1707 2518 1774 2572 τὲ

187 2617 458 2686 γινόμενα
499 2618 579 2679 είς
625 2617 774 2685 τρεῖς
807 2613 907 2676 τὰς
941 2612 1286 2683 κυριωτάτας
1322 2610 1417 2663 καὶ
1459 2611 1774 2682 πρωτίστας

187 2710 377 2771 αίτίας
445 2709 539 2759 καὶ
616 2705 793 2776 ἀρχάς
857 2703 1224 2773 ἀναφέροντες
1294 2701 1772 2773 ἑκκορυφοῦνται·

188 2799 403 2862 ταύτας
430 2798 487 2850 δὲ
518 2795 665 2861 νοῦν,
700 2798 795 2850 καὶ
832 2794 987 2865 ὓλην,
1025 2796 1119 2848 καὶ
1154 2788 1295 2856 εἶδος
1317 2790 1634 2853 καλοῦντες.
1652 2809 1775 2845 συν·

189 2893 466 2961 ανάρχους
519 2891 615 2942 καὶ
653 2888 957 2952 συναιτίους
986 2886 1094 2941 τῶν
1142 2887 1361 2940 πάντων
1407 2884 1773 2951 ὑποτίθενται,

189 2984 320 3037 κατ’
343 2982 603 3052 οὐδεμιᾶς
629 2982 835 3051 τρόπον
886 2979 1098 3041 ἑννοίας
1128 2980 1161 3052 ἢ
1186 2977 1362 3049 ἀρχὴν
1389 2977 1423 3049 ἦ
1447 2977 1601 3039 τέλος
1632 2976 1776 3030 δεδέ-

190 3071 382 3140 ξεσθαι
419 3071 640 3124 πώποτε
677 3070 983 3140 δυναμένας
1016 3070 1050 3139 ἢ
1087 3070 1460 3139 δυνησομένας
1482 3085 1495 3097 ·
1526 3068 1616 3121 τὸν
1649 3067 1775 3121 νοῦν

193 3166 299 3237 μὲν
331 3166 431 3217 καὶ
473 3164 610 3216 Θεδν
654 3163 1133 3229 κατωνομάκασιν,
1194 3163 1267 3223 ὡς
1294 3161 1383 3214 διὰ
1414 3162 1631 3213 πάντων
1664 3179 1773 3230 χω-

195 3259 423 3329 ροῦντα,
459 3256 559 3309 καὶ
587 3253 1007 3323 καταθεώμενον
1029 3253 1097 3307 τά
1142 3252 1321 3306 πάντα
1341 3268 1355 3282 ·
1384 3250 1517 3321 ὓλην
1549 3251 1606 3303 δέ
1642 3269 1773 3319 φασι

191 3353 309 3407 τῶν
334 3352 690 3422 καλουμένων
717 3351 997 3418 στοιχείων
1031 3349 1129 3418 τὴν
1158 3346 1479 3417 τετρακτύνο
1527 3346 1663 3416 πρδς
1716 3345 1773 3398 δὲ

192 3448 292 3499 καὶ
343 3444 592 3515 πέμπτον
631 3443 711 3496 ἔτι
767 3441 923 3511 σῶμα
969 3440 1032 3493 τὸ
1074 3440 1354 3509 οὐράνιονο
1397 3434 1536 3501 εἶδος
1578 3438 1633 3489 δὲ
1674 3438 1772 3504 τὴν

194 3538 503 3608 ίδιότροπον
540 3536 773 3590 ἑκάστου
804 3536 899 3587 καὶ
928 3532 1395 3604 συμπληρωτικὴν
1436 3531 1535 3598 τῆς
1584 3528 1773 3591 οὐσίας

195 3630 460 3699 ἰδιότητα,
509 3630 575 3698 ἣν
616 3629 665 3680 oi.
710 3627 810 3698 μὲν
852 3624 1083 3694 οὗσιώδη
1131 3623 1426 3690 ποιότητα,
1462 3623 1512 3673 οἱ
1541 3620 1596 3673 δὲ
1630 3620 1773 3672 ίδέαν

189 3721 519 3789 ὠνομάκασι
544 3733 558 3747 ⁸
604 3721 755 3787 τρεῖς
803 3713 898 3771 οὖν
928 3716 1133 3779 ταύτας
1174 3714 1283 3767 τῶν
1324 3714 1493 3767 ὄντων
1532 3714 1627 3765 καὶ
1665 3712 1773 3765 τῶν

190 3813 501 3883 γινομένων
532 3812 714 3874 αἰτίας
749 3809 1119 3879 συνανάρχους
1136 3810 1221 3860 ἀεὶ
1248 3807 1493 3869 ἑστώσας
1515 3807 1609 3860 καὶ
1639 3822 1772 3859 συν-

191 3902 429 3967 αῖδίους,
458 3901 582 3973 μήτ’
609 3901 784 3971 ἀρχὴν
817 3902 953 3970 μήτε
979 3901 1130 3963 τέλος
1174 3899 1401 3969 ἐχούσας
1421 3898 1771 3969 διῃρημένως

190 3996 319 4049 καθ’
383 3995 586 4057 ἑαυτὰς
641 3994 967 4063 θεωρεῖσθαι
1020 3993 1382 4061 διορίζουσιν
1447 3990 1507 4056 ἑξ
1574 3984 1649 4043 ὧν
1709 3993 1774 4043 ἑκ

193 4086 488 4156 ποιητικοῦ
537 4086 725 4138 ὑλικοῦ
769 4102 831 4137 τε
876 4086 969 4137 καὶ
1002 4084 1170 4136 ίδικοῦ
1202 4083 1403 4145 αἰτίου,
1452 4082 1775 4153 ἀνθρώπους

191 4199 251 4233 τε
277 4183 371 4233 καὶ
410 4180 525 4244 ζῶα
569 4180 768 4242 πάντα,
813 4180 909 4231 καὶ
931 4178 1000 4231 τά
1031 4180 1123 4231 ἐπὶ
1151 4180 1355 4248 μέρους
1387 4178 1533 4247 φυτά
1569 4179 1770 4243 πάντα,

192 4270 383 4325 ἄλλοτε
411 4269 549 4324 ἀλλα
577 4268 665 4321 διὰ
696 4268 961 4334 γενέσεως
995 4268 1073 4329 είς
1108 4266 1197 4317 τὸν
1238 4268 1443 4335 κόσμον
1485 4266 1572 4319 ἀεὶ
1626 4283 1771 4336 παρ-

194 4363 462 4428 αγόμενα,
493 4357 589 4410 καὶ
620 4356 709 4408 διὰ
737 4355 943 4425 φθορᾶς
972 4355 1329 4424 ἀποιχόμενα,
1358 4358 1497 4409 κατὰ
1521 4372 1770 4426 συντυχι-

196 4455 303 4521 κήν
339 4468 463 4503 τινα
499 4451 589 4502 καὶ
620 4448 847 4519 ἄπειρον
873 4447 969 4499 καὶ
997 4447 1250 4517 ἀόριστον
1280 4448 1342 4499 ἑκ
1372 4447 1621 4516 διαδοχῆς
1642 4448 1775 4500 ἀνα-

199 4546 501 4615 κὺκ).ησιν⁶
552 4540 727 4605 οὕτως
772 4542 1023 4611 ἀνάρχως
1054 4540 1150 4592 καὶ
1180 4540 1556 4609 άτελευτήτως
1613 4543 1667 4603 ἐς
1712 4539 1774 4593 τὸ

195 4591 444 4707 διηνεκὲς
474 4591 1143 4703 ἀποτελεῖσθαιίὲοιαύτη
1172 4632 1271 4702 μὲν
1295 4633 1328 4700 ἠ
1350 4591 1459 4683 τῶν
1487 4591 1775 4702 οίη[σί]σό-
1800 4591 1853 4651 D

196 4748 312 4797 ςων
346 4730 670 4798 ματαιότης,
712 4727 788 4789 ὡς
838 4726 905 4778 δι’
943 4726 1139 4793 ὀλίγων
1180 4725 1513 4794 ὑπομνῆσαι,
1543 4723 1667 4793 ἀξια
1697 4721 1774 4793 τῷ

194 4825 309 4879 δντι
348 4823 449 4892 τῆς
485 4823 668 4877 αὐτῶν
702 4821 993 4890 ἀθεότητος
1025 4820 1291 4889 ἀναρχίας
1324 4836 1385 4872 τε
1420 4820 1514 4871 καὶ
1548 4817 1773 4882 ἀταξίας

197 4914 566 4984 ὑποτιθεμένη
589 4930 604 4943 ο
636 4915 730 4966 καὶ
763 4916 827 4983 τῇ
863 4911 1295 4983 ἀρχηγικωτάτῃ
1324 4911 1433 4962 τῶν
1462 4911 1598 4962 ὅλων
1628 4912 1769 4980 ἀρχῇ

198 5009 289 5061 καὶ
318 5007 473 5075 αἰτία
500 5006 563 5059 τὸ
592 5006 802 5057 ἁνίδεον
827 5001 1016 5073 αἶσχος
1047 5003 1146 5073 τὴν
1178 5001 1332 5071 ὓλην,
1352 5003 1448 5053 καὶ
1482 5001 1541 5053 τὸ
1570 5002 1772 5055 ἀνυπό-

196 5115 389 5151 στατον
438 5093 577 5160 εἶδος
616 5096 924 5167 όμοσθενῶς
972 5096 1061 5149 ἀεὶ⁸
1096 5094 1465 5163 συνυπάρχειν
1511 5093 1773 5161 δογματί-

195 5190 392 5253 ζουσα·
411 5183 489 5242 ὧν
519 5188 617 5257 τῆς
645 5187 956 5256 παραλόγου
984 5184 1377 5256 ματαιοσοφίας
1406 5182 1467 5234 τὸ
1494 5182 1772 5253 αἴσχιστον

197 5277 289 5327 καὶ
316 5274 634 5345 παράλογον
662 5274 864 5337 ἱκανῶς
895 5277 1006 5335 τοῖς
1042 5272 1313 5339 θεολόγοις
1346 5271 1769 5341 ἐξεληλεγμένον

196 5367 463 5433 παρέντες
492 5368 656 5437 ἡμεῖς
699 5370 765 5438 τῇ
802 5366 895 5420 τοῦ
946 5365 1180 5438 μεγάλοι-ι
1212 5362 1432 5434 θώμεθα
1466 5362 1768 5435 Γρηγορίου

196 5457 552 5529 άληθοσοφία,
588 5474 643 5511 κ.
678 5475 731 5512 τ.
764 5457 815 5510 λ.

1879 1998 2040 2044 tatem
2074 2004 2169 2058 per
2197 1988 2631 2058 tlteologicorum
2672 1988 2988 2058 dogmatum
3021 1990 3294 2059 exegesim
3328 2005 3459 2060 pro-

1877 2081 2213 2135 eurabimus.
2276 2080 2609 2148 Proponitur
2634 2092 2815 2134 autem
2845 2082 3004 2145 nobis
3031 2082 3246 2152 primus
3275 2097 3460 2139 sermo

1875 2172 1940 2226 ad
1968 2172 2401 2241 disquisitionem
2426 2171 2502 2225 De
2528 2170 2826 2241 principiis.

1950 2424 2053 2491 Qui
2086 2425 2380 2480 mundanae
2410 2425 2693 2495 sapientia!
2738 2440 3006 2479 summam
3050 2426 3297 2496 accipere
3318 2442 3459 2498 pra:-

1875 2527 2101 2573 sumunt
2123 2517 2515 2588 cognitionem,
2539 2517 2723 2572 omnia
2760 2518 2905 2572 entia
2936 2528 2990 2572 et
3022 2528 3203 2575 creata
3234 2519 3302 2574 ad
3347 2530 3460 2577 tres

1878 2610 2206 2678 principales
2229 2617 2283 2663 et
2307 2598 2596 2676 primarias
2623 2624 2822 2664 causas
2870 2626 2964 2664 seu
3013 2611 3279 2681 principia
3318 2612 3460 2667 refe-

1878 2710 2059 2755 rentes
2091 2708 2451 2766 enumerant;
2494 2699 2594 2755 Itas
2624 2710 2821 2754 vocant
2857 2714 3112 2768 mentem,
3146 2706 3457 2769 materiam,

1878 2805 1931 2848 et
1959 2794 2215 2859 speciem,
2248 2808 2386 2862 quas
2411 2794 2726 2847 communia
2754 2793 3023 2863 principia
3054 2804 3109 2850 et
3137 2812 3461 2853 emnmunes

1877 2901 2076 2940 causas
2121 2885 2368 2938 omnium
2401 2895 2737 2954 supponunt,
2782 2902 2906 2940 cum
2941 2889 3090 2943 nullo
3112 2890 3205 2959 qui
3240 2892 3455 2962 concipi

1879 2985 2045 3045 queat
2100 2977 2285 3041 modo,
2322 2985 2416 3029 aut
2451 2976 2778 3047 principium
2843 2987 2936 3033 aut
2987 2980 3149 3035 linem
3210 2984 3462 3052 accipere

1876 3082 2121 3137 unquam
2174 3075 2407 3136 possunt
2456 3078 2551 3121 aut
2600 3076 2880 3137 poterunt.
2950 3068 3185 3126 Mentem
3239 3075 3457 3143 quidem

1879 3160 2049 3213 Deum
2098 3158 2527 3228 appellaverunt,
2581 3169 2641 3212 ut
2695 3175 2790 3229 per
2834 3161 3019 3215 omnia
3071 3163 3355 3230 diffusum,
3408 3177 3463 3219 et.

1879 3252 2065 3306 omnia
2097 3263 2567 3317 commoventem;
2593 3252 2876 3306 materiam
2906 3268 3035 3309 vero
3060 3254 3251 3310 dicunt
3270 3271 3458 3311 eorum

1877 3358 2000 3411 qua:
2033 3352 2299 3395 vocantur
2353 3342 2649 3406 elementa,
2682 3343 3144 3411 quaternitatem;
3190 3346 3441 3417 quintum

1876 3444 2058 3488 autem
2098 3434 2353 3501 adjicitur
2389 3449 2589 3503 corpus
2642 3434 2866 3490 caeleste
2898 3452 2911 3488 :
2944 3437 3184 3505 speciem
3217 3437 3458 3507 denique

1877 3526 2155 3596 propriam
2211 3528 2442 3579 formam
2480 3525 2749 3595 cujusque
2773 3537 2827 3582 et
2857 3527 3155 3597 perfectam
3199 3530 3460 3585 substan-

1879 3618 1967 3672 tia:
2000 3618 2388 3688 proprietatem
2414 3657 2429 3682 ,
2462 3632 2626 3686 quam
2674 3619 3091 3675 substantialem
3139 3622 3458 3691 qualitatem

1878 3713 1994 3777 alii,
2025 3714 2115 3767 alii
2153 3714 2330 3767 ideam
2354 3712 2801 3769 nominaverunt.
2839 3714 2973 3771 Tres
3010 3717 3175 3783 igitur
3210 3718 3327 3772 illas
3360 3733 3458 3772 en-

1879 3807 2014 3859 tium
2064 3815 2117 3859 et
2168 3816 2475 3860 creatorum
2514 3822 2709 3861 causas
2775 3808 3193 3878 coprincipales,
3247 3825 3460 3879 semper

1878 3899 2203 3953 exsistetttes
2234 3908 2288 3954 et
2319 3910 2619 3956 coaeternas
2643 3941 2658 3966 ,
2694 3917 2867 3970 neque
2903 3901 3230 3970 principium
3277 3919 3457 3973 neque

1878 3992 2041 4045 lim-tn
2077 3990 2338 4045 habentes
2368 3994 2626 4049 distincte
2672 4010 2766 4063 per
2800 4007 2860 4047 se
2892 3993 3257 4048 demonstrari
3288 4010 3460 4064 expo-

1880 4092 2048 4143 nunt;
2084 4098 2112 4137 e
2149 4084 2348 4153 quibus
2382 4095 2511 4139 sunt
2550 4102 2615 4139 ex
2663 4084 2839 4139 activa
2884 4084 3111 4138 materia
3153 4094 3207 4139 et
3241 4086 3461 4155 propria

1880 4187 2072 4235 causa,
2101 4173 2353 4229 homines
2389 4184 2443 4229 et
2475 4174 2737 4228 animalia
2769 4186 2988 4235 cuncta.
3020 4182 3073 4227 et
3103 4174 3461 4242 particulares

1878 4277 2067 4317 omnes
2097 4264 2313 4331 plantaz.
2346 4274 2400 4319 et
2444 4266 2663 4319 aliunde
2692 4266 2796 4318 alia
2827 4278 2925 4334 per
2960 4264 3373 4333 productionem
3405 4266 3459 4320 in

1880 4354 2146 4409 mundum
2201 4370 2417 4424 semper
2462 4356 2718 4419 inducta,
2773 4365 2826 4408 et
2882 4370 2978 4424 per
3034 4355 3459 4411 destructionem

1879 4457 2226 4515 consumpta,
2261 4449 2561 4502 secundum
2610 4446 2889 4502 fortuitam
2924 4448 3242 4515 quamdam,
3275 4446 3461 4501 inﬁni-

1881 4547 1989 4592 tam
2026 4549 2080 4593 et
2129 4540 2455 4593 iilimitatam
2522 4538 2848 4594 circularem
2910 4540 3353 4607 successionem;
3387 4540 3460 4595 ita

1880 4628 2087 4695 absque
2120 4630 2382 4700 principio
2408 4642 2463 4685 et
2490 4630 2594 4685 line
2631 4632 2684 4684 in
2713 4631 3033 4686 continuum
3074 4632 3455 4700 perﬁciuntur.

1881 4720 2032 4777 Talis
2084 4724 2300 4793 quidem
2353 4732 2436 4778 est
2490 4724 2683 4779 borum
2734 4723 3094 4793 superborum
3128 4725 3362 4789 insnnia,
3400 4734 3460 4779 ut

1880 4817 2070 4884 paucis
2124 4830 2453 4880 memorem,
2515 4816 2589 4869 illi
2643 4816 2736 4885 qui
2792 4825 2878 4869 est
2936 4816 3096 4883 digna
3150 4818 3461 4872 attribueus

1877 4907 2127 4961 atlteisue
2144 4923 2332 4961 eorum
2352 4909 2625 4963 anarcltiae
2650 4921 2702 4963 et
2732 4908 3105 4975 confusionis;
3131 4920 3183 4964 et
3200 4926 3459 4980 supremo

1877 4999 2123 5052 oumium
2186 4998 2451 5068 principio
2507 5008 2560 5053 et
2609 5015 2785 5054 causa:
2836 5016 3035 5070 per...
3066 4996 3456 5055 contum‘eliam

1883 5093 2191 5156 materiam,
2226 5101 2280 5146 et
2313 5092 2430 5147 sine
2458 5094 2760 5152 substantia
2808 5096 3044 5163 speciem
3097 5094 3214 5163 pari
3258 5094 3461 5147 virtute

1879 5199 2095 5252 semper
2126 5184 2425 5240 consociari
2458 5185 2865 5256 dogmatizaus;
2892 5202 3123 5256 quorum
3157 5187 3334 5241 stultae
3368 5204 3458 5239 sa-

1880 5276 2096 5344 pientiae
2127 5277 2518 5347 turpitudinem
2549 5287 2602 5332 et
2642 5278 2928 5333 stultitiam
2961 5279 3156 5333 merito
3188 5278 3459 5347 theologis

1879 5370 2296 5424 condemnatam
2349 5369 2697 5439 linquentes.
2753 5385 2855 5425 nos
2909 5371 2976 5424 ad
3042 5384 3225 5424 veram
3276 5368 3457 5438 magni

1878 5460 2121 5531 Gregorii
2152 5463 2469 5532 sapmtttiam
2507 5464 2909 5530 incumbamus,
2938 5473 3043 5519 etc.
