4194 6432
1982 462 2271 521 ΝΙΕΕΤᾸΞ
2316 460 2710 519 ΒΥΖΧΝἸῚΝΙ

3874 455 3991 517 583

2531 612 3935 631 um].—

1571 780 2205 899 ΝΙΚΗΤΑ.
2296 769 3141 887 ΒΥΖΔΝΤΙΟΥ

1450 1001 2064 1092 ΕΛΕΓΧΟΣ.
2192 999 2412 1085 ΚΛΙ

1185 1192 1321 1245 ἸΊΙΣ
1372 1191 1752 1244 ΣΤΑΛΕΙΣΙΙΣ
1796 1184 2181 1240 ΕΠΙΣΤΟΛΙΙΣ
2246 1183 2337 1235 ΕΚ
2394 1181 2530 1233 ΤΟΥ
2567 1180 2934 1233 ΛΡΧΟΝΤΟΣ

2559 997 3271 1084 ΛΝΛΤΡΟΠΙΙ

3000 1180 3136 1232 ΤΗΣ
3180 1174 3534 1230 ΛΡΜΕΝΙΛΣ

1542 1306 1653 1359 ΕΠΙ
1714 1303 2005 1367 ΔΙΛΒΟΛΠ
2040 1300 2177 1351 ΤΙΙΣ
2227 1296 2623 1351 ΟΡΘΟΔΟΞΟΥ
2656 1298 2850 1349 ΗΜΩΝ
2888 1296 3175 1349 ΠΙΣΤΕΩΣ

1360 1422 1474 1476 ΚΜ
1503 1423 1635 1474 ΤΗΣ
1668 1421 1866 1474 ΛΓΙΑΣ
1901 1421 2017 1473 ΚΑΙ
2072 1416 2606 1471 ΟΙΚΟΥΜΕΝΙΚΗΣ
2633 1414 2993 1468 ΤΕΤΔΡΤΗΣ
3028 1412 3362 1471 ΣΥΝΟΔΟΥ,

2120 1558 2200 1608 ΕΞ.
2238 1560 2319 1608 ΕΠ
2332 1559 2599 1607 ΙΤΡΟΠΗΣ

1461 1678 1585 1723 ΤΟΥ
1609 1674 2040 1722 ΦΙΛΟΧΙἾΣΤΟΥ
2066 1671 2173 1719 ΚΑΙ
2225 1671 2707 1719 ΕΥΣΕΒΕΣΤΛΤΟΥ
2735 1665 3036 1716 ΒΑΣΙΛΕΩΣ
3066 1666 3256 1713 ΙΙΜΩΝ.

1257 1806 1522 1876 Ἐγριὶφη
1580 1805 1647 1857 δὲ
1691 1804 1843 1873 πρὸς
1891 1804 1998 1856 τὸν
2050 1802 2312 1871 ἄρχοι-τα
2374 1802 2441 1854 ἐκ
2513 1800 2840 1869 προσώπου
2908 1799 3013 1852 τοῦ
3076 1795 3469 1866 πατριάρχου.

1694 2130 1908 2236 NIC
1942 2132 2223 2232 ETIE
2339 2128 3043 2236 BYZANTINI

1902 2342 2047 2402 REF
2054 2342 2250 2402 UTAT
2258 2340 2333 2400 10
2367 2339 2461 2399 ET
2502 2342 2828 2403 EVERSIO

1238 2510 1764 2588 EPISTULA?
1849 2512 1971 2583 AB
2058 2500 2399 2591 ’ARMEN

2424 2507 2547 2585 UE
2609 2511 3091 2591 PRINCIPE
3163 2512 3493 2593 MISSIE

1605 2708 1744 2763 ρυιε
1786 2710 2107 2756 INVIDIOSE
2159 2713 2348 2760 EIDEM
2376 2715 2666 2760 NOSTRAM
2696 2715 3130 2759 ORTIIODOXAM

1351 2830 1429 2874 ΕΤ
1456 2832 1735 2878 SANCTAM
1764 2834 1841 2877 ET
1885 2834 2302 2880 (ECUHENICAM
2336 2838 2634 2890 QUARTAM
2664 2840 2963 2885 SYNODUM
2999 2838 3385 2885 CRIMINATUR

2276 2962 2464 3008 JUSSU

1529 3081 1776 3129 CHRISTI
1828 3086 2100 3131 AMANTIS
2129 3087 2205 3130 ET
2233 3086 2475 3130 PIISSIMI
2509 3088 2730 3132 NOSTRI
2761 3090 3196 3134 lMPERATOBlS.

1438 3228 1651 3298 Scripta
1687 3240 1763 3284 est
1800 3230 1869 3283 ad
1898 3230 2212 3298 principem,
2247 3240 2295 3283 et
2338 3233 2706 3299 patriarclmm
2732 3234 2938 3286 inducit
2968 3241 3290 3303 aequantem.

1630 3364 1722 3426 (Ex
1761 3363 1946 3413 Leonis
1970 3366 2165 3415 Auno
2196 3366 2387 3416 Gra'cia
2426 3367 2700 3418 orthodoxa
2736 3375 2769 3418 t.
2798 3368 2837 3430 Ι,
2861 3383 2908 3431 p.
2931 3368 3063 3431 665.)

808 3662 859 3718 Ι.
887 3660 1024 3717 Cum
1058 3661 1148 3716 Dei
1198 3660 1558 3725 humanitate,
1598 3671 1650 3717 et
1679 3662 1877 3718 divinis
1907 3664 2129 3733 judieiis
2155 3704 2170 3728 ,
2196 3680 2320 3719 nec—
2349 3672 2392 3727 Α

2495 3672 2563 3718 α’.
2588 3664 2723 3717 Θεοῦ
2754 3664 3157 3735 φιλανθρωπίᾳ,
3190 3664 3282 3718 καὶ
3300 3665 3466 3729 θείοις
3499 3666 3752 3736 κρίμασι,
3787 3670 3880 3724 καὶ
3912 3673 4012 3725 εῦ-

742 3771 851 3810 non
905 3753 1279 3825 piissirnorum
1333 3761 1497 3822 atque
1537 3752 1969 3807 ortbodoxorum
1998 3763 2307 3808 nostrorum

736 3850 1124 3917 imperatorum
1166 3844 1499 3914 benignitate
1567 3860 1881 3914 supremam
1960 3846 2309 3915 pontiﬁcatus

735 3942 916 3994 sedem
965 3938 1165 4007 regina:
1208 3937 1422 3992 urbium
1472 3938 1964 4006 gubernareiume
1988 3939 2306 4008 receperim,

732 4032 882 4087 omni
911 4030 1091 4085 studio
1131 4030 1407 4099 animique
1435 4030 1715 4085 alacritate
1750 4030 1980 4084 rationis
1999 4040 2307 4099 compotem

732 4138 949 4194 gregem
982 4121 1184 4175 Christi
1214 4121 1409 4185 nestri,
1447 4120 1588 4174 inter
1646 4130 1897 4188 pastores
1927 4119 2205 4189 primarii,
2232 4119 2307 4171 uti

733 4215 817 4269 fas
853 4223 952 4276 est,
990 4227 1175 4281 regere
1211 4211 1552 4281 dirigereque
1604 4212 1841 4273 adnitor,
1870 4220 2007 4265 etut
2034 4211 2179 4265 vires
2210 4212 2310 4264 mi-

734 4306 986 4371 nistrant,
1013 4314 1067 4360 et
1094 4304 1268 4359 oratio
1302 4304 1355 4359 in
1390 4304 1504 4357 oris
1529 4307 1809 4374 aper-tione
1834 4305 1903 4358 ab
1929 4304 2309 4359 universorum

735 4397 965 4450 Domino
983 4396 1309 4465 suggeritur,
1331 4396 1531 4450 divinis
1568 4410 1937 4465 saepenumero
1967 4395 2312 4466 dogmatibus

733 4491 1003 4544 instruere
1026 4489 1406 4550 eoutendo,ne
1423 4488 1760 4542 zizaniorum
1794 4488 1957 4542 sutori
1989 4487 2224 4542 daemoni
2258 4488 2312 4541 in

733 4583 947 4637 sincero
984 4588 1047 4635 Ac
1064 4581 1357 4650 purissimo
1376 4579 1669 4645 frumento,
1692 4595 1815 4635 vera
1835 4581 2045 4635 scilicet
2060 4589 2315 4649 rectaque

733 4674 835 4728 ﬁde
866 4683 917 4728 et
940 4668 1214 4737 doctrina,
1243 4687 1406 4741 super
1424 4688 1587 4740 quam
1608 4672 1761 4726 ﬁrma
1807 4683 1967 4741 atque
1986 4673 2313 4727 inconcussa

733 4763 999 4817 catholica
1022 4772 1075 4816 et
1102 4762 1397 4833 apostolica
1421 4760 1662 4818 Ecclesia
1682 4763 1906 4818 fundata
1927 4772 2028 4827 est,
2055 4764 2312 4829 zizanias,

734 4855 1019 4909 limroticas
1042 4870 1237 4924 nempe
1255 4855 1539 4924 opiniones
1572 4856 1986 4923 disseminandi,
2010 4873 2319 4927 noxamque

730 4946 917 5001 divino
931 4945 1076 5015 gregi
1095 4944 1377 5010 aﬁ‘erendi,
1396 4946 1548 5000 locus
1571 4948 1662 5001 sit.
1680 4946 2023 5017 Quapropter
2042 4949 2167 5003 licet
2186 4966 2318 5004 non-

2415 3756 2603 3825 μενείᾳ
2631 3755 2738 3807 τῶν
2766 3754 3117 3808 πανευσεϐὦν
3150 3755 3242 3808 καὶ
3292 3754 3591 3825 ὀρθοδόξων
3652 3757 3810 3826 ἡμῶν
3844 3758 4008 3827 βασι-

2411 3847 2568 3907 λέων.
2598 3848 2689 3901 τὸν
2710 3846 3095 3917 ἀρχιερατικδν
3136 3845 3343 3916 βαθμὸν
3373 3848 3473 3917 τῆς
3492 3847 3766 3917 βασιλίδος
3795 3852 4009 3915 πόλεως

2411 3938 2790 4008 πηδάλιουχεϊν
2817 3937 3262 4007 ἀναδεδεγμένος,
3294 3938 3445 4009 πάσῃ
3476 3941 3681 4012 σπουδῇ
3723 3944 3821 3995 καὶ
3869 3960 4011 4012 προ-

2413 4028 2582 4100 θυμία
2602 4030 2662 4081 τὸ
2706 4028 2924 4096 λογικὸν
2972 4028 3225 4098 ποίμνιον
3254 4028 3347 4083 τοῦ
3396 4031 3792 4101 ἀρχιποίμενος
3844 4035 4010 4104 ἡμῶν

2413 4117 2647 4189 Χριστοῦ
2680 4119 2919 4188 ἐννόμως
2972 4118 3179 4172 διέπειν
3232 4120 3325 4173 καὶ
3377 4120 3636 4173 διιθύνειν
3664 4123 3959 4192 ἐπείγομαι
3991 4141 4005 4154 ο

2413 4212 2528 4272 καὶ,
2559 4211 2634 4274 ὡς
2660 4213 2691 4281 ἡ
2717 4212 2944 4281 δύναμις
2979 4212 3229 4282 ἐγχωρεῖ,
3267 4214 3360 4265 καὶ
3390 4213 3544 4280 λόγος
3584 4215 3640 4266 ἐν
3673 4216 3873 4279 ἀνοίξει
3911 4218 4005 4270 τοῦ

2415 4302 2707 4372 σώματος’
2730 4303 2881 4372 παρά
2907 4302 3000 4356 τοῦ
3030 4302 3139 4355 τῶν
3160 4302 3296 4356 ὅλων
3322 4307 3664 4376 χορηγεῖται,
3713 4309 3807 4359 καὶ
3840 4308 4010 4371 θείοις

2412 4395 2646 4464 ὅτιγμασι
2670 4395 3021 4464 καταρτίζειν
3048 4395 3265 4457 πυκνῶς
3294 4395 3453 4449 τοῦτο
3479 4397 3809 4461 ἐσπούδακα,
3833 4401 3909 4463 ὡς
3940 4400 4010 4453 ἂν

2414 4485 2597 4555 χώραν
2630 4486 2704 4555 μὴ
2728 4485 2866 4556 λάϐῃ
2893 4487 2921 4537 ό
2941 4486 3051 4539 τῶν
3082 4486 3341 4550 ζιζανίων
3368 4488 3603 4557 σπορεὺς
3624 4488 3888 4553 διάϐολος.
3912 4496 4010 4545 καὶ⁵

2416 4577 2492 4645 τῷ
2528 4578 2698 4646 ἀδόλῳ
2732 4577 2828 4631 καὶ
2889 4577 3265 4647 καθαρωτάτῳ
3300 4578 3451 4646 σίτῳ,
3490 4579 3738 4632 τουτέστι
3764 4584 3831 4651 τῇ
3878 4582 4011 4635 εἱλι-

2417 4673 2594 4740 κρινεί
2627 4670 2720 4723 καὶ
2746 4670 2882 4741 ὀρθῇ
2924 4670 3105 4721 πίστει
3134 4668 3227 4721 καὶ
3259 4668 3602 4739 διδασκαλίᾳ,
3640 4672 3699 4722 ὲν
3810 4671 4010 4740 βεϐαία

2418 4763 2513 4815 καὶ
2539 4762 2832 4824 ἀσάλευτος
2856 4763 2885 4831 ἡ
2917 4760 3181 4830 καθολικὴ
3210 4762 3303 4813 καὶ
3334 4760 3667 4832 ἀποστολικὴ
3704 4762 4007 4832 Ἐκκλησά

2418 4857 2638 4926 ἔστηκε.
2676 4854 2911 4919 ζιζάνια,
2947 4854 3111 4923 ήγουν
3139 4853 3420 4922 αἱρετικάς
3445 4870 3599 4915 τινας
3640 4853 3848 4917 ἑννοίας
3876 4856 4008 4907 ἐπι-

2423 4948 2642 5019 σπείρῃ,
2671 4948 2764 5001 καί
2786 4964 2936 5009 τινας
2962 4945 3055 4999 τοῦ
3081 4945 3225 4998 θείου
3249 4945 3501 5015 ποιμνίου
3528 4946 4005 5017 καταλυμήνηται.

732 5024 863 5087 nulli
884 5033 1063 5087 aulam
1082 5031 1297 5087 Domini
1332 5034 1595 5103 ingressi,
1632 5045 2057 5105 nostrorumque
2082 5052 2314 5092 arcano-
2348 5044 2388 5098 Β

2417 5042 2515 5093 Διά
2538 5057 2621 5093 τοι
2649 5038 2831 5100 τοῦτο,
2878 5039 2926 5091 εί
2959 5038 3050 5091 καί
3080 5054 3223 5099 τινες
3258 5036 3357 5105 τῆς
3389 5036 3559 5108 αὺλῖκ
3604 5037 3811 5106 Κυρίου
3853 5037 4009 5101 ἐντὸς

730 5140 852 5179 rum
886 5125 1174 5194 participes
1196 5124 1349 5188 facti,
1386 5139 1572 5195 postea
1610 5128 1677 5179 ab
1705 5126 1982 5196 aliquibus
2005 5130 2310 5183 temerariis

732 5216 1049 5271 hominibus
1103 5216 1332 5280 seducti,
1365 5217 1479 5271 sive
1531 5233 1597 5271 ex
1624 5218 1965 5287 ignorantia,
2008 5219 2122 5274 sive
2171 5220 2309 5275 avita

732 5306 1047 5363 morositate
1071 5309 1341 5379 oppressi,
1364 5325 1471 5363 non
1512 5311 1581 5364 ita
1620 5320 1765 5365 recte
1786 5312 2115 5380 exquisitam
2171 5315 2311 5367 veri-

732 5403 856 5457 tatis
886 5403 1175 5469 rationem,
1200 5419 1501 5473 puramque
1516 5404 1953 5459 Christianorum
1985 5408 2311 5461 sententiam

731 5496 1086 5563 proﬁtentur,
1125 5497 1224 5552 hos
1250 5513 1395 5553 nunc
1418 5500 1640 5567 quidem
1672 5510 1932 5555 consueta
1970 5501 2081 5554 oris
2106 5501 2313 5555 allocu-

733 5588 877 5641 tione
894 5589 1185 5657 corrigere,
1205 5599 1259 5644 et
1282 5590 1336 5644 in
1359 5591 1602 5646 veritatis
1642 5593 1885 5661 rectique
1908 5593 2320 5661 dogmatisnor-

2417 5134 2718 5201 γενόμενοι.
2748 5132 2841 5184 καὶ
2880 5130 2972 5183 τοῦ
3017 5130 3139 5183 καθ’
3174 5132 3321 5199 ἡμᾶς
3366 5127 3669 5199 μυστηρίου
3713 5133 4009 5198 μετασχεῖν

2420 5221 2866 5287 καταξιωθέντες,
2902 5214 3021 5273 εἶτα
3052 5220 3155 5272 ὑπὸ
3176 5236 3338 5271 τινων
3360 5218 3583 5271 είκαίων
3606 5217 3817 5288 ἀνδρῶν
3840 5236 4010 5271 κατα-

2423 5312 2750 5381 συρέντες,ῆ
2783 5314 2876 5364 καὶ
2916 5310 2975 5375 ἐξ
3027 5309 3316 5379 ἀμαθείας,
3348 5310 3381 5380 ἢ
3420 5309 3516 5364 καὶ
3561 5310 3627 5362 ὲκ
3672 5310 4010 5381 προγονικῆς

2419 5404 2746 5474 δυστροπίας
2796 5404 3221 5473 κεκρατημένοι,
3261 5406 3354 5456 καὶ
3393 5404 3468 5473 μὴ
3519 5402 3641 5455 λίαν
3694 5403 3873 5473 ὀρθῶς
3916 5403 4011 5455 τὸν

2422 5496 2625 5565 άκριὸῆ
2653 5495 2809 5561 λόγον
2860 5497 2959 5565 τῆς
3009 5495 3264 5564 ἀληθείας
3295 5495 3390 5547 καὶ
3441 5494 3687 5563 καθαρᾶς
3715 5493 3874 5561 δόξης
3898 5494 4008 5545 τῶν

2424 5589 2763 5659 Χριστιανῶν
2822 5588 3219 5658 πρεσϐεύοντες
3271 5587 3613 5655 τυγχάνοιεν,
3671 5584 3896 5647 τούτους
3928 5586 4007 5654 πῆ

733 5694 819 5732 ma
835 5680 1182 5733 constabilire
1200 5682 1589 5747 incumbimus,
1616 5699 1761 5738 nunc
1781 5699 1909 5739 vero
1940 5699 2055 5746 eos,
2081 5700 2218 5754 quos
2252 5686 2320 5738 ob

2426 5682 2522 5749 μὲν
2545 5684 2609 5751 τῇ
2634 5681 2796 5749 ἕκατά
2830 5682 3002 5751 στόμα
3048 5680 3234 5750 ὁμιλίᾳ
3286 5676 3644 5747 ἐπανορθοῦν,
3680 5678 3771 5728 καὶ
3822 5676 4009 5729 €316;-

732 5771 954 5841 longum
985 5772 1227 5827 locorum
1261 5773 1605 5830 intervallum
1640 5787 1932 5846 przesentes
1965 5778 2167 5847 alloqui
2203 5795 2309 5831 non

2416 5774 2604 5828 ὁσιοῦν
2641 5777 2718 5838 εἰς
2749 5776 2841 5827 τὸν
2884 5776 2980 5845 τῆς
3027 5774 3287 5841 ἀληθείας
3311 5772 3405 5825 καὶ
3430 5771 3522 5824 τοῦ
3551 5769 3710 5841 ὀρθοῦ
3736 5769 4007 5839 δόγματος

731 5878 1063 5932 possumus,
1102 5880 1199 5935 per
1231 5866 1487 5937 epistolas
1527 5868 1853 5925 conﬁrmare
1900 5869 2213 5935 studemus,
2258 5878 2307 5924 et

2416 5868 2572 5937 λόγον
2595 5868 3047 5940 προθυμούμεθαο
3090 5868 3165 5937 πῆ
3190 5868 3235 5920 δ’
3272 5861 3353 5929 οἷς
3389 5865 3528 5919 κατᾶ
3563 5864 3856 5933 πρόσωπον
3884 5862 4009 5933 ὁμι-
