4194 6432
703 364 805 430 ὑθί

1967 352 2258 423 NICETm
2294 367 2420 425 m7,
2442 366 2691 426 \NTINI

3852 377 3961 442 592

696 495 878 535 amore
909 494 1046 533 verm
1075 478 1191 531 ﬁ.|ci
1218 476 1487 546 professio
1518 491 1624 530 una
1646 486 1750 530 est.
1788 476 1850 529 At
1874 492 2123 544 qurenam
2148 479 2258 531 ha-c

2370 484 2451 534 ἐνέ
2470 499 2631 549 ι;ηνσι;
2655 482 2753 552 τὴν
2783 482 3010 535 σεαυτοῦ
3032 483 3188 548 δῦξαν
3215 485 3626 556 ἀποσεμνύνων.
3654 491 3746 542 καὶ
3778 508 3959 558 μακα-

696 575 857 628 fuerit
893 571 1172 627 verissima
1216 568 1504 640 professio,
1557 584 1717 638 quam
1748 569 1979 636 apostoli
2028 571 2265 623 tradide-

695 676 839 732 runt,
882 673 936 719 et
970 675 1081 717 tres
1107 672 1307 718 sanctae
1353 662 1546 731 synodi
1588 661 2095 725 constabiliverunt,
2144 664 2269 717 licet

692 758 857 826 aliqui
892 772 958 810 ex
1006 756 1107 811 hac
1154 764 1299 810 recta
1334 755 1437 809 ﬁde
1478 755 1813 819 rebellarint,
1849 754 2072 809 omnino
2119 756 2267 810 dices

692 858 861 906 tuam.
888 862 1010 916 quae
1039 846 1198 901 unius
1227 854 1438 899 natura:
1469 859 1637 899 unum
1672 844 1951 899 Christum
1998 856 2052 897 et
2082 843 2265 910 [Deum

691 950 937 994 nostrum
970 956 1034 993 ex
1085 939 1317 995 diversis
1353 938 1562 993 naturis
1613 947 1733 1008 post
1766 938 2022 992 unionem
2057 937 2264 993 factum

692 1033 989 1101 proﬁtetur.
1020 1042 1074 1086 et
1105 1050 1166 1087 ex
1195 1033 1407 1087 duabus
1448 1033 1661 1087 naturis
1688 1041 1741 1087 et
1765 1033 1900 1086 duas
1926 1040 2151 1085 naturas
2172 1033 2267 1086 ha-

689 1126 814 1180 bere
844 1126 896 1179 in
931 1143 1037 1180 una
1068 1127 1339 1196 hypostasi
1370 1138 1648 1196 pernegat.
1680 1128 1834 1181 llunc
1867 1126 2010 1179 enim
2038 1141 2265 1192 compo-

690 1220 907 1274 sitionis
939 1222 1159 1273 modum
1200 1221 1251 1272 in
1299 1221 1468 1274 divini
1504 1220 1662 1274 Verbi
1698 1220 1901 1273 unione
1931 1235 2054 1272 cum
2100 1234 2266 1273 carne

691 1313 892 1364 factum
949 1312 1118 1365 fuisse
1159 1312 1334 1380 palam
1368 1312 1505 1366 intra
1539 1311 1835 1366 declamas.
1870 1311 1983 1365 llen
2015 1327 2126 1364 rem
2163 1313 2266 1364 mi-

689 1405 838 1456 ram!
867 1402 1112 1467 Quanam
1142 1414 1196 1456 tu
1232 1404 1437 1457 ratione
1467 1412 1633 1458 testes
1668 1404 1916 1458 oculatos
1970 1412 2024 1456 et
2050 1404 2263 1458 divinos

687 1497 931 1549 veritatis
955 1511 1250 1564 prmeoncs,
1277 1511 1488 1550 necnon
1529 1505 1746 1549 sanctos
1766 1510 1827 1548 ac
1854 1493 2089 1548 deil‘t-ros
2119 1495 2264 1550 viros

686 1587 805 1639 aliis
848 1595 1011 1655 atque
1054 1588 1179 1641 aliis
1213 1588 1551 1657 temporibus
1593 1587 1657 1640 ad
1692 1586 1931 1656 synodos
1970 1602 2266 1654 congrega-

688 1690 771 1733 tos
823 1679 1041 1733 tandem
1101 1680 1292 1749 culpas
1342 1688 1397 1733 et
1450 1678 1780 1733 contumelia
1834 1678 2079 1732 oneras?
2128 1676 2262 1742 Quis

682 1772 829 1825 enim
855 1789 918 1826 ex
948 1772 1037 1834 iis,
1073 1773 1166 1842 qui
1192 1789 1278 1827 res
1301 1770 1635 1839 dijudicandi
1668 1769 1860 1840 peritia
1890 1770 2112 1840 pollent,
2146 1778 2261 1823 tra-

2381 576 2594 643 ριττοὺς
2626 570 2764 627 εἶναι
2795 577 3061 645 οἰόμενος,
3096 573 3176 641 οἷς
3218 579 3285 631 ἂν
3322 581 3460 649 μετά
3483 581 3579 651 τῆς
3606 582 3792 637 ἐνθέου
3820 587 3961 653 ἀγά⁴

2376 683 2486 735 πης
2522 668 2612 718 καὶ
2641 668 2673 732 ἡ
2706 668 2803 735 τῆς
2840 668 3076 739 ἀληθοῦς
3107 671 3343 735 πίστεως
3392 674 3653 743 ὁμολογία
3685 676 3783 744 μία
3814 678 3957 746 πάρ-

2375 774 2513 811 εστι.
2568 759 2667 822 Τίς
2718 760 2775 812 δὲ
2827 761 3035 831 αὖτηή
3091 763 3432 833 ἀληθεστάτη
3485 766 3765 835 ὁμολογία,
3810 768 3877 837 ἢν
3909 768 3963 821 οὶ

2373 850 2658 905 ἀπόστολοι
2706 853 3051 922 παρέδωκαν,
3082 855 3176 908 καὶ
3218 858 3275 910 al
3330 857 3484 925 ἅγιαι
3548 862 3695 928 τρεῖς
3752 860 3962 913 σύνοδοι

2373 944 2763 1014 κατώρθωσαν,
2817 947 2864 997 εί
2896 948 2988 1000 καί
3013 964 3158 1009 τινες
3204 948 3269 1002 ἐκ
3296 949 3502 1019 ταύτης
3533 951 3631 1018 τῆς
3666 951 3829 1023 ὀρθῆς
3865 954 3961 1005 πί-

2374 1053 2545 1100 στεως
2599 1038 3083 1109 ἀπεδυσπέτησαν;
3120 1042 3341 1105 Πάντως
3388 1044 3529 1113 ἐρεῖς
3573 1045 3674 1111 τὴν
3704 1043 3956 1107 σεαυτοῦ,

2372 1128 2492 1199 ἥτις
2524 1131 2654 1196 μιᾶς
2684 1130 2897 1198 φύσεως
2920 1132 3010 1184 τὸν
3037 1132 3132 1185 ’ένα
3156 1133 3389 1203 Χριστὸν
3422 1134 3513 1185 καὶ
3549 1133 3683 1186 Θεὸν
3712 1136 3870 1205 ἡμῶν
3892 1137 3958 1187 ὲκ

2371 1218 2644 1286 διαφόρων
2695 1220 2910 1287 φύσεων
2974 1223 3111 1290 μετά
3146 1222 3245 1292 τὴν
3286 1222 3485 1276 ἕνωσιν
3519 1222 3959 1278 ἀποτελεσθέντα

2370 1311 2641 1378 ὁμολογεῖ,
2669 1313 2760 1363 καὶ
2790 1314 2853 1364 ἐκ
2880 1311 2974 1363 δύο
3001 1313 3237 1379 φύσεων,
3275 1315 3369 1367 καὶ
3396 1314 3490 1368 δύο
3526 1316 3717 1382 φύσεις
3762 1316 3957 1385 ἔχοντα

2371 1402 2428 1452 ὲν
2458 1402 2556 1470 μιᾷ
2614 1402 2910 1455 ὑποστάσει
2960 1402 3087 1471 {ivra
3129 1405 3395 1474 ἀρνεῖται.
3456 1406 3660 1458 Τοῦτον
3699 1408 3803 1477 γὰρ
3864 1409 3958 1459 τὸν

2368 1493 2571 1563 τρόπον
2599 1493 2697 1561 τῆς
2752 1494 3054 1557 συνθέσεως
3100 1497 3458 1567 παρακατιὼν
3498 1500 3555 1550 ὲν
3578 1502 3644 1567 τῇ
3678 1498 3772 1551 τοῦ
3809 1500 3954 1551 θείου

2369 1584 2544 1651 Λόγου
2577 1584 2709 1653 πρὸς
2745 1586 2923 1655 σάρκα
2958 1586 3147 1639 ὲνὼσει
3184 1589 3514 1658 γεγενῆσθαι
3564 1590 3750 1659 σαφῶς
3772 1591 3960 1657 διαγο-

2372 1675 2569 1745 ρεύεις.
2600 1674 2773 1729 Βαϐαῖ
2793 1677 2889 1729 τοῦ
2916 1678 3221 1749 θαύματοςί
3253 1679 3371 1743 Πῶς
3400 1682 3480 1745 εἰς
3512 1682 3638 1743 τοὺς
3677 1682 3958 1746 αὐτόπτας

2370 1768 2460 1819 καὶ
2484 1767 2662 1831 θείους
2691 1769 2938 1838 κήρυκας
2960 1773 3057 1840 τῆς,
3086 1770 3364 1840 ἀληθείας,
3396 1772 3532 1825 ἀλλά
3574 1772 3681 1843 μὴν
3709 1773 3801 1826 καὶ
3829 1774 3958 1837 τοὺς

683 1866 850 1917 ditazn
884 1880 1026 1925 esse,
1064 1875 1158 1917 aut
1186 1864 1570 1918 conﬁrmatam
1603 1865 1745 1919 dicet
1777 1864 1918 1933 apud
1956 1862 2114 1917 Verbi
2159 1865 2258 1918 mi-

2366 1861 2506 1913 κατὰ
2538 1861 2829 1932 διαφόρους
2889 1862 3117 1931 χρόνους
3154 1863 3451 1928 συνοδικῶς
3509 1866 3957 1934 συνειλεγμένους

684 1957 907 2019 nistros,
941 1965 1035 2009 aut
1059 1955 1246 2011 Patres
1282 1956 1520 2021 divinos,
1560 1972 1723 2027 quam
1751 1966 1808 2011 tu
1837 1957 2106 2025 proﬁteris
2138 1972 2264 2011 sen-

682 2049 927 2114 tentiam,
965 2064 1086 2119 qua:
1120 2059 1348 2114 asserat,
1391 2049 1668 2104 Christum
1703 2049 1862 2104 unius
1909 2058 2114 2103 naturae
2141 2059 2265 2118 post

684 2143 940 2196 unionem
969 2158 1111 2207 esse,
1143 2151 1197 2197 et
1223 2158 1287 2196 ex
1313 2143 1520 2197 duabus
1553 2142 1811 2197 unionem
1846 2141 2174 2201 confectam,
2208 2143 2259 2196 in

678 2233 890 2289 duabus
924 2249 1073 2299 vero,
1114 2243 1208 2287 aut
1231 2234 1368 2289 duas
1399 2250 1520 2290 esse
1561 2244 1788 2289 naturas
1832 2244 1953 2303 post
2002 2235 2259 2288 unionem

680 2322 997 2377 inlicictur?
1027 2322 1317 2392 Propterea
1354 2326 1576 2380 accedat
1604 2326 1857 2395 princeps
1886 2325 2257 2392 apostolorum

680 2412 874 2467 Petrus
897 2429 995 2483 per
1016 2430 1172 2468 suam
1205 2414 1631 2479 confessionem,
1660 2424 1709 2468 te
1727 2430 1849 2485 qua‘
1870 2414 2052 2468 dixisti
2069 2428 2259 2468 emen-

679 2508 837 2559 titum
866 2522 986 2560 esse
1014 2507 1303 2561 manifesto
1325 2508 1581 2562 evineens
1597 2518 1670 2572 et,
1698 2522 1793 2577 per
1814 2523 1937 2561 eum
1969 2506 2259 2561 universus

678 2598 1055 2666 apostolorum
1102 2608 1301 2653 uetus.
1353 2597 1564 2652 Etenim
1592 2599 1843 2653 Christus
1892 2597 2153 2652 Doninus
2200 2608 2255 2652 et

680 2690 823 2746 Deus
850 2701 1032 2745 noster
1061 2692 1198 2745 dixit
1238 2692 1613 2761 apostolorum
1650 2692 1882 2761 principi
1936 2691 2093 2745 Petro
2127 2708 2141 2742 :
2178 2689 2256 2743 Tu

675 2801 729 2838 es
765 2784 975 2850 Petrus,
1008 2796 1056 2839 et
1082 2803 1239 2853 super
1265 2787 1399 2839 hanc
1426 2796 1632 2854 petram
1658 2786 1933 2854 aediﬁcabo
1966 2784 2255 2838 Ecclesiam

678 2893 867 2942 meam,
920 2887 969 2931 et
1008 2887 1174 2944 por-ue
1226 2877 1382 2945 inferi
1442 2892 1544 2929 non
1594 2875 1950 2945 prwvalcbunt
2004 2878 2254 2928 adversus

676 2985 791 3022 eam
826 2970 864 3022 ¹.
897 2967 1019 3023 Πίος
1048 2984 1211 3037 porro
1244 2968 1505 3023 Dominus
1538 2967 1697 3022 Petro
1726 2968 1955 3032 dixerat,
1988 2982 2111 3022 cum
2147 2967 2255 3021 Do-

678 3062 826 3114 mino
896 3062 1252 3129 semetipsum
1320 3060 1594 3116 hominem
1659 3059 1999 3129 nuncupanti
2057 3060 2256 3114 Petrus

677 3157 1034 3209 enimuasset,
1085 3148 1163 3201 Tu
1197 3166 1249 3203 es
1292 3148 1533 3203 Christus
1573 3148 1747 3203 Filius
1779 3148 1876 3202 Dei
1904 3150 2004 3203 viri
2035 3150 2076 3202 '.
2112 3150 2249 3204 Tum

2368 1950 2555 2018 ἁγίους
2585 1954 2677 2004 καὶ
2725 1953 3016 2024 θεοφόρους
3071 1956 3268 2021 ἄνδρας
3316 1955 3570 2009 τοσοῦτον
3600 1960 3838 2027 ἐπιχέεις
3860 1958 3957 2010 τὸν

2368 2043 2596 2113 μῶμον;
2630 2045 2725 2107 Τίς
2757 2048 2865 2117 γάρ
2891 2047 2998 2099 τῶν
3028 2047 3197 2113 ὑγιῶς
3250 2052 3456 2120 κρίνειν
3495 2049 3735 2115 εἰδότων,
3768 2068 3953 2120 παρα-

2362 2124 2630 2199 δεδόσθαι,
2662 2137 2693 2207 ἦ
2719 2138 3069 2206 βεϐαιοῦσθαι
3101 2142 3295 2211 φήσειε
3328 2141 3479 2211 παρά
3503 2145 3614 2204 τοῖς
3646 2142 3956 2212 ὑπηρέταις

2362 2228 2457 2280 τοῦ
2505 2227 2685 2296 λόγου,
2721 2231 2753 2300 ἢ
2804 2233 2917 2294 τοῖς
2952 2231 3117 2295 θείοις
3151 2233 3399 2301 Πατράσι
3433 2234 3533 2303 τὴν
3570 2235 3769 2287 οὑτωσὶ
3800 2235 3955 2305 rapi

2364 2319 2460 2372 σοῦ
2492 2322 2936 2394 πρεσϐευομένην
2954 2324 3132 2391 δόξαν,
3150 2327 3249 2395 τὴν
3269 2328 3582 2394 φάσκουσαν
3607 2328 3696 2380 τὸν
3718 2328 3955 2397 Χριστὸν

2364 2414 2493 2483 μιᾶς
2524 2414 2737 2482 φύσεως
2765 2415 2903 2484 μετά
2935 2417 3033 2487 τὴν
3058 2418 3252 2471 ἕνωσιν
3283 2414 3445 2480 εἶναι,
3488 2421 3581 2472 καὶ
3631 2422 3695 2471 ὲκ
3732 2420 3825 2472 δύο
3851 2421 3955 2488 μὲν

2356 2505 2813 2561 ἀποτελεσθεῖσαν
2840 2507 2940 2576 τὴν
2967 2508 3182 2572 ἕνωσιν,
3221 2510 3279 2561 ἐν
3309 2510 3400 2562 δύο
3428 2510 3505 2576 δὲ,
3540 2510 3571 2579 ἦ
3598 2510 3691 2563 δύο
3721 2507 3861 2563 εἶναι
3888 2512 3954 2563 τ’)

2360 2597 2520 2664 φύσει
2540 2599 2678 2666 μετά
2703 2598 2799 2668 τὴν
2821 2598 3013 2651 ἕνωσιν
3030 2600 3507 2670 ἀπαγορεύουσαν;
3535 2602 3624 2653 Διὸ
3641 2603 3955 2671 εἰσαχοήτω

2356 2694 2383 2745 6
2414 2694 2706 2760 κορυφαῖος
2751 2692 2860 2744 τῶν
2900 2692 3212 2746 ἀποστόλων
3261 2692 3488 2763 Πέτρος,
3512 2693 3600 2746 διά
3627 2693 3724 2762 τῆς
3755 2692 3953 2746 ἑαυτοῦ

2356 2784 2647 2853 ὁμολογίας
2690 2783 3133 2855 ψευδηγοροῦντά
3157 2802 3217 2838 σε
3234 2785 3515 2847 δεικνύων,
3540 2785 3633 2838 καὶ
3650 2784 3717 2838 δι’
3740 2786 3953 2837 ἐκείνου

2357 2874 2499 2937 ἄπας
2530 2877 2558 2927 6
2580 2875 2689 2926 τῶν
2714 2875 3030 2929 ἀποστόλων
3066 2877 3345 2944 σύλλογος.
3382 2876 3491 2929 Καὶ
3514 2878 3623 2946 γὰρ
3656 2876 3887 2947 Χριστὸς
3919 2878 3951 2927 6

2358 2966 2559 3034 Κύριος
2584 2967 2675 3018 καὶ⁵
2708 2967 2841 3029 Θεὸς
2872 2968 3028 3037 ἡμῶν
3050 2966 3127 3038 τῷ
3161 2968 3271 3020 τῶν
3296 2969 3615 3021 ἀποστόλων
3643 2969 3744 3037 ἔφη
3781 2984 3949 3038 acopo-

2356 3052 2501 3123 φαίῳ
2535 3054 2763 3123 Πέτρῳ·
2820 3055 2905 3109 Σὺ
2959 3056 3017 3108 εἷ
3076 3056 3319 3124 Πέτρος,
3383 3055 3481 3109 καὶ
3521 3057 3617 3109 ἐπὶ
3660 3058 3846 3124 ταύτῃ
3872 3056 3951 3124 τῇ

2357 3147 2540 3212 πέτρᾳ
2560 3146 2935 3215 οἰκοδομήσω
2947 3166 3065 3217 μου
3089 3150 3204 3216 τὴν
3232 3150 3622 3215 Ἐκκλησίαν,
3644 3148 3739 3202 καί
3757 3150 3949 3202 πύλαι

677 3256 806 3293 vero
838 3243 889 3294 in
914 3241 1134 3295 Christo
1163 3240 1398 3295 Domino
1418 3250 1469 3295 et
1502 3241 1609 3296 Deo
1631 3250 1822 3296 nostro
1844 3241 1958 3295 hzec
1980 3241 2087 3295 duo
2110 3241 2254 3296 dicta

2361 3237 2507 3303 ᾷὸου
2529 3240 2602 3291 οὐ
2619 3240 3110 3307 κατισχύσουσιν
3134 3239 3345 3307 αὐτῆς.
3378 3240 3577 3292 Τοῦτον
3595 3239 3650 3292 δὲ
3671 3240 3760 3292 τὸν
3787 3239 3949 3308 λόγον

677 3332 929 3400 copulata
965 3342 1113 3393 sunt,
1150 3332 1647 3402 conﬁrmatumque
1677 3340 1781 3395 est,
1817 3340 1871 3387 et
1901 3332 2071 3386 Deum
2112 3346 2254 3397 esse,

676 3432 731 3477 et
763 3422 1061 3476 hominem.
1092 3422 1149 3475 Si
1180 3422 1364 3491 itaque
1399 3423 1573 3476 ambte
1603 3423 1684 3477 ha:
1721 3422 1941 3476 deitatis
1983 3432 2036 3475 et
2064 3422 2256 3475 huma-

679 3512 867 3567 nitatis
925 3512 1191 3577 rationes,
1241 3526 1363 3566 eum
1423 3512 1676 3567 Christus
1721 3512 1985 3567 Dominus
2017 3521 2071 3567 et
2115 3511 2257 3568 Deus

678 3611 866 3657 noster
901 3616 1045 3655 unus
1076 3601 1325 3665 exsistat,
1361 3616 1483 3671 p05t
1512 3602 1685 3672 ipsius
1717 3601 1974 3656 unionem
2004 3601 2070 3656 de
2090 3617 2155 3656 eo
2171 3601 2256 3656 di-

677 3703 900 3758 cuntur,
932 3702 986 3748 et
1013 3709 1154 3749 unus
1186 3704 1240 3747 et
1265 3694 1403 3748 idem
1427 3702 1511 3748 est
1543 3694 1905 3763 sempiternus
1935 3694 2257 3750 Filius‘ante

677 3788 861 3843 omnia
894 3788 1090 3842 smcula
1140 3801 1169 3841 a
1214 3785 1372 3841 Patre
1413 3787 1529 3841 sine
1572 3797 1813 3858 tempore
1854 3799 1908 3842 et
1956 3791 2256 3845 mutatione

677 3890 1000 3950 prognatus,
1024 3882 1117 3950 qui
1162 3889 1244 3935 est
1293 3895 1398 3934 una
1449 3879 1809 3935 sanctissima:
1836 3880 2118 3937 Trinitatis
2158 3882 2256 3953 hy-

681 3972 938 4041 postasis,
956 3970 1100 4027 Deus
1121 3971 1268 4025 Patri
1293 3970 1591 4026 secundum
1617 3972 1977 4026 zelernitatem
2001 3973 2251 4042 aequalis,

678 4073 961 4135 paternam
985 4064 1279 4119 essentiam
1310 4071 1365 4119 et
1390 4073 1640 4119 naturam
1683 4065 1738 4118 in
1774 4080 1833 4119 ae
1861 4075 2121 4135 perpetuo
2153 4066 2253 4120 ha-

677 4156 835 4220 hens,
853 4157 947 4211 sed
969 4157 1057 4226 qui
1076 4157 1336 4211 extremis
1359 4156 1692 4225 temporibus
1733 4171 1796 4210 ex
1822 4156 2027 4226 Spiritu
2061 4165 2254 4213 sancto

675 4249 912 4303 etMaria
938 4247 1156 4319 Virgine
1176 4263 1395 4302 carnem
1418 4259 1473 4303 et
1516 4248 1906 4303 humanitatem
1929 4250 2250 4319 assumpsit,

677 4341 767 4396 hic
797 4349 1032 4395 aeternus
1067 4338 1238 4395 Filius
1282 4340 1400 4395 sine
1432 4340 1538 4393 ulla
1571 4340 1872 4395 mutatione
1918 4340 2093 4395 factus
2134 4352 2255 4394 tan-

675 4446 839 4502 quam
870 4447 1013 4486 unus
1049 4446 1116 4486 ex
1149 4432 1484 4498 hominibus,
1514 4446 1608 4501 per
1638 4432 1820 4486 omnia
1852 4446 1964 4502 pra:
1993 4448 2101 4487 uno
2136 4448 2254 4502 pec-

677 4534 823 4590 cato,
876 4533 1089 4590 nostra,
1129 4539 1293 4593 quam
1338 4524 1453 4595 ipse
1495 4540 1603 4579 non
1640 4524 1895 4591 habebat,
1927 4533 2118 4579 natura
2158 4540 2252 4580 ac-

2357 3330 2384 3378 6
2420 3326 2622 3397 Κύριος
2668 3329 2770 3397 ἔφη
2822 3329 2902 3399 τῷ
2961 3330 3172 3400 Πέτρῳ,
3232 3331 3393 3399 ἡνίκα
3427 3331 3562 3399 πρὸς
3587 3331 3675 3383 τὸν
3716 3333 3944 3403 Κύριον,

2359 3418 2547 3471 ἑαυτὸν
2575 3419 2703 3471 Υίὸν
2759 3420 3051 3490 ἀνθρώπου
3104 3422 3433 3493 κεκληκότα,
3472 3425 3678 3494 Πέτρος
3712 3424 3903 3494 εἴρηκε
3928 3438 3945 3454 ⁶

2358 3509 2441 3561 Σὺ
2472 3506 2531 3562 εἴ
2553 3513 2584 3563 ό
2629 3513 2886 3579 Χριστὸς
2939 3516 2973 3567 ό
3027 3514 3161 3580 Υἱὸς
3222 3514 3328 3568 τοῦ
3369 3514 3519 3569 Θεοῦ
3553 3515 3659 3569 τοῦ
3698 3515 3936 3582 ζῶντος.

2358 3601 2467 3653 Καὶ
2495 3604 2839 3673 συνήχθησαν
2897 3606 2989 3658 ἐπὶ
3022 3606 3259 3678 Χριστοῦ
3291 3608 3384 3661 τοῦ
3432 3608 3637 3679 Κυρίου
3667 3609 3762 3661 καὶ
3805 3608 3945 3663 Θεοῦ

2356 3697 2513 3768 ήμῶν
2563 3700 2859 3770 ἀμφότεροι
2888 3701 2936 3752 οί
2969 3699 3139 3768 λόγοι,
3177 3703 3270 3756 καὶ
3304 3703 3671 3769 πεπίστωται,
3727 3704 3808 3756 ὃτι
3847 3706 3944 3757 καὶ

2356 3790 2488 3853 Θεδς
2514 3791 2608 3844 καὶ
2632 3792 2916 3863 ἄνθρωπός
2949 3796 3117 3850 ἐστιν.
3149 3796 3212 3849 El
3240 3796 3335 3849 οὖν
3357 3797 3659 3867 ἀμφότεροι
3684 3800 3733 3850 οί
3765 3798 3940 3865 λόγοι,

2355 3883 2456 3952 τῆς
2478 3885 2752 3953 θεότητος,
2785 3887 2951 3956 φημὶ,
2984 3886 3078 3939 καὶ
3120 3887 3220 3957 τῆς
3245 3887 3663 3959 ἀνθρωπὸτητος
3687 3890 3782 3943 τοῦ
3815 3891 3940 3953 ἐνὸς

2356 3974 2507 4038 ὄντος
2545 3976 2780 4047 Χριστοῦ
2806 3978 2901 4031 καὶ
2932 3977 3140 4048 Κυρίου
3175 3980 3269 4032 καὶ
3295 3979 3430 4032 Θεοῦ
3459 3981 3636 4049 ήμῶν,
3677 3982 3813 4049 μετά
3840 3981 3941 4053 τὴ)

2355 4068 2549 4120 ἕνωσιν
2600 4066 2765 4120 αὑτοῦ
2806 4068 3265 4140 κατηγοροῦνται,
3328 4071 3420 4123 καὶ
3448 4065 3529 4134 εἷς
3574 4073 3670 4125 καὶ
3720 4073 3747 4125 ὁ
3776 4074 3941 4136 αὑτός

2354 4159 2502 4210 ἐστιν
2555 4158 2584 4211 ὁ
2612 4158 2780 4235 ἀίδιος
2815 4158 2963 4223 Υἱὸς,
2996 4160 3025 4212 6
3079 4160 3185 4229 πρὸ
3236 4161 3454 4214 πάντων
3478 4162 3588 4214 τῶν
3620 4162 3833 4216 αἰώνων
3874 4165 3939 4217 ἐκ

2353 4246 2449 4300 τοῦ
2480 4249 2692 4318 Πατρός
2735 4249 2981 4319 ἀχρὸνως
3014 4252 3108 4303 καὶ
3154 4252 3382 4317 ἀπαθῶς
3430 4256 3848 4325 γεγεννημένος.
3878 4257 3941 4319 ὃς

2354 4338 2503 4390 ἔστιν
2530 4338 2828 4401 ὑπόστασις
2877 4339 2977 4409 μία
3028 4340 3125 4409 τῆς
3158 4341 3319 4408 ἀγίας
3343 4342 3595 4411 Τριάδος,
3631 4343 3764 4407 Θεὸς
3824 4345 3940 4407 ῖσος

2354 4426 2431 4497 τῷ
2468 4429 2642 4498 Πατρὶ
2672 4429 2812 4482 κατὰ
2837 4430 2935 4499 τὴν
2963 4430 3258 4501 ἀῖδιότητα,
3304 4431 3401 4503 τὴν
3428 4434 3703 4505 πατρικὴν
3748 4434 3939 4489 οὐσίαν

2356 4520 2451 4572 καὶ
2477 4518 2638 4588 φύσιν
2664 4519 2849 4583 ἀῖδίως
2882 4521 2940 4573 ὲν
2966 4520 3147 4590 ἑαυτῷ
3173 4522 3332 4591 ἔχων,
3366 4522 3453 4575 ἐπ’
3484 4524 3729 4593 ἐσχάτων
3750 4525 3806 4577 δὲ
3830 4526 3940 4577 τῶν

676 4622 857 4685 cepta,
910 4619 965 4670 in
1019 4631 1086 4671 eo
1112 4590 1318 4683 divina,
1345 4590 1506 4687 quam
1555 4615 1623 4671 ab
1665 4624 1868 4672 aeterno
1915 4616 2245 4687 possidebat,

2361 4608 2580 4679 ἡμερῶν
2617 4609 2683 4662 ὲκ
2711 4609 3025 4680 Πνεὺματος
3056 4590 3329 4677 ἀγίουίκαὶ
3361 4590 3581 4684 Μαρίας
3606 4613 3705 4683 τῆς
3735 4614 3941 4683 Παρθέ-

677 4717 1049 4777 permanente,
1086 4708 1437 4763 manifestum
1466 4717 1568 4773 est,
1602 4707 1657 4763 in
1691 4709 1900 4764 duabus
1929 4708 2160 4774 naturis,
2194 4717 2249 4764 et

676 4802 814 4854 duas
840 4810 1063 4854 naturas
1088 4799 1386 4870 possidere,
1405 4800 1495 4869 qui
1522 4815 1663 4855 unus
1689 4809 1771 4855 est
1794 4799 2069 4870 hypostasi
2091 4798 2249 4855 Chri-

679 4896 799 4945 stus
828 4898 952 4960 post
979 4890 1257 4954 unionem,
1295 4890 1341 4945 si
1366 4889 1525 4944 modo
1558 4890 2003 4959 compcllationcs
2034 4888 2174 4943 Deus
2196 4899 2252 4945 et

678 4991 832 5039 homo
862 4993 1089 5039 naturas
1120 4983 1382 5047 indicant,
1425 4990 1683 5052 tanquam
1722 4998 1841 5052 qua:
1870 4982 1937 5036 de
1955 4982 2139 5035 multis
2165 4980 2250 5035 di-

678 5088 900 5133 cuntur.
972 5075 1346 5131 Confessionis
1412 5074 1593 5145 itaque
1651 5074 1719 5129 de
1768 5073 1986 5129 Christo
2056 5088 2249 5127 verum

679 5166 944 5236 dogmain
972 5164 1315 5219 Chalcedone
1334 5163 1615 5218 celebrata:
1655 5161 1852 5217 divinae
1879 5160 2071 5231 synodi
2122 5175 2252 5215 san-

678 5268 889 5311 ctorum
909 5254 1131 5310 Patrum
1163 5255 1407 5310 deﬁnitio
1431 5262 1572 5308 recte
1594 5250 2140 5315 decernit,Christum
2161 5250 2254 5303 de-

680 5349 1000 5413 terminans,
1042 5362 1207 5401 unam
1262 5360 1381 5401 esse
1421 5361 1486 5400 ex
1531 5354 1718 5399 sancta
1770 5342 2035 5397 'l‘rinitate
2088 5342 2246 5410 hypo-

677 5441 871 5497 stasim
899 5441 1034 5495 duas
1083 5448 1309 5493 naturas
1342 5438 1654 5502 habentem,
1701 5444 1950 5489 naturam
2007 5432 2248 5487 divinam

676 5547 728 5589 et
761 5542 1011 5588 naturam
1038 5534 1354 5586 humanam.

2355 4718 2447 4755 νου
2498 4702 2825 4771 σαρκωθεὶς,
2887 4705 2979 4756 καὶ
3014 4703 3463 4775 ὲνανθρωπήσας,
3513 4698 3669 4769 οὗτος
3708 4708 3736 4759 ὁ
3766 4707 3939 4770 ἀίδιος

2357 4792 2484 4857 Υίὺς
2506 4794 2793 4864 ἀτρέπτως
2824 4795 2916 4848 καὶ
2942 4794 3337 4861 ἀναλλοιὼτως,
3370 4798 3466 4851 καὶ
3487 4797 3725 4867 γεγονὼς
3759 4800 3834 4862 ὠς
3856 4794 3937 4863 εἷς

2355 4884 2464 4938 τῶν
2494 4884 2799 4956 ἀνθρώπων
2831 4888 2973 4941 κατά
2999 4886 3197 4951 πάντα,
3238 4891 3409 4959 χωρὶς
3441 4891 3737 4961 ἁμαρτίας,
3762 4908 3936 4960 προσ-

2353 4975 2592 5046 ειληφὼς
2612 4976 2709 5046 τὴν
2736 4978 3029 5047 ἡμετέραν,
3065 4979 3134 5050 ἥν
3167 4980 3267 5033 οὑκ
3294 4975 3428 5050 εἶχε,
3473 4981 3657 5050 φύσιν,
3696 4998 3936 5052 μεμενη-

2353 5067 2513 5131 κυίας
2564 5068 2711 5139 αὑτῷ
2766 5069 2863 5138 τῆς
2893 5069 3062 5137 θείας,
3095 5072 3163 5141 ἢν
3201 5073 3389 5137 ἀϊδίως
3419 5076 3660 5144 προεῖχε,
3694 5074 3934 5142 φύσεωςο

2354 5159 2607 5229 φανερὸν,
2638 5160 2719 5213 ὅτι
2750 5162 2807 5213 ἐν
2834 5160 2925 5213 δύο
2950 5162 3144 5229 φύσεσι
3174 5164 3266 5216 καὶ
3289 5163 3383 5217 δύο
3406 5163 3595 5231 φύσεις
3627 5164 3767 5233 ἔχων
3789 5165 3939 5216 ἐστὶν

2357 5252 2385 5303 6
2414 5246 2494 5314 εἷς
2518 5254 2584 5323 τῇ
2615 5253 2907 5306 ὑποστάσει
2936 5254 3169 5324 Χριστὸς
3195 5256 3335 5324 μετά
3368 5256 3466 5326 τὴν
3512 5255 3708 5309 ἕνωσιν
3728 5273 3741 5286 ·
3779 5257 3940 5327 εἴπερ

2357 5342 2417 5394 τὸ
2450 5345 2593 5409 Θεθς
2620 5343 2788 5413 ὄνομα
2810 5345 2904 5397 καὶ
2929 5346 3241 5413 ἅνθρωπος
3269 5346 3485 5415 φύσεών
3506 5350 3612 5400 εἰσι
3637 5348 3937 5416 δηλωτικὰ,

2357 5434 2429 5497 ὡς
2461 5435 2600 5487 κατὰ
2620 5436 2828 5487 πολλῶν
2846 5437 3142 5507 φερόμενα.
3161 5438 3368 5491 Οὑκοῦν
3388 5439 3448 5491 τὸ
3478 5439 3574 5509 τῆς
3602 5440 3679 5502 είς
3703 5440 3942 5510 Χριστὸν

2358 5526 2648 5595 ὁμολογίας
2677 5528 2770 5580 τοῦ
2816 5528 3141 5581 ’Λποστόλου
3197 5529 3449 5600 ἀληθινὸν
3475 5531 3652 5599 δόγμα
3697 5533 3725 5583 6
3746 5531 3846 5600 τῆς
3878 5531 3939 5583 ὲν

677 5623 979 5695 Χαλκηδόνι
1006 5622 1517 5695 συγκεκροτημένης
1540 5621 1687 5681 θείας
1708 5620 1921 5674 συνόδου
1944 5619 2051 5673 τῶν
2081 5618 2251 5686 ἁγίων
2289 5618 2549 5687 Πατέρων
2596 5618 2720 5689 ὅρος
2772 5619 3079 5690 ὀρθοτομεῖ,
3139 5620 3228 5673 τὸν
3276 5622 3511 5691 Χριστὸν
3562 5620 3760 5691 ὁρίζων
3806 5621 3942 5692 μίαν

680 5717 975 5770 ὑπόστασιν
1027 5716 1092 5767 ὲκ
1137 5716 1234 5785 τῆς
1272 5716 1431 5785 ἁγίας
1487 5715 1711 5783 Τριάδο·
1740 5710 1899 5782 εἶναι,
1933 5714 2024 5766 δύο
2060 5713 2249 5780 φύσεις
2276 5712 2488 5782 ἔχοντα,
2532 5713 2693 5779 φύσιν
2714 5714 2864 5767 θείαν
2896 5716 2987 5769 καὶ
3010 5715 3172 5785 φύσιν
3202 5716 3571 5786 ἀνθρωπίνην.

749 5827 764 5858 ³
794 5823 982 5882 Matth.
1027 5841 1138 5891 xw,
1174 5826 1261 5880 l8.
1336 5829 1355 5856 '
1386 5826 1518 5882 Ibid.
1548 5825 1631 5880 16.
