4194 6432
242 392 345 453 593

1094 397 1526 456 REFUTATIO
1566 399 1948 459 EPISTOLJ’.
1987 400 2211 463 REGIS
2258 403 2639 465 .\li.\lli.\'lxli.

3398 418 3497 476 59.2

306 499 374 568 γ’.
404 499 513 553 Καὶ
542 504 706 569 σαφὲς
742 502 930 555 τούτου
981 506 1352 575 παράδειγμα,
1388 510 1433 560 εί
1467 508 1640 570 θέλεις
1695 525 1815 560 συν-

1994 510 2044 562 5.
2081 510 2139 561 Et
2172 512 2488 578 lil'il‘t‘lill‘lllll
2549 512 2777 582 hujusce
2824 518 2895 568 rei
2956 519 3289 588 exemplum,
3344 524 3492 579 duui-

1668 602 1696 652 ὀ
1740 596 1817 661 εἷς

238 682 535 753 ἐμϐληθεὶς
568 687 722 754 πυρὶ.
758 688 851 738 καὶ
875 688 1147 756 πυρωθεὶς
1180 690 1395 754 ἐγένετο
1423 692 1553 761 πῦρ,
1584 709 1819 762 μεμενη-

237 776 347 840 κὼς
379 779 602 847 χρυσὸς,
635 772 745 844 οἷος
789 776 877 850 ἦν.
934 781 1005 834 Σὺ
1042 777 1134 835 οὖν
1167 783 1215 834 εἰ
1248 782 1396 852 θείης
1436 787 1493 837 ὲν
1522 786 1679 855 μέρει
1722 786 1820 855 μὲν

234 870 359 933 τοὺς
388 871 584 933 ἄλλους
609 872 702 924 δύο
732 873 1044 943 χρυσίνους,
1085 876 1143 927 ἐν
1185 876 1339 944 μέρει
1380 876 1435 929 δὲ
1465 878 1692 941 πολλοὺς
1723 878 1818 932 ἇν-

235 963 446 1033 θρακας
479 965 759 1034 πυρίνους,
791 962 909 1018 εἶτα
940 966 1030 1019 τὸν
1063 967 1320 1037 χρύσινον
1344 969 1436 1020 τὸν
1475 968 1813 1038 πυρωθέντα,

234 1053 465 1124 καὶπῦρ
497 1057 790 1125 γενόμενον
840 1059 1043 1127 μεταξὺ
1084 1058 1193 1111 τῶν
1223 1060 1398 1114 ἄλλων
1422 1060 1518 1114 δύο
1550 1063 1819 1131 χρυσίνων

233 1148 324 1197 iul.
345 1147 457 1198 τῶν
493 1148 803 1217 ἀνθράκων,
832 1151 924 1203 τὸν
952 1151 1207 1220 διάμεσον
1234 1153 1329 1205 ἐὰν
1369 1153 1540 1224 θεάσῃ
1566 1154 1820 1224 χρύσινον

231 1238 427 1307 ἔχοντα
448 1241 549 1309 τήν
580 1258 639 1292 τε
668 1240 831 1308 φύσιν
850 1243 959 1295 τῶν
983 1242 1157 1297 ἄλλων
1178 1243 1271 1298 δύο
1294 1245 1563 1315 χρυσίνων
1583 1245 1817 1312 τελείαν,

229 1334 511 1387 τουτέστιν
557 1334 686 1387 ὄντα
738 1337 962 1406 χρυσδιν,
1012 1336 1088 1399 ὡς
1112 1340 1225 1390 τοῖν
1257 1338 1402 1391 δυοῖν
1455 1338 1684 1390 ἐκείνοιν
1706 1340 1819 1390 τοῖν

229 1428 507 1494 χρυσίνοιν
537 1428 817 1498 ἑκάτερον,
841 1428 937 1481 καὶ
961 1429 1074 1482 τῶν
1104 1430 1395 1498 ἀνθράκων
1425 1430 1608 1498 φύσιν,
1631 1428 1819 1499 ἐπειδὴ

230 1517 343 1587 πῦρ
384 1519 555 1581 ἐστιν,
610 1519 801 1590 ὥσπερ
854 1520 963 1574 τῶν
995 1522 1172 1575 ἄλλων
1203 1522 1493 1590 ἀνθράκων
1550 1524 1815 1584 ἕκαστος·

230 1610 320 1661 τὴν
356 1610 520 1663 αῦτδν
553 1611 616 1680 δὴ
649 1612 846 1682 τρόπον
870 1614 898 1665 ό
928 1613 1097 1677 ἀΐδιος
1154 1613 1281 1675 Υἱὸς
1311 1614 1369 1679 ἐξ
1395 1612 1628 1685 ούρανοῦ
1654 1630 1821 1666 κατα-

229 1702 352 1768 δὶς,
389 1704 488 1772 οὑχ
527 1704 829 1758 ὑπόστασιν
884 1705 943 1770 ἐξ
994 1706 1173 1775 ἡμῶν,
1221 1706 1355 1759 ἀλλὰ
1409 1707 1508 1776 τὴν
1544 1707 1821 1776 ἡμετέραν

227 1794 393 1859 φύσιν
423 1794 607 1857 ἔλαϐε,
646 1797 740 1849 καὶ
762 1797 986 1866 γέγονεν
1009 1800 1085 1860 ὡς
1115 1795 1197 1864 εἷς
1226 1801 1283 1866 ἐξ
1313 1800 1492 1871 ἡμῶν,
1514 1800 1591 1863 ὡς
1617 1803 1644 1854 ὁ
1675 1799 1819 1863 θεῖος

226 1887 524 1951 άπῧστολος
563 1889 774 1953 Παῦλος
804 1891 975 1957 λέγει,
1004 1891 1403 1958 πεπειρᾶσθαι
1435 1890 1587 1945 κατὰ
1620 1892 1818 1947 πάντα

227 1979 362 2033 καθ’
392 1980 689 2050 ἡμετέραν
712 1984 1026 2051 ὁμοιότητα
1053 1984 1235 2052 χωρὶς
1278 1984 1587 2053 ἁμαρτίας.
1624 1985 1817 2038 Τοίνυν

224 2067 321 2123 οὖν
358 2074 388 2125 ό
419 2072 589 2135 ἀΐδιος
644 2073 771 2135 Υἱὸς
800 2072 914 2143 ἔχει
946 2075 1047 2145 τήν
1076 2092 1135 2129 τε
1183 2074 1278 2128 τοῦ
1333 2074 1546 2146 Πατρὸς
1594 2076 1687 2129 καὶ
1720 2075 1813 2129 τοῦ

226 2163 387 2225 ἁγίου
411 2166 749 2233 Πνεύματος,
779 2166 846 2237 ἢν
867 2167 954 2221 ἀεὶ
971 2169 1193 2237 προεῖχε
1216 2166 1402 2235 φύσιν,
1419 2167 1517 2236 τὴν
1538 2169 1816 2239 ἡμετέραν

225 2253 577 2325 ἀνθρωπίνην
637 2257 802 2324 φύσιν
844 2260 981 2325 μετὰ
1013 2258 1109 2311 καὶ
1158 2257 1255 2327 τὴν
1288 2257 1481 2311 ἑαυτοῦ
1513 2260 1813 2329 σάρκωσιν,

227 2347 328 2411 μία
358 2347 621 2417 ὑπάρχων
651 2348 715 2400 ὲκ
737 2351 833 2419 τῆς
867 2349 1028 2416 ἁγίας
1070 2350 1304 2418 Τριάδος
1336 2350 1659 2414 ὑπόστασις,
1715 2351 1815 2420 τῆς

222 2440 389 2505 ἁγίας
445 2441 675 2510 Τριάδος
696 2442 1043 2513 ’προσθήκην
1069 2444 1170 2496 οὑκ
1219 2443 1634 2513 είσδεξαμένης.
1668 2442 1729 2495 El
1758 2443 1815 2497 δὲ

222 2530 383 2583 τοῦτο
412 2533 648 2603 φανερὸν
701 2534 795 2586 καὶ
847 2536 960 2596 τοῖς
992 2536 1163 2605 μικρὰ
1213 2534 1533 2604 δυναμένοις
1584 2537 1814 2606 συνορᾷν

223 2624 395 2687 ἐστιν,
418 2625 499 2677 ὅτι
536 2624 636 2695 τὴν
668 2626 897 2679 σεαυτοῦ
938 2625 1115 2691 δόξαν,
1155 2628 1254 2696 τὴν
1277 2628 1407 2697 περὶ
1440 2629 1567 2697 μιᾶς
1597 2629 1815 2697 φύσεως

223 2716 319 2771 τοῦ
353 2719 617 2788 Χριστοῦ,
640 2718 765 2772 οῦτε
793 2720 903 2772 τῶν
927 2721 1244 2774 ἀποστόλων
1263 2724 1292 2775 ὁ
1310 2722 1471 2792 χορὸς
1500 2724 1812 2795 παραίέδωο

224 2827 343 2876 κεν,
379 2810 505 2863 οὔτε
534 2812 643 2881 μὴν
667 2814 721 2864 αἱ
749 2812 903 2878 ἅγιαι
940 2814 1093 2882 τρεῖς
1141 2813 1371 2876 σύνοδοι.
1416 2814 1474 2867 αἱ
1530 2815 1674 2869 κατὰ
1702 2814 1815 2867 δια-

221 2903 427 2973 φόρους
456 2904 685 2973 καιροὺς
716 2903 846 2974 παρ’
871 2904 1113 2958 εὑσεὸὦν
1136 2905 1401 2975 βασιλέων
1427 2906 1654 2977 προνοίᾳ
1678 2906 1811 2960 Θεοῦ

224 2996 726 3065 συναθροισθεῖσαι,
760 2990 848 3059 αἷς
878 2999 970 3049 καὶ
992 2998 1155 3061 αὑτὸς
1183 2997 1272 3051 διὰ
1298 2997 1394 3051 τοῦ
1432 2998 1525 3051 σοῦ
1548 2998 1813 3068 γράμμα-

221 3106 314 3153 τος
338 3089 747 3160 συνομολογεῖς,
782 3091 877 3143 καὶ
908 3090 1172 3162 ἀποδέχῃ.
1207 3090 1331 3144 ἐπεὶ
1361 3091 1682 3161 καθαιρέσει
1714 3092 1814 3160 μὲν

239 592 391 661 υίρᾷν,
422 587 525 645 ὦδε
555 608 567 621 '
595 594 1015 663 Προκείσθωσαν
1041 595 1133 649 οῦν
1156 598 1400 665 χρύσινοι
1440 604 1584 670 τρεῖς
1607 640 1622 662 .

1926 602 2085 653 tttutln
2108 603 2157 655 id
2192 618 2298 655 non
2334 620 2550 669 renuas,
2579 607 2672 660 tibi
2705 608 2918 661 habeto.
2944 610 3063 666 Sitit
3094 613 3247 667 aurci
3291 618 3496 667 nummi

1923 703 2031 745 ties
2062 712 2075 746 :
2116 711 2255 749 unus
2289 696 2343 748 in
2377 695 2551 763 ignem
2586 699 2865 768 conjectns
2896 712 2948 755 et
2982 703 3183 772 ignitus
3215 704 3392 761 factus
3421 718 3503 761 est

1923 784 2086 852 ignis,
2119 802 2405 840 remanens
2426 787 2474 840 id
2508 790 2649 857 quod
2676 792 2827 859 prius
2848 803 2966 845 erat
2995 808 3208 847 anrmn.
3236 796 3314 848 'l‘n
3344 812 3504 865 porro

1923 877 1967 931 si
2032 881 2341 947 seposueris
2400 881 2538 937 alios
2590 884 2729 940 duos
2760 903 3018 943 nummos
3065 903 3265 943 aureos
3303 894 3354 943 in
3394 907 3501 946 una

1922 978 2095 1037 parte,
2124 980 2177 1024 et
2222 987 2285 1025 ex
2323 972 2428 1025 alia
2461 974 2662 1029 multos
2698 979 2966 1035 carbones
3004 980 3224 1051 ignitos,
3265 993 3503 1049 postmo-

1921 1061 2051 1114 dum
2112 1062 2338 1131 ignitum
2373 1065 2522 1120 illum
2565 1081 2817 1129 aureum.
2844 1078 2896 1122 et
2945 1071 3121 1140 ignem
3150 1073 3260 1140 jam
3300 1073 3504 1129 factum

1923 1154 2067 1208 inter
2098 1156 2232 1211 alios
2261 1160 2400 1213 duos
2445 1176 2643 1215 aureos
2674 1173 2726 1216 et
2754 1162 3023 1218 carbones
3052 1166 3338 1235 coniicias,
3390 1185 3505 1223 ine-

1920 1242 2071 1295 dium
2094 1259 2374 1300 nummum
2406 1263 2630 1303 aureum
2662 1250 2957 1304 intueberis
2987 1262 3237 1306 naturam
3270 1255 3502 1310 aliorum

1921 1332 2155 1387 duorum
2212 1352 2502 1391 aureorum
2568 1340 2852 1395 habentem
2892 1342 3210 1410 perfectam,
3245 1354 3503 1413 tauquam

1921 1425 2015 1495 qui
2063 1441 2255 1481 aurum
2287 1437 2389 1490 est,
2431 1430 2893 1499 quemadnnnlum
2924 1444 2977 1486 et
3025 1435 3134 1488 duo
3177 1436 3267 1490 alii
3329 1437 3503 1503 aurei,
3564 1426 3571 1435 ’

1920 1518 2221 1572 carbonum
2250 1536 2472 1589 quoque
2504 1531 2781 1587 naturam,
2813 1525 3030 1593 quando
3060 1526 3198 1596 ignis
3233 1538 3336 1591 est,
3367 1530 3507 1585 sicut

1921 1621 1975 1665 et
2028 1628 2092 1667 ex
2145 1614 2266 1668 aliis
2305 1615 2637 1669 carbonibus
2690 1617 2939 1686 quilibet.
2983 1617 3101 1671 Non
3150 1619 3255 1673 alia
3296 1621 3507 1674 ratione

1922 1706 2285 1773 sempiternus
2322 1705 2492 1761 Filius
2526 1708 2593 1762 de
2616 1709 2756 1762 cmlo
2786 1710 3125 1766 descendens
3152 1728 3256 1765 non
3290 1727 3319 1765 a
3350 1713 3507 1769 nobis

1927 1794 2282 1865 hypostasim,
2322 1800 2415 1853 sed
2441 1808 2686 1853 natumut
2715 1802 2947 1869 accepit.
2980 1813 3027 1855 et
3063 1802 3238 1857 factus
3272 1816 3353 1859 est
3378 1818 3502 1859 tan-

1921 1904 2084 1957 quam
2118 1905 2259 1943 unus
2282 1904 2347 1942 ex
2390 1890 2570 1946 nobis.
2609 1891 2672 1945 Et
2706 1893 2923 1948 divinus
2974 1894 3174 1950 Paulus
3219 1897 3503 1965 apostolus

1919 1991 2236 2045 asseverat,
2293 1992 2550 2036 tentatum
2606 1986 2769 2053 fuisse
2838 2003 2929 2055 per
2983 1989 3164 2040 omnia
3217 1990 3504 2054 secundum

1920 2080 2156 2125 nostram
2181 2072 2582 2129 similitudinem
2617 2077 2809 2145 absque
2842 2088 3054 2146 peccato
3085 2080 3124 2133 ³.
3163 2081 3329 2149 Igitur
3364 2098 3505 2137 sem-

1920 2165 2166 2235 piternus
2228 2165 2400 2222 Filius
2452 2169 2614 2223 habet
2673 2167 2852 2227 Patris
2900 2182 2953 2226 et
3010 2172 3249 2243 Spiritus
3303 2177 3502 2238 sancti,

1918 2275 2080 2329 quam
2109 2276 2321 2330 semper
2343 2272 2499 2316 antea
2529 2264 2863 2332 possederat,
2885 2275 3158 2328 naturam,
3179 2272 3234 2321 et
3263 2276 3505 2321 nostram

1920 2353 2236 2417 humanam,
2264 2364 2385 2421 post
2419 2370 2571 2410 suam
2602 2356 3036 2422 incarnationem
3060 2397 3076 2421 ,
3108 2373 3233 2411 cum
3276 2360 3348 2413 sit
3398 2376 3504 2415 una

1917 2454 2120 2501 sanch
2162 2445 2444 2503 Trinitatis
2490 2449 2819 2519 hypostasis,
2852 2450 3000 2503 nullo
3045 2460 3247 2505 sancta:
3292 2450 3506 2506 Triadis

1917 2537 2309 2594 additamenta.
2339 2540 2391 2593 td
2444 2540 2487 2594 si
2538 2540 2610 2595 ita
2642 2549 2745 2603 est,
2794 2540 3143 2595 manifestum
3194 2540 3262 2596 sit
3289 2542 3376 2606 iis,
3410 2544 3503 2611 qui

1917 2629 2114 2699 pusilla
2139 2628 2300 2683 etiam
2324 2645 2520 2697 capere
2558 2638 2808 2700 possunt,
2856 2640 3009 2685 tuam
3045 2631 3112 2685 de
3160 2647 3267 2685 una
3299 2630 3504 2687 Christi

1919 2731 2114 2775 natura
2156 2721 2500 2785 sententiam,
2541 2737 2717 2791 neque
2746 2721 3120 2792 apostolorum
3151 2730 3375 2789 emtum,
3407 2740 3505 2777 nc-

1916 2827 2020 2882 que
2052 2824 2162 2867 tres
2185 2822 2405 2868 sanctas
2440 2814 2680 2885 synodos
2704 2812 2939 2868 diversis
2975 2814 3314 2883 temporibus
3341 2830 3368 2867 a
3402 2814 3508 2884 piis

1918 2902 2344 2972 imperatoribus
2367 2904 2550 2959 divina
2585 2902 2930 2959 Providentia
2959 2913 3338 2975 congregatas,
3368 2919 3511 2974 quas

1916 3004 1970 3050 et
2000 2996 2114 3065 ipse
2142 3012 2237 3066 per
2260 3005 2407 3052 tuam
2444 2997 2729 3066 epistolam
2762 2998 2978 3067 recipis,
3013 3007 3067 3053 et
3107 2998 3295 3053 eodem
3344 3007 3507 3068 atque

1918 3104 2020 3143 nos
2083 3088 2268 3143 animo
2329 3088 2720 3157 voluntateque
2776 3088 3012 3157 probas,
3064 3086 3373 3143 tradidisse.
3424 3090 3505 3142 Ad

222 3186 323 3255 τῆς
370 3184 467 3236 τοῦ
538 3185 774 3252 Ἀρείου,
836 3186 932 3237 καί
970 3184 1334 3246 Μακεδονίου,
1392 3184 1486 3237 καὶ
1518 3183 1815 3254 Νεστορίου

1919 3179 2244 3235 refellendas
2288 3178 2541 3250 equidem
2573 3178 2710 3243 Arii,
2736 3177 3035 3235 Macedonii
3063 3188 3117 3233 et
3144 3178 3376 3234 Nestorii
3411 3195 3504 3233 ve-

224 3277 547 3342 κακοδοξίας
573 3278 790 3347 πρῶτον
816 3277 1026 3331 σύνοδοι
1074 3276 1578 3346 συναγηγερμέναι,
1627 3278 1680 3329 αἱ
1716 3276 1814 3345 μὲν

224 3370 493 3439 πρότεραι
542 3368 637 3422 δύο
682 3369 782 3439 τὴν
845 3370 938 3421 ἐπὶ
1011 3369 1262 3439 θεο).ογίᾳ
1308 3369 1474 3439 ὀρθὴν
1525 3368 1814 3438 ὁμολογίαν

223 3462 541 3531 ἐτράνωσάν
565 3478 625 3513 τε
662 3461 758 3514 καὶ
782 3462 1101 3522 ὲθέσπισαν,
1148 3460 1243 3513 τοῦ
1283 3463 1565 3531 ὁμολογεῖν
1598 3464 1814 3534 ἀληθῶς

222 3552 315 3605 τὸν
342 3552 516 3605 άῑδιον
548 3553 675 3605 Υίὸν
704 3552 800 3605 καὶ
830 3552 1003 3619 Λόγον
1035 3551 1131 3604 τοῦ
1154 3552 1291 3605 Θεοῦ
1328 3554 1422 3605 καὶ
1463 3554 1694 3623 Πατρδς,
1721 3557 1815 3607 καὶ

222 3646 285 3697 τὸ
316 3643 541 3714 Πνεῦμα
570 3644 632 3696 τὸ
656 3644 811 3710 ἆγιον
846 3644 1111 3713 ὁμοούσια
1131 3644 1211 3711 τῷ
1238 3645 1413 3714 Πατρὶ
1450 3646 1544 3697 καὶ
1575 3646 1814 3715 ὁμοφυῆ,

223 3737 322 3791 καὶ
348 3737 451 3805 τῆς
466 3736 639 3805 αὐτῆς
667 3736 761 3789 καὶ
791 3738 921 3805 μιᾶς
942 3736 1219 3806 θεότητος,
1251 3738 1513 3801 ίσοκ>.εῶς
1537 3737 1611 3807 τῷ
1642 3738 1815 3807 Πατρὶ

221 3827 316 3881 τὸν
345 3828 478 3880 Υίδν
533 3826 626 3879 καὶ
678 3826 741 3878 τὸ
799 3826 954 3892 ᾶγιον
1018 3827 1248 3895 Πνεῦμα
1284 3828 1557 3897 μετέχειν,
1592 3830 1685 3881 καὶ
1720 3829 1815 3882 ἓνα

221 3920 357 3972 Θεὸν
386 3918 455 3971 τὰ
484 3918 611 3989 τρία
659 3918 925 3983 δοξάζειν,
958 3918 1064 3972 κᾶν
1117 3919 1244 3988 τρία
1293 3922 1409 3982 ταῖς
1452 3920 1681 3989 ίδιΰτησι
1717 3938 1813 3974 πι-

225 4010 505 4080 στεύηται,
522 4012 617 4064 καὶ
640 4011 936 4082 μηδέτερον
958 4014 1039 4075 είς
1061 4013 1269 4082 κτίσμα
1290 4012 1496 4066 τούτων
1529 4014 1813 4080 κατάγειν.

222 4097 395 4159 Δῦται
416 4102 474 4156 δὲ
500 4103 631 4173 περὶ
657 4104 787 4173 μιᾶς
811 4102 1025 4171 φύσεως
1054 4102 1149 4157 τοῦ
1175 4105 1317 4159 κατὰ
1343 4105 1579 4176 Χριστὸν
1612 4122 1819 4175 μυστη-

228 4196 344 4267 ρίου
365 4194 621 4265 οὐδαμῶς
649 4195 947 4249 ὲθέσπισάν
974 4213 1033 4249 τε
1060 4196 1155 4250 καὶ
1182 4196 1410 4268 ὥρισαν.
1457 4197 1520 4251 ’Π
1544 4198 1600 4251 δὲ
1625 4198 1815 4269 πρώτη

226 4286 327 4356 μὲν
350 4288 409 4339 ὲν
430 4284 666 4355 Ἐφέσῳ,
684 4285 843 4356 τρίτη
866 4285 923 4339 δὲ
952 4286 1089 4357 πρὸς
1115 4288 1237 4351 ταῖς
1280 4285 1434 4341 δυσὶν
1463 4289 1817 4359 οἰκουμενικὴ

224 4378 356 4446 ἁγία
380 4377 620 4441 σύνοδος,
647 4377 788 4449 αὕτη
816 4379 916 4449 μὲν
940 4379 1039 4449 τὴν
1058 4378 1153 4432 τοῦ
1180 4380 1479 4449 Νεστορέου
1500 4380 1818 4446 κακοδοξίαν

226 4469 666 4543 θριαμϐεύσασα,
696 4471 817 4540 ἣτις
847 4471 939 4524 τὸν
971 4471 1066 4524 ἕνα
1093 4472 1327 4542 Χριστὸν
1352 4474 1445 4526 καὶ
1484 4473 1689 4544 Κύριον
1722 4475 1815 4528 καὶ

224 4563 359 4617 Θεὸν
387 4562 547 4633 ἡμῶν
595 4564 676 4626 είς
726 4562 823 4617 δύο
850 4563 1001 4627 υίοὺς
1045 4564 1142 4617 καὶ
1172 4563 1267 4617 δύο
1296 4564 1565 4635 πρόσωπα
1587 4584 1816 4622 κατατε-

228 4659 347 4726 μεῖν
375 4656 667 4726 ἑτόλμησε,
694 4657 788 4709 καὶ
814 4655 916 4727 τὴν
949 4656 1229 4725 πάναγνον
1258 4658 1351 4710 καὶ
1396 4657 1560 4726 ἁγίαν
1602 4659 1814 4730 Παρθέ-

225 4766 316 4801 νον
348 4748 642 4802 Θεοτόκον
684 4746 873 4801 καλεῖν
922 4749 1468 4820 ἀπηρυθριασμένως
1521 4751 1549 4802 ὁ
1581 4750 1816 4815 δείλαιος

226 4841 323 4894 οὑκ
350 4839 531 4910 ἠξίου,
587 4839 789 4911 μᾶλλον
822 4840 921 4911 μὲν
971 4837 1065 4895 οῦν
1094 4844 1521 4910 Χριστοτόκον,
1552 4843 1629 4906 ὡς
1661 4843 1816 4912 ψιλὸν

226 4931 515 5001 ἄνθρωπον
540 4933 902 5003 γεννήσασαν.
931 4934 1040 4995 Τάς
1070 4934 1180 5005 γὰρ
1210 4934 1305 4989 δύο
1327 4936 1519 5004 φύσεις
1543 4935 1634 4989 τοῦ
1686 4937 1815 5007 Ἐμ-

230 5021 498 5093 μανουὴλ,
515 5022 576 5089 ἐξ
599 5015 676 5076 ὧν
693 5023 788 5077 καὶ
813 5024 873 5077 έν
900 5019 988 5086 αἷς
1006 5026 1035 5078 ὁ
1064 5026 1298 5097 Χριστὸς
1321 5027 1625 5099 ἑθεωρεῖτο,
1642 5028 1811 5098 ήγουν

224 5112 324 5183 τὴν
340 5113 597 5183 θεότητα,
620 5116 783 5183 φημὶ,
818 5116 914 5169 καὶ
931 5117 1032 5187 τὴν
1052 5117 1465 5187 άνθρωπότητα,
1498 5118 1601 5173 άνὰ
1645 5120 1709 5188 μέ
1720 5137 1810 5189 ρος

226 5205 421 5271 τιθεὶς,
453 5207 551 5259 καὶ¹
587 5208 967 5270 ίδιοσυστάτως
996 5210 1203 5272 ταύτας
1253 5211 1554 5280 ὁμολογῶν,
1586 5214 1679 5265 καὶ
1708 5212 1814 5282 φύ-

230 5314 308 5350 σιν
328 5298 665 5369 ἀπρόσωπον
707 5298 784 5371 μὴ
836 5300 1095 5368 δοξάζων,
1139 5304 1233 5356 καὶ
1270 5303 1358 5358 διὰ
1378 5304 1537 5358 τοῦτο
1558 5305 1681 5359 ὅσαι
1717 5305 1817 5374 μὲν

227 5391 283 5443 αἱ
299 5390 517 5459 φύσεις,
544 5391 780 5445 τοσαῦτα
807 5394 901 5447 καὶ
932 5396 1002 5448 τά
1030 5396 1297 5466 πρόσωπα
1329 5399 1692 5465 συνεισάγων,
1722 5398 1817 5451 καὶ

232 5481 486 5553 σχετικὴν
514 5482 710 5536 ἕνωσιν
733 5484 827 5538 τοῦ
853 5485 987 5539 Θεοῦ
1025 5487 1200 5557 Λόγου
1236 5488 1371 5560 πρὸς
1397 5488 1488 5543 τὸν
1504 5492 1568 5544 ὲκ
1592 5488 1812 5557 Μαρίας

232 5574 560 5644 γεννηθέντα
582 5575 872 5646 ὡμολόγει.
902 5579 1196 5651 Τοιγάρτοι
1232 5580 1424 5635 τοῦτον
1482 5581 1811 5651 ἀναθεματί-

236 5682 386 5733 casa,
420 5666 680 5723 ὲθέσπισέ
717 5685 775 5722 τε
813 5670 907 5724 καὶ
954 5671 1201 5744 ἐκύρωσε
1230 5672 1330 5744 τὴν
1360 5674 1483 5729 καθ’
1513 5674 1811 5729 ὑπόστασιν

334 5850 355 5880 ³
384 5846 556 5905 llebr.
586 5866 662 5915 iv,
703 5848 788 5904 l5.

1918 3288 2083 3328 sanas
2103 3272 2390 3342 opiniones
2425 3272 2528 3327 illa:
2564 3281 2770 3328 coacta:
2804 3281 2958 3336 sunt,
2995 3272 3185 3342 primm
3216 3274 3337 3326 dnze
3376 3288 3503 3342 pro—

1916 3363 2212 3419 fessionem
2242 3365 2310 3419 de
2334 3364 2442 3419 Deo
2469 3375 2673 3420 rectam
2717 3374 3125 3435 exposuerunt,
3166 3374 3219 3418 et
3245 3364 3505 3419 decreve~

1917 3467 2063 3523 runt,
2093 3467 2152 3511 ut
2178 3472 2369 3512 omnes
2417 3472 2544 3513 vere
2576 3457 2930 3529 prolitentur,
2983 3457 3375 3527 sempiternum
3414 3455 3503 3512 Fi-

1917 3549 2049 3602 lium
2083 3558 2138 3603 et
2163 3548 2401 3603 Verbum
2429 3547 2523 3604 Dei
2569 3558 2624 3603 et
2650 3548 2850 3615 Patris,
2886 3564 3097 3603 necnon
3152 3558 3206 3603 et
3254 3559 3501 3604 sanctum

1920 3642 2184 3711 Spiritum
2247 3642 2490 3711 ejusdem
2539 3642 2792 3697 essentia:
2839 3650 3156 3710 naturaeque
3206 3657 3329 3695 esse
3377 3656 3504 3695 cum

1917 3736 2100 3803 Patre,
2126 3746 2179 3790 et
2229 3736 2476 3792 eamdem
2507 3745 2561 3791 et
2583 3752 2748 3791 unam
2792 3734 3131 3789 divinitatem
3165 3734 3359 3803 aequali
3390 3735 3503 3803 glo-

1918 3832 1995 3884 ria
2034 3847 2156 3885 eum
2202 3829 2361 3885 Patre
2392 3830 2590 3884 Filium
2645 3839 2701 3884 et
2745 3829 3007 3898 Spiritum
3051 3836 3303 3883 sanctum
3335 3829 3503 3896 parti-

1917 3923 2119 3992 cipare,
2147 3931 2201 3976 et
2231 3937 2401 3976 unum
2430 3920 2598 3975 Deum
2642 3920 2746 3975 tria
2779 3919 2893 3973 base
2923 3919 3193 3983 conﬁteri,
3235 3916 3360 3973 licet
3385 3932 3507 3986 pro-

1917 4016 2242 4086 prietatihus
2272 4015 2376 4070 tria
2407 4030 2531 4070 esse
2583 4014 2897 4077 credantur,
2925 4021 2980 4067 et
3008 4028 3070 4066 ex
3127 4012 3215 4066 his
3247 4021 3501 4065 neutrum

1919 4108 1985 4162 ad
2019 4117 2300 4162 creaturas
2322 4106 2557 4161 deferre.
2594 4104 2660 4159 Et
2689 4105 2771 4160 ha:
2798 4107 2865 4159 de
2891 4119 3000 4158 una
3032 4112 3227 4158 natura
3263 4102 3502 4175 mysterii

1918 4202 2219 4255 secundum
2245 4200 2523 4255 Christum
2551 4197 2683 4254 nihil
2709 4197 3080 4262 sanciverunt,
3126 4206 3217 4250 aut
3248 4197 3505 4251 deﬁnire-

1920 4303 2067 4346 runt.
2120 4290 2302 4344 Prima
2363 4301 2543 4345 autem
2608 4288 2902 4359 Ephesina,
2957 4287 3051 4342 sed
3108 4287 3264 4342 tertia
3313 4287 3508 4341 ordine

1919 4382 2257 4438 (reuincnica
2294 4390 2483 4437 sancta
2514 4381 2776 4453 synodus,
2808 4378 3044 4434 Nestorii
3079 4379 3270 4433 haeresi
3312 4377 3501 4432 debel-

1921 4477 2065 4539 lata,
2111 4475 2203 4543 qui
2237 4490 2406 4528 unum
2464 4472 2739 4527 Christum
2771 4481 2825 4526 et
2878 4469 3167 4523 Dominum
3226 4478 3279 4523 et
3332 4467 3500 4520 Deum

1920 4577 2168 4622 nostrum
2213 4567 2266 4619 in
2316 4566 2455 4620 duos
2491 4564 2653 4629 ﬁlios,
2694 4572 2750 4617 et
2778 4562 2917 4618 duas
2970 4576 3235 4632 personas
3262 4560 3504 4614 dividere

1918 4674 2129 4723 ausus,
2180 4656 2747 4712 innnaculatissimam
2805 4663 3166 4723 sanctamque
3224 4651 3500 4723 Virginem

1916 4752 2156 4807 vocitare
2191 4750 2476 4819 Deiparam
2511 4746 2878 4803 inverecunde
2910 4744 3077 4799 nimis
3107 4744 3270 4798 miser
3311 4759 3504 4798 renue-

1915 4844 2025 4906 bat,
2062 4844 2154 4897 sed
2188 4843 2370 4911 potius
2401 4841 2816 4908 Christiparam,
2842 4848 3127 4907 tanquam,
3160 4850 3284 4905 qua:
3302 4847 3498 4904 purum

1915 4936 2191 4991 hominem
2218 4934 2495 5003 genuisset
2528 4948 2541 4984 :
2577 4945 2812 4999 namque
2846 4930 2983 4983 duas
3010 4928 3383 4982 Emmanuelis
3406 4942 3503 4980 na-

1919 5039 2092 5091 turas,
2116 5043 2178 5079 ex
2228 5025 2427 5095 quibus
2456 5032 2511 5077 et
2531 5024 2585 5077 in
2620 5021 2821 5092 quibus
2851 5021 3131 5075 Christum
3164 5018 3496 5086 contempla-

1920 5133 2063 5180 mur,
2087 5114 2338 5181 deitatem
2370 5126 2563 5181 nempe
2584 5120 2639 5165 et
2682 5109 3071 5165 humanitatem
3100 5122 3195 5176 per
3224 5122 3282 5161 se
3312 5120 3500 5159 unam-

1917 5222 2192 5283 quamque
2226 5218 2511 5275 separans,
2541 5210 2595 5257 et
2616 5216 2771 5271 atque
2809 5214 2872 5253 ac
2896 5199 2940 5253 si
2973 5198 3192 5268 propria
3224 5196 3502 5267 hypostasi

1916 5304 2282 5360 subsisterent
2314 5310 2655 5357 asseverans,
2686 5304 2739 5347 et
2762 5293 2967 5357 absque
2995 5305 3225 5359 persona
3252 5300 3500 5342 naturam

1920 5396 2123 5451 nullam
2149 5404 2472 5461 agnoscens,
2503 5396 2558 5442 et
2606 5397 2890 5455 propterea
2927 5393 3003 5435 tot
3051 5396 3331 5451 personas,
3368 5390 3503 5449 quot

1919 5495 2075 5545 erant
2106 5493 2333 5545 naturae.
2366 5482 2742 5541 introduecns,
2773 5475 3073 5530 secundum
3126 5474 3501 5528 habitudinem

1921 5579 2181 5637 unionem
2207 5576 2297 5631 Dei
2326 5574 2483 5629 Verbi
2517 5572 2583 5626 ad
2614 5587 2762 5631 eum,
2791 5567 2883 5637 qui
2912 5581 2976 5621 ex
3013 5564 3181 5621 Maria
3206 5574 3502 5635 prognatus

1923 5683 2063 5740 erat,
2093 5671 2394 5735 asserebat,
2427 5665 2676 5724 eumdem
2711 5663 3056 5719 anathemate
3114 5659 3281 5726 feriit,
3308 5659 3497 5715 decre-
