4194 6432
706 393 810 455 595

1973 399 2264 457 NlCE'I'JS
2306 402 2705 461 ιιϊχΛΝΤιΝι

3862 400 3966 461 596

701 510 892 578 vitque
946 521 999 564 ct
1057 512 1337 565 constituit
1393 510 1647 563 unionem
1701 510 2046 563 essetttiztlcttt
2092 520 2145 563 et
2197 526 2280 563 se-

2406 518 2479 565 ιαῖ
2504 513 2738 583 ούσιὼδη
2795 515 2990 567 ἕνωσιν
3021 513 3127 566 τῶν
3164 513 3256 566 δύο
3294 513 3530 581 φύσεων,
3565 515 3661 581 τῆς
3690 513 3965 584 οείτητοςς

703 601 943 655 cundum
999 601 1329 670 hypostasim
1385 601 1614 652 duarum
1661 609 2018 659 naturarum,
2071 600 2287 654 deitatis

706 691 913 746 scilicet
946 701 997 744 et
1027 692 1400 752 humanitatis.
1457 693 1509 744 in
1544 707 1652 744 uno
1685 691 1923 754 Christo,
1955 708 2059 744 una
2092 710 2284 760 nempe

708 784 984 854 hypostasi
1018 785 1317 838 observari.
1373 782 1533 837 Nullo
1565 786 1746 852 itaque
1789 786 1951 839 modo
1980 797 2165 838 sancta
2198 803 2286 856 sy—

707 876 905 941 nodus,
931 877 1126 943 vesani,
1146 876 1376 931 Ncstorii
1403 877 1736 946 opinionem,
1764 892 1885 945 qua:
1913 877 2046 929 duas
2064 877 2117 929 in
2139 878 2290 931 Chri-

707 974 793 1017 sto
834 981 1093 1031 personas
1116 966 1414 1028 astruebat,
1450 967 1841 1031 condemnans,
1866 984 2024 1021 unam
2055 971 2105 1021 in
2130 968 2288 1023 Chri-

708 1068 795 1110 sto
857 1068 1105 1111 naturam
1169 1074 1393 1126 prorsus
1443 1061 1792 1113 assercudam
1848 1075 1967 1113 esse
2021 1061 2285 1114 decernit.

708 1150 921 1203 Etenim
958 1166 1131 1220 neque
1162 1152 1331 1219 prima
1362 1162 1546 1205 Sancta
1573 1154 1831 1223 synodus,
1854 1168 1976 1221 qum
1999 1162 2107 1207 tres
2137 1163 2292 1207 natu-

711 1258 802 1297 ras
833 1243 888 1296 in
916 1242 1135 1306 divinis,
1167 1260 1288 1312 qua:
1317 1254 1431 1296 erat
1465 1245 1577 1297 Arii
1606 1245 1812 1313 opinio,
1854 1246 2095 1308 sustulit,
2126 1246 2293 1313 proti-

712 1350 817 1388 nus
878 1344 933 1389 et
994 1335 1220 1387 triadem
1290 1335 1648 1403 hypostaseon
1722 1336 2026 1404 denegavit.
2096 1336 2185 1388 Sic
2241 1346 2295 1390 et

714 1424 986 1493 Ephesina
1020 1425 1173 1478 tertia
1226 1428 1466 1496 synodus
1517 1428 1582 1478 de
1629 1427 1841 1479 duabus
1901 1429 2288 1498 Itypastasibus

712 1517 1394 1573 sc-utcntiamanathemate
1416 1520 1634 1581 feriens,
1657 1504 1763 1572 non
1788 1520 1970 1573 Statim
1991 1528 2042 1572 et
2069 1529 2293 1573 natura-

717 1625 835 1661 rum
871 1610 1237 1663 diversitatem
1272 1611 1671 1665 condemnavit.
1711 1612 1972 1676 Quinimo
2025 1612 2088 1663 ad
2124 1612 2293 1665 stabi-

714 1700 947 1753 liendam
983 1701 1281 1754 secundum
1321 1702 1652 1773 hypostasim
1683 1712 1733 1756 et
1758 1703 2101 1757 essentialvm
2137 1702 2294 1755 unio-

716 1807 837 1844 nem
882 1802 1202 1847 naturarum
1244 1796 1409 1848 unius
1447 1795 1673 1857 ChriSIi,
1702 1794 1919 1847 deitatis
1960 1803 2011 1845 rt
2046 1794 2295 1846 humani-
2336 1812 2339 1815 λ

2390 606 2553 672 λέγω,
2588 606 2680 657 καὶ
2746 606 2841 673 τῆς
2875 604 3294 674 ἀνθρωπότητος
3349 605 3405 654 ἐν
3462 604 3539 673 τῷ
3593 604 3672 655 ἐν).
3722 604 3967 673 Χριστῷ,

2390 701 2555 767 ῆγουν
2576 702 2640 767 τῇ
2678 700 2775 769 μιᾷ
2813 700 3109 753 ὑποστάσει
3136 695 3480 769 θεωρεῖσθαι.
3517 696 3782 765 Οὒδαμῶε
3813 696 3906 747 οὖν
3931 697 3964 764 ἡ

2388 794 2689 863 ἀναιροῦσα
2712 793 2840 859 ἁγία
2870 793 3083 855 σύνοδος
3111 793 3171 845 τὸ
3202 792 3294 845 τοῦ
3332 790 3731 860 ματαιόφρονος
3756 789 3958 840 Nasta-

2392 888 2509 956 ρίου
2536 886 2809 955 φρόνημα,
2828 885 2887 937 τὸ
2908 885 3129 949 δοξάζον
3167 885 3258 937 ἐπὶ
3284 880 3517 952 Χριστοῦ
3543 882 3636 934 δύο
3665 880 3960 949 πρόσωπα,

2393 979 2701 1040 συνεισάγει
2752 977 3048 1043 ἐξάπαντος
3100 976 3159 1029 τὸ
3212 976 3343 1043 μίαν
3398 974 3559 1043 φύσιν
3589 975 3679 1026 ἐπὶ
3730 972 3970 1044 Χριστοῦ

2389 1072 2690 1139 ὁμολογεῖν.
2725 1070 2831 1123 Καὶ
2853 1070 2960 1139 γάρ
2992 1070 3082 1120 ἐπὶ
3112 1068 3209 1136 τῆς
3240 1066 3540 1133 θεολογίας,
3596 1066 3693 1133 οὑχ
3742 1067 3771 1132 ἠ
3812 1066 3970 1115 ἁναι-

2396 1163 2562 1229 ροῦσα
2592 1164 2784 1232 πρώτη
2816 1162 2947 1230 ἀγῑα
2980 1162 3194 1223 σύνοδος
3218 1160 3277 1213 τὸ
3305 1159 3523 1229 τρισσὸν
3547 1158 3645 1227 τῆς
3678 1157 3972 1226 ὁμολογίας

2389 1256 2499 1308 τῶν
2531 1256 2748 1321 φύσεων
2801 1256 2863 1305 τὸ
2913 1253 3008 1305 τοῦ
3054 1254 3270 1324 Ἀρείου
3324 1252 3601 1321 φρόνημα,
3639 1250 3737 1318 ἥδη
3789 1249 3879 1298 καὶ
3914 1248 3975 1297 τε)

2391 1351 2614 1417 τρισσὸν
2661 1346 2757 1414 τῆς
2822 1344 3171 1407 ὑποστάσεως
3230 1344 3442 1415 ἀνῄρει.
3508 1341 3692 1403 Οὕτως
3723 1342 3875 1407 καὶὴ
3918 1342 3976 1388 ἐν

2406 1441 2615 1509 Ἐ’,ςέσῳ
2643 1441 2770 1506 ἁγία
2800 1440 2957 1509 τρίτη
2994 1438 3055 1489 σύ
3071 1437 3207 1499 νοδος
3242 1435 3689 1504 ἀναϐεματίσασα
3723 1433 3781 1484 τὸ
3800 1432 3977 1485 διττ“ν

2394 1535 2501 1586 τῶν
2532 1530 2882 1585 ὑποστάσεων
2912 1530 3187 1601 φρόνημα,
3232 1530 3333 1581 οὑκ
3381 1529 3481 1599 ἦῗη
3514 1527 3607 1579 καὶ
3653 1525 3714 1576 τὸ
3742 1524 3847 1577 τῶν
3875 1522 3978 1590 φύ-

2398 1644 2535 1678 σεων
2563 1625 2815 1694 διάτορον
2840 1624 3040 1676 ἀνεῖλε.
3075 1620 3353 1687 Μενούνγε
3382 1620 3516 1689 πρὸς
3550 1616 3839 1688 βεϐαίωσιν
3874 1614 3979 1681 τῆς

2396 1720 2517 1771 καθ’
2546 1719 2839 1770 ὑπόστασιν
2875 1717 2967 1769 καὶ
2994 1715 3289 1776 οὑσιώδους
3323 1712 3569 1774 ἐνὼσεως
3614 1709 3723 1763 τῶν
3760 1707 3981 1775 ςύσεων

2394 1811 2490 1864 τοῦ
2532 1811 2650 1871 ἑνὸς
2683 1810 2945 1879 Χριστοῦ,
2980 1809 3122 1876 φημὶ
3142 1808 3197 1858 δὲ
3226 1807 3322 1874 τῆς
3355 1803 3608 1873 Θεότητος
3645 1802 3738 1855 καὶ
3763 1800 3979 1869 ἀνορω-

717 1884 863 1944 tatis,
890 1884 1126 1939 hominis
1154 1886 1460 1954 exemplum
1493 1887 1794 1954 usurpavit,
1828 1886 1918 1954 qui
1967 1901 2029 1938 cx
2080 1886 2295 1939 duabus

2406 1906 2656 1975 πότητος,
2684 1906 2776 1958 καὶ
2800 1906 2892 1958 τόν
2924 1922 3042 1956 τινα
3073 1902 3357 1972 ἄνθρωπον
3390 1898 3785 1968 ὑποδείγματος
3811 1896 3983 1965 χάριν

718 1976 950 2039 naturis,
1011 1992 1273 2047 corporea
1330 1988 1493 2046 atque
1554 1979 1868 2043 incorporea
1909 1979 2201 2039 conllulus,
2243 1977 2297 2029 itt

717 2070 930 2123 duabus
961 2071 1170 2122 naturis
1192 2072 1595 2135 consideratur,
1630 2072 1754 2125 licet
1813 2086 1915 2124 una
1961 2079 2166 2123 tantum
2206 2070 2299 2140 hy-

716 2164 952 2232 poslasis
984 2164 1052 2217 sit
1082 2165 1393 2233 quicunque
1426 2166 1605 2218 homo.
1636 2165 1697 2217 Et
1724 2164 1972 2233 quamvis
1994 2164 2296 2231 exetnp‘um

718 2256 781 2309 de
820 2255 1038 2309 homine
1072 2257 1386 2324 particulari
1436 2272 1540 2310 non
1573 2258 1623 2309 in
1666 2257 1920 2310 omnibus
1962 2255 2299 2310 assimilatur

719 2347 906 2398 unioni
934 2344 1171 2409 Christi,
1224 2362 1288 2398 eo
1326 2356 1504 2400 tamen
1556 2345 1901 2401 solummodo
1930 2346 1997 2400 ad
2052 2348 2297 2400 insanam

718 2432 955 2489 Nestorii
998 2436 1305 2505 opinionem
1345 2438 1693 2491 refellendam
1730 2453 1825 2490 usa
1850 2447 1952 2499 est,
1993 2438 2081 2505 qui
2126 2437 2298 2507 palam

720 2524 1025 2578 afﬁrmabat
1056 2526 1258 2579 nullam
1285 2542 1405 2581 esse
1435 2528 1642 2596 absque
1675 2528 1891 2597 propria
1930 2543 2158 2595 persona
2205 2545 2300 2581 m-

722 2625 924 2679 turam,
952 2616 1179 2685 ﬁerique
1230 2633 1336 2670 non
1381 2633 1560 2686 posse,
1596 2628 1653 2672 ut
1696 2619 1815 2672 duae
1858 2628 2066 2672 uaturte
2103 2634 2299 2673 secun—

720 2707 848 2758 dum
885 2706 1216 2776 hypostasim
1247 2716 1301 2759 et
1333 2708 1877 2762 essentialiterunitze
1914 2708 1963 2762 in
1992 2725 2095 2763 una
2131 2711 2298 2780 hypo-

720 2797 852 2852 stasi
889 2797 1269 2860 observentur,
1314 2815 1436 2868 quae
1486 2815 1594 2853 non
1644 2799 1882 2854 inferant
1909 2811 1963 2856 et
1992 2805 2126 2856 duas
2178 2817 2300 2871 per-

721 2905 905 2953 sonas,
940 2890 1085 2956 quod
1142 2891 1398 2945 unionem
1458 2893 1777 2957 scheticam,
1830 2895 1946 2948 sive
1998 2896 2299 2949 secundum

722 2982 1121 3042 habitudinem.
1176 2983 1360 3043 efﬁcit.
1409 2984 1640 3053 ideoque
1696 2986 1836 3038 duo;
1882 2985 2021 3040 ﬁlios
2060 3002 2113 3039 et
2160 2986 2300 3040 duos

719 3076 972 3131 Christos
998 3076 1161 3130 misnr
1188 3076 1605 3145 dcpraadicabat.
1652 3077 1804 3132 llanc
1857 3079 2046 3133 falsam
2084 3079 2298 3148 Opinio-

721 3182 845 3221 nem
881 3168 1165 3231 dirimens,
1213 3169 1448 3223 hominis
1479 3171 1787 3238 exemplum
1845 3173 2147 3239 usurpavit.
2189 3170 2301 3224 lmo

722 3263 1008 3331 plerosque
1038 3262 1271 3316 deiferos
1306 3261 1497 3317 Patres
1544 3264 1596 3317 in
1654 3275 1842 3318 sancta
1882 3266 2035 3318 tertia
2092 3266 2301 3335 synodo

720 3353 992 3423 Ephesina
1016 3355 1175 3408 divus
1204 3356 1442 3426 Cyrillus
1480 3356 1531 3409 in
1578 3359 1816 3411 medium
1848 3358 2097 3419 adduxit,
2130 3358 2303 3413 stabi-

720 3447 857 3502 lieus
882 3447 1179 3502 secundum
1219 3449 1551 3517 hypostasim
1606 3451 1863 3504 unionem
1902 3452 1953 3503 in
1992 3467 2096 3504 una
2132 3453 2302 3522 hypo-

721 3540 876 3601 stasi,
908 3540 999 3608 qui
1036 3549 1119 3593 est
1146 3540 1400 3595 Christus
1433 3541 1485 3595 in
1516 3541 1747 3596 diversis
1808 3544 2016 3597 naturis
2065 3543 2302 3609 agnitus.

721 3629 875 3695 Quod
912 3644 1040 3683 vero
1076 3630 1127 3683 in
1166 3629 1399 3684 diversis
1432 3632 1638 3684 naturis
1684 3634 2018 3699 agnoscitur.
2077 3635 2305 3711 omnino

722 3722 776 3775 in
816 3722 922 3776 illis
943 3732 1044 3784 est,
1083 3722 1135 3776 in
1165 3724 1366 3791 quibus
1388 3724 1722 3793 agnoscitur.
1750 3725 1887 3780 Cum
1921 3726 2102 3794 itaque
2132 3742 2227 3780 ora
2256 3727 2305 3779 io

720 3816 1179 3871 demoustraverit
1198 3817 1264 3869 de
1300 3833 1407 3871 una
1437 3816 1639 3872 Christi
1667 3828 1859 3873 natura
1882 3820 2303 3881 confessionem,

722 3918 899 3972 neque
931 3906 998 3957 ab
1037 3906 1297 3973 apostolis
1318 3906 1487 3960 fuisse
1511 3916 1799 3970 assertam,
1822 3923 1997 3975 neque
2027 3923 2056 3962 a
2095 3911 2304 3963 sanetis

723 3997 896 4050 tribus
927 3998 1149 4066 synodis
1180 3998 1610 4062 constabilitam,
1652 4000 1855 4055 frustra
1886 4001 2020 4055 falsa
2045 4002 2306 4056 fabularis

720 4093 1038 4155 emmtians,
1073 4107 1193 4146 cam
1237 4108 1268 4145 a
1322 4094 1529 4148 sanctis
1576 4094 1839 4163 apostolis
1869 4094 2146 4159 traditam,
2181 4105 2234 4147 et
2275 4112 2303 4147 a

723 4183 926 4237 sanctis
959 4174 1133 4236 tribus
1199 4185 1424 4254 synodis
1489 4184 1660 4239 fuisse
1703 4187 2125 4240 conﬁrmatam:
2178 4202 2302 4239 nam

723 4278 899 4330 oratio
932 4279 1113 4344 potius
1144 4287 1461 4332 naturarum
1494 4279 1864 4335 diversitatem
1898 4282 1950 4335 in
2008 4298 2115 4336 uno
2144 4282 2303 4336 Chri-

725 4370 1270 4439 storeprmsentavit.
1323 4371 1459 4425 Illud
1516 4382 1697 4426 autem
1762 4388 1980 4429 rursum
2036 4389 2303 4439 asserere,

724 4463 825 4515 etsi
874 4462 1116 4515 nonnulli
1149 4478 1213 4516 ea:
1254 4464 1353 4516 hac
1404 4467 1662 4518 sententia
1718 4481 1912 4536 nempe
1967 4466 2301 4530 afﬁrmante,

2402 1999 2786 2072 προσείληφεν,
2850 1998 2909 2061 ὃς
2945 2000 3006 2050 ὲκ
3038 1996 3130 2049 δύο
3168 1997 3263 2066 μὲν
3295 1995 3532 2061 φύσεων,
3594 1990 3847 2061 σώματός
3894 2006 3978 2052 τε,

2402 2093 2565 2163 φημὶ,
2614 2092 2708 2144 καὶ
2749 2090 3062 2159 ἀσωμάτου,
3118 2090 3215 2159 τὴν
3270 2086 3516 2140 σύνθεσιν
3548 2085 3767 2154 ἔσχηκε,
3801 2082 3892 2133 καὶ
3925 2083 3984 2131 ἐν

2400 2181 2493 2234 δύο
2540 2182 2737 2250 φύσεσι
2782 2181 3088 2249 Θεωρεῖται,
3134 2178 3230 2248 μία
3285 2195 3369 2240 τις
3427 2176 3726 2237 ὑπόστασις
3776 2169 3909 2225 οὖσα
3955 2173 3985 2223 ὁ

2402 2273 2719 2327 καθέκαστα
2750 2272 3056 2343 ἄνθρωπος.
3099 2271 3206 2325 Καὶ
3229 2271 3289 2323 οὑ
3316 2269 3455 2322 κατὰ
3490 2269 3667 2321 πάντα
3704 2263 3985 2333 ἐξομοιού-

2408 2383 2568 2435 μενον
2602 2365 2661 2417 τὸ
2700 2364 3053 2434 παράδειγμα
3085 2364 3178 2417 τοῦ
3215 2380 3359 2426 τινος
3392 2360 3683 2431 ἀνθρώπου
3720 2357 3853 2426 πρὸς
3879 2356 3985 2425 τὴν

2403 2457 2545 2510 κατά
2602 2456 2834 2526 Χριστὸν
2866 2455 3082 2517 ἕνωσιν,
3126 2456 3264 2508 ἀλλὰ
3328 2456 3490 2524 μόνον
3550 2452 3685 2522 πρδς
3740 2449 3834 2521 τὴν
3883 2448 3984 2501 τοῦ

2404 2550 2701 2620 Νεστορίου
2730 2548 3020 2601 κακόνοιαν
3056 2548 3475 2615 ἀποτεινομένη,
3511 2545 3568 2608 ὃς
3602 2542 3807 2615 τρανῶς
3845 2540 3984 2608 ἕτα-

2406 2660 2525 2705 σκε,
2558 2641 2631 2711 μὴ
2659 2636 2798 2693 εἶναι
2848 2641 3008 2709 φύσιν
3058 2640 3225 2709 χωρὶς
3283 2637 3483 2690 οἰκείου
3540 2636 3854 2707 προσώπου,
3885 2631 3987 2684 καὶ

2405 2734 2667 2786 ἀδύνατόν
2696 2734 2843 2785 ἐστιν
2880 2732 3007 2785 ἰδεῖν
3036 2732 3129 2785 δύο
3168 2730 3358 2799 φύσεις
3392 2728 3513 2781 καθ’
3543 2727 3861 2785 ὑπόστασιν,
3882 2722 3984 2775 καὶ

2406 2825 2679 2887 οὑσιωδῶς
2724 2822 3011 2892 ήνωμένας
3061 2824 3119 2875 ὲν
3158 2823 3255 2892 μιᾷ
3311 2819 3625 2879 ὑποστάσει,
3660 2814 3732 2887 μὴ
3765 2830 3987 2867 συνεισ-

2406 2915 2647 2983 αγούσας
2673 2916 2765 2967 καὶ
2795 2914 2888 2967 δύο
2913 2915 3202 2983 πρόσωπα,
3234 2913 3368 2983 ὅπερ
3394 2912 3535 2963 ποιεί
3561 2908 3815 2979 σχετικὴν
3845 2905 3985 2957 ἕνω-

2408 3024 2511 3064 σιν.
2553 3007 2640 3058 καὶ
2689 3006 2776 3059 διὰ
2824 3005 2982 3057 τοῦτο
3036 3005 3126 3057 δύο
3154 3005 3325 3067 υἱοὺς,
3367 3004 3459 3055 καὶ
3493 3003 3587 3054 δύο
3635 3000 3924 3071 Χριστοῦς,
3962 2998 3989 3049 ό

2405 3100 2636 3162 δείλαιος
2659 3100 2949 3168 ἐκήρυττε.
2983 3099 3163 3168 Ταύτῃ
3194 3116 3272 3150 τοι
3299 3098 3396 3150 τὴν
3426 3096 3593 3166 ψευδῆ
3642 3093 3798 3158 δόξαν
3828 3092 3987 3145 ἀναι-

2410 3192 2577 3262 ροῦσα
2627 3192 2706 3261 τῷ
2740 3208 2883 3254 τινος
2930 3191 3221 3262 ἀνθρώπου
3252 3190 3657 3260 παραδείγματι
3689 3188 3983 3257 ἐχρήσατο.

2422 3286 2579 3338 Ἀλλὰ
2626 3287 2719 3338 καὶ
2751 3284 2978 3347 πολλοὺς
3027 3283 3134 3337 τῶν
3171 3282 3446 3351 θεοφόρων
3489 3280 3748 3350 Πατέρων
3777 3278 3854 3338 είς
3884 3275 3989 3345 τὴν

2409 3382 2527 3433 κατ’
2565 3380 2800 3446 Ἔφεσον
2828 3376 2990 3445 ἁγίαν
3018 3376 3210 3447 τρίτην
3258 3376 3475 3428 σύνοδον
3518 3371 3927 3443 προκεκόμικεν
3958 3370 3988 3422 ό

2409 3474 2465 3522 ἐν
2513 3472 2687 3538 ἁγίοις
2745 3468 3031 3539 Κύριλὶος,
3085 3466 3349 3520 συνιστῶν
3386 3466 3485 3537 τὴν
3536 3464 3656 3517 καθ’
3682 3463 3990 3517 ὑπόστασιν

2409 3565 2602 3616 ἕνωσιν
2642 3565 2699 3615 ὲν
2752 3563 2851 3631 μιᾷ
2899 3562 3215 3624 ὑποστάσει,
3270 3562 3328 3623 ὃς
3396 3562 3542 3611 ἐστιν
3580 3560 3607 3610 ὁ
3643 3555 3875 3626 Χριστὸς
3929 3554 3989 3605 ἐν

2408 3656 2685 3723 διαφόροις
2736 3653 2929 3720 φύσεσι
2986 3654 3409 3722 γνωριζόμενος.
3447 3651 3521 3701 Τδ
3548 3649 3590 3700 δ’
3628 3651 3685 3700 ὲν
3709 3647 3991 3716 διαφόροις

2411 3749 2606 3812 φύσεσι
2640 3744 3043 3813 γνωριζόμενον
3080 3743 3296 3804 πάντως
3339 3742 3431 3797 καὶ
3464 3740 3521 3792 ὲν
3545 3738 3781 3800 ἐκείναις
3817 3738 3988 3799 ἐστὶν,

2410 3842 2467 3891 ὲν
2494 3833 2581 3900 αἶς
2600 3839 2690 3890 καὶ
2710 3836 3055 3907 γνωρίζεται.
3091 3835 3247 3887 Ἐπεὶ
3272 3829 3364 3885 οὖν
3385 3834 3414 3885 ὁ
3437 3832 3593 3899 λόγος
3619 3829 3988 3899 παρέστησεν,

2409 3929 2491 3980 ὅτι
2528 3927 2626 3996 τὴν
2658 3926 2785 3995 περὶ
2815 3926 2945 3995 μιᾶς
2997 3923 3212 3991 φύσεως
3260 3920 3354 3974 τοῦ
3409 3918 3646 3990 Χριστοῦ
3675 3916 3989 3986 ὁμολογίαν,

2410 4017 2532 4070 οὔτε
2577 4034 2660 4078 τις
2710 4016 2818 4067 τῶν
2848 4013 3162 4068 ἀποστόλων
3197 4013 3439 4082 εἴρηκεν,
3485 4008 3608 4061 οὔτε
3656 4007 3760 4076 μὴν
3794 4007 3857 4058 ὲκ
3878 4005 3991 4056 τῶν

2411 4111 2579 4176 ἁγίων
2605 4108 2770 4178 τριῶν
2800 4106 3033 4159 συνόδων
3068 4103 3392 4171 ἐϐεϐαιώθη,
3417 4102 3612 4170 Μάτην
3653 4097 3990 4167 ψευδοεπεῖς,

2410 4204 2605 4270 λέγων,
2661 4203 2855 4269 ὅτιπερ
2902 4199 2965 4251 ἐκ
3005 4197 3111 4249 τῶν
3144 4196 3312 4262 ἁγίων
3338 4190 3653 4247 ἀποστόλων
3691 4188 3989 4258 παρεδόθη,

2410 4299 2474 4350 ὲκ
2524 4296 2580 4349 δὲ
2607 4294 2715 4347 τῶν
2741 4293 2912 4361 ἁγίων
2937 4291 3106 4361 τριῶν
3140 4289 3368 4342 συνόδων
3400 4283 3704 4359 ἐϐεϐαιώθη
3724 4300 3738 4312 ·
3772 4285 3799 4335 ό
3831 4281 3991 4348 λόγος

2409 4372 2525 4460 γὰρ
2553 4386 2750 4458 μᾶλλον
2784 4384 2892 4438 τῶν
2921 4382 3136 4452 φύσεων
3166 4381 3227 4435 τὸ
3254 4381 3508 4451 διάφορον
3536 4380 3592 4431 ὲν
3622 4377 3701 4447 τῷ
3741 4376 3821 4429 ἑνὶ
3854 4376 3994 4445 Χρι-

2411 4479 2522 4550 στῷ
2554 4479 2883 4549 παρέστησε.
2917 4476 2991 4529 To
3015 4475 3072 4528 δὲ
3104 4474 3265 4528 πάλιν
3295 4474 3599 4543 εἰρηκέναι,
3621 4472 3672 4523 εί
3709 4468 3809 4523 xal
3831 4484 3995 4532 τινες

724 4554 891 4608 unius
922 4569 1044 4608 esse
1075 4556 1578 4610 naturtcChristum
1610 4568 1733 4626 post
1760 4558 2035 4622 unionem,
2061 4559 2299 4627 transfu-

2412 4576 2481 4628 ἐκ
2509 4574 2729 4639 ταύτης
2754 4571 2943 4641 (ἤγουν
2972 4571 3069 4639 τῆς
3098 4568 3279 4637 δόξης,
3303 4567 3401 4636 τῆς
3437 4566 3700 4635 λεγούσης
3726 4565 3852 4633 μιᾶς
3886 4562 3993 4629 φύ-

724 4654 927 4713 gerunt,
962 4646 1027 4699 ad
1063 4660 1157 4700 eos
1188 4646 1415 4712 scilicet,
1465 4648 1556 4717 qui
1596 4649 1734 4703 duas
1766 4660 1987 4705 naturas
2021 4650 2300 4706 Christum

727 4738 927 4791 habere
950 4748 1068 4806 post
1091 4739 1347 4793 unionem
1382 4741 1725 4810 proﬁtentur,
1753 4758 2019 4809 quosnam
2045 4745 2305 4812 ignoran-

725 4830 813 4884 tize
840 4832 1098 4885 terminos
1146 4847 1254 4885 non
1287 4835 1625 4902 exsuperat?
1652 4834 1786 4899 Quis
1816 4836 1957 4889 enim
2005 4852 2111 4889 non
2156 4838 2304 4891 novit

723 4932 928 4987 partem
954 4938 983 4976 a
1018 4933 1151 4987 toto,
1179 4925 1360 4979 minus
1387 4940 1414 4978 a
1452 4927 1762 4982 multesimo
1786 4927 2083 4983 decedere?
2107 4929 2166 4982 Et
2198 4946 2304 4984 non

724 5024 933 5067 contra.
966 5013 1310 5083 Quapropter
1335 5016 1427 5084 qui
1457 5028 1652 5071 vestra:
1684 5020 2127 5086 suntsententite,
2161 5020 2205 5075 si
2236 5023 2302 5075 ad

724 5119 841 5166 eos,
873 5105 965 5172 qui
1018 5115 1220 5160 nostra:
1251 5117 1395 5173 sunt,
1454 5120 1863 5178 comparentur,
1898 5112 2180 5165 minimam
2221 5122 2308 5166 at-

724 5210 830 5265 que
866 5195 1105 5250 inﬁmam
1134 5208 1340 5265 partem
1365 5215 1634 5269 occupare
1659 5205 2084 5272 compericntur.
2123 5204 2303 5269 Quare

726 5288 980 5345 indecore
1002 5290 1117 5358 agis
1144 5291 1332 5344 dicens
1378 5307 1478 5347 nos
1509 5308 1575 5347 ex
1619 5309 1795 5348 veStra
1845 5297 2109 5350 sententia
2145 5296 2305 5350 aufu-

726 5379 885 5447 gisse.
914 5379 1078 5445 Quin,
1112 5390 1167 5434 ut
1200 5384 1380 5449 potius
1414 5400 1602 5438 vermn
1656 5386 1863 5451 dicant,
1914 5403 2012 5441 vos
2063 5402 2091 5441 a
2142 5389 2300 5443 nobis

727 5469 1060 5526 decessistis.

798 5672 850 5724 4.
894 5670 1042 5725 Infra
1075 5673 1233 5727 etiam
1274 5674 1324 5728 in
1356 5676 1583 5743 cpistola
1617 5685 1705 5729 tua
1742 5678 1932 5732 nolens
1972 5690 2215 5733 sanctam
2250 5690 2303 5734 et

728 5766 1086 5822 universaletn
1118 5769 1381 5839 synodum
1409 5771 1713 5833 admittere,
1733 5788 1891 5840 quam
1921 5790 2018 5827 nos
2051 5775 2191 5828 inter
2222 5791 2302 5829 rc-

724 5852 906 5925 liquas
959 5860 1094 5915 alias
1142 5873 1359 5917 sa-ctz-s
1414 5874 1520 5918 trcs
1581 5864 1815 5931 syuolos
1851 5882 2297 5935 annumeramus,

2415 4685 2551 4729 σεως
2569 4662 2707 4719 εἶναι
2724 4665 2815 4717 τὸν
2840 4662 3072 4733 Χριστὸν
3098 4660 3236 4731 μετά
3260 4659 3357 4730 τὴν
3376 4659 3594 4727 ἕνωσιν)
3614 4657 3989 4724 ἀπέδρασαν,

2413 4759 2486 4822 ὡς
2514 4757 2674 4829 δῆθεν
2696 4757 2820 4818 τοὺς
2841 4754 2933 4807 δύο
2967 4752 3157 4821 φύσεις
3178 4751 3267 4804 τὸν
3294 4750 3529 4821 Χριστὸν
3557 4750 3700 4819 ἔχειν
3729 4749 3866 4818 μετά
3890 4750 4000 4818 τὴν

2417 4852 2608 4905 ’ἐνωσιν
2630 4845 3047 4918 ὁμολογοῦντας,
3075 4844 3133 4908 ἐξ
3164 4843 3342 4897 αὑτῶν
3365 4841 3811 4911 ἀποδεδρακέναι,
3830 4842 3993 4904 ποίας

2416 4946 2657 5017 ἀμαθίας
2684 4942 2986 5011 ἀνάμεστον
3015 4938 3113 4990 οὑκ
3141 4937 3205 4989 ἂν
3225 4935 3309 5004 εἴη
3332 4951 3347 4997 ;
3370 4935 3464 4996 Τίς
3495 4934 3602 5002 γὰρ
3634 4935 3695 4986 οὑ
3730 4935 3989 4997 σύνοιδεν,

2416 5040 2496 5092 ὅτι
2524 5038 2583 5091 τὸ
2622 5037 2789 5106 μέρος
2828 5035 2891 5085 ὲκ
2923 5029 3015 5083 τοὺ
3042 5028 3187 5093 ὅλου,
3218 5027 3278 5078 τὸ
3312 5024 3590 5092 ὀλιγοστὸν
3626 5026 3689 5077 ἐκ
3732 5024 3825 5077 τοῦ
3862 5026 3992 5077 πολ-

2416 5130 2606 5184 λοστοῦ
2635 5127 2876 5197 ἁποδρᾷν
2906 5122 3130 5176 εἴωθεν⁹
3167 5120 3226 5173 ού
3267 5120 3370 5188 μὴν
3403 5117 3674 5186 ἔμπαλινς
3710 5119 3796 5169 At}.
3821 5119 3871 5170 οἱ
3896 5118 3990 5185 τῆς

2417 5220 2686 5290 ὑμετέρας
2711 5216 2869 5285 δόξης
2900 5212 3036 5282 πρὸς
3058 5210 3184 5271 τοὺς
3217 5208 3316 5277 τὴν
3354 5208 3628 5277 ἡμετέραν
3659 5206 3993 5276 πρεσϐεύον-

2413 5330 2512 5375 τας
2557 5314 2605 5363 εἰ
2636 5308 3058 5380 παραϐληοεῖεν,
3103 5303 3164 5357 τὸ
3193 5302 3467 5368 ὀλιγοστὸν
3498 5300 3562 5353 ἂν
3587 5301 3683 5367 καὶ
3712 5300 3995 5369 ἐλάχιστον

2417 5406 2605 5477 μόριον
2636 5404 2851 5474 ἔχοντες
2887 5405 3127 5470 φανεῖεν.
3181 5402 3343 5453 Ὥστε
3372 5400 3433 5451 ού
3463 5400 3543 5451 δεῖ
3593 5396 3997 5465 ἀποφαίνεσοαί

2417 5517 2495 5562 σε,
2530 5499 2675 5568 ἡμᾶς
2706 5496 3125 5566 ἀποδεδρακέναι
3152 5496 3214 5547 ὲκ
3237 5495 3335 5562 τῆς
3360 5493 3628 5563 ὑμετέρας
3651 5492 3827 5561 86513;,
3856 5489 3997 5544 ἀλλὰ

2422 5591 2620 5661 μᾶλλον
2651 5589 2879 5659 τάληθὲς
2910 5590 3103 5650 εἰπεῖν,
3141 5588 3281 5655 ὑμᾶς
3319 5587 3375 5651 ἐξ
3407 5586 3582 5655 ἡμῶν.

2487 5685 2547 5738 δ’.
2582 5682 2944 5753 Παρακατιὼν
2976 5683 3031 5735 δὲ
3061 5685 3117 5734 ἐν
3153 5682 3230 5753 τῷ
3261 5680 3549 5752 γράμμασί
3580 5696 3694 5744 σου,
3731 5679 3822 5729 καὶ
3851 5678 3993 5730 ἀπο·-

2413 5778 2692 5831 δυσπετῶν
2733 5777 2868 5846 πρὸς
2920 5778 3014 5843 τὴν
3046 5776 3318 5844 ἀποδοχὴν
3349 5776 3441 5843 τῆς
3484 5774 3643 5839 ἁγίας
3683 5772 3774 5823 καὶ
3813 5775 3995 5822 οἰκου-

2420 5868 2643 5937 μενικῆς
2679 5868 2941 5937 τετάρτης
2971 5866 3209 5931 συνόδου,
3238 5865 3324 5917 διὰ
3356 5865 3412 5917 τὸ
3458 5865 3602 5934 ἡμᾶς
3635 5862 3993 5933 συναρὲῦμιον
