4194 6432
686 396 791 458 599
1947 389 2239 451 meam
2280 389 2681 455 BYZANTINI
3841 389 3948 455 600

682 517 916 577 occupat
940 503 1306 569 conﬁrmavit,
1359 509 1414 557 et
1444 504 1621 570 palam
1653 504 1945 560 conﬁtetur
1970 504 2023 555 in
2057 504 2259 555 unione
2290 513 2334 557 Λ

2290 513 2334 557 Λ
2364 502 2418 552 δὲ
2442 508 2506 577 τῇ
2536 507 2655 559 κατ’
2684 507 2909 561 ἔνδειαν.
2936 506 3000 559 ’11
3022 507 3078 560 δὲ
3103 507 3202 577 τῆς
3234 508 3291 559 ὲν
3312 505 3613 575 Χαλκηδόνι
3630 505 3791 573 ἁγίας
3823 522 3946 558 συν-

682 606 882 661 tlhristi
925 602 1224 660 secundum
1256 601 1612 671 hypostasim,
1646 602 1783 655 duas
1813 610 2037 655 naturas
2063 614 2263 652 conve-

2366 599 2487 650 όδου
2524 598 2852 669 Θεσμοθεσία
2892 600 3066 669 μέσην
3095 601 3215 653 ὁδόν
3246 600 3342 668 τῆς
3371 600 3628 670 ἀληθείας
3656 598 3943 666 βαδίσασα,

683 700 831 757 uisse
858 699 1090 769 partium
1128 698 1302 753 locum
1328 697 1381 750 in
1430 712 1539 751 uno
1561 695 1779 750 Christo
1815 695 2175 757 continentes,
2207 705 2261 748 et

2366 694 2461 744 καὶ
2491 691 2842 762 μιμησαμένη
2876 694 2975 762 τὴν
3000 693 3163 759 ἁγίαν
3186 693 3281 744 καὶ
3307 691 3692 760 οἰκουμενικὴν
3717 690 3944 759 πρώτην

684 805 845 845 unam
875 789 1209 859 hypostasim
1234 804 1246 841 :
1274 786 1494 855 quando
1514 784 1751 840 medium
1781 784 1985 851 aliquid
2016 785 2262 838 obtineat

2366 782 2604 846 σύνοδον,
2652 777 2775 853 ἥτις
2824 785 2923 855 τὴν
2975 784 3147 855 μέσην
3199 784 3317 837 ὁδὸν
3369 784 3464 851 τῆς
3515 782 3773 852 ἀληθείας
3823 781 3946 833 ἐδε-

680 897 803 937 cum
844 880 1105 936 extremis
1129 894 1443 941 commune,
1477 887 1530 933 et
1561 880 1613 933 in
1645 878 1829 949 aliquo
1850 877 2084 942 diﬂ‘erat,
2119 886 2173 931 et
2206 878 2256 929 in

2364 875 2588 941 δαίωσε,
2619 877 2714 929 καὶ
2735 876 2876 947 αὑτὴ
2914 878 2983 930 τὰ
3013 878 3142 947 παρ’
3171 878 3411 947 ἑκάτερα
3446 876 3644 939 ἄτοπα,
3670 874 3731 927 τὸ
3761 874 3946 927 δισσὸν

678 971 880 1041 quibus
909 987 1034 1027 cum
1052 986 1278 1026 excessu
1314 970 1677 1035 disconvenit,
1724 986 1848 1025 cum
1878 969 2091 1024 defectu
2122 985 2251 1023 con-

2361 968 2471 1022 τῶν
2496 970 2870 1035 ὑποστάσεων,
2898 972 3035 1043 ὅπερ
3061 974 3206 1023 ποιεῖ
3248 971 3342 1024 δύο
3384 971 3533 1033 υἱοὺς
3564 969 3661 1022 καὶ
3696 968 3789 1021 δύο
3822 985 3946 1037 χρι-

676 1064 899 1129 cordat;
934 1063 986 1117 in
1022 1063 1225 1133 quibus
1262 1074 1440 1118 autem
1473 1079 1502 1118 a
1549 1062 1762 1120 defectu
1800 1064 2097 1127 discordat,
2135 1079 2259 1119 cum

2364 1064 2542 1128 στοὺς,
2572 1064 2601 1116 ὃ
2644 1066 2759 1118 ὲστι
2807 1065 2949 1118 κατὰ
2978 1064 3336 1134 πλεονασμὸν,
3387 1063 3521 1120 ἀλλὰ
3552 1063 3662 1133 μὴν
3699 1063 3791 1114 καὶ
3843 1060 3945 1130 τὴν

676 1168 904 1210 excessu
928 1155 1203 1209 convenit.
1241 1153 1485 1225 Exempli
1518 1172 1679 1211 causa
1708 1172 1719 1209 :
1756 1153 2011 1211 Ecclesiae
2048 1156 2255 1225 opinio,

2362 1155 2594 1220 ἔνδειαν,
2624 1159 2763 1227 ὅπερ
2786 1156 2875 1211 διὰ
2902 1157 2963 1209 τὸ
2995 1159 3196 1211 ἑνιαῖον
3224 1157 3323 1227 τῆς
3363 1156 3716 1219 ὑποστάσεως
3742 1158 3809 1225 τῇ
3839 1154 3944 1223 φύ-

674 1257 798 1312 qnce
819 1242 888 1298 ab
913 1243 1064 1315 Ario:I
1090 1244 1389 1297 secundum
1436 1254 1661 1298 naturas
1692 1243 1965 1309 dissentit,
1993 1260 2115 1299 cum
2153 1244 2254 1298 Sa-

2363 1266 2445 1300 σει
2488 1250 2549 1301 τὸ
2587 1250 2875 1318 μοναδικὸν
2931 1250 3136 1315 δίδωσι,
3168 1250 3268 1320 τὴν
3311 1249 3483 1319 μέσην
3528 1247 3682 1313 τάξιν
3713 1245 3944 1315 ἔχουσαν

672 1335 838 1391 bellic
868 1352 1030 1391 unam
1068 1345 1316 1390 naturam
1337 1346 1611 1392 a=serente
1641 1337 1948 1402 consentit;
1981 1354 2100 1406 qua:
2130 1352 2254 1391 cum

2359 1340 2477 1393 ὁδὸν
2523 1339 2781 1410 ἀληθείας
2826 1341 3112 1410 ἐκράτυνε,
3162 1341 3257 1393 καὶ
3296 1338 3660 1409 άνακηρὺττει
3705 1337 3799 1388 ἐπὶ
3843 1336 3944 1403 τῆς

674 1424 913 1482 Sabellio
941 1437 1147 1499 pugnat
1201 1430 1502 1484 secundum
1561 1428 1838 1498 singulare
1878 1440 1932 1483 et
1962 1427 2252 1483 confusum

2360 1430 2482 1483 καθ’
2515 1430 2813 1484 ὑπόστασιν
2840 1429 3086 1493 ένὼσεως
3119 1430 3214 1482 τοῦ
3253 1427 3496 1499 ’Χριστοῦ
3523 1427 3617 1480 δύο
3644 1426 3836 1494 φύσεις
3874 1425 3943 1478 τὰ

671 1518 999 1590 hypostasis,
1028 1537 1136 1576 non
1176 1523 1431 1577 abhorret
1454 1521 1521 1575 ab
1540 1520 1672 1575 Ario
1695 1522 1993 1576 secundum
2028 1522 2253 1575 triadcm

2359 1524 2703 1589 συνελθόντα,
2739 1523 2922 1594 μερῶν
2949 1522 3102 1587 τάξιν
3131 1522 3321 1590 ἔχοντα
3354 1522 3413 1573 ἐν
3445 1520 3522 1592 τῷ
3569 1521 3649 1573 ἑνὶ
3695 1516 3939 1588 Χριστῷ,

672 1612 1057 1683 hypostaseon.
1101 1616 1192 1670 Sic
1220 1615 1387 1669 etiam
1446 1615 1865 1669 discurrendum
1906 1624 1989 1667 est
2019 1614 2071 1667 in
2101 1629 2253 1668 teco-

2360 1616 2492 1684 μίαν
2516 1616 2573 1667 δὲ
2610 1614 2709 1685 τὴν
2751 1614 3070 1668 ὑπόστασιν.
3117 1612 3337 1681 Ἐπειδὴ
3381 1614 3415 1682 ἠ
3459 1611 3691 1681 μεσότης
3744 1612 3835 1662 ἐπί
3887 1626 3942 1661 τι

671 1709 851 1761 nomia
881 1709 949 1762 de
979 1706 1155 1762 media.
1187 1709 1297 1773 \ia,
1331 1709 1580 1762 veritatis
1615 1723 1809 1775 netnpe
1842 1709 2167 1761 sententiam
2200 1708 2251 1761 in

2357 1710 2605 1759 κοινωνεῖ
2630 1709 2739 1770 τοῖς
2765 1706 2978 1776 ἄκροις,
3011 1706 3106 1760 καὶ
3143 1706 3234 1758 ἐπί
3264 1722 3316 1758 τι
3345 1704 3618 1774 διαφέρει,
3648 1702 3746 1756 καὶ
3779 1704 3835 1754 ἐν
3858 1695 3944 1763 οἷς

667 1800 850 1866 aliquo
879 1813 1003 1852 cum
1028 1800 1286 1853 extremis
1315 1801 1666 1861 concordare,
1715 1801 1767 1852 in
1799 1800 1984 1868 aliquo
2014 1800 2250 1859 ditl'erre,
2289 1850 2323 1869 ἢ

2289 1850 2326 1869 n
2356 1798 2772 1869 διαφέρεταιτῴ
2800 1799 3147 1869 πλεονασμῷ,
3186 1800 3432 1852 κοινωνεῖ
3458 1801 3521 1867 τῇ
3546 1796 3745 1865 ἐνδείᾳ,
3773 1795 3829 1845 ἐν
3859 1788 3942 1853 οἷς

665 1888 794 1943 etin
831 1885 1228 1959 quibusdiﬂert
1258 1890 1325 1944 ab
1356 1906 1605 1955 excessu,
1630 1908 1751 1945 cum
1786 1892 1996 1947 defectu
2024 1908 2255 1947 concor-
2286 1850 2321 1906 Β

2461 1850 2533 1869 .,
2626 1850 3339 1869 κηρν-,μνην
3495 1850 3521 1867 ,.
3700 1850 3744 1865 ..
3926 1850 3937 1853 τ

2286 1850 2327 1906 Β
2354 1891 2410 1944 δὲ
2458 1892 2777 1961 διαφέρεται
2821 1894 2887 1963 τῇ
2924 1891 3124 1959 ἐνδείᾳ,
3168 1892 3416 1944 κοινωνεῖ
3462 1888 3538 1958 τῷ
3590 1885 3937 1956 πλεονασμῷ.

664 1980 820 2045 dare,
862 1982 917 2036 in
948 1983 1149 2051 quibus
1193 1999 1221 2037 a
1250 1983 1485 2044 defectu,
1549 1998 1673 2037 cum
1724 1999 1975 2039 excessu.
2034 1985 2116 2038 Sit
2156 2000 2254 2054 pro

2356 1977 2481 2036 Οἷόν
2507 1982 2556 2035 τί
2581 1999 2751 2052 φημι·
2789 1984 2860 2036 Τὸ
2893 1986 2991 2053 τῆς
3030 1981 3353 2052 Ἑκκλησίας
3383 1982 3664 2051 φρόνημα,
3685 1978 3942 2047 διαφερῧ-

664 2076 935 2144 cxemplo.
970 2074 1247 2130 Ponantur
1280 2076 1591 2145 opiniones,
1622 2077 1883 2143 Nestorii,
1920 2078 2167 2146 inquam,
2199 2087 2254 2132 et

2356 2092 2520 2143 μενον
2550 2075 2627 2144 τῷ
2656 2073 2751 2127 τοῦ
2794 2075 3003 2144 Ἀρείου
3043 2073 3185 2127 κατὰ
3213 2073 3312 2135 τὰς
3349 2073 3562 2142 φύσεις,
3595 2068 3942 2137 κοινωνείτῷ

662 2165 1006 2238 Eutychetis,
1046 2177 1101 2223 et
1131 2168 1337 2231 Severi,
1369 2185 1601 2239 quarum
1648 2171 1817 2224 altera
1855 2171 1994 2225 duas
2027 2184 2251 2226 naturas

2353 2166 2669 2234 Σαϐελλίου,
2698 2166 2775 2237 τῷ
2818 2168 2947 2235 μῖαν
2993 2166 3158 2233 φύσιν
3196 2165 3475 2231 δοξάζειν·
3508 2163 3603 2217 τοῦ
3632 2164 3688 2214 δὲ
3725 2163 3789 2231 δὴ
3827 2163 3939 2213 Σα-

662 2269 717 2313 et
745 2260 885 2314 duas
917 2276 1180 2327 personas
1226 2261 1425 2315 fatetur
1448 2301 1464 2325 ,
1494 2263 1661 2315 altera
1693 2279 1858 2315 unam
1910 2275 2159 2318 naturam
2198 2274 2252 2321 et

2352 2258 2566 2310 ὅελλίου
2596 2259 2989 2329 διαφερόμενον
3021 2260 3163 2313 κατὰ
3197 2260 3257 2311 τὸ
3300 2258 3587 2327 μοναδικὺν
3612 2257 3707 2310 καὶ
3739 2274 3942 2325 συγχυ-

661 2368 828 2406 unam
862 2353 1197 2423 hypostasim
1227 2353 1441 2407 asserit.
1489 2351 1830 2409 Manifestum
1858 2356 1889 2409 ii
1917 2365 1997 2411 ter
2038 2372 2133 2412 eas
2166 2373 2250 2412 sc-

2350 2350 2502 2402 τικὸν
2539 2352 2638 2419 τῆς
2688 2351 3064 2414 ὑποστάσεως,
3113 2352 3418 2421 συμφρονεῖ
3462 2350 3541 2421 τῷ
3585 2349 3678 2402 τοῦ
3722 2348 3938 2416 Ἀρείου

661 2446 899 2500 cundum
918 2461 1205 2501 excessum
1223 2454 1385 2515 atque
1408 2446 1677 2501 defectum
1698 2448 1924 2501 nimium
1960 2451 2246 2515 interesse,

2354 2444 2492 2495 κατὰ
2548 2444 2608 2495 τὸ
2661 2442 2885 2513 τρισσὸν
2925 2443 3035 2497 τῶν
3091 2445 3464 2497 ὑποστάσεων.
3511 2443 3701 2505 Οὕτως
3758 2442 3940 2493 ἔνεστι

660 2539 933 2609 siquidem
974 2554 1162 2593 earum
1197 2539 1510 2607 longissime
1537 2539 1751 2594 diversa
1790 2541 1929 2595 ratio
1949 2548 2051 2603 est,
2085 2543 2248 2596 nihil-

2352 2539 2575 2589 σκοπεῖν
2634 2536 2727 2589 καὶ
2752 2537 2845 2588 ἐπὶ
2878 2537 2978 2605 τῆς
3009 2538 3320 2607 οἰκονομίας
3358 2535 3456 2607 τὴν
3494 2537 3665 2606 μέσην
3697 2536 3813 2587 ξδδν
3836 2534 3941 2603 τῆς

658 2645 766 2699 que
792 2637 895 2691 est,
918 2644 1027 2698 quo
1057 2639 1272 2692 natura,
1306 2630 1386 2681 vel
1412 2629 1716 2699 hypostasis
1745 2629 1884 2683 inter
1910 2645 1968 2684 se
2003 2646 2248 2686 connnu-

2348 2629 2609 2697 ἀληθείας
2652 2629 2832 2694 δόξαν,
2872 2631 3056 2682 ὲπί.τι
3104 2634 3382 2683 κοινωνεῖν
3430 2631 3527 2683 καὶ
3578 2628 3940 2699 διαφέρεσθαι

659 2722 1068 2788 nicent.Qnare
1095 2729 1408 2775 assumatur
1457 2736 1520 2785 ea
1570 2722 1778 2790 opinio,
1834 2738 1954 2792 qua:
2002 2724 2243 2779 medium

2348 2724 2460 2784 τοῖς
2496 2721 2685 2793 ἄκροις
2709 2738 2721 2751 ·
2776 2724 2870 2775 καὶ
2901 2718 3068 2788 ἐν’ξοῖς
3101 2722 3416 2791 διαφέρεται
3459 2723 3538 2792 τῷ
3586 2720 3938 2789 πλεονασμῷ,

658 2815 906 2870 veritatis
938 2824 1198 2885 occupat;
1230 2830 1292 2870 ea
1321 2817 1546 2869 omnino
1600 2816 1654 2870 in
1689 2818 1874 2884 aliquo
1908 2832 2032 2872 cum
2061 2831 2240 2874 extre-

2348 2816 2597 2865 κοινωνεῐ
2630 2816 2696 2885 τῇ
2734 2815 2932 2885 ἐνδείᾳ,
2975 2817 3033 2868 ἐν
3064 2809 3144 2877 οἷς
3182 2814 3239 2867 δὲ
3278 2814 3595 2885 διαφέρεται
3624 2816 3689 2883 τῇ
3733 2813 3935 2881 ἐνδείᾳ,

658 2909 765 2963 nnis
790 2908 1085 2963 convenire
1114 2910 1293 2968 debet.
1330 2918 1384 2963 et
1424 2909 1477 2962 in
1528 2911 1711 2979 aliquo
1746 2912 2075 2981 discrepare.
2108 2928 2160 2969 et
2190 2916 2242 2970 in

2348 2909 2597 2957 κοινωνεῖ
2618 2906 2695 2975 τῷ
2722 2906 3065 2976 πλεονασμῷ.
3087 2902 3212 2960 Οἷὸν
3238 2924 3291 2959 τι
3310 2907 3455 2973 λέγω
3474 2922 3488 2934 ⁸
3510 2904 3939 2975 Προκείσθωσαν

657 3001 861 3070 quibus
887 3002 1205 3069 abexcessu
1225 3001 1595 3064 disconvenit,
1619 3018 1741 3057 cum
1771 3005 1986 3059 defeetu
2010 3023 2242 3061 consen—

2345 2997 2516 3059 δόξαι,
2554 2996 2645 3049 τοῦ
2682 2998 3000 3066 Νεστορίου,
3034 2998 3202 3067 φημὶ,
3243 2998 3336 3049 καὶ
3370 2997 3663 3065 Εὐτυχοῦς,
3705 2997 3798 3047 καὶ
3832 2996 3934 3046 Σε-

656 3096 781 3161 tire,
813 3094 1089 3164 inquibus
1117 3092 1351 3148 defectui
1375 3109 1480 3147 non
1515 3097 1835 3161 concordat,
1865 3114 1987 3152 cum
2012 3117 2240 3155 excessu

2347 3087 2518 3157 ϐήρου
2542 3089 2615 3157 ,ἡ
2652 3088 2748 3156 μὲν
2788 3087 2881 3141 δύο
2926 3089 3116 3157 φύσεις
3154 3090 3250 3140 καὶ
3280 3088 3373 3140 δύο
3428 3088 3692 3157 πρόσωπα
3722 3086 3934 3151 κηρίτ-

656 3186 934 3255 conjnngi.
970 3184 1117 3239 Talis
1154 3196 1240 3239 est
1283 3197 1483 3240 sanct:e
1527 3198 1736 3257 quartae
1788 3192 1978 3258 synodi
2022 3202 2239 3245 svnten-
2268 3193 2310 3249 (Ξ

2282 3193 2310 3249 [ς
2345 3196 2538 3243 τουσα,
2574 3181 2607 3247 ἡ
2650 3180 2705 3232 δὲ
2762 3181 2893 3249 μίαν
2928 3179 3092 3249 φύσιν
3132 3180 3226 3232 καὶ
3271 3179 3398 3249 μίαν
3433 3178 3735 3231 ὑπόστασιν
3779 3177 3938 3239 δοξά-

655 3277 750 3338 tia,
793 3276 846 3329 in
876 3276 1098 3330 Christo
1133 3277 1271 3329 duas
1322 3286 1548 3332 naturas
1600 3287 1653 3332 et
1684 3297 1847 3333 unam
1904 3282 2234 3352 hypostasim

2347 3273 2537 3333 ζουσα.
2583 3272 2821 3340 ψανερὸν
2871 3272 2952 3323 δτι
3002 3272 3143 3323 κατὰ
3187 3269 3531 3339 πλεονασμὸν
3578 3269 3671 3321 καὶ
3723 3269 3935 3321 ἔνδειαν

654 3367 981 3428 .muntians,
1014 3382 1135 3435 quae
1185 3382 1214 3420 a
1269 3365 1523 3422 Nestor-io
1560 3373 1860 3425 secundum
1898 3373 2235 3443 hypostasitn

2346 3363 2559 3414 ἔσονται
2596 3362 3004 3431 ἀντικείμεναι·
3038 3363 3197 3433 εἴπερ
3231 3364 3297 3415 τά
3327 3362 3529 3415 οὑτωσὶ
3566 3365 3741 3431 πάντη
3776 3362 3932 3414 αντε-

653 3458 986 3513 dissentimus
1010 3458 1123 3527 (ille
1151 3460 1292 3512 enim
1332 3460 1490 3523 duas,
1533 3461 1648 3515 hrec
1690 3479 1851 3516 unam
1902 3466 2232 3535 proﬁtetur),

2347 3473 2576 3516 κεινται,
2606 3456 2697 3506 καὶ
2731 3454 2989 3525 οὐδεμίαν
3023 3456 3313 3508 κοινωνίαν
3358 3456 3575 3523 φύσεως
3630 3454 3660 3524 ἢ
3692 3455 3931 3507 ὑποστά-

652 3566 775 3603 cum
832 3549 1075 3619 Eutyche
1114 3562 1274 3618 atque
1306 3551 1509 3606 Severo
1537 3557 1829 3617 consentit,
1876 3558 2019 3625 quod
2048 3568 2099 3612 et
2133 3559 2233 3626 ipsi

2345 3565 2482 3610 σεως
2505 3549 2639 3619 πρὸς
2669 3548 2905 3619 ἀλλήλας
2950 3547 3267 3616 κέκτηνται.
3296 3548 3505 3601 Οὐκοῦν
3552 3548 3811 3617 ληφθήτω
3843 3564 3933 3611 τις

654 3653 818 3692 unam
874 3639 1205 3709 hypostasim
1246 3642 1595 3697 confitentur.
1649 3644 1753 3699 Sed
1807 3662 2025 3702 rursum
2061 3665 2089 3702 a
2119 3651 2236 3703 Dia-

2342 3640 2491 3707 δόξα,
2520 3643 2553 3710 ἠ
2604 3641 2665 3692 τὺ
2700 3642 2864 3709 μέσον
2901 3641 3001 3709 τῆς
3048 3641 3303 3711 ἀληθείας
3354 3641 3552 3709 ἔχουςα
3583 3656 3595 3668 .
3644 3640 3785 3709 αὕτη
3834 3636 3931 3692 ὧν

652 3744 833 3793 scmo,
869 3740 925 3784 et
958 3730 1218 3801 Eutyche,
1260 3744 1315 3785 et
1344 3732 1547 3789 Severo
1584 3736 2001 3794 disconvenicns
2037 3756 2233 3796 secun~

2340 3736 2433 3787 ἐπί
2466 3752 2517 3787 τι
2551 3738 2662 3797 τοῖς
2694 3735 2883 3803 ἄκροις
2914 3735 3262 3804 ὲποφείλεται
3294 3738 3593 3796 κοινωνεῖν,
3624 3735 3719 3787 καὶ
3752 3734 3845 3786 ἐπί
3872 3751 3928 3786 τι

649 3826 780 3880 dum
812 3835 1061 3880 naturam
1088 3863 1105 3891 ,
1148 3825 1295 3895 quod
1330 3826 1407 3880 illi
1438 3843 1601 3881 unam
1638 3826 1887 3885 naturam
1921 3833 1972 3886 in
2005 3850 2228 3889 (nonno-

2338 3828 2637 3897 διαφέρειν,
2668 3827 2760 3880 καὶ
2783 3828 2840 3880 ὲν
2867 3822 2947 3890 οἷς
2973 3828 3291 3897 διαφέρεται
3322 3828 3400 3898 τῷ
3432 3826 3779 3895 πλεονασμῷ,
3810 3843 3928 3878 κοι-

652 3918 758 3971 mia
807 3925 1078 3982 asserant,
1132 3917 1221 3971 illa
1254 3916 1414 3983 duas,
1460 3934 1567 3972 non
1603 3920 1834 3975 dissidet
1881 3937 1910 3975 a
1959 3922 2228 3990 Nestorio,

2340 3924 2530 3973 νωνεῖν
2554 3924 2619 3990 τῇ
2652 3921 2850 3991 ἐνδείᾳ,
2880 3921 2940 3972 ὲν
2966 3917 3047 3983 οἷς
3070 3922 3124 3973 δὲ
3142 3922 3457 3988 διαφέρεται
3486 3924 3551 3991 τῇ
3583 3921 3780 3988 ἐνδείᾳ,
3808 3936 3926 3970 κοι-

648 4008 744 4077 qui
775 4008 910 4063 duas
942 4009 1325 4063 tantummodo
1377 4020 1600 4067 naturas
1644 4011 1696 4066 in
1756 4012 1975 4070 Christo
2026 4018 2226 4085 posuit.

2338 4013 2527 4065 νωνεῖν
2571 4010 2646 4081 τῷ
2702 4011 3047 4081 πλεονασμῷ.
3077 4012 3315 4082 Τοιαύτη
3356 4014 3440 4076 τίς
3487 4015 3602 4065 ἐστι
3634 4012 3726 4064 καὶ
3757 4014 3789 4081 ἡ
3825 4013 3924 4081 τῆς

649 4100 932 4171 Nemoque
968 4115 1034 4155 ex
1076 4115 1144 4155 eo
1179 4100 1325 4169 quod
1378 4102 1430 4155 in
1467 4102 1651 4168 aliquo
1695 4105 1817 4173 quis
1863 4110 2228 4165 communicat

2338 4106 2500 4173 ἁγίας
2552 4107 2824 4174 τετάρτης
2869 4107 3088 4159 συνόδου
3144 4108 3238 4158 ἐπὶ
3283 4107 3547 4177 Χριστοῦ,
3589 4106 3681 4159 δύο
3726 4106 3924 4175 φύσεις

649 4208 772 4245 rum
810 4191 937 4254 alio,
962 4191 1185 4245 omnino
1213 4207 1335 4245 cum
1385 4207 1451 4246 eo
1495 4195 1904 4251 communicare
1948 4198 2224 4267 opinetur,

2336 4200 2430 4250 καὶ
2466 4198 2594 4265 μίαν
2627 4198 2925 4251 ὑπόστασιν
2973 4198 3341 4267 κηρύττουσα,
3392 4200 3514 4269 ἥτις
3550 4198 3921 4268 διαφερομένη

648 4294 703 4339 et
731 4293 988 4352 tanquam
1016 4299 1119 4337 una
1144 4285 1466 4339 sentientem
1496 4301 1641 4350 eum,
1670 4289 1760 4357 qui
1804 4289 1857 4343 in
1894 4290 2077 4360 aliquo
2102 4308 2226 4347 enm

2333 4291 2413 4362 τῷ
2450 4290 2730 4361 Νεστορίῳ
2783 4292 2923 4343 κατὰ
2959 4291 3055 4361 τὴν
3085 4292 3400 4357 ὑπόστασιν,
3421 4293 3521 4357 (δτι
3556 4293 3583 4344 ὁ
3612 4292 3709 4359 μὲν
3739 4290 3852 4352 ἰὺο,
3883 4293 3917 4359 ἠ

648 4376 907 4446 qtmpiam
966 4376 1149 4436 sentit.
1183 4375 1235 4429 in
1267 4377 1456 4431 eodem
1520 4377 1736 4442 habeat,
1784 4389 1947 4450 atque
1984 4399 2227 4438 exsecre-

2332 4383 2390 4436 δὲ
2417 4383 2551 4451 μίαν
2585 4382 2894 4452 κηρύττει),
2917 4386 3164 4436 κοινωνεῖ
3191 4382 3269 4453 τῷ
3296 4384 3524 4451 Εὑτυχεῖ
3554 4385 3645 4435 καὶ
3670 4376 3918 4451 Σιϐήρῳ,

649 4477 763 4532 tur;
802 4464 1241 4534 quandoquidem
1273 4475 1328 4519 et
1370 4482 1496 4521 vera
1532 4466 1789 4524 Ecclesia:
1838 4472 2044 4541 opinio,
2081 4477 2221 4543 quod

2334 4475 2477 4529 κατὰ
2508 4475 2565 4528 τὸ
2608 4476 2735 4545 μίαν
2771 4476 3067 4529 ὑπόστασιν
3100 4478 3383 4546 ὁμολογεῖν
3413 4476 3509 4529 καὶ
3542 4475 3761 4539 αὐτούς.
3804 4477 3921 4528 ιιά-

647 4558 700 4613 ἱιι
735 4558 921 4628 aliquo
952 4572 1075 4612 cum
1098 4558 1359 4613 extremis
1385 4560 1849 4629 concordat,Ario
1872 4574 1923 4618 et
1964 4565 2221 4632 Sabellio,
2259 4551 2302 4606 D

2265 4551 2302 4606 ο
2331 4569 2414 4621 λιν
2443 4569 2488 4621 δ’
2511 4568 2581 4623 αὖ
2605 4568 2975 4640 διαφερομένη
3000 4570 3076 4637 τῷ
3094 4571 3389 4640 Διοσκόρω,
3416 4570 3508 4622 καὶ
3538 4570 3787 4637 Εὐτυχεῖ,
3822 4570 3921 4622 καὶ

648 4660 707 4704 ιιι
749 4649 927 4704 oratio
956 4648 1351 4718 comprobavit,
1398 4652 1795 4720 proscribetur.
1834 4654 1899 4710 Et
1924 4659 2062 4728 'quis
2094 4669 2218 4714 tan-

2336 4660 2559 4731 Σεόήρῳ
2583 4660 2729 4714 κατὰ
2755 4661 2856 4729 τὴν
2896 4660 3059 4730 φύσιν
3092 4664 3192 4731 (δτι
3225 4665 3273 4715 oi
3312 4663 3411 4731 μὲν
3461 4662 3589 4732 μίαν
3631 4662 3793 4729 φύσιν
3822 4662 3919 4716 ἐπὶ

645 4755 756 4797 tam
798 4743 1193 4810 blasphemiam
1223 4743 1363 4797 ferre
1391 4746 1624 4813 poterit?
1660 4744 1783 4802 Pari
1817 4750 2030 4805 ratione
2059 4762 2113 4806 et
2154 4754 2219 4809 de

2331 4754 2432 4823 τῆς
2460 4753 2776 4823 οἰκονομίας
2806 4754 3189 4825 κηρύττουσιν,
3224 4756 3256 4825 ή
3288 4756 3340 4809 δὲ
3384 4756 3525 4822 δύο),
3558 4761 3808 4811 κοινωνεῖ
3837 4758 3918 4827 τῷ

643 4842 831 4887 saneta
865 4844 1058 4903 quarta
1103 4833 1313 4903 synodo
1364 4834 1449 4903 pie
1504 4836 1884 4894 disserendum
1938 4852 2041 4897 est.
2084 4844 2220 4910 Quia

2332 4846 2633 4916 Νεστορίῳ.
2674 4846 2815 4898 κατὰ
2844 4846 2906 4898 τὸ
2936 4845 3033 4907 τὰς
3076 4846 3169 4899 δύο
3206 4848 3301 4899 καὶ
3344 4848 3504 4916 μόνον
3531 4847 3723 4916 φύσεις
3752 4849 3915 4915 δοξά-

641 4924 917 4979 consentit
948 4924 1002 4976 in
1058 4923 1242 4992 aliquo
1280 4939 1404 4979 cum
1450 4924 1721 4991 Nestorio,
1777 4929 1969 4986 ideone
2021 4943 2071 4987 et
2113 4951 2221 4988 una

2335 4938 2448 5002 ζειν
2477 4939 2569 4992 ἐπὶ
2604 4938 2863 5009 Χριστοῦ.
2893 4940 3000 4992 Καὶ
3036 4939 3098 4992 οὑ
3130 4938 3210 4991 δεῖ
3240 4942 3303 4992 ὲκ
3324 4940 3418 4993 τοῦ
3460 4942 3602 4994 κατά
3630 4961 3681 4995 τι
3715 4960 3912 4995 κοινω-

642 5032 767 5071 cum
798 5030 864 5071 eo
896 5015 1101 5071 sentire
1127 5016 1417 5071 dicemus?
1446 5022 1650 5088 Apage.
1714 5020 1839 5077 Haec
1900 5024 2084 5095 itaque
2125 5043 2218 5097 sy-

2332 5034 2463 5098 νεῖν,
2500 5033 2614 5086 -καὶ
2668 5031 2730 5084 τὸ
2773 5032 2959 5094 ἁπλῶς
2988 5036 3268 5085 κοινωνεῖν
3317 5033 3651 5102 λογίζεσθαι,
3699 5036 3794 5089 καὶ
3838 5038 3916 5097 ὡς

644 5106 819 5161 nodus
876 5107 977 5160 hoc
1004 5106 1163 5161 modo
1203 5106 1438 5162 mediam
1486 5111 1732 5167 veritatis
1780 5115 1922 5169 viam
1962 5117 2223 5189 evulgans

2330 5124 2607 5194 ὁμόφρονα
2652 5124 2743 5176 τὸν
2800 5125 2943 5178 κατά
2989 5141 3043 5176 τι
3094 5124 3459 5177 κοινωνοῦντά
3511 5143 3650 5190 τινι,
3715 5128 3914 5180 ταυτὸν

641 5217 747 5255 non
803 5209 888 5256 est
928 5201 1179 5270 improbo
1217 5202 1483 5267 consilio,
1536 5213 1588 5259 et
1635 5221 1848 5261 summa
1883 5209 2223 5280 ignoratione

2330 5214 2525 5283 ἐκείνῳ
2579 5214 2889 5284 λογίζεσθαι
2927 5214 3019 5267 καὶ
3080 5216 3470 5281 μυσάττεσθαι.
3511 5218 3664 5269 Ἑπεὶ
3706 5218 3801 5269 καὶ
3850 5219 3916 5271 τὸ

639 5293 1045 5358 calumnianda,
1085 5293 1572 5366 abjudicandaque,
1606 5299 1699 5352 sed
1735 5302 1914 5369 potius
1945 5304 2035 5359 ubi
2068 5307 2221 5375 prius
2327 5307 2527 5378 ἀληθὲς
2549 5308 2804 5378 φρόνημα
2823 5307 2925 5376 τῆς
2964 5308 3311 5377 Ἑκκλησίας,
3339 5308 3471 5360 διότι
3505 5310 3597 5361 ἐπί
3626 5328 3672 5361 τι
3715 5328 3916 5363 κοινω-

640 5397 848 5442 rectum
875 5388 1048 5456 ipsius
1088 5386 1282 5458 dogma
1322 5390 1605 5459 amplexus
1656 5391 1843 5459 fueris,
1899 5400 2222 5455 exosculan-

2326 5402 2409 5451 νεῖ⁹
2435 5402 2543 5462 τοῖς
2570 5400 2782 5469 ἄκροις,
2827 5399 3043 5469 Ἀρείῳ,
3074 5401 3246 5469 φημὶ,
3270 5399 3363 5452 καὶ
3395 5400 3689 5471 Σαϐελλίῳ,
3726 5403 3916 5466 καθὼς

640 5480 738 5543 da,
788 5479 1313 5551 annumerandaque
1359 5496 1481 5536 cum
1528 5482 1651 5538 aliis
1683 5487 1887 5542 sanctis
1919 5490 2094 5547 tribus
2126 5507 2220 5563 sy-

2324 5494 2353 5544 ὁ
2390 5491 2548 5558 λόγος
2596 5491 2959 5562 παρέστησεν,
2990 5492 3532 5562 ἀποκηρυχθήσεται.
3566 5494 3673 5545 Καὶ
3709 5495 3796 5556 τίς
3842 5493 3915 5552 ἄν

640 5565 818 5629 nodis,
846 5566 1014 5637 quod,
1043 5576 1101 5621 ut
1124 5569 1302 5623 oratio
1332 5567 1897 5633 demonstravit.nihil
1945 5593 2053 5647 prce
2100 5582 2221 5637 aliis

2326 5583 2524 5655 ὑποίσῃ
2544 5582 2604 5635 τὸ
2638 5582 2987 5653 βλάσφημονς
3018 5584 3232 5635 Οὑτωσὶ
3275 5583 3368 5636 καὶ
3407 5584 3501 5636 ἐπὶ
3536 5585 3633 5653 τῆς
3665 5584 3724 5637 ἐν
3754 5585 3912 5639 Χαλ-

641 5663 845 5718 sanctis
868 5663 1041 5718 tribus
1072 5663 1625 5734 synodisinnovavitf;
1655 5668 1924 5737 quinimo,
1957 5673 2002 5727 si
2034 5690 2219 5731 verum

2326 5677 2508 5749 κηδόνι
2557 5677 2719 5743 ἁγίας
2769 5677 3038 5747 τετάρτης
3099 5676 3317 5729 συνόδου
3376 5676 3616 5740 εὐσεϐῶς
3673 5680 3911 5749 συνορᾷν

640 5753 802 5809 fateri
849 5756 1125 5822 volumus,
1191 5756 1376 5813 eadem
1432 5773 1678 5828 prorsus,
1723 5777 1986 5836 aequeque
2036 5770 2220 5825 omnia

2326 5771 2500 5826 ἔνεστι
2520 5788 2533 5805 ο
2566 5771 2697 5826 διότι
2724 5774 2971 5825 κοινωνεῖ
3001 5770 3093 5825 ἐπί
3119 5788 3169 5824 τι
3214 5768 3291 5840 τῷ
3317 5771 3613 5843 Νεστορίῳ,
3645 5772 3744 5842 ἠδη
3773 5774 3909 5841 ομο-
