  <div class='ocr_page' id='page_1' title='image "/cluster/home/n/w/nwhite01/storage/ocr_20150623/105/nnc1.0046980105/308.png"; bbox 0 0 4194 6432; ppageno 0'>
   <div class='ocr_carea' id='block_1_1' title="bbox 194 412 3450 502">
    <p class='ocr_par' dir='ltr' id='par_1_1' title="bbox 194 412 3450 502">
     <span class='ocr_line' id='line_1_1' title="bbox 194 412 3450 502; baseline 0.009 -29"><span class='ocrx_word' id='word_1_1' title='bbox 194 412 285 476; x_wconf 79' lang='grc'><strong>601</strong></span> <span class='ocrx_word' id='word_1_2' title='bbox 1036 417 1469 481; x_wconf 76' lang='lat' dir='ltr'><strong>REFUTATIO</strong></span> <span class='ocrx_word' id='word_1_3' title='bbox 1507 423 1890 486; x_wconf 67' lang='lat' dir='ltr'><strong>EPISTOLE</strong></span> <span class='ocrx_word' id='word_1_4' title='bbox 1923 426 2149 487; x_wconf 75' lang='lat' dir='ltr'><strong>REGIS</strong></span> <span class='ocrx_word' id='word_1_5' title='bbox 2180 430 2570 492; x_wconf 65' lang='lat' dir='ltr'><strong>.\i{.\IE.\’l.E.</strong></span> <span class='ocrx_word' id='word_1_6' title='bbox 3339 438 3450 502; x_wconf 74' lang='lat'><strong>602</strong></span> 
     </span>
    </p>
   </div>
   <div class='ocr_carea' id='block_1_2' title="bbox 192 528 1772 620">
    <p class='ocr_par' dir='ltr' id='par_1_2' title="bbox 192 528 1767 607">
     <span class='ocr_line' id='line_1_2' title="bbox 192 528 1767 607; baseline 0.01 -29"><span class='ocrx_word' id='word_1_7' title='bbox 192 529 406 595; x_wconf 76' lang='grc' dir='ltr'>φρονεῖν</span> <span class='ocrx_word' id='word_1_8' title='bbox 464 528 743 600; x_wconf 85' lang='grc' dir='ltr'>δὼσομεν;</span> <span class='ocrx_word' id='word_1_9' title='bbox 802 530 1100 601; x_wconf 78' lang='grc' dir='ltr'>Οὖμενουν.</span> <span class='ocrx_word' id='word_1_10' title='bbox 1160 534 1370 589; x_wconf 79' lang='grc' dir='ltr'>Οὐκοῦν</span> <span class='ocrx_word' id='word_1_11' title='bbox 1417 538 1517 607; x_wconf 76' lang='grc' dir='ltr'><strong>τὴν</strong></span> <span class='ocrx_word' id='word_1_12' title='bbox 1568 540 1767 593; x_wconf 75' lang='grc' dir='ltr'>οὑτωσὶ</span> 
     </span>
    </p>
   </div>
   <div class='ocr_carea' id='block_1_3' title="bbox 1877 528 3457 620">
    <p class='ocr_par' dir='ltr' id='par_1_3' title="bbox 1877 544 3457 620">
     <span class='ocr_line' id='line_1_3' title="bbox 1877 544 3457 620; baseline 0.006 -23"><span class='ocrx_word' id='word_1_13' title='bbox 1877 544 2102 605; x_wconf 80' lang='lat' dir='ltr'><strong>studuit,</strong></span> <span class='ocrx_word' id='word_1_14' title='bbox 2123 556 2170 597; x_wconf 83' lang='lat' dir='ltr'><strong>ct</strong></span> <span class='ocrx_word' id='word_1_15' title='bbox 2201 548 2543 600; x_wconf 68' lang='grc' dir='ltr'>ρωιιιυιοιιίιυι·</span> <span class='ocrx_word' id='word_1_16' title='bbox 2565 546 2732 599; x_wconf 82' lang='lat' dir='ltr'><strong>voluit</strong></span> <span class='ocrx_word' id='word_1_17' title='bbox 2754 563 2873 599; x_wconf 77' lang='lat' dir='ltr'><strong>enni</strong></span> <span class='ocrx_word' id='word_1_18' title='bbox 2902 550 3028 613; x_wconf 86' lang='lat' dir='ltr'><strong>illis,</strong></span> <span class='ocrx_word' id='word_1_19' title='bbox 3053 559 3309 619; x_wconf 81' lang='lat' dir='ltr'><strong>tamptatn</strong></span> <span class='ocrx_word' id='word_1_20' title='bbox 3334 569 3457 620; x_wconf 64' lang='lat' dir='ltr'><strong>quur</strong></span> 
     </span>
    </p>
   </div>
   <div class='ocr_carea' id='block_1_4' title="bbox 192 616 1772 700">
    <p class='ocr_par' dir='ltr' id='par_1_4' title="bbox 192 616 1765 700">
     <span class='ocr_line' id='line_1_4' title="bbox 192 616 1765 700; baseline 0.011 -34"><span class='ocrx_word' id='word_1_21' title='bbox 192 616 349 681; x_wconf 88' lang='grc' dir='ltr'>ἁγίαν</span> <span class='ocrx_word' id='word_1_22' title='bbox 396 616 637 683; x_wconf 81' lang='grc' dir='ltr'><strong>σύνοδον,</strong></span> <span class='ocrx_word' id='word_1_23' title='bbox 672 620 771 691; x_wconf 78' lang='grc' dir='ltr'>τὴν</span> <span class='ocrx_word' id='word_1_24' title='bbox 806 620 977 691; x_wconf 81' lang='grc' dir='ltr'>μέσην</span> <span class='ocrx_word' id='word_1_25' title='bbox 1021 623 1139 677; x_wconf 78' lang='grc' dir='ltr'>ὁδὸν</span> <span class='ocrx_word' id='word_1_26' title='bbox 1168 626 1266 694; x_wconf 84' lang='grc' dir='ltr'>τῆς</span> <span class='ocrx_word' id='word_1_27' title='bbox 1295 625 1553 697; x_wconf 77' lang='grc' dir='ltr'><strong>ἀληθείας</strong></span> <span class='ocrx_word' id='word_1_28' title='bbox 1593 631 1765 700; x_wconf 80' lang='grc' dir='ltr'>κηρύ-</span> 
     </span>
    </p>
   </div>
   <div class='ocr_carea' id='block_1_5' title="bbox 1877 616 2783 700">
    <p class='ocr_par' dir='ltr' id='par_1_5' title="bbox 1877 635 2783 692">
     <span class='ocr_line' id='line_1_5' title="bbox 1877 635 2783 692; baseline 0.004 -6"><span class='ocrx_word' id='word_1_29' title='bbox 1877 635 2108 688; x_wconf 84' lang='lat' dir='ltr'><strong>mediam</strong></span> <span class='ocrx_word' id='word_1_30' title='bbox 2139 638 2381 690; x_wconf 81' lang='lat' dir='ltr'><strong>veritatis</strong></span> <span class='ocrx_word' id='word_1_31' title='bbox 2410 640 2548 691; x_wconf 82' lang='lat' dir='ltr'><strong>viam</strong></span> <span class='ocrx_word' id='word_1_32' title='bbox 2581 640 2783 692; x_wconf 74' lang='lat' dir='ltr'><strong>illll‘l‘li.</strong></span> 
     </span>
    </p>
   </div>
   <div class='ocr_carea' id='block_1_6' title="bbox 190 710 3460 803">
    <p class='ocr_par' dir='ltr' id='par_1_6' title="bbox 190 710 3460 803">
     <span class='ocr_line' id='line_1_6' title="bbox 190 710 3460 803; baseline 0.006 -41"><span class='ocrx_word' id='word_1_33' title='bbox 190 710 377 777; x_wconf 77' lang='grc' dir='ltr'>ξασαν,</span> <span class='ocrx_word' id='word_1_34' title='bbox 405 714 463 765; x_wconf 78' lang='grc' dir='ltr'><strong>ού</strong></span> <span class='ocrx_word' id='word_1_35' title='bbox 502 714 585 767; x_wconf 89' lang='grc' dir='ltr'><strong>δεῖ</strong></span> <span class='ocrx_word' id='word_1_36' title='bbox 626 716 953 788; x_wconf 71' lang='grc' dir='ltr'>κακοδουλία</span> <span class='ocrx_word' id='word_1_37' title='bbox 988 719 1081 771; x_wconf 80' lang='grc' dir='ltr'><strong>καὶ</strong></span> <span class='ocrx_word' id='word_1_38' title='bbox 1122 720 1357 792; x_wconf 71' lang='grc' dir='ltr'>ἁμαοείᾳ</span> <span class='ocrx_word' id='word_1_39' title='bbox 1410 728 1763 790; x_wconf 71' lang='grc' dir='ltr'><strong>συκοφαντεῖν</strong></span> <span class='ocrx_word' id='word_1_40' title='bbox 1826 728 1919 781; x_wconf 74' lang='grc' dir='ltr'><strong>καὶ</strong></span> <span class='ocrx_word' id='word_1_41' title='bbox 1967 729 2414 799; x_wconf 81' lang='grc' dir='ltr'>ἀποπέμπεσθαι,</span> <span class='ocrx_word' id='word_1_42' title='bbox 2459 732 2593 785; x_wconf 77' lang='grc' dir='ltr'>ἀλλὰ</span> <span class='ocrx_word' id='word_1_43' title='bbox 2646 733 2847 803; x_wconf 76' lang='grc' dir='ltr'>μᾶλλον</span> <span class='ocrx_word' id='word_1_44' title='bbox 2894 734 2952 785; x_wconf 68' lang='grc' dir='ltr'>τὸ</span> <span class='ocrx_word' id='word_1_45' title='bbox 3031 736 3235 802; x_wconf 72' lang='grc' dir='ltr'>ταύτης</span> <span class='ocrx_word' id='word_1_46' title='bbox 3301 734 3460 802; x_wconf 53' lang='grc' dir='ltr'>ὀροῖν</span> 
     </span>
    </p>
   </div>
   <div class='ocr_carea' id='block_1_7' title="bbox 188 804 3461 897">
    <p class='ocr_par' dir='ltr' id='par_1_7' title="bbox 188 804 3461 897">
     <span class='ocr_line' id='line_1_7' title="bbox 188 804 3461 897; baseline 0.002 -24"><span class='ocrx_word' id='word_1_47' title='bbox 188 804 360 876; x_wconf 67' lang='grc' dir='ltr'>δόγμα</span> <span class='ocrx_word' id='word_1_48' title='bbox 416 812 846 879; x_wconf 75' lang='grc' dir='ltr'>ὁμολογήσαντα,</span> <span class='ocrx_word' id='word_1_49' title='bbox 898 815 1279 884; x_wconf 81' lang='grc' dir='ltr'>ἀποδέχεσθαι.</span> <span class='ocrx_word' id='word_1_50' title='bbox 1333 821 1427 873; x_wconf 75' lang='grc' dir='ltr'>καὶ</span> <span class='ocrx_word' id='word_1_51' title='bbox 1478 822 1617 889; x_wconf 87' lang='grc' dir='ltr'><strong>μετὰ</strong></span> <span class='ocrx_word' id='word_1_52' title='bbox 1685 822 1793 876; x_wconf 84' lang='grc' dir='ltr'>τῶν</span> <span class='ocrx_word' id='word_1_53' title='bbox 1868 822 2069 879; x_wconf 82' lang='grc' dir='ltr'>λοιπῶν</span> <span class='ocrx_word' id='word_1_54' title='bbox 2139 827 2307 894; x_wconf 91' lang='grc' dir='ltr'>ἁγίων</span> <span class='ocrx_word' id='word_1_55' title='bbox 2359 827 2525 897; x_wconf 80' lang='grc' dir='ltr'><strong>τριῶν</strong></span> <span class='ocrx_word' id='word_1_56' title='bbox 2592 830 2825 881; x_wconf 70' lang='grc' dir='ltr'>συνόδων</span> <span class='ocrx_word' id='word_1_57' title='bbox 2874 829 3250 897; x_wconf 63' lang='grc' dir='ltr'>καταριθμεῖν.</span> <span class='ocrx_word' id='word_1_58' title='bbox 3307 829 3395 879; x_wconf 67' lang='grc' dir='ltr'><strong>Διὸ</strong></span> <span class='ocrx_word' id='word_1_59' title='bbox 3434 829 3461 879; x_wconf 85' lang='grc' dir='ltr'>ὁ</span> 
     </span>
    </p>
   </div>
   <div class='ocr_carea' id='block_1_8' title="bbox 187 898 3463 992">
    <p class='ocr_par' dir='ltr' id='par_1_8' title="bbox 187 898 3463 992">
     <span class='ocr_line' id='line_1_8' title="bbox 187 898 3463 992; baseline 0.002 -31"><span class='ocrx_word' id='word_1_60' title='bbox 187 898 343 966; x_wconf 60' lang='grc' dir='ltr'>λάϊνος</span> <span class='ocrx_word' id='word_1_61' title='bbox 395 902 563 966; x_wconf 78' lang='grc' dir='ltr'><strong>ἔδειξε</strong></span> <span class='ocrx_word' id='word_1_62' title='bbox 620 905 891 975; x_wconf 82' lang='grc' dir='ltr'>μηδεμίαν</span> <span class='ocrx_word' id='word_1_63' title='bbox 950 910 1287 975; x_wconf 65' lang='grc' dir='ltr'>κενοφωνίαν</span> <span class='ocrx_word' id='word_1_64' title='bbox 1318 914 1644 979; x_wconf 70' lang='grc' dir='ltr'>εἰσάγουσαν</span> <span class='ocrx_word' id='word_1_65' title='bbox 1698 916 1797 986; x_wconf 80' lang='grc' dir='ltr'>τὴν</span> <span class='ocrx_word' id='word_1_66' title='bbox 1854 916 2014 983; x_wconf 84' lang='grc' dir='ltr'>ἁγίαν</span> <span class='ocrx_word' id='word_1_67' title='bbox 2075 920 2344 990; x_wconf 81' lang='grc' dir='ltr'>τετάρτην</span> <span class='ocrx_word' id='word_1_68' title='bbox 2400 920 2614 973; x_wconf 81' lang='grc' dir='ltr'>σύνοδον</span> <span class='ocrx_word' id='word_1_69' title='bbox 2663 922 2798 992; x_wconf 73' lang='grc' dir='ltr'>πρὸς</span> <span class='ocrx_word' id='word_1_70' title='bbox 2852 924 2973 982; x_wconf 85' lang='grc' dir='ltr'>ταῖς</span> <span class='ocrx_word' id='word_1_71' title='bbox 3024 919 3235 981; x_wconf 79' lang='grc' dir='ltr'>λοιπαῖς</span> <span class='ocrx_word' id='word_1_72' title='bbox 3278 920 3463 985; x_wconf 59' lang='grc' dir='ltr'>ἁγίαις</span> 
     </span>
    </p>
   </div>
   <div class='ocr_carea' id='block_1_9' title="bbox 187 997 3463 1085">
    <p class='ocr_par' dir='ltr' id='par_1_9' title="bbox 187 997 3463 1085">
     <span class='ocr_line' id='line_1_9' title="bbox 187 997 3463 1085; baseline 0.001 -24"><span class='ocrx_word' id='word_1_73' title='bbox 187 997 333 1063; x_wconf 71' lang='grc' dir='ltr'><strong>τρισῖ</strong></span> <span class='ocrx_word' id='word_1_74' title='bbox 388 998 648 1061; x_wconf 71' lang='grc' dir='ltr'>συνόδοις.</span> <span class='ocrx_word' id='word_1_75' title='bbox 706 1000 905 1069; x_wconf 73' lang='grc' dir='ltr'>μᾶλλον</span> <span class='ocrx_word' id='word_1_76' title='bbox 940 1000 1018 1065; x_wconf 65' lang='grc' dir='ltr'><strong>δὲ.</strong></span> <span class='ocrx_word' id='word_1_77' title='bbox 1051 1005 1099 1057; x_wconf 70' lang='grc' dir='ltr'>ει</span> <span class='ocrx_word' id='word_1_78' title='bbox 1150 1008 1255 1075; x_wconf 83' lang='grc' dir='ltr'><strong>χρὴ</strong></span> <span class='ocrx_word' id='word_1_79' title='bbox 1286 1005 1519 1077; x_wconf 80' lang='grc' dir='ltr'>τάληθὲς</span> <span class='ocrx_word' id='word_1_80' title='bbox 1566 1009 1763 1075; x_wconf 86' lang='grc' dir='ltr'>εἰπεῖν,</span> <span class='ocrx_word' id='word_1_81' title='bbox 1804 1011 2066 1084; x_wconf 81' lang='grc' dir='ltr'>μεγίστην</span> <span class='ocrx_word' id='word_1_82' title='bbox 2088 1015 2409 1084; x_wconf 73' lang='grc' dir='ltr'>συμφωνίαν</span> <span class='ocrx_word' id='word_1_83' title='bbox 2438 1014 2605 1068; x_wconf 76' lang='grc' dir='ltr'>διὰτὸ</span> <span class='ocrx_word' id='word_1_84' title='bbox 2627 1018 2718 1069; x_wconf 77' lang='grc' dir='ltr'><strong>καὶ</strong></span> <span class='ocrx_word' id='word_1_85' title='bbox 2748 1017 2918 1085; x_wconf 78' lang='grc' dir='ltr'>αὐτὴν</span> <span class='ocrx_word' id='word_1_86' title='bbox 2974 1014 3073 1085; x_wconf 81' lang='grc' dir='ltr'>τὴν</span> <span class='ocrx_word' id='word_1_87' title='bbox 3106 1014 3278 1085; x_wconf 73' lang='grc' dir='ltr'>μέσην</span> <span class='ocrx_word' id='word_1_88' title='bbox 3344 1016 3463 1066; x_wconf 55' lang='grc' dir='ltr'>ιδεμ</span> 
     </span>
    </p>
   </div>
   <div class='ocr_carea' id='block_1_10' title="bbox 187 1090 1307 1169">
    <p class='ocr_par' dir='ltr' id='par_1_10' title="bbox 187 1090 1307 1169">
     <span class='ocr_line' id='line_1_10' title="bbox 187 1090 1307 1169; baseline 0.012 -28"><span class='ocrx_word' id='word_1_89' title='bbox 187 1090 282 1159; x_wconf 74' lang='grc' dir='ltr'><strong>τῆς</strong></span> <span class='ocrx_word' id='word_1_90' title='bbox 308 1091 569 1159; x_wconf 78' lang='grc' dir='ltr'>ἀληθείας</span> <span class='ocrx_word' id='word_1_91' title='bbox 594 1094 828 1163; x_wconf 85' lang='grc' dir='ltr'>βαδίσαι,</span> <span class='ocrx_word' id='word_1_92' title='bbox 860 1094 1048 1169; x_wconf 85' lang='grc' dir='ltr'>ὥσπερ</span> <span class='ocrx_word' id='word_1_93' title='bbox 1080 1100 1307 1154; x_wconf 85' lang='grc' dir='ltr'>ἐκεῖναι.</span> 
     </span>
    </p>
   </div>
   <div class='ocr_carea' id='block_1_11' title="bbox 252 1182 1767 1266">
    <p class='ocr_par' dir='ltr' id='par_1_11' title="bbox 252 1182 1767 1266">
     <span class='ocr_line' id='line_1_11' title="bbox 252 1182 1767 1266; baseline 0.011 -32"><span class='ocrx_word' id='word_1_94' title='bbox 252 1182 318 1237; x_wconf 87' lang='grc' dir='ltr'><strong>ε’.</strong></span> <span class='ocrx_word' id='word_1_95' title='bbox 355 1184 573 1237; x_wconf 85' lang='grc' dir='ltr'>Ἐνεστι</span> <span class='ocrx_word' id='word_1_96' title='bbox 599 1186 657 1239; x_wconf 88' lang='grc' dir='ltr'>δὲ</span> <span class='ocrx_word' id='word_1_97' title='bbox 702 1191 926 1242; x_wconf 84' lang='grc' dir='ltr'>σκοπεῖν</span> <span class='ocrx_word' id='word_1_98' title='bbox 956 1191 1051 1243; x_wconf 82' lang='grc' dir='ltr'><strong>καὶ</strong></span> <span class='ocrx_word' id='word_1_99' title='bbox 1088 1193 1147 1257; x_wconf 78' lang='grc' dir='ltr'>ἐξ</span> <span class='ocrx_word' id='word_1_100' title='bbox 1180 1194 1351 1259; x_wconf 70' lang='grc' dir='ltr'>αὐτῆς</span> <span class='ocrx_word' id='word_1_101' title='bbox 1394 1196 1490 1266; x_wconf 82' lang='grc' dir='ltr'>τῆς</span> <span class='ocrx_word' id='word_1_102' title='bbox 1523 1197 1767 1259; x_wconf 81' lang='grc' dir='ltr'>συνόδου,</span> 
     </span>
    </p>
   </div>
   <div class='ocr_carea' id='block_1_12' title="bbox 188 1276 1766 1360">
    <p class='ocr_par' dir='ltr' id='par_1_12' title="bbox 188 1276 1766 1360">
     <span class='ocr_line' id='line_1_12' title="bbox 188 1276 1766 1360; baseline 0.008 -31"><span class='ocrx_word' id='word_1_103' title='bbox 188 1276 377 1348; x_wconf 65' lang='grc' dir='ltr'>τί⁵ἆρα</span> <span class='ocrx_word' id='word_1_104' title='bbox 416 1277 665 1348; x_wconf 77' lang='grc' dir='ltr'>βούλεται</span> <span class='ocrx_word' id='word_1_105' title='bbox 716 1281 1007 1352; x_wconf 79' lang='grc' dir='ltr'>κηρύττειν</span> <span class='ocrx_word' id='word_1_106' title='bbox 1050 1287 1143 1339; x_wconf 78' lang='grc' dir='ltr'><strong>ἐπὶ</strong></span> <span class='ocrx_word' id='word_1_107' title='bbox 1188 1287 1448 1357; x_wconf 76' lang='grc' dir='ltr'>Χριστοῦ.</span> <span class='ocrx_word' id='word_1_108' title='bbox 1492 1290 1766 1360; x_wconf 81' lang='grc' dir='ltr'>Ἐπομένη</span> 
     </span>
    </p>
   </div>
   <div class='ocr_carea' id='block_1_13' title="bbox 191 1370 1766 1447">
    <p class='ocr_par' dir='ltr' id='par_1_13' title="bbox 191 1370 1766 1447">
     <span class='ocr_line' id='line_1_13' title="bbox 191 1370 1766 1447; baseline 0.009 -26"><span class='ocrx_word' id='word_1_109' title='bbox 191 1370 314 1438; x_wconf 72' lang='grc' dir='ltr'>γὰρ,</span> <span class='ocrx_word' id='word_1_110' title='bbox 372 1372 448 1434; x_wconf 89' lang='grc' dir='ltr'><strong>ώς</strong></span> <span class='ocrx_word' id='word_1_111' title='bbox 496 1373 633 1442; x_wconf 71' lang='grc' dir='ltr'>αὐτή</span> <span class='ocrx_word' id='word_1_112' title='bbox 670 1390 823 1443; x_wconf 80' lang='grc' dir='ltr'>φησι,</span> <span class='ocrx_word' id='word_1_113' title='bbox 880 1378 992 1440; x_wconf 88' lang='grc' dir='ltr'>τοῖς</span> <span class='ocrx_word' id='word_1_114' title='bbox 1034 1377 1300 1447; x_wconf 84' lang='grc' dir='ltr'>Πατρὰσι,</span> <span class='ocrx_word' id='word_1_115' title='bbox 1326 1381 1469 1434; x_wconf 83' lang='grc' dir='ltr'><strong>κατὰ</strong></span> <span class='ocrx_word' id='word_1_116' title='bbox 1494 1380 1634 1444; x_wconf 77' lang='grc' dir='ltr'>λέξιν</span> <span class='ocrx_word' id='word_1_117' title='bbox 1663 1377 1766 1435; x_wconf 66' lang='grc' dir='ltr'>ιῖδε</span> 
     </span>
    </p>
   </div>
   <div class='ocr_carea' id='block_1_14' title="bbox 191 1460 1766 1544">
    <p class='ocr_par' dir='ltr' id='par_1_14' title="bbox 191 1460 1766 1544">
     <span class='ocr_line' id='line_1_14' title="bbox 191 1460 1766 1544; baseline 0.01 -31"><span class='ocrx_word' id='word_1_118' title='bbox 191 1460 419 1528; x_wconf 82' lang='grc' dir='ltr'>φάσκει·</span> <span class='ocrx_word' id='word_1_119' title='bbox 456 1463 593 1517; x_wconf 85' lang='grc' dir='ltr'>Ἕνα</span> <span class='ocrx_word' id='word_1_120' title='bbox 642 1464 737 1517; x_wconf 79' lang='grc' dir='ltr'><strong>καὶ</strong></span> <span class='ocrx_word' id='word_1_121' title='bbox 782 1465 872 1518; x_wconf 83' lang='grc' dir='ltr'>τὸν</span> <span class='ocrx_word' id='word_1_122' title='bbox 906 1467 1068 1521; x_wconf 75' lang='grc' dir='ltr'>αὑτὸν</span> <span class='ocrx_word' id='word_1_123' title='bbox 1113 1469 1318 1540; x_wconf 78' lang='grc' dir='ltr'>Κύριον</span> <span class='ocrx_word' id='word_1_124' title='bbox 1361 1473 1519 1543; x_wconf 78' lang='grc' dir='ltr'>ἡμῶν</span> <span class='ocrx_word' id='word_1_125' title='bbox 1554 1475 1766 1544; x_wconf 80' lang='grc' dir='ltr'>Ἰησοῦν</span> 
     </span>
    </p>
   </div>
   <div class='ocr_carea' id='block_1_15' title="bbox 191 1555 1767 1637">
    <p class='ocr_par' dir='ltr' id='par_1_15' title="bbox 191 1555 1767 1637">
     <span class='ocr_line' id='line_1_15' title="bbox 191 1555 1767 1637; baseline 0.008 -30"><span class='ocrx_word' id='word_1_126' title='bbox 191 1555 429 1625; x_wconf 78' lang='grc' dir='ltr'>Χριστὸν</span> <span class='ocrx_word' id='word_1_127' title='bbox 488 1557 795 1626; x_wconf 80' lang='grc' dir='ltr'><strong>συμφώνως</strong></span> <span class='ocrx_word' id='word_1_128' title='bbox 821 1559 1105 1628; x_wconf 76' lang='grc' dir='ltr'>ὁμολογεῖν</span> <span class='ocrx_word' id='word_1_129' title='bbox 1155 1562 1464 1617; x_wconf 80' lang='grc' dir='ltr'>ἐκδιδάσκει</span> <span class='ocrx_word' id='word_1_130' title='bbox 1491 1580 1504 1595; x_wconf 78' lang='grc'><strong><em>⁸</em></strong></span> <span class='ocrx_word' id='word_1_131' title='bbox 1547 1564 1635 1619; x_wconf 86' lang='grc' dir='ltr'>διὰ</span> <span class='ocrx_word' id='word_1_132' title='bbox 1669 1568 1767 1637; x_wconf 84' lang='grc' dir='ltr'><strong>μὲν</strong></span> 
     </span>
    </p>
   </div>
   <div class='ocr_carea' id='block_1_16' title="bbox 188 1641 1773 1728">
    <p class='ocr_par' dir='ltr' id='par_1_16' title="bbox 188 1641 1773 1728">
     <span class='ocr_line' id='line_1_16' title="bbox 188 1641 1773 1728; baseline 0.008 -30"><span class='ocrx_word' id='word_1_133' title='bbox 188 1646 274 1700; x_wconf 74' lang='grc' dir='ltr'>τοῦ</span> <span class='ocrx_word' id='word_1_134' title='bbox 304 1648 645 1717; x_wconf 60' lang='grc' dir='ltr'>συμφώνως</span> <span class='ocrx_word' id='word_1_135' title='bbox 671 1651 887 1721; x_wconf 78' lang='grc' dir='ltr'>ἐκείνην</span> <span class='ocrx_word' id='word_1_136' title='bbox 932 1641 1031 1722; x_wconf 67' lang='grc' dir='ltr'>τὴν</span> <span class='ocrx_word' id='word_1_137' title='bbox 1076 1654 1311 1723; x_wconf 67' lang='grc' dir='ltr'>ὑποψίαν</span> <span class='ocrx_word' id='word_1_138' title='bbox 1365 1659 1773 1728; x_wconf 77' lang='grc' dir='ltr'>προῦποτεμνοο</span> 
     </span>
    </p>
   </div>
   <div class='ocr_carea' id='block_1_17' title="bbox 192 1739 1767 1819">
    <p class='ocr_par' dir='ltr' id='par_1_17' title="bbox 192 1739 1767 1819">
     <span class='ocr_line' id='line_1_17' title="bbox 192 1739 1767 1819; baseline 0.008 -29"><span class='ocrx_word' id='word_1_139' title='bbox 192 1739 344 1809; x_wconf 85' lang='grc' dir='ltr'>μένη,</span> <span class='ocrx_word' id='word_1_140' title='bbox 376 1740 477 1810; x_wconf 82' lang='grc' dir='ltr'>τὴν</span> <span class='ocrx_word' id='word_1_141' title='bbox 512 1741 613 1794; x_wconf 69' lang='grc' dir='ltr'>οὐκ</span> <span class='ocrx_word' id='word_1_142' title='bbox 638 1743 702 1795; x_wconf 83' lang='grc' dir='ltr'>ἐκ</span> <span class='ocrx_word' id='word_1_143' title='bbox 744 1744 961 1795; x_wconf 72' lang='grc' dir='ltr'>πάντων</span> <span class='ocrx_word' id='word_1_144' title='bbox 990 1745 1243 1814; x_wconf 76' lang='grc' dir='ltr'>οἰομένην</span> <span class='ocrx_word' id='word_1_145' title='bbox 1275 1746 1383 1800; x_wconf 83' lang='grc' dir='ltr'><strong>τῶν</strong></span> <span class='ocrx_word' id='word_1_146' title='bbox 1424 1763 1767 1819; x_wconf 88' lang='grc' dir='ltr'>συναγηγερ-</span> 
     </span>
    </p>
   </div>
   <div class='ocr_carea' id='block_1_18' title="bbox 192 1832 1769 1911">
    <p class='ocr_par' dir='ltr' id='par_1_18' title="bbox 192 1832 1769 1911">
     <span class='ocr_line' id='line_1_18' title="bbox 192 1832 1769 1911; baseline 0.007 -28"><span class='ocrx_word' id='word_1_147' title='bbox 192 1832 365 1900; x_wconf 86' lang='grc' dir='ltr'>μένων</span> <span class='ocrx_word' id='word_1_148' title='bbox 400 1833 716 1907; x_wconf 71' lang='grc' dir='ltr'>ἐπισκόπων</span> <span class='ocrx_word' id='word_1_149' title='bbox 755 1836 813 1887; x_wconf 80' lang='grc' dir='ltr'><strong>έν</strong></span> <span class='ocrx_word' id='word_1_150' title='bbox 844 1835 979 1905; x_wconf 82' lang='grc' dir='ltr'>αὐτῇ</span> <span class='ocrx_word' id='word_1_151' title='bbox 1011 1836 1112 1907; x_wconf 83' lang='grc' dir='ltr'>τὴν</span> <span class='ocrx_word' id='word_1_152' title='bbox 1153 1838 1523 1911; x_wconf 81' lang='grc' dir='ltr'>ὑποκειμένην</span> <span class='ocrx_word' id='word_1_153' title='bbox 1552 1840 1769 1894; x_wconf 74' lang='grc' dir='ltr'>ἔκθεσιν</span> 
     </span>
    </p>
   </div>
   <div class='ocr_carea' id='block_1_19' title="bbox 189 1922 1763 2002">
    <p class='ocr_par' dir='ltr' id='par_1_19' title="bbox 189 1922 1763 2002">
     <span class='ocr_line' id='line_1_19' title="bbox 189 1922 1763 2002; baseline 0.008 -28"><span class='ocrx_word' id='word_1_154' title='bbox 189 1924 489 1990; x_wconf 81' lang='grc' dir='ltr'>γεγονέναι.</span> <span class='ocrx_word' id='word_1_155' title='bbox 522 1925 639 1977; x_wconf 85' lang='grc' dir='ltr'>ἁλλ’</span> <span class='ocrx_word' id='word_1_156' title='bbox 680 1925 741 1990; x_wconf 78' lang='grc' dir='ltr'>ἐξ</span> <span class='ocrx_word' id='word_1_157' title='bbox 768 1926 945 1991; x_wconf 85' lang='grc' dir='ltr'>ὲνίων,</span> <span class='ocrx_word' id='word_1_158' title='bbox 986 1922 1068 1992; x_wconf 75' lang='grc' dir='ltr'><strong>οἷς</strong></span> <span class='ocrx_word' id='word_1_159' title='bbox 1108 1930 1202 1982; x_wconf 79' lang='grc' dir='ltr'><strong>καὶ</strong></span> <span class='ocrx_word' id='word_1_160' title='bbox 1236 1932 1419 2001; x_wconf 84' lang='grc' dir='ltr'>μόνοις</span> <span class='ocrx_word' id='word_1_161' title='bbox 1466 1932 1664 2002; x_wconf 78' lang='grc' dir='ltr'>ἀρέσαι</span> <span class='ocrx_word' id='word_1_162' title='bbox 1690 1937 1763 1988; x_wconf 66' lang='grc' dir='ltr'>τὰ</span> 
     </span>
    </p>
   </div>
   <div class='ocr_carea' id='block_1_20' title="bbox 189 2016 1764 2092">
    <p class='ocr_par' dir='ltr' id='par_1_20' title="bbox 189 2016 1764 2092">
     <span class='ocr_line' id='line_1_20' title="bbox 189 2016 1764 2092; baseline 0.008 -27"><span class='ocrx_word' id='word_1_163' title='bbox 189 2016 474 2085; x_wconf 79' lang='grc' dir='ltr'>εἰρημένα.</span> <span class='ocrx_word' id='word_1_164' title='bbox 520 2016 677 2069; x_wconf 74' lang='grc' dir='ltr'>Μετὰ</span> <span class='ocrx_word' id='word_1_165' title='bbox 725 2018 779 2070; x_wconf 83' lang='grc' dir='ltr'>δὲ</span> <span class='ocrx_word' id='word_1_166' title='bbox 836 2018 995 2073; x_wconf 77' lang='grc' dir='ltr'>τοῦτο</span> <span class='ocrx_word' id='word_1_167' title='bbox 1046 2019 1237 2092; x_wconf 83' lang='grc' dir='ltr'>ὥσπερ</span> <span class='ocrx_word' id='word_1_168' title='bbox 1288 2026 1764 2092; x_wconf 86' lang='grc' dir='ltr'>συνεκτικωτὰτην</span> 
     </span>
    </p>
   </div>
   <div class='ocr_carea' id='block_1_21' title="bbox 190 2107 1763 2188">
    <p class='ocr_par' dir='ltr' id='par_1_21' title="bbox 190 2107 1763 2188">
     <span class='ocr_line' id='line_1_21' title="bbox 190 2107 1763 2188; baseline 0.008 -30"><span class='ocrx_word' id='word_1_169' title='bbox 190 2107 393 2179; x_wconf 80' lang='grc' dir='ltr'>πλάνην</span> <span class='ocrx_word' id='word_1_170' title='bbox 428 2109 721 2180; x_wconf 80' lang='grc' dir='ltr'>ὲξιωμένη,</span> <span class='ocrx_word' id='word_1_171' title='bbox 770 2111 915 2179; x_wconf 88' lang='grc' dir='ltr'>λέγω</span> <span class='ocrx_word' id='word_1_172' title='bbox 957 2112 1022 2183; x_wconf 82' lang='grc' dir='ltr'><strong>δὴ</strong></span> <span class='ocrx_word' id='word_1_173' title='bbox 1050 2113 1147 2184; x_wconf 79' lang='grc' dir='ltr'>τὴν</span> <span class='ocrx_word' id='word_1_174' title='bbox 1192 2114 1293 2185; x_wconf 85' lang='grc' dir='ltr'>τῆς</span> <span class='ocrx_word' id='word_1_175' title='bbox 1331 2115 1426 2169; x_wconf 76' lang='grc' dir='ltr'>τοῦ</span> <span class='ocrx_word' id='word_1_176' title='bbox 1467 2116 1763 2188; x_wconf 85' lang='grc' dir='ltr'>Νεστορίου</span> 
     </span>
    </p>
   </div>
   <div class='ocr_carea' id='block_1_22' title="bbox 188 2198 1765 2282">
    <p class='ocr_par' dir='ltr' id='par_1_22' title="bbox 188 2198 1765 2282">
     <span class='ocr_line' id='line_1_22' title="bbox 188 2198 1765 2282; baseline 0.01 -32"><span class='ocrx_word' id='word_1_177' title='bbox 188 2198 504 2264; x_wconf 79' lang='grc' dir='ltr'>δυσσεϐείας</span> <span class='ocrx_word' id='word_1_178' title='bbox 557 2200 852 2272; x_wconf 81' lang='grc' dir='ltr'>διαίρεσιν,</span> <span class='ocrx_word' id='word_1_179' title='bbox 903 2204 1343 2277; x_wconf 82' lang='grc' dir='ltr'>ὲπεισαγομένην</span> <span class='ocrx_word' id='word_1_180' title='bbox 1392 2211 1458 2279; x_wconf 82' lang='grc' dir='ltr'>τῇ</span> <span class='ocrx_word' id='word_1_181' title='bbox 1510 2210 1765 2282; x_wconf 85' lang='grc' dir='ltr'>ἁχρὰντῳ</span> 
     </span>
    </p>
   </div>
   <div class='ocr_carea' id='block_1_23' title="bbox 193 2291 1765 2371">
    <p class='ocr_par' dir='ltr' id='par_1_23' title="bbox 193 2291 1765 2371">
     <span class='ocr_line' id='line_1_23' title="bbox 193 2291 1765 2371; baseline 0.008 -29"><span class='ocrx_word' id='word_1_182' title='bbox 193 2291 493 2364; x_wconf 77' lang='grc' dir='ltr'>οἰκονομίᾳ.</span> <span class='ocrx_word' id='word_1_183' title='bbox 554 2293 645 2346; x_wconf 86' lang='grc' dir='ltr'>Διδ</span> <span class='ocrx_word' id='word_1_184' title='bbox 683 2295 868 2362; x_wconf 81' lang='grc' dir='ltr'>λέγει,</span> <span class='ocrx_word' id='word_1_185' title='bbox 903 2297 998 2349; x_wconf 81' lang='grc' dir='ltr'><strong>ἕνα</strong></span> <span class='ocrx_word' id='word_1_186' title='bbox 1042 2299 1138 2351; x_wconf 81' lang='grc' dir='ltr'><strong>καὶ</strong></span> <span class='ocrx_word' id='word_1_187' title='bbox 1166 2300 1257 2351; x_wconf 76' lang='grc' dir='ltr'>τὸν</span> <span class='ocrx_word' id='word_1_188' title='bbox 1288 2300 1450 2353; x_wconf 76' lang='grc' dir='ltr'>αὐτὸν</span> <span class='ocrx_word' id='word_1_189' title='bbox 1482 2302 1765 2371; x_wconf 80' lang='grc' dir='ltr'>ὁμολογεῖν</span> 
     </span>
    </p>
   </div>
   <div class='ocr_carea' id='block_1_24' title="bbox 192 2383 1763 2464">
    <p class='ocr_par' dir='ltr' id='par_1_24' title="bbox 192 2383 1763 2464">
     <span class='ocr_line' id='line_1_24' title="bbox 192 2383 1763 2464; baseline 0.009 -30"><span class='ocrx_word' id='word_1_190' title='bbox 192 2383 310 2436; x_wconf 74' lang='grc' dir='ltr'>Υἰὸν</span> <span class='ocrx_word' id='word_1_191' title='bbox 334 2386 427 2439; x_wconf 77' lang='grc' dir='ltr'>τὸν</span> <span class='ocrx_word' id='word_1_192' title='bbox 456 2386 661 2457; x_wconf 83' lang='grc' dir='ltr'>Κύριον</span> <span class='ocrx_word' id='word_1_193' title='bbox 686 2389 719 2457; x_wconf 79' lang='grc' dir='ltr'>ἡ</span> <span class='ocrx_word' id='word_1_194' title='bbox 730 2388 844 2457; x_wconf 83' lang='grc' dir='ltr'>μῶν</span> <span class='ocrx_word' id='word_1_195' title='bbox 885 2390 1090 2459; x_wconf 80' lang='grc' dir='ltr'>Ἰησοῦν</span> <span class='ocrx_word' id='word_1_196' title='bbox 1124 2392 1362 2461; x_wconf 81' lang='grc' dir='ltr'>Χριστόν</span> <span class='ocrx_word' id='word_1_197' title='bbox 1381 2408 1394 2421; x_wconf 88' lang='grc'><strong>·</strong></span> <span class='ocrx_word' id='word_1_198' title='bbox 1426 2394 1514 2446; x_wconf 72' lang='grc' dir='ltr'>διὰ</span> <span class='ocrx_word' id='word_1_199' title='bbox 1544 2397 1642 2464; x_wconf 85' lang='grc' dir='ltr'><strong>τῆς</strong></span> <span class='ocrx_word' id='word_1_200' title='bbox 1669 2396 1763 2448; x_wconf 74' lang='grc' dir='ltr'>τοῦ</span> 
     </span>
    </p>
   </div>
   <div class='ocr_carea' id='block_1_25' title="bbox 189 2478 1766 2556">
    <p class='ocr_par' dir='ltr' id='par_1_25' title="bbox 189 2478 1766 2556">
     <span class='ocr_line' id='line_1_25' title="bbox 189 2478 1766 2556; baseline 0.008 -29"><span class='ocrx_word' id='word_1_201' title='bbox 189 2478 302 2537; x_wconf 79' lang='grc' dir='ltr'>ἐνὺς</span> <span class='ocrx_word' id='word_1_202' title='bbox 333 2479 427 2531; x_wconf 77' lang='grc' dir='ltr'>καὶ</span> <span class='ocrx_word' id='word_1_203' title='bbox 466 2478 562 2532; x_wconf 81' lang='grc' dir='ltr'>τοῦ</span> <span class='ocrx_word' id='word_1_204' title='bbox 595 2480 758 2533; x_wconf 74' lang='grc' dir='ltr'>αὐτοῦ</span> <span class='ocrx_word' id='word_1_205' title='bbox 789 2482 1185 2553; x_wconf 81' lang='grc' dir='ltr'>προσηγορίας,</span> <span class='ocrx_word' id='word_1_206' title='bbox 1214 2485 1509 2555; x_wconf 69' lang='grc' dir='ltr'>πρόρριζον</span> <span class='ocrx_word' id='word_1_207' title='bbox 1536 2486 1635 2556; x_wconf 80' lang='grc' dir='ltr'>τὴν</span> <span class='ocrx_word' id='word_1_208' title='bbox 1666 2488 1766 2556; x_wconf 75' lang='grc' dir='ltr'><strong>τῆς</strong></span> 
     </span>
    </p>
   </div>
   <div class='ocr_carea' id='block_1_26' title="bbox 187 2571 1767 2651">
    <p class='ocr_par' dir='ltr' id='par_1_26' title="bbox 187 2571 1767 2651">
     <span class='ocr_line' id='line_1_26' title="bbox 187 2571 1767 2651; baseline 0.006 -28"><span class='ocrx_word' id='word_1_209' title='bbox 187 2571 502 2642; x_wconf 71' lang='grc' dir='ltr'>διαιρέσεως</span> <span class='ocrx_word' id='word_1_210' title='bbox 533 2574 824 2645; x_wconf 79' lang='grc' dir='ltr'>ἐξαίρουσα</span> <span class='ocrx_word' id='word_1_211' title='bbox 862 2575 1051 2639; x_wconf 81' lang='grc' dir='ltr'>δόξαν·</span> <span class='ocrx_word' id='word_1_212' title='bbox 1086 2577 1181 2629; x_wconf 76' lang='grc' dir='ltr'><strong>καὶ</strong></span> <span class='ocrx_word' id='word_1_213' title='bbox 1216 2579 1415 2647; x_wconf 76' lang='grc' dir='ltr'>μᾶλλον</span> <span class='ocrx_word' id='word_1_214' title='bbox 1437 2580 1522 2632; x_wconf 79' lang='grc' dir='ltr'>διὰ</span> <span class='ocrx_word' id='word_1_215' title='bbox 1546 2582 1644 2649; x_wconf 78' lang='grc' dir='ltr'>τῆς</span> <span class='ocrx_word' id='word_1_216' title='bbox 1668 2582 1767 2651; x_wconf 77' lang='grc' dir='ltr'><strong>ἁῤ-</strong></span> 
     </span>
    </p>
   </div>
   <div class='ocr_carea' id='block_1_27' title="bbox 189 2667 1766 2741">
    <p class='ocr_par' dir='ltr' id='par_1_27' title="bbox 189 2667 1766 2741">
     <span class='ocr_line' id='line_1_27' title="bbox 189 2667 1766 2741; baseline 0.004 -23"><span class='ocrx_word' id='word_1_217' title='bbox 189 2668 405 2737; x_wconf 77' lang='grc' dir='ltr'>ρενικῆς</span> <span class='ocrx_word' id='word_1_218' title='bbox 466 2670 769 2738; x_wconf 77' lang='grc' dir='ltr'>προφορᾶς.</span> <span class='ocrx_word' id='word_1_219' title='bbox 808 2669 961 2724; x_wconf 78' lang='grc' dir='ltr'><strong>Ἕνα</strong></span> <span class='ocrx_word' id='word_1_220' title='bbox 1018 2670 1126 2741; x_wconf 69' lang='grc' dir='ltr'><strong>γὰρ</strong></span> <span class='ocrx_word' id='word_1_221' title='bbox 1149 2667 1325 2735; x_wconf 79' lang='grc' dir='ltr'>εἶπεν,</span> <span class='ocrx_word' id='word_1_222' title='bbox 1373 2672 1471 2741; x_wconf 68' lang='grc' dir='ltr'>οὐχ</span> <span class='ocrx_word' id='word_1_223' title='bbox 1521 2672 1617 2724; x_wconf 79' lang='grc' dir='ltr'><strong>ἔν’</strong></span> <span class='ocrx_word' id='word_1_224' title='bbox 1673 2674 1766 2725; x_wconf 77' lang='grc' dir='ltr'><strong>καὶ</strong></span> 
     </span>
    </p>
   </div>
   <div class='ocr_carea' id='block_1_28' title="bbox 185 2760 1765 2834">
    <p class='ocr_par' dir='ltr' id='par_1_28' title="bbox 185 2760 1765 2834">
     <span class='ocr_line' id='line_1_28' title="bbox 185 2760 1765 2834; baseline 0.006 -23"><span class='ocrx_word' id='word_1_225' title='bbox 185 2760 356 2831; x_wconf 79' lang='grc' dir='ltr'>ταύτῃ</span> <span class='ocrx_word' id='word_1_226' title='bbox 407 2761 508 2831; x_wconf 80' lang='grc' dir='ltr'>τὴν</span> <span class='ocrx_word' id='word_1_227' title='bbox 553 2761 682 2833; x_wconf 85' lang='grc' dir='ltr'>ὃλην</span> <span class='ocrx_word' id='word_1_228' title='bbox 716 2762 963 2815; x_wconf 77' lang='grc' dir='ltr'>σύνθεσιν</span> <span class='ocrx_word' id='word_1_229' title='bbox 1017 2765 1510 2834; x_wconf 86' lang='grc' dir='ltr'>ἀποσημαίνουσα,</span> <span class='ocrx_word' id='word_1_230' title='bbox 1558 2767 1653 2819; x_wconf 80' lang='grc' dir='ltr'><strong>καὶ</strong></span> <span class='ocrx_word' id='word_1_231' title='bbox 1704 2768 1765 2821; x_wconf 85' lang='grc' dir='ltr'><strong>ού</strong></span> 
     </span>
    </p>
   </div>
   <div class='ocr_carea' id='block_1_29' title="bbox 187 2852 1768 2929">
    <p class='ocr_par' dir='ltr' id='par_1_29' title="bbox 187 2852 1768 2929">
     <span class='ocr_line' id='line_1_29' title="bbox 187 2852 1768 2929; baseline 0.005 -23"><span class='ocrx_word' id='word_1_232' title='bbox 187 2854 321 2908; x_wconf 83' lang='grc' dir='ltr'><strong>κατὰ</strong></span> <span class='ocrx_word' id='word_1_233' title='bbox 346 2855 515 2924; x_wconf 81' lang='grc' dir='ltr'>μέρος</span> <span class='ocrx_word' id='word_1_234' title='bbox 534 2856 725 2925; x_wconf 80' lang='grc' dir='ltr'>αὐτῆς,</span> <span class='ocrx_word' id='word_1_235' title='bbox 748 2856 882 2924; x_wconf 81' lang='grc' dir='ltr'>ὅπερ</span> <span class='ocrx_word' id='word_1_236' title='bbox 912 2858 1059 2915; x_wconf 78' lang='grc' dir='ltr'>εἰκὸς</span> <span class='ocrx_word' id='word_1_237' title='bbox 1085 2852 1153 2927; x_wconf 83' lang='grc' dir='ltr'>ἦν</span> <span class='ocrx_word' id='word_1_238' title='bbox 1178 2858 1276 2928; x_wconf 78' lang='grc' dir='ltr'><strong>τὴν</strong></span> <span class='ocrx_word' id='word_1_239' title='bbox 1303 2859 1469 2929; x_wconf 76' lang='grc' dir='ltr'>ἄλλην</span> <span class='ocrx_word' id='word_1_240' title='bbox 1498 2861 1768 2913; x_wconf 81' lang='grc' dir='ltr'>ἐνδείκνυ-</span> 
     </span>
    </p>
   </div>
   <div class='ocr_carea' id='block_1_30' title="bbox 186 2949 1767 3021">
    <p class='ocr_par' dir='ltr' id='par_1_30' title="bbox 186 2949 1767 3021">
     <span class='ocr_line' id='line_1_30' title="bbox 186 2949 1767 3021; baseline 0.004 -23"><span class='ocrx_word' id='word_1_241' title='bbox 186 2949 306 3003; x_wconf 83' lang='grc' dir='ltr'>σθαι</span> <span class='ocrx_word' id='word_1_242' title='bbox 340 2951 647 3021; x_wconf 72' lang='grc' dir='ltr'>προφορὰν,</span> <span class='ocrx_word' id='word_1_243' title='bbox 682 2952 786 3003; x_wconf 85' lang='grc' dir='ltr'><strong>κὰν</strong></span> <span class='ocrx_word' id='word_1_244' title='bbox 818 2950 995 3020; x_wconf 83' lang='grc' dir='ltr'>τούτῳ</span> <span class='ocrx_word' id='word_1_245' title='bbox 1029 2952 1341 3021; x_wconf 78' lang='grc' dir='ltr'>μιμουμένη</span> <span class='ocrx_word' id='word_1_246' title='bbox 1383 2953 1474 3005; x_wconf 69' lang='grc' dir='ltr'><strong>τὸν</strong></span> <span class='ocrx_word' id='word_1_247' title='bbox 1503 2953 1561 3006; x_wconf 84' lang='grc' dir='ltr'>ὲν</span> <span class='ocrx_word' id='word_1_248' title='bbox 1593 2953 1767 3020; x_wconf 85' lang='grc' dir='ltr'>ἁγίοις</span> 
     </span>
    </p>
   </div>
   <div class='ocr_carea' id='block_1_31' title="bbox 187 3041 1765 3113">
    <p class='ocr_par' dir='ltr' id='par_1_31' title="bbox 187 3041 1765 3113">
     <span class='ocr_line' id='line_1_31' title="bbox 187 3041 1765 3113; baseline 0.003 -22"><span class='ocrx_word' id='word_1_249' title='bbox 187 3041 515 3113; x_wconf 72' lang='grc' dir='ltr'>Γρηγόριον-</span> <span class='ocrx_word' id='word_1_250' title='bbox 538 3043 627 3096; x_wconf 70' lang='grc' dir='ltr'>διὰ</span> <span class='ocrx_word' id='word_1_251' title='bbox 660 3042 761 3112; x_wconf 85' lang='grc' dir='ltr'><strong>μὲν</strong></span> <span class='ocrx_word' id='word_1_252' title='bbox 784 3042 900 3105; x_wconf 80' lang='grc' dir='ltr'>τοῦ,</span> <span class='ocrx_word' id='word_1_253' title='bbox 943 3043 1138 3108; x_wconf 73' lang='grc' dir='ltr'>ἄλλος</span> <span class='ocrx_word' id='word_1_254' title='bbox 1178 3044 1277 3097; x_wconf 86' lang='grc' dir='ltr'><strong>καί</strong></span> <span class='ocrx_word' id='word_1_255' title='bbox 1307 3044 1519 3110; x_wconf 69' lang='grc' dir='ltr'>ἄλλος,</span> <span class='ocrx_word' id='word_1_256' title='bbox 1556 3047 1617 3097; x_wconf 81' lang='grc' dir='ltr'><strong>τὸ</strong></span> <span class='ocrx_word' id='word_1_257' title='bbox 1644 3046 1765 3098; x_wconf 84' lang='grc' dir='ltr'>ὅλον</span> 
     </span>
    </p>
   </div>
   <div class='ocr_carea' id='block_1_32' title="bbox 189 3134 1763 3207">
    <p class='ocr_par' dir='ltr' id='par_1_32' title="bbox 189 3134 1763 3207">
     <span class='ocr_line' id='line_1_32' title="bbox 189 3134 1763 3207; baseline 0.003 -21"><span class='ocrx_word' id='word_1_258' title='bbox 189 3134 544 3201; x_wconf 80' lang='grc' dir='ltr'>σημαίνουσα,</span> <span class='ocrx_word' id='word_1_259' title='bbox 580 3134 667 3187; x_wconf 69' lang='grc' dir='ltr'><strong>διὰ</strong></span> <span class='ocrx_word' id='word_1_260' title='bbox 717 3134 772 3188; x_wconf 87' lang='grc' dir='ltr'>δὲ</span> <span class='ocrx_word' id='word_1_261' title='bbox 815 3135 931 3199; x_wconf 80' lang='grc' dir='ltr'>τοῦ,</span> <span class='ocrx_word' id='word_1_262' title='bbox 957 3135 1111 3188; x_wconf 69' lang='grc' dir='ltr'><em>ἄλλο</em></span> <span class='ocrx_word' id='word_1_263' title='bbox 1149 3135 1246 3188; x_wconf 83' lang='grc' dir='ltr'><strong>κιιί</strong></span> <span class='ocrx_word' id='word_1_264' title='bbox 1292 3137 1467 3199; x_wconf 73' lang='grc' dir='ltr'><em>ἄλλο,</em></span> <span class='ocrx_word' id='word_1_265' title='bbox 1500 3137 1569 3189; x_wconf 81' lang='grc' dir='ltr'>τὰ</span> <span class='ocrx_word' id='word_1_266' title='bbox 1601 3138 1763 3207; x_wconf 85' lang='grc' dir='ltr'>μέρη,</span> 
     </span>
    </p>
   </div>
   <div class='ocr_carea' id='block_1_33' title="bbox 1948 1196 3459 1269">
    <p class='ocr_par' dir='ltr' id='par_1_33' title="bbox 1948 1196 3459 1269">
     <span class='ocr_line' id='line_1_33' title="bbox 1948 1196 3459 1269; baseline -0.003 -16"><span class='ocrx_word' id='word_1_267' title='bbox 1948 1199 2003 1253; x_wconf 82' lang='lat'><strong>5.</strong></span> <span class='ocrx_word' id='word_1_268' title='bbox 2028 1196 2332 1254; x_wconf 80' lang='lat' dir='ltr'><strong>Possumus</strong></span> <span class='ocrx_word' id='word_1_269' title='bbox 2371 1199 2534 1253; x_wconf 88' lang='lat' dir='ltr'><strong>etiam</strong></span> <span class='ocrx_word' id='word_1_270' title='bbox 2597 1213 2662 1253; x_wconf 81' lang='lat' dir='ltr'><strong>ex</strong></span> <span class='ocrx_word' id='word_1_271' title='bbox 2696 1199 2883 1253; x_wconf 85' lang='lat' dir='ltr'><strong>eadem</strong></span> <span class='ocrx_word' id='word_1_272' title='bbox 2936 1198 3144 1269; x_wconf 81' lang='lat' dir='ltr'><strong>synodo</strong></span> <span class='ocrx_word' id='word_1_273' title='bbox 3179 1198 3459 1265; x_wconf 64' lang='lat' dir='ltr'><strong>colligere.</strong></span> 
     </span>
    </p>
   </div>
   <div class='ocr_carea' id='block_1_34' title="bbox 1876 1291 3461 1361">
    <p class='ocr_par' dir='ltr' id='par_1_34' title="bbox 1876 1291 3461 1361">
     <span class='ocr_line' id='line_1_34' title="bbox 1876 1291 3461 1361; baseline -0.003 -16"><span class='ocrx_word' id='word_1_274' title='bbox 1876 1292 2003 1360; x_wconf 84' lang='lat' dir='ltr'><strong>quid</strong></span> <span class='ocrx_word' id='word_1_275' title='bbox 2035 1292 2146 1359; x_wconf 87' lang='lat' dir='ltr'><strong>ipsa</strong></span> <span class='ocrx_word' id='word_1_276' title='bbox 2182 1293 2248 1344; x_wconf 84' lang='lat' dir='ltr'><strong>de</strong></span> <span class='ocrx_word' id='word_1_277' title='bbox 2270 1291 2491 1345; x_wconf 83' lang='lat' dir='ltr'><strong>Christo</strong></span> <span class='ocrx_word' id='word_1_278' title='bbox 2523 1292 2864 1361; x_wconf 81' lang='lat' dir='ltr'><strong>proﬁteatur.</strong></span> <span class='ocrx_word' id='word_1_279' title='bbox 2916 1291 3131 1344; x_wconf 77' lang='lat' dir='ltr'><strong>Patrum</strong></span> <span class='ocrx_word' id='word_1_280' title='bbox 3164 1293 3301 1345; x_wconf 83' lang='lat' dir='ltr'><strong>enim</strong></span> <span class='ocrx_word' id='word_1_281' title='bbox 3326 1293 3461 1343; x_wconf 80' lang='lat' dir='ltr'><strong>msi-</strong></span> 
     </span>
    </p>
   </div>
   <div class='ocr_carea' id='block_1_35' title="bbox 1873 1381 3456 1452">
    <p class='ocr_par' dir='ltr' id='par_1_35' title="bbox 1873 1381 3456 1452">
     <span class='ocr_line' id='line_1_35' title="bbox 1873 1381 3456 1452; baseline 0.001 -18"><span class='ocrx_word' id='word_1_282' title='bbox 1873 1393 2013 1435; x_wconf 83' lang='lat' dir='ltr'><strong>stens</strong></span> <span class='ocrx_word' id='word_1_283' title='bbox 2063 1381 2315 1451; x_wconf 82' lang='lat' dir='ltr'><strong>vestigiis,</strong></span> <span class='ocrx_word' id='word_1_284' title='bbox 2390 1393 2448 1437; x_wconf 85' lang='grc' dir='ltr'><strong>ιιι</strong></span> <span class='ocrx_word' id='word_1_285' title='bbox 2478 1385 2594 1452; x_wconf 88' lang='lat' dir='ltr'><strong>ipsa</strong></span> <span class='ocrx_word' id='word_1_286' title='bbox 2633 1386 2696 1439; x_wconf 89' lang='lat' dir='ltr'><strong>ad</strong></span> <span class='ocrx_word' id='word_1_287' title='bbox 2732 1385 2957 1437; x_wconf 88' lang='lat' dir='ltr'><strong>verbum</strong></span> <span class='ocrx_word' id='word_1_288' title='bbox 2992 1385 3175 1446; x_wconf 83' lang='lat' dir='ltr'><strong>refert,</strong></span> <span class='ocrx_word' id='word_1_289' title='bbox 3205 1403 3367 1438; x_wconf 81' lang='lat' dir='ltr'><strong>unum</strong></span> <span class='ocrx_word' id='word_1_290' title='bbox 3408 1396 3456 1438; x_wconf 79' lang='lat' dir='ltr'><strong>et</strong></span> 
     </span>
    </p>
   </div>
   <div class='ocr_carea' id='block_1_36' title="bbox 1873 1474 3454 1531">
    <p class='ocr_par' dir='ltr' id='par_1_36' title="bbox 1873 1474 3454 1531">
     <span class='ocr_line' id='line_1_36' title="bbox 1873 1474 3454 1531; baseline 0 -3"><span class='ocrx_word' id='word_1_291' title='bbox 1873 1476 2108 1529; x_wconf 83' lang='lat' dir='ltr'><strong>eumdem</strong></span> <span class='ocrx_word' id='word_1_292' title='bbox 2137 1474 2420 1527; x_wconf 87' lang='lat' dir='ltr'><strong>Dominum</strong></span> <span class='ocrx_word' id='word_1_293' title='bbox 2447 1486 2682 1529; x_wconf 80' lang='lat' dir='ltr'><strong>nostrum</strong></span> <span class='ocrx_word' id='word_1_294' title='bbox 2717 1478 2900 1531; x_wconf 69' lang='lat' dir='ltr'><strong>Iesum</strong></span> <span class='ocrx_word' id='word_1_295' title='bbox 2933 1477 3207 1531; x_wconf 81' lang='lat' dir='ltr'><strong>Christum</strong></span> <span class='ocrx_word' id='word_1_296' title='bbox 3238 1495 3454 1529; x_wconf 77' lang='lat' dir='ltr'><strong>concor-</strong></span> 
     </span>
    </p>
   </div>
   <div class='ocr_carea' id='block_1_37' title="bbox 1873 1568 3460 1639">
    <p class='ocr_par' dir='ltr' id='par_1_37' title="bbox 1873 1568 3460 1639">
     <span class='ocr_line' id='line_1_37' title="bbox 1873 1568 3460 1639; baseline 0.001 -19"><span class='ocrx_word' id='word_1_297' title='bbox 1873 1568 2010 1621; x_wconf 86' lang='lat' dir='ltr'><strong>diter</strong></span> <span class='ocrx_word' id='word_1_298' title='bbox 2029 1569 2288 1636; x_wconf 73' lang='lat' dir='ltr'><strong>confiteri,</strong></span> <span class='ocrx_word' id='word_1_299' title='bbox 2324 1585 2423 1624; x_wconf 90' lang='lat' dir='ltr'><strong>nos</strong></span> <span class='ocrx_word' id='word_1_300' title='bbox 2448 1569 2640 1623; x_wconf 68' lang='lat' dir='ltr'><strong>edocit</strong></span> <span class='ocrx_word' id='word_1_301' title='bbox 2668 1588 2680 1623; x_wconf 91' lang='lat'>:</span> <span class='ocrx_word' id='word_1_302' title='bbox 2732 1586 2824 1639; x_wconf 90' lang='lat' dir='ltr'><strong>per</strong></span> <span class='ocrx_word' id='word_1_303' title='bbox 2858 1574 3080 1624; x_wconf 82' lang='lat' dir='ltr'><strong>verbum</strong></span> <span class='ocrx_word' id='word_1_304' title='bbox 3126 1572 3460 1623; x_wconf 72' lang='lat' dir='ltr'><strong>concorditer</strong></span> 
     </span>
    </p>
   </div>
   <div class='ocr_carea' id='block_1_38' title="bbox 1873 1662 3455 1730">
    <p class='ocr_par' dir='ltr' id='par_1_38' title="bbox 1873 1662 3455 1730">
     <span class='ocr_line' id='line_1_38' title="bbox 1873 1662 3455 1730; baseline 0.002 -17"><span class='ocrx_word' id='word_1_305' title='bbox 1873 1662 2241 1730; x_wconf 82' lang='lat' dir='ltr'><strong>suspicionem</strong></span> <span class='ocrx_word' id='word_1_306' title='bbox 2275 1662 2420 1713; x_wconf 85' lang='lat' dir='ltr'><strong>illam</strong></span> <span class='ocrx_word' id='word_1_307' title='bbox 2476 1662 2697 1726; x_wconf 80' lang='lat' dir='ltr'><strong>tollens,</strong></span> <span class='ocrx_word' id='word_1_308' title='bbox 2750 1678 2857 1730; x_wconf 88' lang='lat' dir='ltr'><strong>qua</strong></span> <span class='ocrx_word' id='word_1_309' title='bbox 2893 1664 3310 1717; x_wconf 75' lang='lat' dir='ltr'><strong>existimabatur</strong></span> <span class='ocrx_word' id='word_1_310' title='bbox 3348 1679 3455 1716; x_wconf 90' lang='lat' dir='ltr'><strong>non</strong></span> 
     </span>
    </p>
   </div>
   <div class='ocr_carea' id='block_1_39' title="bbox 1872 1753 3453 1825">
    <p class='ocr_par' dir='ltr' id='par_1_39' title="bbox 1872 1753 3453 1825">
     <span class='ocr_line' id='line_1_39' title="bbox 1872 1753 3453 1825; baseline 0.001 -18"><span class='ocrx_word' id='word_1_311' title='bbox 1872 1753 1941 1807; x_wconf 87' lang='lat' dir='ltr'><strong>ab</strong></span> <span class='ocrx_word' id='word_1_312' title='bbox 1992 1754 2248 1807; x_wconf 90' lang='lat' dir='ltr'><strong>omnibus</strong></span> <span class='ocrx_word' id='word_1_313' title='bbox 2302 1755 2572 1822; x_wconf 85' lang='lat' dir='ltr'><strong>epise0pis</strong></span> <span class='ocrx_word' id='word_1_314' title='bbox 2630 1754 2820 1809; x_wconf 85' lang='lat' dir='ltr'><strong>eodem</strong></span> <span class='ocrx_word' id='word_1_315' title='bbox 2872 1757 3077 1809; x_wconf 84' lang='lat' dir='ltr'><strong>ceaetis</strong></span> <span class='ocrx_word' id='word_1_316' title='bbox 3107 1757 3453 1825; x_wconf 78' lang='lat' dir='ltr'><strong>pra-positam</strong></span> 
     </span>
    </p>
   </div>
   <div class='ocr_carea' id='block_1_40' title="bbox 1876 1843 3454 1916">
    <p class='ocr_par' dir='ltr' id='par_1_40' title="bbox 1876 1843 3454 1916">
     <span class='ocr_line' id='line_1_40' title="bbox 1876 1843 3454 1916; baseline 0.004 -22"><span class='ocrx_word' id='word_1_317' title='bbox 1876 1843 1997 1897; x_wconf 87' lang='lat' dir='ltr'><strong>lidei</strong></span> <span class='ocrx_word' id='word_1_318' title='bbox 2050 1844 2448 1912; x_wconf 77' lang='lat' dir='ltr'><strong>expositionem</strong></span> <span class='ocrx_word' id='word_1_319' title='bbox 2509 1847 2893 1913; x_wconf 89' lang='lat' dir='ltr'><strong>compositam,</strong></span> <span class='ocrx_word' id='word_1_320' title='bbox 2955 1848 3048 1901; x_wconf 87' lang='lat' dir='ltr'><strong>sed</strong></span> <span class='ocrx_word' id='word_1_321' title='bbox 3080 1849 3147 1899; x_wconf 84' lang='lat' dir='ltr'><strong>ab</strong></span> <span class='ocrx_word' id='word_1_322' title='bbox 3177 1848 3454 1916; x_wconf 59' lang='lat' dir='ltr'><strong>aliquibus</strong></span> 
     </span>
    </p>
   </div>
   <div class='ocr_carea' id='block_1_41' title="bbox 1875 1939 3451 2009">
    <p class='ocr_par' dir='ltr' id='par_1_41' title="bbox 1875 1939 3451 2009">
     <span class='ocr_line' id='line_1_41' title="bbox 1875 1939 3451 2009; baseline 0.001 -17"><span class='ocrx_word' id='word_1_323' title='bbox 1875 1939 2274 2001; x_wconf 90' lang='lat' dir='ltr'><strong>tantummodo,</strong></span> <span class='ocrx_word' id='word_1_324' title='bbox 2340 1939 2541 2008; x_wconf 85' lang='lat' dir='ltr'><strong>quibus</strong></span> <span class='ocrx_word' id='word_1_325' title='bbox 2599 1955 2659 1991; x_wconf 87' lang='lat' dir='ltr'><strong>ea</strong></span> <span class='ocrx_word' id='word_1_326' title='bbox 2722 1940 2863 1993; x_wconf 88' lang='lat' dir='ltr'><strong>dicta</strong></span> <span class='ocrx_word' id='word_1_327' title='bbox 2920 1940 2972 1993; x_wconf 90' lang='lat' dir='ltr'><strong>in</strong></span> <span class='ocrx_word' id='word_1_328' title='bbox 3006 1941 3215 2009; x_wconf 73' lang='lat' dir='ltr'><strong>integro</strong></span> <span class='ocrx_word' id='word_1_329' title='bbox 3282 1940 3451 1994; x_wconf 80' lang='lat' dir='ltr'><strong>luere.</strong></span> 
     </span>
    </p>
   </div>
   <div class='ocr_carea' id='block_1_42' title="bbox 1873 2030 3455 2102">
    <p class='ocr_par' dir='ltr' id='par_1_42' title="bbox 1873 2030 3455 2102">
     <span class='ocr_line' id='line_1_42' title="bbox 1873 2030 3455 2102; baseline 0 -17"><span class='ocrx_word' id='word_1_330' title='bbox 1873 2030 2226 2085; x_wconf 83' lang='lat' dir='ltr'><strong>Postmodum</strong></span> <span class='ocrx_word' id='word_1_331' title='bbox 2255 2032 2416 2086; x_wconf 86' lang='lat' dir='ltr'><strong>veluti</strong></span> <span class='ocrx_word' id='word_1_332' title='bbox 2454 2032 2738 2101; x_wconf 70' lang='lat' dir='ltr'><strong>primario.</strong></span> <span class='ocrx_word' id='word_1_333' title='bbox 2786 2043 2840 2085; x_wconf 89' lang='lat' dir='ltr'><strong>et</strong></span> <span class='ocrx_word' id='word_1_334' title='bbox 2894 2034 3131 2102; x_wconf 88' lang='lat' dir='ltr'><strong>reliquos</strong></span> <span class='ocrx_word' id='word_1_335' title='bbox 3156 2031 3455 2086; x_wconf 73' lang='lat' dir='ltr'><strong>continenti</strong></span> 
     </span>
    </p>
   </div>
   <div class='ocr_carea' id='block_1_43' title="bbox 1872 2123 3454 2191">
    <p class='ocr_par' dir='ltr' id='par_1_43' title="bbox 1872 2123 3454 2191">
     <span class='ocr_line' id='line_1_43' title="bbox 1872 2123 3454 2191; baseline -0.001 -14"><span class='ocrx_word' id='word_1_336' title='bbox 1872 2125 2068 2187; x_wconf 75' lang='lat' dir='ltr'><strong>crroii,</strong></span> <span class='ocrx_word' id='word_1_337' title='bbox 2095 2124 2240 2191; x_wconf 88' lang='lat' dir='ltr'><strong>impii</strong></span> <span class='ocrx_word' id='word_1_338' title='bbox 2262 2124 2527 2177; x_wconf 67' lang='lat' dir='ltr'><strong>duntaxat</strong></span> <span class='ocrx_word' id='word_1_339' title='bbox 2550 2123 2782 2177; x_wconf 67' lang='lat' dir='ltr'><strong>Nestor-ii</strong></span> <span class='ocrx_word' id='word_1_340' title='bbox 2809 2125 3087 2190; x_wconf 78' lang='lat' dir='ltr'><strong>divisioni,</strong></span> <span class='ocrx_word' id='word_1_341' title='bbox 3106 2126 3158 2178; x_wconf 87' lang='lat' dir='ltr'><strong>in</strong></span> <span class='ocrx_word' id='word_1_342' title='bbox 3188 2127 3454 2177; x_wconf 82' lang='lat' dir='ltr'><strong>immacu-</strong></span> 
     </span>
    </p>
   </div>
   <div class='ocr_carea' id='block_1_44' title="bbox 1872 2214 3450 2275">
    <p class='ocr_par' dir='ltr' id='par_1_44' title="bbox 1872 2214 3450 2275">
     <span class='ocr_line' id='line_1_44' title="bbox 1872 2214 3450 2275; baseline 0.001 -7"><span class='ocrx_word' id='word_1_343' title='bbox 1872 2214 2034 2268; x_wconf 87' lang='lat' dir='ltr'><strong>latam</strong></span> <span class='ocrx_word' id='word_1_344' title='bbox 2068 2215 2429 2267; x_wconf 78' lang='lat' dir='ltr'><strong>meonomiam</strong></span> <span class='ocrx_word' id='word_1_345' title='bbox 2460 2215 2672 2268; x_wconf 82' lang='lat' dir='ltr'><strong>intrnso</strong></span> <span class='ocrx_word' id='word_1_346' title='bbox 2696 2217 2961 2269; x_wconf 79' lang='lat' dir='ltr'><strong>inedieina</strong></span> <span class='ocrx_word' id='word_1_347' title='bbox 2992 2216 3309 2275; x_wconf 82' lang='lat' dir='ltr'><strong>admovens,</strong></span> <span class='ocrx_word' id='word_1_348' title='bbox 3335 2217 3405 2268; x_wconf 92' lang='lat' dir='ltr'><strong>ait</strong></span> <span class='ocrx_word' id='word_1_349' title='bbox 3437 2234 3450 2270; x_wconf 91' lang='lat'><strong>:</strong></span> 
     </span>
    </p>
   </div>
   <div class='ocr_carea' id='block_1_45' title="bbox 1878 2305 3455 2374">
    <p class='ocr_par' dir='ltr' id='par_1_45' title="bbox 1878 2305 3455 2374">
     <span class='ocr_line' id='line_1_45' title="bbox 1878 2305 3455 2374; baseline -0.001 -15"><span class='ocrx_word' id='word_1_350' title='bbox 1878 2305 2052 2359; x_wconf 65' lang='lat' dir='ltr'><strong>Unum</strong></span> <span class='ocrx_word' id='word_1_351' title='bbox 2078 2316 2124 2358; x_wconf 88' lang='lat' dir='ltr'><strong>et</strong></span> <span class='ocrx_word' id='word_1_352' title='bbox 2144 2306 2379 2357; x_wconf 82' lang='lat' dir='ltr'><strong>eumdem</strong></span> <span class='ocrx_word' id='word_1_353' title='bbox 2401 2306 2642 2374; x_wconf 80' lang='lat' dir='ltr'><strong>conﬁteri</strong></span> <span class='ocrx_word' id='word_1_354' title='bbox 2679 2306 2878 2358; x_wconf 66' lang='lat' dir='ltr'><strong>Filiam</strong></span> <span class='ocrx_word' id='word_1_355' title='bbox 2908 2307 3187 2359; x_wconf 83' lang='lat' dir='ltr'><strong>Dominum</strong></span> <span class='ocrx_word' id='word_1_356' title='bbox 3214 2317 3455 2359; x_wconf 84' lang='lat' dir='ltr'><strong>nostrum</strong></span> 
     </span>
    </p>
   </div>
   <div class='ocr_carea' id='block_1_46' title="bbox 1871 2395 3455 2468">
    <p class='ocr_par' dir='ltr' id='par_1_46' title="bbox 1871 2395 3455 2468">
     <span class='ocr_line' id='line_1_46' title="bbox 1871 2395 3455 2468; baseline 0.003 -18"><span class='ocrx_word' id='word_1_357' title='bbox 1871 2395 2055 2450; x_wconf 69' lang='lat' dir='ltr'><strong>Iesum</strong></span> <span class='ocrx_word' id='word_1_358' title='bbox 2113 2397 2422 2457; x_wconf 82' lang='lat' dir='ltr'><strong>Christum,</strong></span> <span class='ocrx_word' id='word_1_359' title='bbox 2458 2400 2613 2451; x_wconf 82' lang='lat' dir='ltr'><strong>unius</strong></span> <span class='ocrx_word' id='word_1_360' title='bbox 2658 2398 2995 2468; x_wconf 79' lang='lat' dir='ltr'><strong>ejusdemque</strong></span> <span class='ocrx_word' id='word_1_361' title='bbox 3038 2400 3455 2468; x_wconf 70' lang='lat' dir='ltr'><strong>compellatione</strong></span> 
     </span>
    </p>
   </div>
   <div class='ocr_carea' id='block_1_47' title="bbox 1875 2488 3456 2557">
    <p class='ocr_par' dir='ltr' id='par_1_47' title="bbox 1875 2488 3456 2557">
     <span class='ocr_line' id='line_1_47' title="bbox 1875 2488 3456 2557; baseline 0 -16"><span class='ocrx_word' id='word_1_362' title='bbox 1875 2488 2123 2542; x_wconf 80' lang='lat' dir='ltr'><strong>futniitns</strong></span> <span class='ocrx_word' id='word_1_363' title='bbox 2154 2488 2443 2542; x_wconf 79' lang='lat' dir='ltr'><strong>divisionis</strong></span> <span class='ocrx_word' id='word_1_364' title='bbox 2468 2489 2779 2557; x_wconf 80' lang='lat' dir='ltr'><strong>opinionem</strong></span> <span class='ocrx_word' id='word_1_365' title='bbox 2814 2501 3088 2553; x_wconf 76' lang='lat' dir='ltr'><strong>evertens,</strong></span> <span class='ocrx_word' id='word_1_366' title='bbox 3142 2505 3195 2543; x_wconf 85' lang='lat' dir='ltr'><strong>et</strong></span> <span class='ocrx_word' id='word_1_367' title='bbox 3234 2492 3456 2557; x_wconf 59' lang='lat' dir='ltr'><strong>potissio</strong></span> 
     </span>
    </p>
   </div>
   <div class='ocr_carea' id='block_1_48' title="bbox 1876 2582 3454 2650">
    <p class='ocr_par' dir='ltr' id='par_1_48' title="bbox 1876 2582 3454 2650">
     <span class='ocr_line' id='line_1_48' title="bbox 1876 2582 3454 2650; baseline 0.001 -16"><span class='ocrx_word' id='word_1_368' title='bbox 1876 2597 2021 2634; x_wconf 89' lang='lat' dir='ltr'><strong>mum</strong></span> <span class='ocrx_word' id='word_1_369' title='bbox 2063 2582 2364 2635; x_wconf 76' lang='lat' dir='ltr'><strong>masculine</strong></span> <span class='ocrx_word' id='word_1_370' title='bbox 2417 2583 2780 2650; x_wconf 81' lang='lat' dir='ltr'><strong>pronlnrtians</strong></span> <span class='ocrx_word' id='word_1_371' title='bbox 2815 2599 2828 2635; x_wconf 92' lang='lat'>:</span> <span class='ocrx_word' id='word_1_372' title='bbox 2862 2600 2995 2634; x_wconf 77' lang='lat' dir='ltr'><strong>unus</strong></span> <span class='ocrx_word' id='word_1_373' title='bbox 3029 2582 3172 2635; x_wconf 85' lang='lat' dir='ltr'><strong>enitr.</strong></span> <span class='ocrx_word' id='word_1_374' title='bbox 3208 2583 3280 2636; x_wconf 91' lang='lat' dir='ltr'><strong>illi</strong></span> <span class='ocrx_word' id='word_1_375' title='bbox 3316 2584 3454 2636; x_wconf 86' lang='lat' dir='ltr'><strong>dici-</strong></span> 
     </span>
    </p>
   </div>
   <div class='ocr_carea' id='block_1_49' title="bbox 1874 2674 3453 2742">
    <p class='ocr_par' dir='ltr' id='par_1_49' title="bbox 1874 2674 3453 2742">
     <span class='ocr_line' id='line_1_49' title="bbox 1874 2674 3453 2742; baseline 0 -17"><span class='ocrx_word' id='word_1_376' title='bbox 1874 2682 1983 2738; x_wconf 87' lang='lat' dir='ltr'><strong>tur,</strong></span> <span class='ocrx_word' id='word_1_377' title='bbox 2013 2690 2120 2726; x_wconf 85' lang='lat' dir='ltr'><strong>non</strong></span> <span class='ocrx_word' id='word_1_378' title='bbox 2154 2690 2338 2733; x_wconf 85' lang='lat' dir='ltr'><strong>unum,</strong></span> <span class='ocrx_word' id='word_1_379' title='bbox 2374 2683 2540 2741; x_wconf 80' lang='lat' dir='ltr'><strong>atque</strong></span> <span class='ocrx_word' id='word_1_380' title='bbox 2573 2674 2882 2727; x_wconf 84' lang='lat' dir='ltr'><strong>universam</strong></span> <span class='ocrx_word' id='word_1_381' title='bbox 2905 2674 3453 2742; x_wconf 75' lang='lat' dir='ltr'><strong>compositionem,et</strong></span> 
     </span>
    </p>
   </div>
   <div class='ocr_carea' id='block_1_50' title="bbox 1874 2765 3455 2834">
    <p class='ocr_par' dir='ltr' id='par_1_50' title="bbox 1874 2765 3455 2834">
     <span class='ocr_line' id='line_1_50' title="bbox 1874 2765 3455 2834; baseline 0 -16"><span class='ocrx_word' id='word_1_382' title='bbox 1874 2780 1982 2818; x_wconf 88' lang='lat' dir='ltr'><strong>non</strong></span> <span class='ocrx_word' id='word_1_383' title='bbox 2019 2774 2226 2833; x_wconf 88' lang='lat' dir='ltr'><strong>partem</strong></span> <span class='ocrx_word' id='word_1_384' title='bbox 2262 2765 2433 2834; x_wconf 88' lang='lat' dir='ltr'><strong>ipsius</strong></span> <span class='ocrx_word' id='word_1_385' title='bbox 2465 2766 2903 2834; x_wconf 77' lang='lat' dir='ltr'><strong>exprimit,quod</strong></span> <span class='ocrx_word' id='word_1_386' title='bbox 2933 2766 3197 2819; x_wconf 81' lang='lat' dir='ltr'><strong>insinuari</strong></span> <span class='ocrx_word' id='word_1_387' title='bbox 3233 2782 3455 2820; x_wconf 82' lang='lat' dir='ltr'><strong>necesse</strong></span> 
     </span>
    </p>
   </div>
   <div class='ocr_carea' id='block_1_51' title="bbox 1873 2857 3451 2927">
    <p class='ocr_par' dir='ltr' id='par_1_51' title="bbox 1873 2857 3451 2927">
     <span class='ocr_line' id='line_1_51' title="bbox 1873 2857 3451 2927; baseline 0 -15"><span class='ocrx_word' id='word_1_388' title='bbox 1873 2868 2015 2923; x_wconf 83' lang='lat' dir='ltr'><strong>erat,</strong></span> <span class='ocrx_word' id='word_1_389' title='bbox 2040 2858 2084 2911; x_wconf 85' lang='lat' dir='ltr'><strong>si</strong></span> <span class='ocrx_word' id='word_1_390' title='bbox 2119 2857 2274 2911; x_wconf 86' lang='lat' dir='ltr'><strong>aliter</strong></span> <span class='ocrx_word' id='word_1_391' title='bbox 2300 2859 2623 2922; x_wconf 80' lang='lat' dir='ltr'><strong>extulisset;</strong></span> <span class='ocrx_word' id='word_1_392' title='bbox 2658 2858 2711 2911; x_wconf 94' lang='lat' dir='ltr'><strong>in</strong></span> <span class='ocrx_word' id='word_1_393' title='bbox 2746 2859 2849 2912; x_wconf 82' lang='lat' dir='ltr'><strong>lioc</strong></span> <span class='ocrx_word' id='word_1_394' title='bbox 2873 2859 3292 2927; x_wconf 71' lang='lat' dir='ltr'><strong>quoqueldivum</strong></span> <span class='ocrx_word' id='word_1_395' title='bbox 3317 2857 3451 2912; x_wconf 85' lang='lat' dir='ltr'><strong>Gre-</strong></span> 
     </span>
    </p>
   </div>
   <div class='ocr_carea' id='block_1_52' title="bbox 1874 2950 3454 3019">
    <p class='ocr_par' dir='ltr' id='par_1_52' title="bbox 1874 2950 3454 3019">
     <span class='ocr_line' id='line_1_52' title="bbox 1874 2950 3454 3019; baseline 0.002 -22"><span class='ocrx_word' id='word_1_396' title='bbox 1874 2951 2086 3019; x_wconf 75' lang='lat' dir='ltr'><strong>gorium</strong></span> <span class='ocrx_word' id='word_1_397' title='bbox 2115 2959 2321 3011; x_wconf 83' lang='lat' dir='ltr'><strong>secuta,</strong></span> <span class='ocrx_word' id='word_1_398' title='bbox 2352 2965 2449 3018; x_wconf 89' lang='lat' dir='ltr'><strong>per</strong></span> <span class='ocrx_word' id='word_1_399' title='bbox 2478 2951 2632 3013; x_wconf 90' lang='lat' dir='ltr'><strong>illud,</strong></span> <span class='ocrx_word' id='word_1_400' title='bbox 2666 2950 2806 3004; x_wconf 84' lang='lat' dir='ltr'><strong>alius</strong></span> <span class='ocrx_word' id='word_1_401' title='bbox 2836 2960 2885 3005; x_wconf 81' lang='lat' dir='ltr'><strong>et</strong></span> <span class='ocrx_word' id='word_1_402' title='bbox 2915 2951 3077 3015; x_wconf 84' lang='lat' dir='ltr'><strong>alius,</strong></span> <span class='ocrx_word' id='word_1_403' title='bbox 3110 2959 3305 3011; x_wconf 87' lang='lat' dir='ltr'><strong>totum,</strong></span> <span class='ocrx_word' id='word_1_404' title='bbox 3359 2966 3454 3018; x_wconf 81' lang='lat' dir='ltr'><strong>per</strong></span> 
     </span>
    </p>
   </div>
   <div class='ocr_carea' id='block_1_53' title="bbox 1875 3037 3455 3108">
    <p class='ocr_par' dir='ltr' id='par_1_53' title="bbox 1875 3037 3455 3108">
     <span class='ocr_line' id='line_1_53' title="bbox 1875 3037 3455 3108; baseline 0 -17"><span class='ocrx_word' id='word_1_405' title='bbox 1875 3039 2031 3103; x_wconf 90' lang='lat' dir='ltr'><strong>illud,</strong></span> <span class='ocrx_word' id='word_1_406' title='bbox 2067 3039 2217 3090; x_wconf 82' lang='lat' dir='ltr'><strong>aliud</strong></span> <span class='ocrx_word' id='word_1_407' title='bbox 2241 3049 2288 3091; x_wconf 87' lang='lat' dir='ltr'><strong>et</strong></span> <span class='ocrx_word' id='word_1_408' title='bbox 2311 3039 2482 3096; x_wconf 78' lang='lat' dir='ltr'><strong>aliud.</strong></span> <span class='ocrx_word' id='word_1_409' title='bbox 2513 3048 2693 3108; x_wconf 87' lang='lat' dir='ltr'><strong>partes</strong></span> <span class='ocrx_word' id='word_1_410' title='bbox 2731 3040 3010 3094; x_wconf 80' lang='lat' dir='ltr'><strong>indicavit.</strong></span> <span class='ocrx_word' id='word_1_411' title='bbox 3051 3038 3243 3095; x_wconf 82' lang='lat' dir='ltr'><strong>Postea</strong></span> <span class='ocrx_word' id='word_1_412' title='bbox 3268 3037 3455 3093; x_wconf 85' lang='lat' dir='ltr'><strong>adver-</strong></span> 
     </span>
    </p>
   </div>
   <div class='ocr_carea' id='block_1_54' title="bbox 1877 3130 3452 3201">
    <p class='ocr_par' dir='ltr' id='par_1_54' title="bbox 1877 3130 3452 3201">
     <span class='ocr_line' id='line_1_54' title="bbox 1877 3130 3452 3201; baseline 0 -17"><span class='ocrx_word' id='word_1_413' title='bbox 1877 3147 1950 3185; x_wconf 69' lang='lat' dir='ltr'><strong>sa:</strong></span> <span class='ocrx_word' id='word_1_414' title='bbox 1990 3146 2166 3199; x_wconf 76' lang='lat' dir='ltr'><strong>prava:</strong></span> <span class='ocrx_word' id='word_1_415' title='bbox 2209 3130 2483 3200; x_wconf 86' lang='lat' dir='ltr'><strong>opinionis</strong></span> <span class='ocrx_word' id='word_1_416' title='bbox 2513 3132 2854 3201; x_wconf 82' lang='lat' dir='ltr'><strong>suSpiciones</strong></span> <span class='ocrx_word' id='word_1_417' title='bbox 2914 3133 3051 3187; x_wconf 92' lang='lat' dir='ltr'><strong>tollit</strong></span> <span class='ocrx_word' id='word_1_418' title='bbox 3098 3132 3304 3197; x_wconf 86' lang='lat' dir='ltr'><strong>dicens,</strong></span> <span class='ocrx_word' id='word_1_419' title='bbox 3335 3149 3452 3200; x_wconf 83' lang='lat' dir='ltr'><strong>per-</strong></span> 
     </span>
    </p>
   </div>
   <div class='ocr_carea' id='block_1_55' title="bbox 183 3223 1772 3308">
    <p class='ocr_par' dir='ltr' id='par_1_55' title="bbox 183 3226 1766 3299">
     <span class='ocr_line' id='line_1_55' title="bbox 183 3226 1766 3299; baseline 0.001 -20"><span class='ocrx_word' id='word_1_420' title='bbox 183 3227 332 3279; x_wconf 77' lang='grc' dir='ltr'>Μετὰ</span> <span class='ocrx_word' id='word_1_421' title='bbox 381 3226 559 3280; x_wconf 77' lang='grc' dir='ltr'>ταῦτα</span> <span class='ocrx_word' id='word_1_422' title='bbox 606 3227 663 3280; x_wconf 78' lang='grc' dir='ltr'>δὲ</span> <span class='ocrx_word' id='word_1_423' title='bbox 690 3227 790 3297; x_wconf 82' lang='grc' dir='ltr'>τῆς</span> <span class='ocrx_word' id='word_1_424' title='bbox 838 3228 901 3280; x_wconf 74' lang='grc' dir='ltr'>ἐκ</span> <span class='ocrx_word' id='word_1_425' title='bbox 941 3228 1035 3280; x_wconf 76' lang='grc' dir='ltr'>τοῦ</span> <span class='ocrx_word' id='word_1_426' title='bbox 1084 3228 1328 3280; x_wconf 82' lang='grc' dir='ltr'>ἐναντίου</span> <span class='ocrx_word' id='word_1_427' title='bbox 1356 3228 1566 3299; x_wconf 79' lang='grc' dir='ltr'>φαύλης</span> <span class='ocrx_word' id='word_1_428' title='bbox 1609 3229 1766 3297; x_wconf 79' lang='grc' dir='ltr'>δόξης</span> 
     </span>
    </p>
   </div>
   <div class='ocr_carea' id='block_1_56' title="bbox 1877 3223 3454 3308">
    <p class='ocr_par' dir='ltr' id='par_1_56' title="bbox 1877 3223 3454 3293">
     <span class='ocr_line' id='line_1_56' title="bbox 1877 3223 3454 3293; baseline 0.001 -17"><span class='ocrx_word' id='word_1_429' title='bbox 1877 3223 2072 3291; x_wconf 78' lang='lat' dir='ltr'><strong>fectum</strong></span> <span class='ocrx_word' id='word_1_430' title='bbox 2128 3224 2299 3291; x_wconf 83' lang='lat' dir='ltr'><strong>ipsum</strong></span> <span class='ocrx_word' id='word_1_431' title='bbox 2354 3225 2405 3275; x_wconf 89' lang='lat' dir='ltr'><strong>in</strong></span> <span class='ocrx_word' id='word_1_432' title='bbox 2442 3224 2657 3288; x_wconf 85' lang='lat' dir='ltr'><strong>deitate,</strong></span> <span class='ocrx_word' id='word_1_433' title='bbox 2695 3234 2743 3277; x_wconf 87' lang='lat' dir='ltr'><strong>et</strong></span> <span class='ocrx_word' id='word_1_434' title='bbox 2794 3225 3083 3293; x_wconf 78' lang='lat' dir='ltr'><strong>perfectum</strong></span> <span class='ocrx_word' id='word_1_435' title='bbox 3118 3226 3352 3278; x_wconf 83' lang='lat' dir='ltr'><strong>eumdem</strong></span> <span class='ocrx_word' id='word_1_436' title='bbox 3399 3225 3454 3277; x_wconf 82' lang='lat' dir='ltr'><strong>in</strong></span> 
     </span>
    </p>
   </div>
   <div class='ocr_carea' id='block_1_57' title="bbox 184 3319 1765 3388">
    <p class='ocr_par' dir='ltr' id='par_1_57' title="bbox 184 3319 1765 3388">
     <span class='ocr_line' id='line_1_57' title="bbox 184 3319 1765 3388; baseline 0.003 -18"><span class='ocrx_word' id='word_1_437' title='bbox 184 3319 455 3382; x_wconf 79' lang='grc' dir='ltr'>ὑπονοίας,</span> <span class='ocrx_word' id='word_1_438' title='bbox 484 3321 640 3388; x_wconf 64' lang='grc' dir='ltr'>φησι,</span> <span class='ocrx_word' id='word_1_439' title='bbox 670 3321 905 3372; x_wconf 72' lang='grc' dir='ltr'>Τέλειον</span> <span class='ocrx_word' id='word_1_440' title='bbox 927 3319 1034 3372; x_wconf 73' lang='grc' dir='ltr'><strong>τὸν</strong></span> <span class='ocrx_word' id='word_1_441' title='bbox 1061 3319 1251 3373; x_wconf 84' lang='grc' dir='ltr'>αὐτὸν</span> <span class='ocrx_word' id='word_1_442' title='bbox 1289 3320 1359 3373; x_wconf 78' lang='grc' dir='ltr'><strong>ἐν</strong></span> <span class='ocrx_word' id='word_1_443' title='bbox 1387 3321 1639 3388; x_wconf 82' lang='grc' dir='ltr'>θεότητι,</span> <span class='ocrx_word' id='word_1_444' title='bbox 1669 3322 1765 3375; x_wconf 79' lang='grc' dir='ltr'>καὶ</span> 
     </span>
    </p>
   </div>
   <div class='ocr_carea' id='block_1_58' title="bbox 182 3408 1763 3483">
    <p class='ocr_par' dir='ltr' id='par_1_58' title="bbox 182 3408 1763 3483">
     <span class='ocr_line' id='line_1_58' title="bbox 182 3408 1763 3483; baseline 0.001 -19"><span class='ocrx_word' id='word_1_445' title='bbox 182 3412 416 3466; x_wconf 75' lang='grc' dir='ltr'>τέλειον</span> <span class='ocrx_word' id='word_1_446' title='bbox 450 3414 558 3465; x_wconf 68' lang='grc' dir='ltr'><em>τάν</em></span> <span class='ocrx_word' id='word_1_447' title='bbox 581 3412 770 3467; x_wconf 81' lang='grc' dir='ltr'><strong>αὐτὸν</strong></span> <span class='ocrx_word' id='word_1_448' title='bbox 796 3412 867 3466; x_wconf 76' lang='grc' dir='ltr'><strong>ἐν</strong></span> <span class='ocrx_word' id='word_1_449' title='bbox 895 3413 1329 3480; x_wconf 75' lang='grc' dir='ltr'>ἀνορωπότητι,</span> <span class='ocrx_word' id='word_1_450' title='bbox 1358 3412 1562 3483; x_wconf 74' lang='grc' dir='ltr'>ἕτερον,</span> <span class='ocrx_word' id='word_1_451' title='bbox 1588 3408 1763 3482; x_wconf 78' lang='grc' dir='ltr'>οἶμαι,</span> 
     </span>
    </p>
   </div>
   <div class='ocr_carea' id='block_1_59' title="bbox 182 3486 1767 3579">
    <p class='ocr_par' dir='ltr' id='par_1_59' title="bbox 182 3506 1767 3579">
     <span class='ocr_line' id='line_1_59' title="bbox 182 3506 1767 3579; baseline 0.001 -22"><span class='ocrx_word' id='word_1_452' title='bbox 182 3506 416 3576; x_wconf 75' lang='grc' dir='ltr'>λέγουσα</span> <span class='ocrx_word' id='word_1_453' title='bbox 446 3507 622 3573; x_wconf 74' lang='grc' dir='ltr'>οὐδὲν,</span> <span class='ocrx_word' id='word_1_454' title='bbox 659 3509 708 3559; x_wconf 88' lang='grc' dir='ltr'><strong>εί</strong></span> <span class='ocrx_word' id='word_1_455' title='bbox 748 3506 820 3576; x_wconf 87' lang='grc' dir='ltr'>μή</span> <span class='ocrx_word' id='word_1_456' title='bbox 853 3524 906 3558; x_wconf 87' lang='grc' dir='ltr'><strong>τι</strong></span> <span class='ocrx_word' id='word_1_457' title='bbox 940 3506 1139 3579; x_wconf 83' lang='grc' dir='ltr'>νομίσῃ</span> <span class='ocrx_word' id='word_1_458' title='bbox 1168 3524 1251 3568; x_wconf 85' lang='grc' dir='ltr'><strong>τις</strong></span> <span class='ocrx_word' id='word_1_459' title='bbox 1278 3506 1368 3559; x_wconf 76' lang='grc' dir='ltr'>διὰ</span> <span class='ocrx_word' id='word_1_460' title='bbox 1394 3508 1493 3575; x_wconf 75' lang='grc' dir='ltr'>τῆς</span> <span class='ocrx_word' id='word_1_461' title='bbox 1524 3507 1617 3559; x_wconf 78' lang='grc' dir='ltr'>τοῦ</span> <span class='ocrx_word' id='word_1_462' title='bbox 1650 3507 1767 3569; x_wconf 82' lang='grc' dir='ltr'>ἑνὸς</span> 
     </span>
    </p>
   </div>
   <div class='ocr_carea' id='block_1_60' title="bbox 181 3600 1769 3672">
    <p class='ocr_par' dir='ltr' id='par_1_60' title="bbox 181 3600 1769 3672">
     <span class='ocr_line' id='line_1_60' title="bbox 181 3600 1769 3672; baseline -0.001 -19"><span class='ocrx_word' id='word_1_463' title='bbox 181 3601 588 3672; x_wconf 71' lang='grc' dir='ltr'>προσηγορίας,</span> <span class='ocrx_word' id='word_1_464' title='bbox 643 3600 677 3670; x_wconf 84' lang='grc' dir='ltr'>ἢ</span> <span class='ocrx_word' id='word_1_465' title='bbox 738 3602 950 3670; x_wconf 83' lang='grc' dir='ltr'>γυμνὴν</span> <span class='ocrx_word' id='word_1_466' title='bbox 1001 3600 1349 3670; x_wconf 81' lang='grc' dir='ltr'>ἀνθρωπίνης</span> <span class='ocrx_word' id='word_1_467' title='bbox 1400 3600 1617 3669; x_wconf 84' lang='grc' dir='ltr'>φύσεως</span> <span class='ocrx_word' id='word_1_468' title='bbox 1670 3600 1769 3669; x_wconf 77' lang='grc' dir='ltr'><strong>τὴν</strong></span> 
     </span>
    </p>
   </div>
   <div class='ocr_carea' id='block_1_61' title="bbox 183 3692 1765 3766">
    <p class='ocr_par' dir='ltr' id='par_1_61' title="bbox 183 3692 1765 3766">
     <span class='ocr_line' id='line_1_61' title="bbox 183 3692 1765 3766; baseline 0.001 -20"><span class='ocrx_word' id='word_1_469' title='bbox 183 3693 417 3766; x_wconf 81' lang='grc' dir='ltr'>θεότητα</span> <span class='ocrx_word' id='word_1_470' title='bbox 458 3693 748 3764; x_wconf 86' lang='grc' dir='ltr'>πληρῶσαι</span> <span class='ocrx_word' id='word_1_471' title='bbox 786 3692 883 3764; x_wconf 72' lang='grc' dir='ltr'>τὴν</span> <span class='ocrx_word' id='word_1_472' title='bbox 926 3693 1324 3763; x_wconf 75' lang='grc' dir='ltr'>οἰκονομίαν,ἢ</span> <span class='ocrx_word' id='word_1_473' title='bbox 1373 3694 1582 3764; x_wconf 80' lang='grc' dir='ltr'>τροπὴν</span> <span class='ocrx_word' id='word_1_474' title='bbox 1628 3695 1765 3747; x_wconf 68' lang='lat'><strong>61:0-</strong></span> 
     </span>
    </p>
   </div>
   <div class='ocr_carea' id='block_1_62' title="bbox 185 3784 1770 3854">
    <p class='ocr_par' dir='ltr' id='par_1_62' title="bbox 185 3784 1770 3854">
     <span class='ocr_line' id='line_1_62' title="bbox 185 3784 1770 3854; baseline 0.003 -17"><span class='ocrx_word' id='word_1_475' title='bbox 185 3788 452 3854; x_wconf 81' lang='grc' dir='ltr'>μείνασαν</span> <span class='ocrx_word' id='word_1_476' title='bbox 496 3787 575 3849; x_wconf 75' lang='grc' dir='ltr'>εἰς</span> <span class='ocrx_word' id='word_1_477' title='bbox 604 3784 895 3850; x_wconf 84' lang='grc' dir='ltr'>ἀνθρώπου</span> <span class='ocrx_word' id='word_1_478' title='bbox 925 3786 1108 3852; x_wconf 75' lang='grc' dir='ltr'>φύσιν,</span> <span class='ocrx_word' id='word_1_479' title='bbox 1145 3786 1282 3838; x_wconf 84' lang='grc' dir='ltr'>ἁλλὰ</span> <span class='ocrx_word' id='word_1_480' title='bbox 1325 3786 1531 3838; x_wconf 87' lang='grc' dir='ltr'>τέλειον</span> <span class='ocrx_word' id='word_1_481' title='bbox 1554 3786 1645 3838; x_wconf 78' lang='grc' dir='ltr'>τὸν</span> <span class='ocrx_word' id='word_1_482' title='bbox 1672 3791 1770 3841; x_wconf 82' lang='grc' dir='ltr'>αύ-</span> 
     </span>
    </p>
   </div>
   <div class='ocr_carea' id='block_1_63' title="bbox 180 3877 1766 3949">
    <p class='ocr_par' dir='ltr' id='par_1_63' title="bbox 180 3877 1766 3949">
     <span class='ocr_line' id='line_1_63' title="bbox 180 3877 1766 3949; baseline 0.001 -17"><span class='ocrx_word' id='word_1_483' title='bbox 180 3882 268 3933; x_wconf 70' lang='grc' dir='ltr'><strong>τδν</strong></span> <span class='ocrx_word' id='word_1_484' title='bbox 312 3882 442 3933; x_wconf 78' lang='grc' dir='ltr'>κατ’</span> <span class='ocrx_word' id='word_1_485' title='bbox 471 3880 639 3949; x_wconf 67' lang='grc' dir='ltr'>ἄμφω</span> <span class='ocrx_word' id='word_1_486' title='bbox 687 3878 1021 3948; x_wconf 76' lang='grc' dir='ltr'>ὑπάρχοντα,</span> <span class='ocrx_word' id='word_1_487' title='bbox 1054 3878 1156 3947; x_wconf 86' lang='grc' dir='ltr'>τήν</span> <span class='ocrx_word' id='word_1_488' title='bbox 1198 3895 1255 3929; x_wconf 90' lang='grc' dir='ltr'><strong>τε</strong></span> <span class='ocrx_word' id='word_1_489' title='bbox 1299 3877 1545 3947; x_wconf 71' lang='grc' dir='ltr'>θεότητα,</span> <span class='ocrx_word' id='word_1_490' title='bbox 1600 3879 1766 3948; x_wconf 54' lang='grc' dir='ltr'>φημὶ,</span> 
     </span>
    </p>
   </div>
   <div class='ocr_carea' id='block_1_64' title="bbox 182 3969 1771 4045">
    <p class='ocr_par' dir='ltr' id='par_1_64' title="bbox 182 3969 1771 4045">
     <span class='ocr_line' id='line_1_64' title="bbox 182 3969 1771 4045; baseline -0.004 -17"><span class='ocrx_word' id='word_1_491' title='bbox 182 3975 273 4029; x_wconf 78' lang='grc' dir='ltr'><strong>καὶ</strong></span> <span class='ocrx_word' id='word_1_492' title='bbox 303 3975 408 4045; x_wconf 81' lang='grc' dir='ltr'>τὴν</span> <span class='ocrx_word' id='word_1_493' title='bbox 450 3970 872 4040; x_wconf 81' lang='grc' dir='ltr'>ἁνθρωπότητα,</span> <span class='ocrx_word' id='word_1_494' title='bbox 921 3970 998 4033; x_wconf 88' lang='grc' dir='ltr'><strong>ώς</strong></span> <span class='ocrx_word' id='word_1_495' title='bbox 1022 3970 1141 4024; x_wconf 86' lang='grc' dir='ltr'>ὅλον</span> <span class='ocrx_word' id='word_1_496' title='bbox 1186 3971 1243 4022; x_wconf 80' lang='grc' dir='ltr'>ὲν</span> <span class='ocrx_word' id='word_1_497' title='bbox 1270 3972 1382 4031; x_wconf 85' lang='grc' dir='ltr'>τοῖς</span> <span class='ocrx_word' id='word_1_498' title='bbox 1423 3969 1641 4032; x_wconf 77' lang='grc' dir='ltr'>οἰκείοις</span> <span class='ocrx_word' id='word_1_499' title='bbox 1675 3970 1771 4038; x_wconf 81' lang='grc' dir='ltr'>μέ-</span> 
     </span>
    </p>
   </div>
   <div class='ocr_carea' id='block_1_65' title="bbox 183 4061 1770 4135">
    <p class='ocr_par' dir='ltr' id='par_1_65' title="bbox 183 4061 1770 4135">
     <span class='ocr_line' id='line_1_65' title="bbox 183 4061 1770 4135; baseline -0.004 -16"><span class='ocrx_word' id='word_1_500' title='bbox 183 4083 298 4135; x_wconf 86' lang='grc' dir='ltr'>ρεσι</span> <span class='ocrx_word' id='word_1_501' title='bbox 330 4065 745 4135; x_wconf 77' lang='grc' dir='ltr'>γνωριζόμενον</span> <span class='ocrx_word' id='word_1_502' title='bbox 778 4064 909 4116; x_wconf 75' lang='grc' dir='ltr'>Θεὸν</span> <span class='ocrx_word' id='word_1_503' title='bbox 931 4061 1166 4133; x_wconf 84' lang='grc' dir='ltr'>ἀληθῶς,</span> <span class='ocrx_word' id='word_1_504' title='bbox 1200 4062 1292 4115; x_wconf 78' lang='grc' dir='ltr'>καὶ</span> <span class='ocrx_word' id='word_1_505' title='bbox 1324 4061 1608 4133; x_wconf 74' lang='grc' dir='ltr'>ἄνθρωπον</span> <span class='ocrx_word' id='word_1_506' title='bbox 1638 4062 1770 4131; x_wconf 73' lang='grc' dir='ltr'>ἁληο</span> 
     </span>
    </p>
   </div>
   <div class='ocr_carea' id='block_1_66' title="bbox 182 4152 1770 4225">
    <p class='ocr_par' dir='ltr' id='par_1_66' title="bbox 182 4152 1770 4225">
     <span class='ocr_line' id='line_1_66' title="bbox 182 4152 1770 4225; baseline -0.004 -15"><span class='ocrx_word' id='word_1_507' title='bbox 182 4158 309 4223; x_wconf 79' lang='grc' dir='ltr'>θῶς,</span> <span class='ocrx_word' id='word_1_508' title='bbox 342 4158 441 4212; x_wconf 76' lang='grc' dir='ltr'><strong>τὸν</strong></span> <span class='ocrx_word' id='word_1_509' title='bbox 465 4160 533 4209; x_wconf 84' lang='grc' dir='ltr'>ὲκ</span> <span class='ocrx_word' id='word_1_510' title='bbox 574 4154 756 4225; x_wconf 75' lang='grc' dir='ltr'>ψυχῆς</span> <span class='ocrx_word' id='word_1_511' title='bbox 805 4154 1031 4223; x_wconf 77' lang='grc' dir='ltr'>λογικῆς</span> <span class='ocrx_word' id='word_1_512' title='bbox 1076 4154 1170 4206; x_wconf 67' lang='lat' dir='ltr'><strong>uad.</strong></span> <span class='ocrx_word' id='word_1_513' title='bbox 1214 4152 1499 4222; x_wconf 78' lang='grc' dir='ltr'>σώματος’</span> <span class='ocrx_word' id='word_1_514' title='bbox 1542 4152 1635 4205; x_wconf 73' lang='grc' dir='ltr'>καὶ</span> <span class='ocrx_word' id='word_1_515' title='bbox 1672 4154 1770 4223; x_wconf 80' lang='grc' dir='ltr'>οὐχ</span> 
     </span>
    </p>
   </div>
   <div class='ocr_carea' id='block_1_67' title="bbox 182 4244 1773 4317">
    <p class='ocr_par' dir='ltr' id='par_1_67' title="bbox 182 4244 1773 4317">
     <span class='ocr_line' id='line_1_67' title="bbox 182 4244 1773 4317; baseline -0.002 -18"><span class='ocrx_word' id='word_1_516' title='bbox 182 4248 366 4311; x_wconf 76' lang='grc' dir='ltr'>ἁπλῶς</span> <span class='ocrx_word' id='word_1_517' title='bbox 392 4248 463 4317; x_wconf 83' lang='grc' dir='ltr'>δὴ</span> <span class='ocrx_word' id='word_1_518' title='bbox 494 4246 651 4308; x_wconf 79' lang='grc' dir='ltr'>Θεὸν,</span> <span class='ocrx_word' id='word_1_519' title='bbox 678 4247 710 4315; x_wconf 84' lang='grc' dir='ltr'>ἢ</span> <span class='ocrx_word' id='word_1_520' title='bbox 736 4246 1047 4314; x_wconf 82' lang='grc' dir='ltr'>ἄνθρωπον,</span> <span class='ocrx_word' id='word_1_521' title='bbox 1082 4245 1198 4297; x_wconf 84' lang='grc' dir='ltr'>ἀλλ’</span> <span class='ocrx_word' id='word_1_522' title='bbox 1236 4244 1521 4313; x_wconf 81' lang='grc' dir='ltr'>δμοούσιον</span> <span class='ocrx_word' id='word_1_523' title='bbox 1548 4245 1626 4313; x_wconf 85' lang='grc' dir='ltr'>τῷ</span> <span class='ocrx_word' id='word_1_524' title='bbox 1662 4244 1773 4296; x_wconf 85' lang='grc' dir='ltr'><strong>Πα-</strong></span> 
     </span>
    </p>
   </div>
   <div class='ocr_carea' id='block_1_68' title="bbox 180 4336 1772 4408">
    <p class='ocr_par' dir='ltr' id='par_1_68' title="bbox 180 4336 1772 4408">
     <span class='ocr_line' id='line_1_68' title="bbox 180 4336 1772 4408; baseline -0.001 -18"><span class='ocrx_word' id='word_1_525' title='bbox 180 4339 269 4408; x_wconf 76' lang='grc' dir='ltr'>τρὶ</span> <span class='ocrx_word' id='word_1_526' title='bbox 297 4339 449 4393; x_wconf 76' lang='grc' dir='ltr'><strong>κατὰ</strong></span> <span class='ocrx_word' id='word_1_527' title='bbox 470 4338 575 4408; x_wconf 82' lang='grc' dir='ltr'>τὴν</span> <span class='ocrx_word' id='word_1_528' title='bbox 608 4339 860 4406; x_wconf 73' lang='grc' dir='ltr'>θεότητα,</span> <span class='ocrx_word' id='word_1_529' title='bbox 895 4337 990 4390; x_wconf 81' lang='grc' dir='ltr'>καὶ</span> <span class='ocrx_word' id='word_1_530' title='bbox 1022 4338 1157 4405; x_wconf 77' lang='grc' dir='ltr'>ἡμῖν</span> <span class='ocrx_word' id='word_1_531' title='bbox 1198 4337 1338 4390; x_wconf 87' lang='grc' dir='ltr'><strong>κατὰ</strong></span> <span class='ocrx_word' id='word_1_532' title='bbox 1362 4337 1461 4407; x_wconf 81' lang='grc' dir='ltr'>τὴν</span> <span class='ocrx_word' id='word_1_533' title='bbox 1490 4336 1772 4406; x_wconf 79' lang='grc' dir='ltr'>ἀνθρωπᾶ-</span> 
     </span>
    </p>
   </div>
   <div class='ocr_carea' id='block_1_69' title="bbox 183 4427 1773 4502">
    <p class='ocr_par' dir='ltr' id='par_1_69' title="bbox 183 4427 1773 4502">
     <span class='ocr_line' id='line_1_69' title="bbox 183 4427 1773 4502; baseline -0.003 -17"><span class='ocrx_word' id='word_1_534' title='bbox 183 4450 315 4502; x_wconf 84' lang='grc' dir='ltr'>τητα</span> <span class='ocrx_word' id='word_1_535' title='bbox 345 4432 445 4485; x_wconf 80' lang='grc' dir='ltr'>τὸν</span> <span class='ocrx_word' id='word_1_536' title='bbox 474 4430 661 4483; x_wconf 81' lang='grc' dir='ltr'>αὐτόν.</span> <span class='ocrx_word' id='word_1_537' title='bbox 695 4429 805 4481; x_wconf 81' lang='grc' dir='ltr'>Καὶ</span> <span class='ocrx_word' id='word_1_538' title='bbox 830 4432 940 4490; x_wconf 89' lang='grc' dir='ltr'>τοῖς</span> <span class='ocrx_word' id='word_1_539' title='bbox 968 4427 1267 4497; x_wconf 81' lang='grc' dir='ltr'>μὲν-ὀρθῶς</span> <span class='ocrx_word' id='word_1_540' title='bbox 1298 4427 1625 4497; x_wconf 84' lang='grc' dir='ltr'>προσέχουσι</span> <span class='ocrx_word' id='word_1_541' title='bbox 1663 4429 1773 4489; x_wconf 85' lang='grc' dir='ltr'>τοῖς</span> 
     </span>
    </p>
   </div>
   <div class='ocr_carea' id='block_1_70' title="bbox 185 4516 1775 4593">
    <p class='ocr_par' dir='ltr' id='par_1_70' title="bbox 185 4516 1775 4593">
     <span class='ocr_line' id='line_1_70' title="bbox 185 4516 1775 4593; baseline -0.003 -18"><span class='ocrx_word' id='word_1_542' title='bbox 185 4524 526 4593; x_wconf 70' lang='grc' dir='ltr'>εἰρημένοις,</span> <span class='ocrx_word' id='word_1_543' title='bbox 555 4522 707 4575; x_wconf 63' lang='grc' dir='ltr'>οὐδὲν</span> <span class='ocrx_word' id='word_1_544' title='bbox 747 4520 825 4573; x_wconf 81' lang='grc' dir='ltr'>ἑτι</span> <span class='ocrx_word' id='word_1_545' title='bbox 858 4516 927 4592; x_wconf 85' lang='grc' dir='ltr'>ἦν</span> <span class='ocrx_word' id='word_1_546' title='bbox 968 4522 1049 4583; x_wconf 83' lang='grc' dir='ltr'><strong>εἰς</strong></span> <span class='ocrx_word' id='word_1_547' title='bbox 1087 4519 1344 4590; x_wconf 73' lang='grc' dir='ltr'>ἐξήγησιν</span> <span class='ocrx_word' id='word_1_548' title='bbox 1381 4518 1775 4589; x_wconf 83' lang='grc' dir='ltr'>ὑπολελειμμέ-</span> 
     </span>
    </p>
   </div>
   <div class='ocr_carea' id='block_1_71' title="bbox 1872 3317 3451 3385">
    <p class='ocr_par' dir='ltr' id='par_1_71' title="bbox 1872 3317 3451 3385">
     <span class='ocr_line' id='line_1_71' title="bbox 1872 3317 3451 3385; baseline -0.001 -15"><span class='ocrx_word' id='word_1_549' title='bbox 1872 3318 2204 3370; x_wconf 71' lang='lat' dir='ltr'><strong>[inmanitate</strong></span> <span class='ocrx_word' id='word_1_550' title='bbox 2241 3337 2257 3370; x_wconf 89' lang='lat'><strong><em>:</em></strong></span> <span class='ocrx_word' id='word_1_551' title='bbox 2298 3317 2677 3370; x_wconf 89' lang='lat' dir='ltr'><strong>tantummodo</strong></span> <span class='ocrx_word' id='word_1_552' title='bbox 2716 3332 2989 3378; x_wconf 79' lang='lat' dir='ltr'><strong>asserens,</strong></span> <span class='ocrx_word' id='word_1_553' title='bbox 3023 3317 3127 3371; x_wconf 83' lang='lat' dir='ltr'><strong>nisi</strong></span> <span class='ocrx_word' id='word_1_554' title='bbox 3184 3318 3451 3385; x_wconf 84' lang='lat' dir='ltr'><strong>quispiam</strong></span> 
     </span>
    </p>
   </div>
   <div class='ocr_carea' id='block_1_72' title="bbox 1869 3407 3451 3476">
    <p class='ocr_par' dir='ltr' id='par_1_72' title="bbox 1869 3407 3451 3476">
     <span class='ocr_line' id='line_1_72' title="bbox 1869 3407 3451 3476; baseline -0.001 -14"><span class='ocrx_word' id='word_1_555' title='bbox 1869 3407 2269 3462; x_wconf 79' lang='lat' dir='ltr'><strong>existimaverit</strong></span> <span class='ocrx_word' id='word_1_556' title='bbox 2303 3422 2395 3476; x_wconf 89' lang='lat' dir='ltr'><strong>per</strong></span> <span class='ocrx_word' id='word_1_557' title='bbox 2427 3407 2588 3461; x_wconf 88' lang='lat' dir='ltr'><strong>unius</strong></span> <span class='ocrx_word' id='word_1_558' title='bbox 2616 3408 3052 3476; x_wconf 81' lang='lat' dir='ltr'><strong>appellationem,</strong></span> <span class='ocrx_word' id='word_1_559' title='bbox 3091 3419 3183 3460; x_wconf 90' lang='lat' dir='ltr'><strong>aut</strong></span> <span class='ocrx_word' id='word_1_560' title='bbox 3216 3408 3451 3461; x_wconf 85' lang='lat' dir='ltr'><strong>humana</strong></span> 
     </span>
    </p>
   </div>
   <div class='ocr_carea' id='block_1_73' title="bbox 1872 3498 3453 3562">
    <p class='ocr_par' dir='ltr' id='par_1_73' title="bbox 1872 3498 3453 3562">
     <span class='ocr_line' id='line_1_73' title="bbox 1872 3498 3453 3562; baseline -0.001 -9"><span class='ocrx_word' id='word_1_561' title='bbox 1872 3511 2066 3553; x_wconf 87' lang='lat' dir='ltr'><strong>natura</strong></span> <span class='ocrx_word' id='word_1_562' title='bbox 2118 3500 2445 3553; x_wconf 88' lang='lat' dir='ltr'><strong>denudatam</strong></span> <span class='ocrx_word' id='word_1_563' title='bbox 2507 3500 2800 3562; x_wconf 85' lang='lat' dir='ltr'><strong>deitatem,</strong></span> <span class='ocrx_word' id='word_1_564' title='bbox 2860 3500 3221 3553; x_wconf 71' lang='lat' dir='ltr'><strong>meonomiam</strong></span> <span class='ocrx_word' id='word_1_565' title='bbox 3278 3498 3453 3552; x_wconf 85' lang='lat' dir='ltr'><strong>adim-</strong></span> 
     </span>
    </p>
   </div>
   <div class='ocr_carea' id='block_1_74' title="bbox 1872 3591 3455 3668">
    <p class='ocr_par' dir='ltr' id='par_1_74' title="bbox 1872 3591 3455 3668">
     <span class='ocr_line' id='line_1_74' title="bbox 1872 3591 3455 3668; baseline -0.004 -21"><span class='ocrx_word' id='word_1_566' title='bbox 1872 3593 2069 3662; x_wconf 84' lang='lat' dir='ltr'><strong>plesse,</strong></span> <span class='ocrx_word' id='word_1_567' title='bbox 2102 3603 2195 3668; x_wconf 81' lang='lat' dir='ltr'><strong>aut</strong></span> <span class='ocrx_word' id='word_1_568' title='bbox 2228 3592 2582 3645; x_wconf 90' lang='lat' dir='ltr'><strong>mutationem</strong></span> <span class='ocrx_word' id='word_1_569' title='bbox 2628 3606 2843 3660; x_wconf 86' lang='lat' dir='ltr'><strong>passam</strong></span> <span class='ocrx_word' id='word_1_570' title='bbox 2883 3592 2935 3644; x_wconf 91' lang='lat' dir='ltr'><strong>in</strong></span> <span class='ocrx_word' id='word_1_571' title='bbox 2997 3591 3233 3644; x_wconf 87' lang='lat' dir='ltr'><strong>humana</strong></span> <span class='ocrx_word' id='word_1_572' title='bbox 3265 3599 3455 3644; x_wconf 84' lang='lat' dir='ltr'><strong>natura</strong></span> 
     </span>
    </p>
   </div>
   <div class='ocr_carea' id='block_1_75' title="bbox 1872 3684 3452 3755">
    <p class='ocr_par' dir='ltr' id='par_1_75' title="bbox 1872 3684 3452 3755">
     <span class='ocr_line' id='line_1_75' title="bbox 1872 3684 3452 3755; baseline -0.001 -16"><span class='ocrx_word' id='word_1_573' title='bbox 1872 3684 2172 3755; x_wconf 79' lang='lat' dir='ltr'><strong>perlectum</strong></span> <span class='ocrx_word' id='word_1_574' title='bbox 2203 3685 2456 3738; x_wconf 87' lang='lat' dir='ltr'><strong>eumdem</strong></span> <span class='ocrx_word' id='word_1_575' title='bbox 2491 3684 2796 3739; x_wconf 84' lang='lat' dir='ltr'><strong>secundum</strong></span> <span class='ocrx_word' id='word_1_576' title='bbox 2825 3692 3055 3752; x_wconf 83' lang='lat' dir='ltr'><strong>utraque</strong></span> <span class='ocrx_word' id='word_1_577' title='bbox 3080 3684 3452 3738; x_wconf 67' lang='lat' dir='ltr'><strong>exsistentem.</strong></span> 
     </span>
    </p>
   </div>
   <div class='ocr_carea' id='block_1_76' title="bbox 1870 3773 3456 3843">
    <p class='ocr_par' dir='ltr' id='par_1_76' title="bbox 1870 3773 3456 3843">
     <span class='ocr_line' id='line_1_76' title="bbox 1870 3773 3456 3843; baseline -0.004 -14"><span class='ocrx_word' id='word_1_578' title='bbox 1870 3776 2159 3840; x_wconf 85' lang='lat' dir='ltr'><strong>deitatem,</strong></span> <span class='ocrx_word' id='word_1_579' title='bbox 2196 3775 2442 3843; x_wconf 90' lang='lat' dir='ltr'><strong>inquam,</strong></span> <span class='ocrx_word' id='word_1_580' title='bbox 2488 3784 2542 3827; x_wconf 90' lang='lat' dir='ltr'><strong>et</strong></span> <span class='ocrx_word' id='word_1_581' title='bbox 2588 3773 3005 3834; x_wconf 83' lang='lat' dir='ltr'><strong>humanitatem,</strong></span> <span class='ocrx_word' id='word_1_582' title='bbox 3066 3783 3322 3841; x_wconf 87' lang='lat' dir='ltr'><strong>tanquam</strong></span> <span class='ocrx_word' id='word_1_583' title='bbox 3365 3773 3456 3837; x_wconf 82' lang='lat' dir='ltr'><strong>qui</strong></span> 
     </span>
    </p>
   </div>
   <div class='ocr_carea' id='block_1_77' title="bbox 1874 3864 3456 3935">
    <p class='ocr_par' dir='ltr' id='par_1_77' title="bbox 1874 3864 3456 3935">
     <span class='ocr_line' id='line_1_77' title="bbox 1874 3864 3456 3935; baseline -0.003 -14"><span class='ocrx_word' id='word_1_584' title='bbox 1874 3877 2021 3921; x_wconf 88' lang='lat' dir='ltr'><strong>totus</strong></span> <span class='ocrx_word' id='word_1_585' title='bbox 2052 3882 2116 3920; x_wconf 90' lang='lat' dir='ltr'><strong>ac</strong></span> <span class='ocrx_word' id='word_1_586' title='bbox 2163 3864 2443 3935; x_wconf 56' lang='lat' dir='ltr'><strong>perlectus</strong></span> <span class='ocrx_word' id='word_1_587' title='bbox 2474 3867 2524 3918; x_wconf 90' lang='lat' dir='ltr'><strong>in</strong></span> <span class='ocrx_word' id='word_1_588' title='bbox 2558 3866 2793 3935; x_wconf 81' lang='lat' dir='ltr'><strong>propriis</strong></span> <span class='ocrx_word' id='word_1_589' title='bbox 2836 3865 3086 3935; x_wconf 85' lang='lat' dir='ltr'><strong>partibus</strong></span> <span class='ocrx_word' id='word_1_590' title='bbox 3123 3865 3456 3933; x_wconf 62' lang='lat' dir='ltr'><strong>agnosceba-</strong></span> 
     </span>
    </p>
   </div>
   <div class='ocr_carea' id='block_1_78' title="bbox 1872 3957 3451 4025">
    <p class='ocr_par' dir='ltr' id='par_1_78' title="bbox 1872 3957 3451 4025">
     <span class='ocr_line' id='line_1_78' title="bbox 1872 3957 3451 4025; baseline -0.003 -11"><span class='ocrx_word' id='word_1_591' title='bbox 1872 3970 1985 4023; x_wconf 87' lang='lat' dir='ltr'><strong>tur,</strong></span> <span class='ocrx_word' id='word_1_592' title='bbox 2011 3975 2135 4013; x_wconf 84' lang='lat' dir='ltr'><strong>vere</strong></span> <span class='ocrx_word' id='word_1_593' title='bbox 2168 3960 2357 4024; x_wconf 85' lang='lat' dir='ltr'><strong>Deum,</strong></span> <span class='ocrx_word' id='word_1_594' title='bbox 2385 3968 2438 4012; x_wconf 90' lang='lat' dir='ltr'><strong>et</strong></span> <span class='ocrx_word' id='word_1_595' title='bbox 2464 3974 2589 4012; x_wconf 83' lang='lat' dir='ltr'><strong>vere</strong></span> <span class='ocrx_word' id='word_1_596' title='bbox 2619 3974 2683 4012; x_wconf 83' lang='lat' dir='ltr'><strong>ex</strong></span> <span class='ocrx_word' id='word_1_597' title='bbox 2708 3957 2894 4011; x_wconf 91' lang='lat' dir='ltr'><strong>animo</strong></span> <span class='ocrx_word' id='word_1_598' title='bbox 2922 3957 3151 4010; x_wconf 86' lang='lat' dir='ltr'><strong>rationis</strong></span> <span class='ocrx_word' id='word_1_599' title='bbox 3176 3965 3451 4025; x_wconf 82' lang='lat' dir='ltr'><strong>compote,</strong></span> 
     </span>
    </p>
   </div>
   <div class='ocr_carea' id='block_1_79' title="bbox 1871 4047 3459 4122">
    <p class='ocr_par' dir='ltr' id='par_1_79' title="bbox 1871 4047 3459 4122">
     <span class='ocr_line' id='line_1_79' title="bbox 1871 4047 3459 4122; baseline -0.004 -13"><span class='ocrx_word' id='word_1_600' title='bbox 1871 4063 1924 4109; x_wconf 89' lang='lat' dir='ltr'><strong>et</strong></span> <span class='ocrx_word' id='word_1_601' title='bbox 1957 4067 2183 4122; x_wconf 88' lang='lat' dir='ltr'><strong>corpore</strong></span> <span class='ocrx_word' id='word_1_602' title='bbox 2234 4051 2533 4113; x_wconf 82' lang='lat' dir='ltr'><strong>hominem,</strong></span> <span class='ocrx_word' id='word_1_603' title='bbox 2569 4066 2745 4119; x_wconf 89' lang='lat' dir='ltr'><strong>neque</strong></span> <span class='ocrx_word' id='word_1_604' title='bbox 2775 4050 3092 4118; x_wconf 81' lang='lat' dir='ltr'><strong>simpliciter</strong></span> <span class='ocrx_word' id='word_1_605' title='bbox 3140 4047 3328 4108; x_wconf 83' lang='lat' dir='ltr'><strong>Deum.</strong></span> <span class='ocrx_word' id='word_1_606' title='bbox 3362 4059 3459 4102; x_wconf 89' lang='lat' dir='ltr'><strong>aut</strong></span> 
     </span>
    </p>
   </div>
   <div class='ocr_carea' id='block_1_80' title="bbox 1876 4141 3461 4208">
    <p class='ocr_par' dir='ltr' id='par_1_80' title="bbox 1876 4141 3461 4208">
     <span class='ocr_line' id='line_1_80' title="bbox 1876 4141 3461 4208; baseline -0.004 -7"><span class='ocrx_word' id='word_1_607' title='bbox 1876 4145 2178 4208; x_wconf 87' lang='lat' dir='ltr'><strong>hominem,</strong></span> <span class='ocrx_word' id='word_1_608' title='bbox 2211 4144 2306 4199; x_wconf 87' lang='lat' dir='ltr'><strong>sed</strong></span> <span class='ocrx_word' id='word_1_609' title='bbox 2347 4144 2508 4199; x_wconf 89' lang='lat' dir='ltr'><strong>unius</strong></span> <span class='ocrx_word' id='word_1_610' title='bbox 2546 4158 2669 4198; x_wconf 89' lang='lat' dir='ltr'><strong>cum</strong></span> <span class='ocrx_word' id='word_1_611' title='bbox 2699 4142 2856 4197; x_wconf 86' lang='lat' dir='ltr'><strong>Patre</strong></span> <span class='ocrx_word' id='word_1_612' title='bbox 2884 4142 3131 4198; x_wconf 68' lang='lat' dir='ltr'><strong>essentia:</strong></span> <span class='ocrx_word' id='word_1_613' title='bbox 3157 4141 3461 4197; x_wconf 85' lang='lat' dir='ltr'><strong>secundum</strong></span> 
     </span>
    </p>
   </div>
   <div class='ocr_carea' id='block_1_81' title="bbox 1874 4234 3459 4302">
    <p class='ocr_par' dir='ltr' id='par_1_81' title="bbox 1874 4234 3459 4302">
     <span class='ocr_line' id='line_1_81' title="bbox 1874 4234 3459 4302; baseline -0.004 -9"><span class='ocrx_word' id='word_1_614' title='bbox 1874 4238 2170 4302; x_wconf 86' lang='lat' dir='ltr'><strong>deitatem,</strong></span> <span class='ocrx_word' id='word_1_615' title='bbox 2217 4246 2271 4291; x_wconf 90' lang='lat' dir='ltr'><strong>et</strong></span> <span class='ocrx_word' id='word_1_616' title='bbox 2310 4237 2468 4291; x_wconf 91' lang='lat' dir='ltr'><strong>nobis</strong></span> <span class='ocrx_word' id='word_1_617' title='bbox 2496 4236 2746 4291; x_wconf 88' lang='lat' dir='ltr'><strong>eumdem</strong></span> <span class='ocrx_word' id='word_1_618' title='bbox 2786 4234 3090 4289; x_wconf 84' lang='lat' dir='ltr'><strong>secumlum</strong></span> <span class='ocrx_word' id='word_1_619' title='bbox 3150 4235 3459 4289; x_wconf 56' lang='lat' dir='ltr'><strong>bumanita-«</strong></span> 
     </span>
    </p>
   </div>
   <div class='ocr_carea' id='block_1_82' title="bbox 1875 4326 3459 4399">
    <p class='ocr_par' dir='ltr' id='par_1_82' title="bbox 1875 4326 3459 4399">
     <span class='ocr_line' id='line_1_82' title="bbox 1875 4326 3459 4399; baseline -0.003 -14"><span class='ocrx_word' id='word_1_620' title='bbox 1875 4340 2016 4397; x_wconf 76' lang='lat' dir='ltr'><strong>tem;</strong></span> <span class='ocrx_word' id='word_1_621' title='bbox 2052 4341 2110 4384; x_wconf 91' lang='lat' dir='ltr'><strong>ut</strong></span> <span class='ocrx_word' id='word_1_622' title='bbox 2140 4330 2232 4399; x_wconf 91' lang='lat' dir='ltr'><strong>qui</strong></span> <span class='ocrx_word' id='word_1_623' title='bbox 2284 4339 2431 4383; x_wconf 86' lang='lat' dir='ltr'><strong>recta</strong></span> <span class='ocrx_word' id='word_1_624' title='bbox 2470 4339 2654 4383; x_wconf 88' lang='lat' dir='ltr'><strong>mente</strong></span> <span class='ocrx_word' id='word_1_625' title='bbox 2713 4328 2873 4383; x_wconf 91' lang='lat' dir='ltr'><strong>dictis</strong></span> <span class='ocrx_word' id='word_1_626' title='bbox 2897 4326 3140 4380; x_wconf 85' lang='lat' dir='ltr'><strong>animum</strong></span> <span class='ocrx_word' id='word_1_627' title='bbox 3202 4326 3459 4395; x_wconf 84' lang='lat' dir='ltr'><strong>applicat,</strong></span> 
     </span>
    </p>
   </div>
   <div class='ocr_carea' id='block_1_83' title="bbox 1879 4419 3465 4495">
    <p class='ocr_par' dir='ltr' id='par_1_83' title="bbox 1879 4419 3465 4495">
     <span class='ocr_line' id='line_1_83' title="bbox 1879 4419 3465 4495; baseline -0.003 -16"><span class='ocrx_word' id='word_1_628' title='bbox 1879 4424 2017 4479; x_wconf 87' lang='lat' dir='ltr'><strong>nihil</strong></span> <span class='ocrx_word' id='word_1_629' title='bbox 2050 4419 2310 4495; x_wconf 62' lang='lat' dir='ltr'><strong>praeterea</strong></span> <span class='ocrx_word' id='word_1_630' title='bbox 2340 4424 2405 4477; x_wconf 90' lang='lat' dir='ltr'><strong>ad</strong></span> <span class='ocrx_word' id='word_1_631' title='bbox 2428 4423 2720 4493; x_wconf 84' lang='lat' dir='ltr'><strong>perlectam</strong></span> <span class='ocrx_word' id='word_1_632' title='bbox 2749 4422 3110 4476; x_wconf 57' lang='lat' dir='ltr'><strong>immaculata</strong></span> <span class='ocrx_word' id='word_1_633' title='bbox 3140 4422 3465 4475; x_wconf 68' lang='lat' dir='ltr'><strong>oeconomia:</strong></span> 
     </span>
    </p>
   </div>
   <div class='ocr_carea' id='block_1_84' title="bbox 1878 4514 3465 4586">
    <p class='ocr_par' dir='ltr' id='par_1_84' title="bbox 1878 4514 3465 4586">
     <span class='ocr_line' id='line_1_84' title="bbox 1878 4514 3465 4586; baseline -0.001 -17"><span class='ocrx_word' id='word_1_634' title='bbox 1878 4517 2275 4586; x_wconf 84' lang='lat' dir='ltr'><strong>expositionem</strong></span> <span class='ocrx_word' id='word_1_635' title='bbox 2306 4531 2335 4569; x_wconf 89' lang='lat' dir='ltr'><strong>a</strong></span> <span class='ocrx_word' id='word_1_636' title='bbox 2364 4515 2574 4585; x_wconf 84' lang='lat' dir='ltr'><strong>synodo</strong></span> <span class='ocrx_word' id='word_1_637' title='bbox 2597 4514 2891 4568; x_wconf 87' lang='lat' dir='ltr'><strong>desideret.</strong></span> <span class='ocrx_word' id='word_1_638' title='bbox 2930 4514 3061 4581; x_wconf 69' lang='lat' dir='ltr'><strong>Qua:</strong></span> <span class='ocrx_word' id='word_1_639' title='bbox 3084 4515 3225 4569; x_wconf 84' lang='lat' dir='ltr'><strong>ultra</strong></span> <span class='ocrx_word' id='word_1_640' title='bbox 3256 4529 3465 4583; x_wconf 64' lang='lat' dir='ltr'><strong>praeco-</strong></span> 
     </span>
    </p>
   </div>
   <div class='ocr_carea' id='block_1_85' title="bbox 184 4603 1772 4688">
    <p class='ocr_par' dir='ltr' id='par_1_85' title="bbox 184 4614 1772 4688">
     <span class='ocr_line' id='line_1_85' title="bbox 184 4614 1772 4688; baseline -0.003 -16"><span class='ocrx_word' id='word_1_641' title='bbox 184 4638 269 4673; x_wconf 87' lang='grc' dir='ltr'><strong>νον</strong></span> <span class='ocrx_word' id='word_1_642' title='bbox 300 4624 401 4688; x_wconf 81' lang='grc' dir='ltr'>τῆς</span> <span class='ocrx_word' id='word_1_643' title='bbox 434 4616 713 4688; x_wconf 82' lang='grc' dir='ltr'>ἀχρὰντου</span> <span class='ocrx_word' id='word_1_644' title='bbox 748 4614 1059 4684; x_wconf 84' lang='grc' dir='ltr'>οἰκονομίας</span> <span class='ocrx_word' id='word_1_645' title='bbox 1086 4617 1153 4684; x_wconf 82' lang='grc' dir='ltr'>τῇ</span> <span class='ocrx_word' id='word_1_646' title='bbox 1182 4614 1403 4684; x_wconf 77' lang='grc' dir='ltr'>συνόδῳ,</span> <span class='ocrx_word' id='word_1_647' title='bbox 1441 4614 1564 4683; x_wconf 72' lang='grc' dir='ltr'>ἥτις</span> <span class='ocrx_word' id='word_1_648' title='bbox 1602 4615 1696 4667; x_wconf 74' lang='grc' dir='ltr'><strong>καὶ</strong></span> <span class='ocrx_word' id='word_1_649' title='bbox 1720 4615 1772 4667; x_wconf 71' lang='grc' dir='ltr'>τὲ</span> 
     </span>
    </p>
   </div>
   <div class='ocr_carea' id='block_1_86' title="bbox 1877 4603 3466 4688">
    <p class='ocr_par' dir='ltr' id='par_1_86' title="bbox 1884 4607 3466 4679">
     <span class='ocr_line' id='line_1_86' title="bbox 1884 4607 3466 4679; baseline 0.001 -18"><span class='ocrx_word' id='word_1_650' title='bbox 1884 4623 2152 4679; x_wconf 76' lang='lat' dir='ltr'><strong>gnoscens</strong></span> <span class='ocrx_word' id='word_1_651' title='bbox 2214 4607 2509 4661; x_wconf 90' lang='lat' dir='ltr'><strong>nonnullos</strong></span> <span class='ocrx_word' id='word_1_652' title='bbox 2566 4622 2667 4661; x_wconf 88' lang='lat' dir='ltr'><strong>nec</strong></span> <span class='ocrx_word' id='word_1_653' title='bbox 2698 4607 2965 4676; x_wconf 89' lang='lat' dir='ltr'><strong>passioni,</strong></span> <span class='ocrx_word' id='word_1_654' title='bbox 3025 4623 3124 4662; x_wconf 87' lang='lat' dir='ltr'><strong>nec</strong></span> <span class='ocrx_word' id='word_1_655' title='bbox 3155 4608 3336 4671; x_wconf 88' lang='lat' dir='ltr'><strong>morti,</strong></span> <span class='ocrx_word' id='word_1_656' title='bbox 3362 4623 3466 4662; x_wconf 89' lang='lat' dir='ltr'><strong>nec</strong></span> 
     </span>
    </p>
   </div>
   <div class='ocr_carea' id='block_1_87' title="bbox 190 4706 1783 4781">
    <p class='ocr_par' dir='ltr' id='par_1_87' title="bbox 190 4706 1783 4781">
     <span class='ocr_line' id='line_1_87' title="bbox 190 4706 1783 4781; baseline -0.001 -18"><span class='ocrx_word' id='word_1_657' title='bbox 190 4711 379 4781; x_wconf 80' lang='grc' dir='ltr'>μέλλον</span> <span class='ocrx_word' id='word_1_658' title='bbox 434 4708 875 4781; x_wconf 83' lang='grc' dir='ltr'>προῦπιδομένη,</span> <span class='ocrx_word' id='word_1_659' title='bbox 907 4707 1051 4774; x_wconf 84' lang='grc' dir='ltr'>λέγω</span> <span class='ocrx_word' id='word_1_660' title='bbox 1090 4707 1154 4778; x_wconf 81' lang='grc' dir='ltr'><strong>δὴ</strong></span> <span class='ocrx_word' id='word_1_661' title='bbox 1195 4706 1256 4760; x_wconf 81' lang='grc' dir='ltr'>τὸ</span> <span class='ocrx_word' id='word_1_662' title='bbox 1282 4706 1489 4769; x_wconf 79' lang='grc' dir='ltr'>ἀπαθὲς</span> <span class='ocrx_word' id='word_1_663' title='bbox 1527 4708 1620 4760; x_wconf 69' lang='grc' dir='ltr'>καὶ</span> <span class='ocrx_word' id='word_1_664' title='bbox 1649 4708 1783 4761; x_wconf 85' lang='grc' dir='ltr'>ἁθὰ-</span> 
     </span>
    </p>
   </div>
   <div class='ocr_carea' id='block_1_88' title="bbox 188 4794 1783 4865">
    <p class='ocr_par' dir='ltr' id='par_1_88' title="bbox 188 4794 1783 4865">
     <span class='ocr_line' id='line_1_88' title="bbox 188 4794 1783 4865; baseline -0.006 -9"><span class='ocrx_word' id='word_1_665' title='bbox 188 4821 341 4856; x_wconf 79' lang='grc' dir='ltr'>νατον</span> <span class='ocrx_word' id='word_1_666' title='bbox 370 4802 560 4861; x_wconf 75' lang='grc' dir='ltr'>ἐνίους</span> <span class='ocrx_word' id='word_1_667' title='bbox 590 4799 686 4851; x_wconf 80' lang='grc' dir='ltr'>καὶ</span> <span class='ocrx_word' id='word_1_668' title='bbox 709 4797 984 4865; x_wconf 64' lang='grc' dir='ltr'>ἄφθαρτον</span> <span class='ocrx_word' id='word_1_669' title='bbox 1014 4798 1079 4849; x_wconf 81' lang='grc' dir='ltr'>ἐκ</span> <span class='ocrx_word' id='word_1_670' title='bbox 1100 4796 1321 4865; x_wconf 80' lang='grc' dir='ltr'>πρώτης</span> <span class='ocrx_word' id='word_1_671' title='bbox 1355 4794 1688 4863; x_wconf 66' lang='grc' dir='ltr'>συλλήψεως,</span> <span class='ocrx_word' id='word_1_672' title='bbox 1724 4795 1783 4847; x_wconf 76' lang='grc' dir='ltr'>τὸ</span> 
     </span>
    </p>
   </div>
   <div class='ocr_carea' id='block_1_89' title="bbox 189 4884 1783 4956">
    <p class='ocr_par' dir='ltr' id='par_1_89' title="bbox 189 4884 1783 4956">
     <span class='ocr_line' id='line_1_89' title="bbox 189 4884 1783 4956; baseline -0.004 -14"><span class='ocrx_word' id='word_1_673' title='bbox 189 4888 326 4942; x_wconf 86' lang='grc' dir='ltr'>θεῖον</span> <span class='ocrx_word' id='word_1_674' title='bbox 368 4890 557 4941; x_wconf 77' lang='grc' dir='ltr'>ἐκεῖνο</span> <span class='ocrx_word' id='word_1_675' title='bbox 584 4886 683 4939; x_wconf 77' lang='grc' dir='ltr'>καὶ</span> <span class='ocrx_word' id='word_1_676' title='bbox 712 4885 981 4956; x_wconf 81' lang='grc' dir='ltr'>ἄχραντον</span> <span class='ocrx_word' id='word_1_677' title='bbox 1017 4884 1110 4938; x_wconf 75' lang='grc' dir='ltr'>τοῦ</span> <span class='ocrx_word' id='word_1_678' title='bbox 1153 4885 1357 4953; x_wconf 86' lang='grc' dir='ltr'>Κυρίου</span> <span class='ocrx_word' id='word_1_679' title='bbox 1392 4884 1547 4954; x_wconf 84' lang='grc' dir='ltr'>σῶμα</span> <span class='ocrx_word' id='word_1_680' title='bbox 1577 4884 1783 4953; x_wconf 74' lang='grc' dir='ltr'>τολμᾷν</span> 
     </span>
    </p>
   </div>
   <div class='ocr_carea' id='block_1_90' title="bbox 188 4971 1783 5047">
    <p class='ocr_par' dir='ltr' id='par_1_90' title="bbox 188 4971 1783 5047">
     <span class='ocr_line' id='line_1_90' title="bbox 188 4971 1783 5047; baseline -0.006 -15"><span class='ocrx_word' id='word_1_681' title='bbox 188 4980 495 5047; x_wconf 81' lang='grc' dir='ltr'>ὁμολογεῖν,</span> <span class='ocrx_word' id='word_1_682' title='bbox 538 4976 633 5028; x_wconf 72' lang='grc' dir='ltr'>καὶ</span> <span class='ocrx_word' id='word_1_683' title='bbox 668 4975 842 5045; x_wconf 84' lang='grc' dir='ltr'>ταύτῃ</span> <span class='ocrx_word' id='word_1_684' title='bbox 885 4974 1214 5043; x_wconf 83' lang='grc' dir='ltr'>ἀνατρέπειν</span> <span class='ocrx_word' id='word_1_685' title='bbox 1261 4972 1361 5042; x_wconf 79' lang='grc' dir='ltr'><strong>τὴν</strong></span> <span class='ocrx_word' id='word_1_686' title='bbox 1408 4971 1536 5041; x_wconf 86' lang='grc' dir='ltr'>ὃλην</span> <span class='ocrx_word' id='word_1_687' title='bbox 1573 4971 1783 5024; x_wconf 85' lang='grc' dir='ltr'>οἰκονο-</span> 
     </span>
    </p>
   </div>
   <div class='ocr_carea' id='block_1_91' title="bbox 192 5064 1783 5141">
    <p class='ocr_par' dir='ltr' id='par_1_91' title="bbox 192 5064 1783 5141">
     <span class='ocr_line' id='line_1_91' title="bbox 192 5064 1783 5141; baseline -0.005 -17"><span class='ocrx_word' id='word_1_688' title='bbox 192 5071 335 5141; x_wconf 83' lang='grc' dir='ltr'>μίαν,</span> <span class='ocrx_word' id='word_1_689' title='bbox 358 5070 519 5137; x_wconf 85' lang='grc' dir='ltr'>λέγει</span> <span class='ocrx_word' id='word_1_690' title='bbox 543 5085 557 5098; x_wconf 88' lang='grc'><strong>·</strong></span> <span class='ocrx_word' id='word_1_691' title='bbox 594 5066 756 5123; x_wconf 83' lang='grc' dir='ltr'>Κατὰ</span> <span class='ocrx_word' id='word_1_692' title='bbox 783 5066 980 5120; x_wconf 78' lang='grc' dir='ltr'>πάντα</span> <span class='ocrx_word' id='word_1_693' title='bbox 998 5065 1205 5135; x_wconf 83' lang='grc' dir='ltr'>ὅμοιον</span> <span class='ocrx_word' id='word_1_694' title='bbox 1232 5065 1376 5133; x_wconf 79' lang='grc' dir='ltr'>ἡμῖν</span> <span class='ocrx_word' id='word_1_695' title='bbox 1402 5065 1577 5133; x_wconf 78' lang='grc' dir='ltr'>χωρίς</span> <span class='ocrx_word' id='word_1_696' title='bbox 1600 5064 1783 5133; x_wconf 80' lang='grc' dir='ltr'>ἁμαρ-</span> 
     </span>
    </p>
   </div>
   <div class='ocr_carea' id='block_1_92' title="bbox 190 5160 1782 5233">
    <p class='ocr_par' dir='ltr' id='par_1_92' title="bbox 190 5160 1782 5233">
     <span class='ocr_line' id='line_1_92' title="bbox 190 5160 1782 5233; baseline -0.004 -15"><span class='ocrx_word' id='word_1_697' title='bbox 190 5169 334 5232; x_wconf 72' lang='grc' dir='ltr'>τίας.</span> <span class='ocrx_word' id='word_1_698' title='bbox 365 5167 562 5233; x_wconf 76' lang='grc' dir='ltr'>Ὅπερ</span> <span class='ocrx_word' id='word_1_699' title='bbox 605 5165 704 5232; x_wconf 75' lang='grc' dir='ltr'>τῆς</span> <span class='ocrx_word' id='word_1_700' title='bbox 751 5164 847 5231; x_wconf 81' lang='grc' dir='ltr'><strong>μὲν</strong></span> <span class='ocrx_word' id='word_1_701' title='bbox 877 5161 1035 5229; x_wconf 87' lang='grc' dir='ltr'>ἁγίας</span> <span class='ocrx_word' id='word_1_702' title='bbox 1065 5162 1181 5215; x_wconf 69' lang='grc' dir='ltr'>ἐστὶ</span> <span class='ocrx_word' id='word_1_703' title='bbox 1221 5162 1465 5232; x_wconf 83' lang='grc' dir='ltr'>Γραφῆς,</span> <span class='ocrx_word' id='word_1_704' title='bbox 1509 5160 1782 5225; x_wconf 80' lang='grc' dir='ltr'>εὐκαίρως</span> 
     </span>
    </p>
   </div>
   <div class='ocr_carea' id='block_1_93' title="bbox 190 5252 1785 5327">
    <p class='ocr_par' dir='ltr' id='par_1_93' title="bbox 190 5252 1785 5327">
     <span class='ocr_line' id='line_1_93' title="bbox 190 5252 1785 5327; baseline -0.004 -15"><span class='ocrx_word' id='word_1_705' title='bbox 190 5257 241 5311; x_wconf 75' lang='grc' dir='ltr'>δὲ</span> <span class='ocrx_word' id='word_1_706' title='bbox 290 5259 561 5327; x_wconf 82' lang='grc' dir='ltr'>κείμενον</span> <span class='ocrx_word' id='word_1_707' title='bbox 591 5254 846 5317; x_wconf 76' lang='grc' dir='ltr'>ἐνταῦθα,</span> <span class='ocrx_word' id='word_1_708' title='bbox 895 5253 1238 5323; x_wconf 78' lang='grc' dir='ltr'>ἐπιστομίζει</span> <span class='ocrx_word' id='word_1_709' title='bbox 1288 5255 1415 5318; x_wconf 80' lang='grc' dir='ltr'>τοὺς</span> <span class='ocrx_word' id='word_1_710' title='bbox 1450 5254 1516 5307; x_wconf 83' lang='grc' dir='ltr'>τὰ</span> <span class='ocrx_word' id='word_1_711' title='bbox 1562 5252 1785 5306; x_wconf 80' lang='grc' dir='ltr'>τοιαῦτα.</span> 
     </span>
    </p>
   </div>
   <div class='ocr_carea' id='block_1_94' title="bbox 198 5345 1783 5419">
    <p class='ocr_par' dir='ltr' id='par_1_94' title="bbox 198 5345 1783 5419">
     <span class='ocr_line' id='line_1_94' title="bbox 198 5345 1783 5419; baseline -0.005 -13"><span class='ocrx_word' id='word_1_712' title='bbox 198 5352 553 5419; x_wconf 58' lang='grc' dir='ltr'>φρονοῦντας.</span> <span class='ocrx_word' id='word_1_713' title='bbox 590 5350 654 5401; x_wconf 87' lang='grc' dir='ltr'><strong>Εἰ</strong></span> <span class='ocrx_word' id='word_1_714' title='bbox 677 5349 784 5419; x_wconf 73' lang='grc' dir='ltr'>γὰρ</span> <span class='ocrx_word' id='word_1_715' title='bbox 811 5348 933 5401; x_wconf 76' lang='grc' dir='ltr'>οὔτε</span> <span class='ocrx_word' id='word_1_716' title='bbox 961 5347 1131 5411; x_wconf 70' lang='grc' dir='ltr'>πάθος</span> <span class='ocrx_word' id='word_1_717' title='bbox 1160 5346 1432 5415; x_wconf 82' lang='grc' dir='ltr'>σώματος,</span> <span class='ocrx_word' id='word_1_718' title='bbox 1463 5346 1585 5401; x_wconf 71' lang='grc' dir='ltr'>οὔτε</span> <span class='ocrx_word' id='word_1_719' title='bbox 1616 5345 1783 5398; x_wconf 84' lang='grc' dir='ltr'>θὰνα-</span> 
     </span>
    </p>
   </div>
   <div class='ocr_carea' id='block_1_95' title="bbox 199 5438 1784 5513">
    <p class='ocr_par' dir='ltr' id='par_1_95' title="bbox 199 5438 1784 5513">
     <span class='ocr_line' id='line_1_95' title="bbox 199 5438 1784 5513; baseline -0.004 -16"><span class='ocrx_word' id='word_1_720' title='bbox 199 5462 297 5507; x_wconf 85' lang='grc' dir='ltr'>τος,</span> <span class='ocrx_word' id='word_1_721' title='bbox 318 5443 444 5497; x_wconf 73' lang='grc' dir='ltr'>οὔτε</span> <span class='ocrx_word' id='word_1_722' title='bbox 479 5442 595 5513; x_wconf 82' lang='grc' dir='ltr'><strong>μὴν</strong></span> <span class='ocrx_word' id='word_1_723' title='bbox 616 5441 881 5505; x_wconf 80' lang='grc' dir='ltr'>διάλυσις,</span> <span class='ocrx_word' id='word_1_724' title='bbox 910 5441 977 5511; x_wconf 78' lang='grc' dir='ltr'>ἣν</span> <span class='ocrx_word' id='word_1_725' title='bbox 1006 5441 1070 5510; x_wconf 83' lang='grc' dir='ltr'>δὴ</span> <span class='ocrx_word' id='word_1_726' title='bbox 1104 5439 1310 5510; x_wconf 83' lang='grc' dir='ltr'>φθορὰν</span> <span class='ocrx_word' id='word_1_727' title='bbox 1347 5438 1493 5501; x_wconf 87' lang='grc' dir='ltr'>ἰδίως</span> <span class='ocrx_word' id='word_1_728' title='bbox 1524 5439 1784 5508; x_wconf 78' lang='grc' dir='ltr'>ἀξιοῦμεν</span> 
     </span>
    </p>
   </div>
   <div class='ocr_carea' id='block_1_96' title="bbox 198 5530 1785 5604">
    <p class='ocr_par' dir='ltr' id='par_1_96' title="bbox 198 5530 1785 5604">
     <span class='ocr_line' id='line_1_96' title="bbox 198 5530 1785 5604; baseline -0.003 -16"><span class='ocrx_word' id='word_1_729' title='bbox 198 5536 499 5594; x_wconf 81' lang='grc' dir='ltr'>καλεῖσθαι,</span> <span class='ocrx_word' id='word_1_730' title='bbox 536 5533 807 5604; x_wconf 84' lang='grc' dir='ltr'>ἁμαρτία·</span> <span class='ocrx_word' id='word_1_731' title='bbox 840 5534 1008 5602; x_wconf 74' lang='grc' dir='ltr'>χωρὶς</span> <span class='ocrx_word' id='word_1_732' title='bbox 1045 5532 1101 5584; x_wconf 79' lang='grc' dir='ltr'><strong>δὲ</strong></span> <span class='ocrx_word' id='word_1_733' title='bbox 1130 5533 1296 5600; x_wconf 70' lang='grc' dir='ltr'>μόνης</span> <span class='ocrx_word' id='word_1_734' title='bbox 1331 5530 1605 5601; x_wconf 80' lang='grc' dir='ltr'>ἁμαρτίας</span> <span class='ocrx_word' id='word_1_735' title='bbox 1644 5530 1785 5584; x_wconf 82' lang='grc' dir='ltr'><strong>κατὰ</strong></span> 
     </span>
    </p>
   </div>
   <div class='ocr_carea' id='block_1_97' title="bbox 199 5623 1787 5696">
    <p class='ocr_par' dir='ltr' id='par_1_97' title="bbox 199 5623 1787 5696">
     <span class='ocr_line' id='line_1_97' title="bbox 199 5623 1787 5696; baseline -0.003 -15"><span class='ocrx_word' id='word_1_736' title='bbox 199 5630 365 5684; x_wconf 74' lang='grc' dir='ltr'>πάντα</span> <span class='ocrx_word' id='word_1_737' title='bbox 386 5630 455 5683; x_wconf 63' lang='grc' dir='ltr'>τὰ</span> <span class='ocrx_word' id='word_1_738' title='bbox 471 5626 616 5683; x_wconf 80' lang='grc' dir='ltr'>ἄλλα</span> <span class='ocrx_word' id='word_1_739' title='bbox 632 5627 731 5696; x_wconf 84' lang='grc' dir='ltr'><strong>τῆς</strong></span> <span class='ocrx_word' id='word_1_740' title='bbox 748 5626 917 5694; x_wconf 77' lang='grc' dir='ltr'>αὐτῆς</span> <span class='ocrx_word' id='word_1_741' title='bbox 932 5625 1064 5693; x_wconf 80' lang='grc' dir='ltr'>ἡμῖν</span> <span class='ocrx_word' id='word_1_742' title='bbox 1086 5623 1300 5691; x_wconf 85' lang='grc' dir='ltr'>φύσεώς</span> <span class='ocrx_word' id='word_1_743' title='bbox 1318 5624 1434 5676; x_wconf 78' lang='grc' dir='ltr'>ἐστι</span> <span class='ocrx_word' id='word_1_744' title='bbox 1452 5624 1510 5675; x_wconf 82' lang='grc' dir='ltr'><strong>τὸ</strong></span> <span class='ocrx_word' id='word_1_745' title='bbox 1523 5624 1787 5691; x_wconf 82' lang='grc' dir='ltr'>ἄχραντον</span> 
     </span>
    </p>
   </div>
   <div class='ocr_carea' id='block_1_98' title="bbox 201 5715 1786 5788">
    <p class='ocr_par' dir='ltr' id='par_1_98' title="bbox 201 5715 1786 5788">
     <span class='ocr_line' id='line_1_98' title="bbox 201 5715 1786 5788; baseline -0.005 -13"><span class='ocrx_word' id='word_1_746' title='bbox 201 5724 366 5777; x_wconf 74' lang='grc' dir='ltr'>ἐκεῖνο</span> <span class='ocrx_word' id='word_1_747' title='bbox 399 5722 501 5777; x_wconf 81' lang='grc' dir='ltr'>καὶ</span> <span class='ocrx_word' id='word_1_748' title='bbox 524 5718 799 5787; x_wconf 85' lang='grc' dir='ltr'>πανὰγιον</span> <span class='ocrx_word' id='word_1_749' title='bbox 831 5717 992 5788; x_wconf 86' lang='grc' dir='ltr'>σῶμα</span> <span class='ocrx_word' id='word_1_750' title='bbox 1012 5734 1024 5747; x_wconf 83' lang='grc'><strong>’</strong></span> <span class='ocrx_word' id='word_1_751' title='bbox 1070 5716 1291 5786; x_wconf 75' lang='grc' dir='ltr'>εὔδηλον</span> <span class='ocrx_word' id='word_1_752' title='bbox 1322 5717 1403 5769; x_wconf 85' lang='grc' dir='ltr'>ὅτι</span> <span class='ocrx_word' id='word_1_753' title='bbox 1431 5717 1458 5768; x_wconf 84' lang='grc' dir='ltr'>ὁ</span> <span class='ocrx_word' id='word_1_754' title='bbox 1490 5715 1786 5783; x_wconf 71' lang='grc' dir='ltr'>εὐδοκήσας</span> 
     </span>
    </p>
   </div>
   <div class='ocr_carea' id='block_1_99' title="bbox 204 5808 1787 5888">
    <p class='ocr_par' dir='ltr' id='par_1_99' title="bbox 204 5808 1787 5888">
     <span class='ocr_line' id='line_1_99' title="bbox 204 5808 1787 5888; baseline -0.003 -20"><span class='ocrx_word' id='word_1_755' title='bbox 204 5817 323 5881; x_wconf 63' lang='grc' dir='ltr'>Θεὸς</span> <span class='ocrx_word' id='word_1_756' title='bbox 347 5819 449 5888; x_wconf 79' lang='grc' dir='ltr'><strong>τὴν</strong></span> <span class='ocrx_word' id='word_1_757' title='bbox 484 5814 772 5886; x_wconf 76' lang='grc' dir='ltr'>ἡμετέραν</span> <span class='ocrx_word' id='word_1_758' title='bbox 812 5812 1085 5883; x_wconf 81' lang='grc' dir='ltr'>πτωχείαν</span> <span class='ocrx_word' id='word_1_759' title='bbox 1130 5811 1335 5873; x_wconf 78' lang='grc' dir='ltr'>λαϐεῖν,</span> <span class='ocrx_word' id='word_1_760' title='bbox 1365 5808 1622 5877; x_wconf 85' lang='grc' dir='ltr'>τοιαύτην</span> <span class='ocrx_word' id='word_1_761' title='bbox 1666 5808 1787 5863; x_wconf 79' lang='grc' dir='ltr'>ἐλα-</span> 
     </span>
    </p>
   </div>
   <div class='ocr_carea' id='block_1_100' title="bbox 204 5900 1785 5983">
    <p class='ocr_par' dir='ltr' id='par_1_100' title="bbox 204 5900 1785 5983">
     <span class='ocr_line' id='line_1_100' title="bbox 204 5900 1785 5983; baseline -0.005 -22"><span class='ocrx_word' id='word_1_762' title='bbox 204 5906 309 5976; x_wconf 75' lang='grc' dir='ltr'>ϐεν,</span> <span class='ocrx_word' id='word_1_763' title='bbox 352 5909 423 5983; x_wconf 75' lang='grc' dir='ltr'><strong>ῆν</strong></span> <span class='ocrx_word' id='word_1_764' title='bbox 468 5908 569 5963; x_wconf 80' lang='grc' dir='ltr'><strong>καὶ</strong></span> <span class='ocrx_word' id='word_1_765' title='bbox 622 5905 896 5976; x_wconf 84' lang='grc' dir='ltr'>πτωχείαν</span> <span class='ocrx_word' id='word_1_766' title='bbox 945 5902 1227 5959; x_wconf 84' lang='grc' dir='ltr'>καλεῖσθαι</span> <span class='ocrx_word' id='word_1_767' title='bbox 1274 5900 1517 5965; x_wconf 79' lang='grc' dir='ltr'>δικαίως,</span> <span class='ocrx_word' id='word_1_768' title='bbox 1572 5900 1785 5954; x_wconf 74' lang='grc' dir='ltr'>ἅπαντα</span> 
     </span>
    </p>
   </div>
   <div class='ocr_carea' id='block_1_101' title="bbox 1886 4699 3464 4770">
    <p class='ocr_par' dir='ltr' id='par_1_101' title="bbox 1886 4699 3464 4770">
     <span class='ocr_line' id='line_1_101' title="bbox 1886 4699 3464 4770; baseline 0 -15"><span class='ocrx_word' id='word_1_769' title='bbox 1886 4700 2226 4770; x_wconf 88' lang='lat' dir='ltr'><strong>eorruptioni</strong></span> <span class='ocrx_word' id='word_1_770' title='bbox 2273 4700 2571 4754; x_wconf 77' lang='lat' dir='ltr'><strong>obnoxium</strong></span> <span class='ocrx_word' id='word_1_771' title='bbox 2607 4700 2675 4752; x_wconf 91' lang='lat' dir='ltr'><strong>ab</strong></span> <span class='ocrx_word' id='word_1_772' title='bbox 2708 4699 2821 4768; x_wconf 80' lang='lat' dir='ltr'><strong>ipsa</strong></span> <span class='ocrx_word' id='word_1_773' title='bbox 2858 4700 3031 4768; x_wconf 84' lang='lat' dir='ltr'><strong>prima</strong></span> <span class='ocrx_word' id='word_1_774' title='bbox 3084 4700 3464 4766; x_wconf 84' lang='lat' dir='ltr'><strong>conceptione,</strong></span> 
     </span>
    </p>
   </div>
   <div class='ocr_carea' id='block_1_102' title="bbox 1886 4790 3463 4847">
    <p class='ocr_par' dir='ltr' id='par_1_102' title="bbox 1886 4790 3463 4847">
     <span class='ocr_line' id='line_1_102' title="bbox 1886 4790 3463 4847; baseline 0.001 -2"><span class='ocrx_word' id='word_1_775' title='bbox 1886 4792 2127 4845; x_wconf 86' lang='lat' dir='ltr'><strong>divinum</strong></span> <span class='ocrx_word' id='word_1_776' title='bbox 2189 4790 2321 4845; x_wconf 89' lang='lat' dir='ltr'><strong>illud</strong></span> <span class='ocrx_word' id='word_1_777' title='bbox 2394 4799 2448 4844; x_wconf 91' lang='lat' dir='ltr'><strong>et</strong></span> <span class='ocrx_word' id='word_1_778' title='bbox 2501 4790 2665 4844; x_wconf 90' lang='lat' dir='ltr'><strong>nullis</strong></span> <span class='ocrx_word' id='word_1_779' title='bbox 2725 4791 2981 4846; x_wconf 83' lang='lat' dir='ltr'><strong>sordibus</strong></span> <span class='ocrx_word' id='word_1_780' title='bbox 3030 4793 3463 4847; x_wconf 87' lang='lat' dir='ltr'><strong>contaminatum</strong></span> 
     </span>
    </p>
   </div>
   <div class='ocr_carea' id='block_1_103' title="bbox 1886 4882 3463 4953">
    <p class='ocr_par' dir='ltr' id='par_1_103' title="bbox 1886 4882 3463 4953">
     <span class='ocr_line' id='line_1_103' title="bbox 1886 4882 3463 4953; baseline 0.002 -18"><span class='ocrx_word' id='word_1_781' title='bbox 1886 4882 2100 4937; x_wconf 90' lang='lat' dir='ltr'><strong>Domini</strong></span> <span class='ocrx_word' id='word_1_782' title='bbox 2137 4898 2339 4953; x_wconf 86' lang='lat' dir='ltr'><strong>corpus</strong></span> <span class='ocrx_word' id='word_1_783' title='bbox 2373 4891 2642 4946; x_wconf 85' lang='lat' dir='ltr'><strong>astruere,</strong></span> <span class='ocrx_word' id='word_1_784' title='bbox 2688 4882 2877 4952; x_wconf 85' lang='lat' dir='ltr'><strong>sicque</strong></span> <span class='ocrx_word' id='word_1_785' title='bbox 2904 4891 3073 4938; x_wconf 87' lang='lat' dir='ltr'><strong>totam</strong></span> <span class='ocrx_word' id='word_1_786' title='bbox 3100 4886 3463 4939; x_wconf 74' lang='lat' dir='ltr'><strong>meonomiam</strong></span> 
     </span>
    </p>
   </div>
   <div class='ocr_carea' id='block_1_104' title="bbox 1884 4975 3465 5044">
    <p class='ocr_par' dir='ltr' id='par_1_104' title="bbox 1884 4975 3465 5044">
     <span class='ocr_line' id='line_1_104' title="bbox 1884 4975 3465 5044; baseline 0.001 -14"><span class='ocrx_word' id='word_1_787' title='bbox 1884 4985 2127 5030; x_wconf 72' lang='lat' dir='ltr'><strong>evertere</strong></span> <span class='ocrx_word' id='word_1_788' title='bbox 2157 4990 2392 5029; x_wconf 84' lang='lat' dir='ltr'><strong>ausuros</strong></span> <span class='ocrx_word' id='word_1_789' title='bbox 2421 4975 2684 5041; x_wconf 85' lang='lat' dir='ltr'><strong>annectit,</strong></span> <span class='ocrx_word' id='word_1_790' title='bbox 2712 4992 2803 5044; x_wconf 84' lang='lat' dir='ltr'><strong>per</strong></span> <span class='ocrx_word' id='word_1_791' title='bbox 2840 4978 3018 5029; x_wconf 83' lang='lat' dir='ltr'><strong>omnia</strong></span> <span class='ocrx_word' id='word_1_792' title='bbox 3053 4978 3200 5031; x_wconf 82' lang='lat' dir='ltr'><strong>nobis</strong></span> <span class='ocrx_word' id='word_1_793' title='bbox 3238 4980 3465 5031; x_wconf 77' lang='lat' dir='ltr'><strong>similent</strong></span> 
     </span>
    </p>
   </div>
   <div class='ocr_carea' id='block_1_105' title="bbox 1885 5066 3465 5140">
    <p class='ocr_par' dir='ltr' id='par_1_105' title="bbox 1885 5066 3465 5140">
     <span class='ocr_line' id='line_1_105' title="bbox 1885 5066 3465 5140; baseline 0.003 -21"><span class='ocrx_word' id='word_1_794' title='bbox 1885 5067 2077 5135; x_wconf 80' lang='lat' dir='ltr'><strong>absque</strong></span> <span class='ocrx_word' id='word_1_795' title='bbox 2102 5076 2337 5133; x_wconf 78' lang='lat' dir='ltr'><strong>peccato.</strong></span> <span class='ocrx_word' id='word_1_796' title='bbox 2371 5066 2527 5132; x_wconf 80' lang='lat' dir='ltr'><strong>Quod</strong></span> <span class='ocrx_word' id='word_1_797' title='bbox 2554 5083 2725 5122; x_wconf 69' lang='lat' dir='ltr'><strong>saera:</strong></span> <span class='ocrx_word' id='word_1_798' title='bbox 2750 5067 2965 5138; x_wconf 89' lang='lat' dir='ltr'><strong>Seriptu</strong></span> <span class='ocrx_word' id='word_1_799' title='bbox 2977 5086 3047 5123; x_wconf 62' lang='lat' dir='ltr'><strong>rae</strong></span> <span class='ocrx_word' id='word_1_800' title='bbox 3070 5079 3176 5135; x_wconf 80' lang='lat' dir='ltr'><strong>est,</strong></span> <span class='ocrx_word' id='word_1_801' title='bbox 3202 5082 3465 5140; x_wconf 77' lang='lat' dir='ltr'><strong>Opportu-</strong></span> 
     </span>
    </p>
   </div>
   <div class='ocr_carea' id='block_1_106' title="bbox 1887 5158 3464 5228">
    <p class='ocr_par' dir='ltr' id='par_1_106' title="bbox 1887 5158 3464 5228">
     <span class='ocr_line' id='line_1_106' title="bbox 1887 5158 3464 5228; baseline 0.001 -15"><span class='ocrx_word' id='word_1_802' title='bbox 1887 5174 2061 5226; x_wconf 80' lang='lat' dir='ltr'><strong>neque</strong></span> <span class='ocrx_word' id='word_1_803' title='bbox 2095 5158 2183 5213; x_wconf 88' lang='lat' dir='ltr'><strong>hic</strong></span> <span class='ocrx_word' id='word_1_804' title='bbox 2227 5160 2537 5228; x_wconf 87' lang='lat' dir='ltr'><strong>appositum</strong></span> <span class='ocrx_word' id='word_1_805' title='bbox 2572 5161 2771 5215; x_wconf 88' lang='lat' dir='ltr'><strong>similia</strong></span> <span class='ocrx_word' id='word_1_806' title='bbox 2822 5163 3173 5216; x_wconf 89' lang='lat' dir='ltr'><strong>scntientimn</strong></span> <span class='ocrx_word' id='word_1_807' title='bbox 3206 5164 3464 5217; x_wconf 82' lang='lat' dir='ltr'><strong>eﬂrenem</strong></span> 
     </span>
    </p>
   </div>
   <div class='ocr_carea' id='block_1_107' title="bbox 1886 5251 3466 5327">
    <p class='ocr_par' dir='ltr' id='par_1_107' title="bbox 1886 5251 3466 5327">
     <span class='ocr_line' id='line_1_107' title="bbox 1886 5251 3466 5327; baseline 0.002 -20"><span class='ocrx_word' id='word_1_808' title='bbox 1886 5251 2289 5307; x_wconf 88' lang='lat' dir='ltr'><strong>contumaciam</strong></span> <span class='ocrx_word' id='word_1_809' title='bbox 2347 5254 2616 5321; x_wconf 86' lang='lat' dir='ltr'><strong>reprimit.</strong></span> <span class='ocrx_word' id='word_1_810' title='bbox 2670 5253 2881 5309; x_wconf 87' lang='lat' dir='ltr'><strong>Etenim</strong></span> <span class='ocrx_word' id='word_1_811' title='bbox 2941 5256 2985 5310; x_wconf 85' lang='lat' dir='ltr'><strong>si</strong></span> <span class='ocrx_word' id='word_1_812' title='bbox 3045 5273 3221 5326; x_wconf 82' lang='lat' dir='ltr'><strong>neque</strong></span> <span class='ocrx_word' id='word_1_813' title='bbox 3282 5259 3466 5327; x_wconf 84' lang='lat' dir='ltr'><strong>passio</strong></span> 
     </span>
    </p>
   </div>
   <div class='ocr_carea' id='block_1_108' title="bbox 1885 5342 3467 5419">
    <p class='ocr_par' dir='ltr' id='par_1_108' title="bbox 1885 5342 3467 5419">
     <span class='ocr_line' id='line_1_108' title="bbox 1885 5342 3467 5419; baseline 0.003 -23"><span class='ocrx_word' id='word_1_814' title='bbox 1885 5342 2153 5411; x_wconf 87' lang='lat' dir='ltr'><strong>corporis,</strong></span> <span class='ocrx_word' id='word_1_815' title='bbox 2182 5358 2360 5413; x_wconf 89' lang='lat' dir='ltr'><strong>neque</strong></span> <span class='ocrx_word' id='word_1_816' title='bbox 2391 5360 2561 5410; x_wconf 87' lang='lat' dir='ltr'><strong>mors,</strong></span> <span class='ocrx_word' id='word_1_817' title='bbox 2587 5360 2762 5414; x_wconf 85' lang='lat' dir='ltr'><strong>neque</strong></span> <span class='ocrx_word' id='word_1_818' title='bbox 2791 5347 3102 5414; x_wconf 90' lang='lat' dir='ltr'><strong>dissolutio,</strong></span> <span class='ocrx_word' id='word_1_819' title='bbox 3141 5367 3304 5419; x_wconf 88' lang='lat' dir='ltr'><strong>quam</strong></span> <span class='ocrx_word' id='word_1_820' title='bbox 3342 5367 3467 5419; x_wconf 82' lang='lat' dir='ltr'><strong>pro-</strong></span> 
     </span>
    </p>
   </div>
   <div class='ocr_carea' id='block_1_109' title="bbox 1887 5435 3464 5513">
    <p class='ocr_par' dir='ltr' id='par_1_109' title="bbox 1887 5435 3464 5513">
     <span class='ocr_line' id='line_1_109' title="bbox 1887 5435 3464 5513; baseline 0.008 -28"><span class='ocrx_word' id='word_1_821' title='bbox 1887 5435 2002 5504; x_wconf 80' lang='lat' dir='ltr'><strong>prie</strong></span> <span class='ocrx_word' id='word_1_822' title='bbox 2021 5436 2428 5504; x_wconf 85' lang='lat' dir='ltr'><strong>corruptionem</strong></span> <span class='ocrx_word' id='word_1_823' title='bbox 2455 5440 2728 5507; x_wconf 85' lang='lat' dir='ltr'><strong>appellare</strong></span> <span class='ocrx_word' id='word_1_824' title='bbox 2752 5445 3155 5506; x_wconf 76' lang='lat' dir='ltr'><strong>consuevimus,</strong></span> <span class='ocrx_word' id='word_1_825' title='bbox 3186 5454 3464 5513; x_wconf 84' lang='lat' dir='ltr'><strong>peceatum</strong></span> 
     </span>
    </p>
   </div>
   <div class='ocr_carea' id='block_1_110' title="bbox 1886 5528 3465 5607">
    <p class='ocr_par' dir='ltr' id='par_1_110' title="bbox 1886 5528 3465 5607">
     <span class='ocr_line' id='line_1_110' title="bbox 1886 5528 3465 5607; baseline 0.006 -25"><span class='ocrx_word' id='word_1_826' title='bbox 1886 5538 1989 5591; x_wconf 88' lang='lat' dir='ltr'><strong>est,</strong></span> <span class='ocrx_word' id='word_1_827' title='bbox 2040 5528 2247 5599; x_wconf 86' lang='lat' dir='ltr'><strong>absque</strong></span> <span class='ocrx_word' id='word_1_828' title='bbox 2298 5546 2426 5586; x_wconf 87' lang='lat' dir='ltr'><strong>vero</strong></span> <span class='ocrx_word' id='word_1_829' title='bbox 2483 5533 2600 5587; x_wconf 88' lang='lat' dir='ltr'><strong>solo</strong></span> <span class='ocrx_word' id='word_1_830' title='bbox 2636 5545 2858 5601; x_wconf 83' lang='lat' dir='ltr'><strong>peccato</strong></span> <span class='ocrx_word' id='word_1_831' title='bbox 2890 5552 2985 5605; x_wconf 86' lang='lat' dir='ltr'><strong>per</strong></span> <span class='ocrx_word' id='word_1_832' title='bbox 3042 5540 3247 5607; x_wconf 84' lang='lat' dir='ltr'><strong>reliqua</strong></span> <span class='ocrx_word' id='word_1_833' title='bbox 3281 5540 3465 5592; x_wconf 87' lang='lat' dir='ltr'><strong>omnia</strong></span> 
     </span>
    </p>
   </div>
   <div class='ocr_carea' id='block_1_111' title="bbox 1886 5623 3464 5698">
    <p class='ocr_par' dir='ltr' id='par_1_111' title="bbox 1886 5623 3464 5698">
     <span class='ocr_line' id='line_1_111' title="bbox 1886 5623 3464 5698; baseline 0.004 -21"><span class='ocrx_word' id='word_1_834' title='bbox 1886 5623 2130 5692; x_wconf 87' lang='lat' dir='ltr'><strong>ejusdem</strong></span> <span class='ocrx_word' id='word_1_835' title='bbox 2181 5639 2303 5678; x_wconf 91' lang='lat' dir='ltr'><strong>eum</strong></span> <span class='ocrx_word' id='word_1_836' title='bbox 2337 5626 2491 5679; x_wconf 89' lang='lat' dir='ltr'><strong>nobis</strong></span> <span class='ocrx_word' id='word_1_837' title='bbox 2518 5636 2729 5682; x_wconf 65' lang='lat' dir='ltr'><strong>natura:</strong></span> <span class='ocrx_word' id='word_1_838' title='bbox 2757 5634 2881 5692; x_wconf 75' lang='lat' dir='ltr'><strong>‘est,</strong></span> <span class='ocrx_word' id='word_1_839' title='bbox 2938 5631 3294 5698; x_wconf 89' lang='lat' dir='ltr'><strong>purissimum</strong></span> <span class='ocrx_word' id='word_1_840' title='bbox 3332 5633 3464 5685; x_wconf 79' lang='lat' dir='ltr'><strong>illud</strong></span> 
     </span>
    </p>
   </div>
   <div class='ocr_carea' id='block_1_112' title="bbox 1888 5714 3462 5787">
    <p class='ocr_par' dir='ltr' id='par_1_112' title="bbox 1888 5714 3462 5787">
     <span class='ocr_line' id='line_1_112' title="bbox 1888 5714 3462 5787; baseline 0.003 -19"><span class='ocrx_word' id='word_1_841' title='bbox 1888 5724 1942 5768; x_wconf 92' lang='lat' dir='ltr'><strong>ct</strong></span> <span class='ocrx_word' id='word_1_842' title='bbox 1987 5714 2392 5769; x_wconf 85' lang='lat' dir='ltr'><strong>sanctissimum</strong></span> <span class='ocrx_word' id='word_1_843' title='bbox 2449 5731 2673 5787; x_wconf 87' lang='lat' dir='ltr'><strong>corpus,</strong></span> <span class='ocrx_word' id='word_1_844' title='bbox 2730 5719 3076 5775; x_wconf 81' lang='lat' dir='ltr'><strong>manifestum</strong></span> <span class='ocrx_word' id='word_1_845' title='bbox 3135 5722 3234 5786; x_wconf 84' lang='lat' dir='ltr'><strong>tit,</strong></span> <span class='ocrx_word' id='word_1_846' title='bbox 3271 5723 3462 5786; x_wconf 88' lang='lat' dir='ltr'><strong>Deum,</strong></span> 
     </span>
    </p>
   </div>
   <div class='ocr_carea' id='block_1_113' title="bbox 1890 5803 3464 5882">
    <p class='ocr_par' dir='ltr' id='par_1_113' title="bbox 1890 5803 3464 5882">
     <span class='ocr_line' id='line_1_113' title="bbox 1890 5803 3464 5882; baseline 0.006 -24"><span class='ocrx_word' id='word_1_847' title='bbox 1890 5803 1976 5858; x_wconf 90' lang='lat' dir='ltr'><strong>cui</strong></span> <span class='ocrx_word' id='word_1_848' title='bbox 2008 5813 2252 5859; x_wconf 87' lang='lat' dir='ltr'><strong>nostram</strong></span> <span class='ocrx_word' id='word_1_849' title='bbox 2278 5807 2593 5875; x_wconf 88' lang='lat' dir='ltr'><strong>pauperiem</strong></span> <span class='ocrx_word' id='word_1_850' title='bbox 2622 5825 2905 5867; x_wconf 87' lang='lat' dir='ltr'><strong>assumere</strong></span> <span class='ocrx_word' id='word_1_851' title='bbox 2929 5812 3279 5882; x_wconf 90' lang='lat' dir='ltr'><strong>complacuit,</strong></span> <span class='ocrx_word' id='word_1_852' title='bbox 3302 5811 3464 5867; x_wconf 91' lang='lat' dir='ltr'><strong>talem</strong></span> 
     </span>
    </p>
   </div>
   <div class='ocr_carea' id='block_1_114' title="bbox 1890 5902 3462 5980">
    <p class='ocr_par' dir='ltr' id='par_1_114' title="bbox 1890 5902 3462 5980">
     <span class='ocr_line' id='line_1_114' title="bbox 1890 5902 3462 5980; baseline 0.003 -23"><span class='ocrx_word' id='word_1_853' title='bbox 1890 5902 2278 5973; x_wconf 84' lang='lat' dir='ltr'><strong>assumpsisse,</strong></span> <span class='ocrx_word' id='word_1_854' title='bbox 2320 5920 2484 5975; x_wconf 86' lang='lat' dir='ltr'><strong>quam</strong></span> <span class='ocrx_word' id='word_1_855' title='bbox 2540 5922 2647 5962; x_wconf 91' lang='lat' dir='ltr'><strong>non</strong></span> <span class='ocrx_word' id='word_1_856' title='bbox 2681 5908 2821 5966; x_wconf 83' lang='lat' dir='ltr'><strong>male</strong></span> <span class='ocrx_word' id='word_1_857' title='bbox 2851 5922 2953 5965; x_wconf 90' lang='lat' dir='ltr'><strong>nos</strong></span> <span class='ocrx_word' id='word_1_858' title='bbox 2982 5908 3294 5980; x_wconf 85' lang='lat' dir='ltr'><strong>pauperiem</strong></span> <span class='ocrx_word' id='word_1_859' title='bbox 3325 5921 3462 5963; x_wconf 83' lang='lat' dir='ltr'><strong>nun-</strong></span> 
     </span>
    </p>
   </div>
  </div>
