4194 6432
207 426 314 489 £05

1054 423 1486 486 REFUTATIO
1523 425 1902 487 EPISTUL'E
1933 427 2159 486 REGIS
2200 431 2587 491 ARMENLE.

3365 443 3472 506 606

207 539 369 605 πήχει
425 532 581 603 ξύλῳ,
635 531 729 586 καὶ
764 533 925 587 πάλιν
977 533 1108 585 δέκα
1152 534 1366 602 μηδίουυῖ
1419 535 1691 602 )“έΥ⁰ντες’
1732 536 1789 587 ἐν

1901 552 2004 589 non
2041 554 2229 592 earum
2263 541 2625 609 quantitatem
2659 542 3062 609 antecedenter,
3096 545 3190 599 sed
3224 557 3469 602 naturam

207 628 472 699 διαιρέσει
518 625 741 689 τούτους
775 626 1139 694 ἐπιστάμεθα.
1189 627 1374 689 Οῦτως
1423 623 1514 681 οὖν
1566 627 1658 680 καὶ
1702 629 1806 680 erit“

206 720 316 774 τῶν
347 718 552 789 ἐτέρων
583 718 696 788 ἔχει
724 717 1098 788 πραγμάτων·
1132 718 1180 771 εί
1229 717 1329 789 μὲν
1366 721 1394 772 ὁ
1432 719 1662 790 ἀριθμὸς
1691 719 1790 783 φύ-

206 829 357 865 σεσιν
397 810 764 881 ὲπιφημισθῇ,
797 811 859 863 οὑ
907 811 966 863 τὺ
999 811 1165 863 ποσὸν
1215 811 1396 865 αὐτῶν
1441 813 1793 883 προηγουμέ-

205 922 335 966 νως,
366 904 503 956 ἀλλά
541 904 602 956 τὸ
655 904 968 973 ὲτερογενὲς
1016 903 1366 973 παρίστησιν.
1413 905 1611 958 Ἵππου
1661 907 1790 977 γάρ,

204 997 300 1050 καὶ
329 996 648 1066 ἀνθρώπου,
682 996 776 1049 καὶ
808 995 929 1066 βοὸς
957 997 1106 1066 τρεῖς
1134 995 1380 1065 λέγοντες
1412 997 1624 1066 φύσεις,
1649 999 1710 1052 οὑ
1732 1000 1793 1052 τὸ

202 1090 538 1158 διῃρημένον
577 1089 757 1142 αὑτῶν
795 1087 936 1142 κατὰ
984 1088 1044 1142 τὸ
1083 1091 1270 1154 ποσὸν,
1305 1089 1441 1146 ἀλλά
1469 1090 1531 1143 τὸ
1581 1093 1794 1162 παρηλ-

204 1182 480 1249 λαγμένον
523 1181 664 1234 κατά
699 1181 760 1234 τὸ
804 1176 945 1245 εἶδος
981 1183 1320 1253 σημαίνομεν
1346 1202 1358 1214 ο
1394 1185 1541 1254 τρεῖς
1589 1184 1646 1237 δὲ
1697 1185 1792 1236 ἁνο

207 1275 484 1344 θρὼττους,
528 1277 575 1327 εἰ
605 1275 780 1343 τύχοι,
814 1275 1044 1345 Πέτρον,
1075 1276 1170 1329 καὶ
1200 1274 1432 1338 Παῦλον.
1466 1278 1560 1331 καὶ
1610 1277 1788 1330 Ἰωάν-

205 1387 304 1439 νην
348 1368 410 1421 τὸ
457 1368 789 1439 διῃρημένον
815 1369 992 1422 αὑτῶν
1031 1369 1252 1438 μᾶλλον,
1299 1369 1392 1422 καὶ
1419 1371 1500 1423 ὅτι
1529 1371 1698 1432 τόσοι,
1733 1370 1795 1424 οὑ

202 1461 440 1515 τοιοῦτοι
489 1462 568 1522 δὲ,
597 1461 974 1530 παριστῶμεν.
1016 1460 1176 1514 Οῦτω
1223 1462 1315 1514 καὶ
1341 1463 1432 1514 ἐπὶ
1462 1463 1559 1527 τῆς
1594 1464 1799 1515 οἰκονο-

209 1553 340 1624 μίας
372 1552 467 1604 δύο
498 1551 743 1618 λέγοντες
773 1552 872 1616 τὰς
918 1551 1131 1619 φύσεις,
1167 1551 1227 1605 τὸ
1263 1553 1557 1623 ἑτεροειδὲς
1591 1553 1796 1618 αὑτῶν,

207 1644 270 1695 οὑ
305 1643 370 1695 τὸ
426 1643 833 1714 κεχωρισμένον
862 1643 1156 1711 δηλοῦμεν,
1211 1645 1566 1707 ἐκϐάλλοντες
1607 1643 1664 1698 δὲ
1697 1645 1795 1698 αὑ-

205 1735 340 1799 τῶν,
375 1737 422 1788 εἰ
454 1736 547 1788 καὶ
596 1735 671 1805 μὴ
707 1729 818 1787 εἷεν
860 1736 1235 1804 ἔνυπόστατοι,
1279 1737 1371 1789 τὸν
1418 1735 1527 1790 τῶν
1560 1737 1795 1791 ὑποστά-

208 1846 353 1881 σεων
405 1826 658 1897 ἀριθμὸν,
709 1826 768 1880 εὖ
815 1828 960 1897 μάλα
1019 1829 1240 1892 εἰδότες,
1273 1829 1354 1883 ὅτι
1403 1828 1510 1882 οὐδ’
1552 1829 1642 1884 ἐπὶ
1686 1829 1796 1882 τῶν

207 1923 510 1976 ὑποστάσει
560 1921 654 1974 καὶ
687 1921 844 1994 οὑσίᾳ
881 1924 1329 1993 κεχωρισμένων,
1367 1919 1480 1977 οἷον
1515 1924 1668 1978 τοῦδε
1701 1924 1794 1978 τοῦ

208 2015 406 2074 ἵππου,
437 2014 529 2066 καὶ
553 2013 705 2067 τοῦδε
733 2014 826 2068 τοῦ
857 2015 976 2084 βοὸς
1004 2018 1036 2085 ἠ
1064 2015 1246 2084 φύσις,
1272 2016 1332 2068 οὑ
1359 2017 1418 2069 τι
1447 2016 1791 2090 διῃρημένον,

207 2108 347 2159 ἀλλὰ
379 2107 438 2159 τὸ
464 2107 739 2176 διάφορον,
777 2105 966 2178 ὥσπερ
995 2107 1090 2161 καὶ
1122 2108 1155 2178 ἡ
1188 2107 1487 2172 ὑπόστασις
1510 2110 1569 2162 τὸ
1603 2109 1796 2181 διῃρη-

212 2199 399 2267 μένον,
437 2199 648 2269 ἡπουγε
701 2199 796 2251 ἐπὶ
828 2197 940 2251 τῶν
985 2199 1060 2269 μὴ
1097 2200 1218 2252 καθ’
1249 2201 1414 2254 ἑαντά
1463 2201 1798 2270 ἐμφαινομέ-

207 2307 339 2351 νων,
377 2289 513 2342 ἀλλά
561 2291 679 2358 Ξιμα
730 2307 788 2342 τε
829 2290 922 2344 καὶ
967 2291 1024 2344 ὲν
1069 2291 1318 2362 ἀλλήλοις
1351 2293 1522 2346 ὄντων
1577 2294 1676 2364 μὲν
1707 2295 1798 2347 καὶ

207 2381 533 2450 γινομένων,
588 2383 621 2451 ἡ
670 2381 852 2451 φύσις,
883 2383 943 2436 οὑ
983 2382 1044 2436 τὸ
1093 2385 1522 2455 κεχωρισμένον,
1567 2385 1703 2440 ἀλλά
1737 2387 1797 2438 τὸ

207 2473 469 2544 διάφορον
511 2473 762 2545 δηλώσει,
809 2476 918 2528 εἴτε
965 2476 1057 2528 ἐπὶ
1093 2475 1392 2544 θεολογίας,
1423 2477 1533 2530 εἴτε
1580 2479 1672 2531 ἐπὶ
1698 2478 1798 2547 τῆς

208 2569 547 2637 οἰκονομίας,
580 2569 690 2622 εἴτε
722 2569 814 2623 ἐπὶ
842 2571 1042 2634 παντὸς
1088 2572 1430 2642 πράγματος.
1460 2573 1566 2624 Καὶ
1599 2572 1796 2635 ἄλλως,

206 2662 294 2714 ὅτι
331 2663 382 2712 εἰ
427 2660 522 2713 καὶ
563 2660 904 2731 ἀριθμοῦμεν
943 2662 1038 2726 τὰς
1067 2662 1160 2714 τοῦ
1190 2662 1424 2734 Χριστοῦ
1459 2662 1550 2716 δύο
1586 2663 1796 2733 φύσεις,

207 2751 304 2804 δύο
334 2753 541 2814 ταύτας
581 2751 852 2819 λέγοντες,
884 2754 985 2807 οὑκ
1017 2754 1309 2824 εἰσάγομεν
1331 2754 1617 2825 διαίρεσιν,
1645 2759 1794 2823 ἐνερ-

207 2843 336 2913 γείᾳ
363 2842 475 2894 τῶν
514 2842 729 2910 φύσεων
757 2844 849 2898 καὶ
887 2845 996 2898 τῶν
1037 2845 1332 2915 ἱδιοτήτων.
1376 2847 1490 2910 Πᾶς
1521 2846 1631 2917 γάρ
1669 2847 1797 2916 ἀρι-

209 2934 356 3003 θμὸς
396 2934 505 2987 τῶν
536 2935 904 3007 διαφερόντων
929 2937 1049 2990 ὲστί
1071 2954 1084 2967 '
1115 2923 1220 2990 καί
1236 2920 1496 2994 ἀδύνατον
1539 2939 1798 3008 ἀριθμεῖ·

210 3027 337 3079 σθαι
361 3029 432 3080 τά
456 3029 596 3080 κατὰ
616 3029 784 3098 μηδὲν
809 3029 1151 3101 διαφέροντα,
1180 3029 1304 3083 καθ’
1334 3030 1362 3082 ὃ
1380 3031 1436 3082 δὲ
1457 3031 1795 3101 διαφέρουσι,

207 3125 352 3177 κατά
386 3123 544 3176 τοῦτο
575 3124 670 3178 καὶ
691 3125 1080 3195 ἀριθμοῦνταιο
1109 3123 1220 3178 οἷον
1245 3127 1273 3179 ὁ
1301 3125 1523 3195 Πέτρος,
1549 3125 1581 3196 ἢ
1608 3127 1634 3177 ό
1659 3125 1800 3178 Παῦ-

207 3218 323 3278 λος,
356 3218 479 3269 καθ’
513 3217 540 3268 δ
576 3216 675 3287 μὲν
700 3218 962 3286 ἦνωνται,
1001 3217 1102 3271 οὑκ
1126 3217 1517 3289 ἀριθμοῦνται·
1544 3219 1622 3289 τῷ
1657 3218 1799 3288 λόγῳ
1827 3253 1870 3310 C

206 3309 321 3377 γὰρ
351 3309 451 3376 τῆς
486 3309 673 3370 οὑσῖας
729 3310 1018 3379 ἡνωμένοι,
1068 3309 1161 3364 δύο
1203 3309 1396 3379 φύσεις
1439 3311 1499 3364 οὐ
1543 3311 1796 3364 δύνανται

209 3398 494 3464 Αέγεσθαι,
537 3398 662 3452 καθ’
693 3399 992 3454 ὑπόστασιν
1034 3401 1091 3453 δὲ
1134 3401 1504 3470 διαφέροντες,
1545 3401 1636 3454 δύο
1669 3402 1797 3454 ὑπο-

211 3478 440 3552 στάσεις
475 3490 746 3556 λέγονται.
776 3492 938 3543 Ὥστε
968 3493 996 3544 ὁ
1021 3492 1255 3562 ἀριθμὸς
1290 3491 1798 3561 15w'6:a<;spdv:wv

206 3584 348 3646 ἐστὶ,
382 3581 480 3635 καὶ
513 3575 558 3650 ᾧ
580 3582 766 3652 τρόπῳ
791 3583 1106 3652 διαφέρουσι
1139 3585 1208 3634 τά
1247 3583 1598 3654 διαφέροντα,
1625 3584 1798 3652 τούτῳ

209 3673 292 3743 τῷ
336 3674 526 3743 τρόπῳ
579 3673 674 3724 καὶ
717 3673 1101 3743 ἀριθμοῦνται,
1132 3674 1410 3726 Ἤνωνται
1464 3675 1564 3743 μὲν
1613 3675 1667 3726 αἱ
1704 3673 1798 3725 τοῦ

207 3765 420 3834 Κυρίου
451 3764 644 3832 φύσεις
665 3764 986 3835 ἀσυγχύτως
1011 3764 1133 3819 καθ’
1163 3765 1483 3828 ὑπόστασιν,
1516 3764 1797 3835 διῄρηνται

206 3858 262 3911 δὲ
299 3858 627 3927 ἀδιαιρέτως
652 3857 796 3927 λόγῳ
829 3859 924 3910 καὶ
955 3857 1140 3927 τρόπῳ
1164 3857 1262 3926 τῆς
1293 3857 1573 3928 διαφορᾶς.
1608 3858 1716 3910 Καὶ

211 3950 316 4020 μὲν
346 3949 536 4018 τρόπῳ
563 3950 821 4020 ῆνωνται,
864 3950 966 4002 οὑκ
1001 3948 1393 4019 ἀριθμοῦνται·
1437 3950 1497 4001 οὑ
1522 3949 1630 4018 γάρ
1676 3947 1796 4001 καθ’

208 4042 516 4094 ὑπόστασιν
543 4040 636 4094 δύο
674 4041 854 4110 φαμὲν
883 4037 1023 4093 εἶναι
1057 4041 1154 4103 τὰς
1197 4041 1389 4110 φύσεις
1414 4039 1508 4093 τοῦ
1537 4040 1794 4111 Χριστοῦ.

209 4129 282 4206 ᾯ
305 4134 361 4187 δὲ
390 4134 577 4202 τρόπῳ
598 4134 918 4203 ἀδιαιρέτως
953 4132 1256 4203 διῄρηνται,
1289 4131 1650 4204 ἀριθμοῦνται
1672 4150 1683 4162 ’
1708 4133 1801 4186 δύο

210 4231 321 4298 γάρ
345 4231 486 4280 εἰσιν
517 4229 573 4281 al
607 4226 798 4296 φύσεις
827 4226 921 4279 τοῦ
946 4225 1180 4295 Χριστοῦ
1209 4226 1353 4296 λόγῳ
1376 4225 1470 4279 καὶ
1496 4225 1680 4297 τρόπῳ
1702 4227 1800 4296 τῆς

211 4321 506 4389 διαφορᾶς,
531 4319 806 4389 ἡνωμέναι
842 4319 939 4387 μὲν
974 4317 1096 4370 καθ’
1128 4317 1450 4381 ὑπόστασιν,
1490 4319 1582 4370 καὶ
1619 4317 1716 4388 τὴν
1744 4319 1801 4369 ὲν

211 4411 478 4480 ἀλλήλαις
504 4427 571 4461 πε
583 4408 882 4480 ριχώρησιν
910 4409 1153 4480 ἔχουσαι,
1199 4409 1518 4478 ἀσυγχύτους
1541 4410 1798 4479 ἧνωνται,

209 4504 311 4571 τὴν
343 4502 555 4555 οἰκείαν
590 4502 796 4571 ἑκάστη
827 4501 1064 4571 φυσικὴν
1107 4500 1370 4570 διαφοράν
1408 4499 1798 4564 διασώζουσαι.

1895 627 2168 682 diversam
2198 632 2457 699 importat
2483 631 2642 702 :equi
2670 634 2814 687 enim
2852 645 2906 689 et
2942 636 3202 700 hominis,
3237 647 3289 692 et
3321 640 3475 695 bovis

1894 727 2003 772 tres
2036 730 2256 775 naturas
2273 732 2599 784 asserentes.
2621 738 2728 776 non
2758 739 2943 780 eorum
2979 728 3276 782 secundum
3304 747 3479 798 quan-

1893 808 2099 863 titatem
2159 810 2504 878 divisionem,
2544 815 2637 869 sed
2685 814 2994 884 sejunctum
3059 835 3122 873 ac
3160 833 3473 891 separatum

1894 899 1948 952 in
1979 903 2154 969 Specie
2183 902 2556 973 signiﬁcamus
2583 923 2596 959 :
2628 915 2738 962 tres
2769 923 2897 962 vero
2933 909 3181 966 homines
3205 914 3474 980 dicentes,

1895 992 1940 1046 si
1972 992 2194 1060 fuerint,
2231 995 2472 1064 Petrum,
2509 1006 2564 1050 et
2607 997 2860 1066 Paulum,
2889 1011 2943 1055 et
2971 1000 3258 1069 Joannem,
3283 1023 3475 1061 eorum

1894 1086 2071 1152 potius
2098 1087 2445 1152 divisionem,
2473 1097 2527 1142 et
2568 1097 2645 1144 tot
2672 1105 2765 1146 eos
2800 1107 2940 1160 esse,
2974 1108 3080 1148 non
3116 1095 3250 1150 tales
3281 1107 3473 1150 osten-

1895 1181 2099 1237 dimus.
2123 1182 2215 1236 Sic
2239 1193 2294 1237 et
2339 1184 2394 1237 in
2425 1186 2732 1240 (economia
2771 1187 2906 1244 duas
2955 1200 3220 1258 ponentes
3252 1201 3478 1246 naturas

1896 1272 2163 1329 diversam
2203 1276 2516 1330 eorumdem
2581 1276 2846 1343 formam,
2900 1298 3005 1334 non
3077 1283 3477 1350 separationcm

1895 1367 2272 1437 exprimimus,
2301 1383 2367 1422 ex
2399 1354 2535 1438 ipsis
2564 1371 2869 1440 ejicientes,
2907 1374 3033 1427 licet
3063 1375 3275 1445 absque
3308 1375 3480 1445 hypo-

1897 1460 2025 1513 stasi
2068 1475 2176 1513 non
2221 1468 2424 1523 essent,
2461 1461 2825 1531 hypostaseon
2889 1481 3213 1532 numerum,
3252 1470 3480 1537 pulchre

1897 1550 2156 1605 callentes
2220 1551 2274 1604 in
2336 1551 2613 1622 hypostasi
2657 1563 2710 1609 et
2751 1557 2993 1610 essentia
3042 1558 3266 1622 divisis,
3317 1561 3478 1629 hujus

1895 1643 2102 1696 scilicet
2125 1644 2272 1710 equi,
2305 1653 2359 1698 et
2397 1643 2558 1712 hujus
2599 1646 2753 1701 bovis
2781 1658 3033 1703 naturam
3070 1665 3174 1704 non
3220 1652 3476 1715 divisum,

1897 1733 1990 1788 sed
2045 1733 2342 1798 diversum,
2379 1737 2838 1804 quemmlmodum
2891 1750 2947 1794 et
2991 1741 3302 1812 hypostasis
3343 1745 3480 1798 divi—

1899 1834 2115 1890 sum,ct
2153 1827 2322 1881 multo
2377 1827 2550 1896 magis
2581 1828 2632 1881 in
2661 1829 2748 1894 iis,
2778 1846 2899 1899 quze
2929 1847 2996 1885 ex
3027 1849 3146 1887 sese
3179 1850 3286 1888 non
3315 1851 3480 1905 appa-

1903 1929 2040 1980 rent,
2076 1920 2168 1972 sed
2201 1929 2329 1974 sunt
2361 1920 2542 1983 simul,
2577 1937 2857 1991 unumque
2912 1923 3002 1977 alii
3039 1925 3212 1989 inest,
3238 1937 3287 1981 et
3322 1932 3476 1992 limit,

1902 2020 2150 2065 naturam
2194 2028 2298 2065 non
2348 2014 2768 2082 Separationem,
2801 2015 2893 2070 sed
2938 2017 3308 2072 diversitatem
3343 2020 3483 2074 indi-

1899 2116 2164 2167 caturam,
2193 2114 2307 2159 tum
2344 2106 2396 2158 in
2432 2107 2651 2170 divinis,
2682 2118 2794 2162 tum
2833 2108 2885 2162 in
2921 2112 3251 2178 oeconomia,
3278 2122 3391 2166 tum
3425 2114 3478 2167 in

1898 2213 2222 2267 quacunque
2249 2198 2353 2252 alia
2385 2213 2461 2251 re.
2494 2199 2647 2264 Item,
2680 2199 2806 2254 licet
2836 2216 2934 2255 nos
2973 2218 3324 2259 numeremus
3345 2207 3481 2259 duas

1897 2291 2098 2344 Christi
2134 2302 2382 2351 naturas,
2416 2292 2553 2346 duas
2599 2293 2721 2347 illas
2748 2293 3012 2360 dicentes,
3048 2312 3152 2350 ncn
3194 2297 3313 2350 ideo
3353 2309 3479 2351 actu

1902 2384 2216 2438 inducimus
2251 2385 2572 2440 divisionem
2611 2394 2932 2441 naturarum
2988 2399 3040 2443 et
3067 2390 3478 2459 proprietatum.

1899 2473 2090 2530 Ouinis
2123 2475 2267 2528 enim
2328 2491 2591 2530 numerus
2643 2490 2835 2530 eorum
2888 2487 2992 2540 est,
3021 2493 3144 2546 quae
3192 2478 3476 2542 diﬂ‘rrunt,

1902 2567 2197 2636 ncquitquc
2250 2568 2386 2631 lieri,
2423 2578 2480 2622 ut
2520 2585 2751 2624 numero
2791 2570 3334 2640 comprehend:mtur
3384 2588 3480 2638 ea,

1899 2675 2018 2725 qme
2055 2673 2147 2728 per
2173 2660 2357 2712 omnia
2395 2660 2496 2713 sibi
2539 2660 2736 2714 similia
2767 2672 2917 2724 sunt,
2955 2678 3142 2716 verum
3181 2663 3480 2716 secundum

1902 2752 1977 2813 id,
1995 2767 2104 2820 quo
2125 2750 2407 2815 ditl‘erunt,
2427 2766 2654 2807 numero
2679 2752 3066 2822 subjiciuntur,
3091 2752 3256 2809 veluti
3289 2752 3483 2810 l‘etrus

1901 2849 1983 2902 vel
2017 2847 2214 2901 Paulus
2267 2847 2569 2902 secundum
2635 2846 2712 2912 id,
2743 2862 2854 2917 quo
2896 2848 3302 2918 conjunguntur
3327 2888 3340 2909 ,
3375 2863 3482 2901 non

1903 2941 2104 2993 cadunt
2162 2941 2265 2994 sub
2302 2957 2530 2995 numero
2569 2959 2581 2994 :
2615 2940 2824 2995 ratione
2865 2941 3008 2995 enim
3057 2942 3310 2995 essentia:
3349 2941 3482 2994 uniti

1902 3048 2006 3085 non
2025 3042 2254 3102 possunt
2275 3033 2396 3086 dum
2420 3042 2628 3088 natura}
2647 3033 2753 3088 dici
2779 3051 2792 3086 :
2815 3033 2907 3088 sed
2933 3033 3210 3103 hypostasi
3231 3032 3485 3086 differen-

1903 3132 2016 3183 tes.
2063 3125 2184 3177 dna:
2239 3123 2560 3193 hyposlascs
2599 3125 2876 3189 dicuntur,
2933 3126 3068 3179 adeo
3107 3134 3166 3179 ut
3218 3140 3484 3179 numerus

1901 3213 2268 3267 differentium
2311 3214 2402 3278 sit,
2424 3224 2478 3270 et
2511 3216 2693 3280 modo,
2730 3230 2839 3285 quo
2874 3215 3480 3280 diﬂ'eruntdiﬂ‘erentia,

1899 3309 2088 3362 eodem
2125 3317 2179 3361 et
2206 3317 2582 3362 numerentur.
2625 3306 2837 3363 Juneta:
2863 3318 2992 3363 sunt
3022 3308 3240 3362 Domini
3276 3318 3485 3362 natura:

1903 3401 2186 3456 ineonluse
2223 3403 2524 3456 secundum
2576 3402 2934 3472 hypostasim,
2960 3402 3152 3458 divisas
3185 3417 3318 3456 vero
3355 3412 3485 3457 sunt

1905 3493 2132 3545 indivise
2164 3494 2374 3547 ratione
2422 3497 2692 3562 modoque
2714 3493 3033 3548 diﬂerentim
3058 3512 3072 3559 ;
3093 3509 3202 3564 quo
3222 3495 3486 3548 uniuntur

1902 3586 2061 3638 modo
2090 3600 2195 3638 non
2229 3595 2588 3638 numerantur
2626 3604 2640 3640 :
2684 3601 2792 3640 non
2824 3585 2972 3640 enim
3001 3587 3138 3641 duas
3180 3586 3481 3641 secundum

1901 3675 2239 3744 hypostasim
2263 3675 2500 3730 dicimus
2538 3691 2660 3731 esse
2685 3676 2886 3732 Christi
2917 3687 3142 3731 naturas
3171 3694 3182 3729 :
3207 3691 3316 3747 quo
3349 3691 3479 3730 vero

1901 3768 2060 3820 nimlo
2087 3767 2320 3822 indivise
2349 3782 2696 3838 separantur,
2720 3779 3110 3824 numerantur:
3139 3769 3258 3822 dum
3282 3768 3486 3822 etenim

1899 3869 2022 3911 Slilll
2060 3858 2264 3914 Christi
2321 3869 2531 3912 natura:
2577 3860 2789 3913 ratione
2847 3859 3115 3927 modoque
3144 3859 3483 3922 dilfercntizr,

1898 3950 2104 4018 juncta:
2126 3949 2343 4016 quidem
2376 3951 2678 4004 secundum
2711 3949 3069 4020 hypostasim,
3104 3957 3158 4002 et
3193 3963 3314 4003 sese
3346 3948 3485 4001 invi-

1903 4057 2020 4096 cem
2086 4051 2429 4108 penetrantes
2462 4041 2748 4096 inconfusc
2795 4043 3083 4105 uniuntur,
3127 4051 3181 4094 et
3207 4040 3482 4109 propriam

1902 4130 2128 4198 singulae
2181 4129 2482 4183 naturalem
2526 4128 2890 4183 diﬂ'crentiam
2938 4137 3283 4183 conservant.
3331 4127 3491 4180 Modo

1903 4221 2089 4289 itaque
2121 4219 2436 4275 dim-rentia:
2461 4221 2841 4276 tantummodo
2865 4236 2892 4274 a
2921 4220 3077 4274 nobis
3102 4229 3482 4280 numerantur,

1903 4328 2010 4366 non
2051 4313 2368 4368 dividuntur
2430 4324 2552 4368 actu
2612 4323 2666 4366 et
2727 4313 3067 4378 exsistentia,
3132 4322 3191 4365 ut
3242 4311 3357 4381 ipse
3392 4311 3488 4363 tibi

1901 4401 2081 4472 fingis.
2117 4402 2290 4457 Aliter
2331 4404 2495 4458 etiam
2530 4402 2598 4458 de
2636 4404 2740 4458 hoc
2774 4403 2964 4458 eodem
3016 4403 3484 4471 philosophanmr.

1902 4493 2017 4548 Non
2036 4496 2216 4551 omnis
2239 4511 2502 4552 numerus
2532 4512 2617 4551 res
2637 4512 2728 4566 per
2764 4512 2825 4551 se
2858 4496 3221 4550 subsistentes
3247 4495 3446 4549 indicat
3471 4513 3485 4547 :

211 4597 302 4666 Τῷ
325 4596 514 4667 τρόπῳ
536 4594 824 4666 τοιγαροῦν
844 4596 942 4665 τῆς
961 4595 1222 4669 διαφορᾶς
1243 4595 1338 4648 καὶ
1363 4595 1520 4664 μόνον
1539 4593 1799 4664 ἀριθμοῦ·

1907 4587 2068 4658 idque
2129 4586 2478 4642 manifestum
2535 4587 2641 4642 erit
2679 4603 2743 4641 es
2791 4587 3166 4657 sequentibus.
3211 4585 3486 4654 Quidquid

215 4705 377 4757 μεναι
413 4686 504 4754 ὑφ’
535 4685 712 4756 ἡμῶν,
739 4687 801 4740 οὑ
841 4685 1173 4758 διαιροῦνται
1207 4687 1458 4757 ἐνεργείᾳ
1500 4687 1595 4739 καὶ
1625 4685 1803 4756 ὑπάρ-

214 4783 316 4848 ξει,
345 4781 442 4834 καὶ
467 4779 542 4842 ὡς
573 4781 638 4833 σὺ
672 4779 941 4843 ὑπονοεῖς.
985 4780 1097 4833 Καὶ
1128 4779 1304 4843 ἄλλως
1340 4781 1420 4843 είς
1449 4778 1509 4832 τὸ
1539 4779 1694 4844 αὑτδ,
1721 4779 1804 4831 ὅτι

213 4875 338 4943 οὑχὶ
372 4874 482 4936 πᾶς
509 4870 744 4942 ἀριθμὸς
767 4871 874 4924 τῶν
908 4871 1290 4924 ίδιοσυστάτων
1321 4871 1661 4942 πραγμάτων
1682 4850 1804 4922 ἔστ).

213 4965 516 5034 δηλωτικὸς
540 4981 555 4996 ·
586 4965 680 5017 καὶ
711 4963 870 5016 τοῦτο
900 4963 1056 5034 δῆλον
1095 4962 1366 5016 ἐντεῦθεν.
1396 4963 1463 5016 Εἴ
1488 4981 1539 5016 τι
1573 4963 1670 5033 μὲν
1695 4963 1804 5032 γάρ

220 5054 590 5109 ἰδιοσύστατόν
619 5057 759 5114 ἐστι,
783 5052 940 5107 τοῦτο
967 5055 1183 5117 πάντως
1213 5055 1269 5107 ὲν
1292 5054 1515 5125 ἀριθμῷ
1547 5054 1802 5123 τυγχάνει

217 5149 306 5200 δνο
348 5149 409 5201 οὑ
444 5148 556 5201 πᾶν
589 5148 647 5200 δὲ
677 5148 738 5200 τὸ
767 5149 825 5200 ὲν
854 5145 1072 5217 ἀριθμῷ
1113 5145 1403 5216 τυγχάνον,
1435 5146 1804 5200 ίδιοσύστατον

221 5240 285 5292 ἂν
321 5240 431 5308 εἴη.
470 5238 554 5292 Τά
607 5238 740 5307 γοῦν
776 5240 834 5292 ἐν
873 5241 984 5302 τοῖς
1037 5237 1336 5304 συνθέτοις,
1371 5239 1458 5292 ἵνα
1507 5238 1582 5308 μὴ
1636 5237 1805 5291 πολλὰ

220 5331 383 5399 λέγω,
417 5331 538 5394 ἑνὸς
563 5330 692 5384 ὂντα
725 5329 1183 5401 συμπληρωτικὰ,
1218 5330 1311 5383 καὶ
1345 5329 1490 5382 κατὰ
1517 5330 1644 5400 μίαν
1673 5346 1804 5394 συγ-

224 5423 454 5492 κείμενα
509 5422 608 5492 τὴν
647 5425 948 5491 συνέχειαν,
984 5423 1132 5490 ὅμως
1175 5420 1315 5474 αὐτὰ.
1348 5422 1447 5489 μὲν
1481 5420 1563 5490 ἐφ’
1597 5418 1804 5473 ἑαυτῶν

229 5513 358 5567 ἰδίαν
389 5513 630 5584 ὓπαρξιν
658 5514 758 5566 οὑκ
803 5513 918 5582 ἔχει
938 5529 952 5543 ο
987 5513 1106 5576 ἑνὸς
1135 5513 1190 5565 δὲ
1238 5530 1397 5582 συμπ
1426 5511 1676 5582 ηρωτικά
1712 5527 1804 5577 γε·

228 5605 419 5675 νόμενα
445 5607 503 5657 ἐν
525 5604 603 5674 τῷ
628 5605 872 5675 συλλόγῳ
891 5607 989 5672 τὴν
1018 5607 1228 5659 οἰκείαν
1254 5605 1486 5677 ὓπαρξιν
1512 5604 1805 5658 ἐπιδείκνυ-

229 5714 330 5751 ται.
369 5700 582 5770 Ὠσπερ
629 5696 822 5766 ἀμέλει
859 5699 916 5750 το
943 5698 1101 5763 ζῶον,
1135 5699 1195 5751 το
1239 5698 1477 5764 λογικὸν,
1503 5697 1564 5749 τὸ
1592 5695 1804 5766 θνητὸν,

230 5790 285 5842 οὗ
318 5791 420 5862 μὴν
473 5791 557 5845 ἔτι
606 5807 672 5858 γε
711 5791 806 5844 καὶ
838 5791 960 5843 καθ’
1017 5792 1154 5844 αὑτὰ
1199 5791 1512 5860 ὑπάρχοντα
1568 5789 1762 5855 ὁρᾶται
1791 5829 1802 5846 ,

233 5879 335 5934 ἀλλ’
368 5885 425 5939 έν
460 5883 539 5953 τῷ
566 5883 675 5952 ὅλῳ
702 5899 765 5950 γε
792 5881 870 5952 τῷ
898 5882 1187 5953 ἀνθρώπῳ,
1219 5882 1380 5951 φημὶ,
1416 5881 1558 5950 τατῆ
1599 5880 1694 5946 τὴν
1726 5886 1771 5935 oi

1905 4685 2052 4738 enim
2105 4699 2202 4753 per
2247 4699 2306 4739 se
2362 4683 2638 4747 subsistit,
2667 4683 2719 4738 id
2767 4683 2994 4741 omnino
3024 4691 3077 4736 et
3109 4682 3212 4736 sub
3257 4695 3490 4736 numero

1905 4785 2008 4840 est,
2046 4793 2152 4830 non
2187 4784 2369 4831 autem
2407 4784 2569 4832 omne
2615 4775 2760 4846 quod
2809 4775 2910 4830 sub
2947 4789 3176 4829 numero
3221 4783 3326 4836 est,
3357 4775 3488 4826 item

1905 4883 1998 4938 per
2032 4882 2091 4922 se
2117 4867 2422 4921 subsistere
2466 4867 2694 4921 dicetur.
2735 4866 2867 4932 Quae
2901 4880 3034 4936 ergo
3074 4865 3127 4917 in
3165 4863 3490 4932 compositis

1906 4969 2054 5022 sunt,
2093 4975 2160 5013 ne
2229 4959 2480 5027 pluribus
2522 4973 2634 5012 rem
2689 4973 2870 5028 agam,
2915 4973 3039 5011 cum
3109 4971 3279 5010 unum
3337 4971 3485 5009 eom-

1905 5047 2114 5118 pleant,
2152 5055 2206 5102 et
2262 5063 2368 5101 una
2408 5047 2771 5104 continuitate
2837 5055 3122 5104 constent.
3160 5063 3224 5099 es
3282 5055 3485 5100 semet-

1906 5139 2041 5207 ipsis
2113 5138 2472 5193 nihilominus
2523 5140 2797 5209 propriam
2851 5136 3227 5193 exsistentiam
3279 5137 3485 5190 nullam

1908 5231 2129 5296 habent,
2161 5230 2256 5286 sed
2312 5247 2482 5286 unum
2540 5230 2670 5286 dum
2725 5231 3067 5285 constituunt
3134 5229 3186 5282 in
3251 5229 3485 5283 coitione

1908 5305 2178 5394 propriam
2205 5325 2583 5379 exsistentiam
2607 5332 3062 5383 commonstraut,
3123 5321 3481 5390 quemadmo-

1907 5421 2034 5474 dum
2089 5421 2290 5475 animal
2342 5419 2572 5475 rationis
2619 5431 2866 5485 compos,
2910 5416 3137 5469 mortale
3169 5431 3184 5467 :
3213 5429 3316 5466 non
3351 5428 3488 5481 prte-

1908 5521 2053 5564 terea
2091 5527 2220 5565 vero
2260 5520 2314 5565 et
2367 5526 2460 5579 per
2503 5523 2624 5564 sese
2675 5507 2993 5563 cxsistentia
3047 5503 3483 5572 conspiciuntur.

1909 5601 2000 5656 sed
2051 5601 2102 5653 in
2175 5610 2286 5654 toto
2331 5600 2545 5654 homine
2614 5608 2854 5668 apertam
2921 5606 3302 5665 palentemque
3362 5608 3488 5662 pro-

1909 5692 2080 5761 priam
2127 5692 2210 5745 sui
2255 5689 3070 5745 exsisteutiam'OStendunt:et
3107 5686 3317 5740 ratione
3369 5697 3479 5736 mo-
3562 5739 3565 5741 ,

1909 5783 2086 5851 doque
2135 5782 2451 5836 ditl‘erentire
2505 5791 2816 5843 numerata,
2863 5778 3188 5833 divisionem
3246 5774 3487 5829 hominis

1913 5893 2015 5928 mn
2055 5875 2378 5944 imponunt
2415 5886 2592 5941 partes
2631 5873 2775 5928 enim
2819 5872 3062 5928 dicentur
3099 5865 3360 5931 hominis,
3391 5864 3483 5921 scd
