4194 6432
747 386 850 450 607

2025 392 2317 452 ΝΙΩΕΤΕ
2363 396 2762 457 ΒΥΖᾹΝΤΙἪ

3894 412 4001 474 608

746 513 857 550 non
906 512 1002 565 per
1030 512 1149 551 Sese
1184 496 1559 552 exsistcntiam
1603 498 1896 553 habebunt.
1929 500 2105 564 Quare
2151 503 2309 555 matti-

2433 509 2586 558 κείαν
2627 505 2865 577 ὓπαρξιν
2890 510 3289 577 ἐπιδείκνυται,
3325 514 3419 567 καὶ
3453 515 3835 587 ἀριθμούμενα
3874 520 4021 591 λόγῳ

744 588 946 642 festum
982 590 1074 652 fit,
1103 606 1205 642 non
1254 606 1470 644 omnem
1518 606 1807 645 numerum
1845 606 1934 646 res
1973 606 2066 660 per
2102 610 2161 647 se
2190 595 2323 648 sub—

742 682 1001 736 sistentes
1036 682 1296 735 indicare.

2436 597 2530 649 καὶ
2572 599 2760 669 τρόπῳ
2794 600 2893 669 τῆς
2938 601 3223 673 διαφορᾶς,
3259 603 3528 675 διαίρεσιν
3573 606 3668 660 τοῦ
3727 610 4021 681 ἀνθρώπου

2429 688 2529 741 ούκ
2560 691 2865 757 εἰσάγουσι.
2901 694 3058 764 Μέρη
3091 694 3191 764 μὲν
3218 696 3326 767 γὰρ
3363 698 3577 768 ρηοείεν
3607 699 3926 770 ἀνθρώπου,
3957 705 4021 756 ού

741 772 912 841 δήπου
947 773 1046 841 μὲν
1093 774 1186 825 καὶ
1216 776 1338 828 καθ’
1365 776 1535 830 ἑαυτά
1573 779 1672 850 τὴν
1705 780 1938 852 ὓπαρξιν
1982 781 2117 854 ἔχει.
2155 784 2317 836 Ὥστε
2359 780 2540 850 δῆλον,
2570 785 2651 839 ὅτι
2679 787 2739 839 οὑ
2762 786 2869 850 πᾶς
2895 787 3127 859 ἀριθμὸς
3148 788 3256 842 τῶν
3320 791 3707 847 ἰδιοσυστάτων
3769 798 4027 867 πραγμά.

740 887 849 923 των
880 871 993 922 ἐστί
1022 871 1337 941 δηλωτικός.

816 961 868 1011 7.
902 961 1039 1014 Cum
1076 975 1256 1016 autem
1290 973 1552 1031 praeterea
1614 977 1840 1037 propter
1866 969 2193 1025 divisionem
2227 988 2328 1028 ua-

740 1062 984 1107 turarum
1009 1065 1062 1111 et
1089 1057 1503 1126 proprietatum,
1554 1072 1799 1115 sanetam
1852 1074 1904 1117 et
1934 1066 2328 1120 meumenicam

737 1152 993 1212 quartam
1020 1146 1289 1215 synodum
1315 1148 1608 1204 criminose
1635 1151 2017 1216 ealutiittiaris,
2045 1154 2203 1224 quasi
2233 1156 2325 1211 illa

739 1234 978 1303 probans
1012 1236 1150 1291 duas
1202 1248 1427 1293 naturas
1471 1250 1525 1294 et
1561 1242 1920 1310 proprietates
1974 1256 2319 1311 naturarum,

740 1326 1074 1383 omnimodis
1108 1345 1232 1383 cum
1260 1331 1513 1386 Nestorio
1547 1336 1856 1400 conveniat,
1887 1348 2206 1391 naturarum
2238 1338 2323 1391 di-

738 1420 1003 1475 visionem
1030 1423 1400 1490 introducens,
1426 1438 1819 1499 proptereaque
1851 1446 1957 1484 non
1993 1446 2116 1486 esse
2180 1432 2321 1488 hanc

736 1511 1003 1581 synodum
1041 1530 1069 1568 a
1106 1515 1264 1571 nobis
1319 1518 1705 1587 recipiendam,
1756 1535 1852 1575 nos
1898 1524 2315 1592 respondentes,

737 1618 793 1661 ct
818 1609 1105 1666 divisionis
1156 1614 1612 1685 proprietatisque
1646 1617 1910 1672 rationem
1937 1621 2313 1689 explanantes,

734 1697 968 1752 dicimus
1014 1698 1215 1756 Christi
1270 1712 1516 1765 naturas,
1575 1705 1827 1762 deitatem
1876 1725 2070 1780 nempe
2121 1723 2174 1767 et
2221 1713 2316 1767 hu-

734 1790 1078 1857 manitatem,
1115 1809 1179 1848 ex
1235 1796 1435 1865 quibus
1464 1807 1518 1852 et
1552 1800 1604 1853 in
1639 1800 1839 1870 quibus
1871 1804 2091 1858 unicum
2143 1807 2308 1875 bypo-

2508 969 2573 1034 C'.
2620 970 2841 1042 Ἐπειδὴ
2883 970 2940 1023 δὲ
2988 971 3080 1023 καὶ
3114 972 3243 1043 περὶ
3293 972 3613 1043 διαιρέσεως
3657 975 3765 1029 τῶν
3799 976 4020 1046 φύσεων
4082 985 4093 993 ’

2438 1063 2531 1116 καὶ
2574 1062 2683 1114 τῶν
2719 1063 2998 1135 ἰδιοτήτων
3021 1063 3214 1134 μῶμον
3247 1065 3491 1134 συνῆψας
3526 1069 3593 1137 τῇ
3638 1068 3768 1141 ἁγίᾳ
3803 1070 3898 1124 καὶ
3939 1073 4023 1123 οξ..

2435 1172 2533 1209 κου
2546 1158 2739 1227 μενικῇ
2791 1158 3031 1231 τετάρτῃ
3088 1158 3315 1228 συνόδῳ,
3349 1160 3423 1223 ὡς
3456 1158 3616 1230 δῆθεν
3650 1160 3884 1230 λέγουσα
3924 1163 4023 1217 δύο

2433 1248 2625 1317 φύσεις
2674 1248 2767 1301 καὶ
2809 1248 3082 1322 ἰδιότητας
3123 1250 3233 1303 τῶν
3267 1250 3510 1320 φύσεων,
3550 1253 3851 1319 ἐξάπαντος
3879 1274 4020 1328 συμ-

2429 1343 2599 1407 φωνεῖ
2618 1338 2697 1411 τῷ
2721 1338 3014 1411 Νεστορίῳ,
3037 1342 3299 1414 διαίρεσιν
3319 1342 3428 1397 τῶν
3451 1344 3665 1413 φύσεων
3688 1349 4019 1417 ἐμποιοῦσα,

2427 1430 2524 1483 καὶ
2557 1431 2645 1484 διὰ
2677 1431 2836 1485 τοῦτο
2879 1432 2980 1485 οὐκ
3006 1432 3151 1485 ἔστιν
3180 1434 3486 1489 ἀποδεκτέα
3524 1436 3662 1508 αῦτη
3718 1440 3750 1510 ἡ
3798 1438 4020 1503 σύνοδος

2426 1522 2559 1592 παρ’
2610 1522 2793 1592 ήμῶν,
2827 1524 3403 1596 ὑπεραπολογούμενοι
3425 1524 3539 1595 οὖν,
3568 1529 3662 1582 καὶ
3688 1531 4019 1600 διασαφοῦν-

2421 1630 2509 1677 τες
2541 1612 2633 1666 τὸν
2667 1616 2796 1685 περὶ
2839 1615 3159 1688 διαιρέσεως
3208 1619 3305 1672 καὶ
3378 1621 3641 1692 ἰδιότητος
3685 1622 3866 1691 λόγον,
3906 1642 4018 1694 φα-

2424 1709 2544 1778 μὲν,
2592 1708 2694 1773 τὰς
2721 1708 2913 1779 φύσεις
2955 1712 3051 1765 τοῦ
3096 1712 3357 1783 Χριστοῦ,
3394 1715 3565 1785 ἤγουν
3595 1716 3740 1788 φημὶ
3766 1716 3865 1789 τὴν
3891 1717 4017 1771 θεό-

2416 1818 2554 1872 τητα
2600 1801 2693 1855 καὶ
2726 1802 2825 1872 τὴν
2860 1802 3279 1875 ἀνθρωπότητα,
3318 1805 3381 1871 ἐξ
3438 1799 3514 1860 ὧν
3540 1810 3633 1861 καί
3668 1811 3725 1862 ἐν
3751 1803 3839 1874 αἷς
3872 1811 3901 1863 ό
3928 1804 4015 1875 εἷς

735 1890 948 1937 staseos
984 1882 1149 1949 veluti
1187 1894 1361 1939 totum
1405 1889 1865 1957 coutemplamur,
1898 1892 1943 1945 si
1990 1893 2113 1961 quis
2155 1894 2309 1947 intel-

2421 1868 2521 1963 τῆς
2550 1868 2903 1958 ὑποστάσεως
2950 1868 3025 1958 ῶς
3068 1868 3189 1960 ὅλος
3240 1868 3630 1968 ἐνοεωρεῖται,
3688 1902 3735 1953 εἰ
3782 1868 3881 1972 μέν

733 1971 874 2027 lectu
906 1985 957 2028 et
1011 1977 1241 2041 ratione,
1270 1978 1655 2046 proprietates,
1687 1980 1933 2051 inquam,
1959 1999 2081 2038 cum
2104 1987 2316 2042 naturis

730 2061 1001 2129 diviserit,
1032 2080 1139 2119 nou
1176 2081 1306 2121 vero
1356 2071 1678 2124 exsisteutia
1713 2081 1767 2126 et
1816 2083 1960 2138 actu,
2013 2090 2188 2145 neque
2221 2078 2316 2132 ab-

730 2152 918 2217 surde,
966 2169 1144 2224 neque
1196 2157 1467 2213 inerudite
1513 2158 1735 2228 fecerit;
1789 2163 1891 2219 hoc
1933 2166 2102 2231 enim,
2156 2178 2213 2223 ut
2240 2169 2313 2224 ita

732 2245 931 2310 dicam,
958 2262 1150 2304 omnes
1178 2248 1368 2307 Patres
1410 2266 1595 2323 aperte
1626 2256 1888 2314 clamant.
1931 2260 2072 2315 Audi
2106 2261 2313 2331 Grego-

731 2334 871 2388 rium
899 2336 1235 2411 Theologum
1268 2342 1540 2399 dicentem
1575 2363 1587 2400 :
1623 2347 1757 2401 Cum
1787 2360 1997 2405 natura:
2026 2353 2310 2423 coyitatio-

733 2427 887 2481 uibus
934 2443 1272 2501 separantur,
1329 2437 1738 2492 subdividuntur
1782 2451 1832 2494 et
1865 2444 2102 2508 nomina,
2150 2448 2309 2515 quasi

736 2518 961 2586 diceret,
1004 2526 1149 2593 quod
1182 2527 1509 2596 cogitatione
1550 2532 1819 2587 asseritur
1850 2534 1910 2588 ﬁt
1944 2536 2011 2590 ad
2056 2536 2310 2593 diﬂ'ercn-

728 2611 859 2665 tiam
889 2613 1199 2681 divisionis,
1230 2634 1354 2688 qua:
1396 2630 1524 2675 actu
1586 2633 1640 2678 et
1686 2626 2006 2682 exsisteutia
2039 2638 2142 2694 est,
2164 2647 2306 2700 eam,

729 2720 896 2773 quam
931 2706 1252 2778 longissime
1290 2712 1615 2779 abjicientes
1655 2725 1778 2772 actu
1812 2719 2032 2788 quidem
2082 2732 2307 2780 naturas

726 2812 852 2852 esse
887 2807 940 2852 et
968 2799 1075 2855 dici
1108 2802 1348 2867 tradunt,
1382 2804 1578 2860 harum
1602 2824 1730 2864 vero
1756 2810 2083 2868 divisionem
2108 2815 2309 2885 cogita-

729 2888 878 2944 tione
897 2901 1233 2961 acceperunt
1265 2913 1279 2947 :
1315 2910 1435 2965 qua:
1459 2897 1623 2953 rebus
1654 2899 1788 2968 ipsis
1816 2901 1991 2957 divisa
2019 2917 2126 2958 non
2152 2913 2301 2969 sunt,

728 2983 987 3045 tanquam
1023 2979 1195 3035 divisa
1232 2982 1443 3039 ratione
1471 3000 1845 3057 supponeutes
1868 3001 2088 3062 propter
2112 2993 2306 3050 immu-

728 3063 944 3118 tabilem
982 3066 1294 3135 uoitorum,
1334 3073 1498 3127 etiam
1546 3087 1667 3145 post
1719 3080 1999 3147 unionem,
2046 3083 2303 3138 diﬂ'eren-

726 3156 855 3210 tiam
891 3167 945 3211 et
983 3165 1410 3230 proprietatem;
1460 3177 1519 3221 ut
1544 3167 1657 3237 jam
1718 3172 1924 3225 clarum
1956 3174 2049 3241 sit,
2094 3176 2197 3230 dici
2235 3176 2302 3231 de

724 3250 940 3307 naturis
971 3263 1024 3306 et
1054 3257 1481 3325 proprietatibus
1510 3261 1860 3330 divisionem,
1894 3282 2016 3335 qua:
2038 3284 2102 3321 ex
2142 3269 2302 3323 intel-

724 3339 865 3394 lectu
891 3354 993 3410 est,
1024 3360 1201 3415 neque
1230 3348 1284 3401 iu
1331 3365 1608 3421 quoquam
1644 3369 1675 3407 a
1721 3370 1850 3409 vero
1908 3360 2304 3428 aberrabimus,

724 3429 853 3483 licet
880 3433 949 3486 de
999 3450 1063 3488 ea
1093 3446 1281 3491 sancta
1312 3447 1365 3492 et
1412 3442 1755 3499 meumenica
1816 3456 2010 3513 quarta
2068 3451 2306 3519 synodus

726 3522 860 3575 nihil
886 3524 1147 3591 tradidit;
1183 3530 1544 3587 nihilominus
1576 3549 1675 3589 nos
1700 3536 1934 3592 dicimus
1963 3557 1975 3589 :
2006 3556 2128 3594 cum
2159 3543 2305 3596 enim

724 3611 1084 3683 integritatem
1114 3620 1418 3690 bypostasis
1439 3626 1637 3682 Christi
1656 3632 2115 3699 contemplamur,
2135 3644 2305 3688 totum

727 3706 914 3760 animo
947 3710 1242 3778 agitamus,
1274 3717 1491 3783 quando
1517 3728 1687 3773 totum
1720 3736 1784 3775 ex
1817 3724 2065 3791 partibus
2103 3725 2307 3779 eo'nlla—

726 3806 922 3860 tur,et
962 3801 1013 3853 in
1065 3804 1307 3871 partibus
1341 3808 1741 3876 consideratur,
1804 3822 1857 3867 et
1912 3823 2024 3869 tum
2088 3818 2308 3885 potissi-

728 3904 877 3943 mum
934 3908 1057 3946 cum
1120 3911 1185 3948 ex
1236 3896 1595 3956 dissimilibus
1653 3906 2021 3976 componitur,
2075 3912 2308 3965 servatis

726 3995 924 4050 nempe
980 3983 1269 4041 iuconl‘use
1320 3991 1569 4058 partibus
1629 3995 1679 4047 in
1721 3986 1953 4063 unione,
1998 4002 2217 4069 quando
2254 4011 2310 4057 et

724 4080 940 4139 partes,
995 4091 1119 4144 quae
1176 4078 1230 4131 in
1283 4089 1394 4135 toto
1441 4094 1598 4150 sunt,
1654 4088 1819 4141 totius
1868 4099 2208 4159 repetantur,
2258 4102 2311 4148 et

727 4165 1085 4232 proprietates
1152 4171 1389 4238 partium
1447 4175 1615 4230 totius
1677 4180 2112 4248 reputabuntur,
2185 4184 2311 4241 licet

726 4256 961 4323 partium
995 4264 1211 4331 propria
1242 4279 1424 4319 sermo
1445 4268 1774 4337 cogitatione
1798 4272 2050 4330 dividens
2071 4277 2305 4346 judicat.

732 4346 897 4404 Verbi
936 4355 1108 4421 gratia
1139 4372 1154 4409 :
1190 4355 1356 4414 Visus
1397 4363 1449 4414 in
1483 4365 1748 4429 sensorio,
1782 4368 1942 4423 oculo
1969 4384 2164 4438 nempe
2193 4371 2309 4428 ﬁeri

727 4444 889 4509 solet,
917 4447 998 4502 sic
1029 4449 1191 4503 etiam
1231 4453 1536 4511 ambulatio
1563 4457 1614 4510 in
1640 4460 1922 4525 cruribus,
1952 4465 2046 4518 sed
2072 4481 2181 4519 non
2223 4467 2309 4521 di-

2418 1982 2634 2054 ἐπινοίᾳ
2690 2001 2775 2046 τις
2816 1983 2911 2037 καὶ
2943 1984 3021 2052 τῷ
3054 1984 3198 2056 λόγῳ
3235 1986 3337 2049 τὰς
3372 1987 3645 2057 ἰδιότητας
3708 1990 3847 2059 μετᾶ
3897 1991 4013 2043 τῶν

2417 2073 2634 2143 φύσεων
2665 2075 2885 2148 διαιρεῖ,
2924 2078 3021 2131 καὶ
3068 2078 3167 2148 οὑχ
3199 2078 3431 2150 ὑπάρξει
3476 2080 3571 2134 καὶ
3604 2083 3876 2153 ἐνεργείᾳ,
3904 2084 4013 2137 οὑκ

2415 2165 2522 2230 ἔξω
2558 2166 2653 2243 τοῦ
2699 2168 2908 2232 εἰκότος
2952 2170 3412 2239 ποιήσειεοτοῦτο
3460 2171 3570 2243 γὰρ
3612 2174 3801 2242 σχεδὸν
3832 2175 4011 2228 εἰπεῖν

2416 2235 2625 2319 πάντες.
2664 2257 2715 2310 οἰ
2754 2258 3000 2327 Πατέρες
3055 2235 3357 2331 διαρρήδην
3393 2235 3722 2333 κεπράγασι.
3753 2263 3865 2316 Καὶ
3897 2266 4012 2336 γὰρ

2414 2348 2717 2421 Γρηγορίου
2746 2349 2840 2403 τοῦ
2871 2350 3134 2419 Θεολόγου
3183 2350 3417 2406 ἄκουσον
3472 2353 3745 2421 λέγοντος·
3794 2354 4012 2411 Ἠνίκα

2410 2445 2523 2514 γὰρ
2546 2448 2605 2499 αι
2626 2447 2845 2515 φύσεις
2868 2447 3202 2502 διίστανται
3228 2448 3357 2515 ταῖς
3383 2449 3699 2517 ἐπινοίαις,
3729 2453 4011 2506 συνδιαι-

2401 2539 2653 2605 ροῦνται
2680 2539 2775 2593 καί
2809 2540 2881 2593 τὰ
2902 2541 3182 2610 ὀνόματα,
3215 2542 3290 2606 ὡς
3318 2537 3461 2595 εἶναι
3498 2543 3652 2614 τὸξτῇ
3678 2546 3893 2614 ἐπινοίᾳ
3916 2545 4009 2597 λε-

2408 2632 2660 2701 γόμενον,
2694 2636 2830 2703 πρὸς
2864 2634 3273 2706 ἀντιδιαστολὴν
3318 2638 3417 2707 τῆς
3449 2636 3570 2690 κατ’
3604 2638 3891 2707 ἐνέργειαν
3908 2639 4012 2692 καὶ

2410 2723 2647 2796 ὓπαρξιν
2696 2725 3036 2797 διαιρέσεως,
3085 2730 3151 2799 ἢν
3177 2729 3251 2792 ὼς
3285 2731 3634 2802 πορρωτάτω
3666 2732 4008 2798 ἀποπεμψά-

2410 2831 2561 2883 μενοι
2589 2818 2656 2885 τῇ
2708 2816 2808 2885 μέν
2846 2815 3097 2887 ἐνεργείᾳ
3126 2817 3224 2878 τὰς
3252 2816 3444 2886 φύσεις
3494 2813 3638 2871 εἶναί
3669 2834 3729 2869 τε
3773 2818 3868 2869 καὶ
3902 2833 4011 2870 κα-

2406 2906 2617 2961 λεῖσθαί
2660 2924 2813 2977 φασι,
2840 2907 2940 2978 τὴν
2992 2909 3047 2961 δὲ
3081 2908 3285 2961 τούτων
3324 2908 3588 2978 διαίρεσιν
3617 2907 3739 2962 κατ’
3760 2910 4013 2962 ἐπίνοιαν

2406 2999 2635 3068 ἔλαϐον,
2666 3000 2736 3053 τὰ
2802 3001 2878 3070 μὴ
2941 3000 3245 3071 διῃρημένα
3294 3001 3406 3063 τοῖς
3453 3000 3774 3070 πράγμασιν
3822 3000 3898 3063 ὠς
3928 3000 4009 3052 δι-

2405 3092 2663 3165 ῃρημένα
2697 3090 2774 3161 τῷ
2832 3091 2974 3161 λόγῳ
3030 3090 3429 3160 ὑποτιθέμενοι,
3488 3091 3577 3144 διὰ
3609 3092 3707 3162 τὴν
3735 3092 4009 3163 ἄτρεπτον

2404 3183 2514 3235 τῶν
2548 3181 2979 3247 ἐνωΟέντων,καὶ
3013 3183 3149 3253 μετὰ
3181 3182 3280 3253 τὴν
3300 3182 3515 3249 ἕνωσιν,
3535 3183 3797 3255 διαφοράν
3814 3201 3872 3236 τε
3910 3202 4009 3243 am

2416 3274 2846 3343 ἰδιότητα.’Ὧστε
2864 3274 3023 3343 δῆλόν
3046 3276 3161 3327 ἐστι
3188 3273 3368 3343 λέγειν
3391 3274 3484 3328 ἐπὶ
3532 3274 3642 3327 τῶν
3667 3275 3884 3343 φύσεων
3910 3276 4008 3329 καὶ

2408 3366 2517 3418 τῶν
2542 3367 2818 3435 ἰδιοτήτων
2837 3366 3119 3435 διαίρεσιν,
3142 3365 3239 3437 τὴν
3262 3368 3381 3420 κατ’
3404 3368 3646 3420 ἐπίνοιαν
3674 3367 4001 3436 λεγομένην,

2411 3458 2507 3510 καὶ
2559 3457 2714 3510 οὐδὲν
2743 3458 2837 3511 τοῦ
2895 3459 3103 3523 εἰκότος
3135 3460 3608 3531 ἀποσφαλοίμεοα,
3642 3463 3689 3515 εἰ
3728 3465 3823 3514 καὶ
3877 3465 4009 3532 περὶ

2408 3549 2611 3618 ταύτης
2641 3550 2673 3619 ἡ
2699 3550 2829 3617 ἁγία
2849 3550 2939 3603 καὶ¹
2965 3552 3317 3622 οἰκουμενικὴ
3340 3554 3577 3625 τετάρτη
3610 3554 3825 3616 σύνοδος
3846 3555 4006 3608 οὐδὲν

2409 3640 2743 3712 ἐξεφώνησε,
2774 3643 2918 3715 πλὴν
2950 3638 3042 3697 οὖν
3095 3647 3257 3714 ἡμεῖς
3278 3646 3529 3716 λέγομεν.
3552 3648 3721 3700 Ὅταν
3767 3647 3879 3716 γὰρ
3922 3650 4006 3711 εἰς

2407 3735 2505 3803 τὴν
2526 3734 2755 3804 ὀλότητα
2780 3736 2878 3803 τῆς
2895 3736 3284 3807 κατάὶΧριστδν
3307 3738 3656 3801 ὑποστάσεως
3677 3740 4003 3808 ἀποϐλέψω-

2412 3840 2534 3895 μεν,
2578 3824 2640 3877 τὸ
2689 3825 2811 3878 ὅλον
2840 3826 3305 3896 άνασκοποῦντες,
3337 3830 3524 3900 ἐπειδὴ
3565 3830 3624 3883 τὸ
3662 3830 3782 3883 ὅλον
3812 3831 3875 3883 ἐκ
3904 3848 4003 3900 με-

2414 3916 2524 3986 ρῶν
2580 3916 2890 3985 σύγκειται,
2936 3919 3030 3971 καὶ
3065 3920 3125 3971 ἐν
3159 3922 3270 3982 τοῖς
3309 3921 3501 3990 μέρεσι
3551 3921 3861 3992 Θεωρείται,
3905 3924 4004 3976 καὶ

2413 4008 2652 4078 μάλιστα
2682 4010 2812 4063 ὅταν
2862 4008 2921 4073 ἐξ
2965 4011 3381 4081 ἁνομοιομερῶν
3436 4013 3722 4081 σύγκειται
3765 4016 3826 4066 τὸ
3854 4014 4002 4075 ὅλον,

2412 4099 2737 4170 σωζομένων
2785 4101 3030 4169 δηλονότι
3092 4102 3416 4173 ἁσυγχύτως
3448 4104 3559 4157 τῶν
3603 4104 3787 4175 μερῶν
3836 4108 3895 4159 ἐν
3931 4110 4000 4175 τῇ

2411 4190 2621 4253 ἐνώσει,
2653 4192 2841 4264 ἐπειδὴ
2878 4193 2947 4246 τὰ
2979 4193 3120 4265 μέρη
3148 4194 3206 4246 ὲν
3230 4194 3309 4265 τῷ
3339 4194 3446 4265 ὅλῳ
3496 4195 3876 4267 ἐνυπάρχοντα
3904 4196 4003 4249 τοῦ

2411 4284 2538 4337 ὅλου
2597 4283 2929 4353 λογίζονται,
2968 4286 3060 4338 καὶ
3098 4284 3168 4338 τὰ
3215 4285 3484 4356 ἰδιώματα
3539 4287 3649 4340 τῶν
3690 4286 3876 4359 μερῶν
3903 4288 4001 4341 τοῦ

2410 4375 2535 4429 ὅλου
2563 4374 3000 4445 λογισθήσονται,
3035 4377 3085 4428 εἰ
3129 4375 3225 4429 καὶ
3260 4376 3369 4429 τῶν
3396 4376 3580 4447 μερῶν
3607 4377 3825 4448 ὠςβδια
3856 4370 4000 4429 εἶναι

2410 4469 2440 4520 ό
2465 4468 2618 4534 λόγος
2647 4470 2712 4536 τῇ
2742 4468 2955 4538 ἐπινοίᾳ
2982 4468 3212 4537 διαιρῶν
3251 4469 3448 4539 κρίνειο
3476 4463 3591 4522 οἶόν
3643 4470 3696 4521 τί
3726 4485 3890 4539 φημι’
3932 4470 3997 4523 Ἡ

726 4536 903 4593 cimus
934 4551 1027 4595 aut
1052 4546 1276 4600 oculum
1308 4548 1517 4615 videre,
1546 4561 1643 4607 aut
1667 4568 1829 4609 crura
1853 4555 2173 4625 ambulare;
2207 4559 2301 4615 sed

2415 4560 2598 4631 ὅρασις
2631 4561 2688 4612 ἐν
2722 4558 2800 4629 τῷ
2836 4536 3202 4630 αἰσθητηρίῳ,
3236 4536 3406 4629 ἤγουν
3454 4558 3533 4629 τῷ
3558 4536 3847 4629 ὀφθαλμῶ,
3893 4560 3999 4613 πέ-

726 4626 913 4695 homo,
945 4632 1037 4701 qui
1067 4649 1129 4688 ea
1166 4645 1427 4707 tanquam
1454 4650 1638 4708 partes
1663 4644 1924 4712 possidet,
1956 4647 2142 4704 videre
2169 4650 2304 4705 dici-

726 4731 816 4775 tur
860 4732 917 4779 et
948 4726 1246 4783 ambulare.
1289 4731 1490 4787 Eodem
1539 4734 1701 4789 modo
1754 4744 1809 4790 et
1849 4736 1916 4791 dc
1961 4737 2164 4794 Christi
2201 4740 2304 4812 hy-

726 4818 960 4883 postasi:
984 4835 1218 4889 namque
1252 4822 1318 4876 ad
1344 4824 1708 4895 integritatem
1740 4828 1885 4883 illius
1907 4831 2107 4886 mentis
2130 4832 2301 4887 aciem

728 4910 950 4978 ligentes
980 4912 1213 4967 dicimus
1239 4914 1491 4982 Ejusdem
1519 4921 1681 4974 unius
1708 4932 1912 4977 sancta:
1940 4921 2157 4978 Triadis
2182 4922 2303 4978 Filii

724 4999 821 5054 Dei
846 5014 973 5056 sunt
1000 5015 1055 5058 et
1089 5022 1177 5060 res
1199 5008 1519 5064 mirabiliter
1541 5021 1725 5080 gestae,
1760 5022 1814 5068 et
1838 5016 2144 5084 passiones.
2182 5016 2299 5071 Etsi

726 5092 1025 5147 scentulum
1055 5096 1216 5150 aliam
1250 5107 1455 5167 partem
1493 5103 1776 5170 passiones
1816 5105 1983 5168 subit,
2039 5106 2297 5161 humaui-

726 5193 890 5238 tatem
913 5186 1143 5251 scilicet,
1167 5192 1467 5245 secundum
1496 5193 1659 5247 aliam
1696 5195 1832 5251 mira
1863 5197 2048 5259 ellieit,
2077 5210 2136 5252 ut
2164 5201 2305 5269 ejus-

723 5277 846 5332 dem
883 5292 1091 5336 natura:
1152 5299 1277 5337 eum
1330 5284 1441 5341 Deo
1478 5295 1533 5341 et
1581 5287 1758 5354 Patre,
1816 5301 1871 5344 et
1934 5292 2136 5361 Spiritu
2195 5304 2299 5349 est.

726 5369 939 5426 Rursus
962 5383 1163 5443 partes,
1200 5390 1261 5430 ex
1292 5378 1491 5446 quibus
1536 5390 1707 5435 totum
1746 5385 2118 5449 constituitur,
2172 5403 2305 5441 eun-

725 5465 957 5518 servatis
990 5466 1097 5522 illis
1128 5468 1415 5525 inconfuse
1450 5471 1502 5525 iu
1540 5475 1741 5527 unione
1771 5477 2207 5539 considerantes,
2242 5488 2296 5532 ct

725 5556 1087 5612 diﬂercntiam
1114 5561 1169 5615 in
1200 5562 1403 5617 unione
1442 5563 1801 5632 invenientes,
1839 5569 1929 5621 ubi
1975 5584 2103 5622 vero
2150 5572 2304 5624 dilfr-

727 5652 925 5715 rcntia,
962 5652 1161 5707 ibidem
1198 5658 1424 5712 omnino
1446 5665 1500 5712 ct
1527 5675 1790 5715 numerus
1813 5662 2198 5727 introducitur,
2229 5673 2307 5718 tot

728 5744 961 5801 dicimus
979 5757 1159 5815 partes
1175 5764 1318 5814 esse,
1343 5751 1553 5807 ratione
1572 5752 1933 5817 discriminis,
1960 5772 2061 5810 nec
2085 5774 2113 5809 a
2137 5774 2303 5824 scopo

730 5838 1067 5897 aberramus.
1121 5842 1573 5913 Quandoquidem
1607 5848 1736 5903 unio
1764 5857 1848 5903 est
1906 5866 2117 5913 eorum,
2181 5867 2301 5920 qux

2409 4666 2548 4718 φυκε
2580 4648 2849 4717 γίνεσθαι,
2898 4647 3161 4713 ὡσαύτως
3201 4648 3258 4702 δὲ
3313 4649 3405 4701 καὶ
3444 4651 3478 4719 ἡ
3522 4649 3728 4718 βάδισις
3778 4652 3836 4702 ἐν
3881 4653 3997 4715 τοῖς

2408 4741 2680 4794 σκέλεσιν·
2715 4741 2830 4793 ἀλλ’
2862 4742 2923 4793 οὐ
2956 4740 3208 4811 λέγομεν,
3238 4742 3320 4794 ὅτι
3360 4741 3390 4793 ό
3419 4741 3695 4812 ὀφθαλμὸς
3716 4743 3838 4811 ὁρᾷ,
3866 4743 3898 4813 ἢ
3927 4742 3997 4795 τὰ

2409 4832 2575 4902 σκέλη
2610 4831 2838 4903 βαδίζει,
2856 4833 2971 4885 ἀλλ’
3004 4833 3291 4903 ἄνθρωπος
3316 4834 3344 4886 ό
3371 4834 3546 4887 ταῦτα
3575 4834 3713 4904 ἔχων
3743 4834 3819 4897 ὡς
3850 4835 3994 4908 μέρη

2405 4925 2625 4993 λέγεται
2658 4924 2878 4995 βλέπειν
2926 4926 3020 4978 καὶ
3080 4926 3337 4995 βαδίζειν.
3374 4926 3588 4979 Οὑτωσὶ
3634 4927 3729 4981 καὶ
3762 4927 3857 4978 ἐπὶ
3893 4927 3995 4995 τῆς

2408 5017 2759 5080 ὑποστάσεως
2779 5015 2873 5069 τοῦ
2900 5016 3162 5086 Χριστοῦ.
3199 5019 3371 5071 Ὅταν
3401 5018 3505 5087 γὰρ
3523 5017 3602 5079 εἰς
3633 5018 3733 5088 τὴν
3762 5016 3993 5086 ὀλότητα

2406 5110 2575 5179 αὐτῆς
2590 5108 2902 5179 βλέπωμεν,
2928 5107 3181 5177 λέγομεν,
3217 5107 3391 5160 Αὑτοῦ
3417 5107 3511 5159 τοῦ
3543 5107 3661 5171 ἐνὸς
3692 5108 3791 5176 τῆς
3827 5108 3993 5174 άγξας

2407 5202 2658 5271 Τριάδος,
2706 5200 2956 5254 τουτέστι
3006 5200 3100 5254 τοῦ
3152 5200 3282 5253 Υἱοῦ
3328 5200 3423 5252 τοῦ
3464 5198 3626 5261 Θεοῦ,
3668 5199 3775 5251 εἰσὶ
3815 5200 3886 5253 τά
3930 5216 3991 5253 τε

2407 5293 2685 5365 θαύματα,
2722 5294 2818 5347 καὶ
2850 5293 2918 5346 τά
2966 5292 3143 5363 πάθη,
3179 5294 3228 5345 εἰ
3280 5294 3374 5346 καὶ
3423 5292 3543 5345 κατ’
3574 5292 3703 5346 ἄλλο
3731 5292 3898 5362 μέρος
3923 5292 3993 5346 τὰ

2407 5388 2556 5457 πάθη
2588 5388 2907 5458 ἀναδέχεται
2943 5388 3085 5440 κατὰ
3122 5389 3185 5439 τὸ
3227 5386 3592 5456 ἀνθρώπινον,
3627 5386 3750 5439 κατ’
3780 5385 3911 5439 ἄλλο
3937 5386 3994 5439 δέ

2405 5481 2474 5532 τὰ
2526 5481 2728 5548 σημεῖα
2781 5480 2946 5541 ποιεῖ,
2979 5477 3055 5540 ῶς
3108 5477 3426 5547 όμοούσιος,
3458 5476 3703 5546 δηλονότι
3749 5476 3828 5545 τῷ
3872 5476 3995 5547 Θεῷ

2407 5573 2502 5624 καὶ
2534 5572 2731 5641 Πατρὶ,
2775 5572 2869 5624 καὶ
2897 5570 2977 5641 τῷ
3006 5570 3309 5639 Πνεύματι.
3341 5570 3511 5622 Ὅταν
3540 5568 3586 5620 δ’
3630 5566 3699 5621 αὖ
3729 5567 3891 5620 πάλιν
3913 5570 3993 5629 εἰς

2406 5664 2473 5716 τὰ
2517 5664 2681 5733 μέρη,
2714 5663 2773 5727 ἐξ
2816 5656 2891 5718 ὧν
2924 5662 2985 5716 τὸ
3034 5663 3153 5715 ὅλον
3182 5662 3486 5730 σύγκειται,
3529 5659 3853 5730 σωζομένων
3888 5660 3958 5712 αὑ

2407 5756 2518 5809 τῶν
2545 5756 2788 5828 δηλονότι
2837 5755 3163 5827 ἀσυγχύτως
3209 5758 3268 5809 ἐν
3307 5757 3374 5826 τῇ
3424 5755 3615 5808 ἐνώσει
3670 5752 3991 5820 σκοπῶμεν,

2410 5850 2503 5904 καὶ
2546 5852 2650 5929 τῆς
2688 5849 2952 5921 διαφορᾶς
2981 5851 3037 5904 ἐν
3068 5852 3134 5921 τῇ
3163 5848 3377 5917 ἐνῶσει,
3406 5844 3801 5918 εὑρισκομένης
3832 5842 3990 5914 (ὅπου
