4194 6432
176 354 299 417 609

1098 353 1532 415 REFUTATIO
1560 354 1941 415 EPISTOLJE
1973 355 2204 415 REGIS
2240 356 2629 417 ARMENLE.

3350 373 3457 438 (310

171 467 243 518 δὲ
286 463 543 537 διαφορὰ,
584 462 702 518 ἐκεῖ
733 465 951 527 πάντως
988 464 1078 518 καὶ
1110 466 1139 517 ό
1181 466 1414 537 ἀριθμὸς
1460 466 1777 533 συνεισάγε-

1884 469 1948 521 ad
1977 468 2184 537 aliquid
2210 479 2339 523 sunt
2371 489 2383 524 :
2417 475 2549 526 unio
2577 474 2721 527 enim
2747 490 2961 541 corum,
3002 494 3120 548 qum
3172 481 3457 553 uniuntur,

178 563 335 633 tas)"
364 563 610 632 δηλονότι
630 563 784 617 ’τόσα
817 563 1051 633 λέγομεν
1102 565 1171 616 τὰ
1206 563 1349 633 μέρη
1397 564 1666 634 ὑπάρχειν
1699 564 1777 633 τῷ

179 653 335 725 λόγῳ
376 656 477 724 τῆς
524 656 812 725 διαφορᾶς,
860 654 956 708 καὶ
998 654 1151 708 οὐδὲν
1184 654 1513 725 σφάλλομεν.
1558 653 1777 724 Ἐπειδὴ

182 748 227 816 ἡ
259 746 365 816 μὲν
394 747 589 809 ἐνωσις
618 747 728 799 τῶν
763 747 901 817 πρός
949 746 1002 799 τί
1046 748 1184 800 ἐστι.
1217 746 1329 799 Καὶ
1372 746 1479 817 γάρ
1514 747 1548 817 ἠ
1586 745 1778 809 ἔνωσις

184 840 510 910 ὲνουμένων
566 840 713 891 ἐστὶν
766 840 996 904 ἓνωσις,
1046 838 1139 892 καὶ
1184 838 1252 891 τὰ
1284 838 1549 909 ἑνούμενα
1588 836 1779 891 ἑνώσει

183 932 460 984 ἑνοῦνται·
494 931 755 995 ὡσαύτως
787 932 843 984 δὲ
877 933 973 985 καὶ
1009 929 1069 982 τὸ
1096 929 1251 995 ὅλον,
1297 930 1479 1001 μερῶν
1512 930 1651 993 ὅλον,
1685 931 1780 983 καὶ

181 1029 255 1078 τὰ
294 1026 441 1096 μέρη
469 1026 592 1078 ὅλου
651 1026 813 1095 μέρη.
868 1026 949 1078 Τά
1004 1025 1061 1076 δὲ
1104 1025 1237 1094 πρός
1290 1042 1364 1088 τι,
1420 1024 1514 1076 ἐὰν
1553 1023 1779 1093 θάτερον

187 1118 452 1189 ἐνεργείᾳ
497 1113 564 1191 ᾗ,
611 1121 705 1170 καὶ
740 1118 801 1170 τὸ
857 1119 1043 1188 ἓτερον
1092 1117 1334 1188 δηλονότι
1396 1113 1456 1181 ἐξ
1513 1116 1778 1186 ἀνάγκης.

201 1212 363 1263 Ἐπεὶ
395 1210 489 1263 οὑν
515 1213 551 1281 η
575 1211 716 1263 κατὰ
750 1211 797 1287 ’Χ
807 1209 990 1280 ριστὸν
1017 1209 1205 1279 όλότης
1231 1208 1325 1261 καὶ
1357 1210 1390 1278 ἡ
1411 1208 1601 1271 ἒνωσις
1628 1209 1781 1277 ἐνερ-

184 1303 316 1371 γείᾳ.
350 1303 613 1371 πρόσεστι
662 1303 755 1355 καὶ
787 1302 856 1355 τά
887 1301 1027 1371 μέρη
1058 1302 1315 1371 ἐνεργείᾳ
1337 1300 1573 1363 ἔσονται,
1616 1299 1711 1352 καὶ
1741 1300 1773 1369 ἡ

184 1394 397 1445 τούτων
452 1394 710 1462 διαφορά.
759 1393 823 1445 Εἰ
874 1392 930 1446 δὲ
979 1391 1137 1445 τοΞτο
1178 1392 1399 1463 ἀληθὲς,
1449 1390 1637 1462 ὥσπερ
1689 1390 1783 1443 οὖν

185 1490 278 1538 καὶ
308 1486 536 1556 ἀληθὲς,
577 1488 605 1537 ό
644 1486 719 1555 μὴ
752 1485 1030 1557 ὁμολογῶν
1053 1486 1121 1538 τὰ
1148 1486 1289 1555 μέρη
1330 1484 1466 1537 τόσα
1499 1479 1656 1550 εἶναι,
1692 1484 1785 1553 δη-

182 1580 367 1631 λονότι
394 1580 517 1631 οὑδὲ
562 1578 622 1630 τὸ
648 1578 769 1632 ὅλον
810 1579 1038 1649 φήσειεν
1086 1578 1152 1631 ἂν
1182 1574 1343 1639 εἶναι,
1378 1577 1512 1629 ἀλλὰ
1542 1577 1648 1629 τῶν
1684 1593 1783 1647 με·

188 1674 299 1739 ρῶν
349 1674 451 1742 τῆς
494 1672 760 1741 διαφορᾶς
792 1671 1213 1741 ἀναιρουμένης,
1245 1670 1337 1722 καὶ
1381 1669 1442 1721 τὸ
1485 1670 1606 1723 ὅλον
1653 1669 1785 1738 φθα-

188 1769 445 1835 ρήσεται.
479 1765 587 1817 Καὶ
620 1764 701 1826 τίς
731 1762 796 1816 ἂν
827 1764 891 1815 οὑ
924 1764 1145 1833 συνήσει
1177 1762 1238 1814 τὸ
1276 1762 1511 1827 ἄτοπονς
1540 1759 1783 1829 Φανερὸν

182 1861 315 1927 ἄρα,
348 1859 432 1910 ὅτι
482 1860 597 1911 ὅσοι
632 1855 733 1925 τὴν
781 1855 912 1924 μίαν
960 1855 1262 1908 ὑπόστασιν
1296 1853 1390 1906 τοῦ
1422 1850 1663 1925 Χριστοῦ
1699 1851 1777 1915 ὡς

1879 558 2010 611 unio
2028 568 2129 625 est,
2151 569 2336 629 etqum
2352 564 2639 629 uniuntur,
2662 567 2859 623 unione
2876 570 3155 625 uniuntur.
3180 573 3269 627 Sic
3292 577 3455 629 etiam

1880 658 2049 704 totum
2074 652 2309 719 partium
2339 661 2506 707 totum
2541 661 2645 719 est,
2674 665 2725 709 et
2755 666 2935 725 partes
2962 660 3127 714 totius
3152 671 3350 729 partes.
3385 664 3460 720 Ea

1877 756 2038 811 porro
2062 758 2183 812 quae
2214 743 2279 797 ad
2316 744 2519 814 aliquid
2545 757 2695 811 sunt,
2733 750 2775 803 si
2811 767 2979 806 unum
3009 769 3072 808 ex
3103 754 3169 808 iis
3192 764 3314 809 actu
3352 762 3460 820 est,

1880 848 2102 887 necesse
2122 848 2224 900 est,
2259 845 2312 889 et
2337 837 2565 892 alterum
2589 854 2728 894 esse.
2757 839 2892 894 Cum
2939 844 3119 914 itaque.
3138 845 3345 901 Christi
3378 846 3463 900 in-

1881 926 2102 996 tegritas
2160 938 2213 982 ct
2258 929 2391 983 unio
2437 942 2557 983 actu
2594 942 2696 998 est,
2729 943 2891 988 erunt
2927 943 2979 989 et
3023 947 3204 1006 partes
3238 942 3465 994 omnino

1880 1029 2027 1088 actu,
2058 1028 2111 1073 et
2134 1035 2322 1074 eorum
2348 1021 2661 1076 discrimen.
2700 1024 2809 1080 Iloc
2847 1028 2890 1081 si
2924 1042 3111 1082 verum
3134 1042 3234 1093 est,
3270 1048 3464 1101 quem—

1880 1110 2169 1165 admodum
2219 1130 2405 1167 verum
2472 1124 2575 1177 est,
2645 1118 2735 1185 qui
2781 1134 2887 1173 non
2944 1122 3235 1175 conﬁtetur
3285 1135 3465 1193 partes

1883 1210 1962 1255 tot
1990 1219 2129 1269 csse,
2165 1219 2345 1274 neque
2373 1214 2545 1261 totum
2588 1205 2852 1264 fatebitur
2883 1228 3024 1275 esse.
3072 1214 3166 1267 sed
3222 1215 3456 1283 ρ-ιιιίιιιιι

1883 1293 2185 1350 dillerentia
2219 1297 2455 1365 sublata,
2488 1307 2660 1353 totum
2685 1315 2903 1370 quoque
2932 1306 3194 1360 destruet.
3238 1308 3298 1361 Et
3332 1310 3462 1376 quis

1884 1386 2184 1442 absurdum
2250 1390 2326 1443 rei
2376 1391 2731 1463 ineptumque
2762 1410 2869 1449 non
2903 1398 3118 1464 capiet?
3156 1398 3307 1455 Patet
3358 1403 3463 1457 ita-

1884 1495 1986 1547 que
2008 1498 2124 1545 eos,
2148 1482 2244 1551 qui
2277 1497 2443 1536 unam
2470 1484 2673 1541 Christi
2703 1488 3062 1557 hypostasim,
3089 1493 3255 1544 veluti
3286 1502 3461 1548 totum

1883 1577 2155 1645 quoddam
2201 1593 2267 1631 ex
2339 1579 2540 1633 deitate
2593 1589 2647 1634 et
2702 1580 3040 1636 humanitate
3099 1588 3461 1654 compositmu

1886 1670 2233 1739 proﬁtentur,
2272 1681 2455 1741 partes
2486 1673 2623 1729 duas
2653 1675 2862 1730 scilicet
2888 1687 3110 1732 naturas
3144 1682 3462 1735 necessario

1884 1760 2151 1824 iussuros,
2190 1761 2313 1817 licet
2341 1778 2436 1817 vos
2461 1764 2514 1818 id
2550 1765 2826 1819 abnuatis.
2878 1766 3031 1831 Quod
3080 1778 3269 1823 sancta
3300 1769 3465 1824 Chal-

1882 1853 2204 1906 cedoncnsis
2243 1856 2484 1923 synodus
2514 1855 2688 1924 palam
2725 1858 3111 1927 promulgavit.

181 1956 307 2007 ὅλον
344 1970 399 2005 τι
431 1954 496 2005 ἐκ
539 1951 792 2020 θεότητος
841 1951 933 2003 καὶ
969 1947 1407 2020 [ἀνθρωπότητος
1477 1946 1840 2018 συγκειμένην
1872 1945 2220 2017 ὁμολογοῦσι,
2266 1948 2359 2000 καὶ
2404 1947 2474 2001 τὰ
2518 1948 2660 2019 μέρη
2710 1950 2803 2004 δύο
2838 1951 3029 2019 φύσεις
3076 1953 3283 2010 εῐποιεν
3309 1956 3375 2010 ἂν
3405 1958 3465 2024 ἐξ

182 2049 458 2115 ἀνάγκης,
491 2046 596 2099 κᾶν
632 2046 791 2116 ὑμεῖς
827 2044 903 2117 μὴ
959 2043 1245 2114 βούλησθε,
1293 2044 1429 2113 ὅπερ
1462 2043 1495 2113 ἡ
1540 2043 1597 2094 ὲν
1638 2040 1940 2111 Χαλκηδόνι
1975 2041 2104 2109 ἁγία
2150 2040 2371 2105 σύνοδος
2405 2042 2622 2111 τρανῶς
2655 2041 2985 2116 ἑξεφώνησε.

258 2140 330 2214 η’.
362 2143 436 2194 Τὸ
466 2141 521 2193 δὲ
560 2140 721 2194 πάλιν
762 2140 1067 2207 λέγειν,ὃτι
1104 2139 1174 2194 ’11
1220 2136 1467 2206 τετάρτη
1509 2136 1773 2201 σύνοδος

1947 2135 2004 2189 8.
2036 2134 2304 2190 Prtcterca
2353 2136 2486 2189 illud
2550 2139 2697 2201 item,
2760 2148 3002 2206 quartam
3057 2140 3314 2207 synodum
3358 2158 3463 2196 una

182 2232 505 2302 συμφωνεῖ
528 2233 608 2297 τῷ
634 2232 959 2299 Νεστορίῳ,
992 2231 1081 2285 ὅτι
1112 2230 1223 2284 δύο
1246 2230 1465 2299 φύσεις
1489 2229 1780 2295 λέγουσα,

184 2327 468 2391 κάκεῖνος
503 2325 787 2389 ὡσαύτως
814 2324 923 2377 δύο
949 2325 1166 2393 φύσεις
1194 2323 1389 2391 λέγων
1408 2361 1423 2384 ,
1463 2317 1784 2388 ὁμοφρονεῖ

184 2420 269 2485 τῷ
326 2418 652 2485 Νεστορίῳ.
712 2416 888 2483 Πλὴν
932 2414 1319 2482 διαφέρονται
1380 2414 1470 2477 εις
1540 2413 1612 2465 τὰ
1665 2410 1776 2463 δύο

186 2509 506 2575 πρόσωπα,
546 2506 783 2558 ἐκείνου
816 2504 941 2573 ¹μὲν
990 2504 1279 2573 λέγοντος
1325 2504 1435 2556 δύο
1464 2503 1778 2570 πρόσωπα,

185 2597 380 2665 αὐτῆς
426 2596 494 2649 δὲ
529 2593 903 2662 δοξαζούσης
948 2593 1050 2647 ἓν·
1100 2595 1199 2647 καὶ
1248 2594 1347 2648 διὰ
1405 2593 1582 2647 τοῦτο
1638 2592 1782 2658 τοὺς

187 2688 559 2754 ὀρθοόόξους
598 2685 983 2756 χλευάσασα,
1046 2685 1135 2738 ὅτι
1200 2686 1271 2739 οὐ
1322 2683 1663 2753 συμφρονεῖ
1702 2684 1783 2747 τῷ

184 2779 528 2846 Νεστορίῳ,
587 2776 814 2831 αὐτόθεν
874 2775 1267 2846 φανερωτάτην
1318 2776 1433 2845 ἔχει
1495 2776 1595 2845 τὴν
1657 2777 1781 2829 ἐπὶ·

187 2871 357 2940 ληψιν
419 2872 487 2921 ὲκ
563 2866 659 2920 τοῦ
734 2885 829 2920 σου
900 2867 1098 2935 λόγου,
1169 2867 1252 2920 ὅτι
1327 2868 1427 2937 οὐχ
1488 2868 1784 2937 ὁμοφρονεῖ

188 2966 271 3035 τῷ
336 2962 652 3035 Νεστορίῳ,
712 2960 895 3024 καθὼς
945 2961 1263 3030 ψευδοεπῶν
1312 2964 1665 3031 κατηγορεῖς.
1716 2960 1781 3014 El

189 3059 301 3129 γὰρ
350 3059 379 3109 ό
411 3058 510 3127 μὲν
557 3058 649 3111 δύο
699 3057 968 3127 πρόσωπα
1010 3055 1245 3121 δοξάζει,
1281 3054 1523 3123 δηλονότι
1559 3054 1782 3118 καὶτὰς

184 3151 282 3203 δύο
307 3149 500 3219 φύσεις
542 3146 957 3219 κεχωρισμένας
1007 3144 1411 3207 ἰδιοσυστάτους
1442 3142 1608 3208 οὕσας
1646 3146 1777 3213 ὀμοο

184 3243 359 3309 λογεί,
390 3240 481 3294 διά
518 3258 600 3293 τοι
626 3239 785 3292 τοῦτο
813 3240 907 3291 καὶ
927 3238 1026 3308 τὴν
1058 3237 1255 3290 ἕνωσιν
1288 3236 1493 3289 τούτων
1524 3236 1781 3306 σχετικὴν

185 3334 361 3402 λέγει.
410 3333 475 3384 Ἥ
505 3332 561 3384 δὲ
589 3331 722 3399 ἁγία
751 3330 990 3393 σύνοδος,
1024 3329 1100 3392 ὡς
1132 3330 1196 3382 σὺ
1232 3330 1358 3401 φὴς,
1393 3329 1456 3381 ἓν
1488 3329 1779 3397 πρόσωπον

186 3425 286 3476 καὶ
331 3421 464 3492 μίαν
496 3421 795 3474 ὑπόστασιν
845 3417 1202 3483 θεσπίζουσα,
1254 3417 1491 3487 φανερὸν
1539 3418 1624 3469 ὅτι
1679 3416 1780 3477 τὰς

1888 2243 2005 2280 cum
2059 2225 2308 2280 Nestorio
2340 2229 2553 2289 sentire.
2590 2230 2729 2298 quod
2762 2231 2895 2283 duas
2924 2245 3148 2284 naturas
3178 2233 3415 2301 fateatur
3445 2251 3463 2287 :

1880 2320 2127 2373 similiter
2156 2322 2318 2372 etiam
2367 2336 2487 2372 cum
2534 2321 2779 2374 Nestorio
2807 2325 3125 2376 concordare
3168 2328 3466 2395 quicunque

1884 2411 2019 2463 duas
2076 2423 2301 2465 naturas
2354 2412 2553 2479 fatetur
2586 2428 2603 2467 :
2636 2415 2688 2467 in
2721 2432 2779 2468 eo
2816 2421 3179 2470 tantummodo
3227 2420 3464 2487 (li/ferre,

1880 2505 2017 2571 quod
2046 2505 2136 2556 illi:
2161 2504 2315 2567 duas,
2352 2506 2587 2573 synodus
2623 2524 2782 2559 unam
2812 2520 3020 2561 tantum
3063 2528 3343 2578 personam
3380 2524 3459 2565 te-

1882 2602 2026 2654 neat,
2060 2603 2110 2646 et
2148 2610 2239 2660 per
2267 2593 2320 2645 id
2357 2594 2539 2661 fucum
2570 2596 2877 2649 ortlmrloxis
2916 2598 3120 2665 fecisse,
3154 2598 3375 2665 jactmts
3404 2616 3459 2652 sc

1882 2700 1913 2734 a
1951 2682 2203 2736 [Vestorio
2231 2683 2535 2747 dissentire,
2566 2697 2631 2736 cx
2687 2694 2777 2736 tua
2828 2686 3001 2753 ipsius
3035 2686 3283 2737 oratione
3312 2701 3468 2754 aper-

1883 2776 2093 2830 tissime
2128 2776 2394 2830 refellitur
2416 2816 2432 2841 ,
2465 2776 2963 2845 comprobaturque
3002 2792 3121 2831 eam
3153 2792 3179 2829 a
3214 2775 3468 2830 Nestorio

1884 2869 2215 2935 discrepare,
2256 2868 2357 2922 etsi
2397 2868 2512 2937 ipse
2561 2867 2701 2921 falso
2728 2883 2846 2921 eam
2888 2867 3219 2923 cuininaris.
3254 2868 3464 2921 Etenim

1882 2958 2190 3013 Nestorium
2224 2960 2363 3013 duas
2408 2968 2634 3013 naturas
2680 2960 3083 3013 existimantem
3142 2960 3320 3029 palam
3382 2970 3467 3013 est

1883 3052 2020 3106 duas
2052 3061 2277 3106 naturas
2304 3052 2551 3107 diversas
2600 3068 2696 3121 per
2746 3067 2804 3106 se
2856 3052 3219 3107 subsistentes
3264 3053 3461 3107 t'atcri:

1883 3143 2114 3213 ideoque
2144 3158 2335 3197 eorum
2397 3145 2654 3197 unionem
2723 3143 3023 3197 secundum
3089 3144 3463 3198 habitudinem

1884 3245 2063 3290 vocat.
2105 3236 2302 3289 Sancta
2363 3252 2491 3289 vero
2521 3238 2785 3307 synodus,
2823 3248 2877 3291 ut
2912 3248 2965 3292 tu
3004 3238 3105 3301 ais,
3142 3253 3304 3290 unam
3340 3253 3463 3306 per-

1881 3344 2074 3385 sonam
2110 3340 2164 3382 et
2223 3345 2386 3381 unam
2426 3330 2763 3399 hypostasim
2807 3330 3080 3394 sanciens,
3135 3331 3273 3384 duas
3306 3340 3468 3383 natu-

1888 3434 1979 3472 ras
2010 3420 2061 3471 in
2124 3434 2230 3471 una
2284 3434 2513 3487 persona
2563 3434 2657 3489 per
2710 3421 3007 3473 ossi-ntiam
3058 3430 3111 3473 et
3165 3421 3467 3474 St'Ctltttltlm

183 3514 383 3582 φύσεις
406 3514 466 3565 ὲν
516 3511 592 3582 τῷ
621 3511 701 3564 ἑνὶ
730 3508 1011 3581 προσώπῳ
1048 3508 1323 3573 ούσιωδῶς
1357 3510 1452 3563 καὶ
1494 3507 1617 3563 καθ’
1648 3508 1777 3560 ὑπό-

1889 3512 2224 3581 hypostasim
2282 3513 2482 3575 unitas,
2525 3523 2582 3564 ut
2630 3513 2745 3578 ipse
2780 3513 2909 3566 mihi
2947 3515 3272 3582 persuadeo,
3309 3530 3461 3568 asse-

186 3622 383 3659 στασιν
408 3604 694 3675 ἡνωμένας
718 3604 854 3673 φαίη
881 3603 967 3657 ἄν’
1004 3604 1062 3655 οὑ
1088 3602 1196 3673 γὰρ
1219 3602 1285 3657 ἂν
1315 3603 1489 3666 ἄλλως
1522 3602 1777 3671 ἐγχωρεῖ,

184 3697 285 3751 δύο
318 3696 509 3766 φύσεις
547 3695 729 3764 λέγειν
759 3696 815 3748 ὲν
850 3694 931 3747 ἑνὶ
968 3693 1245 3763 προσώπῳ
1291 3695 1386 3748 καὶ
1423 3695 1523 3765 μιᾷ
1550 3697 1616 3764 τῇ
1649 3695 1780 3747 ὑπο-

187 3792 404 3851 στάσει,
450 3790 499 3841 ει
538 3788 613 3858 μὴ
664 3786 788 3839 καθ’
826 3786 1126 3840 ὑπόστασιν
1166 3786 1260 3839 καὶ
1302 3784 1576 3847 οὑσιωδῶς
1608 3785 1781 3855 ἥνων-

184 3901 301 3937 ται.
358 3874 419 3936 Εἰ
466 3881 522 3933 δὲ
556 3879 735 3944 τοῦτο,
772 3879 1007 3950 φανερὸν
1030 3878 1299 3932 δέδεικται
1336 3879 1402 3930 ὲκ
1436 3877 1531 3931 τοῦ
1564 3878 1657 3931 σοῦ
1690 3878 1779 3931 λό-

185 3992 313 4044 γου,
362 3975 446 4027 ὅτι
476 3974 536 4026 οὑ
576 3972 994 4042 κεχωρισμένας
1026 3971 1125 4035 τὰς
1153 3971 1344 4039 φύσεις
1374 3971 1468 4024 καὶ
1496 3970 1594 4033 τὰς
1628 3971 1780 4040 ἐνερ-

187 4068 348 4135 γείας
401 4066 495 4119 ἐπὶ
542 4065 783 4135 Χριστοῦ
835 4065 1047 4136 λέγειη
1090 4064 1225 4133 ἁγία
1270 4066 1366 4119 καὶ
1417 4063 1777 4133 οἱκουμενικὴ

194 4160 434 4229 τετάρτη
491 4156 748 4223 σύνοδος,
802 4156 918 4211 ἀλλ’
952 4158 1239 4229 ήνωμένας
1294 4156 1418 4209 καθ’
1457 4156 1775 4210 ὑπόστασιν.

193 4250 309 4304 Καὶ
338 4250 515 4312 άλλως
563 4250 623 4301 τὸ
649 4249 804 4302 αὑτό·
868 4249 930 4302 Εἰ
970 4249 1056 4301 διὰ
1107 4248 1205 4319 τὴν
1233 4248 1428 4301 ἕνωσιν
1457 4247 1552 4301 καὶ
1587 4248 1776 4318 μόνην,

193 4342 341 4410 λέγω
383 4341 447 4411 δὴ
490 4341 588 4411 τὴν
641 4340 763 4394 καθ’
808 4341 1145 4403 ὑπόστασιν,
1201 4340 1252 4392 οἱ
1292 4340 1392 4409 τῆς
1453 4338 1778 4409 Ἐκκλησίας

190 4433 449 4503 τρόφιμοι
487 4431 842 4503 διαφέρονται
867 4428 946 4501 τῷ
989 4430 1291 4499 Νεστορὶῳ,
1326 4427 1513 4492 καθὼς
1543 4434 1640 4483 καὶ
1665 4430 1694 4481 ό
1720 4432 1777 4482 ὲν

190 4526 373 4592 ἁγίοις
406 4522 673 4593 Κύριλλος
706 4522 925 4591 φάσκει,
956 4524 1051 4575 καὶ
1089 4523 1151 4574 οὑ
1172 4521 1261 4575 διά
1289 4519 1389 4583 τὰς
1416 4520 1512 4574 δύο
1562 4520 1775 4590 φύσεις,

191 4618 260 4669 σὺ
305 4616 364 4668 δὲ
400 4615 562 4678 αὐτὸς
611 4615 768 4683 ἔφης,
824 4614 907 4666 ὃτι
963 4614 997 4683 ὴ
1051 4612 1269 4675 σύνοδος
1330 4611 1651 4681 διαφέρεται
1700 4611 1778 4681 τῷ

191 4706 475 4776 Νεστορίῳ
504 4705 648 4758 κατᾶ
675 4705 736 4757 τὸ
770 4703 828 4759 ἒν
868 4705 1179 4772 πρόσωπον,
1228 4703 1324 4758 καὶ
1374 4702 1443 4757 τὰ
1483 4701 1598 4765 δύο,
1638 4703 1776 4772 ὅπερ

191 4801 340 4851 ποιεῖ
377 4797 437 4849 τὸ
474 4797 572 4866 μὲν
609 4795 689 4861 ἓν,
720 4795 833 4848 τῶν
867 4795 1084 4865 φύσεων
1117 4795 1215 4865 τὴν
1248 4794 1463 4859 ἕνωσιν,
1496 4794 1565 4848 τὰ
1590 4794 1647 4848 δὲ
1679 4793 1776 4847 δύο

188 4890 289 4960 τὴν
321 4888 609 4959 διαίρεσινυ
644 4886 879 4957 φανερὸν
922 4888 1005 4939 ὅτι
1040 4886 1180 4939 κατὰ
1208 4885 1268 4939 τὸ
1294 4886 1455 4957 ὀρθὸν
1500 4887 1601 4956 τῆς
1645 4886 1771 4938 Ἐκ-

192 4982 425 5050 κλησίας
468 4979 787 5050 διαφέρεται
819 4980 853 5049 ἡ
894 4978 1114 5040 σύνοδος
1146 4978 1225 5048 τῷ
1277 4978 1581 5049 Νεστορὶῳ.
1617 4979 1679 5031 El
1715 4978 1773 5031 δὲ

187 5072 369 5134 τοῦτο,
422 5071 665 5141 δηλονότι
696 5070 818 5123 οὐδὲ
870 5072 1169 5141 συμφωνεῖ.
1206 5070 1431 5134 ’Λδίκως
1472 5070 1581 5140 ἄρα
1621 5071 1773 5141 παρὰ

192 5163 287 5215 σού
321 5165 765 5229 συκοφαντεῖται.
803 5163 912 5215 Καὶ
946 5164 1028 5215 ὅτι
1062 5162 1218 5216 τοῦτο
1249 5162 1469 5234 ἀληθὲς,
1503 5162 1777 5232 Κυρίλλου

190 5258 427 5307 ἄκουσον
451 5254 587 5323 πρὸς
623 5254 881 5323 Εὑλόγιον
907 5254 975 5307 δι’
1006 5255 1297 5323 ἐπιστολῆς
1324 5256 1516 5317 αὑταῖς
1544 5253 1775 5319 λέξεσιν*

202 5346 745 5415 Ἐπιλαμόἁνονταί
761 5363 919 5412 τινες
938 5347 1046 5414 τῆς
1058 5346 1369 5413 ἐκθέσεως,
1389 5345 1470 5415 ῆν
1480 5346 1661 5401 usual
1662 5363 1770 5413 ην-

188 5455 282 5492 ται
306 5441 360 5492 ol
401 5439 767 5492 ’Λνατολικοί
787 5455 799 5467 ·
838 5441 940 5492 καί
972 5456 1122 5509 φασι
1143 5456 1155 5469 ·
1198 5438 1300 5493 Διὰ
1330 5440 1387 5493 τί
1411 5439 1521 5494 δύο
1554 5440 1771 5507 φύσεις

188 5530 600 5599 ὀνομαζόντων
642 5530 862 5594 αὐτῶν,
904 5531 1202 5602 ἠνέσχετο
1256 5532 1354 5585 καὶ
1390 5533 1693 5601 ἐπῄνεσεν
1738 5536 1772 5587 ό

186 5622 297 5688 τῆς
334 5622 824 5691 Ἀλεξανδρείας;
844 5626 908 5677 οι
934 5622 1001 5676 δὲ
1028 5625 1099 5678 τὰ
1124 5625 1450 5692 Νεστορ;ὀυ
1472 5623 1768 5693 φρονοῦν-

186 5731 283 5779 τες
336 5715 593 5784 λέγουσι
638 5717 920 5771 κάκεῖνον
963 5717 1117 5770 οὕτω
1149 5716 1415 5786 φρονεῖν,
1464 5715 1766 5785 συναρπά·

190 5805 387 5876 (erret;
418 5810 562 5877 τοὺς
592 5812 703 5865 οὐκ
735 5810 967 5877 εἰδότας
999 5810 1063 5865 τὸ
1086 5810 1347 5879 ἀκριϐές.
1383 5809 1506 5878 Χρὴ
1546 5806 1614 5861 δὲ
1645 5806 1768 5873 τοῖς

1885 3615 2140 3658 veratura
2171 3613 2251 3657 est
2282 3622 2292 3657 :
2324 3620 2501 3672 neque
2529 3603 2674 3657 enim
2712 3604 2827 3658 ﬁeri
2881 3615 3059 3674 potest
3128 3606 3265 3661 duas
3297 3616 3461 3659 natu-

1885 3712 1974 3750 ras
2009 3697 2061 3749 in
2097 3711 2204 3749 una
2232 3712 2469 3765 persona
2536 3705 2589 3751 et
2627 3712 2734 3749 una
2772 3698 3052 3767 hypostasi
3097 3698 3302 3763 dicere,
3358 3698 3463 3751 nisi

1882 3805 1960 3843 ea:
2017 3790 2318 3842 secmnlum
2363 3789 2697 3859 hypnstasim
2741 3802 2795 3843 et
2828 3791 3122 3845 essentiam
3177 3792 3459 3844 uniantnr.

1882 3882 2035 3948 Quod
2067 3881 2111 3935 si
2148 3882 2196 3934 id
2233 3884 2434 3934 nemini
2462 3881 2692 3933 dubium
2722 3890 2824 3942 est,
2855 3896 2920 3935 ex
2972 3892 3059 3934 tua
3113 3881 3285 3950 ipsius
3346 3896 3465 3935 ora-

1884 3976 2031 4029 tione
2054 3976 2483 4037 demonstratur,
2518 3987 2624 4025 non
2645 3982 2929 4041 separatas
2978 3983 3202 4027 naturas
3228 3982 3281 4025 o-t
3306 3982 3462 4027 actus

1885 4067 1937 4121 in
1962 4067 2183 4121 Christo
2208 4068 2389 4119 dicere
2411 4073 2656 4118 sanctam
2703 4074 2755 4117 et
2784 4064 3176 4117 tecnmenicam
3208 4074 3460 4132 quartam

1882 4158 2174 4229 synodum,
2225 4156 2319 4209 sed
2370 4156 2553 4209 unitas
2581 4154 2882 4207 sccumlnm
2946 4154 3303 4224 hypostasim.
3341 4154 3459 4207 Alia

1879 4250 2044 4304 etiam
2065 4249 2279 4301 ratione
2304 4247 2356 4300 id
2378 4247 2517 4301 idem
2545 4248 2829 4316 probatur.
2864 4245 2919 4299 Si
2949 4254 3169 4315 prepter
3196 4246 3453 4299 unionem

1881 4340 2079 4404 solam,
2101 4353 2221 4391 eam
2255 4339 2540 4402 duntaxat,
2574 4353 2697 4406 quze
2758 4337 3061 4390 secundum
3114 4336 3452 4406 hypostasim

1878 4439 1981 4495 est,
2007 4440 2060 4484 et
2090 4446 2197 4484 non
2230 4442 2450 4500 pr0pter
2483 4430 2620 4485 duas
2651 4438 2878 4485 naturas
2929 4428 3187 4484 Ecclesia:
3242 4430 3450 4483 alumni

1880 4539 2005 4579 cum
2040 4521 2293 4577 Nestorio
2323 4523 2678 4586 altercantnr,
2732 4532 2791 4575 ut
2834 4530 3061 4576 sanctus
3099 4520 3334 4591 Cyrillus
3368 4535 3456 4574 re-

1882 4615 2005 4681 fert,
2042 4625 2096 4670 tu
2127 4630 2346 4686 quoque
2386 4616 2505 4685 ipse
2567 4614 2848 4669 aﬂirmasti
2906 4612 3175 4684 synodum
3210 4612 3279 4666 de
3328 4628 3454 4681 per-

1880 4721 2014 4763 sona
2050 4706 2207 4760 unica
2248 4716 2303 4760 et
2362 4706 2486 4760 bina
2541 4721 2665 4759 cum
2723 4704 2976 4759 Nestorio
3035 4704 3183 4757 litem
3234 4703 3453 4766 habere,

1880 4813 2111 4869 quarum
2146 4813 2251 4851 una
2296 4798 2553 4851 unionem
2588 4809 2907 4851 naturarum
2964 4794 3146 4860 eﬂicit,
3178 4796 3286 4847 dno
3318 4795 3454 4847 diri-

1882 4894 2115 4955 sionem,
2144 4891 2320 4961 palam
2342 4900 2447 4964 est,
2482 4891 2783 4945 secundum
2816 4898 3015 4944 rectam
3046 4887 3304 4941 Ecclesia:
3332 4900 3460 4939 sen-

1882 4983 2103 5038 tentiam
2139 4982 2407 5051 synodum
2456 4979 2709 5034 Nestorio
2742 4977 3043 5042 adversari,
3076 4991 3252 5045 eoque
3310 4984 3460 5043 patet

1878 5073 2287 5129 evidentissime
2316 5072 2562 5127 eamdem
2589 5086 2713 5125 cum
2748 5087 2815 5125 eo
2846 5085 2954 5124 non
2990 5068 3305 5123 convenire.
3348 5065 3451 5118 Im—

1880 5167 2078 5222 merito
2112 5166 2297 5235 itaque
2330 5166 2427 5219 abs
2461 5173 2512 5217 te
2542 5172 2596 5217 et
2650 5162 2992 5217 ealmnniose
3054 5157 3451 5229 proscinditur.

1878 5260 1992 5315 lloe
2016 5274 2178 5329 porro
2208 5274 2395 5311 verum
2427 5271 2549 5311 esse
2602 5254 2730 5308 audi
2767 5270 2795 5308 a
2850 5252 3055 5323 Cyrillo
3102 5248 3331 5319 epistola
3386 5249 3455 5301 ad

1880 5351 2167 5421 Eulogium
2217 5351 2303 5405 his
2343 5350 2530 5406 iisdem
2588 5348 2771 5403 verbis
2800 5348 3105 5414 loquentem
3138 5361 3150 5395 :
3187 5343 3451 5395 Accusant

1880 5442 2125 5499 nonnulli
2181 5443 2582 5511 expositionem,
2645 5457 2806 5510 quam
2843 5437 3145 5493 Orientales
3196 5438 3449 5503 locarunt,

1879 5538 2150 5604 aiuntque,
2186 5534 2360 5599 Quam
2387 5534 2447 5585 ob
2482 5549 2698 5585 causam
2738 5533 2871 5584 duas
2913 5539 3132 5582 naturas
3166 5528 3273 5580 illis
3305 5542 3453 5578 asse-

1880 5627 2116 5681 rentibus
2141 5626 2417 5684 sustinuit,
2469 5638 2841 5691 assensumth
2879 5622 3103 5690 prtcbnit
3139 5617 3454 5673 Alexandri-

1877 5719 2025 5773 nus?
2061 5718 2168 5782 Qui
2208 5733 2325 5770 rero
2362 5715 2671 5769 NcsIOrinm
2696 5725 3005 5783 sequuntur,
3064 5711 3302 5770 tradam,
3333 5724 3452 5759 eum

1877 5812 1971 5864 hoc
2004 5810 2140 5863 idem
2168 5819 2357 5876 tenere,
2389 5825 2497 5873 eos,
2528 5809 2616 5876 qui
2667 5824 2774 5860 rem
2801 5822 2995 5861 meram
3027 5822 3127 5858 non
3176 5808 3448 5859 norerunt,
