  <div class='ocr_page' id='page_1' title='image "/cluster/home/n/w/nwhite01/storage/ocr_20150623/105/nnc1.0046980105/314.png"; bbox 0 0 4194 6432; ppageno 0'>
   <div class='ocr_carea' id='block_1_1' title="bbox 229 432 333 498">
    <p class='ocr_par' dir='ltr' id='par_1_1' title="bbox 229 432 333 498">
     <span class='ocr_line' id='line_1_1' title="bbox 229 432 333 498; baseline -0.038 -1"><span class='ocrx_word' id='word_1_1' title='bbox 229 432 333 498; x_wconf 79' lang='grc' dir='ltr'><strong>ῦ13</strong></span> 
     </span>
    </p>
   </div>
   <div class='ocr_carea' id='block_1_2' title="bbox 1118 424 2666 487">
    <p class='ocr_par' dir='ltr' id='par_1_2' title="bbox 1118 424 2666 487">
     <span class='ocr_line' id='line_1_2' title="bbox 1118 424 2666 487; baseline 0 -1"><span class='ocrx_word' id='word_1_2' title='bbox 1118 426 1551 487; x_wconf 73' lang='lat' dir='ltr'><strong>liEFUTATIO</strong></span> <span class='ocrx_word' id='word_1_3' title='bbox 1590 424 1970 485; x_wconf 62' lang='lat' dir='ltr'><strong>EPISTOLE</strong></span> <span class='ocrx_word' id='word_1_4' title='bbox 2016 424 2242 483; x_wconf 75' lang='lat' dir='ltr'><strong>REGIS</strong></span> <span class='ocrx_word' id='word_1_5' title='bbox 2280 426 2666 487; x_wconf 58' lang='lat' dir='ltr'><strong>ARMENHC.</strong></span> 
     </span>
    </p>
   </div>
   <div class='ocr_carea' id='block_1_3' title="bbox 3392 429 3493 492">
    <p class='ocr_par' dir='ltr' id='par_1_3' title="bbox 3392 429 3493 492">
     <span class='ocr_line' id='line_1_3' title="bbox 3392 429 3493 492; baseline -0.01 -1"><span class='ocrx_word' id='word_1_6' title='bbox 3392 429 3493 492; x_wconf 77' lang='lat' dir='ltr'><strong>6H</strong></span> 
     </span>
    </p>
   </div>
   <div class='ocr_carea' id='block_1_4' title="bbox 227 535 1808 610">
    <p class='ocr_par' dir='ltr' id='par_1_4' title="bbox 227 535 1808 610">
     <span class='ocr_line' id='line_1_4' title="bbox 227 535 1808 610; baseline -0.004 -15"><span class='ocrx_word' id='word_1_7' title='bbox 227 547 309 596; x_wconf 78' lang='grc' dir='ltr'>ἑνὶ</span> <span class='ocrx_word' id='word_1_8' title='bbox 340 542 523 609; x_wconf 81' lang='grc' dir='ltr'>Λόγῳ,</span> <span class='ocrx_word' id='word_1_9' title='bbox 553 540 720 610; x_wconf 73' lang='grc' dir='ltr'>ἧγουν</span> <span class='ocrx_word' id='word_1_10' title='bbox 763 540 820 590; x_wconf 78' lang='grc' dir='ltr'><strong>ἐν</strong></span> <span class='ocrx_word' id='word_1_11' title='bbox 859 540 925 607; x_wconf 80' lang='grc' dir='ltr'>τῇ</span> <span class='ocrx_word' id='word_1_12' title='bbox 966 538 1065 608; x_wconf 80' lang='grc' dir='ltr'>μιᾷ</span> <span class='ocrx_word' id='word_1_13' title='bbox 1107 538 1401 591; x_wconf 78' lang='grc' dir='ltr'>ὑποστάσει</span> <span class='ocrx_word' id='word_1_14' title='bbox 1435 535 1695 608; x_wconf 80' lang='grc' dir='ltr'>Χριστοῦ,</span> <span class='ocrx_word' id='word_1_15' title='bbox 1724 537 1808 589; x_wconf 83' lang='grc' dir='ltr'><strong>ἀλ-</strong></span> 
     </span>
    </p>
   </div>
   <div class='ocr_carea' id='block_1_5' title="bbox 1911 535 3491 610">
    <p class='ocr_par' dir='ltr' id='par_1_5' title="bbox 1921 537 3491 605">
     <span class='ocr_line' id='line_1_5' title="bbox 1921 537 3491 605; baseline 0.004 -18"><span class='ocrx_word' id='word_1_16' title='bbox 1921 546 2007 587; x_wconf 90' lang='lat' dir='ltr'><strong>aut</strong></span> <span class='ocrx_word' id='word_1_17' title='bbox 2040 538 2315 604; x_wconf 85' lang='lat' dir='ltr'><strong>proprium</strong></span> <span class='ocrx_word' id='word_1_18' title='bbox 2355 539 2667 595; x_wconf 73' lang='lat' dir='ltr'><strong>consilium.</strong></span> <span class='ocrx_word' id='word_1_19' title='bbox 2699 546 2791 590; x_wconf 87' lang='lat' dir='ltr'><strong>aut</strong></span> <span class='ocrx_word' id='word_1_20' title='bbox 2821 537 3211 605; x_wconf 75' lang='lat' dir='ltr'><strong>beneplaeitum</strong></span> <span class='ocrx_word' id='word_1_21' title='bbox 3234 537 3491 594; x_wconf 74' lang='lat' dir='ltr'><strong>fateretur</strong></span> 
     </span>
    </p>
   </div>
   <div class='ocr_carea' id='block_1_6' title="bbox 227 628 1813 701">
    <p class='ocr_par' dir='ltr' id='par_1_6' title="bbox 227 628 1813 701">
     <span class='ocr_line' id='line_1_6' title="bbox 227 628 1813 701; baseline -0.003 -16"><span class='ocrx_word' id='word_1_22' title='bbox 227 636 294 689; x_wconf 68' lang='grc' dir='ltr'>λὰ</span> <span class='ocrx_word' id='word_1_23' title='bbox 336 635 479 687; x_wconf 70' lang='grc' dir='ltr'>κατὰ</span> <span class='ocrx_word' id='word_1_24' title='bbox 524 630 810 701; x_wconf 70' lang='grc' dir='ltr'>ἀναφορὰν</span> <span class='ocrx_word' id='word_1_25' title='bbox 846 630 939 683; x_wconf 80' lang='grc' dir='ltr'><strong>καὶ</strong></span> <span class='ocrx_word' id='word_1_26' title='bbox 988 628 1244 699; x_wconf 80' lang='grc' dir='ltr'><strong>σχετικὴν</strong></span> <span class='ocrx_word' id='word_1_27' title='bbox 1275 631 1489 693; x_wconf 75' lang='grc' dir='ltr'>ἕνωσιν,</span> <span class='ocrx_word' id='word_1_28' title='bbox 1520 632 1638 699; x_wconf 75' lang='grc' dir='ltr'>ἤτοι</span> <span class='ocrx_word' id='word_1_29' title='bbox 1671 630 1813 681; x_wconf 80' lang='grc' dir='ltr'>κατὰ</span> 
     </span>
    </p>
   </div>
   <div class='ocr_carea' id='block_1_7' title="bbox 226 718 1811 795">
    <p class='ocr_par' dir='ltr' id='par_1_7' title="bbox 226 718 1811 795">
     <span class='ocr_line' id='line_1_7' title="bbox 226 718 1811 795; baseline -0.001 -18"><span class='ocrx_word' id='word_1_30' title='bbox 226 727 473 794; x_wconf 76' lang='grc' dir='ltr'>ἀξίωμα,</span> <span class='ocrx_word' id='word_1_31' title='bbox 506 726 538 795; x_wconf 87' lang='grc' dir='ltr'>ἢ</span> <span class='ocrx_word' id='word_1_32' title='bbox 569 722 995 786; x_wconf 78' lang='grc' dir='ltr'>ταυτοὸουλὶαν,</span> <span class='ocrx_word' id='word_1_33' title='bbox 1052 722 1086 790; x_wconf 80' lang='grc' dir='ltr'>ἢ</span> <span class='ocrx_word' id='word_1_34' title='bbox 1138 722 1389 775; x_wconf 80' lang='grc' dir='ltr'><strong>εὐδοκίαν</strong></span> <span class='ocrx_word' id='word_1_35' title='bbox 1441 723 1628 790; x_wconf 76' lang='grc' dir='ltr'>ἔλεγεν</span> <span class='ocrx_word' id='word_1_36' title='bbox 1674 718 1811 775; x_wconf 87' lang='grc' dir='ltr'>εἷναι</span> 
     </span>
    </p>
   </div>
   <div class='ocr_carea' id='block_1_8' title="bbox 224 813 1815 885">
    <p class='ocr_par' dir='ltr' id='par_1_8' title="bbox 224 813 1815 885">
     <span class='ocr_line' id='line_1_8' title="bbox 224 813 1815 885; baseline -0.001 -15"><span class='ocrx_word' id='word_1_37' title='bbox 224 817 321 870; x_wconf 80' lang='grc' dir='ltr'><strong>τοῦ</strong></span> <span class='ocrx_word' id='word_1_38' title='bbox 357 819 534 884; x_wconf 78' lang='grc' dir='ltr'>Λόγου</span> <span class='ocrx_word' id='word_1_39' title='bbox 580 815 716 885; x_wconf 81' lang='grc' dir='ltr'>πρὸς</span> <span class='ocrx_word' id='word_1_40' title='bbox 748 814 849 884; x_wconf 86' lang='grc' dir='ltr'><strong>τὴν</strong></span> <span class='ocrx_word' id='word_1_41' title='bbox 892 814 1093 883; x_wconf 85' lang='grc' dir='ltr'>σάρκα,</span> <span class='ocrx_word' id='word_1_42' title='bbox 1129 815 1221 867; x_wconf 81' lang='grc' dir='ltr'><strong>καὶ</strong></span> <span class='ocrx_word' id='word_1_43' title='bbox 1271 815 1374 868; x_wconf 86' lang='grc' dir='ltr'><strong>άνὰ</strong></span> <span class='ocrx_word' id='word_1_44' title='bbox 1424 815 1589 885; x_wconf 80' lang='grc' dir='ltr'>μέρος</span> <span class='ocrx_word' id='word_1_45' title='bbox 1640 813 1815 868; x_wconf 73' lang='grc' dir='ltr'>ταῦτα</span> 
     </span>
    </p>
   </div>
   <div class='ocr_carea' id='block_1_9' title="bbox 228 904 1815 978">
    <p class='ocr_par' dir='ltr' id='par_1_9' title="bbox 228 904 1815 978">
     <span class='ocr_line' id='line_1_9' title="bbox 228 904 1815 978; baseline -0.002 -14"><span class='ocrx_word' id='word_1_46' title='bbox 228 910 404 964; x_wconf 83' lang='grc' dir='ltr'>ποιῶν</span> <span class='ocrx_word' id='word_1_47' title='bbox 433 910 623 978; x_wconf 73' lang='grc' dir='ltr'>ἕτερον</span> <span class='ocrx_word' id='word_1_48' title='bbox 671 904 810 961; x_wconf 82' lang='grc' dir='ltr'>εἶναι</span> <span class='ocrx_word' id='word_1_49' title='bbox 857 907 951 960; x_wconf 86' lang='grc' dir='ltr'><strong>τὸν</strong></span> <span class='ocrx_word' id='word_1_50' title='bbox 999 906 1174 975; x_wconf 82' lang='grc' dir='ltr'><strong>Λόγον</strong></span> <span class='ocrx_word' id='word_1_51' title='bbox 1212 906 1440 975; x_wconf 79' lang='grc' dir='ltr'>ἔφασκε,</span> <span class='ocrx_word' id='word_1_52' title='bbox 1497 908 1590 960; x_wconf 78' lang='grc' dir='ltr'><strong>καὶ</strong></span> <span class='ocrx_word' id='word_1_53' title='bbox 1630 908 1815 978; x_wconf 77' lang='grc' dir='ltr'>ἕτερον</span> 
     </span>
    </p>
   </div>
   <div class='ocr_carea' id='block_1_10' title="bbox 228 998 1813 1070">
    <p class='ocr_par' dir='ltr' id='par_1_10' title="bbox 228 998 1813 1070">
     <span class='ocr_line' id='line_1_10' title="bbox 228 998 1813 1070; baseline -0.003 -17"><span class='ocrx_word' id='word_1_54' title='bbox 228 1001 318 1053; x_wconf 83' lang='grc' dir='ltr'><strong>τὸν</strong></span> <span class='ocrx_word' id='word_1_55' title='bbox 371 1002 438 1053; x_wconf 81' lang='grc' dir='ltr'>ὲκ</span> <span class='ocrx_word' id='word_1_56' title='bbox 488 999 729 1070; x_wconf 83' lang='grc' dir='ltr'>Μαρίας,</span> <span class='ocrx_word' id='word_1_57' title='bbox 761 998 857 1051; x_wconf 73' lang='lat' dir='ltr'><strong>xui</strong></span> <span class='ocrx_word' id='word_1_58' title='bbox 887 998 1249 1068; x_wconf 80' lang='grc' dir='ltr'>προσωπικὴν</span> <span class='ocrx_word' id='word_1_59' title='bbox 1283 998 1476 1051; x_wconf 75' lang='grc' dir='ltr'>ἕνωσιν</span> <span class='ocrx_word' id='word_1_60' title='bbox 1513 998 1715 1064; x_wconf 81' lang='grc' dir='ltr'>λέγων,</span> <span class='ocrx_word' id='word_1_61' title='bbox 1752 998 1813 1051; x_wconf 90' lang='grc' dir='ltr'><strong>οὑ</strong></span> 
     </span>
    </p>
   </div>
   <div class='ocr_carea' id='block_1_11' title="bbox 225 1091 1816 1164">
    <p class='ocr_par' dir='ltr' id='par_1_11' title="bbox 225 1091 1816 1164">
     <span class='ocr_line' id='line_1_11' title="bbox 225 1091 1816 1164; baseline -0.003 -16"><span class='ocrx_word' id='word_1_62' title='bbox 225 1097 288 1148; x_wconf 76' lang='grc' dir='ltr'><strong>τὸ</strong></span> <span class='ocrx_word' id='word_1_63' title='bbox 318 1094 711 1164; x_wconf 75' lang='grc' dir='ltr'>ταυτιζόμενον</span> <span class='ocrx_word' id='word_1_64' title='bbox 755 1094 824 1162; x_wconf 79' lang='grc' dir='ltr'>τῇ</span> <span class='ocrx_word' id='word_1_65' title='bbox 877 1091 1171 1145; x_wconf 74' lang='grc' dir='ltr'><strong>ὑποστάσει</strong></span> <span class='ocrx_word' id='word_1_66' title='bbox 1202 1092 1514 1161; x_wconf 85' lang='grc' dir='ltr'>πρόσωπον,</span> <span class='ocrx_word' id='word_1_67' title='bbox 1545 1091 1682 1160; x_wconf 74' lang='grc' dir='ltr'>ὅπερ</span> <span class='ocrx_word' id='word_1_68' title='bbox 1722 1092 1816 1145; x_wconf 77' lang='grc' dir='ltr'>ἐπὶ</span> 
     </span>
    </p>
   </div>
   <div class='ocr_carea' id='block_1_12' title="bbox 226 1184 1818 1255">
    <p class='ocr_par' dir='ltr' id='par_1_12' title="bbox 226 1184 1818 1255">
     <span class='ocr_line' id='line_1_12' title="bbox 226 1184 1818 1255; baseline -0.001 -16"><span class='ocrx_word' id='word_1_69' title='bbox 226 1184 324 1239; x_wconf 80' lang='grc' dir='ltr'>τοῦ</span> <span class='ocrx_word' id='word_1_70' title='bbox 357 1186 703 1239; x_wconf 83' lang='grc' dir='ltr'>καθέκαστον</span> <span class='ocrx_word' id='word_1_71' title='bbox 735 1185 1019 1255; x_wconf 82' lang='grc' dir='ltr'>ἁρμόττει,</span> <span class='ocrx_word' id='word_1_72' title='bbox 1051 1186 1165 1237; x_wconf 75' lang='grc' dir='ltr'>ἀλλ’</span> <span class='ocrx_word' id='word_1_73' title='bbox 1195 1186 1398 1255; x_wconf 81' lang='grc' dir='ltr'><strong>ἑτέρως</strong></span> <span class='ocrx_word' id='word_1_74' title='bbox 1450 1184 1593 1237; x_wconf 82' lang='grc' dir='ltr'>κατὰ</span> <span class='ocrx_word' id='word_1_75' title='bbox 1632 1186 1693 1237; x_wconf 87' lang='grc' dir='ltr'><strong>τὸ</strong></span> <span class='ocrx_word' id='word_1_76' title='bbox 1738 1186 1818 1237; x_wconf 81' lang='lat' dir='ltr'><strong>oi-</strong></span> 
     </span>
    </p>
   </div>
   <div class='ocr_carea' id='block_1_13' title="bbox 228 1272 1815 1349">
    <p class='ocr_par' dir='ltr' id='par_1_13' title="bbox 228 1272 1815 1349">
     <span class='ocr_line' id='line_1_13' title="bbox 228 1272 1815 1349; baseline -0.003 -15"><span class='ocrx_word' id='word_1_77' title='bbox 228 1283 377 1334; x_wconf 77' lang='grc' dir='ltr'>κεῖον</span> <span class='ocrx_word' id='word_1_78' title='bbox 409 1279 661 1349; x_wconf 74' lang='grc' dir='ltr'>βούλημα</span> <span class='ocrx_word' id='word_1_79' title='bbox 706 1276 957 1341; x_wconf 76' lang='grc' dir='ltr'>ἐδόξαζεν</span> <span class='ocrx_word' id='word_1_80' title='bbox 1025 1272 1160 1346; x_wconf 81' lang='grc' dir='ltr'>(οἷον</span> <span class='ocrx_word' id='word_1_81' title='bbox 1217 1277 1292 1341; x_wconf 87' lang='grc' dir='ltr'>ὡς</span> <span class='ocrx_word' id='word_1_82' title='bbox 1322 1278 1471 1331; x_wconf 75' lang='grc' dir='ltr'>ὅταν</span> <span class='ocrx_word' id='word_1_83' title='bbox 1501 1295 1584 1341; x_wconf 89' lang='grc' dir='ltr'><strong>τις</strong></span> <span class='ocrx_word' id='word_1_84' title='bbox 1631 1279 1693 1331; x_wconf 83' lang='grc' dir='ltr'><strong>τὸ</strong></span> <span class='ocrx_word' id='word_1_85' title='bbox 1721 1277 1815 1331; x_wconf 79' lang='grc' dir='ltr'>τοῦ</span> 
     </span>
    </p>
   </div>
   <div class='ocr_carea' id='block_1_14' title="bbox 228 1370 1817 1441">
    <p class='ocr_par' dir='ltr' id='par_1_14' title="bbox 228 1370 1817 1441">
     <span class='ocr_line' id='line_1_14' title="bbox 228 1370 1817 1441; baseline 0.001 -16"><span class='ocrx_word' id='word_1_86' title='bbox 228 1373 421 1441; x_wconf 80' lang='grc' dir='ltr'>ἐτέρου</span> <span class='ocrx_word' id='word_1_87' title='bbox 484 1370 851 1440; x_wconf 77' lang='grc' dir='ltr'>ὑποδυόμενος</span> <span class='ocrx_word' id='word_1_88' title='bbox 926 1371 1263 1440; x_wconf 89' lang='grc' dir='ltr'>πρόσωπον,</span> <span class='ocrx_word' id='word_1_89' title='bbox 1314 1370 1429 1424; x_wconf 84' lang='grc' dir='ltr'>ἀντ’</span> <span class='ocrx_word' id='word_1_90' title='bbox 1469 1371 1634 1425; x_wconf 80' lang='grc' dir='ltr'>αὑτοῦ</span> <span class='ocrx_word' id='word_1_91' title='bbox 1688 1373 1817 1433; x_wconf 81' lang='grc' dir='ltr'>τοὺς</span> 
     </span>
    </p>
   </div>
   <div class='ocr_carea' id='block_1_15' title="bbox 228 1462 1817 1533">
    <p class='ocr_par' dir='ltr' id='par_1_15' title="bbox 228 1462 1817 1533">
     <span class='ocr_line' id='line_1_15' title="bbox 228 1462 1817 1533; baseline 0.001 -16"><span class='ocrx_word' id='word_1_92' title='bbox 228 1464 373 1533; x_wconf 78' lang='grc' dir='ltr'>ὑπὲρ</span> <span class='ocrx_word' id='word_1_93' title='bbox 401 1462 566 1515; x_wconf 79' lang='grc' dir='ltr'>αὑτοῦ</span> <span class='ocrx_word' id='word_1_94' title='bbox 594 1464 815 1530; x_wconf 79' lang='grc' dir='ltr'>ποιῆται</span> <span class='ocrx_word' id='word_1_95' title='bbox 845 1462 1060 1529; x_wconf 86' lang='grc' dir='ltr'>λόγους,</span> <span class='ocrx_word' id='word_1_96' title='bbox 1092 1462 1157 1532; x_wconf 79' lang='grc' dir='ltr'>ἣν</span> <span class='ocrx_word' id='word_1_97' title='bbox 1185 1464 1247 1515; x_wconf 88' lang='grc' dir='ltr'><strong>οὑ</strong></span> <span class='ocrx_word' id='word_1_98' title='bbox 1280 1462 1361 1515; x_wconf 83' lang='grc' dir='ltr'>δεῖ</span> <span class='ocrx_word' id='word_1_99' title='bbox 1388 1464 1593 1532; x_wconf 84' lang='grc' dir='ltr'>κυρίως</span> <span class='ocrx_word' id='word_1_100' title='bbox 1623 1465 1817 1518; x_wconf 76' lang='grc' dir='ltr'>ἕνωσιν</span> 
     </span>
    </p>
   </div>
   <div class='ocr_carea' id='block_1_16' title="bbox 227 1554 1816 1625">
    <p class='ocr_par' dir='ltr' id='par_1_16' title="bbox 227 1554 1816 1625">
     <span class='ocr_line' id='line_1_16' title="bbox 227 1554 1816 1625; baseline 0.001 -17"><span class='ocrx_word' id='word_1_101' title='bbox 227 1556 507 1624; x_wconf 70' lang='grc' dir='ltr'>ἡγεῖσθαι,</span> <span class='ocrx_word' id='word_1_102' title='bbox 556 1556 693 1610; x_wconf 70' lang='grc' dir='ltr'>ἀλλὰ</span> <span class='ocrx_word' id='word_1_103' title='bbox 734 1555 992 1625; x_wconf 81' lang='grc' dir='ltr'>σχετικὴν</span> <span class='ocrx_word' id='word_1_104' title='bbox 1032 1555 1228 1609; x_wconf 74' lang='grc' dir='ltr'>ἕνωσιν</span> <span class='ocrx_word' id='word_1_105' title='bbox 1274 1554 1336 1607; x_wconf 88' lang='grc' dir='ltr'><strong>τὸ</strong></span> <span class='ocrx_word' id='word_1_106' title='bbox 1387 1555 1528 1611; x_wconf 81' lang='grc' dir='ltr'>ὅλον.</span> <span class='ocrx_word' id='word_1_107' title='bbox 1576 1557 1816 1611; x_wconf 80' lang='grc' dir='ltr'>Καλοῦσι</span> 
     </span>
    </p>
   </div>
   <div class='ocr_carea' id='block_1_17' title="bbox 226 1647 1818 1719">
    <p class='ocr_par' dir='ltr' id='par_1_17' title="bbox 226 1647 1818 1719">
     <span class='ocr_line' id='line_1_17' title="bbox 226 1647 1818 1719; baseline -0.01 -15"><span class='ocrx_word' id='word_1_108' title='bbox 226 1650 338 1718; x_wconf 72' lang='grc' dir='ltr'><strong>γάρ</strong></span> <span class='ocrx_word' id='word_1_109' title='bbox 392 1667 540 1712; x_wconf 87' lang='grc' dir='ltr'>τινες</span> <span class='ocrx_word' id='word_1_110' title='bbox 587 1649 857 1719; x_wconf 78' lang='grc' dir='ltr'>πρόσωπα</span> <span class='ocrx_word' id='word_1_111' title='bbox 904 1649 1004 1717; x_wconf 79' lang='grc' dir='ltr'>τήν</span> <span class='ocrx_word' id='word_1_112' title='bbox 1056 1665 1220 1700; x_wconf 87' lang='grc' dir='ltr'>τινων</span> <span class='ocrx_word' id='word_1_113' title='bbox 1276 1647 1460 1717; x_wconf 80' lang='grc' dir='ltr'>σχέσιν</span> <span class='ocrx_word' id='word_1_114' title='bbox 1493 1649 1631 1716; x_wconf 84' lang='grc' dir='ltr'>πρὸς</span> <span class='ocrx_word' id='word_1_115' title='bbox 1657 1647 1818 1718; x_wconf 57' lang='lat' dir='ltr'><strong>am-</strong></span> 
     </span>
    </p>
   </div>
   <div class='ocr_carea' id='block_1_18' title="bbox 225 1738 1814 1810">
    <p class='ocr_par' dir='ltr' id='par_1_18' title="bbox 225 1738 1814 1810">
     <span class='ocr_line' id='line_1_18' title="bbox 225 1738 1814 1810; baseline -0.001 -19"><span class='ocrx_word' id='word_1_116' title='bbox 225 1741 374 1803; x_wconf 84' lang='grc' dir='ltr'>λους.</span> <span class='ocrx_word' id='word_1_117' title='bbox 415 1740 531 1795; x_wconf 83' lang='grc' dir='ltr'><strong>υὺκ</strong></span> <span class='ocrx_word' id='word_1_118' title='bbox 577 1742 764 1808; x_wconf 83' lang='grc' dir='ltr'>ἀγνοεῖ</span> <span class='ocrx_word' id='word_1_119' title='bbox 793 1739 851 1792; x_wconf 82' lang='grc' dir='ltr'>δὲ</span> <span class='ocrx_word' id='word_1_120' title='bbox 896 1742 929 1810; x_wconf 85' lang='grc' dir='ltr'>ἡ</span> <span class='ocrx_word' id='word_1_121' title='bbox 974 1738 1236 1809; x_wconf 83' lang='grc' dir='ltr'>συνήθεια</span> <span class='ocrx_word' id='word_1_122' title='bbox 1276 1738 1472 1792; x_wconf 85' lang='grc' dir='ltr'>τούτου</span> <span class='ocrx_word' id='word_1_123' title='bbox 1506 1738 1603 1793; x_wconf 82' lang='grc' dir='ltr'>τοῦ</span> <span class='ocrx_word' id='word_1_124' title='bbox 1647 1756 1814 1809; x_wconf 88' lang='grc' dir='ltr'>προσ-</span> 
     </span>
    </p>
   </div>
   <div class='ocr_carea' id='block_1_19' title="bbox 223 1830 1811 1902">
    <p class='ocr_par' dir='ltr' id='par_1_19' title="bbox 223 1830 1811 1902">
     <span class='ocr_line' id='line_1_19' title="bbox 223 1830 1811 1902; baseline -0.002 -17"><span class='ocrx_word' id='word_1_125' title='bbox 223 1833 383 1885; x_wconf 84' lang='grc' dir='ltr'>ὡπου</span> <span class='ocrx_word' id='word_1_126' title='bbox 426 1832 489 1885; x_wconf 87' lang='grc' dir='ltr'><strong>τὸ</strong></span> <span class='ocrx_word' id='word_1_127' title='bbox 523 1832 947 1902; x_wconf 85' lang='grc' dir='ltr'>σημαινόμενον.</span> <span class='ocrx_word' id='word_1_128' title='bbox 989 1832 1237 1901; x_wconf 79' lang='grc' dir='ltr'>Λέγομεν</span> <span class='ocrx_word' id='word_1_129' title='bbox 1262 1830 1371 1902; x_wconf 75' lang='grc' dir='ltr'>γὰρ</span> <span class='ocrx_word' id='word_1_130' title='bbox 1419 1831 1510 1883; x_wconf 88' lang='grc' dir='ltr'><strong>τὸν</strong></span> <span class='ocrx_word' id='word_1_131' title='bbox 1553 1831 1811 1901; x_wconf 77' lang='grc' dir='ltr'>ἄρχοντα,</span> 
     </span>
    </p>
   </div>
   <div class='ocr_carea' id='block_1_20' title="bbox 1919 627 3490 699">
    <p class='ocr_par' dir='ltr' id='par_1_20' title="bbox 1919 627 3490 699">
     <span class='ocr_line' id='line_1_20' title="bbox 1919 627 3490 699; baseline 0.004 -20"><span class='ocrx_word' id='word_1_132' title='bbox 1919 644 2041 680; x_wconf 77' lang='lat' dir='ltr'><strong>esse</strong></span> <span class='ocrx_word' id='word_1_133' title='bbox 2074 627 2229 683; x_wconf 81' lang='lat' dir='ltr'><strong>Verbi</strong></span> <span class='ocrx_word' id='word_1_134' title='bbox 2260 629 2324 682; x_wconf 88' lang='lat' dir='ltr'><strong>ad</strong></span> <span class='ocrx_word' id='word_1_135' title='bbox 2360 644 2601 695; x_wconf 76' lang='lat' dir='ltr'><strong>carnem,</strong></span> <span class='ocrx_word' id='word_1_136' title='bbox 2634 639 2687 684; x_wconf 78' lang='lat' dir='ltr'><strong>et</strong></span> <span class='ocrx_word' id='word_1_137' title='bbox 2710 644 2803 683; x_wconf 88' lang='lat' dir='ltr'><strong>eas</strong></span> <span class='ocrx_word' id='word_1_138' title='bbox 2829 634 3168 699; x_wconf 74' lang='lat' dir='ltr'><strong>postmodum</strong></span> <span class='ocrx_word' id='word_1_139' title='bbox 3198 634 3490 686; x_wconf 78' lang='lat' dir='ltr'><strong>secundum</strong></span> 
     </span>
    </p>
   </div>
   <div class='ocr_carea' id='block_1_21' title="bbox 1920 720 3495 791">
    <p class='ocr_par' dir='ltr' id='par_1_21' title="bbox 1920 720 3495 791">
     <span class='ocr_line' id='line_1_21' title="bbox 1920 720 3495 791; baseline 0.006 -21"><span class='ocrx_word' id='word_1_140' title='bbox 1920 730 2099 789; x_wconf 76' lang='lat' dir='ltr'><strong>partes</strong></span> <span class='ocrx_word' id='word_1_141' title='bbox 2160 721 2407 774; x_wconf 70' lang='lat' dir='ltr'><strong>dividens</strong></span> <span class='ocrx_word' id='word_1_142' title='bbox 2432 759 2447 783; x_wconf 96' lang='lat'><strong>,</strong></span> <span class='ocrx_word' id='word_1_143' title='bbox 2502 722 2645 775; x_wconf 91' lang='lat' dir='ltr'><strong>aliud</strong></span> <span class='ocrx_word' id='word_1_144' title='bbox 2688 736 2810 776; x_wconf 90' lang='lat' dir='ltr'><strong>esse</strong></span> <span class='ocrx_word' id='word_1_145' title='bbox 2834 720 3066 776; x_wconf 84' lang='lat' dir='ltr'><strong>Verbum</strong></span> <span class='ocrx_word' id='word_1_146' title='bbox 3102 725 3412 791; x_wconf 88' lang='lat' dir='ltr'><strong>allirmaret,</strong></span> <span class='ocrx_word' id='word_1_147' title='bbox 3440 736 3495 780; x_wconf 89' lang='lat' dir='ltr'><strong>et</strong></span> 
     </span>
    </p>
   </div>
   <div class='ocr_carea' id='block_1_22' title="bbox 1922 813 3495 887">
    <p class='ocr_par' dir='ltr' id='par_1_22' title="bbox 1922 813 3495 887">
     <span class='ocr_line' id='line_1_22' title="bbox 1922 813 3495 887; baseline 0.004 -21"><span class='ocrx_word' id='word_1_148' title='bbox 1922 813 2090 876; x_wconf 84' lang='lat' dir='ltr'><strong>aliud,</strong></span> <span class='ocrx_word' id='word_1_149' title='bbox 2136 816 2279 884; x_wconf 89' lang='lat' dir='ltr'><strong>quod</strong></span> <span class='ocrx_word' id='word_1_150' title='bbox 2337 830 2403 868; x_wconf 79' lang='lat' dir='ltr'><strong>ex</strong></span> <span class='ocrx_word' id='word_1_151' title='bbox 2463 813 2629 868; x_wconf 78' lang='lat' dir='ltr'><strong>Maria</strong></span> <span class='ocrx_word' id='word_1_152' title='bbox 2664 825 2818 870; x_wconf 88' lang='lat' dir='ltr'><strong>ortus</strong></span> <span class='ocrx_word' id='word_1_153' title='bbox 2862 830 2995 871; x_wconf 86' lang='lat' dir='ltr'><strong>suos</strong></span> <span class='ocrx_word' id='word_1_154' title='bbox 3049 828 3391 887; x_wconf 75' lang='lat' dir='ltr'><strong>agnosceret,</strong></span> <span class='ocrx_word' id='word_1_155' title='bbox 3440 831 3495 873; x_wconf 81' lang='lat' dir='ltr'><strong>et</strong></span> 
     </span>
    </p>
   </div>
   <div class='ocr_carea' id='block_1_23' title="bbox 1923 906 3493 979">
    <p class='ocr_par' dir='ltr' id='par_1_23' title="bbox 1923 906 3493 979">
     <span class='ocr_line' id='line_1_23' title="bbox 1923 906 3493 979; baseline 0.005 -23"><span class='ocrx_word' id='word_1_156' title='bbox 1923 908 2265 975; x_wconf 88' lang='lat' dir='ltr'><strong>personalem</strong></span> <span class='ocrx_word' id='word_1_157' title='bbox 2328 906 2591 961; x_wconf 91' lang='lat' dir='ltr'><strong>unionem</strong></span> <span class='ocrx_word' id='word_1_158' title='bbox 2642 908 2943 963; x_wconf 73' lang='lat' dir='ltr'><strong>decantatis</strong></span> <span class='ocrx_word' id='word_1_159' title='bbox 3021 922 3128 963; x_wconf 91' lang='lat' dir='ltr'><strong>non</strong></span> <span class='ocrx_word' id='word_1_160' title='bbox 3176 925 3493 979; x_wconf 89' lang='lat' dir='ltr'><strong>personam,</strong></span> 
     </span>
    </p>
   </div>
   <div class='ocr_carea' id='block_1_24' title="bbox 1922 998 3492 1069">
    <p class='ocr_par' dir='ltr' id='par_1_24' title="bbox 1922 998 3492 1069">
     <span class='ocr_line' id='line_1_24' title="bbox 1922 998 3492 1069; baseline 0.003 -18"><span class='ocrx_word' id='word_1_161' title='bbox 1922 1014 2043 1067; x_wconf 79' lang='lat' dir='ltr'><strong>qua:</strong></span> <span class='ocrx_word' id='word_1_162' title='bbox 2085 1015 2193 1054; x_wconf 89' lang='lat' dir='ltr'><strong>una</strong></span> <span class='ocrx_word' id='word_1_163' title='bbox 2249 1014 2372 1052; x_wconf 83' lang='lat' dir='ltr'><strong>cum</strong></span> <span class='ocrx_word' id='word_1_164' title='bbox 2406 998 2688 1068; x_wconf 85' lang='lat' dir='ltr'><strong>hypostasi</strong></span> <span class='ocrx_word' id='word_1_165' title='bbox 2723 1008 2828 1063; x_wconf 92' lang='lat' dir='ltr'><strong>est,</strong></span> <span class='ocrx_word' id='word_1_166' title='bbox 2862 1011 2916 1054; x_wconf 92' lang='lat' dir='ltr'><strong>et</strong></span> <span class='ocrx_word' id='word_1_167' title='bbox 2935 999 3167 1069; x_wconf 78' lang='lat' dir='ltr'><strong>singulis</strong></span> <span class='ocrx_word' id='word_1_168' title='bbox 3217 1004 3492 1067; x_wconf 87' lang='lat' dir='ltr'><strong>convenit,</strong></span> 
     </span>
    </p>
   </div>
   <div class='ocr_carea' id='block_1_25' title="bbox 1924 1090 3495 1161">
    <p class='ocr_par' dir='ltr' id='par_1_25' title="bbox 1924 1090 3495 1161">
     <span class='ocr_line' id='line_1_25' title="bbox 1924 1090 3495 1161; baseline 0.002 -18"><span class='ocrx_word' id='word_1_169' title='bbox 1924 1090 2017 1145; x_wconf 90' lang='lat' dir='ltr'><strong>sed</strong></span> <span class='ocrx_word' id='word_1_170' title='bbox 2075 1090 2184 1145; x_wconf 89' lang='lat' dir='ltr'><strong>alio</strong></span> <span class='ocrx_word' id='word_1_171' title='bbox 2237 1091 2419 1153; x_wconf 90' lang='lat' dir='ltr'><strong>modo,</strong></span> <span class='ocrx_word' id='word_1_172' title='bbox 2449 1099 2507 1144; x_wconf 92' lang='lat' dir='ltr'><strong>ut</strong></span> <span class='ocrx_word' id='word_1_173' title='bbox 2558 1090 2634 1143; x_wconf 88' lang='lat' dir='ltr'><strong>illi</strong></span> <span class='ocrx_word' id='word_1_174' title='bbox 2668 1090 2971 1154; x_wconf 76' lang='lat' dir='ltr'><strong>videbatur,</strong></span> <span class='ocrx_word' id='word_1_175' title='bbox 3008 1094 3299 1161; x_wconf 78' lang='lat' dir='ltr'><strong>conlingat.</strong></span> <span class='ocrx_word' id='word_1_176' title='bbox 3332 1091 3495 1147; x_wconf 79' lang='lat' dir='ltr'><strong>Verbi</strong></span> 
     </span>
    </p>
   </div>
   <div class='ocr_carea' id='block_1_26' title="bbox 1923 1183 3492 1254">
    <p class='ocr_par' dir='ltr' id='par_1_26' title="bbox 1923 1183 3492 1254">
     <span class='ocr_line' id='line_1_26' title="bbox 1923 1183 3492 1254; baseline 0.002 -18"><span class='ocrx_word' id='word_1_177' title='bbox 1923 1185 2118 1252; x_wconf 81' lang='lat' dir='ltr'><strong>gratia,</strong></span> <span class='ocrx_word' id='word_1_178' title='bbox 2154 1184 2319 1239; x_wconf 82' lang='lat' dir='ltr'><strong>veluti</strong></span> <span class='ocrx_word' id='word_1_179' title='bbox 2344 1200 2468 1238; x_wconf 93' lang='lat' dir='ltr'><strong>cum</strong></span> <span class='ocrx_word' id='word_1_180' title='bbox 2504 1185 2629 1254; x_wconf 89' lang='lat' dir='ltr'><strong>quis</strong></span> <span class='ocrx_word' id='word_1_181' title='bbox 2656 1183 2884 1239; x_wconf 84' lang='lat' dir='ltr'><strong>alterius</strong></span> <span class='ocrx_word' id='word_1_182' title='bbox 2908 1199 3195 1252; x_wconf 88' lang='lat' dir='ltr'><strong>personam</strong></span> <span class='ocrx_word' id='word_1_183' title='bbox 3237 1186 3492 1252; x_wconf 89' lang='lat' dir='ltr'><strong>induens,</strong></span> 
     </span>
    </p>
   </div>
   <div class='ocr_carea' id='block_1_27' title="bbox 1925 1275 3493 1347">
    <p class='ocr_par' dir='ltr' id='par_1_27' title="bbox 1925 1275 3493 1347">
     <span class='ocr_line' id='line_1_27' title="bbox 1925 1275 3493 1347; baseline 0.002 -18"><span class='ocrx_word' id='word_1_184' title='bbox 1925 1275 2043 1331; x_wconf 90' lang='lat' dir='ltr'><strong>loco</strong></span> <span class='ocrx_word' id='word_1_185' title='bbox 2092 1277 2235 1331; x_wconf 84' lang='lat' dir='ltr'><strong>illius</strong></span> <span class='ocrx_word' id='word_1_186' title='bbox 2280 1285 2332 1330; x_wconf 80' lang='lat' dir='ltr'><strong>et</strong></span> <span class='ocrx_word' id='word_1_187' title='bbox 2394 1292 2491 1347; x_wconf 87' lang='lat' dir='ltr'><strong>pro</strong></span> <span class='ocrx_word' id='word_1_188' title='bbox 2547 1276 2738 1331; x_wconf 88' lang='lat' dir='ltr'><strong>eodem</strong></span> <span class='ocrx_word' id='word_1_189' title='bbox 2795 1291 3106 1335; x_wconf 81' lang='lat' dir='ltr'><strong>sermonem</strong></span> <span class='ocrx_word' id='word_1_190' title='bbox 3153 1278 3334 1343; x_wconf 91' lang='lat' dir='ltr'><strong>habet,</strong></span> <span class='ocrx_word' id='word_1_191' title='bbox 3370 1294 3493 1347; x_wconf 77' lang='lat' dir='ltr'><strong>qua:</strong></span> 
     </span>
    </p>
   </div>
   <div class='ocr_carea' id='block_1_28' title="bbox 1924 1369 3493 1440">
    <p class='ocr_par' dir='ltr' id='par_1_28' title="bbox 1924 1369 3493 1440">
     <span class='ocr_line' id='line_1_28' title="bbox 1924 1369 3493 1440; baseline 0.002 -18"><span class='ocrx_word' id='word_1_192' title='bbox 1924 1370 2140 1440; x_wconf 88' lang='lat' dir='ltr'><strong>proprie</strong></span> <span class='ocrx_word' id='word_1_193' title='bbox 2167 1369 2296 1422; x_wconf 91' lang='lat' dir='ltr'><strong>unio</strong></span> <span class='ocrx_word' id='word_1_194' title='bbox 2322 1371 2564 1424; x_wconf 81' lang='lat' dir='ltr'><strong>vocanda</strong></span> <span class='ocrx_word' id='word_1_195' title='bbox 2590 1380 2825 1434; x_wconf 91' lang='lat' dir='ltr'><strong>nonest,</strong></span> <span class='ocrx_word' id='word_1_196' title='bbox 2853 1371 2946 1425; x_wconf 81' lang='lat' dir='ltr'><strong>sed</strong></span> <span class='ocrx_word' id='word_1_197' title='bbox 2987 1385 3138 1428; x_wconf 87' lang='lat' dir='ltr'><strong>mera</strong></span> <span class='ocrx_word' id='word_1_198' title='bbox 3194 1371 3493 1440; x_wconf 78' lang='lat' dir='ltr'><strong>respeetiva</strong></span> 
     </span>
    </p>
   </div>
   <div class='ocr_carea' id='block_1_29' title="bbox 1925 1460 3492 1532">
    <p class='ocr_par' dir='ltr' id='par_1_29' title="bbox 1925 1460 3492 1532">
     <span class='ocr_line' id='line_1_29' title="bbox 1925 1460 3492 1532; baseline 0 -18"><span class='ocrx_word' id='word_1_199' title='bbox 1925 1462 2088 1526; x_wconf 91' lang='lat' dir='ltr'><strong>unio;</strong></span> <span class='ocrx_word' id='word_1_200' title='bbox 2119 1460 2395 1529; x_wconf 67' lang='lat' dir='ltr'><strong>appellant</strong></span> <span class='ocrx_word' id='word_1_201' title='bbox 2422 1462 2568 1514; x_wconf 90' lang='lat' dir='ltr'><strong>enim</strong></span> <span class='ocrx_word' id='word_1_202' title='bbox 2607 1462 2851 1515; x_wconf 89' lang='lat' dir='ltr'><strong>nonnulli</strong></span> <span class='ocrx_word' id='word_1_203' title='bbox 2877 1476 3140 1530; x_wconf 84' lang='lat' dir='ltr'><strong>personas</strong></span> <span class='ocrx_word' id='word_1_204' title='bbox 3183 1462 3492 1532; x_wconf 85' lang='lat' dir='ltr'><strong>aliquorum</strong></span> 
     </span>
    </p>
   </div>
   <div class='ocr_carea' id='block_1_30' title="bbox 1924 1539 3496 1624">
    <p class='ocr_par' dir='ltr' id='par_1_30' title="bbox 1924 1539 3496 1624">
     <span class='ocr_line' id='line_1_30' title="bbox 1924 1539 3496 1624; baseline 0 -15"><span class='ocrx_word' id='word_1_205' title='bbox 1924 1556 2063 1609; x_wconf 83' lang='lat' dir='ltr'><strong>inter</strong></span> <span class='ocrx_word' id='word_1_206' title='bbox 2110 1572 2168 1609; x_wconf 89' lang='lat' dir='ltr'><strong>se</strong></span> <span class='ocrx_word' id='word_1_207' title='bbox 2231 1539 2550 1624; x_wconf 30' lang='lat' dir='ltr'><strong>respectum.</strong></span> <span class='ocrx_word' id='word_1_208' title='bbox 2582 1571 2676 1609; x_wconf 89' lang='lat' dir='ltr'><strong>seu</strong></span> <span class='ocrx_word' id='word_1_209' title='bbox 2723 1556 3062 1622; x_wconf 88' lang='lat' dir='ltr'><strong>relationem,</strong></span> <span class='ocrx_word' id='word_1_210' title='bbox 3101 1571 3200 1611; x_wconf 82' lang='lat' dir='ltr'><strong>nec</strong></span> <span class='ocrx_word' id='word_1_211' title='bbox 3234 1572 3365 1611; x_wconf 86' lang='lat' dir='ltr'><strong>usus</strong></span> <span class='ocrx_word' id='word_1_212' title='bbox 3425 1554 3496 1609; x_wconf 88' lang='lat' dir='ltr'><strong>ab</strong></span> 
     </span>
    </p>
   </div>
   <div class='ocr_carea' id='block_1_31' title="bbox 1925 1647 3492 1717">
    <p class='ocr_par' dir='ltr' id='par_1_31' title="bbox 1925 1647 3492 1717">
     <span class='ocr_line' id='line_1_31' title="bbox 1925 1647 3492 1717; baseline -0.001 -16"><span class='ocrx_word' id='word_1_213' title='bbox 1925 1648 2085 1717; x_wconf 77' lang='lat' dir='ltr'><strong>lmjns</strong></span> <span class='ocrx_word' id='word_1_214' title='bbox 2111 1660 2358 1715; x_wconf 81' lang='lat' dir='ltr'><strong>personae</strong></span> <span class='ocrx_word' id='word_1_215' title='bbox 2374 1648 2682 1716; x_wconf 75' lang='lat' dir='ltr'><strong>signiﬁcatu</strong></span> <span class='ocrx_word' id='word_1_216' title='bbox 2719 1647 3015 1701; x_wconf 86' lang='lat' dir='ltr'><strong>abhorret:</strong></span> <span class='ocrx_word' id='word_1_217' title='bbox 3051 1647 3284 1702; x_wconf 90' lang='lat' dir='ltr'><strong>dicimus</strong></span> <span class='ocrx_word' id='word_1_218' title='bbox 3336 1662 3492 1701; x_wconf 86' lang='lat' dir='ltr'><strong>nam-</strong></span> 
     </span>
    </p>
   </div>
   <div class='ocr_carea' id='block_1_32' title="bbox 1921 1737 3493 1807">
    <p class='ocr_par' dir='ltr' id='par_1_32' title="bbox 1921 1737 3493 1807">
     <span class='ocr_line' id='line_1_32' title="bbox 1921 1737 3493 1807; baseline -0.001 -15"><span class='ocrx_word' id='word_1_219' title='bbox 1921 1753 2027 1807; x_wconf 87' lang='lat' dir='ltr'><strong>que</strong></span> <span class='ocrx_word' id='word_1_220' title='bbox 2057 1738 2355 1807; x_wconf 80' lang='lat' dir='ltr'><strong>principem</strong></span> <span class='ocrx_word' id='word_1_221' title='bbox 2382 1738 2523 1807; x_wconf 80' lang='lat' dir='ltr'><strong>regis</strong></span> <span class='ocrx_word' id='word_1_222' title='bbox 2553 1739 2827 1791; x_wconf 85' lang='lat' dir='ltr'><strong>sustinere</strong></span> <span class='ocrx_word' id='word_1_223' title='bbox 2858 1752 3148 1806; x_wconf 87' lang='lat' dir='ltr'><strong>personam</strong></span> <span class='ocrx_word' id='word_1_224' title='bbox 3189 1754 3202 1790; x_wconf 74' lang='grc' dir='ltr'><strong>ε</strong></span> <span class='ocrx_word' id='word_1_225' title='bbox 3234 1752 3359 1791; x_wconf 91' lang='lat' dir='ltr'><strong>cum</strong></span> <span class='ocrx_word' id='word_1_226' title='bbox 3408 1737 3493 1790; x_wconf 86' lang='lat' dir='ltr'><strong>in-</strong></span> 
     </span>
    </p>
   </div>
   <div class='ocr_carea' id='block_1_33' title="bbox 1922 1828 3493 1901">
    <p class='ocr_par' dir='ltr' id='par_1_33' title="bbox 1922 1828 3493 1901">
     <span class='ocr_line' id='line_1_33' title="bbox 1922 1828 3493 1901; baseline -0.001 -18"><span class='ocrx_word' id='word_1_227' title='bbox 1922 1846 2088 1901; x_wconf 88' lang='lat' dir='ltr'><strong>quam</strong></span> <span class='ocrx_word' id='word_1_228' title='bbox 2119 1831 2219 1884; x_wconf 90' lang='lat' dir='ltr'><strong>hac</strong></span> <span class='ocrx_word' id='word_1_229' title='bbox 2247 1832 2457 1884; x_wconf 90' lang='lat' dir='ltr'><strong>ratione</strong></span> <span class='ocrx_word' id='word_1_230' title='bbox 2502 1829 2786 1883; x_wconf 78' lang='lat' dir='ltr'><strong>Nestorius</strong></span> <span class='ocrx_word' id='word_1_231' title='bbox 2822 1830 3160 1898; x_wconf 89' lang='lat' dir='ltr'><strong>personalem</strong></span> <span class='ocrx_word' id='word_1_232' title='bbox 3216 1828 3493 1899; x_wconf 75' lang='lat' dir='ltr'><strong>profitere-</strong></span> 
     </span>
    </p>
   </div>
   <div class='ocr_carea' id='block_1_34' title="bbox 224 1921 1808 1994">
    <p class='ocr_par' dir='ltr' id='par_1_34' title="bbox 224 1922 1808 1994">
     <span class='ocr_line' id='line_1_34' title="bbox 224 1922 1808 1994; baseline -0.001 -17"><span class='ocrx_word' id='word_1_233' title='bbox 224 1924 321 1977; x_wconf 80' lang='grc' dir='ltr'><strong>τοῦ</strong></span> <span class='ocrx_word' id='word_1_234' title='bbox 353 1923 627 1994; x_wconf 83' lang='grc' dir='ltr'>βασιλέως</span> <span class='ocrx_word' id='word_1_235' title='bbox 684 1924 904 1994; x_wconf 68' lang='grc' dir='ltr'>ὲπέχειν</span> <span class='ocrx_word' id='word_1_236' title='bbox 949 1923 1011 1977; x_wconf 82' lang='grc' dir='ltr'><strong>τὸ</strong></span> <span class='ocrx_word' id='word_1_237' title='bbox 1066 1924 1378 1993; x_wconf 87' lang='grc' dir='ltr'>πρόσωπον,</span> <span class='ocrx_word' id='word_1_238' title='bbox 1414 1924 1559 1978; x_wconf 81' lang='grc' dir='ltr'>κατὰ</span> <span class='ocrx_word' id='word_1_239' title='bbox 1589 1922 1749 1977; x_wconf 76' lang='grc' dir='ltr'>τοῦτο</span> <span class='ocrx_word' id='word_1_240' title='bbox 1786 1924 1808 1975; x_wconf 80' lang='grc' dir='ltr'><strong>ό</strong></span> 
     </span>
    </p>
   </div>
   <div class='ocr_carea' id='block_1_35' title="bbox 1911 1921 3494 1994">
    <p class='ocr_par' dir='ltr' id='par_1_35' title="bbox 1917 1921 3494 1992">
     <span class='ocr_line' id='line_1_35' title="bbox 1917 1921 3494 1992; baseline 0.001 -17"><span class='ocrx_word' id='word_1_241' title='bbox 1917 1930 2007 1977; x_wconf 91' lang='lat' dir='ltr'><strong>tur</strong></span> <span class='ocrx_word' id='word_1_242' title='bbox 2060 1924 2341 1987; x_wconf 89' lang='lat' dir='ltr'><strong>unionem,</strong></span> <span class='ocrx_word' id='word_1_243' title='bbox 2394 1931 2681 1992; x_wconf 78' lang='lat' dir='ltr'><strong>propterea</strong></span> <span class='ocrx_word' id='word_1_244' title='bbox 2734 1922 2856 1991; x_wconf 87' lang='lat' dir='ltr'><strong>jure</strong></span> <span class='ocrx_word' id='word_1_245' title='bbox 2887 1922 3084 1976; x_wconf 91' lang='lat' dir='ltr'><strong>merito</strong></span> <span class='ocrx_word' id='word_1_246' title='bbox 3146 1921 3494 1976; x_wconf 82' lang='lat' dir='ltr'><strong>anathemate</strong></span> 
     </span>
    </p>
   </div>
   <div class='ocr_carea' id='block_1_36' title="bbox 225 2013 1811 2087">
    <p class='ocr_par' dir='ltr' id='par_1_36' title="bbox 225 2013 1811 2087">
     <span class='ocr_line' id='line_1_36' title="bbox 225 2013 1811 2087; baseline 0.001 -18"><span class='ocrx_word' id='word_1_247' title='bbox 225 2016 526 2087; x_wconf 85' lang='grc' dir='ltr'>Νεστόριος</span> <span class='ocrx_word' id='word_1_248' title='bbox 555 2017 656 2087; x_wconf 81' lang='grc' dir='ltr'>τὴν</span> <span class='ocrx_word' id='word_1_249' title='bbox 682 2016 1042 2086; x_wconf 81' lang='grc' dir='ltr'>προσωπικὴν</span> <span class='ocrx_word' id='word_1_250' title='bbox 1073 2014 1405 2086; x_wconf 76' lang='grc' dir='ltr'>ἐπρέσϐευεν</span> <span class='ocrx_word' id='word_1_251' title='bbox 1441 2013 1683 2086; x_wconf 75' lang='grc' dir='ltr'>ἓνωσιν)·</span> <span class='ocrx_word' id='word_1_252' title='bbox 1721 2015 1811 2069; x_wconf 81' lang='grc' dir='ltr'><strong>διά</strong></span> 
     </span>
    </p>
   </div>
   <div class='ocr_carea' id='block_1_37' title="bbox 225 2106 1808 2177">
    <p class='ocr_par' dir='ltr' id='par_1_37' title="bbox 225 2106 1808 2177">
     <span class='ocr_line' id='line_1_37' title="bbox 225 2106 1808 2177; baseline 0.001 -17"><span class='ocrx_word' id='word_1_253' title='bbox 225 2126 310 2161; x_wconf 89' lang='grc' dir='ltr'><strong>τοι</strong></span> <span class='ocrx_word' id='word_1_254' title='bbox 354 2107 516 2161; x_wconf 79' lang='grc' dir='ltr'>τοῦτο</span> <span class='ocrx_word' id='word_1_255' title='bbox 547 2107 773 2171; x_wconf 78' lang='grc' dir='ltr'><strong>δικαίως</strong></span> <span class='ocrx_word' id='word_1_256' title='bbox 812 2106 889 2177; x_wconf 87' lang='grc' dir='ltr'>τῷ</span> <span class='ocrx_word' id='word_1_257' title='bbox 935 2108 1243 2177; x_wconf 78' lang='grc' dir='ltr'>ἀναθέματι</span> <span class='ocrx_word' id='word_1_258' title='bbox 1310 2106 1808 2177; x_wconf 80' lang='grc' dir='ltr'>καθυποδέϐληται.</span> 
     </span>
    </p>
   </div>
   <div class='ocr_carea' id='block_1_38' title="bbox 236 2198 1812 2270">
    <p class='ocr_par' dir='ltr' id='par_1_38' title="bbox 236 2198 1812 2270">
     <span class='ocr_line' id='line_1_38' title="bbox 236 2198 1812 2270; baseline 0.001 -17"><span class='ocrx_word' id='word_1_259' title='bbox 236 2200 299 2253; x_wconf 89' lang='lat'><strong>&#39;0</strong></span> <span class='ocrx_word' id='word_1_260' title='bbox 339 2200 397 2254; x_wconf 82' lang='grc' dir='ltr'>δὲ</span> <span class='ocrx_word' id='word_1_261' title='bbox 432 2200 498 2268; x_wconf 81' lang='grc' dir='ltr'>δὴ</span> <span class='ocrx_word' id='word_1_262' title='bbox 526 2199 714 2263; x_wconf 87' lang='grc' dir='ltr'>πάπας</span> <span class='ocrx_word' id='word_1_263' title='bbox 754 2199 928 2263; x_wconf 79' lang='grc' dir='ltr'>Λέων,</span> <span class='ocrx_word' id='word_1_264' title='bbox 969 2199 1156 2270; x_wconf 73' lang='grc' dir='ltr'>ἐπειδὴ</span> <span class='ocrx_word' id='word_1_265' title='bbox 1190 2199 1282 2253; x_wconf 90' lang='grc' dir='ltr'><strong>τὸν</strong></span> <span class='ocrx_word' id='word_1_266' title='bbox 1316 2198 1479 2253; x_wconf 89' lang='grc' dir='ltr'>αὑτὸν</span> <span class='ocrx_word' id='word_1_267' title='bbox 1529 2199 1627 2254; x_wconf 72' lang='grc' dir='ltr'>ἕνα</span> <span class='ocrx_word' id='word_1_268' title='bbox 1676 2201 1812 2270; x_wconf 86' lang='grc' dir='ltr'>Χρι-</span> 
     </span>
    </p>
   </div>
   <div class='ocr_carea' id='block_1_39' title="bbox 228 2291 1811 2361">
    <p class='ocr_par' dir='ltr' id='par_1_39' title="bbox 228 2291 1811 2361">
     <span class='ocr_line' id='line_1_39' title="bbox 228 2291 1811 2361; baseline -0.001 -16"><span class='ocrx_word' id='word_1_269' title='bbox 228 2292 354 2345; x_wconf 77' lang='grc' dir='ltr'>στὸν</span> <span class='ocrx_word' id='word_1_270' title='bbox 388 2292 483 2344; x_wconf 84' lang='grc' dir='ltr'>καὶ</span> <span class='ocrx_word' id='word_1_271' title='bbox 512 2291 718 2361; x_wconf 77' lang='grc' dir='ltr'>Κύριον</span> <span class='ocrx_word' id='word_1_272' title='bbox 756 2292 851 2344; x_wconf 77' lang='grc' dir='ltr'>καὶ</span> <span class='ocrx_word' id='word_1_273' title='bbox 899 2291 1033 2344; x_wconf 88' lang='grc' dir='ltr'>Θεὸν</span> <span class='ocrx_word' id='word_1_274' title='bbox 1072 2291 1231 2359; x_wconf 82' lang='grc' dir='ltr'>ἡμῶν</span> <span class='ocrx_word' id='word_1_275' title='bbox 1265 2292 1324 2345; x_wconf 83' lang='grc' dir='ltr'>ὲν</span> <span class='ocrx_word' id='word_1_276' title='bbox 1371 2292 1472 2361; x_wconf 78' lang='grc' dir='ltr'>μιᾷ</span> <span class='ocrx_word' id='word_1_277' title='bbox 1514 2291 1811 2345; x_wconf 83' lang='grc' dir='ltr'>ὑποστάσει</span> 
     </span>
    </p>
   </div>
   <div class='ocr_carea' id='block_1_40' title="bbox 223 2382 1810 2454">
    <p class='ocr_par' dir='ltr' id='par_1_40' title="bbox 223 2382 1810 2454">
     <span class='ocr_line' id='line_1_40' title="bbox 223 2382 1810 2454; baseline -0.001 -18"><span class='ocrx_word' id='word_1_278' title='bbox 223 2384 358 2436; x_wconf 79' lang='grc' dir='ltr'>δντα</span> <span class='ocrx_word' id='word_1_279' title='bbox 394 2383 687 2454; x_wconf 79' lang='grc' dir='ltr'>ὡμολόγει,</span> <span class='ocrx_word' id='word_1_280' title='bbox 736 2384 828 2437; x_wconf 87' lang='grc' dir='ltr'><strong>τὸν</strong></span> <span class='ocrx_word' id='word_1_281' title='bbox 874 2385 970 2437; x_wconf 77' lang='grc' dir='ltr'>καὶ</span> <span class='ocrx_word' id='word_1_282' title='bbox 1013 2382 1148 2436; x_wconf 91' lang='grc' dir='ltr'>Θεὸν</span> <span class='ocrx_word' id='word_1_283' title='bbox 1190 2382 1313 2436; x_wconf 76' lang='grc' dir='ltr'>ὄντα</span> <span class='ocrx_word' id='word_1_284' title='bbox 1359 2384 1454 2437; x_wconf 58' lang='grc' dir='ltr'><strong>καὶ⁵</strong></span> <span class='ocrx_word' id='word_1_285' title='bbox 1503 2383 1810 2453; x_wconf 79' lang='grc' dir='ltr'>ἄνθρωπον,</span> 
     </span>
    </p>
   </div>
   <div class='ocr_carea' id='block_1_41' title="bbox 224 2471 1814 2545">
    <p class='ocr_par' dir='ltr' id='par_1_41' title="bbox 224 2471 1814 2545">
     <span class='ocr_line' id='line_1_41' title="bbox 224 2471 1814 2545; baseline -0.001 -18"><span class='ocrx_word' id='word_1_286' title='bbox 224 2476 361 2528; x_wconf 72' lang='grc' dir='ltr'>Θεὸν</span> <span class='ocrx_word' id='word_1_287' title='bbox 400 2477 497 2545; x_wconf 80' lang='grc' dir='ltr'>μὲν</span> <span class='ocrx_word' id='word_1_288' title='bbox 519 2474 595 2538; x_wconf 82' lang='grc' dir='ltr'><strong>ὡς</strong></span> <span class='ocrx_word' id='word_1_289' title='bbox 625 2474 920 2539; x_wconf 81' lang='grc' dir='ltr'>συναϊδιον,</span> <span class='ocrx_word' id='word_1_290' title='bbox 967 2473 1064 2525; x_wconf 74' lang='grc' dir='ltr'><strong>καὶ</strong></span> <span class='ocrx_word' id='word_1_291' title='bbox 1093 2472 1339 2543; x_wconf 82' lang='grc' dir='ltr'>ἀχρόνως</span> <span class='ocrx_word' id='word_1_292' title='bbox 1368 2474 1431 2526; x_wconf 81' lang='grc' dir='ltr'>ὲκ</span> <span class='ocrx_word' id='word_1_293' title='bbox 1467 2471 1563 2526; x_wconf 82' lang='grc' dir='ltr'><strong>τοῦ</strong></span> <span class='ocrx_word' id='word_1_294' title='bbox 1601 2473 1814 2542; x_wconf 55' lang='lat' dir='ltr'><strong>Harpe;</strong></span> 
     </span>
    </p>
   </div>
   <div class='ocr_carea' id='block_1_42' title="bbox 225 2564 1814 2636">
    <p class='ocr_par' dir='ltr' id='par_1_42' title="bbox 225 2564 1814 2636">
     <span class='ocr_line' id='line_1_42' title="bbox 225 2564 1814 2636; baseline -0.001 -17"><span class='ocrx_word' id='word_1_295' title='bbox 225 2567 455 2635; x_wconf 71' lang='grc' dir='ltr'>φυέντα,</span> <span class='ocrx_word' id='word_1_296' title='bbox 481 2569 573 2621; x_wconf 78' lang='grc' dir='ltr'><strong>καὶ</strong></span> <span class='ocrx_word' id='word_1_297' title='bbox 603 2566 890 2636; x_wconf 85' lang='grc' dir='ltr'>ὁμοούσιον</span> <span class='ocrx_word' id='word_1_298' title='bbox 918 2565 995 2635; x_wconf 86' lang='grc' dir='ltr'>τῷ</span> <span class='ocrx_word' id='word_1_299' title='bbox 1027 2583 1088 2618; x_wconf 84' lang='grc' dir='ltr'><strong>τε</strong></span> <span class='ocrx_word' id='word_1_300' title='bbox 1123 2565 1245 2635; x_wconf 85' lang='grc' dir='ltr'>Θεῷ</span> <span class='ocrx_word' id='word_1_301' title='bbox 1271 2566 1368 2618; x_wconf 81' lang='grc' dir='ltr'>καὶ</span> <span class='ocrx_word' id='word_1_302' title='bbox 1395 2566 1593 2636; x_wconf 80' lang='grc' dir='ltr'>Πατρὶ,</span> <span class='ocrx_word' id='word_1_303' title='bbox 1622 2568 1715 2619; x_wconf 77' lang='grc' dir='ltr'>καὶ</span> <span class='ocrx_word' id='word_1_304' title='bbox 1736 2564 1814 2635; x_wconf 85' lang='grc' dir='ltr'><strong>τῷ</strong></span> 
     </span>
    </p>
   </div>
   <div class='ocr_carea' id='block_1_43' title="bbox 226 2657 1813 2729">
    <p class='ocr_par' dir='ltr' id='par_1_43' title="bbox 226 2657 1813 2729">
     <span class='ocr_line' id='line_1_43' title="bbox 226 2657 1813 2729; baseline -0.001 -19"><span class='ocrx_word' id='word_1_305' title='bbox 226 2658 513 2726; x_wconf 66' lang='grc' dir='ltr'>Πνιὺματι</span> <span class='ocrx_word' id='word_1_306' title='bbox 563 2657 641 2727; x_wconf 80' lang='grc' dir='ltr'>τῷ</span> <span class='ocrx_word' id='word_1_307' title='bbox 670 2657 834 2727; x_wconf 87' lang='grc' dir='ltr'>ἁγίῳ,</span> <span class='ocrx_word' id='word_1_308' title='bbox 881 2657 972 2711; x_wconf 75' lang='grc' dir='ltr'><strong>ἐπ’</strong></span> <span class='ocrx_word' id='word_1_309' title='bbox 1027 2657 1274 2726; x_wconf 81' lang='grc' dir='ltr'>ἐσχάτων</span> <span class='ocrx_word' id='word_1_310' title='bbox 1316 2658 1374 2711; x_wconf 79' lang='grc' dir='ltr'>δὲ</span> <span class='ocrx_word' id='word_1_311' title='bbox 1425 2657 1532 2710; x_wconf 84' lang='grc' dir='ltr'><strong>τῶν</strong></span> <span class='ocrx_word' id='word_1_312' title='bbox 1588 2658 1813 2729; x_wconf 77' lang='grc' dir='ltr'>ἡμερῶν</span> 
     </span>
    </p>
   </div>
   <div class='ocr_carea' id='block_1_44' title="bbox 224 2750 1814 2822">
    <p class='ocr_par' dir='ltr' id='par_1_44' title="bbox 224 2750 1814 2822">
     <span class='ocr_line' id='line_1_44' title="bbox 224 2750 1814 2822; baseline 0.001 -20"><span class='ocrx_word' id='word_1_313' title='bbox 224 2750 316 2803; x_wconf 67' lang='grc' dir='ltr'>διὰ</span> <span class='ocrx_word' id='word_1_314' title='bbox 356 2750 456 2821; x_wconf 77' lang='grc' dir='ltr'>τὴν</span> <span class='ocrx_word' id='word_1_315' title='bbox 503 2751 780 2822; x_wconf 73' lang='grc' dir='ltr'>ἡμετέραν</span> <span class='ocrx_word' id='word_1_316' title='bbox 828 2751 1113 2822; x_wconf 82' lang='grc' dir='ltr'>σωτηρίαν</span> <span class='ocrx_word' id='word_1_317' title='bbox 1154 2750 1337 2820; x_wconf 81' lang='grc' dir='ltr'>σάρκα</span> <span class='ocrx_word' id='word_1_318' title='bbox 1376 2750 1663 2819; x_wconf 88' lang='grc' dir='ltr'>γεγονότα.</span> <span class='ocrx_word' id='word_1_319' title='bbox 1693 2752 1814 2821; x_wconf 76' lang='grc' dir='ltr'>ἢτοι</span> 
     </span>
    </p>
   </div>
   <div class='ocr_carea' id='block_1_45' title="bbox 227 2840 1816 2913">
    <p class='ocr_par' dir='ltr' id='par_1_45' title="bbox 227 2840 1816 2913">
     <span class='ocr_line' id='line_1_45' title="bbox 227 2840 1816 2913; baseline 0.001 -19"><span class='ocrx_word' id='word_1_320' title='bbox 227 2840 756 2913; x_wconf 77' lang='grc' dir='ltr'>ὲνανθρωπήσαντα,</span> <span class='ocrx_word' id='word_1_321' title='bbox 805 2842 901 2895; x_wconf 64' lang='grc' dir='ltr'><strong>καὶ⁵</strong></span> <span class='ocrx_word' id='word_1_322' title='bbox 972 2841 1309 2910; x_wconf 78' lang='grc' dir='ltr'>γεννηθέντα</span> <span class='ocrx_word' id='word_1_323' title='bbox 1365 2842 1430 2894; x_wconf 82' lang='grc' dir='ltr'>ὲκ</span> <span class='ocrx_word' id='word_1_324' title='bbox 1497 2840 1816 2913; x_wconf 82' lang='grc' dir='ltr'>Πνεὺματος</span> 
     </span>
    </p>
   </div>
   <div class='ocr_carea' id='block_1_46' title="bbox 225 2929 1814 3003">
    <p class='ocr_par' dir='ltr' id='par_1_46' title="bbox 225 2929 1814 3003">
     <span class='ocr_line' id='line_1_46' title="bbox 225 2929 1814 3003; baseline -0.001 -17"><span class='ocrx_word' id='word_1_325' title='bbox 225 2934 387 3000; x_wconf 78' lang='grc' dir='ltr'>ἁγίου</span> <span class='ocrx_word' id='word_1_326' title='bbox 430 2934 530 2986; x_wconf 78' lang='grc' dir='ltr'><strong>καὶ</strong></span> <span class='ocrx_word' id='word_1_327' title='bbox 561 2932 783 3003; x_wconf 68' lang='grc' dir='ltr'>Μαρίας</span> <span class='ocrx_word' id='word_1_328' title='bbox 814 2933 912 3001; x_wconf 76' lang='grc' dir='ltr'>τῆς</span> <span class='ocrx_word' id='word_1_329' title='bbox 942 2931 1245 3002; x_wconf 85' lang='grc' dir='ltr'>Παρθένου,</span> <span class='ocrx_word' id='word_1_330' title='bbox 1279 2929 1464 2996; x_wconf 87' lang='grc' dir='ltr'>καθὼς</span> <span class='ocrx_word' id='word_1_331' title='bbox 1504 2933 1537 3000; x_wconf 75' lang='grc' dir='ltr'><strong>ἡ</strong></span> <span class='ocrx_word' id='word_1_332' title='bbox 1568 2931 1814 2999; x_wconf 82' lang='grc' dir='ltr'>θεολόγος</span> 
     </span>
    </p>
   </div>
   <div class='ocr_carea' id='block_1_47' title="bbox 227 3022 1811 3095">
    <p class='ocr_par' dir='ltr' id='par_1_47' title="bbox 227 3022 1811 3095">
     <span class='ocr_line' id='line_1_47' title="bbox 227 3022 1811 3095; baseline 0 -20"><span class='ocrx_word' id='word_1_333' title='bbox 227 3023 447 3091; x_wconf 84' lang='grc' dir='ltr'>γλῶττα</span> <span class='ocrx_word' id='word_1_334' title='bbox 492 3026 769 3092; x_wconf 75' lang='grc' dir='ltr'>έκφωνεῖ,</span> <span class='ocrx_word' id='word_1_335' title='bbox 813 3025 910 3076; x_wconf 80' lang='grc' dir='ltr'>καὶ</span> <span class='ocrx_word' id='word_1_336' title='bbox 953 3023 1023 3076; x_wconf 78' lang='grc' dir='ltr'>τὰ</span> <span class='ocrx_word' id='word_1_337' title='bbox 1073 3022 1237 3077; x_wconf 83' lang='grc' dir='ltr'>λοιπὰ</span> <span class='ocrx_word' id='word_1_338' title='bbox 1292 3024 1463 3091; x_wconf 88' lang='grc' dir='ltr'>Λόγια</span> <span class='ocrx_word' id='word_1_339' title='bbox 1511 3027 1811 3095; x_wconf 86' lang='grc' dir='ltr'>μαρτυρεῖ,</span> 
     </span>
    </p>
   </div>
   <div class='ocr_carea' id='block_1_48' title="bbox 231 3113 1814 3182">
    <p class='ocr_par' dir='ltr' id='par_1_48' title="bbox 231 3113 1814 3182">
     <span class='ocr_line' id='line_1_48' title="bbox 231 3113 1814 3182; baseline 0 -15"><span class='ocrx_word' id='word_1_340' title='bbox 231 3115 333 3168; x_wconf 72' lang='grc' dir='ltr'>καὶ</span> <span class='ocrx_word' id='word_1_341' title='bbox 386 3115 445 3168; x_wconf 81' lang='lat' dir='ltr'><strong>ai</strong></span> <span class='ocrx_word' id='word_1_342' title='bbox 493 3115 603 3167; x_wconf 84' lang='grc' dir='ltr'><strong>τῶν</strong></span> <span class='ocrx_word' id='word_1_343' title='bbox 649 3114 967 3168; x_wconf 84' lang='grc' dir='ltr'>ἀποστόλων</span> <span class='ocrx_word' id='word_1_344' title='bbox 1004 3113 1182 3182; x_wconf 80' lang='grc' dir='ltr'>φωναὶ</span> <span class='ocrx_word' id='word_1_345' title='bbox 1229 3114 1586 3182; x_wconf 80' lang='grc' dir='ltr'>ὑφηγοῦνται,</span> <span class='ocrx_word' id='word_1_346' title='bbox 1630 3118 1725 3167; x_wconf 74' lang='grc' dir='ltr'>καὶ</span> <span class='ocrx_word' id='word_1_347' title='bbox 1758 3116 1814 3167; x_wconf 81' lang='lat' dir='ltr'><strong>ai</strong></span> 
     </span>
    </p>
   </div>
   <div class='ocr_carea' id='block_1_49' title="bbox 225 3204 1813 3276">
    <p class='ocr_par' dir='ltr' id='par_1_49' title="bbox 225 3204 1813 3276">
     <span class='ocr_line' id='line_1_49' title="bbox 225 3204 1813 3276; baseline 0 -19"><span class='ocrx_word' id='word_1_348' title='bbox 225 3206 338 3257; x_wconf 82' lang='grc' dir='ltr'><strong>τῶν</strong></span> <span class='ocrx_word' id='word_1_349' title='bbox 368 3206 645 3273; x_wconf 74' lang='grc' dir='ltr'>θεοσόφων</span> <span class='ocrx_word' id='word_1_350' title='bbox 679 3205 938 3276; x_wconf 82' lang='grc' dir='ltr'>Πατέρων</span> <span class='ocrx_word' id='word_1_351' title='bbox 990 3204 1331 3259; x_wconf 80' lang='grc' dir='ltr'>διδασκαλίαι</span> <span class='ocrx_word' id='word_1_352' title='bbox 1386 3208 1676 3274; x_wconf 75' lang='grc' dir='ltr'>τρανοῦσι·</span> <span class='ocrx_word' id='word_1_353' title='bbox 1710 3224 1813 3276; x_wconf 80' lang='grc' dir='ltr'><strong>φα-</strong></span> 
     </span>
    </p>
   </div>
   <div class='ocr_carea' id='block_1_50' title="bbox 225 3297 1809 3369">
    <p class='ocr_par' dir='ltr' id='par_1_50' title="bbox 225 3297 1809 3369">
     <span class='ocr_line' id='line_1_50' title="bbox 225 3297 1809 3369; baseline 0.003 -21"><span class='ocrx_word' id='word_1_354' title='bbox 225 3297 409 3368; x_wconf 73' lang='grc' dir='ltr'>νερὸν,</span> <span class='ocrx_word' id='word_1_355' title='bbox 443 3299 528 3350; x_wconf 85' lang='grc' dir='ltr'>ὅτι</span> <span class='ocrx_word' id='word_1_356' title='bbox 569 3299 598 3350; x_wconf 88' lang='grc' dir='ltr'><strong>ό</strong></span> <span class='ocrx_word' id='word_1_357' title='bbox 636 3299 823 3360; x_wconf 86' lang='grc' dir='ltr'>πάπας</span> <span class='ocrx_word' id='word_1_358' title='bbox 862 3297 1015 3351; x_wconf 87' lang='grc' dir='ltr'>Λέων</span> <span class='ocrx_word' id='word_1_359' title='bbox 1047 3297 1185 3368; x_wconf 77' lang='grc' dir='ltr'>μετὰ</span> <span class='ocrx_word' id='word_1_360' title='bbox 1212 3301 1311 3369; x_wconf 78' lang='grc' dir='ltr'>τῆς</span> <span class='ocrx_word' id='word_1_361' title='bbox 1353 3298 1613 3369; x_wconf 83' lang='grc' dir='ltr'><strong>ἀληθείας</strong></span> <span class='ocrx_word' id='word_1_362' title='bbox 1644 3299 1809 3369; x_wconf 84' lang='grc' dir='ltr'>’ἐστη-</span> 
     </span>
    </p>
   </div>
   <div class='ocr_carea' id='block_1_51' title="bbox 226 3389 1811 3461">
    <p class='ocr_par' dir='ltr' id='par_1_51' title="bbox 226 3389 1811 3461">
     <span class='ocr_line' id='line_1_51' title="bbox 226 3389 1811 3461; baseline 0.003 -20"><span class='ocrx_word' id='word_1_363' title='bbox 226 3406 315 3453; x_wconf 84' lang='grc' dir='ltr'><strong>κε,</strong></span> <span class='ocrx_word' id='word_1_364' title='bbox 346 3389 445 3443; x_wconf 71' lang='grc' dir='ltr'><strong>καὶ</strong></span> <span class='ocrx_word' id='word_1_365' title='bbox 476 3390 537 3443; x_wconf 91' lang='grc' dir='ltr'><strong>οὑ</strong></span> <span class='ocrx_word' id='word_1_366' title='bbox 574 3393 855 3459; x_wconf 77' lang='grc' dir='ltr'>συμφωνεῖ</span> <span class='ocrx_word' id='word_1_367' title='bbox 882 3390 961 3459; x_wconf 85' lang='grc' dir='ltr'><strong>τῷ</strong></span> <span class='ocrx_word' id='word_1_368' title='bbox 996 3390 1301 3461; x_wconf 80' lang='grc' dir='ltr'>Νεστορίῳ.</span> <span class='ocrx_word' id='word_1_369' title='bbox 1332 3392 1444 3445; x_wconf 76' lang='grc' dir='ltr'><strong>Καὶ</strong></span> <span class='ocrx_word' id='word_1_370' title='bbox 1478 3393 1642 3446; x_wconf 82' lang='grc' dir='ltr'>πάλιν</span> <span class='ocrx_word' id='word_1_371' title='bbox 1672 3392 1811 3461; x_wconf 88' lang='grc' dir='ltr'>γρά-</span> 
     </span>
    </p>
   </div>
   <div class='ocr_carea' id='block_1_52' title="bbox 227 3482 1810 3552">
    <p class='ocr_par' dir='ltr' id='par_1_52' title="bbox 227 3482 1810 3552">
     <span class='ocr_line' id='line_1_52' title="bbox 227 3482 1810 3552; baseline 0.003 -19"><span class='ocrx_word' id='word_1_372' title='bbox 227 3498 319 3549; x_wconf 76' lang='grc' dir='ltr'>φει</span> <span class='ocrx_word' id='word_1_373' title='bbox 367 3482 685 3551; x_wconf 78' lang='grc' dir='ltr'>Νεστόριος,</span> <span class='ocrx_word' id='word_1_374' title='bbox 738 3484 820 3535; x_wconf 77' lang='grc' dir='ltr'>ὅτι</span> <span class='ocrx_word' id='word_1_375' title='bbox 860 3483 1009 3551; x_wconf 75' lang='grc' dir='ltr'><strong>Οὐχὶ</strong></span> <span class='ocrx_word' id='word_1_376' title='bbox 1048 3485 1082 3536; x_wconf 84' lang='grc' dir='ltr'><strong>ό</strong></span> <span class='ocrx_word' id='word_1_377' title='bbox 1132 3483 1325 3552; x_wconf 74' lang='grc' dir='ltr'>Λόγος</span> <span class='ocrx_word' id='word_1_378' title='bbox 1370 3483 1477 3537; x_wconf 87' lang='grc' dir='ltr'>τοῦ</span> <span class='ocrx_word' id='word_1_379' title='bbox 1529 3484 1679 3538; x_wconf 84' lang='grc' dir='ltr'>Θεοῦ</span> <span class='ocrx_word' id='word_1_380' title='bbox 1711 3482 1810 3537; x_wconf 78' lang='grc' dir='ltr'>διὰ</span> 
     </span>
    </p>
   </div>
   <div class='ocr_carea' id='block_1_53' title="bbox 228 3572 1809 3643">
    <p class='ocr_par' dir='ltr' id='par_1_53' title="bbox 228 3572 1809 3643">
     <span class='ocr_line' id='line_1_53' title="bbox 228 3572 1809 3643; baseline 0.003 -18"><span class='ocrx_word' id='word_1_381' title='bbox 228 3573 444 3641; x_wconf 75' lang='grc' dir='ltr'>χειρῶν</span> <span class='ocrx_word' id='word_1_382' title='bbox 494 3572 715 3642; x_wconf 76' lang='grc' dir='ltr'>Ἰωσὴφ</span> <span class='ocrx_word' id='word_1_383' title='bbox 736 3572 894 3642; x_wconf 78' lang='grc' dir='ltr'>ῥάκη</span> <span class='ocrx_word' id='word_1_384' title='bbox 916 3573 1193 3640; x_wconf 60' lang='lat' dir='ltr'><strong>moerin,</strong></span> <span class='ocrx_word' id='word_1_385' title='bbox 1222 3575 1385 3629; x_wconf 74' lang='grc' dir='ltr'><em>ἀλλὰ</em></span> <span class='ocrx_word' id='word_1_386' title='bbox 1411 3574 1477 3628; x_wconf 76' lang='grc' dir='ltr'>τὸ</span> <span class='ocrx_word' id='word_1_387' title='bbox 1507 3574 1680 3643; x_wconf 83' lang='grc' dir='ltr'>σῶμα</span> <span class='ocrx_word' id='word_1_388' title='bbox 1700 3575 1809 3630; x_wconf 82' lang='grc' dir='ltr'>τοῦ</span> 
     </span>
    </p>
   </div>
   <div class='ocr_carea' id='block_1_54' title="bbox 228 3664 1808 3736">
    <p class='ocr_par' dir='ltr' id='par_1_54' title="bbox 228 3664 1808 3736">
     <span class='ocr_line' id='line_1_54' title="bbox 228 3664 1808 3736; baseline 0.001 -19"><span class='ocrx_word' id='word_1_389' title='bbox 228 3666 474 3732; x_wconf 76' lang='grc' dir='ltr'>Κυρίου.</span> <span class='ocrx_word' id='word_1_390' title='bbox 526 3664 733 3735; x_wconf 77' lang='grc' dir='ltr'>Γράφει</span> <span class='ocrx_word' id='word_1_391' title='bbox 768 3666 943 3729; x_wconf 88' lang='grc' dir='ltr'>Λέων,</span> <span class='ocrx_word' id='word_1_392' title='bbox 990 3666 1074 3719; x_wconf 85' lang='grc' dir='ltr'>ὅτι</span> <span class='ocrx_word' id='word_1_393' title='bbox 1116 3666 1176 3718; x_wconf 82' lang='grc' dir='ltr'><strong>τὸ</strong></span> <span class='ocrx_word' id='word_1_394' title='bbox 1211 3666 1310 3736; x_wconf 84' lang='grc' dir='ltr'><strong>μὲν</strong></span> <span class='ocrx_word' id='word_1_395' title='bbox 1344 3667 1556 3736; x_wconf 73' lang='grc' dir='ltr'>ἔλαμπε</span> <span class='ocrx_word' id='word_1_396' title='bbox 1583 3667 1669 3721; x_wconf 80' lang='grc' dir='ltr'>διὰ</span> <span class='ocrx_word' id='word_1_397' title='bbox 1698 3669 1808 3721; x_wconf 82' lang='grc' dir='ltr'>τῶν</span> 
     </span>
    </p>
   </div>
   <div class='ocr_carea' id='block_1_55' title="bbox 228 3757 1809 3831">
    <p class='ocr_par' dir='ltr' id='par_1_55' title="bbox 228 3757 1809 3831">
     <span class='ocr_line' id='line_1_55' title="bbox 228 3757 1809 3831; baseline 0.002 -20"><span class='ocrx_word' id='word_1_398' title='bbox 228 3759 499 3827; x_wconf 81' lang='grc' dir='ltr'>σημείων,</span> <span class='ocrx_word' id='word_1_399' title='bbox 534 3758 594 3812; x_wconf 85' lang='grc' dir='ltr'><strong>τὸ</strong></span> <span class='ocrx_word' id='word_1_400' title='bbox 640 3757 698 3811; x_wconf 80' lang='grc' dir='ltr'>δὲ</span> <span class='ocrx_word' id='word_1_401' title='bbox 747 3759 1026 3813; x_wconf 82' lang='grc' dir='ltr'>ὑπέπιπτε</span> <span class='ocrx_word' id='word_1_402' title='bbox 1073 3762 1188 3822; x_wconf 88' lang='grc' dir='ltr'>τοῖς</span> <span class='ocrx_word' id='word_1_403' title='bbox 1236 3760 1575 3830; x_wconf 86' lang='grc' dir='ltr'>παθήμασιν.</span> <span class='ocrx_word' id='word_1_404' title='bbox 1621 3762 1809 3831; x_wconf 83' lang='grc' dir='ltr'>Ἐναρ-</span> 
     </span>
    </p>
   </div>
   <div class='ocr_carea' id='block_1_56' title="bbox 224 3849 1807 3923">
    <p class='ocr_par' dir='ltr' id='par_1_56' title="bbox 224 3849 1807 3923">
     <span class='ocr_line' id='line_1_56' title="bbox 224 3849 1807 3923; baseline 0.001 -20"><span class='ocrx_word' id='word_1_405' title='bbox 224 3850 469 3918; x_wconf 82' lang='grc' dir='ltr'>γέστατα</span> <span class='ocrx_word' id='word_1_406' title='bbox 498 3849 587 3903; x_wconf 76' lang='grc' dir='ltr'><strong>διὰ</strong></span> <span class='ocrx_word' id='word_1_407' title='bbox 628 3850 789 3919; x_wconf 77' lang='grc' dir='ltr'>τῆσδε</span> <span class='ocrx_word' id='word_1_408' title='bbox 830 3851 932 3920; x_wconf 81' lang='grc' dir='ltr'><strong>τῆς</strong></span> <span class='ocrx_word' id='word_1_409' title='bbox 997 3852 1248 3921; x_wconf 75' lang='grc' dir='ltr'>χρήσεως</span> <span class='ocrx_word' id='word_1_410' title='bbox 1286 3852 1313 3904; x_wconf 87' lang='grc' dir='ltr'><strong>ό</strong></span> <span class='ocrx_word' id='word_1_411' title='bbox 1366 3851 1467 3921; x_wconf 75' lang='grc' dir='ltr'><strong>μὲν</strong></span> <span class='ocrx_word' id='word_1_412' title='bbox 1513 3853 1807 3923; x_wconf 82' lang='grc' dir='ltr'>Νεστόριος</span> 
     </span>
    </p>
   </div>
   <div class='ocr_carea' id='block_1_57' title="bbox 225 3940 1806 4009">
    <p class='ocr_par' dir='ltr' id='par_1_57' title="bbox 225 3940 1806 4009">
     <span class='ocr_line' id='line_1_57' title="bbox 225 3940 1806 4009; baseline 0.001 -14"><span class='ocrx_word' id='word_1_413' title='bbox 225 3940 388 3995; x_wconf 78' lang='grc' dir='ltr'>ἄλλον</span> <span class='ocrx_word' id='word_1_414' title='bbox 419 3943 565 3994; x_wconf 81' lang='grc' dir='ltr'>ποιεῖ</span> <span class='ocrx_word' id='word_1_415' title='bbox 588 3941 678 3994; x_wconf 85' lang='grc' dir='ltr'><strong>τὸν</strong></span> <span class='ocrx_word' id='word_1_416' title='bbox 716 3941 849 3993; x_wconf 80' lang='grc' dir='ltr'>Θεὸν</span> <span class='ocrx_word' id='word_1_417' title='bbox 880 3942 1075 4009; x_wconf 82' lang='grc' dir='ltr'>Λόγον,</span> <span class='ocrx_word' id='word_1_418' title='bbox 1107 3942 1201 3995; x_wconf 73' lang='grc' dir='ltr'><strong>καὶ</strong></span> <span class='ocrx_word' id='word_1_419' title='bbox 1232 3940 1391 3994; x_wconf 81' lang='grc' dir='ltr'>ἄλλον</span> <span class='ocrx_word' id='word_1_420' title='bbox 1432 3941 1523 3995; x_wconf 88' lang='grc' dir='ltr'><strong>τὸν</strong></span> <span class='ocrx_word' id='word_1_421' title='bbox 1575 3945 1639 3996; x_wconf 82' lang='grc' dir='ltr'>ὲκ</span> <span class='ocrx_word' id='word_1_422' title='bbox 1686 3943 1806 3996; x_wconf 86' lang='grc' dir='ltr'><strong>Μα-</strong></span> 
     </span>
    </p>
   </div>
   <div class='ocr_carea' id='block_1_58' title="bbox 226 4026 1808 4103">
    <p class='ocr_par' dir='ltr' id='par_1_58' title="bbox 226 4026 1808 4103">
     <span class='ocr_line' id='line_1_58' title="bbox 226 4026 1808 4103; baseline 0.002 -21"><span class='ocrx_word' id='word_1_423' title='bbox 226 4032 374 4100; x_wconf 72' lang='grc' dir='ltr'>ρίας,</span> <span class='ocrx_word' id='word_1_424' title='bbox 426 4026 472 4097; x_wconf 82' lang='grc' dir='ltr'>ᾧ</span> <span class='ocrx_word' id='word_1_425' title='bbox 512 4032 607 4084; x_wconf 80' lang='grc' dir='ltr'><strong>καὶ</strong></span> <span class='ocrx_word' id='word_1_426' title='bbox 646 4032 829 4092; x_wconf 63' lang='lat' dir='ltr'><strong>ramo;</strong></span> <span class='ocrx_word' id='word_1_427' title='bbox 873 4031 1167 4102; x_wconf 89' lang='grc' dir='ltr'>πρόσωπον</span> <span class='ocrx_word' id='word_1_428' title='bbox 1200 4032 1329 4085; x_wconf 75' lang='grc' dir='ltr'>ἴδιον</span> <span class='ocrx_word' id='word_1_429' title='bbox 1366 4032 1665 4102; x_wconf 88' lang='grc' dir='ltr'>όμολογῶν,</span> <span class='ocrx_word' id='word_1_430' title='bbox 1706 4035 1808 4103; x_wconf 84' lang='grc' dir='ltr'><strong>’1η-</strong></span> 
     </span>
    </p>
   </div>
   <div class='ocr_carea' id='block_1_59' title="bbox 226 4122 1804 4193">
    <p class='ocr_par' dir='ltr' id='par_1_59' title="bbox 226 4122 1804 4193">
     <span class='ocr_line' id='line_1_59' title="bbox 226 4122 1804 4193; baseline 0.001 -18"><span class='ocrx_word' id='word_1_431' title='bbox 226 4123 357 4175; x_wconf 78' lang='grc' dir='ltr'><strong>σοὺν</strong></span> <span class='ocrx_word' id='word_1_432' title='bbox 387 4123 593 4177; x_wconf 73' lang='grc' dir='ltr'>ἐκάλει.</span> <span class='ocrx_word' id='word_1_433' title='bbox 636 4122 783 4175; x_wconf 81' lang='grc' dir='ltr'>Ἔδει</span> <span class='ocrx_word' id='word_1_434' title='bbox 813 4122 920 4193; x_wconf 85' lang='grc' dir='ltr'>γὰρ</span> <span class='ocrx_word' id='word_1_435' title='bbox 944 4122 1127 4189; x_wconf 87' lang='grc' dir='ltr'>αὑτὸν,</span> <span class='ocrx_word' id='word_1_436' title='bbox 1156 4123 1313 4193; x_wconf 77' lang='grc' dir='ltr'>εἴπερ</span> <span class='ocrx_word' id='word_1_437' title='bbox 1344 4123 1656 4193; x_wconf 87' lang='grc' dir='ltr'>όρθοτόμως</span> <span class='ocrx_word' id='word_1_438' title='bbox 1685 4124 1804 4177; x_wconf 78' lang='grc' dir='ltr'>ἔλε-</span> 
     </span>
    </p>
   </div>
   <div class='ocr_carea' id='block_1_60' title="bbox 224 4214 1806 4286">
    <p class='ocr_par' dir='ltr' id='par_1_60' title="bbox 224 4214 1806 4286">
     <span class='ocr_line' id='line_1_60' title="bbox 224 4214 1806 4286; baseline 0 -17"><span class='ocrx_word' id='word_1_439' title='bbox 224 4233 347 4284; x_wconf 82' lang='grc' dir='ltr'>γεν,</span> <span class='ocrx_word' id='word_1_440' title='bbox 383 4215 557 4280; x_wconf 82' lang='grc' dir='ltr'>οὓτως</span> <span class='ocrx_word' id='word_1_441' title='bbox 584 4217 779 4269; x_wconf 80' lang='grc' dir='ltr'>εἰπεῖν·</span> <span class='ocrx_word' id='word_1_442' title='bbox 808 4215 944 4286; x_wconf 76' lang='grc' dir='ltr'>Οὐχὶ</span> <span class='ocrx_word' id='word_1_443' title='bbox 973 4217 1002 4269; x_wconf 88' lang='grc' dir='ltr'><strong>ό</strong></span> <span class='ocrx_word' id='word_1_444' title='bbox 1040 4216 1211 4284; x_wconf 83' lang='grc' dir='ltr'>Λόγος</span> <span class='ocrx_word' id='word_1_445' title='bbox 1240 4214 1333 4268; x_wconf 79' lang='grc' dir='ltr'>τοῦ</span> <span class='ocrx_word' id='word_1_446' title='bbox 1360 4214 1518 4278; x_wconf 80' lang='grc' dir='ltr'>Θεοῦ,</span> <span class='ocrx_word' id='word_1_447' title='bbox 1546 4216 1682 4268; x_wconf 77' lang='grc' dir='ltr'>καθὸ</span> <span class='ocrx_word' id='word_1_448' title='bbox 1711 4217 1806 4269; x_wconf 86' lang='grc' dir='ltr'>Λό-</span> 
     </span>
    </p>
   </div>
   <div class='ocr_carea' id='block_1_61' title="bbox 225 4305 1805 4376">
    <p class='ocr_par' dir='ltr' id='par_1_61' title="bbox 225 4305 1805 4376">
     <span class='ocr_line' id='line_1_61' title="bbox 225 4305 1805 4376; baseline 0.001 -18"><span class='ocrx_word' id='word_1_449' title='bbox 225 4323 345 4373; x_wconf 85' lang='grc' dir='ltr'>γος,</span> <span class='ocrx_word' id='word_1_450' title='bbox 374 4305 759 4374; x_wconf 73' lang='grc' dir='ltr'>ἅκατάληπτος</span> <span class='ocrx_word' id='word_1_451' title='bbox 800 4309 897 4359; x_wconf 81' lang='grc' dir='ltr'>καὶ</span> <span class='ocrx_word' id='word_1_452' title='bbox 943 4306 1357 4376; x_wconf 81' lang='grc' dir='ltr'>ἀπερίγραπτος</span> <span class='ocrx_word' id='word_1_453' title='bbox 1401 4309 1495 4360; x_wconf 75' lang='grc' dir='ltr'>καὶ</span> <span class='ocrx_word' id='word_1_454' title='bbox 1539 4307 1805 4371; x_wconf 87' lang='grc' dir='ltr'>συναῖδιος</span> 
     </span>
    </p>
   </div>
   <div class='ocr_carea' id='block_1_62' title="bbox 225 4393 1801 4469">
    <p class='ocr_par' dir='ltr' id='par_1_62' title="bbox 225 4393 1801 4469">
     <span class='ocr_line' id='line_1_62' title="bbox 225 4393 1801 4469; baseline 0.002 -20"><span class='ocrx_word' id='word_1_455' title='bbox 225 4397 307 4466; x_wconf 83' lang='grc' dir='ltr'>τῷ</span> <span class='ocrx_word' id='word_1_456' title='bbox 340 4397 515 4465; x_wconf 71' lang='lat' dir='ltr'><strong>[lupi</strong></span> <span class='ocrx_word' id='word_1_457' title='bbox 556 4393 653 4459; x_wconf 81' lang='grc' dir='ltr'><strong>ὢν,</strong></span> <span class='ocrx_word' id='word_1_458' title='bbox 687 4396 830 4466; x_wconf 81' lang='grc' dir='ltr'>ῥάκη</span> <span class='ocrx_word' id='word_1_459' title='bbox 896 4397 1122 4467; x_wconf 76' lang='grc' dir='ltr'>ένεδὺθη</span> <span class='ocrx_word' id='word_1_460' title='bbox 1175 4398 1281 4451; x_wconf 89' lang='grc' dir='ltr'><strong>ὑπὸ</strong></span> <span class='ocrx_word' id='word_1_461' title='bbox 1312 4398 1513 4468; x_wconf 84' lang='grc' dir='ltr'>χειρῶν</span> <span class='ocrx_word' id='word_1_462' title='bbox 1583 4398 1801 4469; x_wconf 75' lang='grc' dir='ltr'>Ἰωσὴφ,</span> 
     </span>
    </p>
   </div>
   <div class='ocr_carea' id='block_1_63' title="bbox 226 4487 1804 4559">
    <p class='ocr_par' dir='ltr' id='par_1_63' title="bbox 226 4487 1804 4559">
     <span class='ocr_line' id='line_1_63' title="bbox 226 4487 1804 4559; baseline 0.001 -19"><span class='ocrx_word' id='word_1_463' title='bbox 226 4488 344 4540; x_wconf 72' lang='grc' dir='ltr'>ἀλλ’</span> <span class='ocrx_word' id='word_1_464' title='bbox 369 4487 403 4557; x_wconf 83' lang='grc' dir='ltr'>ἢ</span> <span class='ocrx_word' id='word_1_465' title='bbox 439 4487 576 4541; x_wconf 83' lang='grc' dir='ltr'>καθὸ</span> <span class='ocrx_word' id='word_1_466' title='bbox 607 4487 695 4541; x_wconf 77' lang='grc' dir='ltr'>διὰ</span> <span class='ocrx_word' id='word_1_467' title='bbox 733 4492 833 4556; x_wconf 77' lang='grc' dir='ltr'>τὴν</span> <span class='ocrx_word' id='word_1_468' title='bbox 876 4488 1154 4558; x_wconf 80' lang='grc' dir='ltr'>ἡμετέραν</span> <span class='ocrx_word' id='word_1_469' title='bbox 1202 4489 1482 4559; x_wconf 86' lang='grc' dir='ltr'>σωτηρίαν</span> <span class='ocrx_word' id='word_1_470' title='bbox 1518 4489 1804 4559; x_wconf 81' lang='grc' dir='ltr'>ἄνθρωπος</span> 
     </span>
    </p>
   </div>
   <div class='ocr_carea' id='block_1_64' title="bbox 1913 2016 3483 2085">
    <p class='ocr_par' dir='ltr' id='par_1_64' title="bbox 1913 2016 3483 2085">
     <span class='ocr_line' id='line_1_64' title="bbox 1913 2016 3483 2085; baseline 0 -14"><span class='ocrx_word' id='word_1_471' title='bbox 1913 2017 2056 2072; x_wconf 87' lang='lat' dir='ltr'><strong>ictus</strong></span> <span class='ocrx_word' id='word_1_472' title='bbox 2090 2029 2195 2072; x_wconf 88' lang='lat' dir='ltr'><strong>est.</strong></span> <span class='ocrx_word' id='word_1_473' title='bbox 2222 2021 2289 2069; x_wconf 84' lang='lat' dir='ltr'><strong>At</strong></span> <span class='ocrx_word' id='word_1_474' title='bbox 2314 2018 2423 2070; x_wconf 84' lang='lat' dir='ltr'><strong>Leo</strong></span> <span class='ocrx_word' id='word_1_475' title='bbox 2454 2016 2693 2085; x_wconf 76' lang='lat' dir='ltr'><strong>pontifex</strong></span> <span class='ocrx_word' id='word_1_476' title='bbox 2727 2018 2977 2072; x_wconf 88' lang='lat' dir='ltr'><strong>eumdem</strong></span> <span class='ocrx_word' id='word_1_477' title='bbox 3008 2034 3177 2071; x_wconf 89' lang='lat' dir='ltr'><strong>unum</strong></span> <span class='ocrx_word' id='word_1_478' title='bbox 3202 2017 3483 2072; x_wconf 88' lang='lat' dir='ltr'><strong>Christum</strong></span> 
     </span>
    </p>
   </div>
   <div class='ocr_carea' id='block_1_65' title="bbox 1910 2106 3491 2181">
    <p class='ocr_par' dir='ltr' id='par_1_65' title="bbox 1910 2106 3491 2181">
     <span class='ocr_line' id='line_1_65' title="bbox 1910 2106 3491 2181; baseline 0.002 -20"><span class='ocrx_word' id='word_1_479' title='bbox 1910 2117 1965 2161; x_wconf 92' lang='lat' dir='ltr'><strong>et</strong></span> <span class='ocrx_word' id='word_1_480' title='bbox 1996 2106 2310 2172; x_wconf 87' lang='lat' dir='ltr'><strong>Dominum,</strong></span> <span class='ocrx_word' id='word_1_481' title='bbox 2367 2117 2421 2160; x_wconf 82' lang='lat' dir='ltr'><strong>et</strong></span> <span class='ocrx_word' id='word_1_482' title='bbox 2453 2107 2619 2160; x_wconf 85' lang='lat' dir='ltr'><strong>Deum</strong></span> <span class='ocrx_word' id='word_1_483' title='bbox 2677 2117 2923 2162; x_wconf 88' lang='lat' dir='ltr'><strong>nostrum</strong></span> <span class='ocrx_word' id='word_1_484' title='bbox 2977 2109 3030 2162; x_wconf 90' lang='lat' dir='ltr'><strong>in</strong></span> <span class='ocrx_word' id='word_1_485' title='bbox 3077 2124 3182 2163; x_wconf 91' lang='lat' dir='ltr'><strong>una</strong></span> <span class='ocrx_word' id='word_1_486' title='bbox 3215 2110 3491 2181; x_wconf 84' lang='lat' dir='ltr'><strong>hypostasi</strong></span> 
     </span>
    </p>
   </div>
   <div class='ocr_carea' id='block_1_66' title="bbox 1912 2199 3486 2266">
    <p class='ocr_par' dir='ltr' id='par_1_66' title="bbox 1912 2199 3486 2266">
     <span class='ocr_line' id='line_1_66' title="bbox 1912 2199 3486 2266; baseline 0.002 -11"><span class='ocrx_word' id='word_1_487' title='bbox 1912 2215 2033 2255; x_wconf 85' lang='lat' dir='ltr'><strong>esse</strong></span> <span class='ocrx_word' id='word_1_488' title='bbox 2073 2199 2370 2263; x_wconf 81' lang='lat' dir='ltr'><strong>aﬂirmans,</strong></span> <span class='ocrx_word' id='word_1_489' title='bbox 2430 2200 2599 2254; x_wconf 83' lang='lat' dir='ltr'><strong>Deum</strong></span> <span class='ocrx_word' id='word_1_490' title='bbox 2650 2202 2813 2256; x_wconf 92' lang='lat' dir='ltr'><strong>simul</strong></span> <span class='ocrx_word' id='word_1_491' title='bbox 2869 2209 2924 2256; x_wconf 90' lang='lat' dir='ltr'><strong>et</strong></span> <span class='ocrx_word' id='word_1_492' title='bbox 2975 2202 3278 2266; x_wconf 89' lang='lat' dir='ltr'><strong>hominem,</strong></span> <span class='ocrx_word' id='word_1_493' title='bbox 3319 2203 3486 2258; x_wconf 88' lang='lat' dir='ltr'><strong>Deum</strong></span> 
     </span>
    </p>
   </div>
   <div class='ocr_carea' id='block_1_67' title="bbox 1914 2290 3490 2365">
    <p class='ocr_par' dir='ltr' id='par_1_67' title="bbox 1914 2290 3490 2365">
     <span class='ocr_line' id='line_1_67' title="bbox 1914 2290 3490 2365; baseline 0.003 -21"><span class='ocrx_word' id='word_1_494' title='bbox 1914 2300 2244 2345; x_wconf 68' lang='lat' dir='ltr'><strong>comternnm</strong></span> <span class='ocrx_word' id='word_1_495' title='bbox 2280 2290 2450 2355; x_wconf 83' lang='lat' dir='ltr'><strong>Patri,</strong></span> <span class='ocrx_word' id='word_1_496' title='bbox 2501 2302 2555 2347; x_wconf 92' lang='lat' dir='ltr'><strong>et</strong></span> <span class='ocrx_word' id='word_1_497' title='bbox 2588 2292 2794 2361; x_wconf 80' lang='lat' dir='ltr'><strong>absque</strong></span> <span class='ocrx_word' id='word_1_498' title='bbox 2852 2304 3093 2362; x_wconf 87' lang='lat' dir='ltr'><strong>tempore</strong></span> <span class='ocrx_word' id='word_1_499' title='bbox 3142 2308 3172 2346; x_wconf 94' lang='lat' dir='ltr'><strong>a</strong></span> <span class='ocrx_word' id='word_1_500' title='bbox 3201 2292 3359 2349; x_wconf 80' lang='lat' dir='ltr'><strong>Patre</strong></span> <span class='ocrx_word' id='word_1_501' title='bbox 3394 2310 3490 2365; x_wconf 78' lang='lat' dir='ltr'><strong>ge-</strong></span> 
     </span>
    </p>
   </div>
   <div class='ocr_carea' id='block_1_68' title="bbox 1916 2383 3488 2456">
    <p class='ocr_par' dir='ltr' id='par_1_68' title="bbox 1916 2383 3488 2456">
     <span class='ocr_line' id='line_1_68' title="bbox 1916 2383 3488 2456; baseline 0.002 -18"><span class='ocrx_word' id='word_1_502' title='bbox 1916 2385 2194 2447; x_wconf 89' lang='lat' dir='ltr'><strong>nitum,et</strong></span> <span class='ocrx_word' id='word_1_503' title='bbox 2256 2384 2504 2453; x_wconf 84' lang='lat' dir='ltr'><strong>ejusdem</strong></span> <span class='ocrx_word' id='word_1_504' title='bbox 2538 2398 2662 2439; x_wconf 89' lang='lat' dir='ltr'><strong>cum</strong></span> <span class='ocrx_word' id='word_1_505' title='bbox 2708 2383 2820 2439; x_wconf 87' lang='lat' dir='ltr'><strong>Deo</strong></span> <span class='ocrx_word' id='word_1_506' title='bbox 2872 2394 2926 2438; x_wconf 92' lang='lat' dir='ltr'><strong>et</strong></span> <span class='ocrx_word' id='word_1_507' title='bbox 2973 2387 3155 2449; x_wconf 83' lang='lat' dir='ltr'><strong>Patre,</strong></span> <span class='ocrx_word' id='word_1_508' title='bbox 3190 2396 3244 2441; x_wconf 86' lang='lat' dir='ltr'><strong>et</strong></span> <span class='ocrx_word' id='word_1_509' title='bbox 3280 2384 3488 2456; x_wconf 86' lang='lat' dir='ltr'><strong>Spiritu</strong></span> 
     </span>
    </p>
   </div>
   <div class='ocr_carea' id='block_1_69' title="bbox 1915 2476 3492 2548">
    <p class='ocr_par' dir='ltr' id='par_1_69' title="bbox 1915 2476 3492 2548">
     <span class='ocr_line' id='line_1_69' title="bbox 1915 2476 3492 2548; baseline 0.001 -18"><span class='ocrx_word' id='word_1_510' title='bbox 1915 2485 2107 2530; x_wconf 82' lang='lat' dir='ltr'><strong>sancto</strong></span> <span class='ocrx_word' id='word_1_511' title='bbox 2173 2476 2462 2541; x_wconf 63' lang='lat' dir='ltr'><strong>essentia;</strong></span> <span class='ocrx_word' id='word_1_512' title='bbox 2514 2476 2809 2546; x_wconf 83' lang='lat' dir='ltr'><strong>postremis</strong></span> <span class='ocrx_word' id='word_1_513' title='bbox 2854 2491 2984 2532; x_wconf 91' lang='lat' dir='ltr'><strong>vero</strong></span> <span class='ocrx_word' id='word_1_514' title='bbox 3042 2477 3237 2533; x_wconf 86' lang='lat' dir='ltr'><strong>diebus</strong></span> <span class='ocrx_word' id='word_1_515' title='bbox 3268 2487 3492 2548; x_wconf 72' lang='lat' dir='ltr'><strong>propter</strong></span> 
     </span>
    </p>
   </div>
   <div class='ocr_carea' id='block_1_70' title="bbox 1917 2567 3487 2634">
    <p class='ocr_par' dir='ltr' id='par_1_70' title="bbox 1917 2567 3487 2634">
     <span class='ocr_line' id='line_1_70' title="bbox 1917 2567 3487 2634; baseline -0.001 -11"><span class='ocrx_word' id='word_1_516' title='bbox 1917 2577 2165 2624; x_wconf 85' lang='lat' dir='ltr'><strong>nostram</strong></span> <span class='ocrx_word' id='word_1_517' title='bbox 2212 2569 2446 2623; x_wconf 82' lang='lat' dir='ltr'><strong>salutem</strong></span> <span class='ocrx_word' id='word_1_518' title='bbox 2488 2582 2710 2621; x_wconf 90' lang='lat' dir='ltr'><strong>carnem</strong></span> <span class='ocrx_word' id='word_1_519' title='bbox 2757 2567 2984 2634; x_wconf 74' lang='lat' dir='ltr'><strong>factum,</strong></span> <span class='ocrx_word' id='word_1_520' title='bbox 3032 2571 3146 2623; x_wconf 87' lang='lat' dir='ltr'><strong>sive</strong></span> <span class='ocrx_word' id='word_1_521' title='bbox 3188 2570 3487 2634; x_wconf 86' lang='lat' dir='ltr'><strong>hominem,</strong></span> 
     </span>
    </p>
   </div>
   <div class='ocr_carea' id='block_1_71' title="bbox 1915 2655 3484 2729">
    <p class='ocr_par' dir='ltr' id='par_1_71' title="bbox 1915 2655 3484 2729">
     <span class='ocr_line' id='line_1_71' title="bbox 1915 2655 3484 2729; baseline 0.001 -18"><span class='ocrx_word' id='word_1_522' title='bbox 1915 2668 2241 2729; x_wconf 74' lang='lat' dir='ltr'><strong>prognatum</strong></span> <span class='ocrx_word' id='word_1_523' title='bbox 2275 2672 2340 2711; x_wconf 78' lang='lat' dir='ltr'><strong>ex</strong></span> <span class='ocrx_word' id='word_1_524' title='bbox 2398 2655 2605 2726; x_wconf 90' lang='lat' dir='ltr'><strong>Spiritu</strong></span> <span class='ocrx_word' id='word_1_525' title='bbox 2671 2666 2879 2720; x_wconf 82' lang='lat' dir='ltr'><strong>sancto,</strong></span> <span class='ocrx_word' id='word_1_526' title='bbox 2910 2670 2964 2712; x_wconf 90' lang='lat' dir='ltr'><strong>et</strong></span> <span class='ocrx_word' id='word_1_527' title='bbox 3027 2658 3194 2713; x_wconf 83' lang='lat' dir='ltr'><strong>Maria</strong></span> <span class='ocrx_word' id='word_1_528' title='bbox 3243 2657 3484 2728; x_wconf 75' lang='lat' dir='ltr'><strong>Virgine,</strong></span> 
     </span>
    </p>
   </div>
   <div class='ocr_carea' id='block_1_72' title="bbox 1917 2748 3489 2818">
    <p class='ocr_par' dir='ltr' id='par_1_72' title="bbox 1917 2748 3489 2818">
     <span class='ocr_line' id='line_1_72' title="bbox 1917 2748 3489 2818; baseline 0.001 -16"><span class='ocrx_word' id='word_1_529' title='bbox 1917 2749 2378 2818; x_wconf 85' lang='lat' dir='ltr'><strong>quemadmodum</strong></span> <span class='ocrx_word' id='word_1_530' title='bbox 2413 2748 2592 2801; x_wconf 84' lang='lat' dir='ltr'><strong>divina</strong></span> <span class='ocrx_word' id='word_1_531' title='bbox 2651 2757 2895 2804; x_wconf 87' lang='lat' dir='ltr'><strong>tractans</strong></span> <span class='ocrx_word' id='word_1_532' title='bbox 2930 2749 3110 2818; x_wconf 82' lang='lat' dir='ltr'><strong>lingua</strong></span> <span class='ocrx_word' id='word_1_533' title='bbox 3135 2752 3404 2813; x_wconf 88' lang='lat' dir='ltr'><strong>enuntiat,</strong></span> <span class='ocrx_word' id='word_1_534' title='bbox 3435 2762 3489 2803; x_wconf 92' lang='lat' dir='ltr'><strong>et</strong></span> 
     </span>
    </p>
   </div>
   <div class='ocr_carea' id='block_1_73' title="bbox 1918 2840 3489 2910">
    <p class='ocr_par' dir='ltr' id='par_1_73' title="bbox 1918 2840 3489 2910">
     <span class='ocr_line' id='line_1_73' title="bbox 1918 2840 3489 2910; baseline 0 -15"><span class='ocrx_word' id='word_1_535' title='bbox 1918 2840 2124 2910; x_wconf 89' lang='lat' dir='ltr'><strong>reliqua</strong></span> <span class='ocrx_word' id='word_1_536' title='bbox 2147 2840 2362 2910; x_wconf 84' lang='lat' dir='ltr'><strong>el0quia</strong></span> <span class='ocrx_word' id='word_1_537' title='bbox 2398 2849 2689 2904; x_wconf 76' lang='lat' dir='ltr'><strong>testantur,</strong></span> <span class='ocrx_word' id='word_1_538' title='bbox 2721 2849 2776 2893; x_wconf 92' lang='lat' dir='ltr'><strong>et</strong></span> <span class='ocrx_word' id='word_1_539' title='bbox 2802 2854 2963 2894; x_wconf 82' lang='lat' dir='ltr'><strong>voces</strong></span> <span class='ocrx_word' id='word_1_540' title='bbox 2994 2842 3365 2910; x_wconf 87' lang='lat' dir='ltr'><strong>apostolorum</strong></span> <span class='ocrx_word' id='word_1_541' title='bbox 3390 2843 3489 2895; x_wconf 86' lang='lat' dir='ltr'><strong>do-</strong></span> 
     </span>
    </p>
   </div>
   <div class='ocr_carea' id='block_1_74' title="bbox 1917 2931 3490 3000">
    <p class='ocr_par' dir='ltr' id='par_1_74' title="bbox 1917 2931 3490 3000">
     <span class='ocr_line' id='line_1_74' title="bbox 1917 2931 3490 3000; baseline -0.001 -12"><span class='ocrx_word' id='word_1_542' title='bbox 1917 2944 2062 2998; x_wconf 88' lang='lat' dir='ltr'><strong>cent,</strong></span> <span class='ocrx_word' id='word_1_543' title='bbox 2094 2942 2149 2988; x_wconf 89' lang='lat' dir='ltr'><strong>et</strong></span> <span class='ocrx_word' id='word_1_544' title='bbox 2173 2934 2357 2987; x_wconf 85' lang='lat' dir='ltr'><strong>divina</strong></span> <span class='ocrx_word' id='word_1_545' title='bbox 2381 2932 2649 3000; x_wconf 83' lang='lat' dir='ltr'><strong>sapientia</strong></span> <span class='ocrx_word' id='word_1_546' title='bbox 2698 2932 3050 3000; x_wconf 64' lang='lat' dir='ltr'><strong>praeditorum</strong></span> <span class='ocrx_word' id='word_1_547' title='bbox 3078 2931 3301 2987; x_wconf 83' lang='lat' dir='ltr'><strong>Patrum</strong></span> <span class='ocrx_word' id='word_1_548' title='bbox 3352 2932 3490 2988; x_wconf 84' lang='lat' dir='ltr'><strong>doc--</strong></span> 
     </span>
    </p>
   </div>
   <div class='ocr_carea' id='block_1_75' title="bbox 1920 3023 3487 3095">
    <p class='ocr_par' dir='ltr' id='par_1_75' title="bbox 1920 3023 3487 3095">
     <span class='ocr_line' id='line_1_75' title="bbox 1920 3023 3487 3095; baseline 0.001 -16"><span class='ocrx_word' id='word_1_549' title='bbox 1920 3026 2061 3079; x_wconf 88' lang='lat' dir='ltr'><strong>trina</strong></span> <span class='ocrx_word' id='word_1_550' title='bbox 2097 3034 2515 3087; x_wconf 86' lang='lat' dir='ltr'><strong>commonstrat,</strong></span> <span class='ocrx_word' id='word_1_551' title='bbox 2545 3023 2929 3078; x_wconf 79' lang='lat' dir='ltr'><strong>manisfestnm</strong></span> <span class='ocrx_word' id='word_1_552' title='bbox 2964 3033 3046 3079; x_wconf 86' lang='lat' dir='ltr'><strong>est</strong></span> <span class='ocrx_word' id='word_1_553' title='bbox 3091 3024 3326 3079; x_wconf 88' lang='lat' dir='ltr'><strong>Leonem</strong></span> <span class='ocrx_word' id='word_1_554' title='bbox 3348 3041 3487 3095; x_wconf 87' lang='lat' dir='ltr'><strong>pon-</strong></span> 
     </span>
    </p>
   </div>
   <div class='ocr_carea' id='block_1_76' title="bbox 1919 3116 3491 3178">
    <p class='ocr_par' dir='ltr' id='par_1_76' title="bbox 1919 3116 3491 3178">
     <span class='ocr_line' id='line_1_76' title="bbox 1919 3116 3491 3178; baseline -0.001 -7"><span class='ocrx_word' id='word_1_555' title='bbox 1919 3118 2115 3172; x_wconf 86' lang='lat' dir='ltr'><strong>tilicem</strong></span> <span class='ocrx_word' id='word_1_556' title='bbox 2149 3132 2179 3171; x_wconf 86' lang='lat' dir='ltr'><strong>a</strong></span> <span class='ocrx_word' id='word_1_557' title='bbox 2208 3127 2438 3171; x_wconf 77' lang='lat' dir='ltr'><strong>veritate</strong></span> <span class='ocrx_word' id='word_1_558' title='bbox 2467 3127 2632 3178; x_wconf 87' lang='lat' dir='ltr'><strong>stare,</strong></span> <span class='ocrx_word' id='word_1_559' title='bbox 2657 3127 2711 3171; x_wconf 86' lang='lat' dir='ltr'><strong>et</strong></span> <span class='ocrx_word' id='word_1_560' title='bbox 2771 3134 2894 3171; x_wconf 75' lang='lat' dir='ltr'><strong>rum</strong></span> <span class='ocrx_word' id='word_1_561' title='bbox 2918 3116 3170 3172; x_wconf 82' lang='lat' dir='ltr'><strong>Nestorio</strong></span> <span class='ocrx_word' id='word_1_562' title='bbox 3211 3132 3319 3172; x_wconf 90' lang='lat' dir='ltr'><strong>non</strong></span> <span class='ocrx_word' id='word_1_563' title='bbox 3357 3132 3491 3172; x_wconf 85' lang='lat' dir='ltr'><strong>con-</strong></span> 
     </span>
    </p>
   </div>
   <div class='ocr_carea' id='block_1_77' title="bbox 1918 3207 3487 3264">
    <p class='ocr_par' dir='ltr' id='par_1_77' title="bbox 1918 3207 3487 3264">
     <span class='ocr_line' id='line_1_77' title="bbox 1918 3207 3487 3264; baseline 0.001 -3"><span class='ocrx_word' id='word_1_564' title='bbox 1918 3209 2170 3263; x_wconf 85' lang='lat' dir='ltr'><strong>cordare.</strong></span> <span class='ocrx_word' id='word_1_565' title='bbox 2232 3208 2474 3262; x_wconf 74' lang='lat' dir='ltr'><strong>Rursum</strong></span> <span class='ocrx_word' id='word_1_566' title='bbox 2508 3210 2701 3263; x_wconf 83' lang='lat' dir='ltr'><strong>scribit</strong></span> <span class='ocrx_word' id='word_1_567' title='bbox 2747 3207 3079 3264; x_wconf 78' lang='lat' dir='ltr'><strong>Nestmius:</strong></span> <span class='ocrx_word' id='word_1_568' title='bbox 3119 3207 3344 3263; x_wconf 80' lang='lat' dir='ltr'><strong>Verbum</strong></span> <span class='ocrx_word' id='word_1_569' title='bbox 3388 3209 3487 3263; x_wconf 78' lang='lat' dir='ltr'><strong>Dei</strong></span> 
     </span>
    </p>
   </div>
   <div class='ocr_carea' id='block_1_78' title="bbox 1914 3298 3484 3371">
    <p class='ocr_par' dir='ltr' id='par_1_78' title="bbox 1914 3298 3484 3371">
     <span class='ocr_line' id='line_1_78' title="bbox 1914 3298 3484 3371; baseline 0.003 -20"><span class='ocrx_word' id='word_1_570' title='bbox 1914 3316 2004 3367; x_wconf 66' lang='lat' dir='ltr'><strong>per</strong></span> <span class='ocrx_word' id='word_1_571' title='bbox 2021 3315 2207 3352; x_wconf 78' lang='lat' dir='ltr'><strong>manus</strong></span> <span class='ocrx_word' id='word_1_572' title='bbox 2227 3298 2439 3367; x_wconf 74' lang='lat' dir='ltr'><strong>Joscplu&#39;</strong></span> <span class='ocrx_word' id='word_1_573' title='bbox 2454 3302 2641 3368; x_wconf 79' lang='lat' dir='ltr'><strong>pannis</strong></span> <span class='ocrx_word' id='word_1_574' title='bbox 2665 3302 2917 3355; x_wconf 80' lang='lat' dir='ltr'><strong>nntictum</strong></span> <span class='ocrx_word' id='word_1_575' title='bbox 2941 3318 3041 3355; x_wconf 83' lang='lat' dir='ltr'><strong>non</strong></span> <span class='ocrx_word' id='word_1_576' title='bbox 3062 3313 3158 3368; x_wconf 73' lang='lat' dir='ltr'><strong>est,</strong></span> <span class='ocrx_word' id='word_1_577' title='bbox 3181 3304 3269 3357; x_wconf 76' lang='lat' dir='ltr'><strong>sed</strong></span> <span class='ocrx_word' id='word_1_578' title='bbox 3295 3320 3484 3371; x_wconf 79' lang='lat' dir='ltr'><strong>corpus</strong></span> 
     </span>
    </p>
   </div>
   <div class='ocr_carea' id='block_1_79' title="bbox 1920 3389 3487 3464">
    <p class='ocr_par' dir='ltr' id='par_1_79' title="bbox 1920 3389 3487 3464">
     <span class='ocr_line' id='line_1_79' title="bbox 1920 3389 3487 3464; baseline 0.006 -22"><span class='ocrx_word' id='word_1_579' title='bbox 1920 3390 2156 3455; x_wconf 80' lang='lat' dir='ltr'><strong>Domini,</strong></span> <span class='ocrx_word' id='word_1_580' title='bbox 2216 3389 2326 3443; x_wconf 86' lang='lat' dir='ltr'><strong>Leo</strong></span> <span class='ocrx_word' id='word_1_581' title='bbox 2385 3403 2588 3454; x_wconf 90' lang='lat' dir='ltr'><strong>autem,</strong></span> <span class='ocrx_word' id='word_1_582' title='bbox 2651 3392 2755 3447; x_wconf 91' lang='lat' dir='ltr'><strong>hoc</strong></span> <span class='ocrx_word' id='word_1_583' title='bbox 2816 3394 3033 3462; x_wconf 88' lang='lat' dir='ltr'><strong>quidem</strong></span> <span class='ocrx_word' id='word_1_584' title='bbox 3082 3396 3487 3464; x_wconf 69' lang='lat' dir='ltr'><strong>resplenduisse</strong></span> 
     </span>
    </p>
   </div>
   <div class='ocr_carea' id='block_1_80' title="bbox 1914 3482 3479 3553">
    <p class='ocr_par' dir='ltr' id='par_1_80' title="bbox 1914 3482 3479 3553">
     <span class='ocr_line' id='line_1_80' title="bbox 1914 3482 3479 3553; baseline 0.006 -20"><span class='ocrx_word' id='word_1_585' title='bbox 1914 3483 2209 3547; x_wconf 72' lang='lat' dir='ltr'><strong>miraculis,</strong></span> <span class='ocrx_word' id='word_1_586' title='bbox 2243 3482 2371 3536; x_wconf 89' lang='lat' dir='ltr'><strong>illud</strong></span> <span class='ocrx_word' id='word_1_587' title='bbox 2402 3498 2529 3537; x_wconf 86' lang='lat' dir='ltr'><strong>vero</strong></span> <span class='ocrx_word' id='word_1_588' title='bbox 2553 3484 2901 3553; x_wconf 88' lang='lat' dir='ltr'><strong>passionibus</strong></span> <span class='ocrx_word' id='word_1_589' title='bbox 2926 3486 3225 3541; x_wconf 84' lang='lat' dir='ltr'><strong>obnoxium</strong></span> <span class='ocrx_word' id='word_1_590' title='bbox 3284 3487 3479 3542; x_wconf 79' lang='lat' dir='ltr'><strong>fuisse.</strong></span> 
     </span>
    </p>
   </div>
   <div class='ocr_carea' id='block_1_81' title="bbox 1909 3573 3483 3642">
    <p class='ocr_par' dir='ltr' id='par_1_81' title="bbox 1909 3573 3483 3642">
     <span class='ocr_line' id='line_1_81' title="bbox 1909 3573 3483 3642; baseline 0.003 -15"><span class='ocrx_word' id='word_1_591' title='bbox 1909 3573 2261 3642; x_wconf 82' lang='lat' dir='ltr'><strong>Apertissime</strong></span> <span class='ocrx_word' id='word_1_592' title='bbox 2292 3590 2386 3642; x_wconf 80' lang='lat' dir='ltr'><strong>per</strong></span> <span class='ocrx_word' id='word_1_593' title='bbox 2427 3576 2537 3628; x_wconf 71' lang='lat' dir='ltr'><strong>hare</strong></span> <span class='ocrx_word' id='word_1_594' title='bbox 2577 3576 2740 3629; x_wconf 89' lang='lat' dir='ltr'><strong>verba</strong></span> <span class='ocrx_word' id='word_1_595' title='bbox 2786 3575 3071 3632; x_wconf 72' lang='lat' dir='ltr'><strong>Nestor-ius</strong></span> <span class='ocrx_word' id='word_1_596' title='bbox 3100 3578 3263 3632; x_wconf 89' lang='lat' dir='ltr'><strong>alium</strong></span> <span class='ocrx_word' id='word_1_597' title='bbox 3313 3577 3483 3632; x_wconf 79' lang='lat' dir='ltr'><strong>Deum</strong></span> 
     </span>
    </p>
   </div>
   <div class='ocr_carea' id='block_1_82' title="bbox 1917 3664 3475 3739">
    <p class='ocr_par' dir='ltr' id='par_1_82' title="bbox 1917 3664 3475 3739">
     <span class='ocr_line' id='line_1_82' title="bbox 1917 3664 3475 3739; baseline 0.004 -23"><span class='ocrx_word' id='word_1_598' title='bbox 1917 3664 2148 3718; x_wconf 75' lang='lat' dir='ltr'><strong>Verbum</strong></span> <span class='ocrx_word' id='word_1_599' title='bbox 2197 3666 2499 3731; x_wconf 82' lang='lat' dir='ltr'><strong>constituit,</strong></span> <span class='ocrx_word' id='word_1_600' title='bbox 2556 3675 2611 3721; x_wconf 92' lang='lat' dir='ltr'><strong>et</strong></span> <span class='ocrx_word' id='word_1_601' title='bbox 2636 3667 2802 3721; x_wconf 86' lang='lat' dir='ltr'><strong>alium</strong></span> <span class='ocrx_word' id='word_1_602' title='bbox 2831 3683 2897 3723; x_wconf 81' lang='lat' dir='ltr'><strong>ex</strong></span> <span class='ocrx_word' id='word_1_603' title='bbox 2930 3667 3097 3723; x_wconf 78' lang='lat' dir='ltr'><strong>Maria</strong></span> <span class='ocrx_word' id='word_1_604' title='bbox 3126 3678 3475 3739; x_wconf 73' lang='lat' dir='ltr'><strong>prognatum,</strong></span> 
     </span>
    </p>
   </div>
   <div class='ocr_carea' id='block_1_83' title="bbox 1910 3756 3482 3831">
    <p class='ocr_par' dir='ltr' id='par_1_83' title="bbox 1910 3756 3482 3831">
     <span class='ocr_line' id='line_1_83' title="bbox 1910 3756 3482 3831; baseline 0.006 -22"><span class='ocrx_word' id='word_1_605' title='bbox 1910 3756 1997 3809; x_wconf 86' lang='lat' dir='ltr'><strong>cui</strong></span> <span class='ocrx_word' id='word_1_606' title='bbox 2029 3764 2078 3809; x_wconf 90' lang='lat' dir='ltr'><strong>et</strong></span> <span class='ocrx_word' id='word_1_607' title='bbox 2123 3757 2475 3826; x_wconf 73' lang='lat' dir='ltr'><strong>singulariter</strong></span> <span class='ocrx_word' id='word_1_608' title='bbox 2518 3760 2790 3828; x_wconf 88' lang='lat' dir='ltr'><strong>propriam</strong></span> <span class='ocrx_word' id='word_1_609' title='bbox 2828 3776 3111 3831; x_wconf 73' lang='lat' dir='ltr'><strong>personam</strong></span> <span class='ocrx_word' id='word_1_610' title='bbox 3141 3764 3482 3819; x_wconf 85' lang='lat' dir='ltr'><strong>constituens</strong></span> 
     </span>
    </p>
   </div>
   <div class='ocr_carea' id='block_1_84' title="bbox 1906 3846 3482 3924">
    <p class='ocr_par' dir='ltr' id='par_1_84' title="bbox 1906 3846 3482 3924">
     <span class='ocr_line' id='line_1_84' title="bbox 1906 3846 3482 3924; baseline 0.006 -24"><span class='ocrx_word' id='word_1_611' title='bbox 1906 3846 2090 3901; x_wconf 69' lang='lat' dir='ltr'><strong>Jesunt</strong></span> <span class='ocrx_word' id='word_1_612' title='bbox 2113 3850 2495 3919; x_wconf 84' lang='lat' dir='ltr'><strong>nuneupabat:</strong></span> <span class='ocrx_word' id='word_1_613' title='bbox 2524 3852 2926 3918; x_wconf 85' lang='lat' dir='ltr'><strong>debebatenim,</strong></span> <span class='ocrx_word' id='word_1_614' title='bbox 2946 3854 2991 3908; x_wconf 88' lang='lat' dir='ltr'><strong>si</strong></span> <span class='ocrx_word' id='word_1_615' title='bbox 3019 3853 3143 3924; x_wconf 88' lang='lat' dir='ltr'><strong>quid</strong></span> <span class='ocrx_word' id='word_1_616' title='bbox 3172 3855 3259 3907; x_wconf 90' lang='lat' dir='ltr'><strong>ille</strong></span> <span class='ocrx_word' id='word_1_617' title='bbox 3278 3863 3482 3909; x_wconf 88' lang='lat' dir='ltr'><strong>rectum</strong></span> 
     </span>
    </p>
   </div>
   <div class='ocr_carea' id='block_1_85' title="bbox 1908 3939 3483 4013">
    <p class='ocr_par' dir='ltr' id='par_1_85' title="bbox 1908 3939 3483 4013">
     <span class='ocr_line' id='line_1_85' title="bbox 1908 3939 3483 4013; baseline 0.006 -22"><span class='ocrx_word' id='word_1_618' title='bbox 1908 3939 2211 4006; x_wconf 78' lang='lat' dir='ltr'><strong>exprimere</strong></span> <span class='ocrx_word' id='word_1_619' title='bbox 2226 3940 2457 4007; x_wconf 87' lang='lat' dir='ltr'><strong>volebat,</strong></span> <span class='ocrx_word' id='word_1_620' title='bbox 2476 3944 3113 4013; x_wconf 63' lang='lat' dir='ltr'><strong>haejrationeenuntiare;</strong></span> <span class='ocrx_word' id='word_1_621' title='bbox 3137 3944 3368 4000; x_wconf 74' lang='lat' dir='ltr'><strong>Verbum</strong></span> <span class='ocrx_word' id='word_1_622' title='bbox 3391 3944 3483 4001; x_wconf 88' lang='lat' dir='ltr'><strong>Dei</strong></span> 
     </span>
    </p>
   </div>
   <div class='ocr_carea' id='block_1_86' title="bbox 1908 4028 3482 4102">
    <p class='ocr_par' dir='ltr' id='par_1_86' title="bbox 1908 4028 3482 4102">
     <span class='ocr_line' id='line_1_86' title="bbox 1908 4028 3482 4102; baseline 0.007 -23"><span class='ocrx_word' id='word_1_623' title='bbox 1908 4045 2014 4097; x_wconf 85' lang='lat' dir='ltr'><strong>qua</strong></span> <span class='ocrx_word' id='word_1_624' title='bbox 2044 4028 2280 4085; x_wconf 77' lang='lat' dir='ltr'><strong>Verbum</strong></span> <span class='ocrx_word' id='word_1_625' title='bbox 2302 4043 2385 4086; x_wconf 86' lang='lat' dir='ltr'><strong>est</strong></span> <span class='ocrx_word' id='word_1_626' title='bbox 2404 4034 2950 4102; x_wconf 86' lang='lat' dir='ltr'><strong>incomprehensibile</strong></span> <span class='ocrx_word' id='word_1_627' title='bbox 2976 4044 3029 4090; x_wconf 90' lang='lat' dir='ltr'><strong>et</strong></span> <span class='ocrx_word' id='word_1_628' title='bbox 3069 4038 3447 4094; x_wconf 87' lang='lat' dir='ltr'><strong>incircumscri</strong></span> <span class='ocrx_word' id='word_1_629' title='bbox 3465 4068 3482 4081; x_wconf 83' lang='lat'><strong>-</strong></span> 
     </span>
    </p>
   </div>
   <div class='ocr_carea' id='block_1_87' title="bbox 1911 4120 3483 4194">
    <p class='ocr_par' dir='ltr' id='par_1_87' title="bbox 1911 4120 3483 4194">
     <span class='ocr_line' id='line_1_87' title="bbox 1911 4120 3483 4194; baseline 0.01 -25"><span class='ocrx_word' id='word_1_630' title='bbox 1911 4127 2060 4188; x_wconf 86' lang='lat' dir='ltr'><strong>ptum</strong></span> <span class='ocrx_word' id='word_1_631' title='bbox 2085 4128 2137 4172; x_wconf 91' lang='lat' dir='ltr'><strong>et</strong></span> <span class='ocrx_word' id='word_1_632' title='bbox 2186 4120 2329 4175; x_wconf 85' lang='lat' dir='ltr'><strong>Patri</strong></span> <span class='ocrx_word' id='word_1_633' title='bbox 2375 4133 2702 4177; x_wconf 69' lang='lat' dir='ltr'><strong>coaeternum</strong></span> <span class='ocrx_word' id='word_1_634' title='bbox 2730 4164 2744 4189; x_wconf 96' lang='lat'><strong>,</strong></span> <span class='ocrx_word' id='word_1_635' title='bbox 2777 4127 2971 4194; x_wconf 89' lang='lat' dir='ltr'><strong>pannis</strong></span> <span class='ocrx_word' id='word_1_636' title='bbox 3005 4141 3113 4182; x_wconf 92' lang='lat' dir='ltr'><strong>non</strong></span> <span class='ocrx_word' id='word_1_637' title='bbox 3139 4137 3222 4184; x_wconf 88' lang='lat' dir='ltr'><strong>est</strong></span> <span class='ocrx_word' id='word_1_638' title='bbox 3247 4129 3483 4185; x_wconf 87' lang='lat' dir='ltr'><strong>circum-</strong></span> 
     </span>
    </p>
   </div>
   <div class='ocr_carea' id='block_1_88' title="bbox 1915 4211 3481 4290">
    <p class='ocr_par' dir='ltr' id='par_1_88' title="bbox 1915 4211 3481 4290">
     <span class='ocr_line' id='line_1_88' title="bbox 1915 4211 3481 4290; baseline 0.011 -32"><span class='ocrx_word' id='word_1_639' title='bbox 1915 4211 2192 4276; x_wconf 79' lang='lat' dir='ltr'><strong>restitum,</strong></span> <span class='ocrx_word' id='word_1_640' title='bbox 2214 4227 2305 4276; x_wconf 89' lang='lat' dir='ltr'><strong>per</strong></span> <span class='ocrx_word' id='word_1_641' title='bbox 2326 4211 2784 4286; x_wconf 80' lang='lat' dir='ltr'><strong>manusJosepbi,</strong></span> <span class='ocrx_word' id='word_1_642' title='bbox 2812 4233 2919 4286; x_wconf 89' lang='lat' dir='ltr'><strong>qua</strong></span> <span class='ocrx_word' id='word_1_643' title='bbox 2964 4233 3090 4273; x_wconf 78' lang='lat' dir='ltr'><strong>vero</strong></span> <span class='ocrx_word' id='word_1_644' title='bbox 3120 4231 3337 4290; x_wconf 87' lang='lat' dir='ltr'><strong>propter</strong></span> <span class='ocrx_word' id='word_1_645' title='bbox 3383 4236 3481 4274; x_wconf 85' lang='lat' dir='ltr'><strong>no-</strong></span> 
     </span>
    </p>
   </div>
   <div class='ocr_carea' id='block_1_89' title="bbox 1909 4302 3481 4378">
    <p class='ocr_par' dir='ltr' id='par_1_89' title="bbox 1909 4302 3481 4378">
     <span class='ocr_line' id='line_1_89' title="bbox 1909 4302 3481 4378; baseline 0.008 -23"><span class='ocrx_word' id='word_1_646' title='bbox 1909 4311 2075 4355; x_wconf 88' lang='lat' dir='ltr'><strong>stram</strong></span> <span class='ocrx_word' id='word_1_647' title='bbox 2098 4302 2326 4357; x_wconf 72' lang='lat' dir='ltr'><strong>salutent</strong></span> <span class='ocrx_word' id='word_1_648' title='bbox 2344 4304 2503 4360; x_wconf 91' lang='lat' dir='ltr'><strong>homo</strong></span> <span class='ocrx_word' id='word_1_649' title='bbox 2520 4304 2695 4362; x_wconf 80' lang='lat' dir='ltr'><strong>factus</strong></span> <span class='ocrx_word' id='word_1_650' title='bbox 2711 4317 2794 4363; x_wconf 89' lang='lat' dir='ltr'><strong>est</strong></span> <span class='ocrx_word' id='word_1_651' title='bbox 2816 4324 2906 4378; x_wconf 86' lang='lat' dir='ltr'><strong>per</strong></span> <span class='ocrx_word' id='word_1_652' title='bbox 2923 4311 3103 4364; x_wconf 87' lang='lat' dir='ltr'><strong>omnia</strong></span> <span class='ocrx_word' id='word_1_653' title='bbox 3123 4310 3274 4367; x_wconf 90' lang='lat' dir='ltr'><strong>nobis</strong></span> <span class='ocrx_word' id='word_1_654' title='bbox 3288 4312 3481 4367; x_wconf 82' lang='lat' dir='ltr'><strong>similis</strong></span> 
     </span>
    </p>
   </div>
   <div class='ocr_carea' id='block_1_90' title="bbox 1908 4393 3480 4471">
    <p class='ocr_par' dir='ltr' id='par_1_90' title="bbox 1908 4393 3480 4471">
     <span class='ocr_line' id='line_1_90' title="bbox 1908 4393 3480 4471; baseline 0.008 -26"><span class='ocrx_word' id='word_1_655' title='bbox 1908 4393 2115 4462; x_wconf 90' lang='lat' dir='ltr'><strong>absque</strong></span> <span class='ocrx_word' id='word_1_656' title='bbox 2175 4404 2417 4463; x_wconf 79' lang='lat' dir='ltr'><strong>peccato,</strong></span> <span class='ocrx_word' id='word_1_657' title='bbox 2464 4408 2518 4450; x_wconf 88' lang='lat' dir='ltr'><strong>et</strong></span> <span class='ocrx_word' id='word_1_658' title='bbox 2546 4396 2745 4464; x_wconf 83' lang='lat' dir='ltr'><strong>iulans,</strong></span> <span class='ocrx_word' id='word_1_659' title='bbox 2792 4401 2989 4468; x_wconf 87' lang='lat' dir='ltr'><strong>pannis</strong></span> <span class='ocrx_word' id='word_1_660' title='bbox 3038 4416 3131 4471; x_wconf 87' lang='lat' dir='ltr'><strong>per</strong></span> <span class='ocrx_word' id='word_1_661' title='bbox 3154 4418 3348 4458; x_wconf 88' lang='lat' dir='ltr'><strong>manus</strong></span> <span class='ocrx_word' id='word_1_662' title='bbox 3384 4401 3480 4458; x_wconf 83' lang='lat' dir='ltr'><strong>Jo-</strong></span> 
     </span>
    </p>
   </div>
   <div class='ocr_carea' id='block_1_91' title="bbox 1908 4486 3478 4559">
    <p class='ocr_par' dir='ltr' id='par_1_91' title="bbox 1908 4486 3478 4559">
     <span class='ocr_line' id='line_1_91' title="bbox 1908 4486 3478 4559; baseline 0.004 -19"><span class='ocrx_word' id='word_1_663' title='bbox 1908 4486 2061 4555; x_wconf 87' lang='lat' dir='ltr'><strong>sephi</strong></span> <span class='ocrx_word' id='word_1_664' title='bbox 2079 4487 2369 4543; x_wconf 81' lang='lat' dir='ltr'><strong>obvolutus</strong></span> <span class='ocrx_word' id='word_1_665' title='bbox 2382 4497 2483 4543; x_wconf 90' lang='lat' dir='ltr'><strong>est.</strong></span> <span class='ocrx_word' id='word_1_666' title='bbox 2515 4488 2667 4555; x_wconf 84' lang='lat' dir='ltr'><strong>Quod</strong></span> <span class='ocrx_word' id='word_1_667' title='bbox 2693 4506 2815 4545; x_wconf 92' lang='lat' dir='ltr'><strong>cum</strong></span> <span class='ocrx_word' id='word_1_668' title='bbox 2844 4508 2951 4545; x_wconf 89' lang='lat' dir='ltr'><strong>non</strong></span> <span class='ocrx_word' id='word_1_669' title='bbox 2977 4493 3143 4559; x_wconf 88' lang='lat' dir='ltr'><strong>dicat,</strong></span> <span class='ocrx_word' id='word_1_670' title='bbox 3191 4496 3478 4549; x_wconf 80' lang='lat' dir='ltr'><strong>manifesto</strong></span> 
     </span>
    </p>
   </div>
   <div class='ocr_carea' id='block_1_92' title="bbox 222 4578 1808 4659">
    <p class='ocr_par' dir='ltr' id='par_1_92' title="bbox 222 4579 1801 4653">
     <span class='ocr_line' id='line_1_92' title="bbox 222 4579 1801 4653; baseline 0.002 -21"><span class='ocrx_word' id='word_1_671' title='bbox 222 4582 442 4649; x_wconf 81' lang='grc' dir='ltr'>γέγονε,</span> <span class='ocrx_word' id='word_1_672' title='bbox 479 4580 624 4633; x_wconf 73' lang='grc' dir='ltr'>κατὰ</span> <span class='ocrx_word' id='word_1_673' title='bbox 670 4579 854 4634; x_wconf 85' lang='grc' dir='ltr'>πάντα</span> <span class='ocrx_word' id='word_1_674' title='bbox 883 4581 1069 4651; x_wconf 80' lang='grc' dir='ltr'>ὅμοιος</span> <span class='ocrx_word' id='word_1_675' title='bbox 1112 4582 1248 4651; x_wconf 78' lang='grc' dir='ltr'>ἡμῖν</span> <span class='ocrx_word' id='word_1_676' title='bbox 1291 4581 1461 4651; x_wconf 82' lang='grc' dir='ltr'>χωρὶς</span> <span class='ocrx_word' id='word_1_677' title='bbox 1507 4583 1801 4653; x_wconf 86' lang='grc' dir='ltr'>ἁμαρτίας,</span> 
     </span>
    </p>
   </div>
   <div class='ocr_carea' id='block_1_93' title="bbox 1911 4578 3480 4659">
    <p class='ocr_par' dir='ltr' id='par_1_93' title="bbox 1911 4578 3480 4656">
     <span class='ocr_line' id='line_1_93' title="bbox 1911 4578 3480 4656; baseline 0.004 -24"><span class='ocrx_word' id='word_1_678' title='bbox 1911 4578 2179 4633; x_wconf 84' lang='lat' dir='ltr'><strong>evincitur</strong></span> <span class='ocrx_word' id='word_1_679' title='bbox 2222 4579 2547 4635; x_wconf 74' lang='lat' dir='ltr'><strong>divisionem</strong></span> <span class='ocrx_word' id='word_1_680' title='bbox 2606 4584 2769 4637; x_wconf 90' lang='lat' dir='ltr'><strong>unius</strong></span> <span class='ocrx_word' id='word_1_681' title='bbox 2798 4582 2997 4637; x_wconf 85' lang='lat' dir='ltr'><strong>Christi</strong></span> <span class='ocrx_word' id='word_1_682' title='bbox 3033 4586 3337 4656; x_wconf 71' lang='lat' dir='ltr'><strong>hypo.~tasis</strong></span> <span class='ocrx_word' id='word_1_683' title='bbox 3399 4588 3480 4640; x_wconf 88' lang='lat' dir='ltr'><strong>itt-</strong></span> 
     </span>
    </p>
   </div>
   <div class='ocr_carea' id='block_1_94' title="bbox 223 4671 1799 4744">
    <p class='ocr_par' dir='ltr' id='par_1_94' title="bbox 223 4671 1799 4744">
     <span class='ocr_line' id='line_1_94' title="bbox 223 4671 1799 4744; baseline 0 -18"><span class='ocrx_word' id='word_1_684' title='bbox 223 4673 321 4726; x_wconf 77' lang='grc' dir='ltr'>καὶ</span> <span class='ocrx_word' id='word_1_685' title='bbox 358 4672 669 4742; x_wconf 78' lang='grc' dir='ltr'>νηπιάσας,</span> <span class='ocrx_word' id='word_1_686' title='bbox 727 4671 947 4741; x_wconf 71' lang='grc' dir='ltr'>ἐνεδόθη</span> <span class='ocrx_word' id='word_1_687' title='bbox 995 4673 1137 4742; x_wconf 73' lang='grc' dir='ltr'>ῥάκη</span> <span class='ocrx_word' id='word_1_688' title='bbox 1190 4671 1293 4725; x_wconf 81' lang='grc' dir='ltr'><strong>ὑπὸ</strong></span> <span class='ocrx_word' id='word_1_689' title='bbox 1342 4672 1540 4742; x_wconf 81' lang='grc' dir='ltr'>χειρῶν</span> <span class='ocrx_word' id='word_1_690' title='bbox 1581 4671 1799 4744; x_wconf 79' lang='grc' dir='ltr'>Ἰωσήφ.</span> 
     </span>
    </p>
   </div>
   <div class='ocr_carea' id='block_1_95' title="bbox 222 4762 1803 4835">
    <p class='ocr_par' dir='ltr' id='par_1_95' title="bbox 222 4762 1803 4835">
     <span class='ocr_line' id='line_1_95' title="bbox 222 4762 1803 4835; baseline -0.002 -17"><span class='ocrx_word' id='word_1_691' title='bbox 222 4764 414 4828; x_wconf 81' lang='grc' dir='ltr'>Οὕτως</span> <span class='ocrx_word' id='word_1_692' title='bbox 456 4764 516 4818; x_wconf 80' lang='grc' dir='ltr'>δὲ</span> <span class='ocrx_word' id='word_1_693' title='bbox 553 4765 629 4835; x_wconf 79' lang='grc' dir='ltr'>μὴ</span> <span class='ocrx_word' id='word_1_694' title='bbox 660 4762 851 4829; x_wconf 69' lang='grc' dir='ltr'>εἰπὼν,</span> <span class='ocrx_word' id='word_1_695' title='bbox 892 4764 1126 4835; x_wconf 81' lang='grc' dir='ltr'>φανερὸν</span> <span class='ocrx_word' id='word_1_696' title='bbox 1178 4763 1259 4832; x_wconf 69' lang='grc' dir='ltr'><strong>ὅτι</strong></span> <span class='ocrx_word' id='word_1_697' title='bbox 1302 4762 1569 4833; x_wconf 86' lang='grc' dir='ltr'>διαίρεσιν</span> <span class='ocrx_word' id='word_1_698' title='bbox 1609 4764 1706 4834; x_wconf 81' lang='grc' dir='ltr'>τὴν</span> <span class='ocrx_word' id='word_1_699' title='bbox 1742 4764 1803 4815; x_wconf 87' lang='grc' dir='ltr'><strong>οὐ</strong></span> 
     </span>
    </p>
   </div>
   <div class='ocr_carea' id='block_1_96' title="bbox 222 4855 1803 4928">
    <p class='ocr_par' dir='ltr' id='par_1_96' title="bbox 222 4855 1803 4928">
     <span class='ocr_line' id='line_1_96' title="bbox 222 4855 1803 4928; baseline -0.002 -18"><span class='ocrx_word' id='word_1_700' title='bbox 222 4857 550 4928; x_wconf 83' lang='grc' dir='ltr'>πρέπουσαν</span> <span class='ocrx_word' id='word_1_701' title='bbox 606 4858 903 4927; x_wconf 72' lang='grc' dir='ltr'>ἐποιήσατο</span> <span class='ocrx_word' id='word_1_702' title='bbox 954 4856 1057 4925; x_wconf 83' lang='grc' dir='ltr'><strong>τῆς</strong></span> <span class='ocrx_word' id='word_1_703' title='bbox 1134 4857 1262 4924; x_wconf 79' lang='grc' dir='ltr'>μιᾶς</span> <span class='ocrx_word' id='word_1_704' title='bbox 1313 4856 1663 4918; x_wconf 76' lang='grc' dir='ltr'>ὑποστάσεως</span> <span class='ocrx_word' id='word_1_705' title='bbox 1710 4855 1803 4908; x_wconf 84' lang='grc' dir='ltr'>τοῦ</span> 
     </span>
    </p>
   </div>
   <div class='ocr_carea' id='block_1_97' title="bbox 221 4948 1800 5019">
    <p class='ocr_par' dir='ltr' id='par_1_97' title="bbox 221 4948 1800 5019">
     <span class='ocr_line' id='line_1_97' title="bbox 221 4948 1800 5019; baseline -0.001 -16"><span class='ocrx_word' id='word_1_706' title='bbox 221 4949 486 5018; x_wconf 71' lang='grc' dir='ltr'>Χριστοῦ,</span> <span class='ocrx_word' id='word_1_707' title='bbox 523 4951 604 5012; x_wconf 88' lang='grc' dir='ltr'><strong>είς</strong></span> <span class='ocrx_word' id='word_1_708' title='bbox 645 4949 738 5003; x_wconf 76' lang='grc' dir='ltr'>δύο</span> <span class='ocrx_word' id='word_1_709' title='bbox 774 4950 1040 5019; x_wconf 80' lang='grc' dir='ltr'>πρόσωπα</span> <span class='ocrx_word' id='word_1_710' title='bbox 1084 4949 1288 5019; x_wconf 78' lang='grc' dir='ltr'>ταύτην</span> <span class='ocrx_word' id='word_1_711' title='bbox 1329 4948 1511 5018; x_wconf 88' lang='grc' dir='ltr'>τεμών</span> <span class='ocrx_word' id='word_1_712' title='bbox 1536 4965 1550 4978; x_wconf 75' lang='grc' dir='ltr'><strong>ο</strong></span> <span class='ocrx_word' id='word_1_713' title='bbox 1584 4949 1672 5002; x_wconf 86' lang='grc' dir='ltr'><strong>διά</strong></span> <span class='ocrx_word' id='word_1_714' title='bbox 1716 4966 1800 5001; x_wconf 89' lang='grc' dir='ltr'><strong>τοι</strong></span> 
     </span>
    </p>
   </div>
   <div class='ocr_carea' id='block_1_98' title="bbox 221 5039 1803 5113">
    <p class='ocr_par' dir='ltr' id='par_1_98' title="bbox 221 5039 1803 5113">
     <span class='ocr_line' id='line_1_98' title="bbox 221 5039 1803 5113; baseline -0.003 -17"><span class='ocrx_word' id='word_1_715' title='bbox 221 5041 382 5096; x_wconf 78' lang='grc' dir='ltr'>τοῦτο</span> <span class='ocrx_word' id='word_1_716' title='bbox 434 5041 741 5113; x_wconf 83' lang='grc' dir='ltr'>ἀναθέματι</span> <span class='ocrx_word' id='word_1_717' title='bbox 767 5042 992 5104; x_wconf 83' lang='grc' dir='ltr'>δικαίως</span> <span class='ocrx_word' id='word_1_718' title='bbox 1021 5039 1521 5109; x_wconf 78' lang='grc' dir='ltr'>καθυποθέϐληται.</span> <span class='ocrx_word' id='word_1_719' title='bbox 1563 5041 1622 5093; x_wconf 90' lang='lat'>&#39;0</span> <span class='ocrx_word' id='word_1_720' title='bbox 1650 5040 1707 5092; x_wconf 84' lang='grc' dir='ltr'>δὲ</span> <span class='ocrx_word' id='word_1_721' title='bbox 1739 5039 1803 5109; x_wconf 82' lang='grc' dir='ltr'>δὴ</span> 
     </span>
    </p>
   </div>
   <div class='ocr_carea' id='block_1_99' title="bbox 220 5133 1802 5206">
    <p class='ocr_par' dir='ltr' id='par_1_99' title="bbox 220 5133 1802 5206">
     <span class='ocr_line' id='line_1_99' title="bbox 220 5133 1802 5206; baseline -0.003 -17"><span class='ocrx_word' id='word_1_722' title='bbox 220 5137 401 5197; x_wconf 87' lang='grc' dir='ltr'>Λέων.</span> <span class='ocrx_word' id='word_1_723' title='bbox 437 5137 522 5189; x_wconf 76' lang='grc' dir='ltr'><strong>ὅτι</strong></span> <span class='ocrx_word' id='word_1_724' title='bbox 560 5135 621 5187; x_wconf 88' lang='grc' dir='ltr'><strong>τὸ</strong></span> <span class='ocrx_word' id='word_1_725' title='bbox 659 5136 758 5206; x_wconf 79' lang='grc' dir='ltr'>μὲν</span> <span class='ocrx_word' id='word_1_726' title='bbox 791 5136 1005 5205; x_wconf 72' lang='grc' dir='ltr'>ἔλαμπε</span> <span class='ocrx_word' id='word_1_727' title='bbox 1048 5135 1135 5189; x_wconf 79' lang='grc' dir='ltr'>διὰ</span> <span class='ocrx_word' id='word_1_728' title='bbox 1173 5133 1281 5187; x_wconf 83' lang='grc' dir='ltr'>τῶν</span> <span class='ocrx_word' id='word_1_729' title='bbox 1334 5133 1614 5203; x_wconf 87' lang='grc' dir='ltr'>σημείων,</span> <span class='ocrx_word' id='word_1_730' title='bbox 1648 5134 1709 5186; x_wconf 86' lang='grc' dir='ltr'><strong>τὸ</strong></span> <span class='ocrx_word' id='word_1_731' title='bbox 1745 5133 1802 5185; x_wconf 86' lang='grc' dir='ltr'>δὲ</span> 
     </span>
    </p>
   </div>
   <div class='ocr_carea' id='block_1_100' title="bbox 221 5224 1802 5297">
    <p class='ocr_par' dir='ltr' id='par_1_100' title="bbox 221 5224 1802 5297">
     <span class='ocr_line' id='line_1_100' title="bbox 221 5224 1802 5297; baseline -0.003 -15"><span class='ocrx_word' id='word_1_732' title='bbox 221 5230 504 5282; x_wconf 85' lang='grc' dir='ltr'>ὑπέπιπτε</span> <span class='ocrx_word' id='word_1_733' title='bbox 550 5230 663 5291; x_wconf 82' lang='grc' dir='ltr'>τοῖς</span> <span class='ocrx_word' id='word_1_734' title='bbox 721 5227 1061 5297; x_wconf 86' lang='grc' dir='ltr'>παθήμασιν,</span> <span class='ocrx_word' id='word_1_735' title='bbox 1101 5226 1163 5279; x_wconf 90' lang='grc' dir='ltr'><strong>οὑ</strong></span> <span class='ocrx_word' id='word_1_736' title='bbox 1196 5224 1288 5277; x_wconf 85' lang='grc' dir='ltr'>δύο</span> <span class='ocrx_word' id='word_1_737' title='bbox 1343 5226 1510 5296; x_wconf 71' lang='grc' dir='ltr'>φησὶν</span> <span class='ocrx_word' id='word_1_738' title='bbox 1556 5225 1672 5289; x_wconf 83' lang='grc' dir='ltr'>ὅλα,</span> <span class='ocrx_word' id='word_1_739' title='bbox 1714 5224 1802 5277; x_wconf 78' lang='grc' dir='ltr'><strong>ἵνα</strong></span> 
     </span>
    </p>
   </div>
   <div class='ocr_carea' id='block_1_101' title="bbox 220 5318 1802 5391">
    <p class='ocr_par' dir='ltr' id='par_1_101' title="bbox 220 5318 1802 5391">
     <span class='ocr_line' id='line_1_101' title="bbox 220 5318 1802 5391; baseline -0.003 -18"><span class='ocrx_word' id='word_1_740' title='bbox 220 5323 315 5373; x_wconf 75' lang='grc' dir='ltr'><strong>καὶ</strong></span> <span class='ocrx_word' id='word_1_741' title='bbox 348 5320 617 5391; x_wconf 87' lang='grc' dir='ltr'>διαίρεσιν</span> <span class='ocrx_word' id='word_1_742' title='bbox 658 5319 767 5373; x_wconf 83' lang='grc' dir='ltr'><strong>τῶν</strong></span> <span class='ocrx_word' id='word_1_743' title='bbox 797 5319 1011 5389; x_wconf 81' lang='grc' dir='ltr'>φύσεων</span> <span class='ocrx_word' id='word_1_744' title='bbox 1040 5318 1232 5391; x_wconf 79' lang='grc' dir='ltr'>είσάξῃ</span> <span class='ocrx_word' id='word_1_745' title='bbox 1261 5318 1644 5381; x_wconf 82' lang='grc' dir='ltr'>ίδιοσυστάτως</span> <span class='ocrx_word' id='word_1_746' title='bbox 1672 5318 1802 5371; x_wconf 81' lang='grc' dir='ltr'>θεω-</span> 
     </span>
    </p>
   </div>
   <div class='ocr_carea' id='block_1_102' title="bbox 220 5406 1803 5481">
    <p class='ocr_par' dir='ltr' id='par_1_102' title="bbox 220 5406 1803 5481">
     <span class='ocr_line' id='line_1_102' title="bbox 220 5406 1803 5481; baseline -0.003 -18"><span class='ocrx_word' id='word_1_747' title='bbox 220 5411 487 5481; x_wconf 75' lang='grc' dir='ltr'>ρούμενα,</span> <span class='ocrx_word' id='word_1_748' title='bbox 519 5410 614 5463; x_wconf 75' lang='grc' dir='ltr'>καὶ</span> <span class='ocrx_word' id='word_1_749' title='bbox 645 5410 736 5462; x_wconf 74' lang='grc' dir='ltr'>διὰ</span> <span class='ocrx_word' id='word_1_750' title='bbox 769 5410 925 5463; x_wconf 84' lang='grc' dir='ltr'>τοῦτο</span> <span class='ocrx_word' id='word_1_751' title='bbox 969 5409 1063 5463; x_wconf 79' lang='grc' dir='ltr'><strong>δύο</strong></span> <span class='ocrx_word' id='word_1_752' title='bbox 1097 5410 1362 5479; x_wconf 85' lang='grc' dir='ltr'>πρόσωπα</span> <span class='ocrx_word' id='word_1_753' title='bbox 1394 5409 1488 5461; x_wconf 84' lang='grc' dir='ltr'><strong>καὶ</strong></span> <span class='ocrx_word' id='word_1_754' title='bbox 1542 5406 1636 5461; x_wconf 86' lang='grc' dir='ltr'>δύο</span> <span class='ocrx_word' id='word_1_755' title='bbox 1672 5407 1803 5460; x_wconf 84' lang='grc' dir='ltr'>ὑπο-</span> 
     </span>
    </p>
   </div>
   <div class='ocr_carea' id='block_1_103' title="bbox 220 5498 1799 5571">
    <p class='ocr_par' dir='ltr' id='par_1_103' title="bbox 220 5498 1799 5571">
     <span class='ocr_line' id='line_1_103' title="bbox 220 5498 1799 5571; baseline -0.004 -14"><span class='ocrx_word' id='word_1_756' title='bbox 220 5504 467 5569; x_wconf 79' lang='grc' dir='ltr'>στάσεις,</span> <span class='ocrx_word' id='word_1_757' title='bbox 500 5502 639 5557; x_wconf 78' lang='grc' dir='ltr'>ἀλλὰ</span> <span class='ocrx_word' id='word_1_758' title='bbox 690 5501 783 5556; x_wconf 84' lang='grc' dir='ltr'>δύο</span> <span class='ocrx_word' id='word_1_759' title='bbox 830 5502 946 5565; x_wconf 80' lang='grc' dir='ltr'>ἑνὸς</span> <span class='ocrx_word' id='word_1_760' title='bbox 994 5502 1119 5554; x_wconf 84' lang='grc' dir='ltr'>ὅλου</span> <span class='ocrx_word' id='word_1_761' title='bbox 1160 5500 1612 5571; x_wconf 75' lang='grc' dir='ltr'>συμπληρωτικὰ.</span> <span class='ocrx_word' id='word_1_762' title='bbox 1665 5498 1799 5552; x_wconf 82' lang='grc' dir='ltr'>Οὑδὲ</span> 
     </span>
    </p>
   </div>
   <div class='ocr_carea' id='block_1_104' title="bbox 1914 4670 3476 4744">
    <p class='ocr_par' dir='ltr' id='par_1_104' title="bbox 1914 4670 3476 4744">
     <span class='ocr_line' id='line_1_104' title="bbox 1914 4670 3476 4744; baseline 0.004 -21"><span class='ocrx_word' id='word_1_763' title='bbox 1914 4670 2123 4734; x_wconf 82' lang='lat' dir='ltr'><strong>tulisse,</strong></span> <span class='ocrx_word' id='word_1_764' title='bbox 2165 4686 2285 4725; x_wconf 89' lang='lat' dir='ltr'><strong>eam</strong></span> <span class='ocrx_word' id='word_1_765' title='bbox 2331 4672 2383 4725; x_wconf 93' lang='lat' dir='ltr'><strong>in</strong></span> <span class='ocrx_word' id='word_1_766' title='bbox 2442 4671 2578 4727; x_wconf 86' lang='lat' dir='ltr'><strong>duas</strong></span> <span class='ocrx_word' id='word_1_767' title='bbox 2624 4688 2889 4742; x_wconf 87' lang='lat' dir='ltr'><strong>personas</strong></span> <span class='ocrx_word' id='word_1_768' title='bbox 2938 4675 3313 4739; x_wconf 84' lang='lat' dir='ltr'><strong>subdividens,</strong></span> <span class='ocrx_word' id='word_1_769' title='bbox 3350 4690 3476 4744; x_wconf 89' lang='lat' dir='ltr'><strong>pro-</strong></span> 
     </span>
    </p>
   </div>
   <div class='ocr_carea' id='block_1_105' title="bbox 1910 4764 3477 4833">
    <p class='ocr_par' dir='ltr' id='par_1_105' title="bbox 1910 4764 3477 4833">
     <span class='ocr_line' id='line_1_105' title="bbox 1910 4764 3477 4833; baseline 0.003 -16"><span class='ocrx_word' id='word_1_770' title='bbox 1910 4773 2203 4833; x_wconf 89' lang='lat' dir='ltr'><strong>ptereaque</strong></span> <span class='ocrx_word' id='word_1_771' title='bbox 2221 4764 2342 4833; x_wconf 88' lang='lat' dir='ltr'><strong>jure</strong></span> <span class='ocrx_word' id='word_1_772' title='bbox 2365 4766 2558 4831; x_wconf 86' lang='lat' dir='ltr'><strong>merito</strong></span> <span class='ocrx_word' id='word_1_773' title='bbox 2586 4766 2931 4820; x_wconf 90' lang='lat' dir='ltr'><strong>anathemate</strong></span> <span class='ocrx_word' id='word_1_774' title='bbox 2959 4766 3216 4821; x_wconf 90' lang='lat' dir='ltr'><strong>subactus</strong></span> <span class='ocrx_word' id='word_1_775' title='bbox 3237 4779 3340 4822; x_wconf 88' lang='lat' dir='ltr'><strong>est.</strong></span> <span class='ocrx_word' id='word_1_776' title='bbox 3368 4766 3477 4822; x_wconf 87' lang='lat' dir='ltr'><strong>Leo</strong></span> 
     </span>
    </p>
   </div>
   <div class='ocr_carea' id='block_1_106' title="bbox 1910 4856 3479 4927">
    <p class='ocr_par' dir='ltr' id='par_1_106' title="bbox 1910 4856 3479 4927">
     <span class='ocr_line' id='line_1_106' title="bbox 1910 4856 3479 4927; baseline 0.001 -18"><span class='ocrx_word' id='word_1_777' title='bbox 1910 4867 2092 4909; x_wconf 90' lang='lat' dir='ltr'><strong>autem</strong></span> <span class='ocrx_word' id='word_1_778' title='bbox 2156 4857 2258 4910; x_wconf 84' lang='lat' dir='ltr'><strong>hoc</strong></span> <span class='ocrx_word' id='word_1_779' title='bbox 2293 4856 2572 4911; x_wconf 85' lang='lat' dir='ltr'><strong>miraculis</strong></span> <span class='ocrx_word' id='word_1_780' title='bbox 2604 4857 3025 4925; x_wconf 89' lang='lat' dir='ltr'><strong>resplenduissc,</strong></span> <span class='ocrx_word' id='word_1_781' title='bbox 3061 4858 3206 4911; x_wconf 90' lang='lat' dir='ltr'><strong>aliud</strong></span> <span class='ocrx_word' id='word_1_782' title='bbox 3236 4858 3479 4927; x_wconf 84' lang='lat' dir='ltr'><strong>discipli-</strong></span> 
     </span>
    </p>
   </div>
   <div class='ocr_carea' id='block_1_107' title="bbox 1909 4947 3474 5018">
    <p class='ocr_par' dir='ltr' id='par_1_107' title="bbox 1909 4947 3474 5018">
     <span class='ocr_line' id='line_1_107' title="bbox 1909 4947 3474 5018; baseline 0.002 -18"><span class='ocrx_word' id='word_1_783' title='bbox 1909 4949 1995 5001; x_wconf 82' lang='lat' dir='ltr'><strong>nis</strong></span> <span class='ocrx_word' id='word_1_784' title='bbox 2021 4948 2295 5003; x_wconf 88' lang='lat' dir='ltr'><strong>addictum</strong></span> <span class='ocrx_word' id='word_1_785' title='bbox 2326 4947 2520 5012; x_wconf 81' lang='lat' dir='ltr'><strong>fuisse,</strong></span> <span class='ocrx_word' id='word_1_786' title='bbox 2545 4949 2753 5015; x_wconf 87' lang='lat' dir='ltr'><strong>dicens,</strong></span> <span class='ocrx_word' id='word_1_787' title='bbox 2812 4964 2922 5003; x_wconf 93' lang='lat' dir='ltr'><strong>non</strong></span> <span class='ocrx_word' id='word_1_788' title='bbox 2961 4951 3071 5004; x_wconf 89' lang='lat' dir='ltr'><strong>duo</strong></span> <span class='ocrx_word' id='word_1_789' title='bbox 3115 4950 3292 5018; x_wconf 92' lang='lat' dir='ltr'><strong>inquit</strong></span> <span class='ocrx_word' id='word_1_790' title='bbox 3339 4951 3474 5003; x_wconf 88' lang='lat' dir='ltr'><strong>intc-</strong></span> 
     </span>
    </p>
   </div>
   <div class='ocr_carea' id='block_1_108' title="bbox 1908 5040 3462 5110">
    <p class='ocr_par' dir='ltr' id='par_1_108' title="bbox 1908 5040 3462 5110">
     <span class='ocr_line' id='line_1_108' title="bbox 1908 5040 3462 5110; baseline 0.001 -18"><span class='ocrx_word' id='word_1_791' title='bbox 1908 5057 2000 5110; x_wconf 80' lang='lat' dir='ltr'><strong>gra</strong></span> <span class='ocrx_word' id='word_1_792' title='bbox 2036 5056 2129 5109; x_wconf 90' lang='lat' dir='ltr'><strong>per</strong></span> <span class='ocrx_word' id='word_1_793' title='bbox 2159 5054 2218 5095; x_wconf 90' lang='lat' dir='ltr'><strong>se</strong></span> <span class='ocrx_word' id='word_1_794' title='bbox 2255 5040 2629 5106; x_wconf 86' lang='lat' dir='ltr'><strong>subsistentia,</strong></span> <span class='ocrx_word' id='word_1_795' title='bbox 2666 5050 2724 5095; x_wconf 93' lang='lat' dir='ltr'><strong>ut</strong></span> <span class='ocrx_word' id='word_1_796' title='bbox 2754 5050 2802 5095; x_wconf 89' lang='lat' dir='ltr'><strong>et</strong></span> <span class='ocrx_word' id='word_1_797' title='bbox 2862 5041 3192 5097; x_wconf 85' lang='lat' dir='ltr'><strong>divisionem</strong></span> <span class='ocrx_word' id='word_1_798' title='bbox 3256 5052 3462 5096; x_wconf 88' lang='lat' dir='ltr'><strong>natura-</strong></span> 
     </span>
    </p>
   </div>
   <div class='ocr_carea' id='block_1_109' title="bbox 1906 5122 3475 5202">
    <p class='ocr_par' dir='ltr' id='par_1_109' title="bbox 1906 5122 3475 5202">
     <span class='ocr_line' id='line_1_109' title="bbox 1906 5122 3475 5202; baseline 0.001 -17"><span class='ocrx_word' id='word_1_799' title='bbox 1906 5147 2027 5185; x_wconf 91' lang='lat' dir='ltr'><strong>rum</strong></span> <span class='ocrx_word' id='word_1_800' title='bbox 2059 5130 2250 5185; x_wconf 79' lang='lat' dir='ltr'><strong>aﬂ‘erat</strong></span> <span class='ocrx_word' id='word_1_801' title='bbox 2272 5170 2287 5196; x_wconf 93' lang='lat'><strong>,</strong></span> <span class='ocrx_word' id='word_1_802' title='bbox 2318 5140 2713 5201; x_wconf 68' lang='lat' dir='ltr'><strong>proptereaque</strong></span> <span class='ocrx_word' id='word_1_803' title='bbox 2746 5133 2882 5187; x_wconf 84' lang='lat' dir='ltr'><strong>duas</strong></span> <span class='ocrx_word' id='word_1_804' title='bbox 2904 5148 3205 5202; x_wconf 87' lang='lat' dir='ltr'><strong>personas;</strong></span> <span class='ocrx_word' id='word_1_805' title='bbox 3237 5122 3292 5187; x_wconf 77' lang='lat' dir='ltr'><strong>ei.</strong></span> <span class='ocrx_word' id='word_1_806' title='bbox 3339 5135 3475 5187; x_wconf 93' lang='lat' dir='ltr'><strong>duas</strong></span> 
     </span>
    </p>
   </div>
   <div class='ocr_carea' id='block_1_110' title="bbox 1906 5223 3470 5294">
    <p class='ocr_par' dir='ltr' id='par_1_110' title="bbox 1906 5223 3470 5294">
     <span class='ocr_line' id='line_1_110' title="bbox 1906 5223 3470 5294; baseline 0.001 -17"><span class='ocrx_word' id='word_1_807' title='bbox 1906 5224 2265 5294; x_wconf 76' lang='lat' dir='ltr'><strong>bypostases:</strong></span> <span class='ocrx_word' id='word_1_808' title='bbox 2305 5223 2397 5278; x_wconf 86' lang='lat' dir='ltr'><strong>sed</strong></span> <span class='ocrx_word' id='word_1_809' title='bbox 2427 5225 2535 5279; x_wconf 92' lang='lat' dir='ltr'><strong>duo</strong></span> <span class='ocrx_word' id='word_1_810' title='bbox 2564 5225 2725 5279; x_wconf 93' lang='lat' dir='ltr'><strong>unius</strong></span> <span class='ocrx_word' id='word_1_811' title='bbox 2750 5225 2942 5293; x_wconf 78' lang='lat' dir='ltr'><strong>integri</strong></span> <span class='ocrx_word' id='word_1_812' title='bbox 2976 5226 3341 5294; x_wconf 87' lang='lat' dir='ltr'><strong>completiva;</strong></span> <span class='ocrx_word' id='word_1_813' title='bbox 3378 5240 3470 5279; x_wconf 89' lang='lat' dir='ltr'><strong>nc—</strong></span> 
     </span>
    </p>
   </div>
   <div class='ocr_carea' id='block_1_111' title="bbox 1904 5316 3469 5386">
    <p class='ocr_par' dir='ltr' id='par_1_111' title="bbox 1904 5316 3469 5386">
     <span class='ocr_line' id='line_1_111' title="bbox 1904 5316 3469 5386; baseline 0 -17"><span class='ocrx_word' id='word_1_814' title='bbox 1904 5332 2011 5386; x_wconf 92' lang='lat' dir='ltr'><strong>que</strong></span> <span class='ocrx_word' id='word_1_815' title='bbox 2055 5317 2199 5371; x_wconf 90' lang='lat' dir='ltr'><strong>enim</strong></span> <span class='ocrx_word' id='word_1_816' title='bbox 2228 5316 2387 5379; x_wconf 74' lang='lat' dir='ltr'><strong>dixit,</strong></span> <span class='ocrx_word' id='word_1_817' title='bbox 2415 5316 2503 5371; x_wconf 93' lang='lat' dir='ltr'><strong>bic</strong></span> <span class='ocrx_word' id='word_1_818' title='bbox 2533 5326 2585 5372; x_wconf 91' lang='lat' dir='ltr'><strong>et</strong></span> <span class='ocrx_word' id='word_1_819' title='bbox 2607 5317 2717 5381; x_wconf 91' lang='lat' dir='ltr'><strong>ille,</strong></span> <span class='ocrx_word' id='word_1_820' title='bbox 2749 5332 2926 5386; x_wconf 91' lang='lat' dir='ltr'><strong>neque</strong></span> <span class='ocrx_word' id='word_1_821' title='bbox 2948 5328 3008 5371; x_wconf 90' lang='lat' dir='ltr'><strong>ut</strong></span> <span class='ocrx_word' id='word_1_822' title='bbox 3056 5316 3259 5386; x_wconf 82' lang='lat' dir='ltr'><strong>aliquid</strong></span> <span class='ocrx_word' id='word_1_823' title='bbox 3306 5317 3469 5370; x_wconf 89' lang='lat' dir='ltr'><strong>etiam</strong></span> 
     </span>
    </p>
   </div>
   <div class='ocr_carea' id='block_1_112' title="bbox 1903 5409 3469 5480">
    <p class='ocr_par' dir='ltr' id='par_1_112' title="bbox 1903 5409 3469 5480">
     <span class='ocr_line' id='line_1_112' title="bbox 1903 5409 3469 5480; baseline -0.001 -17"><span class='ocrx_word' id='word_1_824' title='bbox 1903 5411 2225 5464; x_wconf 88' lang='lat' dir='ltr'><strong>concederet</strong></span> <span class='ocrx_word' id='word_1_825' title='bbox 2276 5409 2380 5464; x_wconf 88' lang='lat' dir='ltr'><strong>hoc</strong></span> <span class='ocrx_word' id='word_1_826' title='bbox 2410 5410 2728 5479; x_wconf 85' lang='lat' dir='ltr'><strong>simpliciter</strong></span> <span class='ocrx_word' id='word_1_827' title='bbox 2758 5410 2967 5480; x_wconf 87' lang='lat' dir='ltr'><strong>absque</strong></span> <span class='ocrx_word' id='word_1_828' title='bbox 3001 5410 3205 5475; x_wconf 88' lang='lat' dir='ltr'><strong>addito,</strong></span> <span class='ocrx_word' id='word_1_829' title='bbox 3239 5417 3293 5462; x_wconf 92' lang='lat' dir='ltr'><strong>et</strong></span> <span class='ocrx_word' id='word_1_830' title='bbox 3345 5409 3469 5463; x_wconf 91' lang='lat' dir='ltr'><strong>hoc.</strong></span> 
     </span>
    </p>
   </div>
   <div class='ocr_carea' id='block_1_113' title="bbox 1905 5498 3473 5571">
    <p class='ocr_par' dir='ltr' id='par_1_113' title="bbox 1905 5498 3473 5571">
     <span class='ocr_line' id='line_1_113' title="bbox 1905 5498 3473 5571; baseline -0.001 -16"><span class='ocrx_word' id='word_1_831' title='bbox 1905 5498 2102 5555; x_wconf 87' lang='lat' dir='ltr'><strong>Verum</strong></span> <span class='ocrx_word' id='word_1_832' title='bbox 2135 5501 2237 5564; x_wconf 84' lang='lat' dir='ltr'><strong>sic,</strong></span> <span class='ocrx_word' id='word_1_833' title='bbox 2262 5502 2362 5556; x_wconf 91' lang='lat' dir='ltr'><strong>hoc</strong></span> <span class='ocrx_word' id='word_1_834' title='bbox 2395 5502 2612 5571; x_wconf 89' lang='lat' dir='ltr'><strong>quidem</strong></span> <span class='ocrx_word' id='word_1_835' title='bbox 2645 5502 2811 5566; x_wconf 89' lang='lat' dir='ltr'><strong>illius,</strong></span> <span class='ocrx_word' id='word_1_836' title='bbox 2847 5513 2900 5556; x_wconf 89' lang='lat' dir='ltr'><strong>ct</strong></span> <span class='ocrx_word' id='word_1_837' title='bbox 2930 5502 3032 5557; x_wconf 92' lang='lat' dir='ltr'><strong>hoc</strong></span> <span class='ocrx_word' id='word_1_838' title='bbox 3060 5516 3210 5568; x_wconf 81' lang='lat' dir='ltr'><strong>vero,</strong></span> <span class='ocrx_word' id='word_1_839' title='bbox 3238 5500 3343 5554; x_wconf 89' lang='lat' dir='ltr'><strong>hoc</strong></span> <span class='ocrx_word' id='word_1_840' title='bbox 3388 5512 3473 5555; x_wconf 85' lang='lat' dir='ltr'><strong>est</strong></span> 
     </span>
    </p>
   </div>
   <div class='ocr_carea' id='block_1_114' title="bbox 219 5591 1808 5667">
    <p class='ocr_par' dir='ltr' id='par_1_114' title="bbox 219 5591 1799 5667">
     <span class='ocr_line' id='line_1_114' title="bbox 219 5591 1799 5667; baseline -0.005 -17"><span class='ocrx_word' id='word_1_841' title='bbox 219 5597 331 5667; x_wconf 76' lang='grc' dir='ltr'>γὰρ</span> <span class='ocrx_word' id='word_1_842' title='bbox 355 5593 611 5659; x_wconf 83' lang='grc' dir='ltr'>εἷπεν,⁹0</span> <span class='ocrx_word' id='word_1_843' title='bbox 640 5594 761 5664; x_wconf 81' lang='grc' dir='ltr'>μὲν,</span> <span class='ocrx_word' id='word_1_844' title='bbox 792 5594 889 5647; x_wconf 71' lang='grc' dir='ltr'>καὶ</span> <span class='ocrx_word' id='word_1_845' title='bbox 918 5596 945 5647; x_wconf 87' lang='grc' dir='ltr'><strong>ό</strong></span> <span class='ocrx_word' id='word_1_846' title='bbox 971 5593 1047 5646; x_wconf 81' lang='grc' dir='ltr'>δέ’</span> <span class='ocrx_word' id='word_1_847' title='bbox 1080 5593 1203 5647; x_wconf 82' lang='grc' dir='ltr'>οὑδὲ</span> <span class='ocrx_word' id='word_1_848' title='bbox 1239 5591 1356 5663; x_wconf 76' lang='grc' dir='ltr'>(καὶ</span> <span class='ocrx_word' id='word_1_849' title='bbox 1379 5592 1464 5644; x_wconf 89' lang='grc' dir='ltr'><strong>ῖνα</strong></span> <span class='ocrx_word' id='word_1_850' title='bbox 1500 5608 1552 5645; x_wconf 90' lang='grc' dir='ltr'><strong>τι</strong></span> <span class='ocrx_word' id='word_1_851' title='bbox 1584 5607 1799 5660; x_wconf 83' lang='grc' dir='ltr'>συγχω-</span> 
     </span>
    </p>
   </div>
   <div class='ocr_carea' id='block_1_115' title="bbox 1911 5591 3479 5667">
    <p class='ocr_par' dir='ltr' id='par_1_115' title="bbox 1911 5591 3479 5664">
     <span class='ocr_line' id='line_1_115' title="bbox 1911 5591 3479 5664; baseline 0 -20"><span class='ocrx_word' id='word_1_852' title='bbox 1911 5591 2048 5649; x_wconf 84' lang='lat' dir='ltr'><strong>illius</strong></span> <span class='ocrx_word' id='word_1_853' title='bbox 2066 5593 2132 5646; x_wconf 89' lang='lat' dir='ltr'><strong>de</strong></span> <span class='ocrx_word' id='word_1_854' title='bbox 2164 5594 2352 5661; x_wconf 90' lang='lat' dir='ltr'><strong>aliquo</strong></span> <span class='ocrx_word' id='word_1_855' title='bbox 2382 5594 2588 5664; x_wconf 77' lang='lat' dir='ltr'><strong>integro</strong></span> <span class='ocrx_word' id='word_1_856' title='bbox 2626 5608 2931 5649; x_wconf 89' lang='lat' dir='ltr'><strong>sermonem</strong></span> <span class='ocrx_word' id='word_1_857' title='bbox 2970 5593 3197 5657; x_wconf 79' lang='lat' dir='ltr'><strong>habens,</strong></span> <span class='ocrx_word' id='word_1_858' title='bbox 3231 5594 3333 5647; x_wconf 92' lang='lat' dir='ltr'><strong>hoc</strong></span> <span class='ocrx_word' id='word_1_859' title='bbox 3353 5594 3479 5661; x_wconf 75' lang='grc' dir='ltr'><strong>ψιτ-</strong></span> 
     </span>
    </p>
   </div>
   <div class='ocr_carea' id='block_1_116' title="bbox 220 5682 1799 5759">
    <p class='ocr_par' dir='ltr' id='par_1_116' title="bbox 220 5682 1799 5759">
     <span class='ocr_line' id='line_1_116' title="bbox 220 5682 1799 5759; baseline -0.005 -17"><span class='ocrx_word' id='word_1_860' title='bbox 220 5691 391 5759; x_wconf 73' lang='grc' dir='ltr'>ρήσας</span> <span class='ocrx_word' id='word_1_861' title='bbox 425 5688 603 5758; x_wconf 77' lang='grc' dir='ltr'>εἴπῃ),</span> <span class='ocrx_word' id='word_1_862' title='bbox 624 5687 685 5739; x_wconf 82' lang='grc' dir='ltr'><strong>τὸ</strong></span> <span class='ocrx_word' id='word_1_863' title='bbox 715 5688 835 5756; x_wconf 45' lang='grc' dir='ltr'>μέν,</span> <span class='ocrx_word' id='word_1_864' title='bbox 872 5685 1054 5749; x_wconf 78' lang='grc' dir='ltr'>ἁπλῶς</span> <span class='ocrx_word' id='word_1_865' title='bbox 1095 5686 1223 5740; x_wconf 79' lang='grc' dir='ltr'>ἄνευ</span> <span class='ocrx_word' id='word_1_866' title='bbox 1250 5683 1588 5756; x_wconf 79' lang='grc' dir='ltr'>προσθήκης,</span> <span class='ocrx_word' id='word_1_867' title='bbox 1618 5683 1711 5736; x_wconf 59' lang='grc' dir='ltr'><strong>καί¹</strong></span> <span class='ocrx_word' id='word_1_868' title='bbox 1740 5682 1799 5735; x_wconf 78' lang='grc' dir='ltr'><strong>τὸ</strong></span> 
     </span>
    </p>
   </div>
   <div class='ocr_carea' id='block_1_117' title="bbox 216 5776 1798 5850">
    <p class='ocr_par' dir='ltr' id='par_1_117' title="bbox 216 5776 1798 5850">
     <span class='ocr_line' id='line_1_117' title="bbox 216 5776 1798 5850; baseline -0.003 -16"><span class='ocrx_word' id='word_1_869' title='bbox 216 5782 301 5835; x_wconf 74' lang='grc' dir='ltr'><strong>δέ.</strong></span> <span class='ocrx_word' id='word_1_870' title='bbox 331 5781 492 5835; x_wconf 71' lang='grc' dir='ltr'>Ἀλλὰ</span> <span class='ocrx_word' id='word_1_871' title='bbox 523 5781 578 5833; x_wconf 89' lang='grc' dir='ltr'><strong>τί</strong></span> <span class='ocrx_word' id='word_1_872' title='bbox 618 5797 781 5850; x_wconf 64' lang='lat' dir='ltr'><strong>(mat;</strong></span> <span class='ocrx_word' id='word_1_873' title='bbox 814 5780 886 5832; x_wconf 73' lang='grc' dir='ltr'>Τὸ</span> <span class='ocrx_word' id='word_1_874' title='bbox 923 5780 1019 5848; x_wconf 78' lang='grc' dir='ltr'><strong>μὲν</strong></span> <span class='ocrx_word' id='word_1_875' title='bbox 1051 5778 1240 5843; x_wconf 83' lang='grc' dir='ltr'>αὑτοῦ,</span> <span class='ocrx_word' id='word_1_876' title='bbox 1276 5779 1370 5831; x_wconf 83' lang='grc' dir='ltr'><strong>καὶ</strong></span> <span class='ocrx_word' id='word_1_877' title='bbox 1395 5776 1456 5829; x_wconf 83' lang='grc' dir='ltr'><strong>τὸ</strong></span> <span class='ocrx_word' id='word_1_878' title='bbox 1487 5777 1567 5840; x_wconf 79' lang='grc' dir='ltr'><strong>δὲ,</strong></span> <span class='ocrx_word' id='word_1_879' title='bbox 1613 5776 1798 5848; x_wconf 81' lang='grc' dir='ltr'>δηλον-</span> 
     </span>
    </p>
   </div>
   <div class='ocr_carea' id='block_1_118' title="bbox 216 5871 1797 5942">
    <p class='ocr_par' dir='ltr' id='par_1_118' title="bbox 216 5871 1797 5942">
     <span class='ocr_line' id='line_1_118' title="bbox 216 5871 1797 5942; baseline -0.004 -13"><span class='ocrx_word' id='word_1_880' title='bbox 216 5877 304 5929; x_wconf 82' lang='grc' dir='ltr'><strong>ότι</strong></span> <span class='ocrx_word' id='word_1_881' title='bbox 328 5875 493 5930; x_wconf 78' lang='grc' dir='ltr'>αὑτοῦ</span> <span class='ocrx_word' id='word_1_882' title='bbox 527 5875 621 5928; x_wconf 85' lang='grc' dir='ltr'><strong>διά</strong></span> <span class='ocrx_word' id='word_1_883' title='bbox 670 5891 812 5936; x_wconf 79' lang='grc' dir='ltr'>τινος</span> <span class='ocrx_word' id='word_1_884' title='bbox 854 5875 948 5926; x_wconf 78' lang='grc' dir='ltr'>τοῦ</span> <span class='ocrx_word' id='word_1_885' title='bbox 992 5873 1114 5927; x_wconf 71' lang='grc' dir='ltr'>ὅλου</span> <span class='ocrx_word' id='word_1_886' title='bbox 1150 5873 1306 5941; x_wconf 68' lang='grc' dir='ltr'>φησι,</span> <span class='ocrx_word' id='word_1_887' title='bbox 1337 5871 1397 5926; x_wconf 84' lang='grc' dir='ltr'><strong>τὸ</strong></span> <span class='ocrx_word' id='word_1_888' title='bbox 1433 5871 1534 5942; x_wconf 87' lang='grc' dir='ltr'><strong>μὲν</strong></span> <span class='ocrx_word' id='word_1_889' title='bbox 1562 5872 1623 5925; x_wconf 85' lang='grc' dir='ltr'><strong>τὸ</strong></span> <span class='ocrx_word' id='word_1_890' title='bbox 1661 5889 1797 5942; x_wconf 86' lang='grc' dir='ltr'>συμ-</span> 
     </span>
    </p>
   </div>
   <div class='ocr_carea' id='block_1_119' title="bbox 1903 5686 3473 5757">
    <p class='ocr_par' dir='ltr' id='par_1_119' title="bbox 1903 5686 3473 5757">
     <span class='ocr_line' id='line_1_119' title="bbox 1903 5686 3473 5757; baseline -0.002 -17"><span class='ocrx_word' id='word_1_891' title='bbox 1903 5686 2025 5740; x_wconf 91' lang='lat' dir='ltr'><strong>dem</strong></span> <span class='ocrx_word' id='word_1_892' title='bbox 2069 5687 2143 5741; x_wconf 91' lang='lat' dir='ltr'><strong>ait</strong></span> <span class='ocrx_word' id='word_1_893' title='bbox 2202 5688 2609 5757; x_wconf 89' lang='lat' dir='ltr'><strong>completivum,</strong></span> <span class='ocrx_word' id='word_1_894' title='bbox 2662 5688 2790 5743; x_wconf 83' lang='lat' dir='ltr'><strong>etin</strong></span> <span class='ocrx_word' id='word_1_895' title='bbox 2824 5688 3271 5757; x_wconf 86' lang='lat' dir='ltr'><strong>compositionem</strong></span> <span class='ocrx_word' id='word_1_896' title='bbox 3301 5686 3473 5756; x_wconf 90' lang='lat' dir='ltr'><strong>ipsius</strong></span> 
     </span>
    </p>
   </div>
   <div class='ocr_carea' id='block_1_120' title="bbox 1903 5777 3473 5849">
    <p class='ocr_par' dir='ltr' id='par_1_120' title="bbox 1903 5777 3473 5849">
     <span class='ocr_line' id='line_1_120' title="bbox 1903 5777 3473 5849; baseline -0.001 -18"><span class='ocrx_word' id='word_1_897' title='bbox 1903 5788 2245 5849; x_wconf 89' lang='lat' dir='ltr'><strong>assumptum</strong></span> <span class='ocrx_word' id='word_1_898' title='bbox 2276 5780 2583 5849; x_wconf 80' lang='lat' dir='ltr'><strong>resplendet</strong></span> <span class='ocrx_word' id='word_1_899' title='bbox 2609 5780 2910 5844; x_wconf 89' lang='lat' dir='ltr'><strong>miraculis,</strong></span> <span class='ocrx_word' id='word_1_900' title='bbox 2944 5782 3049 5835; x_wconf 89' lang='lat' dir='ltr'><strong>hoc</strong></span> <span class='ocrx_word' id='word_1_901' title='bbox 3110 5792 3262 5840; x_wconf 82' lang='lat' dir='ltr'><strong>vero,</strong></span> <span class='ocrx_word' id='word_1_902' title='bbox 3315 5777 3473 5830; x_wconf 87' lang='lat' dir='ltr'><strong>simi-</strong></span> 
     </span>
    </p>
   </div>
   <div class='ocr_carea' id='block_1_121' title="bbox 1902 5869 3479 5943">
    <p class='ocr_par' dir='ltr' id='par_1_121' title="bbox 1902 5869 3479 5943">
     <span class='ocr_line' id='line_1_121' title="bbox 1902 5869 3479 5943; baseline 0 -20"><span class='ocrx_word' id='word_1_903' title='bbox 1902 5870 2024 5925; x_wconf 88' lang='lat' dir='ltr'><strong>liter</strong></span> <span class='ocrx_word' id='word_1_904' title='bbox 2067 5883 2116 5926; x_wconf 87' lang='lat' dir='ltr'><strong>et</strong></span> <span class='ocrx_word' id='word_1_905' title='bbox 2152 5871 2327 5940; x_wconf 84' lang='lat' dir='ltr'><strong>ipsum</strong></span> <span class='ocrx_word' id='word_1_906' title='bbox 2366 5872 2531 5928; x_wconf 88' lang='lat' dir='ltr'><strong>totius</strong></span> <span class='ocrx_word' id='word_1_907' title='bbox 2589 5873 2996 5943; x_wconf 78' lang='lat' dir='ltr'><strong>completivum,</strong></span> <span class='ocrx_word' id='word_1_908' title='bbox 3031 5872 3080 5925; x_wconf 93' lang='lat' dir='ltr'><strong>in</strong></span> <span class='ocrx_word' id='word_1_909' title='bbox 3120 5869 3479 5939; x_wconf 58' lang='lat' dir='ltr'><strong>compositio~</strong></span> 
     </span>
    </p>
   </div>
  </div>
