4194 6432
709 413 826 480 615
1996 413 2292 475 ΝΙΕΕΤΕ
2332 414 2741 474 ΒΥΖᾹΝΤΙΝΙ
3882 414 3990 479 616

711 543 834 582 nem
896 526 1043 583 illius
1087 535 1374 597 acceptum
1433 526 1787 598 passionibus
1837 526 2139 581 obnoxium
2199 534 2302 580 est.
2338 528 2367 583 Α

2338 528 2381 583 Α
2412 524 2785 596 πληρωτικδν,
2836 524 2929 578 καὶ
2978 526 3057 587 εἰς
3094 523 3191 595 τὴν
3234 525 3485 580 σᾶνθεσιν
3534 528 3700 582 αὐτοῦ
3741 529 3990 599 παραλη-

712 621 786 673 Ea
847 621 1162 689 quicunque
1224 620 1305 674 sic
1367 620 1645 689 intelligit,
1688 619 2150 691 quemadmodum
2184 627 2238 672 et
2270 632 2299 670 a

2415 620 2547 688 φὲὲν
2575 618 2873 687 διαλάμπει
2899 620 3011 683 τοῖς
3035 618 3299 687 θαύμασι,
3330 621 3390 674 τὸ
3425 621 3479 674 δὲ
3508 623 3709 691 ὁμοίως
3739 625 3832 675 καὶ
3862 621 3997 676 αὐτὸ

706 722 902 778 sancto
924 713 1171 783 pontiliee
1190 711 1371 767 Leone
1389 723 1748 783 exponuntur,
1778 713 1823 767 is
1842 713 1973 765 nihil
1994 726 2171 780 neque
2191 710 2310 764 ine-

2416 710 2876 781 συμπληρωτικὸν
2907 711 2969 763 ὂν
3000 710 3094 763 τοῦ
3120 709 3243 764 ὅλου
3291 714 3349 765 ἐν
3379 716 3445 785 τῇ
3493 713 3743 767 συνθέσει
3779 714 3994 766 ἐκείνου

712 814 863 869 ptum
895 818 1071 872 neque
1091 802 1467 873 blasphemum
1495 803 1888 873 pronuntiabit.
1910 802 2147 855 Rursum
2171 798 2305 855 scri-

2414 802 3016 874 παραλαμϐανὸμενον,
3080 803 3380 858 ὑποπίπτει
3431 808 3543 869 τοῖς
3602 804 3821 860 πάθεσι.
3877 806 3992 859 Καὶ

710 895 789 948 bit
811 893 1120 951 Nestorius:
1148 895 1214 949 Et
1249 896 1466 949 Verbum
1493 913 1615 949 caro
1634 897 1834 965 factum
1850 905 1946 958 est,
1983 906 2030 949 et
2058 892 2309 946 habitarit

2411 894 2585 959 οὕτως
2624 894 2855 959 νοοῦντι,
2884 894 3075 966 ὥσπερ
3097 895 3190 949 οὖν
3222 897 3316 950 καὶ
3352 897 3592 967 εἴρηται,
3624 898 3774 966 παρὰ
3802 896 3904 950 τοῦ
3941 899 3998 950 ἐν

712 978 767 1040 ίιι
797 987 968 1041 nobis.
993 987 1099 1042 Leo
1133 1005 1293 1043 vero:
1332 988 1613 1057 Sapientia
1638 990 1920 1059 a’di/icavit
1952 989 2053 1041 sibi
2074 991 2307 1049 domum,

2410 982 2589 1051 ἁγίοις
2630 985 2789 1038 πάπα
2825 986 3076 1051 Λέοντος,
3098 986 3251 1039 οὐδὲν
3280 987 3500 1053 ἄτοπον,
3527 987 3646 1041 οὐδὲ
3672 987 3997 1058 βλάσςρημον

713 1097 837 1133 nam
880 1080 1103 1135 Verbum
1150 1100 1274 1136 caro
1306 1087 1508 1151 factum
1567 1095 1668 1149 est,
1695 1095 1743 1136 et
1769 1082 2023 1136 habitarit
2053 1082 2106 1134 in
2138 1079 2305 1133 nobis.

2410 1078 2741 1145 ἀπαντήσει.
2771 1078 2883 1131 Καὶ
2912 1078 3076 1131 πάλιν
3100 1080 3304 1149 γράφει
3337 1080 3652 1150 Νεστόριοςο
3699 1081 3760 1133 '0
3802 1082 3998 1150 Λόγος

714 1172 825 1227 llas
849 1188 1012 1229 voces
1044 1190 1221 1245 neque
1248 1175 1453 1244 impius
1485 1174 1772 1231 Nestorius
1801 1189 1864 1228 ex
1890 1174 2127 1244 propriis
2158 1181 2306 1227 attu-

2410 1170 2565 1237 m‘qif
2595 1171 2855 1240 ἐγένετο,
2906 1172 3409 1245 καίιὲσκήνωσεν
3470 1175 3541 1228 ἐν
3587 1174 3753 1244 ἡμῖν.
3788 1175 3997 1246 Γράφει

715 1267 795 1330 lit,
824 1283 999 1336 neque
1029 1268 1143 1337 ipse
1163 1267 1275 1322 Leo
1326 1270 1577 1324 elocittus
1608 1277 1711 1333 est,
1742 1268 1833 1322 sed
1866 1282 1933 1321 ex
1961 1266 2158 1321 divinis
2195 1264 2304 1319 Lit-

2408 1265 2585 1330 Λέων,
2616 1266 2698 1317 ὅτι
2738 1266 2801 1319 Ἠ
2821 1268 3010 1335 Σοφία
3031 1265 3422 1335 ᾠκοδόμησεν
3444 1268 3629 1336 ἑαυτῇ
3658 1269 3858 1323 οἷκον-⁸
3894 1270 3994 1323 καί

715 1359 847 1413 teris
878 1359 1215 1422 haurientes,
1243 1360 1295 1414 in
1318 1362 1536 1431 propria
1557 1359 1949 1414 commentaria
1978 1359 2303 1413 retulerunt.

2410 1359 2519 1428 γὰρ
2554 1363 2583 1410 o'
2611 1359 2804 1427 Λόγος
2842 1359 3000 1428 σὰρξ
3049 1360 3304 1429 ἐγένετο.
3360 1363 3456 1416 καὶ
3517 1362 3877 1432 ἐσκήνωσεν
3927 1363 3996 1416 ἐν

715 1449 1109 1507 Verumtamen
1142 1452 1429 1508 Nestorius
1462 1465 1653 1507 contra
1688 1452 1980 1507 consiliqu
2035 1452 2303 1506 ecclesia-

2406 1449 2571 1517 ἡμῖν.
2595 1447 2809 1511 Ταύτας
2849 1448 2948 1511 τὰς
2984 1451 3210 1521 χρήσεις
3242 1449 3368 1504 οὐτε
3398 1453 3693 1524 Νεστόριος
3730 1457 3758 1508 6
3791 1455 3994 1523 ἐναγὴς

713 1546 934 1609 stieum,
964 1557 1015 1601 et
1046 1562 1111 1601 ex
1149 1563 1246 1602 sua
1288 1548 1578 1616 depravata
1618 1557 1803 1601 mente
1840 1548 2009 1601 verba
2068 1562 2303 1615 cvange-

2405 1542 2618 1595 οἴκοθεν
2654 1541 3005 1613 προεϐάλετο,
3055 1543 3178 1597 οὐτε
3240 1545 3346 1616 μὴν
3394 1548 3421 1599 ό
3472 1547 3625 1601 Λέων
3666 1549 3989 1619 ἐφθέγξατο,

715 1639 817 1693 lica
858 1642 1137 1709 sumpsit:
1204 1657 1461 1709 namque,
1513 1639 1735 1693 Verbum
1791 1657 1914 1692 caro
1952 1641 2156 1708 factum
2195 1650 2297 1703 est,

2407 1634 2521 1687 ἀλλ’
2553 1635 2617 1687 ἐκ
2664 1634 2761 1703 τῆς
2800 1633 2951 1696 θείας
3006 1634 3231 1705 Γραςςῆς
3275 1636 3551 1700 λαϐόντες,
3595 1642 3707 1701 τοῖς
3767 1641 3993 1703 οἰκείοις

719 1748 935 1787 sensum
968 1733 1110 1786 hunc
1138 1733 1285 1802 pium
1313 1734 1522 1786 obtinet
1558 1751 1569 1786 :
1606 1732 1745 1785 idem
1769 1733 2012 1785 divinum
2042 1732 2299 1794 Verbum,

2407 1727 2841 1796 συγγράμμασιν
2879 1726 3163 1796 ἐνέθηκαν.
3213 1728 3355 1780 Ἀλλ’
3389 1732 3416 1781 6
3461 1731 3559 1799 μὲν
3589 1730 3882 1801 Νεστόριος
3927 1734 3988 1785 οὐ

721 1840 888 1878 unum
908 1841 970 1877 ex
993 1835 1180 1878 sancta
1206 1824 1403 1879 Triade
1425 1828 1697 1896 hypustasi
1726 1842 1848 1879 cum
1885 1826 2177 1879 mansisset
2199 1826 2302 1878 im-
2336 1879 2375 1896 ὴ

2340 1879 2375 1896 h
2406 1823 2549 1873 κατὰ
2595 1819 2845 1890 βούλημα
2907 1820 3371 1890 ἐκκλησιαστικὸν
3410 1822 3472 1874 τὸ
3506 1822 3861 1892 εὐαγγελικδν
3893 1827 3996 1895 ρη-

721 1917 980 1971 mutabile
1034 1918 1429 1985 immotumque
1498 1917 1641 1984 quod
1697 1929 1837 1980 erat,
1896 1916 2038 1969 Deus
2069 1916 2298 1980 scilicet,
2336 1879 2376 1938 Β

2340 1879 2376 1938 Β
2406 1913 2498 1965 τὸν
2533 1879 2839 1982 ἐξείληιρεν,
2882 1912 3016 1967 ἀλλὰ
3046 1879 3185 1966 κατὰ
3207 1913 3296 1966 τὸν
3328 1914 3522 1967 ἑαυτοῦ
3560 1879 3996 1988 διεστραμμέινον

718 2010 1018 2079 assumpsit
1054 2024 1275 2062 carnem
1307 2010 1606 2063 animatam
1666 2011 1847 2063 anima
1890 2009 2117 2062 rationis
2147 2022 2301 2062 com-

2405 2006 2551 2061 νοῦν.
2585 2007 2658 2059 Τὸ
2697 2007 2826 2077 γάρ,
2875 2004 2937 2059 ’0
2968 2006 3158 2075 Λόγος
3206 2006 3362 2073 σὰρξ
3414 2006 3686 2077 ἐγένετο,
3734 2001 3996 2079 τοιαύτῆν

716 2112 843 2174 pote
892 2112 945 2157 et
993 2103 1362 2167 intellectuali,
1391 2112 1443 2155 et
1473 2104 1612 2156 hanc
1635 2103 1831 2154 dirinzu
1865 2111 2069 2155 naturae
2104 2102 2154 2154 in
2178 2114 2304 2170 pro-

2405 2098 2518 2168 ἔχει
2550 2099 2750 2168 εὐσεϐῆ
2784 2098 3040 2152 διάνοιαν·
3075 2100 3155 2152 ὅτι
3197 2098 3359 2162 σῦτδς
3388 2100 3416 2152 6
3453 2099 3599 2162 Θεῖος
3627 2101 3820 2169 Λόγος,
3848 2103 3877 2155 6
3912 2097 3996 2164 εἷς

717 2198 833 2267 pria
889 2198 1191 2267 hypastasi,
1234 2196 1451 2249 deitatis
1491 2210 1708 2262 nempe,
1743 2198 1938 2257 nnivnt,
1998 2193 2299 2247 secundum

2405 2195 2471 2261 τῇ
2498 2193 2795 2245 ὑποστάσει
2817 2193 2917 2261 τῆς
2939 2192 3097 2261 ἁγίας
3125 2192 3295 2267 Τριάδ
3312 2210 3379 2257 .ς,
3422 2192 3611 2261 μείνας
3634 2192 3999 2256 ἀναλλοίωτος

719 2292 1014 2345 essentiam
1060 2299 1115 2344 et
1162 2289 1497 2360 hypostasim
1564 2290 1767 2342 uniuue
1821 2288 2032 2352 ell'ecta,
2099 2294 2157 2341 ut
2195 2304 2303 2341 una

2406 2284 2503 2336 καὶ
2539 2283 2829 2353 ἄτρεπτος,
2869 2284 3005 2353 ὅπερ
3047 2278 3115 2352 ἦν
3138 2323 3152 2346 ,
3193 2282 3325 2346 Θεὸς
3361 2283 3627 2353 δηλονότι,
3658 2282 3998 2355 προσείληφε

720 2383 1032 2453 hypostasis
1066 2384 1181 2452 ipse
1213 2391 1336 2451 post
1360 2382 1814 2440 incarnationem.
1857 2384 1935 2433 vel
1964 2391 2301 2450 assumptum

2409 2378 2589 2448 σάρκα
2654 2377 3012 2447 ἐψυχωμένην
3055 2376 3200 2447 ψυχῇ
3264 2376 3456 2447 λογικῇ
3516 2379 3612 2430 καὶ
3658 2379 3844 2447 νοερᾷ·
3897 2380 4001 2429 καὶ

721 2472 1001 2526 hominem
1063 2473 1380 2527 crederetur
1420 2472 1569 2523 nullo
1640 2471 2015 2523 additamento
2055 2486 2305 2538 personae

2406 2473 2611 2542 ταύτην
2665 2474 2844 2543 ἤνωσε
2875 2475 2940 2542 τῇ
2973 2472 3093 2543 θεία
3133 2472 3291 2539 φύσει
3340 2472 3397 2522 ἐν
3426 2474 3491 2542 τῇ
3526 2472 3708 2543 οἰκεία
3748 2473 4006 2526 ὑποστά-

727 2578 887 2619 aucta
927 2575 1115 2620 sancta
1160 2565 1451 2632 Trinitate,
1489 2567 1534 2618 is
1566 2580 1692 2619 cum
1733 2579 1895 2618 carne
1941 2566 2303 2633 comprehcn-

2409 2584 2516 2632 σει,
2542 2568 2787 2637 δηλονότι
2818 2567 2915 2635 τῆς
2956 2566 3230 2634 θεότητος,
3282 2564 3516 2636 οὐσιὼδη
3570 2566 3667 2619 καὶ
3708 2567 3829 2619 καθ’
3862 2566 3996 2618 ὑπό-

718 2657 889 2721 ditur,
920 2668 1105 2711 etest.
1158 2655 1270 2710 lloe
1327 2672 1491 2711 sensu
1519 2656 1723 2708 dictum
1783 2656 2154 2722 evangelicum
2211 2672 2304 2709 ex-

2410 2674 2597 2709 στασιν
2636 2658 2733 2726 τὴν
2758 2656 2954 2708 ’ἐνωσιν
2984 2657 3405 2725 ἐργασάμενος,
3432 2655 3506 2717 ὡς
3542 2656 3669 2725 μίαν
3697 2655 4005 2707 ὑπόστασιν

720 2748 921 2817 quisita
958 2749 1282 2816 sinceraque
1318 2746 1573 2801 Ecclesiae
1602 2748 1995 2799 cununcnlain
2029 2749 2302 2817 interpre-

2408 2750 2569 2803 αὑτὸν
2617 2749 2749 2802 δντα
2813 2747 3168 2801 πιστεύεσθαι
3216 2750 3310 2801 καὶ
3355 2750 3493 2816 μετὰ
3538 2747 3638 2819 τὴν
3696 2747 4004 2818 σάρκωσιν,

719 2848 886 2892 tatur.
911 2837 991 2891 Ad
1020 2837 1151 2892 illttd
1185 2852 1310 2891 vero
1336 2878 1352 2903 ,
1389 2837 1641 2890 habitavit
1675 2838 1728 2889 in
1765 2835 1937 2901 nobis,
1963 2848 2108 2891 recte
2126 2838 2306 2891 Theo-

2408 2846 2525 2914 ἤτοι
2576 2843 3008 2911 ἐνανθρὼπησιν,
3053 2843 3152 2911 τῆς
3200 2842 3361 2909 ἁγίας
3405 2842 3630 2911 Τριάεος
3678 2840 4010 2911 προσθήκην

721 2929 880 3000 iugns
948 2931 1129 2985 statim
1174 2930 1464 2999 subiunxit
1506 2939 1606 2984 :ut
1653 2930 1783 2993 duo,
1818 2945 1938 2998 qua:
1999 2929 2306 2999 signiﬁcau-

2405 2939 2506 2989 οὐκ
2528 2936 2916 3005 εἰσδεξαμένης
2947 2935 3266 3005 προσώπου,
3292 2937 3383 2989 καὶ
3412 2936 3552 3004 μετὰ
3586 2935 3788 3005 σαρκὸς
3822 2937 4008 2987 νοοῖτο

723 3032 831 3088 tur,
867 3022 1173 3093 intelligens
1200 3023 1562 3085 habitantem,
1609 3031 1663 3075 et
1693 3023 1745 3075 in
1781 3037 1891 3091 quo
1922 3022 2188 3077 habitatio
2220 3023 2301 3086 iit,

2407 3027 2501 3079 καὶ
2536 3025 2673 3079 ἔστι.
2704 3024 2890 3095 Ταύτῃ
2922 3027 2987 3094 τῇ
3025 3026 3204 3095 ἐννοίᾳ
3251 3025 3312 3077 τὸ
3361 3024 3715 3093 εὐαγγελικδν
3759 3024 3926 3095 ῥητὸν
3966 3027 4005 3095 ἡ

723 3118 902 3187 ipsum
958 3108 1031 3170 in
1067 3132 1289 3171 carnem
1326 3117 1672 3169 immutatum
1726 3131 1833 3169 non
1901 3115 2071 3171 fuisse
2124 3126 2304 3171 mente

2406 3119 2509 3188 τῆς
2547 3117 2875 3186 Ἐκκλησίας
2922 3116 3157 3187 ἀκριϐὴς
3189 3116 3442 3186 διάληψις
3481 3117 3775 3187 ἐξηγεῖται.
3814 3117 3890 3168 Τὸ
3918 3116 4007 3182 δὲ,

720 3209 1025 3279 concipias,
1060 3209 1154 3265 sed
1190 3208 1447 3289 potius'in
1480 3223 1646 3262 carne
1682 3208 2041 3270 inhabitasse,
2089 3222 2152 3261 ac
2184 3218 2303 3262 tan-
2332 3217 2375 3274 ε

2355 3217 2375 3274 ζ
2409 3211 2768 3275 ἐσκήνωσεν
2806 3211 2874 3263 ἑν
2927 3208 3092 3277 ἡμῖν,
3142 3208 3323 3274 καλῶς
3362 3226 3425 3277 γε
3462 3209 3633 3261 ποιῶν
3678 3210 3706 3261 6
3734 3208 4011 3277 Θεολὸγος

723 3318 886 3372 quam
919 3302 1141 3373 proprio
1170 3318 1328 3355 usum
1379 3315 1631 3369 corpore,
1656 3300 1800 3369 quod
1824 3315 1889 3353 ex
1956 3308 2144 3354 saneta
2181 3298 2305 3354 Vir-

2415 3303 2579 3365 εὐοὺς
2616 3303 2933 3370 ἐπήγαγεν,
2976 3301 3064 3352 ἵνα
3105 3298 3200 3352 δύο
3242 3301 3441 3369 νοήσας
3492 3298 3560 3353 τὰ
3602 3300 4007 3369 σημαινόμενα,

723 3393 847 3459 gine
878 3394 1205 3462 principium
1228 3392 1439 3456 habuit,
1473 3393 1695 3459 templo.

2409 3397 2501 3450 τόν
2532 3413 2590 3449 τε
2619 3394 2946 3467 σκηνοῦντα,
2980 3394 3076 3446 καὶ
3111 3392 3172 3446 τὸ
3217 3394 3275 3445 ἐν
3308 3386 3352 3462 ᾧ
3393 3394 3427 3461 ή
3480 3393 3771 3462 σκήνωσις,
3813 3392 4012 3461 μὴ·είς

724 3487 901 3556 σάρκα
949 3486 1379 3556 περιτετράφθαι
1434 3487 1633 3557 νοήσῃς
1689 3484 1872 3552 αὑτὸν,
1932 3486 2215 3558 σκηνῶσαι
2262 3490 2317 3543 δὲ
2358 3491 2562 3561 μᾶλλον
2616 3491 2674 3544 ἐν
2706 3488 2871 3561 σαρκὶ
2916 3489 2992 3551 ὡς
3029 3487 3144 3558 ἰδίῳ
3182 3486 3673 3557 προσχρησάμενον
3743 3483 3985 3555 σώματι,

720 3578 799 3647 τῷ
834 3578 897 3629 ἐκ
937 3578 1036 3646 τῆς
1065 3577 1226 3645 ἁγίας
1268 3576 1545 3646 Παρθένου
1574 3575 1707 3644 ναῷ.

793 3670 880 3724 10.
911 3670 1046 3723 Cum
1082 3684 1245 3739 porro
1262 3669 1329 3723 de
1358 3669 1449 3723 Dei
1476 3667 1634 3723 Verbi
1674 3669 2008 3725 habitatinne
2044 3670 2099 3725 in
2142 3686 2307 3728 carne

2497 3679 2547 3726 ι’.
2590 3668 2810 3739 Ἐπειδὴ
2840 3668 2898 3722 δὲ
2931 3667 3060 3737 περὶ
3093 3664 3439 3733 σκηνώσεως,
3476 3665 3593 3735 ἤτοι
3629 3666 4014 3733 κατοικήσεως

721 3765 1169 3835 proprialocutus
1187 3764 1258 3818 sit
1290 3763 1655 3832 Evangelista,
1680 3762 2157 3819 determinandum
2201 3773 2305 3831 est,

2416 3761 2512 3814 τοῦ
2535 3759 2671 3812 Θεοῦ
2710 3757 2888 3826 Λόγου
2915 3756 3054 3825 πρὸς
3094 3756 3194 3824 τὴν
3242 3761 3440 3808 ἑαυτου
3483 3755 3665 3826 σάρκα
3697 3755 3900 3827 ἐρρέθη
3927 3757 4015 3824 τῷ

722 3864 856 3923 quot
918 3855 1096 3909 modis
1126 3853 1325 3909 dicitur
1353 3852 1496 3908 Deus
1517 3852 1570 3906 in
1603 3853 1761 3908 nobis
1792 3853 2102 3909 inhabitare
2132 3872 2146 3909 :
2214 3870 2310 3910 vo-

2416 3850 2798 3920 εὐαγγελιστῇ,
2826 3849 3126 3918 διοριστέον
3156 3849 3299 3901 κατὰ
3329 3853 3529 3910 πόσους
3546 3856 3783 3920 τρόπους
3810 3851 3837 3901 6
3869 3849 4016 3911 Θεὸς

723 3959 923 4001 cantur
983 3935 1257 4015 siquidem
1316 3954 1371 3999 et
1421 3945 1596 3998 sancti
1633 3946 1897 4015 templum
1952 3945 2071 4013 Dei,
2106 3947 2161 4001 in
2196 3962 2308 4017 quo

2416 3946 2636 4012 λέγεται
2666 3944 2897 3995 ἐνοικεῖν
2935 3944 2994 3994 ἐν
3020 3943 3175 4010 ήμῖν.
3211 3942 3476 4009 Λέγονται
3515 3942 3626 4010 γάρ
3644 3942 3744 3993 καὶ
3780 3943 3829 3995 οἱ
3858 3941 4017 4009 ἅγιοι

727 4041 865 4094 Deus
922 4039 1160 4093 habitat:
1189 4039 1281 4093 sed
1347 4038 1398 4091 in
1441 4038 1547 4093 illis
1596 4038 1812 4092 actione
1861 4038 2105 4093 habitare
2149 4039 2315 4109 probe

2414 4038 2542 4101 ναὸς
2594 4035 2755 4099 Θεοῦ,
2800 4036 2859 4087 ἐν
2888 4028 2931 4102 ᾧ
2966 4034 2995 4086 6
3032 4033 3165 4097 Θεὸς
3218 4037 3487 4099 κατοικεῖ,
3534 4034 3653 4087 ἀλλ’
3703 4036 3760 4087 ὲν
3794 4034 4017 4098 τούτοις

727 4139 980 4197 recteque
1002 4127 1227 4181 dixeris.
1264 4126 1499 4181 Vocatur
1567 4127 1693 4179 item
1734 4136 1788 4180 et
1840 4124 2003 4197 Virgo
2047 4127 2308 4197 templum

2416 4130 2536 4183 κατ’
2570 4128 2852 4198 ἐνέργειαν
2879 4127 3106 4196 φήσειεν
3153 4124 3218 4178 ἂν
3272 4126 3300 4177 6
3349 4126 3508 4196 ὀρθὸς
3543 4126 3698 4193 λόγος
3728 4126 4018 4196 εἰρῆσθαι.

726 4220 858 4273 Dei:
890 4221 943 4274 iu
970 4219 1087 4288 ipsa
1122 4219 1322 4273 etenim
1355 4217 1500 4273 Dens
1532 4217 1773 4273 Verbum
1826 4220 2066 4275 essentia
2108 4219 2318 4274 habita-

2417 4224 2673 4291 Λέγεται·
2707 4220 2764 4273 δὲ
2816 4220 2981 4273 πάλιν
3032 4220 3128 4271 καὶ
3171 4220 3204 4288 ή
3247 4218 3523 4288 ΙΙαρθένος
3554 4219 3680 4279 ναὸς
3720 4216 3877 4271 Θεοῦ.
3920 4218 4019 4270 Ἐν

728 4314 822 4373 vit,
857 4312 1003 4381 quod
1033 4310 1155 4380 plus
1200 4310 1367 4364 habet
1394 4318 1447 4364 et
1475 4309 1593 4364 sine
1622 4310 2031 4379 comparatione
2055 4310 2316 4365 eximium

2418 4315 2591 4386 ταύτῃ
2627 4314 2737 4384 γὰρ
2762 4315 2790 4367 6
2822 4312 2956 4375 Θεὸς
2982 4312 3157 4379 Λόγος
3188 4309 3833 4383 οὑσιωδῶςῃκατῴκησεν,
3868 4310 4019 4379 ὅπερ

731 4419 841 4471 pne
874 4403 999 4456 aliis
1029 4402 1239 4456 sanctis
1272 4418 1286 4466 ;
1324 4400 1379 4454 in
1447 4402 1668 4470 prepria
1698 4415 1829 4454 vero
1864 4416 2051 4463 carne,
2098 4416 2205 4471 qua
2251 4412 2310 4457 ut

2417 4405 2579 4458 πλέον
2604 4406 2721 4457 ἐστὶ
2751 4403 2859 4456 τῶν
2909 4402 3112 4455 λοιπῶν
3162 4403 3354 4470 ἁγίων,
3392 4402 3488 4455 καί⁵
3538 4402 3918 4472 ἀσυγκρίτωςδ
3954 4404 4019 4455 ἐν

734 4494 953 4562 ψ·ο[ιι·ἱο
980 4508 1116 4547 usus
1150 4502 1233 4546 est
1256 4506 1485 4561 corpore
1512 4506 1577 4545 ex
1609 4500 1797 4545 sancta
1829 4489 2050 4561 Virgine
2111 4493 2310 4561 tetnplo

2416 4496 2475 4550 δὲ
2507 4498 2573 4566 τῇ
2609 4494 2789 4564 οἰκεία
2824 4497 3008 4563 σαρκὶ,
3107 4494 3183 4557 ὡς
3214 4493 3402 4563 οἰκείῳ
3454 4494 3877 4563 προσεχρήσατο
3911 4492 4019 4545 σώ-

730 4586 1039 4639 seenndum
1090 4584 1385 4637 essentiam
1414 4591 1469 4636 et
1519 4582 1858 4651 hypostasim
1886 4583 1961 4636 illi
1997 4582 2138 4637 Deus
2178 4581 2314 4637 γετ-
2348 4579 2386 4634 D

2366 4579 2391 4633 )
2424 4588 2670 4659 ματι,τῷ
2706 4590 2770 4641 ἐκ
2797 4589 2893 4654 τῆς
2926 4586 3089 4653 ἁγίας
3130 4586 3405 4656 Παρθένου
3440 4586 3576 4655 ναῷ,
3610 4584 3883 4647 οὑσιωδῶς
3920 4588 4022 4640 καὶ

732 4680 861 4734 bum
886 4680 1118 4743 nnitutn,
1152 4677 1401 4729 habitare
1428 4676 1651 4730 dicitur.
1673 4674 1736 4727 Et
1761 4675 1875 4729 haec
1896 4675 2114 4745 quidem
2137 4674 2323 4729 Eet-le-

2428 4683 2552 4737 καθ’
2579 4680 2879 4733 ὑπόστασιν
2907 4679 3129 4742 ἐνωθε“ις
3186 4678 3336 4749 αὐτῷ
3388 4679 3417 4730 6
3459 4677 3594 4742 Θεὸς
3630 4678 3801 4744 Λόγος
3828 4694 4024 4730 κατοι-

733 4775 827 4827 site
853 4773 938 4841 pia
964 4771 1229 4825 sententia
1254 4778 1356 4823 est.
1391 4767 1494 4821 Sed
1520 4766 1803 4820 Nestorins
1841 4781 2094 4835 perverse
2120 4766 2323 4820 dictum

2428 4776 2545 4826 κεῖν
2572 4774 2629 4825 ἐν
2657 4772 2808 4842 αὐτῷ
2840 4772 3076 4838 λέγεται.
3114 4772 3222 4823 Καὶ
3272 4769 3448 4841 ταύτῃ
3499 4770 3597 4839 μὲν
3640 4769 3736 4837 τῆς
3781 4768 4022 4837 Ἐκκλη-

738 4864 975 4934 accepit;
994 4878 1248 4931 namque,
1278 4858 1637 4915 Verbumcaro
1655 4860 1853 4929 fectant
1868 4867 1968 4923 est,
1990 4856 2329 4911 familiarita-

2430 4865 2549 4929 σίας
2582 4864 2643 4917 τὺ
2677 4863 2900 4927 εὐσεϐὲς
2940 4862 3291 4933 φρόνημα.⁹()
3316 4863 3372 4915 δὲ
3397 4862 3692 4931 Νεστόριος
3720 4861 4027 4930 διεστραμ-

738 4969 791 5013 te
825 4968 877 5012 et
896 4956 1156 5011 relatione
1172 4955 1473 5024 dignitatis,
1495 4962 1589 5005 aut
1609 4951 1858 5015 consilio,
1876 4959 1968 5004 aut
1993 4951 2328 5021 beneplacito

2432 4962 2609 5031 μένως
2635 4961 2695 5014 τὸ
2713 4960 2897 5028 ῥητόν.
2952 4959 3027 5012 Τὸ
3058 4958 3189 5029 γὰρ,
3224 4957 3289 5010 '0
3331 4957 3523 5024 Λόγος
3559 4953 3716 5020 σὰρξ
3750 4951 4021 5021 ἐγένετο,

738 5051 943 5105 factum
980 5048 1154 5103 fuisse
1208 5047 1340 5101 dixit
1374 5062 1388 5097 :
1430 5060 1555 5099 (um
1612 5043 1753 5099 duos
1785 5044 2089 5099 constituat
2133 5044 2326 5109 Filios,

2427 5055 2485 5107 ἐν
2514 5054 2843 5115 οἱκειώσεως
2874 5052 3039 5122 λόγῳ,
3072 5050 3169 5104 καὶ
3196 5049 3336 5102 κατὰ
3374 5046 3659 5115 ἀναφοράν
3682 5042 4023 5113 ἀξιώματος,

738 5147 971 5200 alterum
1016 5144 1182 5196 Demn
1222 5140 1481 5201 Verbum,
1512 5152 1565 5193 et
1595 5140 1823 5194 alterum
1856 5138 2186 5207 singularem
2226 5138 2325 5191 lm-

2428 5147 2462 5215 ἢ
2494 5144 2905 5207 ταυτοϐουλίαν,
2938 5144 2971 5213 ἢ
3027 5142 3277 5196 εὐδοκίαν
3309 5140 3469 5193 τοῦτο
3510 5139 3637 5207 ἔφη.
3677 5135 3900 5204 Ἐπειδὴ
3923 5135 4025 5189 δύο

740 5240 943 5293 minem
1004 5252 1068 5291 ex
1112 5236 1317 5300 Maria;
1360 5236 1440 5289 sic
1495 5244 1551 5288 et
1585 5233 1737 5297 illud,
1768 5232 2027 5285 habitavit
2053 5232 2109 5284 in
2156 5232 2326 5296 nobis,

2432 5240 2575 5292 ποιεῖ
2604 5238 2773 5302 υἱοὺς,
2810 5237 2968 5290 ἄλλον
2989 5235 3081 5288 τὸν
3105 5234 3235 5287 Θείαν
3270 5235 3465 5302 Λόγον,
3491 5231 3588 5285 καὶ
3612 5231 3770 5284 ἄλλον
3800 5228 4025 5299 ἄνθρω-

741 5329 1089 5398 operatione,
1160 5336 1255 5381 aut
1306 5324 1650 5395 beneplacito
1704 5323 2035 5393 exponebat,
2069 5338 2239 5391 quare
2277 5333 2329 5375 et

2431 5347 2533 5382 πον
2565 5328 2767 5390 ίδικὸν,
2809 5329 2902 5381 τὸν
2942 5330 3007 5380 ὲκ
3064 5327 3325 5397 Μαρίας’
3390 5323 3653 5386 ὡσαύτως
3695 5322 3750 5374 δέ
3797 5322 3895 5373 καὶ
3935 5322 4023 5383 τὸ,

741 5438 939 5492 parum
994 5419 1271 5475 hominem
1304 5418 1626 5472 enuntiabat
1671 5414 1858 5470 Jesum
1895 5424 2328 5484 :prOptereaque

2431 5421 2785 5486 ἐσκήνωσεν
2824 5421 2893 5473 ἐν
2934 5419 3099 5488 ἡμῖν,
3147 5419 3270 5471 κατ’
3325 5418 3630 5486 ἐνέργειαν,
3685 5415 3718 5483 ἦ
3766 5414 4027 5466 εὐδοκίαν

737 5514 861 5583 jure
893 5511 1091 5566 merito
1121 5510 1471 5564 anathemate
1512 5510 1652 5564 ictus
1695 5517 1797 5562 est.
1841 5506 1949 5562 Leo
1970 5522 2095 5560 vero
2121 5506 2327 5572 dicens,

2432 5514 2703 5580 ἔφασκεν·
2762 5514 2886 5566 ὅθεν
2950 5515 3043 5565 καὶ
3089 5512 3243 5580 ψιλὸν
3297 5512 3585 5579 ἄνθρωπον
3626 5506 3899 5575 ὡμολόγει
3928 5507 4027 5557 τὴν

744 5603 1021 5673 Sapientia
1040 5604 1325 5673 wdiﬁcavit
1371 5605 1471 5656 sibi
1497 5603 1711 5655 domum
1740 5619 1757 5655 :
1783 5617 1902 5651 unm
1942 5598 2164 5652 Verbum
2203 5616 2327 5651 caro

2444 5602 2651 5670 Ἰησοῦν
2674 5622 2684 5632 ·
2710 5602 2799 5655 διά
2816 5620 2895 5655 τοι
2926 5601 3321 5663 τοῦτοδιγαίως
3353 5601 3429 5669 τῷ
3459 5597 4024 5667 ἀναθὲματικαθυπο-

746 5699 951 5766 factum
982 5706 1080 5759 est,
1112 5707 1161 5751 et
1203 5696 1463 5749 habitarit
1502 5696 1556 5747 in
1589 5694 1762 5759 nobis,
1797 5694 1883 5762 pic
1912 5692 2240 5761 intelligens,
2278 5701 2331 5745 ct

2432 5695 2712 5763 ϐέϐληται.
2753 5695 2810 5747 '0
2851 5694 2907 5747 δὲ
2947 5694 3009 5761 δὴ
3034 5694 3187 5746 Λέων
3217 5694 3413 5759 λέγων,
3452 5693 3535 5743 ὅτι
3576 5690 3844 5757 Ἡσοεριά
3871 5688 4026 5751 ᾠκο-

746 5791 814 5845 ad
842 5791 1097 5846 Ecclesim
1126 5801 1383 5854 mentem,
1415 5801 1473 5841 nt
1514 5798 1670 5842 antea
1702 5786 2126 5849 tlcclaravimus,
2158 5801 2261 5837 non
2297 5801 2325 5838 a

2431 5792 2699 5857 δόμησεν
2756 5786 2940 5854 ἑαυτῇ
3009 5782 3218 5838 οἴκων
3271 5783 3367 5837 καί
3397 5782 3507 5852 γὰρ
3540 5785 3572 5835 ό
3623 5782 3815 5849 Λόγος
3863 5780 4029 5847 σὰρξ

743 5899 1004 5958 perverso
1058 5883 1295 5940 Nestorii
1355 5882 1629 5939 intellectu
1677 5880 1985 5951 abripitur,
2041 5888 2323 5949 propterea

2432 5884 2687 5952 ἐγένετο,
2752 5882 2847 5934 καὶ
2904 5880 3262 5946 ἐσκήνωσεν
3307 5877 3374 5930 ἐι·
3418 5875 3577 5945 ἡμῖν,
3612 5872 4030 5943 εὐσεϐοψρόνως
