4194 6432
212 421 310 482 617

1069 417 1508 479 REFUTATIO
1550 417 1932 478 EPISTOI.:E
1975 417 2204 476 REGIS
2235 418 2624 476 ARMENLE.

3358 412 3468 482 618

213 538 411 603 νοήσας
445 532 585 587 κατὰ
653 536 714 587 τὸ
752 533 998 604 βούλημα
1030 535 1090 587 τὸ
1125 533 1604 604 ἐκκλησιαστικὸν,
1644 533 1672 587 ὃ
1703 533 1793 586 καὶ

1899 548 2073 602 neque
2105 533 2159 587 in
2185 533 2334 586 hisce
2358 548 2484 587 cum
2515 546 2583 586 eo
2614 532 2908 589 consentit.
2944 531 3151 588 Scribit
3186 529 3486 590 Nestorius

210 628 524 696 φθάσαντες
558 629 809 698 εἴπομεν,
861 628 922 680 ού
985 628 1362 694 συναπάγεται
1390 629 1456 698 τῇ
1499 627 1798 698 διεστραμ-

213 723 352 794 μένῃ
385 721 686 794 νοήσειτοῦ
717 722 1015 791 Νεστορίου
1043 739 1056 751 ·
1091 721 1181 775 διά
1209 738 1292 774 τοι
1325 719 1482 774 τοῦτο
1509 720 1629 773 οὐδὲ
1663 737 1801 788 συμ-

209 818 402 884 φρονεῖ
425 815 578 884 αὐτῷ
610 816 667 866 ἐν
694 813 926 877 τούτοις.
971 814 1178 883 Γράφει
1223 813 1542 882 Νεστόριος,
1576 810 1674 874 τὰς
1703 810 1796 863 δύο

211 904 406 973 φύσεις
463 905 557 958 τοῦ
611 905 848 974 Χριστοῦ
898 904 1168 974 χωρίζων,
1201 905 1283 957 ὅτι
1326 904 1518 971 Δις-τλῆ
1560 903 1730 957 ἐστιν
1761 905 1798 971 ἠ

208 999 394 1066 φύσις
426 1000 515 1061 εὶς
537 997 609 1050 ἐν
631 997 879 1066 ἀξίωμα.
906 997 1114 1067 Γράφει
1155 997 1308 1050 Λέων
1330 1013 1344 1028 ο
1383 996 1452 1050 Td
1493 996 1799 1064 πεινῆσαι,

209 1089 306 1141 καὶ
340 1087 624 1156 διψῆσαι,
683 1089 784 1142 καὶ
836 1087 1143 1148 κοπιάσαι.
1188 1088 1587 1155 ἀνθρώπινον,
1622 1089 1686 1142 τὸ
1735 1088 1804 1141 δὲ

207 1183 274 1234 ἐκ
305 1180 491 1234 πέντε
523 1181 718 1248 ἄρτων
760 1180 985 1250 ἄνδρας
1028 1182 1564 1250 πεντακισχιλίους
1589 1181 1801 1250 χορτά-

207 1289 335 1338 σαι,
398 1275 500 1328 καὶ
547 1274 613 1328 τὸ
652 1273 809 1343 ﬁdem
856 1275 921 1327 τὸ
955 1273 1066 1334 ζῶν
1091 1275 1456 1341 χαρίσασθαι
1504 1273 1577 1343 τῇ
1613 1279 1805 1344 Σαμα-

205 1365 441 1432 ρείτιδι,
477 1364 655 1418 τοῦτο
685 1366 986 1432 θεότητος.
1038 1364 1176 1418 Ἀλλ’
1225 1368 1252 1418 ό
1299 1366 1397 1436 μὲν
1427 1366 1718 1436 Νεστόριος
1743 1367 1804 1418 οὐ

207 1457 294 1508 διὰ
331 1458 397 1509 τὸ
440 1460 640 1521 εἰπεῖν,
694 1457 886 1525 Διπλῆ
921 1459 1094 1510 ἐστιν
1129 1458 1166 1522 ἠ
1196 1458 1404 1526 φύσις,
1444 1459 1542 1528 ἠδη
1567 1458 1803 1511 κατακέο

208 1566 400 1618 κριται
435 1565 448 1578 ·
476 1548 719 1602 πλεῖστοι
743 1550 854 1617 γὰρ
882 1549 1018 1612 ὅσοι,
1062 1549 1262 1618 μᾶλλον
1289 1549 1345 1602 δὲ
1385 1550 1586 1611 πάντες
1615 1548 1663 1600 οἱ
1686 1547 1804 1602 θεο-

209 1640 370 1708 (caput
402 1640 646 1711 Πατέρες
672 1639 824 1692 τουτὶ
880 1639 1258 1711 διατρανοῦσιν
1288 1642 1383 1693 ἐπὶ
1434 1639 1696 1710 Χριστοῦ,
1723 1643 1805 1695 ὅτι

207 1729 434 1794 διπλοῦς
468 1727 556 1802 ἦν.
596 1733 708 1785 Καὶ
735 1731 970 1784 ἄκουσον
999 1732 1094 1785 τοῦ
1122 1735 1182 1786 ἐν
1208 1732 1462 1803 θεολογίςι
1500 1733 1802 1805 Γρηγορίου

206 1822 462 1892 λέγοντος
487 1841 500 1854 ·
526 1823 795 1890 Διπλοῦς
818 1823 918 1892 ἦν,
943 1825 1076 1878 ἐπεὶ
1099 1825 1198 1879 καὶ
1227 1826 1535 1891 ἐκοπίασε,
1567 1826 1664 1880 καὶ
1681 1826 1803 1880 ἐδι-

207 1917 398 1981 urnae,
425 1916 523 1969 καί
548 1916 666 1969 ὅσα
693 1919 861 1985 νόμῳ
889 1917 1167 1988 σώματος
1190 1913 1270 1988 ἦν
1289 1933 1302 1950 ο
1325 1917 1440 1970 ἀλλ’
1465 1919 1548 1972 ὅτι
1577 1919 1812 1989 ἐπήνεγ-

208 2025 326 2071 κεν,
359 2011 449 2072 εἰς
477 2007 549 2060 ἐν
583 2007 835 2079 ἀξίωμα,
877 2008 1123 2080 ἐναργῶς
1166 2009 1448 2079 ὑποδηλῶν
1480 2011 1578 2073 τάς
1609 2009 1802 2080 φύσεις

208 2100 652 2170 κεχωρισμένας,
682 2104 775 2155 καὶ
806 2101 1210 2166 ίδιοσυστάτους
1257 2103 1447 2171 ποιῶν,
1488 2105 1582 2157 καὶ
1621 2121 1800 2174 σχετι-

207 2191 334 2262 κὴν,
368 2193 514 2260 λέγω
573 2193 639 2265 δὴ
688 2194 788 2266 τὴν
819 2194 960 2248 κατὰ
1008 2195 1291 2266 ἀναφοράν
1315 2197 1625 2266 ἀξιώματος
1659 2199 1796 2270 πρὸς

204 2284 299 2337 τὸν
326 2286 472 2339 Θείον
525 2287 700 2354 Λόγον
755 2285 856 2356 τὴν
903 2286 1251 2358 ἀνθρωπίνην
1293 2288 1454 2357 φύσιν
1483 2289 1580 2359 τὴν
1606 2290 1801 2343 ἕνωσιν

207 2377 548 2448 κεκτῆσθαιο
617 2379 709 2432 διά
764 2396 846 2432 τοι
874 2378 1034 2432 τοῦτο
1073 2381 1166 2433 καὶ
1194 2381 1523 2453 ἀπόϐλητος.
1563 2384 1621 2434 ὐ
1649 2383 1703 2435 δὲ
1737 2383 1801 2453 δὴ

204 2469 361 2522 Λέων
393 2469 693 2539 όρθοδόξως
747 2471 810 2523 τὸ
853 2471 954 2540 μὲν
979 2471 1226 2540 διψῆσαι,
1261 2474 1354 2524 καὶ
1395 2473 1676 2540 πεινῆσαι,
1707 2473 1802 2525 καὶ

206 2562 470 2615 κοπιάσαι
492 2561 582 2613 τὸν
613 2563 849 2633 Χριστὸν
874 2563 1016 2618 κατὰ
1034 2563 1096 2617 τὸ
1121 2563 1464 2634 ἀνθρώπινον
1497 2562 1710 2632 εἴρηκε,
1739 2563 1800 2616 τὸ

201 2653 262 2706 δὲ
327 2652 821 2726 θαυματουργῆσαι
866 2656 1007 2710 κατὰ
1055 2656 1118 2709 τὸ
1167 2657 1348 2709 Θεῖκὺν
1380 2655 1796 2727 μέροςὲξέθετο.

205 2745 393 2818 Ταύτῃ
440 2749 506 2817 τῇ
546 2748 728 2817 ἐννοίᾳ,
776 2748 810 2818 ἠ
868 2747 1132 2819 καθολικὴ
1179 2748 1478 2819 Ἐκκλησία
1537 2749 1628 2801 ἐπὶ
1674 2749 1800 2818 Χρι-

201 2839 332 2892 στοῦ
359 2841 500 2891 νοεῖν
530 2840 678 2910 ἡμᾶς
730 2839 1062 2905 ἐκδιδάσκει,
1096 2841 1164 2894 τά
1200 2841 1298 2910 μὲν
1345 2840 1580 2894 ταπεινά
1612 2844 1677 2912 τῇ
1707 2844 1800 2893 ἁν-

201 2929 518 3001 θρωπότητι
568 2931 984 3000 προσάπτουσα,
1031 2932 1100 2985 τά
1135 2932 1192 2984 δὲ
1237 2931 1418 3002 ὑψηλὰ
1456 2934 1520 3002 τῇ
1558 2931 1795 3001 θεότητι.

202 3021 452 3090 Εὐσεϐὴς
483 3023 592 3092 ἄρα
637 3023 666 3075 ὁ
712 3023 863 3076 Λέων
898 3023 1298 3087 ἀποδέδεικται,
1339 3024 1433 3077 καὶ
1466 3024 1528 3077 ού
1571 3040 1798 3094 συμφω-

201 3113 309 3164 νῶν
325 3114 402 3182 τῷ
429 3112 733 3184 Νεστορίῳ,
763 3114 866 3168 κᾶν
895 3116 1095 3181 ἀδίκως
1127 3119 1280 3188 παρὰ
1325 3115 1418 3169 σοῦ
1453 3116 1793 3184 συκοφαντῆ-

203 3218 314 3260 ται.
350 3205 414 3257 Εἰ
445 3204 506 3258 δὲ
565 3205 746 3266 τοῦτο,
811 3206 992 3278 μάτην
1050 3207 1364 3280 προφασίζῃ
1404 3209 1705 3278 προφάσεις
1737 3210 1794 3260 ἐν

1907 629 2042 682 duas
2075 625 2128 680 in
2149 625 2367 680 Christo
2391 637 2618 681 naturas
2640 640 2926 696 separans:
2962 624 3169 697 Duplex
3194 637 3270 682 est
3293 640 3490 682 natura

1907 724 1958 773 in
1997 735 2102 772 una
2128 719 2406 788 dignitate.
2443 720 2644 775 Scribit
2676 717 2817 773 Leo:
2844 719 3075 792 Cumque
3091 721 3253 791 fame,
3294 723 3402 786 siti,
3437 730 3490 775 et

1910 812 2176 866 laboribus
2198 812 2538 881 depugnasse,
2563 815 2852 867 humanum
2882 823 2988 868 est:
3009 815 3364 884 quinquevero
3391 831 3491 884 pas

1909 903 2083 969 nibus,
2118 905 2343 973 quinque
2368 904 2635 959 hominum
2655 904 2828 958 millia
2853 916 3209 973 exsaturasse,
3233 917 3282 962 et
3298 925 3493 978 aquam

1909 997 2080 1050 vivam
2100 996 2460 1052 Samaritana:
2479 997 2763 1068 elargitum
2794 999 2983 1068 fuisse,
3004 999 3099 1053 ltoc
3133 1017 3250 1055 vero
3271 1001 3491 1056 deitatis

1909 1099 2007 1142 est.
2031 1089 2093 1143 Et
2110 1088 2390 1145 Nestoritts
2418 1090 2657 1160 quidem,
2680 1108 2784 1145 non
2826 1093 2971 1163 quod
2998 1092 3210 1147 dixerat
3233 1110 3247 1146 ε
3284 1093 3492 1163 Duplex

1911 1191 1987 1235 est
2041 1193 2257 1246 natura,
2320 1183 2444 1238 ideo
2493 1184 2895 1242 condemnatus
2924 1198 3008 1241 est
3049 1202 3062 1238 :
3098 1201 3222 1240 cum
3269 1186 3489 1256 plurimi

1911 1275 2071 1329 etiam
2097 1292 2164 1330 ex
2188 1276 2397 1332 sanctis
2427 1277 2687 1333 Patribus
2712 1277 2818 1335 hoc
2838 1278 2982 1334 idem
3009 1279 3077 1335 de
3096 1274 3315 1335 Christo
3337 1293 3492 1335 asse-

1914 1378 2194 1432 verarunt,
2268 1369 2538 1437 duplicem
2616 1385 2760 1427 esse.
2814 1371 2956 1426 Audi
3010 1373 3062 1426 in
3115 1372 3317 1429 divinis
3369 1389 3494 1444 pet-

1915 1461 2214 1516 tractandis
2263 1465 2537 1532 egregium
2568 1463 2918 1536 Gregorium.
2965 1464 3173 1534 Duplex:
3211 1467 3347 1533 erat,
3374 1469 3488 1536 ait;

1911 1569 2036 1606 nam
2058 1561 2106 1605 et
2139 1551 2422 1618 laboravit,
2453 1565 2500 1608 et
2528 1556 2720 1622 sitivit,
2744 1556 2979 1627 aliaque,
2999 1573 3118 1629 qua:
3147 1573 3212 1612 ea:
3236 1555 3347 1631 lege
3382 1577 3496 1614 cor-

1910 1643 2055 1709 poris
2085 1643 2379 1710 tenebatur,
2413 1661 2689 1714 perpessus
2715 1659 2814 1702 est.
2850 1649 2956 1704 Sed
2997 1649 3142 1720 quod
3176 1651 3410 1718 addidit,
3439 1656 3494 1707 in

1912 1749 2018 1787 una
2050 1735 2328 1804 dignitate,
2359 1746 2546 1806 aperte
2566 1738 2770 1794 divisas
2799 1749 3023 1796 naturas
3045 1743 3296 1808 innitens,
3329 1755 3383 1801 et
3400 1763 3496 1815 per

1914 1839 1972 1878 se
1991 1824 2355 1880 subsistentes
2388 1827 2704 1892 enuntians,
2732 1837 2786 1883 et
2821 1832 3200 1900 respectivam,
3229 1849 3372 1899 eam,
3407 1837 3493 1889 in-

1845 1923 2104 1988 Bquam,
2139 1933 2302 1988 quam
2356 1921 2656 1975 secundum
2712 1921 2996 1991 dignitatis
3049 1925 3368 1981 relationem
3423 1925 3492 1983 ad

1907 2012 2151 2083 divinum
2175 2012 2417 2088 Verbum
2447 2015 2685 2068 humana
2728 2025 2921 2071 natura
2960 2020 3212 2074 unionem
3249 2021 3495 2090 possedit

1905 2105 2683 2176 confirmans;proptereaque
2712 2109 3052 2178 proscriptus
3089 2119 3192 2166 est.
3228 2111 3338 2168 Leo
3365 2130 3493 2170 vero

1908 2196 2046 2250 satis
2077 2197 2184 2264 pie,
2240 2207 2295 2251 et
2336 2212 2462 2251 cum
2515 2206 2662 2252 recte
2708 2199 3095 2268 sentientibus,
3139 2217 3267 2257 cum
3325 2204 3492 2272 fame,

1904 2282 2018 2348 siti,
2046 2292 2101 2338 et
2130 2284 2411 2340 laboribus
2434 2286 2777 2356 depugnasse
2807 2289 3088 2346 Christum
3123 2294 3362 2355 humana
3389 2312 3492 2352 na-

1907 2384 2024 2428 tura
2059 2377 2316 2442 asseruit,
2346 2387 2403 2432 at
2434 2380 2699 2434 miracula
2749 2381 2995 2438 eﬂ‘ccisse
3022 2385 3088 2438 de
3121 2386 3306 2442 divina
3341 2400 3494 2458 parte

1906 2467 2294 2536 interpretatus
2343 2478 2448 2525 est.
2498 2469 2710 2526 Similia
2773 2475 3045 2530 catholica
3122 2477 3368 2536 Ecclesia
3423 2482 3492 2538 de

1903 2559 2125 2614 Christo
2156 2577 2255 2616 nos
2310 2561 2491 2624 docet,
2537 2563 2764 2619 humilia
2812 2566 3139 2622 humanitati
3180 2571 3489 2635 ascribens.

1902 2653 2158 2708 sublimia
2195 2654 2385 2708 deitati
2417 2655 2722 2711 vindicans.
2777 2658 2873 2712 Pie
2916 2659 3100 2729 itaque
3144 2659 3254 2717 Leo
3302 2664 3488 2730 sentit,

1904 2746 1981 2798 uti
2013 2745 2450 2800 demonstratum
2474 2757 2583 2812 cst,
2615 2764 2714 2803 nec
2743 2765 2867 2804 cum
2921 2750 3173 2809 Nestorio
3215 2757 3490 2818 convenit.

1902 2838 2027 2891 licet
2059 2853 2088 2890 a
2124 2847 2173 2891 te
2205 2837 2480 2895 innuerim
2508 2839 2574 2895 de
2593 2855 2659 2897 eo
2691 2842 3066 2900 insimuletur.
3101 2845 3157 2902 Id
3201 2849 3249 2903 si
3281 2849 3354 2904 ita
3382 2863 3489 2919 est,

1903 2928 2103 2984 frustra
2133 2940 2426 2998 pra-textus
2462 2933 2715 3000 prastexis
2758 2934 2811 2988 in
2864 2938 3127 3004 peccatis,
3161 2948 3216 2994 et
3242 2950 3488 2995 sanctam

1898 3030 2166 3089 quartam'
2201 3022 2469 3090 synodum
2529 3023 2815 3092 ipsiusque
2849 3026 3080 3096 probam
3129 3031 3487 3086 assertionem

1899 3127 2006 3165 non
2041 3112 2263 3180 recipis,
2304 3128 2469 3180 quam
2506 3113 2596 3168 illa
2640 3115 2708 3170 de
2757 3118 3068 3172 oeconomia
3104 3119 3308 3174 Christi
3347 3138 3486 3191 prae-

1900 3204 2122 3273 scripsit
2157 3224 2168 3258 :
2207 3220 2381 3274 neque
2408 3208 2554 3259 cnim
2605 3222 2771 3260 unum
2804 3203 3084 3263 Christum
3127 3211 3181 3264 in
3212 3213 3322 3267 duo
3349 3215 3488 3269 divi-

200 3296 529 3366 ἁμαρτίαις,
590 3297 685 3351 καὶ
739 3298 838 3352 οὐκ
897 3277 1139 3374 άττοδέγῃ
1172 3277 1275 3370 τὴν
1303 3277 1467 3367 ἁγίαν
1523 3301 1793 3370 τετάρτην

1899 3294 1998 3356 dit,
2033 3303 2084 3346 ct
2124 3309 2153 3346 a
2184 3294 2290 3348 Deo
2315 3297 2714 3372 separationem
2765 3297 3083 3364 introducit,
3130 3311 3187 3355 ut
3219 3311 3272 3356 tn
3302 3315 3488 3372 aperte

200 3386 446 3452 σύνοδον,
474 3389 570 3442 καὶ
598 3389 659 3443 τὸ
687 3391 816 3462 παρ’
845 3393 1014 3462 αὐτῆς
1058 3392 1216 3462 ὀρθὸν
1242 3393 1438 3462 δόγμα,
1483 3392 1542 3444 τὸ
1571 3392 1666 3444 ἐπὶ
1697 3392 1798 3462 τῆς

197 3479 520 3548 οἰκονομίας
551 3481 790 3550 Χριστοῦ
806 3480 1045 3550 ὁρισθὲν.
1073 3483 1152 3536 Οὐ
1170 3483 1279 3552 γὰρ
1309 3483 1400 3536 τὸν
1431 3484 1527 3536 ἐνα
1555 3484 1794 3554 Χριστὸν

200 3573 286 3636 εις
313 3571 408 3625 δύο
435 3572 656 3641 διαιρεῖ,
683 3575 776 3626 καὶ
800 3575 1081 3644 χωρισμὸν
1105 3575 1221 3629 ἀπὸ
1262 3575 1400 3630 Θεοῦ
1439 3578 1680 3647 ἐμποιεῖ,
1720 3577 1798 3642 ὼς

200 3663 268 3717 σὺ
315 3665 572 3736 φανερῶς
594 3665 878 3738 διαψεύδῃ,
921 3667 1122 3736 μᾶλλον
1151 3669 1250 3738 μὲν
1276 3663 1370 3722 οὖν
1413 3669 1548 3731 ἐνοῖ,
1577 3670 1672 3722 καὶ
1698 3668 1796 3738 βα-

201 3755 410 3818 σιλείας
440 3757 690 3827 οὐρανῶν
744 3759 1006 3828 πρόξενον
1033 3757 1128 3811 τόν
1150 3759 1354 3830 ταύτην
1376 3760 1628 3829 ἀσμένως
1649 3761 1786 3814 ἁπο-

1901 3387 2179 3450 mentiris;
2215 3387 2464 3455 quininio
2491 3387 2672 3456 potius
2722 3390 2861 3454 unjt,
2919 3390 3294 3463 hospitetnque
3337 3399 3484 3466 regni

1899 3479 2184 3543 canorum,
2235 3479 2327 3548 qui
2403 3496 2522 3533 eam
2607 3480 2838 3536 libenter
2913 3479 3281 3554 amplectitur,
3350 3505 3484 3543 con-

1899 3572 2110 3636 stituit;
2135 3574 2182 3624 si
2224 3581 2277 3626 et
2302 3572 2420 3641 ipsa
2450 3580 2598 3626 recte
2651 3576 2894 3630 sentiens
2923 3591 3046 3630 cum
3079 3580 3286 3634 sanctis
3310 3582 3485 3634 tritius-

1897 3666 2123 3736 synodis
2161 3665 2426 3730 decrevit,
2471 3666 2749 3736 probeque
2786 3667 2990 3724 Christi
3030 3673 3347 3744 mysterium
3381 3691 3483 3744 pu-

1895 3757 2139 3812 hlicavit.

197 3849 497 3917 ᾶεκόμενον
527 3848 870 3920 καθίστησιν,
907 3851 1066 3922 εἴπερ
1113 3853 1205 3905 καὶ
1237 3852 1406 3922 αὐτὴν
1478 3853 1827 3922 ὀρθοφρόνως
1868 3850 2008 3920 μετὰ
2070 3850 2180 3902 τῶν
2252 3849 2424 3917 ἁγίων
2480 3852 2650 3924 τριῶν
2700 3851 2930 3906 συνόδων
2988 3853 3312 3926 ἐδογμάτισε
3391 3860 3483 3912 καὶ

195 3947 481 4015 ὲτράνωσε
513 3945 695 4008 καλῶς
717 3946 778 3998 τὸ
811 3947 949 4000 κατὰ
973 3947 1208 4018 Χριστὸν
1247 3952 1570 4019 μυστήριον.

267 4036 361 4091 ια’.
399 4037 554 4090 Ἐπεὶ
605 4038 662 4090 δὲ
712 4039 774 4091 ού
829 4040 988 4110 μόνον
1037 4043 1102 4094 ἐκ
1121 4041 1224 4111 τῆς
1272 4043 1630 4114 παραθέσεως
1678 4043 1788 4096 τῶν

195 4134 452 4202 χρήσεων
503 4130 600 4184 τοῦ
658 4134 1058 4203 ματαιόφρονος
1106 4135 1430 4207 Νεστορίου,
1481 4137 1576 4191 καὶ
1616 4136 1708 4190 τοῦ
1735 4139 1789 4189 ἐν

193 4225 376 4291 ἁγίοις
409 4223 570 4276 πάπα
599 4225 826 4286 Λέοντος
878 4227 1177 4297 ἐπειράθης
1198 4227 1472 4281 διαϐαλεῖν
1501 4230 1598 4300 τὴν
1628 4231 1790 4298 ἁγίαν

191 4318 466 4386 τετάρτην
494 4317 728 4378 σύνοδον,
751 4319 797 4369 εξ
817 4317 912 4369 καὶ
929 4318 1126 4386 όλόγος
1153 4336 1246 4372 σου
1269 4321 1491 4389 γέγονεν
1526 4321 1785 4384 ἀπίθανος

192 4413 287 4464 καὶ
304 4409 410 4462 άσύ
421 4407 646 4478 μὸατος,
677 4408 790 4478 άλλ’
808 4410 842 4478 ἦ
864 4412 956 4463 καὶ
977 4411 1035 4477 ἐξ
1059 4411 1228 4480 αὐτῆς
1246 4412 1342 4482 τῆς
1371 4413 1593 4466 συνόδου
1608 4431 1786 4484 παρα-

193 4503 548 4569 κεκομμένας
587 4499 769 4554 λαϐὼν
800 4502 1010 4572 ῥήσεις,
1041 4500 1120 4553 ἔτι
1143 4518 1204 4567 γε
1241 4501 1346 4572 μὴν
1379 4502 1590 4555 καὶτοῦ
1622 4504 1780 4571 ἁγίου

1967 4036 2057 4089 ll.
2089 4024 2322 4100 Quando
2373 4047 2503 4086 vero
2543 4046 2648 4084 non
2681 4039 2893 4086 tantum
2953 4045 3016 4086 ex
3068 4037 3480 4104 comparatione

1895 4130 2174 4184 dictorum
2218 4125 2577 4180 amentissimi
2614 4123 2881 4189 Nestorii,
2911 4135 2963 4178 et
2997 4127 3168 4180 sancti
3205 4128 3474 4196 pontiﬁcis

1895 4219 2097 4273 Leonis
2130 4226 2361 4271 conatus
2393 4230 2453 4268 es
2488 4223 2734 4267 sanctam
2763 4223 3014 4282 quartam
3047 4219 3314 4286 synodum
3363 4221 3472 4273 cri-

1897 4309 2118 4376 minari,
2145 4307 2399 4378 quamvis
2427 4306 2479 4360 id
2511 4321 2687 4375 neque
2720 4307 3116 4376 probabilibus,
3139 4324 3314 4379 neque
3339 4325 3475 4366 con-

1895 4402 2248 4459 cludentibns
2305 4399 2614 4454 rationibus
2648 4399 2846 4468 egeris,
2885 4401 2978 4454 sed
3009 4416 3075 4455 ex
3104 4402 3274 4471 ipsius
3309 4403 3472 4458 etiam

1897 4493 2093 4565 synodi
2126 4489 2468 4546 obtruncatis
2536 4502 2600 4543 ac
2643 4487 2850 4542 mutilis
2881 4489 3129 4554 assertis,
3183 4505 3392 4544 necnon
3423 4504 3477 4544 ct

194 4592 493 4661 Κυρίλλου,
525 4591 614 4644 διὰ
664 4595 766 4662 τῆς
819 4592 1180 4659 παραθέσεως
1209 4593 1308 4663 τὴν
1345 4594 1648 4664 διαφωνίαν
1691 4597 1781 4648 ἐν-

1899 4587 2065 4642 sancti
2136 4583 2322 4655 Cyrilli
2387 4583 2618 4639 invicem
2685 4581 3016 4650 comparatis
3075 4580 3472 4638 dissensionem

189 4684 477 4749 δείξασθαι
505 4683 688 4752 βούλει
711 4700 725 4715 ο
756 4685 887 4754 φέρε
915 4683 1002 4754 δὴ,
1043 4684 1139 4738 καὶ
1169 4685 1371 4750 ταύτας
1400 4685 1556 4748 αὖθις
1586 4687 1666 4748 είς
1691 4686 1786 4756 μέ-

192 4795 286 4831 σον
318 4777 531 4839 θέντες,
593 4775 656 4828 τὸ
707 4775 999 4844 σύμφωνον
1042 4775 1144 4846 τῆς
1205 4794 1263 4830 τε
1299 4777 1517 4831 συνόδου
1568 4777 1784 4831 καὶτοῦ

192 4871 354 4939 ἁγίου
389 4867 663 4937 Κυρίλλου
698 4869 1010 4938 σαφέστατα
1049 4871 1513 4941 παραστήσωμεν.
1555 4871 1706 4940 Ἔχει
1752 4872 1785 4942 ἡ

193 4963 414 5024 σύνοδος
438 4962 582 5015 κατὰ
604 4961 749 5027 λέξιν
781 4955 904 5025 ὧδε,
937 4961 1012 5024 ὡς
1056 4963 1120 5014 σὺ
1165 4961 1521 5025 ἐπέστειλας·
1566 4964 1612 5015 Γ
1608 4961 1786 5032 βάρει

189 5058 227 5122 ή
275 5053 546 5120 σύνοδος·
580 5053 691 5118 τῆς
721 5055 1132 5120 Χαλκηδόνος,
1181 5055 1271 5108 ὅτι
1327 5057 1438 5108 οὐκ
1478 5055 1786 5122 ἡλλοίωσε

189 5148 311 5202 τῶν
338 5149 588 5217 φύσεων
626 5149 739 5212 τὴν
760 5146 1054 5216 διαφορὰν
1074 5147 1170 5201 διὰ
1200 5145 1309 5214 τῆς
1335 5148 1625 5212 ἐνὼσεως,
1644 5149 1782 5202 ἀλλ’

188 5239 463 5309 ὲρύλαξε
492 5239 559 5291 τό
596 5238 748 5291 ἴδιον
778 5237 888 5306 τῆς
916 5237 1178 5291 ἑκάστου
1203 5239 1460 5306 φύσεως.
1498 5240 1721 5307 Γράφει
1752 5243 1783 5293 ὁ

189 5334 358 5401 ἅγιος
386 5333 688 5398 litus-aloe
741 5331 809 5382 ἐν
834 5329 905 5398 τῇ
934 5330 1131 5399 πρώτη
1180 5329 1473 5398 ἐπιστολῇ
1520 5330 1592 5398 τῇ
1633 5333 1783 5399 πρὸς

191 5424 547 5478 Σσύκενσον
571 5437 585 5451 ’
621 5423 772 5476 Ἕνα
798 5425 1055 5491 λέγομεν
1086 5423 1241 5487 Υὶὸν,
1286 5424 1368 5488 ὡς
1395 5424 1489 5477 καὶ
1517 5426 1570 5477 οἱ
1599 5425 1784 5478 Hare-

183 5535 290 5586 ρες
317 5516 662 5583 ἐλάλησαν,
677 5518 827 5585 μίαν
849 5519 1038 5585 φύσιν
1050 5517 1153 5572 τοῦ
1173 5517 1320 5572 Θεοῦ
1339 5519 1533 5588 Λόγου
1556 5534 1778 5586 σεσαρι

191 5609 490 5680 κωμένην.
530 5610 720 5661 Ποίαν
739 5604 854 5664 οὖν
875 5612 1195 5663 κοινωνίαν
1218 5610 1340 5680 ἔχει
1360 5612 1397 5678 ἠ
1415 5609 1523 5678 τῆς
1546 5613 1782 5678 Χαλκη-

190 5703 372 5766 δόνος
423 5699 690 5766 σύνοδος
735 5703 884 5770 μετὰ
926 5701 1030 5754 τοῦ
1059 5701 1232 5769 ἁγίου
1272 5703 1619 5770 Κυρίλλου;
1653 5703 1781 5756 ’Ὁτι

188 5793 425 5860 ἐκεῖνος
453 5793 564 5862 μὲν
591 5795 737 5860 μίαν
768 5795 956 5861 φύσιν
983 5793 1213 5860 ἐνὼσας
1242 5795 1309 5848 ἐκ
1351 5796 1478 5862 δύο,
1513 5796 1782 5863 Aldinae

189 5893 340 5941 κατά
369 5889 484 5956 τὴν
541 5888 720 5953 ἁγίαν
776 5886 1043 5940 σύνοδον
1073 5890 1183 5956 τὴν
1236 5890 1304 5942 ἐν
1351 5888 1608 5958 Ἐενεέσρν
1642 5891 1674 5958 ἠ
1714 5889 1781 5941 δὲ

395 5986 685 6045 ιἈτιιυι.
736 5983 830 6042 tiu
878 5983 1002 6042 ω’.

1893 4679 2185 4734 ostendere
2217 4675 2524 4740 contendis,
2567 4689 2667 4745 age
2720 4672 2858 4744 ipsis
2906 4673 2960 4727 iu
3003 4673 3242 4727 medium
3276 4673 3472 4743 positis

1889 4782 1942 4828 et
1966 4770 2314 4834 examinatis,
2354 4767 2548 4839 synodi
2607 4768 2892 4834 sanctique
2923 4766 3110 4838 Cyrilli
3147 4772 3468 4827 consensio-

1893 4882 2012 4920 nem
2067 4879 2232 4934 quam
2285 4860 2725 4930 campertissime
2796 4860 3239 4929 comprobemus.
3291 4861 3465 4917 Verba

1891 4961 2005 5029 ipsa
2037 4955 2229 5028 synodi
2267 4964 2395 5010 sunt
2422 4996 2435 5019 ,
2468 4965 2522 5006 ut
2561 4955 2672 5022 ipse
2721 4951 2927 5021 scripto
2977 4960 3071 5006 tuo
3098 4951 3417 5022 signiﬁcasti
3454 4973 3465 5006 :

1893 5051 2088 5106 Scribit
2144 5045 2580 5102 Chalcedonensis
2644 5043 2878 5110 synodus
2914 5059 2932 5096 :
2988 5042 3111 5097 Non
3169 5045 3468 5098 inmutauit

1891 5155 2207 5197 naturarum
2248 5140 2604 5208 di/ferentiam
2641 5154 2733 5206 per
2763 5138 3027 5200 unionem,
3078 5137 3169 5190 sed
3195 5138 3466 5208 proprium

1893 5237 2303 5306 uniuscujusque
2352 5243 2558 5285 natat-ce
2603 5230 2945 5284 conservavit.
3001 5229 3196 5284 Scribit
3248 5243 3466 5284 sanctus

1889 5330 2123 5400 (.‘yrillus
2146 5330 2314 5392 prima
2340 5328 2406 5379 ad
2422 5325 2710 5380 Sucensum
2732 5323 2958 5394 epistola
2988 5339 3005 5377 :
3034 5321 3206 5378 Unum
3237 5323 3468 5377 dicimus

1889 5421 2110 5487 Filium,
2163 5418 2602 5491 quemadmodum
2633 5427 2681 5471 et
2720 5416 2908 5471 Patres
2933 5415 3096 5470 locuti
3129 5425 3272 5478 sunt,
3302 5431 3462 5469 unam

1887 5525 2136 5567 naturam
2181 5513 2272 5566 Dei
2312 5509 2463 5565 Verbi
2489 5512 2839 5564 incarnatam.
2868 5507 3007 5574 Quid
3039 5509 3218 5578 itaque
3244 5507 3464 5563 Chalce-

1885 5609 2101 5661 donensi
2120 5606 2318 5676 synodo
2336 5612 2650 5656 rumsancto
2668 5600 2867 5672 Cyrillo
2897 5616 3170 5654 commune
3214 5600 3334 5654 est?
3365 5599 3465 5654 Ille

1886 5718 2043 5753 iurant
2091 5709 2334 5751 naturam
2363 5697 2547 5749 uniens
2586 5710 2649 5748 ea:
2686 5692 2889 5746 duabus
2912 5691 3196 5746 secundum
3221 5703 3464 5746 sanctam

1885 5796 2144 5866 synodum
2183 5791 2502 5862 Ephesinant
2535 5790 2741 5843 locutus
2775 5797 2892 5850 est;
2930 5796 2986 5840 at
3019 5785 3460 5841 Chalcedonensis

1884 5889 2116 5958 synmlus
2154 5903 2217 5939 ex
2241 5885 2446 5938 (Ιιιιιίηιι
2483 5883 2689 5936 naturis
2718 5881 2978 5951 separatis
3011 5877 3458 5945 enuntiaritJlis,

2983 5975 3061 6036 20
