4194 6432
257 449 357 517 621

1106 438 1541 504 REFUTATIO
1580 437 1961 499 EPISTOL/E
2000 438 2229 498 REGIS
2272 440 2658 500 ARMENIJE.

3412 442 3518 514 622

247 568 592 636 καλαμίνην
621 566 845 635 ῥάϐδον
866 563 1102 629 ἑαυτοῖς
1134 562 1677 629 ὐποστηρίσαντες.
1695 559 1823 612 Ἰδοὺ

1936 568 2180 624 rentem;
2214 569 2271 612 ιιι
2303 560 2374 614 sit
2401 578 2502 615 una
2531 561 2691 617 Verbi
2728 573 2943 631 natura,
2968 577 3023 623 et
3092 579 3293 627 nostra:
3328 587 3523 628 essen"

248 659 441 711 σκόπει
468 658 531 710 τὸ
556 654 985 727 σεσαρκωμένην
1024 656 1103 718 εἰς
1134 653 1368 723 δήλωσιν
1407 652 1505 721 τῆς
1539 654 1659 706 καθ’
1686 650 1831 720 ἡμᾶς

244 751 435 812 cisia;
493 747 908 819 εἰσκεκομίσθαι
956 747 1183 816 λέγοντα
1225 746 1317 799 τὸν
1363 745 1703 807 διδάσκαλον,
1756 742 1828 806 ὡς

245 839 387 896 εἶναι
418 842 517 912 τὴν
548 840 676 909 μίαν
705 839 798 894 τοῦ
838 841 1012 909 Λόγου
1061 839 1224 906 φύσιν
1268 840 1361 892 καὶ
1411 837 1511 907 τῆς
1543 836 1664 889 καθ’
1686 837 1832 905 ἡμᾶς

244 936 435 1000 οὐσίας
464 937 560 1006 τὴν
587 934 840 1005 δήλωσιν,
873 934 964 988 διὰ
1018 934 1101 998 τὸ,
1142 932 1586 1003 σεσαρκωμένην,
1613 929 1704 982 δύο
1727 929 1830 998 φύ-

247 1045 387 1080 σεων
446 1026 698 1097 θεότητος
769 1029 881 1080 καὶ¹
926 1025 1347 1096 ἀνθρωπότητος
1400 1022 1828 1095 παραστατικόν.

246 1124 352 1174 Καὶ
382 1123 501 1192 μετ’
537 1122 694 1191 ὀλίγα
721 1124 779 1173 ὲν
807 1123 873 1190 τῇ
901 1121 1038 1189 αὐτῇ
1075 1118 1370 1185 ἐπιστολῇ·
1416 1116 1725 1184 Ὀρθότατα
1764 1114 1832 1166 δὲ

244 1213 343 1266 καὶ
381 1212 547 1267 πάνυ
577 1210 852 1277 συνετῶς
877 1210 915 1278 ἡ
945 1212 1028 1276 σὴ
1083 1209 1386 1274 τελειότης
1412 1207 1518 1260 τὸν
1560 1206 1693 1273 περὶ
1724 1203 1832 1258 τοῦ

242 1306 547 1372 σωτηρίου
600 1302 827 1370 πάθους
874 1303 1167 1357 ἐκτίθεται
1230 1302 1437 1370 λόγον,
1502 1301 1613 1353 οὐκ
1647 1297 1834 1351 αὐτὸν

238 1394 543 1466 μονογενῆ
605 1397 739 1449 Υίόγ
782 1395 888 1449 τοῦ
934 1393 1105 1458 Θεοῦ,
1136 1393 1282 1447 καθὸ
1321 1392 1552 1447 νοεῖται
1579 1390 1674 1444 καὶ
1700 1390 1833 1444 ἔστι

245 1487 418 1552 Θεὸς,
464 1486 677 1539 παθεῖν
718 1488 805 1551 εἰς
837 1485 998 1537 ἰδίαν
1027 1485 1216 1553 φύσιν
1261 1484 1331 1537 τὰ
1356 1483 1630 1550 σώματος
1657 1483 1830 1549 ίονχυ-

240 1578 546 1648 ριζομένη,
588 1578 802 1633 παθεῖν
827 1577 896 1631 δὲ
926 1576 1170 1646 μᾶλλον
1203 1577 1276 1644 τῆ
1310 1573 1487 1644 χοῖκῇ
1510 1574 1709 1643 φύσει.
1738 1574 1840 1627 Δεῖ

240 1672 355 1738 γὰρ
414 1670 660 1735 πάντως
707 1671 1009 1739 ἀμφότερα
1060 1669 1347 1729 σώζεσθαι
1394 1667 1463 1721 ἐν
1506 1665 1584 1731 τῷ
1615 1666 1704 1720 ἐνὶ
1731 1667 1831 1720 καὶ

241 1763 395 1818 κατὰ
443 1762 735 1828 ἀλήθειαν
766 1761 895 1827 Υίῷ,
927 1763 993 1816 τὸ
1032 1763 1121 1831 μὴ
1178 1761 1442 1829 πάσχειν
1472 1759 1700 1825 θεῖκῶς,
1733 1758 1832 1812 καὶ

240 1856 307 1908 τὸ
355 1855 647 1924 λέγεσθαι
704 1854 916 1909 παθεῖν
966 1856 1386 1923 ἀνθρωπίνως·
1436 1854 1475 1920 ὴ
1507 1853 1694 1910 αὑτοῦ
1719 1851 1831 1922 γὰρ

240 1947 516 2001 πέπονθε
574 1946 752 2014 σάρξ.
783 1947 981 1999 Σκόπει
1029 1946 1146 2009 πῶς
1177 1946 1335 2014 φύσιν
1370 1946 1518 1999 ὑείαν
1565 1942 1688 1998 εἶπε
1737 1945 1829 1997 καὶ
1862 1917 1905 1976 Β

240 2042 403 2106 ςύσιν
438 2041 632 2110 χοῖκὴν
670 2042 727 2092 ἐν
776 2040 854 2107 τῷ
891 2039 973 2092 ἑνὶ
1004 2037 1224 2109 Χριστῷ
1266 2037 1537 2101 σώζεσθαι
1567 2035 1661 2090 καὶ
1692 2035 1832 2106 μετὰ

238 2133 334 2201 τὴν
359 2132 577 2193 ἕνωσιν,
613 2131 717 2184 κᾶν
747 2132 810 2183 σὺ
841 2132 1179 2201 άγανακτῇς,
1206 2130 1297 2184 καὶ
1322 2130 1381 2183 οὐ
1416 2130 1706 2198 συγχωρῇς
1735 2127 1830 2197 φύ-

242 2242 329 2277 σιν
395 2224 551 2277 θείαν
604 2223 698 2275 καὶ
773 2222 936 2291 φύσιν
997 2223 1185 2293 χοῖκὴν
1256 2221 1349 2274 δύο
1417 2220 1607 2288 φυσεις
1669 2214 1828 2272 εῖναι.

239 2319 349 2373 Καὶ
388 2318 554 2373 πάλιν
603 2315 838 2386 ἀλλαχοῦ
891 2314 1123 2369 ἄκουσον
1157 2311 1424 2382 Κυρίλλου
1470 2313 1534 2364 ὲκ
1564 2310 1656 2363 τοῦ
1690 2312 1823 2378 περὶ

239 2412 473 2480 Τριάδος
499 2410 660 2476 λόγου
687 2425 699 2436 ·
744 2408 951 2461 Διττὸι·
1003 2408 1110 2460 τίιγ
1163 2406 1255 2474 ἐφ’
1296 2401 1407 2469 Υίῷ
1428 2404 1616 2471 λόγον
1654 2405 1686 2455 ό
1725 2415 1831 2453 σο·

237 2504 509 2572 φώτατος
543 2495 801 2568 Παῦλος,
831 2500 1070 2568 μᾶλλον
1097 2499 1164 2552 δὲ
1184 2500 1427 2568 σύμπας
1455 2500 1486 2551 ό
1505 2496 1622 2549 τῶν
1647 2496 1832 2565 ἁγίων

242 2597 418 2662 χορὸς
481 2593 784 2664 ἐγνώκασι
844 2611 910 2646 τε
986 2591 1084 2645 καὶ
1126 2588 1529 2660 εἰσκομίζοινσι
1580 2587 1732 2657 μετὰ
1764 2587 1829 2641 τὸ

236 2688 536 2756 ἐνωθῆναι
576 2688 779 2756 σαρκί.
802 2682 949 2755 Ἀρά
986 2702 1049 2753 γε
1082 2686 1173 2737 τὸν
1200 2683 1376 2737 διττὸν
1409 2683 1496 2751 ἐφ’
1526 2680 1637 2751 Υίῷ
1674 2681 1831 2749 λόγον

238 2782 379 2833 κατὰ
409 2783 512 2850 τὴν
546 2780 847 2833 ὑπόστασιν
891 2777 995 2848 φὴς
1034 2777 1339 2846 εἰρηκέναι,
1366 2774 1399 2845 ἢ
1431 2775 1573 2829 κατὰ
1603 2774 1701 2845 τὴν
1729 2773 1831 2841 φύ-

238 2889 357 2940 σιν;
395 2873 462 2926 Εἰ
500 2872 600 2941 μὲν
630 2873 769 2924 κατὰ
802 2870 898 2941 τὴν
932 2870 1255 2933 ὑπόστασιν,
1286 2867 1394 2920 ἰδοὺ
1434 2866 1607 2919 τὸτοῦ
1632 2865 1829 2918 Necno-

239 2966 358 3035 ρίου
393 2966 677 3036 φρόνημα,
724 2967 861 3033 ὅπερ
914 2963 1062 3015 ἐστὶν
1120 2960 1339 3023 ἀσεϐές.
1367 2961 1427 3013 El
1468 2959 1523 3013 δὲ
1563 2957 1703 3011 κατὰ
1731 2957 1828 3027 τὴν

239 3058 428 3124 φύσιν,
473 3058 755 3126 σύμφημι,
792 3058 873 3109 ὅτι
901 3056 994 3108 καὶ
1024 3053 1289 3123 Κύριλλος
1317 3046 1420 3107 ὧδε
1458 3052 1741 3121 συμτωνεῖ
1761 3052 1825 3137 τεῇ

237 3148 371 3217 ἁγίᾳ.
416 3148 659 3216 τετάρτῃ
720 3144 946 3213 συνόδῳ,
994 3143 1088 3197 δύο
1123 3143 1313 3210 φύσεις
1348 3143 1438 3195 ἐπὶ
1490 3138 1727 3209 Χριστοῦ
1755 3140 1830 3191 εἱ-

236 3240 439 3309 πούσῃ.
474 3238 587 3291 Καὶ
625 3237 813 3307 σχεδὸν
842 3240 901 3291 ὲν
931 3237 1065 3289 πᾶσι
1090 3237 1202 3300 τοῖς
1233 3235 1327 3287 τοῦ
1351 3233 1507 3301 ἁγίου
1542 3231 1827 3300 συγγράμ-

1937 649 2024 703 tia:
2054 650 2424 706 tnanil‘estatio
2470 668 2568 721 per
2634 656 2765 711 illud
2808 655 3168 727 incantatam,
3201 664 3348 733 quod
3383 664 3520 718 duas

1934 752 2179 808 naturas,
2211 743 2432 799 deitatis
2476 746 2640 817 atqtie
2683 749 3066 815 humanitatis,
3099 757 3417 812 constituat.
3455 756 3522 812 Et

1932 836 2123 904 paucis
2173 836 2478 907 interiectis
2522 839 2577 894 in
2631 842 2819 898 eadem
2875 844 3106 915 epistola
3166 848 3520 906 :Rectissime

1933 941 2075 991 vero,
2115 938 2163 981 et
2207 931 2339 984 satis
2368 932 2497 985 scite
2518 940 2629 986 .tua
2685 936 2935 1004 perfectio
2964 938 3222 993 salutaris
3248 944 3513 1010 passionis

1936 1018 2193 1072 rationem
2225 1022 2462 1088 exponit,
2497 1039 2601 1077 non
2630 1023 2801 1093 ipsum
2834 1028 3160 1097 unigenitum
3190 1030 3287 1085 Dei
3315 1027 3522 1085 Filium

1935 1110 2225 1163 secundum
2288 1113 2428 1182 quod
2496 1115 2817 1187 intelligitur
2870 1126 2920 1172 et
2968 1130 3046 1174 est
3098 1122 3260 1186 Deus,
3304 1139 3521 1192 passum

1936 1198 2100 1267 fuisse
2122 1200 2176 1253 in
2207 1204 2427 1270 propria
2458 1216 2675 1268 natura,
2714 1210 2804 1260 sed
2837 1210 2892 1262 in
2924 1218 3134 1265 terrena
3181 1215 3517 1269 contendens.

1938 1290 2163 1345 Omnino
2189 1294 2329 1345 enim
2360 1302 2581 1365 utraque
2636 1300 2998 1355 conservanda
3045 1312 3171 1355 sunt
3220 1307 3272 1356 in
3321 1320 3424 1356 uno
3464 1314 3518 1360 et

1935 1401 2046 1437 vere
2077 1382 2243 1450 Filio,
2296 1402 2396 1439 non
2431 1387 2545 1455 pati
2602 1391 2886 1445 secundum
2921 1395 3272 1461 divinitatem,
3328 1411 3377 1450 et
3407 1399 3520 1467 pati

1933 1477 2224 1530 secundant
2262 1478 2692 1537 humanitatem:
2727 1482 2874 1535 illius
2897 1487 3034 1538 enim
3076 1503 3199 1541 caro
3222 1505 3382 1557 passa
3417 1502 3515 1542 est.

1934 1566 2199 1623 Naturam
2231 1570 2495 1638 divinam,
2529 1584 2587 1628 ut
2618 1574 2789 1638 vides,
2814 1576 2954 1630 dixit
2977 1585 3029 1632 et
3058 1589 3308 1635 naturam
3344 1591 3519 1637 terre-

1936 1676 2061 1714 nam
2115 1661 2168 1714 in‘
2205 1678 2313 1719 uno
2363 1664 2582 1719 Christo
2622 1669 2942 1723 conservari
2988 1650 3151 1725 etiam
3192 1682 3312 1741 post
3357 1676 3517 1731 unio-

1937 1768 2082 1816 nem,
2114 1754 2240 1808 licet
2292 1762 2349 1808 tu
2384 1757 2434 1810 id
2469 1772 2610 1827 a'gre
2650 1757 2815 1825 fetas,
2854 1775 3028 1830 neque
3055 1762 3325 1818 concedas
3358 1775 3518 1820 natu-

1937 1860 2049 1897 ram
2081 1845 2321 1901 divinam
2371 1857 2424 1902 et
2449 1858 2698 1904 naturam
2735 1860 3003 1922 terrenam
3035 1853 3173 1908 duas
3200 1870 3323 1910 esse
3354 1866 3518 1911 natu~

1933 1949 2041 1989 ras.
2081 1935 2140 1990 Et
2174 1952 2391 1992 rursum
2434 1940 2540 1995 alio
2574 1940 2627 1993 in
2665 1941 2804 2005 loco,
2838 1943 2963 1997 audi
2990 1944 3250 2015 Cyrillum
3280 1960 3347 2003 ex
3385 1963 3514 2003 ora-

1934 2028 2085 2083 tione
2145 2029 2210 2082 de
2268 2028 2581 2085 Trinitatc:
2625 2030 2900 2099 Duplicem
2954 2035 3019 2089 de
3061 2035 3205 2090 Filio
3247 2040 3509 2092 rationem

1931 2119 2357 2186 sapientissimus
2417 2118 2646 2187 Paulus,
2708 2123 2813 2175 imo
2875 2125 3149 2178 universus
3209 2136 3516 2181 sanctorum

1931 2220 2092 2263 cmtus
2150 2201 2469 2280 agnoverunt
2535 2222 2584 2268 et
2641 2216 2858 2270 tradunt
2916 2226 3034 2285 post
3095 2219 3339 2273 unionem
3395 2238 3515 2275 cum

1931 2318 2107 2357 carne.
2129 2304 2480 2372 Duplicemne
2514 2306 2606 2361 ille
2636 2307 2703 2362 de
2724 2307 2861 2386 Filio
2897 2310 3164 2365 rationem
3202 2315 3508 2370 secundum

1935 2393 2272 2464 hypostasim
2309 2397 2511 2465 posuit,
2547 2413 2615 2452 an
2658 2400 2959 2454 secundum
2994 2401 3279 2457 naturam?
3334 2404 3390 2460 Si
3422 2422 3513 2461 se-

1932 2484 2171 2537 cundum
2194 2483 2553 2553 Itypostasim,
2588 2487 2818 2543 Nestorii
2846 2490 3098 2547 hrcresim
3126 2494 3332 2558 lirmas,
3367 2494 3514 2564 quod

1934 2575 2159 2644 impium
2195 2587 2317 2635 cst:
2377 2579 2422 2632 si
2473 2581 2773 2635 secundum
2818 2591 3090 2648 naturam,
3150 2594 3205 2641 et
3264 2595 3393 2641 tunc
3426 2588 3514 2644 aio

1931 2666 2193 2738 Cyrillum
2227 2671 2388 2723 etiam
2423 2671 2527 2725 hoc
2558 2670 2681 2726 loco
2716 2688 2840 2727 cum
2870 2684 3057 2729 sancta
3086 2689 3281 2746 quarta
3307 2681 3516 2752 synodo

1931 2759 2286 2827 concordare,
2316 2777 2438 2831 qua:
2464 2762 2602 2818 duas
2630 2764 2684 2817 in
2737 2765 2955 2822 Christo
2986 2780 3208 2826 naturas
3239 2773 3427 2837 edixit,
3458 2781 3515 2829 ot

1934 2852 2046 2908 fere
2072 2854 2324 2909 eumdem
2386 2855 2438 2908 in
2466 2857 2722 2912 omnibus
2751 2858 2869 2913 suis
2892 2863 3305 2917 commentariis
3333 2864 3512 2919 offen-

1933 2945 2051 3011 des,
2095 2946 2367 3015 duplicem
2417 2947 2698 3003 Christum
2734 2962 3066 3007 asserentem
3098 2962 3219 3023 post
3248 2954 3512 3012 unionem

1932 3038 2230 3093 secundum
2291 3050 2567 3095 naturam.
2612 3042 2853 3098 Accedat
2899 3044 3261 3104 nihilominus
3317 3063 3512 3105 rursus

1932 3131 2237 3202 Gregorius
2260 3134 2312 3187 in
2342 3134 2506 3188 rebus
2536 3134 2861 3207 theologicis
2916 3140 3217 3196 tractandis
3276 3142 3512 3211 percele-

1936 3224 2070 3287 bris,
2105 3226 2357 3280 oratione
2383 3226 2449 3280 de
2476 3225 2639 3291 Filio,
2667 3238 2871 3285 sanctae
2907 3241 3118 3301 quarta:
3147 3235 3355 3304 synodo
3374 3250 3507 3291 con-

266 3289 303 3292 η
358 3289 438 3309 ~..-
476 3289 520 3291 ν-
660 3289 692 3307 ,ι
850 3289 862 3291 τ
1182 3289 1200 3300 .
1399 3289 1410 3301 .
1762 3289 1773 3300 .

236 3347 402 3405 μασιν
454 3329 610 3399 εὖροι
665 3331 730 3383 ἄν
786 3346 869 3390 τις
921 3330 1105 3392 αὑτὸν,
1169 3325 1392 3381 διπλοῦν
1438 3325 1669 3391 λέγοντα
1732 3326 1823 3376 τὸν

1932 3316 2125 3370 formis
2179 3319 2425 3373 scribens
2456 3338 2467 3370 :
2498 3319 2637 3375 Deus
2685 3338 2803 3376 vero
2833 3323 3037 3378 dicetur
3067 3343 3170 3380 non
3212 3325 3386 3393 Verbi,
3414 3330 3505 3385 sed

233 3423 475 3492 Χριστὸν
533 3423 673 3490 μετὰ
722 3421 820 3491 τὴν
867 3421 1061 3474 ἕνωσιν
1113 3420 1255 3472 κατὰ
1310 3419 1495 3488 φύσιν.
1545 3417 1688 3487 Πλὴν
1712 3418 1825 3468 είσ-

233 3512 457 3583 αχῦήτω
486 3511 641 3575 αὖθις
665 3512 964 3581 Γρηγὸριος
985 3512 1014 3563 ό
1045 3511 1213 3581 ὲπὶτῇ
1238 3508 1485 3580 θεολογίᾳ
1499 3524 1565 3560 πε
1574 3506 1824 3577 ριϐόητος

233 3607 294 3654 ἐν
324 3603 403 3672 τῷ
425 3605 556 3672 περὶ
580 3603 710 3655 Υἱοῦ
740 3604 882 3671 λόγῳ
916 3603 1125 3673 συνῳδὰ
1166 3604 1232 3673 τῇ
1274 3600 1406 3670 ἁγίᾳ
1433 3600 1667 3670 τετάρτῃ
1702 3615 1823 3651 συνο

232 3695 339 3765 ὁδῳ
368 3696 602 3763 φάσκων
636 3708 649 3721 ·
688 3696 829 3760 Θεὸς
851 3693 902 3746 δ’
934 3694 1010 3747 ἂν
1032 3693 1288 3761 λέγοιτο,
1330 3695 1417 3749 οὺ.
1454 3691 1559 3746 τοῦ
1601 3692 1819 3758 Λόγου,

230 3786 340 3841 τοῦ
371 3786 674 3854 ὁρωμένου
697 3786 784 3838 δέ.
812 3785 941 3850 Πῶς
964 3785 1072 3854 γὰρ
1085 3783 1160 3839 ἂν
1182 3786 1276 3852 εἴη
1301 3784 1408 3839 τοῦ
1437 3784 1649 3851 κυρίως
1673 3782 1821 3836 Θεοῦ

235 3880 402 3943 θεὸς,
458 3877 663 3945 ὥσπερ
701 3880 796 3932 καί
842 3879 1065 3946 Πατὴρ,
1107 3881 1181 3932 οὺ
1231 3878 1336 3933 τοῦ
1366 3878 1685 3947 ὁρωμένου,
1714 3880 1820 3935 τοῦ

230 3972 432 4037 Λόγου
464 3968 568 4030 es;
601 3968 835 4036 Καὶγὰρ
865 3964 945 4038 ἦν
972 3968 1253 4034 διπλοῦς,
1288 3968 1443 4022 ὥστε
1463 3968 1529 4023 τὸ
1549 3968 1668 4039 μὲν
1706 3988 1813 4025 κυ-

221 4062 371 4128 ρίως
391 4059 486 4113 ἐπ’
511 4059 753 4128 ἀμφοῖν,
779 4060 842 4112 τὸ
878 4060 946 4112 δὲ
974 4061 1046 4114 οὐ
1096 4061 1335 4128 κυρίως.
1372 4060 1478 4113 Τοῦ
1536 4061 1704 4114 αὑτοῦ
1755 4063 1819 4115 ὲκ

226 4153 327 4205 τοῦ
359 4154 441 4215 εἰς
474 4154 543 4204 τὰ
568 4152 857 4204 Γενέολια·
899 4152 1237 4218 Ἀπεστάλη
1273 4151 1391 4220 μὲν
1414 4154 1546 4222 γὰρ,
1571 4154 1705 4207 ἀλλ’
1737 4155 1817 4220 ὠς

226 4247 545 4313 ἄνθρωπος
576 4259 590 4274 ο
644 4241 900 4308 διπλοῦς
952 4242 1062 4313 γὰρ
1093 4243 1193 4311 ἦν.
1230 4242 1553 4314 Εἰσαχθήτω
1592 4245 1687 4298 καὶ
1721 4246 1815 4299 τοῦ

243 4335 581 4405 ’Λμὸροσίου
627 4333 973 4387 Μεδιολάνων
1007 4333 1310 4387 ἐπισκόπου
1340 4335 1475 4406 πρὸς
1521 4335 1816 4407 Γρατιανὸν

230 4428 487 4497 βασιλέα,
537 4426 731 4495 ἥντινα
792 4426 992 4497 χρῆσιν
1041 4428 1322 4498 προήγαγε
1365 4426 1633 4498 Κύριλλος
1662 4430 1721 4481 ὲν
1749 4432 1812 4499 τῇ

229 4520 352 4573 κατ’
386 4520 625 4587 Ἔφεσον
654 4518 856 4587 συνόδῳ
884 4519 1026 4571 κατὰ
1069 4519 1367 4587 Νεστορίου
1392 4537 1405 4550 ο
1446 4521 1815 4592 Φυλὰξωμεν

1929 3408 2095 3471 illius,
2140 3411 2230 3478 qui
2273 3412 2639 3480 conspicitur:
2679 3431 2785 3484 qua
2826 3417 2961 3470 enim
3012 3419 3220 3473 ratione
3251 3419 3347 3473 Dei
3381 3439 3506 3491 pro-

1925 3501 2038 3569 prie
2069 3500 2210 3554 Deus
2241 3503 2421 3572 fuerit,
2445 3507 2888 3574 quemadmodum
2919 3518 2969 3562 et
3006 3508 3191 3573 Pater,
3227 3529 3329 3566 non
3355 3512 3504 3568 illius

1924 3592 2013 3659 qui
2044 3593 2388 3659 conspicitur,
2419 3594 2509 3647 sed
2557 3592 2755 3650 Verbi?
2786 3613 3011 3669 namque
3051 3611 3164 3653 crat
3191 3602 3408 3671 duplex,
3444 3615 3502 3657 ut

1925 3684 2021 3736 hoc
2069 3683 2277 3752 quidem
2301 3685 2515 3754 proprie
2555 3687 2617 3740 de
2657 3687 2932 3755 ambobus,
2969 3690 3066 3743 hoc
3103 3708 3221 3745 vero
3247 3709 3351 3747 non
3375 3710 3499 3763 pro-

1922 3776 2050 3843 prie.
2068 3774 2323 3844 Ejusdem
2354 3777 2407 3830 in
2447 3777 2650 3833 Christi
2674 3778 2815 3834 diem
2847 3783 3113 3837 natalem:
3148 3783 3342 3839 Missus
3361 3786 3500 3840 enim

1921 3875 2019 3931 est,
2052 3867 2142 3920 sed
2172 3877 2230 3920 ut
2259 3867 2436 3932 homo,
2473 3869 2668 3938 duplex
2724 3873 2861 3925 enim
2906 3884 3045 3928 erat.
3100 3876 3337 3931 Accedat
3359 3894 3501 3949 quo-

1920 3974 2025 4029 que
2053 3958 2380 4015 Ambrosius
2415 3959 2837 4017 Mediolanensis
2866 3966 3157 4036 episeopus
3182 3970 3250 4022 ad
3283 3967 3498 4027 Gratia-

1919 4066 2051 4106 num
2086 4051 2497 4122 imperatorem,
2542 4053 2703 4125 cujus
2743 4058 2906 4111 verba
2938 4058 3172 4129 Cyrillus
3219 4062 3273 4116 in
3317 4062 3492 4133 Ephe-

1920 4144 2040 4199 sina
2076 4146 2285 4215 synodo
2312 4147 2576 4203 adversus
2602 4146 2913 4205 Nestorium
2943 4153 3235 4221 produxit:
3268 4154 3497 4211 Conser-

1918 4253 2094 4292 vemus
2147 4238 2362 4293 deitatis
2409 4250 2458 4294 et
2519 4243 2697 4296 carnis
2741 4242 3025 4298 discrimen
3049 4262 3067 4299 :
3107 4264 3242 4301 unus
3273 4251 3411 4303 enim
3442 4253 3496 4305 in

1917 4342 2141 4401 utraque
2172 4334 2408 4396 loquitur
2447 4331 2547 4387 Dei
2580 4334 2626 4388 Γ
2629 4336 2774 4401 ilius,
2808 4354 2923 4391 cum
2960 4338 3013 4392 in
3043 4355 3103 4393 eo
3137 4350 3363 4413 utraque
3396 4360 3493 4397 na-

1918 4433 2039 4478 tura
2063 4426 2150 4480 sit.
2190 4427 2257 4479 Et
2280 4426 2392 4481 haec
2419 4428 2638 4497 quidem
2667 4428 2802 4483 satis
2833 4427 3040 4484 fuerint
3063 4430 3128 4485 ad
3154 4433 3493 4501 probandam

1916 4517 2334 4572 consensionem
2368 4524 2575 4571 sancta:
2605 4529 2811 4587 quarta:
2869 4521 3063 4591 synodi
3109 4538 3234 4576 cum
3265 4522 3490 4595 Cyrillo,

224 4612 343 4677 τὴν
370 4608 666 4679 διαφορὰν
691 4609 802 4675 τῆς
848 4609 1127 4677 θεότητος
1160 4611 1256 4663 καὶ
1297 4610 1406 4680 τῆς
1443 4614 1699 4680 σαρκόςε
1728 4613 1814 4680 εἷς

1927 4619 1970 4664 et
2018 4610 2142 4665 aliis
2196 4609 2480 4674 Patribns,
2540 4626 2750 4666 necnon
2807 4622 2861 4667 et
2923 4614 3133 4684 synodo
3191 4613 3489 4685 Ephesina.

224 4707 338 4771 γὰρ
373 4704 445 4755 ἐν
470 4700 722 4767 ἑκατέρᾳ
755 4701 933 4754 λαλεῖ
980 4704 1013 4755 ό
1074 4701 1180 4755 τοῦ
1212 4702 1362 4756 Θεοῦ
1406 4705 1567 4770 Υἱός·
1596 4704 1809 4775 ἐπειδὴ

223 4798 294 4847 ἐν
338 4792 503 4857 αὐτῷ
552 4791 801 4860 ἑκατέρα
848 4793 1035 4861 φύσις
1093 4793 1288 4849 ἐστίν.
1354 4797 1534 4848 Ἱκανὰ
1582 4798 1681 4866 μὲν
1718 4800 1812 4852 καὶ

223 4887 401 4941 ταῦτα
419 4888 770 4955 παραστῆσαι
788 4886 886 4954 τὴν
905 4886 1224 4955 συμφωνίαν
1246 4887 1343 4957 τῆς
1353 4888 1516 4955 ἁγίας
1542 4889 1809 4961 τετάρτης

225 4980 449 5033 awéo‘ou
479 4977 619 5048 μετὰ
668 4977 938 5049 Κυρίλλου
994 4981 1088 5030 καὶ
1140 4978 1247 5031 τῶν
1276 4979 1478 5033 λοιπῶν
1527 4982 1805 5053 Πατέρων,

223 5075 321 5128 καὶ
368 5074 473 5142 τῆς
524 5075 580 5126 ὲν
643 5073 859 5143 Ἰλῖφέσῳ
899 5076 1141 5128 συνόδου.
1188 5075 1296 5128 Καὶ
1337 5076 1387 5129 εί
1430 5078 1621 5148 μήτις
1649 5078 1807 5147 λόγου

221 5169 446 5229 ἔκτασις
472 5164 759 5228 διεκώλυε,
788 5166 927 5234 τάχα
956 5165 1023 5219 ἂν
1046 5166 1270 5231 πολλαῖς
1301 5169 1396 5222 καὶ
1428 5170 1615 5239 σχεδὸν
1634 5172 1807 5225 εἰπεῖν

222 5262 476 5331 ἀπείροις
528 5258 882 5329 μαρτυρίαις,
939 5258 1003 5311 ἐκ
1035 5276 1094 5311 τε
1134 5259 1430 5329 Γραφικῶν
1459 5261 1677 5329 λογίων,
1716 5264 1808 5317 καὶ

223 5351 522 5421 Πατρικῶν
580 5352 1052 5420 συγγραμμάτων,
1113 5351 1210 5404 καὶ
1257 5354 1641 5425 συλλογισμοῖς
1667 5357 1806 5409 ἀπο-

217 5445 517 5500 δεικτικοῖς
543 5444 906 5512 χρησάμενοι,
943 5444 1219 5514 παριστᾷν
1267 5446 1484 5516 εἴχομεν
1515 5446 1613 5513 τῆς
1643 5446 1806 5514 ἁγίας

219 5539 495 5607 τετάρτης
533 5533 755 5587 συνόδου
805 5534 907 5606 τὴν
948 5536 1271 5605 συμφωνίαν
1304 5537 1441 5607 πρὸς
1471 5540 1590 5601 ταῖς
1616 5538 1805 5603 ἄλλαις

216 5627 398 5698 τρισὶν
448 5625 635 5695 ἁγίαις
679 5624 939 5691 συνόδοις,
991 5626 1087 5679 καὶ
1134 5626 1271 5697 πρὸς
1313 5628 1481 5699 αὐτὴν
1521 5629 1799 5700 ἀλήθειαν.

229 5721 384 5772 Ἐπεὶ
416 5718 512 5773 οὖν
544 5721 573 5773 ὁ
601 5719 759 5787 λόγος
788 5717 1031 5788 ἐναργῶς
1072 5719 1222 5771 τουτί
1252 5721 1622 5790 παρέστησεν,
1662 5721 1801 5773 ἀπό·

216 5809 375 5878 στηθι
391 5809 485 5862 τοῦ
507 5810 788 5881 διασύρειν
808 5810 906 5878 τὴν
921 5810 1079 5877 ἁγίαν
1098 5810 1365 5880 τετάρτην
1389 5811 1624 5877 σύνοδον,
1645 5813 1761 5865 sine
1770 5832 1802 5883 ρ

214 5903 315 5970 τὴν
360 5901 554 5954 ἑαυτοῦ
615 5901 829 5969 ἐπισπᾷ
861 5900 1154 5970 σωτηρίαν,
1197 5901 1435 5965 καὶτοὺς
1467 5904 1587 5955 κατ’
1624 5906 1799 5956 ἐκεῖνο

1916 4700 2072 4768 Quod
2116 4702 2162 4756 si
2200 4703 2475 4757 sermonis
2507 4704 2796 4773 prolixitas
2829 4721 2936 4761 non
2984 4707 3316 4776 prohiberet,
3350 4709 3491 4767 forte

1910 4795 2209 4866 plerisque,
2234 4805 2287 4851 et
2315 4795 2426 4850 fere
2460 4796 2787 4864 innumeris,
2816 4808 2875 4854 ut
2907 4800 2977 4854 ita
3010 4800 3213 4865 dicam,
3243 4803 3487 4859 testimo-

1912 4888 2018 4942 niis
2038 4903 2103 4941 ex
2133 4888 2336 4943 divinis
2372 4890 2639 4959 Eloquiis,
2671 4899 2719 4943 ct
2759 4889 2980 4945 Patrum
3004 4892 3261 4962 operibus
3284 4895 3485 4965 petitis,

1913 4994 2122 5034 necnon
2159 4980 2501 5050 gravissimis
2549 4995 2613 5034 ac
2666 4982 2999 5038 ﬁrmissimis
3054 4986 3481 5068 argumentatio-

1911 5072 2072 5127 nibus
2098 5073 2151 5126 in
2184 5074 2422 5128 medium
2448 5073 2627 5128 allatis
2661 5085 2865 5130 sancta:
2897 5085 3107 5146 quarta:
3136 5078 3327 5148 synodi
3359 5095 3482 5133 cum

1909 5166 2032 5219 aliis
2061 5166 2236 5222 tribus
2260 5176 2314 5221 et
2356 5168 2469 5237 ipsa
2499 5168 2725 5222 veritate
2765 5167 3119 5223 concordiam
3156 5173 3483 5240 comproba-

1911 5274 2121 5325 remus;
2150 5260 2244 5313 sed
2277 5275 2399 5313 cum
2447 5260 2622 5314 oratio
2659 5268 2847 5330 aperte
2893 5260 2945 5316 id
2999 5260 3481 5329 dentonstraverit,

1911 5354 2069 5407 tinem
2122 5353 2330 5422 ponito,
2371 5364 2615 5408 sanctam
2679 5364 2933 5423 quartam
2978 5355 3249 5426 synodum
3297 5357 3481 5411 convi-

1908 5446 2112 5509 ciandi,
2170 5446 2215 5499 si
2259 5455 2364 5499 tua:
2397 5455 2449 5500 te
2504 5446 2701 5501 salutis
2747 5445 2989 5501 studium
3025 5454 3190 5513 tenet,
3242 5462 3341 5503 nec
3383 5463 3479 5503 eos

1906 5538 2200 5602 aversaris,
2256 5538 2348 5606 qui
2393 5551 2459 5592 eo
2513 5538 2778 5606 temporis
2829 5521 3113 5591 hominum
3172 5534 3483 5607 frequentia

1907 5627 2259 5697 conspicuam
2287 5628 2431 5682 illam
2460 5628 2731 5699 synodum
2768 5626 2889 5698 cogi
2918 5627 3299 5692 decreverunt,
3322 5634 3377 5682 et
3398 5627 3478 5684 le-

1904 5722 2112 5791 gitime,
2146 5735 2485 5807 quaecunque
2526 5719 2579 5773 in
2614 5735 2678 5773 ea
2720 5729 2839 5773 acta
2869 5729 3033 5785 sunt,
3061 5720 3281 5774 decreto
3308 5721 3474 5775 etiam

1904 5829 2005 5868 suo
2035 5814 2433 5875 stabiliverant,
2470 5811 2826 5879 Marcianum,
2884 5808 3126 5881 inquam,
3160 5824 3214 5867 et
3240 5811 3474 5869 Pulche-

1906 5908 2077 5972 riam,
2129 5906 2221 5973 qni
2273 5920 2620 5975 sntmnopere
2675 5905 3015 5975 maiestatem
3066 5904 3469 5975 imperatoriam
