4194 6432
703 384 809 447 623
1972 371 2265 432 ΝΙΩΕΤιΈ
2295 374 2359 432 Bl

2310 374 2372 432 ΒΥ
2386 374 2697 435 ΖΛΝΤΙΝΙ
3857 377 3966 440 621

706 504 866 549 iectu:
916 492 1033 545 tiilei
1078 490 1332 544 sensibus
1372 497 1677 554 carteraqne
1735 486 1867 538 recti
1900 484 2110 540 ordinis
2154 500 2282 537 con-
2321 495 2362 549 Α

2321 495 2364 549 Α
2405 486 2597 555 καιροῦ
2667 486 2768 557 τὴν
2827 485 3155 556 πολύανδρον
3223 486 3435 557 ἐκείνην
3496 488 3973 558 συναθροισθεῖσαν

706 586 1014 643 servatione
1072 582 1531 637 condecorarunt.
1578 576 1754 631 Tanto
1800 579 1946 633 enim
1993 574 2281 631 Pulelteria

2389 580 2606 632 σύνοδον
2650 578 2893 649 βασιλεῖς
2948 578 3258 650 ὁρίσαντας,
3284 581 3378 632 καὶ
3422 580 3664 650 ἐννόμως
3694 582 3877 636 πάντα
3906 588 3975 635 τα

711 674 1273 730 iinmaculatiSsimam
1302 669 1587 739 Deiparam
1622 666 1848 722 Mariam
1868 711 1881 734 ,
1910 667 2135 721 Matrem
2162 682 2280 720 eam

2388 672 2443 724 ὲν
2491 673 2626 742 αὐτῇ
2684 672 2997 742 πραχθέντα
3050 671 3434 738 κελεύσαντας,
3479 674 3797 745 Μαρκιανόν
3831 693 3975 745 φημι

708 764 920 819 Domini
954 764 1187 818 ﬁdeliter
1226 760 1586 829 compellans,
1624 769 1679 813 ct
1709 760 1799 813 Dei
1842 758 2185 829 genitricem,
2229 766 2285 812 et

2389 765 2483 816 καὶ
2513 763 2870 833 Πουλχερίαν,
2903 764 2953 817 οἳ
2993 764 3244 833 μεγάλως
3288 764 3385 834 τὴν
3419 764 3690 833 βασίλειον
3718 766 3975 829 ἐξουσίαν

706 857 911 928 ingenti
941 857 1044 911 title
1078 868 1364 917 venerans,
1394 854 1544 917 cultu
1574 846 2025 921 prosequebatur,
2052 858 2111 902 ut
2137 859 2286 903 tem-

2390 855 2673 927 ὀρθοδοξία
2705 857 2841 925 μετά
2874 856 2970 909 καὶ
3003 856 3104 925 τῆς
3137 856 3329 927 λοιπῆς
3354 855 3608 922 εὐταξίας
3636 858 3978 928 ἐκόσμησαν.

707 950 891 1018 pta,ct
931 946 1279 1016 p0tissimum
1314 944 1366 996 in
1407 942 1590 1013 regina
1620 942 1722 997 hac
1758 941 1973 995 urbium
2002 940 2107 994 sub
2143 942 2286 993 illius

2390 944 2657 1001 Τοσοῦτον
2702 948 2809 1019 γὰρ
2868 947 3067 1017 περιῆν
3105 949 3166 1001 τὸ
3204 949 3364 1013 σέϐας
3408 951 3471 1021 τῇ
3514 950 3816 1022 Πουλχερίᾳ
3844 952 3980 1021 πρὸς

709 1042 952 1104 nomine,
984 1056 1147 1110 quam
1181 1038 1441 1095 maxima,
1485 1034 2154 1105 pulclierrima,omnique
2195 1049 2286 1087 or-

2391 1034 2489 1107 τὴν
2522 1039 2797 1107 πάναγνον
2831 1041 2925 1092 καὶ
2970 1039 3232 1093 Θεοτόκον
3262 1042 3503 1113 Μαρίαν,
3535 1048 3747 1114 μητέρα
3789 1062 3849 1098 τε
3884 1043 3980 1096 τοῦ

712 1146 841 1187 natu
875 1133 1195 1201 conspicua,
1230 1128 1463 1197 singulis
1488 1127 1814 1196 cognomine
1842 1142 1908 1180 ex
1941 1125 2079 1187 loco,
2102 1127 2154 1178 in
2179 1139 2287 1193 quo

2394 1127 2600 1195 Κυρίου
2656 1129 2865 1199 ταύτην
2910 1129 3114 1193 πιστῶς
3158 1130 3512 1205 ἀποκαλούσῃ
3560 1134 3656 1186 καὶ
3697 1134 3981 1196 Θεοτόκον,

707 1241 986 1284 exstrucm
1039 1237 1188 1289 sunt,
1223 1226 1419 1286 indito,
1454 1222 1876 1277 exaedilieaverit
1910 1236 2005 1292 per
2031 1236 2094 1274 ea
2124 1220 2271 1273 inlen

2395 1220 2486 1271 καὶ
2524 1221 2661 1285 μετᾶ
2692 1220 2933 1285 πίστεως
2978 1224 3178 1294 πολλῆς
3221 1225 3427 1295 ταύτην
3462 1226 3751 1298 σεϐομένῃ,
3785 1227 3862 1290 ὠς
3887 1232 3982 1279 καὶ

710 1340 826 1377 sam
864 1323 985 1375 ﬁdei
1028 1322 1076 1372 in
1110 1318 1704 1379 immaculatissiniam,
1738 1323 1793 1368 ct
1844 1314 2128 1384 Deiparam
2175 1309 2257 1364 Ma

2394 1310 2554 1371 ναοὺς
2592 1310 3009 1381 κατ’ὲξιίρετον
3058 1316 3116 1366 ὲν
3171 1317 3235 1385 τῇ
3278 1314 3638 1389 βασιλευούσῃ
3690 1317 3842 1370 πόλει
3890 1320 3981 1369 ἐπ’

712 1418 848 1468 riam
889 1412 1189 1466 voluntatis
1227 1411 1638 1465 inclinationem
1670 1423 1783 1461 suae
1817 1407 2076 1460 onmibus
2104 1415 2261 1456 osten

2395 1398 2623 1467 ὀνόματι
2649 1402 2746 1471 τῆς
2773 1402 3117 1473 Θεομήτορος
3166 1405 3456 1474 μεγίστους
3491 1407 3585 1458 καὶ
3630 1406 3983 1477 περικαλλεῖς

707 1510 863 1562 dens.
918 1506 1210 1575 Propterea
1266 1502 1511 1570 improbe
1565 1516 1708 1565 eam,
1760 1515 1859 1553 nec
1912 1499 1989 1552 uti
2038 1513 2137 1566 par
2171 1508 2291 1559 est,

2400 1489 2496 1543 καὶ
2547 1493 3057 1565 κατηγλαῖσμένους
3089 1495 3399 1565 δείμασθαι,
3444 1498 3543 1568 τὴν
3569 1499 3889 1569 ἐπωνυμίαν
3919 1501 3985 1550 ἐκ

710 1599 867 1669 quasi
895 1614 1020 1653 cum
1070 1594 1320 1649 Nestorio
1364 1592 1607 1657 sentiret,
1643 1591 1955 1653 insimulas,
1992 1588 2290 1643 dummodo

2392 1580 2498 1633 τῶν
2533 1583 2716 1637 τόπων
2751 1586 3000 1655 ἕκαστον,
3034 1590 3090 1641 ὲν
3138 1582 3183 1657 ᾧ
3211 1589 3580 1660 ᾠκοδόμηντο,
3629 1592 3885 1659 λαϐόντα,
3914 1593 3984 1646 δέ

708 1704 759 1746 et
783 1693 897 1761 ipse
929 1690 1213 1756 Dciparam
1248 1685 1461 1737 Domini
1494 1683 1719 1739 Matrem
1752 1698 2044 1753 agnoscas.

2398 1674 2580 1727 αὐτῶν
2610 1678 2671 1729 τὸ
2705 1678 2907 1748 θερμὸν
2942 1681 3041 1750 τῆς
3101 1679 3338 1743 πίστεως
3366 1683 3533 1753 αὐτῆς
3582 1686 3677 1754 τῆς
3715 1686 3849 1755 πρὸς
3882 1685 3989 1755 τὴν

708 1785 981 1850 πὰναγνον
1012 1781 1107 1831 καὶ¹
1136 1777 1396 1831 Θεοτόκον
1423 1776 1645 1845 Μαρίαν
1675 1778 1838 1827 πᾶσιν
1874 1770 2283 1840 ὲνδεικνυμένη.
2328 1765 2427 1820 Διά
2453 1784 2536 1820 τοι
2569 1767 2745 1833 τοῦτο,
2772 1770 2893 1823 οὐδὲ
2950 1772 3025 1834 ὡς
3074 1772 3142 1826 τὰ
3188 1772 3480 1843 Νεστορίου
3548 1773 3848 1845 φρονοῦσαν
3906 1775 3994 1827 δεῖ

710 1896 767 1930 σε
801 1876 971 1946 αύτὴν
1006 1874 1307 1944 διασύρειν,
1346 1872 1458 1939 εἴγε
1487 1874 1578 1922 καὶ
1608 1870 1769 1932 αὐτὸς
1800 1867 2060 1920 Θεοτόκον
2094 1863 2376 1936 ὁμολογεῖς
2400 1863 2498 1931 τὴν
2527 1862 2619 1915 τοῦ
2644 1864 2851 1933 Κυρίου
2873 1866 3124 1936 Μητέρα,

785 1972 868 2023 l2.
890 1968 1024 2023 Illud
1042 1981 1259 2036 quoque
1289 1965 1340 2017 in
1361 1964 1586 2033 cpistola
1608 1972 1711 2016 ture
1734 1959 2201 2032 magnanimitatis
2222 1960 2299 2009 iu-
2341 1962 2378 2015 Β

2341 1962 2378 2015 Β
2484 1954 2569 2024 ιβ’.
2616 1958 2933 2027 Ἐνεφέρετο
2956 1959 3013 2011 δὲ
3049 1958 3321 2011 καὶτοῦτο
3361 1960 3419 2011 ἐν
3466 1957 3543 2028 τῷ
3574 1959 3860 2029 γράμματι
3886 1958 3993 2027 ei";

710 2063 994 2117 serebatur
1028 2079 1039 2113 :
1070 2058 1241 2112 Multa
1289 2074 1557 2127 possemus
1592 2056 1891 2110 testimonia
1923 2054 1984 2108 de
2024 2069 2106 2119 ea,
2134 2068 2293 2122 quam

2404 2050 2502 2118 σῆς
2535 2050 2909 2118 μεγαλονοίας,
2960 2051 3043 2105 ὅτι
3100 2052 3342 2116 Πολλὰς
3378 2051 3621 2120 εἴχομεν
3660 2057 3997 2120 μαρτυρίας

711 2173 799 2207 nos
819 2156 1127 2217 statuimus,
1146 2169 1251 2205 una
1270 2168 1448 2218 nempe
1467 2150 1662 2203 Christi
1688 2158 1881 2201 natura
1895 2158 2011 2217 post
2039 2148 2288 2199 unionem

2403 2142 2676 2211 περὶτῆς
2702 2144 2838 2212 παρ’
2881 2144 3025 2214 ἡμῖν
3076 2144 3592 2214 δογματιζομένης,
3640 2144 3831 2213 ἤγουν
3878 2146 3997 2211 τῆς

708 2245 963 2297 sententia
981 2243 1288 2311 producere,
1309 2258 1398 2293 nec
1427 2242 1565 2293 οὐρα
1591 2240 1763 2291 aliena
1784 2239 1836 2289 in
1864 2238 2096 2289 medium
2122 2236 2292 2304 affer-

2397 2235 2538 2302 μιᾶς
2568 2237 2806 2304 φύσεως
2840 2237 2949 2290 τοῦ
2982 2236 3241 2304 Χριστοῦ
3274 2238 3424 2305 μετὰ
3454 2238 3566 2304 τὴν
3595 2238 3816 2290 ἕνωσιν
3844 2240 3996 2304 ὀμοσ-

711 2354 765 2389 re
788 2353 804 2388 :
836 2345 1191 2388 verumtamen
1222 2349 1336 2385 cum
1362 2334 1413 2383 in
1440 2343 1541 2383 tum
1578 2330 1878 2382 sanctitatis
1916 2328 2113 2395 scripto
2144 2328 2293 2378 nuli'a

2400 2330 2611 2394 λογϊάς
2653 2332 2978 2397 παριστᾷν,
3032 2331 3126 2382 καί
3171 2329 3371 2383 πολλὰ
3420 2323 3523 2383 ἰοῦ
3566 2330 3787 2397 λέγειν.
3829 2331 3998 2383 ἀλλὰ

713 2434 933 2481 inessent
967 2430 1263 2479 divinorum
1308 2423 1533 2475 Patrum
1568 2422 1891 2485 testimonia,
1920 2436 2083 2490 neque
2115 2436 2207 2473 nos
2233 2436 2294 2471 ea

2399 2420 2494 2473 διὰ
2528 2423 2590 2473 τὸ
2623 2422 2779 2490 μηδὲ
2812 2424 2882 2476 ἐν
2911 2424 2990 2488 τῷ
3042 2424 3331 2494 γράμματι
3381 2422 3493 2491 τῆς
3546 2423 3667 2491 σῆς
3729 2424 3996 2491 ἁγιωσύ-

715 2520 1097 2588 recottegintus.
1134 2517 1239 2570 Nos
1273 2517 1630 2569 nihilominus
1662 2524 1765 2567 tua:
1797 2514 1981 2583 gloria:
2006 2513 2295 2567 c0nsulen-

2398 2532 2510 2578 τηις
2542 2513 2657 2566 τῶν
2674 2518 2977 2583 θεομζοων
2992 2515 3225 2583 ἀνδρῶν
3248 2518 3316 2569 οὺ
3338 2516 3599 2583 περιεῖχε
3627 2516 3994 2584 μαρτυρίας,

713 2627 813 2677 tes,
848 2628 991 2666 nunc
1023 2612 1203 2681 pt‘oiis
1235 2611 1307 2663 ita
1328 2609 1680 2663 enttntiamus
1706 2625 1717 2658 :
1742 2606 1896 2660 Haud
1926 2606 2079 2660 decet
2106 2614 2179 2667 te,
2215 2614 2299 2657 nt-

2400 2604 2542 2659 οὺδὲ
2600 2607 2775 2675 ἡμεῖς
2823 2609 3260 2677 ἐνεγγάψαμεν.
3288 2607 3430 2678 Πλὴν
3463 2606 3554 2659 οῦν
3589 2607 3998 2670 διευθετοῦντες

715 2718 933 2772 cunque
972 2710 1024 2756 et
1062 2712 1120 2754 ut
1144 2700 1359 2753 occasio
1402 2698 1604 2763 tulerit,
1643 2700 1706 2751 de
1751 2696 1852 2750 [ide
1873 2695 2297 2764 etdogmatibns

2400 2700 2495 2769 τὴν
2532 2699 2627 2770 σὴν
2660 2698 2933 2764 εὔκλειαν,
2962 2703 3056 2753 καὶ
3086 2702 3142 2751 ἐν
3169 2700 3380 2763 τούτοις
3399 2700 3566 2753 τανῦν
3594 2700 3845 2768 λέγομεν·
3874 2700 3995 2769 Ούχ

719 2793 1029 2848 testimonia
1059 2790 1278 2844 Patrum
1311 2788 1627 2859 recolligere
1656 2804 1668 2839 :
1704 2787 1782 2840 sic
1818 2786 1964 2841 enim
2000 2796 2051 2839 et
2084 2784 2297 2838 divinos

2400 2792 2611 2859 ἀπλῶς,
2642 2793 2736 2845 καὶ
2788 2793 2860 2855 ὡς
2894 2792 3069 2861 ἔτυχε,
3124 2793 3205 2846 δεῖ
3248 2809 3307 2844 σε
3362 2793 3670 2862 μαρτυρίας
3720 2792 3994 2860 Πατὲρων

717 2889 839 2941 illos
868 2885 1055 2939 Patres
1114 2886 1167 2937 in
1197 2884 1401 2937 crimen
1436 2882 1707 2943 adduces,
1742 2889 1794 2933 et
1838 2879 1933 2931 tibi
1983 2886 2183 2931 sartaui
2223 2888 2303 2929 te-

2406 2886 2534 2955 περὶ
2571 2886 2804 2948 πίστεως
2836 2886 2931 2938 καὶ
2960 2886 3245 2953 δογμάτων
3282 2884 3669 2952 ἀναλέγεσθαι.
3714 2885 3868 2937 Ἐπεὶ
3896 2887 4000 2936 καί

717 2988 859 3030 t-Iam
879 2976 996 3029 tidei
1020 2975 1280 3027 rationem
1305 2988 1412 3025 non
1435 2971 1809 3025 eonservabis.
1841 2968 2005 3022 Multa
2031 2968 2301 3037 siquidem

2403 2977 2527 3039 τοὺς
2557 2977 2736 3038 θείους
2763 2978 3010 3047 ίιατέρας
3051 2978 3359 3046 ἐγκλήματι
3422 2976 3851 3048 περιγράψειας,
3897 2980 3998 3029 καὶ

716 3068 973 3122 l'atribus
1000 3067 1122 3121 sive
1177 3081 1273 3134 per
1327 3065 1727 3132 metaphoram,
1771 3062 1887 3115 sive
1938 3076 2036 3130 per
2064 3060 2306 3128 aequivo-

2407 3068 2463 3119 σε
2497 3068 2655 3137 ἀσινῆ
2687 3069 2764 3131 είς
2792 3070 2881 3121 τὸν
2921 3071 3017 3138 τῆς
3048 3070 3282 3131 πίστεως
3305 3070 3462 3137 λόγον
3482 3071 3543 3122 ού
3574 3069 3993 3138 διατηρήσειας.

717 3162 1010 3225 cntionem,
1037 3160 1150 3213 sive
1172 3173 1268 3227 per
1289 3156 1728 3217 conversionem.
1769 3154 1881 3209 sive
1906 3154 2013 3206 alio
2040 3153 2301 3222 quopiam

2411 3157 2582 3209 Πολλά
2612 3158 2718 3227 γὰρ
2749 3160 2860 3221 τοῖς
2886 3159 3132 3228 lla-cpia:
3157 3161 3293 3229 πρὸς
3311 3160 3673 3228 κατάχρησιν,
3700 3160 3817 3229 ἤτοι
3842 3161 3994 3213 κατᾶ

714 3256 885 3309 modo
930 3252 1210 3307 vocabulis
1257 3249 1607 3304 abutentibus
1656 3246 1927 3301 excidisse
1960 3245 2303 3314 comperien-
2333 3246 2370 3298 C

2342 3246 2373 3298 C
2415 3250 2747 3319 μεταφορὰν,
2808 3249 2840 3319 ἦ
2889 3250 3229 3319 ὁμωνυμίαν,
3262 3250 3293 3319 ἢ
3328 3249 3715 3319 ἀντιστροφὴν,
3749 3250 3779 3319 ἢ
3814 3250 3998 3310 ἄλλως

720 3358 827 3399 tur.
860 3344 1139 3409 Quinimo,
1171 3350 1225 3395 ct
1251 3341 1446 3395 divinae
1474 3339 1711 3401 Littera},
1735 3347 1789 3392 et
1816 3352 1950 3392 usus
1976 3337 2048 3391 ita
2078 3338 2302 3389 nomina

2407 3357 2523 3403 πως
2552 3340 2699 3392 ἔστιν
2733 3341 2911 3412 εὑρεῖν
2938 3340 3218 3407 λέγοντας,
3242 3342 3336 3393 καὶ
3358 3342 3419 3393 ού
3452 3343 3611 3411 μόνον
3643 3342 3819 3403 τουτὶ,
3855 3342 3999 3395 ἀλλὰ

720 3445 1079 3507 μοιιιίιιςιιιιιτ.
1124 3433 1187 3486 Et
1221 3432 1531 3502 conspicito
1565 3430 1699 3484 mihi
1729 3430 1905 3499 ipsum
1945 3428 2161 3483 beatum
2200 3428 2299 3497 (ly-

2406 3435 2500 3487 καὶ⁵
2528 3435 2585 3487 αἱ
2611 3433 2755 3487 θεῖαι
2808 3434 3025 3504 Γραφαὶ
3078 3434 3172 3488 καὶ
3202 3437 3235 3504 ἡ
3270 3434 3529 3503 συνήθεια
3568 3434 3741 3497 οῦτως
3773 3435 3842 3485 τά
3873 3435 3998 3487 όνό-

720 3530 900 3582 ινίιιιιιιι
941 3530 1261 3597 bypostases
1310 3532 1650 3577 naturarum.
1689 3530 1742 3573 ct
1784 3529 2013 3573 naturas
2043 3520 2300 3589 hypostu-

2408 3545 2552 3596 ματα
2607 3529 3072 3597 μεταχειρίζεται.
3118 3529 3227 3581 Κα)⁵
3279 3526 3377 3579 θέα
3419 3546 3507 3597 μοι
3558 3528 3653 3580 καὶ
3703 3528 3869 3581 αὑτὸν
3902 3528 3999 3579 τὸν

721 3640 851 3679 Seun
872 3624 1004 3677 loco
1036 3623 1416 3689 accipientem.
1452 3619 1625 3684 Quale
1670 3617 1800 3669 illud
1832 3624 1915 3669 est
1944 3632 1958 3669 :
1985 3612 2041 3668 Si
2074 3615 2190 3683 quis
2220 3616 2302 3665 di-

2410 3619 2680 3689 μακάριον
2728 3619 2997 3688 Κύριλλον
3060 3618 3162 3681 τὰς
3210 3618 3536 3681 ὑποστάσεις
3570 3619 3690 3671 ἀντὶ
3737 3618 3848 3672 τῶν
3891 3622 4000 3685 φύ-

720 3718 845 3769 vidit
873 3715 1198 3784 [typostascs
1226 3711 1574 3778 liursumque
1610 3710 1861 3762 idemmet
1890 3709 2022 3761 dicit
2057 3726 2069 3760 :
2110 3693 2297 3759 lucon.

2409 3728 2571 3775 σεων,
2600 3712 2692 3763 καὶ
2713 3712 2811 3774 τὰς
2843 3712 3034 3780 φύσεις
3064 3711 3185 3764 ἀντὶ
3249 3711 3359 3763 τῶν
3396 3711 3750 3764 ύποστάσεων
3782 3712 3995 3781 ἐκλαμ-

722 3805 856 3873 fusu:
905 3811 1304 3871 permanserunt
1354 3807 1584 3861 uaturw,
1623 3799 1927 3867 Iiypostases
1963 3812 2163 3864 nempe.
2195 3797 2305 3849 Ma-

2408 3802 2659 3855 δάνοντα.
2681 3799 2805 3855 υἷόν
2832 3819 2993 3871 φημιο
3023 3802 3092 3855 El
3122 3820 3212 3867 τις
3236 3801 3453 3869 διαιρεῖ
3470 3802 3573 3868 τὰς
3598 3800 3994 3867 ὑποστάσεις.

722 3910 862 3963 gnus
886 3895 1049 3947 etiam
1083 3892 1437 3954 Athanasius,
1461 3899 1516 3944 et
1549 3903 1813 3959 personas
1841 3889 1894 3941 in
1924 3887 2145 3943 Christo
2169 3888 2305 3943 duas

2409 3897 2515 3949 Καὶ
2550 3896 2710 3947 πάλιν
2736 3898 2763 3947 ό
2790 3895 2951 3957 αὐτὸς
2986 3896 3153 3960 λέγει·
3204 3894 3551 3962 Ἀσύγχυτοι
3578 3892 4003 3962 μεμενήκασιν

722 3999 844 4039 esse
874 3984 1168 4044 Contendit,
1200 3998 1322 4049 qua:
1371 3981 1474 4035 nisi
1503 3982 1627 4050 quis
1670 3989 1901 4043 asserat,
1945 3979 2088 4033 dicta
2120 3995 2238 4034 eSse
2276 3995 2306 4033 a

2408 3988 2717 4056 αίφύσεις,
2744 3986 2933 4054 ἤγουν
2966 3986 3359 4050 ὑποστάσεις.
3399 3986 3467 4037 ’Ὀ
3498 4003 3555 4038 τε
3623 3986 3795 4055 μέγας
3831 3985 4000 4038 Ἀθα-

724 4076 975 4129 Pati-ibus
997 4115 1011 4138 ,
1050 4076 1128 4129 sic
1166 4073 1447 4128 vocabulis
1474 4072 1845 4135 abutentibus,
1880 4071 2099 4125 eosdem
2132 4072 2308 4125 han-e-

2408 4081 2593 4143 νάσιος
2634 4080 2727 4133 καὶ
2771 4081 3038 4149 πρόσωπα
3070 4080 3161 4131 ἐπὶ
3200 4077 3439 4147 Χριστοῦ
3470 4078 3565 4132 δύο
3605 4075 3746 4130 εἶναι
3776 4077 3996 4147 διισχυ-

725 4183 851 4221 seos
880 4177 1003 4219 nota
1043 4164 1353 4229 intamabit,
1395 4171 1451 4217 et
1478 4178 1542 4217 ex
1578 4164 1644 4217 iis
1673 4163 2017 4217 orationibus
2059 4163 2307 4217 testimo-

2413 4172 2722 4243 ρίζεταινεὶ
2754 4174 2827 4241 μή
2882 4188 2966 4233 τις
3011 4170 3169 4223 τοῦτο
3199 4172 3365 4234 εἴποι,
3412 4171 3493 4223 ὅτι
3540 4171 4001 4239 καταχρηστικῶς

726 4262 815 4314 nia
860 4273 1160 4328 congerens
1204 4257 1307 4311 sibi
1367 4257 1468 4325 ipsi
1520 4265 1573 4309 ct
1638 4256 1761 4310 aliis
1814 4256 2051 4309 maxima
2108 4256 2309 4308 incom-

2408 4268 2519 4327 τοῖς
2548 4266 2822 4335 Ιιατράσιν
2855 4264 3083 4333 ἐρρήθη,
3107 4262 3304 4325 αὐτούς
3331 4280 3387 4316 τε
3425 4262 3645 4325 τούτους
3686 4264 4001 4333 αἱρετικοίις

728 4356 885 4409 moda
920 4352 1279 4423 comparabit.
1316 4352 1702 4405 Verumtamen
1748 4352 1903 4405 dieue
1933 4352 2306 4415 auctoritates,

2409 4360 2735 4427 ἀποφήσειε,
2788 4358 2881 4411 καὶ
2939 4360 3002 4411 ὲκ
3047 4357 3214 4411 τῶνδε
3264 4357 3373 4410 τῶν
3394 4359 3569 4425 λόγων
3595 4355 3999 4426 ἀναλεγόμενος

726 4448 772 4503 si
804 4449 890 4501 cui
923 4447 972 4499 id
1015 4447 1067 4499 in
1099 4446 1283 4499 animo
1309 4444 1492 4509 tuerit,
1528 4460 1591 4498 ex
1635 4444 1834 4498 divinis
1894 4442 2146 4497 l’atribus
2184 4445 2309 4497 seli-

2411 4453 2655 4521 χρήσεις,
2694 4450 2885 4503 ἑαυτόν
2939 4468 2998 4503 τε
3052 4453 3145 4504 καὶ
3174 4451 3367 4512 ἄλλους
3408 4450 3661 4520 μεγάλως
3714 4449 3994 4518 βλάψειεν.

728 4540 914 4610 gendm
964 4547 1114 4601 sunt,
1160 4552 1283 4591 cum
1328 4537 1403 4590 illi
1453 4539 1518 4590 de
1568 4538 1729 4591 rebus
1762 4539 2085 4602 decernunt,
2132 4546 2185 4591 et
2214 4537 2309 4590 de—
2336 4588 2384 4614 n

2340 4588 2387 4614 η
2422 4541 2582 4595 Ἀλλά
2627 4544 2731 4614 χρὴ
2769 4542 2866 4605 τὰς
2902 4542 3156 4605 τοιαύτας
3194 4542 3439 4613 χρήσεις,
3480 4542 3615 4604 εἴτις
3660 4540 3901 4610 βούλοιτο
3931 4543 3996 4593 ἐκ

728 4588 911 4610 οτ--η
964 4588 1114 4601 nm.
1462 4588 1513 4590 κ-
1568 4588 1613 4590 -κ
1646 4588 1725 4591 νη
2140 4588 2230 4591 --ἡ

728 4633 1061 4695 terminant,
1119 4630 1507 4700 propriamque
1573 4630 1897 4683 sententiain
1987 4588 2384 4693 declarant,”

2438 4588 2582 4595 "'"""
2629 4588 2731 4614 ΛΓἸ
2780 4588 2863 4605 τ”ν
2913 4588 3153 4605 ’ν’-⁷⁷·-ι
3197 4588 3439 4613 ΑΓ-ι---τν
3482 4588 3612 4604 -ητι
3660 4588 3897 4610 σ---τ-ν--ν
3933 4588 3997 4593 "-

2341 4588 2387 4648 υ
2412 4632 2519 4688 τῶν
2547 4635 2706 4688 θείων
2740 4634 2997 4704 Πατέρων
3029 4633 3408 4702 ἀναλέγεσθαι,
3436 4629 3546 4686 οἷον
3573 4631 3997 4703 νομοθετοῦντας

726 4724 887 4793 quale
921 4724 1086 4775 fuerit
1115 4723 1397 4775 donatura
1443 4732 1491 4774 et
1558 4722 1835 4790 b3postasi
1870 4737 1900 4773 a
1933 4736 2129 4789 magno
2160 4720 2311 4773 Basi-

2412 4725 2539 4795 περί
2564 4742 2724 4777 τινων
2747 4724 3113 4795 πραγμάτων,
3142 4725 3235 4777 καὶ
3251 4723 3637 4793 όροθετοῦντας
3668 4723 3999 4794 εὑρισκομέ-

729 4818 804 4870 lio
836 4819 1135 4879 decretum,
1171 4814 1262 4883 qui
1314 4814 1455 4868 inter
1484 4828 1547 4867 ea
1580 4814 1875 4868 discrimen
1928 4815 2152 4882 apponit
2199 4829 2307 4867 non

2412 4834 2557 4879 vou;,
2591 4818 2683 4869 καὶ
2716 4815 2814 4886 τὴν
2841 4814 3050 4868 οἰκείαν
3085 4814 3310 4885 γνώμην
3333 4814 3838 4878 ἀνακαλύπτοντας.
3866 4809 3997 4868 Οίόν

731 4908 900 4972 aliud,
938 4921 1103 4976 quam
1172 4921 1282 4975 quo
1323 4906 1629 4960 universale
1676 4915 1728 4959 et
1767 4905 2041 4974 singulare
2083 4905 2221 4959 inter
2253 4921 2311 4961 se

2413 4907 2612 4960 ἐστιτδ
2652 4908 2781 4975 περὶ
2832 4906 3018 4968 οὐσίας
3068 4906 3163 4959 καὶ
3216 4906 3565 4968 ὑποστάσεως
3622 4906 3793 4974 ὄνομα
3841 4908 3999 4975 παρά

729 5000 991 5055 differunt
1026 5018 1038 5053 :
1072 4999 1154 5052 vel
1188 5014 1297 5068 quo
1325 4997 1455 5069 ipsi,
1499 4999 1623 5053 licet
1660 5000 1712 5051 in
1749 4997 1874 5053 aliis
1903 4996 2152 5067 plurimis
2180 5012 2311 5068 ope-

2413 4999 2672 5051 Βασλείου
2705 4998 2796 5050 τοῦ
2835 4999 2974 5051 πάνυ
3008 4997 3188 5049 λαϐὼν
3230 4997 3523 5068 διάκρισιν,
3558 4998 3761 5067 ταύτην
3799 4998 3998 5067 ἔχοντα

730 5094 883 5147 ribus
937 5093 1261 5155 abutuntur,
1323 5092 1375 5143 in
1435 5090 1544 5143 alio
1600 5100 1781 5144 tamen
1813 5102 1996 5158 opere,
2030 5090 2161 5160 quid
2210 5092 2309 5159 ipsi

2412 5092 2508 5159 τὴν
2538 5091 2799 5157 διαφορὰν
2852 5091 2986 5158 πρὸς
3020 5088 3245 5158 ἄλληλα,
3301 5088 3367 5159 ἣν
3402 5088 3515 5158 ἔχει
3546 5088 3606 5141 τὸ
3652 5088 3829 5142 κοινὸν
3858 5090 3997 5158 πρὸς

730 5184 991 5249 sentiant,
1046 5193 1100 5238 et
1133 5198 1426 5254 quamnam
1463 5183 1565 5252 ipsi
1614 5185 1685 5237 ob
1717 5198 1939 5237 causam
1969 5183 2126 5238 abusi
2159 5192 2308 5248 sunt,

2412 5184 2472 5233 τὸ
2526 5183 2883 5241 καθέκαστον,
2916 5180 2948 5249 ἦ
3010 5181 3101 5231 καὶ
3135 5182 3335 5243 αὐτοὺς
3375 5181 3903 5251 καταχρησαμένους
3936 5182 3998 5233 ἐν

732 5277 1034 5347 explanant
1062 5292 1076 5329 :
1109 5277 1190 5329 vel
1214 5291 1299 5339 ea,
1338 5275 1393 5329 in
1426 5275 1625 5342 quibus
1663 5276 1903 5343 plerique
1930 5275 2151 5330 Patrum
2187 5292 2313 5330 con-

2413 5277 2591 5338 ἄλλοις
2662 5278 2744 5327 ὅτι
2802 5276 3072 5338 πλείστοις
3126 5274 3306 5327 αὐτῶν
3355 5275 3750 5345 συγγράμμασι
3807 5274 3997 5326 διασα-

731 5368 983 5432 cordant,
1016 5368 1097 5423 vel
1122 5384 1241 5438 quae
1264 5368 1510 5438 synodali
1536 5369 1754 5422 decreto
1783 5370 1994 5422 ﬁrmata
2027 5378 2173 5431 sunt,
2204 5386 2310 5424 non

2414 5368 2649 5437 φοῦντας
2704 5368 2930 5436 κυρίως,
2989 5368 3124 5437 ὅπερ
3181 5367 3446 5435 ἀλλαχόσε
3494 5366 3992 5435 κατεχρήσαντο,ῆ

729 5472 913 5517 autem
945 5476 1027 5527 ea,
1064 5477 1185 5531 qua:
1228 5461 1329 5531 ipsi
1372 5462 1517 5516 aliud
1560 5470 1784 5530 agentes
1824 5463 2029 5530 scripto
2067 5462 2310 5516 tradide-

2416 5465 2509 5516 καὶ
2540 5464 2595 5513 ἐν
2622 5457 2700 5524 οἷς
2735 5464 3013 5531 σύμφωνοι
3053 5463 3100 5514 0!
3147 5461 3385 5515 πλεῖστοι
3412 5460 3520 5513 τῶν
3554 5460 3814 5529 Ιῐατέρων
3835 5464 4002 5527 γεγέ-

733 5561 882 5613 runt,
941 5550 994 5605 in
1044 5550 1245 5620 quibus
1292 5551 1493 5620 smpius
1542 5551 1900 5619 exponendis,
1947 5551 2078 5604 dum
2112 5552 2309 5621 aliquis

2416 5554 2641 5623 νασιν,ἧ
2671 5555 2763 5605 καὶ
2795 5554 3081 5615 συνοΞικῶς
3106 5553 3379 5624 ἐκυρώθη,
3408 5553 3543 5605 ἀλλὰ
3565 5552 3641 5620 μὴ
3667 5552 3745 5621 τῷ
3766 5552 3996 5623 ὲξοξικῷ

734 5643 1097 5713 ticgligentitts
1131 5658 1191 5699 se
1222 5644 1379 5713 gerit,
1406 5644 1737 5697 dictionibus
1779 5644 2027 5696 abutitur
2058 5658 2085 5696 a
2114 5645 2309 5700 vestris

2412 5647 2576 5716 λόγῳ,
2640 5641 2683 5713 ᾧ
2746 5646 3004 5708 πολλάκις
3034 5646 3097 5699 ἄν
3128 5664 3208 5708 τις
3242 5646 3381 5697 κατᾶ
3436 5644 3534 5715 τὴν
3569 5645 3867 5713 ἑρμηνείαν
3901 5646 3996 5695 καὶ

734 5736 1156 5806 Cogitationilms
1192 5739 1256 5789 ad
1310 5740 1411 5791 hoc
1452 5738 1627 5807 ipsum
1675 5736 1993 5799 distractus,
2033 5738 2115 5790 \el
2166 5740 2309 5806 quod

2412 5741 2775 5809 ἀμελέστερον
2800 5740 3140 5808 διακείμενος
3196 5741 3596 5810 καταχρήσοιτο
3632 5738 3863 5803 λέξεσιν,
3891 5738 3997 5789 ὑπὸ

732 5826 1100 5897 uptitudinnm
1140 5827 1343 5881 nullam
1376 5828 1587 5883 habens
1636 5828 1686 5881 in
1738 5838 2028 5897 prou-ptu,
2071 5830 2152 5883 vel
2184 5847 2305 5886 cum

2414 5834 2694 5903 ὑμετέρων
2732 5832 3017 5902 νοημάτων
3048 5835 3180 5904 πρὸς
3212 5833 3367 5886 τοῦτο
3416 5831 3702 5903 ἀγόμενος,
3735 5830 3767 5900 ἦ
3798 5830 3891 5882 καὶ
3920 5831 3996 5900 μὴ
