  <div class='ocr_page' id='page_1' title='image "/cluster/home/n/w/nwhite01/storage/ocr_20150623/105/nnc1.0046980105/320.png"; bbox 0 0 4194 6432; ppageno 0'>
   <div class='ocr_carea' id='block_1_1' title="bbox 196 383 306 446">
    <p class='ocr_par' dir='ltr' id='par_1_1' title="bbox 196 383 306 446">
     <span class='ocr_line' id='line_1_1' title="bbox 196 383 306 446; baseline 0 0"><span class='ocrx_word' id='word_1_1' title='bbox 196 383 306 446; x_wconf 71' lang='lat'><strong>625</strong></span> 
     </span>
    </p>
   </div>
   <div class='ocr_carea' id='block_1_2' title="bbox 1048 385 2624 448">
    <p class='ocr_par' dir='ltr' id='par_1_2' title="bbox 1048 385 2624 448">
     <span class='ocr_line' id='line_1_2' title="bbox 1048 385 2624 448; baseline 0.001 -3"><span class='ocrx_word' id='word_1_2' title='bbox 1048 385 1488 446; x_wconf 61' lang='lat' dir='ltr'><strong>REFUTATIO</strong></span> <span class='ocrx_word' id='word_1_3' title='bbox 1529 386 1909 448; x_wconf 64' lang='lat' dir='ltr'><strong>EPISTULE</strong></span> <span class='ocrx_word' id='word_1_4' title='bbox 1962 388 2188 448; x_wconf 72' lang='lat' dir='ltr'><strong>REGIS</strong></span> <span class='ocrx_word' id='word_1_5' title='bbox 2233 388 2624 447; x_wconf 45' lang='grc' dir='ltr'><strong>ᾹΗΜΕΝΙᾼΕ.</strong></span> 
     </span>
    </p>
   </div>
   <div class='ocr_carea' id='block_1_3' title="bbox 3355 392 3461 454">
    <p class='ocr_par' dir='ltr' id='par_1_3' title="bbox 3355 392 3461 454">
     <span class='ocr_line' id='line_1_3' title="bbox 3355 392 3461 454; baseline 0.019 -2"><span class='ocrx_word' id='word_1_6' title='bbox 3355 392 3461 454; x_wconf 65' lang='lat'><strong>(3‘26</strong></span> 
     </span>
    </p>
   </div>
   <div class='ocr_carea' id='block_1_4' title="bbox 194 495 1812 570">
    <p class='ocr_par' dir='ltr' id='par_1_4' title="bbox 194 495 1812 568">
     <span class='ocr_line' id='line_1_4' title="bbox 194 495 1812 568; baseline -0.001 -19"><span class='ocrx_word' id='word_1_7' title='bbox 194 498 490 566; x_wconf 71' lang='grc' dir='ltr'>πρόχειρον</span> <span class='ocrx_word' id='word_1_8' title='bbox 521 496 662 566; x_wconf 77' lang='grc' dir='ltr'><strong>ἔχων</strong></span> <span class='ocrx_word' id='word_1_9' title='bbox 705 498 805 567; x_wconf 87' lang='grc' dir='ltr'><strong>τὴν</strong></span> <span class='ocrx_word' id='word_1_10' title='bbox 842 495 1278 568; x_wconf 73' lang='grc' dir='ltr'>ἐπιτηδειότητα,</span> <span class='ocrx_word' id='word_1_11' title='bbox 1329 499 1358 566; x_wconf 78' lang='grc' dir='ltr'>ἢ</span> <span class='ocrx_word' id='word_1_12' title='bbox 1399 497 1490 550; x_wconf 69' lang='grc' dir='ltr'><strong>καί</strong></span> <span class='ocrx_word' id='word_1_13' title='bbox 1527 515 1635 551; x_wconf 87' lang='grc' dir='ltr'>τισι</span> <span class='ocrx_word' id='word_1_14' title='bbox 1669 498 1812 557; x_wconf 70' lang='grc' dir='ltr'><strong>τῶν⁴</strong></span> 
     </span>
    </p>
   </div>
   <div class='ocr_carea' id='block_1_5' title="bbox 1902 495 3460 570">
    <p class='ocr_par' dir='ltr' id='par_1_5' title="bbox 1902 496 3460 570">
     <span class='ocr_line' id='line_1_5' title="bbox 1902 496 3460 570; baseline 0 -20"><span class='ocrx_word' id='word_1_15' title='bbox 1902 499 1999 551; x_wconf 72' lang='grc' dir='ltr'>ιΙίίε</span> <span class='ocrx_word' id='word_1_16' title='bbox 2029 500 2299 566; x_wconf 77' lang='lat' dir='ltr'><strong>opposita,</strong></span> <span class='ocrx_word' id='word_1_17' title='bbox 2328 497 2686 550; x_wconf 77' lang='lat' dir='ltr'><strong>sentientibus</strong></span> <span class='ocrx_word' id='word_1_18' title='bbox 2723 497 3029 561; x_wconf 78' lang='lat' dir='ltr'><strong>decertans,</strong></span> <span class='ocrx_word' id='word_1_19' title='bbox 3064 496 3202 552; x_wconf 83' lang='lat' dir='ltr'><strong>alias</strong></span> <span class='ocrx_word' id='word_1_20' title='bbox 3233 513 3460 570; x_wconf 86' lang='lat' dir='ltr'><strong>quoque</strong></span> 
     </span>
    </p>
   </div>
   <div class='ocr_carea' id='block_1_6' title="bbox 193 587 1773 661">
    <p class='ocr_par' dir='ltr' id='par_1_6' title="bbox 193 587 1773 661">
     <span class='ocr_line' id='line_1_6' title="bbox 193 587 1773 661; baseline 0.001 -19"><span class='ocrx_word' id='word_1_21' title='bbox 193 588 516 653; x_wconf 71' lang='grc' dir='ltr'><strong>ἑτεροδόξων</strong></span> <span class='ocrx_word' id='word_1_22' title='bbox 533 587 1073 656; x_wconf 73' lang='grc' dir='ltr'>ἀντικαθίστάμενος,</span> <span class='ocrx_word' id='word_1_23' title='bbox 1091 593 1182 642; x_wconf 77' lang='grc' dir='ltr'><strong>καὶ</strong></span> <span class='ocrx_word' id='word_1_24' title='bbox 1207 591 1324 642; x_wconf 79' lang='grc' dir='ltr'>κατ’</span> <span class='ocrx_word' id='word_1_25' title='bbox 1342 591 1504 655; x_wconf 80' lang='grc' dir='ltr'>ἄλλας</span> <span class='ocrx_word' id='word_1_26' title='bbox 1524 592 1578 644; x_wconf 84' lang='grc' dir='ltr'>δὲ</span> <span class='ocrx_word' id='word_1_27' title='bbox 1599 609 1773 661; x_wconf 80' lang='grc' dir='ltr'>παρα-</span> 
     </span>
    </p>
   </div>
   <div class='ocr_carea' id='block_1_7' title="bbox 195 680 1778 754">
    <p class='ocr_par' dir='ltr' id='par_1_7' title="bbox 195 680 1778 754">
     <span class='ocr_line' id='line_1_7' title="bbox 195 680 1778 754; baseline 0.003 -22"><span class='ocrx_word' id='word_1_28' title='bbox 195 681 387 745; x_wconf 52' lang='lat' dir='ltr'><strong>cpiast;</strong></span> <span class='ocrx_word' id='word_1_29' title='bbox 439 683 536 750; x_wconf 81' lang='grc' dir='ltr'>τῆς</span> <span class='ocrx_word' id='word_1_30' title='bbox 579 680 686 731; x_wconf 82' lang='grc' dir='ltr'><strong>τῶν</strong></span> <span class='ocrx_word' id='word_1_31' title='bbox 737 681 1014 751; x_wconf 79' lang='grc' dir='ltr'><strong>ὀνομάτων</strong></span> <span class='ocrx_word' id='word_1_32' title='bbox 1061 681 1346 752; x_wconf 79' lang='grc' dir='ltr'>ἀκριὸείας</span> <span class='ocrx_word' id='word_1_33' title='bbox 1383 683 1456 754; x_wconf 83' lang='grc' dir='ltr'>μὴ</span> <span class='ocrx_word' id='word_1_34' title='bbox 1483 684 1778 752; x_wconf 77' lang='grc' dir='ltr'>φροντίσοι,</span> 
     </span>
    </p>
   </div>
   <div class='ocr_carea' id='block_1_8' title="bbox 196 772 1782 845">
    <p class='ocr_par' dir='ltr' id='par_1_8' title="bbox 196 772 1782 845">
     <span class='ocr_line' id='line_1_8' title="bbox 196 772 1782 845; baseline 0.003 -22"><span class='ocrx_word' id='word_1_35' title='bbox 196 772 256 824; x_wconf 87' lang='grc' dir='ltr'><strong>οὐ</strong></span> <span class='ocrx_word' id='word_1_36' title='bbox 286 772 370 825; x_wconf 90' lang='grc' dir='ltr'><strong>δεῖ</strong></span> <span class='ocrx_word' id='word_1_37' title='bbox 421 775 486 824; x_wconf 84' lang='grc' dir='ltr'>ὲκ</span> <span class='ocrx_word' id='word_1_38' title='bbox 546 774 803 827; x_wconf 76' lang='grc' dir='ltr'><strong>τοιούτων</strong></span> <span class='ocrx_word' id='word_1_39' title='bbox 856 775 1081 845; x_wconf 83' lang='grc' dir='ltr'><strong>χρήσεις</strong></span> <span class='ocrx_word' id='word_1_40' title='bbox 1134 776 1513 844; x_wconf 73' lang='grc' dir='ltr'><strong>ἀντιλέγεσθαι,</strong></span> <span class='ocrx_word' id='word_1_41' title='bbox 1557 776 1670 830; x_wconf 76' lang='grc' dir='ltr'>ἀλλ’</span> <span class='ocrx_word' id='word_1_42' title='bbox 1709 778 1782 838; x_wconf 82' lang='grc' dir='ltr'>ὡς</span> 
     </span>
    </p>
   </div>
   <div class='ocr_carea' id='block_1_9' title="bbox 197 863 1782 935">
    <p class='ocr_par' dir='ltr' id='par_1_9' title="bbox 197 863 1782 935">
     <span class='ocr_line' id='line_1_9' title="bbox 197 863 1782 935; baseline 0.004 -21"><span class='ocrx_word' id='word_1_43' title='bbox 197 863 393 914; x_wconf 75' lang='grc' dir='ltr'>ἁνόπιν</span> <span class='ocrx_word' id='word_1_44' title='bbox 424 864 655 932; x_wconf 79' lang='grc' dir='ltr'>ἔφαμεν.</span> <span class='ocrx_word' id='word_1_45' title='bbox 674 864 844 916; x_wconf 76' lang='grc' dir='ltr'>Τοῦτο</span> <span class='ocrx_word' id='word_1_46' title='bbox 871 865 928 918; x_wconf 85' lang='grc' dir='ltr'>δὲ</span> <span class='ocrx_word' id='word_1_47' title='bbox 955 867 1048 920; x_wconf 71' lang='grc' dir='ltr'><strong>καὶ</strong></span> <span class='ocrx_word' id='word_1_48' title='bbox 1075 868 1140 920; x_wconf 74' lang='grc' dir='ltr'><strong>σὺ</strong></span> <span class='ocrx_word' id='word_1_49' title='bbox 1167 867 1355 934; x_wconf 74' lang='grc' dir='ltr'>ποιῶν,</span> <span class='ocrx_word' id='word_1_50' title='bbox 1386 869 1484 921; x_wconf 83' lang='grc' dir='ltr'><strong>οὐκ</strong></span> <span class='ocrx_word' id='word_1_51' title='bbox 1504 868 1568 922; x_wconf 73' lang='grc' dir='ltr'>ἂν</span> <span class='ocrx_word' id='word_1_52' title='bbox 1602 869 1782 935; x_wconf 72' lang='grc' dir='ltr'>εὕροις</span> 
     </span>
    </p>
   </div>
   <div class='ocr_carea' id='block_1_10' title="bbox 195 958 1781 1032">
    <p class='ocr_par' dir='ltr' id='par_1_10' title="bbox 195 958 1781 1032">
     <span class='ocr_line' id='line_1_10' title="bbox 195 958 1781 1032; baseline 0.003 -23"><span class='ocrx_word' id='word_1_53' title='bbox 195 958 548 1027; x_wconf 74' lang='grc' dir='ltr'><strong>παραστῆσαι</strong></span> <span class='ocrx_word' id='word_1_54' title='bbox 567 958 789 1026; x_wconf 79' lang='grc' dir='ltr'><strong>χρήσεις</strong></span> <span class='ocrx_word' id='word_1_55' title='bbox 808 959 1144 1022; x_wconf 84' lang='grc' dir='ltr'>συνιστώσας</span> <span class='ocrx_word' id='word_1_56' title='bbox 1165 961 1226 1012; x_wconf 83' lang='grc' dir='ltr'>τὸ</span> <span class='ocrx_word' id='word_1_57' title='bbox 1257 961 1383 1031; x_wconf 84' lang='grc' dir='ltr'><strong>περί</strong></span> <span class='ocrx_word' id='word_1_58' title='bbox 1415 962 1543 1032; x_wconf 75' lang='grc' dir='ltr'>μιᾶς</span> <span class='ocrx_word' id='word_1_59' title='bbox 1569 961 1781 1029; x_wconf 71' lang='grc' dir='ltr'>φύσεως</span> 
     </span>
    </p>
   </div>
   <div class='ocr_carea' id='block_1_11' title="bbox 193 1047 1392 1120">
    <p class='ocr_par' dir='ltr' id='par_1_11' title="bbox 193 1047 1392 1120">
     <span class='ocr_line' id='line_1_11' title="bbox 193 1047 1392 1120; baseline 0.005 -21"><span class='ocrx_word' id='word_1_60' title='bbox 193 1048 284 1100; x_wconf 74' lang='grc' dir='ltr'><strong>τοῦ</strong></span> <span class='ocrx_word' id='word_1_61' title='bbox 318 1047 561 1110; x_wconf 80' lang='grc' dir='ltr'>Χριστοῦ</span> <span class='ocrx_word' id='word_1_62' title='bbox 593 1048 742 1118; x_wconf 80' lang='grc' dir='ltr'>παρὰ</span> <span class='ocrx_word' id='word_1_63' title='bbox 786 1050 881 1103; x_wconf 80' lang='grc' dir='ltr'>σοῦ</span> <span class='ocrx_word' id='word_1_64' title='bbox 911 1050 1392 1120; x_wconf 77' lang='grc' dir='ltr'>δογματιζόμενον.</span> 
     </span>
    </p>
   </div>
   <div class='ocr_carea' id='block_1_12' title="bbox 266 1137 1780 1211">
    <p class='ocr_par' dir='ltr' id='par_1_12' title="bbox 266 1137 1780 1211">
     <span class='ocr_line' id='line_1_12' title="bbox 266 1137 1780 1211; baseline 0.005 -21"><span class='ocrx_word' id='word_1_65' title='bbox 266 1137 355 1204; x_wconf 89' lang='grc' dir='ltr'>ιγ’.</span> <span class='ocrx_word' id='word_1_66' title='bbox 385 1138 750 1207; x_wconf 84' lang='grc' dir='ltr'>Παρακατιὼν</span> <span class='ocrx_word' id='word_1_67' title='bbox 771 1139 827 1193; x_wconf 80' lang='grc' dir='ltr'>δὲ</span> <span class='ocrx_word' id='word_1_68' title='bbox 851 1141 908 1192; x_wconf 81' lang='grc' dir='ltr'><strong>ὲν</strong></span> <span class='ocrx_word' id='word_1_69' title='bbox 925 1139 1003 1209; x_wconf 83' lang='grc' dir='ltr'>τῷ</span> <span class='ocrx_word' id='word_1_70' title='bbox 1028 1141 1318 1211; x_wconf 73' lang='grc' dir='ltr'><strong>γράμματι</strong></span> <span class='ocrx_word' id='word_1_71' title='bbox 1353 1159 1470 1209; x_wconf 91' lang='grc' dir='ltr'>σου,</span> <span class='ocrx_word' id='word_1_72' title='bbox 1499 1143 1596 1196; x_wconf 74' lang='grc' dir='ltr'><strong>καὶ</strong></span> <span class='ocrx_word' id='word_1_73' title='bbox 1618 1143 1780 1197; x_wconf 76' lang='grc' dir='ltr'>οἱονεί</span> 
     </span>
    </p>
   </div>
   <div class='ocr_carea' id='block_1_13' title="bbox 195 1227 1779 1301">
    <p class='ocr_par' dir='ltr' id='par_1_13' title="bbox 195 1227 1779 1301">
     <span class='ocr_line' id='line_1_13' title="bbox 195 1227 1779 1301; baseline 0.005 -22"><span class='ocrx_word' id='word_1_74' title='bbox 195 1227 504 1296; x_wconf 80' lang='grc' dir='ltr'>ἀχθόμενος</span> <span class='ocrx_word' id='word_1_75' title='bbox 539 1231 676 1300; x_wconf 73' lang='grc' dir='ltr'>πρὸς</span> <span class='ocrx_word' id='word_1_76' title='bbox 710 1231 877 1300; x_wconf 78' lang='grc' dir='ltr'>ἡμᾶς,</span> <span class='ocrx_word' id='word_1_77' title='bbox 910 1229 1048 1283; x_wconf 86' lang='grc' dir='ltr'>διότι</span> <span class='ocrx_word' id='word_1_78' title='bbox 1076 1231 1459 1301; x_wconf 80' lang='grc' dir='ltr'><strong>γεγράφαμεν,</strong></span> <span class='ocrx_word' id='word_1_79' title='bbox 1495 1232 1578 1286; x_wconf 82' lang='grc' dir='ltr'><strong>ὅτι</strong></span> <span class='ocrx_word' id='word_1_80' title='bbox 1605 1237 1654 1286; x_wconf 86' lang='grc' dir='ltr'><strong>οί</strong></span> <span class='ocrx_word' id='word_1_81' title='bbox 1693 1235 1779 1286; x_wconf 81' lang='grc' dir='ltr'>λέ-</span> 
     </span>
    </p>
   </div>
   <div class='ocr_carea' id='block_1_14' title="bbox 194 1317 1777 1390">
    <p class='ocr_par' dir='ltr' id='par_1_14' title="bbox 194 1317 1777 1390">
     <span class='ocr_line' id='line_1_14' title="bbox 194 1317 1777 1390; baseline 0.003 -21"><span class='ocrx_word' id='word_1_82' title='bbox 194 1333 385 1384; x_wconf 89' lang='grc' dir='ltr'>γοντες</span> <span class='ocrx_word' id='word_1_83' title='bbox 427 1317 558 1386; x_wconf 86' lang='grc' dir='ltr'>μίαν</span> <span class='ocrx_word' id='word_1_84' title='bbox 588 1317 751 1386; x_wconf 86' lang='grc' dir='ltr'>φύσιν</span> <span class='ocrx_word' id='word_1_85' title='bbox 802 1319 884 1382; x_wconf 86' lang='grc' dir='ltr'><strong>εἰς</strong></span> <span class='ocrx_word' id='word_1_86' title='bbox 931 1320 1166 1388; x_wconf 77' lang='grc' dir='ltr'>Χριστὸν</span> <span class='ocrx_word' id='word_1_87' title='bbox 1199 1321 1618 1390; x_wconf 82' lang='grc' dir='ltr'>Εὑτυχιανισταί</span> <span class='ocrx_word' id='word_1_88' title='bbox 1648 1323 1777 1381; x_wconf 81' lang='grc' dir='ltr'>εἰσι,</span> 
     </span>
    </p>
   </div>
   <div class='ocr_carea' id='block_1_15' title="bbox 194 1409 1778 1482">
    <p class='ocr_par' dir='ltr' id='par_1_15' title="bbox 194 1409 1778 1482">
     <span class='ocr_line' id='line_1_15' title="bbox 194 1409 1778 1482; baseline 0.003 -22"><span class='ocrx_word' id='word_1_89' title='bbox 194 1410 288 1460; x_wconf 81' lang='grc' dir='ltr'><strong>καὶ</strong></span> <span class='ocrx_word' id='word_1_90' title='bbox 322 1410 404 1479; x_wconf 78' lang='grc' dir='ltr'><strong>τῷ</strong></span> <span class='ocrx_word' id='word_1_91' title='bbox 439 1411 587 1479; x_wconf 78' lang='grc' dir='ltr'>αὐτῷ</span> <span class='ocrx_word' id='word_1_92' title='bbox 615 1409 915 1480; x_wconf 81' lang='grc' dir='ltr'>άναθέματι</span> <span class='ocrx_word' id='word_1_93' title='bbox 948 1414 1036 1464; x_wconf 72' lang='grc' dir='ltr'><strong>καὶ</strong></span> <span class='ocrx_word' id='word_1_94' title='bbox 1074 1415 1304 1482; x_wconf 84' lang='grc' dir='ltr'>κρίματι</span> <span class='ocrx_word' id='word_1_95' title='bbox 1341 1415 1778 1467; x_wconf 78' lang='grc' dir='ltr'>καθυποόάλλον-</span> 
     </span>
    </p>
   </div>
   <div class='ocr_carea' id='block_1_16' title="bbox 195 1501 1778 1572">
    <p class='ocr_par' dir='ltr' id='par_1_16' title="bbox 195 1501 1778 1572">
     <span class='ocr_line' id='line_1_16' title="bbox 195 1501 1778 1572; baseline 0.004 -20"><span class='ocrx_word' id='word_1_96' title='bbox 195 1518 302 1565; x_wconf 83' lang='grc' dir='ltr'>ται,</span> <span class='ocrx_word' id='word_1_97' title='bbox 332 1501 522 1554; x_wconf 77' lang='grc' dir='ltr'><strong>τοιάδε</strong></span> <span class='ocrx_word' id='word_1_98' title='bbox 566 1504 830 1571; x_wconf 80' lang='grc' dir='ltr'>γράφεις·</span> <span class='ocrx_word' id='word_1_99' title='bbox 880 1503 990 1556; x_wconf 79' lang='grc' dir='ltr'><strong>Καὶ</strong></span> <span class='ocrx_word' id='word_1_100' title='bbox 1032 1504 1309 1572; x_wconf 79' lang='grc' dir='ltr'>λέγομεν,</span> <span class='ocrx_word' id='word_1_101' title='bbox 1346 1505 1631 1570; x_wconf 80' lang='grc' dir='ltr'>δέσποτα,</span> <span class='ocrx_word' id='word_1_102' title='bbox 1671 1511 1778 1561; x_wconf 69' lang='grc' dir='ltr'><strong>οὐχ</strong></span> 
     </span>
    </p>
   </div>
   <div class='ocr_carea' id='block_1_17' title="bbox 197 1593 1781 1668">
    <p class='ocr_par' dir='ltr' id='par_1_17' title="bbox 197 1593 1781 1668">
     <span class='ocr_line' id='line_1_17' title="bbox 197 1593 1781 1668; baseline 0.004 -22"><span class='ocrx_word' id='word_1_103' title='bbox 197 1593 474 1658; x_wconf 78' lang='grc' dir='ltr'><strong>ἐποιήσω</strong></span> <span class='ocrx_word' id='word_1_104' title='bbox 502 1594 572 1646; x_wconf 75' lang='grc' dir='ltr'><strong>ἐν</strong></span> <span class='ocrx_word' id='word_1_105' title='bbox 599 1597 788 1662; x_wconf 79' lang='grc' dir='ltr'>τούτῳ</span> <span class='ocrx_word' id='word_1_106' title='bbox 824 1595 1054 1648; x_wconf 68' lang='grc' dir='ltr'>εὐθεῖαν</span> <span class='ocrx_word' id='word_1_107' title='bbox 1089 1598 1312 1664; x_wconf 67' lang='grc' dir='ltr'>κρίσιν,</span> <span class='ocrx_word' id='word_1_108' title='bbox 1353 1598 1434 1650; x_wconf 76' lang='grc' dir='ltr'>διὸ</span> <span class='ocrx_word' id='word_1_109' title='bbox 1465 1599 1555 1650; x_wconf 73' lang='grc' dir='ltr'><strong>καὶ</strong></span> <span class='ocrx_word' id='word_1_110' title='bbox 1589 1601 1781 1668; x_wconf 84' lang='grc' dir='ltr'>πειρᾶ-</span> 
     </span>
    </p>
   </div>
   <div class='ocr_carea' id='block_1_18' title="bbox 199 1682 1780 1758">
    <p class='ocr_par' dir='ltr' id='par_1_18' title="bbox 199 1682 1780 1758">
     <span class='ocr_line' id='line_1_18' title="bbox 199 1682 1780 1758; baseline 0.004 -24"><span class='ocrx_word' id='word_1_111' title='bbox 199 1700 290 1735; x_wconf 89' lang='grc' dir='ltr'><strong>σαι</strong></span> <span class='ocrx_word' id='word_1_112' title='bbox 321 1682 422 1735; x_wconf 79' lang='grc' dir='ltr'>τοῦ</span> <span class='ocrx_word' id='word_1_113' title='bbox 459 1683 738 1754; x_wconf 80' lang='grc' dir='ltr'>Εὑτυχοῦς</span> <span class='ocrx_word' id='word_1_114' title='bbox 765 1684 860 1755; x_wconf 78' lang='grc' dir='ltr'><strong>τὴν</strong></span> <span class='ocrx_word' id='word_1_115' title='bbox 885 1684 1043 1749; x_wconf 86' lang='grc' dir='ltr'>δόξαν</span> <span class='ocrx_word' id='word_1_116' title='bbox 1079 1686 1409 1748; x_wconf 73' lang='grc' dir='ltr'><strong>ἐκτίθεσθαι,</strong></span> <span class='ocrx_word' id='word_1_117' title='bbox 1457 1687 1780 1758; x_wconf 81' lang='grc' dir='ltr'>διασαφηνί-</span> 
     </span>
    </p>
   </div>
   <div class='ocr_carea' id='block_1_19' title="bbox 197 1773 1781 1847">
    <p class='ocr_par' dir='ltr' id='par_1_19' title="bbox 197 1773 1781 1847">
     <span class='ocr_line' id='line_1_19' title="bbox 197 1773 1781 1847; baseline 0.005 -22"><span class='ocrx_word' id='word_1_118' title='bbox 197 1773 310 1836; x_wconf 75' lang='grc' dir='ltr'>ζειν</span> <span class='ocrx_word' id='word_1_119' title='bbox 340 1791 430 1838; x_wconf 87' lang='grc' dir='ltr'><strong>τε,</strong></span> <span class='ocrx_word' id='word_1_120' title='bbox 454 1774 540 1826; x_wconf 86' lang='grc' dir='ltr'>ὃτι</span> <span class='ocrx_word' id='word_1_121' title='bbox 586 1774 847 1844; x_wconf 83' lang='grc' dir='ltr'><strong>ἀνάχυσιν</strong></span> <span class='ocrx_word' id='word_1_122' title='bbox 875 1777 970 1828; x_wconf 80' lang='grc' dir='ltr'><strong>καὶ</strong></span> <span class='ocrx_word' id='word_1_123' title='bbox 997 1777 1300 1844; x_wconf 80' lang='grc' dir='ltr'>ἁνάκρασιν</span> <span class='ocrx_word' id='word_1_124' title='bbox 1332 1776 1544 1842; x_wconf 75' lang='grc' dir='ltr'>δοξάζει</span> <span class='ocrx_word' id='word_1_125' title='bbox 1573 1779 1665 1831; x_wconf 70' lang='grc' dir='ltr'><strong>ἐπὶ</strong></span> <span class='ocrx_word' id='word_1_126' title='bbox 1684 1781 1781 1847; x_wconf 82' lang='grc' dir='ltr'><strong>τῆς</strong></span> 
     </span>
    </p>
   </div>
   <div class='ocr_carea' id='block_1_20' title="bbox 196 1865 1789 1938">
    <p class='ocr_par' dir='ltr' id='par_1_20' title="bbox 196 1865 1789 1938">
     <span class='ocr_line' id='line_1_20' title="bbox 196 1865 1789 1938; baseline 0.004 -22"><span class='ocrx_word' id='word_1_127' title='bbox 196 1866 540 1936; x_wconf 84' lang='grc' dir='ltr'>οἰκονομίας,</span> <span class='ocrx_word' id='word_1_128' title='bbox 580 1865 676 1920; x_wconf 75' lang='grc' dir='ltr'>καὶ</span> <span class='ocrx_word' id='word_1_129' title='bbox 708 1869 773 1919; x_wconf 84' lang='grc' dir='ltr'>ὲκ</span> <span class='ocrx_word' id='word_1_130' title='bbox 815 1867 926 1920; x_wconf 87' lang='grc' dir='ltr'><strong>τῶν</strong></span> <span class='ocrx_word' id='word_1_131' title='bbox 963 1868 1134 1936; x_wconf 84' lang='grc' dir='ltr'>ἁγίων</span> <span class='ocrx_word' id='word_1_132' title='bbox 1181 1869 1275 1921; x_wconf 78' lang='grc' dir='ltr'>καὶ</span> <span class='ocrx_word' id='word_1_133' title='bbox 1309 1869 1594 1937; x_wconf 84' lang='grc' dir='ltr'>ἀχράντων</span> <span class='ocrx_word' id='word_1_134' title='bbox 1627 1871 1789 1938; x_wconf 86' lang='grc' dir='ltr'>αἱμά-</span> 
     </span>
    </p>
   </div>
   <div class='ocr_carea' id='block_1_21' title="bbox 195 1957 1787 2030">
    <p class='ocr_par' dir='ltr' id='par_1_21' title="bbox 195 1957 1787 2030">
     <span class='ocr_line' id='line_1_21' title="bbox 195 1957 1787 2030; baseline 0.004 -21"><span class='ocrx_word' id='word_1_135' title='bbox 195 1974 302 2009; x_wconf 89' lang='grc' dir='ltr'><strong>των</strong></span> <span class='ocrx_word' id='word_1_136' title='bbox 339 1957 513 2027; x_wconf 79' lang='grc' dir='ltr'>μηδὲν</span> <span class='ocrx_word' id='word_1_137' title='bbox 542 1957 633 2010; x_wconf 76' lang='grc' dir='ltr'><strong>τὸν</strong></span> <span class='ocrx_word' id='word_1_138' title='bbox 658 1957 788 2011; x_wconf 80' lang='grc' dir='ltr'>Θεὸν</span> <span class='ocrx_word' id='word_1_139' title='bbox 819 1959 990 2028; x_wconf 83' lang='grc' dir='ltr'><strong>Λόγον</strong></span> <span class='ocrx_word' id='word_1_140' title='bbox 1019 1958 1422 2030; x_wconf 74' lang='grc' dir='ltr'>προσλαϐέσθαι</span> <span class='ocrx_word' id='word_1_141' title='bbox 1454 1961 1623 2030; x_wconf 82' lang='grc' dir='ltr'>λέγει,</span> <span class='ocrx_word' id='word_1_142' title='bbox 1659 1963 1787 2015; x_wconf 83' lang='grc' dir='ltr'>ἑαυ-</span> 
     </span>
    </p>
   </div>
   <div class='ocr_carea' id='block_1_22' title="bbox 196 2049 1786 2126">
    <p class='ocr_par' dir='ltr' id='par_1_22' title="bbox 196 2049 1786 2126">
     <span class='ocr_line' id='line_1_22' title="bbox 196 2049 1786 2126; baseline 0.004 -24"><span class='ocrx_word' id='word_1_143' title='bbox 196 2051 285 2103; x_wconf 69' lang='grc' dir='ltr'>τὸν</span> <span class='ocrx_word' id='word_1_144' title='bbox 310 2051 370 2104; x_wconf 76' lang='grc' dir='ltr'>δὲ</span> <span class='ocrx_word' id='word_1_145' title='bbox 406 2052 760 2123; x_wconf 82' lang='grc' dir='ltr'><strong>παραστῆσαι</strong></span> <span class='ocrx_word' id='word_1_146' title='bbox 786 2053 860 2122; x_wconf 77' lang='grc' dir='ltr'>μὴ</span> <span class='ocrx_word' id='word_1_147' title='bbox 885 2049 1026 2107; x_wconf 74' lang='grc' dir='ltr'>εἶναι</span> <span class='ocrx_word' id='word_1_148' title='bbox 1057 2055 1405 2123; x_wconf 82' lang='grc' dir='ltr'>συγχυτικὸν,</span> <span class='ocrx_word' id='word_1_149' title='bbox 1431 2059 1525 2108; x_wconf 77' lang='grc' dir='ltr'>καὶ</span> <span class='ocrx_word' id='word_1_150' title='bbox 1554 2056 1786 2126; x_wconf 79' lang='grc' dir='ltr'>ἑτέρωσε</span> 
     </span>
    </p>
   </div>
   <div class='ocr_carea' id='block_1_23' title="bbox 197 2142 1786 2215">
    <p class='ocr_par' dir='ltr' id='par_1_23' title="bbox 197 2142 1786 2215">
     <span class='ocr_line' id='line_1_23' title="bbox 197 2142 1786 2215; baseline 0.003 -21"><span class='ocrx_word' id='word_1_151' title='bbox 197 2142 492 2206; x_wconf 66' lang='grc' dir='ltr'>δοξάζοντι..</span> <span class='ocrx_word' id='word_1_152' title='bbox 549 2143 680 2213; x_wconf 83' lang='grc' dir='ltr'>μίαν</span> <span class='ocrx_word' id='word_1_153' title='bbox 726 2145 888 2213; x_wconf 83' lang='grc' dir='ltr'>φύσιν</span> <span class='ocrx_word' id='word_1_154' title='bbox 940 2145 1032 2198; x_wconf 71' lang='grc' dir='ltr'>ἐπὶ</span> <span class='ocrx_word' id='word_1_155' title='bbox 1075 2145 1334 2215; x_wconf 75' lang='grc' dir='ltr'>Χριστοῦ,</span> <span class='ocrx_word' id='word_1_156' title='bbox 1365 2145 1432 2199; x_wconf 86' lang='grc' dir='ltr'>δι’</span> <span class='ocrx_word' id='word_1_157' title='bbox 1456 2146 1587 2199; x_wconf 83' lang='grc' dir='ltr'>αὐτὸ</span> <span class='ocrx_word' id='word_1_158' title='bbox 1608 2145 1786 2212; x_wconf 76' lang='grc' dir='ltr'>τοῦτο,</span> 
     </span>
    </p>
   </div>
   <div class='ocr_carea' id='block_1_24' title="bbox 201 2232 1783 2304">
    <p class='ocr_par' dir='ltr' id='par_1_24' title="bbox 201 2232 1783 2304">
     <span class='ocr_line' id='line_1_24' title="bbox 201 2232 1783 2304; baseline 0.007 -21"><span class='ocrx_word' id='word_1_159' title='bbox 201 2234 336 2302; x_wconf 78' lang='grc' dir='ltr'>μηδὲ</span> <span class='ocrx_word' id='word_1_160' title='bbox 359 2232 438 2303; x_wconf 77' lang='grc' dir='ltr'>τῷ</span> <span class='ocrx_word' id='word_1_161' title='bbox 461 2234 612 2304; x_wconf 80' lang='grc' dir='ltr'>αὐτῷ</span> <span class='ocrx_word' id='word_1_162' title='bbox 640 2234 942 2304; x_wconf 83' lang='grc' dir='ltr'>ἁναθέματι</span> <span class='ocrx_word' id='word_1_163' title='bbox 1004 2237 1230 2299; x_wconf 76' lang='grc' dir='ltr'>δικαῖως</span> <span class='ocrx_word' id='word_1_164' title='bbox 1256 2235 1783 2294; x_wconf 80' lang='grc' dir='ltr'>καθυποσάλλεσθαι.</span> 
     </span>
    </p>
   </div>
   <div class='ocr_carea' id='block_1_25' title="bbox 211 2325 1785 2399">
    <p class='ocr_par' dir='ltr' id='par_1_25' title="bbox 211 2325 1785 2399">
     <span class='ocr_line' id='line_1_25' title="bbox 211 2325 1785 2399; baseline 0.005 -24"><span class='ocrx_word' id='word_1_165' title='bbox 211 2325 356 2376; x_wconf 71' lang='grc' dir='ltr'>Ἀλλ’</span> <span class='ocrx_word' id='word_1_166' title='bbox 413 2327 464 2377; x_wconf 81' lang='grc' dir='ltr'><strong>εἰ</strong></span> <span class='ocrx_word' id='word_1_167' title='bbox 507 2326 606 2394; x_wconf 83' lang='grc' dir='ltr'>μὲν</span> <span class='ocrx_word' id='word_1_168' title='bbox 635 2328 664 2378; x_wconf 91' lang='grc' dir='ltr'><strong>ὁ</strong></span> <span class='ocrx_word' id='word_1_169' title='bbox 708 2325 864 2393; x_wconf 82' lang='grc' dir='ltr'>λόγος</span> <span class='ocrx_word' id='word_1_170' title='bbox 895 2329 924 2380; x_wconf 89' lang='grc' dir='ltr'><strong>ὁ</strong></span> <span class='ocrx_word' id='word_1_171' title='bbox 954 2327 1044 2390; x_wconf 83' lang='grc' dir='ltr'><strong>σδς</strong></span> <span class='ocrx_word' id='word_1_172' title='bbox 1089 2328 1152 2381; x_wconf 79' lang='grc' dir='ltr'>τὸ</span> <span class='ocrx_word' id='word_1_173' title='bbox 1181 2327 1438 2398; x_wconf 82' lang='grc' dir='ltr'>διάφορον</span> <span class='ocrx_word' id='word_1_174' title='bbox 1479 2328 1575 2399; x_wconf 81' lang='grc' dir='ltr'>τῆς</span> <span class='ocrx_word' id='word_1_175' title='bbox 1607 2329 1785 2399; x_wconf 87' lang='grc' dir='ltr'>δόξης,</span> 
     </span>
    </p>
   </div>
   <div class='ocr_carea' id='block_1_26' title="bbox 199 2416 1789 2490">
    <p class='ocr_par' dir='ltr' id='par_1_26' title="bbox 199 2416 1789 2490">
     <span class='ocr_line' id='line_1_26' title="bbox 199 2416 1789 2490; baseline 0.004 -23"><span class='ocrx_word' id='word_1_176' title='bbox 199 2418 344 2484; x_wconf 80' lang='grc' dir='ltr'>φημί</span> <span class='ocrx_word' id='word_1_177' title='bbox 370 2417 436 2488; x_wconf 84' lang='grc' dir='ltr'>δὴ</span> <span class='ocrx_word' id='word_1_178' title='bbox 465 2416 559 2469; x_wconf 82' lang='grc' dir='ltr'>τοῦ</span> <span class='ocrx_word' id='word_1_179' title='bbox 582 2418 854 2488; x_wconf 78' lang='grc' dir='ltr'>Εὐτυχοῦς</span> <span class='ocrx_word' id='word_1_180' title='bbox 881 2421 973 2472; x_wconf 77' lang='grc' dir='ltr'>καὶ</span> <span class='ocrx_word' id='word_1_181' title='bbox 998 2420 1097 2489; x_wconf 82' lang='grc' dir='ltr'>τῆς</span> <span class='ocrx_word' id='word_1_182' title='bbox 1127 2420 1224 2488; x_wconf 86' lang='grc' dir='ltr'>σῆς</span> <span class='ocrx_word' id='word_1_183' title='bbox 1249 2420 1564 2489; x_wconf 78' lang='grc' dir='ltr'>ὁμολογίας,</span> <span class='ocrx_word' id='word_1_184' title='bbox 1598 2421 1789 2490; x_wconf 82' lang='grc' dir='ltr'>βούλε-</span> 
     </span>
    </p>
   </div>
   <div class='ocr_carea' id='block_1_27' title="bbox 198 2511 1790 2582">
    <p class='ocr_par' dir='ltr' id='par_1_27' title="bbox 198 2511 1790 2582">
     <span class='ocr_line' id='line_1_27' title="bbox 198 2511 1790 2582; baseline 0.004 -21"><span class='ocrx_word' id='word_1_185' title='bbox 198 2527 290 2563; x_wconf 85' lang='grc' dir='ltr'><strong>ται</strong></span> <span class='ocrx_word' id='word_1_186' title='bbox 321 2513 622 2581; x_wconf 75' lang='grc' dir='ltr'>παριστᾷν,</span> <span class='ocrx_word' id='word_1_187' title='bbox 647 2511 722 2574; x_wconf 88' lang='grc' dir='ltr'>ὡς</span> <span class='ocrx_word' id='word_1_188' title='bbox 753 2512 1004 2565; x_wconf 77' lang='grc' dir='ltr'>ἐντεῦθεν</span> <span class='ocrx_word' id='word_1_189' title='bbox 1034 2513 1170 2582; x_wconf 82' lang='grc' dir='ltr'>μηδὲ</span> <span class='ocrx_word' id='word_1_190' title='bbox 1196 2513 1276 2582; x_wconf 84' lang='grc' dir='ltr'><strong>τῷ</strong></span> <span class='ocrx_word' id='word_1_191' title='bbox 1305 2513 1456 2582; x_wconf 84' lang='grc' dir='ltr'>αὐτῷ</span> <span class='ocrx_word' id='word_1_192' title='bbox 1486 2515 1790 2581; x_wconf 80' lang='grc' dir='ltr'>ἀναθέματι</span> 
     </span>
    </p>
   </div>
   <div class='ocr_carea' id='block_1_28' title="bbox 203 2602 1790 2675">
    <p class='ocr_par' dir='ltr' id='par_1_28' title="bbox 203 2602 1790 2675">
     <span class='ocr_line' id='line_1_28' title="bbox 203 2602 1790 2675; baseline 0.004 -23"><span class='ocrx_word' id='word_1_193' title='bbox 203 2602 640 2670; x_wconf 85' lang='grc' dir='ltr'>συναπάγεσθαι,</span> <span class='ocrx_word' id='word_1_194' title='bbox 663 2606 692 2657; x_wconf 90' lang='grc' dir='ltr'><strong>ὁ</strong></span> <span class='ocrx_word' id='word_1_195' title='bbox 716 2603 848 2672; x_wconf 81' lang='grc' dir='ltr'>γοῦν</span> <span class='ocrx_word' id='word_1_196' title='bbox 881 2605 1148 2675; x_wconf 84' lang='grc' dir='ltr'>ἡμέτερος</span> <span class='ocrx_word' id='word_1_197' title='bbox 1176 2605 1332 2674; x_wconf 87' lang='grc' dir='ltr'>λόγος</span> <span class='ocrx_word' id='word_1_198' title='bbox 1346 2607 1441 2674; x_wconf 82' lang='grc' dir='ltr'>τῆς</span> <span class='ocrx_word' id='word_1_199' title='bbox 1464 2606 1790 2671; x_wconf 80' lang='grc' dir='ltr'>ἀποδείξεως</span> 
     </span>
    </p>
   </div>
   <div class='ocr_carea' id='block_1_29' title="bbox 203 2691 1791 2771">
    <p class='ocr_par' dir='ltr' id='par_1_29' title="bbox 203 2691 1791 2771">
     <span class='ocr_line' id='line_1_29' title="bbox 203 2691 1791 2771; baseline 0.006 -27"><span class='ocrx_word' id='word_1_200' title='bbox 203 2691 352 2744; x_wconf 75' lang='grc' dir='ltr'><strong>οὔτω</strong></span> <span class='ocrx_word' id='word_1_201' title='bbox 382 2694 616 2762; x_wconf 87' lang='grc' dir='ltr'>λέγοντά</span> <span class='ocrx_word' id='word_1_202' title='bbox 646 2713 706 2748; x_wconf 91' lang='grc' dir='ltr'><strong>σε</strong></span> <span class='ocrx_word' id='word_1_203' title='bbox 761 2697 892 2765; x_wconf 87' lang='grc' dir='ltr'>μίαν</span> <span class='ocrx_word' id='word_1_204' title='bbox 943 2697 1104 2766; x_wconf 79' lang='grc' dir='ltr'>φύσιν</span> <span class='ocrx_word' id='word_1_205' title='bbox 1136 2700 1228 2750; x_wconf 75' lang='grc' dir='ltr'>ἐπὶ</span> <span class='ocrx_word' id='word_1_206' title='bbox 1253 2699 1351 2768; x_wconf 78' lang='grc' dir='ltr'>τῆς</span> <span class='ocrx_word' id='word_1_207' title='bbox 1381 2699 1625 2760; x_wconf 73' lang='grc' dir='ltr'>ὲνώσεως</span> <span class='ocrx_word' id='word_1_208' title='bbox 1653 2702 1791 2771; x_wconf 83' lang='grc' dir='ltr'>Χρι-</span> 
     </span>
    </p>
   </div>
   <div class='ocr_carea' id='block_1_30' title="bbox 205 2785 1790 2861">
    <p class='ocr_par' dir='ltr' id='par_1_30' title="bbox 205 2785 1790 2861">
     <span class='ocr_line' id='line_1_30' title="bbox 205 2785 1790 2861; baseline 0.005 -25"><span class='ocrx_word' id='word_1_209' title='bbox 205 2785 359 2851; x_wconf 79' lang='grc' dir='ltr'>στοῦ,</span> <span class='ocrx_word' id='word_1_210' title='bbox 411 2787 518 2839; x_wconf 78' lang='grc' dir='ltr'><strong>κᾶν</strong></span> <span class='ocrx_word' id='word_1_211' title='bbox 551 2788 626 2857; x_wconf 81' lang='grc' dir='ltr'>μὴ</span> <span class='ocrx_word' id='word_1_212' title='bbox 678 2790 742 2840; x_wconf 80' lang='grc' dir='ltr'>ἐκ</span> <span class='ocrx_word' id='word_1_213' title='bbox 796 2789 1019 2859; x_wconf 79' lang='grc' dir='ltr'>πρώτης</span> <span class='ocrx_word' id='word_1_214' title='bbox 1074 2789 1248 2852; x_wconf 73' lang='grc' dir='ltr'>οὕτως</span> <span class='ocrx_word' id='word_1_215' title='bbox 1301 2789 1790 2861; x_wconf 76' lang='grc' dir='ltr'>εὖροιδοξάζοντα,</span> 
     </span>
    </p>
   </div>
   <div class='ocr_carea' id='block_1_31' title="bbox 205 2874 1793 2953">
    <p class='ocr_par' dir='ltr' id='par_1_31' title="bbox 205 2874 1793 2953">
     <span class='ocr_line' id='line_1_31' title="bbox 205 2874 1793 2953; baseline 0.005 -24"><span class='ocrx_word' id='word_1_216' title='bbox 205 2877 324 2930; x_wconf 72' lang='grc' dir='ltr'>ἀλλ’</span> <span class='ocrx_word' id='word_1_217' title='bbox 376 2879 434 2944; x_wconf 76' lang='grc' dir='ltr'>ἐξ</span> <span class='ocrx_word' id='word_1_218' title='bbox 504 2874 580 2932; x_wconf 82' lang='grc' dir='ltr'><strong>ὧν</strong></span> <span class='ocrx_word' id='word_1_219' title='bbox 638 2879 841 2948; x_wconf 82' lang='grc' dir='ltr'>λέγεις,</span> <span class='ocrx_word' id='word_1_220' title='bbox 891 2881 1189 2946; x_wconf 80' lang='grc' dir='ltr'>ὲξάπαντος</span> <span class='ocrx_word' id='word_1_221' title='bbox 1231 2884 1310 2945; x_wconf 89' lang='grc' dir='ltr'><strong>εἰς</strong></span> <span class='ocrx_word' id='word_1_222' title='bbox 1339 2883 1431 2935; x_wconf 74' lang='grc' dir='ltr'>τδν</span> <span class='ocrx_word' id='word_1_223' title='bbox 1467 2884 1562 2952; x_wconf 80' lang='grc' dir='ltr'>τῆς</span> <span class='ocrx_word' id='word_1_224' title='bbox 1594 2885 1793 2953; x_wconf 83' lang='grc' dir='ltr'>άναχύ-</span> 
     </span>
    </p>
   </div>
   <div class='ocr_carea' id='block_1_32' title="bbox 209 2970 1790 3044">
    <p class='ocr_par' dir='ltr' id='par_1_32' title="bbox 209 2970 1790 3044">
     <span class='ocr_line' id='line_1_32' title="bbox 209 2970 1790 3044; baseline 0.006 -24"><span class='ocrx_word' id='word_1_225' title='bbox 209 2985 351 3032; x_wconf 89' lang='grc' dir='ltr'>σεως</span> <span class='ocrx_word' id='word_1_226' title='bbox 374 2970 580 3040; x_wconf 78' lang='grc' dir='ltr'>τρόπον</span> <span class='ocrx_word' id='word_1_227' title='bbox 604 2972 877 3040; x_wconf 82' lang='grc' dir='ltr'>περιάξει,</span> <span class='ocrx_word' id='word_1_228' title='bbox 921 2975 1014 3026; x_wconf 83' lang='grc' dir='ltr'>καὶ</span> <span class='ocrx_word' id='word_1_229' title='bbox 1039 2973 1198 3027; x_wconf 86' lang='grc' dir='ltr'>τοῦτό</span> <span class='ocrx_word' id='word_1_230' title='bbox 1235 2991 1316 3026; x_wconf 93' lang='grc' dir='ltr'><strong>σοι</strong></span> <span class='ocrx_word' id='word_1_231' title='bbox 1337 2975 1494 3044; x_wconf 80' lang='grc' dir='ltr'>δῆλον</span> <span class='ocrx_word' id='word_1_232' title='bbox 1519 2976 1790 3030; x_wconf 78' lang='grc' dir='ltr'>ἐντεῦθεν.</span> 
     </span>
    </p>
   </div>
   <div class='ocr_carea' id='block_1_33' title="bbox 206 3059 1792 3137">
    <p class='ocr_par' dir='ltr' id='par_1_33' title="bbox 206 3059 1792 3137">
     <span class='ocr_line' id='line_1_33' title="bbox 206 3059 1792 3137; baseline 0.006 -26"><span class='ocrx_word' id='word_1_233' title='bbox 206 3059 376 3126; x_wconf 86' lang='grc' dir='ltr'>Τρεῖς</span> <span class='ocrx_word' id='word_1_234' title='bbox 428 3061 613 3115; x_wconf 87' lang='grc' dir='ltr'>τοίνυν</span> <span class='ocrx_word' id='word_1_235' title='bbox 651 3064 707 3115; x_wconf 90' lang='grc' dir='ltr'>αἱ</span> <span class='ocrx_word' id='word_1_236' title='bbox 759 3064 1022 3118; x_wconf 82' lang='grc' dir='ltr'><strong>ἀνωτάτω</strong></span> <span class='ocrx_word' id='word_1_237' title='bbox 1057 3065 1204 3129; x_wconf 84' lang='grc' dir='ltr'>δόξαι</span> <span class='ocrx_word' id='word_1_238' title='bbox 1253 3067 1382 3137; x_wconf 76' lang='grc' dir='ltr'>περὶ</span> <span class='ocrx_word' id='word_1_239' title='bbox 1421 3067 1520 3136; x_wconf 87' lang='grc' dir='ltr'><strong>τῆς</strong></span> <span class='ocrx_word' id='word_1_240' title='bbox 1547 3067 1792 3132; x_wconf 82' lang='grc' dir='ltr'>ὲνὼσεως</span> 
     </span>
    </p>
   </div>
   <div class='ocr_carea' id='block_1_34' title="bbox 206 3147 1792 3229">
    <p class='ocr_par' dir='ltr' id='par_1_34' title="bbox 206 3147 1792 3229">
     <span class='ocr_line' id='line_1_34' title="bbox 206 3147 1792 3229; baseline 0.008 -30"><span class='ocrx_word' id='word_1_241' title='bbox 206 3147 318 3200; x_wconf 79' lang='grc' dir='ltr'><strong>τῶν</strong></span> <span class='ocrx_word' id='word_1_242' title='bbox 353 3151 411 3201; x_wconf 83' lang='grc' dir='ltr'><strong>ὲν</strong></span> <span class='ocrx_word' id='word_1_243' title='bbox 441 3150 666 3220; x_wconf 79' lang='grc' dir='ltr'>Χριστῷ</span> <span class='ocrx_word' id='word_1_244' title='bbox 717 3151 934 3221; x_wconf 85' lang='grc' dir='ltr'>φύσεων</span> <span class='ocrx_word' id='word_1_245' title='bbox 980 3154 1416 3224; x_wconf 74' lang='grc' dir='ltr'>κατεϐλήθησαν,</span> <span class='ocrx_word' id='word_1_246' title='bbox 1468 3157 1792 3229; x_wconf 81' lang='grc' dir='ltr'>διαιρετικὴ,</span> 
     </span>
    </p>
   </div>
   <div class='ocr_carea' id='block_1_35' title="bbox 1885 589 3460 659">
    <p class='ocr_par' dir='ltr' id='par_1_35' title="bbox 1885 589 3460 659">
     <span class='ocr_line' id='line_1_35' title="bbox 1885 589 3460 659; baseline 0.002 -17"><span class='ocrx_word' id='word_1_247' title='bbox 1885 591 1955 642; x_wconf 88' lang='lat' dir='ltr'><strong>ob</strong></span> <span class='ocrx_word' id='word_1_248' title='bbox 1981 605 2176 642; x_wconf 79' lang='lat' dir='ltr'><strong>causas</strong></span> <span class='ocrx_word' id='word_1_249' title='bbox 2208 590 2487 642; x_wconf 87' lang='lat' dir='ltr'><strong>nominum</strong></span> <span class='ocrx_word' id='word_1_250' title='bbox 2532 597 2846 643; x_wconf 74' lang='lat' dir='ltr'><strong>accuratam</strong></span> <span class='ocrx_word' id='word_1_251' title='bbox 2876 589 3330 659; x_wconf 81' lang='lat' dir='ltr'><strong>significationem</strong></span> <span class='ocrx_word' id='word_1_252' title='bbox 3364 609 3460 645; x_wconf 89' lang='lat' dir='ltr'><strong>ne-</strong></span> 
     </span>
    </p>
   </div>
   <div class='ocr_carea' id='block_1_36' title="bbox 1885 682 3462 754">
    <p class='ocr_par' dir='ltr' id='par_1_36' title="bbox 1885 682 3462 754">
     <span class='ocr_line' id='line_1_36' title="bbox 1885 682 3462 754; baseline 0.003 -20"><span class='ocrx_word' id='word_1_253' title='bbox 1885 683 2072 753; x_wconf 72' lang='lat' dir='ltr'><strong>glexit.</strong></span> <span class='ocrx_word' id='word_1_254' title='bbox 2134 683 2209 735; x_wconf 77' lang='lat' dir='ltr'><strong>Ex</strong></span> <span class='ocrx_word' id='word_1_255' title='bbox 2275 682 2545 736; x_wconf 77' lang='lat' dir='ltr'><strong>similibus</strong></span> <span class='ocrx_word' id='word_1_256' title='bbox 2595 683 2919 737; x_wconf 64' lang='lat' dir='ltr'><strong>testimonia</strong></span> <span class='ocrx_word' id='word_1_257' title='bbox 2961 684 3300 754; x_wconf 79' lang='lat' dir='ltr'><strong>congerenda</strong></span> <span class='ocrx_word' id='word_1_258' title='bbox 3354 699 3462 738; x_wconf 89' lang='lat' dir='ltr'><strong>non</strong></span> 
     </span>
    </p>
   </div>
   <div class='ocr_carea' id='block_1_37' title="bbox 1885 773 3462 845">
    <p class='ocr_par' dir='ltr' id='par_1_37' title="bbox 1885 773 3462 845">
     <span class='ocr_line' id='line_1_37' title="bbox 1885 773 3462 845; baseline -0.001 -17"><span class='ocrx_word' id='word_1_259' title='bbox 1885 784 2032 836; x_wconf 84' lang='lat' dir='ltr'><strong>sunt,</strong></span> <span class='ocrx_word' id='word_1_260' title='bbox 2067 773 2185 835; x_wconf 85' lang='lat' dir='ltr'><strong>sed,</strong></span> <span class='ocrx_word' id='word_1_261' title='bbox 2218 784 2276 827; x_wconf 85' lang='grc' dir='ltr'><strong>ιιι</strong></span> <span class='ocrx_word' id='word_1_262' title='bbox 2309 790 2474 843; x_wconf 79' lang='lat' dir='ltr'><strong>supra</strong></span> <span class='ocrx_word' id='word_1_263' title='bbox 2507 775 2766 829; x_wconf 62' lang='lat' dir='ltr'><strong>diximus.</strong></span> <span class='ocrx_word' id='word_1_264' title='bbox 2796 775 2850 827; x_wconf 90' lang='lat' dir='ltr'><strong>Id</strong></span> <span class='ocrx_word' id='word_1_265' title='bbox 2883 785 2936 828; x_wconf 93' lang='lat' dir='ltr'><strong>tu</strong></span> <span class='ocrx_word' id='word_1_266' title='bbox 2955 791 3174 845; x_wconf 89' lang='lat' dir='ltr'><strong>quoque</strong></span> <span class='ocrx_word' id='word_1_267' title='bbox 3207 777 3297 830; x_wconf 91' lang='lat' dir='ltr'><strong>ubi</strong></span> <span class='ocrx_word' id='word_1_268' title='bbox 3326 775 3462 829; x_wconf 81' lang='lat' dir='ltr'><strong>fece-</strong></span> 
     </span>
    </p>
   </div>
   <div class='ocr_carea' id='block_1_38' title="bbox 1885 864 3465 937">
    <p class='ocr_par' dir='ltr' id='par_1_38' title="bbox 1885 864 3465 937">
     <span class='ocr_line' id='line_1_38' title="bbox 1885 864 3465 937; baseline 0.003 -21"><span class='ocrx_word' id='word_1_269' title='bbox 1885 866 1982 925; x_wconf 89' lang='lat' dir='ltr'><strong>ris,</strong></span> <span class='ocrx_word' id='word_1_270' title='bbox 2021 864 2163 917; x_wconf 81' lang='lat' dir='ltr'><strong>nulla</strong></span> <span class='ocrx_word' id='word_1_271' title='bbox 2203 867 2508 935; x_wconf 76' lang='lat' dir='ltr'><strong>competies</strong></span> <span class='ocrx_word' id='word_1_272' title='bbox 2557 867 2863 921; x_wconf 62' lang='lat' dir='ltr'><strong>testimonia</strong></span> <span class='ocrx_word' id='word_1_273' title='bbox 2892 869 3148 931; x_wconf 84' lang='lat' dir='ltr'><strong>Patrum,</strong></span> <span class='ocrx_word' id='word_1_274' title='bbox 3185 882 3306 937; x_wconf 68' lang='lat' dir='ltr'><strong>qua:</strong></span> <span class='ocrx_word' id='word_1_275' title='bbox 3335 884 3465 923; x_wconf 83' lang='lat' dir='ltr'><strong>sen-</strong></span> 
     </span>
    </p>
   </div>
   <div class='ocr_carea' id='block_1_39' title="bbox 1884 958 3455 1030">
    <p class='ocr_par' dir='ltr' id='par_1_39' title="bbox 1884 958 3455 1030">
     <span class='ocr_line' id='line_1_39' title="bbox 1884 958 3455 1030; baseline 0.003 -22"><span class='ocrx_word' id='word_1_276' title='bbox 1884 958 2106 1010; x_wconf 88' lang='lat' dir='ltr'><strong>tentiam</strong></span> <span class='ocrx_word' id='word_1_277' title='bbox 2142 967 2286 1011; x_wconf 87' lang='lat' dir='ltr'><strong>tuam</strong></span> <span class='ocrx_word' id='word_1_278' title='bbox 2334 961 2401 1012; x_wconf 83' lang='lat' dir='ltr'><strong>de.</strong></span> <span class='ocrx_word' id='word_1_279' title='bbox 2451 972 2556 1012; x_wconf 87' lang='lat' dir='ltr'><strong>una</strong></span> <span class='ocrx_word' id='word_1_280' title='bbox 2605 960 2811 1013; x_wconf 58' lang='lat' dir='ltr'><strong>(Zbrhti</strong></span> <span class='ocrx_word' id='word_1_281' title='bbox 2846 971 3046 1015; x_wconf 76' lang='lat' dir='ltr'><strong>natura</strong></span> <span class='ocrx_word' id='word_1_282' title='bbox 3074 961 3455 1030; x_wconf 59' lang='lat' dir='ltr'><strong>comprobent.-</strong></span> 
     </span>
    </p>
   </div>
   <div class='ocr_carea' id='block_1_40' title="bbox 1957 1135 3468 1209">
    <p class='ocr_par' dir='ltr' id='par_1_40' title="bbox 1957 1135 3468 1209">
     <span class='ocr_line' id='line_1_40' title="bbox 1957 1135 3468 1209; baseline 0.003 -19"><span class='ocrx_word' id='word_1_283' title='bbox 1957 1137 2040 1191; x_wconf 77' lang='grc'><strong>15.</strong></span> <span class='ocrx_word' id='word_1_284' title='bbox 2075 1135 2130 1191; x_wconf 89' lang='lat' dir='ltr'><strong>In</strong></span> <span class='ocrx_word' id='word_1_285' title='bbox 2177 1137 2401 1206; x_wconf 83' lang='lat' dir='ltr'><strong>cpistola</strong></span> <span class='ocrx_word' id='word_1_286' title='bbox 2459 1154 2592 1194; x_wconf 86' lang='lat' dir='ltr'><strong>vero</strong></span> <span class='ocrx_word' id='word_1_287' title='bbox 2638 1148 2729 1192; x_wconf 89' lang='lat' dir='ltr'><strong>tua</strong></span> <span class='ocrx_word' id='word_1_288' title='bbox 2786 1157 3136 1209; x_wconf 72' lang='lat' dir='ltr'><strong>progressus,</strong></span> <span class='ocrx_word' id='word_1_289' title='bbox 3170 1143 3340 1197; x_wconf 70' lang='lat' dir='ltr'><strong>veluti</strong></span> <span class='ocrx_word' id='word_1_290' title='bbox 3383 1143 3468 1196; x_wconf 86' lang='lat' dir='ltr'><strong>in-</strong></span> 
     </span>
    </p>
   </div>
   <div class='ocr_carea' id='block_1_41' title="bbox 1885 1227 3466 1302">
    <p class='ocr_par' dir='ltr' id='par_1_41' title="bbox 1885 1227 3466 1302">
     <span class='ocr_line' id='line_1_41' title="bbox 1885 1227 3466 1302; baseline 0.003 -21"><span class='ocrx_word' id='word_1_291' title='bbox 1885 1227 2139 1298; x_wconf 81' lang='lat' dir='ltr'><strong>dignatus</strong></span> <span class='ocrx_word' id='word_1_292' title='bbox 2187 1229 2522 1299; x_wconf 76' lang='lat' dir='ltr'><strong>molesteque</strong></span> <span class='ocrx_word' id='word_1_293' title='bbox 2584 1232 2786 1291; x_wconf 86' lang='lat' dir='ltr'><strong>ferens,</strong></span> <span class='ocrx_word' id='word_1_294' title='bbox 2824 1234 2977 1300; x_wconf 88' lang='lat' dir='ltr'><strong>quod</strong></span> <span class='ocrx_word' id='word_1_295' title='bbox 3025 1246 3126 1287; x_wconf 89' lang='lat' dir='ltr'><strong>nos</strong></span> <span class='ocrx_word' id='word_1_296' title='bbox 3176 1233 3466 1302; x_wconf 38' lang='lat' dir='ltr'><strong>scripseris</strong></span> 
     </span>
    </p>
   </div>
   <div class='ocr_carea' id='block_1_42' title="bbox 1887 1322 3471 1394">
    <p class='ocr_par' dir='ltr' id='par_1_42' title="bbox 1887 1322 3471 1394">
     <span class='ocr_line' id='line_1_42' title="bbox 1887 1322 3471 1394; baseline 0.004 -22"><span class='ocrx_word' id='word_1_297' title='bbox 1887 1335 2027 1386; x_wconf 91' lang='lat' dir='ltr'><strong>mus,</strong></span> <span class='ocrx_word' id='word_1_298' title='bbox 2059 1329 2365 1376; x_wconf 74' lang='lat' dir='ltr'><strong>asserentes</strong></span> <span class='ocrx_word' id='word_1_299' title='bbox 2426 1337 2588 1376; x_wconf 88' lang='lat' dir='ltr'><strong>unam</strong></span> <span class='ocrx_word' id='word_1_300' title='bbox 2639 1322 2692 1375; x_wconf 90' lang='lat' dir='ltr'><strong>in</strong></span> <span class='ocrx_word' id='word_1_301' title='bbox 2727 1323 2948 1378; x_wconf 84' lang='lat' dir='ltr'><strong>Christo</strong></span> <span class='ocrx_word' id='word_1_302' title='bbox 2998 1331 3252 1378; x_wconf 87' lang='lat' dir='ltr'><strong>naturam</strong></span> <span class='ocrx_word' id='word_1_303' title='bbox 3306 1324 3471 1394; x_wconf 83' lang='lat' dir='ltr'><strong>Euty-</strong></span> 
     </span>
    </p>
   </div>
   <div class='ocr_carea' id='block_1_43' title="bbox 1883 1411 3462 1484">
    <p class='ocr_par' dir='ltr' id='par_1_43' title="bbox 1883 1411 3462 1484">
     <span class='ocr_line' id='line_1_43' title="bbox 1883 1411 3462 1484; baseline 0.006 -24"><span class='ocrx_word' id='word_1_304' title='bbox 1883 1411 2110 1465; x_wconf 80' lang='lat' dir='ltr'><strong>ebianos</strong></span> <span class='ocrx_word' id='word_1_305' title='bbox 2133 1425 2274 1471; x_wconf 84' lang='lat' dir='ltr'><strong>esse,</strong></span> <span class='ocrx_word' id='word_1_306' title='bbox 2299 1412 2602 1480; x_wconf 89' lang='lat' dir='ltr'><strong>eodemque</strong></span> <span class='ocrx_word' id='word_1_307' title='bbox 2628 1415 2973 1469; x_wconf 80' lang='lat' dir='ltr'><strong>anathemate</strong></span> <span class='ocrx_word' id='word_1_308' title='bbox 3012 1415 3303 1484; x_wconf 85' lang='lat' dir='ltr'><strong>acjudicio</strong></span> <span class='ocrx_word' id='word_1_309' title='bbox 3329 1415 3462 1469; x_wconf 88' lang='lat' dir='ltr'><strong>sub-</strong></span> 
     </span>
    </p>
   </div>
   <div class='ocr_carea' id='block_1_44' title="bbox 1878 1502 3472 1570">
    <p class='ocr_par' dir='ltr' id='par_1_44' title="bbox 1878 1502 3472 1570">
     <span class='ocr_line' id='line_1_44' title="bbox 1878 1502 3472 1570; baseline 0.003 -16"><span class='ocrx_word' id='word_1_310' title='bbox 1878 1502 1994 1570; x_wconf 87' lang='lat' dir='ltr'><strong>jici.</strong></span> <span class='ocrx_word' id='word_1_311' title='bbox 2055 1505 2164 1556; x_wconf 70' lang='lat' dir='ltr'><strong>haec</strong></span> <span class='ocrx_word' id='word_1_312' title='bbox 2186 1503 2386 1557; x_wconf 79' lang='lat' dir='ltr'><strong>scribis</strong></span> <span class='ocrx_word' id='word_1_313' title='bbox 2436 1521 2447 1556; x_wconf 90' lang='lat'>:</span> <span class='ocrx_word' id='word_1_314' title='bbox 2488 1504 2550 1556; x_wconf 74' lang='grc' dir='ltr'><strong>Ισῖι</strong></span> <span class='ocrx_word' id='word_1_315' title='bbox 2614 1504 2860 1570; x_wconf 75' lang='lat' dir='ltr'><strong>dicimus,</strong></span> <span class='ocrx_word' id='word_1_316' title='bbox 2909 1505 3138 1570; x_wconf 82' lang='lat' dir='ltr'><strong>domine,</strong></span> <span class='ocrx_word' id='word_1_317' title='bbox 3180 1508 3233 1560; x_wconf 85' lang='lat' dir='ltr'><strong>in</strong></span> <span class='ocrx_word' id='word_1_318' title='bbox 3289 1508 3383 1560; x_wconf 79' lang='lat' dir='ltr'><strong>hoc</strong></span> <span class='ocrx_word' id='word_1_319' title='bbox 3423 1516 3472 1559; x_wconf 80' lang='lat' dir='ltr'><strong>le</strong></span> 
     </span>
    </p>
   </div>
   <div class='ocr_carea' id='block_1_45' title="bbox 1885 1596 3472 1669">
    <p class='ocr_par' dir='ltr' id='par_1_45' title="bbox 1885 1596 3472 1669">
     <span class='ocr_line' id='line_1_45' title="bbox 1885 1596 3472 1669; baseline 0.005 -23"><span class='ocrx_word' id='word_1_320' title='bbox 1885 1611 1991 1647; x_wconf 84' lang='lat' dir='ltr'><strong>mm</strong></span> <span class='ocrx_word' id='word_1_321' title='bbox 2059 1605 2192 1650; x_wconf 78' lang='lat' dir='ltr'><strong>recte</strong></span> <span class='ocrx_word' id='word_1_322' title='bbox 2241 1596 2509 1665; x_wconf 74' lang='lat' dir='ltr'><strong>judicium</strong></span> <span class='ocrx_word' id='word_1_323' title='bbox 2581 1597 2808 1660; x_wconf 79' lang='lat' dir='ltr'>tulisse;</span> <span class='ocrx_word' id='word_1_324' title='bbox 2860 1598 3091 1667; x_wconf 89' lang='lat' dir='ltr'><strong>ideoque</strong></span> <span class='ocrx_word' id='word_1_325' title='bbox 3152 1599 3472 1669; x_wconf 83' lang='lat' dir='ltr'><strong>Eutychetis</strong></span> 
     </span>
    </p>
   </div>
   <div class='ocr_carea' id='block_1_46' title="bbox 1884 1688 3469 1758">
    <p class='ocr_par' dir='ltr' id='par_1_46' title="bbox 1884 1688 3469 1758">
     <span class='ocr_line' id='line_1_46' title="bbox 1884 1688 3469 1758; baseline 0.002 -21"><span class='ocrx_word' id='word_1_326' title='bbox 1884 1688 2193 1755; x_wconf 70' lang='lat' dir='ltr'><strong>opinionem</strong></span> <span class='ocrx_word' id='word_1_327' title='bbox 2246 1705 2520 1758; x_wconf 75' lang='lat' dir='ltr'><strong>exponere</strong></span> <span class='ocrx_word' id='word_1_328' title='bbox 2608 1689 2848 1752; x_wconf 84' lang='lat' dir='ltr'><strong>conaris,</strong></span> <span class='ocrx_word' id='word_1_329' title='bbox 2909 1689 3298 1758; x_wconf 85' lang='lat' dir='ltr'><strong>declarareque</strong></span> <span class='ocrx_word' id='word_1_330' title='bbox 3344 1703 3469 1743; x_wconf 78' lang='lat' dir='ltr'><strong>cuin</strong></span> 
     </span>
    </p>
   </div>
   <div class='ocr_carea' id='block_1_47' title="bbox 1889 1778 3473 1849">
    <p class='ocr_par' dir='ltr' id='par_1_47' title="bbox 1889 1778 3473 1849">
     <span class='ocr_line' id='line_1_47' title="bbox 1889 1778 3473 1849; baseline 0.001 -20"><span class='ocrx_word' id='word_1_331' title='bbox 1889 1778 2272 1833; x_wconf 79' lang='lat' dir='ltr'><strong>confusionem</strong></span> <span class='ocrx_word' id='word_1_332' title='bbox 2307 1782 2903 1849; x_wconf 85' lang='lat' dir='ltr'><strong>commutationemque</strong></span> <span class='ocrx_word' id='word_1_333' title='bbox 2948 1781 3004 1833; x_wconf 90' lang='lat' dir='ltr'><strong>in</strong></span> <span class='ocrx_word' id='word_1_334' title='bbox 3033 1779 3340 1834; x_wconf 74' lang='lat' dir='ltr'><strong>oeconomia</strong></span> <span class='ocrx_word' id='word_1_335' title='bbox 3374 1794 3473 1847; x_wconf 90' lang='lat' dir='ltr'><strong>po-</strong></span> 
     </span>
    </p>
   </div>
   <div class='ocr_carea' id='block_1_48' title="bbox 1823 1868 3475 1938">
    <p class='ocr_par' dir='ltr' id='par_1_48' title="bbox 1823 1868 3475 1938">
     <span class='ocr_line' id='line_1_48' title="bbox 1823 1868 3475 1938; baseline 0 -18"><span class='ocrx_word' id='word_1_336' title='bbox 1823 1878 1862 1931; x_wconf 76' lang='grc' dir='ltr'><strong>Β</strong></span> <span class='ocrx_word' id='word_1_337' title='bbox 1894 1885 2043 1933; x_wconf 87' lang='lat' dir='ltr'><strong>nere,</strong></span> <span class='ocrx_word' id='word_1_338' title='bbox 2077 1870 2319 1938; x_wconf 84' lang='lat' dir='ltr'><strong>nihilque</strong></span> <span class='ocrx_word' id='word_1_339' title='bbox 2349 1885 2413 1922; x_wconf 82' lang='lat' dir='ltr'><strong>ex</strong></span> <span class='ocrx_word' id='word_1_340' title='bbox 2462 1870 2827 1923; x_wconf 70' lang='grc' dir='ltr'>ἱιιηιιουιιιειιίε</span> <span class='ocrx_word' id='word_1_341' title='bbox 2891 1869 3211 1938; x_wconf 83' lang='lat' dir='ltr'><strong>sanctisque</strong></span> <span class='ocrx_word' id='word_1_342' title='bbox 3248 1868 3475 1938; x_wconf 48' lang='lat' dir='ltr'><strong>sanguib</strong></span> 
     </span>
    </p>
   </div>
   <div class='ocr_carea' id='block_1_49' title="bbox 1899 1959 3465 2030">
    <p class='ocr_par' dir='ltr' id='par_1_49' title="bbox 1899 1959 3465 2030">
     <span class='ocr_line' id='line_1_49' title="bbox 1899 1959 3465 2030; baseline 0.002 -19"><span class='ocrx_word' id='word_1_343' title='bbox 1899 1959 2060 2012; x_wconf 90' lang='lat' dir='ltr'><strong>nibus</strong></span> <span class='ocrx_word' id='word_1_344' title='bbox 2115 1959 2282 2013; x_wconf 83' lang='lat' dir='ltr'><strong>Deum</strong></span> <span class='ocrx_word' id='word_1_345' title='bbox 2331 1960 2566 2013; x_wconf 77' lang='lat' dir='ltr'><strong>Verbum</strong></span> <span class='ocrx_word' id='word_1_346' title='bbox 2615 1960 2999 2028; x_wconf 80' lang='lat' dir='ltr'>assumpsisse,</span> <span class='ocrx_word' id='word_1_347' title='bbox 3033 1969 3083 2015; x_wconf 91' lang='lat' dir='ltr'><strong>te</strong></span> <span class='ocrx_word' id='word_1_348' title='bbox 3111 1961 3289 2030; x_wconf 86' lang='lat' dir='ltr'><strong>ipsum</strong></span> <span class='ocrx_word' id='word_1_349' title='bbox 3327 1975 3465 2014; x_wconf 84' lang='lat' dir='ltr'><strong>vero</strong></span> 
     </span>
    </p>
   </div>
   <div class='ocr_carea' id='block_1_50' title="bbox 1898 2051 3466 2123">
    <p class='ocr_par' dir='ltr' id='par_1_50' title="bbox 1898 2051 3466 2123">
     <span class='ocr_line' id='line_1_50' title="bbox 1898 2051 3466 2123; baseline 0 -20"><span class='ocrx_word' id='word_1_350' title='bbox 1898 2054 2129 2123; x_wconf 86' lang='lat' dir='ltr'><strong>probare</strong></span> <span class='ocrx_word' id='word_1_351' title='bbox 2199 2069 2306 2106; x_wconf 88' lang='lat' dir='ltr'><strong>non</strong></span> <span class='ocrx_word' id='word_1_352' title='bbox 2355 2053 2700 2106; x_wconf 77' lang='lat' dir='ltr'><strong>introducere</strong></span> <span class='ocrx_word' id='word_1_353' title='bbox 2747 2051 3150 2115; x_wconf 88' lang='lat' dir='ltr'><strong>confusionem,</strong></span> <span class='ocrx_word' id='word_1_354' title='bbox 3192 2061 3245 2106; x_wconf 87' lang='lat' dir='ltr'><strong>et</strong></span> <span class='ocrx_word' id='word_1_355' title='bbox 3297 2051 3422 2105; x_wconf 85' lang='lat' dir='ltr'><strong>alibi</strong></span> <span class='ocrx_word' id='word_1_356' title='bbox 3451 2091 3466 2110; x_wconf 93' lang='lat'><strong>,</strong></span> 
     </span>
    </p>
   </div>
   <div class='ocr_carea' id='block_1_51' title="bbox 1899 2142 3475 2212">
    <p class='ocr_par' dir='ltr' id='par_1_51' title="bbox 1899 2142 3475 2212">
     <span class='ocr_line' id='line_1_51' title="bbox 1899 2142 3475 2212; baseline -0.002 -15"><span class='ocrx_word' id='word_1_357' title='bbox 1899 2161 2060 2197; x_wconf 78' lang='lat' dir='ltr'><strong>unum</strong></span> <span class='ocrx_word' id='word_1_358' title='bbox 2089 2153 2335 2198; x_wconf 85' lang='lat' dir='ltr'><strong>naturam</strong></span> <span class='ocrx_word' id='word_1_359' title='bbox 2362 2145 2716 2197; x_wconf 68' lang='lat' dir='ltr'><strong>afﬁrmantem</strong></span> <span class='ocrx_word' id='word_1_360' title='bbox 2749 2144 2800 2196; x_wconf 86' lang='lat' dir='ltr'><strong>iu</strong></span> <span class='ocrx_word' id='word_1_361' title='bbox 2829 2142 3069 2206; x_wconf 79' lang='lat' dir='ltr'><strong>Christo,</strong></span> <span class='ocrx_word' id='word_1_362' title='bbox 3093 2157 3201 2197; x_wconf 88' lang='lat' dir='ltr'><strong>non</strong></span> <span class='ocrx_word' id='word_1_363' title='bbox 3221 2153 3475 2212; x_wconf 60' lang='lat' dir='ltr'><strong>proptere-</strong></span> 
     </span>
    </p>
   </div>
   <div class='ocr_carea' id='block_1_52' title="bbox 1896 2232 3479 2302">
    <p class='ocr_par' dir='ltr' id='par_1_52' title="bbox 1896 2232 3479 2302">
     <span class='ocr_line' id='line_1_52' title="bbox 1896 2232 3479 2302; baseline -0.001 -16"><span class='ocrx_word' id='word_1_364' title='bbox 1896 2249 1957 2287; x_wconf 80' lang='lat' dir='ltr'><strong>ea</strong></span> <span class='ocrx_word' id='word_1_365' title='bbox 1999 2235 2330 2290; x_wconf 83' lang='lat' dir='ltr'><strong>anathemati</strong></span> <span class='ocrx_word' id='word_1_366' title='bbox 2375 2235 2565 2288; x_wconf 89' lang='lat' dir='ltr'><strong>merito</strong></span> <span class='ocrx_word' id='word_1_367' title='bbox 2614 2233 2832 2302; x_wconf 82' lang='lat' dir='ltr'><strong>subjici.</strong></span> <span class='ocrx_word' id='word_1_368' title='bbox 2895 2232 2959 2286; x_wconf 85' lang='lat' dir='ltr'><strong>Et</strong></span> <span class='ocrx_word' id='word_1_369' title='bbox 2987 2233 3113 2288; x_wconf 88' lang='lat' dir='ltr'><strong>licet</strong></span> <span class='ocrx_word' id='word_1_370' title='bbox 3143 2247 3323 2288; x_wconf 82' lang='lat' dir='ltr'><strong>sermo</strong></span> <span class='ocrx_word' id='word_1_371' title='bbox 3352 2240 3479 2284; x_wconf 86' lang='lat' dir='ltr'><strong>tuus</strong></span> 
     </span>
    </p>
   </div>
   <div class='ocr_carea' id='block_1_53' title="bbox 1895 2323 3481 2398">
    <p class='ocr_par' dir='ltr' id='par_1_53' title="bbox 1895 2323 3481 2398">
     <span class='ocr_line' id='line_1_53' title="bbox 1895 2323 3481 2398; baseline -0.004 -16"><span class='ocrx_word' id='word_1_372' title='bbox 1895 2327 2174 2396; x_wconf 80' lang='lat' dir='ltr'><strong>Opinionis</strong></span> <span class='ocrx_word' id='word_1_373' title='bbox 2216 2326 2568 2398; x_wconf 75' lang='lat' dir='ltr'><strong>Eutychianae</strong></span> <span class='ocrx_word' id='word_1_374' title='bbox 2623 2338 2836 2395; x_wconf 78' lang='lat' dir='ltr'><strong>tua-que</strong></span> <span class='ocrx_word' id='word_1_375' title='bbox 2873 2325 3241 2381; x_wconf 81' lang='lat' dir='ltr'><strong>confessionis</strong></span> <span class='ocrx_word' id='word_1_376' title='bbox 3281 2323 3481 2379; x_wconf 86' lang='lat' dir='ltr'><strong>discri-</strong></span> 
     </span>
    </p>
   </div>
   <div class='ocr_carea' id='block_1_54' title="bbox 1900 2419 3482 2482">
    <p class='ocr_par' dir='ltr' id='par_1_54' title="bbox 1900 2419 3482 2482">
     <span class='ocr_line' id='line_1_54' title="bbox 1900 2419 3482 2482; baseline -0.003 -10"><span class='ocrx_word' id='word_1_377' title='bbox 1900 2435 2021 2472; x_wconf 82' lang='lat' dir='ltr'><strong>men</strong></span> <span class='ocrx_word' id='word_1_378' title='bbox 2082 2420 2351 2474; x_wconf 78' lang='lat' dir='ltr'><strong>extricare</strong></span> <span class='ocrx_word' id='word_1_379' title='bbox 2404 2419 2640 2482; x_wconf 85' lang='lat' dir='ltr'><strong>nitatur,</strong></span> <span class='ocrx_word' id='word_1_380' title='bbox 2699 2427 2759 2472; x_wconf 89' lang='lat' dir='ltr'><strong>ut</strong></span> <span class='ocrx_word' id='word_1_381' title='bbox 2831 2419 2955 2473; x_wconf 88' lang='lat' dir='ltr'><strong>inde</strong></span> <span class='ocrx_word' id='word_1_382' title='bbox 3009 2419 3078 2473; x_wconf 88' lang='lat' dir='ltr'><strong>ab</strong></span> <span class='ocrx_word' id='word_1_383' title='bbox 3131 2419 3482 2471; x_wconf 86' lang='lat' dir='ltr'><strong>anatheman</strong></span> 
     </span>
    </p>
   </div>
   <div class='ocr_carea' id='block_1_55' title="bbox 1901 2508 3481 2581">
    <p class='ocr_par' dir='ltr' id='par_1_55' title="bbox 1901 2508 3481 2581">
     <span class='ocr_line' id='line_1_55' title="bbox 1901 2508 3481 2581; baseline -0.003 -16"><span class='ocrx_word' id='word_1_384' title='bbox 1901 2521 2092 2565; x_wconf 89' lang='lat' dir='ltr'><strong>contra</strong></span> <span class='ocrx_word' id='word_1_385' title='bbox 2135 2511 2431 2581; x_wconf 85' lang='lat' dir='ltr'><strong>Eutychem</strong></span> <span class='ocrx_word' id='word_1_386' title='bbox 2482 2511 2593 2564; x_wconf 91' lang='lat' dir='ltr'><strong>lato</strong></span> <span class='ocrx_word' id='word_1_387' title='bbox 2626 2509 2887 2564; x_wconf 89' lang='lat' dir='ltr'><strong>immunis</strong></span> <span class='ocrx_word' id='word_1_388' title='bbox 2934 2525 3059 2566; x_wconf 89' lang='lat' dir='ltr'><strong>esse</strong></span> <span class='ocrx_word' id='word_1_389' title='bbox 3094 2508 3350 2570; x_wconf 87' lang='lat' dir='ltr'><strong>videaris,</strong></span> <span class='ocrx_word' id='word_1_390' title='bbox 3380 2525 3481 2562; x_wconf 86' lang='lat' dir='ltr'><strong>no-</strong></span> 
     </span>
    </p>
   </div>
   <div class='ocr_carea' id='block_1_56' title="bbox 1900 2603 3478 2658">
    <p class='ocr_par' dir='ltr' id='par_1_56' title="bbox 1900 2603 3478 2658">
     <span class='ocr_line' id='line_1_56' title="bbox 1900 2603 3478 2658; baseline -0.002 -1"><span class='ocrx_word' id='word_1_391' title='bbox 1900 2617 2026 2657; x_wconf 64' lang='lat' dir='ltr'><strong>stra:</strong></span> <span class='ocrx_word' id='word_1_392' title='bbox 2064 2617 2246 2658; x_wconf 86' lang='lat' dir='ltr'><strong>tamen</strong></span> <span class='ocrx_word' id='word_1_393' title='bbox 2273 2605 2766 2658; x_wconf 84' lang='lat' dir='ltr'><strong>demonstrationis</strong></span> <span class='ocrx_word' id='word_1_394' title='bbox 2799 2603 2939 2657; x_wconf 86' lang='lat' dir='ltr'><strong>ratio</strong></span> <span class='ocrx_word' id='word_1_395' title='bbox 2965 2610 3016 2656; x_wconf 91' lang='lat' dir='ltr'><strong>te</strong></span> <span class='ocrx_word' id='word_1_396' title='bbox 3035 2617 3196 2656; x_wconf 76' lang='lat' dir='ltr'><strong>uitam</strong></span> <span class='ocrx_word' id='word_1_397' title='bbox 3223 2611 3478 2656; x_wconf 84' lang='lat' dir='ltr'><strong>naturam</strong></span> 
     </span>
    </p>
   </div>
   <div class='ocr_carea' id='block_1_57' title="bbox 1900 2693 3481 2763">
    <p class='ocr_par' dir='ltr' id='par_1_57' title="bbox 1900 2693 3481 2763">
     <span class='ocr_line' id='line_1_57' title="bbox 1900 2693 3481 2763; baseline -0.001 -14"><span class='ocrx_word' id='word_1_398' title='bbox 1900 2697 1952 2749; x_wconf 91' lang='lat' dir='ltr'><strong>in</strong></span> <span class='ocrx_word' id='word_1_399' title='bbox 1978 2698 2176 2749; x_wconf 88' lang='lat' dir='ltr'><strong>unione</strong></span> <span class='ocrx_word' id='word_1_400' title='bbox 2201 2696 2404 2749; x_wconf 86' lang='lat' dir='ltr'><strong>Christi</strong></span> <span class='ocrx_word' id='word_1_401' title='bbox 2434 2706 2790 2757; x_wconf 87' lang='lat' dir='ltr'><strong>asserentem,</strong></span> <span class='ocrx_word' id='word_1_402' title='bbox 2806 2695 2904 2748; x_wconf 83' lang='lat' dir='ltr'><strong>etsi</strong></span> <span class='ocrx_word' id='word_1_403' title='bbox 2931 2693 3049 2763; x_wconf 90' lang='lat' dir='ltr'><strong>ipso</strong></span> <span class='ocrx_word' id='word_1_404' title='bbox 3066 2693 3243 2763; x_wconf 89' lang='lat' dir='ltr'><strong>primo</strong></span> <span class='ocrx_word' id='word_1_405' title='bbox 3262 2703 3481 2762; x_wconf 86' lang='lat' dir='ltr'><strong>aspectu</strong></span> 
     </span>
    </p>
   </div>
   <div class='ocr_carea' id='block_1_58' title="bbox 1901 2784 3479 2856">
    <p class='ocr_par' dir='ltr' id='par_1_58' title="bbox 1901 2784 3479 2856">
     <span class='ocr_line' id='line_1_58' title="bbox 1901 2784 3479 2856; baseline -0.001 -16"><span class='ocrx_word' id='word_1_406' title='bbox 1901 2796 1953 2841; x_wconf 89' lang='lat' dir='ltr'><strong>te</strong></span> <span class='ocrx_word' id='word_1_407' title='bbox 1981 2788 2053 2840; x_wconf 87' lang='lat' dir='ltr'><strong>ita</strong></span> <span class='ocrx_word' id='word_1_408' title='bbox 2085 2787 2332 2841; x_wconf 83' lang='lat' dir='ltr'><strong>confiteri</strong></span> <span class='ocrx_word' id='word_1_409' title='bbox 2386 2805 2490 2841; x_wconf 88' lang='lat' dir='ltr'><strong>non</strong></span> <span class='ocrx_word' id='word_1_410' title='bbox 2527 2787 2878 2856; x_wconf 84' lang='lat' dir='ltr'><strong>compererit,</strong></span> <span class='ocrx_word' id='word_1_411' title='bbox 2914 2785 3139 2838; x_wconf 89' lang='lat' dir='ltr'><strong>omnino</strong></span> <span class='ocrx_word' id='word_1_412' title='bbox 3181 2784 3233 2837; x_wconf 89' lang='lat' dir='ltr'><strong>in</strong></span> <span class='ocrx_word' id='word_1_413' title='bbox 3281 2785 3479 2838; x_wconf 87' lang='lat' dir='ltr'><strong>confu-</strong></span> 
     </span>
    </p>
   </div>
   <div class='ocr_carea' id='block_1_59' title="bbox 1901 2876 3477 2948">
    <p class='ocr_par' dir='ltr' id='par_1_59' title="bbox 1901 2876 3477 2948">
     <span class='ocr_line' id='line_1_59' title="bbox 1901 2876 3477 2948; baseline -0.003 -14"><span class='ocrx_word' id='word_1_414' title='bbox 1901 2880 2074 2934; x_wconf 88' lang='lat' dir='ltr'><strong>sionis</strong></span> <span class='ocrx_word' id='word_1_415' title='bbox 2101 2880 2322 2934; x_wconf 88' lang='lat' dir='ltr'><strong>modum</strong></span> <span class='ocrx_word' id='word_1_416' title='bbox 2354 2880 2620 2934; x_wconf 82' lang='lat' dir='ltr'><strong>adducet:</strong></span> <span class='ocrx_word' id='word_1_417' title='bbox 2648 2879 2792 2948; x_wconf 87' lang='lat' dir='ltr'><strong>quod</strong></span> <span class='ocrx_word' id='word_1_418' title='bbox 2827 2878 2923 2932; x_wconf 91' lang='lat' dir='ltr'><strong>tibi</strong></span> <span class='ocrx_word' id='word_1_419' title='bbox 2953 2879 3098 2932; x_wconf 89' lang='lat' dir='ltr'><strong>hisce</strong></span> <span class='ocrx_word' id='word_1_420' title='bbox 3121 2876 3477 2932; x_wconf 85' lang='lat' dir='ltr'><strong>manifestum</strong></span> 
     </span>
    </p>
   </div>
   <div class='ocr_carea' id='block_1_60' title="bbox 1903 2970 3489 3040">
    <p class='ocr_par' dir='ltr' id='par_1_60' title="bbox 1903 2970 3489 3040">
     <span class='ocr_line' id='line_1_60' title="bbox 1903 2970 3489 3040; baseline 0.001 -16"><span class='ocrx_word' id='word_1_421' title='bbox 1903 2970 2083 3024; x_wconf 90' lang='lat' dir='ltr'><strong>fuerit.</strong></span> <span class='ocrx_word' id='word_1_422' title='bbox 2138 2971 2270 3025; x_wconf 85' lang='lat' dir='ltr'><strong>&#39;l‘res</strong></span> <span class='ocrx_word' id='word_1_423' title='bbox 2312 2987 2443 3039; x_wconf 71' lang='lat' dir='ltr'><strong>ergo</strong></span> <span class='ocrx_word' id='word_1_424' title='bbox 2499 2986 2768 3039; x_wconf 76' lang='lat' dir='ltr'><strong>suprema:</strong></span> <span class='ocrx_word' id='word_1_425' title='bbox 2816 2971 3108 3040; x_wconf 86' lang='lat' dir='ltr'><strong>opiniones</strong></span> <span class='ocrx_word' id='word_1_426' title='bbox 3164 2970 3232 3023; x_wconf 90' lang='lat' dir='ltr'><strong>de</strong></span> <span class='ocrx_word' id='word_1_427' title='bbox 3286 2971 3489 3025; x_wconf 85' lang='lat' dir='ltr'><strong>unione</strong></span> 
     </span>
    </p>
   </div>
   <div class='ocr_carea' id='block_1_61' title="bbox 1903 3061 3488 3131">
    <p class='ocr_par' dir='ltr' id='par_1_61' title="bbox 1903 3061 3488 3131">
     <span class='ocr_line' id='line_1_61' title="bbox 1903 3061 3488 3131; baseline 0 -17"><span class='ocrx_word' id='word_1_428' title='bbox 1903 3071 2222 3118; x_wconf 87' lang='lat' dir='ltr'><strong>naturarum</strong></span> <span class='ocrx_word' id='word_1_429' title='bbox 2255 3063 2308 3115; x_wconf 90' lang='lat' dir='ltr'><strong>iu</strong></span> <span class='ocrx_word' id='word_1_430' title='bbox 2345 3063 2562 3117; x_wconf 89' lang='lat' dir='ltr'><strong>Christo</strong></span> <span class='ocrx_word' id='word_1_431' title='bbox 2593 3071 2872 3131; x_wconf 80' lang='lat' dir='ltr'><strong>concepr</strong></span> <span class='ocrx_word' id='word_1_432' title='bbox 2902 3070 3052 3119; x_wconf 89' lang='lat' dir='ltr'><strong>sunt.</strong></span> <span class='ocrx_word' id='word_1_433' title='bbox 3082 3061 3334 3124; x_wconf 82' lang='lat' dir='ltr'><strong>divisiva,</strong></span> <span class='ocrx_word' id='word_1_434' title='bbox 3355 3075 3488 3114; x_wconf 87' lang='lat' dir='ltr'><strong>con-</strong></span> 
     </span>
    </p>
   </div>
   <div class='ocr_carea' id='block_1_62' title="bbox 1903 3153 3485 3226">
    <p class='ocr_par' dir='ltr' id='par_1_62' title="bbox 1903 3153 3485 3226">
     <span class='ocr_line' id='line_1_62' title="bbox 1903 3153 3485 3226; baseline -0.001 -18"><span class='ocrx_word' id='word_1_435' title='bbox 1903 3154 2100 3220; x_wconf 79' lang='lat' dir='ltr'><strong>fusiva,</strong></span> <span class='ocrx_word' id='word_1_436' title='bbox 2153 3166 2209 3210; x_wconf 89' lang='lat' dir='ltr'><strong>ct</strong></span> <span class='ocrx_word' id='word_1_437' title='bbox 2249 3173 2370 3225; x_wconf 69' lang='lat' dir='ltr'><strong>qua:</strong></span> <span class='ocrx_word' id='word_1_438' title='bbox 2400 3156 2614 3226; x_wconf 83' lang='lat' dir='ltr'><strong>proprie</strong></span> <span class='ocrx_word' id='word_1_439' title='bbox 2645 3155 2952 3224; x_wconf 80' lang='lat' dir='ltr'><strong>appellatur</strong></span> <span class='ocrx_word' id='word_1_440' title='bbox 2973 3153 3180 3207; x_wconf 85' lang='lat' dir='ltr'><strong>unitiva</strong></span> <span class='ocrx_word' id='word_1_441' title='bbox 3211 3169 3225 3203; x_wconf 90' lang='lat'>:</span> <span class='ocrx_word' id='word_1_442' title='bbox 3251 3168 3485 3222; x_wconf 82' lang='lat' dir='ltr'><strong>quarum</strong></span> 
     </span>
    </p>
   </div>
   <div class='ocr_carea' id='block_1_63' title="bbox 210 3238 1812 3319">
    <p class='ocr_par' dir='ltr' id='par_1_63' title="bbox 210 3240 1792 3319">
     <span class='ocr_line' id='line_1_63' title="bbox 210 3240 1792 3319; baseline 0.009 -30"><span class='ocrx_word' id='word_1_443' title='bbox 210 3240 540 3310; x_wconf 81' lang='grc' dir='ltr'>συγχυτικὴ.</span> <span class='ocrx_word' id='word_1_444' title='bbox 582 3242 678 3295; x_wconf 79' lang='grc' dir='ltr'>καὶ</span> <span class='ocrx_word' id='word_1_445' title='bbox 707 3245 739 3314; x_wconf 79' lang='grc' dir='ltr'>ἡ</span> <span class='ocrx_word' id='word_1_446' title='bbox 786 3245 990 3314; x_wconf 84' lang='grc' dir='ltr'>κυρίως</span> <span class='ocrx_word' id='word_1_447' title='bbox 1011 3246 1245 3316; x_wconf 79' lang='grc' dir='ltr'><strong>ἑνωτικὴ</strong></span> <span class='ocrx_word' id='word_1_448' title='bbox 1277 3246 1566 3317; x_wconf 81' lang='grc' dir='ltr'>λεγομένη.</span> <span class='ocrx_word' id='word_1_449' title='bbox 1602 3250 1667 3301; x_wconf 82' lang='grc' dir='ltr'>Αἰ</span> <span class='ocrx_word' id='word_1_450' title='bbox 1694 3250 1792 3319; x_wconf 84' lang='grc' dir='ltr'><strong>μὲν</strong></span> 
     </span>
    </p>
   </div>
   <div class='ocr_carea' id='block_1_64' title="bbox 1902 3238 3489 3319">
    <p class='ocr_par' dir='ltr' id='par_1_64' title="bbox 1902 3244 3489 3316">
     <span class='ocr_line' id='line_1_64' title="bbox 1902 3244 3489 3316; baseline -0.001 -16"><span class='ocrx_word' id='word_1_451' title='bbox 1902 3247 2018 3300; x_wconf 73' lang='lat' dir='ltr'><strong>dua:</strong></span> <span class='ocrx_word' id='word_1_452' title='bbox 2074 3247 2142 3301; x_wconf 86' lang='lat' dir='ltr'><strong>ab</strong></span> <span class='ocrx_word' id='word_1_453' title='bbox 2199 3246 2467 3301; x_wconf 73' lang='lat' dir='ltr'><strong>lucreticis</strong></span> <span class='ocrx_word' id='word_1_454' title='bbox 2528 3247 2686 3316; x_wconf 87' lang='lat' dir='ltr'><strong>quasi</strong></span> <span class='ocrx_word' id='word_1_455' title='bbox 2737 3247 2847 3314; x_wconf 86' lang='lat' dir='ltr'><strong>joci</strong></span> <span class='ocrx_word' id='word_1_456' title='bbox 2933 3245 3149 3298; x_wconf 90' lang='lat' dir='ltr'><strong>ridiculi</strong></span> <span class='ocrx_word' id='word_1_457' title='bbox 3196 3244 3489 3299; x_wconf 62' lang='lat' dir='ltr'><strong>divendita:</strong></span> 
     </span>
    </p>
   </div>
   <div class='ocr_carea' id='block_1_65' title="bbox 213 3325 1802 3406">
    <p class='ocr_par' dir='ltr' id='par_1_65' title="bbox 213 3325 1802 3406">
     <span class='ocr_line' id='line_1_65' title="bbox 213 3325 1802 3406; baseline 0.009 -26"><span class='ocrx_word' id='word_1_458' title='bbox 213 3325 312 3381; x_wconf 76' lang='grc' dir='ltr'><strong>οὖν</strong></span> <span class='ocrx_word' id='word_1_459' title='bbox 356 3330 452 3383; x_wconf 82' lang='grc' dir='ltr'><strong>δύο</strong></span> <span class='ocrx_word' id='word_1_460' title='bbox 482 3333 673 3385; x_wconf 76' lang='grc' dir='ltr'>παισὶν</span> <span class='ocrx_word' id='word_1_461' title='bbox 716 3336 1008 3405; x_wconf 85' lang='grc' dir='ltr'>αἰρετικῶν</span> <span class='ocrx_word' id='word_1_462' title='bbox 1057 3337 1415 3406; x_wconf 83' lang='grc' dir='ltr'>ὲπαίχθησαν,</span> <span class='ocrx_word' id='word_1_463' title='bbox 1476 3340 1570 3392; x_wconf 69' lang='grc' dir='ltr'>καὶ</span> <span class='ocrx_word' id='word_1_464' title='bbox 1611 3341 1802 3405; x_wconf 76' lang='grc' dir='ltr'>παιζέ-</span> 
     </span>
    </p>
   </div>
   <div class='ocr_carea' id='block_1_66' title="bbox 213 3421 1803 3504">
    <p class='ocr_par' dir='ltr' id='par_1_66' title="bbox 213 3421 1803 3504">
     <span class='ocr_line' id='line_1_66' title="bbox 213 3421 1803 3504; baseline 0.008 -30"><span class='ocrx_word' id='word_1_465' title='bbox 213 3421 458 3476; x_wconf 82' lang='grc' dir='ltr'>σοωσαν.</span> <span class='ocrx_word' id='word_1_466' title='bbox 493 3424 691 3488; x_wconf 76' lang='grc' dir='ltr'>Καλῶς</span> <span class='ocrx_word' id='word_1_467' title='bbox 725 3426 834 3497; x_wconf 80' lang='grc' dir='ltr'>γὰρ</span> <span class='ocrx_word' id='word_1_468' title='bbox 868 3427 1160 3497; x_wconf 81' lang='grc' dir='ltr'>προλαϐὼν</span> <span class='ocrx_word' id='word_1_469' title='bbox 1186 3431 1382 3492; x_wconf 79' lang='grc' dir='ltr'>αὐτοὺς</span> <span class='ocrx_word' id='word_1_470' title='bbox 1415 3432 1444 3482; x_wconf 89' lang='grc' dir='ltr'><strong>ὁ</strong></span> <span class='ocrx_word' id='word_1_471' title='bbox 1475 3431 1615 3494; x_wconf 79' lang='grc' dir='ltr'>θεῖος</span> <span class='ocrx_word' id='word_1_472' title='bbox 1649 3433 1803 3504; x_wconf 83' lang='grc' dir='ltr'>Γρη-</span> 
     </span>
    </p>
   </div>
   <div class='ocr_carea' id='block_1_67' title="bbox 210 3515 1805 3595">
    <p class='ocr_par' dir='ltr' id='par_1_67' title="bbox 210 3515 1805 3595">
     <span class='ocr_line' id='line_1_67' title="bbox 210 3515 1805 3595; baseline 0.007 -29"><span class='ocrx_word' id='word_1_473' title='bbox 210 3515 399 3584; x_wconf 71' lang='grc' dir='ltr'>γόριος</span> <span class='ocrx_word' id='word_1_474' title='bbox 445 3516 848 3587; x_wconf 79' lang='grc' dir='ltr'>ἑστηλίτευσεν.</span> <span class='ocrx_word' id='word_1_475' title='bbox 873 3520 950 3572; x_wconf 80' lang='grc' dir='ltr'><em>’Ἢ</em></span> <span class='ocrx_word' id='word_1_476' title='bbox 981 3537 1040 3573; x_wconf 83' lang='grc' dir='ltr'><strong>τε</strong></span> <span class='ocrx_word' id='word_1_477' title='bbox 1086 3521 1194 3591; x_wconf 76' lang='grc' dir='ltr'>γὰρ</span> <span class='ocrx_word' id='word_1_478' title='bbox 1226 3522 1530 3592; x_wconf 81' lang='grc' dir='ltr'>διαιρετικὴ</span> <span class='ocrx_word' id='word_1_479' title='bbox 1579 3526 1805 3595; x_wconf 82' lang='grc' dir='ltr'>σχετική</span> 
     </span>
    </p>
   </div>
   <div class='ocr_carea' id='block_1_68' title="bbox 210 3602 1805 3680">
    <p class='ocr_par' dir='ltr' id='par_1_68' title="bbox 210 3602 1805 3680">
     <span class='ocr_line' id='line_1_68' title="bbox 210 3602 1805 3680; baseline 0.006 -23"><span class='ocrx_word' id='word_1_480' title='bbox 210 3621 300 3668; x_wconf 88' lang='grc' dir='ltr'><strong>τις</strong></span> <span class='ocrx_word' id='word_1_481' title='bbox 321 3602 481 3672; x_wconf 77' lang='grc' dir='ltr'>οὖσα,</span> <span class='ocrx_word' id='word_1_482' title='bbox 498 3607 594 3660; x_wconf 80' lang='grc' dir='ltr'>καὶ</span> <span class='ocrx_word' id='word_1_483' title='bbox 621 3608 756 3677; x_wconf 84' lang='grc' dir='ltr'>μηδὲ</span> <span class='ocrx_word' id='word_1_484' title='bbox 780 3609 882 3678; x_wconf 77' lang='grc' dir='ltr'><strong>τὴν</strong></span> <span class='ocrx_word' id='word_1_485' title='bbox 905 3610 1078 3680; x_wconf 83' lang='grc' dir='ltr'>ἀρχὴν</span> <span class='ocrx_word' id='word_1_486' title='bbox 1099 3611 1191 3674; x_wconf 83' lang='grc' dir='ltr'>τὰς</span> <span class='ocrx_word' id='word_1_487' title='bbox 1213 3611 1406 3680; x_wconf 85' lang='grc' dir='ltr'>φύσεις</span> <span class='ocrx_word' id='word_1_488' title='bbox 1432 3613 1805 3680; x_wconf 79' lang='grc' dir='ltr'>συνάπτουσα,</span> 
     </span>
    </p>
   </div>
   <div class='ocr_carea' id='block_1_69' title="bbox 214 3696 1806 3772">
    <p class='ocr_par' dir='ltr' id='par_1_69' title="bbox 214 3696 1806 3772">
     <span class='ocr_line' id='line_1_69' title="bbox 214 3696 1806 3772; baseline 0.006 -25"><span class='ocrx_word' id='word_1_489' title='bbox 214 3696 607 3766; x_wconf 81' lang='grc' dir='ltr'>κεχωρισμένα</span> <span class='ocrx_word' id='word_1_490' title='bbox 634 3698 769 3768; x_wconf 78' lang='grc' dir='ltr'>πρὸς</span> <span class='ocrx_word' id='word_1_491' title='bbox 799 3698 1001 3768; x_wconf 83' lang='grc' dir='ltr'>ἄλληλα</span> <span class='ocrx_word' id='word_1_492' title='bbox 1031 3702 1354 3756; x_wconf 81' lang='grc' dir='ltr'>καταλείπει</span> <span class='ocrx_word' id='word_1_493' title='bbox 1386 3704 1455 3756; x_wconf 77' lang='grc' dir='ltr'>τὰ</span> <span class='ocrx_word' id='word_1_494' title='bbox 1483 3704 1806 3772; x_wconf 86' lang='grc' dir='ltr'>πράγματα,</span> 
     </span>
    </p>
   </div>
   <div class='ocr_carea' id='block_1_70' title="bbox 217 3788 1804 3864">
    <p class='ocr_par' dir='ltr' id='par_1_70' title="bbox 217 3788 1804 3864">
     <span class='ocr_line' id='line_1_70' title="bbox 217 3788 1804 3864; baseline 0.006 -25"><span class='ocrx_word' id='word_1_495' title='bbox 217 3788 355 3856; x_wconf 82' lang='grc' dir='ltr'>μηδὲ</span> <span class='ocrx_word' id='word_1_496' title='bbox 377 3789 478 3841; x_wconf 86' lang='grc' dir='ltr'>ὅσα</span> <span class='ocrx_word' id='word_1_497' title='bbox 507 3789 613 3841; x_wconf 84' lang='grc' dir='ltr'>ίδια</span> <span class='ocrx_word' id='word_1_498' title='bbox 642 3790 852 3854; x_wconf 76' lang='grc' dir='ltr'>τούτοις</span> <span class='ocrx_word' id='word_1_499' title='bbox 876 3792 1112 3857; x_wconf 79' lang='grc' dir='ltr'>διδοῦσα,</span> <span class='ocrx_word' id='word_1_500' title='bbox 1145 3794 1179 3864; x_wconf 84' lang='grc' dir='ltr'><strong>ἢ</strong></span> <span class='ocrx_word' id='word_1_501' title='bbox 1206 3794 1564 3848; x_wconf 83' lang='grc' dir='ltr'>ἀντιδιδοῦσα.</span> <span class='ocrx_word' id='word_1_502' title='bbox 1597 3797 1682 3857; x_wconf 80' lang='grc' dir='ltr'>Ὠς</span> <span class='ocrx_word' id='word_1_503' title='bbox 1714 3799 1804 3848; x_wconf 74' lang='grc' dir='ltr'><strong>ὲνο</strong></span> 
     </span>
    </p>
   </div>
   <div class='ocr_carea' id='block_1_71' title="bbox 211 3879 1808 3957">
    <p class='ocr_par' dir='ltr' id='par_1_71' title="bbox 211 3879 1808 3957">
     <span class='ocr_line' id='line_1_71' title="bbox 211 3879 1808 3957; baseline 0.006 -25"><span class='ocrx_word' id='word_1_504' title='bbox 211 3879 412 3933; x_wconf 81' lang='grc' dir='ltr'>τεῦθεν</span> <span class='ocrx_word' id='word_1_505' title='bbox 424 3879 520 3934; x_wconf 87' lang='grc' dir='ltr'><strong>δύο</strong></span> <span class='ocrx_word' id='word_1_506' title='bbox 536 3880 725 3949; x_wconf 81' lang='grc' dir='ltr'>φύσεις</span> <span class='ocrx_word' id='word_1_507' title='bbox 751 3884 928 3954; x_wconf 80' lang='grc' dir='ltr'>πάντη</span> <span class='ocrx_word' id='word_1_508' title='bbox 953 3886 1226 3956; x_wconf 75' lang='grc' dir='ltr'>χωριστὰς</span> <span class='ocrx_word' id='word_1_509' title='bbox 1249 3885 1493 3956; x_wconf 81' lang='grc' dir='ltr'>ἀλλήλων</span> <span class='ocrx_word' id='word_1_510' title='bbox 1507 3887 1808 3957; x_wconf 76' lang='grc' dir='ltr'>ὁρίζεσθαι,</span> 
     </span>
    </p>
   </div>
   <div class='ocr_carea' id='block_1_72' title="bbox 220 3971 1810 4048">
    <p class='ocr_par' dir='ltr' id='par_1_72' title="bbox 220 3971 1810 4048">
     <span class='ocr_line' id='line_1_72' title="bbox 220 3971 1810 4048; baseline 0.006 -26"><span class='ocrx_word' id='word_1_511' title='bbox 220 3973 364 4039; x_wconf 72' lang='grc' dir='ltr'>πλὴν</span> <span class='ocrx_word' id='word_1_512' title='bbox 388 3973 514 4024; x_wconf 76' lang='grc' dir='ltr'>ὅσον</span> <span class='ocrx_word' id='word_1_513' title='bbox 550 3971 697 4042; x_wconf 69' lang='grc' dir='ltr'>ἀξίᾳ,</span> <span class='ocrx_word' id='word_1_514' title='bbox 723 3975 818 4027; x_wconf 81' lang='grc' dir='ltr'><strong>καὶ</strong></span> <span class='ocrx_word' id='word_1_515' title='bbox 841 3975 1054 4046; x_wconf 82' lang='grc' dir='ltr'>γνώμη,</span> <span class='ocrx_word' id='word_1_516' title='bbox 1084 3978 1179 4030; x_wconf 73' lang='grc' dir='ltr'>καὶ</span> <span class='ocrx_word' id='word_1_517' title='bbox 1205 3977 1566 4048; x_wconf 73' lang='grc' dir='ltr'>ταυτοὸουλία</span> <span class='ocrx_word' id='word_1_518' title='bbox 1588 3978 1680 4030; x_wconf 75' lang='grc' dir='ltr'>τὸν</span> <span class='ocrx_word' id='word_1_519' title='bbox 1703 3980 1810 4032; x_wconf 85' lang='grc' dir='ltr'>τῶν</span> 
     </span>
    </p>
   </div>
   <div class='ocr_carea' id='block_1_73' title="bbox 218 4064 1809 4140">
    <p class='ocr_par' dir='ltr' id='par_1_73' title="bbox 218 4064 1809 4140">
     <span class='ocr_line' id='line_1_73' title="bbox 218 4064 1809 4140; baseline 0.005 -26"><span class='ocrx_word' id='word_1_520' title='bbox 218 4064 441 4128; x_wconf 69' lang='grc' dir='ltr'>φύσεων</span> <span class='ocrx_word' id='word_1_521' title='bbox 466 4066 746 4134; x_wconf 69' lang='grc' dir='ltr'>χωρισμδν</span> <span class='ocrx_word' id='word_1_522' title='bbox 771 4067 1053 4132; x_wconf 75' lang='grc' dir='ltr'>φενακίζει</span> <span class='ocrx_word' id='word_1_523' title='bbox 1077 4068 1202 4128; x_wconf 81' lang='grc' dir='ltr'>τοὺς</span> <span class='ocrx_word' id='word_1_524' title='bbox 1219 4067 1484 4138; x_wconf 76' lang='grc' dir='ltr'>ἄφρονας.</span> <span class='ocrx_word' id='word_1_525' title='bbox 1509 4068 1744 4139; x_wconf 79' lang='grc' dir='ltr'>Τοιαύτη</span> <span class='ocrx_word' id='word_1_526' title='bbox 1776 4071 1809 4140; x_wconf 84' lang='grc' dir='ltr'>ἠ</span> 
     </span>
    </p>
   </div>
   <div class='ocr_carea' id='block_1_74' title="bbox 214 4152 1811 4228">
    <p class='ocr_par' dir='ltr' id='par_1_74' title="bbox 214 4152 1811 4228">
     <span class='ocr_line' id='line_1_74' title="bbox 214 4152 1811 4228; baseline 0.005 -24"><span class='ocrx_word' id='word_1_527' title='bbox 214 4152 315 4205; x_wconf 77' lang='grc' dir='ltr'>τοῦ</span> <span class='ocrx_word' id='word_1_528' title='bbox 337 4154 581 4222; x_wconf 51' lang='lat' dir='ltr'><strong>parata?</strong></span> <span class='ocrx_word' id='word_1_529' title='bbox 591 4171 740 4223; x_wconf 86' lang='grc' dir='ltr'>ρονος</span> <span class='ocrx_word' id='word_1_530' title='bbox 757 4155 1052 4224; x_wconf 85' lang='grc' dir='ltr'>Νεστορίου</span> <span class='ocrx_word' id='word_1_531' title='bbox 1072 4155 1221 4222; x_wconf 84' lang='grc' dir='ltr'>δόξα,</span> <span class='ocrx_word' id='word_1_532' title='bbox 1242 4159 1273 4227; x_wconf 87' lang='grc' dir='ltr'>ὴ</span> <span class='ocrx_word' id='word_1_533' title='bbox 1296 4157 1351 4210; x_wconf 86' lang='grc' dir='ltr'>δὲ</span> <span class='ocrx_word' id='word_1_534' title='bbox 1370 4159 1509 4210; x_wconf 84' lang='grc' dir='ltr'>κατὰ</span> <span class='ocrx_word' id='word_1_535' title='bbox 1521 4158 1811 4228; x_wconf 85' lang='grc' dir='ltr'>διάμετρον</span> 
     </span>
    </p>
   </div>
   <div class='ocr_carea' id='block_1_75' title="bbox 223 4244 1811 4321">
    <p class='ocr_par' dir='ltr' id='par_1_75' title="bbox 223 4244 1811 4321">
     <span class='ocr_line' id='line_1_75' title="bbox 223 4244 1811 4321; baseline 0.005 -24"><span class='ocrx_word' id='word_1_536' title='bbox 223 4244 436 4314; x_wconf 86' lang='grc' dir='ltr'>ταύτης</span> <span class='ocrx_word' id='word_1_537' title='bbox 471 4247 567 4299; x_wconf 69' lang='grc' dir='ltr'>καὶ</span> <span class='ocrx_word' id='word_1_538' title='bbox 598 4247 900 4318; x_wconf 86' lang='grc' dir='ltr'>συγχυτικὴ</span> <span class='ocrx_word' id='word_1_539' title='bbox 934 4249 1158 4301; x_wconf 84' lang='grc' dir='ltr'>πλεῖστα</span> <span class='ocrx_word' id='word_1_540' title='bbox 1182 4251 1537 4318; x_wconf 74' lang='grc' dir='ltr'>ἀφανίζουσα,</span> <span class='ocrx_word' id='word_1_541' title='bbox 1561 4252 1656 4306; x_wconf 77' lang='grc' dir='ltr'>καὶ</span> <span class='ocrx_word' id='word_1_542' title='bbox 1682 4270 1811 4321; x_wconf 91' lang='grc' dir='ltr'>συγ-</span> 
     </span>
    </p>
   </div>
   <div class='ocr_carea' id='block_1_76' title="bbox 218 4336 1810 4410">
    <p class='ocr_par' dir='ltr' id='par_1_76' title="bbox 218 4336 1810 4410">
     <span class='ocr_line' id='line_1_76' title="bbox 218 4336 1810 4410; baseline 0.004 -21"><span class='ocrx_word' id='word_1_543' title='bbox 218 4336 446 4406; x_wconf 77' lang='grc' dir='ltr'>χέουσα,</span> <span class='ocrx_word' id='word_1_544' title='bbox 464 4337 524 4390; x_wconf 85' lang='grc' dir='ltr'><strong>’ἐν</strong></span> <span class='ocrx_word' id='word_1_545' title='bbox 545 4355 599 4390; x_wconf 90' lang='grc' dir='ltr'>τι</span> <span class='ocrx_word' id='word_1_546' title='bbox 615 4340 846 4408; x_wconf 75' lang='grc' dir='ltr'>πρᾶγμα</span> <span class='ocrx_word' id='word_1_547' title='bbox 873 4339 1026 4392; x_wconf 80' lang='grc' dir='ltr'>νόθον</span> <span class='ocrx_word' id='word_1_548' title='bbox 1042 4339 1374 4394; x_wconf 81' lang='grc' dir='ltr'>ἀναπλάττει</span> <span class='ocrx_word' id='word_1_549' title='bbox 1405 4358 1466 4394; x_wconf 90' lang='grc' dir='ltr'><strong>τε</strong></span> <span class='ocrx_word' id='word_1_550' title='bbox 1489 4344 1584 4394; x_wconf 73' lang='grc' dir='ltr'><strong>καὶ</strong></span> <span class='ocrx_word' id='word_1_551' title='bbox 1605 4344 1810 4410; x_wconf 81' lang='grc' dir='ltr'>φαντά-</span> 
     </span>
    </p>
   </div>
   <div class='ocr_carea' id='block_1_77' title="bbox 221 4426 1811 4503">
    <p class='ocr_par' dir='ltr' id='par_1_77' title="bbox 221 4426 1811 4503">
     <span class='ocr_line' id='line_1_77' title="bbox 221 4426 1811 4503; baseline 0.004 -23"><span class='ocrx_word' id='word_1_552' title='bbox 221 4426 400 4491; x_wconf 77' lang='grc' dir='ltr'>ζεται,</span> <span class='ocrx_word' id='word_1_553' title='bbox 427 4429 485 4479; x_wconf 79' lang='grc' dir='ltr'>ὲν</span> <span class='ocrx_word' id='word_1_554' title='bbox 507 4428 613 4480; x_wconf 71' lang='grc' dir='ltr'>οὐδ’</span> <span class='ocrx_word' id='word_1_555' title='bbox 632 4432 877 4500; x_wconf 77' lang='grc' dir='ltr'>ὁποτέρῳ</span> <span class='ocrx_word' id='word_1_556' title='bbox 898 4430 1005 4483; x_wconf 81' lang='grc' dir='ltr'>τῶν</span> <span class='ocrx_word' id='word_1_557' title='bbox 1026 4433 1316 4500; x_wconf 79' lang='grc' dir='ltr'><strong>ήνωμένων</strong></span> <span class='ocrx_word' id='word_1_558' title='bbox 1332 4433 1592 4503; x_wconf 80' lang='grc' dir='ltr'>καθαρῶς</span> <span class='ocrx_word' id='word_1_559' title='bbox 1608 4436 1665 4487; x_wconf 66' lang='grc' dir='ltr'>τό</span> <span class='ocrx_word' id='word_1_560' title='bbox 1680 4435 1811 4487; x_wconf 86' lang='grc' dir='ltr'>ῐδιον</span> 
     </span>
    </p>
   </div>
   <div class='ocr_carea' id='block_1_78' title="bbox 1910 3335 3490 3404">
    <p class='ocr_par' dir='ltr' id='par_1_78' title="bbox 1910 3335 3490 3404">
     <span class='ocr_line' id='line_1_78' title="bbox 1910 3335 3490 3404; baseline -0.001 -13"><span class='ocrx_word' id='word_1_561' title='bbox 1910 3346 2039 3391; x_wconf 90' lang='lat' dir='ltr'><strong>sunt</strong></span> <span class='ocrx_word' id='word_1_562' title='bbox 2069 3345 2123 3390; x_wconf 89' lang='lat' dir='ltr'><strong>et</strong></span> <span class='ocrx_word' id='word_1_563' title='bbox 2151 3336 2543 3392; x_wconf 85' lang='lat' dir='ltr'><strong>divenduutur.</strong></span> <span class='ocrx_word' id='word_1_564' title='bbox 2594 3335 2770 3390; x_wconf 86' lang='lat' dir='ltr'><strong>Probe</strong></span> <span class='ocrx_word' id='word_1_565' title='bbox 2802 3335 2947 3390; x_wconf 88' lang='lat' dir='ltr'><strong>enim</strong></span> <span class='ocrx_word' id='word_1_566' title='bbox 2975 3349 3073 3389; x_wconf 90' lang='lat' dir='ltr'><strong>eos</strong></span> <span class='ocrx_word' id='word_1_567' title='bbox 3103 3348 3490 3404; x_wconf 60' lang='lat' dir='ltr'><strong>praeoccupans</strong></span> 
     </span>
    </p>
   </div>
   <div class='ocr_carea' id='block_1_79' title="bbox 1910 3427 3488 3497">
    <p class='ocr_par' dir='ltr' id='par_1_79' title="bbox 1910 3427 3488 3497">
     <span class='ocr_line' id='line_1_79' title="bbox 1910 3427 3488 3497; baseline -0.001 -14"><span class='ocrx_word' id='word_1_568' title='bbox 1910 3429 2129 3483; x_wconf 81' lang='lat' dir='ltr'><strong>divinus</strong></span> <span class='ocrx_word' id='word_1_569' title='bbox 2189 3428 2484 3497; x_wconf 67' lang='lat' dir='ltr'><strong>Gregorius</strong></span> <span class='ocrx_word' id='word_1_570' title='bbox 2545 3428 2825 3482; x_wconf 70' lang='lat' dir='ltr'><strong>infamavit</strong></span> <span class='ocrx_word' id='word_1_571' title='bbox 2872 3442 3163 3495; x_wconf 85' lang='lat' dir='ltr'><strong>:namque</strong></span> <span class='ocrx_word' id='word_1_572' title='bbox 3210 3427 3443 3482; x_wconf 80' lang='lat' dir='ltr'><strong>divisiva</strong></span> <span class='ocrx_word' id='word_1_573' title='bbox 3473 3469 3488 3488; x_wconf 89' lang='lat'><strong><em>.</em></strong></span> 
     </span>
    </p>
   </div>
   <div class='ocr_carea' id='block_1_80' title="bbox 1910 3519 3491 3587">
    <p class='ocr_par' dir='ltr' id='par_1_80' title="bbox 1910 3519 3491 3587">
     <span class='ocr_line' id='line_1_80' title="bbox 1910 3519 3491 3587; baseline -0.001 -13"><span class='ocrx_word' id='word_1_574' title='bbox 1910 3533 2034 3574; x_wconf 84' lang='lat' dir='ltr'><strong>cum</strong></span> <span class='ocrx_word' id='word_1_575' title='bbox 2077 3520 2299 3574; x_wconf 86' lang='lat' dir='ltr'><strong>rclativa</strong></span> <span class='ocrx_word' id='word_1_576' title='bbox 2343 3520 2447 3584; x_wconf 87' lang='lat' dir='ltr'><strong>sit,</strong></span> <span class='ocrx_word' id='word_1_577' title='bbox 2496 3530 2547 3574; x_wconf 88' lang='lat' dir='ltr'><strong>cl</strong></span> <span class='ocrx_word' id='word_1_578' title='bbox 2599 3535 2772 3587; x_wconf 82' lang='lat' dir='ltr'><strong>neque</strong></span> <span class='ocrx_word' id='word_1_579' title='bbox 2821 3519 2872 3572; x_wconf 92' lang='lat' dir='ltr'><strong>in</strong></span> <span class='ocrx_word' id='word_1_580' title='bbox 2919 3519 3036 3587; x_wconf 91' lang='lat' dir='ltr'><strong>ipso</strong></span> <span class='ocrx_word' id='word_1_581' title='bbox 3069 3519 3227 3572; x_wconf 91' lang='lat' dir='ltr'><strong>initio</strong></span> <span class='ocrx_word' id='word_1_582' title='bbox 3263 3528 3491 3572; x_wconf 81' lang='lat' dir='ltr'><strong>naturas</strong></span> 
     </span>
    </p>
   </div>
   <div class='ocr_carea' id='block_1_81' title="bbox 1911 3610 3490 3681">
    <p class='ocr_par' dir='ltr' id='par_1_81' title="bbox 1911 3610 3490 3681">
     <span class='ocr_line' id='line_1_81' title="bbox 1911 3610 3490 3681; baseline -0.001 -19"><span class='ocrx_word' id='word_1_583' title='bbox 1911 3611 2232 3681; x_wconf 80' lang='lat' dir='ltr'><strong>cunjungat,</strong></span> <span class='ocrx_word' id='word_1_584' title='bbox 2269 3620 2551 3681; x_wconf 80' lang='lat' dir='ltr'><strong>separatas</strong></span> <span class='ocrx_word' id='word_1_585' title='bbox 2600 3611 2740 3664; x_wconf 79' lang='lat' dir='ltr'><strong>inter</strong></span> <span class='ocrx_word' id='word_1_586' title='bbox 2784 3625 2841 3664; x_wconf 87' lang='lat' dir='ltr'><strong>se</strong></span> <span class='ocrx_word' id='word_1_587' title='bbox 2874 3625 2960 3663; x_wconf 86' lang='lat' dir='ltr'><strong>res</strong></span> <span class='ocrx_word' id='word_1_588' title='bbox 3006 3610 3289 3678; x_wconf 88' lang='lat' dir='ltr'><strong>relinquit,</strong></span> <span class='ocrx_word' id='word_1_589' title='bbox 3312 3626 3490 3679; x_wconf 71' lang='lat' dir='ltr'><strong>neque</strong></span> 
     </span>
    </p>
   </div>
   <div class='ocr_carea' id='block_1_82' title="bbox 1911 3701 3492 3770">
    <p class='ocr_par' dir='ltr' id='par_1_82' title="bbox 1911 3701 3492 3770">
     <span class='ocr_line' id='line_1_82' title="bbox 1911 3701 3492 3770; baseline 0.001 -16"><span class='ocrx_word' id='word_1_590' title='bbox 1911 3701 2021 3756; x_wconf 85' lang='lat' dir='ltr'><strong>illis</strong></span> <span class='ocrx_word' id='word_1_591' title='bbox 2083 3703 2438 3765; x_wconf 84' lang='lat' dir='ltr'><strong>communia,</strong></span> <span class='ocrx_word' id='word_1_592' title='bbox 2490 3718 2667 3770; x_wconf 90' lang='lat' dir='ltr'><strong>neque</strong></span> <span class='ocrx_word' id='word_1_593' title='bbox 2729 3702 3020 3770; x_wconf 84' lang='lat' dir='ltr'><strong>peculiaria</strong></span> <span class='ocrx_word' id='word_1_594' title='bbox 3082 3701 3342 3767; x_wconf 81' lang='lat' dir='ltr'><strong>exhibet,</strong></span> <span class='ocrx_word' id='word_1_595' title='bbox 3397 3711 3492 3755; x_wconf 72' lang='lat' dir='ltr'><strong>aut</strong></span> 
     </span>
    </p>
   </div>
   <div class='ocr_carea' id='block_1_83' title="bbox 1913 3790 3493 3859">
    <p class='ocr_par' dir='ltr' id='par_1_83' title="bbox 1913 3790 3493 3859">
     <span class='ocr_line' id='line_1_83' title="bbox 1913 3790 3493 3859; baseline 0.001 -16"><span class='ocrx_word' id='word_1_596' title='bbox 1913 3791 2111 3853; x_wconf 84' lang='lat' dir='ltr'><strong>reddit,</strong></span> <span class='ocrx_word' id='word_1_597' title='bbox 2141 3800 2201 3844; x_wconf 92' lang='lat' dir='ltr'><strong>ut</strong></span> <span class='ocrx_word' id='word_1_598' title='bbox 2239 3791 2362 3845; x_wconf 88' lang='lat' dir='ltr'><strong>inde</strong></span> <span class='ocrx_word' id='word_1_599' title='bbox 2385 3791 2504 3845; x_wconf 77' lang='lat' dir='ltr'><strong>dua:</strong></span> <span class='ocrx_word' id='word_1_600' title='bbox 2536 3804 2741 3844; x_wconf 70' lang='lat' dir='ltr'><strong>natura:</strong></span> <span class='ocrx_word' id='word_1_601' title='bbox 2779 3791 3003 3844; x_wconf 88' lang='lat' dir='ltr'><strong>omnino</strong></span> <span class='ocrx_word' id='word_1_602' title='bbox 3063 3806 3092 3844; x_wconf 91' lang='lat' dir='ltr'><strong>a</strong></span> <span class='ocrx_word' id='word_1_603' title='bbox 3141 3790 3341 3859; x_wconf 84' lang='lat' dir='ltr'><strong>seipsis</strong></span> <span class='ocrx_word' id='word_1_604' title='bbox 3383 3790 3493 3844; x_wconf 83' lang='lat' dir='ltr'><strong>dis-</strong></span> 
     </span>
    </p>
   </div>
   <div class='ocr_carea' id='block_1_84' title="bbox 1913 3883 3493 3952">
    <p class='ocr_par' dir='ltr' id='par_1_84' title="bbox 1913 3883 3493 3952">
     <span class='ocr_line' id='line_1_84' title="bbox 1913 3883 3493 3952; baseline -0.003 -14"><span class='ocrx_word' id='word_1_605' title='bbox 1913 3884 2124 3952; x_wconf 78' lang='lat' dir='ltr'><strong>penita:</strong></span> <span class='ocrx_word' id='word_1_606' title='bbox 2179 3885 2606 3945; x_wconf 86' lang='lat' dir='ltr'><strong>constituantur,</strong></span> <span class='ocrx_word' id='word_1_607' title='bbox 2631 3894 2684 3938; x_wconf 79' lang='lat' dir='ltr'><strong>et</strong></span> <span class='ocrx_word' id='word_1_608' title='bbox 2739 3885 2852 3937; x_wconf 71' lang='lat' dir='ltr'><strong>lucc</strong></span> <span class='ocrx_word' id='word_1_609' title='bbox 2898 3883 3276 3938; x_wconf 84' lang='lat' dir='ltr'><strong>tantummodo</strong></span> <span class='ocrx_word' id='word_1_610' title='bbox 3313 3883 3493 3951; x_wconf 64' lang='lat' dir='ltr'><strong>digni-</strong></span> 
     </span>
    </p>
   </div>
   <div class='ocr_carea' id='block_1_85' title="bbox 1914 3974 3493 4042">
    <p class='ocr_par' dir='ltr' id='par_1_85' title="bbox 1914 3974 3493 4042">
     <span class='ocr_line' id='line_1_85' title="bbox 1914 3974 3493 4042; baseline 0 -14"><span class='ocrx_word' id='word_1_611' title='bbox 1914 3985 2046 4037; x_wconf 75' lang='lat' dir='ltr'><strong>tate,</strong></span> <span class='ocrx_word' id='word_1_612' title='bbox 2080 3989 2134 4028; x_wconf 84' lang='lat' dir='ltr'><strong>et</strong></span> <span class='ocrx_word' id='word_1_613' title='bbox 2167 3977 2459 4042; x_wconf 89' lang='lat' dir='ltr'><strong>opinione,</strong></span> <span class='ocrx_word' id='word_1_614' title='bbox 2493 3989 2546 4030; x_wconf 91' lang='lat' dir='ltr'><strong>et</strong></span> <span class='ocrx_word' id='word_1_615' title='bbox 2599 3977 2832 4030; x_wconf 73' lang='lat' dir='ltr'><strong>(‘tillsiiio</strong></span> <span class='ocrx_word' id='word_1_616' title='bbox 2862 3987 3088 4030; x_wconf 85' lang='lat' dir='ltr'><strong>naturas</strong></span> <span class='ocrx_word' id='word_1_617' title='bbox 3128 3975 3376 4030; x_wconf 84' lang='lat' dir='ltr'><strong>dividens</strong></span> <span class='ocrx_word' id='word_1_618' title='bbox 3405 3974 3493 4028; x_wconf 85' lang='lat' dir='ltr'><strong>fu-</strong></span> 
     </span>
    </p>
   </div>
   <div class='ocr_carea' id='block_1_86' title="bbox 1911 4065 3490 4137">
    <p class='ocr_par' dir='ltr' id='par_1_86' title="bbox 1911 4065 3490 4137">
     <span class='ocr_line' id='line_1_86' title="bbox 1911 4065 3490 4137; baseline -0.001 -15"><span class='ocrx_word' id='word_1_619' title='bbox 1911 4083 2038 4122; x_wconf 88' lang='lat' dir='ltr'><strong>cum</strong></span> <span class='ocrx_word' id='word_1_620' title='bbox 2090 4068 2473 4137; x_wconf 78' lang='lat' dir='ltr'><strong>insipientibus</strong></span> <span class='ocrx_word' id='word_1_621' title='bbox 2517 4069 2665 4131; x_wconf 81' lang='lat' dir='ltr'><strong>farit,</strong></span> <span class='ocrx_word' id='word_1_622' title='bbox 2739 4081 2932 4137; x_wconf 88' lang='lat' dir='ltr'><strong>estque</strong></span> <span class='ocrx_word' id='word_1_623' title='bbox 2991 4068 3176 4122; x_wconf 87' lang='lat' dir='ltr'><strong>stolidi</strong></span> <span class='ocrx_word' id='word_1_624' title='bbox 3234 4065 3490 4123; x_wconf 68' lang='lat' dir='ltr'><strong>Nestot&#39;ii.</strong></span> 
     </span>
    </p>
   </div>
   <div class='ocr_carea' id='block_1_87' title="bbox 1913 4159 3493 4228">
    <p class='ocr_par' dir='ltr' id='par_1_87' title="bbox 1913 4159 3493 4228">
     <span class='ocr_line' id='line_1_87' title="bbox 1913 4159 3493 4228; baseline 0.002 -18"><span class='ocrx_word' id='word_1_625' title='bbox 1913 4159 2048 4224; x_wconf 63' lang='lat' dir='ltr'><strong>Quae</strong></span> <span class='ocrx_word' id='word_1_626' title='bbox 2073 4173 2201 4212; x_wconf 77' lang='lat' dir='ltr'><strong>vero</strong></span> <span class='ocrx_word' id='word_1_627' title='bbox 2241 4159 2316 4213; x_wconf 91' lang='lat' dir='ltr'><strong>illi</strong></span> <span class='ocrx_word' id='word_1_628' title='bbox 2343 4176 2405 4213; x_wconf 79' lang='lat' dir='ltr'><strong>ex</strong></span> <span class='ocrx_word' id='word_1_629' title='bbox 2427 4160 2697 4214; x_wconf 84' lang='lat' dir='ltr'><strong>diann:tro</strong></span> <span class='ocrx_word' id='word_1_630' title='bbox 2724 4161 3034 4228; x_wconf 81' lang='lat' dir='ltr'><strong>opponitur,</strong></span> <span class='ocrx_word' id='word_1_631' title='bbox 3055 4159 3208 4228; x_wconf 89' lang='lat' dir='ltr'><strong>plura</strong></span> <span class='ocrx_word' id='word_1_632' title='bbox 3229 4159 3493 4214; x_wconf 81' lang='lat' dir='ltr'><strong>dirimens</strong></span> 
     </span>
    </p>
   </div>
   <div class='ocr_carea' id='block_1_88' title="bbox 1911 4249 3496 4320">
    <p class='ocr_par' dir='ltr' id='par_1_88' title="bbox 1911 4249 3496 4320">
     <span class='ocr_line' id='line_1_88' title="bbox 1911 4249 3496 4320; baseline 0 -16"><span class='ocrx_word' id='word_1_633' title='bbox 1911 4260 1966 4305; x_wconf 88' lang='lat' dir='ltr'><strong>et</strong></span> <span class='ocrx_word' id='word_1_634' title='bbox 1993 4249 2355 4314; x_wconf 77' lang='lat' dir='ltr'><strong>confundens,</strong></span> <span class='ocrx_word' id='word_1_635' title='bbox 2394 4252 2642 4320; x_wconf 90' lang='lat' dir='ltr'><strong>spurium</strong></span> <span class='ocrx_word' id='word_1_636' title='bbox 2693 4251 2880 4306; x_wconf 90' lang='lat' dir='ltr'><strong>nescio</strong></span> <span class='ocrx_word' id='word_1_637' title='bbox 2929 4249 3060 4320; x_wconf 89' lang='lat' dir='ltr'><strong>quid</strong></span> <span class='ocrx_word' id='word_1_638' title='bbox 3104 4250 3206 4305; x_wconf 85' lang='lat' dir='ltr'><strong>sibi</strong></span> <span class='ocrx_word' id='word_1_639' title='bbox 3242 4250 3496 4319; x_wconf 78' lang='lat' dir='ltr'><strong>tingit,ot</strong></span> 
     </span>
    </p>
   </div>
   <div class='ocr_carea' id='block_1_89' title="bbox 1913 4343 3492 4414">
    <p class='ocr_par' dir='ltr' id='par_1_89' title="bbox 1913 4343 3492 4414">
     <span class='ocr_line' id='line_1_89' title="bbox 1913 4343 3492 4414; baseline -0.001 -16"><span class='ocrx_word' id='word_1_640' title='bbox 1913 4343 2305 4412; x_wconf 77' lang='lat' dir='ltr'><strong>imaginatione</strong></span> <span class='ocrx_word' id='word_1_641' title='bbox 2358 4345 2778 4414; x_wconf 87' lang='lat' dir='ltr'><strong>complectitur,</strong></span> <span class='ocrx_word' id='word_1_642' title='bbox 2846 4344 2898 4399; x_wconf 83' lang='lat' dir='ltr'><strong>in</strong></span> <span class='ocrx_word' id='word_1_643' title='bbox 2960 4353 3151 4398; x_wconf 87' lang='lat' dir='ltr'><strong>neutra</strong></span> <span class='ocrx_word' id='word_1_644' title='bbox 3211 4343 3492 4397; x_wconf 68' lang='lat' dir='ltr'><strong>mutorum</strong></span> 
     </span>
    </p>
   </div>
   <div class='ocr_carea' id='block_1_90' title="bbox 1913 4435 3491 4506">
    <p class='ocr_par' dir='ltr' id='par_1_90' title="bbox 1913 4435 3491 4506">
     <span class='ocr_line' id='line_1_90' title="bbox 1913 4435 3491 4506; baseline -0.001 -16"><span class='ocrx_word' id='word_1_645' title='bbox 1913 4448 2068 4506; x_wconf 90' lang='lat' dir='ltr'><strong>parte</strong></span> <span class='ocrx_word' id='word_1_646' title='bbox 2102 4451 2236 4506; x_wconf 90' lang='lat' dir='ltr'><strong>pure</strong></span> <span class='ocrx_word' id='word_1_647' title='bbox 2263 4437 2542 4506; x_wconf 91' lang='lat' dir='ltr'><strong>proprium</strong></span> <span class='ocrx_word' id='word_1_648' title='bbox 2574 4452 2934 4500; x_wconf 83' lang='lat' dir='ltr'><strong>conservans,</strong></span> <span class='ocrx_word' id='word_1_649' title='bbox 2963 4436 3058 4492; x_wconf 84' lang='lat' dir='ltr'><strong>sed</strong></span> <span class='ocrx_word' id='word_1_650' title='bbox 3087 4436 3191 4491; x_wconf 89' lang='lat' dir='ltr'><strong>hoc</strong></span> <span class='ocrx_word' id='word_1_651' title='bbox 3222 4435 3353 4489; x_wconf 90' lang='lat' dir='ltr'><strong>illud</strong></span> <span class='ocrx_word' id='word_1_652' title='bbox 3387 4445 3491 4498; x_wconf 86' lang='lat' dir='ltr'><strong>cst,</strong></span> 
     </span>
    </p>
   </div>
   <div class='ocr_carea' id='block_1_91' title="bbox 222 4517 1812 4596">
    <p class='ocr_par' dir='ltr' id='par_1_91' title="bbox 222 4517 1812 4586">
     <span class='ocr_line' id='line_1_91' title="bbox 222 4517 1812 4586; baseline 0.002 -14"><span class='ocrx_word' id='word_1_653' title='bbox 222 4517 609 4582; x_wconf 77' lang='grc' dir='ltr'>ἁποσώζουσα,</span> <span class='ocrx_word' id='word_1_654' title='bbox 644 4519 780 4572; x_wconf 82' lang='grc' dir='ltr'>ἀλλὰ</span> <span class='ocrx_word' id='word_1_655' title='bbox 829 4519 987 4573; x_wconf 84' lang='grc' dir='ltr'>τοῦτο</span> <span class='ocrx_word' id='word_1_656' title='bbox 1041 4521 1236 4583; x_wconf 74' lang='grc' dir='ltr'>ἐκεῖνο,</span> <span class='ocrx_word' id='word_1_657' title='bbox 1269 4524 1489 4576; x_wconf 80' lang='grc' dir='ltr'>κάκεῖνο</span> <span class='ocrx_word' id='word_1_658' title='bbox 1509 4523 1685 4586; x_wconf 80' lang='grc' dir='ltr'>τοῦτο,</span> <span class='ocrx_word' id='word_1_659' title='bbox 1718 4524 1812 4577; x_wconf 76' lang='grc' dir='ltr'><strong>καὶ</strong></span> 
     </span>
    </p>
   </div>
   <div class='ocr_carea' id='block_1_92' title="bbox 1902 4517 3492 4596">
    <p class='ocr_par' dir='ltr' id='par_1_92' title="bbox 1916 4526 3492 4596">
     <span class='ocr_line' id='line_1_92' title="bbox 1916 4526 3492 4596; baseline 0 -16"><span class='ocrx_word' id='word_1_660' title='bbox 1916 4537 1969 4580; x_wconf 92' lang='lat' dir='ltr'><strong>et</strong></span> <span class='ocrx_word' id='word_1_661' title='bbox 1997 4527 2126 4582; x_wconf 87' lang='lat' dir='ltr'><strong>illud</strong></span> <span class='ocrx_word' id='word_1_662' title='bbox 2161 4528 2265 4583; x_wconf 88' lang='lat' dir='ltr'><strong>hoc</strong></span> <span class='ocrx_word' id='word_1_663' title='bbox 2295 4545 2308 4581; x_wconf 90' lang='lat'><strong>:</strong></span> <span class='ocrx_word' id='word_1_664' title='bbox 2341 4527 2573 4596; x_wconf 85' lang='lat' dir='ltr'><strong>ideoque</strong></span> <span class='ocrx_word' id='word_1_665' title='bbox 2601 4543 2777 4596; x_wconf 88' lang='lat' dir='ltr'><strong>neque</strong></span> <span class='ocrx_word' id='word_1_666' title='bbox 2822 4528 2944 4590; x_wconf 89' lang='lat' dir='ltr'><strong>hoc,</strong></span> <span class='ocrx_word' id='word_1_667' title='bbox 2981 4542 3158 4596; x_wconf 88' lang='lat' dir='ltr'><strong>neque</strong></span> <span class='ocrx_word' id='word_1_668' title='bbox 3193 4526 3320 4580; x_wconf 88' lang='lat' dir='ltr'><strong>illud</strong></span> <span class='ocrx_word' id='word_1_669' title='bbox 3357 4541 3492 4580; x_wconf 87' lang='lat' dir='ltr'><strong>con-</strong></span> 
     </span>
    </p>
   </div>
   <div class='ocr_carea' id='block_1_93' title="bbox 222 4609 1808 4684">
    <p class='ocr_par' dir='ltr' id='par_1_93' title="bbox 222 4609 1808 4684">
     <span class='ocr_line' id='line_1_93' title="bbox 222 4609 1808 4684; baseline 0.005 -23"><span class='ocrx_word' id='word_1_670' title='bbox 222 4609 312 4662; x_wconf 79' lang='grc' dir='ltr'>διᾶ</span> <span class='ocrx_word' id='word_1_671' title='bbox 331 4609 496 4662; x_wconf 74' lang='grc' dir='ltr'>τοῦτο</span> <span class='ocrx_word' id='word_1_672' title='bbox 520 4609 644 4663; x_wconf 77' lang='grc' dir='ltr'>οὐδὲ</span> <span class='ocrx_word' id='word_1_673' title='bbox 675 4610 854 4676; x_wconf 82' lang='grc' dir='ltr'>τοῦτο,</span> <span class='ocrx_word' id='word_1_674' title='bbox 878 4613 996 4665; x_wconf 73' lang='grc' dir='ltr'>οὐδὲ</span> <span class='ocrx_word' id='word_1_675' title='bbox 1025 4615 1199 4665; x_wconf 81' lang='grc' dir='ltr'>ἐκεῖνο</span> <span class='ocrx_word' id='word_1_676' title='bbox 1224 4615 1606 4684; x_wconf 83' lang='grc' dir='ltr'>συγχωροῦσα.</span> <span class='ocrx_word' id='word_1_677' title='bbox 1635 4617 1808 4669; x_wconf 82' lang='grc' dir='ltr'>Νόθον</span> 
     </span>
    </p>
   </div>
   <div class='ocr_carea' id='block_1_94' title="bbox 225 4701 1808 4774">
    <p class='ocr_par' dir='ltr' id='par_1_94' title="bbox 225 4701 1808 4774">
     <span class='ocr_line' id='line_1_94' title="bbox 225 4701 1808 4774; baseline 0.004 -21"><span class='ocrx_word' id='word_1_678' title='bbox 225 4701 337 4771; x_wconf 69' lang='grc' dir='ltr'><strong>γάρ</strong></span> <span class='ocrx_word' id='word_1_679' title='bbox 367 4701 517 4754; x_wconf 75' lang='grc' dir='ltr'>ἅπαν</span> <span class='ocrx_word' id='word_1_680' title='bbox 558 4702 620 4754; x_wconf 83' lang='grc' dir='ltr'>τὸ</span> <span class='ocrx_word' id='word_1_681' title='bbox 663 4703 726 4755; x_wconf 80' lang='grc' dir='ltr'>ὲκ</span> <span class='ocrx_word' id='word_1_682' title='bbox 764 4703 864 4771; x_wconf 81' lang='grc' dir='ltr'>τῆς</span> <span class='ocrx_word' id='word_1_683' title='bbox 906 4704 1221 4774; x_wconf 86' lang='grc' dir='ltr'>συγχύσεως</span> <span class='ocrx_word' id='word_1_684' title='bbox 1248 4706 1624 4773; x_wconf 78' lang='grc' dir='ltr'>ἀναφαίνεται,</span> <span class='ocrx_word' id='word_1_685' title='bbox 1656 4707 1808 4759; x_wconf 75' lang='grc' dir='ltr'>οὐδὲν</span> 
     </span>
    </p>
   </div>
   <div class='ocr_carea' id='block_1_95' title="bbox 226 4794 1810 4868">
    <p class='ocr_par' dir='ltr' id='par_1_95' title="bbox 226 4794 1810 4868">
     <span class='ocr_line' id='line_1_95' title="bbox 226 4794 1810 4868; baseline 0.004 -22"><span class='ocrx_word' id='word_1_686' title='bbox 226 4795 352 4864; x_wconf 75' lang='grc' dir='ltr'>ἔχον</span> <span class='ocrx_word' id='word_1_687' title='bbox 387 4794 657 4865; x_wconf 69' lang='grc' dir='ltr'>καθαρὸν,</span> <span class='ocrx_word' id='word_1_688' title='bbox 692 4796 814 4848; x_wconf 81' lang='grc' dir='ltr'>οὐδὲ</span> <span class='ocrx_word' id='word_1_689' title='bbox 849 4798 907 4847; x_wconf 82' lang='grc' dir='ltr'><strong>ὲν</strong></span> <span class='ocrx_word' id='word_1_690' title='bbox 934 4799 1001 4866; x_wconf 84' lang='grc' dir='ltr'><strong>τῇ</strong></span> <span class='ocrx_word' id='word_1_691' title='bbox 1035 4797 1247 4867; x_wconf 79' lang='grc' dir='ltr'><strong>μονίμῳ</strong></span> <span class='ocrx_word' id='word_1_692' title='bbox 1302 4798 1585 4868; x_wconf 84' lang='grc' dir='ltr'>ἱδρυμένον</span> <span class='ocrx_word' id='word_1_693' title='bbox 1616 4799 1810 4852; x_wconf 74' lang='grc' dir='ltr'>ἑαυτοῦ</span> 
     </span>
    </p>
   </div>
   <div class='ocr_carea' id='block_1_96' title="bbox 232 4887 1812 4958">
    <p class='ocr_par' dir='ltr' id='par_1_96' title="bbox 232 4887 1812 4958">
     <span class='ocr_line' id='line_1_96' title="bbox 232 4887 1812 4958; baseline 0.001 -20"><span class='ocrx_word' id='word_1_694' title='bbox 232 4887 484 4956; x_wconf 75' lang='grc' dir='ltr'>ἰδιότητι.</span> <span class='ocrx_word' id='word_1_695' title='bbox 519 4887 582 4939; x_wconf 84' lang='grc' dir='ltr'><strong>Ἦ</strong></span> <span class='ocrx_word' id='word_1_696' title='bbox 608 4887 662 4938; x_wconf 79' lang='grc' dir='ltr'>δὲ</span> <span class='ocrx_word' id='word_1_697' title='bbox 691 4887 894 4940; x_wconf 92' lang='grc' dir='ltr'>τούτων</span> <span class='ocrx_word' id='word_1_698' title='bbox 930 4889 1069 4957; x_wconf 82' lang='grc' dir='ltr'>μέση</span> <span class='ocrx_word' id='word_1_699' title='bbox 1103 4889 1408 4958; x_wconf 84' lang='grc' dir='ltr'>ἀσύγχυτός</span> <span class='ocrx_word' id='word_1_700' title='bbox 1434 4906 1491 4941; x_wconf 85' lang='grc' dir='ltr'><strong>τε</strong></span> <span class='ocrx_word' id='word_1_701' title='bbox 1521 4890 1612 4941; x_wconf 74' lang='grc' dir='ltr'><strong>καὶ</strong></span> <span class='ocrx_word' id='word_1_702' title='bbox 1641 4889 1812 4942; x_wconf 82' lang='grc' dir='ltr'>ἀδιαί-</span> 
     </span>
    </p>
   </div>
   <div class='ocr_carea' id='block_1_97' title="bbox 230 4971 1814 5048">
    <p class='ocr_par' dir='ltr' id='par_1_97' title="bbox 230 4971 1814 5048">
     <span class='ocr_line' id='line_1_97' title="bbox 230 4971 1814 5048; baseline 0.001 -19"><span class='ocrx_word' id='word_1_703' title='bbox 230 4993 388 5048; x_wconf 86' lang='grc' dir='ltr'>ρετος</span> <span class='ocrx_word' id='word_1_704' title='bbox 411 4977 610 5040; x_wconf 72' lang='grc' dir='ltr'>’ἐνωαις</span> <span class='ocrx_word' id='word_1_705' title='bbox 641 4971 750 5030; x_wconf 83' lang='grc' dir='ltr'>οἶδε</span> <span class='ocrx_word' id='word_1_706' title='bbox 786 4977 886 5048; x_wconf 81' lang='grc' dir='ltr'>μὲν</span> <span class='ocrx_word' id='word_1_707' title='bbox 909 4979 978 5030; x_wconf 73' lang='grc' dir='ltr'><strong>τὰ</strong></span> <span class='ocrx_word' id='word_1_708' title='bbox 1000 4977 1268 5048; x_wconf 84' lang='grc' dir='ltr'>ὁραθέντα</span> <span class='ocrx_word' id='word_1_709' title='bbox 1294 4979 1597 5042; x_wconf 55' lang='lat' dir='ltr'><strong>maxime;</strong></span> <span class='ocrx_word' id='word_1_710' title='bbox 1625 4978 1814 5048; x_wconf 79' lang='grc' dir='ltr'>ἔχοντα</span> 
     </span>
    </p>
   </div>
   <div class='ocr_carea' id='block_1_98' title="bbox 232 5069 1812 5142">
    <p class='ocr_par' dir='ltr' id='par_1_98' title="bbox 232 5069 1812 5142">
     <span class='ocr_line' id='line_1_98' title="bbox 232 5069 1812 5142; baseline 0.001 -20"><span class='ocrx_word' id='word_1_711' title='bbox 232 5071 374 5123; x_wconf 75' lang='grc' dir='ltr'>κατὰ</span> <span class='ocrx_word' id='word_1_712' title='bbox 405 5069 508 5140; x_wconf 82' lang='grc' dir='ltr'><strong>τὴν</strong></span> <span class='ocrx_word' id='word_1_713' title='bbox 560 5070 740 5124; x_wconf 80' lang='grc' dir='ltr'>αὐτῶν</span> <span class='ocrx_word' id='word_1_714' title='bbox 792 5070 1033 5142; x_wconf 88' lang='grc' dir='ltr'>ἰδιότητα</span> <span class='ocrx_word' id='word_1_715' title='bbox 1063 5071 1153 5125; x_wconf 72' lang='grc' dir='ltr'>διὰ</span> <span class='ocrx_word' id='word_1_716' title='bbox 1195 5071 1263 5124; x_wconf 83' lang='grc' dir='ltr'>τδ.</span> <span class='ocrx_word' id='word_1_717' title='bbox 1291 5071 1586 5142; x_wconf 82' lang='grc' dir='ltr'>ἄτρεπτον,</span> <span class='ocrx_word' id='word_1_718' title='bbox 1619 5072 1812 5134; x_wconf 86' lang='grc' dir='ltr'>κοινῶς</span> 
     </span>
    </p>
   </div>
   <div class='ocr_carea' id='block_1_99' title="bbox 233 5159 1815 5235">
    <p class='ocr_par' dir='ltr' id='par_1_99' title="bbox 233 5159 1815 5235">
     <span class='ocr_line' id='line_1_99' title="bbox 233 5159 1815 5235; baseline 0.003 -21"><span class='ocrx_word' id='word_1_719' title='bbox 233 5163 289 5216; x_wconf 76' lang='grc' dir='ltr'><strong>δὲ</strong></span> <span class='ocrx_word' id='word_1_720' title='bbox 336 5164 515 5216; x_wconf 77' lang='grc' dir='ltr'>ταῦτα</span> <span class='ocrx_word' id='word_1_721' title='bbox 572 5163 667 5216; x_wconf 78' lang='grc' dir='ltr'>καὶ</span> <span class='ocrx_word' id='word_1_722' title='bbox 695 5163 811 5226; x_wconf 81' lang='grc' dir='ltr'>ἐνὸς</span> <span class='ocrx_word' id='word_1_723' title='bbox 835 5159 974 5218; x_wconf 78' lang='grc' dir='ltr'>εἶναι</span> <span class='ocrx_word' id='word_1_724' title='bbox 1011 5167 1157 5220; x_wconf 87' lang='grc' dir='ltr'>ποιεῖ</span> <span class='ocrx_word' id='word_1_725' title='bbox 1183 5165 1250 5218; x_wconf 84' lang='grc' dir='ltr'>δι’</span> <span class='ocrx_word' id='word_1_726' title='bbox 1289 5165 1464 5235; x_wconf 76' lang='grc' dir='ltr'>αὑτήν</span> <span class='ocrx_word' id='word_1_727' title='bbox 1503 5181 1568 5233; x_wconf 73' lang='grc' dir='ltr'><strong>γε</strong></span> <span class='ocrx_word' id='word_1_728' title='bbox 1597 5165 1696 5235; x_wconf 82' lang='grc' dir='ltr'><strong>τὴν</strong></span> <span class='ocrx_word' id='word_1_729' title='bbox 1726 5166 1815 5218; x_wconf 86' lang='grc' dir='ltr'>οὑ-</span> 
     </span>
    </p>
   </div>
   <div class='ocr_carea' id='block_1_100' title="bbox 237 5255 1813 5329">
    <p class='ocr_par' dir='ltr' id='par_1_100' title="bbox 237 5255 1813 5329">
     <span class='ocr_line' id='line_1_100' title="bbox 237 5255 1813 5329; baseline 0.001 -21"><span class='ocrx_word' id='word_1_730' title='bbox 237 5255 404 5325; x_wconf 76' lang='grc' dir='ltr'>σιὼδη</span> <span class='ocrx_word' id='word_1_731' title='bbox 434 5256 654 5322; x_wconf 75' lang='grc' dir='ltr'>ἕνωσιν,</span> <span class='ocrx_word' id='word_1_732' title='bbox 679 5256 752 5321; x_wconf 86' lang='grc' dir='ltr'>ὼς</span> <span class='ocrx_word' id='word_1_733' title='bbox 777 5258 826 5310; x_wconf 81' lang='grc' dir='ltr'><strong>εί</strong></span> <span class='ocrx_word' id='word_1_734' title='bbox 861 5259 956 5310; x_wconf 81' lang='grc' dir='ltr'>καὶ</span> <span class='ocrx_word' id='word_1_735' title='bbox 983 5259 1053 5312; x_wconf 80' lang='grc' dir='ltr'>τὰ</span> <span class='ocrx_word' id='word_1_736' title='bbox 1079 5260 1178 5328; x_wconf 78' lang='grc' dir='ltr'><strong>μὲν</strong></span> <span class='ocrx_word' id='word_1_737' title='bbox 1207 5257 1410 5329; x_wconf 86' lang='grc' dir='ltr'>κυρίως</span> <span class='ocrx_word' id='word_1_738' title='bbox 1433 5257 1541 5311; x_wconf 81' lang='grc' dir='ltr'>ἴδια</span> <span class='ocrx_word' id='word_1_739' title='bbox 1563 5257 1813 5328; x_wconf 83' lang='grc' dir='ltr'>θατέρου,</span> 
     </span>
    </p>
   </div>
   <div class='ocr_carea' id='block_1_101' title="bbox 241 5347 1818 5421">
    <p class='ocr_par' dir='ltr' id='par_1_101' title="bbox 241 5347 1818 5421">
     <span class='ocr_line' id='line_1_101' title="bbox 241 5347 1818 5421; baseline 0.001 -19"><span class='ocrx_word' id='word_1_740' title='bbox 241 5350 399 5404; x_wconf 77' lang='grc' dir='ltr'>κοινά</span> <span class='ocrx_word' id='word_1_741' title='bbox 432 5347 531 5402; x_wconf 81' lang='grc' dir='ltr'>τοῦ</span> <span class='ocrx_word' id='word_1_742' title='bbox 561 5350 707 5414; x_wconf 80' lang='grc' dir='ltr'>ὅλου,</span> <span class='ocrx_word' id='word_1_743' title='bbox 765 5352 834 5404; x_wconf 79' lang='grc' dir='ltr'>τὰ</span> <span class='ocrx_word' id='word_1_744' title='bbox 862 5351 920 5406; x_wconf 80' lang='grc' dir='ltr'>δὲ</span> <span class='ocrx_word' id='word_1_745' title='bbox 969 5351 1065 5404; x_wconf 83' lang='grc' dir='ltr'><strong>τοῦ</strong></span> <span class='ocrx_word' id='word_1_746' title='bbox 1095 5351 1219 5404; x_wconf 83' lang='grc' dir='ltr'>ὅλου</span> <span class='ocrx_word' id='word_1_747' title='bbox 1248 5351 1424 5414; x_wconf 75' lang='grc' dir='ltr'>κοινὰ,</span> <span class='ocrx_word' id='word_1_748' title='bbox 1459 5351 1686 5421; x_wconf 85' lang='grc' dir='ltr'>θατέρου</span> <span class='ocrx_word' id='word_1_749' title='bbox 1711 5351 1818 5405; x_wconf 80' lang='grc' dir='ltr'>ἴδια</span> 
     </span>
    </p>
   </div>
   <div class='ocr_carea' id='block_1_102' title="bbox 239 5444 1815 5516">
    <p class='ocr_par' dir='ltr' id='par_1_102' title="bbox 239 5444 1815 5516">
     <span class='ocr_line' id='line_1_102' title="bbox 239 5444 1815 5516; baseline 0 -18"><span class='ocrx_word' id='word_1_750' title='bbox 239 5445 326 5499; x_wconf 76' lang='grc' dir='ltr'>διὰ</span> <span class='ocrx_word' id='word_1_751' title='bbox 351 5447 452 5516; x_wconf 83' lang='grc' dir='ltr'><strong>τὴν</strong></span> <span class='ocrx_word' id='word_1_752' title='bbox 485 5447 546 5499; x_wconf 76' lang='grc' dir='ltr'><strong>ἐν</strong></span> <span class='ocrx_word' id='word_1_753' title='bbox 571 5444 787 5516; x_wconf 81' lang='grc' dir='ltr'>θατέρῳ</span> <span class='ocrx_word' id='word_1_754' title='bbox 845 5445 940 5500; x_wconf 82' lang='grc' dir='ltr'>τοῦ</span> <span class='ocrx_word' id='word_1_755' title='bbox 981 5444 1148 5500; x_wconf 81' lang='grc' dir='ltr'>αὐτοῦ</span> <span class='ocrx_word' id='word_1_756' title='bbox 1197 5444 1508 5514; x_wconf 81' lang='grc' dir='ltr'>άσύγχυτον</span> <span class='ocrx_word' id='word_1_757' title='bbox 1555 5444 1815 5514; x_wconf 77' lang='grc' dir='ltr'>ἰδιότητα.</span> 
     </span>
    </p>
   </div>
   <div class='ocr_carea' id='block_1_103' title="bbox 239 5536 1818 5608">
    <p class='ocr_par' dir='ltr' id='par_1_103' title="bbox 239 5536 1818 5608">
     <span class='ocr_line' id='line_1_103' title="bbox 239 5536 1818 5608; baseline 0 -19"><span class='ocrx_word' id='word_1_758' title='bbox 239 5538 314 5590; x_wconf 79' lang='grc' dir='ltr'><strong>Οὐ</strong></span> <span class='ocrx_word' id='word_1_759' title='bbox 336 5538 449 5608; x_wconf 74' lang='grc' dir='ltr'><strong>γὰρ</strong></span> <span class='ocrx_word' id='word_1_760' title='bbox 485 5536 553 5592; x_wconf 81' lang='grc' dir='ltr'>ἂν</span> <span class='ocrx_word' id='word_1_761' title='bbox 582 5537 847 5602; x_wconf 79' lang='grc' dir='ltr'>ἀντίδοσις</span> <span class='ocrx_word' id='word_1_762' title='bbox 875 5539 982 5592; x_wconf 83' lang='grc' dir='ltr'>τῶν</span> <span class='ocrx_word' id='word_1_763' title='bbox 1040 5538 1347 5608; x_wconf 73' lang='grc' dir='ltr'>ἰδιωμάτων</span> <span class='ocrx_word' id='word_1_764' title='bbox 1395 5538 1633 5606; x_wconf 73' lang='grc' dir='ltr'>ἐγένετο,</span> <span class='ocrx_word' id='word_1_765' title='bbox 1659 5538 1709 5589; x_wconf 85' lang='grc' dir='ltr'><strong>εἰ</strong></span> <span class='ocrx_word' id='word_1_766' title='bbox 1742 5537 1818 5607; x_wconf 82' lang='grc' dir='ltr'>μὴ</span> 
     </span>
    </p>
   </div>
   <div class='ocr_carea' id='block_1_104' title="bbox 239 5615 1815 5701">
    <p class='ocr_par' dir='ltr' id='par_1_104' title="bbox 239 5615 1815 5701">
     <span class='ocr_line' id='line_1_104' title="bbox 239 5615 1815 5701; baseline 0 -19"><span class='ocrx_word' id='word_1_767' title='bbox 239 5630 299 5682; x_wconf 72' lang='grc' dir='ltr'>ἒν</span> <span class='ocrx_word' id='word_1_768' title='bbox 330 5629 581 5700; x_wconf 78' lang='grc' dir='ltr'>ἑκατέρῳ</span> <span class='ocrx_word' id='word_1_769' title='bbox 605 5615 819 5700; x_wconf 84' lang='grc' dir='ltr'>ἔμεινεν</span> <span class='ocrx_word' id='word_1_770' title='bbox 851 5633 908 5684; x_wconf 79' lang='grc' dir='ltr'><strong>ὲν</strong></span> <span class='ocrx_word' id='word_1_771' title='bbox 932 5633 998 5701; x_wconf 82' lang='grc' dir='ltr'>τῇ</span> <span class='ocrx_word' id='word_1_772' title='bbox 1035 5631 1278 5700; x_wconf 76' lang='grc' dir='ltr'>ὲνώσειή</span> <span class='ocrx_word' id='word_1_773' title='bbox 1311 5630 1508 5698; x_wconf 85' lang='grc' dir='ltr'>ἰδιότης</span> <span class='ocrx_word' id='word_1_774' title='bbox 1539 5628 1815 5699; x_wconf 88' lang='grc' dir='ltr'>ἀκίνητος.</span> 
     </span>
    </p>
   </div>
   <div class='ocr_carea' id='block_1_105' title="bbox 247 5719 1822 5796">
    <p class='ocr_par' dir='ltr' id='par_1_105' title="bbox 247 5719 1822 5796">
     <span class='ocr_line' id='line_1_105' title="bbox 247 5719 1822 5796; baseline 0.001 -22"><span class='ocrx_word' id='word_1_775' title='bbox 247 5721 434 5776; x_wconf 81' lang='grc' dir='ltr'>Ἔστιν</span> <span class='ocrx_word' id='word_1_776' title='bbox 486 5719 582 5776; x_wconf 82' lang='grc' dir='ltr'>οὖν</span> <span class='ocrx_word' id='word_1_777' title='bbox 629 5725 664 5793; x_wconf 80' lang='grc' dir='ltr'>ἡ</span> <span class='ocrx_word' id='word_1_778' title='bbox 708 5724 935 5796; x_wconf 81' lang='grc' dir='ltr'>τοιαύτη</span> <span class='ocrx_word' id='word_1_779' title='bbox 969 5724 1163 5788; x_wconf 76' lang='grc' dir='ltr'>ἔνωσις</span> <span class='ocrx_word' id='word_1_780' title='bbox 1193 5723 1301 5778; x_wconf 85' lang='grc' dir='ltr'><strong>τῶν</strong></span> <span class='ocrx_word' id='word_1_781' title='bbox 1351 5723 1450 5794; x_wconf 79' lang='grc' dir='ltr'>μὲν</span> <span class='ocrx_word' id='word_1_782' title='bbox 1485 5723 1660 5793; x_wconf 85' lang='grc' dir='ltr'>πάντη</span> <span class='ocrx_word' id='word_1_783' title='bbox 1682 5723 1822 5776; x_wconf 79' lang='grc' dir='ltr'>διαι-</span> 
     </span>
    </p>
   </div>
   <div class='ocr_carea' id='block_1_106' title="bbox 248 5808 1822 5889">
    <p class='ocr_par' dir='ltr' id='par_1_106' title="bbox 248 5808 1822 5889">
     <span class='ocr_line' id='line_1_106' title="bbox 248 5808 1822 5889; baseline -0.001 -19"><span class='ocrx_word' id='word_1_784' title='bbox 248 5815 419 5886; x_wconf 76' lang='grc' dir='ltr'>ρετῶν</span> <span class='ocrx_word' id='word_1_785' title='bbox 443 5815 770 5888; x_wconf 79' lang='grc' dir='ltr'>ἑνικωτέρα,</span> <span class='ocrx_word' id='word_1_786' title='bbox 820 5817 928 5874; x_wconf 82' lang='grc' dir='ltr'><strong>τῶν</strong></span> <span class='ocrx_word' id='word_1_787' title='bbox 968 5817 1026 5872; x_wconf 79' lang='grc' dir='ltr'>δὲ</span> <span class='ocrx_word' id='word_1_788' title='bbox 1079 5808 1256 5889; x_wconf 71' lang='grc' dir='ltr'>πάντη</span> <span class='ocrx_word' id='word_1_789' title='bbox 1293 5815 1636 5886; x_wconf 81' lang='grc' dir='ltr'>συγχυτικῶν</span> <span class='ocrx_word' id='word_1_790' title='bbox 1665 5814 1822 5869; x_wconf 80' lang='grc' dir='ltr'>πλου-</span> 
     </span>
    </p>
   </div>
   <div class='ocr_carea' id='block_1_107' title="bbox 1908 4617 3491 4688">
    <p class='ocr_par' dir='ltr' id='par_1_107' title="bbox 1908 4617 3491 4688">
     <span class='ocr_line' id='line_1_107' title="bbox 1908 4617 3491 4688; baseline -0.003 -14"><span class='ocrx_word' id='word_1_791' title='bbox 1908 4619 2109 4675; x_wconf 87' lang='lat' dir='ltr'><strong>ccdens</strong></span> <span class='ocrx_word' id='word_1_792' title='bbox 2141 4639 2154 4674; x_wconf 93' lang='lat'><strong>:</strong></span> <span class='ocrx_word' id='word_1_793' title='bbox 2189 4618 2335 4688; x_wconf 88' lang='lat' dir='ltr'><strong>quod</strong></span> <span class='ocrx_word' id='word_1_794' title='bbox 2373 4619 2518 4672; x_wconf 82' lang='lat' dir='ltr'><strong>enim</strong></span> <span class='ocrx_word' id='word_1_795' title='bbox 2561 4634 2627 4673; x_wconf 79' lang='lat' dir='ltr'><strong>ex</strong></span> <span class='ocrx_word' id='word_1_796' title='bbox 2667 4618 2994 4673; x_wconf 80' lang='lat' dir='ltr'><strong>confusione</strong></span> <span class='ocrx_word' id='word_1_797' title='bbox 3019 4620 3212 4680; x_wconf 88' lang='lat' dir='ltr'><strong>oritur,</strong></span> <span class='ocrx_word' id='word_1_798' title='bbox 3244 4617 3491 4686; x_wconf 83' lang='lat' dir='ltr'><strong>spuriqu</strong></span> 
     </span>
    </p>
   </div>
   <div class='ocr_carea' id='block_1_108' title="bbox 1909 4709 3496 4781">
    <p class='ocr_par' dir='ltr' id='par_1_108' title="bbox 1909 4709 3496 4781">
     <span class='ocr_line' id='line_1_108' title="bbox 1909 4709 3496 4781; baseline -0.004 -15"><span class='ocrx_word' id='word_1_799' title='bbox 1909 4721 2016 4777; x_wconf 90' lang='lat' dir='ltr'><strong>est,</strong></span> <span class='ocrx_word' id='word_1_800' title='bbox 2050 4711 2186 4765; x_wconf 92' lang='lat' dir='ltr'><strong>nibil</strong></span> <span class='ocrx_word' id='word_1_801' title='bbox 2220 4726 2417 4781; x_wconf 92' lang='lat' dir='ltr'><strong>purum</strong></span> <span class='ocrx_word' id='word_1_802' title='bbox 2449 4711 2761 4772; x_wconf 82' lang='lat' dir='ltr'><strong>continens,</strong></span> <span class='ocrx_word' id='word_1_803' title='bbox 2806 4712 2859 4762; x_wconf 89' lang='lat' dir='ltr'><strong>in</strong></span> <span class='ocrx_word' id='word_1_804' title='bbox 2892 4710 3012 4779; x_wconf 86' lang='lat' dir='ltr'><strong>ipsa</strong></span> <span class='ocrx_word' id='word_1_805' title='bbox 3058 4709 3142 4764; x_wconf 89' lang='lat' dir='ltr'><strong>sui</strong></span> <span class='ocrx_word' id='word_1_806' title='bbox 3166 4709 3345 4764; x_wconf 80' lang='lat' dir='ltr'><strong>stabili</strong></span> <span class='ocrx_word' id='word_1_807' title='bbox 3373 4723 3496 4775; x_wconf 86' lang='lat' dir='ltr'><strong>pro-</strong></span> 
     </span>
    </p>
   </div>
   <div class='ocr_carea' id='block_1_109' title="bbox 1913 4798 3496 4870">
    <p class='ocr_par' dir='ltr' id='par_1_109' title="bbox 1913 4798 3496 4870">
     <span class='ocr_line' id='line_1_109' title="bbox 1913 4798 3496 4870; baseline 0 -16"><span class='ocrx_word' id='word_1_808' title='bbox 1913 4801 2139 4870; x_wconf 86' lang='lat' dir='ltr'><strong>prietate</strong></span> <span class='ocrx_word' id='word_1_809' title='bbox 2188 4803 2414 4856; x_wconf 90' lang='lat' dir='ltr'><strong>minime</strong></span> <span class='ocrx_word' id='word_1_810' title='bbox 2461 4801 2700 4855; x_wconf 82' lang='lat' dir='ltr'><strong>ﬁrmum.</strong></span> <span class='ocrx_word' id='word_1_811' title='bbox 2737 4803 2943 4855; x_wconf 76' lang='lat' dir='ltr'><strong>Harum</strong></span> <span class='ocrx_word' id='word_1_812' title='bbox 2979 4800 3156 4853; x_wconf 89' lang='lat' dir='ltr'><strong>media</strong></span> <span class='ocrx_word' id='word_1_813' title='bbox 3205 4798 3496 4854; x_wconf 85' lang='lat' dir='ltr'><strong>inconfusa</strong></span> 
     </span>
    </p>
   </div>
   <div class='ocr_carea' id='block_1_110' title="bbox 1912 4889 3494 4963">
    <p class='ocr_par' dir='ltr' id='par_1_110' title="bbox 1912 4889 3494 4963">
     <span class='ocr_line' id='line_1_110' title="bbox 1912 4889 3494 4963; baseline -0.002 -18"><span class='ocrx_word' id='word_1_814' title='bbox 1912 4901 1966 4945; x_wconf 87' lang='lat' dir='ltr'><strong>et</strong></span> <span class='ocrx_word' id='word_1_815' title='bbox 1998 4892 2235 4947; x_wconf 86' lang='lat' dir='ltr'><strong>indivisa</strong></span> <span class='ocrx_word' id='word_1_816' title='bbox 2273 4893 2406 4947; x_wconf 91' lang='lat' dir='ltr'><strong>unio</strong></span> <span class='ocrx_word' id='word_1_817' title='bbox 2437 4892 2688 4963; x_wconf 82' lang='lat' dir='ltr'><strong>agnoscit</strong></span> <span class='ocrx_word' id='word_1_818' title='bbox 2727 4891 2979 4958; x_wconf 86' lang='lat' dir='ltr'><strong>equidem</strong></span> <span class='ocrx_word' id='word_1_819' title='bbox 3005 4897 3301 4957; x_wconf 84' lang='lat' dir='ltr'><strong>conspecta</strong></span> <span class='ocrx_word' id='word_1_820' title='bbox 3351 4889 3494 4942; x_wconf 90' lang='lat' dir='ltr'><strong>inte-</strong></span> 
     </span>
    </p>
   </div>
   <div class='ocr_carea' id='block_1_111' title="bbox 1914 4981 3497 5056">
    <p class='ocr_par' dir='ltr' id='par_1_111' title="bbox 1914 4981 3497 5056">
     <span class='ocr_line' id='line_1_111' title="bbox 1914 4981 3497 5056; baseline -0.003 -20"><span class='ocrx_word' id='word_1_821' title='bbox 1914 4999 2008 5053; x_wconf 80' lang='lat' dir='ltr'><strong>gra</strong></span> <span class='ocrx_word' id='word_1_822' title='bbox 2036 4999 2159 5038; x_wconf 87' lang='lat' dir='ltr'><strong>esse</strong></span> <span class='ocrx_word' id='word_1_823' title='bbox 2191 4994 2408 5054; x_wconf 87' lang='lat' dir='ltr'><strong>propter</strong></span> <span class='ocrx_word' id='word_1_824' title='bbox 2439 4999 2566 5039; x_wconf 89' lang='lat' dir='ltr'><strong>suas</strong></span> <span class='ocrx_word' id='word_1_825' title='bbox 2607 4983 2989 5052; x_wconf 85' lang='lat' dir='ltr'><strong>proprietates,</strong></span> <span class='ocrx_word' id='word_1_826' title='bbox 3039 4996 3168 5052; x_wconf 66' lang='lat' dir='ltr'><strong>qua:</strong></span> <span class='ocrx_word' id='word_1_827' title='bbox 3195 4981 3497 5056; x_wconf 66' lang='lat' dir='ltr'><strong>immutata:</strong></span> 
     </span>
    </p>
   </div>
   <div class='ocr_carea' id='block_1_112' title="bbox 1916 5074 3500 5136">
    <p class='ocr_par' dir='ltr' id='par_1_112' title="bbox 1916 5074 3500 5136">
     <span class='ocr_line' id='line_1_112' title="bbox 1916 5074 3500 5136; baseline -0.004 -7"><span class='ocrx_word' id='word_1_828' title='bbox 1916 5092 2021 5130; x_wconf 88' lang='lat' dir='ltr'><strong>non</strong></span> <span class='ocrx_word' id='word_1_829' title='bbox 2064 5083 2215 5130; x_wconf 87' lang='lat' dir='ltr'><strong>sunt.</strong></span> <span class='ocrx_word' id='word_1_830' title='bbox 2264 5077 2641 5132; x_wconf 89' lang='lat' dir='ltr'><strong>Communiter</strong></span> <span class='ocrx_word' id='word_1_831' title='bbox 2685 5083 2868 5128; x_wconf 88' lang='lat' dir='ltr'><strong>autem</strong></span> <span class='ocrx_word' id='word_1_832' title='bbox 2918 5074 3052 5136; x_wconf 72' lang='lat' dir='ltr'><strong>hare,</strong></span> <span class='ocrx_word' id='word_1_833' title='bbox 3081 5083 3134 5128; x_wconf 85' lang='lat' dir='ltr'><strong>et</strong></span> <span class='ocrx_word' id='word_1_834' title='bbox 3172 5074 3333 5126; x_wconf 89' lang='lat' dir='ltr'><strong>unius</strong></span> <span class='ocrx_word' id='word_1_835' title='bbox 3377 5087 3500 5125; x_wconf 70' lang='lat' dir='ltr'><strong>esse</strong></span> 
     </span>
    </p>
   </div>
   <div class='ocr_carea' id='block_1_113' title="bbox 1915 5165 3497 5238">
    <p class='ocr_par' dir='ltr' id='par_1_113' title="bbox 1915 5165 3497 5238">
     <span class='ocr_line' id='line_1_113' title="bbox 1915 5165 3497 5238; baseline -0.004 -16"><span class='ocrx_word' id='word_1_836' title='bbox 1915 5169 2118 5223; x_wconf 70' lang='lat' dir='ltr'><strong>fatetur</strong></span> <span class='ocrx_word' id='word_1_837' title='bbox 2185 5181 2406 5238; x_wconf 88' lang='lat' dir='ltr'><strong>propter</strong></span> <span class='ocrx_word' id='word_1_838' title='bbox 2457 5167 2809 5222; x_wconf 85' lang='lat' dir='ltr'><strong>essentialem</strong></span> <span class='ocrx_word' id='word_1_839' title='bbox 2869 5165 3497 5233; x_wconf 75' lang='lat' dir='ltr'><strong>tunionem,.etpropria</strong></span> 
     </span>
    </p>
   </div>
   <div class='ocr_carea' id='block_1_114' title="bbox 1920 5259 3497 5329">
    <p class='ocr_par' dir='ltr' id='par_1_114' title="bbox 1920 5259 3497 5329">
     <span class='ocr_line' id='line_1_114' title="bbox 1920 5259 3497 5329; baseline -0.003 -17"><span class='ocrx_word' id='word_1_840' title='bbox 1920 5260 2106 5324; x_wconf 91' lang='lat' dir='ltr'><strong>unius,</strong></span> <span class='ocrx_word' id='word_1_841' title='bbox 2132 5260 2305 5314; x_wconf 84' lang='lat' dir='ltr'><strong>totius</strong></span> <span class='ocrx_word' id='word_1_842' title='bbox 2330 5259 2674 5315; x_wconf 79' lang='lat' dir='ltr'><strong>communia:</strong></span> <span class='ocrx_word' id='word_1_843' title='bbox 2704 5275 2828 5329; x_wconf 76' lang='lat' dir='ltr'><strong>qua:</strong></span> <span class='ocrx_word' id='word_1_844' title='bbox 2863 5273 2994 5312; x_wconf 76' lang='lat' dir='ltr'><strong>vero</strong></span> <span class='ocrx_word' id='word_1_845' title='bbox 3028 5259 3204 5312; x_wconf 72' lang='lat' dir='ltr'><strong>totius</strong></span> <span class='ocrx_word' id='word_1_846' title='bbox 3247 5272 3497 5310; x_wconf 82' lang='lat' dir='ltr'><strong>commn-</strong></span> 
     </span>
    </p>
   </div>
   <div class='ocr_carea' id='block_1_115' title="bbox 1919 5349 3495 5422">
    <p class='ocr_par' dir='ltr' id='par_1_115' title="bbox 1919 5349 3495 5422">
     <span class='ocr_line' id='line_1_115' title="bbox 1919 5349 3495 5422; baseline -0.003 -16"><span class='ocrx_word' id='word_1_847' title='bbox 1919 5352 2277 5414; x_wconf 89' lang='lat' dir='ltr'><strong>nia,alterius</strong></span> <span class='ocrx_word' id='word_1_848' title='bbox 2297 5367 2518 5422; x_wconf 88' lang='lat' dir='ltr'><strong>quoque</strong></span> <span class='ocrx_word' id='word_1_849' title='bbox 2549 5352 2766 5421; x_wconf 78' lang='lat' dir='ltr'><strong>prepria</strong></span> <span class='ocrx_word' id='word_1_850' title='bbox 2804 5361 3030 5422; x_wconf 75' lang='lat' dir='ltr'><strong>propter</strong></span> <span class='ocrx_word' id='word_1_851' title='bbox 3065 5352 3209 5403; x_wconf 85' lang='lat' dir='ltr'><strong>illius</strong></span> <span class='ocrx_word' id='word_1_852' title='bbox 3261 5349 3314 5401; x_wconf 87' lang='lat' dir='ltr'><strong>in</strong></span> <span class='ocrx_word' id='word_1_853' title='bbox 3349 5356 3495 5402; x_wconf 81' lang='lat' dir='ltr'><strong>utro-</strong></span> 
     </span>
    </p>
   </div>
   <div class='ocr_carea' id='block_1_116' title="bbox 1918 5442 3500 5516">
    <p class='ocr_par' dir='ltr' id='par_1_116' title="bbox 1918 5442 3500 5516">
     <span class='ocr_line' id='line_1_116' title="bbox 1918 5442 3500 5516; baseline -0.004 -18"><span class='ocrx_word' id='word_1_854' title='bbox 1918 5461 2024 5513; x_wconf 90' lang='lat' dir='ltr'><strong>que</strong></span> <span class='ocrx_word' id='word_1_855' title='bbox 2063 5446 2406 5502; x_wconf 78' lang='lat' dir='ltr'><strong>inconfusam</strong></span> <span class='ocrx_word' id='word_1_856' title='bbox 2478 5447 2885 5516; x_wconf 86' lang='lat' dir='ltr'><strong>proprietatem.</strong></span> <span class='ocrx_word' id='word_1_857' title='bbox 2919 5443 3104 5514; x_wconf 83' lang='lat' dir='ltr'><strong>Neque</strong></span> <span class='ocrx_word' id='word_1_858' title='bbox 3157 5442 3304 5496; x_wconf 84' lang='lat' dir='ltr'><strong>enim</strong></span> <span class='ocrx_word' id='word_1_859' title='bbox 3370 5454 3500 5509; x_wconf 90' lang='lat' dir='ltr'><strong>pro-</strong></span> 
     </span>
    </p>
   </div>
   <div class='ocr_carea' id='block_1_117' title="bbox 1922 5531 3498 5607">
    <p class='ocr_par' dir='ltr' id='par_1_117' title="bbox 1922 5531 3498 5607">
     <span class='ocr_line' id='line_1_117' title="bbox 1922 5531 3498 5607; baseline -0.004 -18"><span class='ocrx_word' id='word_1_860' title='bbox 1922 5538 2212 5607; x_wconf 88' lang='lat' dir='ltr'><strong>prietatum</strong></span> <span class='ocrx_word' id='word_1_861' title='bbox 2298 5547 2491 5593; x_wconf 81' lang='lat' dir='ltr'><strong>mutua</strong></span> <span class='ocrx_word' id='word_1_862' title='bbox 2552 5540 2926 5607; x_wconf 87' lang='lat' dir='ltr'><strong>compensatio</strong></span> <span class='ocrx_word' id='word_1_863' title='bbox 2992 5537 3189 5598; x_wconf 82' lang='lat' dir='ltr'><strong>fieret,</strong></span> <span class='ocrx_word' id='word_1_864' title='bbox 3254 5532 3360 5587; x_wconf 88' lang='lat' dir='ltr'><strong>nisi</strong></span> <span class='ocrx_word' id='word_1_865' title='bbox 3446 5531 3498 5583; x_wconf 83' lang='lat' dir='ltr'><strong>in</strong></span> 
     </span>
    </p>
   </div>
   <div class='ocr_carea' id='block_1_118' title="bbox 1921 5626 3496 5700">
    <p class='ocr_par' dir='ltr' id='par_1_118' title="bbox 1921 5626 3496 5700">
     <span class='ocr_line' id='line_1_118' title="bbox 1921 5626 3496 5700; baseline -0.006 -17"><span class='ocrx_word' id='word_1_866' title='bbox 1921 5641 2155 5700; x_wconf 84' lang='lat' dir='ltr'><strong>utroque</strong></span> <span class='ocrx_word' id='word_1_867' title='bbox 2192 5640 2522 5697; x_wconf 84' lang='lat' dir='ltr'><strong>remaneret,</strong></span> <span class='ocrx_word' id='word_1_868' title='bbox 2559 5633 2611 5685; x_wconf 88' lang='lat' dir='ltr'><strong>in</strong></span> <span class='ocrx_word' id='word_1_869' title='bbox 2637 5631 2842 5686; x_wconf 88' lang='lat' dir='ltr'><strong>unione</strong></span> <span class='ocrx_word' id='word_1_870' title='bbox 2893 5628 3198 5698; x_wconf 82' lang='lat' dir='ltr'><strong>proprietas</strong></span> <span class='ocrx_word' id='word_1_871' title='bbox 3251 5626 3496 5677; x_wconf 87' lang='lat' dir='ltr'><strong>immota.</strong></span> 
     </span>
    </p>
   </div>
   <div class='ocr_carea' id='block_1_119' title="bbox 1925 5715 3502 5793">
    <p class='ocr_par' dir='ltr' id='par_1_119' title="bbox 1925 5715 3502 5793">
     <span class='ocr_line' id='line_1_119' title="bbox 1925 5715 3502 5793; baseline -0.004 -19"><span class='ocrx_word' id='word_1_872' title='bbox 1925 5722 2019 5776; x_wconf 76' lang='lat' dir='ltr'><strong>Est</strong></span> <span class='ocrx_word' id='word_1_873' title='bbox 2054 5724 2238 5793; x_wconf 88' lang='lat' dir='ltr'><strong>itaque</strong></span> <span class='ocrx_word' id='word_1_874' title='bbox 2290 5724 2486 5780; x_wconf 87' lang='lat' dir='ltr'><strong>similis</strong></span> <span class='ocrx_word' id='word_1_875' title='bbox 2540 5723 2672 5778; x_wconf 90' lang='lat' dir='ltr'><strong>unio</strong></span> <span class='ocrx_word' id='word_1_876' title='bbox 2705 5737 2920 5786; x_wconf 87' lang='lat' dir='ltr'><strong>eorum,</strong></span> <span class='ocrx_word' id='word_1_877' title='bbox 2953 5735 3076 5790; x_wconf 61' lang='lat' dir='ltr'><strong>qua:</strong></span> <span class='ocrx_word' id='word_1_878' title='bbox 3117 5719 3332 5789; x_wconf 84' lang='lat' dir='ltr'><strong>penitus</strong></span> <span class='ocrx_word' id='word_1_879' title='bbox 3361 5715 3502 5770; x_wconf 80' lang='lat' dir='ltr'><strong>divi-</strong></span> 
     </span>
    </p>
   </div>
   <div class='ocr_carea' id='block_1_120' title="bbox 1923 5811 3489 5885">
    <p class='ocr_par' dir='ltr' id='par_1_120' title="bbox 1923 5811 3489 5885">
     <span class='ocr_line' id='line_1_120' title="bbox 1923 5811 3489 5885; baseline -0.004 -20"><span class='ocrx_word' id='word_1_880' title='bbox 1923 5811 2152 5880; x_wconf 84' lang='lat' dir='ltr'><strong>duntur,</strong></span> <span class='ocrx_word' id='word_1_881' title='bbox 2189 5814 2364 5885; x_wconf 66' lang='lat' dir='ltr'><strong>magis</strong></span> <span class='ocrx_word' id='word_1_882' title='bbox 2409 5813 2637 5880; x_wconf 82' lang='lat' dir='ltr'><strong>unitiva,</strong></span> <span class='ocrx_word' id='word_1_883' title='bbox 2671 5826 2885 5881; x_wconf 86' lang='lat' dir='ltr'><strong>eorum,</strong></span> <span class='ocrx_word' id='word_1_884' title='bbox 2917 5826 3041 5881; x_wconf 71' lang='lat' dir='ltr'><strong>qua:</strong></span> <span class='ocrx_word' id='word_1_885' title='bbox 3085 5821 3314 5881; x_wconf 81' lang='lat' dir='ltr'><strong>prorsus</strong></span> <span class='ocrx_word' id='word_1_886' title='bbox 3365 5819 3489 5861; x_wconf 80' lang='lat' dir='ltr'><strong>con.</strong></span> 
     </span>
    </p>
   </div>
  </div>
