4194 6432
694 352 800 417 627

1954 351 2246 413 NICET/E
2286 344 2694 423 ΒΥΖᾹΝΤΙΝΙ

3860 352 3965 417 623

691 466 993 520 l‘umluntur
1030 464 1367 533 atiluentior;
1417 473 1474 518 ut
1513 479 1691 534 neque
1720 464 1945 519 omnino
1976 464 2116 517 idem
2145 478 2270 517 esse

2382 463 2645 535 σιωτέρα,
2699 464 2776 527 ὡς
2832 464 2969 536 μήτε
3029 462 3210 535 πάντη
3258 463 3459 517 ταυτὸν
3512 462 3653 518 εἶναι
3682 466 3858 519 ποιεῖν
3896 464 3964 517 τά

689 559 856 614 faciat
885 559 1048 613 simul
1094 560 1273 626 unita,
1312 572 1492 628 neque
1535 573 1767 628 prorsus
1801 557 1969 612 aliud.
2003 557 2060 611 Si
2098 557 2281 623 itaque

687 652 828 705 nihil
852 651 1074 705 omnino
1113 650 1279 713 idem,
1311 665 1489 719 neque
1514 665 1576 704 ex
1617 650 1878 704 omnibus
1926 649 2096 712 aliud,
2135 646 2280 716 quod

688 761 755 799 et
790 746 988 799 unione
1024 745 1223 808 oritur,
1257 754 1359 806 est,
1424 744 1780 812 quaerendum
1831 744 2054 797 ubinam
2114 742 2279 807 idem,

693 838 784 892 ubi
847 850 978 890 vero
1040 836 1185 889 aliud
1236 837 1486 890 veritatis
1521 850 1714 890 norma
1776 834 2093 905 cognoscit,
2137 833 2278 888 idem

688 927 911 993 qurdem
964 927 1262 982 secundum
1313 927 1685 995 hypostasim,
1739 926 1883 981 aliud
1908 940 2036 981 vero
2079 940 2278 979 secun-

685 1020 817 1075 dum
851 1029 1098 1073 naturam
1133 1019 1432 1089 ;opposito
1499 1034 1737 1087 namque
1790 1017 1973 1083 modo,
2022 1032 2189 1087 quam
2227 1017 2279 1071 in

687 1110 976 1172 Trinitate,
1016 1120 1076 1165 ut
1125 1111 1346 1165 divinus
1402 1110 1572 1166 refert
1627 1110 1947 1180 Gregorius,
1982 1124 2042 1165 se
2096 1110 2280 1165 habet.

686 1203 842 1269 Quod
871 1202 916 1257 si
948 1203 999 1257 id
1032 1204 1367 1259 adversariis
1402 1220 1509 1259 non
1544 1205 1833 1274 probatur,
1859 1202 2003 1273 quod
2031 1202 2283 1272 sequitur

686 1295 791 1366 ipsi
816 1296 1170 1351 concludant.
1219 1295 1459 1351 Omnino
1505 1297 1705 1352 etenim
1771 1297 1815 1350 si
1839 1296 2123 1367 hypostasi
2170 1310 2279 1351 non

689 1397 843 1444 esset
870 1389 1034 1453 idem,
1070 1403 1200 1460 ergo
1240 1398 1459 1450 natura.
1494 1388 1818 1450 concedent,
1861 1397 1917 1443 et
1964 1388 2011 1443 si
2045 1388 2148 1443 hoc
2174 1401 2281 1441 una

683 1482 936 1541 omnino.
970 1491 1026 1536 et
1056 1482 1248 1536 eadem
1284 1481 1449 1535 fuerit
1495 1482 1635 1536 ratio
1665 1481 1913 1544 deitatis,
1942 1489 1997 1535 et
2030 1480 2281 1534 humani-

684 1574 817 1628 tatis
847 1589 941 1641 per
974 1573 1273 1638 unionem;
1307 1574 1411 1628 etsi
1445 1574 1496 1628 id
1548 1574 1690 1629 idem
1742 1572 1905 1628 fuerit
1938 1573 2068 1627 unio
2102 1580 2156 1624 et
2187 1587 2282 1625 na-

684 1673 847 1719 tura:
887 1665 1026 1718 idem
1073 1664 1221 1718 enim
1270 1666 1337 1719 de
1384 1665 1634 1735 utrisque
1682 1664 2034 1735 praedicatur.
2079 1663 2271 1728 Queru-

684 1752 978 1807 admodum
1007 1753 1152 1809 enim
1224 1769 1459 1823 quarum
1498 1764 1690 1809 natura
1726 1770 1830 1807 una
1861 1763 1963 1818 est,
1999 1753 2195 1809 horum
2228 1761 2282 1807 et

684 1845 831 1900 ratio
854 1845 1045 1900 eadem
1076 1864 1089 1901 :
1125 1846 1206 1900 sic
1232 1848 1545 1901 necessario
1577 1848 1862 1916 sequitur;
1890 1860 2125 1916 quorum
2150 1845 2279 1899 unio

684 1938 875 2002 simul,
909 1947 962 1993 et
991 1938 1045 1992 in
1078 1938 1290 2002 eodem,
1328 1953 1519 1992 eorum
1570 1938 1870 1997 secundum
1914 1938 2067 2008 ipsos
2096 1947 2147 1990 et
2178 1952 2279 1990 na-

685 2038 865 2084 turam
920 2046 1040 2086 esse
1088 2046 1465 2086 communem.
1502 2032 1645 2101 Ergo
1678 2044 1733 2086 et
1762 2033 2104 2101 oppositum,
2135 2047 2277 2102 quo-

684 2139 808 2179 rum
845 2133 1038 2179 natura
1070 2140 1200 2188 una,
1238 2125 1434 2179 horum
1478 2126 1803 2195 hypostases
1837 2125 2103 2191 diversa;
2153 2140 2277 2179 cum

684 2229 815 2268 vero
868 2230 1032 2268 unam
1087 2226 1339 2268 naturam
1401 2231 1505 2268 una
1553 2231 1787 2285 persona
1835 2215 2276 2279 circumscribat,

684 2302 814 2369 quid
852 2303 974 2357 inde
1000 2302 1314 2371 colligitur?
1346 2319 1510 2358 unatn
1545 2320 1668 2358 esse
1704 2315 1958 2358 naturain
1986 2305 2188 2362 carnis.
2217 2315 2273 2358 et

685 2394 927 2457 deitatis,
984 2396 1219 2465 ideoque
1278 2395 1666 2450 confusionem
1720 2397 2093 2466 :liypostases
2148 2410 2277 2449 vero

686 2486 847 2540 duas.
879 2486 1040 2552 Quod
1080 2487 1124 2541 si
1180 2502 1359 2557 neque
1412 2497 1628 2554 natura,
1664 2504 1841 2557 neque
1876 2489 2179 2559 hypostasi,
2223 2492 2277 2542 el

687 2594 918 2633 numero
960 2596 1128 2634 unum
1176 2581 1402 2643 habent.
1432 2597 1555 2651 quae
1601 2590 1997 2644 convenerunt,
2050 2582 2273 2635 ubinam

688 2668 853 2727 fuerit
888 2688 987 2743 per
1019 2672 1276 2728 unionem
1326 2675 1602 2729 unitorum
1646 2675 1935 2730 identitas?
1973 2673 2127 2741 Quod
2152 2675 2197 2729 si
2223 2681 2277 2729 et

688 2775 901 2829 natura,
937 2766 1298 2837 ethypostasi
1351 2783 1521 2821 unum
1577 2768 1808 2822 invicem
1866 2778 2015 2830 sunt,
2052 2768 2274 2822 ubinam

686 2858 1152 2913 immutabilitatis
1189 2868 1244 2914 et
1302 2859 1708 2914 inconfusionis
1749 2860 1890 2913 ratio
1924 2860 2109 2913 unioni
2144 2875 2274 2914 con-

686 2950 1031 3004 servabitur?
1085 2951 1373 3020 Colligitur
1424 2952 1589 3019 igitur
1633 2952 1968 3007 omnimodis
2012 2952 2274 3006 adversus

684 3056 803 3103 eos.
836 3042 928 3111 qui
964 3042 1155 3096 dicunt
1191 3058 1354 3097 unam
1409 3044 1461 3096 in
1513 3042 1732 3099 Christo
1763 3054 2039 3107 naturam,
2080 3042 2275 3099 confu-

2388 554 2657 609 ινωθέντα
2690 556 2968 628 ἀλλήλοις,
3026 558 3163 628 μήτε
3218 556 3397 628 πάντη
3425 556 3635 627 ἕτερον.
3682 557 3744 610 El
3784 556 3964 609 τοίνυν

2390 649 2527 718 μηδέ
2555 648 2736 719 πάντη
2765 650 2986 713 ταυτὸν,
3019 650 3154 719 μηδὲ
3194 648 3255 714 ἐξ
3298 649 3437 703 ὅλων
3465 650 3654 719 ἕτερον
3691 648 3753 701 τὸ
3775 650 3841 702 ἐκ
3866 650 3964 715 τῆς

2384 740 2628 806 ἑνώσεως
2657 741 2968 810 ἀποφαίνει,
3022 740 3305 812 ζητητέον,
3364 740 3439 811 πῆ
3492 741 3593 810 μὲν
3627 740 3849 805 ταυτὸν,
3883 738 3963 807 πῆ

2381 833 2439 887 δὲ
2469 834 2655 905 ἕτερον
2674 836 2703 888 ὁ
2730 834 2832 905 τῆς
2856 833 3113 905 ἀληθείας
3143 833 3305 901 λόγος
3348 828 3477 888 οἶδε.
3516 832 3591 886 Τὸ
3634 833 3734 903 μὲν
3764 832 3967 887 ταυτὸν

2381 926 2527 981 κατὰ
2583 926 2683 995 τὴν
2722 928 3044 991 ὑπόστασιν,
3074 926 3138 979 τὸ
3167 926 3224 980 δὲ
3255 927 3443 997 ἕτερον
3480 924 3624 980 κατὰ
3653 924 3754 995 τὴν
3775 924 3963 993 φύσιν.

2385 1019 2665 1089 Ἔμπαλιν
2680 1018 2787 1089 γὰρ
2819 1018 2853 1089 ἢ
2890 1019 2983 1072 ἐπὶ
3011 1018 3111 1090 τῆς
3130 1019 3360 1091 Τριάδος
3379 1018 3494 1088 ἔχει
3522 1018 3664 1072 κατά
3695 1017 3789 1071 τὸν
3819 1016 3966 1069 θεῖον

2382 1114 2707 1186 Γρηγόριον.
2736 1114 2799 1168 El
2823 1114 2884 1168 δὲ
2915 1112 3076 1168 τοῦτο
3120 1114 3236 1176 τοῖς
3264 1111 3530 1175 ιναντίοις
3555 1110 3965 1182 άπαράδεκτον,

2380 1205 2442 1259 τὸ
2468 1204 2599 1275 ἑξῆς
2626 1206 2783 1259 αὑτοὶ
2813 1204 3219 1272 συναγίτωσαν.
3251 1202 3479 1264 Πάντως
3501 1199 3611 1271 γάρ
3638 1202 3687 1254 ει
3717 1200 3793 1270 μὴ
3829 1199 3968 1252 ὑπο-

2384 1296 2571 1351 στάσει
2610 1297 2671 1351 τὸ
2699 1297 2920 1359 ταυτὸν,
2950 1297 3062 1365 ἄρα
3107 1294 3268 1363 φύσει
3298 1293 3583 1347 δώσουσιν.
3614 1292 3676 1345 ΕΞ
3698 1292 3754 1345 δὲ
3779 1290 3965 1353 τοῦτο,

2381 1385 2463 1454 εἷς
2488 1391 2660 1459 δήπου
2688 1391 2784 1444 καὶ
2812 1392 2841 1444 ὁ
2874 1389 3038 1452 αὑτὸς
3067 1387 3218 1442 ἔσται
3245 1386 3400 1453 λόγος
3441 1384 3694 1454 θεότητος
3721 1384 3818 1437 καὶ
3862 1384 3967 1437 άν-

2382 1482 2736 1552 θρωπότητος
2768 1482 2859 1535 διά
2896 1482 2996 1550 τὴν
3046 1481 3263 1534 ἒνωσιν.
3305 1478 3418 1532 Καὶ
3466 1479 3517 1531 εἰ
3548 1477 3728 1541 τοῦτο,
3762 1475 3968 1528 ταυτόν

2380 1572 2530 1626 ἐστιν
2559 1570 2752 1633 ἓνωσίς
2802 1588 2861 1625 τε
2892 1572 2991 1625 καὶ
3038 1571 3218 1640 φύσις.
3248 1569 3444 1623 Κοινδν
3483 1569 3592 1639 γάρ
3631 1569 3694 1621 τδ
3737 1568 3824 1620 ἐπ’
3851 1568 3971 1635 άμ-

2381 1665 2501 1731 φοΐν
2533 1663 2915 1734 κατηγόρημα.
2958 1664 3172 1734 Ὥσπερ
3194 1663 3303 1733 γάρ
3323 1657 3397 1719 ὧν
3425 1662 3458 1732 ὴ
3489 1664 3651 1730 φύσις
3684 1660 3803 1728 μία,
3839 1658 3969 1717 τού-

2381 1773 2492 1808 των
2522 1758 2618 1809 καὶ
2664 1757 2693 1809 ὁ
2721 1756 2880 1824 λόγος
2927 1758 2956 1809 ὁ
2995 1754 3182 1819 αὑτὸς,
3210 1755 3385 1819 οὑτως
3422 1755 3660 1825 ἀνάγκη,
3694 1752 3790 1806 καὶ
3818 1745 3895 1806 ὧν
3928 1753 3964 1821 ἠ

2383 1847 2580 1911 ἒνωσις
2614 1849 2732 1920 ἅμα
2767 1850 2865 1903 καὶ
2897 1850 2956 1902 ὲν
2985 1846 3192 1917 ταυτῷ,
3224 1846 3434 1901 τούτων
3481 1846 3607 1901 κατ’
3637 1845 3837 1907 αὑτοὺς
3866 1845 3967 1897 καὶ

2383 1938 2481 2009 τὴν
2520 1940 2685 2008 φύσιν
2714 1934 2855 1993 εἶναι
2883 1941 3090 2011 κοινήν.
3130 1938 3340 1992 Οὐκοῦν
3373 1938 3469 1992 καὶ
3500 1938 3563 1990 τὸ
3594 1937 3850 2008 ἔμπαλιν,
3888 1927 3969 1986 ὧν

2382 2033 2417 2103 ἡ
2451 2031 2611 2099 φύσις
2644 2032 2762 2101 μία,
2790 2031 3001 2085 τούτων
3048 2032 3373 2094 ὑποστάσεις
3424 2030 3693 2099 διάφοροι.
3725 2027 3882 2081 Ἐπεὶ
3904 2026 3966 2077 δὲ

2386 2123 2516 2192 μίαν
2562 2124 2723 2193 φύσιν
2770 2124 2829 2177 ἓν
2876 2125 3172 2195 πρόσωπον
3212 2123 3566 2195 περιγράφει,
3608 2120 3858 2174 ἐντεῦθεν
3910 2118 3969 2171 τί

2383 2214 2712 2282 συνάγεταις
2757 2216 2886 2285 μίαν
2910 2216 3010 2285 μὲν
3045 2212 3184 2270 εἷναι
3225 2215 3388 2284 φύσιν
3422 2212 3624 2284 σαρκὸς
3653 2213 3745 2265 καὶ
3772 2210 3971 2278 θεότη-

2380 2325 2491 2369 τος.
2534 2308 2627 2359 καὶ
2657 2307 2749 2360 διὰ
2796 2308 2957 2360 τοῦτο
2982 2309 3268 2378 άνάχυσις.
3311 2307 3641 2369 ὑποστάσεις
3670 2305 3726 2357 δὲ
3752 2304 3866 2355 δύο.
3902 2302 3969 2353 Εἰ

2380 2398 2436 2451 δὲ
2485 2399 2623 2467 μήτε
2674 2399 2834 2468 φύσει
2882 2401 3021 2469 μήτε
3072 2400 3370 2453 ὑποστάσει
3412 2398 3508 2452 καὶ
3567 2396 3787 2467 ἀριθμῷ
3817 2395 3877 2448 τὸ
3906 2394 3969 2447 ἓν

2380 2490 2555 2559 ἔχοιεν
2602 2491 2669 2543 τὰ
2724 2490 3071 2555 συνελθόντα,
3104 2490 3209 2543 ποῦ
3256 2492 3289 2559 ἡ
3318 2491 3407 2543 διά
3446 2489 3547 2559 τῆς
3577 2489 3824 2551 ὲνώσεως
3850 2486 3967 2539 τῶν

2382 2583 2693 2636 ἑνωθέντων
2721 2585 3022 2651 ταυτότηςς
3056 2584 3117 2636 ΕΞ
3142 2583 3195 2635 δὲ
3219 2585 3311 2635 καὶ
3343 2582 3520 2650 φύσει,
3546 2583 3639 2633 καί
3668 2580 3971 2633 ὑποστάσει

2379 2678 2440 2731 τὸ
2496 2676 2554 2730 ἓν
2619 2676 2873 2746 ἀλλήλοις
2920 2678 3049 2739 εἰσὶ,
3113 2676 3218 2729 ποῦ
3244 2679 3271 2729 ὁ
3301 2677 3400 2744 τῆς
3440 2675 3701 2746 ἁτρεψίας
3731 2674 3825 2726 καὶ
3862 2671 3965 2725 τοῦ

2379 2768 2686 2837 άσυγχύτου
2746 2766 2902 2835 λόγος
2944 2770 3012 2837 τῇ
3074 2767 3269 2821 ἐνώσει
3313 2767 3967 2836 σωθήσεται;Συνῆκται

2381 2861 2490 2932 ἄρα
2517 2861 2822 2927 ἐξάπαντος
2846 2862 2957 2923 τοῖς
2978 2859 3227 2926 λέγουσιν
3242 2861 3332 2913 ἐπὶ
3357 2858 3594 2926 Χριστοῦ
3621 2859 3747 2928 μίαν
3776 2858 3968 2926 φύσιν,

2382 2954 2477 3006 καὶ
2502 2955 2529 3006 ὁ
2556 2953 2656 3022 τῆς
2675 2952 2990 3021 άνάχύσεως
3008 2952 3352 3020 τρόπος,κᾶν
3375 2951 3530 3006 αὐτοὶ
3558 2951 3634 3021 μὴ
3666 2950 3965 3018 βούλοιντο.

2381 3048 2490 3101 Kal.
2519 3047 2693 3108 άλλως
2747 3047 2826 3106 εἰς
2860 3045 2919 3099 τὸ
2956 3046 3108 3108 αὐτὸ,
3146 3046 3228 3099 ὅτι
3263 3047 3310 3099 οἱ
3351 3046 3479 3113 μίαν
3518 3043 3679 3112 φύσιν
3712 3044 3970 3111 λέγοντες

684 3132 858 3188 sionis
904 3132 1019 3202 ipse
1066 3135 1279 3192 modus.
1315 3134 1444 3187 lieut
1483 3135 1583 3202 ipsi
1617 3135 1668 3187 id
1702 3145 1953 3189 renuant.
1988 3135 2105 3188 Alia
2134 3150 2269 3202 quo-

2380 3140 2472 3192 ἐπὶ
2506 3137 2744 3208 Χριστοῦ
2783 3138 2863 3200 εἰς
2918 3138 3011 3190 τὸν
3066 3136 3166 3205 τῆς
3218 3136 3539 3205 συγχύσεως
3560 3134 3763 3204 τρόπον
3791 3136 3968 3203 ἐμπίς

684 3240 791 3295 quc
820 3225 1031 3279 ratione
1080 3226 1182 3280 hoc
1223 3226 1363 3278 idem
1406 3228 1690 3294 probatur,
1734 3236 2041 3282 asserentes
2066 3226 2274 3280 scilicet

684 3333 852 3370 unam
890 3317 945 3371 in
978 3319 1201 3371 Christo
1240 3330 1490 3371 naturam
1554 3318 1606 3371 in
1663 3316 2011 3373 confusionis
2046 3320 2267 3371 molunt

684 3409 945 3466 incidere.
982 3408 1390 3477 Interrogantus
1431 3411 1615 3478 itaque
1648 3426 1744 3465 vos
1790 3428 1802 3463 :
1846 3409 1978 3475 Quae
2010 3410 2062 3463 in
2100 3427 2267 3464 unum

684 3509 1061 3558 coovenerunt
1110 3498 1399 3554 inconfusa
1457 3501 1509 3555 in
1555 3503 1776 3565 unione,
1810 3513 2186 3569 agnoscuntur
2240 3518 2267 3554 a

686 3594 861 3656 \ObiS,
894 3593 980 3647 vel
1015 3594 1157 3647 non?
1204 3592 1440 3649 Omnino
1482 3594 1743 3648 asseretis
1797 3594 2107 3657 inconfusa.
2161 3595 2267 3649 nisi

685 3701 812 3740 cum
850 3683 1211 3755 Eutychianis
1244 3684 1448 3739 sentire
1484 3684 1663 3739 velitis
1704 3702 1715 3736 :
1759 3700 1882 3754 quae
1913 3700 2040 3739 vero
2073 3701 2271 3738 conve-

684 3777 1078 3844 nerunt,etiam
1110 3777 1413 3830 secundum
1430 3791 1523 3830 vos
1548 3776 1659 3829 duo
1686 3787 1837 3841 sunt,
1869 3776 2045 3830 deitas
2077 3791 2269 3844 nempe

683 3880 739 3925 et
787 3870 1098 3924 humanitas
1128 3885 1142 3922 :
1169 3884 1275 3938 qua
1306 3884 1436 3922 vero
1474 3868 1704 3932 ratione,
1736 3884 1857 3937 quae
1887 3866 2115 3923 confusa
2155 3884 2265 3921 non

685 3970 813 4016 sunt
852 3962 905 4015 in
941 3961 1145 4014 unione
1181 3960 1326 4024 duo,
1356 3960 1522 4012 etiam
1568 3969 1692 4028 post
1732 3960 1987 4013 unionem
2019 3960 2127 4013 duo
2159 3975 2265 4012 non

685 4053 1025 4123 agnoscitis?
1056 4051 1122 4106 Et
1151 4051 1197 4108 si
1229 4053 1479 4122 agnoscit
1504 4068 1551 4115 s,
1583 4067 1754 4121 quare
1782 4052 1831 4106 id
1862 4068 1968 4107 non
1997 4050 2270 4106 fatemini?

684 4156 742 4202 et
763 4147 807 4202 si
832 4145 1099 4209 fatemini,
1126 4159 1375 4215 quareea
1393 4144 1665 4199 abnuistis
1694 4159 2006 4209 numerare,
2033 4159 2267 4213 quorum

687 4250 902 4293 naturae
937 4236 1325 4307 proprietatem
1367 4234 1717 4289 inconfusam
1760 4234 1927 4288 etiam
1959 4243 2081 4302 post
2112 4234 2269 4287 unio-

686 4344 811 4384 nem
834 4327 1023 4383 scitis?
1051 4326 1203 4391 Quod
1224 4327 1363 4381 enim
1386 4326 1807 4394 conﬁtentur,ait
1832 4326 1991 4381 divus
2011 4324 2267 4390 Basilius,

686 4423 919 4489 idipsum
950 4432 998 4474 et
1034 4429 1330 4473 numerent.
1367 4419 1521 4485 Quod
1564 4420 1609 4473 si
1640 4434 1747 4473 non
1777 4420 2099 4481 numeratis,
2125 4427 2269 4487 patet

690 4530 787 4568 vos
835 4514 966 4568 illud
1029 4528 1137 4566 non
1170 4512 1419 4565 conliteri
1460 4530 1473 4566 :
1510 4510 1657 4580 quod
1704 4511 1751 4567 si
1780 4527 1887 4565 non
1931 4510 2267 4567 conﬁtemini

687 4621 869 4675 neque
918 4606 1215 4676 agnoscitis
1237 4646 1252 4669 ,
1286 4613 1340 4658 ct
1368 4605 1414 4659 si
1452 4620 1559 4658 non
1590 4604 1908 4674 agnoscitis,
1950 4621 2057 4658 non
2088 4604 2272 4658 dicitis

690 4700 800 4755 duo
841 4713 985 4762 esse,
1016 4714 1136 4768 qua:
1169 4705 1543 4751 convenerunt
1579 4712 1592 4748 :
1627 4697 1815 4765 sicque
1842 4698 1953 4765 jam
1982 4697 2273 4750 immutata

690 4801 1019 4852 esteorum,
1048 4805 1169 4858 qua:
1200 4798 1597 4853 convenerunt,
1641 4803 1748 4842 una
1779 4798 1971 4842 natura
2006 4788 2055 4841 in
2083 4787 2271 4841 aliam.

689 4881 807 4937 Hoc
833 4882 974 4937 idem
1011 4881 1117 4937 alia
1165 4881 1396 4934 ratione.
1434 4877 1698 4934 Universa
1751 4878 2036 4948 integritas
2080 4879 2161 4932 vel
2205 4895 2272 4932 ex

690 4971 940 5042 partibus
971 4969 1249 5025 similibus
1283 4968 1700 5027 consistentiam
1735 4967 1915 5032 habet,
1949 4968 2029 5021 vel
2054 4983 2120 5021 ex
2153 4967 2269 5022 dis-

692 5063 987 5120 similibus.
1020 5062 1076 5116 Si
1101 5076 1168 5116 ex
1198 5060 1496 5124 similibus,
1533 5060 1762 5115 omnino
1794 5060 1899 5115 hoc
1938 5060 2129 5114 eodem
2166 5069 2269 5123 est,

691 5165 746 5210 et
783 5154 1144 5224 incomposita
1185 5170 1198 5206 :
1239 5152 1286 5208 si
1315 5167 1381 5205 ex
1404 5150 1769 5207 dissimilibus
1814 5157 1869 5204 et
1914 5150 2146 5204 diversis
2177 5164 2274 5203 na-

694 5248 834 5302 turis
876 5246 1162 5310 consistit,
1219 5245 1446 5300 omnino
1492 5244 1794 5314 composita
1824 5252 1949 5298 cst:
1981 5244 2024 5298 si
2060 5260 2183 5313 quae
2208 5260 2274 5297 ex

693 5339 925 5395 diversis
970 5339 1181 5393 naturis
1235 5337 1578 5403 conﬂantur,
1609 5337 1910 5405 composita
1943 5347 2092 5391 sunt.
2135 5336 2273 5390 Cum

697 5433 882 5501 itaque
930 5431 1138 5487 Christi
1191 5432 1478 5502 integritas
1511 5446 1578 5485 ex
1617 5430 1866 5499 partibus
1889 5429 2273 5495 dissimilibus,

693 5524 1074 5582 differentibus
1103 5525 1317 5581 scilicet
1349 5524 1560 5579 naturis
1587 5524 1671 5578 sui
1705 5522 2157 5593 compositionem
2189 5523 2279 5577 ha-

695 5619 803 5685 bet,
835 5617 1053 5673 deitatis
1083 5627 1265 5673 mente
1319 5618 1800 5688 humanitatisque,
1837 5626 1891 5673 et
1916 5618 2029 5672 haec
2064 5618 2276 5673 diversa

696 5712 749 5764 in
781 5710 985 5766 unione
1016 5719 1423 5773 remanserunt,
1457 5712 1508 5764 iu
1538 5711 1738 5780 quibus
1789 5726 1919 5766 vero
1964 5710 2276 5767 dill'erentia

693 5811 800 5871 est,
847 5803 1073 5875 omnino
1126 5802 1230 5869 ibi,
1273 5814 1326 5859 et
1364 5803 1612 5860 binarius
1656 5802 1723 5859 ad
1775 5803 1960 5859 minus
2004 5817 2273 5859 numerus

2296 4481 2349 4540 D

2376 3246 2625 3281 πτουσιν.
2691 3227 3027 3295 Ἐρωτητέον
3061 3222 3157 3279 οὖν
3211 3226 3377 3293 ὑμᾶς,
3437 3224 3673 3293 Πότερον
3720 3225 3848 3293 ὑμῖν
3895 3224 3971 3276 τά

2376 3321 2702 3374 συνελθόντα
2761 3319 3044 3388 άσύγχυτα
3104 3320 3163 3371 ὲν
3207 3321 3272 3387 τῇ
3306 3317 3498 3370 ἐνώσει
3534 3317 3888 3384 γινώσκεται,
3928 3316 3963 3384 ἦ

2374 3413 2472 3480 06;
2500 3413 2722 3475 Πάντως
2783 3412 2959 3480 ἐρεῖτε
2997 3409 3301 3478 ἀσύγχυτα,
3342 3410 3503 3479 εἴπερ
3535 3408 3609 3478 μὴ
3643 3406 3969 3477 Εὑτυχιανε-

2375 3504 2487 3568 ζειν
2513 3503 2745 3556 ἐθέλετε.
2778 3502 2883 3554 Δύο
2935 3501 2992 3553 δὲ
3046 3500 3116 3553 τὰ
3167 3499 3490 3553 συνελθόντα
3520 3501 3614 3552 καὶ
3661 3498 3784 3552 καθ’
3817 3500 3970 3567 ὑμᾶς

2374 3598 2503 3658 εισι,
2539 3596 2769 3663 θεότητά
2802 3612 2946 3664 φημι
2978 3594 3072 3647 καὶ
3104 3592 3524 3663 άνθρωπότητα.
3555 3593 3673 3645 Τίνι
3724 3592 3779 3645 δὲ
3819 3590 3969 3659 λόγῳ

2372 3687 2440 3740 τά
2490 3686 2566 3757 μὴ
2622 3685 2958 3756 συγχυθέντα
3020 3689 3078 3739 ὲν
3107 3690 3174 3756 τῇ
3196 3685 3387 3739 ὲνὼσει
3426 3684 3539 3748 δύο,
3576 3683 3670 3736 καὶ
3706 3683 3842 3752 μετὰ
3862 3684 3971 3753 τὴν

2372 3781 2565 3834 ἕνωσιν
2588 3780 2651 3833 οὑ
2680 3780 2774 3832 δύο
2803 3779 3134 3846 γνωρίζετες
3188 3780 3249 3831 Εἰ
3281 3778 3339 3830 δὲ
3369 3778 3463 3831 καὶ
3492 3777 3808 3846 γνωρῖζετε,
3841 3776 3969 3839 πῶς

2374 3874 2471 3942 οὑχ
2492 3873 2837 3941 ὁμολογεῖτε;
2874 3872 2935 3925 El
2964 3871 3019 3925 δὲ
3062 3872 3158 3924 καὶ
3187 3872 3518 3940 ὁμολογεῖτε,
3553 3868 3670 3928 πῶς
3695 3866 3960 3943 ἀριθμεῖν

2371 3963 2547 4018 ταῦτα
2572 3963 2951 4035 παραιτεῖσθε,
2979 3957 3054 4016 ὧν
3070 3962 3169 4033 τὴν
3185 3962 3284 4031 τῆς
3300 3961 3514 4030 φύσεως
3538 3960 3774 4028 ἰδιότητα
3793 3958 3899 4011 άσύ
3908 3976 3972 4026 γ-

2372 4073 2533 4125 χυτον
2562 4058 2655 4109 καὶ
2690 4056 2827 4125 μετὰ
2848 4055 2948 4124 τὴν
2983 4054 3177 4108 ἕνωσιν
3202 4052 3533 4117 ἐπίστασθες
3570 4052 3641 4106 '0
3674 4049 3783 4120 γὰρ
3824 4053 3974 4118 ὁμου

2370 4147 2647 4216 λοτοῦσι,
2663 4147 2829 4215 φησὶν
2850 4147 2877 4198 ὁ
2893 4147 3036 4208 θεῖος
3060 4144 3358 4207 Βασίλειος,
3379 4143 3557 4197 τοῦτο
3576 4141 3675 4195 καὶ
3698 4141 3971 4209 ἀριθμεῖ-

2371 4255 2599 4294 τωσαν.
2622 4239 2683 4291 Εἰ
2699 4238 2756 4291 δὲ
2777 4238 2877 4291 οὑκ
2898 4237 3205 4307 ἀριθμεῖτε,
3223 4236 3383 4305 δῆλον
3411 4236 3495 4289 ὅτι
3513 4236 3611 4304 οὑχ
3623 4233 3965 4302 ὁμολογεῖτε.

2375 4334 2437 4386 Et
2458 4333 2513 4387 δὲ
2542 4333 2640 4401 οὐχ
2674 4332 3005 4403 ὁμολογεῖτε,
3029 4330 3147 4383 οὑδὲ
3172 4329 3487 4399 γνωρίζετε.
3510 4328 3574 4381 Εἰ
3592 4328 3648 4380 δὲ
3678 4326 3740 4379 οὑ
3760 4325 3969 4395 γνωρίο

2375 4426 2519 4491 ζετε,
2542 4426 2601 4478 οὑ
2628 4424 2723 4478 δύο
2739 4423 2808 4477 τά
2839 4422 3157 4475 συνελθόντα
3175 4421 3383 4487 λέγετε.
3404 4420 3512 4472 Καὶ
3532 4417 3705 4480 οὕτως
3725 4416 3970 4485 μεταδὲ-

2375 4516 2568 4585 6ληται
2599 4514 2761 4585 ἡτῶν
2784 4512 3147 4566 συνελθόντων
3179 4512 3339 4579 φύσις
3366 4510 3569 4579 θατὲρα
3598 4510 3964 4578 ὲπὶθατέραν.

2374 4610 2485 4664 Καὶ
2518 4610 2693 4672 άλλως
2721 4608 2803 4672 εἰς
2838 4607 2900 4660 τὸ
2922 4606 3072 4660 αὑτό·
3092 4606 3155 4658 Ἡ
3180 4605 3330 4657 πᾶσα
3356 4603 3544 4672 ὁλότης
3576 4602 3684 4672 ﬁse
3711 4602 3969 4670 ἀνομοιο-

2377 4701 2558 4773 μερῶν
2581 4701 2679 4771 τὴν
2710 4701 2968 4753 σύστασιν
3000 4698 3244 4767 εἴληφεν,
3285 4697 3317 4766 ἢ
3348 4696 3408 4761 ἐξ
3446 4696 3791 4766 ὁμοιομερῶν
3813 4711 3828 4726 ·
3864 4696 3967 4749 καὶ

2374 4796 2423 4847 εἰ
2454 4794 2552 4861 μὲν
2574 4792 2635 4857 ὲξ
2665 4790 3011 4862 ὁμοιομερῶν
3038 4790 3255 4852 πάντως
3277 4787 3397 4841 κατ’
3414 4787 3566 4852 αὐτὸ,
3586 4785 3841 4839 τουτέστι
3865 4788 3968 4840 καὶ

2373 4885 2663 4948 άσύνθετός
2686 4885 2854 4948 ἐστιν,
2890 4885 2937 4937 εἰ
2966 4883 3019 4935 δὲ
3046 4883 3104 4947 ἐξ
3135 4879 3544 4950 άνομοιομερῶν
3575 4879 3667 4933 καὶ
3687 4878 3971 4948 διαφόρων

2376 4978 2592 5044 φύσεων
2619 4978 2937 5045 συνέστηκε,
2966 4974 3185 5036 πάντως
3216 4971 3472 5033 σύνθετος
3493 4970 3668 5034 ἔσται,
3700 4971 3860 5037 εῖπερ
3893 4972 3969 5024 τά

2376 5072 2440 5121 ὲκ
2473 5069 2745 5138 διαφόρων
2774 5067 2991 5135 φύσεων
3025 5064 3360 5134 συγκείμενα
3391 5061 3642 5116 σύνθετα.
3690 5061 3843 5113 Ἐπεὶ
3866 5060 3967 5115 οὖν

2379 5166 2407 5232 ἡ
2433 5163 2574 5214 κατὰ
2603 5160 2837 5232 Χριστὸν
2863 5160 3053 5229 ὁλότης
3092 5158 3154 5223 ἐξ
3190 5155 3623 5228 ἀνομοιομερῶν.
3651 5154 3818 5225 ἤγουν
3840 5153 3965 5206 δια·

2378 5254 2653 5325 φερόντων
2710 5253 2925 5322 φύσεων
2984 5252 3078 5324 τὴν
3117 5250 3363 5304 σύνθεσιν
3403 5249 3628 5318 ἔσχηκε,
3683 5246 3964 5314 θεότητος,

2382 5347 2550 5415 φημὶ,
2588 5347 2685 5398 καὶ
2713 5345 3153 5416 άνθρωπότητος,
3190 5340 3365 5396 ταῦτα
3412 5340 3470 5395 δὲ
3511 5340 3749 5409 διάφορα
3784 5337 3883 5390 καὶ
3906 5340 3968 5389 ὲν

2380 5440 2444 5508 τῇ
2500 5436 2693 5491 ὲνώσει
2744 5437 3137 5506 μεμενήκασιν,
3178 5435 3236 5487 ὲν
3260 5429 3342 5496 οἷς
3373 5432 3429 5484 δὲ
3459 5430 3710 5501 διάφορα,
3738 5430 3967 5493 πάντως

2380 5531 2498 5583 ἐκεῖ
2520 5529 2613 5583 καὶ
2638 5532 2666 5583 ὁ
2692 5529 2793 5599 τῆς
2839 5528 3031 5589 δυάδος
3055 5524 3290 5596 άριθμὸς
3342 5523 3694 5593 τούλάχιστον
3724 5522 3965 5587 συνάγε-

2379 5638 2489 5674 ται.
2519 5621 2582 5674 Εἰ
2641 5619 2697 5672 δὲ
2750 5618 2932 5681 τοῦτο,
2982 5615 3227 5686 δηλονότι
3267 5613 3363 5666 καὶ
3398 5612 3644 5685 ἀριθμεῖ.
3689 5611 3750 5662 Et
3785 5609 3844 5662 δὲ
3868 5611 3970 5662 καὶ

2381 5712 2504 5765 καθ’
2531 5711 2674 5781 ὑμᾶς
2702 5711 2839 5780 ὲντῇ
2875 5709 3066 5763 ἑνὼσει
3112 5704 3206 5759 τοῦ
3253 5705 3373 5758 ὅλου
3396 5707 3430 5775 ἡ
3462 5701 3694 5773 διαφορά
3722 5700 3832 5753 τῶν
3862 5718 3967 5771 με-

2386 5802 2494 5874 ρῶν
2531 5802 2632 5856 ούκ
2664 5802 2999 5873 ἀριθμεῖται,
3027 5800 3184 5870 δῆλον
3206 5799 3289 5853 ὅτι
3314 5798 3433 5853 οὑδὲ
3469 5796 3635 5850 ἔστιν.
3665 5795 3725 5848 Ei
3762 5792 3822 5847 δὲ
3858 5795 3967 5851 οὐκ
