4194 6432
174 456 279 519 639
1020 455 1453 517 REFUTATIO
1493 459 1830 520 EPISTLle

1766 462 1873 519 [ΑΕ
1920 463 2147 520 REGIS
2186 462 2567 519 ΑΗΜΕΝΙΕ.
3308 452 3416 516 630

174 565 311 629 ἔστι,
340 561 513 632 σαφὲς
540 562 621 615 δτι
657 561 984 633 συγκέχυται
1027 566 1097 619 τὰ
1156 567 1320 638 μέρη,
1354 570 1412 622 ὲν
1441 566 1575 641 οἴςὴ
1625 571 1739 623 δια-
1772 602 1813 657 Α

1772 602 1813 657 Α
1842 573 2114 641 colligitur
2140 589 2155 636 ;
2193 571 2354 639 idque
2382 573 2425 623 si
2446 581 2548 631 usi,
2580 566 2926 621 manifestum
2957 579 3179 635 quoque
3207 575 3287 619 est
3318 582 3416 620 tut-

172 656 314 725 φορὰ
360 656 459 726 οὐχ
505 655 750 727 εὓρηται.
779 657 1015 727 ⁴Ιιανερδν
1054 658 1186 729 ἄρα,
1226 663 1337 723 τοῖς
1368 660 1584 728 λέγουσι
1611 663 1741 733 μίαν
1775 655 1810 657 η

1775 655 1810 657 ﬁ
1850 663 2071 717 morari.
2108 661 2260 726 Quod
2296 661 2339 715 si
2368 676 2466 728 per
2503 675 2599 716 vos
2633 660 2687 713 in
2716 658 2915 713 unione
2957 657 3146 722 totius,
3183 655 3415 724 partium

175 742 431 800 σύνθετον
460 747 554 800 ἐπὶ
597 747 833 819 Χριστοῦ
888 749 1052 817 φύσιν
1093 752 1406 819 συνάγεται,
1444 752 1503 804 τὸ
1544 770 1743 818 συγκε-

1850 754 2149 811 dil'ferentia
2183 769 2289 808 non
2320 763 2656 815 numeratur,
2695 750 2870 820 palam
2921 760 3005 805 est
3074 764 3250 818 neque
3275 762 3417 803 esse.

178 837 376 907 χύσθαι
402 837 582 905 λέγειν
633 837 731 901 τὰς
768 838 977 907 φύσεις,
1026 840 1127 893 κᾶν
1174 840 1250 912 μὴ
1304 840 1595 909 βούλοιντο.
1637 842 1747 894 Καὶ

1852 847 2008 915 Quod
2040 847 2085 902 si
2118 864 2225 902 non
2254 858 2361 910 est,
2393 845 2597 900 clarum
2647 853 2724 900 est
2756 842 3013 897 confusas
3052 857 3174 897 esse
3214 848 3419 910 partes,

171 929 348 984 ταῦτα
384 931 481 1000 μὲν
512 933 570 985 ὲν
598 931 831 996 τούτοις.

1852 941 1905 993 in
1948 938 2147 1008 quibus
2179 938 2478 993 diﬂ‘erentia
2512 954 2617 993 non
2650 936 2936 1007 reperitur.
2967 934 3216 989 Patenter
3240 934 3423 1000 itaque

172 1022 519 1076 concluditur
569 1033 879 1078 asserentes
928 1039 1091 1077 unam
1136 1024 1187 1078 in
1238 1024 1461 1081 Christo
1506 1038 1758 1081 naturam
1816 1030 2171 1099 compositam
2208 1025 3201 1094 aﬂirmarc,confusasetiamnaturas
3223 1022 3421 1082 fuisse.

171 1111 302 1165 licet
334 1113 441 1181 ipsi
474 1122 690 1181 negent.
727 1113 789 1167 Et
821 1114 936 1167 haec
963 1114 1182 1184 quidem
1220 1114 1296 1170 ita
1330 1132 1389 1171 se
1420 1117 1640 1171 habent.

244 1208 330 1259 ιδ’.
372 1207 591 1276 Ἐπειδὴ
632 1206 689 1259 δὲ
723 1206 783 1259 τὸ
831 1208 1157 1277 συγχυτικὸν
1183 1208 1279 1262 τοῦ
1338 1209 1614 1279 Εὑτυχοῦς
1661 1208 1750 1262 διὰ

1926 1214 2011 1269 ﬂ.
2054 1214 2189 1269 Cum
2221 1229 2349 1268 vero
2382 1210 2757 1265 confusionem
2785 1208 3100 1281 Eutychetis
3126 1223 3221 1276 per
3254 1222 3425 1275 expo-

171 1301 271 1369 τῆς
322 1298 594 1361 ἐκθέσεως
628 1300 685 1351 ιν
727 1298 804 1369 τῷ
853 1300 1141 1369 γράμματί
1199 1317 1292 1353 σου
1345 1301 1749 1371 μυσαττόμενος

1856 1307 2105 1362 sitionem
2147 1309 2200 1361 in
2232 1314 2323 1360 tua
2363 1305 2594 1371 epistola
2658 1309 2979 1357 exsecratus
3005 1299 3245 1368 rejicias,
3279 1306 3429 1351 tuam

176 1392 462 1455 ἀπεσείου,
494 1392 595 1462 τὴν
623 1393 680 1445 δὲ
705 1393 912 1446 οίκείαν
944 1393 1235 1461 ὁμολογίαν
1266 1394 1334 1446 δι’
1360 1394 1558 1462 ὀλίγων
1599 1394 1752 1446 ἒπει-

1856 1396 2254 1452 confcssionem
2292 1397 2482 1465 paucis
2523 1407 2797 1463 exponere
2848 1389 3089 1453 conaris,
3141 1398 3199 1442 ut
3243 1403 3430 1456 reprc-

173 1483 349 1554 ράθης
376 1482 652 1545 ἐκθέσθαι,
681 1483 757 1547 ὡς
794 1482 1046 1536 ἐντεῦθεν
1084 1485 1502 1552 ἀκατάγνωστος
1536 1483 1756 1554 δειχθῆ-

1860 1490 2173 1545 hensionem
2197 1487 2425 1557 eﬂ‘ugias
2454 1498 2709 1555 tanquam
2735 1484 2829 1554 qui
2858 1480 3027 1536 videri
3050 1481 3203 1549 cupis
3225 1490 3430 1533 rectum

171 1592 279 1639 ναι,
311 1575 405 1626 καὶ
435 1573 607 1627 δοκῶν
640 1574 699 1626 τὸ
725 1573 884 1643 ὀρθὸν
911 1573 1085 1643 δόγμα
1108 1575 1207 1643 τῆς
1255 1575 1580 1643 Ἐκκλησίας
1622 1590 1755 1644 πρε-

1862 1581 2115 1636 Ecclesiae
2144 1581 2341 1645 dogma
2376 1577 2650 1647 proﬁteri,
2684 1575 2881 1630 scribis
2908 1574 3012 1629 hoc
3041 1571 3239 1627 modo:
3280 1570 3435 1624 Nunc

172 1664 413 1728 σόεύειν,
454 1664 532 1717 διὸ
562 1667 656 1717 καὶ
685 1664 915 1733 γράφεις
944 1659 1065 1718 ὧδεο
1085 1666 1311 1733 Ἀρτίως
1351 1666 1419 1719 δὲ
1439 1666 1513 1718 δι’
1550 1664 1758 1720 ἁπλῶν

1861 1686 2036 1729 autem
2066 1673 2295 1741 simplici
2326 1672 2564 1724 oratione
2588 1678 2824 1723 nostram
2845 1667 3226 1738 professionem
3269 1680 3436 1718 enun-

171 1758 373 1822 λόγων
405 1754 759 1823 λαλήσομεν
780 1755 895 1821 τὴν
927 1755 1221 1823 ἡμετέραν
1244 1756 1589 1824 ὁμολογίαν,
1608 1747 1775 1808 διότι

1865 1769 2071 1831 tiemus,
2118 1781 2279 1834 quare
2331 1764 2572 1815 dicamus
2624 1777 2783 1813 unam
2815 1761 2869 1813 in
2921 1759 3129 1813 Christo
3167 1766 3438 1819 naturam,

172 1846 433 1916 λέγομεν
454 1848 600 1917 μίαν
621 1848 811 1915 φύσιν
839 1848 924 1912 εἰς
975 1849 1250 1916 Χριστὸν,
1286 1849 1432 1916 ὅπερ
1463 1847 1612 1903 πᾶσι
1642 1864 1755 1917 φα·
1793 1916 1828 1928 __

1793 1916 1832 1928 __
1863 1857 2004 1928 quod
2042 1856 2282 1910 erunibus
2322 1855 2500 1924 palam
2554 1864 2652 1911 est.
2677 1867 2795 1922 qua:
2847 1867 2953 1904 una
2994 1860 3187 1903 natura
3237 1846 3440 1900 duobus

174 1941 353 2007 νερόν
402 1916 590 1995 ἐστιν.
625 1942 787 2006 Ἠτις
818 1941 926 2009 μία
980 1942 1166 2010 φύσις
1206 1943 1291 2006 εἰς
1332 1941 1442 1995 δύο
1500 1916 1757 2011 τρόπους
1793 1916 1830 1974 Β

1793 1916 1837 1974 Β
1867 1916 2035 2000 modis
2060 1916 2347 2010 intellecta,
2383 1954 2432 1997 et
2486 1916 2705 2009 scripta,
2753 1940 2922 1991 altera
2944 1945 3024 1992 est
3077 1935 3319 2003 simplex,
3360 1935 3443 1986 in-

172 2030 402 2085 νοεῖταί
430 2047 493 2085 τε
522 2031 618 2084 καὶ
648 2032 906 2100 λέγεται,
940 2030 1050 2099 τῆς
1069 2031 1188 2101 μὲν
1222 2032 1426 2101 ἁπλῆς
1471 2033 1569 2087 καὶ
1602 2035 1759 2087 ἀσω-

1861 2057 2135 2111 corporea,
2172 2049 2221 2093 et
2252 2040 2365 2092 sine
2394 2036 2693 2101 harmonia,
2737 2042 2793 2087 ut
2832 2030 3062 2086 Michael
3112 2038 3162 2083 et
3210 2026 3444 2089 Gabriel,

171 2122 367 2191 μάτου
402 2121 499 2175 καὶ
523 2121 702 2190 χωρίς
734 2124 1041 2193 ἁρμονίας,
1082 2123 1273 2192 ἤγουν
1322 2125 1566 2193 Μιχαὴλ
1588 2166 1604 2190 ,
1661 2126 1760 2179 καί

1862 2134 2033 2187 altera
2064 2147 2183 2185 cum
2215 2129 2517 2190 harmOnia,
2558 2136 2617 2179 ut
2653 2125 2825 2178 Adam
2854 2132 2903 2176 et
2938 2122 3074 2176 Noe.
3104 2119 3203 2174 llis
3232 2119 3444 2173 duobus

174 2213 467 2281 Γαϐριὴλ,
488 2210 600 2280 τῆς
626 2211 694 2266 δὲ
714 2214 864 2282 μετὰ
879 2213 987 2281 τῆς
1015 2215 1320 2282 ἁρμονίας,
1347 2214 1550 2284 ὥσπερ
1590 2216 1761 2287 Ἀδὰμ

1864 2220 2042 2273 modis
2100 2216 2337 2287 rejectis,
2399 2225 2658 2283 tanquam
2722 2211 2818 2281 qui
2881 2209 3073 2264 unioni
3097 2206 3301 2262 Christi
3338 2220 3443 2259 non

175 2304 275 2356 καὶ
322 2303 469 2357 Νῶε.
508 2303 616 2364 Οὓς
639 2305 731 2357 δύο
785 2305 1018 2375 τρόπους
1077 2308 1618 2376 ἀποσκευασάμενος,
1683 2310 1760 2379 μὴ

1864 2307 2302 2369 conformantur,
2339 2315 2393 2359 et
2432 2305 2671 2373 primum
2712 2300 2931 2370 quidem
2962 2298 3253 2368 simplicis,
3276 2307 3329 2351 et
3363 2295 3447 2348 in-

176 2396 544 2464 ἐφαρμόττειν
577 2396 671 2448 ἐπὶ
699 2397 795 2465 τῆς
830 2400 967 2451 κατά
995 2398 1231 2468 Χριστὸν
1262 2398 1508 2461 ὲνὼσεως
1537 2400 1628 2452 τὸν
1660 2399 1761 2471 μὲν

1864 2411 2141 2465 corporeae
2166 2395 2327 2449 unius
2355 2403 2585 2458 naturae,
2608 2390 2754 2462 quod
2785 2406 2893 2444 non
2924 2388 3199 2443 hominem
3234 2399 3446 2440 assum-

178 2485 470 2553 πρότερον,
492 2486 659 2555 ἦγουν
681 2485 777 2554 τῆς
813 2487 989 2555 ἁπλῆς
1020 2488 1112 2539 καὶ
1154 2487 1447 2554 ἀσωμάτου
1490 2488 1622 2555 μιᾶς
1662 2486 1765 2555 φύ-

1867 2489 2044 2562 pserit
2062 2490 2343 2554 Dominus,
2362 2487 2456 2542 sed
2481 2485 2660 2540 nudus
2691 2484 2760 2539 sit
2783 2484 2992 2552 absque
3024 2478 3401 2535 incarnatione
3427 2493 3441 2540 ;

180 2590 320 2638 σεως
368 2574 458 2627 διά
508 2574 571 2628 τὸ
604 2575 943 2646 συμϐαίνειν,
1004 2579 1078 2649 μὴ
1136 2577 1622 2649 ὲνηνθρωπηκέναι
1674 2578 1765 2631 τὸν

1866 2583 2095 2637 alterum
2131 2597 2261 2635 vero
2295 2595 2490 2649 nempe
2534 2575 2940 2640 enarmonium,
2973 2573 3119 2643 quod
3145 2570 3444 2627 secundum

180 2666 409 2733 Κύριον,
444 2666 578 2719 ἀλλὰ
610 2667 815 2737 γυμνὸν
847 2663 987 2720 εἶναι
1018 2669 1140 2737 δίχα
1186 2668 1538 2739 σαρκώσεως,
1583 2669 1676 2721 τὸν
1718 2668 1765 2721 δ’

1868 2676 2018 2731 ἱΙΙυιη
2084 2674 2338 2729 Christus
2399 2687 2507 2727 non
2566 2671 2640 2726 sit
2685 2671 2848 2734 Deus,
2900 2666 2996 2723 sed
3051 2680 3220 2735 purus
3261 2664 3448 2725 homo,

178 2750 249 2809 αὖ
280 2756 554 2826 δεύτερον,
586 2758 756 2827 ἧγουν
783 2759 872 2812 τὸν
898 2759 1241 2829 ἐναρμόνιον,
1278 2761 1373 2814 καὶ
1406 2761 1527 2813 κατ’
1560 2763 1765 2813 ἐκεῖνον

1868 2771 2086 2825 tertium
2115 2769 2405 2836 quemdam
2440 2763 2660 2818 modum
2705 2760 2969 2829 supponis
3016 2757 3181 2811 unius
3224 2770 3450 2822 compo-

184 2848 260 2918 μὴ
292 2844 435 2900 εἶναι
466 2848 557 2900 τὸν
587 2848 841 2919 Χριστὸν,
894 2848 1047 2913 Θεὸν,
1077 2848 1215 2902 ἀλλὰ
1262 2849 1418 2920 ψιλὸν
1456 2850 1765 2920 ἄνθρωπον,

1870 2862 1986 2918 sita:
2018 2874 2246 2923 naturae,
2279 2874 2440 2928 quem
2481 2859 2533 2910 in
2565 2856 2784 2911 Christo
2816 2851 2960 2906 haud
2987 2849 3305 2905 dissimilem
3330 2861 3454 2901 esse

176 2937 368 3008 τρίτον
389 2938 512 2991 τινὰ
543 2938 821 3003 ὑποτιθεὶς
852 2940 1053 3010 τρόπον
1086 2941 1214 3009 μιᾶς
1263 2940 1518 2995 συνθέτου
1553 2941 1769 3009 φύσεως

1870 2952 2077 3007 fateris.
2125 2953 2305 3017 Quare
2350 2948 2570 3002 homine
2624 2948 2678 3001 in
2730 2943 3041 3012 exemplum
3077 2938 3336 3001 adducto,
3379 2937 3450 2991 ita

178 3028 335 3092 ὄντα,
366 3029 429 3082 ὃν
454 3031 550 3083 καὶ
574 3031 665 3082 ἐπὶ
689 3030 926 3100 Χριστοῦ
964 3032 1341 3102 ὁμοιοτρόπως
1380 3032 1527 3103 ἔχειν
1574 3032 1768 3101 ὁμολο-

1872 3059 2184 3112 supponens
2223 3041 2419 3095 scribis
2451 3058 2465 3094 :
2506 3038 2700 3107 Estque
2749 3033 3238 3100 homoexemplum,
3271 3045 3454 3099 quem-

179 3124 320 3191 γεῖς.
346 3122 439 3175 Διὸ
466 3123 563 3175 καὶ
588 3122 1108 3191 παραδειγματικῶς
1138 3123 1229 3177 τὸν
1254 3123 1540 3193 ἄνθρωπον
1567 3122 1767 3185 λαϐὼν,

1875 3133 2157 3188 admodum
2188 3130 2375 3185 Patres
2425 3130 2588 3183 locuti
2630 3138 2750 3181 sunt
2791 3171 2807 3193 ,
2842 3138 2889 3180 et
2922 3126 3287 3195 divulgarunt,
3331 3123 3454 3192 quid

181 3213 574 3284 ὑποτιθέμενος
606 3215 837 3285 γράφεις
889 3208 990 3268 ὦδε
1020 3232 1033 3245 ⁸
1072 3214 1180 3269 Kal
1221 3218 1446 3284 γίνεται
1487 3218 1520 3269 ό
1551 3216 1770 3283 ἀνθρω-
1797 3267 1837 3325 c

1797 3267 1841 3325 C
1876 3223 2131 3291 corporis,
2160 3221 2360 3289 etquid
2400 3221 2594 3272 animm
2627 3228 2725 3270 est.
2762 3215 3130 3269 Verumtamen
3168 3212 3320 3265 homo
3356 3226 3453 3262 non

181 3322 300 3372 πος
338 3306 734 3377 παράδειγμα,
768 3308 965 3374 καθὼς
994 3309 1092 3362 καὶ
1124 3311 1180 3363 ol
1232 3307 1491 3376 Πατέρες
1541 3307 1770 3373 ἐλὰλη-
1798 3306 1837 3325 ν

1799 3306 1841 3325 “’
1874 3314 2070 3365 dicitur
2088 3313 2221 3364 duas
2257 3321 2477 3363 naturus
2510 3309 2698 3362 habere
2726 3325 2742 3361 :
2774 3309 2821 3361 si
2871 3306 2987 3375 quis
3027 3320 3145 3358 vero
3178 3312 3359 3356 contra
3402 3317 3455 3354 se

181 3413 310 3452 σαν
338 3398 435 3451 καὶ
464 3398 831 3467 διήγγειλαν,
870 3399 927 3451 τί
949 3400 1081 3451 ἐστι
1111 3398 1218 3453 τοῦ
1249 3398 1544 3467 σώματος,
1584 3398 1683 3450 καὶ
1717 3396 1773 3449 τί

1873 3416 2124 3476 opponat,
2153 3404 2443 3472 prodatque
2476 3402 2610 3454 duas
2643 3410 2867 3452 naturas
2888 3398 2940 3450 in
2965 3397 3193 3461 homine,
3222 3409 3457 3458 sequere-

182 3489 317 3543 tlo'u
344 3489 456 3557 τῆς
488 3487 719 3558 ψυχῆς.
773 3489 933 3543 'A.l.l’
976 3492 1009 3543 ό
1058 3490 1372 3557 ἄνθρωπος
1426 3491 1498 3543 οὐ
1537 3490 1773 3558 λέγεται

1874 3506 1960 3549 tur
1985 3495 2251 3549 Christum
2280 3503 2383 3547 tres
2415 3503 2637 3545 naturas
2674 3491 2886 3555 habere,
2912 3490 3047 3541 duas
3085 3486 3456 3545 humanitatis,

182 3580 296 3634 δύο
325 3582 544 3650 φύσεις
577 3581 608 3632 ἕ
612 3597 763 3648 χειν.
790 3577 955 3634 Ειδὲ
979 3580 1335 3633 ἀνθίσταται
1356 3597 1445 3645 τις
1479 3580 1576 3633 καί
1606 3577 1773 3647 λέγει

1872 3594 1921 3637 et
1950 3598 2112 3635 unam
2159 3581 2477 3635 divinitatis.
2536 3578 2691 3631 Nunc
2738 3579 2918 3647 ilaque
2962 3576 3042 3628 Itis
3085 3576 3253 3628 tribus
3288 3574 3458 3626 modis

183 3672 295 3727 δύο
319 3674 540 3741 φύσεις
572 3673 668 3725 ἐπὶ
702 3671 1030 3739 ἀνθρώπου,
1068 3671 1288 3725 λοιπὸν
1316 3670 1414 3723 καὶ
1458 3672 1490 3723 ό
1520 3668 1775 3737 Χριστὸς

1874 3675 2152 3738 concessis,
2177 3688 2461 3742 quamnnm
2492 3688 2555 3725 ea:
2584 3670 2665 3723 liis
2698 3670 2906 3722 naturis
2937 3666 3289 3735 assumpsisse
3319 3665 3460 3718 dice-

185 3762 348 3831 τρεῖς
372 3764 588 3832 φύσει(
642 3762 790 3831 ἔχει,
839 3764 947 3817 δύο
980 3761 1089 3828 τῆς
1140 3763 1618 3830 ἁνθρωπότητος,
1676 3759 1772 3813 καὶ

1875 3766 2034 3818 mus?
2068 3762 2128 3817 Si
2180 3780 2390 3832 corpus,
2429 3761 2716 3831 Eutychen:
2750 3778 2768 3825 ;
2798 3760 2844 3813 si
2879 3760 3169 3811 humanam
3202 3756 3457 3817 animam,

180 3854 332 3923 μίαν
378 3851 490 3920 τῆς
537 3854 838 3919 θεότητος.
896 3854 1134 3920 Ἀρτίως
1176 3848 1289 3907 οὖν
1332 3853 1401 3906 ὲκ
1445 3853 1563 3905 τῶν
1599 3850 1776 3921 τριῶν

1875 3856 2269 3927 Apollinarium
2300 3872 2574 3926 sequemur
2600 3870 2618 3908 :
2653 3854 2698 3907 si
2726 3854 3001 3916 deitatem,
3035 3851 3235 3905 similes
3262 3851 3461 3903 erimus

185 3947 425 4012 τρόπων
449 3945 695 4006 τούτων,
720 3943 895 3996 ποῖον
914 3945 1265 4012 ἐπαίρεσθαι
1291 3946 1540 4012 εἴπομεν
1566 3945 1633 3995 ἑκ
1658 3941 1776 3995 τῶν

1873 3948 2081 4003 Iudicis
2115 3948 2445 4001 dicentibus:
2472 3946 2548 3999 Tu
2583 3962 2702 3999 cum
2731 3947 2884 3998 homo
2919 3944 3015 4006 sis,
3072 3942 3209 4012 facis
3275 3952 3460 3993 temet-

183 4034 533 4103 λεγομένων
549 4035 775 4087 τούτων
788 4036 1068 4102 ρύσεωη
1096 4039 1163 4089 Ei
1189 4036 1306 4104 μὲν
1332 4035 1397 4088 τὸ
1432 4034 1622 4103 σῶμα,
1662 4036 1774 4087 Εὐ·

1876 4037 2044 4105 ipsum
2061 4034 2246 4089 Deum.
2269 4034 2445 4099 Quare
2468 4034 2643 4101 palam
2659 4033 2995 4086 enuntiamus
3020 4046 3177 4082 unam
3215 4040 3458 4079 naturam

184 4126 625 4198 τυχιανίζομεν,
658 4130 710 4179 εί
740 4126 808 4179 δὲ
840 4126 952 4194 τὴν
972 4126 1357 4193 ἀνθρωπίνην
1380 4124 1592 4193 ψυχὴν
1619 4123 1777 4190 τινό-

1878 4127 1933 4179 in
1955 4127 2147 4179 unione
2170 4124 2398 4177 duarum
2426 4122 2927 4190 imperturbatarunt
2955 4129 3289 4171 naturarum.
3325 4116 3461 4170 Con-

183 4225 339 4290 μεθιι
392 4220 475 4285 ὡς
536 4222 568 4273 d
627 4218 1055 4286 Ἀπολινάριος,
1108 4220 1162 4271 εἰ
1208 4217 1277 4270 δὲ
1337 4218 1452 4286 τὴν
1507 4217 1772 4283 θεότητα,

1878 4219 2067 4290 fugisti
2127 4217 2292 4273 veluti
2339 4217 2406 4271 ad
2437 4231 2619 4271 arcem
2674 4214 3182 4284 inexpugnabilem,
3228 4210 3459 4279 exrlttp'i

188 4310 548 4379 ὀμοιούμεθα
581 4308 706 4374 τοῖς
748 4294 1060 4373 Ἰουδαίοις
1103 4308 1377 4376 λέγουσι,
1433 4307 1516 4360 Σὺ
1556 4307 1778 4375 ἄνθρω-

1880 4310 2053 4378 gratia
2104 4316 2211 4363 tute
2242 4307 2600 4377 professionis
2637 4306 2914 4361 hominem
2967 4320 3277 4360 assumens.
3309 4304 3460 4368 Quam

188 4416 306 4466 :soc
362 4398 467 4463 ὢν,
509 4398 636 4464 πῶς
689 4398 879 4463 ποιεῖς
909 4398 1129 4452 ἑαυτὸν
1156 4400 1348 4464 Θεόν;
1405 4399 1635 4466 Ἀρτίως
1668 4398 1779 4451 οὖν

1880 4410 2100 4471 propter
2128 4417 2253 4455 cum
2312 4401 2368 4455 in
2419 4412 2655 4457 mentem
2709 4400 2992 4455 induxeris
3036 4408 3206 4459 tuam,
3240 4396 3461 4450 modum

188 4490 467 4563 φανερῶς
488 4491 766 4560 λέγομεν,
794 4489 883 4542 ὅτι
909 4492 1019 4559 μία
1046 4491 1231 4559 φύσις
1257 4492 1354 4544 ἐπὶ
1380 4489 1487 4559 τῆς
1507 4491 1778 4557 ἐνώσεως

1880 4492 2158 4547 declarare
2192 4492 2354 4546 unius
2399 4505 2611 4547 natura:
2661 4492 2964 4546 secundum
2998 4504 3165 4559 quam
3202 4487 3462 4541 Christus

188 4586 301 4639 δύο
320 4584 640 4652 ἀταράχων
676 4582 941 4651 φύσεων.
983 4583 1277 4654 Ἐλήλυοας
1305 4583 1379 4644 ὡς
1410 4584 1502 4635 ἐπί
1535 4602 1586 4637 τι
1613 4582 1778 4655 νρρού-
1810 4617 1844 4674 n

1810 4617 1854 4674 ο
1882 4588 2046 4640 unius
2064 4594 2273 4640 natura:
2304 4601 2426 4640 esse
2456 4596 2577 4655 post
2596 4587 2851 4639 unionem
2872 4601 2900 4638 a
2924 4592 2976 4639 te
3005 4582 3291 4646 asscritur,
3312 4592 3463 4635 ante-

192 4695 309 4748 ριον
338 4674 803 4743 ἀκαταγὼνιστον,
832 4675 1279 4744 παραδείγματος
1329 4677 1488 4746 χάριν
1529 4677 1626 4747 τῆς
1678 4676 1776 4745 σῆς

1880 4694 2042 4747 quant
2091 4678 2234 4732 dicta
2287 4687 2377 4731 tua
2413 4676 2615 4732 nostris
2649 4677 2953 4731 rationibus
2984 4676 3307 4735 refutcmus.
3349 4682 3462 4726 ter-

188 4768 483 4837 ὁμολογίας
511 4768 604 4821 τὸν
632 4766 914 4837 ἄνθρωπον
934 4767 1138 4825 λαϐὼν.
1175 4769 1474 4840 Τοιγαροῦν
1499 4770 1685 4840 ἐπειδὴ
1701 4770 1778 4823 δι-

1881 4772 2177 4837 minemus,
2211 4772 2340 4839 quid
2381 4781 2595 4836 natura,
2627 4780 2682 4825 et
2718 4771 2993 4832 essentia,
3031 4783 3243 4823 necnon
3294 4766 3462 4837 hypo-

189 4860 426 4924 ιλογξσω
440 4860 532 4911 τὸν
552 4859 750 4928 τρόπον
770 4860 1063 4928 σαφηνίσαι
1086 4860 1185 4931 τῆς
1201 4860 1581 4930 μιᾶςίφύσεως,
1601 4858 1775 4935 [καθ’]

1880 4864 2063 4924 stasis,
2121 4873 2176 4917 et
2230 4878 2486 4932 persona,
2549 4874 2603 4916 et
2648 4862 3050 4932 hypostalicutu
3112 4859 3367 4924 inferant,
3412 4868 3468 4913 et

190 4951 259 5019 ἢν
274 4952 303 5001 ό
335 4950 572 5019 Χριστὸς
594 4952 719 5019 μιᾶς
738 4947 1105 5019 εἴναιφύσεως
1134 4952 1273 5020 μετὰ
1299 4953 1395 5024 τὴν
1416 4954 1608 5007 ἕνωσιν
1628 4953 1778 5023 παρὰ

1881 4972 2119 5025 quanam
2184 4958 2393 5010 ratione
2441 4955 2685 5024 mysterii
2742 4954 3043 5008 Christiani
3095 4951 3362 5021 magistri.
3409 4960 3465 5004 et

196 5040 290 5092 σού
318 5039 696 5109 ὁμολογεῖται,
739 5041 868 5110 πρὶν
898 5042 930 5107 ἢ
988 5043 1098 5094 τῶν
1149 5044 1552 5114 ἀντιρρητικῶν
1603 5044 1777 5113 λόγων

1880 5046 1974 5115 qui
2002 5061 2032 5098 a
2064 5048 2267 5101 nostris
2300 5048 2459 5100 rebus
2491 5045 2655 5100 alieni
2686 5054 2833 5109 sunt,
2864 5046 2979 5099 haec
3007 5044 3229 5098 nomina
3254 5044 3464 5106 discer-

193 5132 302 5186 τῶν
330 5132 470 5203 πρὸς
504 5133 566 5186 σὲ
600 5133 941 5205 ἱφαψὸμεθα,
986 5135 1353 5207 διορισώμεθα
1388 5140 1517 5209 περὶ
1563 5138 1778 5207 φύσεως

1882 5146 2035 5202 nant,
2064 5149 2117 5193 et
2144 5139 2343 5208 quibus
2367 5138 2767 5207 signiticatihus
2790 5138 3070 5208 adaptent,
3090 5154 3158 5191 ne
3182 5136 3460 5201 confusio,

194 5229 289 5281 καὶ
340 5226 555 5290 οὐσίας,
596 5226 945 5290 ύποστάσεὼς
970 5245 1053 5293 τε,
1100 5230 1263 5299 φημὶ,
1319 5229 1414 5283 καὶ
1462 5231 1778 5301 προσώπου,

1882 5247 2003 5286 cum
2051 5232 2307 5301 dogmata
2341 5241 2763 5300 pertractamus,
2820 5240 2875 5286 et
2914 5246 3070 5286 error
3102 5230 3353 5285 alicunde
3383 5229 3462 5282 ir-

195 5320 289 5371 καὶ
328 5316 715 5383 ὑποπατικοῦ,
752 5319 872 5381 πῶς
911 5320 959 5373 οἱ
1007 5319 1102 5373 τού
1132 5320 1253 5372 καθ’
1298 5322 1442 5391 ἡμᾶς
1477 5322 1778 5393 μυστηρίου

1883 5332 2057 5392 repat.
2082 5323 2285 5379 Omnes
2324 5324 2469 5379 enim
2501 5323 2635 5391 fere,
2676 5335 2735 5379 ut
2766 5324 2840 5378 ita
2864 5322 3064 5386 dicam,
3092 5321 3187 5392 qui
3225 5320 3464 5376 hazrcscs

194 5411 530 5469 διδάσκαλοι,
564 5411 661 5463 καὶ
688 5410 737 5463 οἱ
772 5410 876 5474 ἔξω
896 5411 990 5463 τοῦ
1029 5411 1150 5463 καθ’
1175 5413 1321 5482 ἡμᾶς
1353 5412 1510 5481 λόγου
1534 5414 1695 5466 ταυτὶ
1714 5412 1779 5485 δὴ

1883 5416 2193 5481 lirmarunt,
2219 5417 2333 5471 hate
2368 5416 2483 5486 ipsa
2515 5417 2731 5470 nomina
2768 5430 2952 5485 prave,
2983 5430 3085 5471 nec
3127 5415 3193 5469 ad
3226 5424 3461 5468 mentem

193 5506 260 5555 τά
292 5503 538 5573 ὀνόματα
569 5500 927 5577 διακρίνουσι,
964 5503 1061 5556 καὶ
1101 5504 1194 5555 ἐπὶ
1234 5504 1402 5557 ποίων
1447 5505 1784 5575 σημαινομέ-

1882 5509 2141 5565 Ecclesia:
2168 5518 2500 5578 exponentes
2525 5524 2555 5561 a
2581 5510 2806 5563 veritate
2832 5509 3178 5562 aberrarunt.
3202 5506 3456 5560 Attamen

195 5614 300 5648 νων
317 5597 625 5660 τάττουσιν,
661 5594 749 5647 ἵνα
768 5593 841 5665 μὴ
856 5594 1113 5665 σύγχυσις
1141 5596 1573 5665 δογματιςόντων
1600 5600 1631 5667 ἡ
1641 5600 1779 5667 μῶν,

1882 5601 2176 5656 essentiam
2230 5609 2285 5653 et
2324 5607 2576 5654 naturam
2618 5599 2757 5653 idem
2804 5599 2964 5654 nobis
3007 5598 3233 5654 innuere
3262 5598 3465 5668 ubique

198 5690 291 5741 καὶ
344 5689 521 5759 πλάνη
561 5686 722 5739 ποθὲν
770 5687 1007 5757 ἁναφυῇ.
1063 5688 1264 5753 Πάντες
1304 5690 1431 5759 γὰρ,
1482 5690 1668 5759 σχεδὸν
1701 5692 1779 5743 εί-

1881 5705 1934 5750 et
1962 5710 2130 5751 sacra:
2146 5695 2380 5760 Litterae,
2416 5704 2469 5749 et
2495 5704 2686 5748 sancta
2709 5693 2923 5748 Nicmna
2950 5694 3210 5764 synodus,
3235 5707 3464 5762 quaque

198 5783 340 5843 πεῖν,
371 5782 420 5833 οἱ
450 5781 550 5842 τάς
599 5780 841 5849 αἱρέσεις
868 5779 1228 5850 κρατύναντες
1250 5824 1264 5847 ,
1292 5783 1447 5834 ταυτὶ
1478 5782 1543 5854 δὴ
1571 5783 1638 5835 τὰ
1663 5783 1779 5835 ὀνό-

1882 5804 2002 5842 eam
2028 5797 2212 5843 secuta
2244 5798 2326 5842 est
2356 5787 2988 5857 Cortstantinopolitana,
3018 5784 3293 5855 Ephesina
3333 5785 3462 5838 item

204 5889 346 5943 ματα
372 5871 563 5937 κακῶς
593 5868 1045 5941 ἐκλαμϐάνοντες,
1078 5873 1171 5927 καὶ
1203 5873 1277 5939 ὡς
1304 5876 1363 5928 οὐ
1395 5876 1540 5931 κατὰ
1584 5878 1782 5948 φρόνη-

1886 5876 2061 5949 prima
2093 5876 2455 5945 tradiderunt,
2493 5875 2560 5932 de
2608 5875 2908 5943 communi,
2965 5883 3019 5931 et
3067 5872 3386 5940 universali,
3414 5881 3468 5927 ct
