4194 6432
763 475 860 537 631

2013 464 2303 525 NICETIE
2346 463 2746 522 BYZANTINI

3893 464 4001 530 632

764 604 841 651 re,
874 603 992 656 qua:
1041 585 1108 638 de
1165 584 1409 653 pluribus
1451 583 1671 644 dicitur,
1723 597 1818 651 per
1870 594 2006 648 quas
2035 577 2320 632 sanctissi-

2431 592 2504 644 μα
2555 575 3006 644 ἐκκλησιαστικὸν
3054 574 3465 643 ἀπεσφάλησαν.
3510 576 3785 648 Μενοῦνγε
3819 580 4009 635 οὑσίαν

763 697 910 736 mum
943 677 1142 744 ubique
1174 675 1356 728 ﬁdeles
1383 674 1688 743 symbolum
1719 670 1999 742 possident
2044 678 2095 724 et
2120 668 2322 728 fovent,

760 769 903 844 quod
937 767 1092 821 nobis
1126 780 1283 819 unam
1325 774 1598 828 naturam,
1659 771 1711 818 et
1768 763 2060 817 essentiam
2091 760 2324 815 sanctis-

758 861 909 913 sima:
940 856 1170 918 Triadis,
1197 865 1248 908 et
1290 865 1396 908 tres
1428 869 1706 924 personas,
1739 864 1790 908 et
1825 853 2145 924 hypostases
2173 867 2324 906 com-

756 949 922 1004 misit.
948 949 1010 1002 Et
1030 948 1081 1001 hi
1102 947 1317 1016 quidem
1341 959 1590 1000 naturam
1611 954 1662 1000 et
1683 944 1971 1000 essentiam
1992 958 2089 1014 pro
2111 944 2322 1008 eodem,

754 1056 1042 1111 personam
1095 1053 1288 1094 rursus
1327 1047 1380 1092 et
1419 1038 1752 1108 hyposta-sim
1789 1051 1884 1105 pro
1917 1036 2128 1100 eodem,
2153 1035 2220 1091 de
2244 1035 2327 1090 in-

753 1134 972 1188 dividua
1039 1147 1231 1202 nempe
1297 1139 1351 1184 et
1421 1131 1684 1198 singulari
1747 1143 1805 1183 re
1874 1129 2322 1197 comprobarunt.

751 1226 965 1288 Formae
1000 1225 1160 1279 etiam
1218 1237 1413 1282 nomen
1464 1222 1713 1276 similiter
1761 1221 1828 1275 de
1861 1221 2094 1276 essentia
2149 1229 2204 1275 et
2233 1236 2326 1276 na-

754 1329 874 1374 tura
898 1319 1081 1372 l’atrcs
1113 1322 1457 1383 acceperunt.
1503 1313 1905 1383 Proptereaque
1968 1327 2196 1383 magnus
2222 1310 2326 1367 Ba-

749 1410 905 1466 silius
932 1409 1062 1462 illud
1093 1426 1105 1458 :
1142 1405 1206 1460 In
1225 1406 1398 1476 {arma
1420 1405 1518 1460 Dei
1541 1422 1655 1459 cum
1679 1415 1841 1466 esset.
1861 1419 2157 1473 exponens,
2187 1403 2326 1458 idem

748 1503 999 1564 innuere,
1037 1517 1101 1556 ac
1131 1501 1183 1555 in
1213 1500 1450 1557 essentia
1481 1499 1572 1554 Dei
1601 1513 1722 1554 esse
1747 1498 1978 1562 dicebat,
2013 1506 2067 1552 et
2093 1495 2325 1552 formam

746 1597 1112 1663 assumpsisse
1135 1593 1275 1649 servi
1308 1593 1359 1646 in
1387 1592 1627 1647 essentia
1652 1591 2004 1646 humanitatis
2036 1588 2324 1644 Dominum

746 1696 994 1745 nostrum
1043 1699 1162 1740 esse
1217 1691 1390 1740 notat.
1444 1682 1851 1755 Hypostaticum
1896 1696 2025 1738 vero
2051 1681 2323 1736 diversum

745 1774 875 1844 quid
928 1775 994 1827 ab
1056 1772 1335 1842 hypostasi
1395 1781 1648 1842 ponunt:
1684 1772 2006 1826 deﬁnientes
2047 1771 2190 1825 enim
2225 1771 2325 1841 hy-

745 1862 1006 1932 postasim
1034 1861 1326 1917 dlxerunt:
1357 1861 1672 1932 Hypostasis
1698 1871 1781 1917 est
1815 1876 1939 1916 cum
1980 1862 2324 1934 proprietate,

744 1955 860 2008 sive
893 1955 1313 2024 proprietatibus
1343 1971 1438 2026 per
1459 1970 1517 2010 se
1557 1955 1882 2021 subsistens,
1915 1966 1967 2011 et
1996 1963 2166 2011 totum
2196 1954 2327 2024 quid

745 2047 1044 2100 secundum
1079 2062 1134 2101 se
1157 2048 1427 2102 exsistens
1467 2065 1478 2100 :
1515 2047 1916 2118 hypostaticum
1969 2064 2095 2103 vero
2124 2057 2206 2103 est
2243 2062 2333 2102 ese

744 2136 939 2202 seniia,
1007 2152 1131 2191 cum
1187 2137 1467 2203 idiomate,
1527 2139 1643 2193 sive
1709 2137 2060 2193 idiomatibus
2103 2153 2209 2192 non
2241 2145 2334 2206 per

743 2245 804 2287 se
855 2231 1181 2295 subsistens,
1237 2243 1291 2285 et
1343 2231 1642 2286 secundum
1681 2245 1740 2286 se
1795 2239 2051 2300 tanquam
2111 2229 2330 2299 aliquod

745 2331 913 2375 totum
940 2323 1228 2387 exsistens,
1280 2322 1373 2376 sed
1407 2323 1570 2376 totius
1623 2322 1857 2378 universi
1904 2337 2050 2392 pars.
2079 2321 2178 2389 Qui
2207 2335 2332 2376 vero

742 2422 894 2469 extra
919 2413 1211 2469 Ecclesium
1267 2423 1415 2478 sunt,
1474 2423 1685 2469 naturae
1736 2430 1931 2470 nomen
1961 2430 2114 2485 a'que
2141 2429 2205 2469 ac
2237 2413 2332 2468 Ec-

743 2508 906 2562 clesia
941 2508 1006 2562 de
1032 2507 1325 2561 universali
1354 2523 1409 2563 re
1437 2507 1722 2570 deﬁniunt,
1752 2507 1897 2562 aliud
1925 2523 2046 2563 esse
2079 2516 2328 2561 naturam

743 2602 1004 2666 dicentes,
1041 2601 1185 2654 aliud
1218 2610 1467 2654 naturam
1505 2600 1745 2658 habere:
1774 2612 1827 2653 et
1877 2599 2074 2654 habere
2111 2599 2329 2671 quidem

743 2705 994 2748 naturam
1023 2693 1322 2761 singularia
1362 2692 1573 2756 dicunt,
1600 2706 1720 2762 qua:
1750 2706 1779 2746 a
1810 2691 1969 2746 nobis
2026 2691 2330 2761 hypostasis

741 2795 795 2840 et
837 2801 1066 2854 persona
1097 2793 1500 2853 nuncupantur,
1538 2785 1639 2838 hoc
1679 2799 1809 2839 vero
1852 2783 1995 2852 quod
2038 2799 2135 2837 nos
2161 2783 2330 2852 hypo-

742 2878 932 2934 stasim
969 2877 1074 2948 ipsi
1109 2877 1417 2946 subjectum
1448 2885 1666 2937 vocant,
1701 2885 1753 2930 et
1795 2875 1863 2930 oh
1903 2876 2005 2930 hoc
2033 2877 2194 2930 etiam
2229 2875 2328 2947 hy-

742 2972 984 3042 postasis
1007 2971 1346 3034 nominatur,
1383 2983 1490 3023 non
1524 2977 1584 3022 ut
1613 2968 1835 3037 quidam
1879 2969 2141 3037 suspicati
2179 2977 2327 3034 sunt,

741 3063 884 3134 quod
929 3061 1251 3132 simpliciter
1304 3061 1666 3130 supponitur,
1724 3075 1923 3130 nempe
1979 3060 2210 3115 exsistit.
2236 3059 2328 3114 sed

742 3155 923 3225 potius
972 3153 1118 3223 qttod
1181 3153 1282 3207 sub
1330 3152 1436 3207 alio
1487 3161 1628 3211 stet,
1685 3152 1786 3206 sub
1846 3162 2038 3205 natura
2097 3151 2326 3216 scilicet,

2429 667 2523 720 καὶ
2550 666 2712 734 φύσιν
2749 667 2946 721 ταυτὸν
2968 669 3099 739 ἡμῖν
3126 667 3319 738 δηλοῦν
3351 669 3627 748 πανταχοῦ
3660 673 3753 728 καὶ
3796 673 3828 740 ἡ
3873 675 4004 743 ἁγία

2425 754 2640 826 Γραφὴ,
2665 755 2755 808 καί
2782 757 2820 824 ἠ
2860 755 2999 810 κατὰ
3041 755 3271 810 Νίκαιαν
3308 756 3440 825 ἁγία
3480 757 3716 826 σύνοδος,
3750 760 3842 816 καὶ
3887 763 4008 832 μετ’

2427 849 2599 921 αὑτὴν
2632 851 2664 922 ἡ
2689 851 2748 904 έν
2771 851 3363 920 Κωνσταντινουπόλει,
3391 853 3486 908 καὶ
3515 855 3547 926 ὴ
3590 854 3781 928 πρώτη
3812 856 3923 911 τῶν
3950 859 4009 911 ιν

2438 938 2648 1011 Ἐφέσῳ
2687 940 3034 1012 παρέδωκαν,
3079 941 3171 994 ἐπὶ
3209 940 3389 995 κοινοῦ
3443 943 3538 998 καὶ
3567 943 3876 1009 καθολικοῦ,
3908 945 4009 1002 καὶ

2427 1032 2569 1086 κατὰ
2601 1031 2809 1085 πολλῶν
2836 1032 3135 1104 φερομένου
3162 1034 3509 1104 πράγματος,
3571 1036 3639 1090 δι’
3671 1029 3746 1092 ὧν
3779 1036 3841 1091 τὸ
3871 1055 4009 1091 παν-

2430 1121 2587 1191 άγιον
2640 1124 2690 1176 οἰ
2724 1124 3000 1194 πανταχοῦ
3056 1125 3236 1179 πιστοὶ
3281 1125 3546 1196 σύμϐολον
3589 1126 3772 1200 ἔχουσί
3817 1147 3877 1184 τε
3913 1130 4012 1184 καὶ

2427 1213 2800 1281 περιέπουσιν,
2837 1213 2975 1285 ὅπερ
3008 1215 3136 1286 μίαν
3162 1213 3326 1285 φύσιν
3375 1219 3466 1272 καὶ
3497 1217 3684 1272 οὐσίαν
3724 1220 3825 1292 τῆς
3863 1239 4010 1278 παν-

2427 1303 2589 1374 αγίας
2637 1305 2885 1377 Τριάδος,
2925 1309 3021 1360 καὶ
3055 1307 3182 1379 τρία
3238 1309 3506 1378 πρόσωπα
3557 1311 3650 1364 καὶ
3675 1311 4008 1378 ὑποστάσεις

2426 1398 2557 1467 ἡμῖν
2591 1398 2895 1466 παρέδωκε.
2921 1398 3087 1453 Φύσιν
3130 1400 3228 1470 μὶν
3247 1401 3340 1454 καὶ
3366 1401 3552 1455 ούσίαν
3587 1403 3803 1471 ταυτὸν,
3831 1405 4010 1475 πρόσο

2427 1503 2574 1541 ωπον
2601 1487 2645 1542 δ’
2669 1487 2737 1543 αὖ
2786 1488 2949 1545 πάλιν
3002 1489 3097 1543 καὶ
3123 1490 3423 1546 ὑπόστασιν
3451 1493 3669 1560 ταυτὸν,
3688 1493 3763 1558 ib;
3784 1495 3877 1548 επὶ
3904 1495 4011 1549 ἰδι-

2428 1577 2525 1633 κοῦ
2555 1597 2613 1632 τε
2665 1578 2760 1632 καὶ
2784 1579 3099 1636 καθέκαστα
3130 1573 3454 1654 πράγματος
3489 1583 3920 1653 ὲκδιδάσκουσαι,
3949 1587 4015 1641 τὸ

2427 1671 2482 1723 δὲ
2516 1671 2578 1740 δὴ
2609 1671 2706 1742 τῆς
2739 1671 2956 1742 μορφῆς
2979 1672 3150 1743 ὄνομα
3182 1673 3447 1739 ὡσαύτως
3492 1676 3588 1730 καί⁸
3625 1677 3756 1731 αὑτὸ
3786 1679 3876 1731 ἰπὶ
3916 1679 4014 1733 ού-

2429 1763 2549 1826 σίας
2580 1765 2673 1817 κα)⁵
2724 1762 2936 1834 φύσεως
2975 1764 3025 1818 οἰ
3073 1765 3315 1838 Πατέρες
3349 1767 3743 1840 παρειλήφασι.
3794 1770 3892 1824 Διά
3924 1786 4014 1825 τοι

2428 1852 2584 1907 τοῦτο
2607 1856 2634 1907 ό
2666 1857 2838 1925 μέγας
2861 1855 3138 1921 Βασίλειος
3162 1859 3242 1924 τὸ,
3290 1857 3390 1912 Ἐν
3419 1858 3620 1930 μορφῇ
3650 1859 3796 1915 Θεοῦ
3816 1860 4014 1928 ὑπεὶρ-

2434 1964 2575 2016 κων,
2607 1947 2948 2019 ἑρμηνεύων,
2980 1945 3094 2003 ἴσον
3137 1949 3395 2006 δύνασθαι
3444 1951 3544 2023 τῷ,
3601 1954 3659 2006 tv
3686 1953 3840 2023 οὑσίᾳ
3872 1952 4014 2006 θεοῦ

2435 2041 2722 2111 ὑπάρχειν,
2757 2041 2930 2110 ἔλεγε.
2965 2043 3073 2096 Καὶ
3103 2042 3163 2096 τὸ
3196 2043 3408 2116 μορφὴν
3440 2043 3787 2114 ἀνειληφέναι
3818 2045 4013 2098 δούλου

2433 2132 2490 2184 ὲν
2515 2136 2578 2202 τῇ
2619 2131 2774 2204 οὐσίᾳ
2807 2133 2902 2202 τῆς
2936 2133 3354 2204 ἀνθρωπότητος
3380 2134 3472 2188 τὸν
3501 2136 3705 2207 Κύριον
3735 2137 3767 2207 ή
3779 2135 3895 2206 μῶν
3935 2132 4019 2190 εἵ-

2433 2237 2520 2274 ναι
2557 2223 2831 2292 σημαίνει.
2864 2224 2936 2276 Τό
2965 2241 3025 2290 γε
3068 2224 3171 2295 μὴν
3198 2225 3556 2279 ύποστατικδν
3575 2226 3830 2296 διάφορον
3857 2227 4017 2299 παρὰ

2431 2312 2531 2381 τὴν
2576 2313 2874 2366 ὑπόστασιν
2925 2312 3184 2368 τιθέασιν.
3235 2315 3570 2387 Ὀριζόμενοι
3612 2316 3720 2387 γὰρ
3752 2315 3849 2388 τὴν
3877 2318 4019 2371 ὑπό-

2434 2421 2619 2458 στασιν
2653 2404 2856 2473 ἔφασαν
2881 2419 2895 2436 ⁶
2929 2405 3256 2471 ’Υπόστασίς
3297 2410 3413 2462 ἐστι
3448 2407 3582 2479 μετὰ
3633 2408 3941 2482 ἰδιώματος,
3978 2409 4016 2481 ἢ

2433 2499 2525 2550 καὶ
2567 2497 2871 2567 ἰδιωμάτων
2921 2498 3305 2562 ἰδιοσυστάτως
3356 2499 3728 2572 θεωρουμένη,
3761 2502 3855 2555 καὶ
3888 2502 4016 2556 ὅλον

2431 2606 2482 2641 τι
2511 2589 2632 2642 καθ’
2663 2590 2863 2660 ἑαυτὴν
2893 2585 3047 2656 οὖσα,
3078 2591 3437 2646 ὑποστατικδν
3466 2592 3510 2646 δ’
3555 2587 3621 2647 αῦ
3656 2593 3814 2649 πάλιν
3849 2594 4018 2657 οὐσία

2433 2683 2569 2751 μετὰ
2603 2681 2911 2752 ἰδιώματος,
2957 2683 2989 2754 ἢ
3024 2683 3118 2736 κάι
3155 2684 3481 2755 ἰδιωμάτων,
3518 2687 3591 2758 μὴ
3629 2687 4021 2753 ἰδιοσυστάτως

2432 2776 2527 2830 καὶ
2589 2776 2713 2829 καθ’
2746 2776 2904 2830 ἑαυτὸ
2926 2776 2998 2840 ὡς
3022 2775 3138 2830 ὅλον
3180 2794 3233 2833 τι
3267 2777 3534 2850 ὑπάρχον,
3569 2779 3682 2833 ἀλλ’
3712 2779 3834 2834 ὅλου
3863 2781 4022 2844 τινος

2429 2864 2566 2922 εἶναι
2603 2868 2786 2939 μέρος.
2823 2870 2884 2923 Oi
2908 2868 2963 2922 δὲ
3014 2869 3119 2935 ἔξω
3143 2868 3238 2930 τοῦ
3283 2869 3405 2922 καθ’
3433 2872 3582 2942 ἡμᾶς
3630 2871 3790 2940 λόγου
3822 2872 3883 2926 τὸ
3916 2872 4023 2944 μιν

2427 2961 2526 3030 τῆς
2560 2961 2772 3030 φύσεως
2800 2961 2989 3032 ὄνομα,
3016 2963 3217 3031 ὁμοίως
3244 2963 3309 3033 τῇ
3347 2961 3643 3036 Ἐκκλησίίι⁵
3672 2964 3766 3026 ἐπὶ
3796 2962 4023 3018 καθολι-

2428 3051 2525 3105 κοῦ
2556 3070 2698 3117 τινος
2723 3053 3047 3123 πράγματος
3073 3052 3364 3124 ὁρίζονται,
3389 3053 3517 3108 ἄλλο
3551 3055 3651 3126 μεν
3677 3051 3815 3110 εἶναι
3847 3056 4021 3124 φύσιν

2427 3144 2702 3211 λέγοντες,
2741 3147 2834 3197 καὶ
2863 3142 2991 3198 ἄλλο
3014 3145 3074 3198 τδ
3112 3144 3260 3215 ἔχειν
3313 3145 3494 3215 φύσιν,
3531 3148 3626 3201 καὶ
3656 3149 3716 3201 τὸ
3747 3150 3843 3218 μὲν
3865 3147 4022 3218 ἔχειν

741 3258 1002 3316 tanquam
1035 3245 1364 3314 subjectum,
1416 3249 1469 3298 ct
1523 3253 1774 3297 naturam
1830 3241 2192 3310 superjacere,
2225 3240 2326 3295 hoc

2431 3235 2593 3304 φύσιν
2621 3239 2681 3288 τὸ
2720 3235 3033 3290 καθέκαστα
3077 3235 3348 3306 λέγουσιν,
3401 3239 3538 3310 ὅπερ
3568 3240 3699 3310 παρ’
3723 3240 3853 3311 ἡμῖν
3880 3240 4022 3294 ὑπό-

741 3352 823 3398 est
880 3339 1388 3411 snperhypostasim
1438 3337 1648 3401 dicunt,
1695 3350 1858 3404 quam
1900 3343 1953 3388 et
2009 3331 2322 3387 deﬁniunt:

743 3429 946 3484 Natura
974 3437 1058 3482 est
1095 3427 1420 3497 principium
1470 3433 1676 3486 motus,
1738 3432 1791 3476 et
1823 3421 2021 3488 quietis
2064 3419 2324 3490 primum,

740 3531 794 3576 et
826 3523 1122 3580 secundum
1175 3519 1431 3588 seipsam.
1490 3516 1753 3571 Essentiaa
1803 3523 1983 3568 autem
2036 3526 2230 3566 nomen
2262 3511 2328 3566 de

742 3609 1020 3664 connnuni
1055 3615 1108 3661 et
1139 3605 1426 3677 singulari,
1467 3603 1533 3659 de
1591 3600 1884 3656 universali
1924 3614 2117 3668 nempe
2155 3609 2209 3653 et
2242 3598 2326 3652 in-

741 3700 965 3761 dividuo
1023 3699 1318 3768 accipiunt,
1369 3712 1508 3766 quos
1560 3702 1780 3752 secutus
1847 3691 2087 3747 Joannes
2130 3703 2330 3760 cogno-

743 3803 926 3855 mento
950 3791 1284 3861 Philoponus
1321 3787 1584 3842 Tritheita
1622 3801 1742 3840 esse
1774 3783 2058 3838 evincitur.
2095 3779 2328 3835 Severus

742 3902 872 3942 vero
904 3885 1154 3940 essentia:
1181 3897 1377 3937 nomen
1407 3879 1617 3943 eodem,
1647 3894 1710 3935 ac
1750 3876 1989 3931 Ecclesia
2023 3875 2327 3945 signiﬁcatu

744 3975 963 4044 accipit,
991 3974 1057 4027 de
1087 3987 1145 4027 re
1205 3968 1503 4034 communi,
1559 3969 1651 4022 sed
1700 3977 1928 4030 naturae,
1957 3961 2230 4033 propriam
2272 3959 2326 4014 in

743 4082 809 4124 eo
856 4075 1079 4121 secutus
1132 4063 1466 4132 opinionem,
1526 4069 1580 4114 et
1631 4059 1699 4113 ab
1754 4059 1868 4134 ipsa
1935 4055 2329 4110 consuetudine

744 4168 1094 4221 exterorum,
1151 4154 1518 4223 Ecclesiaeque
1589 4147 1980 4219 intelligentia,
2051 4157 2104 4199 et
2159 4159 2326 4199 sensu

745 4249 1065 4318 longissime
1108 4245 1430 4306 abhorrens,
1477 4239 1752 4296 contrario
1799 4237 2036 4308 quodam
2072 4235 2234 4289 modo
2265 4234 2328 4287 de

747 4341 1025 4404 communi
1087 4350 1142 4400 et
1195 4337 1474 4393 individua
1521 4350 1612 4397 re,
1673 4330 1964 4386 universali
2015 4329 2219 4384 scilicet
2274 4327 2327 4379 in

747 4443 900 4503 parte
929 4431 1155 4501 accepit,
1185 4438 1238 4483 et
1262 4440 1606 4483 communem
1631 4432 1685 4477 et
1704 4421 2036 4476 individuam
2077 4427 2327 4474 naturain

746 4525 1038 4580 enuntians
1069 4523 1258 4576 multis
1291 4535 1409 4576 sese
1440 4517 1692 4573 absurdis
1733 4515 2021 4585 implicuit,
2060 4527 2180 4582 quae
2203 4525 2330 4580 pro-

2430 3344 2616 3390 στασις
2651 3330 2742 3380 καὶ
2774 3329 3063 3398 πρόσωπον
3087 3330 3331 3399 εἴρηται·
3365 3331 3530 3384 ταυτὶ)
3557 3331 3612 3386 δι
3640 3332 3809 3394 τουτὶ,
3841 3332 4022 3404 ἠγουν

2428 3417 2522 3488 τὴν
2551 3417 2866 3481 ὑπόστασιν,
2886 3417 3245 3489 ὑποκείμενον
3269 3415 3408 3473 εἷναί
3455 3437 3607 3490 φασι.
3634 3424 3735 3482 Διά
3757 3439 3835 3476 τοι
3855 3422 4024 3478 τοῦτο

2429 3509 2525 3563 καὶ
2555 3509 2847 3574 ὑπόστασις
2880 3509 3098 3577 λέγεται
3153 3512 3272 3581 οὑχ,
3311 3510 3386 3574 ὣς
3425 3529 3569 3577 τινες
3605 3513 3893 3579 ὑπέλαϐον,
3928 3515 4024 3575 διὰ

2428 3601 2488 3654 τὸ
2510 3600 2692 3664 ἁπλῶς
2726 3601 3045 3668 ὑφεστᾶναι,
3094 3602 3262 3673 ἦγουν
3295 3604 3580 3675 ὑπάρχειν,
3639 3604 3776 3660 ἀλλὰ
3811 3606 4024 3676 μᾶλλον

2430 3693 2535 3747 ὑπό
2561 3709 2612 3746 τι
2643 3695 2885 3758 ἑστάναι,
2926 3695 3204 3748 τουτέστιν
3235 3696 3338 3750 ὑπὸ
3373 3697 3471 3767 τὴν
3503 3697 3665 3767 φύσιν
3688 3699 3762 3762 ὡς
3794 3699 4024 3754 ὑποκεί-

2434 3803 2614 3855 μενον,
2647 3786 2743 3855 τὴν
2772 3785 2826 3839 δὲ
2859 3784 3019 3855 φύσιν
3043 3787 3450 3852 ὲνυποκετσθαι,
3485 3789 3734 3844 τουτέστι
3759 3791 3905 3845 κατά
3933 3808 4021 3844 τι-

2430 3892 2516 3938 νος
2548 3875 2894 3938 ὑποστάσεως
2928 3874 3205 3944 λέγεσθαι,
3258 3877 3325 3948 ἠν
3356 3879 3450 3932 καὶ
3481 3878 3789 3950 ὁριζόμενοί
3839 3897 3976 3950 φασι
4000 3897 4019 3914 ο

2429 3965 2592 4029 Φύσις
2621 3967 2769 4019 ἐστὶν
2793 3967 2934 4037 ἁρχὴ
2960 3967 3250 4038 κινήσεως,
3277 3970 3370 4022 καί
3402 3969 3637 4041 ἠρεμίας
3666 3971 3895 4043 πρώτως
3918 3975 4023 4028 καὶ

2431 4057 2554 4113 καθ’
2578 4057 2756 4113 ἑαυτό.
2783 4059 2856 4112 Τὸ
2883 4058 2940 4112 δὲ
2965 4057 3028 4129 δὴ
3049 4059 3146 4128 τῆς
3177 4060 3365 4126 οὐσίας
3397 4062 3490 4114 ἐπί
3517 4078 3577 4116 τε
3600 4062 3779 4117 κοινοῦ
3797 4063 3888 4118 καὶ
3921 4064 4024 4118 ἰδι-

2433 4151 2554 4215 κοῦ,
2599 4151 2766 4222 ἦγουν
2816 4150 3047 4205 καθόλου
3076 4151 3172 4206 καὶ
3205 4153 3298 4206 ἐπὶ
3328 4152 3549 4225 μέρους,
3579 4148 3661 4218 οἷς
3701 4154 3955 4227 Ἰωάννης
3989 4159 4022 4211 ό

2432 4241 2665 4313 ἐπίκλην,
2692 4243 2980 4307 Φιλόπονος
3007 4244 3504 4314 κατακολουθήσας,
3559 4246 3839 4318 τριθεϊτης
3877 4249 4018 4303 ἁνα-

2433 4333 2723 4389 δέδεικται.
2742 4335 2801 4388 '0
2827 4333 2883 4388 δὲ
2913 4335 2976 4408 δὴ
3003 4335 3243 4407 Σεόἦρος
3267 4337 3326 4390 τδ
3369 4338 3468 4408 μὲν
3499 4340 3598 4409 τῆς
3627 4339 3812 4402 ούσίας
3841 4339 4021 4410 ὄνομα

2430 4425 2811 4496 ταυτοτρόπως
2865 4427 2932 4496 τῇ
3007 4427 3300 4498 Ἐκκλησία
3350 4427 3610 4499 ὀνομάζει
3669 4430 3763 4483 επὶ
3818 4432 4010 4485 κοινοῦ

2434 4519 2757 4588 πράγματος
2789 4512 2948 4584 εἶναι,
2982 4517 3043 4572 τὸ
3083 4519 3140 4573 δὲ
3181 4519 3282 4590 τῆς
3322 4519 3539 4590 φύσεως
3577 4520 3923 4593 ἰδιόρῤυθμος
3955 4524 4020 4577 έν

747 4617 947 4680 ςοιΙιιιις
973 4615 1148 4671 oratio
1184 4629 1290 4668 non
1314 4613 1431 4668 sine
1463 4605 2017 4667 demonstrationibus
2049 4618 2328 4661 common-

2437 4605 2608 4678 τούτῳ
2659 4607 2968 4677 γενόμενος,
3000 4606 3122 4660 ούτε
3163 4610 3228 4679 τῇ
3282 4607 3560 4678 συνηθείᾳ,
3589 4608 3713 4661 οὔτε
3741 4612 3850 4672 τοῖς
3880 4609 4014 4677 ἔξω,

747 4710 960 4768 slrabit.

2433 4697 2556 4751 οὔτε
2589 4699 2696 4769 μὴν
2723 4701 2788 4769 τῇ
2815 4697 3114 4770 Ἐκκλησία
3134 4698 3572 4765 κατακολουθῶν,
3605 4699 3720 4754 ἀλλ’
3752 4702 4017 4766 εναντίως

749 4805 840 4857 ἐ.πί
874 4821 932 4856 τε
960 4801 1138 4857 κοινοῦ
1180 4800 1276 4864 καὶ,
1308 4797 1473 4850 ξδικοῦ
1508 4794 1848 4866 πράγματος,
1888 4793 2054 4862 ἠγουν
2084 4789 2312 4844 καθόλου
2353 4791 2444 4842 ἰπὶ
2482 4790 2681 4860 μέρους
2703 4789 2920 4854 ἐδόξατε
2948 4804 2963 4819 °
3001 4789 3093 4842 καὶ
3121 4791 3307 4858 κοινὴν
3335 4791 3427 4843 καὶ
3465 4789 3638 4860 ἰδικὴν
3705 4790 3866 4859 φύσιν
3930 4793 4020 4847 εἰ-

748 4896 889 4959 πὼν,
949 4895 1160 4956 πολλοῖς
1215 4893 1435 4954 ἀτόποις
1494 4889 1937 4959 περιπέπτωκεν,
1981 4885 2073 4948 οὓς
2101 4886 2130 4937 ὁ
2159 4884 2315 4952 λόγος
2356 4882 2712 4955 παρακατιὼν
2744 4882 2862 4953 μετ’
2891 4883 3215 4948 ἀποδείξεως
3250 4883 3642 4954 παραστήσειε.

819 4993 909 5045 15.
953 4988 1048 5044 llis
1082 5004 1110 5041 a
1154 4987 1310 5040 nobis
1352 4985 1450 5037 hac
1482 4985 1690 5037 ratione
1722 4979 1986 5049 expositis
2034 4993 2096 5032 ac
2128 4977 2324 5045 dijudi-

749 5081 907 5144 catis,
933 5089 1141 5148 tempus
1164 5077 1275 5146 jam
1302 5083 1405 5139 est,
1432 5088 1494 5127 ea
1537 5087 1656 5141 qua:
1683 5082 1736 5124 tu
1770 5071 2088 5138 scripseras,
2118 5066 2323 5120 exami-

749 5171 939 5228 nandi.
970 5169 1044 5224 Ea
1068 5179 1197 5225 sunt
1236 5188 1248 5221 :
1292 5167 1358 5220 Et
1402 5168 1457 5220 in
1491 5163 1782 5231 exemplum
1822 5162 1974 5213 homo
2016 5159 2320 5223 adducitur,

749 5261 1189 5342 quemadmodum
1219 5258 1404 5312 Patres
1453 5256 1616 5308 loculi
1663 5263 1807 5317 sunt,
1849 5261 2321 5317 exposuerunlque,

749 5350 875 5423 quid
906 5350 1159 5418 corporis,
1186 5357 1233 5402 et
1263 5345 1389 5416 quid
1415 5345 1635 5406 animw;
1667 5354 2017 5395 verumtamen
2058 5341 2328 5390 homouon

751 5443 951 5506 dicitur
983 5441 1118 5494 duas
1150 5449 1367 5492 naturas
1400 5437 1623 5500 habere;
1655 5435 1701 5488 si
1730 5434 1845 5504 quis
1889 5450 2006 5486 vero
2053 5441 2233 5485 contra
2278 5445 2331 5481 se

751 5542 999 5602 opponat,
1057 5530 1344 5601 prodalque
1383 5529 1518 5582 duas
1556 5540 1776 5580 naturas
1818 5527 1868 5577 in
1899 5525 2125 5584 homine.
2153 5538 2331 5589 seque-

751 5636 899 5694 retur
932 5624 1199 5678 Christum
1243 5633 1346 5676 tres
1400 5631 1622 5675 naturas
1666 5618 1872 5678 habere,
1913 5617 2046 5669 duas
2087 5614 2332 5667 Immani-

754 5717 876 5769 taiis
931 5725 980 5769 et
1015 5731 1174 5768 unam
1210 5714 1449 5775 deitatis,
1495 5721 1548 5766 et
1599 5719 1814 5765 caetera.
1868 5707 1943 5761 En
1994 5706 2337 5776 apertissime

755 5809 916 5863 unius
942 5808 1256 5877 compositae
1309 5815 1517 5861 natura:
1550 5803 1826 5859 Christum
1886 5816 2006 5855 esse
2062 5808 2335 5862 astruens,

759 5900 919 5962 idque
946 5902 1176 5961 probare
1207 5903 1536 5957 contendens
1563 5896 1866 5966 exemplum
1899 5892 2135 5948 hominis
2178 5905 2337 5946 usur-

2504 4981 2586 5028 ιε’.
2619 4975 2835 5028 Τούτων
2879 4977 3008 5046 ἡμῖν
3035 4970 3135 5029 ὧδέ
3177 4993 3254 5042 πη
3306 4975 3862 5046 διασαφηνισθὲντων,
3917 4981 4018 5033 καὶ

2429 5064 2933 5134 διευκρινηθέντων,
2995 5066 3182 5134 καιρὸς
3211 5064 3278 5118 τὰ
3304 5065 3455 5136 παρά
3488 5063 3582 5118 σοῦ
3608 5067 3887 5136 γραφέντα
3917 5069 4018 5123 καὶ

2429 5147 2527 5208 ὧδε
2564 5155 2985 5225 ἐπισκέψασθαι.
3028 5156 3179 5226 Ἔχει
3209 5155 3265 5210 δι
3303 5157 3504 5221 οὕτως’
3560 5139 3666 5213 Καί
3719 5161 3946 5231 γίνεται
3979 5164 4020 5217 ό

2433 5245 2740 5314 ἄνθρωπος
2792 5245 3194 5316 παράδειγμα,
3250 5248 3445 5314 καθὼς
3495 5251 3591 5303 καί
3642 5252 3698 5304 οι
3739 5234 4017 5321 ¹Πατέρες

2432 5339 2748 5404 ἐλάλησαν
2769 5340 2864 5392 καὶ
2891 5338 3351 5408 ὄιήτγειλαν,.τί
3397 5339 3528 5394 ἐστι
3557 5340 3662 5396 τοῦ
3710 5341 4014 5411 σώματος,

2434 5429 2531 5482 καί
2565 5431 2619 5482 τι
2643 5430 2771 5482 ἐστι
2805 5427 2916 5497 τῆς
2951 5426 3180 5497 ψυχῆς·
3217 5427 3356 5482 ἀλλ’
3400 5429 3430 5481 ὁ
3464 5428 3772 5498 ἅνθρωπος
3800 5434 3872 5487 οὐ
3906 5435 4017 5490 ,ἰέ-

2433 5537 2595 5590 γεται
2617 5520 2726 5574 δύο
2749 5521 2963 5589 φύσεις
3003 5520 3184 5588 ἔχειν.
3230 5521 3299 5573 El
3325 5518 3392 5572 δὲ
3423 5521 3517 5573 καί
3545 5520 3897 5578 ἀνθίσταταί
3925 5542 4022 5592 τις

2444 5614 2541 5666 καὶ
2565 5612 2722 5681 λέγει
2750 5611 2859 5665 δύο
2888 5612 3101 5680 φύσεις
3131 5610 3226 5664 ἐπὶ
3250 5609 3582 5679 ἀνθρώπου,
3613 5612 3829 5666 λοιπὸν
3851 5617 3949 5668 καί
3983 5620 4023 5672 ό

2444 5705 2695 5773 Χριστὸς
2721 5703 2876 5772 τρεῖς
2927 5703 3077 5770 ἔχει,
3109 5700 3216 5756 δύο
3251 5701 3362 5768 τῆς
3409 5702 3865 5770 ἀνθρωπότητος
3915 5706 4024 5760 καὶ

2439 5797 2587 5865 μίαν
2618 5795 2727 5863 τῆς
2772 5795 3070 5861 θεότητος,
3109 5792 3203 5847 καὶ
3229 5793 3296 5847 τά
3336 5793 3479 5862 ἑξῆς.
3534 5794 3664 5847 Ἰδοὺ
3701 5795 4024 5863 σαφέστατα

2455 5889 2580 5957 μιᾶς
2617 5885 2870 5941 συνθέτου
2907 5884 3118 5956 φύσεως
3172 5884 3261 5939 τὸν
3293 5882 3525 5955 Χριστὸν
3572 5879 3711 5938 εἰναι
3760 5884 4024 5955 δογματί,
