4194 6432
199 542 306 608 633

1079 544 1512 609 REFUTATIO
1535 549 1917 612 EPISTOLE
1957 553 2183 614 REGIS
2214 550 2602 613 ARMENIE.

3360 548 3468 617 634

201 663 328 723 ζων,
372 657 468 712 καὶ
498 654 819 728 βουλόμενος
851 653 1010 711 τοῦτο
1039 662 1333 732 παριστᾷν,
1374 662 1464 716 τὸν
1493 663 1778 733 ἄνθρωπον

1893 667 2041 722 iusti.
2073 666 2536 734 Quemadmodum
2562 666 2707 723 enim
2731 665 2893 721 homo
2915 681 2978 721 cx
3004 665 3233 721 diversis
3257 668 3465 725 naturis

199 752 278 814 si;
309 747 660 820 παράδειγμα
688 749 1006 821 ἀπεχρήσιιν
1051 749 1238 824 ῶσπερ
1264 753 1373 825 7&9
1413 756 1442 809 6
1492 755 1776 827 ἄνθρωπος

199 840 261 894 lx
285 839 560 912 διαφόρων
583 838 800 911 φύσεων
828 841 1210 914 συγκείμενος,
1242 845 1374 916 μιᾶς
1409 846 1524 900 εστι
1560 844 1775 914 φύσεως

200 932 459 988 συνθιτου
492 933 632 1003 μετὰ
663 932 762 1006 τὴν
790 932 1004 991 ινωσιν.
1036 935 1202 991 Τουτὶ
1226 937 1333 1007 γὰρ
1363 938 1678 1011 διήγγειλαν
1713 941 1775 997 τὸ

200 1022 552 1093 παράδειγμα
578 1023 779 1093 ὁμοίως
813 1023 958 1095 [χειν
980 1026 1073 1081 snt
1097 1024 1194 1095 τῆς
1243 1027 1488 1096 ινῶσεως
1522 1029 1616 1086 τοῦ
1644 1033 1779 1105 Χρι-

202 1113 328 1169 στοῦ
357 1117 407 1169 οῖ
435 1116 697 1188 Πατόρες,
727 1116 803 1182 ὡς
831 1118 894 1173 σὺ
920 1118 1047 1191 φής.
1073 1119 1388 1193 Καὶῶσπερ
1425 1124 1689 1180 συνιστῶν
1717 1126 1780 1181 τὸ

201 1206 575 1278 παράδειγμα,
605 1209 688 1264 δτι
722 1211 850 1282 μιᾶς
874 1211 992 1265 εστι
1035 1212 1252 1281 φύσεως
1292 1213 1625 1286 όᾰνθρωπος
1679 1220 1779 1272 ιπ-

202 1298 376 1367 άγεις.
413 1300 552 1355 Ἀλλ’
578 1301 606 1355 6
632 1300 918 1373 ἄνθρωπος
945 1302 1006 1358 ού
1037 1305 1254 1374 λέγεται
1278 1305 1370 1362 δύο
1397 1307 1586 1376 φύσεις
1613 1308 1778 1382 εχειν.

201 1391 260 1446 Ei
298 1392 356 1446 δι
383 1393 478 1448 καὶ
507 1394 824 1450 ἀνθίσταται
853 1414 955 1462 τις,
979 1398 1062 1453 δτι
1087 1397 1223 1470 ἔχει,
1258 1401 1567 1471 συνάγεται,
1588 1404 1668 1458 δτι
1687 1407 1783 1461 καὶ

201 1487 228 1539 6
257 1487 496 1556 Χριστὸς
550 1491 700 1561 τρεῖς
733 1489 866 1561 εχει.
902 1491 993 1545 Διὸ
1013 1492 1190 1556 δοκεῖς
1212 1494 1359 1565 ἡμᾶς
1408 1498 1533 1561 τοὺς
1595 1498 1686 1553 ιπι
1714 1500 1781 1572 τῇ

204 1574 396 1627 ενῶσει
431 1575 667 1647 Χριστοῦ
716 1576 1057 1646 δοξάζοντας,
1087 1579 1181 1635 δύο
1235 1579 1376 1638 εἶναι
1436 1583 1650 1654 φύσεις,
1703 1588 1784 1652 είς

203 1667 404 1722 ἄτοπον
437 1667 717 1741 προάγειν.
757 1669 920 1724 υύδεν
951 1671 1118 1738 ξένον,
1159 1665 1204 1729 ῶ
1226 1674 1397 1744 φίλος.
1427 1677 1544 1742 ἑνὸς
1581 1679 1782 1734 ἀτόπου

204 1757 471 1824 δοθέντος,
503 1759 672 1832 μυρία
696 1759 943 1832 ἕψεσθαι.
975 1763 1038 1818 ΕΙ
1070 1763 1171 1836 μιν
1218 1767 1325 1838 7&9
1356 1769 1506 1824 πᾶσα
1537 1769 1785 1838 σύνθεσις

207 1850 279 1920 μὴ
311 1853 376 1904 εκ
402 1850 512 1905 τῶν
544 1851 829 1924 προσεχῶς
860 1853 1224 1912 συντεθόντων
1252 1859 1620 1917 συντεθεῖσθαι
1666 1863 1784 1918 ιλε.

203 1958 350 2011 γετο,
403 1941 518 1998 ἀλλ’
558 1944 623 1999 εκ
663 1943 772 1998 τῶν
799 1945 1008 2019 πόρρω,
1055 1945 1196 2019 τάχα
1239 1948 1304 2004 ἂν
1349 1945 1463 2022 εῐχε
1495 1951 1679 2026 χώραν
1727 1955 1786 2009 τὸ

1879 759 2145 816 conﬂatus
2164 760 2323 817 unius
2347 770 2432 817 est
2457 769 2665 817 naturae
2680 760 2997 831 compositze
3032 769 3152 831 post
3186 757 3466 831 unionem,

1884 853 1989 908 hoc
2026 867 2157 908 vero
2185 853 2494 923 exemplum
2536 852 2842 911 docuerunt
2881 852 3136 909 similiter
3170 868 3228 911 se
3272 853 3474 909 habere

1878 946 1934 1002 in
1967 945 2168 1001 unione
2197 943 2396 1002 Christi
2442 944 2650 1011 Patres,
2692 954 2752 1001 ut
2791 947 2908 1017 ipse
2978 946 3165 1001 tradis.
3225 945 3288 1001 Et
3317 947 3474 1016 quasi

1880 1036 2244 1108 comprobans
2271 1039 2577 1108 exemplum
2610 1038 2773 1096 unius
2799 1054 2920 1096 esse
2959 1047 3170 1094 natum
3195 1038 3473 1095 hominem

1880 1129 2177 1190 concludis.
2242 1129 2627 1189 Verumtamen
2685 1132 2848 1188 homo
2916 1148 3024 1189 non
3081 1133 3282 1189 dicitur
3330 1132 3470 1189 dua:

1882 1231 2111 1280 naturas
2142 1222 2375 1286 habere:
2402 1223 2547 1296 quod
2579 1225 2772 1295 siquis
2804 1233 2990 1280 contra
3032 1223 3320 1280 contendet
3347 1235 3474 1278 eum

1885 1315 2106 1381 habere,
2135 1316 2392 1387 consequi
2445 1325 2498 1372 et
2528 1313 2806 1372 Christum
2864 1325 2973 1374 tres
3027 1315 3244 1378 habere,
3271 1313 3473 1371 videri!

1889 1423 1990 1465 nos
2018 1407 2070 1464 in
2097 1407 2297 1464 unione
2316 1408 2519 1466 Christi
2559 1407 2698 1464 duas
2725 1422 2844 1465 esse
2871 1418 3096 1464 naturas
3122 1404 3474 1474 eiiirmantes.

1887 1500 1939 1556 in
1995 1500 2229 1556 absurda
2297 1500 2589 1571 inepteque
2641 1514 2854 1572 rapere.
2908 1499 2993 1555 Nil
3056 1499 3255 1555 mirum
3297 1505 3399 1561 est,
3443 1509 3477 1553 ο

1886 1590 2082 1656 amice,
2123 1606 2231 1647 uno
2270 1590 2674 1648 inconvenienti
2744 1591 2907 1656 dato,
2962 1591 3247 1646 innumera
3281 1589 3478 1645 subse-

1887 1682 1999 1754 qui.
2051 1679 2262 1738 Etenim
2299 1681 2345 1738 si
2403 1682 2583 1738 omnis
2628 1683 2954 1754 compositio
2990 1695 3096 1736 non
3135 1695 3199 1735 ex
3231 1680 3319 1744 iis,
3355 1693 3468 1750 que

1887 1773 2229 1828 continenter
2256 1780 2694 1840 componuntur,
2749 1770 3000 1840 componi
3052 1768 3344 1830 diceretur,
3383 1770 3475 1822 sec.

1888 1877 1952 1920 ex
1979 1863 2333 1928 distantibus,
2361 1861 2498 1918 i‘orte
2523 1861 2670 1934 quod
2696 1872 2881 1918 contra
2915 1876 3013 1917 nos
3057 1860 3254 1917 scribis
3298 1860 3470 1915 locur-

1892 1951 2132 2011 haberet.
2165 1950 2319 2022 Quod
2355 1953 2399 2010 si
2431 1967 2610 2019 nemo,
2646 1952 2740 2025 qui
2793 1952 2872 2008 sal
2923 1951 3193 2007 habeatiu
3237 1959 3478 2022 pectore.

207 2035 357 2104 παρὰ
390 2034 486 2090 σοῦ
520 2034 642 2090 καθ’
672 2035 829 2108 ἡμῶν
850 2039 1296 2111 γραφόμενον.Εί
1316 2041 1360 2096 δ’
1389 2043 1564 2109 οὐδεὶς
1591 2044 1700 2099 τῶν
1732 2043 1790 2100 εὖ

1895 2051 2059 2115 dicet,
2085 2065 2149 2107 ex
2184 2050 2514 2107 distantibus
2537 2089 2550 2111 .
2584 2048 2679 2106 sed
2735 2063 2800 2105 ex
2851 2045 3148 2110 continuis,
3174 2053 3248 2101 ‘et
3287 2046 3482 2100 imme-

205 2127 548 2198 φρονούντων
601 2130 845 2202 φήσειεν,
908 2131 975 2188 ικ
1011 2131 1121 2188 τῶν
1153 2133 1364 2207 πόρρω,
1426 2136 1541 2191 ἀλλ’
1573 2138 1638 2192 εκ
1683 2137 1791 2192 τῶν

207 2217 499 2289 προσεχῶς
527 2218 620 2274 καὶ
645 2219 890 2292 ἀμόσως,
919 2221 1013 2276 καὶ
1029 2223 1194 2278 οἱονεὶ
1226 2225 1428 2297 μερῶν,
1459 2225 1793 2299 ἢστοιχείων

202 2309 356 2375 τάξιν
392 2311 452 2364 ιν
478 2309 557 2383 τῷ
591 2311 700 2383 ὅλῳ
751 2311 985 2384 ἑχόντων
1016 2315 1388 2372 συντεθεῖσθαι
1417 2319 1478 2372 τὸ
1513 2320 1791 2376 συντεθει-

208 2403 370 2474 μένον
399 2403 644 2474 λέγεται,
676 2405 970 2479 ἀνίσχυρον
1012 2409 1106 2464 καὶ
1142 2409 1374 2482 μάταιον
1400 2411 1461 2466 τὸ
1511 2413 1662 2487 παρὰ
1697 2413 1791 2469 σοῦ

204 2496 576 2568 γραφόμενον.
619 2497 773 2555 Ἐπεὶ
823 2500 1037 2574 ἀνάγκη
1089 2502 1232 2558 κατὰ
1263 2502 1321 2558 σε
1365 2503 1457 2559 τὸν
1506 2505 1794 2579 ἀνθρωπον
1833 2528 1838 2539 ·

205 2580 384 2653 λέγειν
448 2586 512 2640 εκ
560 2587 724 2642 πέντε
770 2589 1121 2662 τούλάχιστον
1173 2593 1493 2662 συγκεῖσθαι
1552 2595 1792 2666 φύσεων,

203 2675 268 2731 εκ
297 2695 356 2732 τε
384 2678 497 2734 τῶν
534 2681 817 2750 τεσσάρων
870 2685 1151 2755 στοιχείων
1210 2689 1304 2742 καὶ
1358 2688 1559 2761 ψυχῆς.
1607 2689 1795 2746 Ὡσαύ-

201 2779 311 2830 τως
340 2768 436 2821 καὶ
473 2766 564 2822 τδν
587 2768 874 2842 ἧλεκτρον,
917 2772 991 2844 μὴ
1021 2774 1085 2828 εκ
1117 2774 1231 2844 δύο,
1259 2777 1427 2850 ἧγουν
1459 2778 1663 2850 χρυσοῦ
1702 2781 1795 2836 καὶ

202 2855 473 2929 ἀργύρου,
503 2860 620 2915 ἀλλ’
646 2864 712 2916 lx.
737 2863 946 2919 πολλῶν
967 2865 1248 2934 πλειόνων,
1265 2868 1487 2940 χρυσοῦ,
1513 2872 1680 2943 φημὶ,
1702 2873 1796 2927 καὶ

201 2950 474 3022 ἀργύρου,
501 2955 596 3009 καὶ
628 2955 912 3027 τεσσάρων
954 2958 1254 3029 στοιχείων,
1287 2961 1382 3016 καὶ
1409 2961 1517 3016 τῶν
1548 2961 1630 3018 [rt
1664 2965 1796 3036 πορε

203 3043 456 3115 ρωτόρω,
484 3045 587 3116 τῆς
616 3045 749 3118 ὕλης
788 3047 933 3119 λέγω
976 3051 1069 3103 καὶ
1117 3049 1213 3104 τοῦ
1244 3049 1440 3116 εἴδους.
1478 3053 1551 3106 Οὐ
1586 3052 1696 3124 γὰρ
1724 3053 1792 3108 τὰ

204 3134 350 3205 μλρη
386 3135 496 3192 τῶν
528 3138 713 3209 μερῶν
747 3141 806 3194 ιν
844 3140 926 3215 τῶ
962 3140 1144 3211 λέγειν
1177 3144 1242 3197 lx
1291 3142 1474 3198 πόσων
1509 3143 1796 3214 σύγκειται

200 3227 316 3280 τόδε
346 3227 680 3300 σκοποῦμεν,
699 3231 836 3286 ἀλλὰ
865 3231 934 3287 τὰ
964 3234 1250 3308 προσεχῶς
1281 3236 1374 3290 καὶ
1407 3237 1630 3308 ἀμέσως
1653 3237 1795 3309 μόρη

202 3318 394 3385 αὖτοῦ,
428 3321 864 3391 χρηματίζοντα.
891 3324 1102 3380 Οὐκοῦν
1130 3325 1235 3381 κᾶν
1285 3327 1374 3381 τὸν
1407 3327 1694 3402 ἄνθρωπον
1722 3331 1797 3384 εῖ-

1891 2144 2056 2202 diatis
2125 2142 2292 2200 veluti
2366 2142 2652 2212 partibus,
2733 2149 2824 2196 aut
2905 2138 3189 2195 elementis
3254 2137 3308 2192 in
3363 2141 3480 2191 tot:

1892 2237 2133 2308 positum
2227 2234 2662 2306 occupantibus,
2743 2231 2996 2303 componi
3067 2227 3480 2299 compositum.

1899 2325 2054 2383 futile
2085 2335 2168 2381 est
2203 2325 2493 2396 inaneque,
2519 2322 2663 2395 quod
2687 2336 2715 2377 a
2747 2332 2797 2378 te
2836 2320 3039 2391 scripto
3069 2316 3325 2381 traditur,
3357 2331 3481 2373 eun;

1894 2433 1997 2491 per
2033 2425 2086 2474 te
2121 2430 2343 2474 necesse
2390 2425 2538 2473 esset
2571 2414 2752 2471 dicere
2794 2413 3069 2469 hominem
3104 2411 3170 2468 ad
3205 2410 3387 2466 minus
3413 2423 3479 2465 οε

1899 2511 2143 2582 quinque
2199 2507 2412 2565 naturis
2448 2509 2717 2574 construi,
2752 2522 2816 2562 es
2849 2514 3087 2578 quatuor
3115 2502 3396 2559 elementis
3429 2512 3482 2557 οἳ

1895 2605 2097 2659 anima.
2125 2601 2384 2660 Similiter
2411 2609 2464 2658 et
2485 2601 2745 2658 electrum
2774 2613 2881 2654 non
2905 2612 2972 2655 ex
2995 2597 3228 2664 duobus,
3259 2609 3395 2651 auro
3429 2608 3484 2651 οι

1895 2703 2118 2764 argento
2140 2732 2154 2759 ,
2189 2691 2283 2749 sed
2318 2692 2488 2748 multo
2514 2690 2784 2763 pluribus,
2817 2704 2956 2747 auro
2998 2695 3480 2758 nempe,argento,

1895 2796 1948 2845 et
1982 2796 2221 2859 quatuor
2246 2784 2552 2852 elementis,
2584 2783 2818 2854 aliisque
2845 2782 3018 2838 multo
3040 2779 3482 2845 distentioribus,

1897 2877 2124 2935 materia
2159 2885 2214 2934 et
2271 2874 2469 2932 forma.
2500 2874 2621 2931 Non
2653 2875 2798 2931 enim
2839 2880 3022 2945 partes
3068 2871 3325 2942 partium.
3356 2884 3484 2926 cum

1897 2968 2261 3040 inquirimus,
2301 2981 2368 3022 ex
2402 2964 2605 3038 quibus
2652 2964 2776 3030 hoc,
2817 2964 2899 3019 vel
2937 2963 3068 3018 illud
3114 2960 3483 3030 componitur,

1897 3061 2332 3126 consideramus,
2367 3059 2461 3116 sed
2495 3057 2773 3129 proximas
2809 3055 2955 3112 illius
2997 3064 3160 3124 atque
3201 3050 3486 3108 immedia-

1897 3162 2001 3210 tas.
2027 3152 2207 3221 Quare
2234 3151 2358 3208 licet
2387 3149 2666 3206 hominem
2697 3147 3000 3204 dixerimus
3033 3144 3246 3202 duabus
3273 3143 3486 3199 naturis

1897 3254 2171 3311 constare,
2238 3248 2292 3296 et
2343 3240 2602 3297 deitatem
2663 3253 2827 3294 unam
2881 3250 3024 3303 esse,
3062 3249 3169 3290 non
3202 3231 3486 3290 concludi-

1897 3346 1984 3392 tur
2006 3332 2150 3404 quod
2179 3329 2514 3402 praetenditis
2542 3327 2830 3384 adversum
2861 3340 2962 3381 nos
2988 3343 3000 3380 :
3033 3338 3204 3396 neque
3230 3324 3372 3379 enim
3398 3321 3487 3378 hic

200 3425 401 3483 πυμεν
437 3412 533 3467 δύο
573 3411 764 3483 φύσεις
817 3413 984 3487 εχειν,
1036 3417 1131 3472 καὶ
1160 3415 1257 3490 τὴν
1292 3417 1522 3491 θεότητα
1554 3422 1682 3491 μίαν
1716 3416 1790 3475 sf-

1897 3426 1950 3480 in
1982 3402 2212 3478 Domino
2230 3431 2434 3486 nostro,
2471 3419 2600 3476 Jesu
2628 3417 2850 3476 Christo
2880 3416 3111 3483 scilicet,
3144 3423 3325 3487 partes
3353 3427 3477 3484 par-

200 3521 310 3568 ναι,
333 3505 396 3558 οὐ
430 3505 726 3575 συνάγεται
748 3507 882 3580 ὅπερ
910 3506 1164 3578 βούλεσθε
1197 3509 1320 3564 καθ’
1352 3510 1532 3582 ήμῶν.
1579 3512 1653 3566 Οὐ
1684 3512 1793 3587 7&9

201 3595 466 3664 θηταῦθα,
517 3598 809 3669 incitavisti
843 3599 939 3654 τοῦ
983 3601 1190 3672 Κυρίου
1223 3601 1382 3672 ἡμῶν
1432 3601 1607 3674 Ἰησοῦ
1656 3605 1793 3677 Χρι-

201 3687 329 3744 στοῦ
359 3689 434 3744 τὰ
484 3689 623 3762 μέρη
668 3691 776 3746 τῶν
809 3690 990 3763 μερῶν
1017 3693 1100 3747 δεῖ
1142 3696 1384 3761 σκοπεῖν,
1420 3695 1537 3767 ἦτοι
1574 3696 1673 3768 τῆς
1698 3697 1793 3752 ἀνα

206 3781 570 3853 θρωπότητος
601 3783 663 3836 τδ
691 3784 852 3854 σῶμα
891 3785 987 3838 καὶ
1019 3784 1117 3856 τὴν
1134 3785 1334 3856 ψυχὴν,
1366 3785 1503 3841 ἀλλὰ.
1532 3787 1600 3843 τὰ
1620 3803 1792 3863 προσ-

201 3875 346 3947 εχῶς
410 3875 509 3930 καὶ
540 3873 761 3946 ἁμόσως
805 3876 1154 3944 συντεθέντα,
1211 3876 1444 3950 θεότητά
1500 3895 1643 3951 φημι
1701 3880 1793 3936 καὶ

200 3964 627 4037 ἁνθρωπότητα.
657 3963 720 4019 Ei
750 3965 857 4036 γὰρ
905 3966 1003 4021 καὶ
1048 3964 1143 4021 δύο
1178 3967 1370 4037 φύσεις
1403 3966 1549 4040 ιχειν
1580 3970 1670 4025 τδν
1697 3969 1792 4026 ἄν·

200 4055 425 4128 θρωτσον
452 4057 614 4126 ⁴ἡμεῖς
649 4055 923 4125 λέγοντες,
960 4055 1082 4111 καθ’
1111 4056 1278 4129 ὑμᾶς,
1305 4060 1455 4130 τρεῖς
1491 4059 1681 4129 φύσεις
1702 4062 1794 4116 επὶ

199 4147 444 4220 Χριστοῦ
471 4148 652 4218 λέγειν
684 4148 1242 4222 ἀναγκασθησόμεθα,
1277 4152 1372 4205 καὶ
1398 4150 1556 4224 ὑμεῖς
1591 4153 1700 4226 ἄρα
1729 4154 1794 4209 εκ

198 4243 289 4299 δύο
313 4245 540 4315 φύσεων
571 4242 664 4298 τὸν
685 4241 970 4314 ἄνθρωπον
998 4241 1271 4310 λέγοντες,
1301 4245 1349 4299 εί
1378 4245 1470 4300 καὶ
1501 4244 1577 4318 μὴ
1607 4246 1721 4308 δύο.
1758 4246 1791 4319 ἢ

199 4337 255 4390 ὲν
284 4337 407 4400 δύο,
446 4333 586 4390 ἀλλὰ
618 4333 746 4406 μίαν
776 4332 937 4402 φύσιν
961 4328 1104 4388 εῐναι
1141 4332 1412 4403 λέγοντες,
1440 4335 1556 4391 ἀλλ’
1589 4334 1682 4390 οὖν
1729 4336 1794 4391 εκ

197 4426 368 4499 τριῶν
404 4426 627 4497 φύσεων
661 4425 751 4481 τὸν
782 4425 1015 4498 Χριστὸν
1045 4426 1446 4498 δογματίσοιτε.
1482 4428 1593 4484 Καὶ
1621 4427 1794 4493 οὕτως

200 4517 692 4592 περιτραπήσεσθε
722 4518 788 4573 ικ
810 4516 902 4573 τοῦ
934 4517 1085 4589 ὑμῶν
1114 4518 1295 4588 λόγου.
1333 4518 1493 4574 ’Δλλά
1516 4518 1674 4575 τοῦτο
1695 4519 1797 4575 οὑκ

196 4609 369 4668 ιστιν.
406 4611 528 4667 Ούκ
558 4611 664 4680 ἄρα
689 4611 782 4665 δύο
809 4610 1001 4680 φύσεις
1027 4609 1172 4682 ῑχειν
1205 4613 1371 4682 ἡμεῖς
1415 4611 1668 4682 λέγοντες
1704 4612 1797 4668 τὸν

198 4704 466 4776 Χριστόν.
509 4703 612 4759 κᾶν
639 4704 733 4759 δύο
779 4703 970 4774 φύσεις
1001 4702 1149 4776 ῖχειν
1178 4704 1271 4759 τὸν
1295 4703 1586 4777 ἄνθρωπον
1621 4705 1792 4776 λέγω·

1897 3517 2030 3573 tium
2077 3513 2419 3573 sttendendm
2483 3523 2630 3579 sunt,
2678 3512 2760 3568 vel
2796 3509 3150 3568 humanitatis
3193 3523 3393 3580 corpus
3431 3516 3487 3563 et

1893 3608 2098 3674 anima,
2141 3606 2236 3664 sed
2279 3620 2401 3678 quae
2436 3604 2683 3677 proxime
2724 3603 3148 3674 immediateque
3195 3601 3482 3663 uniuntur,

1892 3699 2152 3756 divinitas
2189 3708 2354 3771 atque
2402 3698 2737 3756 humanitas.
2771 3697 2837 3755 Et
2870 3698 2914 3754 si
2947 3696 3083 3753 duas
3120 3703 3346 3750 naturas
3385 3691 3485 3748 ha-

1893 3791 2022 3847 bere
2067 3789 2341 3845 hominem
2386 3803 2485 3844 nos
2523 3796 2854 3856 asserentes,
2891 3797 2952 3844 ut
2988 3799 3082 3842 vos
3119 3784 3482 3848 contenditis,

1892 3891 2007 3940 tres
2054 3890 2282 3938 naturas
2323 3880 2378 3938 in
2417 3879 2636 3939 Christo
2671 3879 2852 3936 dicere
2899 3891 3236 3950 cogerentur,
3293 3884 3346 3932 et
3387 3889 3485 3931 vos

1895 3973 2058 4045 igitur
2089 3986 2160 4029 ex
2189 3972 2408 4029 duabus
2433 3973 2647 4029 naturis
2677 3971 2949 4028 hominem
2975 3968 3329 4033 aiilrtnantes,
3361 3966 3487 4021 licet

1895 4079 2008 4122 non
2059 4063 2220 4129 duas,
2277 4077 2454 4134 neque
2504 4064 2558 4119 in
2607 4063 2841 4128 duabus,
2879 4059 2973 4118 sed
3019 4075 3182 4116 unam
3235 4068 3485 4114 naturam

1894 4171 2016 4214 esse
2062 4156 2326 4221 dicentes,
2369 4155 2727 4212 nihilominus
2769 4169 2835 4211 ex
2885 4154 3058 4210 tribus
3092 4151 3302 4207 naturis
3333 4148 3488 4206 Chri~

1894 4262 2042 4310 stum
2087 4264 2209 4307 esse
2251 4250 2522 4308 statuetis.
2571 4247 2771 4320 Sicque
2813 4263 2907 4318 per
2947 4247 3110 4304 verba
3150 4245 3254 4316 ipsi
3304 4253 3486 4300 vestra

1895 4343 2236 4401 rel'ellemini.
2265 4340 2368 4399 Sed
2396 4343 2496 4398 hoc
2526 4356 2633 4397 non
2653 4353 2735 4400 est
2765 4359 2779 4410 ;
2809 4355 2916 4397 non
2948 4354 3079 4411 ergo
3104 4339 3242 4396 duas
3266 4345 3488 4392 naturas

1894 4434 2100 4490 habere
2128 4446 2229 4489 nos
2259 4430 2538 4488 Christum
2571 4439 2904 4495 asserentes,
2938 4429 3065 4486 licet
3091 4427 3226 4484 duas
3261 4435 3488 4481 naturas

1897 4523 2172 4580 hominem
2207 4522 2408 4578 habere
2443 4521 2691 4578 dicamus
2717 4560 2732 4588 ,
2783 4528 2894 4576 tres
2934 4519 3197 4574 adversus
3240 4531 3338 4571 nos
3379 4515 3492 4571 col-

1899 4614 2154 4684 ligantur.
2195 4612 2313 4667 Alia
2352 4625 2572 4683 quoque
2613 4609 2826 4665 ratione
2864 4609 2966 4664 hoc
2997 4609 3174 4675 ipsum
3202 4606 3486 4677 probatur.

1899 4704 2074 4762 Homo
2111 4713 2205 4760 aut
2233 4704 2286 4759 in
2319 4701 2613 4759 universali
2646 4709 2751 4768 est,
2785 4710 2880 4756 aut
2909 4701 2963 4755 in
2993 4708 3168 4770 parte,
3201 4698 3252 4751 in
3292 4693 3488 4750 indivi-

202 4814 321 4872 μεν.
361 4797 426 4852 τὸ
476 4797 629 4866 τρεῖς
654 4793 958 4866 καθ’ήμῶν
983 4795 1294 4866 συναχθείη.
1331 4794 1443 4850 Καὶ
1486 4796 1663 4860 ἄλλως
1714 4797 1790 4861 εις

1903 4798 2010 4852 duo
2048 4811 2263 4867 nempe,
2293 4796 2388 4852 sed
2420 4794 2720 4861 hominem,
2751 4793 2845 4865 qui
2883 4792 2938 4847 in
2975 4789 3258 4846 individuo
3287 4796 3390 4853 est,
3420 4800 3485 4841 es

197 4888 258 4943 τὸ
285 4887 447 4941 αύτόο
496 4886 558 4939 Ὀ
588 4885 874 4954 ἄνθρωπος
933 4884 965 4956 ἢ
1013 4884 1248 4940 καθόλου
1282 4886 1452 4952 ιστὶν,
1497 4885 1531 4959 ἢ
1569 4887 1661 4939 ἰπὶ
1695 4885 1793 4958 μι-

203 4995 347 5059 ρους,
382 4977 565 5052 ήγουν
595 4977 624 5030 6
652 4975 988 5042 καθίκαστα,
1015 4976 1131 5031 ἀλλ’
1160 4977 1243 5031 ὅτι
1295 4978 1392 5048 μὲν
1417 4977 1446 5031 ό
1482 4976 1794 5032 καθέκαστα

200 5069 262 5125 ἐκ
276 5069 370 5123 δύο
393 5067 622 5139 φύσεων
641 5066 946 5133 σύγκειται,
967 5066 1216 5136 σώματός
1242 5083 1321 5132 τε,
1352 5083 1425 5139 φη
1435 5067 1516 5136 μὶ,
1544 5067 1639 5122 καὶ
1659 5067 1796 5121 ἀσω-

203 5162 399 5227 μάτου,
434 5156 621 5223 οὐδεὶς
651 5155 760 5212 τῶν
795 5153 852 5212 εὖ
872 5157 1091 5213 εἰδότων
1119 5156 1327 5228 κρίνειν
1382 5159 1638 5229 ἀντερεῖσ
1672 5158 1793 5214 οὑδὶ

200 5253 306 5325 γὰρ
337 5253 400 5308 τὸ
433 5250 606 5322 σῶμα
631 5249 918 5318 ἀθάνατον,
970 5250 1108 5306 ἀλλὰ
1138 5251 1398 5323 φθαρτὸν,
1435 5251 1556 5305 οὐδε
1585 5251 1618 5323 ἡ
1645 5253 1792 5325 ψυχὴ

201 5343 388 5418 emta.
413 5343 545 5401 ἀλλ’
571 5341 857 5407 ἀθάνατος,
883 5343 1005 5399 ούδὶ
1031 5344 1094 5398 τὸ
1128 5343 1288 5416 σῶμα
1321 5343 1576 5416 ἀόρατον,
1607 5344 1728 5398 οὐδὲ
1759 5347 1792 5416 ἡ

199 5438 339 5508 ψυχὴ
382 5440 734 5510 σωματικοῖς
762 5436 1063 5509 ὀφθαλμοῖς
1095 5437 1395 5510 καθορᾶται
1418 5453 1430 5467 '
1467 5436 1583 5492 ἀλλ’
1628 5439 1662 5510 ὴ
1696 5437 1794 5509 μὶν

199 5529 392 5601 λογικὴ
424 5529 532 5584 καὶ
576 5528 762 5600 νοερὶι,
816 5529 910 5584 καὶ
957 5528 1270 5600 ἀσώματος,
1319 5529 1380 5584 τὸ
1425 5529 1481 5584 δι
1515 5530 1662 5600 παχὺ
1697 5529 1794 5585 καὶ

199 5620 413 5690 ὁρατὸν,
459 5619 569 5674 καὶ
601 5619 792 5687 ἁπτὸν,
825 5619 886 5675 οὑ
922 5621 1051 5693 μιᾶς
1080 5619 1138 5675 δὲ
1169 5619 1385 5691 φύσεως
1429 5621 1498 5676 τὰ
1529 5621 1792 5676 όιντιδιαι-

202 5712 469 5784 ρούμενα·
516 5710 584 5765 ού
613 5713 745 5782 μιᾶς
786 5711 895 5784 ἄρα
921 5712 1114 5778 οὐσίας
1141 5712 1288 5784 ψυχὴ
1321 5712 1413 5765 καὶ
1450 5712 1626 5784 σῶμα.
1682 5713 1793 5767 Καὶ

200 5802 369 5870 αὖθιςο
399 5806 465 5860 El
496 5796 579 5859 ὧν
607 5805 659 5858 oi
704 5807 819 5877 ὅροι
845 5805 1114 5878 διάφοροι,
1150 5806 1355 5863 τούτων
1379 5806 1477 5863 καὶ
1513 5807 1570 5861 αῖ
1597 5805 1790 5878 φύσεις

201 5895 470 5970 διάφοροι,
520 5896 780 5968 διάφορος
814 5897 872 5951 δι
908 5899 1001 5954 τοῦ
1064 5898 1316 5972 σώματος
1353 5901 1381 5956 6
1437 5900 1594 5971 λόγος
1641 5900 1791 5971 παρὰ

203 5985 289 6039 τὸν
320 5989 419 6059 τῆς
452 5985 665 6059 ψυχῆς,
695 5987 952 6059 διάφορος
986 5989 1094 6062 ἄρα
1127 5991 1221 6046 καὶ
1246 5992 1278 6064 ή
1303 5989 1465 6063 φύσις
1497 5991 1592 6064 τῆς
1613 5991 1790 6064 ψυχῆς

1902 4890 2115 4946 duabus
2146 4887 2359 4944 naturis
2391 4886 2646 4944 constitui
2681 4883 2927 4956 corporis
2977 4890 3030 4938 et
3056 4881 3270 4945 animm,
3306 4891 3487 4941 nemo,

1901 4982 1994 5054 qui
2027 4979 2192 5051 probe
2224 4979 2290 5035 de
2323 4978 2485 5035 rebus
2515 4975 2784 5047 judicium
2820 4972 2966 5029 i'erre
3000 4971 3171 5033 novit,
3208 4964 3488 5024 contradi-

1902 5083 1984 5129 cet
2014 5090 2028 5139 ;
2067 5087 2241 5143 neque
2283 5073 2428 5126 enim
2459 5083 2656 5138 corpus
2688 5065 3000 5122 immortale
3031 5071 3134 5129 est,
3168 5061 3258 5119 sed
3298 5074 3489 5114 corru-

1903 5165 2071 5236 ptioni
2095 5163 2412 5227 obnoxium,
2445 5175 2625 5230 neque
2655 5158 2835 5214 anima
2861 5155 3126 5221 mortalis,
3149 5152 3240 5208 sed
3263 5152 3489 5206 immor-

1902 5256 2048 5321 talis,
2082 5268 2262 5325 neque
2294 5267 2496 5324 corpus
2540 5249 2836 5315 invisibile,
2875 5261 3050 5317 neque
3082 5244 3261 5300 anima
3294 5257 3490 5311 corpo-

1901 5349 2010 5405 reis
2052 5346 2230 5403 oculis
2277 5344 2636 5416 conspicitur,
2695 5341 2788 5398 sed
2835 5339 2951 5395 hrec
2993 5338 3214 5408 quidem
3265 5331 3488 5389 rationis

1899 5455 2124 5512 compos
2166 5449 2270 5504 est,
2307 5447 2354 5494 et
2404 5434 2803 5497 intellectualis,
2847 5441 2902 5488 et
2935 5431 3253 5499 incorporea
3298 5442 3312 5491 ;
3353 5423 3486 5478 illud

1900 5549 2168 5600 crassum,
2195 5531 2426 5597 visibile,
2460 5527 2719 5600 taugibile
2747 5543 2761 5594 ;
2794 5539 2900 5580 non
2937 5523 3100 5578 unius
3118 5534 3249 5576 vero
3279 5526 3488 5573 naturae

1901 5635 2025 5680 sunt
2076 5638 2196 5694 quae
2238 5633 2428 5679 contra
2473 5635 2593 5676 sese
2640 5618 2871 5674 invicem
2921 5621 3326 5686 apponuntur:
3377 5622 3486 5662 non

1900 5715 2063 5772 unius
2121 5729 2251 5786 ergo
2296 5711 2548 5769 essentia!
2576 5724 2799 5780 corpus,
2856 5717 2908 5762 et
2953 5705 3157 5760 anima.
3215 5701 3344 5758 Item
3379 5719 3392 5755 :
3431 5697 3488 5753 Si

1898 5823 2130 5878 quorum
2180 5805 2520 5862 deﬁnitiones
2569 5802 2798 5858 diversae
2854 5807 3000 5864 sunt,
3059 5811 3245 5854 eorum
3324 5793 3488 5848 etiam

1901 5908 2109 5956 naturae
2148 5899 2395 5965 diverste,
2437 5896 2652 5953 diversa
2686 5907 2816 5949 vero
2846 5901 2930 5947 est
2965 5888 3214 5961 corporis
3253 5888 3390 5942 ratio
3420 5884 3490 5940 ah

1900 6008 1983 6058 ca,
2036 6006 2157 6063 qua:
2203 5991 2397 6047 animo:
2435 5996 2538 6056 cst,
2585 5985 2801 6043 diversa
2845 5982 3010 6058 igitur
3051 5980 3154 6038 crit
3203 5986 3255 6035 et
3298 5983 3492 6032 natura
