4194 6432
710 427 816 488 635

1972 420 2262 478 NICETzE
2303 419 2703 479 llYZAXTlNI

3858 416 3966 480 636

702 537 898 591 animm
930 549 958 586 ιι
992 541 1184 586 natura
1211 533 1476 602 corporis.
1511 531 1635 586 llate
1664 542 1845 586 autem
1885 540 2278 585 conservantur

2390 532 2481 598 τῆς
2504 528 2598 581 τοῦ
2627 532 2876 600 σώματος
2916 531 3151 600 φύσεως.
3180 530 3367 583 Ταῦτα
3405 531 3461 583 δὲ
3493 529 3752 595 σώζονται
3782 532 3841 583 ὲν
3884 531 3965 601 τῷ

700 632 756 682 in
810 625 1071 695 singulari
1123 624 1345 679 homine
1401 623 1862 679 immutabiliter:
1909 622 2047 676 duas
2110 621 2278 691 igitur

702 727 930 772 naturas
956 718 1116 770 homo
1137 716 1427 785 singularis
1448 719 1644 770 habere
1660 716 1889 770 dicetur.
1915 716 2104 767 Servat
2131 714 2276 767 enim

702 819 994 876 utrumque
1023 816 1076 859 et
1111 816 1233 873 post
1267 808 1523 860 unionem
1557 807 1859 859 naturalem
1891 803 2277 872 prOprietatem

702 916 915 962 eorum,
950 914 1013 952 ex
1058 900 1259 968 quibus
1297 908 1349 951 et
1396 898 1447 950 in
1490 897 1689 967 quibus
1729 898 1866 950 ratio
1917 894 2280 963 conspicitur.

701 989 771 1041 At
800 987 963 1041 homo
1000 989 1050 1041 in
1082 1004 1297 1056 genere,
1326 988 1649 1042 universalis
1674 1002 1883 1055 nempe,
1907 994 2031 1039 cunt
2062 987 2181 1054 quis
2210 984 2278 1038 ad

700 1094 785 1141 ca,
818 1096 881 1133 ex
910 1080 1109 1147 quibus
1143 1081 1508 1148 componitur,
1540 1081 1781 1133 animum
1812 1079 2124 1143 adverterit,
2159 1076 2280 1131 ani-

702 1187 868 1235 mam,
910 1173 1154 1242 inquam,
1193 1184 1249 1226 et
1278 1188 1510 1242 corpus,
1543 1182 1598 1227 et
1630 1174 1742 1241 ipsa
1774 1171 2023 1241 generica
2066 1180 2119 1225 et
2156 1169 2281 1224 uni-

698 1262 933 1316 versalia
970 1281 981 1315 :
1008 1278 1180 1331 neque
1199 1264 1341 1317 enim
1371 1263 1484 1318 lieri
1522 1273 1719 1332 potest,
1751 1277 1814 1316 ex
1846 1263 2059 1316 duobus
2087 1261 2281 1315 indivi-

700 1353 846 1418 duis,
888 1362 943 1407 et
984 1354 1405 1422 particularibus
1447 1355 1752 1409 universale
1783 1353 2003 1423 aliquod
2041 1368 2278 1420 unqltam

701 1447 843 1513 gigni
865 1463 877 1498 :
900 1446 1249 1500 duashabere
1268 1458 1485 1499 naturas
1516 1444 1788 1497 hominem
1812 1444 2170 1497 universalem
2194 1442 2279 1496 di-

699 1545 805 1598 cet,
826 1554 947 1589 cum
972 1547 1155 1606 postea
1189 1539 1240 1591 in
1274 1541 1442 1605 ipsam
1474 1539 1837 1604 integritatem
1874 1551 1939 1591 ex
1963 1536 2172 1589 duabus
2194 1550 2282 1588 es-

700 1630 955 1684 sentiisin
980 1631 1527 1683 tntiversalianimum
1563 1630 1875 1693 intenderit,
1910 1643 2074 1681 unum
2100 1627 2280 1695 quod-

699 1722 822 1773 dam
856 1722 1167 1789 generieum
1208 1722 1479 1775 hominem
1525 1722 1637 1774 ﬁeri
1681 1722 2103 1789 contemplatus,
2134 1718 2278 1788 quod

699 1814 868 1866 multa
922 1814 998 1866 illi
1046 1814 1262 1868 subsint
1308 1813 1608 1876 individua,
1657 1813 1707 1866 in
1766 1813 1936 1866 nihilo
1975 1812 2275 1866 secundum

698 1907 933 1973 speciem
968 1906 1295 1971 dill‘erentia,
1321 1918 1375 1961 et
1398 1922 1549 1975 aeque
1592 1908 1855 1960 rationem
1884 1906 2027 1959 illius
2058 1905 2280 1972 partici-

700 2000 904 2067 pantia,
932 2000 1096 2067 probe
1117 2000 1411 2055 essentiam
1456 2010 1510 2055 et
1540 2010 1787 2054 naturam
1810 2014 1971 2052 unam
1996 1998 2278 2054 hominem

701 2095 1061 2149 universalem
1088 2095 1367 2160 fatebitur,
1394 2106 1585 2151 etcum
1614 2098 1665 2149 in
1686 2096 1913 2149 alterius
1932 2095 2284 2164 compositio-

698 2199 823 2236 nem
867 2186 1187 2247 assumitur.
1223 2187 1385 2240 veluti
1424 2203 1615 2247 unum,
1648 2196 1701 2239 et
1734 2201 1896 2239 unam
1936 2196 2208 2246 naturam,
2232 2193 2285 2237 et

699 2279 993 2343 essentiam
1031 2279 1278 2347 accipiet.
1324 2278 1495 2347 igitur
1516 2280 1883 2347 sempiternus
1938 2278 2127 2340 Filius,
2179 2276 2281 2329 l)o-

702 2368 885 2422 minus
920 2377 975 2422 et
1007 2368 1147 2423 Deus
1175 2378 1361 2423 noster
1383 2370 1550 2424 homo
1576 2370 1774 2434 factus,
1801 2386 1908 2423 non
1930 2370 1980 2423 in
2006 2369 2285 2423 individuo

702 2458 976 2513 hominem
1010 2462 1375 2529 assumpsisse
1407 2461 1627 2523 dicitur,
1665 2479 1732 2515 ne
1762 2461 2075 2514 Nestoriaua
2109 2459 2285 2513 rabies

703 2549 937 2615 irrepat,
975 2551 1067 2604 sed
1111 2552 1495 2615 universalem,
1528 2568 1689 2621 quem
1750 2552 1965 2621 pr0pria
2007 2550 2283 2622 hypostasi

702 2639 1092 2706 individuavit;
1119 2653 1397 2695 ostensum
1434 2651 1617 2697 autem
1651 2653 1732 2697 est
1766 2644 1909 2696 hunc
1947 2645 2111 2697 unius
2165 2658 2287 2696 esse

702 2741 931 2793 natura,
954 2734 998 2787 si
1024 2736 1088 2786 ad
1117 2736 1481 2803 integritatem
1513 2738 1912 2791 consideretur.
1941 2736 2284 2792 Manifestum

702 2823 888 2891 itaque
910 2835 995 2877 est
1042 2825 1319 2880 Christum
1361 2843 1424 2881 ex
1466 2828 1683 2882 duabus
1723 2830 1953 2894 naturis,
1984 2844 2034 2882 et
2069 2829 2120 2881 in
2149 2829 2287 2882 dua-

703 2912 805 2966 bus
842 2916 1071 2981 naturis,
1110 2928 1164 2969 et
1201 2918 1337 2972 duas
1372 2931 1599 2974 naturas
1632 2921 1832 2976 habere
1864 2937 1958 2989 per
1990 2936 2089 2975 nos
2125 2918 2289 2975 meri-

704 3014 761 3059 to
786 3006 1017 3076 jureque
1070 3009 1376 3077 prmdieari,
1413 3027 1588 3081 neque
1628 3014 1891 3080 ineptum,
1916 3021 2008 3065 aut
2038 3012 2289 3080 blaSplte°

703 3115 854 3152 mum
892 3102 1178 3169 consequi,
1210 3102 1334 3155 licet
1365 3103 1642 3157 hominem
1678 3106 1811 3157 duas
1841 3103 2040 3156 habere
2064 3115 2287 3157 naturas

704 3191 950 3246 dicamus
984 3210 997 3256 ;
1036 3210 1159 3246 eum
1202 3197 1406 3257 omnia,
1439 3211 1559 3261 quze
1589 3206 1993 3263 componuntur
2019 3210 2083 3249 ex
2114 3194 2287 3248 conti-
2314 3223 2356 3279 ο

706 3285 826 3353 guis
867 3288 1321 3355 componentibus
1357 3289 1609 3355 componi
1663 3288 1936 3350 dit-antur,
1978 3297 2031 3341 et
2067 3303 2173 3339 non
2220 3303 2283 3341 ex

708 3377 794 3435 iis,
825 3393 887 3429 ex
932 3380 1131 3445 quibus
1178 3380 1561 3447 componentia
1603 3379 1836 3431 conﬂata
1880 3390 2029 3432 sunt.
2062 3377 2286 3432 Frustra

710 3467 894 3536 igitur,
950 3469 1079 3522 dum
1140 3472 1241 3538 ipsi
1301 3471 1581 3525 Christum
1626 3471 1760 3524 duas
1810 3471 2007 3524 habere
2065 3482 2289 3524 naturas

705 3569 757 3613 ct
805 3560 1077 3614 hominem
1118 3562 1369 3616 similiter
1417 3565 1555 3618 duas
1595 3563 1844 3628 dicimus,
1893 3574 2001 3616 tres
2048 3576 2075 3617 a.
2134 3561 2290 3617 vobis

702 3654 1056 3723 colliguntur.

778 3745 864 3800 ‘lG.
905 3745 1019 3799 lmo
1046 3748 1168 3801 licet
1202 3748 1363 3801 homo
1395 3764 1459 3801 ex
1500 3748 1717 3802 duabus
1753 3747 1983 3810 naturis,
2016 3755 2070 3801 et
2102 3746 2287 3800 diver-

708 3838 804 3903 sis,
840 3849 895 3893 et
922 3840 1202 3894 inconfuse
1232 3842 1420 3903 unitis,
1451 3842 1611 3894 unius
1637 3841 1976 3902 naturaﬁut,
2004 3840 2144 3893 haud
2173 3839 2285 3893 ﬁeri

711 3940 904 4000 potest,
933 3947 989 3986 ut
1013 3934 1125 4002 ipse
1156 3934 1404 3987 Clitistus
1433 3935 1595 3987 unius
1626 3942 1831 3987 naturae
1873 3935 1964 3999 sit,
1988 3931 2287 3986 dummodo

710 4026 825 4093 ipse
853 4042 919 4079 ex
946 4027 1179 4081 diversis
1211 4028 1439 4089 naturis,
1490 4027 1694 4081 deitate
1725 4042 1921 4095 nempe
1957 4035 2011 4079 et
2040 4024 2294 4078 Immani-

710 4126 839 4183 tate,
867 4128 1256 4185 componatur:
1292 4120 1452 4188 idque
1481 4134 1545 4173 ex
1574 4118 1664 4171 hie
1685 4118 1844 4173 fuerit
1863 4118 2291 4187 apertissimum.

710 4211 761 4264 1.
826 4210 1101 4281 Quidquid
1149 4228 1215 4265 ex
1265 4213 1495 4265 diversis
1532 4212 1743 4265 naturis
1785 4211 2072 4274 conﬂatur,
2133 4210 2295 4264 unius

712 4317 920 4361 natura:
965 4308 1231 4371 ellieitur,
1282 4323 1405 4361 cum
1459 4305 1822 4376 compositum
1866 4306 2292 4375 compositorum

711 4416 887 4468 neque
917 4400 1159 4463 nomina,
1202 4416 1379 4468 neque
1418 4402 1662 4453 rationes
1692 4398 1950 4452 admittit.
1984 4397 2293 4467 Verbigra—

710 4493 808 4557 tia,
852 4494 1015 4547 homo
1063 4508 1166 4545 una
1210 4500 1403 4545 natura
1436 4490 1665 4544 ellieitur
1697 4490 2023 4559 composita,
2069 4491 2291 4559 quando

2382 619 2696 673 καθέκαστα
2716 620 2987 691 ἀνθρώπῳ
3022 620 3416 691 ἀμεταὸλὴτως
3440 638 3453 650 ·
3485 621 3578 674 δύο
3604 621 3711 692 γὰρ
3734 623 3843 692 ἄρα
3864 622 3967 692 φύο

2383 727 2495 774 σεις
2520 712 2663 781 ἔχειν
2696 714 2723 765 6
2748 713 3063 767 καθέκαστα
3089 713 3375 785 ἄνθρωπος
3402 713 3746 784 λεχθήσεται.
3791 714 3965 778 Σώζει

2378 802 2488 871 γὰρ
2508 805 2766 875 ἑκάτερον
2800 807 2894 858 καὶ
2920 805 3061 875 μετὰ
3084 806 3183 874 τὴν
3219 805 3415 859 ἕνωσιν
3436 806 3536 875 τὴν
3568 806 3803 875 φυσικὴν
3838 806 3966 859 ἰδιό-

2376 912 2537 966 τητα,
2581 897 2640 963 ἐξ
2670 891 2744 949 ὧν
2804 898 2897 950 καὶ
2947 900 3005 951 ἐν
3037 893 3120 961 οἷς
3160 899 3189 950 6
3231 896 3386 966 λόγος
3437 897 3741 968 θεωρεῖται.
3803 898 3860 953 Ὀ
3908 899 3968 951 δὲ

2379 986 2443 1057 δὴ
2463 988 2699 1055 γενικδς,
2722 990 2892 1060 ήγουν
2914 990 3145 1043 καθόλου
3176 990 3484 1059 ἄνθρωπος,
3520 991 3648 1044 ὅταν
3679 1009 3762 1055 τις
3789 994 3870 1054 εἰς
3898 994 3969 1045 τὰ

2379 1077 2439 1143 ἐξ
2463 1071 2537 1131 ὧν
2559 1082 2817 1152 συνετέθη
2841 1083 3120 1154 ἀποκοπῇ,
3158 1083 3304 1152 φημὶ
3341 1083 3404 1152 δὴ
3437 1082 3620 1153 ψυχήν
3641 1100 3699 1137 τε
3732 1086 3826 1136 καὶ
3858 1084 3970 1137 σῶ-

2383 1189 2478 1241 μα,
2512 1173 2606 1225 καὶ
2640 1174 2811 1228 ταῦτα
2867 1176 3060 1243 γενικά
3093 1176 3223 1229 ὄντα
3274 1177 3369 1230 καὶ
3415 1177 3670 1241 καθόλου,
3700 1179 3784 1232 ὅτι
3830 1178 3970 1248 μηδὲ

2377 1265 2599 1318 δυνατὸν
2627 1266 2691 1318 ἐκ
2713 1266 2807 1320 δύο
2832 1268 3053 1337 ἀτόμων
3086 1270 3180 1321 καὶ
3216 1271 3460 1341 μερικῶν
3487 1272 3705 1337 γενικόν
3740 1290 3793 1324 τι
3825 1273 3969 1324 ἀπο-

2378 1358 2646 1411 τελεῖσθαι
2677 1377 2828 1425 ποτε,
2859 1360 2952 1414 δύο
2993 1362 3185 1429 φύσεις
3218 1361 3361 1432 ἔχειν
3389 1364 3479 1416 τὸν
3505 1362 3731 1415 καθόλου
3755 1363 3969 1431 ἀνθρω-

2382 1466 2481 1501 πον
2513 1452 2751 1519 φῄσειεν.
2801 1452 2970 1504 Ὂταν
3005 1453 3061 1505 δὲ
3103 1455 3183 1516 εἰς
3232 1453 3403 1525 αὐτὴν
3435 1456 3534 1522 τὴν
3569 1456 3820 1526 ὀλότητα,
3868 1457 3970 1521 τὴν

2382 1544 2445 1592 ὲκ
2475 1542 2567 1593 δύο
2612 1542 2810 1595 οὐσιῶν
2853 1543 3086 1596 καθόλου
3128 1543 3710 1613 παραλαμὸανόμενον,
3762 1547 3842 1608 εἰς
3868 1546 3972 1615 τὴν

2381 1630 2570 1683 τούτου
2634 1634 3032 1704 συμπλήρωσιν
3085 1635 3142 1687 ἓν
3178 1653 3228 1687 τι
3277 1636 3494 1703 γενικὴν
3534 1635 3973 1702 ἀποτελούμενον

2381 1723 2472 1773 τὸν
2529 1722 2814 1794 ἄνθρωπον
2865 1725 3171 1797 ἀναθεωρῇ,
3226 1727 3316 1779 διὰ
3363 1727 3425 1780 τὸ
3487 1726 3655 1779 πολλά
3703 1723 3842 1779 εἶναι
3876 1728 3973 1778 ὑπ’

2382 1814 2547 1868 αὑτοῦ
2604 1816 2802 1886 ἄτομα,
2850 1819 2949 1888 τὴν
3003 1819 3416 1888 ἀπαραλλαξίαν
3484 1819 3627 1873 κατά
3694 1820 3757 1873 τὸ
3829 1816 3973 1883 εἶδος

2384 1907 2597 1977 ἔχοντα,
2620 1912 2714 1963 καὶ
2740 1911 2830 1963 τὸν
2860 1912 3025 1964 αὑτοῦ
3057 1914 3215 1981 λόγον
3253 1913 3447 1982 ἐπίσης
3484 1913 3797 1981 μετέχοντα,
3824 1915 3973 1966 εἰκό-

2383 2020 2490 2065 τως
2516 2002 2705 2056 οὐσίαν
2740 2004 2835 2058 καὶ
2884 2004 3047 2074 φύσιν
3096 2007 3228 2074 μίαν
3286 2005 3380 2059 τὸν
3422 2005 3653 2059 καθόλου
3684 2006 3976 2075 ἄνθρωπον

2384 2096 2755 2165 ὁμολογήσειε.
2790 2098 2900 2150 Καὶ
2940 2098 3100 2167 ἡνίκα
3148 2099 3215 2152 ἂν
3249 2098 3332 2160 εἰς
3368 2098 3531 2151 ἄλλου
3583 2097 3832 2152 σύνθεσιν
3868 2116 3975 2151 πα-

2389 2189 2826 2257 ραλαμϐάνηται,
2860 2190 2935 2249 ὡς
2967 2192 3025 2242 ἓν
3068 2209 3142 2253 τι,
3178 2190 3272 2244 καὶ
3310 2191 3409 2261 μία
3441 2191 3638 2259 φύσις,
3687 2194 3781 2243 καὶ
3813 2192 3977 2244 οὐσία

2385 2282 2896 2351 παραληφθήσεται.
2932 2283 3140 2335 Οὐκοῦν
3164 2286 3191 2336 6
3215 2283 3383 2345 ἀΐδιος
3408 2284 3559 2347 Υἱὸς,
3580 2288 3607 2337 6
3636 2284 3839 2355 Κύριος
3877 2288 3977 2337 καὶ

2385 2372 2515 2433 Θεὸς
2551 2372 2732 2440 ἡμῶν.
2790 2373 3079 2444 ἄνθρωπος
3107 2373 3371 2442 γεγονὼς,
3404 2376 3464 2427 ού
3521 2376 3609 2427 τὸν
3658 2376 3978 2427 κκθέκαστα

2386 2462 2671 2532 ἄνθρωπον
2699 2463 3045 2530 ἀνειληφέναι
3092 2464 3329 2531 λέγεται,
3353 2464 3439 2517 ἵνα
3467 2465 3541 2535 μὴ
3572 2467 3602 2532 ἡ
3634 2465 3979 2533 Νεστοριανὴ

2387 2555 2553 2607 λύττα
2587 2556 2979 2624 συνεισφρήσῃ,
3014 2555 3129 2607 ἀλλ’
3163 2555 3194 2625 ἢ
3227 2555 3319 2607 τὸν
3350 2556 3598 2617 καθόλου,
3630 2556 3688 2607 ὃν
3720 2558 3812 2609 καὶ
3842 2557 3979 2625 ἠτό-

2392 2662 2569 2713 μωσεν
2611 2646 2667 2696 ὲν
2701 2647 2766 2714 τῇ
2800 2646 2905 2714 ἰδία
2929 2645 3248 2699 ὑποστάσει.
3276 2644 3553 2698 Δέδεικται
3578 2645 3635 2698 δὲ
3664 2639 3820 2708 οὗτος
3845 2648 3981 2714 μιΞίς

2387 2731 2526 2788 εἷναι
2559 2734 2773 2803 φύσεως
2809 2734 2943 2805 πρὸς
2973 2735 3071 2804 τὴν
3109 2733 3337 2804 ὁλότητα
3368 2734 3761 2801 σκοπούμενος.
3800 2737 3980 2787 Φανε-

2392 2826 2483 2896 ρδν
2518 2826 2625 2896 ἄρα
2651 2828 2733 2879 ὅτι
2757 2826 2783 2877 ό
2817 2826 3049 2895 Χριστὸς
3083 2827 3146 2878 ὲκ
3169 2825 3264 2878 δύο
3287 2825 3522 2894 φύσεων,
3550 2827 3643 2880 καὶ
3666 2828 3723 2878 έν
3745 2828 3838 2879 δύο
3876 2829 3984 2898 qui.

2392 2937 2530 2983 σεσι,
2566 2920 2658 2973 καὶ
2704 2918 2796 2971 δύο
2837 2918 3028 2987 φύσεις
3056 2920 3200 2987 ἔχειν
3246 2920 3374 2989 παρ’
3412 2920 3569 2989 ἡμῶν
3597 2919 3981 2989 δοξαζόμενος,

2388 3011 2611 3071 δικαίως
2644 3009 3001 3077 κηρύττεται.
3056 3010 3165 3060 Καὶ
3196 3009 3348 3060 οὐδὲν
3394 3009 3593 3062 ἄτοπον
3645 3010 3677 3079 ἢ
3731 3010 3982 3081 βλάσφη-

2400 3122 2500 3172 μον
2527 3104 2854 3172 ἀπαντήσει,
2888 3102 2994 3154 κᾶν
3022 3103 3112 3154 τὸν
3143 3102 3428 3172 ἄνθρωπον
3462 3102 3557 3154 δύο
3588 3102 3780 3169 φύσεις
3824 3103 3979 3171 ἔχειν

2390 3198 2658 3266 λέγωμεν,
2714 3195 2903 3265 ἐπειδὴ
2967 3195 3145 3248 πάντα
3196 3195 3262 3248 τὰ
3312 3193 3697 3261 συντεθειμένα
3749 3199 3811 3248 ὲκ
3863 3196 3980 3249 τῶν

2392 3288 2674 3358 προσεχῶς
2707 3286 2847 3340 αὐτὰ
2878 3286 3179 3340 συνθέντων
3238 3285 3556 3350 συγκεῖσθαι
3592 3287 3861 3353 λέγονται,
3882 3290 3981 3341 καὶ

2389 3382 2490 3434 οὐκ
2514 3379 2575 3444 ἐξ
2601 3372 2674 3432 ὧν
2707 3381 2889 3431 ἐκεῖνα
2922 3378 3282 3433 συντέθειται.
3315 3380 3509 3445 Μάτην
3541 3380 3671 3447 ἄρα,
3710 3380 3982 3444 λεγόντων

2391 3474 2547 3544 ἡμῶν
2585 3473 2675 3524 τὸν
2716 3470 2951 3539 Χριστὸν
2982 3469 3076 3520 δύο
3102 3470 3292 3537 φύσεις
3325 3471 3489 3535 ἔχειν,
3525 3470 3735 3522 καὶτὸν
3765 3470 3984 3538 ἀνθρω-

2390 3586 2491 3621 πον
2518 3568 2718 3637 ὁμοίως
2765 3566 2877 3631 δύο,
2912 3566 2971 3618 τὸ
2993 3566 3139 3636 τρεῖς
3170 3564 3289 3617 καθ’
3327 3564 3486 3634 ἡμῶν
3518 3565 3829 3632 συνάγεται.

2456 3748 2556 3813 ις’.
2586 3746 2863 3814 Μενοῦνγε
2920 3744 3021 3800 xiv
3077 3747 3106 3798 6
3161 3745 3450 3813 ἄνθρωπος
3494 3744 3586 3797 δύο
3628 3745 3842 3814 φύσεων
3881 3748 3984 3801 καὶ

2387 3842 2661 3912 διαφόρων
2712 3841 2810 3893 καὶ
2856 3839 3181 3909 ἀσυγχύτως
3236 3838 3533 3909 ὴνωμένων
3586 3841 3716 3907 μιᾶς
3760 3838 3987 3907 φύσεως

2388 3937 2744 4005 ἀποτελῆται,
2777 3935 2877 3988 οὐκ
2913 3936 3152 4004 ἐγχωρεῖ
3173 3933 3262 3984 τὸν
3313 3933 3549 4000 Χριστὸν
3580 3933 3711 4000 μιᾶς
3758 3932 3987 3999 φύσεως

2395 4028 2800 4095 ἀποτελεῖσθαι,
2856 4027 3025 4081 εἶκαὶ
3077 4026 3243 4086 αὐτὸς
3277 4025 3342 4078 ὲκ
3401 4024 3675 4093 διαφόρων
3736 4024 3982 4091 φύσεων,

2397 4119 2647 4188 θεότητός
2664 4136 2746 4181 τε,
2770 4119 2937 4188 φημὶ,
2980 4118 3071 4170 καί
3095 4115 3534 4188 ἀνθρωπότητος,
3563 4114 3891 4181 συντίθεται,
3917 4119 3987 4168 ἐκ

2394 4213 2563 4267 τῶνδε
2590 4213 2766 4280 δῆλον.
2808 4218 2877 4264 α’.
2906 4211 3021 4263 Πᾶν
3044 4210 3106 4263 τὸ
3131 4212 3195 4262 ὲκ
3223 4209 3499 4279 διαφόρων
3526 4208 3739 4276 φύσεων
3764 4209 3989 4273 συγκεί-

2400 4323 2559 4376 μενον
2592 4307 2722 4376 μιᾶς
2761 4303 2980 4372 φύσεως
3017 4301 3386 4365 ἀποτελεῖται,
3421 4300 3585 4367 ἡνίκα
3634 4300 3694 4352 τὸ
3727 4300 3989 4352 συντεθὲν

2392 4398 2502 4452 τῶν
2531 4397 2979 4466 συντεθειμένων,
3035 4394 3162 4447 οὔτε
3203 4394 3304 4457 τὰς
3336 4383 3655 4459 ὀνομασίας,
3710 4391 3833 4444 οὔτε
3872 4392 3989 4461 μὴν

2388 4492 2515 4553 τοὺς
2542 4490 2732 4556 λόγους
2767 4488 2971 4542 τούτων
3010 4487 3339 4556 ἐπιδέχεται,
3370 4480 3481 4539 οἶόν
3514 4503 3675 4554 φημι,
3709 4486 3736 4537 ό
3766 4484 3989 4554 ἀνθρωο

710 4585 945 4654 partium
988 4586 1209 4639 nomina
1253 4586 1468 4653 ,κομι-ῖς
1500 4593 1553 4637 et
1597 4584 1834 4637 rationes
1859 4599 1964 4636 non
2015 4584 2288 4653 suscipit;

2397 4601 2495 4645 πος
2542 4584 2640 4654 μία
2666 4583 2828 4651 φύσις
2858 4581 3203 4635 ἀποτελεῖται
3233 4578 3509 4642 σύνθετος,
3543 4578 3732 4647 ἐπειδὴ
3759 4577 3869 4629 τῶν
3891 4596 3994 4647 με-

711 4678 1043 4745 nequeenim
1062 4678 1316 4742 dicimus,
1336 4679 1498 4731 homo
1513 4677 1729 4746 prOprie
1747 4676 1924 4729 anima
1943 4676 2163 4739 dicitur,
2179 4677 2292 4730 sive

710 4786 928 4838 corpus,
964 4785 1139 4838 neque
1174 4771 1415 4823 rationes
1444 4784 1633 4824 eorum
1667 4769 1917 4837 suscipit,
1937 4769 2293 4823 licetdicatur

711 4864 949 4916 animam
978 4875 1031 4917 et
1055 4880 1252 4933 corpus
1296 4864 1513 4917 habere.
1548 4863 1614 4917 At
1647 4863 1900 4918 Christus
1938 4861 2078 4917 Deus
2114 4872 2294 4915 noster

707 4972 771 5009 cx
804 4956 1002 5009 deitate
1046 4966 1104 5008 et
1132 4956 1465 5010 humanitate
1493 4956 1853 5025 compositus,
1906 4965 1959 5009 et
1990 4955 2211 5007 nomina
2243 4962 2295 5007 et

712 5050 954 5103 rationes
981 5051 1216 5117 partium
1249 5047 1485 5101 admittit
1521 5065 1535 5113 ;
1567 5062 1803 5115 namque
1833 5046 1948 5115 ipse
1984 5056 2069 5099 est
2096 5055 2294 5099 natura

715 5142 856 5193 Deus
878 5152 929 5195 et
955 5141 1138 5202 homo,
1174 5141 1414 5193 rationes
1462 5156 1650 5195 eorum
1674 5138 2011 5208 suscipiens;
2048 5138 2159 5190 ﬁeri
2193 5137 2297 5190 ita-

713 5251 819 5302 que
846 5235 1052 5303 nequit,
1081 5243 1139 5287 ut
1167 5234 1279 5302 ipse
1308 5233 1471 5286 unius
1503 5245 1712 5285 naturae
1736 5231 2024 5285 elliciatur.
2056 5230 2111 5283 2.
2139 5227 2296 5294 Item,

713 5328 758 5382 υ
785 5343 885 5380 nne
930 5327 1076 5396 quod
1124 5344 1185 5379 ex
1223 5325 1456 5380 diversis
1506 5324 1714 5379 naturis
1751 5324 2096 5393 componitur
2134 5321 2297 5375 unius

717 5430 927 5474 nitnra:
973 5420 1248 5482 ellectum,
1291 5419 1437 5473 aliud
1476 5431 1561 5473 est
1599 5418 1666 5471 ab
1703 5418 1791 5481 iis,
1822 5432 1885 5471 ex
1920 5416 2118 5486 quibus
2149 5430 2297 5470 com—

719 5517 960 5585 ponitur.
994 5516 1057 5568 At
1090 5514 1338 5569 Christus
1369 5513 1558 5568 eadem
1588 5522 1670 5567 est
1696 5551 1708 5574 ,
1750 5527 1816 5564 ex
1845 5510 2044 5580 quibus
2075 5524 2299 5578 compo-

726 5610 902 5671 nitur;
926 5608 1065 5663 Deus
1096 5610 1243 5662 enim
1272 5608 1383 5677 ipse
1407 5616 1510 5670 est,
1539 5616 1593 5661 et
1625 5608 1818 5671 homo;
1852 5604 2107 5658 Christus
2135 5603 2299 5672 igitur

724 5717 830 5756 non
864 5714 945 5755 est
975 5703 1136 5756 unius
1160 5711 1369 5755 naturae
1394 5710 1513 5770 post
1540 5701 1818 5754 unionem.
1843 5700 1893 5752 5,
1914 5697 2302 5765 Cujuscunque

721 5792 863 5861 quod
897 5792 1058 5845 unius
1083 5801 1289 5844 naturae
1318 5797 1440 5860 post
1464 5790 1736 5855 unionem,
1767 5788 1881 5843 sive
1902 5803 1995 5856 per
2023 5786 2301 5841 conlusio-

727 5897 876 5949 nem,
909 5882 1023 5938 sive
1046 5899 1142 5953 per
1175 5882 1431 5939 unionem
1471 5881 1815 5938 inconl'usam
1846 5879 2096 5945 cllicitur,
2138 5878 2301 5934 simul

2399 4675 2507 4744 ρῶν
2545 4675 2644 4736 τὰς
2690 4674 2989 4742 ὀνομασίας
3042 4670 3249 4740 κυρίως
3290 4669 3387 4723 καὶ
3452 4670 3581 4731 τοὺς
3636 4668 3827 4735 λόγους
3881 4670 3993 4723 οὐκ

2395 4769 2724 4837 ἐπιδέχεται.
2777 4768 2911 4821 Οὐδὲ
2950 4766 3059 4837 γὰρ
3113 4764 3262 4817 ἐστιν
3294 4764 3491 4825 εἰπεῖν,
3523 4763 3606 4815 ὅτι
3636 4765 3662 4815 6
3692 4762 3991 4831 ἄνθρωπος

2396 4861 2600 4930 κυρίως
2623 4859 2768 4930 ψυχή
2799 4877 2856 4911 τε
2886 4858 3125 4926 λέγεται,
3156 4856 3189 4926 ἢ
3225 4856 3409 4925 σῶμα,
3433 4852 3557 4906 οὔτε
3610 4852 3715 4922 μὴν
3746 4855 3872 4914 τοὺς
3897 4853 3993 4904 λό-

2396 4970 2526 5021 γους
2546 4952 2726 5007 αύτῶν
2747 4951 3079 5020 ἐπιδέχεται,
3098 4950 3201 5003 κᾶν
3234 4949 3459 5018 λέγηται
3483 4946 3661 5016 ψυχὴν
3694 4946 3788 4999 καὶ
3818 4945 3992 5015 σῶμα

2396 5043 2559 5115 ἔχειν.
2598 5044 2656 5097 '0
2683 5044 2738 5096 δὲ
2777 5042 2840 5115 δὴ
2873 5041 3104 5113 Χριστὸς
3128 5043 3156 5092 6
3191 5040 3323 5102 θεὸς
3356 5038 3511 5108 ἡμῶν
3544 5037 3992 5105 συντεθειμένος,

2398 5139 2461 5190 ὲκ
2490 5136 2763 5205 θεότητος,
2791 5136 2955 5204 φημὶ,
2982 5134 3076 5186 καὶ
3101 5132 3200 5185 ἀνο
3212 5132 3542 5202 ρωπότητος,
3562 5129 3766 5191 καὶτὰς
3783 5129 3999 5197 όνομα-

2401 5231 2522 5293 σίας
2549 5232 2644 5282 καὶ
2672 5230 2800 5291 τοὺς
2845 5228 3039 5295 λόγους
3069 5227 3177 5279 τῶν
3219 5241 3284 5293 με
3297 5223 3403 5294 ρῶν
3435 5222 3768 5291 ἐπιδέχεται.
3805 5220 3867 5272 '0
3895 5220 4001 5272 αὐ-

2397 5323 2489 5384 τὸς
2509 5323 2619 5393 γάρ
2642 5323 2756 5375 ἐστι
2789 5320 2922 5383 Θεὸς
2944 5321 3040 5373 καὶ
3072 5318 3360 5389 ἄνθρωπος
3406 5316 3589 5385 φύσει,
3616 5315 3744 5375 τοὺς
3774 5312 3994 5378 λόγους

2400 5414 2579 5469 αὐτῶν
2612 5412 3014 5481 ἐπιδεχόμενος.
3050 5410 3165 5463 οὐκ
3198 5409 3304 5478 ἀρα
3342 5409 3470 5476 μιᾶς
3500 5405 3713 5475 φύσεως
3764 5402 3989 5472 ἐνδέχε-

2400 5525 2491 5561 ται
2521 5506 2682 5559 αὑτὸν
2715 5501 3117 5558 ἀποτελεῖσθαι.
3178 5501 3287 5553 Καὶ
3332 5499 3526 5561 ἄλλως.
3565 5495 3631 5567 β’.
3666 5497 3779 5548 [liv
3808 5495 3872 5547 τδ
3921 5498 3998 5549 ὲκ

2402 5599 2672 5669 διαφόρων
2700 5595 2916 5664 φύσεων
2949 5593 3202 5647 σύνθετον
3247 5590 3681 5659 ἀποτελούμενον
3714 5588 3848 5656 μιὶς
3881 5588 4000 5652 φύ-

2407 5711 2564 5755 σεως,
2596 5692 2782 5761 ἕτερόν
2812 5708 2862 5743 τι
2888 5688 3038 5758 παρά
3070 5687 3137 5740 τὰ
3168 5685 3225 5749 ἐξ
3251 5679 3325 5737 ὧν
3357 5682 3636 5751 συνετέθη.
3681 5681 3737 5733 ὐ
3765 5679 3820 5731 δὲ
3856 5680 4005 5749 Χρι-

2409 5786 2529 5847 στὸς
2568 5786 2634 5838 τὰ
2687 5784 2826 5837 αὐτὰ
2857 5782 3088 5850 γίνεται,
3144 5778 3203 5844 ἐξ
3234 5772 3308 5831 ὦν
3365 5774 3645 5841 συνετέθη.
3689 5771 3823 5834 Θεὸς
3880 5774 4003 5843 γάρ

2409 5881 2553 5932 ἐστιν
2582 5878 2608 5931 6
2634 5876 2792 5939 αὐτὸς
2833 5876 2926 5929 καὶ
2959 5873 3263 5942 ἅνθρωπος.
3302 5870 3360 5922 '0
3383 5868 3615 5938 Χριστὸς
3640 5864 3745 5935 ἄρα
3772 5864 3833 5917 οὐ
3863 5868 4005 5935 μιεῖς
