4194 6432
186 414 291 476 637

1033 401 1465 464 BEFUTATIO
1490 395 1868 460 EPISTOLE
1908 396 2137 456 REGIS
2172 395 2561 457 ARMENLE.

3304 396 3415 464 638

186 527 303 576 ἐστι
331 520 545 589 φύσεως
581 516 719 589 μετά
766 515 864 586 τὴν
914 516 1126 568 ἕνωσιν.
1184 520 1252 580 γ’.
1283 514 1346 566 Ei
1393 513 1500 565 πᾶν
1529 512 1589 563 τὸ
1621 511 1742 580 μιᾶς

1850 520 2032 578 partes
2060 510 2381 571 subsistunt,
2414 508 2563 563 verbi
2598 508 2794 579 gratia,
2824 507 2990 563 homo
3013 507 3179 563 unius
3204 520 3413 567 naturae

185 612 401 679 φύσεως
437 608 575 681 μιτά
600 608 698 677 τὴν
736 606 929 660 ἕνωσιν
975 604 1424 672 ἀποτελούμενον,
1458 604 1568 656 εἴτε
1625 602 1744 654 κατ’

183 703 443 771 ἀνάχυσιν
474 698 839 763 ἀποτελεῖται,
880 694 991 749 εἴτε
1019 694 1142 749 καθ’
1177 695 1372 747 ἕνωσιν
1418 695 1745 762 ἀσύγχυτον,

183 792 566 847 συνυπόστατά
591 793 695 845 είσι
720 790 790 844 τά
816 787 1005 842 τούτου
1040 789 1180 859 μέρη
1206 804 1219 819 ·
1250 785 1359 841 οἷόν
1383 802 1544 856 φημι·
1582 786 1641 839 '0
1654 787 1747 840 ἀν-

184 886 404 956 θρωπος
428 882 857 948 ἀποτελούμενος
890 883 1018 951 μιᾶς
1058 879 1293 948 φύσεως,
1344 881 1412 932 τὰ
1443 879 1583 947 μέρη
1635 879 1744 948 ἔχει

182 974 595 1027 συνυπὸστατα·
628 973 656 1024 6
684 970 738 1023 δὲ
770 970 1004 1041 Χριστὸς
1049 970 1145 1039 οὑχ
1186 968 1378 1032 οὕτως,
1412 968 1526 1021 ἀλλ’
1561 972 1588 1021 ὁ
1632 970 1745 1021 Κυ-

182 1067 371 1137 ριακὺς
396 1065 678 1134 ἄνθρωπος
710 1065 768 1117 ὲν
800 1066 865 1132 τῇ
896 1062 1188 1115 ὑποστάσει
1238 1061 1333 1116 τοῦ
1390 1061 1525 1113 Θεοῦ
1571 1061 1743 1127 Λόγου

180 1156 390 1225 ὑπέστη
440 1152 946 1225 ἑτεροῦποστάτως,
990 1153 1085 1223 οὑχ
1134 1152 1209 1215 ὡς
1264 1151 1324 1204 τὸ
1376 1151 1744 1219 συμϐεϐηκὸς,

178 1248 362 1313 ἄπαγε
388 1260 403 1273 ⁸
436 1245 504 1299 τά
527 1246 637 1316 γάρ
667 1243 1049 1313 συμϐεϐηκότα
1095 1243 1372 1313 πανταχοὺ
1407 1244 1483 1305 ὼς
1510 1244 1567 1294 tv
1608 1241 1744 1293 ὑπο-

180 1338 419 1407 κειμένῳ
452 1338 619 1400 ὲστὶν,
656 1337 687 1405 ή
717 1335 773 1387 δὲ
805 1335 869 1405 δὴ
915 1334 1267 1405 ἀνθρωπότης
1314 1337 1373 1386 ὲν
1424 1333 1599 1402 ἄλλῳ,
1635 1327 1747 1386 οἷόν

180 1449 345 1501 φημι,
379 1430 458 1499 τῷ
488 1430 698 1497 Πέτρῳ,
730 1428 762 1498 ἢ
789 1428 866 1498 τῷ
894 1428 1062 1497 Θωμᾷ
1098 1427 1477 1489 ίδιοσυστάτως
1524 1427 1747 1495 θεωρεῖ-

176 1541 288 1577 ται.
317 1523 435 1575 Οὑκ
471 1521 581 1588 ἄρα
612 1523 639 1574 6
670 1520 942 1589 Κυριακδς
970 1518 1251 1588 ἄνθρωπος
1284 1519 1341 1569 ὲν
1370 1519 1435 1587 τῇ
1474 1515 1568 1569 τοῦ
1609 1514 1744 1568 Θεοῦ

174 1613 350 1680 Λόγου
378 1609 669 1663 ὑποστάσει
698 1610 901 1678 ὑπέστη
932 1609 1007 1672 ὡς
1038 1606 1399 1677 συμϐεϐηκὸς,
1422 1608 1534 1660 ἀλλ’
1561 1608 1636 1669 ὡς
1655 1607 1747 1659 οὑ-

176 1704 270 1757 σία
303 1704 442 1772 μετά
474 1701 831 1772 προσλήψεως
878 1701 1205 1771 ἰδιωμάτων,
1248 1701 1355 1753 τῶν
1406 1699 1745 1769 χωριζόντων

172 1794 267 1846 τὸν
301 1794 536 1863 Χριστὸν
557 1794 622 1844 ὲκ
648 1792 755 1844 τῶν
783 1791 983 1844 λοιπῶν
1009 1790 1383 1852 ὑποστατικῶς
1427 1788 1739 1857 γενόμενον,

1846 603 2086 664 eﬂ‘ectus,
2120 612 2301 670 partes
2339 600 2503 657 simul
2545 599 2902 656 subsistentes
2941 598 3127 663 habet,
3163 598 3412 658 Christus

1846 711 1975 748 vero
2015 709 2121 747 non
2169 680 2318 756 item,
2354 695 2446 749 sed
2483 691 2794 748 Dominicus
2846 692 3010 749 homo
3047 691 3101 748 in
3136 692 3417 764 hypostasi

1848 784 2009 838 Verbi
2049 783 2161 850 Dei,
2194 785 2365 837 aliena
2397 783 2671 855 bypostasi
2707 782 2968 847 substitit,
3004 797 3113 838 non
3147 784 3414 853 quemad-

1850 878 2067 930 modum
2102 875 2377 939 accidcns,
2408 890 2574 945 apage
2609 892 2621 928 :
2665 872 2963 928 accidentia
2992 873 3139 928 enim
3181 872 3417 928 ubicun-

1846 986 1952 1038 que
1984 982 2238 1040 tanqnam
2265 970 2317 1022 in
2350 969 2593 1037 subjecto
2622 978 2754 1023 sunt
2782 985 2796 1036 ;
2851 968 3161 1021 humanitas
3195 982 3326 1021 vero
3362 969 3417 1021 in

1846 1062 1974 1120 alio.
2005 1062 2080 1115 uti
2124 1062 2175 1115 in
2218 1062 2395 1123 Petro,
2427 1060 2510 1112 vel
2549 1058 2757 1113 Thoma
2805 1062 3022 1130 propria
3063 1058 3418 1113 subsistentia

1847 1151 2181 1220 conspicitur
2216 1166 2363 1204 :non
2421 1149 2586 1220 igitur
2642 1148 2957 1204 Dominicus
3015 1150 3180 1204 homo
3224 1150 3278 1203 in
3326 1149 3419 1203 Dei

1855 1242 2008 1297 Verbi
2038 1244 2310 1315 hypostasi
2348 1243 2607 1307 substitit,
2637 1250 2695 1295 ut
2720 1241 2995 1298 accidens.
3026 1242 3119 1297 sed
3148 1251 3207 1296 nt
3234 1257 3422 1297 essen-

1849 1336 1919 1389 tia
1960 1351 2052 1405 per
2084 1336 2509 1403 assumptioncm
2568 1334 2961 1404 prOprietatum
2997 1373 3012 1398 ,
3052 1335 3420 1401 separantium

1849 1423 2121 1477 Christum
2181 1437 2246 1474 ex
2305 1422 2428 1474 aliis
2452 1420 2806 1489 hypostatiec,
2838 1429 2892 1474 et
2948 1434 3056 1473 non
3085 1419 3416 1488 bypostasis.

1847 1516 1900 1569 4.
1934 1516 2091 1575 Item,
2134 1513 2189 1566 Si
2224 1514 2276 1566 in
2349 1513 2620 1575 omnibus,
2661 1528 2782 1580 qua:
2826 1528 2890 1565 ex
2950 1512 3182 1565 diversis
3215 1512 3423 1566 naturis

1848 1605 2147 1659 secundum
2202 1603 2535 1673 hypostasim
2580 1602 2881 1671 composita
2924 1615 3071 1667 sunt,
3105 1618 3212 1656 non
3253 1603 3418 1657 simul

1848 1696 2287 1759 subsistentibus,
2310 1695 2402 1748 sed
2439 1694 2670 1757 diverse,
2708 1695 2812 1747 hoc
2843 1701 2947 1757 est,
2997 1695 3099 1749 alia
3145 1695 3424 1765 hypostasi

1850 1786 2039 1848 unitis,
2086 1802 2191 1838 una
2241 1784 2545 1855 hypostasis
2586 1783 2838 1847 eﬂicitur,
2888 1800 2996 1838 non
3048 1802 3156 1839 una
3206 1795 3423 1846 natura,

173 1887 269 1938 καὶ
296 1862 398 1953 οὑχ
428 1884 740 1944 ὑπόστασις.
774 1882 835 1935 δ’.
868 1883 1009 1934 Ἐτι’
1047 1882 1108 1933 ει
1158 1881 1252 1933 ἐπὶ
1277 1881 1493 1933 πάντων
1517 1880 1625 1932 τῶν
1679 1880 1742 1933 ὲκ

1845 1872 2187 1927 manifestum
2268 1880 2350 1925 est
2408 1871 2574 1925 Deum
2621 1872 2862 1927 Verbum
2916 1873 3168 1929 humana:
3219 1886 3427 1930 natura:

171 1973 449 2041 διαφόρων
478 1971 693 2037 φύσεων
725 1970 1148 2039 συντεθειμένων
1185 1970 1307 2024 καθ’
1340 1971 1638 2022 ὑπόστασιν
1667 1969 1740 2039 μὴ

173 2062 617 2128 συνυποστάτως,
662 2061 776 2115 ἀλλ’
807 2061 1031 2130 ἑτέρως,
1054 2061 1221 2129 ἥγουν
1270 2060 1742 2129 ιτεροῦποστάτως

170 2153 498 2223 ήνωμένων,
529 2152 629 2222 μία
657 2152 948 2213 ὑπόστασις
975 2151 1331 2212 ἀποτελεῖται,
1361 2150 1481 2219 οὐκὶ
1514 2151 1609 2218 μία
1638 2149 1738 2217 φύ-

172 2259 275 2306 σις,
310 2244 542 2312 φανερδν
568 2244 649 2295 ὅτι
684 2246 711 2296 6
736 2242 1052 2308 ΘεὸςΛόγος
1086 2241 1304 2305 ὲνωθεὶς
1330 2244 1394 2311 τῇ
1425 2242 1741 2311 ἀνθρωπίνῃ

169 2332 333 2400 φύσει
363 2333 439 2403 μὴ
468 2333 903 2395 πνυποστάτως,
931 2332 1045 2385 ἀλλ’
1068 2335 1126 2384 ὲν
1163 2332 1268 2401 ἰδίᾳ
1303 2332 1597 2385 ὑποστάσει
1622 2332 1745 2385 τοῦ-

170 2440 263 2477 τον
317 2424 602 2492 ὑφεστῶτα
658 2422 817 2492 ἔχων,
852 2424 913 2476 ού
947 2424 1073 2491 μιᾶς
1110 2422 1321 2492 φύσεως
1378 2422 1741 2476 ἀποτελεῖται.

172 2510 234 2567 ε’.
268 2514 391 2566 Ἔτι
412 2530 425 2543 ·
456 2514 517 2565 Εἰ
544 2515 651 2567 πᾶν
680 2514 706 2565 ὂ
737 2514 927 2576 κοινῶς
956 2515 1048 2566 καὶ
1080 2514 1139 2566 ὲν
1169 2513 1385 2575 πολλοῖς
1437 2513 1741 2581 θεωρεῖται,

172 2606 231 2657 οὑ
256 2604 368 2657 τινὶ
393 2605 493 2673 μὲν
520 2606 705 2669 πλέον,
734 2607 841 2658 τινὶ
873 2606 929 2658 δὲ
963 2606 1180 2657 ἔλαττον
1207 2606 1467 2673 ὑπάρχον,
1498 2605 1612 2656 ἀλλ’
1659 2606 1741 2671 ἑξ-

177 2692 321 2763 ίσης,
357 2697 449 2749 καὶ
474 2697 925 2767 συμπληρωτικὸν
958 2696 1253 2764 γινόμενον,
1286 2697 1369 2763 ἐφ’
1403 2690 1477 2748 ὧν
1505 2695 1739 2763 λέγεται,

172 2786 349 2850 οὑσία,
390 2786 615 2847 ἐκείνων
644 2789 781 2839 κατά
827 2786 923 2855 τὴν
969 2786 1291 2854 Ἐκκλησίαν
1342 2786 1592 2853 λέγεται’
1633 2788 1659 2838 6
1685 2786 1740 2837 δὲ

174 2878 235 2947 δὴ
261 2879 373 2940 πᾶς
406 2877 691 2947 ἄνθρωπος
719 2879 782 2930 ὲκ
805 2875 979 2947 ψυχῆς
1003 2878 1095 2928 καὶ
1137 2875 1384 2945 σώματός
1409 2877 1522 2927 ἐστι
1555 2892 1742 2927 συντε-

175 2966 446 3036 θειμένος,
487 2967 583 3019 καὶ
616 2966 675 3018 οὑ
732 2965 1033 3019 διαλλάττει
1087 2966 1372 3033 ἄνθρωπος
1428 2962 1739 3033 ἀνθρώπου,

1844 1965 2078 2028 unitum,
2132 1978 2240 2015 non
2279 1979 2401 2016 cum
2453 1963 2597 2017 illius
2643 1964 3017 2029 subsistentia,
3070 1966 3163 2019 sed
3201 1968 3424 2036 propria

1840 2055 2193 2112 Subsistentia
2243 2054 2637 2107 subsistentem
2679 2054 2843 2109 unius
2870 2063 3079 2109 natura:
3128 2072 3237 2110 non
3264 2056 3423 2112 eﬂici.

1844 2146 1897 2200 5.
1944 2144 2098 2208 item,
2133 2144 2185 2197 Si
2226 2144 2610 2213 quodcunque,
2654 2146 2796 2214 quod
2830 2147 3229 2212 communiter,
3272 2158 3325 2202 et
3372 2150 3427 2203 in

1846 2243 2031 2297 multis
2084 2243 2474 2303 consideratur.
2519 2259 2627 2296 non
2682 2242 2772 2295 uni
2816 2240 3013 2309 magis,
3054 2257 3217 2310 quam
3273 2241 3427 2294 alteri

1844 2330 2137 2392 inhaerens,
2166 2330 2257 2385 sed
2282 2346 2434 2398 aequa
2468 2330 2679 2384 ratione
2704 2330 3088 2397 cotnpletivum
3122 2345 3338 2394 eorum,
3362 2329 3430 2384 de

1844 2421 2042 2491 quibus
2084 2421 2303 2486 dicitur,
2344 2422 2583 2476 essentia
2625 2422 2939 2476 eorumdem
2983 2422 3286 2475 secundum
3322 2421 3428 2475 Ec-

1845 2513 2061 2567 clesiam
2100 2522 2185 2567 est
2210 2530 2222 2566 ε
2259 2513 2438 2567 omnis
2466 2527 2592 2567 vero
2620 2512 2785 2565 homo
2813 2528 2876 2566 ex
2903 2512 3086 2566 anima
3114 2521 3169 2566 et
3194 2528 3428 2582 corpore

1844 2604 2136 2667 conﬂatur,
2165 2620 2265 2658 nee
2292 2604 2467 2659 diﬂ'ert
2494 2605 2656 2657 homo
2696 2603 2764 2657 ab
2796 2604 3039 2665 homine,
3067 2620 3173 2673 qua
3205 2619 3431 2674 corpore

1845 2706 1899 2750 et
1934 2694 2122 2748 ‘anima
2152 2703 2387 2759 constat,
2423 2695 2721 2749 secundum
2752 2703 2959 2748 natura:
2984 2694 3202 2763 aliquod
3233 2694 3432 2749 discri-

1846 2801 1991 2849 men,
2029 2787 2121 2841 sed
2170 2786 2578 2840 consistentiam
2624 2785 2874 2840 homines
2922 2785 3181 2840 habentes
3216 2802 3429 2851 omnes,

1847 2873 1951 2925 sub
1988 2888 2093 2926 una
2136 2887 2325 2926 omnes
2369 2873 2685 2929 deﬁnitione
2739 2874 2926 2938 relati,
2972 2875 3268 2928 secundum
3324 2875 3432 2931 hoc

1849 2963 2009 3015 unius
2035 2974 2237 3017 naturae
2258 2964 2505 3018 dicentur
2529 2964 2625 3018 :de
2648 2964 2926 3035 hypostasi
2950 2980 3079 3018 vero
3095 2964 3294 3019 Christi
3320 2979 3429 3020 non

176 3057 312 3111 καθὸ
344 3058 409 3110 ὲκ
433 3058 613 3127 ψυχῆς
649 3057 741 3110 καὶ
786 3056 1037 3127 σώματος
1073 3057 1375 3123 σύγκειται,
1430 3055 1573 3109 κατά
1624 3072 1742 3108 τινα

1849 3069 2142 3123 possumus
2189 3070 2436 3109 asserere
2486 3069 2645 3108 unam
2703 3064 2997 3120 naturam;
3053 3071 3173 3108 nam
3227 3068 3433 3109 natura:

176 3147 393 3216 φύσεως
418 3147 705 3217 διαφορὰν,
729 3146 862 3201 ἀλλά
884 3147 983 3216 τὴν
1006 3146 1263 3199 σύστασιν
1301 3147 1515 3215 ἔχοντες
1545 3146 1742 3209 πάντες

174 3239 454 3307 ἄνθρωποι
480 3239 571 3308 ὑφ’
592 3239 687 3291 ἕνα
712 3240 946 3301 ἅπαντες
972 3239 1201 3308 ὁρισμὸν
1231 3238 1574 3305 ἀναγόμενοι,
1602 3237 1744 3290 κατὰ

172 3328 333 3380 τοῦτο
362 3329 491 3397 μιᾶς
543 3328 757 3396 φύσεως
792 3330 1031 3397 λέγεται·
1073 3330 1165 3381 ἐπὶ
1188 3329 1242 3382 δὲ
1272 3329 1368 3398 τῆς
1394 3328 1743 3390 ὑποστάσεως

172 3419 265 3472 τοῦ
296 3419 535 3489 Χριστοῦ
585 3421 647 3473 οὑ
678 3421 854 3488 λέγειν
890 3421 1165 3489 δυνάμεθα
1212 3420 1339 3488 μίαν
1372 3419 1532 3488 φύσιν
1558 3436 1571 3449 ·
1604 3420 1745 3471 αἵτε

171 3509 278 3577 γὰρ
310 3509 504 3578 φύσεις
539 3509 819 3574 σώζονται,
864 3510 957 3562 καὶ
998 3510 1135 3578 μετά
1163 3510 1260 3578 τὴν
1287 3507 1502 3567 ἕνωσιν,
1540 3508 1633 3561 καὶ
1662 3503 1737 3559 εἷς

170 3600 252 3662 δος
282 3601 539 3668 Χριστῶν
568 3601 668 3653 οὑκ
697 3601 843 3653 ἐστιν
864 3601 1041 3670 εὑρεῖν
1060 3619 1073 3631 ο
1104 3600 1163 3653 οὑ
1196 3600 1304 3668 γὰρ
1342 3599 1556 3661 ἐγένετο
1584 3600 1744 3662 ἄλλος

168 3690 403 3758 Χριστὸς
460 3692 526 3742 ὲκ
576 3690 828 3759 θεότητος
877 3691 968 3742 καὶ
1003 3689 1436 3759 άνθρωπότητος,
1502 3689 1630 3750 Θεός
1682 3705 1741 3739 τε

169 3782 259 3833 καὶ
286 3781 579 3853 ἅνθρωπος
619 3783 646 3832 6
679 3782 874 3843 αὑτός·
929 3781 1028 3833 οὐκ
1080 3780 1187 3850 ἄρα
1230 3779 1367 3848 μετά
1398 3781 1495 3849 τὴν
1547 3779 1741 3830 ἕνωσιν

171 3876 296 3942 μιᾶς
330 3874 549 3941 φύσεως
574 3875 601 3926 6
628 3873 860 3941 Χριστὸς
889 3872 1250 3924 ἀποτελεῖται.
1284 3869 1357 3934 ς’.
1396 3870 1541 3921 Ἔτι·
1591 3870 1651 3921 Εἰ
1679 3870 1739 3922 ού

167 3963 361 4014 ταυτόν
399 3963 515 4013 ἐστι
541 3962 597 4012 τὸ
628 3962 745 4013 κατ’
778 3958 915 4024 εἶδος
941 3961 1035 4013 τοῦ
1054 3960 1337 4030 ἀνθρώπου
1374 3959 1451 4024 ἒν,
1484 3959 1578 4012 καὶ
1614 3978 1741 4012 x11:-

166 4053 355 4104 ουσίαν
390 4051 575 4120 ψυχῆς
601 4052 692 4103 καὶ
731 4051 981 4120 σώματος
1016 4050 1074 4102 έν
1102 4066 1115 4078 ⁸
1147 4048 1209 4102 τὸ
1257 4048 1356 4119 μὲν
1383 4049 1490 4119 γὰρ
1524 4050 1641 4101 κατ’
1664 4043 1741 4101 εἷ-

166 4148 250 4208 δος
280 4145 379 4199 τοῦ
414 4143 702 4213 ἀνθρώπου
754 4144 835 4207 ἓν,
867 4144 965 4213 τὴν
995 4144 1053 4196 ὲν
1095 4144 1229 4196 πᾶσι
1277 4144 1390 4205 τοῖς
1435 4141 1741 4211 ἀνθρώποις

166 4234 578 4306 ἀπαραλλαξίαν
630 4232 982 4297 ἐνδείκνυται,
1026 4232 1088 4285 τὸ
1118 4232 1173 4286 δὲ
1202 4231 1321 4286 κατ’
1353 4232 1539 4283 οὐσίαν
1565 4229 1741 4299 ψυχῆς

166 4329 258 4381 καὶ
292 4325 544 4394 σώματος
575 4324 655 4391 ἓν,
708 4325 841 4393 ante.
864 4324 922 4377 τὸ
950 4320 1088 4377 εἶναι
1119 4324 1279 4376 αὑτὸν
1301 4321 1623 4392 λυμαίνεται
1660 4324 1739 4385 είς

166 4416 509 4485 ἀνυπαρξίαν
540 4415 699 4469 αὑτὸν
724 4414 960 4483 παντελῆ
982 4416 1113 4481 ἄγον
1130 4430 1142 4443 ·
1163 4413 1223 4466 ού
1253 4413 1359 4483 γὰρ
1384 4413 1575 4467 ταυτὸν
1602 4431 1671 4467 κα
1682 4413 1742 4467 id

167 4509 257 4561 τὸν
288 4511 392 4578 τῆς
413 4505 600 4568 οὐσίας
627 4505 803 4573 λόγον,
854 4505 914 4557 τὸ
964 4504 1123 4573 σῶμα
1151 4503 1243 4574 τῷ·
1278 4504 1553 4574 ἀσωμάτῳ
1576 4520 1591 4535 ο
1645 4508 1744 4555 οὐ(

170 4601 387 4669 ἀνάγκη
421 4600 599 4650 τοίνυν
626 4598 717 4649 ἐπὶ
746 4597 839 4650 τοῦ
890 4596 1172 4667 ἀνθρώπου
1215 4596 1342 4665 μίαν
1374 4596 1536 4665 φύσιν
1562 4596 1741 4665 λέγον-

169 4704 284 4752 τας,
326 4690 390 4741 ού
414 4687 503 4740 διά
530 4687 591 4739 τὸ
618 4687 808 4741 ταυτὸν
856 4688 952 4754 τῆς
989 4686 1277 4749 ούσιώδους
1328 4685 1615 4755 ποιότητος
1639 4687 1741 4755 tiu-

167 4781 263 4847 χῆς
291 4795 353 4831 τε
385 4778 482 4830 καὶ
512 4775 780 4844 σώματος,
822 4775 955 4828 ἀλλὰ
986 4775 1073 4829 διὰ
1105 4779 1165 4828 τὺ
1194 4776 1613 4845 ἀπαράλλακτον
1634 4777 1741 4830 τῶν

168 4870 269 4922 ὑπὸ
295 4870 357 4922 τὸ
386 4864 524 4931 εἶδος
561 4868 909 4937 ἀναγομένων
935 4867 1169 4936 ἀτόμων,
1199 4867 1328 4936 μίαν
1360 4867 1453 4921 καὶ
1487 4870 1579 4921 ἐπὶ
1610 4870 1741 4938 Χρι-

168 4961 290 5014 στοῦ
319 4961 503 5027 λέγειν
553 4958 734 5026 φύσιν,
768 4957 896 5010 ἔνθα
944 4952 1081 5020 εἶδος
1113 4958 1456 5028 περιεκτικὸν
1498 4961 1736 5014 ὑποστά-

168 5071 303 5116 σεως
341 5054 442 5105 οὑκ
496 5051 660 5103 ἐστιν.
702 5048 767 5114 ζ’.
798 5052 937 5103 Ἐτι’
971 5051 1032 5104 El
1084 5051 1257 5105 πάντα
1308 5053 1376 5104 τὰ
1425 5054 1739 5123 παραδόξως

168 5143 257 5193 καὶ
282 5139 582 5210 ὑπερφυῶς
612 5139 871 5209 γινόμενα
900 5140 960 5193 οὑ
1014 5141 1173 5209 φύσιν
1212 5141 1464 5194 ἀποτελεῖ
1489 5159 1501 5170 ο
1535 5144 1595 5195 οὑ
1630 5144 1736 5213 γάρ

168 5249 345 5301 φαμεν
377 5232 539 5301 βάτου
566 5230 727 5299 φύσιν
751 5232 1184 5301 προσομιλοῦσαν
1214 5236 1368 5303 πυρὶ,
1404 5234 1497 5287 καὶ
1531 5235 1605 5306 μὴ
1638 5254 1735 5289 κα-

164 5321 596 5391 ταφλεγομένην,
629 5321 750 5374 οὑδὲ
780 5321 939 5389 φύσιν
965 5322 1211 5392 σώματος
1253 5324 1588 5391 ἀνθρωπείου
1617 5328 1736 5397 δρο-

170 5412 459 5481 σιζομένην
501 5414 559 5464 ὲν
612 5413 767 5481 πυρὶ,
813 5411 945 5464 ἀλλά
993 5412 1269 5480 παράδοξα
1312 5415 1486 5467 ταῦτά
1556 5433 1732 5484 φαμεν

174 5503 298 5573 περὶ
335 5503 466 5570 μίαν
505 5502 800 5555 ὑπόστασιν
851 5505 1148 5575 γενόμενα·
1184 5507 1212 5558 6
1260 5504 1316 5557 δὲ
1374 5506 1503 5569 Θελς
1565 5507 1733 5572 Λόγος

169 5594 454 5664 ὑπερφυῶς
478 5592 664 5664 ἡνὼθη
699 5597 764 5665 τῇ
797 5595 1113 5669 ἀνθρωπίνῃ
1142 5596 1329 5664 φύσει’
1361 5596 1449 5649 διά
1468 5614 1545 5649 τοι
1579 5596 1733 5649 τοῦτο

172 5686 261 5737 καί⁵
286 5688 344 5738 ὲν
376 5687 475 5756 μιᾷ
508 5686 802 5739 ὑποστάσει
829 5685 922 5738 καὶ
951 5686 1011 5738 τὸ
1059 5684 1504 5754 ἀποτελούμενον,
1540 5687 1598 5738 οὐ
1631 5686 1732 5753 g6-

173 5790 251 5838 σις
278 5776 622 5833 ἀτωτελεῖται
671 5775 940 5842 σύνθετος,
969 5777 1082 5831 ἀλλ’
1123 5777 1433 5841 ὑπόστασις.
1484 5784 1549 5849 η’.
1589 5779 1731 5831 Ἐτ;’

1846 3145 2008 3199 etiam
2052 3154 2174 3212 post
2212 3146 2467 3198 unionem
2511 3156 2938 3211 conservantur,
2994 3163 3091 3202 nec
3138 3163 3433 3217 possumus

1847 3232 2189 3287 Cltristorum
2259 3235 2493 3301 Speciem
2554 3234 2845 3287 invenire:
2910 3251 3085 3305 neque
3142 3235 3285 3290 enim
3334 3234 3435 3290 fuit

1847 3323 1989 3376 alius
2014 3322 2262 3376 Christus
2281 3339 2343 3374 ex
2365 3322 2583 3384 deitate,
2612 3334 2665 3375 et
2692 3324 3051 3384 humanitate,
3084 3323 3228 3377 Deus
3287 3323 3430 3377 idem

1846 3420 1900 3465 ct
1941 3412 2147 3467 homo:
2181 3427 2287 3464 non
2334 3412 2496 3480 igitur
2543 3422 2661 3478 post
2716 3411 2971 3465 unionem
3020 3411 3184 3464 unius
3226 3420 3437 3465 natura:

1847 3502 2098 3558 Christus
2136 3502 2383 3557 eﬂicitnr.
2416 3501 2469 3555 6.
2502 3500 2654 3563 Item,
2701 3500 2755 3555 Si
2804 3518 2910 3555 non
2947 3502 3090 3556 idem
3123 3512 3227 3565 est,
3265 3515 3434 3554 unum

1847 3596 2085 3651 hominis
2138 3596 2443 3650 secundum
2490 3596 2750 3665 speciem,
2810 3604 2862 3649 ct
2915 3610 3082 3649 unum
3128 3594 3429 3648 secundum

1843 3690 2136 3744 essentiam
2171 3688 2417 3755 corporis
2473 3700 2525 3741 et
2566 3689 2761 3741 anima:
2794 3703 2807 3752 ;
2855 3702 3089 3756 namque
3128 3702 3297 3740 unum
3331 3687 3434 3739 ho—

1846 3779 2009 3833 minis
2053 3778 2353 3833 secundum
2404 3778 2639 3847 speciem
2697 3778 2749 3831 in
2810 3777 3067 3831 omnibus
3124 3777 3437 3830 hominibus

1845 3871 2215 3941 aequalitatem
2255 3878 2439 3923 servat
2472 3885 2484 3921 :
2527 3878 2580 3921 at
2616 3869 2917 3922 secundum
2945 3867 3236 3921 essentiam
3263 3881 3432 3918 unum

1845 3963 2087 4033 corporis
2135 3971 2187 4016 et
2231 3962 2448 4025 animae,
2494 3961 2669 4024 ipsum
2718 3974 2839 4013 esse
2890 3959 3205 4013 eorumdem
3256 3958 3435 4022 laedit,

1846 4054 2069 4121 penitus
2104 4053 2169 4108 ad
2201 4068 2306 4107 non
2361 4066 2479 4109 esse
2528 4052 2798 4105 deducens
2828 4067 2841 4103 :
2871 4065 3046 4118 neque
3101 4050 3246 4103 enim
3294 4048 3435 4102 idem

1844 4156 1927 4201 est
1964 4146 2261 4201 secundum
2300 4145 2549 4199 essentiae
2585 4144 2847 4198 rationem
2880 4159 3079 4211 corpus
3107 4182 3121 4204 ,
3164 4151 3215 4195 et
3256 4142 3437 4194 ineor-

1843 4252 2067 4307 poreum
2114 4252 2259 4291 :non
2318 4244 2401 4290 est
2463 4236 2626 4305 igitur
2682 4250 2907 4289 necesse
2953 4249 3051 4288 nos
3102 4234 3157 4285 in
3214 4234 3436 4286 homine

1845 4345 2008 4383 unam
2064 4338 2312 4382 naturain
2356 4337 2665 4382 asserentes
2717 4342 2824 4379 non
2876 4334 3097 4394 propter
3147 4324 3289 4377 idem
3342 4339 3433 4376 es-

1846 4422 2089 4477 sentialis
2121 4421 2401 4489 qualitatis
2436 4418 2634 4473 animae
2689 4428 2741 4471 ct
2772 4416 3040 4485 corporis,
3082 4414 3174 4469 sed
3214 4421 3436 4482 propter

1843 4512 2334 4567 imtnutabilitatem
2416 4507 2853 4570 individuorum,
2920 4520 3039 4574 qua:
3120 4502 3223 4558 sub
3308 4516 3432 4569 spe-

1844 4606 1923 4661 cie
2006 4613 2133 4659 sunt
2218 4619 2378 4655 unam
2442 4603 2494 4654 in
2562 4600 2778 4653 Christo
2825 4608 3072 4651 naturam
3126 4593 3433 4659 afﬁrmare,

1846 4697 1943 4751 ubi
2031 4695 2238 4764 species
2328 4690 2661 4762 hypostasim
2760 4688 2904 4741 nulla
2987 4683 3425 4752 comprehendit.

1848 4788 1904 4841 7.
1990 4786 2153 4847 Item,
2230 4785 2273 4838 si
2374 4782 2600 4845 omnia,
2688 4795 2809 4849 qua:
2895 4776 3286 4831 admirabiliter
3376 4781 3435 4827 et

1841 4893 2004 4947 supra
2046 4887 2292 4929 naturam
2324 4874 2485 4934 linnt,
2527 4880 2777 4924 naturam
2813 4884 2918 4922 non
2950 4868 3223 4930 eiiiciunt;
3257 4878 3434 4933 neque

1838 4968 1983 5021 enim
2015 4965 2245 5021 dicimus
2295 4963 2412 5015 rnhi
2457 4971 2707 5014 naturam
2733 5001 2746 5021 ,
2787 4957 2896 5027 igni
2944 4963 3426 5023 consuescentem,

1838 5058 2071 5112 ﬂammis
2120 5071 2223 5108 non
2300 5054 2478 5115 exuri,
2517 5066 2693 5120 neque
2739 5059 2991 5103 naturam
3043 5046 3288 5114 corporis
3326 5045 3432 5096 hu-

1839 5151 1985 5204 mani
2011 5151 2065 5204 in
2104 5149 2223 5217 igne
2248 5145 2505 5209 irrorari,
2568 5143 2661 5199 sed
2712 5141 3052 5195 admirabilia
3116 5139 3236 5192 haec
3282 5138 3429 5191 circa

1837 5257 2000 5295 unam
2051 5238 2381 5309 hypostasim
2433 5239 2603 5301 liunt;
2653 5244 2708 5287 at
2756 5236 2892 5287 Dens
2961 5230 3197 5285 Verbum
3265 5242 3430 5295 super

1836 5341 2085 5387 naturam
2128 5332 2377 5384 humana:
2409 5339 2617 5382 natura:
2660 5325 2844 5379 nnitus
2898 5331 3000 5388 est,
3032 5328 3429 5390 pr0ptereaque

1839 5424 1984 5493 quod
2027 5422 2079 5476 in
2121 5438 2223 5475 una
2259 5419 2535 5491 hypostasi
2572 5416 2819 5478 eﬂieitur,
2878 5415 2983 5468 non
3034 5420 3228 5465 natura
3275 5422 3427 5459 com-

1837 5514 2014 5583 posita
2040 5511 2119 5575 lit,
2138 5511 2226 5564 sed
2242 5509 2566 5580 hypostasis.
2590 5507 2641 5561 8.
2665 5508 2819 5569 Item,
2845 5503 2995 5556 Nulla
3028 5498 3302 5558 natura.si
3321 5512 3426 5550 una

1836 5610 1941 5664 est,
1964 5598 2268 5655 contrarias
2288 5596 2605 5651 essentiales
2634 5590 2970 5647 differentias
2992 5586 3258 5648 admittit;
3288 5599 3425 5652 quo-

1843 5688 2005 5743 modo
2029 5687 2171 5739 enim
2206 5684 2320 5738 fieri
2344 5690 2524 5754 potest
2565 5690 2625 5736 ut
2658 5680 2843 5733 eadem
2873 5686 3066 5730 natura
3122 5672 3422 5728 secundum

1843 5779 1984 5835 idem
2014 5779 2080 5835 sit
2108 5784 2286 5831 creata
2317 5784 2371 5830 et
2410 5774 2669 5839 incrcata,
2717 5767 2960 5824 mortalis
2991 5776 3045 5822 et
3066 5761 3420 5822 immortalis.
