4194 6432
719 417 824 482 63⁸3

1982 412 2276 472 ΝΙΟΕΤᾸΞ
2317 410 2727 469 ΒΥΖΑΝΤΙΝῘ

3878 406 3982 469 θείθ

721 520 1229 594 comprehensibilis
1249 519 1914 590 etincomprehensibilis?
1933 521 2022 574 sed
2050 521 2298 575 Christus

2411 520 2463 570 EE
2489 518 2711 588 οὐδεμία
2740 517 2900 583 φύσις
2933 518 3027 586 μία
3059 517 3211 577 οὖσα,
3269 517 3376 567 τῶν
3416 517 3671 569 ἐναντίων
3708 518 3982 579 οὑσιωδῶν

720 617 773 669 id
798 616 960 670 habet
979 635 991 669 :
1010 615 1260 672 Christus
1281 614 1619 683 igiturunius
1644 623 1850 668 naturas
1867 623 1965 676 est,
1992 614 2114 668 licet
2137 614 2294 667 homo

724 723 887 762 unius
917 716 1121 760 naturaI
1139 707 1227 760 sit.
1249 705 1304 759 9.
1320 704 1474 767 Item,
1493 705 1548 757 Si
1575 703 1736 758 unius
1766 714 1972 758 natura!
1991 704 2292 757 secundum

723 814 820 852 vos
845 797 1093 852 Christus
1126 805 1248 865 post
1269 797 1521 851 unionem
1538 796 1871 858 est,omnino
1894 794 2182 849 dicendum
2216 804 2297 848 est

725 891 866 944 hanc
899 905 1059 942 unam
1097 899 1344 943 naturam
1375 902 1493 941 esse
1526 896 1620 940 aut
1657 887 1895 941 divinam
1932 887 2295 949 solummodo,

723 990 818 1034 aut
857 981 1150 1034 humanam
1197 990 1429 1044 tantum,
1489 988 1583 1033 aut
1620 981 1856 1034 divinam
1900 987 1954 1032 et
2005 979 2296 1032 humanam

724 1073 913 1136 simul,
944 1083 1037 1126 aut
1072 1087 1246 1141 neque
1276 1073 1541 1134 divinam.
1570 1089 1746 1142 neque
1784 1073 2097 1137 humanam,
2129 1073 2222 1126 sed
2253 1073 2300 1126 si

724 1173 810 1216 est
841 1179 946 1216 una
978 1165 1091 1217 haec
1129 1172 1347 1226 natura,
1381 1173 1589 1218 tantum
1625 1163 1827 1226 divina,
1856 1162 2109 1218 Christus
2136 1163 2301 1234 igitur

725 1253 868 1307 lleus
908 1252 1034 1316 erit,
1063 1262 1116 1306 et
1156 1268 1264 1308 non
1301 1253 1511 1305 homo:
1557 1253 1600 1305 si
1650 1261 1732 1304 est
1777 1268 1882 1305 una
1936 1252 2051 1320 ipsa
2105 1261 2299 1306 natura

723 1343 909 1397 divina
967 1353 1021 1398 et
1075 1344 1312 1397 lmmana
1363 1343 1560 1406 simul,
1634 1359 1810 1414 neque
1873 1343 2082 1408 Patris,
2127 1359 2301 1414 neque

726 1435 962 1502 Spiritus
1036 1435 1232 1498 saneti,
1283 1450 1456 1504 neque
1503 1436 1783 1488 hominum
1842 1447 2033 1490 natura
2080 1447 2198 1498 est,
2248 1445 2301 1489 et

726 1523 981 1594 utrinque
1026 1525 1377 1596 blasphemia:
1423 1526 1649 1593 crimen,
1678 1529 1770 1597 qui
1812 1528 1883 1580 ita
1933 1529 2092 1582 sentit
2117 1528 2300 1580 incur-

727 1625 826 1680 ret,
868 1627 921 1671 et
964 1617 1182 1671 robusta
1236 1617 1302 1672 de
1347 1628 1525 1672 mente
1563 1621 1739 1674 cadet.
1799 1619 1854 1674 Si
1893 1634 2020 1673 vero
2065 1627 2148 1673 est
2192 1634 2299 1672 una

726 1707 840 1758 luec
881 1717 1074 1760 natura
1115 1721 1290 1775 neque
1319 1708 1525 1774 divina,
1562 1722 1737 1778 neque
1761 1710 2023 1777 humana,
2049 1710 2301 1764 Christus

724 1797 891 1860 igitur
952 1813 1128 1868 neque
1177 1797 1318 1854 Deus
1369 1812 1472 1865 est,
1516 1816 1691 1871 neque
1740 1802 1937 1868 homo;
1972 1819 2299 1873 quocunque

2401 609 2674 680 διαφορῶν
2701 609 2928 679 δεκτικὴ
2955 609 3196 677 γίνεται·
3228 609 3343 671 πῶς
3368 610 3475 678 γάρ
3503 609 3727 661 δυνατὸν
3758 612 3856 678 τὴν
3887 610 3984 661 αὑ-

2403 702 2498 771 τὴν
2527 701 2688 770 φύσιν
2729 704 2869 754 κατά
2899 701 3088 754 ταυτδν
3119 701 3342 771 κτιστὴν
3392 695 3530 752 εἶναι
3583 702 3676 754 καὶ
3704 701 3979 761 ἀκτιστον,

2403 792 2602 863 θνητὴν
2627 794 2720 846 καὶ
2754 793 3040 856 ἀθάνατον,
3066 793 3421 864 καταληπτὴν
3442 792 3536 846 καὶ
3564 793 3979 861 ἀκατάληπτονς

2407 884 2434 935 6
2481 884 2538 936 δὲ
2571 888 2804 956 Χριστὸς
2856 885 3011 939 τοῦτο
3045 886 3190 957 ἔχει·
3223 889 3251 939 6
3281 887 3515 954 Χριστὸς
3554 885 3661 958 ἄρα
3709 888 3837 954 μιᾶς
3876 885 3980 953 φύ-

2407 969 2549 1039 σεως
2597 978 2697 1031 οὑκ
2741 978 2908 1042 ἔστιν,
2947 979 2995 1030 εί
3046 980 3140 1031 καὶ
3194 981 3222 1031 6
3266 977 3550 1048 ἄνθρωπος
3591 978 3720 1047 μιᾶς
3767 977 3985 1044 φύσεώς

2406 1068 2573 1122 ἐστιν.
2604 1067 2669 1121 θ’.
2707 1067 2849 1121 Ἔτι·
2890 1068 2950 1120 Εἰ
2989 1069 3116 1137 μιᾶς
3139 1068 3353 1136 φύσεως
3387 1067 3511 1120 καθ’
3533 1069 3676 1136 ὑμᾶς
3703 1070 3730 1120 ὁ
3750 1067 3985 1136 Χριστὸς

2409 1154 2546 1225 μετά
2580 1153 2678 1222 τὴν
2702 1155 2897 1209 ἕνωσίν
2935 1159 3102 1219 ἐστιν,
3155 1157 3374 1220 πάντως
3423 1155 3612 1224 ἕψεται
3647 1155 3853 1226 ταὺτην
3884 1156 3984 1226 τὴν

2411 1244 2538 1314 μίαν
2564 1247 2735 1297 εἰπεῖν
2767 1245 2951 1313 φύσιν,
2981 1247 3014 1316 ἢ
3047 1245 3196 1299 θείαν
3231 1247 3410 1316 μόνον,
3447 1246 3480 1316 ἢ
3517 1247 3862 1318 ἀνθρωπίνην
3887 1251 3987 1316 μό-

2407 1356 2515 1400 νον,
2570 1339 2605 1410 ἢ
2653 1339 2801 1393 θείαν
2849 1341 2944 1393 καὶ
2995 1340 3343 1411 ἀνθρωπίνην
3381 1341 3520 1411 ἀμα,
3565 1343 3598 1415 ἦ
3645 1344 3782 1413 μήτε
3810 1343 3984 1408 θείαν,

2409 1433 2544 1500 μήτε
2577 1431 2944 1501 ἀνθρωπίνην.
3006 1434 3146 1485 Ἀλλ’
3187 1436 3234 1487 εἰ
3269 1433 3368 1503 μέν
3410 1435 3559 1487 ἐστιν
3602 1436 3636 1505 ἠ
3685 1435 3782 1504 μία
3822 1435 3988 1502 φύσις

2406 1520 2542 1591 αὕτη
2577 1523 2696 1576 θεία
2732 1525 2910 1594 μόνον,
2944 1527 2972 1577 6
2997 1526 3230 1594 Χριστὸς
3260 1525 3368 1596 ἀρα
3393 1525 3523 1588 Θεὸς
3553 1516 3726 1588 ἔσται,
3760 1527 3854 1579 καὶ⁵
3884 1528 3987 1578 οἰκ

2405 1612 2705 1684 ἄνθρωπος.
2742 1617 2804 1668 ΕΞ
2832 1616 2889 1671 δέ
2919 1617 3064 1670 ἐστιν
3092 1618 3123 1686 ὴ
3159 1617 3257 1684 μία
3291 1618 3449 1686 φύσις
3481 1616 3619 1687 αῦτη
3662 1619 3781 1670 θεία
3808 1635 3864 1670 τε
3891 1619 3989 1670 καὶ

2405 1704 2720 1775 ἀνθρωπίνη
2764 1707 2901 1775 ἅμα,
2951 1707 3075 1760 οὔτε
3128 1707 3220 1760 τοῦ
3265 1709 3480 1778 Πατρὸς
3525 1706 3646 1761 οὔτε
3690 1709 3783 1762 τοῦ
3829 1709 3989 1775 ἁγίου

2409 1795 2739 1865 Πνεῦματός,
2768 1795 2891 1850 οὔτε
2922 1796 3026 1869 μὴν
3057 1797 3165 1850 τῶν
3199 1797 3500 1868 ἀνθρώπιον
3528 1799 3631 1870 ἄρα
3653 1799 3814 1867 φύσις
3845 1800 3985 1865 ἐστὶ,

726 1888 887 1958 igitur
915 1900 1190 1944 vertamus
1229 1891 1553 1954 orationem,
1593 1908 1852 1961 cogemur
1921 1893 2075 1946 fateri
2143 1894 2303 1947 Chri-

2411 1885 2500 1937 καὶ
2531 1885 2918 1955 ἀμφοτέρωθεν
2945 1885 3291 1955 βλασφημίας
3316 1887 3568 1957 ἔγκλημα
3593 1889 3669 1958 τῷ
3685 1890 3833 1942 τουτὶ.
3856 1908 3892 1958 φ
3900 1908 3991 1961 ρο-

727 1988 872 2033 smm
909 1996 1072 2034 unam
1105 1992 1306 2036 sanetze
1336 1981 1616 2036 Trinitatis
1648 1985 1980 2054 hypostasim
2011 2001 2132 2040 esse
2165 1987 2304 2042 duas

727 2078 953 2124 naturas
993 2070 1305 2135 habentem,
1340 2073 1577 2127 divinam
1621 2075 1827 2129 scilicet
1880 2085 1931 2129 et
1985 2077 2302 2143 humanam,

728 2157 958 2227 ideoque
991 2157 1044 2210 in
1074 2159 1249 2226 ipsum
1282 2159 1402 2212 du:e
1425 2161 1661 2215 rationes
1685 2176 2006 2226 convenere,
2029 2165 2214 2218 eodem
2239 2165 2306 2219 de

726 2258 784 2302 se
803 2257 1076 2302 asserente
1111 2267 1124 2302 :
1159 2249 1322 2313 Quem
1345 2268 1422 2303 me
1469 2254 1646 2305 dicunt
1671 2271 1779 2306 csse
1823 2253 2020 2306 Filium
2041 2257 2308 2310 hominis?

727 2348 780 2395 et
819 2339 980 2395 Petro
1032 2342 1392 2410 respondente
1429 2361 1442 2398 :
1473 2343 1550 2397 Tu
1579 2362 1631 2400 es
1679 2345 1921 2402 Christus
1988 2347 2032 2400 F
2037 2349 2157 2402 ilius
2213 2350 2306 2403 Dei

729 2431 851 2484 vivi.
904 2431 991 2486 lO.
1029 2432 1187 2495 item,
1224 2433 1281 2487 Si
1325 2437 1490 2492 unius
1525 2448 1607 2491 est
1641 2449 1851 2493 natura:
1891 2441 2141 2496 Christus
2187 2451 2306 2509 post

730 2524 1006 2587 unionem,
1053 2542 1273 2580 necesse
1322 2539 1405 2582 εει
1457 2541 1732 2595 naturam,
1793 2533 2091 2586 secundum
2141 2550 2301 2602 quam

727 2615 982 2669 Christus
1034 2628 1115 2670 est
1163 2620 1326 2673 unius
1366 2629 1600 2684 natura),
1645 2631 1738 2674 aut
1776 2638 2118 2676 communem
2161 2641 2302 2686 esse,

729 2709 823 2754 aut
865 2702 1235 2771 singularem;
1268 2708 1312 2759 si
1363 2723 1708 2763 communem
1746 2727 1865 2766 esse
1903 2715 2303 2778 concesseritis,

725 2793 834 2857 jam
861 2793 971 2857 ipsa
1002 2793 1068 2847 de
1102 2796 1347 2862 pluribus
1372 2797 1604 2861 dicetur,
1637 2801 1728 2853 sed
1775 2802 1910 2856 alios
1943 2803 2190 2858 Chrisms
2224 2821 2306 2857 re-

732 2882 933 2950 perire,
958 2895 1050 2939 aut
1091 2885 1277 2953 fuisse,
1311 2889 1378 2942 de
1411 2890 1608 2958 quibus
1635 2891 1748 2946 hzee
1778 2895 2085 2947 communis
2115 2907 2306 2952 natura

730 2975 1133 3041 prcedicabitur,
1168 2979 1280 3032 ﬁeri
1313 2981 1536 3035 omnino
1563 2984 1768 3052 nequit.
1802 2985 1858 3038 Si
1881 2986 2172 3055 singularis
2201 2998 2302 3053 est,

730 3065 871 3119 idem
904 3068 1009 3121 erit
1039 3084 1162 3123 eum
1202 3071 1478 3141 hypostasi
1511 3092 1523 3128 :
1561 3085 1615 3128 et
1645 3076 1689 3130 si
1722 3076 1772 3130 id
1801 3086 1904 3142 est,
1941 3093 2164 3133 necesse
2189 3094 2306 3133 om-

731 3157 859 3212 nino
891 3157 1052 3213 fuerit
1099 3163 1398 3216 secundum
1433 3180 1550 3230 vos,
1605 3165 1820 3221 Patrem
1849 3208 1862 3232 ,
1904 3179 1956 3222 et
1987 3168 2182 3222 Filium
2206 3209 2220 3234 ,
2252 3177 2306 3224 et

733 3249 997 3318 Spiritum
1035 3264 1283 3308 sanctum
1335 3266 1441 3310 Ires
1487 3259 1790 3327 peculiares
1830 3263 2102 3314 numerari
2150 3271 2307 3315 natu-

731 3357 841 3406 ras,
872 3351 926 3396 et
972 3353 1083 3399 tres
1125 3346 1256 3405 deos
1309 3346 1437 3412 dici,
1465 3357 1518 3403 et
1562 3358 1671 3403 tres
1716 3349 1964 3416 deitates,
1999 3355 2142 3420 quod
2195 3354 2311 3407 bla-

731 3433 1013 3502 sphemias
1049 3449 1239 3490 onmes
1270 3449 1560 3508 exsuperat
1588 3458 1599 3491 :
1627 3441 1734 3494 imo
1763 3451 1816 3495 et
1851 3445 2016 3499 totius
2039 3445 2311 3500 Christia-

731 3522 893 3577 nismi
923 3523 1156 3593 eiuratio
1188 3538 1288 3590 cst,
1325 3544 1500 3598 neque
1537 3532 1682 3584 enim
1714 3549 2006 3602 possumus
2033 3536 2213 3590 dicere
2256 3537 2308 3590 in

730 3610 1052 3664 universum
1103 3623 1354 3667 naturam
1404 3616 1767 3686 hyposlasim,
1823 3629 1918 3674 aut
1971 3622 2306 3692 hypostasim

729 3711 1025 3769 naturam,
1073 3720 1140 3757 ne
1170 3721 1360 3761 omnes
1401 3707 1697 3763 Christiani
1745 3725 1990 3766 asserere
2048 3722 2311 3783 cogantur

730 3787 971 3854 Patrem.
1007 3803 1059 3847 et
1105 3793 1326 3859 Filium,
1355 3805 1410 3852 et
1439 3796 1701 3864 Spiritum
1737 3810 1987 3855 sanctum
2019 3813 2125 3858 tres
2155 3814 2312 3857 natu-

731 3897 842 3948 ras,
883 3885 1028 3953 quod
1073 3897 1155 3940 est
1189 3897 1299 3943 tres
1339 3889 1692 3959 hypostases;
1741 3894 1858 3948 sive
1885 3910 2047 3949 unam
2087 3899 2308 3953 eosdem

730 3973 931 4028 habere
969 3978 1335 4046 hypostasim,
1364 3996 1426 4034 ea
1466 3982 1708 4046 ratione,
1744 4000 1850 4052 qua
1898 4002 2060 4041 unam
2111 3989 2310 4046 habent

733 4077 1004 4130 naturam,
1037 4084 1158 4136 qua».
1188 4071 1348 4125 ambo
1379 4087 1407 4125 a
1448 4072 1550 4128 (ide
1574 4072 1886 4130 Christiana
1932 4079 2108 4133 aliena
2157 4091 2307 4135 sunt.

733 4154 819 4208 ll.
854 4156 1002 4222 item,
1037 4156 1092 4212 Si
1124 4159 1286 4214 unius
1317 4147 1528 4217 natura:
1568 4163 1864 4229 hominem,
1903 4167 2154 4239 illiusque
2184 4188 2309 4241 par-

733 4257 814 4299 tes
838 4250 1021 4314 simul,
1056 4267 1179 4321 quae
1212 4252 1364 4322 prius
1408 4271 1516 4309 non
1570 4267 1745 4323 erant,
1772 4260 2025 4327 produxit
2063 4261 2128 4318 ad
2163 4280 2312 4318 com-

733 4337 1063 4406 plementum
1102 4343 1364 4409 universi,
1399 4346 1622 4416 lierique
1666 4359 1866 4419 potest,
1896 4362 1954 4408 ut
2001 4370 2124 4424 qua:
2163 4359 2310 4427 ejus-

732 4430 851 4480 dum
881 4441 1007 4486 sunt
1081 4437 1338 4504 temporis
1399 4454 1563 4493 unam
1623 4453 1871 4498 naturam
1948 4452 2306 4515 compositam

2411 1974 2588 2028 νοῦντι
2631 1976 3117 2047 προστριὸήσεται,
3165 1981 3391 2048 καὶτῆς
3429 1980 3749 2051 ἐρρωμένης
3792 1983 3991 2050 φρενὸς

2411 2067 2752 2138 ὲκστήσεται.
2784 2069 2846 2120 El
2877 2066 2932 2120 δέ
2963 2069 3110 2121 ἐστιν
3142 2069 3174 2138 ἠ
3207 2069 3301 2140 μία
3331 2070 3489 2138 φύσις
3529 2071 3667 2141 αὕτη
3697 2071 3818 2124 οὔτε
3846 2072 3989 2136 θεία,

2410 2157 2530 2210 οὔτε
2577 2159 2912 2230 ἀνθρωπίνη,
2967 2161 3254 2232 ὁΧριστδς
3309 2163 3418 2232 ἄρα
3475 2161 3596 2217 οὔτε
3635 2165 3767 2227 Θεός
3816 2168 3989 2228 ἐστιν,

2411 2248 2532 2302 οὗτε
2559 2250 2862 2320 ἄνθρωπος.
2896 2252 3068 2304 Ὅπου
3096 2254 3384 2323 τοιγαροῦν
3418 2256 3545 2318 τοὺς
3604 2256 3795 2324 λόγους
3827 2276 3992 2326 περι-

2414 2340 2735 2410 στρέψομεν,
2766 2343 2846 2404 εἰς
2879 2341 2937 2395 τὸ
2963 2342 3142 2410 λέγειν
3179 2343 3525 2414 ἀπαγόμεθα,
3561 2347 3643 2399 ὅτι
3691 2347 3720 2397 6
3754 2348 3991 2417 Χριστὸς

2416 2431 2512 2497 μία
2547 2431 2841 2494 ὑπόστασις
2878 2431 2979 2498 τῆς
3015 2432 3175 2499 ἁγίας
3205 2434 3435 2501 Τριάδος
3473 2436 3626 2498 ἐστὶ,
3657 2436 3750 2489 δύο
3799 2437 3994 2506 φύσεις

2413 2523 2569 2589 ἓΑων,
2625 2523 2785 2589 φύσιν
2819 2540 2877 2576 τε
2911 2523 3082 2588 θείαν,
3121 2526 3214 2576 καὶ
3259 2524 3422 2593 φύσιν
3463 2526 3833 2596 ἀνθρωπίνην.
3883 2530 3996 2582 Καὶ

2412 2613 2600 2665 τούτου
2632 2613 2788 2684 χάριν
2823 2615 2910 2666 ἐπ’
2940 2615 3087 2685 αὐτῴ
3122 2615 3380 2685 συνῆλθον
3408 2617 3708 2687 ἀμφότεροι
3755 2621 3804 2670 oi
3841 2619 3995 2686 λόγοι

2415 2704 2576 2756 αὖτοῦ
2603 2721 2661 2757 τε
2696 2707 2823 2774 περὶ
2859 2707 3054 2758 ἑαυτοῦ
3093 2707 3396 2777 εἰρηκότος,
3429 2709 3566 2762 Τίνα
3589 2726 3666 2776 με
3697 2711 3997 2778 λέγουσιν

2413 2791 2562 2848 εἶναι
2597 2797 2700 2849 τὸν
2756 2797 2892 2850 flor
2931 2793 3037 2852 τοῦ
3092 2799 3452 2866 ἀνθρώπου;
3503 2801 3598 2853 καὶ
3653 2802 3747 2854 τοῦ
3783 2803 3995 2872 Πέτμυ

2415 2889 2871 2957 ἀποκριναμένου,
2899 2889 2980 2945 Σὺ
3007 2886 3061 2943 εἴ
3089 2894 3120 2944 ό
3154 2886 3432 2958 Χριστὸς,
3476 2895 3509 2947 ό
3549 2894 3681 2959 Υἱὸς
3706 2893 3810 2947 τοῦ
3844 2897 3994 2949 Θεοῦ

2413 2979 2516 3032 τοῦ
2544 2979 2777 3046 ζῶντος.
2819 2979 2870 3035 ι’.
2909 2983 3048 3034 Ἔτι·
3084 2983 3143 3034 Ei
3181 2985 3310 3051 μιᾶς
3359 2983 3574 3050 φύσεώς
3618 2987 3764 3038 ἐστιν
3796 2988 3824 3038 6
3856 2989 3996 3055 Χρι-

2415 3070 2538 3133 στὸς
2593 3071 2729 3139 μετά
2778 3071 2875 3140 τὴν
2909 3071 3132 3134 ἕνωσιν,
3165 3073 3381 3141 ἀνάγκη
3411 3073 3505 3143 τὴν
3538 3074 3720 3140 φύσιν,
3779 3076 3903 3128 καθ’
3929 3078 3996 3145 ἦν

2414 3160 2561 3213 ἐστιν
2589 3163 2616 3213 ὁ
2644 3161 2873 3230 Χριστὸς
2906 3163 3035 3232 μιᾶς
3058 3163 3293 3232 φύσεως,
3325 3163 3358 3232 ἢ
3417 3163 3600 3234 κοινὴν
3633 3160 3792 3227 εἶναι,
3831 3167 3865 3236 ἧ
3894 3167 3996 3218 ’ἰδι-

2415 3251 2536 3317 κήν.
2565 3249 2674 3303 Καὶ
2706 3251 2754 3301 εί
2789 3252 2886 3320 μὲν
2939 3252 3122 3321 κοινὴν
3167 3251 3413 3316 είπόντες
3467 3253 3668 3321 δοίητε,
3705 3256 3997 3322 συμϐαίνει

2414 3341 2584 3412 αὐτὴν
2614 3341 2750 3394 κατά
2798 3341 3057 3395 πλειόνων
3107 3342 3388 3412 φέρεσθαι.
3438 3344 3632 3413 Εὑρεῖν
3689 3344 3745 3396 δὲ
3801 3345 3997 3408 ἄλλους

2414 3432 2700 3500 Χριστοὺς,
2737 3431 3072 3502 ἢγενέσθαι,
3109 3433 3230 3485 καθ’
3265 3426 3339 3485 ὧν
3378 3432 3516 3502 αὕτη
3551 3435 3582 3503 ή
3638 3438 3791 3502 κοινὴ
3831 3436 3998 3502 φύσις

2415 3521 2943 3591 κατηγορηθήσεται,
2993 3515 3103 3574 τῶν
3132 3523 3413 3575 ἀδυνάτων
3457 3523 3625 3577 ἐστίν.
3660 3514 3722 3577 Et
3756 3525 3812 3578 δὲ
3850 3526 3998 3595 ἰδική

2413 3615 2551 3679 ἐστι,
2582 3613 2777 3666 ταυτὸν
2806 3613 2957 3666 ἔσται
2989 3616 3052 3684 τῇ
3074 3616 3388 3668 ὑποστάσει.
3420 3617 3478 3668 Εἰ
3508 3615 3563 3668 δὲ
3580 3615 3757 3681 τοῦτο,
3777 3617 3998 3688 ἀνάγκη

2414 3705 2561 3756 πᾶσα
2592 3705 2711 3757 καθ’
2745 3705 2910 3773 ὑμᾶς,
2953 3704 3045 3757 τὸν
3075 3706 3313 3775 Πατέρα,
3349 3706 3443 3758 καὶ
3496 3707 3586 3758 τὸν
3617 3705 3767 3772 Υίδν,
3805 3709 3904 3760 καὶ
3941 3709 4002 3760 τὸ

2416 3794 2636 3864 Πνεῦμα
2663 3795 2723 3847 τὸ
2752 3795 2926 3862 ἆγιον,
2959 3798 3106 3864 τρεῖς
3143 3795 3376 3864 μερικάς
3408 3794 3752 3865 ἀριθμεῖπθαι
3783 3796 4000 3864 φύσείςι

2415 3886 2508 3937 καὶ
2539 3887 2685 3955 τρεῖς
2717 3885 3088 3956 ὁμολογεῖσθαι
3115 3886 3294 3949 θεοὺς,
3332 3888 3428 3938 καὶ
3473 3889 3620 3955 τρεῖς
3658 3886 3944 3956 θεότητας,
3973 3889 4004 3941 ὃ

2415 3978 2478 4046 δὴ
2509 3976 2865 4046 βλασφημιῶν
2887 3979 3033 4029 ἐστιν
3061 3976 3287 4029 ἀπασῶν
3318 3977 3617 4046 ἀκροτάτη,
3646 3978 3844 4046 μᾶλλον
3901 3980 4004 4031 καὶ

2415 4068 2506 4121 τοῦ
2542 4068 2967 4138 Χριστιανισμοῦ
3007 4069 3208 4130 παντὸς
3236 4069 3486 4138 ἄρνησις.
3515 4069 3589 4121 Οὑ
3613 4068 3719 4136 γὰρ
3748 4069 3900 4120 ἐστιν
3925 4073 4004 4121 εξ-

2415 4161 2536 4211 πεῖν
2571 4157 2797 4211 καθόλου
2831 4157 3107 4228 τὴνφύσιν
3140 4159 3458 4222 ὑπόστασιν,
3500 4159 3533 4227 ἢ
3569 4157 3667 4227 τὴν
3694 4159 4004 4211 ὑπόστασιν

2415 4251 2597 4319 φύσιν,
2627 4230 2716 4303 ίνα
2745 4251 2819 4320 μὴ
2843 4251 2976 4303 πᾶσι
3002 4252 3114 4312 τοῖς
3155 4251 3504 4320 Χριστιανοῖς
3538 4250 3878 4318 συμϐήσεται
3907 4251 4005 4301 λέ-

2416 4360 2532 4411 γε-ιν
2557 4341 2648 4394 τὸν
2682 4341 2922 4410 Πατέρα,
2971 4342 3066 4394 καὶ
3100 4341 3191 4393 τὸν
3222 4341 3381 4403 Υίὺν,
3427 4341 3522 4393 καὶ
3561 4341 3622 4393 τὺ
3663 4339 3891 4408 Πνεῦμα
3938 4343 4007 4394 τὸ

2415 4433 2568 4502 ἅγιον
2600 4435 2746 4505 τρεῖς
2773 4432 2984 4500 φύσεις,
3033 4432 3172 4502 ὅπερ
3223 4433 3338 4484 ἐστὶ
3373 4433 3520 4502 τρεῖς
3554 4431 3904 4493 ὑποστάσεις,
3967 4434 4003 4503 ἢ

732 4521 996 4588 emciant,
1059 4526 1165 4580 tale
1223 4527 1497 4583 decretum
1566 4542 1619 4586 et
1675 4534 1844 4604 legem
1922 4542 2224 4596 naturalem
2275 4558 2303 4597 a

2417 4527 2547 4592 μίαν
2577 4524 2772 4586 αὐτοὺς
2805 4522 2949 4592 ἔχειν
2973 4523 3290 4585 ὑπόστασιν,
3320 4523 3377 4575 ὃν
3420 4523 3624 4593 τρόπον
3659 4525 3786 4592 μίαν
3814 4523 4006 4592 ἔχουσι

731 4605 990 4668 Creatore
1020 4617 1358 4686 accipientis,
1396 4630 1451 4673 ut
1479 4635 1541 4675 ex
1586 4624 1698 4693 lege
1746 4637 1957 4682 natura:
2007 4632 2203 4686 similia
2243 4649 2307 4686 ex

733 4706 1002 4762 similibus
1042 4711 1344 4764 secundum
1396 4716 1798 4771 successionem
1849 4733 2226 4788 procreentur,
2256 4725 2309 4778 in

736 4797 966 4853 Domino
1037 4817 1166 4854 vero
1212 4803 1488 4858 unitarum
1538 4816 1886 4875 naturarum,
1923 4812 2036 4866 haec
2089 4815 2308 4882 quidem

733 4889 852 4941 sine
899 4890 1167 4959 principio
1230 4902 1312 4947 est
1359 4902 1412 4948 et
1455 4905 1582 4950 ante
1642 4913 1804 4952 omne
1855 4910 2097 4972 tempus,
2141 4905 2310 4960 altera

732 4976 1058 5046 principium
1106 4980 1284 5044 habet,
1343 4990 1396 5034 ct
1445 4983 1547 5035 sub
1581 4991 1823 5053 tempore
1858 4997 1969 5052 cst;
2015 5003 2187 5056 neque
2232 4990 2311 5044 fa-

732 5078 832 5122 cta!
870 5081 998 5124 sunt
1025 5071 1236 5140 species
1290 5073 1358 5127 ad
1397 5076 1848 5142 complementum
1886 5081 2158 5147 universi,
2188 5100 2309 5137 cum

733 5162 1028 5216 cessaverit
1069 5161 1213 5217 Deus
1247 5166 1314 5217 ab
1335 5166 1591 5234 operibus
1625 5169 1739 5222 suis
1788 5171 1875 5223 die
1919 5175 2181 5240 septimo;
2215 5190 2311 5228 ne-

733 5268 840 5319 que
897 5255 1216 5307 naturaliter
1261 5255 1590 5322 ﬂoruerunt,
1632 5268 1722 5312 aut
1766 5271 1972 5314 natura:
2026 5261 2125 5332 legi
2185 5265 2313 5317 sub-

735 5340 962 5407 duntur,
997 5354 1054 5397 ut
1079 5359 1108 5398 a
1138 5344 1357 5400 Christo
1408 5357 1756 5416 generentur,
1787 5361 1842 5404 et
1893 5355 2128 5420 Speciem
2178 5369 2311 5409 eon-

734 5435 963 5489 stituant
1001 5434 1368 5506 Christorum,
1407 5441 1700 5495 multarum
1744 5444 2108 5512 hypostaseon
2148 5462 2311 5514 capa-

733 5542 875 5590 cem,
911 5531 1002 5583 sed
1039 5546 1202 5584 unam
1243 5533 1574 5602 hypostasim
1606 5534 1964 5604 compositam
1999 5551 2064 5588 ex
2101 5536 2310 5590 duabus

741 5619 974 5684 naturis,
1037 5633 1088 5677 et
1137 5623 1190 5676 in
1241 5624 1453 5680 duabus
1511 5627 1742 5690 naturis,
1795 5637 1848 5681 et
1901 5629 2037 5680 duas
2088 5637 2313 5682 naturas

740 5711 1047 5779 habentem,
1081 5730 1407 5786 quacunque
1455 5727 1647 5771 natura
1698 5729 1816 5787 post
1849 5719 2103 5772 unionem
2128 5760 2142 5782 ,
2183 5733 2314 5787 pro-

737 5804 909 5871 priam
942 5805 1333 5878 definitionem,
1373 5820 1424 5864 et
1464 5810 1656 5881 legem,
1687 5821 1740 5866 ct
1781 5821 2023 5865 mutuam
2054 5810 2305 5866 differen-

2414 4615 2608 4683 φύσινο
2644 4614 2932 4684 ἀμφότερα
2970 4613 3026 4665 δὲ
3083 4612 3182 4681 τῆς
3217 4612 3325 4664 τῶν
3378 4613 3722 4681 Χριστιανῶν
3756 4613 4006 4676 πίστεως

2412 4707 2684 4776 ἀλλότρια.
2720 4704 2808 4759 ια’.
2844 4704 2988 4758 Ἔτι·
3029 4706 3088 4757 Εἰ
3147 4706 3275 4773 μιᾶς
3309 4703 3524 4771 φύσεως
3571 4705 3661 4756 τὸν
3705 4705 4007 4774 ἄνθρωπον

2411 4799 2538 4851 ὄντα
2554 4799 2622 4850 τὰ
2657 4797 2796 4867 μέρη
2829 4797 2943 4866 ἅμα
2971 4797 3034 4847 ὲκ
3060 4795 3155 4847 τοῦ
3193 4795 3268 4865 μὴ
3299 4795 3451 4858 ὄντος
3474 4797 3554 4858 είς
3585 4795 3646 4846 τὸ
3678 4790 3814 4848 εἶναι
3849 4813 4008 4865 παρ-

2411 4888 2636 4956 αγαγὼν
2688 4888 2886 4958 ἔσχηκε
2923 4887 3057 4956 πρὸς
3091 4887 3485 4956 συμπλήρωσιν
3517 4887 3610 4939 τοῦ
3650 4886 3873 4950 παντὸς,
3903 4890 4008 4941 καὶ

2411 4979 2634 5032 δυνατὸν
2659 4978 2727 5031 τά
2753 4977 3031 5047 ὁμόχρονα
3057 4976 3186 5046 μίαν
3215 4974 3378 5044 φύσιν
3401 4976 3682 5029 ἀποτελεῖν
3717 4976 4006 5042 σύνθετον,

2411 5072 2651 5126 τοιοῦτον
2675 5072 2799 5142 ὅρον
2829 5071 2923 5124 καὶ
2945 5069 3173 5138 φυσικὸν
3189 5069 3353 5139 νόμον
3377 5072 3526 5138 παρά
3543 5069 3634 5122 τοῦ
3647 5071 4008 5141 Δημιουργοῦ

2413 5166 2700 5235 δεχόμενα,
2759 5163 2899 5215 ὥστε
2929 5162 3144 5230 φύσεως
3195 5161 3344 5231 νόμῳ
3379 5163 3519 5214 κατά
3551 5161 3804 5230 διαδοχὴν
3829 5161 4009 5230 ὃμοια.

2415 5255 2474 5318 ἐξ
2493 5254 2692 5324 ὁμοίων
2721 5252 2970 5321 γενέσθαι
2995 5270 3008 5284 ·
3042 5254 3132 5304 ἐπὶ
3163 5251 3219 5303 δὲ
3252 5251 3344 5303 τοῦ
3374 5251 3579 5320 Κυρίου
3635 5252 3746 5303 τῶν
3776 5253 4012 5307 ὲνωθει-

2415 5347 2524 5398 σῶν
2547 5345 2760 5413 φύσεων
2813 5346 2846 5413 ἠ
2899 5344 2996 5414 μὲν
3045 5344 3276 5413 ἄναρχός
3307 5345 3421 5395 ἐστι
3461 5345 3552 5394 καὶ
3587 5342 3836 5412 ἄχρονος,
3871 5346 3904 5414 ή
3945 5347 4014 5400 δὲ

2413 5437 2663 5509 ἠργμένη
2692 5438 2786 5490 καὶ
2813 5437 2916 5489 ὑπὸ
2939 5435 3150 5505 χρόνον,
3171 5437 3262 5487 καὶ
3291 5435 3352 5487 οὑ
3379 5434 3668 5503 γεγόνασιν
3690 5429 3830 5497 εἶδος
3861 5440 4014 5506 πρὸς

2416 5530 2808 5599 συμπλήρωσιν
2877 5527 2971 5580 τοῦ
3026 5526 3265 5589 παντός·
3303 5528 3426 5579 ἐπεὶ
3473 5525 3536 5578 οὑ
3590 5527 3947 5580 κατέπαυσεν
3982 5533 4015 5582 ὁ

2414 5621 2547 5685 Θεὸς
2596 5621 2704 5674 ἀπὸ
2736 5621 2845 5674 τῶν
2897 5619 3073 5689 ἔργων
3123 5617 3290 5672 αὑτοῦ
3332 5620 3396 5688 τῇ
3435 5616 3614 5688 ἡμέρᾳ
3646 5619 3711 5687 τῇ
3768 5618 4013 5690 ἐϐδόμῃ,

2414 5714 2538 5768 οὕτε
2566 5713 2808 5782 φυσικῶς
2839 5712 3100 5783 ἡνθησαν,
3130 5711 3168 5781 ἦ
3191 5710 3294 5763 ὑπὸ
3320 5709 3536 5779 φύσεως
3571 5710 3696 5780 ὅρον
3724 5709 4010 5773 τελοῦσιν,

2417 5805 2555 5859 ὥστε
2586 5803 2699 5858 ἀπὸ
2726 5803 2959 5873 Χριστοῦ
2989 5802 3300 5872 γεννᾶσθαι,
3324 5803 3416 5856 καὶ
3447 5797 3584 5864 εἶδος
3616 5800 4011 5856 ἀποτελεῖσθαι
