4194 6432
183 388 285 449 641

1052 387 1481 449 REFUTATIO
1520 386 1903 448 EPISTOLXE
1932 389 2160 449 REGIS
2201 392 2590 451 ARMENL’E.

3320 396 3424 460 642

182 504 474 575 Χριστῶν,
528 504 877 574 περιεκτικδν
929 501 1140 557 πολλῶν
1182 503 1575 569 ὑποστάσεων,
1629 501 1767 557 ἀλλά

1876 503 1999 557 tiam
2058 513 2440 560 conservante.
2497 506 2587 559 19..
2640 507 2797 574 Item,
2859 508 2916 564 Si
2967 509 3198 565 diversae
3254 514 3452 583 speciei

185 599 315 667 μίαν
343 597 645 649 ὑπόστασιν
676 594 950 659 σύνθετον,
975 596 1040 649 ἐκ
1068 594 1163 649 δύο
1192 596 1430 664 φύσεων,
1464 597 1559 649 καὶ
1588 598 1646 648 ὲν
1671 595 1763 647 δύο

181 689 433 755 φύσεσιν,
472 687 688 740 καὶδύο
720 686 910 751 φύσεις
959 686 1209 758 ἔχουσαν,
1252 688 1487 757 ἑκάστης
1544 686 1763 754 φύσεως

182 780 276 833 καὶ
305 781 446 848 μετά
495 778 593 847 τὴν
624 778 817 831 ἕνωσιν
868 778 1246 848 φυλαττούσης
1291 779 1381 831 τὸν
1412 781 1613 832 οίκεῖον
1642 780 1765 848 ὅρον

180 886 238 920 τε
309 869 407 921 καὶ
476 867 664 938 νόμον,
730 870 823 920 καὶ
889 868 989 939 τὴν
1056 868 1191 937 πρὸς
1240 868 1443 939 ἄλληλα
1477 868 1763 938 διαφοράν.

186 961 269 1028 ιβ’.
314 961 458 1014 Ἐτι’
488 962 550 1013 EE
579 963 635 1014 αί
664 961 982 1031 ὲτεροειδείς
1022 963 1347 1026 ὑποστάσεις
1381 964 1479 1033 οὑχ
1537 963 1767 1017 ὑποστα-

182 1053 310 1120 τικῇ
372 1050 756 1121 συγκρίνονται
814 1051 847 1120 ἢ
900 1051 1265 1124 διακρίνονται
1311 1054 1578 1124 διαφορᾷ,
1631 1054 1768 1108 ἀλλὰ

183 1147 415 1214 φυσικῇ,
476 1144 571 1196 καὶ
623 1144 679 1195 αἱ
748 1145 1012 1213 ὁμοειδεῖς
1072 1145 1399 1208 ὑποστάσεις
1453 1146 1514 1198 ού
1562 1149 1765 1217 φυσικῇ

184 1236 571 1307 συγκρίνονται
600 1235 633 1306 ἦ
668 1235 1057 1306 διακρίνονται,
1114 1238 1229 1290 ἀλλ’
1281 1238 1643 1309 ὑποστατικῇ,
1676 1240 1769 1290 καὶ

182 1328 371 1395 ὥσπερ
398 1326 660 1380 ἀδύνατον
689 1327 756 1379 τὰ
789 1330 1124 1399 ὑποστατικῇ
1178 1329 1412 1401 διαφορᾷ
1447 1330 1770 1401 διαφέροντα

186 1420 316 1485 μιᾶς
347 1414 489 1471 εἶναι
535 1419 905 1483 ὑποστάσεως,
942 1419 1113 1484 οὑτως
1170 1421 1433 1475 ἀδύνατον
1463 1422 1530 1474 τὰ
1560 1423 1765 1492 φυσικῇ

180 1514 417 1582 διαφορᾷ
444 1512 769 1581 διαφέροντα
807 1514 937 1581 μιᾶς
986 1508 1125 1565 εἶναι
1178 1513 1394 1581 φύσεως
1426 1530 1441 1545 ο
1500 1517 1602 1566 οὑκ
1658 1515 1768 1581 ἄρα

182 1603 333 1657 ἐστιν
362 1604 543 1655 εἰπεῖν
569 1603 699 1671 μίαν
730 1603 887 1671 φύσιν
910 1604 1004 1655 ἐπὶ
1034 1602 1127 1655 τοῦ
1158 1604 1361 1674 Κυρίου
1396 1604 1555 1673 ἡμῶν
1594 1606 1768 1675 Ἰησοῦ

180 1691 447 1763 Χριστοῦ,
507 1694 622 1746 ἀλλ’
657 1695 720 1747 ὲκ
748 1694 841 1747 δύο
880 1693 1096 1761 φύσεων
1128 1695 1368 1760 τελείων,
1400 1687 1549 1759 θείεις
1578 1714 1635 1749 τε
1676 1697 1771 1751 καὶ

180 1783 551 1855 ἀνθρωπίνης,
583 1784 909 1855 γεγενῆσθαι
941 1785 1041 1856 τὴν
1065 1786 1185 1839 καθ’
1213 1787 1512 1841 ὑπόστασιν
1573 1789 1770 1842 ἕνωσιν

1867 594 2188 663 hypostases
2250 611 2357 650 non
2451 598 2790 668 hypostatica
2857 612 3244 672 comparantur
3284 643 3299 670 ,
3362 614 3456 660 aut

1865 685 2217 752 diSparantur
2274 687 2602 755 differentia,
2647 691 2739 744 sed
2782 695 3037 759 naturali,
3094 704 3149 750 et
3198 695 3443 766 ejusdem

1866 776 2064 847 speciei
2100 778 2421 847 hypostases
2460 796 2567 836 non
2620 783 2854 836 naturali
2895 795 3313 853 comparantur,
3363 796 3459 843 aut

1865 867 2217 936 disparantur
2249 868 2586 938 diﬂ‘erentia,
2623 873 2718 927 sed
2755 873 3112 944 hypostatica,
3170 886 3224 929 et
3257 893 3449 946 quem-

1876 959 2169 1014 admodum
2238 959 2353 1014 iieri
2410 962 2619 1031 nequit,
2646 973 2707 1017 ut
2760 978 2883 1032 quae
2926 965 3265 1036 hypostatica
3305 946 3458 1021 dill‘e=

1869 1052 2042 1104 rentia
2087 1050 2561 1115 discriminantur,
2610 1052 2777 1107 unius
2818 1056 2934 1116 sint
2982 1056 3295 1125 hypostasis
3322 1095 3336 1119 ,
3383 1058 3459 1110 ita

1870 1140 1986 1193 ﬁeri
2018 1141 2227 1210 nequit,
2257 1150 2316 1194 ut
2337 1158 2457 1210 qua:
2478 1142 2759 1197 essentiali
2785 1142 3093 1198 differentia
3124 1146 3462 1211 dividuntur,

1878 1234 2041 1289 unius
2094 1235 2205 1289 sint
2252 1245 2462 1289 naturae
2506 1251 2654 1290 :non
2704 1251 2999 1306 possumus
3050 1237 3235 1307 itaque
3278 1239 3464 1294 dicere

1874 1343 2040 1382 unam
2092 1336 2345 1383 naturam
2395 1328 2461 1382 de
2515 1329 2741 1385 Domino
2784 1340 2977 1385 nostro
3022 1330 3149 1387 Jesu
3206 1333 3455 1397 Christo,

1872 1423 1966 1476 sed
1986 1437 2046 1475 ex
2082 1420 2297 1475 duabus
2333 1422 2543 1475 naturis
2589 1422 2868 1492 perfectis,
2900 1424 3086 1478 divina
3117 1435 3170 1479 et
3201 1425 3463 1491 humana,

1875 1513 2075 1568 factam
2113 1512 2286 1567 fuisse
2332 1516 2587 1567 unionem
2630 1516 2928 1569 secundum
2971 1516 3306 1587 hypostasim
3357 1520 3461 1573 im-

1874 1606 2234 1669 mutabiliter,
2255 1617 2311 1661 et
2343 1606 2533 1661 incouf
2536 1622 2651 1671 use,
2676 1617 2730 1661 ct
2753 1607 3008 1673 indivise,
3040 1619 3095 1663 et
3122 1612 3467 1666 continenter

1875 1696 1930 1749 in
1967 1690 2431 1749 duabus'naturis
2465 1695 2701 1763 perfecte
2746 1694 3069 1751 habentibus
3094 1712 3256 1752 unam
3290 1699 3465 1770 hypo-

1875 1787 2064 1841 stasim
2095 1787 2455 1856 compositam
2496 1786 2617 1841 Filii
2654 1785 2767 1852 Dei,
2803 1796 2859 1843 et
2884 1788 3178 1852 incarnati,
3209 1792 3465 1846 eamdem

178 1854 491 1945 ἀτρὲπῖως,
545 1878 637 1929 καὶ
690 1854 1033 1947 ἀσυγχύτως,
1085 1878 1179 1931 καὶ
1239 1879 1638 1944 ἀναλλοιὼτως,
1671 1883 1768 1934 καὶ

1876 1854 2583 1946 Ιηνροςιειείιη-ιιεδοιθιιιεε
2660 1876 2885 1934 deitatis
2954 1889 3009 1934 et
3083 1880 3465 1947 humanitatis,

178 1968 525 2037 ἀδιαιρέτως,
564 1969 657 2019 καὶ
685 1968 1040 2031 ἀδιαστάτως,
1069 1970 1127 2021 ὲν
1162 1971 1285 2025 δυσὶ
1317 1971 1513 2039 φύσεσι
1545 1973 1768 2036 τελείως

179 2059 433 2129 ἐχούσαις
484 2059 614 2128 μίαν
655 2061 954 2113 ὑπόστασιν
1011 2061 1264 2116 σύνθετον
1312 2064 1769 2117 ἀποτελεσθεῖσαν

178 2153 575 2224 ὁμολογοῦντες
598 2154 691 2206 τοῦ
718 2154 847 2207 Υίοῦ
877 2156 971 2207 τοῦ
1000 2154 1155 2220 Θεοῦ,
1184 2156 1279 2209 καὶ
1323 2159 1767 2227 σεσαρκωμένου,

178 2245 275 2315 τὴν
306 2245 480 2315 αὑτὴν
506 2244 804 2297 ὑπόστασιν
858 2246 1109 2315 λέγοντες
1141 2249 1240 2317 τῆς
1271 2248 1519 2320 θεότητος
1554 2253 1646 2303 καὶ
1670 2253 1770 2319 τῆς

181 2341 604 2410 ἀνθρωπότητος
635 2339 822 2401 αὑτοῦ,
875 2341 975 2405 τὰς
1008 2342 1105 2394 δύο
1136 2341 1331 2409 φύσεις
1376 2345 1771 2413 ὁμολογοῦντες

183 2431 454 2496 σώζεσθαι
486 2434 544 2484 ἐν
573 2432 721 2501 αὐτῷ
779 2433 916 2502 μετά
944 2434 1044 2502 τὴν
1099 2434 1291 2487 ἕνωσιν
1311 2475 1326 2499 ,
1383 2437 1485 2489 οὑκ
1542 2437 1647 2507 ἰδίᾳ
1678 2439 1772 2489 καὶ

180 2524 282 2575 ἀνὰ
314 2523 485 2592 μέρος
514 2522 752 2586 τιθέντες
775 2525 1031 2594 ἑκάστην,
1052 2526 1165 2577 ἀλλ’
1189 2529 1474 2597 ήνωμένας
1504 2528 1768 2599 ἀλλήλαις

181 2617 237 2665 ἐν
289 2618 358 2683 τῇ
415 2616 517 2685 μιᾷ
576 2615 816 2685 συνθέτῳ
860 2618 1187 2682 ὑποστάσει,
1237 2619 1470 2691 ούσιώδη
1518 2622 1770 2690 λέγοντες

181 2707 413 2770 ἕνωσιν,
452 2706 686 2775 οὑσιώδη
721 2707 797 2768 δὲ,
840 2708 936 2779 οὑχ
991 2709 1066 2772 ὡς
1104 2710 1213 2763 τῶν
1246 2710 1339 2765 δύο
1375 2714 1589 2775 φύσεων
1637 2718 1771 2770 ἁπο-

181 2796 511 2856 τελεσασῶν,
547 2797 675 2865 μίαν
709 2797 959 2851 σύνθετον
994 2799 1176 2868 φύσιν,
1200 2802 1357 2855 τοῦτο
1376 2805 1481 2874 γὰρ
1507 2805 1770 2860 δέδεικται

184 2890 404 2951 παντως
465 2889 746 2953 ἀδύνατον,
800 2891 916 2945 ἀλλ’
980 2894 1285 2946 ὲνωθεισῶν
1318 2896 1578 2965 ἀλλήλαις
1633 2904 1771 2952 κατά

182 2978 441 3045 ἀλήθειαν
486 2982 566 3040 εἰς
608 2979 736 3047 μίαν
783 2980 1036 3032 σύνθετον
1066 2982 1364 3035 ὑπόστασιν
1391 2982 1483 3035 τοῦ
1519 2984 1645 3036 Υξοῦ
1675 2985 1769 3038 τοῦ

183 3071 317 3124 Θεοῦ
344 3088 356 3100 ·
397 3072 493 3124 καὶ
526 3072 789 3135 σώζεσθαι
842 3074 1020 3127 αὑτῶν
1066 3076 1166 3146 τὴν
1211 3076 1446 3146 οὑσιώδη
1503 3078 1771 3151 διαφορὰν

1874 1968 2046 2037 ipsius
2070 1968 2205 2022 duas
2231 1977 2456 2023 naturas
2481 1970 2802 2025 confitentes
2830 1970 2883 2023 in
2906 1987 2972 2026 eo
2994 1974 3308 2029 conservari
3336 1983 3465 2045 post

1871 2061 2153 2118 unionem,
2172 2076 2279 2112 non
2303 2071 2637 2129 separatam,
2664 2070 2717 2115 et
2739 2062 2968 2116 divisam
2992 2079 3460 2135 unamquamque.

1872 2154 1965 2207 sed
2020 2154 2161 2205 iutcr
2192 2167 2313 2207 sese
2344 2153 2526 2207 unitas
2575 2155 2626 2206 in
2669 2170 2776 2208 una
2816 2156 3119 2225 cimposita
3168 2158 3469 2228 hypostasi,

1870 2244 2208 2299 essentialem
2228 2244 2555 2300 aﬂirmautes
2604 2247 2883 2313 unionem,
2910 2246 3255 2303 essentialem
3286 2260 3469 2307 autem

1873 2352 1979 2391 non
2035 2346 2291 2403 tanquam
2350 2336 2567 2390 duabus
2636 2338 2847 2393 naturis
2898 2338 3257 2396 eﬂicientibus
3302 2357 3470 2397 unam

1871 2428 2227 2495 compositam
2297 2434 2549 2481 naturam
2602 2445 2616 2481 :
2668 2429 2774 2483 hoc
2821 2429 2966 2484 enim
3042 2445 3269 2500 prorsus
3343 2436 3460 2491 lieri

1873 2520 2079 2588 nequit,
2143 2527 2197 2572 ut
2268 2520 2785 2586 demonstravimus,
2852 2522 2946 2577 sed
3008 2525 3179 2581 unitis
3237 2526 3472 2584 invicem

1873 2611 2172 2663 secundum
2226 2592 2511 2664 veritatem
2566 2611 2618 2664 in
2672 2626 2780 2665 una
2833 2614 3138 2682 composita
3189 2616 3471 2686 byposmsi

1873 2700 1994 2754 Filii
2035 2701 2152 2762 Dei,
2184 2715 2485 2769 earumque
2514 2704 2865 2757 cssentialem
2916 2704 3279 2762 differentiam
3322 2726 3472 2765 con-

1877 2793 2086 2847 Servari
2128 2793 2473 2848 decernimus
2507 2812 2518 2848 :
2553 2805 2796 2850 creatum
2837 2797 2982 2851 enim
3016 2800 3276 2855 remansit
3318 2816 3473 2856 crea-

1875 2891 2009 2945 tum,
2041 2893 2092 2936 et
2124 2882 2446 2948 increatum,
2484 2886 2787 2939 increatum
2825 2902 2838 2938 :
2890 2887 3141 2942 similiter
3169 2898 3222 2944 et
3248 2891 3473 2960 reliqua:

1872 2974 2265 3043 oppositiones.
2298 2974 2558 3039 15.1mm,
2581 2974 2637 3028 Si
2663 2976 2824 3029 unius
2853 2986 2936 3029 est
2963 2986 3171 3032 naturae
3212 2977 3472 3035 Christus

1874 3074 1993 3131 post
2018 3062 2291 3128 unionem,
2307 3065 2490 3129 dicite,
2511 3065 2700 3133 cujus?
2724 3075 2779 3119 et
2795 3067 2922 3133 quid
2950 3067 3016 3121 de
3032 3068 3134 3122 alia
3157 3080 3337 3123 actum
3360 3071 3475 3126 est?

183 3164 514 3233 ὁριζόμεοα·
547 3164 607 3215 τὸ
641 3164 749 3234 γὰρ
776 3165 992 3218 κτιστὸν
1025 3169 1301 3237 μεμένηκε
1326 3173 1563 3235 κτιστὸν,
1600 3176 1691 3224 καὶ
1708 3174 1771 3225 τό

1880 3156 1932 3207 Si
1955 3157 2115 3208 umbo
2132 3156 2397 3209 exsistunt
2412 3194 2426 3219 ,
2454 3158 2731 3225 quomodo
2756 3174 2887 3218 una.
2903 3159 3007 3212 nisi
3022 3174 3087 3213 ex
3103 3161 3348 3230 utrisque
3364 3176 3473 3215 una

182 3256 463 3318 ἀκτιστον,
498 3254 787 3308 ἀκτιστον⁸
819 3255 1081 3321 ὡσαύτως
1121 3258 1186 3328 δὴ
1233 3260 1327 3311 καὶ
1361 3261 1419 3314 αἱ
1465 3261 1650 3314 λοιπαὶ
1688 3264 1781 3317 ἀν-

182 3347 437 3408 τιθέσεις.
475 3344 566 3413 ιγ’.
608 3345 731 3399 Ἔτι
752 3362 765 3376 ⁸
792 3348 857 3401 El
890 3350 1017 3417 μιᾶς
1047 3348 1262 3416 φύσεως
1301 3351 1439 3419 μετὰ
1457 3352 1553 3422 τὴν
1582 3353 1775 3409 ἕνωσίν

185 3438 332 3489 ἐστιν
389 3439 418 3489 ό
463 3436 721 3505 Χριστὸς,
757 3437 968 3502 εἴπατε,
1020 3439 1209 3506 ποίοις
1249 3442 1341 3492 καὶ
1370 3440 1424 3493 τί
1480 3442 1704 3509 γέγονεν
1747 3447 1779 3515 ἡ

186 3526 386 3594 ἑτέρα;
426 3528 490 3579 Εἰ
511 3527 566 3579 δὲ
588 3528 925 3597 ὑπάρχουσιν
956 3530 1287 3602 ἀμφότεραι,
1312 3533 1427 3595 πῶς
1455 3533 1586 3603 μίας
1622 3538 1669 3587 εἰ
1705 3538 1780 3607 μὴ

185 3619 240 3683 ἐξ
270 3618 606 3689 ἀμφοτέρων
636 3620 735 3689 μία
771 3621 1105 3691 ἀπετελέσθη
1157 3624 1409 3687 σύνθετος
1458 3626 1579 3678 καθ’
1612 3628 1775 3696 ὑμᾶς.

186 3710 315 3763 Ei.th
347 3710 529 3773 τοῦτο,
571 3712 952 3781 ἑτερεούσιοςό
971 3714 1201 3782 Χριστὸς
1231 3716 1325 3768 τοῦ
1346 3718 1577 3787 Πατρδς,
1612 3720 1777 3772 ἀσυν-

187 3802 337 3855 θέτου
376 3802 741 3872 ὑπάρχοντος,
777 3804 1039 3867 ὡσαύτως
1084 3805 1140 3858 δὲ
1176 3807 1270 3859 καὶ
1303 3808 1394 3860 τοῦ
1437 3809 1773 3879 Πνεύματος,

186 3896 317 3964 ὃπ;ρ
351 3895 471 3946 ἐστὶ
511 3893 833 3964 βλάσφημον
863 3895 1083 3965 καὶτῆς
1132 3897 1242 3949 τῶν
1300 3899 1642 3969 Χριστιανῶν
1678 3917 1776 3968 με·

190 3986 331 4053 ρίδος
362 3984 667 4055 ἀλλότριον.
729 3986 808 4041 ιδ’.
846 3987 966 4040 Ἔτι
995 4002 1010 4017 '
1039 3988 1101 4040 El
1136 3989 1165 4040 ὁ
1190 3988 1474 4058 ἅνθρωπος
1501 3992 1563 4044 ἐκ
1594 3992 1776 4059 διαφό-

190 4090 295 4143 ρων
355 4073 579 4142 φύσεων
615 4075 716 4143 μία
764 4074 925 4143 φύσις
972 4075 1227 4139 σύνθετος
1282 4078 1648 4145 ἀποτελεῖται,
1701 4082 1775 4143 ὡς

188 4168 371 4235 ἕτερόν
422 4183 479 4218 τι
531 4169 681 4236 παρά
710 4168 779 4219 τὰ
808 4166 869 4231 ἐξ
924 4162 998 4221 ὧν
1033 4169 1291 4239 συνετέθη
1338 4171 1648 4240 γενόμενος,
1680 4173 1773 4223 καὶ

186 4257 438 4326 οὐδαμῶς
484 4256 610 4310 οὑτε
639 4257 803 4320 αὑτὸς
839 4259 1143 4328 όμοούσιος,
1190 4259 1223 4329 ἢ
1259 4260 1507 4332 όμοφυὴς
1545 4263 1679 4332 πρὸς
1705 4263 1775 4315 τὰ

188 4348 244 4411 ἐξ
271 4342 348 4401 ὧν
406 4348 666 4418 συνετέθη
709 4350 860 4420 παρᾶ
908 4367 1052 4412 τινος
1106 4351 1331 4422 ῥηθείη·
1371 4353 1546 4422 ἕτεροι
1583 4354 1688 4424 γὰρ
1723 4356 1771 4407 οί

188 4438 330 4506 λόγοι
364 4438 535 4492 αὑτοῦ
566 4456 623 4491 τε
654 4442 748 4492 καὶ
774 4442 882 4493 τῶν
924 4442 1128 4512 μερῶν,
1160 4442 1283 4495 οὑτε
1319 4444 1428 4513 μὴν
1460 4446 1508 4497 οἱ
1543 4446 1646 4498 ὑπὸ
1674 4447 1772 4515 τὴν

1884 3246 2071 3300 i-ll‘rcta
2126 3259 2230 3312 est,
2287 3249 2586 3317 composita
2623 3249 2920 3303 secundum
2962 3251 3115 3307 vos?
3158 3251 3214 3306 ld
3264 3252 3311 3308 si
3365 3265 3469 3321 est,

1884 3341 2110 3393 alterius
2173 3341 2428 3395 essentia:
2496 3342 2601 3395 erit
2654 3340 2910 3397 Christus
2962 3359 2992 3396 a
3027 3342 3208 3408 Patre,
3241 3345 3335 3415 qui
3384 3344 3472 3399 in-

1882 3433 2221 3501 compositus
2256 3442 2379 3495 est;
2409 3432 2665 3488 similiter
2696 3443 2752 3487 et
2789 3448 2819 3487 a
2865 3434 3074 3503 Spiritu
3112 3446 3328 3490 sancto.
3364 3435 3472 3492 Sed

1884 3524 1989 3576 hoc
2039 3524 2418 3593 blasphemum
2475 3533 2577 3588 est,
2626 3533 2681 3578 et
2726 3539 2755 3578 a
2802 3523 3117 3579 Christiana
3192 3526 3458 3595 religione

1882 3612 2142 3665 alienum.
2185 3614 2269 3666 H.
2304 3612 2461 3678 Item,
2498 3612 2555 3666 Si
2590 3614 2752 3667 homo
2781 3629 2845 3668 ex
2871 3614 3082 3669 duabus
3107 3616 3316 3671 naturis
3356 3631 3470 3671 una

1881 3715 2077 3759 natura
2130 3707 2436 3774 composita
2486 3704 2737 3770 eilicitur,
2796 3716 3052 3777 tanquam
3106 3708 3252 3762 aliud
3280 3709 3469 3771 abiis,

1880 3816 1946 3852 cx
1997 3799 2198 3867 quibus
2266 3799 2617 3867 componitur
2676 3798 2857 3854 factus
2896 3817 2911 3855 :
2945 3800 3204 3870 nullaque
3256 3801 3470 3856 ratione

1878 3891 1968 3945 ille
2003 3907 2177 3961 neque
2198 3890 2444 3960 ejusdem
2476 3893 2754 3960 essentia,
2783 3908 2957 3963 neque
2986 3893 3228 3960 ejusdem
3259 3903 3470 3947 naturae

1877 3999 2001 4038 cum
2058 3984 2146 4047 iis,
2188 3998 2253 4038 ex
2306 3984 2508 4053 quibus
2547 3985 2838 4049 conﬂatur,
2891 4000 3014 4041 esse
3060 3984 3467 4040 aﬂirmabitur:

1877 4077 1997 4130 alite
2037 4077 2184 4130 enim
2234 4085 2367 4131 sunt
2403 4077 2575 4145 ipsius
2624 4077 2990 4143 definitiones,
3020 4078 3139 4132 alia:
3182 4080 3418 4148 partium
3451 4098 3465 4134 :

1877 4183 2052 4237 neque
2083 4170 2269 4230 etiam,
2302 4169 2391 4236 qui
2435 4171 2681 4222 eamdem
2718 4169 2955 4224 hominis
2984 4178 3242 4223 naturam
3291 4170 3345 4225 in
3380 4171 3466 4223 in-

1874 4259 2099 4313 dividuo
2147 4260 2439 4328 complent,
2500 4259 2748 4328 ejusdem
2803 4270 3012 4315 natura:
3064 4272 3158 4315 aut
3208 4261 3465 4316 essentia:

1875 4359 2149 4405 suntcum
2178 4352 2625 4421 animabtts,qua:
2650 4354 2927 4405 communi
2972 4362 3181 4407 natura:
3210 4353 3465 4417 subsunt,

1880 4457 2062 4512 neque
2110 4457 2234 4498 cum
2296 4443 2384 4506 iis,
2423 4458 2545 4511 qua:
2580 4444 2855 4496 communi
2890 4452 3099 4498 natura:
3153 4443 3459 4511 subiacent,

190 4532 354 4602 αὐτὴν
410 4530 577 4597 φύσιν
639 4529 735 4583 τοῦ
792 4531 1081 4604 ἀνθρώπου
1138 4534 1416 4597 τελοῦντες
1466 4536 1772 4589 καθέκαστα

1884 4534 2252 4604 corporibus:
2295 4534 2388 4588 sed
2461 4533 2715 4589 Christus
2788 4549 2913 4588 cum
2990 4550 3096 4589 una
3150 4535 3459 4605 hypostasis

188 4626 474 4692 ὁμοφυεῖς,
510 4624 542 4694 ἦ
572 4623 847 4693 όμοούσιοι
879 4625 988 4678 τῶν
1026 4626 1129 4678 ὑπὸ
1153 4627 1252 4697 τὴν
1282 4627 1467 4696 κοινὴν
1498 4629 1659 4696 φύσιν
1684 4646 1775 4682 τε·

189 4716 426 4769 λούντων
454 4716 666 4786 ψυχῶν,
706 4716 828 4770 οὔτε
853 4717 960 4788 μὴν
982 4720 1090 4771 τῶν
1130 4720 1234 4772 ὑπὸ
1267 4721 1365 4791 τὴν
1400 4721 1584 4792 κοινὴν
1614 4722 1774 4791 φύσιν

188 4809 489 4861 τελούντων
529 4809 798 4878 σωμάτων
828 4812 971 4864 εἰσίν
996 4827 1011 4841 ·
1042 4814 1069 4865 ό
1099 4811 1155 4865 δὲ
1180 4812 1245 4883 δὴ
1284 4815 1537 4883 Χριστὸς,
1574 4817 1671 4881 μία
1691 4832 1774 4878 τις

189 4896 318 4952 οὖσα
348 4901 654 4963 ὑπόστασις
683 4902 791 4954 τῶν
821 4902 926 4955 ὑπὸ
957 4903 1055 4974 τὴν
1086 4903 1236 4957 θείαν
1261 4905 1421 4975 φύσιν
1451 4905 1769 4970 τελούντων,

194 4994 404 5065 Πατρός
432 5009 515 5058 τε,
548 4994 714 5063 φημὶ,
746 4994 841 5048 καὶ
870 4995 1026 5063 ἁγίου
1052 4997 1388 5068 Πνεύματος,
1409 5000 1655 5068 ὁμοφυὴς
1675 4997 1771 5051 καὶ

192 5085 471 5152 ὁμοούσιός
504 5086 622 5136 ἐστι
650 5086 744 5138 καὶ
776 5088 978 5156 κυρίως
1004 5087 1154 5153 Θεὸς,
1187 5088 1283 5142 καὶ
1317 5087 1476 5157 φύσει
1509 5089 1638 5151 Θεός
1657 5090 1774 5142 ἐστι

195 5177 283 5229 καὶ
298 5180 433 5246 ἡμῖν
456 5180 551 5229 καὶ
566 5181 630 5246 τῇ
656 5179 839 5248 Μητρὶ
865 5178 1144 5249 ὁμοούσιος
1160 5182 1250 5233 καὶ
1270 5182 1539 5250 όμοφυὴς,
1579 5182 1655 5243 ὠς
1680 5197 1777 5232 κυ-

199 5268 320 5337 ρίως
347 5268 657 5337 ἄνθρωπος,
680 5269 774 5321 καὶ
809 5269 967 5335 φύσει
994 5269 1277 5340 ἄνθρωπος
1306 5271 1405 5337 ὦν,
1452 5274 1546 5325 καὶ
1576 5268 1655 5335 εἷς
1676 5274 1777 5342 τῆς

200 5360 351 5427 ἀγίας
376 5359 609 5429 Τριάδος
633 5377 646 5390 ’
686 5362 720 5430 ἡ
740 5361 875 5432 αὑτὴ
905 5365 1013 5433 γὰρ
1031 5364 1327 5427 ὑπόστασις
1348 5366 1472 5428 τοὺς
1488 5367 1647 5435 ὄρους
1675 5365 1783 5418 τῶν

198 5450 283 5504 δύο
309 5453 531 5519 φύσεων
569 5452 903 5521 ἐπιδέχεται,
959 5454 1053 5508 καὶ
1082 5454 1141 5507 ὃν
1171 5453 1235 5507 ἀν
1263 5454 1421 5523 λόγον
1463 5456 1647 5527 ἀποδῴ
1698 5473 1782 5520 τις

200 5541 291 5608 τῆς
310 5542 591 5609 θεότητος,
611 5542 703 5595 τὸν
733 5542 893 5596 αὑτὸν
916 5543 1138 5614 εὑρήσει
1170 5544 1263 5597 καὶ
1280 5544 1373 5597 ἐπὶ
1393 5543 1485 5597 τοῦ
1519 5545 1778 5616 Χριστοῦ,

202 5638 291 5687 καὶ
312 5635 371 5687 ὃν
397 5634 443 5688 δ’
480 5635 547 5688 ἂν
600 5634 783 5704 ἀποδῴ
815 5636 912 5707 τῆς
968 5637 1423 5708 ἀνθρωπότητος,
1478 5638 1569 5690 τὸν
1616 5638 1780 5691 αὑτὸν

204 5728 423 5796 εὑρήσει
455 5728 550 5781 καὶ
582 5727 675 5779 ἐπὶ
723 5726 817 5780 τοῦ
846 5728 1082 5799 Χριστοῦ
1123 5729 1432 5801 ἁρμόζοντα
1461 5748 1474 5761 ·
1531 5729 1672 5783 ὥστε
1718 5728 1778 5795 ἐξ

204 5822 444 5891 ἀνάγκης
477 5820 797 5891 συνάγεται,
863 5820 938 5892 μὴ
968 5816 1110 5876 εἶναι
1141 5822 1232 5877 τὸν
1258 5823 1491 5894 Χριστὸν
1517 5824 1645 5894 μιᾶς
1672 5822 1775 5893 φύ-

1886 4626 1959 4681 sit
2011 4640 2137 4681 eum
2179 4624 2267 4687 iis,
2306 4640 2429 4694 quae
2464 4626 2566 4679 sub
2611 4626 2794 4679 divina
2843 4633 3037 4680 natura
3089 4637 3236 4691 sunt,
3283 4623 3461 4679 Patris

1882 4734 2098 4790 nempe,
2142 4727 2196 4774 et
2230 4716 2472 4787 Spiritus
2532 4718 2728 4783 sancti,
2798 4718 3043 4787 ejusdem
3106 4718 3358 4773 essentia:
3410 4730 3467 4773 et

1880 4822 2090 4865 naturae
2128 4821 2234 4873 est,
2269 4819 2322 4864 et
2352 4826 2475 4863 vere
2511 4808 2675 4873 Deus,
2706 4820 2760 4864 et
2797 4821 2990 4864 natura
3022 4809 3185 4875 Deus,
3231 4818 3284 4864 et
3311 4810 3463 4878 ejus-

1878 4903 1998 4956 dem
2015 4901 2309 4956 cumnobis
2333 4910 2385 4955 et
2404 4900 2572 4955 Matre
2596 4903 2848 4957 essentia:
2874 4912 2928 4958 et
2956 4912 3184 4963 naturae,
3203 4912 3462 4972 tanquam

1879 4994 1972 5063 qui
2033 4992 2249 5062 proprie
2299 4992 2461 5047 homo
2522 5003 2577 5047 et
2609 5002 2803 5048 natura
2836 4993 3001 5049 homo
3062 4995 3150 5057 sit,
3211 5008 3466 5062 unusque

1882 5103 1944 5141 ex
1972 5096 2158 5142 sancta
2193 5084 2394 5140 Triade
2420 5103 2433 5140 :
2462 5088 2649 5142 eadem
2673 5089 2817 5142 enim
2848 5087 3157 5157 hypostasis
3185 5086 3463 5141 deﬁnitio-

1883 5195 1981 5233 nes
1999 5179 2226 5231 duarum
2250 5190 2569 5233 naturarum
2593 5178 2805 5248 recipit,
2820 5187 2873 5231 et
2889 5175 3281 5239 deﬁnitionem,
3297 5192 3461 5246 quam

1884 5272 2153 5342 quispiam
2206 5270 2396 5325 deitati
2436 5272 2717 5334 attribuet,
2765 5270 3014 5325 eamdem
3045 5278 3099 5325 et
3130 5270 3184 5322 in
3242 5268 3464 5323 Christo

1886 5363 2208 5434 comperiet,
2234 5372 2467 5434 etquam
2493 5362 2817 5418 humanitati
2850 5361 3180 5424 exhibuerit,
3213 5362 3461 5415 eamdem

1884 5466 1939 5510 et
1969 5454 2187 5511 Christo
2224 5456 2563 5511 couformem
2592 5470 2716 5511 esse
2748 5453 3022 5510 offendet:
3048 5452 3179 5507 hinc
3206 5466 3462 5506 necessa-

1884 5550 1967 5602 rio
2026 5548 2303 5618 colligitur
2388 5546 2664 5602 Christum
2719 5562 2827 5601 non
2870 5560 2992 5601 esse
3023 5545 3187 5600 unius
3231 5552 3461 5615 naturae,

1884 5642 1977 5696 sed
2038 5641 2177 5696 duas
2234 5655 2355 5695 esse
2393 5650 2622 5695 naturas
2668 5640 2832 5694 unius
2882 5638 3086 5693 Christi
3145 5637 3463 5704 composita:

1888 5733 2223 5803 hypostasis,
2275 5733 2402 5787 licet
2459 5732 2622 5786 unius
2689 5738 2897 5785 natura
2954 5729 3116 5784 homo
3172 5728 3265 5783 sit.
3322 5726 3460 5782 Cum

1886 5824 2070 5895 itaque
2111 5824 2289 5880 oratio
2320 5840 2387 5881 cx
2439 5824 2827 5881 cotutnunibus
2871 5822 3189 5879 notionibus
3235 5829 3287 5877 et
3336 5818 3425 5890 plu
