4194 6432
780 371 889 432 643

779 492 937 545 rimis

772 1054 974 1108 gwata,
1010 1044 1239 1112 ideoque
1273 1043 1341 1096 ab
1371 1044 1435 1096 iis
1466 1044 1850 1096 recedendum.

2048 370 2096 428 Ν
2109 370 2338 429 ΙΕΕΤΚΕ
2367 371 2769 435 BYZANTINI

1050 488 1389 542 naturalibus
1475 490 1813 556 argumentis
1903 492 2331 542 commonsumi

2464 511 2619 559 σεως,
2651 494 2766 546 ἀλλ’
2826 496 2857 566 ἢ
2897 495 2989 549 δύο
3035 496 3221 565 φύσεις
3274 494 3412 551 εἶναι
3448 498 3546 568 τῆς
3599 500 3728 569 μιᾶς
3784 501 4045 556 συνθέτου

782 584 1062 636 Christum
1108 596 1213 634 non
1265 597 1388 636 esse
1434 580 1596 633 unius
1650 589 1861 633 natura:
1894 592 2018 650 post
2071 582 2348 647 unionem,

778 692 953 745 neque
1001 674 1236 728 similem
1300 690 1422 728 esse
1495 674 1951 743 compositionem
2013 675 2247 728 hominis
2299 683 2352 729 et

775 767 1003 828 Christi,
1053 782 1178 819 cum
1231 767 1393 819 homo
1451 766 1637 818 unitus
1682 781 1791 819 una
1845 765 2008 820 simul
2063 766 2350 841 subsistat,

772 858 1026 912 Christus
1081 868 1260 911 autem
1322 857 1429 910 alio
1491 857 1650 911 modo
1712 869 2036 911 naturarum
2093 859 2349 914 unionem

774 950 990 1014 habeat,
1016 949 1128 1017 jam
1164 957 1310 1018 putet
1334 948 1559 1002 mentita
1615 948 1857 1018 falsaque
1873 962 1992 1002 esse
2022 959 2199 1003 vestra
2254 951 2353 1004 d0-

3937 382 4045 449 644

2459 587 2808 649 ὑποστάσεως
2840 589 2934 641 τοῦ
2965 588 3224 659 Χριστοῦ,
3260 592 3308 643 εί
3344 592 3438 644 καὶ
3487 594 3616 662 μιᾶς
3643 592 3858 660 φύσεώς
3891 596 4047 648 ἐστιν

2456 674 2487 726 6
2517 675 2801 747 ἄνθρωπος
2822 692 2836 706 ⁸
2872 679 2993 731 ἐπεὶ
3015 674 3107 732 οὖν
3130 681 3158 732 ὀ
3181 679 3339 747 λόγος
3368 682 3431 733 ὲκ
3468 681 3664 735 κοινῶν
3700 682 3922 735 ἐννοιῶν
3946 687 4047 736 καὶ

2457 767 2704 833 φυσικῶν
2729 769 3174 840 ἐπιχειρημάτων
3219 773 3301 825 ὅτι
3345 772 3614 826 πλείστων
3670 776 4042 845 παρέστησεν,

2460 859 2533 928 μὴ
2568 851 2713 915 ἒῖναι
2744 862 2836 915 τὸν
2888 864 3123 934 Χριστὸν
3171 867 3299 935 μιᾶς
3352 865 3567 934 φύσεως
3606 868 3743 936 μετὰ
3770 866 3868 938 τὴν
3902 868 4043 918 ἕνω-

2458 970 2562 1017 σιν,
2596 956 2735 1025 μήτε
2771 956 2877 1029 μὴν
2899 957 2994 1029 τὴν
3026 958 3118 1011 τοῦ
3149 958 3439 1027 ἀνθρώπου
3467 958 3715 1012 σύνθεσιν
3743 961 3936 1027 ὁμοίαν
3961 955 4044 1011 εἷ·-

2458 1063 2545 1099 ναι
2566 1047 2665 1116 τῆς
2694 1048 2789 1102 τοῦ
2818 1049 3053 1121 Χριστοῦ
3084 1050 3409 1113 συνθέσεως,
3440 1051 3579 1104 κατὰ
3608 1051 3668 1104 τὸ
3698 1068 3828 1103 συνυ
3840 1051 4043 1104 τοστά-

766 1151 871 1196 τως
894 1134 1134 1203 ἡνῶσθαι
1165 1134 1253 1185 τὸν
1282 1133 1587 1198 ἄνθρωπον,
1620 1132 1713 1185 τοῦ
1747 1131 1985 1201 Χριστοῦ
2018 1133 2217 1203 ἑτέρως
2239 1132 2350 1189 τῶν
2390 1135 2604 1203 φύσεων
2635 1138 2733 1209 τὴν
2759 1138 2954 1193 ἕνωσιν
2996 1140 3233 1212 ἔχοντος,
3269 1140 3503 1211 φανερὸν
3564 1142 3645 1194 ὅτι
3710 1139 4042 1211 διεσφαλμέ-

768 1245 865 1296 νην
886 1225 1176 1294 ὁμολογίαν
1202 1225 1372 1292 ἔχετε,
1407 1218 1473 1293 ἧς
1502 1224 1807 1295 ἀποστῆναι
1836 1223 2032 1294 χρεών.

843 1320 932 1370 Π.
973 1317 1204 1382 Quando
1238 1333 1367 1370 vero
1396 1334 1517 1387 quae
1551 1319 1617 1371 de
1648 1319 1956 1371 meonomia
2002 1317 2209 1371 Christi
2258 1316 2345 1370 di-

771 1421 973 1463 cuntur
1005 1411 1185 1464 tribus
1214 1411 1391 1465 modis
1420 1412 1473 1463 in
1505 1410 1706 1463 divinis
1737 1410 1956 1462 Litteris
1985 1410 2342 1477 digeruntur:

765 1505 1014 1572 quzedam
1090 1518 1183 1572 per
1238 1504 1636 1571 synecdochen,
1710 1516 1834 1553 cum
1887 1518 1917 1555 a
1962 1511 2112 1571 parte
2170 1511 2342 1555 totum

762 1598 1102 1658 nou‘iinatur,
1156 1604 1236 1661 ut,
1268 1594 1509 1649 Christus
1558 1610 1653 1663 pro
1692 1593 1843 1646 nobis
1895 1604 2133 1647 mortuus
2167 1605 2242 1647 est
2280 1594 2343 1647 δε

761 1704 999 1756 namque
1030 1704 1058 1740 a
1094 1696 1269 1757 parte,
1297 1687 1639 1741 humanitate
1662 1702 1879 1756 nempe,
1916 1687 2018 1740 hoc
2048 1686 2344 1755 Apostolus

758 1782 1085 1847 enuntiavit,
1142 1781 1266 1834 licet
1327 1779 1531 1833 Christi
1592 1794 1789 1831 nomen
1846 1778 2037 1831 ambas
2110 1786 2337 1831 naturas

759 1871 960 1923 inierat
995 1887 1009 1933 ;
1043 1869 1136 1923 sed
1174 1870 1288 1922 hinc
1328 1876 1415 1921 est
1444 1866 1745 1936 Scriptura:
1773 1882 1942 1921 sacra:
1970 1866 2281 1936 proprietas
2315 1884 2328 1919 :

2524 1319 2607 1383 ιζ’.
2663 1319 2879 1387 Ἐπειδὴ
2904 1319 2958 1372 δὲ
2989 1318 3057 1371 τὰ
3089 1320 3180 1373 ἐπὶ
3209 1320 3308 1390 τῆς
3334 1317 3649 1389 οίκονομίας
3675 1318 3769 1372 τοῦ
3793 1318 4039 1390 Χριστοῦ

2449 1410 2715 1479 λεγόμενα
2760 1414 2900 1465 κατὰ
2934 1415 3080 1482 τρεῖς
3115 1412 3353 1482 τρόπους
3389 1413 3541 1483 παρὰ
3572 1415 3641 1482 τῇ
3677 1413 3809 1482 ἁγίᾳ
3842 1415 4037 1483 Γραφῇ

2449 1502 2738 1556 λέλεκται’
2788 1506 2855 1557 τὰ
2908 1506 3005 1575 μὲν
3057 1505 3200 1575 λόγῳ
3245 1506 3609 1575 συνεκδοχῆς,
3654 1500 3764 1558 οἷον
3810 1506 3892 1570 τὸ,
3928 1506 4038 1558 duo

2452 1594 2650 1665 μέρους
2676 1592 2735 1645 τὸ
2763 1593 2881 1647 ὅλον
2915 1594 3218 1664 ὀνομάζειν⁹
3254 1589 3367 1647 οἷόν
3399 1595 3515 1646 ἐστι
3535 1634 3550 1658 ,
3590 1595 3845 1662 Χριστὸς
3878 1595 4039 1662 ὑπὲρ

2449 1685 2615 1753 ἡμῶν
2635 1685 2953 1740 ἀπέθανεν·
2990 1687 3095 1740 ἀπὸ
3130 1689 3237 1757 γὰρ
3282 1686 3483 1757 μέρους
3514 1687 3759 1752 δηλονότι
3795 1688 3893 1758 τῆς
3931 1688 4036 1740 ἁν-

2445 1778 2792 1849 θρωπὸτητυς
2830 1778 2907 1850 τῷ
2948 1779 3254 1849 Ἀποστὸλῳ
3282 1779 3443 1832 τοῦτο
3472 1781 3689 1848 εἴρηται
3714 1820 3729 1843 ,
3765 1783 3813 1833 εί
3844 1782 3941 1833 καὶ
3968 1781 4035 1833 τὺ

2442 1870 2697 1936 Χριστὸς
2753 1870 2925 1940 ὄνομα
2977 1871 3086 1923 τῶν
3138 1872 3230 1924 δύο
3278 1870 3494 1939 φύσεων
3546 1872 3661 1923 ἐστι
3708 1872 4032 1941 δηλωτικόν

758 1960 840 2014 vel
874 1970 1063 2014 contra
1094 1976 1218 2014 cum
1254 1975 1283 2013 a
1316 1969 1432 2014 toto
1464 1975 1612 2029 pars,
1644 1969 1702 2013 ut
1730 1961 1859 2015 illud
1896 1959 2041 2031 apud
2074 1959 2330 2013 eumdem

2443 1962 2559 2015 ἀλλ’
2603 1961 2696 2016 οὖν
2739 1964 2897 2017 τοῦτο
2939 1965 3134 2034 ἰδίωμα
3174 1966 3270 2037 τῆς
3302 1964 3525 2034 Γραφῆς
3548 1979 3561 1993 ·
3598 1963 3631 2032 ἢ
3666 1964 3727 2017 τὸ
3764 1964 4031 2034 ἔμπαλιν,

754 2053 1100 2123 Apostolum,
1138 2051 1373 2106 Interior
1405 2053 1581 2113 homo,
1638 2062 1687 2105 et
1740 2054 1971 2107 exterior
2010 2054 2030 2084 ⁸
2072 2071 2085 2105 :
2131 2067 2161 2105 ιι
2225 2060 2339 2106 toto

754 2149 924 2210 enim,
961 2147 1181 2200 homine
1215 2146 1444 2209 scilicet,
1501 2146 1740 2198 animam
1791 2157 1946 2199 notat
1979 2157 2033 2199 et
2088 2161 2291 2215 corpus
2323 2160 2337 2198 :

755 2238 1006 2306 quiedam
1043 2252 1173 2291 vero
1206 2252 1303 2306 per
1363 2236 1801 2298 retributionem,
1842 2247 2064 2306 propter
2097 2246 2337 2291 mutuam

756 2331 993 2398 partium
1029 2329 1602 2393 circumvolutionem,
1638 2339 1691 2383 et
1739 2330 2040 2383 secundum
2079 2329 2335 2400 hyposta-

753 2421 881 2483 sim,
922 2431 977 2474 et
1036 2421 1458 2474 incnarrabilem
1539 2422 1822 2485 unionem,
1884 2430 1939 2475 et
1990 2423 2134 2490 quod
2195 2437 2337 2475 unus

751 2523 895 2576 erat,
952 2511 1232 2581 idemque,
1288 2514 1379 2580 qui
1431 2512 1615 2565 divina
1666 2511 1830 2566 simul
1884 2522 2048 2581 atque
2100 2514 2335 2566 humana

751 2606 1190 2671 exsequebatur.
1268 2602 1653 2657 Communicat
1739 2603 1922 2671 itaque
1984 2617 2081 2655 sua
2153 2602 2335 2656 divina

751 2705 947 2749 natura
982 2695 1135 2748 carni
1171 2711 1267 2764 per
1314 2694 1537 2748 modum
1572 2693 1972 2758 retributionis,
2001 2710 2335 2764 rursumque

750 2788 987 2841 humana
1046 2788 1261 2856 propria
1313 2787 1511 2840 divinae
1563 2794 1771 2840 natura:
1820 2786 1874 2839 in
1926 2786 2113 2839 divino
2159 2784 2335 2840 Verbo

757 2880 912 2933 unita
984 2880 1285 2934 secundum
1357 2877 1717 2947 hypostasim,
1781 2892 1902 2946 quae
1953 2876 2120 2932 simul
2189 2877 2334 2931 inter

746 2984 806 3025 se
833 2979 963 3023 sunt
987 2968 1425 3037 inseparabiliter
1457 2968 1787 3036 conjunctae.
1824 2967 2063 3037 Ideoque
2109 2978 2157 3021 ct
2216 2969 2327 3021 Do-

745 3061 920 3113 minus
986 3060 1173 3129 gloriw
1215 3062 1361 3111 cruci
1421 3059 1607 3127 a/ﬁxns
1658 3060 1678 3090 ⁸
1730 3058 1954 3124 dicitur,
2014 3060 2145 3114 licet
2197 3061 2332 3115 nihil

747 3153 931 3205 divina
966 3152 1086 3220 ejus
1117 3160 1311 3204 natura
1343 3165 1601 3219 perpessa
1662 3147 1848 3215 fuerit,
1902 3160 1958 3204 et
2010 3149 2184 3205 Filius
2236 3153 2332 3206 ho-

748 3244 913 3299 minis
976 3255 1104 3298 ante
1158 3244 1473 3312 passionem
1532 3245 1585 3297 iu
1636 3245 1778 3297 caelo
1832 3258 1952 3297 esse
2004 3244 2325 3309 allirmatur,

2442 2055 2552 2108 ἀπὸ
2596 2055 2693 2108 τοῦ
2743 2057 2865 2110 ὅλου
2898 2056 2959 2110 τὸ
2999 2058 3199 2127 μέρος,
3255 2052 3370 2111 οἷόν
3408 2059 3524 2109 ἐστι
3558 2057 3708 2127 παρὰ
3753 2058 3831 2126 τῷ
3876 2058 4031 2127 αὑτῷ

2455 2145 2763 2216 ’Λποστὸλῳ
2801 2147 3128 2217 λεγόμενον*
3175 2146 3228 2198 ’0
3279 2148 3401 2201 ἔσω
3451 2146 3795 2213 ἄνθρωπος,
3846 2149 3948 2201 καὶ
3993 2150 4030 2201 d

2442 2232 2579 2296 ἔξω·
2616 2235 2721 2286 ἀπὸ
2750 2234 2860 2304 γὰρ
2889 2234 2981 2287 τοῦ
3012 2235 3159 2301 ὅλου,
3196 2236 3337 2305 φημὶ
3366 2236 3432 2306 δὴ
3461 2235 3552 2287 τοῦ
3584 2236 3893 2305 ἀνθρώπου,
3926 2239 4030 2308 τὴν

2440 2323 2615 2393 ψυχὴν
2649 2323 2744 2376 καὶ⁹
2781 2324 2842 2376 τὸ
2880 2326 3039 2393 σῶμα
3085 2327 3380 2395 σημαίνει·
3432 2328 3502 2378 τὰ
3534 2326 3589 2378 δὲ
3630 2326 3773 2397 λόγῳ
3808 2330 4025 2381 ἀντιδό-

2442 2432 2601 2477 σεως,
2643 2416 2730 2467 διὰ
2760 2417 2855 2485 τὴν
2884 2418 2963 2478 είς
3006 2417 3215 2489 ἄλληλα
3242 2420 3351 2470 τῶν
3382 2418 3568 2488 μερῶν
3621 2420 4019 2491 περιχὼρησιν,

2441 2502 2534 2551 καὶ
2564 2503 2663 2568 τὴν
2709 2502 2833 2555 καθ’
2866 2501 3165 2554 ὑπόστασιν
3202 2503 3296 2555 καὶ
3343 2503 3624 2573 ἄφραστον
3658 2503 3873 2568 ἕνωσιν,
3928 2507 4027 2558 καὶ

2439 2593 2520 2643 ὅτι
2559 2587 2637 2653 εἷς
2667 2589 2734 2664 ἦν
2769 2596 2860 2646 καὶ
2898 2596 2925 2648 6
2956 2594 3117 2657 αὑτὸς
3148 2597 3176 2648 6
3205 2594 3271 2648 τὰ
3308 2595 3427 2647 θεῖα
3466 2597 3561 2649 καὶ
3590 2596 3661 2649 τὰ
3705 2596 4029 2667 ἀνθρώπινα.

2438 2684 2697 2752 ὲνερχῶν.
2740 2686 3109 2739 Μεταδίδωσιν
3157 2682 3251 2739 οῦν
3308 2689 3375 2758 τῇ
3424 2688 3591 2756 σαρκὶ
3645 2688 3754 2740 τῶν
3794 2690 3944 2741 ἰδίων
3986 2692 4022 2759 ἡ

2439 2775 2559 2828 θεία
2602 2777 2762 2844 φύσις
2810 2777 2949 2829 κατὰ
2993 2777 3086 2830 τὸν
3130 2778 3231 2848 τῆς
3285 2779 3609 2842 ἀντιδόσεως
3642 2781 3864 2851 τρόπον,
3927 2784 4027 2833 καὶ

2438 2870 2600 2921 πάλιν
2631 2871 2662 2939 ἡ
2715 2870 3029 2941 ἀνθρωπίνη
3066 2872 3131 2940 τῇ
3179 2870 3301 2940 θείᾳ
3332 2871 3494 2941 φύσει
3525 2873 3593 2925 τὰ
3623 2875 3820 2937 οἰκεία,
3852 2876 3911 2926 ἐν
3941 2874 4024 2946 τῷ

2436 2960 2566 3029 θείῳ
2594 2963 2750 3031 Λόγῳ
2776 2962 3036 3031 ἡνωμένη
3072 2962 3195 3015 καθ’
3228 2962 3549 3027 ὑπόστασιν,
3584 2966 3677 3018 καὶ
3713 2967 3832 3035 ἅμα
3860 2968 4021 3019 ἀδια-

2437 3055 2689 3115 σπὰστως
2718 3050 2892 3106 οὖσαι.
2922 3055 3011 3106 Διὸ
3041 3054 3137 3106 καὶ
3163 3058 3196 3108 ό
3220 3057 3435 3124 Κύριος
3461 3056 3572 3125 τῆς
3594 3057 3780 3124 δόξης
3802 3060 4023 3113 ἐσταυ-

2425 3145 2653 3214 ρῶσθαι
2677 3147 2914 3214 λέγεται,
2940 3148 3119 3201 καίτοι
3138 3148 3238 3217 τῆς
3264 3148 3413 3211 θείχς
3440 3150 3605 3202 αὑτοῦ
3636 3152 3710 3221 μὴ
3737 3152 4023 3222 παθούσης

2433 3237 2681 3305 φύσεως,
2721 3239 2814 3291 καὶ
2844 3241 2871 3292 ὁ
2908 3239 3029 3302 Υἱὸς
3055 3239 3150 3292 τοῦ
3180 3240 3468 3307 ἀνθρώπου
3513 3242 3619 3310 πρὸ
3665 3241 3758 3295 τοῦ
3810 3244 4021 3305 πάθους

745 3335 1206 3405 quemadmodum
1241 3337 1353 3404 ipse
1386 3336 1647 3390 Dominus
1672 3335 1845 3389 dixit:
1877 3334 2071 3389 Nullus
2096 3339 2331 3390 ascendit

2442 3331 2500 3382 ἐν
2527 3331 2605 3400 τῷ
2633 3331 2847 3401 οὐρανῷ
2877 3326 3017 3385 εἶναι
3052 3334 3288 3403 εἴρηταιο
3315 3332 3389 3397 ὡς
3424 3334 3584 3397 αὐτὸς
3614 3336 3642 3386 6
3664 3336 3869 3405 Κύριος
3892 3338 4020 3407 ἔφη·

745 3430 800 3480 in
836 3428 1043 3491 citium,
1094 3428 1196 3480 nisi
1228 3429 1317 3497 qui
1344 3428 1407 3480 de
1450 3429 1576 3480 cwlo
1612 3426 1877 3479 descendit
1926 3424 2104 3480 Filius
2143 3429 2319 3481 humi-

747 3522 833 3574 πίε
863 3522 906 3574 ⁷.
938 3520 1004 3573 Et
1036 3530 1216 3574 tamen
1270 3536 1377 3573 non
1422 3521 1489 3573 de
1524 3519 1662 3574 cmlo
1694 3534 1913 3572 carnem
1950 3520 2324 3585 descendisse,

744 3614 837 3665 sed
868 3628 933 3667 ex
970 3614 1125 3682 puris
1155 3610 1639 3679 immaculatisque
1692 3612 2055 3680 sanguinibus
2087 3610 2327 3680 Virginis

750 3704 952 3757 tactam
1010 3702 1181 3757 fuisse
1233 3703 1491 3756 dicimus.
1527 3700 1629 3755 Per
1678 3702 2089 3755 retributionem
2143 3693 2323 3772 itaque

741 3809 795 3848 et
826 3798 931 3849 hoc
969 3796 1181 3850 dictum
1229 3803 1332 3849 est.
1372 3795 1633 3861 Quaedam
1668 3809 1767 3863 per
1802 3794 2324 3864 appropriationem,

743 3899 803 3943 ut
831 3904 955 3943 cum
988 3889 1226 3945 dicimus
1253 3907 1265 3943 :
1295 3887 1531 3942 Modica:
1566 3897 1732 3957 gutta:
1756 3888 2031 3956 sanguinis
2063 3886 2157 3940 Dei
2207 3888 2329 3940 uni—

741 3999 947 4036 versum
982 3992 1245 4036 terrarum
1284 3982 1463 4035 orbem
1490 3981 1933 4051 sanctiﬁcarunt;
1962 3995 2324 4049 rursumque;

742 4076 976 4129 Dcicidw
1006 4075 1181 4130 Judwi
1201 4092 1220 4140 ;
1250 4075 1512 4147 quoniam
1551 4087 1682 4128 caro
1724 4073 1943 4142 propria
1990 4071 2149 4125 Verbi
2186 4071 2326 4125 facta

740 4176 845 4233 est,
883 4176 937 4221 et
968 4168 1021 4220 in
1054 4169 1273 4237 propria
1332 4166 1482 4221 illius
1532 4164 1818 4235 hypostasi
1877 4163 2145 4217 substitit.
2188 4162 2326 4218 Pro-

742 4259 891 4328 prias
919 4259 1105 4327 itaque
1146 4259 1331 4312 carnis
1356 4259 1641 4327 passiones
1692 4256 1795 4310 sibi
1847 4256 2080 4309 \‘erbum
2125 4272 2328 4325 appro-

742 4351 909 4419 priat,
944 4359 999 4403 et
1060 4352 1139 4403 uti
1171 4350 1419 4419 pr0prias
1450 4348 1697 4417 agnoscit
1726 4365 1741 4413 ;
1776 4346 2233 4417 quemadmodum
2272 4356 2327 4399 tu

740 4442 906 4495 etiam
937 4442 991 4494 in
1023 4440 1426 4495 commentario
1453 4441 1521 4495 dc
1550 4440 1769 4493 Christo
1794 4453 1859 4493 ex
1891 4439 2090 4492 divinis
2111 4438 2329 4493 Litteris

742 4532 1061 4596 adnotaras,
1122 4533 1247 4586 licet
1296 4547 1403 4585 non
1545 4540 1601 4584 et
1652 4531 1721 4585 de
1769 4531 2006 4583 hominis
2054 4531 2328 4598 composi-

745 4626 894 4679 tione
924 4625 1175 4678 similiter
1198 4626 1251 4678 in
1302 4622 1611 4692 Scriptura,
1666 4622 1833 4677 sicuti
1880 4633 1933 4676 et
1979 4620 2048 4674 de
2100 4619 2323 4675 Christo

740 4729 850 4773 tres
899 4719 999 4771 hos
1066 4717 1282 4779 modos,
1333 4716 1732 4787 synecdochen,
1787 4716 2031 4783 inquam,
2089 4712 2323 4767 retribu-

741 4813 943 4864 tionem
1006 4821 1059 4863 et
1097 4808 1595 4879 appropriationem
1628 4807 1885 4870 inveniri,
1920 4806 2077 4875 quasi
2126 4820 2195 4859 ex
2246 4820 2312 4859 eo

738 4903 1002 4972 colligens
1086 4903 1510 4955 similitudinem
1577 4900 1997 4969 compositionis
2074 4897 2315 4951 hominis

738 5008 860 5046 cum
887 4990 1091 5045 Christi
1123 4994 1347 5054 unione,
1384 5001 1784 5061 proptereaque
1823 4993 2125 5059 scripseras
2155 4990 2317 5043 unius

744 5096 953 5139 ιιιιιιιιω
979 5101 1101 5139 esse
1146 5085 1426 5140 Clnistum
1459 5095 1577 5155 post
1617 5086 1897 5146 unionem,
1957 5084 2317 5154 quemadmo-

808 5298 829 5329 ι
862 5294 1020 5351 Rom.
1049 5314 1102 5361 ν,
1134 5298 1187 5353 9.
1264 5293 1327 5345 l’l
1359 5290 1486 5346 Cor.
1518 5307 1582 5359 ιι,
1606 5293 1695 5357 14,
1725 5292 1809 5347 15.

808 5477 887 5545 \l)
932 5476 1031 5531 llic
1079 5476 1235 5529 locus
1291 5476 1360 5530 ab
1405 5472 1769 5545 exscriptorg
1802 5470 2039 5545 pessime
2087 5467 2326 5545 habitus,

735 5540 827 5617 qui
863 5540 1039 5615 neque
1067 5550 1251 5599 sanior
1277 5555 1361 5601 est
1414 5547 1466 5598 in
1495 5540 1681 5598 codice
1732 5540 2021 5618 Vaticano.
2084 5540 2151 5618 Et
2198 5554 2323 5618 eum

737 5609 932 5672 scirem
953 5609 1237 5672 asservari
1267 5621 1405 5670 idem
1436 5618 1761 5684 Opusculum
1824 5614 1913 5684 int
1934 5609 2325 5684 Bai/arica__bi-

734 5689 1023 5742 bliutheca.
1054 5690 1245 5753 scripsi
1301 5689 1365 5740 ad
1421 5679 1795 5740 doctissimum
1863 5682 2157 5753 Simonem“
2196 5679 2326 5732 Wa-

770 5758 1105 5823 nereekium,
1158 5750 1217 5811 ut
1268 5774 1424 5824 opem
1474 5760 1675 5819 amico,
1733 5756 1778 5809 si
1831 5762 2036 5826 posset,
2074 5750 2321 5826 ji‘ﬂerret.

764 5830 879 5894 iihil
910 5845 1032 5887 csse
1062 5820 1250 5884 auxilii
1290 5820 1354 5883 ex
1390 5847 1455 5884 eo
1489 5828 1679 5884 codice
1723 5820 2020 5894 respondit.
2074 5820 2322 5892 Namque

2426 3423 2639 3486 Οὐδεὶς
2656 3424 3031 3492 ἀναϐέϐηκεν
3045 3427 3133 3491 εις
3158 3426 3265 3478 τὸν
3284 3427 3566 3494 οὐρανὸν,
3583 3428 3635 3479 εί
3656 3426 3742 3495 μὴ
3772 3432 3804 3480 ὀ
3820 3429 3889 3481 ἐκ
3914 3430 4023 3482 τοῦ

2432 3514 2694 3581 οὐρανοῦ
2724 3517 2984 3582 καταϐὰς
3005 3556 3018 3580 ,
3047 3520 3079 3570 ό
3111 3518 3234 3583 nec
3266 3518 3373 3570 τοῦ
3403 3518 3739 3586 ἀνθρώπου.
3776 3521 3885 3572 Καὶ
3912 3523 4023 3590 μὴν

2430 3607 2531 3660 οὐκ
2561 3609 2624 3659 ἐκ
2646 3607 2740 3660 τοῦ
2759 3609 2991 3679 ούρανοῦ
3008 3610 3108 3680 τὴν
3138 3612 3320 3679 σάρκα
3352 3610 3795 3681 κατεληλυθέναι,
3822 3612 3938 3664 ἀλλ’
3956 3616 4021 3667 ἑκ

2431 3698 2540 3749 τῶν
2561 3698 2863 3770 [καθαρῶν]
2894 3700 2989 3752 καὶ
3011 3700 3297 3771 ἁχράντων
3329 3702 3579 3771 αἱμάτων
3605 3702 3702 3772 τῆς
3736 3704 4019 3773 Παρθένου

2430 3790 2833 3843 διαπεπλὰσθαι
2868 3793 3072 3861 φαμέν.
3109 3793 3202 3863 Τῷ
3244 3794 3389 3863 λόγῳ
3417 3790 3509 3846 οὖν
3548 3794 3650 3864 τῆς
3693 3795 4020 3859 ἀντιδόσεως

2431 3880 2526 3933 καὶ
2577 3879 2736 3933 τοῦτο
2770 3881 3009 3951 εἴρηται.
3058 3882 3100 3935 Τ
3104 3884 3136 3935 ἁ
3173 3882 3229 3936 δὲ
3265 3884 3429 3935 πάλιν
3467 3884 3609 3952 λόγῳ
3651 3885 3981 3945 οἱκειώσεως
4004 3926 4019 3949 ,

2430 3973 2505 4035 ὼς
2535 3972 2664 4025 ὅταν
2694 3973 2856 4025 πάλιν
2889 3973 3165 4043 λέγωμενσ
3220 3974 3451 4041 Ὀλίται
3476 3975 3725 4041 ῥανίδες
3766 3976 4021 4043 αἵματος

2433 4064 2581 4118 Θεοῦ
2604 4067 2838 4133 κόσμον
2861 4064 3010 4119 ὅλον
3042 4064 3325 4134 ήτίασαν.
3359 4066 3467 4118 Καὶ
3496 4065 3674 4129 πάλιν,
3702 4069 4022 4121 Θεοκτόνοι

2444 4157 2711 4227 Ἰουδαῖοι
2735 4195 2749 4220 ,
2786 4157 2972 4229 ἐπειδὴ
3014 4158 3048 4228 η
3094 4158 3231 4227 σὰρξ
3279 4158 3385 4210 ίδία
3418 4158 3513 4210 τοῦ
3553 4159 3730 4224 Λόγου
3775 4160 3973 4226 γέγονε
3998 4198 4016 4222 ,

2432 4248 2527 4299 καὶ
2557 4250 2614 4299 έν
2643 4252 2708 4317 τῇ
2747 4248 2853 4316 ίδίᾳ.
2888 4248 3182 4300 ὑποστάσει
3211 4248 3441 4318 ὑπέστη.
3473 4249 3788 4301 Οἱκειοῦται
3816 4247 3911 4301 οὖν
3947 4254 4019 4305 τὰ

2429 4337 2529 4407 τῆς
2573 4338 2707 4401 ἰδίας
2742 4338 2944 4407 σαρκὸς
2988 4337 3135 4408 πάθη
3182 4340 3211 4391 ὀ
3244 4340 3437 4406 Λόγος,
3472 4340 3569 4392 καὶ
3601 4339 3678 4402 ὼς
3714 4343 3890 4393 οίκεῖα
3924 4342 4018 4394 λος

2432 4428 2663 4497 γίζεται·
2713 4428 2805 4491 οὓς
2854 4431 2948 4482 καὶ
2989 4430 3152 4492 αὑτὸς
3196 4432 3254 4483 ὲν
3300 4431 3378 4500 τῷ
3425 4432 3824 4501 συγγράμματι
3882 4436 4017 4504 περὶ

2431 4521 2667 4591 Χριστοῦ
2699 4522 2849 4592 παρὰ
2872 4523 2968 4593 τῆς
2990 4522 3141 4586 θείας
3178 4522 3216 4574 Γ
3224 4523 3401 4593 ραφῆς
3423 4523 3677 4591 λέγεσθαι
3705 4523 4012 4594 διεξῆλθες.

2432 4618 2481 4668 εί
2510 4618 2601 4671 καὶ
2634 4619 2709 4687 μὴ
2745 4618 2870 4687 περὶ
2899 4616 2974 4687 (1)
3009 4656 3025 4671 .
3062 4655 3076 4670 .
3114 4656 3127 4669 .
3164 4658 3177 4671 .
3217 4655 3231 4668 .
3278 4616 3494 4687 ᾠήθης,
3528 4618 3622 4669 καὶ
3663 4618 3757 4669 ἐπὶ
3781 4618 3879 4686 τῆς
3908 4618 4012 4669 τοῦ

2425 4705 2714 4777 ἀνθρώπου
2749 4708 3071 4770 συνθέσεως.
3116 4708 3349 4776 Ὁμοίως
3402 4707 3555 4776 παρὰ
3605 4707 3705 4775 τῆς
3744 4707 3973 4778 Γραφῆς
3996 4750 4011 4768 .

2426 4798 2570 4851 καθὰ
2603 4799 2697 4851 καὶ
2720 4799 2813 4851 ἐπὶ
2844 4797 2938 4851 τοῦ
2964 4797 3199 4868 Χριστοῦ
3230 4797 3355 4860 τοὺς
3381 4801 3533 4867 τρεῖς
3560 4797 3793 4867 τρόπους
3812 4835 3829 4859 ,
3859 4800 4014 4868 φημὶ

2423 4892 2488 4962 δὴ
2521 4893 2621 4962 τὴν
2662 4891 3007 4963 συνεκδοχὴν,
3060 4891 3160 4962 τὴν
3217 4892 3507 4957 ἀντίδοσιν,
3541 4891 3633 4943 καὶ
3659 4891 3758 4962 τὴν
3790 4892 4012 4945 οίκείω-

2425 5001 2509 5037 σιν
2536 4984 2907 5054 εὑρίσκεσθαι,
2928 4983 3004 5045 ὼς
3032 4984 3099 5036 ὲκ
3120 4981 3274 5035 τοῦδε
3303 4982 3552 5051 συνάγων
3577 4982 3676 5051 τὴν
3705 4982 4011 5052 ὁμοιότητα.

2419 5078 2519 5147 τῆς
2549 5076 2645 5129 τοῦ
2667 5074 2956 5146 ἀνθρώπου
2985 5072 3287 5137 συνθέσεως
3313 5073 3455 5141 μετὰ
3480 5074 3579 5143 τῆς
3604 5071 3840 5143 Χριστοῦ
3868 5070 4012 5125 ὲνὼο

1887 5290 1907 5320 ⁸
1942 5286 1963 5341 ι
1994 5286 2117 5341 Cor.
2156 5301 2218 5349 ιι,
2252 5283 2307 5337 8.
2382 5282 2403 5315 ⁷
2441 5282 2599 5340 Joan.
2634 5302 2716 5352 ιιι,
2742 5287 2832 5344 15.

2428 5476 2482 5522 et
2509 5468 2578 5521 ibi
2610 5468 2803 5522 lacuna
2827 5473 2910 5521 est
2957 5464 3165 5534 signata
3186 5463 3377 5537 tribus
3419 5464 3636 5537 ponetis
3679 5464 3744 5519 ad
3800 5469 4012 5537 mai-gi-

2430 5556 2575 5593 nem.
2629 5539 2768 5593 Hinc
2811 5539 2896 5591 vir
2920 5535 3327 5590 eruditissimus
3370 5536 3704 5605 suspicatur.
3747 5541 3894 5605 quod
3935 5535 4010 5592 'in

2429 5613 2770 5681 autographa
2796 5608 3149 5681 Niceta’._0|iln
3173 5622 3201 5658 a
3234 5606 3470 5681 librariis
3497 5606 3609 5681 legi
3626 5608 3728 5660 ritc
3752 5622 3881 5681 non,
3904 5623 4013 5676 pos

2428 5676 2643 5743 tuissE-t,
2666 5676 2828 5733 hanc
2863 5678 2932 5731 ab
2968 5679 3046 5730 eis
3082 5678 3328 5729 lacunam
3361 5676 3430 5749 ad
3465 5677 3647 5731 omnia
3669 5678 4011 5749 exemplaria

2430 5754 2553 5808 inde
2600 5751 2922 5819 transcripta
2965 5756 3315 5819 prepagatam
3352 5746 3541 5802 fuisse.
