4194 6432
166 410 258 469 645

996 402 1425 463 REFUTATIO
1473 401 1850 462 EPISTULA!
1881 403 2106 463 REGIS
2138 405 2522 467 ARMENI/E.

3279 415 3386 479 646

166 541 308 585 σεως.
341 522 439 575 Διά
459 539 539 574 τοι
572 522 728 574 τοῦτο
755 523 911 588 ἔφες,
942 520 1069 589 μιᾶς
1095 521 1308 587 φύσεως
1330 514 1467 573 εἶναι
1488 520 1580 571 τὸν
1600 520 1734 588 Χρι-

1846 522 1963 575 dum
1996 521 2143 575 etde
2180 522 2399 577 homine
2426 523 2647 578 dicitur.
2710 524 2903 579 Annon
2949 526 3100 581 vides
3144 526 3294 583 hisce
3338 538 3392 582 te

166 619 273 669 στὸν
322 615 462 686 μετὰ
514 614 613 685 τὴν
663 614 880 674 ἕνωσιν,
927 611 1115 682 ὥσπερ
1163 612 1255 663 καὶ
1288 609 1374 662 ἐπ’
1413 608 1723 681 ἀνθρώπου.

165 707 318 759 Τοῦτο
366 707 423 759 δὲ
466 705 636 758 ποιῶν
687 703 921 773 λέληθας
965 703 1192 755 σεαυτὸν
1246 702 1315 755 τὰ
1364 702 1724 769 ἁσύγκλωστα

168 801 499 867 συγκλὼθων,
527 801 620 852 καὶ
651 802 721 852 τά
754 800 960 868 ἄμικτα
1000 797 1262 866 μιγνύων.
1296 798 1369 850 Οὐ
1400 797 1509 865 γὰρ
1539 796 1727 863 ὥσπερ

166 895 243 944 ἐπὶ
266 895 362 961 τῆς
391 890 701 958 οἰκονομίας
728 887 966 957 Χριστοῦ
1002 889 1094 939 καὶ
1118 887 1217 956 τῆς
1242 889 1377 956 ἀμφ’
1410 887 1573 938 αὑτὸν
1598 885 1727 939 ὲνὼ-

169 1002 311 1049 σεως,
349 983 522 1043 οὕτως
554 982 649 1033 καὶ
682 982 776 1032 ἐπὶ
810 979 908 1048 τῆς
955 978 1052 1031 τοῦ
1103 977 1395 1047 ἀνθρώπου
1441 977 1684 1038 ὲνώσεως
1710 1015 1725 1038 ,

166 1075 295 1124 ἔστιν
347 1072 531 1141 εὑρεῖν
569 1071 669 1139 τὴν
717 1069 878 1136 ἁγίαν
922 1068 1147 1139 Γραφὴν
1203 1070 1542 1136 φάσκουσαν,
1592 1065 1728 1119 ἀλλὰ

169 1164 242 1212 τῑιν
274 1163 372 1232 μὲν
402 1159 780 1229 συνεκδοχικὺν
809 1160 1011 1230 τρόπον
1037 1161 1098 1213 τὸ
1140 1159 1247 1212 ἀπὸ
1280 1159 1477 1229 μέρους
1503 1158 1564 1211 τὸ
1586 1157 1726 1221 ὅλον,

168 1253 326 1320 ῆάπὸ
358 1251 451 1304 τοῦ
496 1253 618 1304 ὅλου
663 1251 723 1304 τὸ
770 1250 936 1321 μέρος
973 1250 1063 1303 ἐπ’
1096 1249 1383 1321 ανθρώπου
1423 1250 1601 1317 λέγειν
1634 1248 1730 1316 τὴν

171 1344 397 1414 Γραφὴν,
426 1341 534 1397 οἷον
559 1346 653 1397 καὶ
685 1344 842 1405 αὐτὸς
870 1345 1034 1413 ἔφης,
1066 1343 1098 1412 ἢ
1129 1344 1235 1396 ἀπὸ
1262 1343 1438 1413 ψυχῆς
1464 1344 1631 1412 μόνης
1652 1382 1665 1405 .
1696 1342 1729 1412 ἢ

169 1436 261 1487 ἁπὸ
302 1433 550 1501 σώματος
580 1434 668 1485 τὸν
699 1435 820 1487 ὅλον
849 1432 1133 1503 ἄνθρωπον
1167 1436 1538 1504 σημαίνουσαν
1584 1434 1730 1486 ἔστιν

167 1528 351 1593 ενρείν,
376 1524 410 1594 ἦ
440 1525 547 1575 άπὸ
570 1524 663 1576 τοῦ
696 1524 816 1575 ὅλου
850 1523 911 1575 τὸ
938 1525 1123 1593 μέρος.
1164 1526 1269 1577 Τὸν
1307 1524 1363 1576 δὲ
1397 1525 1493 1593 τῆς
1522 1524 1731 1577 οἰκειώ-

172 1634 313 1676 σεως.
345 1615 469 1668 οὔτε
496 1617 587 1668 ἐπὶ
615 1615 854 1684 Χριστοῦ
882 1615 1147 1684 ὴδυνήθης
1171 1616 1331 1678 αὐτὸς
1357 1618 1727 1686 παραστῆσαι,

170 1709 233 1775 μὴ
269 1707 353 1758 ὅτι
401 1723 461 1774 γε
501 1706 597 1757 καὶ
642 1706 737 1757 ἐπὶ
775 1707 873 1774 τῆς
919 1704 1361 1775 ἀνθρωπὸτητος.
1410 1707 1513 1760 Ἰὸν
1545 1708 1600 1759 δὲ
1634 1708 1732 1776 τῆς

168 1799 475 1860 ἀντιδόσεως
512 1797 733 1867 τρόπον,
777 1798 868 1850 τὸν
902 1797 1129 1863 λέγοντα
1163 1798 1500 1868 μεταδιδόναι
1539 1802 1608 1851 τά
1637 1798 1731 1850 τοῦ

1827 625 1915 672 ea,
1952 626 2073 678 quae
2102 611 2265 666 simul
2300 614 2549 683 componi
2599 629 2706 669 non
2738 627 2990 684 possunt,
3041 630 3391 684 connectere,

1827 710 1881 753 et
1921 715 2043 769 qua:
2084 702 2298 755 misceri
2358 718 2463 756 non
2516 714 2748 773 possunt
2776 706 3132 763 commiscere
3160 707 3184 761 ?
3209 707 3397 777 Neque

1828 793 1973 847 enim
2014 796 2205 850 eodem
2259 796 2419 850 modo
2452 797 2517 851 de
2548 798 2860 853 meonomia
2887 796 3117 864 Christi,
3160 800 3396 854 unione-

1829 899 1939 951 que
1971 900 2092 939 cum
2128 888 2267 956 ipso,
2309 895 2362 939 et
2394 886 2460 940 de
2487 889 2884 957 compositione
2935 888 3169 943 hominis
3200 890 3397 944 divinae

1832 976 2046 1032 Littera:
2106 982 2269 1033 verba
2328 977 2535 1032 faciunt
2567 997 2582 1044 ;
2615 982 2706 1034 sed
2759 996 2853 1049 per
2903 980 3276 1051 synecdochen
3323 997 3397 1037 ex

1832 1078 1983 1139 parte
2017 1078 2213 1133 totum,
2248 1071 2330 1125 vel
2358 1086 2425 1125 ex
2468 1080 2584 1124 toto
2638 1081 2843 1139 partem
2874 1073 2941 1126 de
2982 1073 3204 1127 homine
3252 1072 3400 1127 Scri-

1832 1172 2048 1230 pturam
2090 1162 2291 1228 dicere,
2325 1165 2471 1234 quod
2505 1174 2558 1218 et
2584 1174 2638 1218 tu
2688 1180 2909 1234 quoque
2942 1164 3256 1231 insinuasti,
3314 1164 3402 1220 vel

1831 1257 1897 1306 ab
1932 1253 2113 1305 anima
2149 1262 2380 1316 tantum,
2437 1256 2518 1309 vcl
2549 1272 2576 1309 a
2623 1270 2855 1325 corpore
2902 1264 3074 1308 totum
3123 1256 3399 1311 hominem

1832 1356 2043 1409 notare,
2093 1345 2174 1399 \el
2206 1362 2234 1396 ιι
2273 1356 2383 1399 toto
2431 1358 2637 1415 partem
2677 1348 3037 1402 inveniemus.
3089 1347 3160 1400 At
3205 1363 3404 1417 appro-

1829 1439 2123 1507 priationis
2177 1437 2404 1491 modum
2473 1453 2648 1507 neque
2705 1439 2771 1494 de
2830 1438 3055 1493 Christo
3111 1440 3402 1494 ostendere

1839 1531 2087 1598 potuisti,
2122 1541 2335 1584 tantum
2378 1531 2554 1593 abest,
2590 1540 2648 1584 ut
2676 1529 2742 1585 de
2771 1530 3105 1586 humanitate
3131 1532 3181 1586 id
3206 1532 3401 1604 egeris.

1836 1624 1925 1675 Sic
1990 1637 2209 1693 quoque
2276 1622 2659 1677 retributionis
2719 1622 2962 1687 modum,
3018 1622 3111 1692 qui
3163 1638 3227 1677 ea
3283 1636 3406 1693 qua:

1834 1713 2081 1781 corporis
2111 1720 2239 1766 sunt
2265 1712 2461 1765 anima:
2491 1711 2880 1775 communicat,
2920 1719 3014 1765 aut
3036 1728 3156 1780 quae
3185 1712 3402 1778 animm,

1836 1803 2067 1871 corpori,
2117 1817 2225 1855 non
2271 1804 2478 1871 absque
2497 1816 2684 1855 errore
2729 1810 3050 1871 prosecutus
3091 1817 3190 1857 es:
3226 1816 3406 1871 neque

169 1890 404 1960 σώματος
450 1893 530 1953 είς
578 1891 677 1960 τὴν
710 1891 914 1962 ψυχὴν,
966 1892 999 1961 ἢ
1042 1892 1141 1961 τῆς
1187 1891 1364 1962 ψυχῆς
1397 1894 1478 1956 είς
1524 1892 1593 1944 τὰ
1635 1890 1728 1943 τοῦ

1846 1895 1979 1946 enim
2044 1891 2424 1947 retributionis
2473 1900 2567 1944 aut
2604 1892 3057 1961 appropriationis
3088 1892 3305 1947 modum
3339 1892 3407 1947 de

175 1983 435 2052 σώματος,
466 1983 876 2052 διεσφαλμένως
908 1982 1201 2051 διεξῆλθες·
1239 1985 1337 2036 οὐκ
1367 1982 1480 2036 ἐστι
1511 1982 1616 2051 γάρ
1644 1982 1732 2035 τὸν

168 2073 353 2141 τρόπον
386 2076 481 2143 τῆς
506 2074 827 2136 άντιδόσ;ως
847 2115 862 2138 ,
892 2074 923 2143 ἦ
959 2074 1058 2143 τῆς
1089 2074 1414 2139 οἰκειώσεως
1439 2076 1529 2127 ἐπὶ
1558 2074 1733 2144 ψυχῆς

172 2170 251 2218 καὶ
291 2167 544 2236 σώματος
577 2167 869 2237 λεγόμενον
897 2167 1279 2238 εὑρίσκεσθαι,
1313 2169 1388 2232 ὼς
1429 2170 1523 2221 καὶ
1556 2171 1619 2222 σὺ
1649 2170 1735 2221 διὰ

170 2259 267 2310 τῶν
308 2259 417 2311 σῶν
454 2260 916 2330 παραδειγμάτων
956 2260 1184 2328 ἔφησθα.
1214 2261 1288 2313 Τὸ
1324 2260 1431 2330 γάρ
1460 2260 1737 2330 εἰρηκέναι

173 2368 244 2413 σε,
268 2352 348 2403 ὅτι
381 2350 534 2420 παρὰ
561 2354 628 2420 τῇ
667 2351 787 2421 θείᾳ
821 2351 1007 2423 Γραφῇ
1046 2353 1292 2404 λέλεκται
1336 2354 1456 2406 ἀντὶ
1490 2353 1738 2422 σώματος

173 2443 383 2513 ἡψυχὴ,
426 2444 485 2495 ἐν
525 2443 602 2512 τῷ
631 2445 803 2495 εἰπεῖν
837 2444 928 2494 τὸν
959 2445 1181 2513 Κύριον·
1211 2444 1306 2510 Μὴ
1335 2445 1740 2512 μεριμνήσητε

173 2533 235 2601 τῇ
270 2533 443 2603 ψυχῇ
475 2534 662 2603 ἡμῶν,
700 2536 756 2588 τί
804 2536 1033 2605 φάγητε
1072 2536 1107 2601 ἢ
1143 2538 1199 2588 τί
1232 2538 1425 2602 πίητε,
1459 2537 1614 2605 δῆλον
1658 2539 1739 2588 ὅτι

171 2626 225 2675 οὐ
265 2624 518 2695 σώματός
569 2627 685 2677 ἐστι
734 2626 795 2675 τὸ
846 2625 1069 2688 ἐσθίειν,
1133 2624 1165 2693 ἦ
1218 2624 1418 2675 πίνειν·
1465 2624 1600 2676 ἀλλὰ
1644 2622 1739 2675 τοῦ

176 2713 597 2781 συναμφοτέρου,
626 2712 770 2779 λέγω
810 2711 875 2781 δὴ
905 2710 998 2763 τοῦ
1033 2711 1199 2774 ζῴου.
1230 2711 1456 2781 Εἴρηται
1487 2712 1595 2780 γὰρ
1631 2711 1742 2769 τοῖς

174 2810 344 2874 σοφοῖς
368 2846 383 2870 ,
417 2805 487 2857 τὰ
520 2805 620 2873 μὲν
651 2805 757 2857 ἴδια
784 2799 921 2857 εἶναι
952 2804 1135 2873 ψυχῆς
1173 2804 1362 2872 μόνης,
1393 2797 1504 2853 οἷὸν
1541 2804 1658 2854 ἐστι
1684 2801 1746 2853 τὸ

174 2900 323 2959 νοεῖν,
358 2900 431 2951 τὰ
462 2898 517 2951 δὲ
550 2898 643 2949 τοῦ
678 2898 1089 2967 συναμφοτέρου
1112 2935 1127 2958 ,
1175 2889 1288 2948 οἷον
1333 2894 1424 2946 τοῦ
1462 2892 1599 2956 ζώου
1621 2934 1634 2955 ,
1684 2891 1745 2944 τὸ

176 2992 384 3055 ἐσθίειν,
419 2991 515 3041 καὶ
549 2989 744 3053 πίνειν,
787 2998 879 3041 καί
914 2988 1219 3051 κινεῖσθαι,
1255 2987 1350 3038 καὶ
1398 2985 1619 3046 bit-vobo,
1654 2985 1747 3034 καὶ

173 3085 529 3152 εἰηρηγορὲναι
554 3120 567 3142 ,
596 3082 688 3132 καὶ
718 3080 786 3131 τὰ
821 3082 1176 3147 παραπλήσια
1210 3079 1276 3129 δι’
1318 3078 1534 3145 ἐκείνην
1569 3077 1747 3144 ὑπάρ-

1835 1985 2015 2037 anima
2048 1994 2102 2038 et
2130 1996 2359 2051 corpore
2387 1983 2587 2036 dictum
2632 1984 2772 2051 potis
2797 1997 2856 2037 es
2880 1983 3184 2048 ostendere,
3208 1998 3405 2052 quem-

1835 2078 2127 2131 admodum
2183 2086 2239 2130 tu
2293 2076 2475 2130 itidem
2514 2090 2611 2145 per
2649 2083 2741 2129 tua
2785 2075 3032 2145 exempla
3076 2076 3403 2141 asseruisti;

1838 2182 1962 2220 nam
1998 2182 2122 2221 cum
2160 2166 2361 2220 astruis
2388 2165 2441 2219 in
2472 2165 2658 2219 divina
2689 2163 2973 2234 Scriptura
3017 2164 3123 2218 dici
3170 2164 3409 2218 animam

1840 2275 1937 2328 pro
1981 2272 2207 2325 corpore
2256 2257 2310 2309 in
2358 2256 2465 2310 illis
2518 2255 2729 2309 Domini
2764 2254 2985 2309 :Noliie
3038 2255 3260 2309 solliciti
3299 2269 3411 2308 esse

1839 2356 2030 2407 animm
2056 2362 2258 2411 vestrm,
2289 2352 2415 2420 quid
2442 2349 2791 2411 manducetis,
2823 2361 2913 2403 aut
2947 2351 3136 2403 bibatis
3167 2350 3210 2414 ',
3242 2349 3411 2405 falsus

1840 2460 1916 2496 ea
1956 2441 2299 2495 Manifestum
2333 2443 2531 2494 ctenim
2592 2449 2675 2494 cst
2723 2442 3057 2494 manducare
3105 2449 3197 2493 aut
3227 2440 3413 2494 bibere

1842 2554 1947 2589 non
1978 2554 2097 2591 esse
2130 2537 2400 2605 corporis,
2450 2536 2543 2588 sed
2594 2536 2902 2604 utriusque,
2966 2535 3219 2589 animalis
3274 2536 3417 2588 dun-

1844 2643 2013 2689 taxat.
2050 2632 2327 2685 l’rolatum
2358 2630 2559 2698 quippe
2588 2640 2671 2682 est
2710 2645 2739 2681 a
2774 2629 3109 2696 sapientibus
3166 2628 3268 2681 alia
3293 2642 3416 2684 esse

1843 2726 2061 2796 propria
2099 2724 2295 2777 anima:
2327 2722 2523 2782 solius.
2571 2730 2630 2774 ut
2682 2720 3007 2789 intelligere,
3057 2720 3164 2775 alia
3213 2720 3418 2774 utrius-

1844 2830 1972 2883 que,
2009 2812 2302 2865 animantis
2348 2826 2566 2879 nempo,
2604 2819 2661 2862 ιιι
2689 2811 2868 2874 edere,
2924 2810 3132 2874 bibere,
3186 2809 3416 2875 moveri,

1845 2906 2106 2968 dormire,
2160 2913 2211 2955 et
2269 2902 2515 2966 vigilare,
2563 2910 2616 2953 ct
2664 2899 2747 2953 his
2797 2900 2994 2953 similia
3038 2908 3256 2969 propter
3293 2913 3413 2952 eam

1846 2997 2183 3051 exsistentin.
2224 2992 2313 3047 Sic
2339 3008 2558 3061 quoque
2607 3007 2837 3063 magnus
2872 2991 3104 3046 Basilius
3136 2992 3418 3046 decernit:

1850 3090 2097 3157 Corporis
2144 3102 2271 3140 vero
2318 3087 2537 3153 propria
2573 3094 2722 3146 sunt,
2771 3085 2966 3149 secari,
3005 3094 3101 3137 aut
3135 3084 3216 3136 uri
3257 3101 3269 3133 -.
3312 3083 3421 3137 alia

177 3191 348 3240 χοντα.
393 3168 673 3229 Ὡσαύτως
696 3170 751 3220 δὲ
780 3171 873 3221 καὶ
900 3168 975 3236 τῷ
1008 3169 1229 3236 μεγάλῳ
1256 3165 1540 3232 Βασιλείῳ.
1577 3162 1745 3213 ’Λλλα

1857 3197 1982 3233 vero
2038 3186 2165 3233 sunt
2227 3176 2478 3244 corporis
2542 3176 2792 3241 animati,
2859 3184 2919 3227 ut
2971 3175 3236 3229 delassari
3273 3173 3422 3228 :alia

172 3267 410 3332 σώματος
445 3262 576 3323 ἱδια,
604 3254 716 3312 οἷον
754 3263 813 3312 τὸ
850 3259 1181 3329 τέμνεσθαι,
1214 3260 1247 3329 ἢ
1294 3257 1577 3310 καίεσθαι·
1610 3256 1743 3309 ἄλλα

171 3357 219 3405 δέ
248 3357 501 3426 σώματος
527 3354 771 3424 ἐμψύχου
794 3394 809 3416 ,
839 3347 949 3405 οἷον
972 3352 1033 3404 τὸ
1065 3354 1262 3421 κοπιᾷν
1282 3367 1295 3380 ·
1326 3351 1461 3403 ἄλλα
1483 3352 1538 3403 δὲ
1567 3350 1744 3419 ψυχῆς

174 3446 373 3515 σώματι
402 3449 698 3515 χρωμένης
723 3482 738 3507 ,
765 3438 875 3496 οἷον
898 3445 958 3495 τὸ
999 3443 1319 3506 λυπεῖσθαι,
1348 3442 1405 3493 τὸ
1434 3442 1742 3510 ἀδημονεῖν,

177 3540 309 3607 αῖερ
337 3541 462 3590 ἐστὶ
490 3538 585 3589 τοῦ
612 3535 1020 3605 συναμφοτέρου
1046 3535 1187 3587 κατὰ
1211 3534 1556 3602 συνεκδοχῂν.
1599 3532 1746 3583 Ἐλέ-

170 3630 264 3699 χθη
289 3630 346 3681 ὅὲ
388 3630 476 3690 τὸ,
509 3629 608 3694 Μὴ
645 3626 1056 3695 μεριμνήσητε
1107 3623 1180 3693 τῇ
1230 3622 1401 3692 ψυχῇ
1448 3622 1635 3691 ὑμῶν,
1694 3625 1748 3675 τι

172 3720 415 3789 φάγητε,
448 3719 488 3785 ἣ
515 3718 573 3771 τί
594 3720 791 3783 πίητε,
814 3717 1090 3769 τουτέστιν
1112 3715 1263 3768 αὐτοὶ
1295 3716 1469 3784 ὑμεῖς.
1521 3713 1748 3783 Ὁμοίως

173 3815 223 3865 δὲ
266 3817 358 3866 καὶ
399 3816 475 3865 τά
506 3813 671 3865 λοιπά
702 3811 802 3863 ὅσα
834 3813 898 3863 ἂν
940 3810 1070 3878 περὶ
1101 3807 1291 3860 τούτου
1326 3806 1599 3875 διεξῆλθες
1625 3844 1640 3869 ,
1682 3805 1751 3857 τὰ

176 3906 439 3977 λεγόμενα
491 3906 636 3959 κατα
679 3904 1024 3972 συνεκδοχην,
1056 3903 1135 3963 εἰς
1177 3901 1268 3953 τὸν
1310 3904 1403 3968 τῆς
1434 3900 1752 3961 ἀντιδόσεως

175 4004 362 4068 τρόπον
393 3999 700 4068 μετέφερες
723 4035 737 4057 ,
766 3994 987 4063 ἀμαθῶς
1015 3994 1107 4044 καὶ
1150 3994 1386 4062 ἀκρίτως
1419 3992 1607 4043 ποιων.
1645 3992 1753 4042 Καὶ

177 4088 330 4138 ταῦτα
361 4090 468 4155 μὲν
501 4091 632 4153 περὶ
662 4084 864 4136 τούτων
896 4076 1016 4134 ὦδε.

244 4179 330 4249 ιη’.
374 4180 555 4232 Πάλιν
604 4177 660 4229 δὲ
704 4181 760 4227 εν
790 4175 865 4243 τῷ
898 4172 1181 4243 γράμματί
1234 4189 1324 4223 σου
1353 4169 1540 4236 ὥσπερ
1567 4163 1755 4218 ἑαυτὸν

177 4274 534 4327 ἁτεαλὶάττων
566 4270 911 4339 ἐγκλήματος
962 4267 1050 4320 διὰ
1091 4267 1153 4318 τὸ
1197 4267 1531 4334 γεγραφέναι
1567 4262 1710 4330 ἡμᾶς
1738 4298 1753 4322 ,

171 4367 245 4419 ὅτι
286 4371 334 4420 εἰ
381 4369 524 4437 μίαν
574 4367 739 4433 φύσιν
772 4364 863 4415 ἐπὶ
910 4360 1147 4432 Χριστοῦ
1196 4359 1478 4424 ὅοξάζετε,
1512 4354 1755 4425 συμϐαίη

176 4462 257 4521 ἂν,
287 4462 319 4531 ἦ
353 4460 514 4511 θείαν
566 4456 729 4525 μόνον
772 4452 975 4521 ταύτην
1016 4446 1189 4515 εἶναι,
1228 4449 1262 4518 ἦ
1309 4446 1677 4517 ἀνθρωπίνην,
1724 4445 1755 4515 ἦ

1849 3278 2063 3329 animm.
2094 3287 2212 3340 qua:
2240 3282 2467 3337 corpore
2495 3268 2685 3331 utitur,
2722 3277 2775 3319 ut
2808 3266 3045 3328 tristitia,
3069 3272 3162 3319 aut
3188 3279 3424 3319 maerore

1845 3364 2006 3427 allici,
2027 3375 2146 3430 qum
2176 3360 2463 3424 utriusque
2512 3371 2604 3424 per
2632 3356 3005 3425 synecdochen
3039 3362 3182 3408 sunt.
3210 3354 3421 3407 Dictum

1847 3472 1974 3509 vero
2001 3466 2101 3515 est,
2134 3452 2307 3505 Nolite
2333 3451 2545 3503 solliciti
2570 3464 2677 3501 esse
2707 3450 2896 3501 animm
2919 3458 3097 3499 vrslra'
3113 3445 3238 3515 quid
3269 3462 3423 3499 man-

1846 3548 2069 3608 ducetis,
2104 3555 2192 3595 aut
2216 3543 2428 3606 bibatis,
2463 3542 2563 3593 hoc
2593 3549 2676 3593 est
2697 3554 2794 3592 vos
2820 3540 2941 3607 ipsi.
2972 3538 3233 3591 Similiter
3259 3540 3421 3593 etiam

1847 3655 2187 3710 qnmconqne
2220 3637 2286 3691 de
2323 3636 2422 3689 hoc
2452 3636 2812 3696 disserueras,
2859 3646 2979 3700 quae
3022 3646 3116 3700 per
3152 3631 3421 3701 synecdo-

1849 3733 1984 3784 chen
2034 3731 2177 3783 dicta
2221 3736 2367 3791 sunt,
2405 3727 2469 3779 ad
2537 3723 2913 3777 retributionis
2960 3722 3180 3775 modum
3229 3722 3424 3790 ignave

1851 3832 1903 3875 ct
1970 3823 2105 3874 citra
2169 3819 2437 3888 judicium
2488 3814 2861 3869 transvexisti.
2920 3812 2986 3866 Et
3036 3812 3153 3868 haec
3202 3812 3422 3876 quidem

1851 3917 1917 3970 de
1945 3916 2031 3971 his
2071 3914 2225 3969 satis.

1927 4186 2011 4241 lS.
2038 4184 2247 4237 Rursus
2275 4183 2325 4235 in
2360 4181 2585 4251 cpismla
2617 4188 2707 4232 tua
2770 4180 3116 4244 temetipsum
3143 4191 3170 4229 a
3196 4175 3428 4232 crimine

1855 4278 2125 4341 liberans,
2155 4275 2299 4344 quod
2344 4289 2442 4326 nos
2486 4270 2888 4339 scripserimus,
2930 4268 2975 4322 si
3013 4281 3175 4320 unam
3216 4274 3424 4319 tantum

1858 4369 1910 4421 in
1960 4366 2180 4421 Christo
2229 4374 2479 4418 naturam
2520 4360 2785 4423 statuitis,
2819 4360 3121 4425 continget,
3155 4366 3250 4409 aut
3287 4355 3427 4410 divi-

1860 4474 1983 4511 nam
2013 4465 2222 4510 tantum
2267 4469 2386 4509 eam
2421 4468 2562 4517 esse,
2591 4459 2685 4504 aut
2720 4452 3032 4511 humanam,
3067 4455 3162 4501 aut
3187 4446 3427 4500 divinam

176 4549 623 4622 μταὸεὸλῆσθαι
652 4547 752 4617 τὴν
798 4544 947 4597 θείαν
979 4547 1057 4607 εἰς
1102 4543 1202 4613 τὴν
1230 4539 1514 4611 ἀνθρώπου
1540 4579 1555 4602 ,
1590 4539 1622 4609 ἢ
1656 4538 1751 4608 τὴν

1862 4551 1913 4603 in
1964 4550 2259 4602 humanam
2310 4546 2649 4600 immutatam
2699 4542 2891 4605 fuisse,
2926 4550 3021 4593 aut
3057 4540 3348 4593 humanam
3374 4538 3428 4590 in

174 4642 453 4711 ἀνθρώπου
494 4640 583 4701 είς
616 4638 715 4707 τὴν
762 4635 933 4698 θείαν,
979 4634 1010 4704 ἢ
1062 4633 1315 4685 συνθέτου
1366 4632 1491 4700 μιᾶς
1540 4632 1753 4697 φύσεως

180 4734 319 4797 ὄντος
344 4734 441 4788 τοῦ
472 4728 725 4802 Χριστοῦ
744 4768 759 4793 ,
785 4727 1105 4797 σωζομένων
1132 4726 1370 4795 δηλονότι
1400 4724 1506 4774 τῶν
1543 4722 1754 4791 φύσεων

176 4828 600 4897 ἀμταὸλητων,
647 4822 864 4890 ἀνάγκη
903 4819 997 4871 καὶ
1049 4818 1141 4870 τοῦ
1187 4817 1397 4886 ΙΙατρὸς
1449 4816 1545 4885 τὴν
1596 4815 1757 4882 φύσιν

180 4920 423 4973 σύνθετον
451 4916 607 4971 εἶναι
631 4956 644 4977 ,
667 4913 757 4966 διὰ
780 4911 839 4965 τὸ
874 4910 967 4962 καὶ
1012 4909 1151 4979 μετὰ
1180 4908 1275 4977 τὴν
1325 4909 1517 4960 ἕνωσιν
1542 4906 1756 4974 ὁμοφυῆ

183 5016 265 5065 καὶ
290 5013 593 5082 ὁμοούσιον
636 5005 775 5059 εἶναι
815 5004 904 5056 τὸν
936 5002 1169 5073 Χριστὸν
1198 5002 1332 5070 μετὰ
1370 4999 1463 5051 τοῦ
1502 4999 1636 5051 Θεοῦ
1668 4998 1759 5049 καὶ

180 5108 401 5177 Πατρὸς,
428 5109 529 5159 καί
566 5101 669 5188 τοῖς
716 5101 872 5165 ἁγίου
908 5096 1254 5169 ιΙνεύματος,
1288 5091 1320 5163 ἢ
1357 5092 1431 5161 μὴ
1465 5087 1603 5143 εἶναι
1632 5093 1762 5157 ὁμο-

184 5204 281 5271 φυῆ
320 5205 415 5255 καὶ
456 5185 762 5271 ὁμοούσιον
802 5193 895 5245 τοῦ
932 5191 1066 5243 Θεοῦ
1107 5190 1202 5241 καὶ
1237 5186 1449 5256 Πατρὸς
1492 5188 1583 5238 τὸν
1615 5185 1760 5250 Υίόν,

184 5297 265 5346 καὶ
293 5301 431 5364 μετὰ
467 5293 576 5360 τὴν
621 5290 836 5341 ἕνωσιν·
868 5285 962 5336 καὶ
997 5283 1166 5335 πολλὰ
1204 5280 1377 5334 ἄτοπα
1408 5278 1546 5347 τάχα
1578 5278 1641 5331 ἄν
1675 5296 1759 5339 τις

185 5388 241 5439 ὲκ
284 5386 437 5439 τοῦδε
482 5382 588 5438 τοῦ
633 5382 794 5448 λόγου
848 5375 1103 5439 συνάξει,
1158 5374 1317 5435 αὐτὸς
1363 5372 1462 5442 τὴν
1507 5370 1761 5438 τοιαύτην

187 5483 387 5553 γραφὴν
444 5480 655 5547 ὥσπερ
708 5474 1138 5543 ἀποθαυμάζων,
1209 5470 1303 5523 καὶ
1358 5469 1553 5522 ἑαυτὸν
1604 5466 1759 5527 ὲκτδς

181 5574 522 5646 ἐγκλήματος
555 5566 831 5623 συνιστῶν
857 5559 959 5618 ὧδέ
1002 5582 1078 5634 πη
1115 5562 1379 5635 γράφεις·
1426 5559 1763 5627 Ἐθαύμασα

190 5670 306 5735 περὶ
346 5662 436 5721 ὧν
491 5664 782 5734 ἔγραψας
817 5660 885 5713 ἐν
932 5657 1012 5724 τῷ
1057 5656 1348 5726 γράμματι
1398 5654 1607 5717 τούτῳ.
1656 5652 1765 5705 Καὶ

249 5845 477 5903 'Ilatth.
509 5861 589 5913 vr,
623 5838 721 5896 ‘25.

1862 4642 2100 4695 divinam
2149 4658 2163 4695 :
2213 4639 2295 4692 vq-l
2345 4636 2662 4706 compositae
2699 4635 2862 4688 unius
2910 4642 3119 4686 natura:
3179 4645 3301 4684 eum
3361 4629 3429 4682 sit

1863 4733 2134 4796 Christus,
2187 4746 2294 4784 non
2342 4730 2585 4783 alteratis
2642 4729 2905 4780 duntaxat
2955 4724 3184 4787 naturis,
3211 4737 3432 4777 necesse

1865 4824 2029 4878 fuerit
2085 4830 2139 4876 et
2191 4819 2366 4874 Patris
2397 4827 2646 4872 naturam
2683 4814 3046 4883 compositam
3091 4827 3210 4866 esse
3245 4831 3257 4864 :
3289 4808 3431 4878 quod

1865 4914 2029 4969 etiam
2076 4921 2198 4980 post
2228 4910 2481 4965 unionem
2522 4907 2768 4976 ejusdem
2829 4915 3038 4958 natura
3075 4911 3131 4958 et
3181 4901 3433 4956 essentia:

1866 5020 1986 5059 cum
2022 5004 2157 5067 Deo,
2186 5012 2238 5055 et
2263 5001 2438 5065 Patre,
2468 5008 2522 5054 et
2552 4998 2755 5067 Spiritu
2799 5006 2990 5051 sancto
3032 4994 3281 5048 Christus
3313 4992 3382 5046 sit
3415 5008 3429 5045 :

1867 5104 1960 5150 aut
1990 5112 2097 5149 non
2124 5109 2245 5149 esse
2274 5091 2519 5163 ejusdem
2554 5101 2764 5145 natura:
2812 5099 2867 5143 et
2895 5088 3140 5142 essentia:
3167 5098 3290 5139 cum
3328 5083 3434 5136 Deo

1866 5197 1920 5241 et
1950 5187 2107 5241 Patre
2132 5184 2328 5239 Filium
2359 5184 2522 5237 etiam
2558 5192 2679 5252 post
2722 5181 3008 5241 unionem;
3040 5186 3094 5232 et
3130 5177 3294 5230 multa
3331 5173 3433 5226 alia

1867 5280 2101 5334 absurda
2158 5277 2298 5332 alius
2341 5290 2405 5330 ex
2444 5275 2545 5329 hac
2581 5274 2825 5329 oratione
2875 5272 2927 5325 in
2979 5284 3147 5324 unum
3201 5267 3433 5335 colliget.

1870 5373 1999 5434 lloc,
2020 5372 2264 5441 inquam,
2289 5370 2495 5438 scripto
2515 5367 2676 5421 veluti
2708 5367 2761 5420 in
2786 5364 3201 5419 admirationem
3229 5370 3437 5427 raptus,

1870 5472 2073 5531 teqnea
2096 5460 2323 5515 crimine
2356 5459 2657 5512 immunem
2684 5455 3070 5525 comprobans,
3100 5451 3172 5505 ita
3204 5449 3398 5505 scribis
3424 5462 3438 5499 :

1869 5552 2227 5605 Admirationi
2255 5550 2385 5603 mihi
2423 5550 2658 5620 fuerunt,
2690 5560 2810 5616 qua
2839 5546 2960 5597 huic
2998 5545 3193 5612 scripto
3223 5539 3441 5593 commi—

1871 5662 2015 5700 seras
2070 5660 2090 5699 :
2131 5652 2186 5699 et
2232 5650 2359 5713 post
2392 5656 2561 5713 pauca
2604 5660 2617 5695 :
2673 5638 2879 5693 Etenim
2918 5636 2964 5692 si
3012 5652 3105 5690 nos
3169 5635 3445 5703 conluserit
