4194 6432
704 363 808 428 ut?

1957 352 2250 415 NICET/E
2285 350 2689 412 BYZANTINI

3862 346 3973 414 618

704 473 997 526 mistionem
1015 469 1233 524 dicimus
1264 468 1316 521 in
1348 468 1547 524 Citriin
1578 468 1806 531 naturis,
1838 465 2281 536 quemadmodum

2423 465 2529 519 ,ετᾶι
2567 464 2807 535 βραχέα’
2865 462 3006 516 Ἐὰν
3037 461 3146 533 γὰρ
3187 462 3357 533 ἡμεῖς
3388 464 3777 533 πεφυρμένην
3814 467 3983 531 μίξιν

702 581 843 631 aqua
894 573 941 617 et
976 564 1153 616 vinum
1192 561 1446 630 permista
1497 562 1710 615 omnino
1764 560 1985 628 confusa
2033 566 2186 615 sunt;
2217 554 2291 607 vel

706 666 760 707 ut
812 657 865 709 in
919 654 1227 723 conflatm-io
1284 653 1419 721 ignis
1468 668 1680 713 aurum,
1743 661 1793 705 et
1845 659 2116 719 argentum
2172 648 2290 715 fusa

707 749 910 813 penitus
948 744 1374 811 confunduntur,
1406 759 1504 794 non
1535 742 1813 795 dissideret
1843 740 2054 793 omnino
2092 738 2155 790 ab
2187 738 2291 800 liis,

707 852 824 904 qua:
865 834 1110 885 dicimus.
1158 830 1217 885 Si
1271 848 1387 884 vero
1454 831 1515 883 ab
1572 830 1651 883 Itis
1706 829 2125 899 disjunctissima
2180 836 2290 890 est,

705 942 863 995 quam
898 942 990 977 nos
1021 940 1265 977 vocamus
1298 923 1588 975 mistionent
1628 921 1778 975 Verbi
1804 922 1895 975 Dei
1927 936 2044 973 cum
2080 919 2294 988 proprio

706 1034 941 1087 rut-pore,
976 1016 1416 1087 quemadmodum
1450 1016 1623 1068 lumen
1655 1031 1771 1067 cum
1805 1013 1978 1073 radio,
2013 1012 2117 1065 sive
2158 1010 2293 1080 ignis

704 1126 822 1162 rum
882 1126 1034 1173 auro,
1078 1110 1190 1161 sive
1216 1108 1435 1175 spiritus
1498 1122 1615 1158 cum
1672 1120 1884 1170 corpore
1935 1104 2074 1155 citra
2128 1101 2293 1153 ullam

706 1200 1125 1253 immutationem
1180 1206 1229 1252 et
1294 1198 1716 1266 separationem,
1781 1195 2044 1247 immerito
2127 1193 2290 1262 igitur

709 1295 858 1345 nobis
894 1293 1124 1346 convitia
1168 1292 1430 1360 ingeritis,
1456 1290 1731 1358 justitiam
1768 1288 2152 1350 conculcuntes,
2188 1294 2293 1339 etc.

710 1386 775 1437 Et
805 1384 871 1437 ad
928 1384 1069 1437 banc
1106 1392 1422 1437 naturarum
1463 1384 1721 1436 unionem
1778 1378 2124 1433 inconfusam
2168 1392 2298 1429 con-

712 1474 1117 1539 stabiliendam,
1152 1473 1472 1541 Gregorium
1502 1471 1839 1539 Tlieologum
1901 1478 1955 1522 et
1986 1478 2295 1522 consm'tem

713 1568 881 1629 illius,
914 1566 1354 1635 concordemque
1381 1564 1545 1618 alium
1581 1562 2055 1630 Thaumaturqum
2096 1560 2301 1629 Grego-

712 1660 853 1711 rium
902 1660 954 1712 id
1013 1658 1159 1712 idem
1204 1667 1543 1712 asserentem
1593 1654 1837 1709 adducis.
1873 1652 1939 1707 Et
1979 1667 2079 1707 nos
2114 1653 2166 1707 in
2200 1652 2301 1706 lioc

714 1752 833 1806 solo
887 1751 1268 1806 convenimus.
1306 1749 1397 1804 Sic
1435 1747 1635 1802 videris
1684 1747 1905 1817 quidem
1965 1746 2304 1801 criminatio-

2400 559 2665 627 λέγωμεν
2685 558 2773 622 εις
2811 558 2915 622 τὰς
2944 555 3053 609 τοῦ
3098 557 3355 624 Χριστοῦ
3400 557 3616 625 φύσεις
3636 598 3649 618 ,
3680 555 3886 625 ὥσπερ
3915 562 3983 612 τὸ

2400 651 2559 719 ὕδωρ
2592 650 2739 721 μετὰ
2767 650 2871 704 τοῦ
2900 651 3070 704 οἴνου
3093 650 3339 719 μιγέντα
3371 650 3603 712 πάντως
3630 648 3719 702 ὅτι
3754 667 3988 718 πεφυρ-

2396 741 2569 810 μέναι
2617 740 2808 804 εἰσὶν,
2866 740 2903 806 ἢ
2943 741 3145 809 ὥσπερ
3188 740 3285 791 ἐπὶ
3335 740 3737 807 χωνευτηρίου
3794 742 3989 805 πινρές

2402 833 2633 901 χρυσὸς
2680 834 2834 900 λέγω
2886 832 2981 883 καί
3019 832 3255 899 ἄσημος
3295 834 3693 899 χωνευόμενοι
3744 834 3991 895 πάντως

2403 920 2499 973 καὶ
2543 922 2857 988 φύρονται,
2896 915 3062 987 εἶχεν
3090 919 3166 972 ἂν
3213 919 3531 987 ὁμοιότητα
3579 914 3664 971 ὧν
3707 919 3989 987 λέγομεν.

2403 1016 2471 1068 Et
2493 1013 2559 1066 δὲ
2584 1013 2807 1077 ἔξωθεν
2830 1014 3055 1066 τούτων
3073 1011 3262 1075 ἐστίν,
3294 1011 3373 1078 ἢν
3397 1011 3661 1080 λέγωμεν
3681 1013 3851 1080 μίξιν
3880 1012 3991 1064 τοῦ

2403 1108 2596 1175 Λόγου
2629 1105 2735 1157 τοῦ
2772 1104 2921 1158 Θεοῦ
2957 1104 3107 1173 μετὰ
3133 1101 3239 1155 τοῦ
3266 1102 3423 1157 ἰδίου
3456 1103 3750 1171 σώματος,
3784 1103 3994 1171 ὥσπερ

2403 1195 2529 1266 φῶς
2560 1196 2715 1266 μετὰ
2752 1196 2863 1264 τῆς
2897 1196 3163 1261 ἀκτῖνος,
3228 1194 3348 1247 εἴτε
3378 1195 3496 1263 πῦρ
3522 1197 3669 1264 μετὰ
3708 1196 3814 1248 τοῦ
3846 1214 3996 1263 xpu-

2403 1291 2555 1355 σοῦ,
2594 1294 2631 1360 ἢ
2673 1290 2908 1359 πνεῦμα
2968 1291 3119 1357 μετὰ
3164 1289 3270 1343 τοῦ
3317 1287 3586 1356 σώματος
3638 1289 3998 1357 ἀπαραλλά-

2406 1399 2559 1448 κτως
2574 1383 2669 1435 καί
2695 1382 3040 1452 ἀχωρίστως
3064 1418 3079 1443 ,
3116 1380 3333 1435 λοιπὸν
3357 1379 3573 1445 ἀδίκως
3600 1378 3755 1448 ἡμᾶς
3787 1380 3995 1434 ἀοιδοί

2398 1474 2579 1540 ρεῖτε,
2626 1472 3114 1536 καταπατοῦντες
3160 1470 3276 1538 τὴν
3317 1471 3737 1535 δικαιοσύνην,
3791 1473 3883 1522 καί
3925 1470 3999 1522 τὰ

2407 1565 2551 1634 ἑξῆς.
2606 1565 2715 1616 Kal.
2761 1563 3088 1617 ἑπιὸεδαιῶν
3117 1562 3216 1631 τὴν
3259 1563 3566 1631 ἁσύγχυτον
3613 1562 3721 1614 τῶν
3776 1563 3999 1630 φύσεων

2407 1657 2622 1718 ἕνωσιν,
2651 1656 3062 1725 προκεκόμικας
3096 1652 3394 1723 Γρηγόριον
3436 1654 3527 1705 τὸν
3554 1651 3812 1719 Θεολόγον
3837 1653 4001 1705 τοῦτο

2410 1747 2543 1801 αὐτὸ
2592 1747 2871 1815 φάσκοντα
2897 1786 2910 1813 ,
2944 1746 3037 1799 καὶ
3074 1746 3167 1798 τὸν
3200 1745 3448 1815 ὁμοταγῆ
3495 1744 3661 1798 αὐτοῦ
3717 1747 3810 1798 καὶ
3859 1745 3997 1813 ὁμό-

717 1858 839 1897 nem
900 1832 1161 1911 effugere,
1192 1841 1338 1911 quod
1368 1839 1648 1896 existimes
1694 1840 1859 1896 unius
1905 1842 2299 1896 naturazunio-

2423 1856 2579 1907 ρρονα
2644 1839 2943 1910 Γρηγόριον
3008 1837 3098 1891 τὸν
3152 1837 3603 1906 Θαυματουργόν.
3658 1839 3837 1908 Ὅπερ
3896 1836 4000 1889 καὶ

718 1951 840 1989 nem
886 1936 937 1989 in
981 1934 1201 1990 Christo
1231 1935 1439 2004 absque
1466 1933 1791 1989 confusione
1858 1932 2029 1988 fuisse
2078 1932 2299 1996 factam,

716 2043 880 2095 quam
928 2036 981 2081 et
1014 2026 1308 2097 profiteris.
1339 2026 1443 2081 Per
1472 2042 1537 2082 ea
1575 2028 1755 2096 itaque
1790 2042 1909 2097 qum
1943 2026 2057 2096 ipse
2080 2027 2304 2081 confitc-

719 2121 794 2175 tis
829 2129 883 2175 et
930 2120 1147 2186 scribis,
1192 2128 1400 2174 tantum
1428 2120 1601 2183 abest,
1654 2128 1715 2174 nt
1741 2119 1982 2174 maculas
2039 2131 2305 2189 notasque

718 2213 942 2277 evadas,
1033 2222 1093 2267 ut
1180 2211 1363 2281 potius
1445 2214 1553 2266 tuis
1656 2211 1770 2282 ipse
1848 2212 1950 2267 alis
2050 2212 2304 2281 capiaris.

719 2304 875 2368 Quod
942 2317 1007 2357 ex
1072 2303 1158 2358 his
1241 2312 1489 2374 apertum
1574 2302 2035 2373 manifestumque
2122 2303 2306 2357 fuerit.

721 2398 901 2450 Omne
930 2396 1299 2465 compositum
1328 2410 1491 2449 uuam
1523 2402 1775 2448 naturam
1806 2393 2045 2449 efﬁciens
2063 2409 2127 2448 ex
2157 2408 2311 2448 como

724 2489 992 2556 positione
1017 2528 1030 2550 ,
1094 2496 1190 2541 aut
1248 2487 1585 2541 immistione
1611 2527 1625 2551 ,
1683 2495 1776 2540 aut
1828 2486 2192 2549 confusione,
2217 2496 2312 2540 aut

721 2581 926 2634 unione
976 2578 1265 2634 inconfusa
1317 2578 1453 2634 efliei
1513 2578 1749 2633 dicimus
1797 2621 1809 2634 .
1860 2580 2225 2645 immistione,
2256 2589 2314 2634 ut

723 2678 971 2721 nostrum
1006 2683 1229 2737 corpus,
1256 2676 1309 2721 et
1339 2668 1443 2722 alia
1472 2683 1694 2737 quoque
1742 2670 1975 2735 ratione,
2004 2670 2095 2724 sed
2142 2671 2313 2737 potis-

717 2760 949 2821 simum,
999 2759 1147 2827 quod
1196 2774 1257 2813 ex
1297 2768 1532 2827 quatuor
1577 2760 1864 2815 elementis
1926 2776 2093 2815 unum
2148 2762 2311 2831 quid,

725 2852 1000 2921 uniusque
1042 2862 1250 2904 natura»
1290 2851 1568 2915 effectura,
1601 2860 1655 2905 et
1725 2853 2133 2921 corruptionem
2186 2869 2312 2922 par-

727 2945 894 3009 tibus,
924 2958 1045 3013 qua:
1075 2952 1454 2997 convenerunt
1482 2943 1535 2995 in
1573 2944 1774 2997 unione
1800 2944 1976 3013 passis
2009 2945 2110 2999 hoc
2144 2954 2315 2998 totum

728 3036 1087 3088 constitutum
1149 3045 1267 3098 est;
1327 3049 1448 3103 qua:
1501 3049 1677 3102 neque
1742 3035 1967 3089 omnino
2025 3050 2051 3086 a
2100 3036 2318 3104 propria

729 3134 959 3190 natura,
1016 3114 1139 3177 cum
1199 3126 1573 3191 conveniunt,
1621 3127 1885 3180 recedunt
1940 3146 1954 3180 :
2018 3138 2130 3181 tum
2170 3129 2315 3182 enim

2407 1931 2566 2001 ἡμεῖς
2598 1931 2655 1983 ὲν
2683 1931 2859 2001 τούτῳ
2919 1927 3319 2000 συμφωνοῦμεν
3360 1928 3540 1998 μόνον.
3570 1928 3662 1981 Διὺ
3686 1929 3864 1993 δοκεῖς
3898 1931 4001 1998 μὲν

2406 2020 2686 2092 διαδρᾶναι
2709 2023 2836 2084 τοὺς
2864 2022 3150 2091 ἐλέγχους,
3175 2019 3240 2072 δι’
3266 2012 3341 2073 ὧν
3370 2019 3471 2073 οῐει
3491 2019 3589 2088 τῆς
3622 2021 3749 2090 μιᾶς
3780 2021 4002 2090 φύσεως

2408 2113 2508 2184 τὴν
2539 2115 2733 2167 ἕνωσιν
2772 2115 2871 2183 τὴν
2904 2115 2997 2166 ὲπὶ
3031 2112 3270 2183 Χριστοῦ
3315 2112 3446 2166 ἄνευ
3487 2111 3802 2181 συγχύσεως
3830 2129 4000 2181 γεγε-

2409 2205 2624 2276 νῆσθαι,
2662 2208 2725 2277 ἣν
2758 2207 2851 2258 καὶ
2879 2206 3185 2275 ὁμολογεῖς,
3218 2206 3315 2274 οὐχ
3350 2204 3551 2274 ἥκιστα
3581 2204 3636 2256 δὲ
3670 2203 3736 2257 δι’
3762 2198 3837 2257 ὧν
3863 2206 4005 2274 γρά-

2411 2317 2533 2371 φεις
2561 2301 2687 2363 τοὺς
2714 2300 2971 2369 ἐλέγχους
3013 2297 3259 2367 ὲκφεύγῃ
3285 2340 3299 2363 ,
3336 2296 3537 2365 μᾶλλον
3564 2296 3621 2349 δὲ
3649 2298 3762 2361 τοῖς
3794 2298 4000 2351 ἑαυτοῦ

2414 2394 2640 2463 πτεροῖς
2688 2392 2993 2464 φωραθήσῃ
3044 2390 3424 2459 ἁλισκόμενος.
3468 2390 3578 2442 Καὶ
3636 2389 3795 2443 τοῦτο
3842 2390 4008 2459 δῆλον

2413 2483 2684 2537 ἐντεῦθενο
2727 2483 2842 2535 Πᾶν
2873 2483 2934 2535 τὸ
2961 2481 3344 2549 συντιθέμενον
3371 2479 3500 2549 μίαν
3524 2480 3684 2547 φύσιν
3709 2482 4009 2535 ἀποτελοῦν

2415 2578 2479 2630 ἐκ
2506 2578 2603 2647 τῆς
2634 2576 2936 2639 συνθέσεως
2961 2615 2975 2639 ,
3006 2576 3038 2645 ἢ
3066 2576 3205 2628 κατά
3232 2576 3450 2645 κρᾶσιν,
3482 2573 3600 2643 ἦτοι
3631 2576 3772 2627 κατὰ
3797 2576 4008 2645 σύγχυο

2419 2684 2501 2721 σιν
2527 2668 2683 2720 τοῦτο
2720 2667 2972 2736 φαίνεται
3018 2668 3326 2737 γινόμενον,
3357 2668 3391 2738 ἢ
3440 2667 3561 2720 καθ’
3594 2670 3787 2722 ἕνωσιν
3830 2668 4009 2735 ἀσύγ-

2418 2776 2596 2829 χυτον.
2644 2761 2752 2812 Καὶ
2794 2760 2934 2811 κατὰ
2969 2760 3165 2828 κρᾶσιν
3208 2761 3329 2830 μὲν,
3364 2757 3475 2816 οἷον
3515 2762 3585 2815 τὰ
3630 2763 3874 2831 ἡμέτερα
3906 2760 4015 2812 aib-

2422 2868 2588 2921 ματα.
2622 2851 2732 2904 Καὶ
2759 2851 2887 2904 ἄλλο
2915 2854 2997 2905 ὅτι
3024 2852 3120 2905 καὶ
3166 2853 3417 2906 πλεῖστον
3447 2856 3511 2907 ἐκ
3547 2855 3831 2923 τεσσάρων
3862 2870 4011 2905 στοι-

2419 2943 2582 3013 χείων
2612 2942 2671 2995 ἓν
2717 2959 2773 2994 τι
2814 2943 2907 2995 καὶ
2942 2944 3071 3012 μιᾶς
3100 2944 3317 3011 φύσεως
3362 2944 3817 3013 ἀποτελούμενον,
3867 2946 4014 3013 σύμ-

2422 3036 2657 3105 φθαρσιν
2697 3036 2806 3088 τῶν
2845 3035 3210 3089 συνελθόντων
3252 3036 3435 3107 μερῶν
3479 3038 3537 3089 ἐν
3580 3040 3647 3106 τῇ
3691 3036 3884 3088 ὲνώσει
3914 3053 4019 3086 πε-

2423 3126 2717 3189 πονθότων,
2774 3126 2834 3179 τὸ
2876 3127 2996 3178 ὅλον
3044 3112 3393 3195 συνέστηκεν,
3441 3127 3477 3180 ἃ
3520 3125 3642 3179 οὔτε
3691 3128 3869 3193 πάντη
3916 3128 4020 3195 τῆς

729 3216 1084 3286 entupositio,
1145 3232 1269 3285 qua:
1308 3227 1704 3284 convenerunt,
1760 3219 1993 3287 partium
2042 3222 2206 3283 unio,
2272 3221 2316 3274 si

2423 3220 2628 3282 οἰκείας
2672 3219 2888 3287 φύσεως
2929 3222 2987 3272 ὲν
3025 3218 3101 3288 τῷ
3150 3220 3425 3273 συνελθεῖν
3476 3219 3591 3290 ἅμα
3623 3219 3935 3289 ἐξέστηκενο
3984 3220 4018 3287 ῆ

729 3310 947 3376 penitus
995 3321 1445 3377 corrumpantur,
1478 3310 1673 3364 merito
1721 3327 1828 3364 non
1872 3313 2178 3377 vocabitur,
2230 3314 2324 3366 sed

730 3398 783 3449 in
822 3400 1009 3466 aliquo
1050 3400 1350 3469 corrumpi,
1391 3401 1442 3454 in
1479 3401 1663 3471 aliquo
1706 3406 2018 3456 conservari
2053 3405 2324 3457 videbun-

728 3501 837 3543 tur.
875 3491 1031 3556 Quod
1062 3508 1192 3546 vero
1231 3508 1298 3546 ex
1330 3494 1480 3547 hisce
1513 3503 1685 3548 totum
1726 3496 1784 3549 fit
1824 3511 1890 3550 ex
1960 3508 2038 3551 tot
2079 3499 2324 3567 quidem.

731 3598 854 3651 quse
902 3592 1301 3651 convenerunt,
1347 3584 1570 3650 dicitur,
1607 3587 1661 3640 in
1710 3588 1819 3643 illis
1887 3606 2017 3644 vero
2054 3591 2329 3659 tantisque

733 3688 857 3741 quin
893 3683 1016 3727 actu
1066 3674 1215 3727 nulla
1248 3688 1400 3740 sunt,
1435 3679 1653 3746 proprie
1692 3694 1801 3733 non
1845 3680 2117 3745 dicentur,
2143 3682 2245 3735 nisi
2280 3681 2329 3734 id

733 3766 939 3833 aliquis
999 3766 1202 3821 virtute
1252 3768 1417 3821 dicat.
1452 3768 1515 3823 Et
1550 3781 1798 3826 nostrum
1828 3788 2050 3841 corpus,
2082 3782 2140 3827 ut
2170 3785 2328 3827 antea

733 3858 999 3919 diximus,
1027 3872 1093 3911 ex
1128 3867 1371 3927 quatuor
1397 3860 1684 3916 elementis
1706 3877 1802 3931 per
1822 3863 2208 3918 immistionem
2238 3872 2332 3919 aut

733 3948 1117 4002 confusionem
1151 3950 1378 4015 factum,
1422 3967 1489 4006 ex
1524 3962 1762 4020 quatuor
1791 3955 2011 4024 quidem
2050 3972 2169 4009 esse
2198 3956 2333 4010 dici-

743 4051 853 4104 tur,
890 4041 943 4095 in
991 4051 1233 4111 quatuor
1287 4052 1491 4109 autem,
1523 4054 1616 4098 aut
1673 4056 1912 4114 quatuor
1960 4049 2157 4102 virtute
2189 4062 2329 4112 esse,

739 4147 1025 4198 nunquam
1058 4148 1190 4189 vero
1235 4143 1360 4189 actu
1413 4134 1645 4191 dicetur.
1691 4137 1795 4192 Sed
1861 4153 2060 4209 corpus
2116 4154 2334 4209 quoque

739 4223 866 4279 licet
892 4237 1167 4280 asseratur
1186 4227 1386 4281 habere
1414 4237 1648 4297 quatuor
1669 4230 1959 4296 elementa,
1994 4234 2143 4286 nullo
2174 4233 2334 4286 modo

738 4313 919 4381 ipsum
972 4315 1217 4383 ejusdem
1274 4324 1485 4370 natura:
1537 4326 1592 4371 et
1641 4318 1895 4373 essentia
1960 4334 2083 4374 cum
2142 4321 2229 4385 iis,
2266 4336 2328 4373 ex

740 4405 942 4473 quibus
965 4409 1333 4476 compositum
1366 4417 1471 4472 est,
1504 4408 1717 4464 dicetur
1752 4428 1765 4463 :
1800 4412 1947 4480 quod
1985 4412 2135 4466 nullo
2166 4413 2330 4466 modo

2428 3309 2533 3380 γὰρ
2574 3311 2639 3363 ἂν
2670 3311 2790 3363 οὐδὲ
2816 3309 3066 3374 σύνθεσις
3094 3312 3126 3379 ἡ
3159 3311 3354 3372 ἓνωσις
3380 3311 3489 3364 τῶν
3520 3310 3883 3363 συνελθόντων
3916 3328 4017 3380 με-

2430 3403 2538 3471 ρῶν
2588 3402 2763 3471 πάντη
2816 3401 3188 3473 φθειρομένων
3231 3402 3455 3467 δικαίως
3504 3403 3571 3456 ἂν
3618 3404 3712 3455 καὶ
3751 3403 4023 3473 κληθείη,

2427 3493 2541 3546 ἀλλ’
2582 3492 2672 3545 ἐπί
2702 3510 2755 3544 τι
2788 3494 2886 3562 μὲν
2914 3493 3057 3559 δόξει
3112 3492 3450 3564 φθείρεσθαι,
3477 3493 3566 3546 ὲπί
3592 3510 3643 3545 τι
3668 3493 3724 3546 δὲ
3756 3493 4025 3562 φυλάττε-

2431 3584 2575 3638 σθαι.
2608 3585 2680 3637 Τὸ
2711 3586 2767 3638 δὲ
2814 3587 2877 3637 ὲκ
2911 3585 3079 3638 τῶνδε
3128 3586 3249 3639 ὅλον
3274 3576 3559 3657 γίνόμενον
3605 3588 3669 3639 ὲκ
3713 3587 3887 3639 τόσων
3922 3589 4024 3657 μὲν

2428 3679 2535 3732 τῶν
2564 3677 2924 3731 συνελθόντων
2948 3678 3189 3746 λέγεται,
3216 3679 3273 3731 ὲν
3298 3679 3529 3743 ἐκείνοις
3558 3679 3636 3743 δὲ,
3662 3679 3696 3749 ἢ
3719 3680 3901 3742 τόσοις
3933 3681 4023 3733 οὑ·-

2430 3769 2617 3839 δαμῶς
2662 3770 2914 3840 ἐνεργείᾳ
2953 3769 3071 3823 οὖσι
3106 3772 3312 3841 κυρίως
3356 3770 3690 3841 ῥηθήσεται,
3734 3772 3783 3823 εί
3830 3773 3905 3841 μή
3941 3788 4025 3835 τις

2431 3861 2591 3914 τοῦτο
2637 3861 2863 3931 δυνάμει
2912 3861 3078 3915 εἴποι.
3129 3863 3239 3915 Ka‘t
3285 3862 3347 3915 τὸ
3386 3864 3657 3933 ἡμέτερον
3706 3863 3902 3931 σῶμα,
3949 3863 4025 3925 ὡς

2434 3953 2775 4023 προέφημεν,
2827 3954 2891 4005 ὲκ
2935 3954 3218 4024 τεσσάρων
3270 3954 3552 4022 στοιχείων
3607 3953 3749 4008 κατὰ
3800 3957 4025 4024 κρᾶσιν,

2434 4044 2553 4113 ἤτοι
2597 4043 2741 4097 κατὰ
2789 4044 3051 4113 σύγχυσιν
3101 4044 3417 4114 γενόμενον,
3472 4046 3537 4097 ἐκ
3587 4045 3869 4115 τεσσάρων
3922 4045 4030 4114 μὲν

2433 4131 2574 4189 εἷναι
2602 4136 2857 4204 λέγεται,
2884 4137 2941 4189 ὲν
2984 4136 3210 4206 τέτρασι
3244 4136 3299 4189 δὲ
3320 4176 3336 4202 ,
3366 4136 3399 4207 ἢ
3430 4137 3671 4207 τέσσαρα
3694 4133 3833 4189 εἷναι
3863 4137 4031 4191 δυνά-

2439 4246 2529 4297 μει
2557 4221 2914 4299 λεχθήσεται,
2946 4228 3197 4299 ἐνεργείᾳ
3226 4229 3281 4281 δὲ
3307 4229 3407 4281 οὐκ
3433 4228 3500 4281 ἂν
3532 4228 3746 4299 ῥηθείη,
3780 4231 3874 4282 καὶ
3896 4229 4030 4281 οὔτε

2436 4321 2497 4373 τὸ
2518 4320 2698 4389 σῶμα,
2732 4321 2780 4373 εί
2812 4320 2905 4373 καὶ
2928 4319 3146 4387 λέγεται
3174 4320 3317 4389 ἔχειν
3343 4321 3583 4391 τέσσαρα
3618 4324 3878 4390 στοιχεῖν
3906 4321 4031 4373 ἀλλ’

2436 4412 2686 4483 οὐδαμῶς
2716 4411 2839 4465 οὔτε
2870 4412 3003 4465 αὐτὸ
3044 4413 3285 4481 ὁμοφυὲς
3326 4414 3419 4466 καὶ
3458 4412 3745 4482 όμοούσιον
3791 4413 3929 4482 πρὸς
3960 4414 4033 4465 τὰ

744 4504 921 4549 totum
954 4499 1397 4553 convenientium
1432 4500 1669 4569 partium
1698 4501 1750 4555 in
1784 4505 2203 4573 compositione,
2237 4521 2316 4560 ne-

2436 4509 2495 4574 ὲξ
2520 4502 2595 4562 ὧν
2635 4508 2892 4579 συνετέθη
2927 4507 3262 4577 ῥηθήσεται,
3298 4507 3388 4561 διὰ
3433 4508 3492 4560 τὸ
3520 4507 3783 4577 μηδαμῶς
3815 4508 3875 4559 τὸ
3903 4507 4033 4560 ὅλον

743 4602 850 4656 que
902 4589 1160 4654 nomina,
1216 4605 1392 4661 neque
1437 4606 1622 4644 earum
1672 4591 2017 4649 definitiones
2067 4595 2328 4650 obtineat.

747 4681 1003 4747 Quiuimo
1055 4698 1232 4752 neque
1286 4684 1585 4754 singularia
1615 4684 1979 4740 humanorum
2016 4703 2331 4758 corporum,

746 4789 869 4843 qua:
895 4776 997 4829 sub
1024 4777 1357 4832 universalia
1386 4778 1654 4832 elementa
1688 4779 2050 4843 reducuntur,
2089 4780 2331 4849 ejusdem

747 4870 1003 4923 essentize
1066 4879 1161 4924 aut
1210 4882 1417 4925 natura:
1443 4872 1715 4926 dicentur.
1756 4871 1913 4939 Quod
1952 4875 1996 4928 si
2043 4889 2139 4943 per
2173 4874 2334 4927 unio-

752 4976 874 5013 nem
939 4962 1283 5018 inconfusam
1342 4981 1533 5021 rursus
1572 4969 1934 5036 compositum
1990 4984 2094 5021 una
2140 4980 2334 5023 natura

752 5053 830 5117 fit,
863 5062 922 5107 ut
979 5055 1140 5110 homo
1170 5074 1184 5109 :
1217 5057 1327 5111 duo
1358 5059 1556 5112 ctenim
1602 5061 1991 5115 concurrentia
2024 5062 2169 5115 'citra
2196 5076 2333 5115 con-

753 5144 1021 5199 fusionem
1066 5162 1293 5216 corpus,
1353 5158 1408 5203 et
1460 5150 1640 5205 anima
1690 5160 1862 5205 totum
1912 5154 2333 5207 constituerunt.

754 5236 856 5291 Sed
903 5241 1005 5295 hoc
1037 5241 1255 5310 quidem
1298 5243 1570 5299 diversam
1612 5245 1869 5299 unionem
1897 5246 2125 5310 habens,
2157 5246 2337 5301 diver-

751 5341 874 5379 sum
907 5342 1126 5399 quoque
1154 5330 1372 5385 uniouis
1405 5335 1623 5385 modum
1648 5332 1905 5401 possidet.
1946 5334 2020 5387 Ex
2054 5344 2131 5388 tot
2165 5336 2335 5398 enim,

751 5433 980 5489 corpore
1015 5436 1207 5491 nempe
1242 5431 1295 5476 et
1332 5425 1533 5489 anima,
1560 5435 1613 5479 et
1648 5424 1700 5477 in
1734 5434 1811 5480 tot
1852 5440 1974 5481 esse
1997 5426 2119 5495 jure
2147 5426 2339 5479 merito

752 5511 985 5577 dicetur,
1031 5527 1154 5567 cum
1191 5524 1245 5568 et
1275 5530 1372 5579 ea,
1414 5531 1533 5584 qua:
1586 5528 1958 5572 convenerunt
2011 5518 2063 5570 in
2115 5518 2335 5581 unione,

756 5597 960 5666 integra
1011 5613 1435 5667 conserventur,
1466 5620 1590 5657 cum
1632 5616 1753 5659 actu
1791 5607 1919 5659 sint.
1955 5606 2019 5660 Et
2043 5617 2121 5661 tot
2141 5608 2340 5663 habere

756 5698 936 5756 partes
962 5692 1124 5746 homo
1165 5694 1377 5748 dicetur
1408 5698 1585 5758 abiis,
1618 5700 1709 5767 qui
1736 5714 1822 5753 res
1852 5715 1983 5754 sane
2009 5700 2335 5770 dijudicant,

758 5790 841 5835 tot
901 5799 1029 5840 vero
1098 5803 1244 5855 esse,
1287 5806 1478 5860 nempe
1533 5793 1668 5847 duas
1721 5800 1947 5849 naturas
1993 5795 2155 5847 homo
2190 5795 2339 5849 nullo

2439 4598 2550 4651 τῶν
2594 4596 2958 4650 συνελθόντων
2990 4595 3173 4667 μερῶν
3204 4598 3285 4658 είς
3326 4595 3425 4667 τὴν
3464 4594 3714 4647 σύνθεσιν
3746 4595 3881 4665 μήτε
3930 4598 4035 4658 τὰς

2440 4688 2765 4759 ὀνομασίας,
2798 4690 2934 4759 μήτε
2977 4691 3083 4760 μὴν
3110 4691 3231 4753 τοὺς
3258 4692 3518 4760 ὁρισμοὺς
3560 4690 3739 4743 αὐτῶν
3780 4689 4032 4759 ἐπιδέχε-

2444 4780 2585 4835 σθαι.
2627 4780 2788 4835 ’Δλλὰ
2824 4782 2951 4853 μὴν,
2985 4782 3104 4835 οὐδὲ
3150 4782 3221 4836 τὰ
3255 4782 3572 4837 καθέκαστα
3599 4783 3708 4834 τῶν
3746 4782 4035 4850 ἀνθρωπί-

2441 4891 2548 4927 νων
2574 4875 2841 4943 σωμάτων
2870 4874 3005 4943 πρὸς
3031 4874 3098 4927 τὰ
3158 4875 3261 4928 ὑπὸ
3294 4876 3362 4928 τὰ
3397 4875 3627 4928 καθόλου
3671 4877 3906 4942 στοιχεῖα
3941 4878 4040 4926 ἀν.

2442 4968 2683 5037 αγόμενα
2724 4968 2936 5038 ὅμοφυῆ
2958 5007 2973 5031 ,
3004 4968 3035 5037 ἢ
3070 4968 3331 5037 ὁμοοὺσια
3366 4967 3583 5039 ῥηθεῖεν
3608 4967 3691 5020 ἄν.
3724 4967 3785 5019 Εἰ
3818 4966 3873 5017 δὲ
3906 4962 4041 5016 καθ’

2443 5060 2643 5112 ’ἐνωσιν
2671 5060 2977 5129 ἀσύγχυτον
3008 5059 3191 5123 πάλιν,
3219 5061 3279 5112 τὸ
3311 5060 3693 5129 συντιθέμενον
3728 5057 3823 5128 μία
3869 5057 4040 5124 φύσις

2444 5153 2684 5221 γίνεται,
2738 5147 2850 5205 οἷον
2891 5154 2978 5205 ἐπ’
3026 5151 3351 5223 ἀνθρώπου·
3401 5153 3496 5206 δύο
3549 5153 3659 5222 γὰρ
3705 5151 4036 5203 συνελθόντα

2444 5247 2788 5315 ἀσυγχὺτως,
2814 5247 2994 5315 σῶμα,
3020 5246 3183 5314 λέγω,
3222 5247 3314 5299 καὶ
3336 5246 3506 5316 ψυχὴ,
3539 5246 3599 5297 τὸ
3627 5247 3744 5298 ὅλον
3775 5245 4042 5296 ἀπετέλε-

2448 5354 2567 5394 σαν.
2607 5338 2767 5391 Ἀλλὰ
2796 5338 2953 5391 τοῦτο
2982 5338 3081 5409 μὲν
3104 5338 3363 5408 διάφορον
3389 5338 3486 5410 τὴν
3511 5339 3705 5391 ἕνωσιν
3731 5337 3874 5406 ἔχον,
3908 5337 4037 5389 διά-

2446 5445 2612 5498 φορον
2639 5431 2733 5483 καὶ
2759 5430 2849 5481 τον
2870 5429 3071 5499 τρόπον
3094 5429 3193 5498 τῆς
3218 5426 3464 5491 ὲνὼσεως
3490 5427 3772 5495 κέκτηται.
3798 5424 3894 5476 Ἐκ
3932 5426 4042 5492 μὲν

2446 5522 2554 5593 γὰρ
2590 5522 2782 5584 τόσων,
2834 5524 3001 5591 ἧγουν
3044 5522 3221 5591 ψυχῆς
3261 5538 3320 5574 τε
3368 5521 3463 5574 καὶ
3508 5520 3797 5589 σώματος,
3847 5522 3945 5569 καὶ
3980 5519 4043 5569 ἐν

2445 5615 2628 5676 τόσοις
2664 5610 2804 5667 εἶναι
2840 5615 3031 5685 ῥηθείη
3061 5614 3126 5666 ἂν
3154 5614 3395 5677 δικαίως.
3440 5613 3593 5667 Ἐπεὶ
3620 5613 3711 5664 καὶ
3740 5612 3804 5663 τὰ
3840 5611 4040 5663 συνελο

2448 5706 2609 5758 θόντα
2641 5708 2696 5758 ὲν
2738 5709 2802 5776 τῇ
2837 5705 3026 5759 ὲνώσει
3062 5706 3310 5775 ἀμείωτα
3354 5706 3748 5769 διασώζονται,
3780 5704 4042 5774 ἐνεργείᾳ,

2446 5799 2597 5866 ὄντα,
2645 5800 2739 5854 καὶ
2778 5801 2911 5854 τόσα
2962 5801 3103 5869 ἔχειν
3150 5802 3177 5852 ὀ
3222 5799 3506 5869 ἄνθρωπος
3558 5798 3697 5869 μέρη
3742 5796 3933 5867 ῥηθείη
3971 5798 4042 5848 ἂν
