  <div class='ocr_page' id='page_1' title='image "/cluster/home/n/w/nwhite01/storage/ocr_20150623/105/nnc1.0046980105/332.png"; bbox 0 0 4194 6432; ppageno 0'>
   <div class='ocr_carea' id='block_1_1' title="bbox 180 390 279 452">
    <p class='ocr_par' dir='ltr' id='par_1_1' title="bbox 180 390 279 452">
     <span class='ocr_line' id='line_1_1' title="bbox 180 390 279 452; baseline -0.02 0"><span class='ocrx_word' id='word_1_1' title='bbox 180 390 279 452; x_wconf 69' lang='grc'><strong>640</strong></span> 
     </span>
    </p>
   </div>
   <div class='ocr_carea' id='block_1_2' title="bbox 1028 384 2567 450">
    <p class='ocr_par' dir='ltr' id='par_1_2' title="bbox 1028 384 2567 450">
     <span class='ocr_line' id='line_1_2' title="bbox 1028 384 2567 450; baseline -0.006 -1"><span class='ocrx_word' id='word_1_2' title='bbox 1028 389 1459 449; x_wconf 69' lang='lat' dir='ltr'><strong>REFUTATIU</strong></span> <span class='ocrx_word' id='word_1_3' title='bbox 1502 387 1886 450; x_wconf 75' lang='lat' dir='ltr'><strong>EPISTULE</strong></span> <span class='ocrx_word' id='word_1_4' title='bbox 1918 387 2146 447; x_wconf 77' lang='lat' dir='ltr'><strong>REGIS</strong></span> <span class='ocrx_word' id='word_1_5' title='bbox 2182 384 2567 443; x_wconf 62' lang='lat' dir='ltr'><strong>ARMENLE.</strong></span> 
     </span>
    </p>
   </div>
   <div class='ocr_carea' id='block_1_3' title="bbox 3328 379 3437 443">
    <p class='ocr_par' dir='ltr' id='par_1_3' title="bbox 3328 379 3437 443">
     <span class='ocr_line' id='line_1_3' title="bbox 3328 379 3437 443; baseline -0.009 0"><span class='ocrx_word' id='word_1_6' title='bbox 3328 379 3437 443; x_wconf 79' lang='grc'><strong>650</strong></span> 
     </span>
    </p>
   </div>
   <div class='ocr_carea' id='block_1_4' title="bbox 180 487 1758 573">
    <p class='ocr_par' dir='ltr' id='par_1_4' title="bbox 180 494 1758 573">
     <span class='ocr_line' id='line_1_4' title="bbox 180 494 1758 573; baseline -0.003 -17"><span class='ocrx_word' id='word_1_7' title='bbox 180 502 326 573; x_wconf 73' lang='grc' dir='ltr'>παρὰ</span> <span class='ocrx_word' id='word_1_8' title='bbox 354 502 464 563; x_wconf 84' lang='grc' dir='ltr'>τοῖς</span> <span class='ocrx_word' id='word_1_9' title='bbox 487 498 663 567; x_wconf 81' lang='grc' dir='ltr'>ὀρθῶς</span> <span class='ocrx_word' id='word_1_10' title='bbox 694 498 938 568; x_wconf 82' lang='grc' dir='ltr'>κρίνουσι</span> <span class='ocrx_word' id='word_1_11' title='bbox 965 515 977 527; x_wconf 88' lang='grc'>·</span> <span class='ocrx_word' id='word_1_12' title='bbox 1023 498 1156 551; x_wconf 89' lang='grc' dir='ltr'>τόσα</span> <span class='ocrx_word' id='word_1_13' title='bbox 1182 500 1237 552; x_wconf 85' lang='grc' dir='ltr'>δὲ</span> <span class='ocrx_word' id='word_1_14' title='bbox 1272 494 1409 553; x_wconf 78' lang='grc' dir='ltr'>εἶναι</span> <span class='ocrx_word' id='word_1_15' title='bbox 1428 540 1441 561; x_wconf 88' lang='grc'><strong>,</strong></span> <span class='ocrx_word' id='word_1_16' title='bbox 1478 502 1644 570; x_wconf 72' lang='grc' dir='ltr'>ἤγουν</span> <span class='ocrx_word' id='word_1_17' title='bbox 1666 498 1758 552; x_wconf 80' lang='grc' dir='ltr'><strong>δύο</strong></span> 
     </span>
    </p>
   </div>
   <div class='ocr_carea' id='block_1_5' title="bbox 1862 487 3440 573">
    <p class='ocr_par' dir='ltr' id='par_1_5' title="bbox 1862 487 3440 565">
     <span class='ocr_line' id='line_1_5' title="bbox 1862 487 3440 565; baseline -0.002 -17"><span class='ocrx_word' id='word_1_18' title='bbox 1862 498 2021 551; x_wconf 85' lang='lat' dir='ltr'><strong>modo</strong></span> <span class='ocrx_word' id='word_1_19' title='bbox 2061 495 2402 565; x_wconf 58' lang='lat' dir='ltr'><strong>praedicatur.</strong></span> <span class='ocrx_word' id='word_1_20' title='bbox 2446 492 2582 547; x_wconf 87' lang='lat' dir='ltr'><strong>Cum</strong></span> <span class='ocrx_word' id='word_1_21' title='bbox 2640 490 3003 559; x_wconf 86' lang='lat' dir='ltr'><strong>compositum</strong></span> <span class='ocrx_word' id='word_1_22' title='bbox 3055 487 3201 541; x_wconf 84' lang='lat' dir='ltr'><strong>aliud</strong></span> <span class='ocrx_word' id='word_1_23' title='bbox 3236 491 3440 545; x_wconf 78' lang='lat' dir='ltr'><strong>factum</strong></span> 
     </span>
    </p>
   </div>
   <div class='ocr_carea' id='block_1_6' title="bbox 178 586 1755 665">
    <p class='ocr_par' dir='ltr' id='par_1_6' title="bbox 178 586 1755 665">
     <span class='ocr_line' id='line_1_6' title="bbox 178 586 1755 665; baseline -0.002 -18"><span class='ocrx_word' id='word_1_24' title='bbox 178 596 368 665; x_wconf 80' lang='grc' dir='ltr'>φύσεις</span> <span class='ocrx_word' id='word_1_25' title='bbox 394 591 533 646; x_wconf 76' lang='grc' dir='ltr'>εἶναι</span> <span class='ocrx_word' id='word_1_26' title='bbox 569 594 596 645; x_wconf 82' lang='grc' dir='ltr'>ὁ</span> <span class='ocrx_word' id='word_1_27' title='bbox 648 591 931 660; x_wconf 78' lang='grc' dir='ltr'>ἄνθρωπος</span> <span class='ocrx_word' id='word_1_28' title='bbox 977 591 1224 661; x_wconf 76' lang='grc' dir='ltr'><strong>οὐδαμῶς</strong></span> <span class='ocrx_word' id='word_1_29' title='bbox 1260 591 1497 661; x_wconf 80' lang='grc' dir='ltr'>λέγεται,</span> <span class='ocrx_word' id='word_1_30' title='bbox 1531 586 1675 664; x_wconf 78' lang='grc' dir='ltr'>ᾗπερ</span> <span class='ocrx_word' id='word_1_31' title='bbox 1701 592 1755 644; x_wconf 75' lang='grc' dir='ltr'><strong>αἱ</strong></span> 
     </span>
    </p>
   </div>
   <div class='ocr_carea' id='block_1_7' title="bbox 177 683 1756 757">
    <p class='ocr_par' dir='ltr' id='par_1_7' title="bbox 177 683 1756 757">
     <span class='ocr_line' id='line_1_7' title="bbox 177 683 1756 757; baseline -0.002 -17"><span class='ocrx_word' id='word_1_32' title='bbox 177 688 366 757; x_wconf 75' lang='grc' dir='ltr'>φύσεις</span> <span class='ocrx_word' id='word_1_33' title='bbox 387 684 481 739; x_wconf 85' lang='grc' dir='ltr'>τοῦ</span> <span class='ocrx_word' id='word_1_34' title='bbox 504 686 627 739; x_wconf 84' lang='grc' dir='ltr'>ὅλου</span> <span class='ocrx_word' id='word_1_35' title='bbox 658 684 911 755; x_wconf 73' lang='grc' dir='ltr'>οὐδαμῶς</span> <span class='ocrx_word' id='word_1_36' title='bbox 941 683 1395 755; x_wconf 77' lang='grc' dir='ltr'><strong>κατηγοροῦνται.</strong></span> <span class='ocrx_word' id='word_1_37' title='bbox 1442 684 1660 755; x_wconf 80' lang='grc' dir='ltr'><strong>Ἐπειδὴ</strong></span> <span class='ocrx_word' id='word_1_38' title='bbox 1696 685 1756 737; x_wconf 83' lang='grc' dir='ltr'>τὸ</span> 
     </span>
    </p>
   </div>
   <div class='ocr_carea' id='block_1_8' title="bbox 178 771 1753 850">
    <p class='ocr_par' dir='ltr' id='par_1_8' title="bbox 178 771 1753 850">
     <span class='ocr_line' id='line_1_8' title="bbox 178 771 1753 850; baseline -0.003 -18"><span class='ocrx_word' id='word_1_39' title='bbox 178 780 559 850; x_wconf 77' lang='grc' dir='ltr'><strong>συντιθέμενον</strong></span> <span class='ocrx_word' id='word_1_40' title='bbox 601 778 788 849; x_wconf 71' lang='grc' dir='ltr'>ἕτερον</span> <span class='ocrx_word' id='word_1_41' title='bbox 826 779 1019 847; x_wconf 79' lang='grc' dir='ltr'>γέγονε</span> <span class='ocrx_word' id='word_1_42' title='bbox 1050 778 1201 849; x_wconf 77' lang='grc' dir='ltr'>παρὰ</span> <span class='ocrx_word' id='word_1_43' title='bbox 1229 778 1298 831; x_wconf 75' lang='grc' dir='ltr'><strong>τὰ</strong></span> <span class='ocrx_word' id='word_1_44' title='bbox 1341 778 1400 842; x_wconf 75' lang='grc' dir='ltr'><strong>ἐξ</strong></span> <span class='ocrx_word' id='word_1_45' title='bbox 1427 771 1524 843; x_wconf 83' lang='grc' dir='ltr'>ὧν,</span> <span class='ocrx_word' id='word_1_46' title='bbox 1571 778 1662 830; x_wconf 73' lang='grc' dir='ltr'>καὶ</span> <span class='ocrx_word' id='word_1_47' title='bbox 1693 777 1753 829; x_wconf 85' lang='grc' dir='ltr'>ού</span> 
     </span>
    </p>
   </div>
   <div class='ocr_carea' id='block_1_9' title="bbox 175 870 1757 940">
    <p class='ocr_par' dir='ltr' id='par_1_9' title="bbox 175 870 1757 940">
     <span class='ocr_line' id='line_1_9' title="bbox 175 870 1757 940; baseline -0.003 -15"><span class='ocrx_word' id='word_1_48' title='bbox 175 874 240 926; x_wconf 76' lang='grc' dir='ltr'><strong>τὰ</strong></span> <span class='ocrx_word' id='word_1_49' title='bbox 270 874 441 937; x_wconf 66' lang='grc' dir='ltr'>αὐτὰ,</span> <span class='ocrx_word' id='word_1_50' title='bbox 471 871 565 924; x_wconf 70' lang='grc' dir='ltr'>καὶ</span> <span class='ocrx_word' id='word_1_51' title='bbox 591 870 715 923; x_wconf 75' lang='grc' dir='ltr'>οὔτε</span> <span class='ocrx_word' id='word_1_52' title='bbox 761 871 896 924; x_wconf 74' lang='grc' dir='ltr'>αὐτὸ</span> <span class='ocrx_word' id='word_1_53' title='bbox 921 872 983 923; x_wconf 75' lang='grc' dir='ltr'>τὸ</span> <span class='ocrx_word' id='word_1_54' title='bbox 1025 870 1166 937; x_wconf 82' lang='grc' dir='ltr'>ὅλον,</span> <span class='ocrx_word' id='word_1_55' title='bbox 1195 872 1364 940; x_wconf 71' lang='grc' dir='ltr'>ἧγουν</span> <span class='ocrx_word' id='word_1_56' title='bbox 1404 870 1432 921; x_wconf 84' lang='grc' dir='ltr'><strong>ό</strong></span> <span class='ocrx_word' id='word_1_57' title='bbox 1472 871 1757 938; x_wconf 84' lang='grc' dir='ltr'>ἄνθρωπος</span> 
     </span>
    </p>
   </div>
   <div class='ocr_carea' id='block_1_10' title="bbox 177 956 1758 1034">
    <p class='ocr_par' dir='ltr' id='par_1_10' title="bbox 177 956 1758 1034">
     <span class='ocr_line' id='line_1_10' title="bbox 177 956 1758 1034; baseline -0.003 -19"><span class='ocrx_word' id='word_1_58' title='bbox 177 965 312 1034; x_wconf 69' lang='grc' dir='ltr'>πρὸς</span> <span class='ocrx_word' id='word_1_59' title='bbox 336 962 404 1015; x_wconf 73' lang='grc' dir='ltr'><strong>τά</strong></span> <span class='ocrx_word' id='word_1_60' title='bbox 430 961 490 1025; x_wconf 75' lang='grc' dir='ltr'><strong>ἐξ</strong></span> <span class='ocrx_word' id='word_1_61' title='bbox 518 956 592 1015; x_wconf 82' lang='grc' dir='ltr'>ὧν</span> <span class='ocrx_word' id='word_1_62' title='bbox 624 960 909 1031; x_wconf 80' lang='grc' dir='ltr'><strong>συνετέθη,</strong></span> <span class='ocrx_word' id='word_1_63' title='bbox 943 962 1078 1032; x_wconf 86' lang='grc' dir='ltr'>πρός</span> <span class='ocrx_word' id='word_1_64' title='bbox 1116 977 1177 1012; x_wconf 89' lang='grc' dir='ltr'><strong>τε</strong></span> <span class='ocrx_word' id='word_1_65' title='bbox 1217 962 1317 1028; x_wconf 79' lang='grc' dir='ltr'>τὴν</span> <span class='ocrx_word' id='word_1_66' title='bbox 1355 959 1534 1030; x_wconf 72' lang='grc' dir='ltr'>ψυχὴν</span> <span class='ocrx_word' id='word_1_67' title='bbox 1567 960 1660 1013; x_wconf 75' lang='grc' dir='ltr'>καὶ</span> <span class='ocrx_word' id='word_1_68' title='bbox 1698 959 1758 1010; x_wconf 82' lang='grc' dir='ltr'>τὸ</span> 
     </span>
    </p>
   </div>
   <div class='ocr_carea' id='block_1_11' title="bbox 178 1051 1754 1124">
    <p class='ocr_par' dir='ltr' id='par_1_11' title="bbox 178 1051 1754 1124">
     <span class='ocr_line' id='line_1_11' title="bbox 178 1051 1754 1124; baseline -0.003 -17"><span class='ocrx_word' id='word_1_69' title='bbox 178 1055 336 1123; x_wconf 80' lang='grc' dir='ltr'>σῶμά</span> <span class='ocrx_word' id='word_1_70' title='bbox 367 1071 531 1124; x_wconf 81' lang='grc' dir='ltr'>φημι,</span> <span class='ocrx_word' id='word_1_71' title='bbox 570 1052 820 1123; x_wconf 85' lang='grc' dir='ltr'>ὀμοφυὴς</span> <span class='ocrx_word' id='word_1_72' title='bbox 861 1052 893 1123; x_wconf 80' lang='grc' dir='ltr'>ἢ</span> <span class='ocrx_word' id='word_1_73' title='bbox 929 1052 1212 1122; x_wconf 74' lang='grc' dir='ltr'>ὁμοούσιος</span> <span class='ocrx_word' id='word_1_74' title='bbox 1248 1052 1440 1122; x_wconf 78' lang='grc' dir='ltr'><strong>ῥηθείη</strong></span> <span class='ocrx_word' id='word_1_75' title='bbox 1480 1051 1546 1105; x_wconf 86' lang='grc' dir='ltr'><strong>ἀν</strong></span> <span class='ocrx_word' id='word_1_76' title='bbox 1592 1066 1754 1103; x_wconf 76' lang='grc' dir='ltr'>ποτεο</span> 
     </span>
    </p>
   </div>
   <div class='ocr_carea' id='block_1_12' title="bbox 174 1142 1758 1215">
    <p class='ocr_par' dir='ltr' id='par_1_12' title="bbox 174 1142 1758 1215">
     <span class='ocr_line' id='line_1_12' title="bbox 174 1142 1758 1215; baseline -0.003 -18"><span class='ocrx_word' id='word_1_77' title='bbox 174 1148 295 1198; x_wconf 71' lang='grc' dir='ltr'><strong>ἐπεὶ</strong></span> <span class='ocrx_word' id='word_1_78' title='bbox 342 1145 478 1215; x_wconf 78' lang='grc' dir='ltr'>μηδὲ</span> <span class='ocrx_word' id='word_1_79' title='bbox 520 1144 727 1214; x_wconf 77' lang='grc' dir='ltr'><strong>κυρίως</strong></span> <span class='ocrx_word' id='word_1_80' title='bbox 758 1144 857 1205; x_wconf 79' lang='grc' dir='ltr'><strong>τὰς</strong></span> <span class='ocrx_word' id='word_1_81' title='bbox 895 1143 1197 1215; x_wconf 82' lang='grc' dir='ltr'><strong>ὀνομασίας</strong></span> <span class='ocrx_word' id='word_1_82' title='bbox 1233 1142 1435 1206; x_wconf 77' lang='grc' dir='ltr'>αὐτῶν,</span> <span class='ocrx_word' id='word_1_83' title='bbox 1470 1142 1606 1211; x_wconf 82' lang='grc' dir='ltr'>μήτε</span> <span class='ocrx_word' id='word_1_84' title='bbox 1650 1142 1758 1212; x_wconf 79' lang='grc' dir='ltr'>μὴν</span> 
     </span>
    </p>
   </div>
   <div class='ocr_carea' id='block_1_13' title="bbox 174 1233 1758 1304">
    <p class='ocr_par' dir='ltr' id='par_1_13' title="bbox 174 1233 1758 1304">
     <span class='ocr_line' id='line_1_13' title="bbox 174 1233 1758 1304; baseline -0.002 -15"><span class='ocrx_word' id='word_1_85' title='bbox 174 1238 298 1299; x_wconf 56' lang='grc' dir='ltr'>τοὺς</span> <span class='ocrx_word' id='word_1_86' title='bbox 317 1236 511 1303; x_wconf 86' lang='grc' dir='ltr'>λόγους</span> <span class='ocrx_word' id='word_1_87' title='bbox 533 1235 711 1289; x_wconf 78' lang='grc' dir='ltr'>αὐτῶν</span> <span class='ocrx_word' id='word_1_88' title='bbox 734 1233 1062 1301; x_wconf 79' lang='grc' dir='ltr'>ἐπιδέχεται,</span> <span class='ocrx_word' id='word_1_89' title='bbox 1089 1233 1210 1286; x_wconf 72' lang='grc' dir='ltr'>οὔτε</span> <span class='ocrx_word' id='word_1_90' title='bbox 1239 1235 1345 1304; x_wconf 77' lang='grc' dir='ltr'>μὴν</span> <span class='ocrx_word' id='word_1_91' title='bbox 1370 1234 1420 1284; x_wconf 89' lang='grc' dir='ltr'><strong>οἱ</strong></span> <span class='ocrx_word' id='word_1_92' title='bbox 1444 1234 1758 1287; x_wconf 84' lang='grc' dir='ltr'>καθέκαστα</span> 
     </span>
    </p>
   </div>
   <div class='ocr_carea' id='block_1_14' title="bbox 178 1321 1759 1399">
    <p class='ocr_par' dir='ltr' id='par_1_14' title="bbox 178 1321 1759 1399">
     <span class='ocr_line' id='line_1_14' title="bbox 178 1321 1759 1399; baseline -0.002 -18"><span class='ocrx_word' id='word_1_93' title='bbox 178 1328 479 1399; x_wconf 81' lang='grc' dir='ltr'>ἄνθρωποι,</span> <span class='ocrx_word' id='word_1_94' title='bbox 514 1321 647 1392; x_wconf 71' lang='grc' dir='ltr'>οἷον,</span> <span class='ocrx_word' id='word_1_95' title='bbox 686 1326 847 1396; x_wconf 76' lang='grc' dir='ltr'>φημὶ,</span> <span class='ocrx_word' id='word_1_96' title='bbox 888 1324 1129 1389; x_wconf 84' lang='grc' dir='ltr'>Παῦλος,</span> <span class='ocrx_word' id='word_1_97' title='bbox 1183 1326 1215 1395; x_wconf 78' lang='grc' dir='ltr'>ἢ</span> <span class='ocrx_word' id='word_1_98' title='bbox 1262 1326 1467 1395; x_wconf 80' lang='grc' dir='ltr'><strong>Πέτρος</strong></span> <span class='ocrx_word' id='word_1_99' title='bbox 1516 1326 1650 1396; x_wconf 84' lang='grc' dir='ltr'>πρὸς</span> <span class='ocrx_word' id='word_1_100' title='bbox 1691 1326 1759 1378; x_wconf 87' lang='grc' dir='ltr'><strong>τά</strong></span> 
     </span>
    </p>
   </div>
   <div class='ocr_carea' id='block_1_15' title="bbox 177 1414 1761 1485">
    <p class='ocr_par' dir='ltr' id='par_1_15' title="bbox 177 1414 1761 1485">
     <span class='ocr_line' id='line_1_15' title="bbox 177 1414 1761 1485; baseline -0.004 -13"><span class='ocrx_word' id='word_1_101' title='bbox 177 1419 489 1472; x_wconf 78' lang='grc' dir='ltr'>καθέκαστα</span> <span class='ocrx_word' id='word_1_102' title='bbox 518 1419 627 1469; x_wconf 85' lang='grc' dir='ltr'>τῶν</span> <span class='ocrx_word' id='word_1_103' title='bbox 663 1415 965 1485; x_wconf 83' lang='grc' dir='ltr'>ἀνθρώπων</span> <span class='ocrx_word' id='word_1_104' title='bbox 997 1415 1174 1485; x_wconf 78' lang='grc' dir='ltr'>ψυχὰς</span> <span class='ocrx_word' id='word_1_105' title='bbox 1198 1455 1213 1479; x_wconf 87' lang='grc'><strong>,</strong></span> <span class='ocrx_word' id='word_1_106' title='bbox 1249 1415 1282 1483; x_wconf 79' lang='grc' dir='ltr'>ἢ</span> <span class='ocrx_word' id='word_1_107' title='bbox 1317 1415 1386 1467; x_wconf 89' lang='grc' dir='ltr'><strong>τά</strong></span> <span class='ocrx_word' id='word_1_108' title='bbox 1443 1414 1761 1481; x_wconf 82' lang='grc' dir='ltr'>ἀνθρώπινα</span> 
     </span>
    </p>
   </div>
   <div class='ocr_carea' id='block_1_16' title="bbox 178 1505 1761 1580">
    <p class='ocr_par' dir='ltr' id='par_1_16' title="bbox 178 1505 1761 1580">
     <span class='ocr_line' id='line_1_16' title="bbox 178 1505 1761 1580; baseline -0.004 -16"><span class='ocrx_word' id='word_1_109' title='bbox 178 1511 406 1580; x_wconf 85' lang='grc' dir='ltr'>σώματα</span> <span class='ocrx_word' id='word_1_110' title='bbox 436 1510 731 1579; x_wconf 77' lang='grc' dir='ltr'>ὁμοφυεῖς,</span> <span class='ocrx_word' id='word_1_111' title='bbox 768 1506 798 1576; x_wconf 82' lang='grc' dir='ltr'><strong>ἥ</strong></span> <span class='ocrx_word' id='word_1_112' title='bbox 844 1506 1120 1573; x_wconf 88' lang='grc' dir='ltr'>όμοούσιοι</span> <span class='ocrx_word' id='word_1_113' title='bbox 1166 1505 1408 1575; x_wconf 80' lang='grc' dir='ltr'><strong>λεχθεῖεν</strong></span> <span class='ocrx_word' id='word_1_114' title='bbox 1436 1507 1523 1573; x_wconf 84' lang='grc' dir='ltr'>ἂν,</span> <span class='ocrx_word' id='word_1_115' title='bbox 1564 1508 1651 1559; x_wconf 69' lang='grc' dir='ltr'>διὰ</span> <span class='ocrx_word' id='word_1_116' title='bbox 1699 1506 1761 1558; x_wconf 75' lang='grc' dir='ltr'>τὸ</span> 
     </span>
    </p>
   </div>
   <div class='ocr_carea' id='block_1_17' title="bbox 180 1596 1761 1672">
    <p class='ocr_par' dir='ltr' id='par_1_17' title="bbox 180 1596 1761 1672">
     <span class='ocr_line' id='line_1_17' title="bbox 180 1596 1761 1672; baseline -0.001 -18"><span class='ocrx_word' id='word_1_117' title='bbox 180 1603 315 1672; x_wconf 83' lang='grc' dir='ltr'>μηδὲ</span> <span class='ocrx_word' id='word_1_118' title='bbox 369 1600 437 1654; x_wconf 89' lang='grc' dir='ltr'><strong>τά</strong></span> <span class='ocrx_word' id='word_1_119' title='bbox 484 1600 712 1653; x_wconf 90' lang='grc' dir='ltr'>καθόλου</span> <span class='ocrx_word' id='word_1_120' title='bbox 765 1600 983 1670; x_wconf 81' lang='grc' dir='ltr'><strong>ὁμοειδῆ</strong></span> <span class='ocrx_word' id='word_1_121' title='bbox 1018 1596 1178 1653; x_wconf 79' lang='grc' dir='ltr'>εἶναι.</span> <span class='ocrx_word' id='word_1_122' title='bbox 1226 1598 1437 1653; x_wconf 83' lang='grc' dir='ltr'>Οὐκοῦν</span> <span class='ocrx_word' id='word_1_123' title='bbox 1467 1600 1521 1653; x_wconf 77' lang='grc' dir='ltr'>εί</span> <span class='ocrx_word' id='word_1_124' title='bbox 1556 1618 1639 1663; x_wconf 92' lang='grc' dir='ltr'><strong>τις</strong></span> <span class='ocrx_word' id='word_1_125' title='bbox 1670 1600 1761 1653; x_wconf 84' lang='grc' dir='ltr'>τὸν</span> 
     </span>
    </p>
   </div>
   <div class='ocr_carea' id='block_1_18' title="bbox 176 1690 1762 1765">
    <p class='ocr_par' dir='ltr' id='par_1_18' title="bbox 176 1690 1762 1765">
     <span class='ocr_line' id='line_1_18' title="bbox 176 1690 1762 1765; baseline -0.001 -19"><span class='ocrx_word' id='word_1_126' title='bbox 176 1694 461 1765; x_wconf 74' lang='grc' dir='ltr'>ἄνθρωπον</span> <span class='ocrx_word' id='word_1_127' title='bbox 498 1693 563 1745; x_wconf 80' lang='grc' dir='ltr'>ὲκ</span> <span class='ocrx_word' id='word_1_128' title='bbox 592 1691 863 1761; x_wconf 79' lang='grc' dir='ltr'>διαφόρων</span> <span class='ocrx_word' id='word_1_129' title='bbox 895 1691 1111 1760; x_wconf 80' lang='grc' dir='ltr'>φύσεων</span> <span class='ocrx_word' id='word_1_130' title='bbox 1140 1691 1462 1761; x_wconf 76' lang='grc' dir='ltr'>ἀσυγχύτως</span> <span class='ocrx_word' id='word_1_131' title='bbox 1493 1690 1762 1745; x_wconf 82' lang='grc' dir='ltr'>ένωθέντα</span> 
     </span>
    </p>
   </div>
   <div class='ocr_carea' id='block_1_19' title="bbox 179 1781 1762 1855">
    <p class='ocr_par' dir='ltr' id='par_1_19' title="bbox 179 1781 1762 1855">
     <span class='ocr_line' id='line_1_19' title="bbox 179 1781 1762 1855; baseline -0.003 -18"><span class='ocrx_word' id='word_1_132' title='bbox 179 1786 405 1855; x_wconf 76' lang='grc' dir='ltr'>φήσειεν</span> <span class='ocrx_word' id='word_1_133' title='bbox 437 1782 653 1852; x_wconf 83' lang='grc' dir='ltr'>όμοφυῆ</span> <span class='ocrx_word' id='word_1_134' title='bbox 688 1784 782 1836; x_wconf 63' lang='grc' dir='ltr'>καὶ</span> <span class='ocrx_word' id='word_1_135' title='bbox 814 1781 1102 1851; x_wconf 83' lang='grc' dir='ltr'>όμοούσιον</span> <span class='ocrx_word' id='word_1_136' title='bbox 1136 1782 1233 1852; x_wconf 86' lang='grc' dir='ltr'>τῆς</span> <span class='ocrx_word' id='word_1_137' title='bbox 1277 1782 1628 1851; x_wconf 80' lang='grc' dir='ltr'><strong>ἀνθρωπίνης</strong></span> <span class='ocrx_word' id='word_1_138' title='bbox 1659 1781 1762 1850; x_wconf 67' lang='grc' dir='ltr'>ψυ-</span> 
     </span>
    </p>
   </div>
   <div class='ocr_carea' id='block_1_20' title="bbox 1858 580 3441 655">
    <p class='ocr_par' dir='ltr' id='par_1_20' title="bbox 1858 580 3441 655">
     <span class='ocr_line' id='line_1_20' title="bbox 1858 580 3441 655; baseline -0.003 -12"><span class='ocrx_word' id='word_1_139' title='bbox 1858 591 1929 645; x_wconf 90' lang='lat' dir='ltr'><strong>sit</strong></span> <span class='ocrx_word' id='word_1_140' title='bbox 1953 590 2020 642; x_wconf 87' lang='lat' dir='ltr'><strong>ab</strong></span> <span class='ocrx_word' id='word_1_141' title='bbox 2049 589 2136 653; x_wconf 90' lang='lat' dir='ltr'><strong>iis,</strong></span> <span class='ocrx_word' id='word_1_142' title='bbox 2155 602 2220 639; x_wconf 82' lang='lat' dir='ltr'><strong>ex</strong></span> <span class='ocrx_word' id='word_1_143' title='bbox 2260 586 2461 655; x_wconf 79' lang='lat' dir='ltr'><strong>quibus</strong></span> <span class='ocrx_word' id='word_1_144' title='bbox 2490 591 2725 647; x_wconf 85' lang='lat' dir='ltr'><strong>constat,</strong></span> <span class='ocrx_word' id='word_1_145' title='bbox 2753 598 2850 637; x_wconf 89' lang='lat' dir='ltr'><strong>nec</strong></span> <span class='ocrx_word' id='word_1_146' title='bbox 2879 582 2969 637; x_wconf 87' lang='lat' dir='ltr'><strong>illa</strong></span> <span class='ocrx_word' id='word_1_147' title='bbox 2994 580 3183 634; x_wconf 76' lang='lat' dir='ltr'><strong>eadem</strong></span> <span class='ocrx_word' id='word_1_148' title='bbox 3213 582 3302 635; x_wconf 89' lang='lat' dir='ltr'><strong>sit.</strong></span> <span class='ocrx_word' id='word_1_149' title='bbox 3332 581 3441 638; x_wconf 75' lang='lat' dir='ltr'><strong>Nec</strong></span> 
     </span>
    </p>
   </div>
   <div class='ocr_carea' id='block_1_21' title="bbox 1857 672 3445 748">
    <p class='ocr_par' dir='ltr' id='par_1_21' title="bbox 1857 672 3445 748">
     <span class='ocr_line' id='line_1_21' title="bbox 1857 672 3445 748; baseline -0.004 -14"><span class='ocrx_word' id='word_1_150' title='bbox 1857 682 2020 735; x_wconf 87' lang='lat' dir='ltr'><strong>etiam</strong></span> <span class='ocrx_word' id='word_1_151' title='bbox 2041 680 2213 748; x_wconf 89' lang='lat' dir='ltr'><strong>ipsum</strong></span> <span class='ocrx_word' id='word_1_152' title='bbox 2238 686 2435 741; x_wconf 88' lang='lat' dir='ltr'><strong>totum,</strong></span> <span class='ocrx_word' id='word_1_153' title='bbox 2460 675 2622 729; x_wconf 91' lang='lat' dir='ltr'><strong>homo</strong></span> <span class='ocrx_word' id='word_1_154' title='bbox 2646 672 2873 739; x_wconf 81' lang='lat' dir='ltr'><strong>scilicet,</strong></span> <span class='ocrx_word' id='word_1_155' title='bbox 2906 688 3031 728; x_wconf 92' lang='lat' dir='ltr'><strong>eum</strong></span> <span class='ocrx_word' id='word_1_156' title='bbox 3056 672 3143 736; x_wconf 87' lang='lat' dir='ltr'><strong>iis,</strong></span> <span class='ocrx_word' id='word_1_157' title='bbox 3162 687 3227 726; x_wconf 82' lang='lat' dir='ltr'><strong>ex</strong></span> <span class='ocrx_word' id='word_1_158' title='bbox 3246 673 3445 739; x_wconf 84' lang='lat' dir='ltr'><strong>quibus</strong></span> 
     </span>
    </p>
   </div>
   <div class='ocr_carea' id='block_1_22' title="bbox 1858 765 3441 837">
    <p class='ocr_par' dir='ltr' id='par_1_22' title="bbox 1858 765 3441 837">
     <span class='ocr_line' id='line_1_22' title="bbox 1858 765 3441 837; baseline -0.004 -11"><span class='ocrx_word' id='word_1_159' title='bbox 1858 771 2127 827; x_wconf 82' lang='lat' dir='ltr'><strong>conﬂatus</strong></span> <span class='ocrx_word' id='word_1_160' title='bbox 2156 776 2260 833; x_wconf 89' lang='lat' dir='ltr'><strong>est,</strong></span> <span class='ocrx_word' id='word_1_161' title='bbox 2296 768 2477 822; x_wconf 89' lang='lat' dir='ltr'><strong>anima</strong></span> <span class='ocrx_word' id='word_1_162' title='bbox 2528 768 2749 837; x_wconf 90' lang='lat' dir='ltr'><strong>inquam</strong></span> <span class='ocrx_word' id='word_1_163' title='bbox 2797 775 2851 818; x_wconf 87' lang='lat' dir='ltr'><strong>et</strong></span> <span class='ocrx_word' id='word_1_164' title='bbox 2904 780 3155 834; x_wconf 88' lang='lat' dir='ltr'><strong>corpore,</strong></span> <span class='ocrx_word' id='word_1_165' title='bbox 3193 765 3441 832; x_wconf 86' lang='lat' dir='ltr'><strong>ejusdem</strong></span> 
     </span>
    </p>
   </div>
   <div class='ocr_carea' id='block_1_23' title="bbox 1859 860 3443 927">
    <p class='ocr_par' dir='ltr' id='par_1_23' title="bbox 1859 860 3443 927">
     <span class='ocr_line' id='line_1_23' title="bbox 1859 860 3443 927; baseline -0.006 -8"><span class='ocrx_word' id='word_1_166' title='bbox 1859 874 2069 919; x_wconf 77' lang='lat' dir='ltr'><strong>natura:</strong></span> <span class='ocrx_word' id='word_1_167' title='bbox 2098 872 2148 916; x_wconf 91' lang='lat' dir='ltr'><strong>et</strong></span> <span class='ocrx_word' id='word_1_168' title='bbox 2172 860 2422 917; x_wconf 64' lang='lat' dir='ltr'><strong>essentia:</strong></span> <span class='ocrx_word' id='word_1_169' title='bbox 2458 860 2952 926; x_wconf 75' lang='lat' dir='ltr'><strong>diceturunquam,</strong></span> <span class='ocrx_word' id='word_1_170' title='bbox 2974 873 3097 911; x_wconf 89' lang='lat' dir='ltr'><strong>cum</strong></span> <span class='ocrx_word' id='word_1_171' title='bbox 3130 873 3308 927; x_wconf 86' lang='lat' dir='ltr'><strong>neque</strong></span> <span class='ocrx_word' id='word_1_172' title='bbox 3344 873 3443 927; x_wconf 83' lang='lat' dir='ltr'><strong>ap-</strong></span> 
     </span>
    </p>
   </div>
   <div class='ocr_carea' id='block_1_24' title="bbox 1870 947 3445 1027">
    <p class='ocr_par' dir='ltr' id='par_1_24' title="bbox 1870 947 3445 1027">
     <span class='ocr_line' id='line_1_24' title="bbox 1870 947 3445 1027; baseline -0.005 -18"><span class='ocrx_word' id='word_1_173' title='bbox 1870 954 2226 1027; x_wconf 89' lang='lat' dir='ltr'><strong>pellationum</strong></span> <span class='ocrx_word' id='word_1_174' title='bbox 2244 968 2437 1008; x_wconf 86' lang='lat' dir='ltr'><strong>eorum</strong></span> <span class='ocrx_word' id='word_1_175' title='bbox 2466 967 2645 1021; x_wconf 84' lang='lat' dir='ltr'><strong>neque</strong></span> <span class='ocrx_word' id='word_1_176' title='bbox 2698 947 3076 1003; x_wconf 80' lang='lat' dir='ltr'><strong>deﬁnitionum</strong></span> <span class='ocrx_word' id='word_1_177' title='bbox 3106 949 3445 1002; x_wconf 87' lang='lat' dir='ltr'><strong>omuiuoea-</strong></span> 
     </span>
    </p>
   </div>
   <div class='ocr_carea' id='block_1_25' title="bbox 1862 1038 3451 1117">
    <p class='ocr_par' dir='ltr' id='par_1_25' title="bbox 1862 1038 3451 1117">
     <span class='ocr_line' id='line_1_25' title="bbox 1862 1038 3451 1117; baseline -0.004 -17"><span class='ocrx_word' id='word_1_178' title='bbox 1862 1064 1964 1117; x_wconf 82' lang='lat' dir='ltr'><strong>pax</strong></span> <span class='ocrx_word' id='word_1_179' title='bbox 1984 1046 2071 1101; x_wconf 91' lang='lat' dir='ltr'><strong>sit.</strong></span> <span class='ocrx_word' id='word_1_180' title='bbox 2105 1046 2292 1116; x_wconf 83' lang='lat' dir='ltr'><strong>Neque</strong></span> <span class='ocrx_word' id='word_1_181' title='bbox 2311 1043 2613 1112; x_wconf 81' lang='lat' dir='ltr'><strong>singulares</strong></span> <span class='ocrx_word' id='word_1_182' title='bbox 2637 1041 2905 1105; x_wconf 78' lang='lat' dir='ltr'><strong>homines,</strong></span> <span class='ocrx_word' id='word_1_183' title='bbox 2941 1049 3000 1093; x_wconf 90' lang='lat' dir='ltr'><strong>ut</strong></span> <span class='ocrx_word' id='word_1_184' title='bbox 3018 1038 3210 1093; x_wconf 79' lang='lat' dir='ltr'><strong>Petrus</strong></span> <span class='ocrx_word' id='word_1_185' title='bbox 3238 1039 3451 1094; x_wconf 83' lang='lat' dir='ltr'><strong>etPau-</strong></span> 
     </span>
    </p>
   </div>
   <div class='ocr_carea' id='block_1_26' title="bbox 1863 1132 3448 1208">
    <p class='ocr_par' dir='ltr' id='par_1_26' title="bbox 1863 1132 3448 1208">
     <span class='ocr_line' id='line_1_26' title="bbox 1863 1132 3448 1208; baseline -0.005 -13"><span class='ocrx_word' id='word_1_186' title='bbox 1863 1140 1971 1203; x_wconf 90' lang='lat' dir='ltr'><strong>lus,</strong></span> <span class='ocrx_word' id='word_1_187' title='bbox 1990 1154 2111 1193; x_wconf 92' lang='lat' dir='ltr'><strong>cum</strong></span> <span class='ocrx_word' id='word_1_188' title='bbox 2144 1136 2516 1208; x_wconf 82' lang='lat' dir='ltr'><strong>singularibus</strong></span> <span class='ocrx_word' id='word_1_189' title='bbox 2537 1134 2817 1187; x_wconf 87' lang='lat' dir='ltr'><strong>hominum</strong></span> <span class='ocrx_word' id='word_1_190' title='bbox 2840 1133 3060 1193; x_wconf 88' lang='lat' dir='ltr'><strong>animis,</strong></span> <span class='ocrx_word' id='word_1_191' title='bbox 3083 1143 3171 1185; x_wconf 92' lang='lat' dir='ltr'><strong>aut</strong></span> <span class='ocrx_word' id='word_1_192' title='bbox 3193 1132 3448 1187; x_wconf 85' lang='lat' dir='ltr'><strong>humanis</strong></span> 
     </span>
    </p>
   </div>
   <div class='ocr_carea' id='block_1_27' title="bbox 1861 1222 3450 1300">
    <p class='ocr_par' dir='ltr' id='par_1_27' title="bbox 1861 1222 3450 1300">
     <span class='ocr_line' id='line_1_27' title="bbox 1861 1222 3450 1300; baseline -0.006 -15"><span class='ocrx_word' id='word_1_193' title='bbox 1861 1231 2182 1300; x_wconf 71' lang='lat' dir='ltr'><strong>corporibus</strong></span> <span class='ocrx_word' id='word_1_194' title='bbox 2202 1229 2449 1298; x_wconf 77' lang='lat' dir='ltr'><strong>ejusdem</strong></span> <span class='ocrx_word' id='word_1_195' title='bbox 2482 1237 2691 1279; x_wconf 63' lang='lat' dir='ltr'><strong>naturae</strong></span> <span class='ocrx_word' id='word_1_196' title='bbox 2717 1232 2812 1276; x_wconf 90' lang='lat' dir='ltr'><strong>aut</strong></span> <span class='ocrx_word' id='word_1_197' title='bbox 2843 1224 3094 1277; x_wconf 61' lang='lat' dir='ltr'><strong>essentia:</strong></span> <span class='ocrx_word' id='word_1_198' title='bbox 3124 1237 3249 1276; x_wconf 88' lang='lat' dir='ltr'><strong>esse</strong></span> <span class='ocrx_word' id='word_1_199' title='bbox 3265 1222 3450 1276; x_wconf 82' lang='lat' dir='ltr'><strong>dicen-</strong></span> 
     </span>
    </p>
   </div>
   <div class='ocr_carea' id='block_1_28' title="bbox 1861 1313 3453 1390">
    <p class='ocr_par' dir='ltr' id='par_1_28' title="bbox 1861 1313 3453 1390">
     <span class='ocr_line' id='line_1_28' title="bbox 1861 1313 3453 1390; baseline -0.006 -14"><span class='ocrx_word' id='word_1_200' title='bbox 1861 1321 2117 1390; x_wconf 63' lang='lat' dir='ltr'><strong>tun-luod</strong></span> <span class='ocrx_word' id='word_1_201' title='bbox 2142 1334 2241 1373; x_wconf 89' lang='lat' dir='ltr'><strong>nec</strong></span> <span class='ocrx_word' id='word_1_202' title='bbox 2272 1317 2600 1372; x_wconf 80' lang='lat' dir='ltr'><strong>universalia</strong></span> <span class='ocrx_word' id='word_1_203' title='bbox 2625 1314 2869 1385; x_wconf 88' lang='lat' dir='ltr'><strong>ejusdem</strong></span> <span class='ocrx_word' id='word_1_204' title='bbox 2900 1313 3098 1383; x_wconf 91' lang='lat' dir='ltr'><strong>speciei</strong></span> <span class='ocrx_word' id='word_1_205' title='bbox 3117 1316 3244 1368; x_wconf 92' lang='lat' dir='ltr'><strong>sint.</strong></span> <span class='ocrx_word' id='word_1_206' title='bbox 3266 1313 3453 1382; x_wconf 88' lang='lat' dir='ltr'><strong>Itaque</strong></span> 
     </span>
    </p>
   </div>
   <div class='ocr_carea' id='block_1_29' title="bbox 1862 1405 3448 1485">
    <p class='ocr_par' dir='ltr' id='par_1_29' title="bbox 1862 1405 3448 1485">
     <span class='ocr_line' id='line_1_29' title="bbox 1862 1405 3448 1485; baseline -0.008 -17"><span class='ocrx_word' id='word_1_207' title='bbox 1862 1416 1905 1468; x_wconf 89' lang='lat' dir='ltr'><strong>si</strong></span> <span class='ocrx_word' id='word_1_208' title='bbox 1926 1416 2047 1485; x_wconf 86' lang='lat' dir='ltr'><strong>quis</strong></span> <span class='ocrx_word' id='word_1_209' title='bbox 2074 1411 2349 1467; x_wconf 86' lang='lat' dir='ltr'><strong>hominem</strong></span> <span class='ocrx_word' id='word_1_210' title='bbox 2363 1426 2426 1462; x_wconf 83' lang='lat' dir='ltr'><strong>ex</strong></span> <span class='ocrx_word' id='word_1_211' title='bbox 2449 1408 2684 1464; x_wconf 79' lang='lat' dir='ltr'><strong>diversis</strong></span> <span class='ocrx_word' id='word_1_212' title='bbox 2702 1406 2916 1461; x_wconf 84' lang='lat' dir='ltr'><strong>naturis</strong></span> <span class='ocrx_word' id='word_1_213' title='bbox 2935 1405 3218 1459; x_wconf 88' lang='lat' dir='ltr'><strong>iucoufuse</strong></span> <span class='ocrx_word' id='word_1_214' title='bbox 3236 1405 3448 1459; x_wconf 87' lang='lat' dir='ltr'><strong>unitum</strong></span> 
     </span>
    </p>
   </div>
   <div class='ocr_carea' id='block_1_30' title="bbox 1862 1498 3451 1573">
    <p class='ocr_par' dir='ltr' id='par_1_30' title="bbox 1862 1498 3451 1573">
     <span class='ocr_line' id='line_1_30' title="bbox 1862 1498 3451 1573; baseline -0.007 -10"><span class='ocrx_word' id='word_1_215' title='bbox 1862 1516 2137 1563; x_wconf 80' lang='lat' dir='ltr'><strong>assereret</strong></span> <span class='ocrx_word' id='word_1_216' title='bbox 2178 1503 2427 1573; x_wconf 78' lang='lat' dir='ltr'><strong>ejusdem</strong></span> <span class='ocrx_word' id='word_1_217' title='bbox 2475 1508 2685 1555; x_wconf 80' lang='lat' dir='ltr'><strong>naturae</strong></span> <span class='ocrx_word' id='word_1_218' title='bbox 2734 1510 2788 1554; x_wconf 90' lang='lat' dir='ltr'><strong>et</strong></span> <span class='ocrx_word' id='word_1_219' title='bbox 2825 1498 3079 1554; x_wconf 74' lang='lat' dir='ltr'><strong>essentia:</strong></span> <span class='ocrx_word' id='word_1_220' title='bbox 3108 1513 3231 1551; x_wconf 89' lang='lat' dir='ltr'><strong>eum</strong></span> <span class='ocrx_word' id='word_1_221' title='bbox 3268 1500 3451 1552; x_wconf 81' lang='lat' dir='ltr'><strong>anima</strong></span> 
     </span>
    </p>
   </div>
   <div class='ocr_carea' id='block_1_31' title="bbox 1865 1592 3450 1665">
    <p class='ocr_par' dir='ltr' id='par_1_31' title="bbox 1865 1592 3450 1665">
     <span class='ocr_line' id='line_1_31' title="bbox 1865 1592 3450 1665; baseline -0.007 -11"><span class='ocrx_word' id='word_1_222' title='bbox 1865 1601 2130 1665; x_wconf 84' lang='lat' dir='ltr'><strong>humana,</strong></span> <span class='ocrx_word' id='word_1_223' title='bbox 2186 1595 2497 1651; x_wconf 87' lang='lat' dir='ltr'><strong>necessario</strong></span> <span class='ocrx_word' id='word_1_224' title='bbox 2545 1594 2671 1649; x_wconf 89' lang='lat' dir='ltr'><strong>inde</strong></span> <span class='ocrx_word' id='word_1_225' title='bbox 2706 1602 3051 1663; x_wconf 85' lang='lat' dir='ltr'><strong>sequeretur,</strong></span> <span class='ocrx_word' id='word_1_226' title='bbox 3082 1599 3175 1646; x_wconf 86' lang='lat' dir='ltr'><strong>aut</strong></span> <span class='ocrx_word' id='word_1_227' title='bbox 3210 1592 3450 1645; x_wconf 85' lang='lat' dir='ltr'><strong>animam</strong></span> 
     </span>
    </p>
   </div>
   <div class='ocr_carea' id='block_1_32' title="bbox 1863 1686 3450 1760">
    <p class='ocr_par' dir='ltr' id='par_1_32' title="bbox 1863 1686 3450 1760">
     <span class='ocr_line' id='line_1_32' title="bbox 1863 1686 3450 1760; baseline -0.01 -12"><span class='ocrx_word' id='word_1_228' title='bbox 1863 1710 1927 1748; x_wconf 84' lang='lat' dir='ltr'><strong>ex</strong></span> <span class='ocrx_word' id='word_1_229' title='bbox 1948 1709 2006 1748; x_wconf 89' lang='lat' dir='ltr'><strong>se</strong></span> <span class='ocrx_word' id='word_1_230' title='bbox 2023 1702 2076 1748; x_wconf 91' lang='lat' dir='ltr'><strong>et</strong></span> <span class='ocrx_word' id='word_1_231' title='bbox 2093 1706 2323 1760; x_wconf 90' lang='lat' dir='ltr'><strong>corpore</strong></span> <span class='ocrx_word' id='word_1_232' title='bbox 2347 1688 2707 1760; x_wconf 88' lang='lat' dir='ltr'><strong>compositam</strong></span> <span class='ocrx_word' id='word_1_233' title='bbox 2731 1702 2875 1753; x_wconf 82' lang='lat' dir='ltr'><strong>esse,</strong></span> <span class='ocrx_word' id='word_1_234' title='bbox 2896 1696 2987 1740; x_wconf 86' lang='lat' dir='ltr'><strong>aut</strong></span> <span class='ocrx_word' id='word_1_235' title='bbox 3008 1688 3053 1740; x_wconf 91' lang='lat' dir='ltr'><strong>si</strong></span> <span class='ocrx_word' id='word_1_236' title='bbox 3075 1687 3124 1739; x_wconf 88' lang='lat' dir='ltr'><strong>id</strong></span> <span class='ocrx_word' id='word_1_237' title='bbox 3146 1701 3251 1739; x_wconf 90' lang='lat' dir='ltr'><strong>non</strong></span> <span class='ocrx_word' id='word_1_238' title='bbox 3267 1686 3450 1749; x_wconf 77' lang='lat' dir='ltr'><strong>datur,</strong></span> 
     </span>
    </p>
   </div>
   <div class='ocr_carea' id='block_1_33' title="bbox 1864 1776 3449 1854">
    <p class='ocr_par' dir='ltr' id='par_1_33' title="bbox 1864 1776 3449 1854">
     <span class='ocr_line' id='line_1_33' title="bbox 1864 1776 3449 1854; baseline -0.006 -17"><span class='ocrx_word' id='word_1_239' title='bbox 1864 1793 2085 1854; x_wconf 86' lang='lat' dir='ltr'><strong>propter</strong></span> <span class='ocrx_word' id='word_1_240' title='bbox 2109 1793 2300 1853; x_wconf 87' lang='lat' dir='ltr'><strong>patens</strong></span> <span class='ocrx_word' id='word_1_241' title='bbox 2325 1780 2645 1843; x_wconf 85' lang='lat' dir='ltr'><strong>absurdum,</strong></span> <span class='ocrx_word' id='word_1_242' title='bbox 2667 1778 2906 1832; x_wconf 88' lang='lat' dir='ltr'><strong>animam</strong></span> <span class='ocrx_word' id='word_1_243' title='bbox 2932 1792 3038 1829; x_wconf 92' lang='lat' dir='ltr'><strong>non</strong></span> <span class='ocrx_word' id='word_1_244' title='bbox 3061 1792 3182 1830; x_wconf 83' lang='lat' dir='ltr'><strong>esse</strong></span> <span class='ocrx_word' id='word_1_245' title='bbox 3203 1776 3449 1844; x_wconf 82' lang='lat' dir='ltr'><strong>ejusdem</strong></span> 
     </span>
    </p>
   </div>
   <div class='ocr_carea' id='block_1_34' title="bbox 176 1867 1758 1946">
    <p class='ocr_par' dir='ltr' id='par_1_34' title="bbox 176 1871 1753 1946">
     <span class='ocr_line' id='line_1_34' title="bbox 176 1871 1753 1946; baseline -0.001 -20"><span class='ocrx_word' id='word_1_246' title='bbox 176 1877 295 1946; x_wconf 76' lang='grc' dir='ltr'>χῆς,</span> <span class='ocrx_word' id='word_1_247' title='bbox 330 1876 605 1945; x_wconf 75' lang='grc' dir='ltr'>συμϐαίνῃ</span> <span class='ocrx_word' id='word_1_248' title='bbox 636 1875 700 1927; x_wconf 77' lang='grc' dir='ltr'>ἂν</span> <span class='ocrx_word' id='word_1_249' title='bbox 729 1872 1026 1937; x_wconf 82' lang='grc' dir='ltr'>ὲξάπαντος</span> <span class='ocrx_word' id='word_1_250' title='bbox 1051 1914 1064 1939; x_wconf 87' lang='grc'><strong>,</strong></span> <span class='ocrx_word' id='word_1_251' title='bbox 1104 1873 1135 1943; x_wconf 80' lang='grc' dir='ltr'><strong>ἥ</strong></span> <span class='ocrx_word' id='word_1_252' title='bbox 1169 1873 1267 1943; x_wconf 83' lang='grc' dir='ltr'>τὴν</span> <span class='ocrx_word' id='word_1_253' title='bbox 1288 1873 1466 1943; x_wconf 78' lang='grc' dir='ltr'>ψυχὴν</span> <span class='ocrx_word' id='word_1_254' title='bbox 1502 1871 1753 1926; x_wconf 88' lang='grc' dir='ltr'>σύνθετον</span> 
     </span>
    </p>
   </div>
   <div class='ocr_carea' id='block_1_35' title="bbox 1862 1867 3451 1946">
    <p class='ocr_par' dir='ltr' id='par_1_35' title="bbox 1862 1867 3451 1938">
     <span class='ocr_line' id='line_1_35' title="bbox 1862 1867 3451 1938; baseline -0.007 -10"><span class='ocrx_word' id='word_1_255' title='bbox 1862 1873 2110 1929; x_wconf 72' lang='lat' dir='ltr'><strong>essentia:</strong></span> <span class='ocrx_word' id='word_1_256' title='bbox 2131 1882 2185 1927; x_wconf 91' lang='lat' dir='ltr'><strong>et</strong></span> <span class='ocrx_word' id='word_1_257' title='bbox 2209 1880 2417 1925; x_wconf 81' lang='lat' dir='ltr'><strong>naturae</strong></span> <span class='ocrx_word' id='word_1_258' title='bbox 2438 1886 2561 1925; x_wconf 91' lang='lat' dir='ltr'><strong>cum</strong></span> <span class='ocrx_word' id='word_1_259' title='bbox 2587 1885 2693 1924; x_wconf 90' lang='lat' dir='ltr'><strong>una</strong></span> <span class='ocrx_word' id='word_1_260' title='bbox 2726 1869 3049 1938; x_wconf 80' lang='lat' dir='ltr'><strong>composita,</strong></span> <span class='ocrx_word' id='word_1_261' title='bbox 3083 1867 3321 1921; x_wconf 90' lang='lat' dir='ltr'><strong>hominis</strong></span> <span class='ocrx_word' id='word_1_262' title='bbox 3353 1882 3451 1917; x_wconf 82' lang='lat' dir='ltr'><strong>na-</strong></span> 
     </span>
    </p>
   </div>
   <div class='ocr_carea' id='block_1_36' title="bbox 177 1963 1761 2037">
    <p class='ocr_par' dir='ltr' id='par_1_36' title="bbox 177 1963 1761 2037">
     <span class='ocr_line' id='line_1_36' title="bbox 177 1963 1761 2037; baseline -0.003 -16"><span class='ocrx_word' id='word_1_263' title='bbox 177 1964 312 2021; x_wconf 79' lang='grc' dir='ltr'>εἷναι</span> <span class='ocrx_word' id='word_1_264' title='bbox 342 1969 408 2021; x_wconf 81' lang='grc' dir='ltr'>ὲκ</span> <span class='ocrx_word' id='word_1_265' title='bbox 439 1967 533 2022; x_wconf 85' lang='grc' dir='ltr'>τοῦ</span> <span class='ocrx_word' id='word_1_266' title='bbox 576 1965 747 2035; x_wconf 75' lang='grc' dir='ltr'>αὐτῆς</span> <span class='ocrx_word' id='word_1_267' title='bbox 782 1966 875 2018; x_wconf 71' lang='grc' dir='ltr'><strong>καὶ</strong></span> <span class='ocrx_word' id='word_1_268' title='bbox 907 1964 1001 2019; x_wconf 88' lang='grc' dir='ltr'>τοῦ</span> <span class='ocrx_word' id='word_1_269' title='bbox 1032 1964 1303 2035; x_wconf 77' lang='grc' dir='ltr'>σώματος’</span> <span class='ocrx_word' id='word_1_270' title='bbox 1338 1965 1370 2035; x_wconf 80' lang='grc' dir='ltr'>ἢ</span> <span class='ocrx_word' id='word_1_271' title='bbox 1410 1965 1459 2017; x_wconf 84' lang='grc' dir='ltr'><strong>εί</strong></span> <span class='ocrx_word' id='word_1_272' title='bbox 1496 1964 1572 2037; x_wconf 76' lang='grc' dir='ltr'>μὴ</span> <span class='ocrx_word' id='word_1_273' title='bbox 1605 1963 1761 2017; x_wconf 84' lang='grc' dir='ltr'>τοῦτο</span> 
     </span>
    </p>
   </div>
   <div class='ocr_carea' id='block_1_37' title="bbox 175 2050 1760 2128">
    <p class='ocr_par' dir='ltr' id='par_1_37' title="bbox 175 2050 1760 2128">
     <span class='ocr_line' id='line_1_37' title="bbox 175 2050 1760 2128; baseline -0.002 -16"><span class='ocrx_word' id='word_1_274' title='bbox 175 2058 259 2112; x_wconf 75' lang='grc' dir='ltr'><strong>δια</strong></span> <span class='ocrx_word' id='word_1_275' title='bbox 290 2061 351 2112; x_wconf 77' lang='grc' dir='ltr'><strong>τὺ</strong></span> <span class='ocrx_word' id='word_1_276' title='bbox 390 2058 620 2128; x_wconf 70' lang='grc' dir='ltr'>ἐναργὲς</span> <span class='ocrx_word' id='word_1_277' title='bbox 656 2056 880 2121; x_wconf 83' lang='grc' dir='ltr'>ἄτοπον,</span> <span class='ocrx_word' id='word_1_278' title='bbox 920 2059 1020 2127; x_wconf 80' lang='grc' dir='ltr'>τὴν</span> <span class='ocrx_word' id='word_1_279' title='bbox 1058 2057 1237 2127; x_wconf 69' lang='grc' dir='ltr'>ψυχὴν</span> <span class='ocrx_word' id='word_1_280' title='bbox 1270 2056 1346 2126; x_wconf 85' lang='grc' dir='ltr'>μὴ</span> <span class='ocrx_word' id='word_1_281' title='bbox 1386 2050 1527 2111; x_wconf 75' lang='grc' dir='ltr'>εἶναι</span> <span class='ocrx_word' id='word_1_282' title='bbox 1565 2056 1760 2127; x_wconf 79' lang='grc' dir='ltr'>όμοούο</span> 
     </span>
    </p>
   </div>
   <div class='ocr_carea' id='block_1_38' title="bbox 178 2144 1764 2221">
    <p class='ocr_par' dir='ltr' id='par_1_38' title="bbox 178 2144 1764 2221">
     <span class='ocr_line' id='line_1_38' title="bbox 178 2144 1764 2221; baseline -0.001 -16"><span class='ocrx_word' id='word_1_283' title='bbox 178 2170 286 2206; x_wconf 87' lang='grc' dir='ltr'>σιον</span> <span class='ocrx_word' id='word_1_284' title='bbox 314 2154 411 2206; x_wconf 72' lang='grc' dir='ltr'>καὶ</span> <span class='ocrx_word' id='word_1_285' title='bbox 438 2151 652 2221; x_wconf 82' lang='grc' dir='ltr'>ὀμοφυῆ</span> <span class='ocrx_word' id='word_1_286' title='bbox 685 2151 782 2220; x_wconf 77' lang='grc' dir='ltr'>τῆς</span> <span class='ocrx_word' id='word_1_287' title='bbox 816 2151 949 2221; x_wconf 77' lang='grc' dir='ltr'>μιᾶς</span> <span class='ocrx_word' id='word_1_288' title='bbox 982 2144 1241 2203; x_wconf 77' lang='grc' dir='ltr'>συνθέτου</span> <span class='ocrx_word' id='word_1_289' title='bbox 1281 2149 1495 2218; x_wconf 89' lang='grc' dir='ltr'>φύσεως</span> <span class='ocrx_word' id='word_1_290' title='bbox 1536 2149 1630 2204; x_wconf 90' lang='grc' dir='ltr'>τοῦ</span> <span class='ocrx_word' id='word_1_291' title='bbox 1670 2152 1764 2205; x_wconf 68' lang='grc' dir='ltr'>ἀν.</span> 
     </span>
    </p>
   </div>
   <div class='ocr_carea' id='block_1_39' title="bbox 175 2243 1759 2315">
    <p class='ocr_par' dir='ltr' id='par_1_39' title="bbox 175 2243 1759 2315">
     <span class='ocr_line' id='line_1_39' title="bbox 175 2243 1759 2315; baseline -0.002 -18"><span class='ocrx_word' id='word_1_292' title='bbox 175 2245 418 2315; x_wconf 85' lang='grc' dir='ltr'>θρώπου.</span> <span class='ocrx_word' id='word_1_293' title='bbox 462 2243 716 2296; x_wconf 75' lang='grc' dir='ltr'>Τοιοῦτόν</span> <span class='ocrx_word' id='word_1_294' title='bbox 755 2260 806 2295; x_wconf 91' lang='grc' dir='ltr'>τι</span> <span class='ocrx_word' id='word_1_295' title='bbox 855 2243 951 2295; x_wconf 72' lang='grc' dir='ltr'>καὶ</span> <span class='ocrx_word' id='word_1_296' title='bbox 982 2243 1147 2313; x_wconf 78' lang='grc' dir='ltr'>ἡμεῖς</span> <span class='ocrx_word' id='word_1_297' title='bbox 1192 2243 1557 2312; x_wconf 73' lang='grc' dir='ltr'>πεπράχαμεν</span> <span class='ocrx_word' id='word_1_298' title='bbox 1601 2245 1659 2295; x_wconf 81' lang='grc' dir='ltr'>ὲν</span> <span class='ocrx_word' id='word_1_299' title='bbox 1692 2245 1759 2312; x_wconf 80' lang='grc' dir='ltr'>τῇ</span> 
     </span>
    </p>
   </div>
   <div class='ocr_carea' id='block_1_40' title="bbox 186 2334 1761 2408">
    <p class='ocr_par' dir='ltr' id='par_1_40' title="bbox 186 2334 1761 2408">
     <span class='ocr_line' id='line_1_40' title="bbox 186 2334 1761 2408; baseline -0.003 -16"><span class='ocrx_word' id='word_1_300' title='bbox 186 2338 473 2408; x_wconf 75' lang='grc' dir='ltr'><strong>Ἐπιστολῇ</strong></span> <span class='ocrx_word' id='word_1_301' title='bbox 520 2337 679 2407; x_wconf 80' lang='grc' dir='ltr'>ἡμῶν</span> <span class='ocrx_word' id='word_1_302' title='bbox 720 2334 969 2404; x_wconf 87' lang='grc' dir='ltr'>λέγοντες</span> <span class='ocrx_word' id='word_1_303' title='bbox 995 2348 1009 2365; x_wconf 74' lang='grc'><strong><em>⁸</em></strong></span> <span class='ocrx_word' id='word_1_304' title='bbox 1068 2336 1132 2389; x_wconf 77' lang='lat' dir='ltr'><strong>Ei</strong></span> <span class='ocrx_word' id='word_1_305' title='bbox 1183 2338 1313 2406; x_wconf 82' lang='grc' dir='ltr'>μίαν</span> <span class='ocrx_word' id='word_1_306' title='bbox 1346 2335 1508 2405; x_wconf 86' lang='grc' dir='ltr'>φύσιν</span> <span class='ocrx_word' id='word_1_307' title='bbox 1549 2336 1761 2404; x_wconf 83' lang='grc' dir='ltr'>λέγοιτε</span> 
     </span>
    </p>
   </div>
   <div class='ocr_carea' id='block_1_41' title="bbox 174 2426 1758 2501">
    <p class='ocr_par' dir='ltr' id='par_1_41' title="bbox 174 2426 1758 2501">
     <span class='ocr_line' id='line_1_41' title="bbox 174 2426 1758 2501; baseline -0.001 -19"><span class='ocrx_word' id='word_1_308' title='bbox 174 2432 264 2483; x_wconf 71' lang='grc' dir='ltr'><strong>ἐπὶ</strong></span> <span class='ocrx_word' id='word_1_309' title='bbox 290 2429 390 2501; x_wconf 80' lang='grc' dir='ltr'>τῆς</span> <span class='ocrx_word' id='word_1_310' title='bbox 427 2427 668 2499; x_wconf 81' lang='grc' dir='ltr'><strong>Χριστοῦ</strong></span> <span class='ocrx_word' id='word_1_311' title='bbox 712 2426 967 2481; x_wconf 79' lang='grc' dir='ltr'>συνθέτου</span> <span class='ocrx_word' id='word_1_312' title='bbox 1016 2426 1296 2493; x_wconf 81' lang='grc' dir='ltr'>ὲνώσεως,</span> <span class='ocrx_word' id='word_1_313' title='bbox 1328 2428 1544 2499; x_wconf 84' lang='grc' dir='ltr'>ἀνάγκη</span> <span class='ocrx_word' id='word_1_314' title='bbox 1579 2428 1758 2493; x_wconf 76' lang='grc' dir='ltr'>πᾶσα,</span> 
     </span>
    </p>
   </div>
   <div class='ocr_carea' id='block_1_42' title="bbox 172 2516 1758 2591">
    <p class='ocr_par' dir='ltr' id='par_1_42' title="bbox 172 2516 1758 2591">
     <span class='ocr_line' id='line_1_42' title="bbox 172 2516 1758 2591; baseline -0.001 -17"><span class='ocrx_word' id='word_1_315' title='bbox 172 2523 386 2591; x_wconf 75' lang='grc' dir='ltr'>ἧθείαν</span> <span class='ocrx_word' id='word_1_316' title='bbox 428 2522 598 2587; x_wconf 73' lang='grc' dir='ltr'>αὐτὴν</span> <span class='ocrx_word' id='word_1_317' title='bbox 637 2522 842 2574; x_wconf 76' lang='grc' dir='ltr'><strong>εἴποιτε</strong></span> <span class='ocrx_word' id='word_1_318' title='bbox 886 2516 1065 2585; x_wconf 80' lang='grc' dir='ltr'>εἶναι,</span> <span class='ocrx_word' id='word_1_319' title='bbox 1113 2520 1145 2590; x_wconf 81' lang='grc' dir='ltr'>ἢ</span> <span class='ocrx_word' id='word_1_320' title='bbox 1189 2518 1542 2591; x_wconf 79' lang='grc' dir='ltr'>ἀνθρωπίνην</span> <span class='ocrx_word' id='word_1_321' title='bbox 1578 2521 1758 2590; x_wconf 90' lang='grc' dir='ltr'>μόνον,</span> 
     </span>
    </p>
   </div>
   <div class='ocr_carea' id='block_1_43' title="bbox 171 2612 1759 2685">
    <p class='ocr_par' dir='ltr' id='par_1_43' title="bbox 171 2612 1759 2685">
     <span class='ocr_line' id='line_1_43' title="bbox 171 2612 1759 2685; baseline 0 -20"><span class='ocrx_word' id='word_1_322' title='bbox 171 2613 203 2685; x_wconf 72' lang='grc' dir='ltr'>ἦ</span> <span class='ocrx_word' id='word_1_323' title='bbox 240 2614 688 2683; x_wconf 85' lang='grc' dir='ltr'>μετατετράφθαι</span> <span class='ocrx_word' id='word_1_324' title='bbox 742 2613 909 2683; x_wconf 79' lang='grc' dir='ltr'>ἄμφω</span> <span class='ocrx_word' id='word_1_325' title='bbox 956 2613 1091 2682; x_wconf 80' lang='grc' dir='ltr'>πρὸς</span> <span class='ocrx_word' id='word_1_326' title='bbox 1120 2612 1390 2683; x_wconf 75' lang='grc' dir='ltr'>ἀλ).ήλας’</span> <span class='ocrx_word' id='word_1_327' title='bbox 1425 2614 1457 2685; x_wconf 78' lang='grc' dir='ltr'>ἢ</span> <span class='ocrx_word' id='word_1_328' title='bbox 1506 2613 1759 2665; x_wconf 81' lang='grc' dir='ltr'>συνθέτου</span> 
     </span>
    </p>
   </div>
   <div class='ocr_carea' id='block_1_44' title="bbox 172 2701 1758 2775">
    <p class='ocr_par' dir='ltr' id='par_1_44' title="bbox 172 2701 1758 2775">
     <span class='ocr_line' id='line_1_44' title="bbox 172 2701 1758 2775; baseline -0.001 -18"><span class='ocrx_word' id='word_1_329' title='bbox 172 2707 298 2774; x_wconf 77' lang='grc' dir='ltr'>μιᾶς</span> <span class='ocrx_word' id='word_1_330' title='bbox 327 2705 498 2775; x_wconf 76' lang='grc' dir='ltr'>οὖσης</span> <span class='ocrx_word' id='word_1_331' title='bbox 537 2706 635 2772; x_wconf 83' lang='grc' dir='ltr'>τῆς</span> <span class='ocrx_word' id='word_1_332' title='bbox 677 2703 921 2773; x_wconf 79' lang='grc' dir='ltr'>Χριστοῦ</span> <span class='ocrx_word' id='word_1_333' title='bbox 969 2701 1222 2772; x_wconf 83' lang='grc' dir='ltr'>φύσεως,</span> <span class='ocrx_word' id='word_1_334' title='bbox 1254 2704 1473 2774; x_wconf 79' lang='grc' dir='ltr'>ἀνάγκη</span> <span class='ocrx_word' id='word_1_335' title='bbox 1524 2706 1693 2769; x_wconf 82' lang='grc' dir='ltr'>πᾶσα,</span> <span class='ocrx_word' id='word_1_336' title='bbox 1724 2705 1758 2773; x_wconf 82' lang='grc' dir='ltr'>ἢ</span> 
     </span>
    </p>
   </div>
   <div class='ocr_carea' id='block_1_45' title="bbox 170 2794 1760 2867">
    <p class='ocr_par' dir='ltr' id='par_1_45' title="bbox 170 2794 1760 2867">
     <span class='ocr_line' id='line_1_45' title="bbox 170 2794 1760 2867; baseline -0.001 -18"><span class='ocrx_word' id='word_1_337' title='bbox 170 2796 423 2849; x_wconf 77' lang='grc' dir='ltr'>σύνθετον</span> <span class='ocrx_word' id='word_1_338' title='bbox 469 2794 823 2866; x_wconf 81' lang='grc' dir='ltr'>εὑρίσκεσθαι</span> <span class='ocrx_word' id='word_1_339' title='bbox 872 2796 968 2848; x_wconf 84' lang='grc' dir='ltr'>τοῦ</span> <span class='ocrx_word' id='word_1_340' title='bbox 1019 2795 1230 2867; x_wconf 78' lang='grc' dir='ltr'>Πατρὸς</span> <span class='ocrx_word' id='word_1_341' title='bbox 1281 2795 1382 2866; x_wconf 82' lang='grc' dir='ltr'>τὴν</span> <span class='ocrx_word' id='word_1_342' title='bbox 1431 2794 1617 2863; x_wconf 84' lang='grc' dir='ltr'>φύσιν,</span> <span class='ocrx_word' id='word_1_343' title='bbox 1672 2796 1760 2847; x_wconf 81' lang='grc' dir='ltr'><strong>ἴνα</strong></span> 
     </span>
    </p>
   </div>
   <div class='ocr_carea' id='block_1_46' title="bbox 166 2886 1761 2958">
    <p class='ocr_par' dir='ltr' id='par_1_46' title="bbox 166 2886 1761 2958">
     <span class='ocr_line' id='line_1_46' title="bbox 166 2886 1761 2958; baseline -0.001 -17"><span class='ocrx_word' id='word_1_344' title='bbox 166 2891 223 2941; x_wconf 71' lang='grc' dir='ltr'>τὸ</span> <span class='ocrx_word' id='word_1_345' title='bbox 250 2889 496 2958; x_wconf 77' lang='grc' dir='ltr'>όμοφυὲς</span> <span class='ocrx_word' id='word_1_346' title='bbox 524 2887 663 2957; x_wconf 82' lang='grc' dir='ltr'><strong>μετά</strong></span> <span class='ocrx_word' id='word_1_347' title='bbox 689 2887 783 2958; x_wconf 72' lang='grc' dir='ltr'>τὴν</span> <span class='ocrx_word' id='word_1_348' title='bbox 806 2887 1001 2940; x_wconf 78' lang='grc' dir='ltr'>ἕνωσιν</span> <span class='ocrx_word' id='word_1_349' title='bbox 1033 2886 1127 2940; x_wconf 89' lang='grc' dir='ltr'><strong>τοῦ</strong></span> <span class='ocrx_word' id='word_1_350' title='bbox 1156 2887 1395 2958; x_wconf 77' lang='grc' dir='ltr'><strong>Χριστοῦ</strong></span> <span class='ocrx_word' id='word_1_351' title='bbox 1425 2888 1562 2957; x_wconf 65' lang='grc' dir='ltr'>πρὸς</span> <span class='ocrx_word' id='word_1_352' title='bbox 1598 2887 1761 2940; x_wconf 75' lang='grc' dir='ltr'>αὑτὸν</span> 
     </span>
    </p>
   </div>
   <div class='ocr_carea' id='block_1_47' title="bbox 168 2978 1761 3050">
    <p class='ocr_par' dir='ltr' id='par_1_47' title="bbox 168 2978 1761 3050">
     <span class='ocr_line' id='line_1_47' title="bbox 168 2978 1761 3050; baseline -0.001 -17"><span class='ocrx_word' id='word_1_353' title='bbox 168 2980 527 3044; x_wconf 75' lang='grc' dir='ltr'>δ.ασὼζοιτο·</span> <span class='ocrx_word' id='word_1_354' title='bbox 569 2980 601 3049; x_wconf 78' lang='grc' dir='ltr'>ἧ</span> <span class='ocrx_word' id='word_1_355' title='bbox 643 2981 692 3031; x_wconf 89' lang='grc' dir='ltr'><strong>εί</strong></span> <span class='ocrx_word' id='word_1_356' title='bbox 738 2980 812 3050; x_wconf 81' lang='grc' dir='ltr'>μὴ</span> <span class='ocrx_word' id='word_1_357' title='bbox 851 2978 1010 3033; x_wconf 89' lang='grc' dir='ltr'>τοῦτο</span> <span class='ocrx_word' id='word_1_358' title='bbox 1053 2978 1141 3032; x_wconf 76' lang='grc' dir='ltr'>διὰ</span> <span class='ocrx_word' id='word_1_359' title='bbox 1178 2980 1238 3032; x_wconf 74' lang='grc' dir='ltr'><strong>τὸ</strong></span> <span class='ocrx_word' id='word_1_360' title='bbox 1276 2979 1619 3050; x_wconf 74' lang='grc' dir='ltr'>βλάσφημον,</span> <span class='ocrx_word' id='word_1_361' title='bbox 1661 2980 1761 3032; x_wconf 78' lang='grc' dir='ltr'><strong>οὐκ</strong></span> 
     </span>
    </p>
   </div>
   <div class='ocr_carea' id='block_1_48' title="bbox 165 3068 1761 3140">
    <p class='ocr_par' dir='ltr' id='par_1_48' title="bbox 165 3068 1761 3140">
     <span class='ocr_line' id='line_1_48' title="bbox 165 3068 1761 3140; baseline 0 -20"><span class='ocrx_word' id='word_1_362' title='bbox 165 3070 316 3123; x_wconf 76' lang='grc' dir='ltr'>ἔσται</span> <span class='ocrx_word' id='word_1_363' title='bbox 348 3069 431 3140; x_wconf 79' lang='grc' dir='ltr'><strong>τῷ</strong></span> <span class='ocrx_word' id='word_1_364' title='bbox 456 3070 632 3139; x_wconf 76' lang='grc' dir='ltr'>Πατρὶ</span> <span class='ocrx_word' id='word_1_365' title='bbox 656 3070 683 3121; x_wconf 90' lang='grc' dir='ltr'><strong>ό</strong></span> <span class='ocrx_word' id='word_1_366' title='bbox 712 3068 837 3131; x_wconf 73' lang='grc' dir='ltr'>Υἱὸς</span> <span class='ocrx_word' id='word_1_367' title='bbox 859 3068 1167 3139; x_wconf 83' lang='grc' dir='ltr'>όμοούσιος,</span> <span class='ocrx_word' id='word_1_368' title='bbox 1195 3069 1332 3139; x_wconf 78' lang='grc' dir='ltr'>ὅπερ</span> <span class='ocrx_word' id='word_1_369' title='bbox 1361 3070 1479 3121; x_wconf 78' lang='grc' dir='ltr'>ἐστὶ</span> <span class='ocrx_word' id='word_1_370' title='bbox 1509 3069 1604 3122; x_wconf 76' lang='grc' dir='ltr'>καὶ</span> <span class='ocrx_word' id='word_1_371' title='bbox 1628 3068 1761 3123; x_wconf 72' lang='grc' dir='ltr'>αὐτὸ</span> 
     </span>
    </p>
   </div>
   <div class='ocr_carea' id='block_1_49' title="bbox 166 3156 1761 3232">
    <p class='ocr_par' dir='ltr' id='par_1_49' title="bbox 166 3156 1761 3232">
     <span class='ocr_line' id='line_1_49' title="bbox 166 3156 1761 3232; baseline -0.002 -17"><span class='ocrx_word' id='word_1_372' title='bbox 166 3164 348 3232; x_wconf 79' lang='grc' dir='ltr'>πάσης</span> <span class='ocrx_word' id='word_1_373' title='bbox 398 3160 752 3231; x_wconf 79' lang='grc' dir='ltr'>βλασφημίας</span> <span class='ocrx_word' id='word_1_374' title='bbox 800 3160 1093 3214; x_wconf 83' lang='grc' dir='ltr'><strong>ἀνώτατον.</strong></span> <span class='ocrx_word' id='word_1_375' title='bbox 1146 3160 1217 3213; x_wconf 84' lang='grc' dir='ltr'><strong>Σὺ</strong></span> <span class='ocrx_word' id='word_1_376' title='bbox 1267 3156 1360 3213; x_wconf 82' lang='grc' dir='ltr'><strong>οὖν</strong></span> <span class='ocrx_word' id='word_1_377' title='bbox 1413 3160 1586 3213; x_wconf 82' lang='grc' dir='ltr'>δοκῶν</span> <span class='ocrx_word' id='word_1_378' title='bbox 1636 3160 1761 3223; x_wconf 75' lang='grc' dir='ltr'>τοὺς</span> 
     </span>
    </p>
   </div>
   <div class='ocr_carea' id='block_1_50' title="bbox 165 3249 1758 3323">
    <p class='ocr_par' dir='ltr' id='par_1_50' title="bbox 165 3249 1758 3323">
     <span class='ocr_line' id='line_1_50' title="bbox 165 3249 1758 3323; baseline -0.003 -17"><span class='ocrx_word' id='word_1_379' title='bbox 165 3255 425 3323; x_wconf 68' lang='grc' dir='ltr'>ιλέγχους</span> <span class='ocrx_word' id='word_1_380' title='bbox 470 3252 785 3321; x_wconf 71' lang='grc' dir='ltr'>ἐκφεύγειν,</span> <span class='ocrx_word' id='word_1_381' title='bbox 836 3252 895 3305; x_wconf 76' lang='grc' dir='ltr'>τὸ</span> <span class='ocrx_word' id='word_1_382' title='bbox 939 3251 1197 3321; x_wconf 82' lang='grc' dir='ltr'>διάφορον</span> <span class='ocrx_word' id='word_1_383' title='bbox 1231 3254 1329 3321; x_wconf 78' lang='grc' dir='ltr'>τῆς</span> <span class='ocrx_word' id='word_1_384' title='bbox 1380 3251 1628 3315; x_wconf 82' lang='grc' dir='ltr'>ένώσεως</span> <span class='ocrx_word' id='word_1_385' title='bbox 1663 3249 1758 3303; x_wconf 86' lang='grc' dir='ltr'>τοῦ</span> 
     </span>
    </p>
   </div>
   <div class='ocr_carea' id='block_1_51' title="bbox 165 3343 1759 3415">
    <p class='ocr_par' dir='ltr' id='par_1_51' title="bbox 165 3343 1759 3415">
     <span class='ocr_line' id='line_1_51' title="bbox 165 3343 1759 3415; baseline -0.002 -17"><span class='ocrx_word' id='word_1_386' title='bbox 165 3349 305 3398; x_wconf 86' lang='grc' dir='ltr'><strong>κατά</strong></span> <span class='ocrx_word' id='word_1_387' title='bbox 341 3345 613 3415; x_wconf 81' lang='grc' dir='ltr'>σύγχυσιν</span> <span class='ocrx_word' id='word_1_388' title='bbox 657 3346 751 3397; x_wconf 75' lang='grc' dir='ltr'>καὶ</span> <span class='ocrx_word' id='word_1_389' title='bbox 792 3343 868 3415; x_wconf 85' lang='grc' dir='ltr'>μὴ</span> <span class='ocrx_word' id='word_1_390' title='bbox 908 3343 1150 3397; x_wconf 74' lang='grc' dir='ltr'>τοιούτου</span> <span class='ocrx_word' id='word_1_391' title='bbox 1204 3344 1639 3413; x_wconf 76' lang='grc' dir='ltr'>προκεκόμικας,</span> <span class='ocrx_word' id='word_1_392' title='bbox 1683 3343 1759 3407; x_wconf 81' lang='grc' dir='ltr'>ὡς</span> 
     </span>
    </p>
   </div>
   <div class='ocr_carea' id='block_1_52' title="bbox 164 3434 1750 3506">
    <p class='ocr_par' dir='ltr' id='par_1_52' title="bbox 164 3434 1750 3506">
     <span class='ocr_line' id='line_1_52' title="bbox 164 3434 1750 3506; baseline 0 -17"><span class='ocrx_word' id='word_1_393' title='bbox 164 3436 420 3490; x_wconf 68' lang='grc' dir='ltr'>ἐντεῦθεν</span> <span class='ocrx_word' id='word_1_394' title='bbox 451 3436 586 3506; x_wconf 84' lang='grc' dir='ltr'>μηδὲ</span> <span class='ocrx_word' id='word_1_395' title='bbox 616 3436 841 3499; x_wconf 80' lang='grc' dir='ltr'>δικαίως</span> <span class='ocrx_word' id='word_1_396' title='bbox 873 3434 1003 3505; x_wconf 87' lang='grc' dir='ltr'>παρ’</span> <span class='ocrx_word' id='word_1_397' title='bbox 1031 3435 1189 3505; x_wconf 77' lang='grc' dir='ltr'>ἡμῶν</span> <span class='ocrx_word' id='word_1_398' title='bbox 1222 3434 1750 3505; x_wconf 76' lang='grc' dir='ltr'>συκοφαντούμενος.</span> 
     </span>
    </p>
   </div>
   <div class='ocr_carea' id='block_1_53' title="bbox 164 3525 1760 3600">
    <p class='ocr_par' dir='ltr' id='par_1_53' title="bbox 164 3525 1760 3600">
     <span class='ocr_line' id='line_1_53' title="bbox 164 3525 1760 3600; baseline -0.001 -19"><span class='ocrx_word' id='word_1_399' title='bbox 164 3530 233 3581; x_wconf 81' lang='grc' dir='ltr'><strong>Τὸ</strong></span> <span class='ocrx_word' id='word_1_400' title='bbox 266 3529 373 3599; x_wconf 72' lang='grc' dir='ltr'>μὲν</span> <span class='ocrx_word' id='word_1_401' title='bbox 404 3525 499 3581; x_wconf 81' lang='grc' dir='ltr'>οὖν</span> <span class='ocrx_word' id='word_1_402' title='bbox 520 3528 584 3598; x_wconf 80' lang='grc' dir='ltr'>δὴ</span> <span class='ocrx_word' id='word_1_403' title='bbox 615 3529 851 3600; x_wconf 75' lang='grc' dir='ltr'>γράφειν</span> <span class='ocrx_word' id='word_1_404' title='bbox 873 3529 1022 3599; x_wconf 77' lang='grc' dir='ltr'>ἡμᾶς</span> <span class='ocrx_word' id='word_1_405' title='bbox 1050 3527 1493 3598; x_wconf 86' lang='grc' dir='ltr'>μετατετράφθαι</span> <span class='ocrx_word' id='word_1_406' title='bbox 1525 3527 1760 3597; x_wconf 81' lang='grc' dir='ltr'>θατέραν</span> 
     </span>
    </p>
   </div>
   <div class='ocr_carea' id='block_1_54' title="bbox 164 3618 1759 3690">
    <p class='ocr_par' dir='ltr' id='par_1_54' title="bbox 164 3618 1759 3690">
     <span class='ocr_line' id='line_1_54' title="bbox 164 3618 1759 3690; baseline -0.001 -17"><span class='ocrx_word' id='word_1_407' title='bbox 164 3622 325 3689; x_wconf 80' lang='grc' dir='ltr'>φύσιν</span> <span class='ocrx_word' id='word_1_408' title='bbox 370 3623 469 3673; x_wconf 74' lang='grc' dir='ltr'><strong>ἐπὶ</strong></span> <span class='ocrx_word' id='word_1_409' title='bbox 504 3620 741 3690; x_wconf 78' lang='grc' dir='ltr'>θατέραν</span> <span class='ocrx_word' id='word_1_410' title='bbox 772 3621 864 3674; x_wconf 69' lang='grc' dir='ltr'><strong>ἐπὶ</strong></span> <span class='ocrx_word' id='word_1_411' title='bbox 897 3619 1006 3672; x_wconf 85' lang='grc' dir='ltr'><strong>τῶν</strong></span> <span class='ocrx_word' id='word_1_412' title='bbox 1041 3619 1161 3673; x_wconf 81' lang='grc' dir='ltr'>κατ’</span> <span class='ocrx_word' id='word_1_413' title='bbox 1191 3619 1455 3689; x_wconf 82' lang='grc' dir='ltr'>ἀνάχυσιν</span> <span class='ocrx_word' id='word_1_414' title='bbox 1502 3620 1601 3690; x_wconf 80' lang='grc' dir='ltr'>τὴν</span> <span class='ocrx_word' id='word_1_415' title='bbox 1638 3618 1759 3688; x_wconf 82' lang='grc' dir='ltr'>ῐσην</span> 
     </span>
    </p>
   </div>
   <div class='ocr_carea' id='block_1_55' title="bbox 164 3708 1761 3781">
    <p class='ocr_par' dir='ltr' id='par_1_55' title="bbox 164 3708 1761 3781">
     <span class='ocr_line' id='line_1_55' title="bbox 164 3708 1761 3781; baseline -0.002 -18"><span class='ocrx_word' id='word_1_416' title='bbox 164 3714 297 3781; x_wconf 75' lang='grc' dir='ltr'>ἔχει.</span> <span class='ocrx_word' id='word_1_417' title='bbox 353 3712 434 3764; x_wconf 85' lang='grc' dir='ltr'><strong>Τὸ</strong></span> <span class='ocrx_word' id='word_1_418' title='bbox 477 3711 535 3764; x_wconf 80' lang='grc' dir='ltr'>δὲ</span> <span class='ocrx_word' id='word_1_419' title='bbox 584 3710 904 3781; x_wconf 69' lang='grc' dir='ltr'>συμϐαίνειν</span> <span class='ocrx_word' id='word_1_420' title='bbox 950 3710 983 3781; x_wconf 81' lang='grc' dir='ltr'>ἢ</span> <span class='ocrx_word' id='word_1_421' title='bbox 1044 3708 1299 3763; x_wconf 83' lang='grc' dir='ltr'>σύνθετον</span> <span class='ocrx_word' id='word_1_422' title='bbox 1344 3708 1440 3763; x_wconf 89' lang='grc' dir='ltr'><strong>τοῦ</strong></span> <span class='ocrx_word' id='word_1_423' title='bbox 1488 3709 1624 3763; x_wconf 83' lang='grc' dir='ltr'>Θεοῦ</span> <span class='ocrx_word' id='word_1_424' title='bbox 1668 3710 1761 3761; x_wconf 70' lang='grc' dir='ltr'>καὶ</span> 
     </span>
    </p>
   </div>
   <div class='ocr_carea' id='block_1_56' title="bbox 165 3799 1762 3876">
    <p class='ocr_par' dir='ltr' id='par_1_56' title="bbox 165 3799 1762 3876">
     <span class='ocr_line' id='line_1_56' title="bbox 165 3799 1762 3876; baseline -0.002 -20"><span class='ocrx_word' id='word_1_425' title='bbox 165 3805 377 3876; x_wconf 56' lang='lat' dir='ltr'><strong>nat-:95;</strong></span> <span class='ocrx_word' id='word_1_426' title='bbox 420 3801 775 3874; x_wconf 83' lang='grc' dir='ltr'>εὑρίσκεσθαι</span> <span class='ocrx_word' id='word_1_427' title='bbox 809 3800 911 3872; x_wconf 80' lang='grc' dir='ltr'>τὴν</span> <span class='ocrx_word' id='word_1_428' title='bbox 936 3800 1100 3869; x_wconf 82' lang='grc' dir='ltr'>φύσιν</span> <span class='ocrx_word' id='word_1_429' title='bbox 1126 3800 1217 3853; x_wconf 78' lang='grc' dir='ltr'><strong>διὰ</strong></span> <span class='ocrx_word' id='word_1_430' title='bbox 1240 3800 1302 3853; x_wconf 83' lang='grc' dir='ltr'>τὸ</span> <span class='ocrx_word' id='word_1_431' title='bbox 1334 3802 1473 3870; x_wconf 68' lang='grc' dir='ltr'>μετὰ</span> <span class='ocrx_word' id='word_1_432' title='bbox 1502 3799 1598 3871; x_wconf 77' lang='grc' dir='ltr'>τὴν</span> <span class='ocrx_word' id='word_1_433' title='bbox 1631 3800 1762 3853; x_wconf 82' lang='grc' dir='ltr'>’ἐνω-</span> 
     </span>
    </p>
   </div>
   <div class='ocr_carea' id='block_1_57' title="bbox 167 3887 1762 3963">
    <p class='ocr_par' dir='ltr' id='par_1_57' title="bbox 167 3887 1762 3963">
     <span class='ocr_line' id='line_1_57' title="bbox 167 3887 1762 3963; baseline -0.003 -16"><span class='ocrx_word' id='word_1_434' title='bbox 167 3913 247 3947; x_wconf 76' lang='grc' dir='ltr'>σιν</span> <span class='ocrx_word' id='word_1_435' title='bbox 280 3896 376 3948; x_wconf 83' lang='grc' dir='ltr'>τὸν</span> <span class='ocrx_word' id='word_1_436' title='bbox 409 3895 648 3963; x_wconf 77' lang='grc' dir='ltr'>Χριστὸν</span> <span class='ocrx_word' id='word_1_437' title='bbox 694 3892 910 3963; x_wconf 85' lang='grc' dir='ltr'>ὁμοφυῆ</span> <span class='ocrx_word' id='word_1_438' title='bbox 939 3892 1033 3945; x_wconf 71' lang='grc' dir='ltr'><strong>καὶ</strong></span> <span class='ocrx_word' id='word_1_439' title='bbox 1064 3888 1350 3961; x_wconf 85' lang='grc' dir='ltr'>όμοούσιον</span> <span class='ocrx_word' id='word_1_440' title='bbox 1382 3887 1477 3943; x_wconf 85' lang='grc' dir='ltr'>τοῦ</span> <span class='ocrx_word' id='word_1_441' title='bbox 1505 3888 1640 3942; x_wconf 79' lang='grc' dir='ltr'><strong>Θεοῦ</strong></span> <span class='ocrx_word' id='word_1_442' title='bbox 1669 3890 1762 3942; x_wconf 77' lang='grc' dir='ltr'>καὶ</span> 
     </span>
    </p>
   </div>
   <div class='ocr_carea' id='block_1_58' title="bbox 163 3979 1763 4058">
    <p class='ocr_par' dir='ltr' id='par_1_58' title="bbox 163 3979 1763 4058">
     <span class='ocr_line' id='line_1_58' title="bbox 163 3979 1763 4058; baseline -0.003 -19"><span class='ocrx_word' id='word_1_443' title='bbox 163 3987 376 4058; x_wconf 73' lang='grc' dir='ltr'>Πατρδς</span> <span class='ocrx_word' id='word_1_444' title='bbox 398 3982 545 4038; x_wconf 79' lang='grc' dir='ltr'>εἷναί</span> <span class='ocrx_word' id='word_1_445' title='bbox 570 4001 630 4036; x_wconf 80' lang='grc' dir='ltr'><strong>τε</strong></span> <span class='ocrx_word' id='word_1_446' title='bbox 659 3986 755 4036; x_wconf 76' lang='grc' dir='ltr'>καὶ</span> <span class='ocrx_word' id='word_1_447' title='bbox 782 3981 1154 4037; x_wconf 82' lang='grc' dir='ltr'>πιστεύεσθαι’</span> <span class='ocrx_word' id='word_1_448' title='bbox 1181 3981 1215 4052; x_wconf 80' lang='grc' dir='ltr'><strong>ἡ</strong></span> <span class='ocrx_word' id='word_1_449' title='bbox 1242 3981 1289 4033; x_wconf 86' lang='grc' dir='ltr'>εί</span> <span class='ocrx_word' id='word_1_450' title='bbox 1320 3980 1396 4051; x_wconf 78' lang='grc' dir='ltr'>μὴ</span> <span class='ocrx_word' id='word_1_451' title='bbox 1416 3979 1575 4034; x_wconf 88' lang='grc' dir='ltr'>τοῦτο</span> <span class='ocrx_word' id='word_1_452' title='bbox 1598 3980 1763 4035; x_wconf 76' lang='grc' dir='ltr'>διὰτὸ</span> 
     </span>
    </p>
   </div>
   <div class='ocr_carea' id='block_1_59' title="bbox 163 4072 1759 4147">
    <p class='ocr_par' dir='ltr' id='par_1_59' title="bbox 163 4072 1759 4147">
     <span class='ocr_line' id='line_1_59' title="bbox 163 4072 1759 4147; baseline -0.002 -18"><span class='ocrx_word' id='word_1_453' title='bbox 163 4078 514 4147; x_wconf 71' lang='grc' dir='ltr'>βλάσφημον,</span> <span class='ocrx_word' id='word_1_454' title='bbox 541 4075 634 4129; x_wconf 72' lang='grc' dir='ltr'>τὸν</span> <span class='ocrx_word' id='word_1_455' title='bbox 665 4075 883 4146; x_wconf 78' lang='grc' dir='ltr'>Πατέρα</span> <span class='ocrx_word' id='word_1_456' title='bbox 910 4076 986 4146; x_wconf 81' lang='grc' dir='ltr'>μὴ</span> <span class='ocrx_word' id='word_1_457' title='bbox 1013 4072 1153 4128; x_wconf 70' lang='grc' dir='ltr'>εἶναι</span> <span class='ocrx_word' id='word_1_458' title='bbox 1188 4073 1473 4144; x_wconf 85' lang='grc' dir='ltr'>ὁμοούσιον</span> <span class='ocrx_word' id='word_1_459' title='bbox 1501 4073 1594 4127; x_wconf 86' lang='grc' dir='ltr'>τοῦ</span> <span class='ocrx_word' id='word_1_460' title='bbox 1628 4073 1759 4127; x_wconf 84' lang='grc' dir='ltr'>Υίοῦ</span> 
     </span>
    </p>
   </div>
   <div class='ocr_carea' id='block_1_60' title="bbox 165 4162 1760 4239">
    <p class='ocr_par' dir='ltr' id='par_1_60' title="bbox 165 4162 1760 4239">
     <span class='ocr_line' id='line_1_60' title="bbox 165 4162 1760 4239; baseline -0.005 -16"><span class='ocrx_word' id='word_1_461' title='bbox 165 4170 302 4239; x_wconf 82' lang='grc' dir='ltr'><strong>μετά</strong></span> <span class='ocrx_word' id='word_1_462' title='bbox 331 4168 438 4238; x_wconf 80' lang='grc' dir='ltr'>τὴν</span> <span class='ocrx_word' id='word_1_463' title='bbox 468 4166 689 4230; x_wconf 70' lang='grc' dir='ltr'>ἕνωσιν,</span> <span class='ocrx_word' id='word_1_464' title='bbox 718 4165 855 4236; x_wconf 81' lang='grc' dir='ltr'>ὅπερ</span> <span class='ocrx_word' id='word_1_465' title='bbox 883 4166 1000 4218; x_wconf 77' lang='grc' dir='ltr'>ἐστὶ</span> <span class='ocrx_word' id='word_1_466' title='bbox 1020 4164 1114 4217; x_wconf 76' lang='grc' dir='ltr'>καὶ</span> <span class='ocrx_word' id='word_1_467' title='bbox 1140 4163 1272 4218; x_wconf 80' lang='grc' dir='ltr'>αὐτὸ</span> <span class='ocrx_word' id='word_1_468' title='bbox 1307 4162 1484 4233; x_wconf 82' lang='grc' dir='ltr'>πάσης</span> <span class='ocrx_word' id='word_1_469' title='bbox 1516 4162 1760 4234; x_wconf 86' lang='grc' dir='ltr'>βλασφη-</span> 
     </span>
    </p>
   </div>
   <div class='ocr_carea' id='block_1_61' title="bbox 164 4254 1760 4330">
    <p class='ocr_par' dir='ltr' id='par_1_61' title="bbox 164 4254 1760 4330">
     <span class='ocr_line' id='line_1_61' title="bbox 164 4254 1760 4330; baseline -0.003 -18"><span class='ocrx_word' id='word_1_470' title='bbox 164 4262 292 4330; x_wconf 85' lang='grc' dir='ltr'>μίας</span> <span class='ocrx_word' id='word_1_471' title='bbox 340 4259 444 4313; x_wconf 57' lang='grc' dir='ltr'><strong>καὶ¹</strong></span> <span class='ocrx_word' id='word_1_472' title='bbox 486 4259 719 4320; x_wconf 81' lang='grc' dir='ltr'>ἀτοπίας</span> <span class='ocrx_word' id='word_1_473' title='bbox 756 4258 1032 4310; x_wconf 77' lang='grc' dir='ltr'>ἐπέκεινα.</span> <span class='ocrx_word' id='word_1_474' title='bbox 1077 4255 1241 4309; x_wconf 75' lang='grc' dir='ltr'>Τουτὶ</span> <span class='ocrx_word' id='word_1_475' title='bbox 1288 4254 1355 4325; x_wconf 80' lang='grc' dir='ltr'>δὴ</span> <span class='ocrx_word' id='word_1_476' title='bbox 1398 4256 1493 4308; x_wconf 78' lang='grc' dir='ltr'>καὶ</span> <span class='ocrx_word' id='word_1_477' title='bbox 1518 4256 1609 4308; x_wconf 71' lang='grc' dir='ltr'><strong>ἐπὶ</strong></span> <span class='ocrx_word' id='word_1_478' title='bbox 1660 4258 1760 4325; x_wconf 76' lang='grc' dir='ltr'>τῆς</span> 
     </span>
    </p>
   </div>
   <div class='ocr_carea' id='block_1_62' title="bbox 162 4346 1758 4418">
    <p class='ocr_par' dir='ltr' id='par_1_62' title="bbox 162 4346 1758 4418">
     <span class='ocr_line' id='line_1_62' title="bbox 162 4346 1758 4418; baseline -0.006 -11"><span class='ocrx_word' id='word_1_479' title='bbox 162 4354 281 4407; x_wconf 84' lang='grc' dir='ltr'>καθ’</span> <span class='ocrx_word' id='word_1_480' title='bbox 308 4353 516 4406; x_wconf 80' lang='grc' dir='ltr'>ἕνωσιν</span> <span class='ocrx_word' id='word_1_481' title='bbox 540 4348 865 4418; x_wconf 85' lang='grc' dir='ltr'>ἀσυγχύτως</span> <span class='ocrx_word' id='word_1_482' title='bbox 898 4347 995 4401; x_wconf 80' lang='grc' dir='ltr'>καὶ</span> <span class='ocrx_word' id='word_1_483' title='bbox 1018 4347 1304 4417; x_wconf 84' lang='grc' dir='ltr'>ἀτρέπτως</span> <span class='ocrx_word' id='word_1_484' title='bbox 1334 4347 1618 4418; x_wconf 79' lang='grc' dir='ltr'>ήνωμένης</span> <span class='ocrx_word' id='word_1_485' title='bbox 1639 4389 1654 4411; x_wconf 86' lang='grc'><strong>,</strong></span> <span class='ocrx_word' id='word_1_486' title='bbox 1684 4346 1758 4409; x_wconf 80' lang='grc' dir='ltr'>ὡς</span> 
     </span>
    </p>
   </div>
   <div class='ocr_carea' id='block_1_63' title="bbox 161 4438 1753 4514">
    <p class='ocr_par' dir='ltr' id='par_1_63' title="bbox 161 4438 1753 4514">
     <span class='ocr_line' id='line_1_63' title="bbox 161 4438 1753 4514; baseline -0.005 -17"><span class='ocrx_word' id='word_1_487' title='bbox 161 4448 186 4497; x_wconf 81' lang='grc' dir='ltr'>ὁ</span> <span class='ocrx_word' id='word_1_488' title='bbox 211 4446 368 4514; x_wconf 80' lang='grc' dir='ltr'>λόγος</span> <span class='ocrx_word' id='word_1_489' title='bbox 395 4443 492 4496; x_wconf 78' lang='grc' dir='ltr'><strong>δια</strong></span> <span class='ocrx_word' id='word_1_490' title='bbox 516 4444 618 4511; x_wconf 77' lang='grc' dir='ltr'>τῆς</span> <span class='ocrx_word' id='word_1_491' title='bbox 642 4439 735 4493; x_wconf 90' lang='grc' dir='ltr'>τοῦ</span> <span class='ocrx_word' id='word_1_492' title='bbox 762 4438 1051 4510; x_wconf 86' lang='grc' dir='ltr'>ἀνθρώπου</span> <span class='ocrx_word' id='word_1_493' title='bbox 1075 4438 1399 4504; x_wconf 79' lang='grc' dir='ltr'>ύποδείξεως</span> <span class='ocrx_word' id='word_1_494' title='bbox 1422 4440 1753 4509; x_wconf 80' lang='grc' dir='ltr'>παρέστησε,</span> 
     </span>
    </p>
   </div>
   <div class='ocr_carea' id='block_1_64' title="bbox 160 4531 1756 4604">
    <p class='ocr_par' dir='ltr' id='par_1_64' title="bbox 160 4531 1756 4604">
     <span class='ocr_line' id='line_1_64' title="bbox 160 4531 1756 4604; baseline -0.004 -15"><span class='ocrx_word' id='word_1_495' title='bbox 160 4538 216 4589; x_wconf 70' lang='grc' dir='ltr'><strong>τὸ</strong></span> <span class='ocrx_word' id='word_1_496' title='bbox 258 4540 473 4591; x_wconf 79' lang='grc' dir='ltr'>ἄτοπον</span> <span class='ocrx_word' id='word_1_497' title='bbox 524 4535 619 4587; x_wconf 74' lang='grc' dir='ltr'>καὶ</span> <span class='ocrx_word' id='word_1_498' title='bbox 664 4533 980 4604; x_wconf 78' lang='grc' dir='ltr'>βλάσφημον</span> <span class='ocrx_word' id='word_1_499' title='bbox 1016 4532 1371 4600; x_wconf 81' lang='grc' dir='ltr'>συνάγοντος,</span> <span class='ocrx_word' id='word_1_500' title='bbox 1407 4532 1656 4601; x_wconf 78' lang='grc' dir='ltr'>οὐδαμῶς</span> <span class='ocrx_word' id='word_1_501' title='bbox 1689 4531 1756 4585; x_wconf 81' lang='grc' dir='ltr'>ἂν</span> 
     </span>
    </p>
   </div>
   <div class='ocr_carea' id='block_1_65' title="bbox 161 4624 1760 4699">
    <p class='ocr_par' dir='ltr' id='par_1_65' title="bbox 161 4624 1760 4699">
     <span class='ocr_line' id='line_1_65' title="bbox 161 4624 1760 4699; baseline -0.002 -20"><span class='ocrx_word' id='word_1_502' title='bbox 161 4630 279 4691; x_wconf 72' lang='grc' dir='ltr'>τοὺς</span> <span class='ocrx_word' id='word_1_503' title='bbox 329 4628 472 4699; x_wconf 79' lang='grc' dir='ltr'>παρ’</span> <span class='ocrx_word' id='word_1_504' title='bbox 525 4626 685 4696; x_wconf 76' lang='grc' dir='ltr'>ἡμῶν</span> <span class='ocrx_word' id='word_1_505' title='bbox 732 4626 983 4695; x_wconf 65' lang='grc' dir='ltr'>ἐλέγχους</span> <span class='ocrx_word' id='word_1_506' title='bbox 1018 4625 1313 4695; x_wconf 73' lang='grc' dir='ltr'>ἐκφύγοις,</span> <span class='ocrx_word' id='word_1_507' title='bbox 1366 4627 1492 4695; x_wconf 82' lang='grc' dir='ltr'>μιᾶς</span> <span class='ocrx_word' id='word_1_508' title='bbox 1544 4624 1760 4694; x_wconf 81' lang='grc' dir='ltr'>φύσεως</span> 
     </span>
    </p>
   </div>
   <div class='ocr_carea' id='block_1_66' title="bbox 162 4716 1762 4790">
    <p class='ocr_par' dir='ltr' id='par_1_66' title="bbox 162 4716 1762 4790">
     <span class='ocr_line' id='line_1_66' title="bbox 162 4716 1762 4790; baseline -0.003 -19"><span class='ocrx_word' id='word_1_509' title='bbox 162 4721 245 4772; x_wconf 73' lang='grc' dir='ltr'>τὸν</span> <span class='ocrx_word' id='word_1_510' title='bbox 279 4720 530 4790; x_wconf 64' lang='grc' dir='ltr'>Χριστὸν</span> <span class='ocrx_word' id='word_1_511' title='bbox 566 4718 932 4787; x_wconf 74' lang='grc' dir='ltr'>δογματίζων,</span> <span class='ocrx_word' id='word_1_512' title='bbox 964 4718 1061 4770; x_wconf 72' lang='grc' dir='ltr'><strong>καὶ</strong></span> <span class='ocrx_word' id='word_1_513' title='bbox 1095 4716 1405 4786; x_wconf 86' lang='grc' dir='ltr'>ἁσύγχυτον</span> <span class='ocrx_word' id='word_1_514' title='bbox 1435 4716 1531 4786; x_wconf 81' lang='grc' dir='ltr'>τὴν</span> <span class='ocrx_word' id='word_1_515' title='bbox 1570 4718 1762 4769; x_wconf 68' lang='grc' dir='ltr'>ἕνωσιν</span> 
     </span>
    </p>
   </div>
   <div class='ocr_carea' id='block_1_67' title="bbox 161 4808 1762 4880">
    <p class='ocr_par' dir='ltr' id='par_1_67' title="bbox 161 4808 1762 4880">
     <span class='ocr_line' id='line_1_67' title="bbox 161 4808 1762 4880; baseline -0.003 -16"><span class='ocrx_word' id='word_1_516' title='bbox 161 4810 468 4877; x_wconf 77' lang='grc' dir='ltr'>δοξάσειας.</span> <span class='ocrx_word' id='word_1_517' title='bbox 517 4810 579 4861; x_wconf 81' lang='grc' dir='ltr'>Ὀ</span> <span class='ocrx_word' id='word_1_518' title='bbox 610 4810 766 4877; x_wconf 83' lang='grc' dir='ltr'>λόγος</span> <span class='ocrx_word' id='word_1_519' title='bbox 807 4809 915 4879; x_wconf 87' lang='grc' dir='ltr'><strong>γάρ</strong></span> <span class='ocrx_word' id='word_1_520' title='bbox 956 4808 1298 4880; x_wconf 78' lang='grc' dir='ltr'>ἑκατέρωθεν</span> <span class='ocrx_word' id='word_1_521' title='bbox 1332 4808 1577 4873; x_wconf 80' lang='grc' dir='ltr'>ἀπέδειξε</span> <span class='ocrx_word' id='word_1_522' title='bbox 1626 4808 1762 4879; x_wconf 73' lang='grc' dir='ltr'>πρὸς</span> 
     </span>
    </p>
   </div>
   <div class='ocr_carea' id='block_1_68' title="bbox 164 4900 1761 4971">
    <p class='ocr_par' dir='ltr' id='par_1_68' title="bbox 164 4900 1761 4971">
     <span class='ocr_line' id='line_1_68' title="bbox 164 4900 1761 4971; baseline -0.001 -16"><span class='ocrx_word' id='word_1_523' title='bbox 164 4903 219 4955; x_wconf 80' lang='grc' dir='ltr'>τὸ</span> <span class='ocrx_word' id='word_1_524' title='bbox 258 4904 469 4957; x_wconf 62' lang='grc' dir='ltr'>άτοπον</span> <span class='ocrx_word' id='word_1_525' title='bbox 504 4901 604 4953; x_wconf 73' lang='grc' dir='ltr'>καὶ</span> <span class='ocrx_word' id='word_1_526' title='bbox 641 4900 963 4971; x_wconf 74' lang='grc' dir='ltr'>βλάσφημον</span> <span class='ocrx_word' id='word_1_527' title='bbox 998 4902 1350 4969; x_wconf 83' lang='grc' dir='ltr'>συνάγεσθαι.</span> <span class='ocrx_word' id='word_1_528' title='bbox 1397 4901 1670 4964; x_wconf 68' lang='grc' dir='ltr'>Ὡσαύτως</span> <span class='ocrx_word' id='word_1_529' title='bbox 1704 4901 1761 4953; x_wconf 81' lang='grc' dir='ltr'>δὲ</span> 
     </span>
    </p>
   </div>
   <div class='ocr_carea' id='block_1_69' title="bbox 163 4989 1761 5061">
    <p class='ocr_par' dir='ltr' id='par_1_69' title="bbox 163 4989 1761 5061">
     <span class='ocr_line' id='line_1_69' title="bbox 163 4989 1761 5061; baseline 0 -19"><span class='ocrx_word' id='word_1_530' title='bbox 163 4990 275 5044; x_wconf 62' lang='grc' dir='ltr'><strong>οὐδὲ</strong></span> <span class='ocrx_word' id='word_1_531' title='bbox 310 4992 345 5061; x_wconf 82' lang='grc' dir='ltr'><strong>ἡ</strong></span> <span class='ocrx_word' id='word_1_532' title='bbox 379 4991 499 5044; x_wconf 80' lang='grc' dir='ltr'>τῶν</span> <span class='ocrx_word' id='word_1_533' title='bbox 536 4989 1001 5059; x_wconf 81' lang='grc' dir='ltr'>παραδειγμάτων</span> <span class='ocrx_word' id='word_1_534' title='bbox 1036 4990 1373 5060; x_wconf 79' lang='grc' dir='ltr'>προσαγωγὴ</span> <span class='ocrx_word' id='word_1_535' title='bbox 1416 4991 1548 5059; x_wconf 77' lang='grc' dir='ltr'>πρὸς</span> <span class='ocrx_word' id='word_1_536' title='bbox 1582 4992 1761 5059; x_wconf 82' lang='grc' dir='ltr'>παρά-</span> 
     </span>
    </p>
   </div>
   <div class='ocr_carea' id='block_1_70' title="bbox 164 5082 1757 5154">
    <p class='ocr_par' dir='ltr' id='par_1_70' title="bbox 164 5082 1757 5154">
     <span class='ocr_line' id='line_1_70' title="bbox 164 5082 1757 5154; baseline 0.001 -21"><span class='ocrx_word' id='word_1_537' title='bbox 164 5098 344 5137; x_wconf 88' lang='grc' dir='ltr'>στασιν</span> <span class='ocrx_word' id='word_1_538' title='bbox 367 5084 474 5154; x_wconf 81' lang='grc' dir='ltr'>τῆς</span> <span class='ocrx_word' id='word_1_539' title='bbox 507 5084 663 5153; x_wconf 87' lang='grc' dir='ltr'><strong>παρά</strong></span> <span class='ocrx_word' id='word_1_540' title='bbox 694 5083 788 5136; x_wconf 89' lang='grc' dir='ltr'>σοῦ</span> <span class='ocrx_word' id='word_1_541' title='bbox 817 5083 1181 5153; x_wconf 76' lang='grc' dir='ltr'>δοξαζομένης</span> <span class='ocrx_word' id='word_1_542' title='bbox 1210 5084 1337 5152; x_wconf 83' lang='grc' dir='ltr'>μιᾶς</span> <span class='ocrx_word' id='word_1_543' title='bbox 1371 5082 1604 5150; x_wconf 83' lang='grc' dir='ltr'>φύσεως,</span> <span class='ocrx_word' id='word_1_544' title='bbox 1638 5082 1757 5135; x_wconf 77' lang='grc' dir='ltr'>καθ’</span> 
     </span>
    </p>
   </div>
   <div class='ocr_carea' id='block_1_71' title="bbox 161 5174 1760 5246">
    <p class='ocr_par' dir='ltr' id='par_1_71' title="bbox 161 5174 1760 5246">
     <span class='ocr_line' id='line_1_71' title="bbox 161 5174 1760 5246; baseline 0 -19"><span class='ocrx_word' id='word_1_545' title='bbox 161 5174 346 5231; x_wconf 62' lang='grc' dir='ltr'>ἕνωσιν</span> <span class='ocrx_word' id='word_1_546' title='bbox 384 5176 711 5245; x_wconf 79' lang='grc' dir='ltr'>ἀσύγχυτον</span> <span class='ocrx_word' id='word_1_547' title='bbox 738 5176 1140 5246; x_wconf 80' lang='grc' dir='ltr'>γεγενημένης,</span> <span class='ocrx_word' id='word_1_548' title='bbox 1177 5175 1351 5243; x_wconf 82' lang='grc' dir='ltr'>ὀρθῶς</span> <span class='ocrx_word' id='word_1_549' title='bbox 1398 5175 1628 5245; x_wconf 79' lang='grc' dir='ltr'>ἐλήφθη.</span> <span class='ocrx_word' id='word_1_550' title='bbox 1680 5175 1760 5228; x_wconf 69' lang='grc' dir='ltr'><strong>Τὰ</strong></span> 
     </span>
    </p>
   </div>
   <div class='ocr_carea' id='block_1_72' title="bbox 164 5266 1756 5340">
    <p class='ocr_par' dir='ltr' id='par_1_72' title="bbox 164 5266 1756 5340">
     <span class='ocr_line' id='line_1_72' title="bbox 164 5266 1756 5340; baseline -0.001 -17"><span class='ocrx_word' id='word_1_551' title='bbox 164 5272 253 5339; x_wconf 77' lang='grc' dir='ltr'>μὲν</span> <span class='ocrx_word' id='word_1_552' title='bbox 286 5272 396 5340; x_wconf 78' lang='grc' dir='ltr'>γὰρ</span> <span class='ocrx_word' id='word_1_553' title='bbox 432 5270 537 5322; x_wconf 78' lang='grc' dir='ltr'><strong>ἐπὶ</strong></span> <span class='ocrx_word' id='word_1_554' title='bbox 574 5266 891 5338; x_wconf 86' lang='grc' dir='ltr'>καθαιρέσει</span> <span class='ocrx_word' id='word_1_555' title='bbox 916 5272 1016 5340; x_wconf 76' lang='grc' dir='ltr'>τῆς</span> <span class='ocrx_word' id='word_1_556' title='bbox 1042 5270 1172 5340; x_wconf 81' lang='grc' dir='ltr'>μιᾶς</span> <span class='ocrx_word' id='word_1_557' title='bbox 1213 5268 1470 5323; x_wconf 86' lang='grc' dir='ltr'>συνθέτου</span> <span class='ocrx_word' id='word_1_558' title='bbox 1514 5269 1756 5336; x_wconf 74' lang='grc' dir='ltr'>φύσεως,</span> 
     </span>
    </p>
   </div>
   <div class='ocr_carea' id='block_1_73' title="bbox 165 5355 1759 5432">
    <p class='ocr_par' dir='ltr' id='par_1_73' title="bbox 165 5355 1759 5432">
     <span class='ocr_line' id='line_1_73' title="bbox 165 5355 1759 5432; baseline -0.002 -17"><span class='ocrx_word' id='word_1_559' title='bbox 165 5365 248 5415; x_wconf 68' lang='grc' dir='ltr'>καί</span> <span class='ocrx_word' id='word_1_560' title='bbox 290 5364 387 5417; x_wconf 83' lang='grc' dir='ltr'>τοῦ</span> <span class='ocrx_word' id='word_1_561' title='bbox 425 5362 531 5416; x_wconf 81' lang='grc' dir='ltr'><strong>σοῦ</strong></span> <span class='ocrx_word' id='word_1_562' title='bbox 578 5360 851 5431; x_wconf 79' lang='grc' dir='ltr'>δόγματος</span> <span class='ocrx_word' id='word_1_563' title='bbox 882 5360 1115 5429; x_wconf 77' lang='grc' dir='ltr'><strong>⁸ἔνεισιν,</strong></span> <span class='ocrx_word' id='word_1_564' title='bbox 1147 5355 1261 5414; x_wconf 75' lang='grc' dir='ltr'>οἷον</span> <span class='ocrx_word' id='word_1_565' title='bbox 1304 5362 1333 5415; x_wconf 84' lang='grc' dir='ltr'>ὁ</span> <span class='ocrx_word' id='word_1_566' title='bbox 1373 5362 1576 5432; x_wconf 68' lang='grc' dir='ltr'>χρυσὸς</span> <span class='ocrx_word' id='word_1_567' title='bbox 1622 5361 1759 5431; x_wconf 83' lang='grc' dir='ltr'>μετά</span> 
     </span>
    </p>
   </div>
   <div class='ocr_carea' id='block_1_74' title="bbox 168 5453 1758 5526">
    <p class='ocr_par' dir='ltr' id='par_1_74' title="bbox 168 5453 1758 5526">
     <span class='ocr_line' id='line_1_74' title="bbox 168 5453 1758 5526; baseline -0.001 -19"><span class='ocrx_word' id='word_1_568' title='bbox 168 5455 328 5525; x_wconf 82' lang='grc' dir='ltr'>πυρὸς</span> <span class='ocrx_word' id='word_1_569' title='bbox 361 5453 756 5526; x_wconf 83' lang='grc' dir='ltr'>μεμιγμένος·</span> <span class='ocrx_word' id='word_1_570' title='bbox 786 5454 1003 5518; x_wconf 85' lang='grc' dir='ltr'>πάντως</span> <span class='ocrx_word' id='word_1_571' title='bbox 1030 5454 1112 5507; x_wconf 79' lang='grc' dir='ltr'><strong>ὅτι</strong></span> <span class='ocrx_word' id='word_1_572' title='bbox 1142 5455 1201 5507; x_wconf 85' lang='grc' dir='ltr'>ὲν</span> <span class='ocrx_word' id='word_1_573' title='bbox 1228 5457 1296 5523; x_wconf 78' lang='grc' dir='ltr'>τῇ</span> <span class='ocrx_word' id='word_1_574' title='bbox 1330 5453 1436 5525; x_wconf 69' lang='grc' dir='ltr'>ίδία</span> <span class='ocrx_word' id='word_1_575' title='bbox 1463 5454 1758 5507; x_wconf 79' lang='grc' dir='ltr'>ὑποστάσει</span> 
     </span>
    </p>
   </div>
   <div class='ocr_carea' id='block_1_75' title="bbox 165 5545 1756 5620">
    <p class='ocr_par' dir='ltr' id='par_1_75' title="bbox 165 5545 1756 5620">
     <span class='ocr_line' id='line_1_75' title="bbox 165 5545 1756 5620; baseline 0 -19"><span class='ocrx_word' id='word_1_576' title='bbox 165 5552 189 5601; x_wconf 74' lang='grc' dir='ltr'>ὁ</span> <span class='ocrx_word' id='word_1_577' title='bbox 214 5551 408 5620; x_wconf 82' lang='grc' dir='ltr'>χρυσὸς</span> <span class='ocrx_word' id='word_1_578' title='bbox 435 5550 501 5602; x_wconf 70' lang='grc' dir='ltr'><strong>τὸ</strong></span> <span class='ocrx_word' id='word_1_579' title='bbox 528 5545 645 5615; x_wconf 87' lang='grc' dir='ltr'>πῦρ</span> <span class='ocrx_word' id='word_1_580' title='bbox 666 5547 976 5618; x_wconf 77' lang='grc' dir='ltr'>δεχόμενος,</span> <span class='ocrx_word' id='word_1_581' title='bbox 1005 5552 1149 5602; x_wconf 83' lang='grc' dir='ltr'>ποιεῖ</span> <span class='ocrx_word' id='word_1_582' title='bbox 1170 5548 1423 5602; x_wconf 85' lang='grc' dir='ltr'>σύνθετον</span> <span class='ocrx_word' id='word_1_583' title='bbox 1440 5549 1756 5612; x_wconf 85' lang='grc' dir='ltr'>ὑπόστασιν,</span> 
     </span>
    </p>
   </div>
   <div class='ocr_carea' id='block_1_76' title="bbox 168 5638 1757 5713">
    <p class='ocr_par' dir='ltr' id='par_1_76' title="bbox 168 5638 1757 5713">
     <span class='ocr_line' id='line_1_76' title="bbox 168 5638 1757 5713; baseline 0.001 -22"><span class='ocrx_word' id='word_1_584' title='bbox 168 5638 252 5692; x_wconf 80' lang='grc' dir='ltr'><strong>δύο</strong></span> <span class='ocrx_word' id='word_1_585' title='bbox 282 5641 482 5711; x_wconf 82' lang='grc' dir='ltr'>φύσεις</span> <span class='ocrx_word' id='word_1_586' title='bbox 522 5639 781 5707; x_wconf 79' lang='grc' dir='ltr'>ἔχουσαν,</span> <span class='ocrx_word' id='word_1_587' title='bbox 814 5642 914 5710; x_wconf 87' lang='grc' dir='ltr'>τήν</span> <span class='ocrx_word' id='word_1_588' title='bbox 951 5657 1007 5693; x_wconf 87' lang='grc' dir='ltr'><strong>τε</strong></span> <span class='ocrx_word' id='word_1_589' title='bbox 1035 5640 1128 5693; x_wconf 79' lang='grc' dir='ltr'>τοῦ</span> <span class='ocrx_word' id='word_1_590' title='bbox 1164 5640 1365 5713; x_wconf 76' lang='grc' dir='ltr'>χρυσοῦ</span> <span class='ocrx_word' id='word_1_591' title='bbox 1402 5642 1494 5694; x_wconf 76' lang='grc' dir='ltr'>καὶ</span> <span class='ocrx_word' id='word_1_592' title='bbox 1530 5642 1623 5694; x_wconf 78' lang='grc' dir='ltr'>τοῦ</span> <span class='ocrx_word' id='word_1_593' title='bbox 1656 5659 1757 5693; x_wconf 89' lang='grc' dir='ltr'>πυ-</span> 
     </span>
    </p>
   </div>
   <div class='ocr_carea' id='block_1_77' title="bbox 172 5733 1758 5805">
    <p class='ocr_par' dir='ltr' id='par_1_77' title="bbox 172 5733 1758 5805">
     <span class='ocr_line' id='line_1_77' title="bbox 172 5733 1758 5805; baseline -0.001 -18"><span class='ocrx_word' id='word_1_594' title='bbox 172 5735 276 5801; x_wconf 54' lang='grc' dir='ltr'>ρίας,</span> <span class='ocrx_word' id='word_1_595' title='bbox 300 5736 329 5787; x_wconf 83' lang='grc' dir='ltr'><strong>ὅ</strong></span> <span class='ocrx_word' id='word_1_596' title='bbox 357 5735 458 5788; x_wconf 80' lang='grc' dir='ltr'>καὶ</span> <span class='ocrx_word' id='word_1_597' title='bbox 489 5733 743 5785; x_wconf 86' lang='grc' dir='ltr'>πλεῖστοι</span> <span class='ocrx_word' id='word_1_598' title='bbox 767 5737 1087 5802; x_wconf 83' lang='grc' dir='ltr'>περιφανεῖς</span> <span class='ocrx_word' id='word_1_599' title='bbox 1118 5737 1211 5787; x_wconf 72' lang='grc' dir='ltr'>καὶ</span> <span class='ocrx_word' id='word_1_600' title='bbox 1242 5733 1492 5805; x_wconf 86' lang='grc' dir='ltr'>θεοφόροι</span> <span class='ocrx_word' id='word_1_601' title='bbox 1517 5734 1758 5804; x_wconf 76' lang='grc' dir='ltr'>Πατέρες</span> 
     </span>
    </p>
   </div>
   <div class='ocr_carea' id='block_1_78' title="bbox 171 5824 1758 5901">
    <p class='ocr_par' dir='ltr' id='par_1_78' title="bbox 171 5824 1758 5901">
     <span class='ocr_line' id='line_1_78' title="bbox 171 5824 1758 5901; baseline 0.002 -23"><span class='ocrx_word' id='word_1_602' title='bbox 171 5826 241 5891; x_wconf 78' lang='grc' dir='ltr'><strong>εἰς</strong></span> <span class='ocrx_word' id='word_1_603' title='bbox 266 5827 626 5901; x_wconf 78' lang='grc' dir='ltr'>παράστασιν</span> <span class='ocrx_word' id='word_1_604' title='bbox 658 5824 768 5878; x_wconf 85' lang='grc' dir='ltr'><strong>τῶν</strong></span> <span class='ocrx_word' id='word_1_605' title='bbox 800 5825 894 5879; x_wconf 77' lang='grc' dir='ltr'><strong>δύο</strong></span> <span class='ocrx_word' id='word_1_606' title='bbox 923 5827 1141 5895; x_wconf 82' lang='grc' dir='ltr'>φύσεων</span> <span class='ocrx_word' id='word_1_607' title='bbox 1170 5827 1275 5882; x_wconf 82' lang='grc' dir='ltr'>τῶν</span> <span class='ocrx_word' id='word_1_608' title='bbox 1318 5829 1373 5881; x_wconf 84' lang='grc' dir='ltr'>ὲν</span> <span class='ocrx_word' id='word_1_609' title='bbox 1399 5828 1477 5899; x_wconf 79' lang='grc' dir='ltr'><strong>τῷ</strong></span> <span class='ocrx_word' id='word_1_610' title='bbox 1508 5830 1585 5883; x_wconf 73' lang='grc' dir='ltr'><strong>ἑνὶ</strong></span> <span class='ocrx_word' id='word_1_611' title='bbox 1622 5830 1758 5899; x_wconf 84' lang='grc' dir='ltr'>Χρι-</span> 
     </span>
    </p>
   </div>
   <div class='ocr_carea' id='block_1_79' title="bbox 481 5922 1098 5987">
    <p class='ocr_par' dir='ltr' id='par_1_79' title="bbox 481 5922 1098 5987">
     <span class='ocr_line' id='line_1_79' title="bbox 481 5922 1098 5987; baseline 0 0"><span class='ocrx_word' id='word_1_612' title='bbox 481 5925 769 5987; x_wconf 76' lang='grc' dir='ltr'>ΡΑτιιοῑ..</span> <span class='ocrx_word' id='word_1_613' title='bbox 806 5922 924 5985; x_wconf 79' lang='lat' dir='ltr'><strong>Gn.</strong></span> <span class='ocrx_word' id='word_1_614' title='bbox 976 5925 1098 5987; x_wconf 71' lang='lat' dir='ltr'><strong>CV.</strong></span> 
     </span>
    </p>
   </div>
   <div class='ocr_carea' id='block_1_80' title="bbox 1866 1959 3453 2031">
    <p class='ocr_par' dir='ltr' id='par_1_80' title="bbox 1866 1959 3453 2031">
     <span class='ocr_line' id='line_1_80' title="bbox 1866 1959 3453 2031; baseline -0.008 -11"><span class='ocrx_word' id='word_1_615' title='bbox 1866 1976 2005 2020; x_wconf 86' lang='lat' dir='ltr'><strong>tura.</strong></span> <span class='ocrx_word' id='word_1_616' title='bbox 2034 1964 2152 2019; x_wconf 81' lang='lat' dir='ltr'><strong>Non</strong></span> <span class='ocrx_word' id='word_1_617' title='bbox 2175 1962 2444 2017; x_wconf 88' lang='lat' dir='ltr'><strong>dissimile</strong></span> <span class='ocrx_word' id='word_1_618' title='bbox 2460 1977 2561 2017; x_wconf 88' lang='lat' dir='ltr'><strong>nos</strong></span> <span class='ocrx_word' id='word_1_619' title='bbox 2587 1976 2803 2031; x_wconf 90' lang='lat' dir='ltr'><strong>quoque</strong></span> <span class='ocrx_word' id='word_1_620' title='bbox 2828 1959 2881 2014; x_wconf 92' lang='lat' dir='ltr'><strong>in</strong></span> <span class='ocrx_word' id='word_1_621' title='bbox 2911 1959 3144 2030; x_wconf 83' lang='lat' dir='ltr'><strong>epistola</strong></span> <span class='ocrx_word' id='word_1_622' title='bbox 3170 1966 3355 2014; x_wconf 76' lang='lat' dir='ltr'><strong>nostra</strong></span> <span class='ocrx_word' id='word_1_623' title='bbox 3372 1967 3453 2010; x_wconf 86' lang='lat' dir='ltr'><strong>at-</strong></span> 
     </span>
    </p>
   </div>
   <div class='ocr_carea' id='block_1_81' title="bbox 1865 2050 3453 2113">
    <p class='ocr_par' dir='ltr' id='par_1_81' title="bbox 1865 2050 3453 2113">
     <span class='ocr_line' id='line_1_81' title="bbox 1865 2050 3453 2113; baseline -0.006 -1"><span class='ocrx_word' id='word_1_624' title='bbox 1865 2058 2196 2113; x_wconf 83' lang='lat' dir='ltr'><strong>tentavimus</strong></span> <span class='ocrx_word' id='word_1_625' title='bbox 2231 2054 2572 2110; x_wconf 86' lang='lat' dir='ltr'><strong>inducentes.</strong></span> <span class='ocrx_word' id='word_1_626' title='bbox 2610 2052 2666 2106; x_wconf 92' lang='lat' dir='ltr'><strong>Si</strong></span> <span class='ocrx_word' id='word_1_627' title='bbox 2699 2068 2863 2107; x_wconf 88' lang='lat' dir='ltr'><strong>unam</strong></span> <span class='ocrx_word' id='word_1_628' title='bbox 2901 2062 3149 2106; x_wconf 86' lang='lat' dir='ltr'><strong>naturam</strong></span> <span class='ocrx_word' id='word_1_629' title='bbox 3175 2050 3357 2105; x_wconf 88' lang='lat' dir='ltr'><strong>dicitis</strong></span> <span class='ocrx_word' id='word_1_630' title='bbox 3396 2050 3453 2103; x_wconf 83' lang='lat' dir='ltr'><strong>in</strong></span> 
     </span>
    </p>
   </div>
   <div class='ocr_carea' id='block_1_82' title="bbox 1863 2142 3453 2218">
    <p class='ocr_par' dir='ltr' id='par_1_82' title="bbox 1863 2142 3453 2218">
     <span class='ocr_line' id='line_1_82' title="bbox 1863 2142 3453 2218; baseline -0.006 -15"><span class='ocrx_word' id='word_1_631' title='bbox 1863 2149 2067 2203; x_wconf 85' lang='lat' dir='ltr'><strong>Christi</strong></span> <span class='ocrx_word' id='word_1_632' title='bbox 2096 2147 2397 2218; x_wconf 86' lang='lat' dir='ltr'><strong>composita</strong></span> <span class='ocrx_word' id='word_1_633' title='bbox 2418 2145 2641 2211; x_wconf 86' lang='lat' dir='ltr'><strong>unione,</strong></span> <span class='ocrx_word' id='word_1_634' title='bbox 2676 2159 2899 2200; x_wconf 72' lang='lat' dir='ltr'><strong>necesse</strong></span> <span class='ocrx_word' id='word_1_635' title='bbox 2914 2154 3021 2209; x_wconf 90' lang='lat' dir='ltr'><strong>est,</strong></span> <span class='ocrx_word' id='word_1_636' title='bbox 3049 2152 3143 2197; x_wconf 89' lang='lat' dir='ltr'><strong>aut</strong></span> <span class='ocrx_word' id='word_1_637' title='bbox 3166 2142 3337 2211; x_wconf 82' lang='lat' dir='ltr'><strong>ipsam</strong></span> <span class='ocrx_word' id='word_1_638' title='bbox 3368 2144 3453 2193; x_wconf 73' lang='lat' dir='ltr'><strong>di-</strong></span> 
     </span>
    </p>
   </div>
   <div class='ocr_carea' id='block_1_83' title="bbox 1865 2242 3453 2306">
    <p class='ocr_par' dir='ltr' id='par_1_83' title="bbox 1865 2242 3453 2306">
     <span class='ocr_line' id='line_1_83' title="bbox 1865 2242 3453 2306; baseline -0.003 -11"><span class='ocrx_word' id='word_1_639' title='bbox 1865 2244 2043 2297; x_wconf 84' lang='lat' dir='ltr'><strong>vinam</strong></span> <span class='ocrx_word' id='word_1_640' title='bbox 2068 2256 2332 2306; x_wconf 82' lang='lat' dir='ltr'><strong>asserere,</strong></span> <span class='ocrx_word' id='word_1_641' title='bbox 2364 2250 2459 2295; x_wconf 86' lang='lat' dir='ltr'><strong>aut</strong></span> <span class='ocrx_word' id='word_1_642' title='bbox 2482 2242 2774 2293; x_wconf 84' lang='lat' dir='ltr'><strong>humanam</strong></span> <span class='ocrx_word' id='word_1_643' title='bbox 2801 2249 3035 2302; x_wconf 88' lang='lat' dir='ltr'><strong>tantum,</strong></span> <span class='ocrx_word' id='word_1_644' title='bbox 3063 2248 3158 2292; x_wconf 87' lang='lat' dir='ltr'><strong>aut</strong></span> <span class='ocrx_word' id='word_1_645' title='bbox 3190 2246 3453 2304; x_wconf 87' lang='lat' dir='ltr'><strong>utrasque</strong></span> 
     </span>
    </p>
   </div>
   <div class='ocr_carea' id='block_1_84' title="bbox 1866 2334 3453 2403">
    <p class='ocr_par' dir='ltr' id='par_1_84' title="bbox 1866 2334 3453 2403">
     <span class='ocr_line' id='line_1_84' title="bbox 1866 2334 3453 2403; baseline -0.003 -12"><span class='ocrx_word' id='word_1_646' title='bbox 1866 2337 2007 2391; x_wconf 89' lang='lat' dir='ltr'><strong>inter</strong></span> <span class='ocrx_word' id='word_1_647' title='bbox 2032 2351 2153 2392; x_wconf 86' lang='lat' dir='ltr'><strong>sese</strong></span> <span class='ocrx_word' id='word_1_648' title='bbox 2182 2336 2501 2389; x_wconf 89' lang='lat' dir='ltr'><strong>immutatas</strong></span> <span class='ocrx_word' id='word_1_649' title='bbox 2526 2334 2716 2398; x_wconf 88' lang='lat' dir='ltr'><strong>fuisse,</strong></span> <span class='ocrx_word' id='word_1_650' title='bbox 2735 2343 2829 2388; x_wconf 87' lang='lat' dir='ltr'><strong>aut</strong></span> <span class='ocrx_word' id='word_1_651' title='bbox 2846 2334 3153 2403; x_wconf 87' lang='lat' dir='ltr'><strong>composita</strong></span> <span class='ocrx_word' id='word_1_652' title='bbox 3178 2349 3283 2387; x_wconf 89' lang='lat' dir='ltr'><strong>una</strong></span> <span class='ocrx_word' id='word_1_653' title='bbox 3301 2334 3453 2388; x_wconf 80' lang='lat' dir='ltr'><strong>exsi-</strong></span> 
     </span>
    </p>
   </div>
   <div class='ocr_carea' id='block_1_85' title="bbox 1862 2426 3451 2493">
    <p class='ocr_par' dir='ltr' id='par_1_85' title="bbox 1862 2426 3451 2493">
     <span class='ocr_line' id='line_1_85' title="bbox 1862 2426 3451 2493; baseline -0.003 -8"><span class='ocrx_word' id='word_1_654' title='bbox 1862 2438 2039 2485; x_wconf 88' lang='lat' dir='ltr'><strong>stente</strong></span> <span class='ocrx_word' id='word_1_655' title='bbox 2061 2427 2264 2484; x_wconf 77' lang='lat' dir='ltr'><strong>Christi</strong></span> <span class='ocrx_word' id='word_1_656' title='bbox 2298 2438 2517 2493; x_wconf 88' lang='lat' dir='ltr'><strong>natura,</strong></span> <span class='ocrx_word' id='word_1_657' title='bbox 2552 2426 2925 2482; x_wconf 84' lang='lat' dir='ltr'><strong>necessarium</strong></span> <span class='ocrx_word' id='word_1_658' title='bbox 2963 2426 3188 2481; x_wconf 90' lang='lat' dir='ltr'><strong>omnino</strong></span> <span class='ocrx_word' id='word_1_659' title='bbox 3217 2426 3343 2489; x_wconf 92' lang='lat' dir='ltr'><strong>erit,</strong></span> <span class='ocrx_word' id='word_1_660' title='bbox 3367 2426 3451 2481; x_wconf 90' lang='lat' dir='ltr'><strong>vel</strong></span> 
     </span>
    </p>
   </div>
   <div class='ocr_carea' id='block_1_86' title="bbox 1864 2520 3448 2591">
    <p class='ocr_par' dir='ltr' id='par_1_86' title="bbox 1864 2520 3448 2591">
     <span class='ocr_line' id='line_1_86' title="bbox 1864 2520 3448 2591; baseline -0.002 -14"><span class='ocrx_word' id='word_1_661' title='bbox 1864 2521 2228 2591; x_wconf 89' lang='lat' dir='ltr'><strong>compositam</strong></span> <span class='ocrx_word' id='word_1_662' title='bbox 2257 2520 2483 2591; x_wconf 88' lang='lat' dir='ltr'><strong>reperiri</strong></span> <span class='ocrx_word' id='word_1_663' title='bbox 2520 2520 2699 2575; x_wconf 86' lang='lat' dir='ltr'><strong>Patris</strong></span> <span class='ocrx_word' id='word_1_664' title='bbox 2736 2528 3014 2584; x_wconf 88' lang='lat' dir='ltr'><strong>naturam,</strong></span> <span class='ocrx_word' id='word_1_665' title='bbox 3051 2530 3109 2575; x_wconf 92' lang='lat' dir='ltr'><strong>ut</strong></span> <span class='ocrx_word' id='word_1_666' title='bbox 3140 2520 3194 2574; x_wconf 82' lang='lat' dir='ltr'><strong>in</strong></span> <span class='ocrx_word' id='word_1_667' title='bbox 3250 2529 3448 2575; x_wconf 86' lang='lat' dir='ltr'><strong>natura</strong></span> 
     </span>
    </p>
   </div>
   <div class='ocr_carea' id='block_1_87' title="bbox 1862 2611 3449 2683">
    <p class='ocr_par' dir='ltr' id='par_1_87' title="bbox 1862 2611 3449 2683">
     <span class='ocr_line' id='line_1_87' title="bbox 1862 2611 3449 2683; baseline -0.002 -14"><span class='ocrx_word' id='word_1_668' title='bbox 1862 2613 2073 2683; x_wconf 66' lang='lat' dir='ltr'><strong>mquale</strong></span> <span class='ocrx_word' id='word_1_669' title='bbox 2096 2613 2257 2667; x_wconf 89' lang='lat' dir='ltr'><strong>etiam</strong></span> <span class='ocrx_word' id='word_1_670' title='bbox 2287 2621 2407 2683; x_wconf 91' lang='lat' dir='ltr'><strong>post</strong></span> <span class='ocrx_word' id='word_1_671' title='bbox 2439 2613 2697 2667; x_wconf 88' lang='lat' dir='ltr'><strong>unionem</strong></span> <span class='ocrx_word' id='word_1_672' title='bbox 2730 2611 2937 2666; x_wconf 90' lang='lat' dir='ltr'><strong>Christi</strong></span> <span class='ocrx_word' id='word_1_673' title='bbox 2976 2628 3102 2666; x_wconf 90' lang='lat' dir='ltr'><strong>cum</strong></span> <span class='ocrx_word' id='word_1_674' title='bbox 3130 2628 3197 2666; x_wconf 91' lang='lat' dir='ltr'><strong>eo</strong></span> <span class='ocrx_word' id='word_1_675' title='bbox 3217 2628 3449 2667; x_wconf 67' lang='lat' dir='ltr'><strong>consero</strong></span> 
     </span>
    </p>
   </div>
   <div class='ocr_carea' id='block_1_88' title="bbox 1862 2703 3446 2773">
    <p class='ocr_par' dir='ltr' id='par_1_88' title="bbox 1862 2703 3446 2773">
     <span class='ocr_line' id='line_1_88' title="bbox 1862 2703 3446 2773; baseline 0 -15"><span class='ocrx_word' id='word_1_676' title='bbox 1862 2715 2020 2759; x_wconf 87' lang='lat' dir='ltr'><strong>vetur</strong></span> <span class='ocrx_word' id='word_1_677' title='bbox 2058 2723 2068 2757; x_wconf 95' lang='lat'>:</span> <span class='ocrx_word' id='word_1_678' title='bbox 2104 2705 2185 2759; x_wconf 84' lang='lat' dir='ltr'><strong>vel</strong></span> <span class='ocrx_word' id='word_1_679' title='bbox 2206 2704 2249 2758; x_wconf 89' lang='lat' dir='ltr'><strong>si</strong></span> <span class='ocrx_word' id='word_1_680' title='bbox 2276 2705 2329 2759; x_wconf 92' lang='lat' dir='ltr'><strong>id</strong></span> <span class='ocrx_word' id='word_1_681' title='bbox 2353 2719 2461 2758; x_wconf 91' lang='lat' dir='ltr'><strong>non</strong></span> <span class='ocrx_word' id='word_1_682' title='bbox 2498 2712 2600 2768; x_wconf 88' lang='lat' dir='ltr'><strong>est,</strong></span> <span class='ocrx_word' id='word_1_683' title='bbox 2637 2712 2857 2773; x_wconf 79' lang='lat' dir='ltr'><strong>propter</strong></span> <span class='ocrx_word' id='word_1_684' title='bbox 2881 2703 3302 2773; x_wconf 85' lang='lat' dir='ltr'><strong>blasphemiam,</strong></span> <span class='ocrx_word' id='word_1_685' title='bbox 3339 2720 3446 2758; x_wconf 83' lang='lat' dir='ltr'><strong>non</strong></span> 
     </span>
    </p>
   </div>
   <div class='ocr_carea' id='block_1_89' title="bbox 1863 2795 3443 2867">
    <p class='ocr_par' dir='ltr' id='par_1_89' title="bbox 1863 2795 3443 2867">
     <span class='ocr_line' id='line_1_89' title="bbox 1863 2795 3443 2867; baseline -0.003 -16"><span class='ocrx_word' id='word_1_686' title='bbox 1863 2798 1967 2851; x_wconf 84' lang='lat' dir='ltr'><strong>erit</strong></span> <span class='ocrx_word' id='word_1_687' title='bbox 1998 2798 2158 2851; x_wconf 86' lang='lat' dir='ltr'><strong>Pater</strong></span> <span class='ocrx_word' id='word_1_688' title='bbox 2198 2796 2442 2864; x_wconf 78' lang='lat' dir='ltr'><strong>ejusdem</strong></span> <span class='ocrx_word' id='word_1_689' title='bbox 2485 2806 2694 2850; x_wconf 75' lang='lat' dir='ltr'><strong>natura:</strong></span> <span class='ocrx_word' id='word_1_690' title='bbox 2747 2811 2872 2849; x_wconf 87' lang='lat' dir='ltr'><strong>eum</strong></span> <span class='ocrx_word' id='word_1_691' title='bbox 2902 2795 3061 2861; x_wconf 86' lang='lat' dir='ltr'><strong>Filio,</strong></span> <span class='ocrx_word' id='word_1_692' title='bbox 3090 2796 3235 2867; x_wconf 91' lang='lat' dir='ltr'><strong>quod</strong></span> <span class='ocrx_word' id='word_1_693' title='bbox 3279 2797 3443 2851; x_wconf 88' lang='lat' dir='ltr'><strong>etiam</strong></span> 
     </span>
    </p>
   </div>
   <div class='ocr_carea' id='block_1_90' title="bbox 1863 2888 3445 2959">
    <p class='ocr_par' dir='ltr' id='par_1_90' title="bbox 1863 2888 3445 2959">
     <span class='ocr_line' id='line_1_90' title="bbox 1863 2888 3445 2959; baseline -0.002 -16"><span class='ocrx_word' id='word_1_694' title='bbox 1863 2889 2259 2958; x_wconf 88' lang='lat' dir='ltr'><strong>blasphemiam</strong></span> <span class='ocrx_word' id='word_1_695' title='bbox 2303 2903 2519 2941; x_wconf 86' lang='lat' dir='ltr'><strong>omnem</strong></span> <span class='ocrx_word' id='word_1_696' title='bbox 2542 2897 2856 2957; x_wconf 78' lang='lat' dir='ltr'><strong>exsuperat.</strong></span> <span class='ocrx_word' id='word_1_697' title='bbox 2900 2889 2979 2943; x_wconf 85' lang='lat' dir='ltr'><strong>Tu</strong></span> <span class='ocrx_word' id='word_1_698' title='bbox 3013 2889 3197 2959; x_wconf 80' lang='lat' dir='ltr'><strong>igitur,</strong></span> <span class='ocrx_word' id='word_1_699' title='bbox 3249 2897 3306 2940; x_wconf 92' lang='lat' dir='ltr'><strong>ut</strong></span> <span class='ocrx_word' id='word_1_700' title='bbox 3349 2888 3445 2940; x_wconf 87' lang='lat' dir='ltr'><strong>tibi</strong></span> 
     </span>
    </p>
   </div>
   <div class='ocr_carea' id='block_1_91' title="bbox 1863 2978 3442 3049">
    <p class='ocr_par' dir='ltr' id='par_1_91' title="bbox 1863 2978 3442 3049">
     <span class='ocr_line' id='line_1_91' title="bbox 1863 2978 3442 3049; baseline -0.001 -16"><span class='ocrx_word' id='word_1_701' title='bbox 1863 2979 2068 3033; x_wconf 90' lang='lat' dir='ltr'><strong>videris</strong></span> <span class='ocrx_word' id='word_1_702' title='bbox 2124 2987 2570 3049; x_wconf 88' lang='lat' dir='ltr'><strong>argumentorum</strong></span> <span class='ocrx_word' id='word_1_703' title='bbox 2643 2978 2751 3032; x_wconf 90' lang='lat' dir='ltr'><strong>vim</strong></span> <span class='ocrx_word' id='word_1_704' title='bbox 2800 2979 2999 3044; x_wconf 81' lang='lat' dir='ltr'><strong>vitans,</strong></span> <span class='ocrx_word' id='word_1_705' title='bbox 3068 2978 3442 3032; x_wconf 77' lang='lat' dir='ltr'><strong>diversitatem</strong></span> 
     </span>
    </p>
   </div>
   <div class='ocr_carea' id='block_1_92' title="bbox 1866 3066 3444 3133">
    <p class='ocr_par' dir='ltr' id='par_1_92' title="bbox 1866 3066 3444 3133">
     <span class='ocr_line' id='line_1_92' title="bbox 1866 3066 3444 3133; baseline -0.001 -10"><span class='ocrx_word' id='word_1_706' title='bbox 1866 3069 2091 3123; x_wconf 77' lang='lat' dir='ltr'><strong>Inionis</strong></span> <span class='ocrx_word' id='word_1_707' title='bbox 2122 3069 2421 3125; x_wconf 90' lang='lat' dir='ltr'><strong>secundum</strong></span> <span class='ocrx_word' id='word_1_708' title='bbox 2448 3068 2858 3133; x_wconf 89' lang='lat' dir='ltr'><strong>confusionem,</strong></span> <span class='ocrx_word' id='word_1_709' title='bbox 2883 3077 2938 3123; x_wconf 91' lang='lat' dir='ltr'><strong>et</strong></span> <span class='ocrx_word' id='word_1_710' title='bbox 2981 3082 3089 3122; x_wconf 91' lang='lat' dir='ltr'><strong>non</strong></span> <span class='ocrx_word' id='word_1_711' title='bbox 3140 3066 3444 3123; x_wconf 90' lang='lat' dir='ltr'><strong>secundum</strong></span> 
     </span>
    </p>
   </div>
   <div class='ocr_carea' id='block_1_93' title="bbox 1865 3159 3448 3230">
    <p class='ocr_par' dir='ltr' id='par_1_93' title="bbox 1865 3159 3448 3230">
     <span class='ocr_line' id='line_1_93' title="bbox 1865 3159 3448 3230; baseline 0.002 -16"><span class='ocrx_word' id='word_1_712' title='bbox 1865 3160 2253 3215; x_wconf 88' lang='lat' dir='ltr'><strong>confusionem</strong></span> <span class='ocrx_word' id='word_1_713' title='bbox 2334 3161 2387 3214; x_wconf 90' lang='lat' dir='ltr'><strong>in</strong></span> <span class='ocrx_word' id='word_1_714' title='bbox 2455 3159 2696 3215; x_wconf 89' lang='lat' dir='ltr'><strong>medium</strong></span> <span class='ocrx_word' id='word_1_715' title='bbox 2765 3160 3034 3225; x_wconf 86' lang='lat' dir='ltr'><strong>attulisti,</strong></span> <span class='ocrx_word' id='word_1_716' title='bbox 3096 3162 3253 3230; x_wconf 87' lang='lat' dir='ltr'><strong>quasi</strong></span> <span class='ocrx_word' id='word_1_717' title='bbox 3321 3161 3448 3217; x_wconf 88' lang='lat' dir='ltr'><strong>inde</strong></span> 
     </span>
    </p>
   </div>
   <div class='ocr_carea' id='block_1_94' title="bbox 1866 3251 3444 3322">
    <p class='ocr_par' dir='ltr' id='par_1_94' title="bbox 1866 3251 3444 3322">
     <span class='ocr_line' id='line_1_94' title="bbox 1866 3251 3444 3322; baseline 0.001 -17"><span class='ocrx_word' id='word_1_718' title='bbox 1866 3268 2085 3322; x_wconf 86' lang='lat' dir='ltr'><strong>quoque</strong></span> <span class='ocrx_word' id='word_1_719' title='bbox 2120 3262 2171 3307; x_wconf 91' lang='lat' dir='ltr'><strong>te</strong></span> <span class='ocrx_word' id='word_1_720' title='bbox 2213 3253 2489 3307; x_wconf 90' lang='lat' dir='ltr'><strong>immerito</strong></span> <span class='ocrx_word' id='word_1_721' title='bbox 2520 3253 3014 3308; x_wconf 85' lang='lat' dir='ltr'><strong>calumniaremur.</strong></span> <span class='ocrx_word' id='word_1_722' title='bbox 3051 3251 3306 3309; x_wconf 87' lang='lat' dir='ltr'><strong>Scribere</strong></span> <span class='ocrx_word' id='word_1_723' title='bbox 3343 3254 3444 3307; x_wconf 57' lang='lat' dir='ltr'><strong>ita.</strong></span> 
     </span>
    </p>
   </div>
   <div class='ocr_carea' id='block_1_95' title="bbox 1862 3346 3444 3416">
    <p class='ocr_par' dir='ltr' id='par_1_95' title="bbox 1862 3346 3444 3416">
     <span class='ocr_line' id='line_1_95' title="bbox 1862 3346 3444 3416; baseline 0.002 -18"><span class='ocrx_word' id='word_1_724' title='bbox 1862 3361 1969 3416; x_wconf 90' lang='lat' dir='ltr'><strong>que</strong></span> <span class='ocrx_word' id='word_1_725' title='bbox 1992 3362 2089 3401; x_wconf 89' lang='lat' dir='ltr'><strong>nos</strong></span> <span class='ocrx_word' id='word_1_726' title='bbox 2122 3360 2290 3399; x_wconf 92' lang='lat' dir='ltr'><strong>unam</strong></span> <span class='ocrx_word' id='word_1_727' title='bbox 2333 3346 2386 3399; x_wconf 89' lang='lat' dir='ltr'><strong>in</strong></span> <span class='ocrx_word' id='word_1_728' title='bbox 2420 3346 2583 3400; x_wconf 86' lang='lat' dir='ltr'><strong>aliam</strong></span> <span class='ocrx_word' id='word_1_729' title='bbox 2619 3355 2874 3401; x_wconf 81' lang='lat' dir='ltr'><strong>naturam</strong></span> <span class='ocrx_word' id='word_1_730' title='bbox 2903 3346 3246 3400; x_wconf 88' lang='lat' dir='ltr'><strong>immutatam</strong></span> <span class='ocrx_word' id='word_1_731' title='bbox 3274 3347 3444 3401; x_wconf 89' lang='lat' dir='ltr'><strong>fuisse</strong></span> 
     </span>
    </p>
   </div>
   <div class='ocr_carea' id='block_1_96' title="bbox 1860 3436 3440 3507">
    <p class='ocr_par' dir='ltr' id='par_1_96' title="bbox 1860 3436 3440 3507">
     <span class='ocr_line' id='line_1_96' title="bbox 1860 3436 3440 3507; baseline 0 -14"><span class='ocrx_word' id='word_1_732' title='bbox 1860 3439 1929 3493; x_wconf 88' lang='lat' dir='ltr'><strong>ab</strong></span> <span class='ocrx_word' id='word_1_733' title='bbox 1957 3439 2045 3504; x_wconf 86' lang='lat' dir='ltr'><strong>iis,</strong></span> <span class='ocrx_word' id='word_1_734' title='bbox 2066 3437 2159 3507; x_wconf 90' lang='lat' dir='ltr'><strong>qui</strong></span> <span class='ocrx_word' id='word_1_735' title='bbox 2195 3453 2314 3492; x_wconf 90' lang='lat' dir='ltr'><strong>eam</strong></span> <span class='ocrx_word' id='word_1_736' title='bbox 2347 3439 2654 3493; x_wconf 87' lang='lat' dir='ltr'><strong>secundum</strong></span> <span class='ocrx_word' id='word_1_737' title='bbox 2700 3436 3036 3494; x_wconf 86' lang='lat' dir='ltr'><strong>infusionem</strong></span> <span class='ocrx_word' id='word_1_738' title='bbox 3069 3437 3267 3492; x_wconf 86' lang='lat' dir='ltr'><strong>factam</strong></span> <span class='ocrx_word' id='word_1_739' title='bbox 3316 3452 3440 3493; x_wconf 86' lang='lat' dir='ltr'><strong>esse</strong></span> 
     </span>
    </p>
   </div>
   <div class='ocr_carea' id='block_1_97' title="bbox 1861 3527 3441 3598">
    <p class='ocr_par' dir='ltr' id='par_1_97' title="bbox 1861 3527 3441 3598">
     <span class='ocr_line' id='line_1_97' title="bbox 1861 3527 3441 3598; baseline -0.002 -15"><span class='ocrx_word' id='word_1_740' title='bbox 1861 3528 2105 3591; x_wconf 89' lang='lat' dir='ltr'><strong>tradunt,</strong></span> <span class='ocrx_word' id='word_1_741' title='bbox 2133 3543 2241 3581; x_wconf 92' lang='lat' dir='ltr'><strong>non</strong></span> <span class='ocrx_word' id='word_1_742' title='bbox 2290 3527 2567 3582; x_wconf 69' lang='lat' dir='ltr'><strong>abhoi&#39;ret.</strong></span> <span class='ocrx_word' id='word_1_743' title='bbox 2600 3527 2798 3581; x_wconf 85' lang='lat' dir='ltr'><strong>Verum</strong></span> <span class='ocrx_word' id='word_1_744' title='bbox 2829 3528 3116 3598; x_wconf 87' lang='lat' dir='ltr'><strong>consequi,</strong></span> <span class='ocrx_word' id='word_1_745' title='bbox 3153 3537 3248 3582; x_wconf 92' lang='lat' dir='ltr'><strong>aut</strong></span> <span class='ocrx_word' id='word_1_746' title='bbox 3286 3542 3441 3582; x_wconf 82' lang='lat' dir='ltr'><strong>com-</strong></span> 
     </span>
    </p>
   </div>
   <div class='ocr_carea' id='block_1_98' title="bbox 1864 3619 3443 3691">
    <p class='ocr_par' dir='ltr' id='par_1_98' title="bbox 1864 3619 3443 3691">
     <span class='ocr_line' id='line_1_98' title="bbox 1864 3619 3443 3691; baseline -0.002 -15"><span class='ocrx_word' id='word_1_747' title='bbox 1864 3620 2093 3691; x_wconf 88' lang='lat' dir='ltr'><strong>positam</strong></span> <span class='ocrx_word' id='word_1_748' title='bbox 2124 3619 2217 3675; x_wconf 89' lang='lat' dir='ltr'><strong>Dei</strong></span> <span class='ocrx_word' id='word_1_749' title='bbox 2248 3630 2302 3675; x_wconf 85' lang='lat' dir='ltr'><strong>et</strong></span> <span class='ocrx_word' id='word_1_750' title='bbox 2330 3620 2505 3675; x_wconf 83' lang='lat' dir='ltr'><strong>Patris</strong></span> <span class='ocrx_word' id='word_1_751' title='bbox 2567 3629 2819 3675; x_wconf 89' lang='lat' dir='ltr'><strong>naturam</strong></span> <span class='ocrx_word' id='word_1_752' title='bbox 2854 3621 3102 3691; x_wconf 86' lang='lat' dir='ltr'><strong>reperiri,</strong></span> <span class='ocrx_word' id='word_1_753' title='bbox 3133 3620 3277 3691; x_wconf 91' lang='lat' dir='ltr'><strong>quod</strong></span> <span class='ocrx_word' id='word_1_754' title='bbox 3320 3629 3443 3689; x_wconf 87' lang='lat' dir='ltr'><strong>post</strong></span> 
     </span>
    </p>
   </div>
   <div class='ocr_carea' id='block_1_99' title="bbox 1865 3710 3449 3778">
    <p class='ocr_par' dir='ltr' id='par_1_99' title="bbox 1865 3710 3449 3778">
     <span class='ocr_line' id='line_1_99' title="bbox 1865 3710 3449 3778; baseline -0.001 -12"><span class='ocrx_word' id='word_1_755' title='bbox 1865 3713 2120 3767; x_wconf 72' lang='lat' dir='ltr'><strong>unionem</strong></span> <span class='ocrx_word' id='word_1_756' title='bbox 2148 3710 2405 3766; x_wconf 88' lang='lat' dir='ltr'><strong>Christus</strong></span> <span class='ocrx_word' id='word_1_757' title='bbox 2442 3712 2689 3778; x_wconf 83' lang='lat' dir='ltr'><strong>ejusdem</strong></span> <span class='ocrx_word' id='word_1_758' title='bbox 2732 3720 2941 3767; x_wconf 69' lang='lat' dir='ltr'><strong>natura:</strong></span> <span class='ocrx_word' id='word_1_759' title='bbox 2975 3720 3030 3766; x_wconf 89' lang='lat' dir='ltr'><strong>et</strong></span> <span class='ocrx_word' id='word_1_760' title='bbox 3077 3712 3329 3766; x_wconf 72' lang='lat' dir='ltr'><strong>essentiae</strong></span> <span class='ocrx_word' id='word_1_761' title='bbox 3364 3719 3449 3767; x_wconf 90' lang='lat' dir='ltr'><strong>est</strong></span> 
     </span>
    </p>
   </div>
   <div class='ocr_carea' id='block_1_100' title="bbox 1863 3802 3450 3875">
    <p class='ocr_par' dir='ltr' id='par_1_100' title="bbox 1863 3802 3450 3875">
     <span class='ocr_line' id='line_1_100' title="bbox 1863 3802 3450 3875; baseline -0.001 -16"><span class='ocrx_word' id='word_1_762' title='bbox 1863 3813 1919 3859; x_wconf 90' lang='lat' dir='ltr'><strong>et</strong></span> <span class='ocrx_word' id='word_1_763' title='bbox 1953 3803 2196 3859; x_wconf 87' lang='lat' dir='ltr'><strong>creditur</strong></span> <span class='ocrx_word' id='word_1_764' title='bbox 2234 3818 2359 3858; x_wconf 91' lang='lat' dir='ltr'><strong>cum</strong></span> <span class='ocrx_word' id='word_1_765' title='bbox 2411 3802 2520 3858; x_wconf 86' lang='lat' dir='ltr'><strong>Deo</strong></span> <span class='ocrx_word' id='word_1_766' title='bbox 2565 3813 2613 3858; x_wconf 88' lang='lat' dir='ltr'><strong>et</strong></span> <span class='ocrx_word' id='word_1_767' title='bbox 2671 3803 2849 3869; x_wconf 77' lang='lat' dir='ltr'><strong>Patre,</strong></span> <span class='ocrx_word' id='word_1_768' title='bbox 2897 3815 2952 3860; x_wconf 89' lang='lat' dir='ltr'><strong>at</strong></span> <span class='ocrx_word' id='word_1_769' title='bbox 3007 3804 3054 3860; x_wconf 91' lang='lat' dir='ltr'><strong>si</strong></span> <span class='ocrx_word' id='word_1_770' title='bbox 3107 3804 3161 3859; x_wconf 91' lang='lat' dir='ltr'><strong>id</strong></span> <span class='ocrx_word' id='word_1_771' title='bbox 3226 3815 3450 3875; x_wconf 87' lang='lat' dir='ltr'><strong>propter</strong></span> 
     </span>
    </p>
   </div>
   <div class='ocr_carea' id='block_1_101' title="bbox 1866 3896 3450 3967">
    <p class='ocr_par' dir='ltr' id='par_1_101' title="bbox 1866 3896 3450 3967">
     <span class='ocr_line' id='line_1_101' title="bbox 1866 3896 3450 3967; baseline 0.001 -16"><span class='ocrx_word' id='word_1_772' title='bbox 1866 3896 2262 3967; x_wconf 80' lang='lat' dir='ltr'><strong>blasphemiam</strong></span> <span class='ocrx_word' id='word_1_773' title='bbox 2306 3910 2417 3950; x_wconf 91' lang='lat' dir='ltr'><strong>non</strong></span> <span class='ocrx_word' id='word_1_774' title='bbox 2446 3897 2803 3959; x_wconf 89' lang='lat' dir='ltr'><strong>concedatur,</strong></span> <span class='ocrx_word' id='word_1_775' title='bbox 2832 3896 3117 3952; x_wconf 88' lang='lat' dir='ltr'><strong>Christum</strong></span> <span class='ocrx_word' id='word_1_776' title='bbox 3163 3912 3274 3951; x_wconf 89' lang='lat' dir='ltr'><strong>non</strong></span> <span class='ocrx_word' id='word_1_777' title='bbox 3327 3913 3450 3952; x_wconf 88' lang='lat' dir='ltr'><strong>esse</strong></span> 
     </span>
    </p>
   </div>
   <div class='ocr_carea' id='block_1_102' title="bbox 1862 3989 3450 4059">
    <p class='ocr_par' dir='ltr' id='par_1_102' title="bbox 1862 3989 3450 4059">
     <span class='ocr_line' id='line_1_102' title="bbox 1862 3989 3450 4059; baseline 0 -14"><span class='ocrx_word' id='word_1_778' title='bbox 1862 3989 2109 4059; x_wconf 81' lang='lat' dir='ltr'><strong>ejusdem</strong></span> <span class='ocrx_word' id='word_1_779' title='bbox 2143 3990 2397 4045; x_wconf 69' lang='lat' dir='ltr'><strong>essentia:</strong></span> <span class='ocrx_word' id='word_1_780' title='bbox 2423 4005 2546 4043; x_wconf 89' lang='lat' dir='ltr'><strong>cum</strong></span> <span class='ocrx_word' id='word_1_781' title='bbox 2590 3989 2700 4046; x_wconf 86' lang='lat' dir='ltr'><strong>Deo</strong></span> <span class='ocrx_word' id='word_1_782' title='bbox 2728 4000 2852 4059; x_wconf 89' lang='lat' dir='ltr'><strong>post</strong></span> <span class='ocrx_word' id='word_1_783' title='bbox 2904 3990 3188 4056; x_wconf 91' lang='lat' dir='ltr'><strong>unionem,</strong></span> <span class='ocrx_word' id='word_1_784' title='bbox 3220 3992 3363 4058; x_wconf 84' lang='lat' dir='ltr'><strong>quod</strong></span> <span class='ocrx_word' id='word_1_785' title='bbox 3395 4000 3450 4045; x_wconf 87' lang='lat' dir='ltr'><strong>et</strong></span> 
     </span>
    </p>
   </div>
   <div class='ocr_carea' id='block_1_103' title="bbox 1865 4080 3447 4153">
    <p class='ocr_par' dir='ltr' id='par_1_103' title="bbox 1865 4080 3447 4153">
     <span class='ocr_line' id='line_1_103' title="bbox 1865 4080 3447 4153; baseline -0.001 -14"><span class='ocrx_word' id='word_1_786' title='bbox 1865 4084 2043 4153; x_wconf 86' lang='lat' dir='ltr'><strong>ipsum</strong></span> <span class='ocrx_word' id='word_1_787' title='bbox 2104 4091 2161 4138; x_wconf 91' lang='lat' dir='ltr'><strong>et</strong></span> <span class='ocrx_word' id='word_1_788' title='bbox 2207 4083 2561 4153; x_wconf 79' lang='lat' dir='ltr'><strong>blasphemiae</strong></span> <span class='ocrx_word' id='word_1_789' title='bbox 2598 4091 2653 4138; x_wconf 91' lang='lat' dir='ltr'><strong>et</strong></span> <span class='ocrx_word' id='word_1_790' title='bbox 2706 4082 2921 4152; x_wconf 73' lang='lat' dir='ltr'><strong>ineptiae</strong></span> <span class='ocrx_word' id='word_1_791' title='bbox 2950 4080 3217 4137; x_wconf 73' lang='lat' dir='ltr'><strong>universa:</strong></span> <span class='ocrx_word' id='word_1_792' title='bbox 3246 4082 3447 4137; x_wconf 88' lang='lat' dir='ltr'><strong>limites</strong></span> 
     </span>
    </p>
   </div>
   <div class='ocr_carea' id='block_1_104' title="bbox 1862 4173 3449 4243">
    <p class='ocr_par' dir='ltr' id='par_1_104' title="bbox 1862 4173 3449 4243">
     <span class='ocr_line' id='line_1_104' title="bbox 1862 4173 3449 4243; baseline -0.001 -13"><span class='ocrx_word' id='word_1_793' title='bbox 1862 4175 2100 4230; x_wconf 79' lang='lat' dir='ltr'><strong>excedit.</strong></span> <span class='ocrx_word' id='word_1_794' title='bbox 2128 4174 2267 4229; x_wconf 90' lang='lat' dir='ltr'><strong>Cum</strong></span> <span class='ocrx_word' id='word_1_795' title='bbox 2291 4183 2471 4229; x_wconf 82' lang='lat' dir='ltr'><strong>autem</strong></span> <span class='ocrx_word' id='word_1_796' title='bbox 2510 4184 2563 4228; x_wconf 90' lang='lat' dir='ltr'><strong>et</strong></span> <span class='ocrx_word' id='word_1_797' title='bbox 2596 4175 2646 4228; x_wconf 92' lang='lat' dir='ltr'><strong>in</strong></span> <span class='ocrx_word' id='word_1_798' title='bbox 2674 4182 2869 4227; x_wconf 83' lang='lat' dir='ltr'><strong>natura</strong></span> <span class='ocrx_word' id='word_1_799' title='bbox 2914 4181 3037 4243; x_wconf 88' lang='lat' dir='ltr'><strong>post</strong></span> <span class='ocrx_word' id='word_1_800' title='bbox 3064 4174 3324 4227; x_wconf 90' lang='lat' dir='ltr'><strong>unionem</strong></span> <span class='ocrx_word' id='word_1_801' title='bbox 3370 4173 3449 4228; x_wconf 86' lang='lat' dir='ltr'><strong>in-</strong></span> 
     </span>
    </p>
   </div>
   <div class='ocr_carea' id='block_1_105' title="bbox 1862 4266 3445 4336">
    <p class='ocr_par' dir='ltr' id='par_1_105' title="bbox 1862 4266 3445 4336">
     <span class='ocr_line' id='line_1_105' title="bbox 1862 4266 3445 4336; baseline -0.001 -13"><span class='ocrx_word' id='word_1_802' title='bbox 1862 4266 2090 4323; x_wconf 83' lang='lat' dir='ltr'><strong>confuse</strong></span> <span class='ocrx_word' id='word_1_803' title='bbox 2129 4276 2186 4323; x_wconf 89' lang='lat' dir='ltr'><strong>et</strong></span> <span class='ocrx_word' id='word_1_804' title='bbox 2252 4268 2667 4322; x_wconf 87' lang='lat' dir='ltr'><strong>immutabiliter</strong></span> <span class='ocrx_word' id='word_1_805' title='bbox 2731 4268 2904 4331; x_wconf 83' lang='lat' dir='ltr'><strong>unita,</strong></span> <span class='ocrx_word' id='word_1_806' title='bbox 2982 4267 3445 4336; x_wconf 78' lang='lat' dir='ltr'><strong>quemadmodum</strong></span> 
     </span>
    </p>
   </div>
   <div class='ocr_carea' id='block_1_106' title="bbox 1864 4357 3447 4428">
    <p class='ocr_par' dir='ltr' id='par_1_106' title="bbox 1864 4357 3447 4428">
     <span class='ocr_line' id='line_1_106' title="bbox 1864 4357 3447 4428; baseline -0.001 -14"><span class='ocrx_word' id='word_1_807' title='bbox 1864 4360 2039 4414; x_wconf 86' lang='lat' dir='ltr'><strong>oratio</strong></span> <span class='ocrx_word' id='word_1_808' title='bbox 2066 4359 2537 4415; x_wconf 89' lang='lat' dir='ltr'><strong>demonstratione</strong></span> <span class='ocrx_word' id='word_1_809' title='bbox 2551 4374 2616 4413; x_wconf 81' lang='lat' dir='ltr'><strong>ex</strong></span> <span class='ocrx_word' id='word_1_810' title='bbox 2638 4359 2856 4414; x_wconf 88' lang='lat' dir='ltr'><strong>homine</strong></span> <span class='ocrx_word' id='word_1_811' title='bbox 2878 4357 3162 4428; x_wconf 87' lang='lat' dir='ltr'><strong>desumpta</strong></span> <span class='ocrx_word' id='word_1_812' title='bbox 3186 4360 3447 4425; x_wconf 82' lang='lat' dir='ltr'><strong>ostendit,</strong></span> 
     </span>
    </p>
   </div>
   <div class='ocr_carea' id='block_1_107' title="bbox 1869 4449 3447 4520">
    <p class='ocr_par' dir='ltr' id='par_1_107' title="bbox 1869 4449 3447 4520">
     <span class='ocr_line' id='line_1_107' title="bbox 1869 4449 3447 4520; baseline -0.001 -15"><span class='ocrx_word' id='word_1_813' title='bbox 1869 4451 2009 4505; x_wconf 88' lang='lat' dir='ltr'><strong>idem</strong></span> <span class='ocrx_word' id='word_1_814' title='bbox 2041 4452 2343 4507; x_wconf 87' lang='lat' dir='ltr'><strong>absurdum</strong></span> <span class='ocrx_word' id='word_1_815' title='bbox 2398 4451 2895 4520; x_wconf 84' lang='lat' dir='ltr'><strong>blasphemumque</strong></span> <span class='ocrx_word' id='word_1_816' title='bbox 2957 4449 3245 4514; x_wconf 80' lang='lat' dir='ltr'><strong>inferatur,</strong></span> <span class='ocrx_word' id='word_1_817' title='bbox 3297 4450 3447 4504; x_wconf 64' lang='lat' dir='ltr'><strong>nulla</strong></span> 
     </span>
    </p>
   </div>
   <div class='ocr_carea' id='block_1_108' title="bbox 1788 4540 3448 4617">
    <p class='ocr_par' dir='ltr' id='par_1_108' title="bbox 1788 4540 3448 4617">
     <span class='ocr_line' id='line_1_108' title="bbox 1788 4540 3448 4617; baseline 0 -21"><span class='ocrx_word' id='word_1_818' title='bbox 1788 4558 1841 4617; x_wconf 78' lang='grc' dir='ltr'><strong>ι)</strong></span> <span class='ocrx_word' id='word_1_819' title='bbox 1870 4544 1984 4612; x_wconf 88' lang='lat' dir='ltr'><strong>ipse</strong></span> <span class='ocrx_word' id='word_1_820' title='bbox 2015 4543 2225 4597; x_wconf 88' lang='lat' dir='ltr'><strong>ratione</strong></span> <span class='ocrx_word' id='word_1_821' title='bbox 2254 4543 2709 4612; x_wconf 84' lang='lat' dir='ltr'><strong>reprehensiones</strong></span> <span class='ocrx_word' id='word_1_822' title='bbox 2733 4550 2954 4596; x_wconf 88' lang='lat' dir='ltr'><strong>nostras</strong></span> <span class='ocrx_word' id='word_1_823' title='bbox 2989 4540 3237 4609; x_wconf 75' lang='lat' dir='ltr'><strong>effugies,</strong></span> <span class='ocrx_word' id='word_1_824' title='bbox 3283 4542 3448 4596; x_wconf 86' lang='lat' dir='ltr'><strong>unius</strong></span> 
     </span>
    </p>
   </div>
   <div class='ocr_carea' id='block_1_109' title="bbox 1871 4631 3451 4699">
    <p class='ocr_par' dir='ltr' id='par_1_109' title="bbox 1871 4631 3451 4699">
     <span class='ocr_line' id='line_1_109' title="bbox 1871 4631 3451 4699; baseline -0.001 -10"><span class='ocrx_word' id='word_1_825' title='bbox 1871 4646 2077 4689; x_wconf 67' lang='lat' dir='ltr'><strong>natura:</strong></span> <span class='ocrx_word' id='word_1_826' title='bbox 2108 4635 2392 4689; x_wconf 86' lang='lat' dir='ltr'><strong>Christum</strong></span> <span class='ocrx_word' id='word_1_827' title='bbox 2424 4643 2705 4699; x_wconf 85' lang='lat' dir='ltr'><strong>astruens,</strong></span> <span class='ocrx_word' id='word_1_828' title='bbox 2737 4632 2868 4688; x_wconf 84' lang='lat' dir='ltr'><strong>licet</strong></span> <span class='ocrx_word' id='word_1_829' title='bbox 2910 4631 3257 4687; x_wconf 85' lang='lat' dir='ltr'><strong>inconfusam</strong></span> <span class='ocrx_word' id='word_1_830' title='bbox 3292 4634 3451 4687; x_wconf 89' lang='lat' dir='ltr'><strong>unio-</strong></span> 
     </span>
    </p>
   </div>
   <div class='ocr_carea' id='block_1_110' title="bbox 1874 4724 3442 4797">
    <p class='ocr_par' dir='ltr' id='par_1_110' title="bbox 1874 4724 3442 4797">
     <span class='ocr_line' id='line_1_110' title="bbox 1874 4724 3442 4797; baseline -0.001 -18"><span class='ocrx_word' id='word_1_831' title='bbox 1874 4742 1997 4780; x_wconf 89' lang='lat' dir='ltr'><strong>nem</strong></span> <span class='ocrx_word' id='word_1_832' title='bbox 2037 4727 2360 4782; x_wconf 87' lang='lat' dir='ltr'><strong>asserueris.</strong></span> <span class='ocrx_word' id='word_1_833' title='bbox 2405 4725 2594 4780; x_wconf 88' lang='lat' dir='ltr'><strong>Oratio</strong></span> <span class='ocrx_word' id='word_1_834' title='bbox 2641 4724 2844 4797; x_wconf 84' lang='lat' dir='ltr'><strong>etenim</strong></span> <span class='ocrx_word' id='word_1_835' title='bbox 2871 4724 3131 4793; x_wconf 84' lang='lat' dir='ltr'><strong>utrinque.</strong></span> <span class='ocrx_word' id='word_1_836' title='bbox 3172 4726 3442 4779; x_wconf 86' lang='lat' dir='ltr'><strong>absonum</strong></span> 
     </span>
    </p>
   </div>
   <div class='ocr_carea' id='block_1_111' title="bbox 1871 4817 3448 4889">
    <p class='ocr_par' dir='ltr' id='par_1_111' title="bbox 1871 4817 3448 4889">
     <span class='ocr_line' id='line_1_111' title="bbox 1871 4817 3448 4889; baseline 0 -18"><span class='ocrx_word' id='word_1_837' title='bbox 1871 4818 2368 4889; x_wconf 86' lang='lat' dir='ltr'><strong>blasphemumque</strong></span> <span class='ocrx_word' id='word_1_838' title='bbox 2420 4817 2602 4889; x_wconf 77' lang='lat' dir='ltr'><strong>colligi</strong></span> <span class='ocrx_word' id='word_1_839' title='bbox 2659 4818 3081 4875; x_wconf 80' lang='lat' dir='ltr'><strong>deuionstravit.</strong></span> <span class='ocrx_word' id='word_1_840' title='bbox 3143 4817 3235 4872; x_wconf 90' lang='lat' dir='ltr'><strong>Sic</strong></span> <span class='ocrx_word' id='word_1_841' title='bbox 3283 4819 3448 4874; x_wconf 89' lang='lat' dir='ltr'><strong>etiam</strong></span> 
     </span>
    </p>
   </div>
   <div class='ocr_carea' id='block_1_112' title="bbox 1865 4910 3449 4981">
    <p class='ocr_par' dir='ltr' id='par_1_112' title="bbox 1865 4910 3449 4981">
     <span class='ocr_line' id='line_1_112' title="bbox 1865 4910 3449 4981; baseline 0 -16"><span class='ocrx_word' id='word_1_842' title='bbox 1865 4911 2112 4981; x_wconf 77' lang='lat' dir='ltr'><strong>exempla</strong></span> <span class='ocrx_word' id='word_1_843' title='bbox 2159 4926 2188 4964; x_wconf 90' lang='lat' dir='ltr'><strong>a</strong></span> <span class='ocrx_word' id='word_1_844' title='bbox 2236 4920 2288 4965; x_wconf 89' lang='lat' dir='ltr'><strong>te</strong></span> <span class='ocrx_word' id='word_1_845' title='bbox 2341 4910 2574 4965; x_wconf 88' lang='lat' dir='ltr'><strong>adducta</strong></span> <span class='ocrx_word' id='word_1_846' title='bbox 2628 4911 2696 4965; x_wconf 87' lang='lat' dir='ltr'><strong>ad</strong></span> <span class='ocrx_word' id='word_1_847' title='bbox 2752 4910 3216 4977; x_wconf 84' lang='lat' dir='ltr'><strong>comprobaudam</strong></span> <span class='ocrx_word' id='word_1_848' title='bbox 3282 4926 3449 4965; x_wconf 89' lang='lat' dir='ltr'><strong>unam</strong></span> 
     </span>
    </p>
   </div>
   <div class='ocr_carea' id='block_1_113' title="bbox 1867 4992 3446 5073">
    <p class='ocr_par' dir='ltr' id='par_1_113' title="bbox 1867 4992 3446 5073">
     <span class='ocr_line' id='line_1_113' title="bbox 1867 4992 3446 5073; baseline -0.001 -16"><span class='ocrx_word' id='word_1_849' title='bbox 1867 5012 2145 5069; x_wconf 84' lang='lat' dir='ltr'><strong>naturam,</strong></span> <span class='ocrx_word' id='word_1_850' title='bbox 2177 5017 2342 5073; x_wconf 90' lang='lat' dir='ltr'><strong>quam</strong></span> <span class='ocrx_word' id='word_1_851' title='bbox 2368 5002 2485 5071; x_wconf 88' lang='lat' dir='ltr'><strong>ipse</strong></span> <span class='ocrx_word' id='word_1_852' title='bbox 2508 5002 2706 5058; x_wconf 86' lang='lat' dir='ltr'><strong>statuis</strong></span> <span class='ocrx_word' id='word_1_853' title='bbox 2744 5012 2867 5072; x_wconf 92' lang='lat' dir='ltr'><strong>post</strong></span> <span class='ocrx_word' id='word_1_854' title='bbox 2896 5005 3153 5058; x_wconf 88' lang='lat' dir='ltr'><strong>unionem</strong></span> <span class='ocrx_word' id='word_1_855' title='bbox 3194 4992 3446 5058; x_wconf 83' lang='lat' dir='ltr'><strong>inconfu-</strong></span> 
     </span>
    </p>
   </div>
   <div class='ocr_carea' id='block_1_114' title="bbox 1865 5093 3445 5167">
    <p class='ocr_par' dir='ltr' id='par_1_114' title="bbox 1865 5093 3445 5167">
     <span class='ocr_line' id='line_1_114' title="bbox 1865 5093 3445 5167; baseline 0 -18"><span class='ocrx_word' id='word_1_856' title='bbox 1865 5110 1979 5149; x_wconf 87' lang='lat' dir='ltr'><strong>sam</strong></span> <span class='ocrx_word' id='word_1_857' title='bbox 2025 5093 2248 5160; x_wconf 87' lang='lat' dir='ltr'><strong>factam,</strong></span> <span class='ocrx_word' id='word_1_858' title='bbox 2302 5094 2445 5149; x_wconf 88' lang='lat' dir='ltr'><strong>haud</strong></span> <span class='ocrx_word' id='word_1_859' title='bbox 2498 5104 2650 5150; x_wconf 86' lang='lat' dir='ltr'><strong>recte</strong></span> <span class='ocrx_word' id='word_1_860' title='bbox 2693 5094 2940 5151; x_wconf 88' lang='lat' dir='ltr'><strong>instituta</strong></span> <span class='ocrx_word' id='word_1_861' title='bbox 2988 5105 3118 5151; x_wconf 85' lang='lat' dir='ltr'><strong>sunt</strong></span> <span class='ocrx_word' id='word_1_862' title='bbox 3150 5114 3164 5150; x_wconf 86' lang='lat'><strong>:</strong></span> <span class='ocrx_word' id='word_1_863' title='bbox 3193 5096 3445 5167; x_wconf 69' lang='lat' dir='ltr'><strong>quaedam</strong></span> 
     </span>
    </p>
   </div>
   <div class='ocr_carea' id='block_1_115' title="bbox 1864 5188 3445 5259">
    <p class='ocr_par' dir='ltr' id='par_1_115' title="bbox 1864 5188 3445 5259">
     <span class='ocr_line' id='line_1_115' title="bbox 1864 5188 3445 5259; baseline 0.003 -20"><span class='ocrx_word' id='word_1_864' title='bbox 1864 5188 2011 5241; x_wconf 84' lang='lat' dir='ltr'><strong>enim</strong></span> <span class='ocrx_word' id='word_1_865' title='bbox 2048 5202 2209 5241; x_wconf 84' lang='lat' dir='ltr'><strong>uuam</strong></span> <span class='ocrx_word' id='word_1_866' title='bbox 2235 5189 2601 5257; x_wconf 85' lang='lat' dir='ltr'><strong>compositam</strong></span> <span class='ocrx_word' id='word_1_867' title='bbox 2630 5196 2886 5242; x_wconf 86' lang='lat' dir='ltr'><strong>naturam</strong></span> <span class='ocrx_word' id='word_1_868' title='bbox 2939 5196 3202 5257; x_wconf 85' lang='lat' dir='ltr'><strong>tuumque</strong></span> <span class='ocrx_word' id='word_1_869' title='bbox 3244 5188 3445 5259; x_wconf 82' lang='lat' dir='ltr'><strong>dogma</strong></span> 
     </span>
    </p>
   </div>
   <div class='ocr_carea' id='block_1_116' title="bbox 1865 5278 3450 5357">
    <p class='ocr_par' dir='ltr' id='par_1_116' title="bbox 1865 5278 3450 5357">
     <span class='ocr_line' id='line_1_116' title="bbox 1865 5278 3450 5357; baseline 0.003 -26"><span class='ocrx_word' id='word_1_870' title='bbox 1865 5278 2238 5346; x_wconf 88' lang='lat' dir='ltr'><strong>proscribunt,</strong></span> <span class='ocrx_word' id='word_1_871' title='bbox 2265 5288 2323 5332; x_wconf 93' lang='lat' dir='ltr'><strong>ut</strong></span> <span class='ocrx_word' id='word_1_872' title='bbox 2352 5279 2681 5357; x_wconf 72' lang='lat' dir='ltr'><strong>aurumjgni</strong></span> <span class='ocrx_word' id='word_1_873' title='bbox 2706 5279 3006 5334; x_wconf 89' lang='lat' dir='ltr'><strong>immistum</strong></span> <span class='ocrx_word' id='word_1_874' title='bbox 3031 5299 3043 5334; x_wconf 91' lang='lat'><strong><em>:</em></strong></span> <span class='ocrx_word' id='word_1_875' title='bbox 3069 5294 3193 5333; x_wconf 89' lang='lat' dir='ltr'><strong>cum</strong></span> <span class='ocrx_word' id='word_1_876' title='bbox 3224 5280 3450 5335; x_wconf 88' lang='lat' dir='ltr'><strong>omnino</strong></span> 
     </span>
    </p>
   </div>
   <div class='ocr_carea' id='block_1_117' title="bbox 1864 5370 3450 5442">
    <p class='ocr_par' dir='ltr' id='par_1_117' title="bbox 1864 5370 3450 5442">
     <span class='ocr_line' id='line_1_117' title="bbox 1864 5370 3450 5442; baseline -0.001 -16"><span class='ocrx_word' id='word_1_877' title='bbox 1864 5387 2058 5427; x_wconf 92' lang='lat' dir='ltr'><strong>aurum</strong></span> <span class='ocrx_word' id='word_1_878' title='bbox 2077 5372 2129 5425; x_wconf 91' lang='lat' dir='ltr'><strong>in</strong></span> <span class='ocrx_word' id='word_1_879' title='bbox 2152 5372 2370 5441; x_wconf 88' lang='lat' dir='ltr'><strong>propria</strong></span> <span class='ocrx_word' id='word_1_880' title='bbox 2392 5371 2668 5442; x_wconf 84' lang='lat' dir='ltr'><strong>hypostasi</strong></span> <span class='ocrx_word' id='word_1_881' title='bbox 2689 5371 2868 5441; x_wconf 89' lang='lat' dir='ltr'><strong>ignem</strong></span> <span class='ocrx_word' id='word_1_882' title='bbox 2890 5370 3165 5440; x_wconf 85' lang='lat' dir='ltr'><strong>accipiens</strong></span> <span class='ocrx_word' id='word_1_883' title='bbox 3180 5373 3450 5440; x_wconf 87' lang='lat' dir='ltr'><strong>composi-</strong></span> 
     </span>
    </p>
   </div>
   <div class='ocr_carea' id='block_1_118' title="bbox 1864 5459 3445 5533">
    <p class='ocr_par' dir='ltr' id='par_1_118' title="bbox 1864 5459 3445 5533">
     <span class='ocr_line' id='line_1_118' title="bbox 1864 5459 3445 5533; baseline -0.003 -16"><span class='ocrx_word' id='word_1_884' title='bbox 1864 5470 1973 5517; x_wconf 89' lang='lat' dir='ltr'><strong>tam</strong></span> <span class='ocrx_word' id='word_1_885' title='bbox 1988 5464 2323 5533; x_wconf 78' lang='lat' dir='ltr'><strong>hypostasim</strong></span> <span class='ocrx_word' id='word_1_886' title='bbox 2351 5462 2565 5527; x_wconf 78' lang='lat' dir='ltr'><strong>efﬁciat,</strong></span> <span class='ocrx_word' id='word_1_887' title='bbox 2584 5462 2723 5516; x_wconf 84' lang='lat' dir='ltr'><strong>duas</strong></span> <span class='ocrx_word' id='word_1_888' title='bbox 2754 5469 2978 5515; x_wconf 82' lang='lat' dir='ltr'><strong>naturas</strong></span> <span class='ocrx_word' id='word_1_889' title='bbox 2998 5459 3307 5525; x_wconf 87' lang='lat' dir='ltr'><strong>habentem,</strong></span> <span class='ocrx_word' id='word_1_890' title='bbox 3328 5460 3445 5514; x_wconf 76' lang='lat' dir='ltr'><strong>auri</strong></span> 
     </span>
    </p>
   </div>
   <div class='ocr_carea' id='block_1_119' title="bbox 1863 5549 3444 5623">
    <p class='ocr_par' dir='ltr' id='par_1_119' title="bbox 1863 5549 3444 5623">
     <span class='ocr_line' id='line_1_119' title="bbox 1863 5549 3444 5623; baseline -0.003 -16"><span class='ocrx_word' id='word_1_891' title='bbox 1863 5562 1917 5607; x_wconf 91' lang='lat' dir='ltr'><strong>et</strong></span> <span class='ocrx_word' id='word_1_892' title='bbox 1942 5553 2103 5623; x_wconf 86' lang='lat' dir='ltr'><strong>ignis,</strong></span> <span class='ocrx_word' id='word_1_893' title='bbox 2140 5552 2283 5623; x_wconf 89' lang='lat' dir='ltr'><strong>quod</strong></span> <span class='ocrx_word' id='word_1_894' title='bbox 2310 5552 2555 5621; x_wconf 88' lang='lat' dir='ltr'><strong>plerique</strong></span> <span class='ocrx_word' id='word_1_895' title='bbox 2579 5552 2744 5608; x_wconf 88' lang='lat' dir='ltr'><strong>etiam</strong></span> <span class='ocrx_word' id='word_1_896' title='bbox 2777 5549 3141 5615; x_wconf 68' lang='lat' dir='ltr'><strong>ex‘Patribus,</strong></span> <span class='ocrx_word' id='word_1_897' title='bbox 3166 5550 3335 5604; x_wconf 88' lang='lat' dir='ltr'><strong>divini</strong></span> <span class='ocrx_word' id='word_1_898' title='bbox 3368 5549 3444 5603; x_wconf 92' lang='lat' dir='ltr'><strong>illi</strong></span> 
     </span>
    </p>
   </div>
   <div class='ocr_carea' id='block_1_120' title="bbox 1863 5642 3446 5714">
    <p class='ocr_par' dir='ltr' id='par_1_120' title="bbox 1863 5642 3446 5714">
     <span class='ocr_line' id='line_1_120' title="bbox 1863 5642 3446 5714; baseline -0.002 -15"><span class='ocrx_word' id='word_1_899' title='bbox 1863 5660 1994 5700; x_wconf 87' lang='lat' dir='ltr'><strong>sane</strong></span> <span class='ocrx_word' id='word_1_900' title='bbox 2071 5659 2136 5699; x_wconf 87' lang='lat' dir='ltr'><strong>ac</strong></span> <span class='ocrx_word' id='word_1_901' title='bbox 2217 5644 2599 5714; x_wconf 89' lang='lat' dir='ltr'><strong>percelebres,</strong></span> <span class='ocrx_word' id='word_1_902' title='bbox 2660 5642 2728 5697; x_wconf 89' lang='lat' dir='ltr'><strong>ad</strong></span> <span class='ocrx_word' id='word_1_903' title='bbox 2795 5642 3240 5713; x_wconf 86' lang='lat' dir='ltr'><strong>comprobaudas</strong></span> <span class='ocrx_word' id='word_1_904' title='bbox 3306 5643 3446 5697; x_wconf 87' lang='lat' dir='ltr'><strong>duas</strong></span> 
     </span>
    </p>
   </div>
   <div class='ocr_carea' id='block_1_121' title="bbox 1864 5735 3447 5806">
    <p class='ocr_par' dir='ltr' id='par_1_121' title="bbox 1864 5735 3447 5806">
     <span class='ocr_line' id='line_1_121' title="bbox 1864 5735 3447 5806; baseline -0.003 -14"><span class='ocrx_word' id='word_1_905' title='bbox 1864 5749 2088 5794; x_wconf 85' lang='lat' dir='ltr'><strong>naturas</strong></span> <span class='ocrx_word' id='word_1_906' title='bbox 2154 5738 2207 5792; x_wconf 89' lang='lat' dir='ltr'><strong>in</strong></span> <span class='ocrx_word' id='word_1_907' title='bbox 2289 5752 2401 5791; x_wconf 90' lang='lat' dir='ltr'><strong>uno</strong></span> <span class='ocrx_word' id='word_1_908' title='bbox 2472 5737 2727 5803; x_wconf 87' lang='lat' dir='ltr'><strong>Christo,</strong></span> <span class='ocrx_word' id='word_1_909' title='bbox 2812 5751 2916 5790; x_wconf 90' lang='lat' dir='ltr'><strong>una</strong></span> <span class='ocrx_word' id='word_1_910' title='bbox 2999 5736 3209 5791; x_wconf 85' lang='lat' dir='ltr'><strong>scilicet</strong></span> <span class='ocrx_word' id='word_1_911' title='bbox 3273 5735 3447 5806; x_wconf 86' lang='lat' dir='ltr'><strong>hypo-</strong></span> 
     </span>
    </p>
   </div>
   <div class='ocr_carea' id='block_1_122' title="bbox 1863 5827 3448 5901">
    <p class='ocr_par' dir='ltr' id='par_1_122' title="bbox 1863 5827 3448 5901">
     <span class='ocr_line' id='line_1_122' title="bbox 1863 5827 3448 5901; baseline -0.004 -14"><span class='ocrx_word' id='word_1_912' title='bbox 1863 5831 1994 5887; x_wconf 84' lang='lat' dir='ltr'><strong>stasi</strong></span> <span class='ocrx_word' id='word_1_913' title='bbox 2015 5871 2030 5896; x_wconf 93' lang='lat'><strong>,</strong></span> <span class='ocrx_word' id='word_1_914' title='bbox 2059 5829 2297 5901; x_wconf 88' lang='lat' dir='ltr'><strong>propriis</strong></span> <span class='ocrx_word' id='word_1_915' title='bbox 2329 5829 2741 5886; x_wconf 85' lang='lat' dir='ltr'><strong>commentariis</strong></span> <span class='ocrx_word' id='word_1_916' title='bbox 2782 5838 3121 5899; x_wconf 85' lang='lat' dir='ltr'><strong>usurparunt</strong></span> <span class='ocrx_word' id='word_1_917' title='bbox 3149 5847 3163 5884; x_wconf 89' lang='lat'><strong>:</strong></span> <span class='ocrx_word' id='word_1_918' title='bbox 3215 5828 3320 5883; x_wconf 81' lang='lat' dir='ltr'><strong>alia</strong></span> <span class='ocrx_word' id='word_1_919' title='bbox 3351 5827 3448 5881; x_wconf 86' lang='lat' dir='ltr'><strong>ab-</strong></span> 
     </span>
    </p>
   </div>
   <div class='ocr_carea' id='block_1_123' title="bbox 3015 5923 3090 5982">
    <p class='ocr_par' dir='ltr' id='par_1_123' title="bbox 3015 5923 3090 5982">
     <span class='ocr_line' id='line_1_123' title="bbox 3015 5923 3090 5982; baseline 0.013 -1"><span class='ocrx_word' id='word_1_920' title='bbox 3015 5923 3090 5982; x_wconf 74' lang='grc'><strong>21</strong></span> 
     </span>
    </p>
   </div>
  </div>
