4194 6432
756 454 851 515 651

2013 445 2307 505 NICETiE
2349 446 2749 507 BYZANTINI

3910 450 4031 513 65?.

757 569 977 620 horrent
1024 563 1091 617 ab
1153 558 1438 615 incnnl‘usa
1506 568 1556 613 et
1625 558 1946 614 inmutabili
2014 572 2332 614 naturarum

2440 562 2567 631 στῷ,
2599 562 2767 630 ἤγουν
2810 561 3010 631 τῇ·μιᾷ
3049 559 3347 615 ὑποστάσει
3390 560 3447 613 ἐν
3476 562 3589 626 τοῖς
3622 561 3844 626 οἰκείοις
3885 582 4031 633 συγ-

757 658 986 720 unione;
1024 669 1194 722 neque
1219 653 1361 706 enim
1391 652 1659 722 quispiam
1690 662 1833 707 recte
1871 652 2215 707 sentientium
2254 652 2335 705 Iu-

758 766 879 801 men
909 763 1029 802 cum
1071 746 1291 816 proprio
1326 748 1480 799 radio
1510 746 1763 815 componi
1793 746 1956 799 dicet.
1986 743 2143 799 Nulla
2187 745 2331 799 enim

758 857 936 893 rerum
971 856 1092 891 cum
1132 839 1351 908 proprio
1381 849 1525 902 actu,
1558 838 1671 893 sive
1701 853 1823 892 cum
1854 836 2047 893 effectu
2089 854 2191 893 sun
2233 855 2331 893 un-

759 946 915 999 quam
942 930 1191 998 componi
1227 930 1447 983 dicitur.
1491 927 1750 994 Quinimo
1808 945 1985 999 neque
2029 930 2231 998 anima,
2282 938 2335 983 et

758 1028 920 1081 homo
983 1024 1216 1079 similem
1272 1025 1432 1078 habet
1485 1025 1743 1079 unionem
1808 1023 2156 1079 incnnl‘usam
2208 1040 2332 1079 cum

752 1133 835 1179 Ca,
880 1132 1000 1181 qua:
1055 1116 1256 1170 Christi
1302 1124 1404 1170 est.
1468 1115 1625 1181 Quod
1658 1133 1822 1185 supra
1885 1118 2326 1171 demonstratum

753 1219 859 1270 est,
891 1210 1150 1277 quoniam
1185 1208 1381 1263 anima:
1428 1209 1594 1264 simul
1647 1225 1753 1264 una
1802 1208 2079 1276 subsistit,
2128 1208 2333 1265 Christi

756 1318 883 1355 vero
908 1303 1014 1355 alio
1047 1301 1229 1355 modo.

833 1566 917 1620 19.
952 1565 1162 1618 Itursus
1189 1564 1238 1617 in
1267 1564 1497 1634 epistola
1540 1573 1653 1628 tua,
1695 1565 1851 1633 quasi
1885 1580 2190 1619 scrmcnem
2247 1581 2337 1619 ex-

761 1660 1002 1727 cipiens.
1038 1658 1232 1727 objicis
1272 1676 1283 1709 :
1323 1657 1479 1712 Circa
1508 1660 1647 1728 quod
1680 1658 1867 1711 Patres
1895 1672 1996 1709 non
2026 1658 2337 1711 convenien-

752 1762 822 1803 tes
856 1792 869 1813 ,
928 1751 1169 1818 partibus
1238 1752 1591 1813 studuerunt,
1643 1750 1940 1800 mistionent
1984 1758 2224 1803 vocantes
2288 1758 2337 1803 et

750 1850 1018 1914 unionem,
1072 1846 1210 1915 quod
1248 1846 1425 1899 mistio
1484 1844 1869 1912 separationem
1910 1842 2113 1895 nullam
2158 1843 2335 1909 habet,

751 1956 913 2007 neque
946 1940 1074 1991 unio
1128 1938 1437 1990 divisionem
1486 1938 1620 1999 ;sed
1650 1952 1741 2005 per
1770 1936 1880 1989 ha'c
1939 1936 2092 1988 verba
2144 1932 2337 1989 Patres

751 2033 916 2083 locuti
940 2042 1061 2083 sunt
1090 2047 1106 2082 :
1129 2029 1570 2099 quemadmodum
1602 2029 1741 2081 enim
1768 2036 2015 2095 separata
2051 2026 2207 2079 mista
2238 2042 2341 2080 non

748 2125 998 2175 dicuntur
1024 2163 1038 2187 ,
1084 2123 1161 2174 ita
1204 2138 1293 2175 nec
1334 2125 1492 2173 mista
1533 2122 1784 2173 dicuntur
1816 2126 2083 2186 separata.
2148 2117 2340 2182 Quem-

749 2217 1036 2268 admodum
1076 2216 1419 2282 proprietates
1470 2215 1712 2266 um’oncm
1754 2212 1966 2276 tollunt,
1992 2213 2067 2264 ita
2114 2220 2161 2265 et
2215 2214 2339 2263 unio

749 2309 1000 2375 apprimit
1055 2308 1423 2375 proprietates.
1466 2306 1523 2359 Si
1573 2308 1751 2373 itaque
1813 2321 1914 2357 non
1974 2314 2127 2357 erant
2180 2305 2340 2357 mista

752 2401 1029 2468 inconfuse
1078 2416 1196 2451 cum
1243 2415 1496 2467 corpore,
1544 2413 1707 2466 quare
1766 2398 1948 2450 dicunt
2003 2399 2342 2450 incarnatum

750 2494 915 2559 [uisse
965 2492 988 2544 ?
1031 2490 1089 2544 Si
1124 2506 1224 2543 non
1268 2500 1381 2543 erat
1432 2490 1616 2542 unitus
1641 2506 1759 2541 cum
1791 2490 2142 2551 humanitate,
2177 2503 2343 2556 quare

748 2585 950 2645 dicunt,
993 2598 1111 2635 eum
1159 2582 1416 2633 hominem
1449 2578 1993 2648 assumpsisseﬂlzec
2042 2594 2167 2631 eum
2219 2578 2342 2631 nul-

748 2664 856 2730 lius
884 2674 1342 2729 corisiderationis
1373 2674 1502 2739 sinl,
1530 2672 1675 2741 quod
1718 2672 1852 2727 satis
1875 2671 2087 2725 abunde
2114 2670 2166 2724 iu
2189 2680 2340 2724 aute-

747 2770 1069 2823 cedentibus
1098 2782 1126 2821 a
1158 2768 1314 2821 nobis
1343 2766 1612 2819 dissoluta
1665 2772 1811 2828 sunt,
1844 2779 2035 2833 parum
2069 2763 2228 2817 nobis
2278 2763 2345 2817 de

757 2862 865 2915 illis
905 2860 1207 2914 curandum
1262 2867 1367 2911 est.
1427 2856 1696 2910 Ceterum
1748 2871 1815 2909 ne
1849 2854 1938 2909 cui
1973 2854 2344 2923 iactabundus

750 2952 1082 3021 superbius,
1142 2949 1407 3003 brevibus
1464 2947 1877 3015 respondemus.
1912 2946 2096 3001 Sancti
2154 2945 2344 3001 Patres

752 3042 1006 3093 unionem
1064 3047 1119 3091 et
1150 3037 1455 3091 mistionem
1511 3036 1565 3089 in
1599 3036 1819 3091 Christo
1886 3035 2231 3091 ineonfusam
2289 3044 2344 3089 et

750 3128 1148 3182 immutabilem
1202 3127 1437 3181 duarum
1468 3140 1591 3195 quae
1655 3134 2055 3181 concurrerunt
2116 3135 2343 3178 natura-

2437 655 2758 725 γράμμασιν
2784 654 3173 707 ὲντεθείκασιν’
3203 654 3269 707 τὰ
3292 655 3349 707 δὲ
3372 654 3629 708 ἀπέοικεν
3660 657 3721 708 ὲκ
3747 656 3845 725 τῆς
3877 659 4033 710 κατὰ

2438 748 2671 819 Χριστὸν
2701 746 3007 817 άσυγχύτου
3042 749 3136 801 καὶ
3181 748 3456 818 ἀτρέπτου
3484 748 3592 800 τῶν
3620 749 3835 816 φύσεων
3881 748 4030 801 ἑνώ-

2440 857 2596 902 σεως.
2625 839 2698 891 Τὸ
2735 840 2831 909 μὲν
2852 840 2960 911 γάρ
2995 842 3133 910 μετὰ
3154 844 3251 911 τῆς
3283 840 3416 903 ἰδίας
3438 842 3661 901 ἀκτῖνος
3705 842 3881 903 οὐδεὶς
3911 841 4033 892 τῶν

2437 931 2496 987 εὖ
2524 933 2863 1005 φρονούντων
2894 934 3264 988 συντεθεῖσθαι
3293 936 3537 1003 φήσειεν.
3564 934 3732 986 Οὐδὲν
3756 933 3865 1004 γάρ
3911 935 4033 985 τῶν

2436 1024 2604 1078 ὄντων
2647 1025 2763 1096 μετ’
2794 1027 3001 1090 οἰκείας
3036 1026 3318 1096 ἐνεργείας
3342 1066 3357 1092 ,
3398 1026 3429 1095 ἦ
3470 1024 3565 1078 τοῦ
3595 1026 3653 1091 ἐξ
3694 1025 3857 1079 αὑτοῦ
3887 1026 4033 1077 ἀπο-

2435 1125 2766 1194 τελέσματος
2816 1121 3031 1191 λέγεταί
3080 1139 3210 1175 ποτε
3258 1120 3614 1188 συγκεῖσθαι,
3657 1121 3772 1173 ἀλλ’
3813 1120 3935 1173 οὑδὲ
3992 1124 4031 1190 ή

2434 1216 2581 1287 ψυχὴ
2623 1217 2715 1271 καὶ
2756 1217 2784 1269 ό
2825 1214 3115 1285 ἄνθρωπος
3155 1213 3348 1283 ὁμοίαν
3388 1212 3501 1283 ἔχει
3534 1213 3631 1284 τὴν
3674 1212 3795 1264 καθ’
3823 1212 4031 1264 ἕνωσιν

2437 1312 2744 1379 άσύγχυτον
2784 1308 2919 1380 πρὸς
2954 1307 3054 1378 τὴν
3099 1306 3241 1361 κατὰ
3284 1305 3537 1375 Χριστόν.
3564 1305 3726 1356 Τουτὶ
3770 1302 3880 1371 γὰρ
3926 1306 4033 1355 καὶ

2439 1400 2851 1471 προδέδεικται,
2883 1399 2965 1451 ὁτι
3006 1399 3039 1467 ἡ
3089 1396 3188 1466 μὲν
3233 1396 3332 1467 τῆς
3375 1394 3553 1464 ψυχῆς
3601 1393 4032 1456 συνυποστάτως

2441 1489 2687 1559 γέγονεν,
2723 1491 2755 1558 ἠ
2785 1489 2841 1541 δὲ
2868 1487 3091 1558 ἑτέρως.

2513 1580 2597 1635 ιϐ’.
2630 1580 2801 1634 Πάλιν
2828 1579 2885 1631 δὲ
2922 1580 2982 1631 tv
3011 1576 3089 1648 τῷ
3136 1574 3431 1645 γράμματί
3476 1591 3569 1625 σου
3601 1571 4030 1641 άνθυποφερων,

2439 1674 2671 1745 γράφεις
2709 1689 2722 1702 ⁸
2762 1671 2905 1740 Περί
2946 1687 3001 1724 τι
3031 1673 3084 1723 οι
3114 1668 3368 1736 Πατέρες
3397 1668 3465 1720 ἐν
3498 1665 3786 1735 διαφωνία
3820 1666 4034 1717 ἐπολι-

2439 1768 2760 1833 τεύθησαν,
2796 1763 2965 1834 μίξιν
2988 1762 3078 1828 δὴ.
3102 1761 3369 1829 λέγοντες
3402 1758 3501 1813 καὶ
3531 1760 3772 1823 ἕνωσιν,
3802 1756 3953 1810 διότι
3989 1759 4032 1823 ἡ

2370 1909 2411 1964 Β
2434 1856 2553 1927 μὲν
2572 1856 2737 1926 μίξις
2765 1855 3068 1924 χωρισμόν
3096 1856 3204 1906 οὺκ
3234 1853 3379 1921 ἔχει,
3409 1850 3551 1904 οὐδὲ
3579 1851 3616 1916 ή
3651 1851 3867 1915 ἓνωσις
3898 1849 4033 1901 δια-

2441 1948 2752 2017 σπασμὸν,
2785 1946 2946 2001 ἀλλὰ
2973 1945 3070 1998 διὰ
3095 1946 3321 1997 τούτων
3350 1941 3468 1996 τῶν
3486 1941 3768 2011 ῥημάτων
3799 1940 4032 2006 ἐλάλη-

2442 2058 2565 2096 σαν
2598 2043 2651 2094 οἱ
2690 2039 2949 2107 Πατέρες
2970 2078 2985 2101 ,
3042 2038 3130 2091 ὅτι
3170 2035 3374 2104 ὥσπερ
3408 2036 3479 2089 τὰ
3512 2033 3924 2103 κεχωρισμένα
3953 2034 4034 2084 οὐ

2429 2135 2722 2211 ,λέγονται
2755 2131 3109 2201 μεμιγμένα,
3147 2130 3337 2193 οὕτως
3388 2127 3530 2181 οὐδὲ
3577 2127 3649 2179 τὰ
3692 2121 4034 2194 μεμιγμένα

2441 2227 2719 2296 λέγονται
2761 2223 3195 2293 κεχωρισμέναο
3248 2221 3449 2289 ὥσπερ
3480 2220 3539 2272 al
3586 2219 3875 2285 ἰδιότητες
3908 2214 4033 2279 τὴν

2442 2316 2663 2370 ἕνωσιν
2688 2317 3063 2382 ἐπαφουσιν,
3096 2314 3282 2378 οὕτως
3315 2312 3411 2365 καὶ
3451 2313 3488 2378 ὴ
3519 2310 3736 2375 ἓνωσις
3786 2306 4033 2375 συγχώ-

2442 2426 2533 2462 νει
2571 2407 2677 2473 τὰς
2719 2407 3039 2473 ἰδιότητας.
3092 2408 3227 2457 Ἐὰν
3275 2399 3387 2459 οὖν
3436 2406 3546 2457 οὐκ
3580 2400 3657 2470 ἦν
3696 2399 4035 2468 μεμημνα

2444 2501 2799 2570 ἀσυγχύτως
2826 2498 2975 2569 μετὰ
3004 2497 3110 2552 τοῦ
3145 2498 3441 2565 σώματος,
3488 2496 3586 2548 διὰ
3617 2494 3671 2547 τί
3711 2494 4031 2560 λέγουσιν,

2445 2592 2533 2645 ὅτι
2575 2592 2921 2658 ἐσαρκώθη;
2957 2593 3022 2644 Εἰ
3055 2589 3123 2641 δὲ
3157 2590 3269 2641 οὐκ
3317 2583 3394 2656 ἦν
3435 2586 3675 2651 ἐνωθεὶς
3715 2585 3866 2653 μετὰ
3916 2583 4036 2648 τὴν

2444 2679 3003 2746 ἁνθρωπότητα,·διὰ
3027 2678 3084 2731 τί
3106 2678 3416 2747 λέγουσιν,
3444 2676 3533 2728 ὅτι
3561 2674 4034 2741 ἐνηνθρώπησες

2446 2770 2633 2825 Ταῦτα
2666 2769 2764 2840 μὲν
2804 2768 3018 2831 οὑδενὸς
3065 2768 3224 2835 λόγου
3259 2768 3386 2831 άξια
3428 2766 3577 2829 ὄντα,
3616 2765 3702 2818 διὰ
3733 2765 3793 2816 τὸ
3823 2764 4033 2825 ἱκανῶς

2446 2863 2504 2913 tv
2534 2862 2644 2922 τοῖς
2679 2857 2987 2929 ἔμπροσθεν
3034 2856 3167 2927 παρ’
3198 2857 3353 2927 ἡμῶν
3387 2854 3775 2925 προλελῦσθαι,
3825 2854 4034 2921 ἥκιστα

2446 2954 2575 3025 περὶ
2606 2951 2814 3004 τούτων
2858 2948 3227 3021 φροντιστέον.
3275 2946 3420 3017 Πλὴν
3454 2941 3545 2999 οὖν
3582 2948 3629 2998 εἱ
3664 2947 3737 3014 μή
3772 2961 3850 3013 τῳ
3899 2942 4032 3013 δόξῃ

2445 3039 2945 3112 καταϐρενθύεσθαι
2987 3042 3044 3092 ὲν
3088 3037 3301 3100 τούτοις
3343 3036 3431 3089 διὰ
3486 3035 3732 3107 βραχέων
3766 3034 4028 3104 λέγομεν.

2444 3136 2506 3187 0t
2541 3134 2637 3203 μὲν
2666 3128 2760 3185 οὑν
2784 3132 2929 3199 ἆγιοι
2966 3130 3207 3200 Πατέρες
3231 3128 3424 3181 ἕνωσιν
3458 3127 3554 3181 καὶ
3584 3127 3731 3194 μίξιν
3766 3128 3858 3179 ὲπὶ
3888 3127 4029 3197 Χρι-

751 3237 895 3281 ιιιιιι,
930 3220 1147 3274 deitatis
1175 3228 1228 3273 et
1260 3218 1638 3282 humanitatis,
1674 3223 2006 3281 astruentes,
2034 3216 2334 3271 secundum

2446 3220 2574 3275 στοῦ
2612 3221 2920 3290 ἁσύγχυτον
2962 3219 3055 3271 καὶ
3086 3218 3355 3288 ἄτρεπτον
3390 3217 3497 3269 τῶν
3538 3216 3630 3269 δύο
3668 3214 3884 3283 φύσεων
3915 3214 4030 3266 τῶν

750 3314 1085 3383 hypostasim
1132 3323 1185 3367 et
1235 3312 1626 3378 essentialiter,
1658 3310 1858 3366 factam
1892 3313 1945 3364 in
1974 3325 2082 3365 uno
2116 3309 2337 3364 Christo

750 3412 1022 3466 asserunt,
1054 3416 1282 3471 eosque,
1347 3401 1439 3471 qui
1471 3411 1594 3455 actu
1626 3410 1679 3455 et
1704 3399 2028 3456 exsistentia
2075 3400 2212 3454 duas
2240 3412 2339 3453 na-

752 3506 903 3549 turas
955 3509 1050 3564 per
1096 3501 1279 3562 partes
1345 3500 1401 3546 et
1450 3490 1667 3546 divisim
1726 3497 2014 3560 ponerent,
2045 3504 2110 3545 ex
2140 3490 2339 3560 quibus

751 3596 870 3641 crat
900 3586 1103 3656 impius
1161 3584 1466 3649 Nestorius,
1506 3596 1669 3652 quem
1701 3590 1822 3652 post
1870 3596 2122 3651 magnam
2162 3582 2338 3634 rixam

750 3689 917 3749 atque
1000 3677 1403 3733 contentionem
1475 3674 1821 3728 anathemate
1875 3671 2086 3742 ,merito
2142 3685 2339 3740 percu-

754 3772 952 3835 lerunt,
985 3766 1354 3821 condemnant
1381 3782 1394 3817 :
1426 3778 1663 3833 namque
1708 3768 1862 3815 unlta
1902 3758 2205 3815 secundum
2240 3759 2341 3829 hy-

759 3860 1021 3928 postasim
1052 3864 1107 3910 et
1149 3853 1538 3921 essentialiter,
1589 3851 1841 3922 privatim
1903 3858 1956 3906 et
2018 3864 2114 3919 per
2158 3858 2340 3917 partes

751 3961 1005 4019 separata
1035 3946 1271 4017 disjungi
1306 3960 1414 3999 non
1456 3952 1706 4014 possunt,
1744 3940 2204 4012 quemadmodum
2236 3940 2343 3994 dis-

747 4044 935 4111 juncta
959 4049 1080 4095 actu
1117 4048 1172 4093 et
1202 4053 1296 4107 per
1320 4045 1525 4108 partes,
1557 4036 1820 4091 unionem
1851 4033 2151 4089 secundum
2173 4032 2341 4103 hypo-

752 4135 941 4189 stasint
986 4142 1040 4188 et
1086 4131 1435 4187 essentialem
1468 4131 1670 4185 habere
1716 4144 1824 4184 non
1864 4137 2117 4199 possunt.
2162 4127 2341 4192 Quare

754 4244 855 4283 nos
905 4226 1039 4280 nihil
1089 4225 1216 4287 tale,
1271 4223 1407 4279 duas
1469 4232 1725 4286 naturas,
1793 4230 1847 4276 et
1914 4222 2050 4277 duas
2098 4221 2342 4291 preprie-

754 4330 891 4374 tates
943 4326 1291 4379 naturarum,
1323 4330 1443 4384 qua:
1470 4314 1523 4367 in
1556 4328 1665 4368 uno
1699 4313 1921 4369 Christo
1954 4324 2103 4377 sunt,
2132 4322 2339 4384 partes,

754 4409 1187 4473 considerantes,
1223 4404 1479 4460 facimus.
1507 4402 1695 4474 Neque
1729 4404 1875 4458 enim
1936 4419 2197 4459 numerus
2255 4419 2341 4459 se-

754 4506 990 4559 cundum
1017 4516 1076 4556 se
1105 4500 1268 4555 rebus
1298 4500 1624 4554 divisionem
1658 4499 1887 4566 inducit,
1923 4514 2097 4568 neque
2130 4514 2217 4553 res
2246 4513 2341 4567 per

754 4613 813 4651 se
844 4596 1207 4651 subsistentes
1238 4600 1613 4662 reprasentat.
1651 4589 1839 4661 Neque
1873 4591 2017 4645 enim
2050 4606 2169 4653 nos,
2191 4589 2335 4659 quod
2367 4574 2417 4635 1)

755 4701 1131 4751 numeramus,
1154 4694 1207 4739 et
1237 4693 1446 4739 tantum
1477 4683 1796 4738 diﬂ‘erentia:
1828 4684 2054 4745 ratione,
2089 4692 2336 4747 naturas,

754 4789 1022 4834 etcarum
1054 4784 1229 4840 actus,
1274 4785 1328 4830 et
1359 4776 1665 4831 voluntates
1722 4775 1933 4830 naturis
1977 4784 2339 4846 congruentes

755 4884 1168 4933 asseveramus,
1202 4867 1526 4921 divisionem
1561 4865 1863 4921 secundum
1894 4874 2077 4921 actum
2108 4876 2163 4920 et
2203 4868 2342 4922 exsi-

755 4961 1009 5017 stentiam
1056 4960 1110 5013 in
1152 4960 1364 5013 naturis
1432 4967 1489 5013 et
1545 4958 1972 5029 proprietatibus
2002 4958 2337 5026 inducimus,

757 5062 816 5107 ut
845 5053 990 5123 quod
1028 5067 1057 5105 a
1094 5060 1145 5106 te
1209 5050 1487 5115 scribitur,
1541 5051 1718 5105 locum
1776 5049 1993 5104 habeat.
2037 5048 2243 5116 Quodsi
2273 5067 2339 5106 ex

757 5148 845 5213 iis,
878 5161 1001 5216 qua:
1044 5144 1262 5208 scribis,
1310 5142 1450 5198 nihil
1488 5156 1589 5197 nos
1620 5140 1785 5209 lzedit,
1820 5142 2022 5197 frustra
2052 5143 2152 5197 hac
2179 5153 2341 5213 atque

758 5240 882 5293 illac
910 5252 1220 5294 sermonem
1260 5237 1457 5308 agitas,
1494 5234 1777 5290 veritatem
1813 5235 2109 5292 infamans.
2134 5236 2201 5292 Et
2224 5238 2340 5293 haec

759 5333 980 5402 quidem
1019 5332 1093 5387 ita
1117 5347 1175 5387 se
1199 5332 1423 5386 habent.

828 5512 920 5567 20.
949 5510 1179 5578 Quando
1203 5526 1331 5565 vero
1364 5518 1419 5565 et
1462 5509 1565 5564 hoc
1596 5510 1648 5564 in
1697 5519 1885 5565 nostra
1919 5510 2149 5581 epistola
2206 5513 2341 5567 scri-

759 5608 993 5678 psimus,
1021 5604 1522 5659 Chalcedonensem
1553 5603 1821 5673 synodum
1845 5616 2130 5673 propterea
2164 5607 2342 5660 accla-

759 5714 943 5755 masse
973 5714 1133 5752 unam
1162 5711 1455 5767 personam
1503 5707 1557 5751 et
1586 5712 1749 5750 unam
1799 5698 2162 5768 hypostasim,
2195 5702 2340 5769 quod

760 5804 812 5845 et
850 5790 1134 5861 passiones
1185 5799 1239 5844 et
1296 5788 1560 5842 miracula
1600 5788 1763 5844 unius
1810 5806 1873 5845 ex
1919 5800 2108 5846 sancta
2160 5790 2341 5846 Trini-

761 5892 890 5951 tate,
934 5882 1027 5937 Dei
1062 5881 1225 5937 Verbi
1255 5881 1484 5946 scilicet,
1509 5896 1629 5938 esse
1656 5890 2001 5952 reputantur,
2026 5894 2079 5943 et
2112 5886 2180 5941 ad
2209 5902 2333 5945 eum

2444 3312 2838 3378 συνελθουσῶν,
2858 3310 3133 3381 θεότητος,
3154 3326 3227 3379 φη
3238 3311 3320 3378 μὶ,
3345 3310 3440 3361 καὶ
3459 3308 3906 3379 άνθρωπότητος,
3940 3306 4027 3359 δο-

2441 3406 2823 3476 γματίζοντες,
2858 3403 3106 3474 δηλονότι
3132 3401 3255 3455 καθ’
3288 3402 3588 3455 ὑπόστασιν
3619 3401 3712 3454 καὶ
3750 3400 4029 3463 οὑσιωδῶς

2439 3496 2813 3565 γεγενημένην
2860 3496 2918 3548 ὲν
2964 3493 3044 3565 τῷ
3084 3494 3165 3547 ἑνὶ
3206 3492 3426 3564 Χριστῷ
3473 3493 3726 3561 λέγουσι,
3771 3492 4028 3554 καὶτοὺς

2439 3586 2693 3656 ἐνεργείᾳ
2722 3585 2815 3637 καὶ
2846 3583 3078 3653 ὑπάρξει
3108 3582 3207 3646 τάς
3242 3581 3335 3635 δύο
3371 3582 3562 3651 φύσεις
3600 3582 3703 3637 ἀνὰ
3732 3582 3901 3653 μέρος
3934 3580 4028 3634 καὶ

2441 3678 2611 3748 χωρὶς
2640 3676 2903 3740 τιθέντας,
2932 3677 2959 3729 ὅ
3002 3677 3116 3728 ἐστι
3154 3674 3447 3746 Νεπόριος
3473 3678 3499 3728 ὁ
3537 3674 3856 3744 θεοστυγὴς,
3889 3674 4027 3743 πρὸς

2441 3768 2605 3821 αὑτὸν
2630 3766 3008 3837 διηνέχθησαν,
3039 3767 3133 3820 καὶ
3163 3764 3240 3836 τῷ
3264 3766 3570 3835 ἀναθέματι
3600 3766 3830 3828 δικαίως
3863 3766 4026 3817 αὑτὸν

2442 3858 2840 3911 καθυπέόαλον.
2881 3858 2989 3911 Καὶ
3031 3857 3140 3927 γάρ
3178 3858 3245 3909 τὰ
3277 3856 3536 3927 ἡνωμένα
3568 3856 3689 3910 καθ’
3720 3857 4026 3909 ὑπόστασιν

2444 3950 2537 4003 καὶ
2564 3948 2856 4013 οὑσιωδῶς,
2882 3947 3268 4018 κεχωρισμένα
3294 3947 3399 4018 ἰδίᾳ
3430 3949 3521 3999 καὶ
3552 3946 3653 4000 άνά
3687 3946 3851 4017 μέρος
3883 3942 4027 3999 εἶναι

2442 4045 2725 4109 ἀδύνατον,
2764 4044 2953 4113 ὥσπερ
2985 4045 3079 4097 καὶ
3122 4042 3192 4095 τὰ
3235 4043 3617 4113 κεχωρισμένα
3662 4040 3892 4111 ὑπάρξει
3932 4041 4030 4093 καὶ

2442 4138 2693 4208 ἐνεργείᾳ
2737 4138 2832 4189 καὶ
2880 4135 2982 4190 ἀνὰ
3034 4136 3232 4206 μέρος,
3273 4138 3372 4208 τὴν
3420 4136 3543 4188 καθ’
3580 4135 3876 4187 ὑπόστασιν
3931 4132 4030 4185 καὶ

2442 4228 2676 4300 οὐσιώδη
2710 4229 2913 4289 ,ἕνωσιν
2944 4227 3087 4297 ἔχειν
3114 4228 3175 4280 οὐ
3202 4227 3478 4281 δύνανται.
3527 4226 3826 4296 Τοιγαροῦν
3864 4226 4031 4296 ἡμεῖς

2442 4322 2593 4376 οὐδὲν
2637 4321 2881 4375 τοιοῦτον
2932 4323 2989 4375 ὲν
3016 4321 3094 4392 τῷ
3135 4319 3380 4387 δοξάζειν
3427 4320 3521 4375 δύο
3550 4319 3774 4391 φύσεις,
3806 4322 3900 4373 καὶ
3934 4321 4030 4374 δύο

2448 4415 2717 4483 ἰδιότητας
2741 4414 2849 4466 τῶν
2869 4413 3084 4483 φύσεων
3103 4413 3211 4466 τῶν
3238 4415 3295 4466 ἐν
3322 4414 3400 4483 τῷ
3425 4414 3504 4466 ἐνὶ
3521 4409 3755 4485 ’Χριστῷ
3777 4413 3847 4465 τά
3877 4413 4026 4483 μέρη

2444 4505 2906 4577 ἀναθεωροῦντες,
2958 4504 3241 4576 ποιοῦμεν.
3294 4507 3369 4558 Οὐ
3411 4506 3517 4578 γὰρ
3549 4507 3578 4557 ὁ
3634 4504 3864 4576 ἀριθμὸς
3900 4506 4026 4557 καθ’

2443 4598 2608 4652 αὑτὸν
2652 4597 2975 4667 διαιρέσεως
3021 4597 3130 4649 τῶν
3171 4597 3514 4668 πραγμάτων
3548 4597 3666 4650 ἐστὶ
3701 4597 4023 4666 ποιητικὸς,

2441 4690 2562 4744 οὑδὲ
2603 4689 2989 4743 ίδιοσυστάτων
3037 4687 3392 4758 πραγμάτων,
3425 4687 3853 4757 παραστατικός.
3888 4686 4026 4739 Οὐδὲ

2441 4784 2550 4853 γάρ
2588 4782 2749 4853 ἡμεῖς
2783 4780 2870 4832 διὰ
2904 4780 2965 4833 τὸ
2998 4779 3252 4849 ἀριθμεῖν
3286 4781 3379 4831 καὶ
3428 4778 3588 4848 μόνον
3620 4778 3698 4847 τῷ
3746 4777 3887 4846 λόγῳ
3924 4777 4026 4846 τῆς

2440 4876 2700 4946 διαφορᾶς
2741 4872 2839 4935 τὰς
2864 4872 3074 4940 φύσεις,
3107 4872 3201 4925 καὶ
3232 4871 3331 4934 τὰς
3365 4871 3569 4923 τούτων
3598 4870 3899 4941 ἐνεργείας,
3931 4871 4027 4923 καὶ

2442 4968 2687 5038 θελήσεις
2714 4964 3068 5035 καταλλήλως
3088 4963 3199 5015 τῶν
3227 4963 3442 5031 φύσεων
3467 4962 3727 5028 δοξάζειν,
3761 4961 4025 5031 διαίρεσιν

2441 5059 2540 5130 τὴν
2575 5055 2695 5110 κατ’
2723 5056 3004 5126 ἐνέργειαν
3034 5054 3126 5107 καὶ
3155 5052 3387 5125 ὓπαρξιν
3416 5054 3506 5106 ἐπὶ
3544 5053 3653 5106 τῶν
3682 5051 3893 5120 φύσεων
3931 5052 4027 5105 καὶ

2442 5149 2550 5203 τῶν
2589 5150 2869 5218 ίδιοτήτων
2916 5146 3172 5216 λέγομεν,
3205 5145 3290 5197 ἵνα
3318 5146 3412 5198 καὶ
3444 5142 3628 5215 χώραν
3667 5144 3728 5195 τὸ
3754 5142 3903 5213 παρὰ
3929 5142 4023 5195 σοῦ

2442 5242 2788 5313 γραφόμενον
2844 5239 3003 5313 λάϐῃ.
3061 5238 3124 5291 Εἰ
3175 5238 3232 5291 δὲ
3282 5238 3435 5291 οὐδὲν
3478 5230 3553 5289 ὧν
3592 5236 3823 5305 γράφεις
3868 5236 4027 5304 ἡμῶν

2443 5336 2769 5404 ἐφάπτεται,
2809 5333 2985 5403 μάτην
3024 5327 3125 5383 ὦδε
3159 5331 3379 5383 κάκεῖσε
3410 5328 3503 5382 τὸν
3536 5328 3694 5397 λόγον
3723 5330 3889 5389 κινεῖς
3931 5344 4028 5379 συ·

2443 5425 2727 5495 κοφαντῶν
2763 5425 2859 5495 τὴν
2890 5423 3170 5493 ἀλήθειαν.
3222 5423 3330 5475 Καὶ
3359 5418 3531 5473 ταῦτα
3563 5420 3662 5490 μὲν
3695 5420 3753 5471 ἐν
3792 5418 4024 5482 τούτοις.

2514 5525 2583 5571 κ’.
2648 5517 2802 5569 Ἐπεὶ
2857 5515 2913 5569 δὲ
2968 5513 3254 5569 καὶτοῦτο
3302 5515 3359 5568 tv
3402 5513 3479 5583 τῷ
3528 5512 3819 5585 γράμματι
3868 5512 4027 5582 ἡμῶν

2444 5608 2853 5679 συνετάξαμεν,
2909 5609 2992 5661 ὅτι
3046 5609 3078 5677 ἠ
3129 5611 3187 5661 ὲν
3245 5606 3548 5676 Χαλκηδόνι
3605 5606 3739 5673 ἁγία
3807 5605 4030 5671 σύνοδςς

2443 5703 2531 5757 διά
2556 5721 2635 5755 τοι
2659 5701 2816 5755 τοῦτο
2844 5700 3186 5770 ἐξεφώνησεν
3214 5700 3271 5753 ἓν
3297 5702 3590 5772 πρόσωπον
3622 5700 3713 5753 καὶ
3737 5699 3865 5769 μίαν
3888 5700 4026 5754 ὑπό-

2446 5812 2651 5858 στασιν,
2687 5794 2774 5846 διὰ
2809 5794 2870 5845 τδ
2909 5793 3002 5845 καὶ
3036 5793 3103 5845 τὰ
3158 5793 3305 5864 πάθη
3347 5793 3441 5847 καὶ
3492 5796 3559 5846 τὰ
3620 5792 3878 5862 θαύματα
3929 5795 4024 5847 τοῦ

2445 5888 2562 5952 ἑνὸς
2592 5888 2689 5957 τῆς
2731 5887 2893 5956 ἁγίας
2925 5887 3175 5956 Τριάδος,
3220 5888 3337 5957 ἤτοι
3371 5886 3463 5940 τοῦ
3508 5886 3643 5940 Θεοῦ
3670 5888 3849 5957 Λόγου
3877 5886 4026 5957 λογί-
