4194 6432
207 403 308 467 653

1055 392 1482 457 REFUTATIO
1511 392 1892 461 EPISTOLIE
1928 392 2157 454 REGIS
2187 393 2574 457 ARMENL’E.

3361 396 3470 462 654

207 509 422 576 ζεσθαι,
460 507 555 561 καὶ
591 508 668 572 είς
722 507 882 562 αὑτὸν
934 507 1278 577 ἀνατρέχειν,
1331 508 1495 571 αὑτὸς
1542 510 1643 561 οὑκ
1681 503 1776 560 οἷδ’

1898 519 2194 573 'ecurrunt,
2231 520 2288 563 tu
2321 511 2457 580 ipse,
2512 510 2699 566 nescio
2732 525 2840 582 qua
2883 509 3118 573 ratione,
3161 511 3470 566 inconsulte

205 605 349 666 ὅπως
379 600 618 671 ἀκρίτως
650 601 720 655 τὰ
749 600 882 669 παρ’
921 599 1075 671 ἡμῶν
1119 601 1396 671 ὲπιγελᾷς,
1427 600 1522 654 καὶ⁵
1547 598 1682 670 πρὸς
1707 600 1776 652 τὰ

206 693 482 765 γραφέντα
509 691 832 761 ἀντιλέγεις,
856 693 950 745 καὶ
967 693 1393 762 ἀποθαυμάζων,
1418 686 1523 746 ὧδέ
1544 708 1618 762 πη
1645 691 1784 763 γρά-

207 800 347 854 φεις·
385 783 494 838 Kal
537 782 696 836 ἄλλο
745 784 940 854 θαῦμα
973 785 1241 853 ἔγνωμεν
1269 784 1339 837 ἐν
1381 783 1462 848 τῷ
1494 781 1786 852 γράμματι

207 895 340 944 σου,
378 877 465 930 ὅτι
510 877 546 945 ἡ
595 877 858 943 σύνοδος
903 877 1015 944 τῆς
1061 876 1450 942 Χαλκηδόνος
1493 874 1562 928 ἓν
1600 877 1788 944 πρόσ-

207 986 369 1022 ωπον
406 970 504 1020 καὶ
544 968 653 1022 δύο
696 972 914 1038 φύσεις
961 966 1063 1022 διὰ
1106 968 1284 1022 τοῦτο
1333 967 1643 1036 ἐλάλησεν
1698 968 1787 1033 εὶς

207 1063 488 1128 Χριστὸν,
529 1062 619 1115 ὅτι
655 1062 734 1125 τῷ
766 1061 856 1114 ἐπὶ
899 1062 1068 1131 Λόγῳ
1102 1061 1207 1114 τοῦ
1246 1061 1395 1115 Θεοῦ
1425 1061 1785 1131 λογίζονται,

208 1154 300 1206 καί
319 1153 726 1223 ἀνατρέχουσι
746 1155 814 1207 τὰ
837 1145 1018 1221 πάθη,
1042 1155 1191 1222 πρ.“νς
1209 1153 1282 1205 ὃν
1302 1158 1334 1208 ὁ
1346 1155 1639 1224 μακάριος
1669 1155 1788 1208 Κύ-

205 1249 415 1313 ριλλος
451 1246 710 1312 δεόντως
755 1246 1204 1314 ἀπελογήσατο.
1237 1249 1445 1310 Ὄντως
1482 1249 1550 1300 τά
1579 1248 1789 1318 ἄμικτα

211 1337 473 1407 μιγνύων,
507 1338 601 1391 καὶ
640 1341 707 1392 τά
749 1327 993 1410 μηδόλως
1035 1341 1318 1394 κοινωνίαν
1363 1340 1507 1394 κατά
1551 1341 1791 1396 διάνοιαν

208 1428 426 1498 ἔχοντα,
475 1431 849 1500 ὁμοιοτρόπως
901 1429 1112 1503 λογίζῃ,
1169 1433 1262 1484 καὶ
1295 1432 1404 1484 εἴτε
1457 1431 1620 1499 ἑκὼν,
1679 1436 1790 1487 είτε

209 1523 377 1588 ἄκων,
421 1523 552 1584 Θεὸς
600 1521 667 1575 ἀν
713 1522 882 1592 εἰδείη
930 1523 1111 1592 μόνος,
1167 1523 1261 1575 καὶ
1296 1523 1354 1575 τὸ
1391 1523 1644 1594 διάφορον
1693 1525 1792 1594 τῆς

211 1615 365 1684 ἡμῶν
381 1613 621 1684 γραφῆς,
638 1613 732 1665 καὶ
753 1614 850 1684 τῆς
880 1613 971 1666 τοῦ
996 1614 1294 1684 Νεστορίου
1325 1616 1634 1678 κακονοίας,
1669 1634 1795 1670 συν-

208 1705 336 1773 ἧσαι
376 1706 436 1756 οὑ
479 1702 680 1773 βούλει.
726 1701 964 1765 Ἐκεῖνος
1016 1704 1117 1773 μὲν
1168 1703 1276 1774 γὰρ
1309 1706 1506 1758 ταυτὸν
1549 1706 1792 1776 οἰόμενος

211 1793 346 1848 εἶναι
380 1797 543 1866 φύσιν
567 1798 662 1850 καὶ
710 1797 1004 1868 πρόσωπον
1034 1796 1130 1848 καὶ
1156 1796 1478 1863 ὑπόστασιν,
1525 1799 1617 1851 καὶ
1645 1798 1696 1850 τί
1731 1797 1791 1850 τὸ

1891 610 2078 654 nostra
2110 599 2388 668 deridens,
2443 602 2664 672 scriptis
2696 604 3052 669 contradieis,
3079 617 3186 656 nec
3218 602 3339 657 sine
3373 605 3468 656 ad-

1889 693 2182 748 lniratioue
2211 694 2358 750 hunc
2387 695 2444 750 in
2482 695 2704 750 modum
2755 696 2995 766 loqueris
3029 715 3042 750 :
3077 695 3240 750 Aliud
3270 711 3473 765 quoque

1891 787 2246 840 admiratione
2287 803 2392 841 non
2439 789 2720 857 indignum
2758 789 2812 841 in
2844 799 2936 840 tua
2973 787 3197 858 epistola
3227 787 3472 858 legimus.

1891 878 2148 944 synodum
2192 875 2670 932 Cltalcedonemem
2731 879 2848 932 ideo
2903 893 3064 930 unam
3111 893 3387 945 personam
3423 889 3470 930 et

1890 971 2025 1024 duas
2059 980 2279 1024 naturas
2310 973 2573 1024 censuisse
2629 973 2684 1026 in
2729 973 2963 1036 Christo,
2987 971 3125 1041 quod
3173 967 3264 1023 inii
3310 969 3474 1023 Verbo

1891 1063 2069 1116 divino
2101 1061 2440 1116 ascribantur
2457 1065 2729 1132 passiones
2751 1105 2766 1131 ,
2795 1076 2846 1118 et
2883 1064 2952 1117 ad
2991 1078 3109 1117 eum
3153 1061 3472 1130 referantur,

1893 1156 1976 1208 cui
2021 1154 2206 1207 beatus
2253 1153 2518 1224 Cyri/lus,
2551 1157 2628 1208 uti
2679 1171 2778 1224 par
2823 1164 2959 1219 erat,
3008 1153 3298 1222 respondit.
3338 1149 3477 1206 Veto

1893 1261 2016 1315 quae
2060 1245 2276 1299 misceri
2319 1262 2431 1301 non
2489 1255 2722 1317 possunt
2774 1246 3113 1310 immiscens,
3157 1260 3277 1314 qua:
3327 1244 3474 1299 nulla

1895 1337 2305 1400 communione,
2332 1340 2494 1392 etiam
2526 1355 2620 1410 per
2652 1339 3012 1400 intellectum.
3042 1338 3475 1409 conjunguntur,

1895 1427 2088 1481 eadem
2151 1427 2364 1492 ratione
2419 1430 2730 1498 perpendis,
2767 1424 2821 1483 et
2867 1429 2982 1483 sive
3013 1428 3066 1482 id
3119 1427 3320 1491 libens,
3361 1429 3479 1482 sire

1901 1519 2106 1572 invitus
2134 1534 2286 1588 agas,
2323 1517 2464 1574 Deus
2509 1519 2885 1574 tantummodo
2919 1522 3156 1584 noverit,
3197 1529 3252 1573 et
3277 1531 3479 1575 nostra:

1898 1610 2237 1679 scriptionis,
2269 1619 2323 1663 ιιι
2369 1609 2706 1665 Nestoriante
2757 1609 2991 1665 vesania:
3038 1609 3332 1666 discrimen
3390 1627 3479 1665 eo-

1900 1717 2164 1771 gnoscere
2201 1703 2402 1756 renuis.
2444 1701 2538 1756 Illo
2572 1703 2720 1757 enim
2753 1703 2894 1758 idem
2923 1719 3044 1760 esse
3074 1719 3364 1774 personam
3428 1714 3484 1758 et

1903 1792 2238 1862 hypostasim
2271 1793 2613 1857 existimans,
2654 1794 2896 1864 quidque
2928 1795 3069 1848 inter
3109 1804 3343 1864 utraque
3396 1796 3482 1848 in-

212 1891 264 1941 ὲν
297 1891 500 1959 ἀμφοῖν
527 1889 781 1959 διάφορον
812 1886 1044 1954 ἀγνοῶν,
1075 1887 1168 1940 καὶ
1196 1889 1376 1940 πᾶσαν
1404 1888 1568 1956 φύσιν
1597 1887 1792 1940 ἰδιοσὺ-

1900 1895 2120 1950 lercral,
2158 1886 2439 1953 ignorans,
2476 1893 2531 1938 et
2560 1899 2778 1939 omnem
2821 1895 3072 1940 naturam
3106 1902 3202 1956 per
3224 1902 3284 1941 se
3311 1889 3483 1940 subsi-

215 1998 402 2034 στατον
428 1981 800 2050 λογιζόμενος,
827 1979 965 2050 πρὸς
989 1978 1087 2051 τὴν
1119 1981 1237 2032 καθ’
1269 1981 1566 2034 ὑπόστασιν
1597 1979 1792 2034 ’ἐνωσιν

213 2076 598 2140 ἀπεδυσπέτει,
643 2073 720 2138 ὡς
761 2073 923 2143 δῆθεν
956 2073 1065 2126 τῶν
1105 2073 1320 2140 φύσεων
1350 2075 1793 2144 συναιρουμένων

212 2169 267 2218 ἐν
290 2171 355 2237 τῇ
389 2166 582 2219 ὲνώσει
613 2165 706 2218 τοῦ
752 2166 867 2228 ἐνὸς
899 2164 1215 2235 προσώπου.
1250 2167 1343 2230 Εἰς
1389 2165 1481 2217 τὸν
1517 2165 1656 2218 θεῖον
1682 2183 1793 2219 τοι·

213 2259 416 2330 γαροῦν
451 2259 622 2326 Λόγον
645 2259 963 2328 ἐπισφαλῶς
998 2257 1191 2322 οἴεται,
1225 2258 1360 2328 πρὸς
1390 2257 1448 2310 ὃν
1474 2259 1501 2311 ὁ
1530 2259 1588 2310 ὲν
1619 2258 1794 2326 ἁγίοις

215 2353 478 2423 aspero;
518 2356 582 2406 ὲκ
610 2351 704 2406 τοῦ
750 2351 1199 2423 παραδείγματος
1245 2349 1339 2403 τοῦ
1385 2352 1527 2404 κατά
1566 2351 1655 2404 τὸν
1697 2351 1795 2406 ἀν-

215 2446 428 2517 θρωπον
481 2445 828 2508 ὑπεδείκνυε,
873 2443 966 2496 δὺο
1002 2441 1220 2511 φύσεων
1262 2443 1320 2495 ἐν
1360 2444 1457 2513 μιᾷ
1500 2444 1796 2496 ὑποστάσει

215 2535 623 2606 θεωρουμένων,
647 2528 760 2588 οἶόν
787 2535 839 2586 τί
870 2551 1036 2604 φημι,
1074 2533 1327 2603 σώματος
1350 2537 1445 2587 καὶ
1474 2534 1794 2602 ἀσωμάτου,

214 2630 258 2680 εί
290 2629 381 2680 καί
404 2646 455 2680 τι
478 2628 700 2696 λέγεται
732 2628 926 2680 παθεῖν
952 2626 980 2678 ὁ
1011 2625 1327 2697 ἄνθρωπος,
1364 2621 1476 2679 οἷον
1513 2625 1786 2692 καίεσθαι,

213 2721 242 2788 ἢ
272 2719 593 2789 τέμνεσθαι,
631 2719 772 2772 κατά
809 2717 968 2788 σῶμα
1005 2719 1155 2771 τουτὶ
1190 2717 1449 2783 πέπονθε,
1487 2718 1588 2788 τῆς
1619 2717 1798 2788 ψυχῆς

213 2811 482 2881 ἀμειὼτου
510 2812 605 2863 καὶ
643 2809 914 2873 ἀϐλαϐοῦς
953 2809 1386 2880 φυλαττομένης.
1424 2810 1527 2864 Τὸν
1553 2810 1714 2863 αὑτὸν
1734 2809 1798 2881 δὴ

211 2905 408 2972 τρόπον
438 2904 534 2956 καὶ
567 2903 660 2956 ἐπὶ
689 2901 783 2956 τοῦ
812 2899 950 2954 Θεοῦ
979 2902 1155 2971 Λόγου
1182 2901 1330 2955 ἐστιν
1361 2903 1510 2955 ίδεῖν.
1547 2901 1656 2955 Τοῦ
1689 2902 1799 2970 γὰρ

212 2992 342 3045 Θεοῦ
391 2994 572 3061 Λόγου
601 2991 931 3062 σωματικῶς
971 2995 1291 3062 πάσχοντος,
1335 2994 1495 3055 αὑτὸς
1545 2992 1797 3063 ἀπαθὴς,

211 3087 326 3140 ὅσον
355 3085 462 3160 ἧκε
493 3087 556 3140 τὸ
591 3088 680 3140 ἐπ’
717 3087 886 3156 αὑτῷ,
923 3087 1058 3139 καθὸ
1083 3086 1215 3149 Θεὸς
1249 3088 1486 3156 ἄναρχος
1516 3086 1611 3139 καὶ
1650 3086 1796 3140 ἀσώ-

215 3181 376 3247 ματός
410 3182 556 3244 ἐστι,
599 3179 919 3250 διετηρείτο.
971 3180 1080 3232 Καὶ
1131 3177 1308 3241 οὑεως
1358 3179 1455 3250 μὲν
1508 3179 1799 3250 Νεστόριος

1896 1991 2126 2036 stentem
2163 1989 2441 2046 reputans,
2475 1979 2776 2034 secundum
2825 1979 3164 2050 hypostasim
3220 1982 3479 2035 unionem

1895 2086 2038 2142 mgre
2081 2070 2311 2138 ferebat,
2341 2072 2498 2141 quasi
2534 2072 2653 2126 duae
2684 2080 2893 2126 natura:
2938 2073 3396 2128 contraherentur
3425 2075 3480 2127 in

1898 2165 2098 2217 unione
2137 2163 2300 2217 unius
2332 2178 2599 2233 personae.
2632 2162 2749 2232 Ipse
2783 2163 2968 2233 itaque
2995 2165 3049 2216 in
3089 2163 3484 2218 Verbumdivi-

1898 2272 2027 2310 nunt
2060 2254 2378 2325 gravissime
2407 2266 2620 2325 peccat,
2669 2257 2756 2311 cui
2787 2256 2947 2311 dirus
2963 2255 3484 2326 Cyrillusabexetn-

1898 2349 1988 2416 plu
2019 2347 2259 2402 [marinis
2301 2349 2788 2415 commonstrabat,
2821 2349 2959 2404 duas
3000 2359 3228 2404 naturas
3265 2350 3320 2402 in
3376 2366 3484 2404 una

1901 2437 2179 2510 hypostasi
2213 2441 2575 2505 censiJerari,
2612 2452 2668 2495 ut
2699 2443 2948 2510 corporei
2977 2448 3033 2495 el.
3059 2441 3392 2510 incorporei,
3433 2447 3488 2494 et

1900 2533 1946 2588 si
1981 2530 2111 2604 quid
2152 2534 2354 2588 dicitur
2403 2532 2573 2588 homo
2605 2534 2735 2604 pati,
2777 2544 2835 2590 ut
2867 2536 2914 2590 si
2943 2543 3154 2601 uratur,
3198 2534 3242 2589 si
3267 2534 3489 2588 abscin-

1900 2619 2080 2688 datur,
2107 2622 2408 2676 secundum
2434 2635 2637 2693 corpus
2667 2623 2798 2678 illud
2839 2623 3070 2693 perpeti,
3111 2625 3294 2678 anima
3348 2624 3487 2678 inte—

1900 2727 1995 2782 gra
2059 2713 2335 2781 ill-.esaque
2387 2723 2726 2773 remanente.
2791 2713 2991 2770 Eadem
3051 2717 3264 2771 ratione
3317 2723 3374 2771 et
3421 2718 3488 2771 de

1903 2805 2042 2862 Filio
2069 2807 2162 2861 Dei
2190 2807 2684 2879 philosophandum
2725 2820 2843 2878 est;
2875 2826 3110 2882 namque
3135 2811 3322 2865 divino
3357 2809 3488 2866 Ver-

1903 2896 1972 2951 bo
1993 2899 2353 2968 corporaliter
2391 2901 2651 2970 patiente,
2683 2901 2800 2972 ipse
2829 2903 3166 2967 impatibilis,
3216 2914 3484 2973 quantum

1903 2988 2050 3043 ineo
2081 2999 2184 3058 est,
2234 3006 2342 3061 qua
2372 2991 2514 3047 Deus
2548 3005 2633 3048 est
2670 2993 2879 3064 absque
2915 2996 3190 3066 principio
3241 3006 3298 3050 et
3346 2997 3486 3051 citra

1903 3096 2122 3152 corpus,
2156 3085 2614 3141 conservabatur.
2667 3087 2736 3141 Et
2772 3088 2847 3142 ita
2898 3088 3185 3145 Nestorius
3243 3091 3488 3145 sentiens

1903 3179 2176 3228 contraria
2214 3175 2430 3245 scripsit
2464 3177 2686 3248 Cyrillo.
2724 3180 2794 3234 At
2842 3191 3033 3234 saneta
3067 3191 3260 3251 quarta
3319 3197 3485 3254 syno-

210 3231 431 3341 ῦοήσας,
458 3231 704 3325 ista;
734 3231 986 3342 ᾨέγραφε
1030 3269 1167 3341 πρὸς
1209 3231 1496 3340 Kak-im.
1547 3231 1605 3324 σο
1731 3231 1794 3344 at}

2328 3231 2344 3245 .
2508 3231 2529 3248 .,
2578 3231 2583 3232 ν
2676 3231 2682 3232 κ
2752 3231 2791 3234 η
3073 3231 3260 3251 rm—
3319 3231 3447 3254 η--ν

1903 3262 2006 3318 dus
2043 3266 2150 3320 alio
2187 3268 2489 3337 proposito,
2527 3281 2582 3324 et
2631 3287 2740 3326 non
2778 3283 2836 3326 ιιι
2866 3275 3241 3330 exsecrandus
3293 3273 3488 3330 Nesto-

210 3365 299 3433 τῆς
342 3365 512 3432 ἀγίας
553 3364 823 3435 τετάρτης
875 3366 1091 3418 συνόδλω
1135 3364 1337 3427 σκοπὸς
1369 3364 1540 3434 ἑτέρῳ
1569 3365 1673 3417 τινὶ
1702 3365 1799 3417 καὶ

209 3456 264 3508 οὑ
291 3457 415 3508 καθ’
443 3455 474 3508 ὃ
496 3455 793 3527 Νεστόριος
823 3456 852 3507 ό
883 3456 1104 3526 ἐναγὴς,
1137 3455 1273 3510 ἀλλά
1303 3455 1400 3508 καὶ
1444 3455 1506 3508 τὸ
1534 3455 1796 3526 διάφορον

207 3546 299 3615 τῆς
330 3548 584 3616 φύσεως,
621 3549 648 3600 ὃ
677 3547 790 3618 ἔχει
841 3548 975 3618 πρὸς
1002 3549 1102 3617 τὴν
1147 3548 1468 3612 ὑπόστασιν,
1505 3548 1798 3611 συνοδικῷς

211 3644 296 3692 καὶ
323 3640 623 3712 [ἰατρικῶς
649 3640 930 3709 διακριθὲν
964 3639 1154 3707 σαφῶς
1184 3639 1324 3710 ᾔδει,
1359 3641 1453 3692 καὶ
1486 3640 1668 3694 πᾶσαν
1692 3638 1793 3709 φύ-

211 3748 286 3782 σιν
333 3732 711 3786 ἰδιοσὺστατον
740 3729 882 3786 εἶναι
927 3733 1004 3803 μὴ
1037 3731 1386 3803 λογιζομένη,
1421 3732 1516 3785 καὶ
1550 3733 1650 3802 τὴν
1673 3732 1794 3786 καθ’

211 3821 506 3875 ὑπόστασιν
533 3822 632 3875 καὶ
653 3822 886 3891 οὑσιὼδη
907 3822 1103 3876 ἕνωσιν
1125 3823 1223 3895 τὴν
1249 3824 1342 3875 ἐπὶ
1365 3823 1606 3893 Χριστοῦ
1639 3825 1799 3894 ἀκρι-

210 3914 311 3976 ϐῶς
347 3915 728 3986 ἐπισταμένη,
782 3922 874 3968 και
916 3917 998 3970 ὅτι
1030 3919 1059 3971 ὁ
1092 3917 1264 3980 ἀΐδιος
1295 3916 1470 3985 Λόγος
1501 3917 1563 3970 ὲν
1594 3919 1660 3988 τῇ
1693 3917 1798 3988 ἰδίᾳ

211 4007 504 4062 ὑποστάσει
556 4009 837 4079 ὑπέστησε
892 4011 991 4081 τὴν
1041 4010 1320 4082 ἡμετέραν
1356 4010 1541 4079 φύσιν,
1591 4011 1796 4082 καὶτῷ

209 4098 455 4172 upper];
479 4101 837 4166 οίκειὼσεως,
859 4103 959 4173 τῆς
989 4102 1252 4173 φυσικῆς,
1282 4103 1450 4174 φημὶ,
1484 4103 1580 4156 καὶ
1597 4101 1794 4156 οὑσιώ-

209 4192 341 4258 ὼυς,
389 4197 488 4248 καὶ
517 4195 584 4248 οὑ
625 4195 723 4264 τῆς
757 4197 1118 4267 προσωπικῆς
1157 4197 1252 4249 καὶ
1277 4197 1420 4250 κατά
1445 4195 1630 4266 σχέσιν
1659 4195 1795 4249 θεω-

213 4286 503 4355 ρουμὲνης,
560 4285 765 4352 ἄπαγε,
811 4288 877 4356 ἦν
922 4286 1019 4338 καί⁹
1065 4285 1361 4357 Νεστόριος
1411 4287 1548 4358 πρὸς
1583 4288 1674 4340 τὸν
1701 4288 1794 4341 ἀν-

211 4372 415 4443 θρωπον
443 4375 598 4445 ἔχειν
629 4376 723 4428 τὸν
754 4375 927 4442 Λόγον
953 4377 1272 4446 ἐκήρυττεν,
1304 4376 1441 4430 ἀλλά
1473 4376 1694 4448 μᾶλλον,
1718 4377 1794 4442 ὡς

212 4465 428 4535 ἔφαμεν,
476 4469 585 4537 τὴν
629 4468 867 4538 φυσικὴν
895 4470 990 4522 καὶ
1034 4467 1292 4538 οὑσιὼδη,
1339 4471 1461 4541 ἦτις
1488 4471 1548 4524 ὲν
1579 4471 1644 4541 τῇ
1671 4469 1793 4524 καθ’

211 4559 502 4614 ὑπόστασιν
557 4560 752 4614 ὲνὼσει
813 4561 1130 4632 θεωρεῖται,
1186 4563 1369 4627 καλῶς
1423 4563 1790 4632 γινώσκουσα,
1825 4586 1870 4642 ι)

211 4653 296 4702 καὶ
336 4654 416 4706 ὅτι
467 4653 566 4706 τὸν
616 4652 790 4706 ἀΐδιον
827 4653 954 4706 Υίόν
1008 4654 1309 4719 δοξάζουσα
1359 4653 1647 4727 ἄνθρωπον
1693 4672 1788 4724 γε·

210 4745 460 4815 γενῆσθαι
481 4787 498 4811 ,
533 4744 700 4799 τοῦτο
735 4745 944 4815 ἔλεγεν,
1001 4749 1140 4818 ὅπερ
1184 4748 1506 4812 ’Λθανάσιος
1545 4749 1642 4802 καὶ⁹
1677 4747 1790 4802 Κὺ-

213 4836 372 4904 ριλλος
410 4842 459 4894 οἱ
518 4841 625 4910 τῆς
687 4840 1094 4912 Ἀλεξανδρείας
1155 4841 1448 4914 εἰρήκασιν
1502 4841 1787 4912 ίεράρχαι,

210 4930 294 4981 καὶ
317 4932 519 4995 πάντες
555 4934 610 4984 οἱ
648 4931 911 5000 Πατέρες,
957 4933 1039 4984 ὅτι
1069 4932 1262 4992 κτίσας
1289 4933 1355 4986 ἐκ
1381 4935 1480 5000 τῆς
1514 4933 1790 5001 πανάγνου

211 5018 475 5092 Παρθένου
518 5023 749 5093 Μαρίας
796 5022 975 5093 ἑαυτῷ
1007 5024 1188 5094 σάρκα
1238 5023 1600 5095 ἐψυχωμένην
1642 5025 1789 5095 ψυχῇ

211 5109 382 5183 λογικῇ
432 5115 531 5168 καὶ
572 5114 764 5185 νοερᾷ,
804 5113 902 5186 τὴν
949 5114 1300 5186 ἀνθρωπίνην
1348 5117 1530 5186 σάρκα
1571 5119 1662 5169 καὶ
1695 5120 1791 5187 τὴν

213 5203 546 5277 ἀνθρωπίνην
609 5206 792 5277 ψυχὴν
858 5206 996 5261 ἰδίαν
1048 5210 1146 5276 τῆς
1213 5209 1380 5262 αὑτοὺ
1442 5209 1791 5273 ὑποστάσεως

215 5297 508 5366 ἐποιήσατο.
563 5300 684 5352 Καὶ
718 5298 776 5351 ὃν
806 5299 1008 5368 τρόπον
1037 5301 1065 5351 ὁ
1092 5301 1322 5370 Πέτρος,
1373 5300 1405 5370 ἦ
1455 5301 1616 5365 ἄλλος
1675 5320 1791 5366 πως

220 5389 357 5460 πῶμα
387 5391 740 5463 ἀνθρώπινον
785 5391 926 5460 ἔχων
966 5394 1058 5445 καὶ
1098 5393 1280 5463 ψυχὴν
1314 5393 1664 5466 ἀνθρωπίνην
1703 5396 1792 5448 ἀν-

215 5482 408 5552 θρωπός
429 5489 574 5550 ἐστι,
596 5485 692 5538 τὸν
718 5485 880 5539 αὑτὸν
904 5486 969 5557 δὴ
991 5487 1191 5556 τρόπον
1211 5489 1239 5540 ὁ
1262 5487 1430 5551 ἀΐδιος
1452 5487 1581 5551 Υἱὸς
1604 5489 1792 5552 κτίσας

214 5577 270 5643 τῇ
300 5578 487 5632 ἑαυτοῦ
532 5578 842 5631 ὑποστάσει
894 5579 1054 5650 σῶμα
1099 5579 1441 5650 ἀνθρώπινον
1488 5581 1584 5634 καὶ
1614 5581 1792 5652 ψυχὴν

218 5666 568 5740 ἀνθρωπίνην,
625 5670 725 5722 καὶ
776 5670 885 5723 ἴδια
941 5672 1110 5741 ἄμφω
1160 5671 1328 5725 αὑτοῦ
1389 5674 1789 5744 ποιησάμενος,

220 5761 415 5828 γέγονεν
446 5762 674 5836 ἀληθῶς
705 5763 1013 5834 ἄνθρωπος.
1050 5766 1260 5838 Ὥσπερ
1288 5766 1343 5819 δὲ
1377 5767 1437 5820 τό
1459 5767 1552 5820 τοῦ
1588 5768 1792 5839 Πέτρου

225 5852 360 5925 ςῶμα
385 5858 475 5912 καὶ
510 5856 724 5930 ἡψυχὴ
759 5857 1046 5929 ἀμφότερα
1077 5857 1175 5928 τῆς
1211 5857 1405 5914 ἑαυτοῦ
1439 5859 1791 5924 ὑποστάσεως

1901 3357 2017 3410 rius
2046 3357 2414 3414 diversitatem
2455 3370 2680 3428 natum,
2715 3379 2880 3433 quam
2912 3365 3073 3420 habet
3111 3367 3175 3421 ad
3228 3368 3485 3438 hypOsta-

1901 3446 2026 3508 sim,
2077 3447 2272 3518 synodi
2309 3448 2647 3521 Petrumque
2674 3456 2966 3511 sententiis
2997 3456 3215 3522 edocta,
3261 3467 3316 3512 et
3369 3473 3488 3513 om-

1900 3553 2025 3592 nem
2055 3548 2305 3594 naturam
2323 3554 2419 3610 per
2432 3557 2490 3596 se
2520 3543 2749 3599 minime
2768 3544 3070 3600 subsistere
3095 3561 3258 3616 posse
3281 3547 3483 3611 sciens.

1898 3638 2126 3701 cateque
2157 3641 2352 3687 tenens
2385 3634 2689 3689 secundum
2737 3636 3100 3708 bypostasim,
3130 3649 3186 3694 et
3229 3641 3490 3696 essentia-

1899 3724 2003 3778 lem
2039 3725 2300 3781 unionem
2323 3727 2377 3781 in
2397 3727 2644 3792 Christo,
2662 3739 2716 3785 et
2740 3732 3136 3801 sempiternum
3163 3731 3404 3788 Verbum
3431 3733 3488 3788 in

1899 3819 2118 3889 propria
2152 3821 2434 3891 bypostasi
2468 3824 2801 3880 sustinuisse
2828 3836 3070 3881 nostram
3107 3835 3385 3891 naturam,
3431 3838 3486 3883 et

1899 3911 2166 3966 rationem
2203 3915 2690 3984 appropriationis,
2751 3918 3018 3973 naturalis
3063 3929 3115 3973 et
3152 3920 3482 3988 essentialis,

1899 4006 2568 4075 noupersonalis,etqute
2591 4010 2892 4065 secundum
2935 4011 3253 4067 relationem
3302 4014 3488 4068 consi-

1897 4096 2144 4161 deratur,
2164 4112 2356 4169 apage,
2371 4114 2534 4169 quam
2549 4098 2832 4157 Nestor-ius
2848 4117 2976 4172 erga
2995 4102 3270 4158 hominem
3292 4105 3491 4160 habere

1899 4185 2136 4242 Verbum
2156 4189 2492 4259 divulgabat,
2511 4192 2604 4246 sed
2624 4192 3175 4261 potius,utdiximus,
3197 4195 3487 4258 naturalis.

1897 4280 2296 4344 etessentialis,
2321 4297 2443 4350 qua)
2469 4282 2522 4336 in
2556 4284 2760 4338 unione
2795 4282 3100 4337 secundum
3143 4283 3488 4354 bypostasim

1896 4372 2252 4440 conspicitur,
2281 4375 2451 4443 probe
2481 4375 2725 4429 sentiens
2759 4383 2815 4429 et
2861 4375 3258 4446 sempiternum
3285 4374 3484 4432 Filium

1899 4463 2174 4518 hominem
2213 4465 2414 4519 factum
2447 4468 2630 4521 sciens
2655 4467 2954 4533 asserebat.
2983 4469 3129 4539 quod
3151 4469 3486 4524 Athanasius

1898 4564 1952 4610 et
1980 4554 2218 4626 Cyrillus
2245 4555 2597 4610 Alexandrini
2630 4557 2926 4625 antistites,
2944 4566 2996 4610 et
3026 4554 3216 4612 Patres
3246 4556 3487 4613 universi

1903 4646 2275 4711 alIirmarunt,
2315 4659 2498 4704 creata
2545 4664 2611 4703 ex
2653 4649 3263 4721 immaealataﬂirgiue
3316 4648 3486 4706 Maria

1900 4739 2003 4794 sibi
2041 4739 2139 4808 ipsi
2181 4754 2375 4803 carne,
2429 4742 2667 4795 animata
2712 4742 2903 4796 anima
2948 4742 3175 4799 rationis
3232 4752 3487 4813 compote

1899 4841 1954 4886 et
2000 4831 2375 4897 intellectuali,
2437 4835 2730 4889 humanam
2782 4851 3002 4890 carnem
3073 4845 3128 4891 et
3187 4835 3485 4890 humanam

1900 4926 2139 4981 animam
2198 4928 2472 4996 prapriam
2547 4943 2661 4982 sua:
2723 4927 3034 4998 bypostasis
3091 4928 3357 4983 eﬂ'eeisse.
3421 4925 3489 4982 Et

1898 5017 2364 5088 quemadmodum
2417 5017 2610 5072 Petrus
2632 5057 2647 5082 ,
2681 5019 2764 5073 vel
2805 5019 2946 5074 alius
2981 5019 3256 5089 quispiam
3280 5019 3488 5073 ‘huma-

1903 5125 2034 5163 num
2067 5125 2263 5179 corpus
2302 5117 2356 5163 et
2389 5111 2686 5164 humanam
2719 5111 2957 5164 animam
2981 5110 3292 5180 possidens,
3323 5111 3488 5164 homo

1901 5212 2004 5264 est,
2044 5202 2116 5254 ita
2149 5211 2203 5255 et
2241 5201 2610 5270 sempiternus
2639 5202 2809 5256 Filius
2835 5217 3030 5257 creans
3065 5217 3179 5257 sua:
3205 5200 3489 5273 hypostasi

1902 5310 2107 5365 corpus
2150 5293 2451 5348 humanum
2510 5302 2565 5348 et
2601 5294 2842 5347 animam
2883 5293 3204 5359 humanam,
3238 5303 3293 5348 et
3325 5294 3489 5348 ambo

1905 5388 2121 5458 propria
2169 5386 2271 5441 sibi
2321 5383 2549 5450 faciens,
2597 5401 2722 5441 vere
2779 5384 2946 5439 homo
2987 5384 3165 5440 laetus
3204 5392 3308 5440 est.
3347 5385 3490 5440 Cum

1903 5495 2034 5535 vero
2062 5480 2204 5535 Petri
2245 5495 2447 5548 corpus
2475 5488 2530 5534 et
2558 5478 2761 5543 anima,
2793 5479 2954 5533 ambo
2983 5478 3132 5534 illius
3157 5478 3487 5549 hypostasis,

1905 5591 2012 5630 non
2049 5574 2279 5630 alterius
2312 5574 2622 5645 hypostasis
2663 5575 2884 5645 propria
2914 5582 3066 5632 sunt.
3097 5583 3491 5646 proptereaque

1904 5685 1965 5723 t-a
1993 5670 2245 5724 obtinens
2289 5669 2516 5722 omnino
2546 5668 2844 5722 humanam
2875 5667 3039 5724 habet
3065 5676 3339 5735 naturam,
3366 5684 3489 5738 qua:

1906 5781 2013 5818 non
2052 5764 2226 5834 ipsius
2261 5762 2434 5818 solius
2456 5764 2833 5834 bypostaseos,
2867 5763 2961 5818 sed
2997 5763 3290 5834 cujuslibet
3312 5762 3491 5817 homi-

1908 5873 2035 5912 num
2071 5857 2384 5929 bypostasis
2414 5855 2658 5926 exsistit,
2689 5855 2812 5915 ideo
2848 5857 3242 5930 sempiternum
3286 5853 3489 5913 Filium
