4194 6432
731 414 835 475 655

2000 397 2295 457 NlLET/E
2334 398 2739 461 BYZANTINI

3896 410 4005 476 (556

727 520 971 593 synodus
995 517 1178 579 tradit,
1206 528 1376 569 unum
1403 512 1835 575 Trinitatis,uua
1869 508 2147 580 hypostasi
2179 508 2307 563 duas

2422 510 2552 573 ἴδια,
2570 512 2670 562 οὑκ
2692 511 2859 583 ἀλλης
2878 512 2984 566 τῶν
3008 513 3312 585 ἀνθρώπων
3334 514 3705 581 ὑποστάσεως·
3731 519 3904 592 ταύτῃ
3922 540 4005 576 τοι

724 615 810 666 hn'
836 628 928 665 ere
959 620 1201 669 naturas,
1236 623 1341 659 non
1372 606 1624 664 privatim
1660 612 1893 672 utraque
1916 616 2012 654 sua
2034 597 2313 670 hypostasi

722 716 994 773 srparala,
1023 701 1114 755 St'tl
1139 699 1322 753 divina
1355 698 1574 768 quidem
1604 705 1797 749 natura
1837 694 1961 765 ipsi,
1991 702 2044 747 et
2067 690 2238 756 Patri,
2261 702 2314 747 et

724 796 950 864 Spiritui
1002 800 1193 845 sancto
1242 789 1545 853 communi,
1594 786 1831 839 humana
1883 793 2071 838 natura
2116 784 2216 852 ipsi
2259 789 2313 835 et

723 886 1116 957 singularibus.
1156 887 1224 937 At
1257 881 1566 953 hypostasis
1615 880 1790 950 ipsius
1822 877 2169 949 potissimum
2211 875 2313 945 ipsi

720 983 818 1033 soli
881 995 988 1047 pra:
1039 978 1199 1031 l‘atre
1255 986 1307 1029 et
1357 974 1562 1043 Spiritu
1602 982 1793 1027 sancto
1838 970 2054 1024 decreta
2110 977 2215 1032 est,
2262 975 2315 1020 et

722 1091 803 1125 (‘1’!
824 1089 923 1141 pus
954 1072 1155 1139 ipsius,
1187 1078 1239 1121 ct
1269 1068 1451 1121 anima
1491 1067 1711 1135 proprie
1744 1075 1974 1131 utraque
2009 1061 2181 1130 ipsius
2210 1060 2311 1129 Ity-

724 1168 923 1234 pustasi
946 1178 1055 1231 prie
1082 1161 1307 1230 reliquis
1339 1160 1674 1213 hominibus.
1708 1156 1939 1224 Ideoque
1972 1166 2312 1223 qumeunque

722 1259 889 1311 subiit
946 1267 998 1309 ιι
1040 1271 1295 1324 perpessa
1338 1263 1420 1307 est
1456 1249 1769 1319 sempiterni
1807 1248 1896 1300 Dei
1932 1260 2081 1311 caro,
2121 1255 2174 1299 et
2213 1246 2311 1299 hu-

723 1366 881 1402 mana
916 1350 1089 1417 ipsius
1119 1350 1323 1407 anima,
1358 1345 1470 1411 ipse
1503 1342 1874 1412 sempiternus
1910 1338 2080 1393 Filius
2110 1338 2310 1393 subiis-

722 1459 778 1496 se
824 1451 873 1493 et
922 1455 1209 1509 perpessus
1254 1438 1421 1491 fuisse
1454 1436 1655 1491 dicitur
1680 1474 1692 1498 ,
1736 1434 1949 1502 ipsique
1987 1449 2113 1487 vere
2140 1430 2313 1485 conti-

721 1542 935 1601 gerunt,
976 1532 1187 1601 ipsique
1226 1530 1594 1589 vindicantur,
1654 1526 2114 1594 quemadmodum
2162 1537 2309 1591 qna:-

719 1642 934 1693 eunque
967 1624 1169 1689 patitur
1207 1621 1345 1674 l‘ctri
1374 1637 1501 1673 caro
1530 1625 1584 1673 et
1607 1619 1811 1683 anima,
1845 1617 2007 1671 Petro
2038 1615 2308 1677 accidunt,

720 1718 933 1785 ipsique
981 1730 1105 1767 Vere
1168 1713 1535 1767 aseribuutur.
1585 1711 1985 1779 Proptereaque
2027 1706 2307 1761 veritatem

716 1810 1037 1863 conﬁtentes
1092 1806 1360 1867 dicimus,
1414 1805 1589 1871 ipsum
1655 1802 2045 1870 sempiternum
2109 1797 2308 1852 Filium

717 1900 1001 1959 esm-‘zisse,
1034 1898 1256 1960 sitiissc,
1292 1900 1563 1949 turbatum
1590 1903 1642 1946 et
1667 1893 1996 1947 deiassatum
2023 1889 2212 1955 fuisse,
2242 1888 2313 1941 ia-
2345 1866 2385 1924 Β

716 1993 853 2047 cicm
882 1992 1053 2059 ipsius
1077 1990 1247 2059 alapis
1272 2005 1465 2042 etesam
1491 2028 1504 2050 ,
1528 1996 1581 2041 et
1630 1984 1943 2055 sempiterni
1970 1983 2089 2037 Filii
2116 1996 2313 2036 manus

715 2100 777 2138 ac
788 2084 950 2153 pedes
964 2081 1133 2136 clavis
1151 2080 1357 2145 aﬂixas,
1378 2080 1631 2133 eumdem
1656 2088 1981 2147 consputmn
2015 2084 2066 2129 et
2086 2074 2316 2144 ﬂagella-

716 2184 830 2229 tum
854 2175 907 2228 in
939 2189 1099 2227 cruce
1122 2171 1465 2241 pependisse,
1481 2180 1535 2225 ct
1552 2179 1849 2233 mortuum,
1868 2175 1920 2222 et
1943 2166 2237 2236 sepultum,
2259 2172 2314 2219 et

714 2268 803 2321 die
835 2268 991 2321 tertia
1020 2266 1409 2321 resurrexisse.
1436 2264 1558 2318 llaec
1584 2265 1768 2318 omnia
1801 2263 2139 2333 sempiterno
2171 2261 2311 2316 Filio

713 2360 1085 2429 contigerunt.
1147 2358 1251 2412 Sed
1311 2358 1413 2413 ista
1464 2372 1757 2427 perpessus
1820 2364 1903 2409 est
1964 2354 2127 2408 modo
2200 2369 2311 2424 quo

714 2451 824 2521 pati
865 2460 1097 2520 poterat,
1150 2450 1255 2504 hoc
1305 2458 1388 2504 est
1436 2464 1536 2523 sua
1576 2447 1751 2517 ipsius
1791 2448 2030 2501 lnnnana
2060 2462 2228 2501 carne
2257 2455 2312 2500 et

713 2543 920 2604 anima,
974 2558 1079 2595 non
1116 2558 1214 2596 sua
1259 2542 1433 2610 ipsius
1465 2541 1651 2595 divina
1681 2549 1897 2593 natura.
1939 2538 2097 2592 Modo
2126 2540 2309 2608 itaque

712 2634 980 2687 naturalis
1028 2642 1082 2687 et
1126 2632 1439 2688 essentialis
1490 2631 1955 2701 appropriationis
1988 2630 2079 2683 uni
2131 2628 2308 2683 Verbo

715 2727 831 2781 haec
878 2727 1061 2780 omnia
1114 2726 1456 2789 acciderunt,
1498 2740 1607 2779 non
1656 2732 1717 2779 ut
1752 2732 1871 2777 erat
1918 2721 2156 2774 Verbum
2184 2762 2200 2787 ,
2249 2730 2309 2774 ut

714 2819 977 2872 diximus.
1013 2817 1357 2887 Quapropter
1405 2826 1598 2870 sancta
1641 2824 1839 2883 quarta
1867 2814 2110 2882 synodus
2142 2828 2304 2864 unam

716 2911 1055 2982 hypostasitn
1097 2921 1151 2965 et
1179 2912 1316 2965 duas
1369 2918 1599 2963 naturas
1631 2908 1683 2960 in
1720 2907 1940 2960 Christo
1966 2904 2173 2960 statuit.
2204 2902 2307 2958 Ve-

715 3017 835 3053 rmn
876 2999 1162 3054 Nestoritts
1187 3000 1291 3052 alia
1332 2998 1547 3052 ratione
1580 2995 1739 3051 Verbi
1784 2995 2071 3065 passiones
2103 2992 2303 3048 intelli-

714 3110 882 3162 gens,
920 3103 980 3147 ut
1014 3109 1177 3163 supra
1210 3091 1606 3161 explicavimus
1632 3130 1645 3153 ,
1681 3088 1847 3156 probe
1872 3102 1901 3140 a
1933 3086 2138 3157 Cyrillo
2175 3088 2303 3140 Ale-

2425 602 2673 672 ἐσχηκὼς
2705 603 2899 670 ταῦτα,
2932 606 3149 669 πάντως
3172 610 3272 677 τὴν
3295 608 3643 681 ἀνθρωπίνην
3670 612 3785 681 ἔχει
3819 614 4005 680 φύσιν,

2421 696 2542 763 ἥτις
2567 696 2687 766 οὐχὶ
2732 695 2835 763 τῆς
2882 699 3234 763 ὑποστάσεως
3273 701 3439 754 αὑτοῦ
3494 703 3695 773 μόνης,
3741 706 3877 759 ἀλλά
3910 708 4007 759 καὶ

2420 786 2658 856 ἑκάστης
2681 787 2913 857 ὑπάρχει
2938 789 3045 841 τῶν
3070 790 3374 861 ἀνθρώπων
3405 794 3774 861 ὑποστάσεως,
3811 797 4005 851 τούτου

2419 879 2578 948 χάριν
2608 881 2699 933 τὸν
2725 881 2895 934 ἀΐδιον
2918 876 3048 935 Υίὸν
3074 885 3105 954 ἡ
3148 884 3364 947 σύνοδος
3395 886 3566 954 λέγει,
3601 888 3693 942 ἕνα
3719 890 3817 958 τῆς
3838 892 4009 960 Τριά-

2416 972 2504 1033 δος
2552 973 2684 1026 ὄντα
2730 976 2831 1045 μιᾷ
2864 975 3163 1028 ὑποστάσει
3196 976 3290 1029 δύο
3338 977 3532 1045 φύσεις
3576 980 3740 1050 ἐχειν,
3773 982 3873 1033 οὑκ
3910 984 4007 1034 i6:-

2417 1064 2529 1126 κῶς
2592 1065 2861 1136 ἑκατέρας
2904 1069 2970 1137 τῇ
3017 1067 3184 1120 αὑτοῦ
3246 1069 3543 1122 ὑποστάσει
3601 1072 4002 1143 διαφερούσης,

2416 1156 2551 1209 ἀ).λά
2578 1156 2675 1221 τῆς
2715 1158 2815 1227 μὲν
2862 1158 3013 1222 θείας
3054 1158 3291 1227 φύσεως,
3321 1160 3469 1231 αὑτῷ
3500 1179 3559 1215 τε
3596 1165 3690 1216 καὶ
3724 1164 3801 1234 τῷ
3830 1167 4006 1236 Πατρὶ

2416 1249 2510 1302 καὶ
2530 1250 2607 1318 τῷ
2628 1249 2904 1319 Πνεὺματι
2926 1251 3002 1322 τῷ
3025 1252 3511 1326 ἀγίῳιὺπεχούσης,
3532 1255 3631 1325 τῆς
3658 1257 4006 1328 ἀνθρωπίνης

2417 1342 2666 1409 φύσεως,
2709 1343 2860 1412 αὑτῷ
2908 1360 2965 1395 τε
3021 1345 3113 1396 καὶ
3150 1346 3262 1407 τοῖς
3299 1347 3442 1400 κατά
3478 1348 3668 1417 μέρος.
3720 1347 3782 1400 Ἦ
3820 1349 4005 1417 μέντοι

2417 1432 2715 1497 ὑπόστασις
2754 1434 2922 1487 αὑτοῦ
2956 1435 3325 1507 διαφερόντως
3360 1439 3509 1510 αὑτῷ
3548 1439 3693 1509 μόνῳ
3728 1442 3879 1511 παρὰ
3910 1440 4006 1491 τὸν

2415 1523 2636 1594 Πατέρα
2669 1525 2762 1578 καὶ
2798 1524 2858 1577 τὸ
2901 1526 3126 1595 Πνεῦμα
3158 1527 3218 1579 τὸ
3261 1527 3415 1594 ἅγιον
3454 1528 3786 1599 ἀφώρισται,
3819 1531 3913 1582 καὶ
3942 1529 4006 1581 τὸ

2416 1614 2572 1684 σῶμα
2602 1616 2766 1669 αὑτοῦ
2806 1618 2899 1670 καὶ
2930 1618 2964 1688 ἡ
3010 1618 3181 1690 ψυχὴ,
3232 1619 3375 1682 ἰδίως
3410 1621 3699 1692 ἀμφότερα
3734 1622 3831 1692 τῆς
3871 1623 4008 1674 ὑπο·

2416 1707 2657 1770 στάσεως
2701 1708 2871 1762 αὑτοῦ
2913 1711 3063 1778 παρά
3106 1714 3314 1776 πάντας
3357 1713 3485 1775 τοὺς
3530 1714 3872 1785 ἀνθρώπους.
3907 1716 4004 1766 Διὸ

2414 1799 2507 1853 καὶ
2530 1800 2629 1852 ὅσα
2653 1800 2864 1872 ὑπέστη
2892 1802 2983 1855 καὶ
3004 1803 3273 1857 πέπονθεν
3298 1807 3329 1874 ἡ
3356 1804 3451 1858 τοῦ
3476 1806 3645 1859 ἀϊδίου
3676 1806 3811 1859 Θεοῦ
3840 1807 4003 1875 σάρξ,

2416 1893 2573 1963 καὶὴ
2611 1893 2925 1966 ἀνθρωπίνη
2968 1895 3132 1948 αὑτοῦ
3178 1896 3350 1967 ψυχὴ,
3394 1899 3553 1961 αὐτὸς
3594 1900 3622 1951 ὁ
3653 1899 3822 1962 ἀΐδιος
3871 1900 4003 1963 Υἱὸς

2416 1987 2715 2054 ὑφεστάναι
2752 1988 2844 2041 καὶ
2878 1989 3204 2043 πεπονθέναι
3237 1990 3486 2058 λέγεται,
3523 1991 3618 2045 καὶ
3668 1991 3817 2063 αὑτῷ
3857 2010 4002 2061 συμ-

2415 2078 2617 2149 ϐέϐηκε
2668 2080 2807 2133 κατᾶ
2846 2079 3128 2151 ἀλήθειαν,
3175 2083 3268 2135 καὶ
3310 2082 3460 2152 αὑτῷ
3502 2084 3902 2153 ἐπιγράφεται,
3942 2084 4005 2136 ὃν

2413 2172 2616 2243 τρόπον
2644 2175 2745 2227 ὃσα
2783 2174 2979 2243 πάσχει
3013 2178 3045 2245 ὴ
3086 2174 3182 2227 τοῦ
3215 2175 3421 2245 Πέτρου
3464 2176 3603 2245 σὰρξ
3634 2178 3730 2229 καὶ
3764 2178 3796 2245 η
3824 2177 4001 2246 ψυχὴ,

2412 2263 2491 2332 τῷ
2528 2264 2720 2333 Πέτρῳ
2755 2264 3066 2333 συμϐαίνει,
3108 2267 3201 2317 καὶ
3227 2266 3379 2337 αὑτῷ
3407 2268 3547 2320 κατά
3590 2266 3851 2338 ἀλήθειαν
3882 2270 4006 2321 ἐπι-

2413 2357 2705 2426 γράφεται.
2736 2357 2835 2409 Διά
2851 2356 3008 2409 τοῦτο
3023 2355 3121 2426 τὴν
3142 2357 3403 2428 ἀληθινὴν
3426 2358 3819 2429 ὁμολογοῦντες
3842 2359 4003 2424 λέγο-

2416 2467 2536 2519 μεν,
2568 2450 2649 2502 ὅτι
2690 2449 2851 2512 αὑτὸς
2880 2452 2908 2502 ό
2934 2451 3104 2513 ἀΐδιος
3134 2451 3261 2514 Υἱὸς
3285 2450 3541 2504 ἐπείνασε
3560 2492 3575 2516 ,
3607 2452 3702 2503 καὶ
3733 2451 3958 2521 ἐδίψησε
3984 2492 4001 2511 .

2412 2543 2507 2595 καὶ
2533 2545 2830 2611 ἠγωνίασε,
2870 2544 2964 2597 καὶ
2986 2545 3269 2610 ἐκοπίασε,
3298 2546 3396 2597 καὶ
3429 2544 3492 2599 τὸ
3510 2547 3803 2615 πρόσωπον
3830 2545 4002 2599 αὑτοῦ

2410 2635 2742 2704 ἐρραπίσοη,
2773 2635 2871 2687 καὶ
2899 2634 3228 2702 ὲνεπτὺσθη,
3249 2636 3344 2688 καὶ
3367 2636 3743 2707 ἐμαστιγώθη,
3770 2638 3865 2689 καὶ
3899 2637 4000 2690 τοῦ

2409 2723 2581 2777 ἀϊδίου
2606 2723 2736 2775 Υἱοῦ
2761 2724 3159 2793 καθηλώθησαν
3184 2726 3239 2776 αἱ
3270 2728 3453 2795 χεῖρες
3481 2728 3574 2780 καὶ
3597 2728 3647 2779 οἱ
3678 2726 3858 2789 πόδες,
3900 2726 3999 2779 καὶ

2410 2814 2571 2879 αὑτὸς
2617 2816 2712 2869 ἐπὶ
2763 2816 2998 2888 σταυροῦ
3051 2818 3408 2889 ἐκρεμάσθη,
3456 2819 3551 2871 καὶ
3586 2818 3857 2881 ἀπέθανε,
3902 2820 4000 2872 καὶ

2410 2906 2607 2975 ἐτάφη,
2641 2908 2735 2959 κα)⁸
2764 2908 2963 2979 ἀνέστη
2994 2912 3058 2979 τῇ
3081 2910 3243 2980 τρίτῃ
3276 2910 3480 2981 ἡμέρᾳ.
3513 2910 3700 2963 Ταῦτα
3725 2910 3782 2962 δὲ
3813 2912 4002 2964 πάντα

2404 2997 2485 3069 τῷ
2513 2998 2669 3067 ἀϊδίῳ
2692 2999 3039 3069 συμϐέϐηκεν
3059 3001 3192 3070 Υἱῷ.
3223 3001 3383 3054 Ἀ).λά
3406 3002 3581 3056 ταῦτα
3603 3002 3840 3056 πέπονθε
3861 3004 4003 3056 καθὸ

2406 3091 2630 3146 δυνατὸν
2652 3093 2864 3152 παθεῖν,
2889 3091 3136 3145 τουτέστι
3165 3096 3233 3164 τῇ
3252 3092 3449 3147 ἑαυτοῦ
3484 3094 3800 3166 ἀνθρωπίνῃ
3830 3096 4003 3166 σαρκί

714 3188 987 3242 xandrin
1020 3184 1292 3239 refutatus
1324 3192 1426 3237 est.
1457 3182 1521 3236 Et
1566 3183 1666 3235 hoc
1697 3194 1919 3249 quoque
1981 3180 2142 3233 inane
2186 3177 2304 3232 nul-

2412 3200 2467 3235 τε
2502 3183 2595 3235 καὶ
2617 3182 2784 3251 ψυχῇ,
2807 3183 2868 3235 οὑ
2906 3186 2972 3253 τῇ
3009 3183 3203 3237 ἐαυτοῦ
3236 3183 3357 3255 θείᾳ
3374 3184 3559 3252 φύσει.
3598 3184 3691 3255 Τῷ
3727 3186 3872 3256 λόγῳ
3901 3183 4002 3241 οὖν

715 3282 930 3349 liusque
950 3278 1187 3344 roboris,
1210 3277 1355 3347 quod
1378 3276 1491 3345 ipse
1511 3284 1771 3345 tanquam
1792 3271 2026 3341 alicujus
2044 3272 2303 3327 momenti

713 3373 1003 3439 alTerebas,
1031 3372 1467 3425 demonstratum
1496 3376 1601 3424 est.
2284 3360 2287 3363 ⁷

2411 3277 2513 3346 τῆς
2549 3277 2784 3345 φυσικῆς
2816 3276 2911 3329 καὶ
2930 3276 3225 3341 οὑσιὼδους
3256 3278 3586 3342 οἱκειὼσεως
3611 3278 3787 3333 ταῦτα
3818 3280 4004 3334 πάντα

2416 3366 2496 3436 τῷ
2516 3366 2597 3418 ἐνὶ
2616 3365 2775 3434 Λόγῳ
2800 3366 3172 3437 συμϐέϐηκεν,
3202 3367 3263 3420 οὑ
3290 3368 3424 3420 καθὸ
3441 3369 3636 3435 Λόγος,
3661 3369 3735 3431 ὡς
3760 3369 3995 3439 ἔφαμεν.

717 3470 817 3522 Διά
856 3487 940 3521 τοι
971 3466 1133 3519 τοῦτο
1166 3466 1200 3534 ἦ
1232 3481 1289 3516 τε
1333 3463 1464 3531 ἁγία
1498 3463 1735 3533 τετάρτη
1789 3461 2008 3524 σύνοδος
2047 3461 2178 3531 μίαν
2206 3459 2503 3513 ὑπόστασιν
2553 3459 2769 3513 καὶδύο
2806 3460 2997 3529 φύσεις
3062 3461 3155 3514 ἐπὶ
3224 3461 3465 3531 Χριστοῦ
3524 3463 3899 3533 ἐδογμάτισεν.
3943 3464 4004 3517 ’θ

713 3559 768 3611 δὲ
793 3556 1084 3625 Νεστόριος
1104 3552 1332 3624 ἑτέρωθι
1356 3553 1546 3624 τρόπῳ
1566 3551 1663 3605 τοῦ
1708 3553 1883 3620 Λόγου
1914 3551 2051 3605 νοῶν
2077 3552 2146 3603 τὰ
2167 3550 2339 3621 πάθη,
2376 3548 2560 3613 καθὼς
2589 3550 2785 3604 ἀνόπιν
2810 3552 3058 3621 εἴπομεν.
3099 3550 3190 3604 Διὸ
3218 3551 3355 3621 πρὸς
3385 3552 3549 3607 αὑτὸν
3591 3554 3773 3618 καλῶς
3835 3557 3863 3609 ό
3901 3556 4007 3626 τῆς

726 3649 1134 3721 Ἀλέξανδρείας
1192 3648 1461 3718 Κύρι).λος
1518 3649 1763 3703 ἀντεῖπε.
1831 3647 1941 3700 Καὶ
2002 3647 2161 3699 τοῦτό
2220 3664 2302 3699 σοι
2339 3645 2719 3699 ἀποδέδεικται
2752 3646 2917 3698 ἕωλον
2945 3646 3039 3699 καὶ
3073 3646 3249 3717 πάντη
3277 3646 3589 3718 ἀνίσχυρον.

781 3745 871 3799 2|.
913 3744 1206 3798 Videamus
1238 3758 1382 3799 nunc
1407 3743 1538 3812 quid
1586 3744 1701 3813 ipsc
1737 3744 1788 3797 iu
1838 3743 2306 3812 subsequentibus

714 3840 959 3893 scribas:
996 3854 1234 3907 namque
1267 3837 1535 3906 scriptum
1565 3846 1717 3890 tuum
1757 3836 1831 3889 ita
1856 3852 1915 3891 se
1948 3836 2111 3890 habet
2149 3852 2163 3888 :
2200 3834 2306 3889 Sed

715 3930 1017 3995 objicientes
1048 3928 1288 3982 dicamus
1317 3942 1383 3981 ex
1412 3927 1669 3996 oppositis
1703 3927 1895 3990 rerbis,
1920 3942 2039 3995 qua:
2086 3926 2188 3994 ipsi
2220 3925 2303 3977 di-

716 4031 861 4087 cunt,
921 4021 1369 4089 quemadmodum
1417 4018 1641 4088 legimus
1684 4018 1737 4071 in
1800 4016 2063 4087 epistola;
2097 4032 2218 4069 nam
2258 4016 2303 4069 si

718 4125 939 4166 naturas
1009 4122 1279 4181 separant,
1332 4122 1380 4165 et
1429 4125 1681 4180 personas
1757 4111 1999 4163 unientes
2061 4110 2302 4177 firmant,

716 4207 893 4259 mistio
938 4207 1194 4276 sequitur,
1245 4216 1293 4259 et
1348 4220 1632 4274 personam
1690 4202 1809 4270 ﬁeri
1867 4204 2108 4265 addecet,
2164 4203 2303 4271 quod

716 4298 1000 4367 Apostolus
1030 4313 1123 4365 pro
1151 4296 1356 4350 duabus
1382 4296 1619 4365 personis
1644 4292 1863 4356 scribat,
1901 4292 2007 4358 Qui
2050 4293 2105 4344 in
2131 4291 2305 4360 forma

715 4391 812 4444 Dei
847 4406 966 4443 cum
994 4399 1149 4452 esset,
1179 4389 1411 4458 formam
1437 4388 1574 4441 servi
1608 4386 1845 4455 accepit:
1872 4384 2101 4452 formam
2131 4382 2306 4451 itaque

715 4492 763 4535 et
810 4482 1040 4551 formam
1087 4482 1245 4537 dixit.
1301 4479 1462 4534 Nunc
1508 4479 1687 4549 itaque
1749 4491 2037 4546 quamnam
2097 4489 2162 4528 ex
2222 4474 2304 4526 Itis

2488 3740 2591 3795 κ;ι’.
2644 3740 2873 3812 Ἴδωμεν
2927 3741 2985 3795 δὲ
3037 3743 3235 3806 ἐντοῖς
3282 3744 3579 3814 μετέπειτα
3618 3745 3672 3797 τί
3719 3745 3958 3816 γράφεις
3988 3763 4002 3775 ·

2407 3832 2520 3903 ἔχει
2554 3833 2734 3887 δὲκαὶ
2780 3832 2842 3885 τδ
2894 3833 2985 3886 σὸν
3018 3833 3255 3904 γράμμα
3286 3833 3479 3898 οὓτως·
3532 3836 3685 3890 Ἀλλ’
3730 3836 4009 3892 ἀνθυπο-

2405 3928 2701 3996 φέροντες
2729 3927 3100 3995 λαλήσωμεν
3121 3928 3192 3981 ἐκ
3226 3928 3345 3981 τῶν
3371 3929 3666 3983 ἐναντίων
3689 3931 4005 3999 ῥημάτων,

2403 4014 2491 4074 ὧν
2520 4020 2690 4074 αὐτοὶ
2717 4020 2991 4090 λέγουσι,
3024 4021 3219 4087 καθὼς
3244 4020 3595 4090 ἀνέγνωμεν
3616 4022 3687 4074 ἐν
3712 4021 3790 4087 τῷ
3817 4024 4009 4092 γράμ-

2404 4129 2568 4182 ματι.
2613 4112 2748 4165 Ἐὰν
2766 4113 2878 4180 γὰρ
2908 4113 3013 4177 τὰς
3034 4113 3250 4180 φύσεις
3273 4111 3559 4181 χωρίζωσι
3589 4114 3687 4166 καὶ
3716 4116 3786 4167 τὰ
3812 4117 4009 4182 πρόσ-

2411 4218 2542 4257 ωπα
2605 4202 2891 4269 ὲνοῦγτες
2936 4202 3211 4273 λέγουσι,
3273 4202 3495 4271 κρᾶσιν
3562 4199 3716 4257 εἶναι
3757 4206 4005 4273 λείπετ’,

2409 4295 2508 4348 καὶ
2540 4295 2870 4363 πρόσωπον
2898 4294 3109 4363 πρέπει
3138 4296 3431 4365 τίνεσθαι,
3467 4295 3618 4349 διότι
3644 4296 3676 4349 ό
3719 4297 4006 4350 "Anderso-

2408 4390 2521 4453 ,1ος
2556 4386 2654 4439 διὰ
2680 4385 2789 4439 δύο
2829 4390 3121 4453 πρόσωπα
3150 4386 3382 4456 γράφει,
3411 4387 3499 4441 ὅτι
3529 4387 3813 4457 ὲνμορφῇ
3848 4390 4008 4443 Θεοῦ

2410 4474 2515 4540 ὢν,
2542 4476 2787 4546 μορφὴν
2833 4475 3062 4530 δούλου
3109 4475 3540 4546 προσελάϐετο.
3593 4475 3849 4545 Μορφὴν
3886 4474 4009 4531 οὖν

716 4574 924 4627 duabus
950 4584 1130 4627 antant
1155 4589 1377 4627 onerare
1396 4587 1695 4640 personam,
1716 4584 1873 4639 quam
1895 4568 2077 4620 dicunt
2095 4566 2303 4619 unam?

2412 4568 2513 4623 καὶ
2548 4567 2794 4638 μορφὴν
2822 4564 3011 4622 εἶπεν.
3050 4569 3291 4637 Ἀρτίως
3310 4563 3425 4624 οὖν
3448 4570 3625 4621 ποῖον
3644 4569 3713 4622 ἐκ
3742 4569 3861 4621 τῶν
3889 4570 4009 4624 δύο

718 4666 779 4720 Si
811 4665 1050 4725 deitatis,
1105 4662 1330 4717 Sabellii
1368 4678 1601 4716 errorem
1634 4662 1929 4723 incurrent,
1971 4658 2018 4710 si
2065 4658 2306 4711 humaui-

721 4758 870 4819 tutis,
900 4756 1024 4825 quid
1050 4755 1184 4807 illud
1220 4756 1402 4823 fuerit,
1442 4770 1545 4823 quo
1600 4766 1717 4807 rere
1751 4750 1805 4802 in
1839 4748 2014 4817 forma
2076 4748 2303 4803 hominis

718 4848 1004 4901 Dominum
1032 4846 1323 4901 videbant?
1348 4845 1447 4900 Hic
1474 4847 1756 4903 enimvero
1787 4849 2095 4903 orationem
2149 4859 2305 4900 com-

718 4940 877 5010 ponis
898 4939 1063 4993 veluti
1095 4955 1159 4992 ex
1210 4940 1457 4994 adversis
1512 4950 1704 4994 contra
1765 4956 1866 4996 nos
1928 4941 2303 5010 prolatam,et

718 5045 838 5094 nos,
867 5045 991 5083 cum
1028 5030 1313 5084 videamur
1352 5029 1489 5085 duas
1522 5030 1576 5083 in
1603 5030 1829 5086 Christo
1861 5041 2087 5085 naturas
2110 5043 2305 5083 unam-

716 5120 1177 5190 quqhypostasim
1205 5135 1479 5185 asserere,
1505 5122 1557 5175 in
1575 5122 1811 5177 absurda
1844 5136 2034 5193 rapere
2062 5120 2299 5184 conaris,

719 5221 778 5265 ut
831 5212 1041 5266 scilicet
1068 5228 1133 5267 ex
1178 5228 1244 5266 eo
1279 5214 1424 5282 quod
1462 5230 1561 5268 nos
1600 5214 1655 5267 in
1704 5214 2008 5269 absurdum
2063 5214 2299 5277 inducis,

718 5316 873 5360 Itium
900 5305 1075 5375 ipsius
1105 5306 1323 5375 dogma,
1364 5308 1527 5362 unius
1556 5322 1751 5377 nempe
1780 5315 1989 5362 natura:
2021 5307 2301 5362 Christum

718 5412 840 5452 esse
877 5398 1222 5467 comprobes.
1276 5396 1456 5463 Quare
1516 5398 1662 5468 quod
1710 5398 1974 5453 adversus
2036 5412 2137 5452 nos
2186 5413 2215 5451 a
2254 5406 2304 5450 te

720 5501 981 5560 tanquam
1036 5501 1243 5545 certum
1294 5491 1633 5556 decernitur,
1671 5491 1779 5545 tale
1833 5490 1964 5560 quid
2013 5498 2118 5554 est,
2175 5489 2302 5543 lieet

718 5583 917 5639 stolide
947 5583 1361 5652 exprOmpsisti,
1387 5580 1832 5653 quandoquidem
1886 5596 1993 5635 non
2037 5581 2175 5635 citra
2211 5597 2302 5635 er-

718 5691 898 5733 rorem
954 5682 1167 5729 natura:
1222 5686 1274 5731 et
1313 5676 1647 5746 hypostasis,
1707 5689 1955 5744 persona:
1978 5689 2172 5744 nempe
2199 5689 2301 5727 no.-

715 5785 860 5836 men,
890 5770 1048 5839 quasi
1100 5768 1243 5824 idem
1277 5769 1550 5839 signiticet
1587 5770 1639 5823 in
1684 5768 2007 5823 (economia:
2041 5768 2302 5839 mysterio

715 5862 957 5935 accipis:
993 5872 1047 5919 et
1074 5871 1210 5936 quot
1232 5871 1359 5918 sunt
1393 5871 1626 5931 naturae,
1655 5868 1734 5918 tot
1762 5861 1927 5918 etiam
1950 5861 2294 5933 hypostases,

2410 4660 2687 4733 ἀγαπῶσι
2716 4660 3019 4730 φορτῶσαι
3046 4661 3144 4713 ἐπὶ
3182 4660 3289 4715 τοῦ
3316 4660 3663 4730 προσώπου,
3688 4656 3758 4716 οὗ
3788 4661 4011 4730 λέγου-

2410 4772 2516 4809 σιν
2532 4754 2633 4818 ἓν;
2661 4754 2728 4807 ΕΖ
2745 4754 2863 4823 μὲν
2903 4752 3013 4822 τῆς
3042 4754 3344 4821 θεότητος,
3378 4752 3494 4821 τὴν
3530 4752 3637 4807 τοῦ
3664 4755 4009 4808 Σαόε.1.1ιόυ

2409 4844 2735 4901 ἀσθένειαν
2745 4845 3227 4911 ἁσθενήσουσιν·
3246 4848 3294 4899 ει
3310 4844 3378 4898 δὲ
3394 4845 3503 4912 τῆς
3519 4846 3866 4913 ἀνθρωπότη
3874 4863 4007 4911 τος,

2411 4941 2469 4994 τί
2496 4941 2671 4994 ἐστιν
2695 4938 2914 5003 ἐκεῖνο,
2936 4939 2967 4991 ὃ
2988 4938 3058 4993 ἐν
3083 4939 3336 5005 ἀληθείᾳ
3362 4939 3432 4991 ἐν
3447 4938 3653 5008 μορφῇ
3680 4938 4009 5005 ἀνθρώπου

2410 5032 2517 5085 τὸν
2535 5032 2755 5099 Κύριον
2782 5031 3081 5093 ἐϐλεπονς
3112 5029 3381 5083 Ἐνταῦθα
3407 5030 3506 5099 μὲν
3530 5028 3891 5099 σχηματίζεις
3912 5030 4010 5082 τὸν

2410 5123 2592 5193 λόγον,
2617 5123 2693 5186 ὡς
2725 5124 2789 5176 ἐκ
2818 5123 2926 5177 τῶν
2960 5122 3221 5177 ἐναντίων
3257 5121 3381 5175 καθ’
3418 5121 3577 5193 ἡμῶν
3620 5120 4009 5193 προϐαλλόμε-

2409 5234 2519 5279 νον,
2571 5216 2667 5270 καὶ
2701 5217 2850 5285 ἡμᾶς
2903 5217 2962 5268 ἐν
3018 5214 3096 5285 τῷ
3152 5214 3333 5267 δοκεῖν
3373 5214 3503 5276 τοὺς
3546 5212 3641 5266 δύο
3679 5213 3870 5280 φύσεις
3910 5214 4011 5263 ἐπὶ

2408 5308 2650 5379 Χριστοῦ
2681 5309 2960 5376 λέγοντας,
3009 5308 3106 5361 καὶ
3135 5306 3266 5377 μίαν
3309 5306 3633 5373 ὑπόστασιν,
3684 5306 3762 5367 εἰς
3794 5304 4008 5359 ἄτοπον

2417 5398 2810 5470 περιστρέφειν
2838 5437 2852 5460 ,
2905 5399 2992 5450 ἵνα
3031 5396 3193 5467 δῆθεν
3242 5397 3306 5449 ἐκ
3345 5394 3442 5448 τοῦ
3477 5396 3624 5465 ἡμᾶς
3678 5395 3757 5456 είς
3798 5394 4010 5447 ἄτοπον

2407 5494 2665 5559 ἀπάγειν,
2698 5492 2759 5544 τὸ
2782 5492 2983 5544 οξκεῖον
3014 5488 3183 5543 αὑτοῦ
3212 5488 3412 5558 δόγμα,
3451 5488 3511 5542 τδ
3544 5490 3672 5558 μιᾶς
3723 5484 3864 5539 εἶναι
3898 5489 4009 5554 φύ-

2410 5601 2550 5647 σεως
2590 5584 2680 5636 τὸν
2735 5574 2994 5652 Χριστὸν,
3046 5581 3540 5643 κατασκευάσειας.
3592 5580 3886 5648 Τοιγάρτοι
3945 5579 4011 5631 τὸ

2409 5674 2565 5746 παρά
2607 5673 2702 5727 σοῦ
2750 5672 3219 5745 δογματιζόμενον
3251 5671 3373 5726 καθ’
3414 5671 3573 5742 ἡμῶν
3615 5670 3733 5723 ἐστι
3767 5670 4009 5735 τοιόνδε,

2406 5770 2454 5821 εἰ
2478 5767 2572 5821 καὶ
2594 5768 2840 5838 ἀνοήτως
2877 5766 3009 5820 αὑτὸ
3036 5764 3385 5835 ἐξενήνοχας,
3418 5763 3607 5834 ἐπειδὴ
3636 5762 4010 5833 ἐσφαλμένως

2407 5860 2467 5915 τὸ
2502 5861 2601 5933 τῆς
2632 5860 2849 5931 φύσεως
2902 5859 2996 5914 καὶ
3045 5857 3422 5924 ὑποστάσεως,
3481 5857 3652 5928 ἦγουν
3698 5852 4009 5927 προσώπου
