  <div class='ocr_page' id='page_1' title='image "/cluster/home/n/w/nwhite01/storage/ocr_20150623/105/nnc1.0046980105/336.png"; bbox 0 0 4194 6432; ppageno 0'>
   <div class='ocr_carea' id='block_1_1' title="bbox 256 460 355 522">
    <p class='ocr_par' dir='ltr' id='par_1_1' title="bbox 256 460 355 522">
     <span class='ocr_line' id='line_1_1' title="bbox 256 460 355 522; baseline -0.01 0"><span class='ocrx_word' id='word_1_1' title='bbox 256 460 355 522; x_wconf 78' lang='lat'><strong>657</strong></span> 
     </span>
    </p>
   </div>
   <div class='ocr_carea' id='block_1_2' title="bbox 1115 451 2643 522">
    <p class='ocr_par' dir='ltr' id='par_1_2' title="bbox 1115 451 2643 522">
     <span class='ocr_line' id='line_1_2' title="bbox 1115 451 2643 522; baseline -0.005 -3"><span class='ocrx_word' id='word_1_2' title='bbox 1115 458 1548 522; x_wconf 79' lang='lat' dir='ltr'><strong>REFUTATIO</strong></span> <span class='ocrx_word' id='word_1_3' title='bbox 1576 456 1954 519; x_wconf 65' lang='lat' dir='ltr'><strong>EPISTOLIE</strong></span> <span class='ocrx_word' id='word_1_4' title='bbox 1994 456 2219 515; x_wconf 79' lang='lat' dir='ltr'><strong>REGIS</strong></span> <span class='ocrx_word' id='word_1_5' title='bbox 2261 451 2643 513; x_wconf 74' lang='lat' dir='ltr'><strong>ARMENLE.</strong></span> 
     </span>
    </p>
   </div>
   <div class='ocr_carea' id='block_1_3' title="bbox 3396 453 3501 517">
    <p class='ocr_par' dir='ltr' id='par_1_3' title="bbox 3396 453 3501 517">
     <span class='ocr_line' id='line_1_3' title="bbox 3396 453 3501 517; baseline 0.029 -3"><span class='ocrx_word' id='word_1_6' title='bbox 3396 453 3501 517; x_wconf 84' lang='lat'><strong>658</strong></span> 
     </span>
    </p>
   </div>
   <div class='ocr_carea' id='block_1_4' title="bbox 256 560 1832 643">
    <p class='ocr_par' dir='ltr' id='par_1_4' title="bbox 256 568 1832 643">
     <span class='ocr_line' id='line_1_4' title="bbox 256 568 1832 643; baseline -0.004 -17"><span class='ocrx_word' id='word_1_7' title='bbox 256 574 423 643; x_wconf 62' lang='grc' dir='ltr'><strong>ὄνομα</strong></span> <span class='ocrx_word' id='word_1_8' title='bbox 456 571 652 626; x_wconf 79' lang='grc' dir='ltr'><strong>ταυτὸν</strong></span> <span class='ocrx_word' id='word_1_9' title='bbox 680 568 875 640; x_wconf 70' lang='grc' dir='ltr'>δηλοῦν</span> <span class='ocrx_word' id='word_1_10' title='bbox 903 568 998 623; x_wconf 74' lang='grc' dir='ltr'><strong>ἐπὶ</strong></span> <span class='ocrx_word' id='word_1_11' title='bbox 1027 569 1127 640; x_wconf 79' lang='grc' dir='ltr'><strong>τῆς</strong></span> <span class='ocrx_word' id='word_1_12' title='bbox 1153 569 1470 640; x_wconf 74' lang='grc' dir='ltr'><strong>οἰκονομίας</strong></span> <span class='ocrx_word' id='word_1_13' title='bbox 1498 571 1709 639; x_wconf 79' lang='grc' dir='ltr'><strong>ἐπινοῇ,</strong></span> <span class='ocrx_word' id='word_1_14' title='bbox 1736 568 1832 621; x_wconf 72' lang='grc' dir='ltr'>καὶ</span> 
     </span>
    </p>
   </div>
   <div class='ocr_carea' id='block_1_5' title="bbox 1934 560 3500 643">
    <p class='ocr_par' dir='ltr' id='par_1_5' title="bbox 1937 560 3500 635">
     <span class='ocr_line' id='line_1_5' title="bbox 1937 560 3500 635; baseline -0.002 -15"><span class='ocrx_word' id='word_1_15' title='bbox 1937 566 2014 620; x_wconf 91' lang='lat' dir='ltr'><strong>vel</strong></span> <span class='ocrx_word' id='word_1_16' title='bbox 2039 579 2302 635; x_wconf 79' lang='lat' dir='ltr'><strong>personas</strong></span> <span class='ocrx_word' id='word_1_17' title='bbox 2340 563 2520 617; x_wconf 87' lang='lat' dir='ltr'><strong>induci</strong></span> <span class='ocrx_word' id='word_1_18' title='bbox 2557 560 2835 627; x_wconf 83' lang='lat' dir='ltr'><strong>concedis,</strong></span> <span class='ocrx_word' id='word_1_19' title='bbox 2881 570 2935 615; x_wconf 88' lang='lat' dir='ltr'><strong>et</strong></span> <span class='ocrx_word' id='word_1_20' title='bbox 2969 575 3093 614; x_wconf 81' lang='lat' dir='ltr'><strong>eum</strong></span> <span class='ocrx_word' id='word_1_21' title='bbox 3128 574 3232 615; x_wconf 93' lang='lat' dir='ltr'><strong>nos</strong></span> <span class='ocrx_word' id='word_1_22' title='bbox 3272 560 3408 615; x_wconf 89' lang='lat' dir='ltr'><strong>duas</strong></span> <span class='ocrx_word' id='word_1_23' title='bbox 3446 564 3500 617; x_wconf 91' lang='lat' dir='ltr'><strong>iu</strong></span> 
     </span>
    </p>
   </div>
   <div class='ocr_carea' id='block_1_6' title="bbox 255 661 1827 733">
    <p class='ocr_par' dir='ltr' id='par_1_6' title="bbox 255 661 1827 733">
     <span class='ocr_line' id='line_1_6' title="bbox 255 661 1827 733; baseline -0.004 -16"><span class='ocrx_word' id='word_1_24' title='bbox 255 666 371 717; x_wconf 78' lang='grc' dir='ltr'><strong>ὅσαι</strong></span> <span class='ocrx_word' id='word_1_25' title='bbox 412 664 512 733; x_wconf 77' lang='grc' dir='ltr'><strong>μὲν</strong></span> <span class='ocrx_word' id='word_1_26' title='bbox 563 663 621 715; x_wconf 76' lang='grc' dir='ltr'><strong>αἱ</strong></span> <span class='ocrx_word' id='word_1_27' title='bbox 650 663 864 731; x_wconf 78' lang='grc' dir='ltr'><strong>φύσεις,</strong></span> <span class='ocrx_word' id='word_1_28' title='bbox 916 661 1179 725; x_wconf 78' lang='grc' dir='ltr'><strong>τοσαύτας</strong></span> <span class='ocrx_word' id='word_1_29' title='bbox 1216 664 1312 715; x_wconf 81' lang='grc' dir='ltr'><strong>καὶ</strong></span> <span class='ocrx_word' id='word_1_30' title='bbox 1348 664 1445 725; x_wconf 76' lang='grc' dir='ltr'><strong>τὰς</strong></span> <span class='ocrx_word' id='word_1_31' title='bbox 1481 663 1827 725; x_wconf 77' lang='grc' dir='ltr'><strong>ὑποστάσεις,</strong></span> 
     </span>
    </p>
   </div>
   <div class='ocr_carea' id='block_1_7' title="bbox 256 754 1829 826">
    <p class='ocr_par' dir='ltr' id='par_1_7' title="bbox 256 754 1829 826">
     <span class='ocr_line' id='line_1_7' title="bbox 256 754 1829 826; baseline -0.003 -17"><span class='ocrx_word' id='word_1_32' title='bbox 256 758 420 825; x_wconf 79' lang='grc' dir='ltr'>ῆγουν</span> <span class='ocrx_word' id='word_1_33' title='bbox 456 755 726 826; x_wconf 86' lang='grc' dir='ltr'><strong>πρόσωπα</strong></span> <span class='ocrx_word' id='word_1_34' title='bbox 750 754 1166 821; x_wconf 73' lang='grc' dir='ltr'><strong>συνεισάγεσθαι</strong></span> <span class='ocrx_word' id='word_1_35' title='bbox 1187 755 1367 818; x_wconf 83' lang='grc' dir='ltr'>δίδως,</span> <span class='ocrx_word' id='word_1_36' title='bbox 1392 755 1553 824; x_wconf 78' lang='grc' dir='ltr'>ἡνίκα</span> <span class='ocrx_word' id='word_1_37' title='bbox 1577 755 1644 807; x_wconf 81' lang='grc' dir='ltr'><strong>ἂν</strong></span> <span class='ocrx_word' id='word_1_38' title='bbox 1670 754 1829 822; x_wconf 78' lang='grc' dir='ltr'>ἡμεῖς</span> 
     </span>
    </p>
   </div>
   <div class='ocr_carea' id='block_1_8' title="bbox 256 842 1827 917">
    <p class='ocr_par' dir='ltr' id='par_1_8' title="bbox 256 842 1827 917">
     <span class='ocr_line' id='line_1_8' title="bbox 256 842 1827 917; baseline -0.001 -18"><span class='ocrx_word' id='word_1_39' title='bbox 256 848 346 899; x_wconf 88' lang='grc' dir='ltr'><strong>δύο</strong></span> <span class='ocrx_word' id='word_1_40' title='bbox 393 847 583 915; x_wconf 84' lang='grc' dir='ltr'><strong>φύσεις</strong></span> <span class='ocrx_word' id='word_1_41' title='bbox 615 845 710 898; x_wconf 75' lang='grc' dir='ltr'><strong>ἐπὶ</strong></span> <span class='ocrx_word' id='word_1_42' title='bbox 756 844 995 917; x_wconf 79' lang='grc' dir='ltr'><strong>Χριστοῦ</strong></span> <span class='ocrx_word' id='word_1_43' title='bbox 1029 846 1123 897; x_wconf 77' lang='grc' dir='ltr'><strong>καὶ</strong></span> <span class='ocrx_word' id='word_1_44' title='bbox 1171 846 1300 915; x_wconf 90' lang='grc' dir='ltr'><strong>μίαν</strong></span> <span class='ocrx_word' id='word_1_45' title='bbox 1329 847 1625 899; x_wconf 77' lang='grc' dir='ltr'><strong>ὑπόστασιν</strong></span> <span class='ocrx_word' id='word_1_46' title='bbox 1660 842 1827 897; x_wconf 78' lang='grc' dir='ltr'><strong>εῖπωο</strong></span> 
     </span>
    </p>
   </div>
   <div class='ocr_carea' id='block_1_9' title="bbox 260 937 1827 1008">
    <p class='ocr_par' dir='ltr' id='par_1_9' title="bbox 260 937 1827 1008">
     <span class='ocr_line' id='line_1_9' title="bbox 260 937 1827 1008; baseline 0 -17"><span class='ocrx_word' id='word_1_47' title='bbox 260 956 379 1008; x_wconf 90' lang='grc' dir='ltr'><strong>μεν,</strong></span> <span class='ocrx_word' id='word_1_48' title='bbox 412 938 727 1008; x_wconf 79' lang='grc' dir='ltr'><strong>παραυτίκα</strong></span> <span class='ocrx_word' id='word_1_49' title='bbox 758 938 1014 1004; x_wconf 78' lang='grc' dir='ltr'><strong>συνάγεις</strong></span> <span class='ocrx_word' id='word_1_50' title='bbox 1065 938 1205 991; x_wconf 80' lang='grc' dir='ltr'><strong>κατά</strong></span> <span class='ocrx_word' id='word_1_51' title='bbox 1235 940 1437 990; x_wconf 84' lang='grc' dir='ltr'>οἰκεῖον</span> <span class='ocrx_word' id='word_1_52' title='bbox 1475 937 1711 1007; x_wconf 82' lang='grc' dir='ltr'>θέλημα,</span> <span class='ocrx_word' id='word_1_53' title='bbox 1742 939 1827 991; x_wconf 84' lang='grc' dir='ltr'><strong>ὅτι</strong></span> 
     </span>
    </p>
   </div>
   <div class='ocr_carea' id='block_1_10' title="bbox 258 1029 1825 1100">
    <p class='ocr_par' dir='ltr' id='par_1_10' title="bbox 258 1029 1825 1100">
     <span class='ocr_line' id='line_1_10' title="bbox 258 1029 1825 1100; baseline -0.001 -17"><span class='ocrx_word' id='word_1_54' title='bbox 258 1032 495 1100; x_wconf 74' lang='grc' dir='ltr'>ἀνάγκη,</span> <span class='ocrx_word' id='word_1_55' title='bbox 523 1033 721 1100; x_wconf 79' lang='grc' dir='ltr'><strong>κρᾶσιν</strong></span> <span class='ocrx_word' id='word_1_56' title='bbox 749 1029 1035 1098; x_wconf 74' lang='grc' dir='ltr'><strong>συμϐαίνει</strong></span> <span class='ocrx_word' id='word_1_57' title='bbox 1062 1029 1312 1097; x_wconf 87' lang='grc' dir='ltr'>γίνεσθαι</span> <span class='ocrx_word' id='word_1_58' title='bbox 1356 1031 1469 1092; x_wconf 82' lang='grc' dir='ltr'><strong>τοῖς</strong></span> <span class='ocrx_word' id='word_1_59' title='bbox 1492 1029 1825 1099; x_wconf 79' lang='grc' dir='ltr'><strong>προσώποις·</strong></span> 
     </span>
    </p>
   </div>
   <div class='ocr_carea' id='block_1_11' title="bbox 258 1120 1831 1189">
    <p class='ocr_par' dir='ltr' id='par_1_11' title="bbox 258 1120 1831 1189">
     <span class='ocr_line' id='line_1_11' title="bbox 258 1120 1831 1189; baseline -0.001 -16"><span class='ocrx_word' id='word_1_60' title='bbox 258 1125 304 1173; x_wconf 85' lang='grc' dir='ltr'><strong>εἰ</strong></span> <span class='ocrx_word' id='word_1_61' title='bbox 333 1122 393 1173; x_wconf 76' lang='grc' dir='ltr'><strong>δὲ</strong></span> <span class='ocrx_word' id='word_1_62' title='bbox 429 1122 588 1175; x_wconf 82' lang='grc' dir='ltr'><strong>τοῦτο</strong></span> <span class='ocrx_word' id='word_1_63' title='bbox 618 1122 822 1175; x_wconf 77' lang='grc' dir='ltr'><strong>ἄτοπον</strong></span> <span class='ocrx_word' id='word_1_64' title='bbox 872 1122 933 1174; x_wconf 86' lang='grc' dir='ltr'><strong>τὸ</strong></span> <span class='ocrx_word' id='word_1_65' title='bbox 980 1122 1183 1188; x_wconf 78' lang='grc' dir='ltr'><strong>λέγειν,</strong></span> <span class='ocrx_word' id='word_1_66' title='bbox 1228 1123 1425 1189; x_wconf 78' lang='grc' dir='ltr'><strong>κρᾶσιν</strong></span> <span class='ocrx_word' id='word_1_67' title='bbox 1446 1121 1692 1188; x_wconf 88' lang='grc' dir='ltr'><strong>γίνεσθαι</strong></span> <span class='ocrx_word' id='word_1_68' title='bbox 1722 1120 1831 1173; x_wconf 82' lang='grc' dir='ltr'><strong>τῶν</strong></span> 
     </span>
    </p>
   </div>
   <div class='ocr_carea' id='block_1_12' title="bbox 256 1213 1830 1284">
    <p class='ocr_par' dir='ltr' id='par_1_12' title="bbox 256 1213 1830 1284">
     <span class='ocr_line' id='line_1_12' title="bbox 256 1213 1830 1284; baseline 0 -19"><span class='ocrx_word' id='word_1_69' title='bbox 256 1214 586 1283; x_wconf 81' lang='grc' dir='ltr'><strong>προσώπων,</strong></span> <span class='ocrx_word' id='word_1_70' title='bbox 623 1214 835 1284; x_wconf 80' lang='grc' dir='ltr'>ἀνάγκη</span> <span class='ocrx_word' id='word_1_71' title='bbox 871 1217 997 1283; x_wconf 78' lang='grc' dir='ltr'>μιᾶς</span> <span class='ocrx_word' id='word_1_72' title='bbox 1044 1213 1397 1275; x_wconf 77' lang='grc' dir='ltr'><strong>ὑποστάσεως</strong></span> <span class='ocrx_word' id='word_1_73' title='bbox 1427 1214 1578 1279; x_wconf 79' lang='grc' dir='ltr'><strong>ὅντα,</strong></span> <span class='ocrx_word' id='word_1_74' title='bbox 1614 1213 1830 1282; x_wconf 79' lang='grc' dir='ltr'><strong>ἀνάγκη</strong></span> 
     </span>
    </p>
   </div>
   <div class='ocr_carea' id='block_1_13' title="bbox 257 1302 1829 1374">
    <p class='ocr_par' dir='ltr' id='par_1_13' title="bbox 257 1302 1829 1374">
     <span class='ocr_line' id='line_1_13' title="bbox 257 1302 1829 1374; baseline -0.004 -14"><span class='ocrx_word' id='word_1_75' title='bbox 257 1308 348 1360; x_wconf 80' lang='grc' dir='ltr'>καὶ</span> <span class='ocrx_word' id='word_1_76' title='bbox 384 1308 510 1374; x_wconf 73' lang='grc' dir='ltr'>μιᾶς</span> <span class='ocrx_word' id='word_1_77' title='bbox 545 1305 783 1373; x_wconf 83' lang='grc' dir='ltr'><strong>φύσεως.</strong></span> <span class='ocrx_word' id='word_1_78' title='bbox 817 1307 879 1357; x_wconf 83' lang='grc' dir='ltr'><strong>Ὢ</strong></span> <span class='ocrx_word' id='word_1_79' title='bbox 904 1304 1000 1372; x_wconf 82' lang='grc' dir='ltr'><strong>τῆς</strong></span> <span class='ocrx_word' id='word_1_80' title='bbox 1028 1304 1268 1374; x_wconf 78' lang='grc' dir='ltr'>ἀμαθίας</span> <span class='ocrx_word' id='word_1_81' title='bbox 1301 1303 1410 1356; x_wconf 82' lang='grc' dir='ltr'><strong>τῶν</strong></span> <span class='ocrx_word' id='word_1_82' title='bbox 1442 1304 1615 1356; x_wconf 81' lang='grc' dir='ltr'><strong>ταῦτα</strong></span> <span class='ocrx_word' id='word_1_83' title='bbox 1644 1302 1829 1369; x_wconf 79' lang='grc' dir='ltr'>λεγόν-</span> 
     </span>
    </p>
   </div>
   <div class='ocr_carea' id='block_1_14' title="bbox 258 1386 1833 1463">
    <p class='ocr_par' dir='ltr' id='par_1_14' title="bbox 258 1386 1833 1463">
     <span class='ocr_line' id='line_1_14' title="bbox 258 1386 1833 1463; baseline -0.003 -15"><span class='ocrx_word' id='word_1_84' title='bbox 258 1397 391 1448; x_wconf 70' lang='grc' dir='ltr'><strong>τωνί</strong></span> <span class='ocrx_word' id='word_1_85' title='bbox 416 1395 552 1448; x_wconf 74' lang='grc' dir='ltr'><strong>Οὐδὲ</strong></span> <span class='ocrx_word' id='word_1_86' title='bbox 584 1396 692 1463; x_wconf 80' lang='grc' dir='ltr'><strong>γὰρ</strong></span> <span class='ocrx_word' id='word_1_87' title='bbox 725 1393 962 1463; x_wconf 83' lang='grc' dir='ltr'>συνῆκαν</span> <span class='ocrx_word' id='word_1_88' title='bbox 986 1395 1114 1463; x_wconf 64' lang='grc' dir='ltr'><strong>περὶ⁵</strong></span> <span class='ocrx_word' id='word_1_89' title='bbox 1140 1386 1213 1445; x_wconf 82' lang='grc' dir='ltr'><strong>ὧν</strong></span> <span class='ocrx_word' id='word_1_90' title='bbox 1242 1409 1301 1444; x_wconf 89' lang='grc' dir='ltr'><strong>τε</strong></span> <span class='ocrx_word' id='word_1_91' title='bbox 1324 1392 1564 1460; x_wconf 84' lang='grc' dir='ltr'><strong>λέγουσι,</strong></span> <span class='ocrx_word' id='word_1_92' title='bbox 1592 1391 1833 1461; x_wconf 71' lang='grc' dir='ltr'><strong>καὶπερὶ</strong></span> 
     </span>
    </p>
   </div>
   <div class='ocr_carea' id='block_1_15' title="bbox 259 1484 1829 1555">
    <p class='ocr_par' dir='ltr' id='par_1_15' title="bbox 259 1484 1829 1555">
     <span class='ocr_line' id='line_1_15' title="bbox 259 1484 1829 1555; baseline -0.003 -16"><span class='ocrx_word' id='word_1_93' title='bbox 259 1488 416 1539; x_wconf 81' lang='grc' dir='ltr'>τίνων</span> <span class='ocrx_word' id='word_1_94' title='bbox 446 1487 909 1543; x_wconf 76' lang='grc' dir='ltr'><strong>διαϐεϐαιοῦνται.</strong></span> <span class='ocrx_word' id='word_1_95' title='bbox 963 1486 1057 1547; x_wconf 86' lang='grc' dir='ltr'>Τίς</span> <span class='ocrx_word' id='word_1_96' title='bbox 1084 1486 1193 1555; x_wconf 74' lang='grc' dir='ltr'><strong>γὰρ</strong></span> <span class='ocrx_word' id='word_1_97' title='bbox 1236 1485 1342 1537; x_wconf 85' lang='grc' dir='ltr'><strong>τῶν</strong></span> <span class='ocrx_word' id='word_1_98' title='bbox 1378 1484 1438 1537; x_wconf 84' lang='grc' dir='ltr'>εὖ</span> <span class='ocrx_word' id='word_1_99' title='bbox 1469 1484 1829 1554; x_wconf 62' lang='grc' dir='ltr'><strong>φρονούντων,</strong></span> 
     </span>
    </p>
   </div>
   <div class='ocr_carea' id='block_1_16' title="bbox 257 1567 1831 1647">
    <p class='ocr_par' dir='ltr' id='par_1_16' title="bbox 257 1567 1831 1647">
     <span class='ocr_line' id='line_1_16' title="bbox 257 1567 1831 1647; baseline -0.001 -20"><span class='ocrx_word' id='word_1_100' title='bbox 257 1578 313 1628; x_wconf 80' lang='grc' dir='ltr'><strong>τὸ</strong></span> <span class='ocrx_word' id='word_1_101' title='bbox 342 1577 542 1639; x_wconf 72' lang='grc' dir='ltr'><strong>κοινὸν,</strong></span> <span class='ocrx_word' id='word_1_102' title='bbox 583 1578 700 1647; x_wconf 70' lang='grc' dir='ltr'><strong>ἦτοι</strong></span> <span class='ocrx_word' id='word_1_103' title='bbox 728 1576 788 1627; x_wconf 86' lang='grc' dir='ltr'><strong>τὸ</strong></span> <span class='ocrx_word' id='word_1_104' title='bbox 829 1573 1058 1628; x_wconf 80' lang='grc' dir='ltr'><strong>καθόλου</strong></span> <span class='ocrx_word' id='word_1_105' title='bbox 1090 1572 1285 1626; x_wconf 78' lang='grc' dir='ltr'><strong>ταυτὸν</strong></span> <span class='ocrx_word' id='word_1_106' title='bbox 1334 1573 1560 1643; x_wconf 79' lang='grc' dir='ltr'><strong>φήσειεν</strong></span> <span class='ocrx_word' id='word_1_107' title='bbox 1590 1572 1655 1625; x_wconf 85' lang='grc' dir='ltr'><strong>ἂν</strong></span> <span class='ocrx_word' id='word_1_108' title='bbox 1691 1567 1831 1625; x_wconf 83' lang='grc' dir='ltr'><strong>εἶναι</strong></span> 
     </span>
    </p>
   </div>
   <div class='ocr_carea' id='block_1_17' title="bbox 259 1664 1825 1738">
    <p class='ocr_par' dir='ltr' id='par_1_17' title="bbox 259 1664 1825 1738">
     <span class='ocr_line' id='line_1_17' title="bbox 259 1664 1825 1738; baseline -0.001 -19"><span class='ocrx_word' id='word_1_109' title='bbox 259 1668 329 1737; x_wconf 80' lang='grc' dir='ltr'><strong>τῷ</strong></span> <span class='ocrx_word' id='word_1_110' title='bbox 359 1668 534 1738; x_wconf 81' lang='grc' dir='ltr'><strong>ίδικῷ,</strong></span> <span class='ocrx_word' id='word_1_111' title='bbox 560 1669 728 1737; x_wconf 73' lang='grc' dir='ltr'>ἡγουν</span> <span class='ocrx_word' id='word_1_112' title='bbox 757 1666 833 1736; x_wconf 80' lang='grc' dir='ltr'><strong>τῷ</strong></span> <span class='ocrx_word' id='word_1_113' title='bbox 850 1666 1185 1729; x_wconf 79' lang='grc' dir='ltr'><strong>καθέκαστα,</strong></span> <span class='ocrx_word' id='word_1_114' title='bbox 1210 1666 1347 1734; x_wconf 80' lang='grc' dir='ltr'><strong>ὅπερ</strong></span> <span class='ocrx_word' id='word_1_115' title='bbox 1373 1666 1488 1718; x_wconf 74' lang='grc' dir='ltr'>ἐστὶ</span> <span class='ocrx_word' id='word_1_116' title='bbox 1511 1664 1825 1734; x_wconf 80' lang='grc' dir='ltr'><strong>πρόσωπον,</strong></span> 
     </span>
    </p>
   </div>
   <div class='ocr_carea' id='block_1_18' title="bbox 260 1755 1829 1827">
    <p class='ocr_par' dir='ltr' id='par_1_18' title="bbox 260 1755 1829 1827">
     <span class='ocr_line' id='line_1_18' title="bbox 260 1755 1829 1827; baseline 0.001 -18"><span class='ocrx_word' id='word_1_117' title='bbox 260 1759 289 1826; x_wconf 76' lang='grc' dir='ltr'>ἦ</span> <span class='ocrx_word' id='word_1_118' title='bbox 324 1758 626 1819; x_wconf 77' lang='grc' dir='ltr'><strong>ὑπόστασις</strong></span> <span class='ocrx_word' id='word_1_119' title='bbox 653 1776 667 1823; x_wconf 88' lang='grc'><strong>;</strong></span> <span class='ocrx_word' id='word_1_120' title='bbox 701 1758 774 1809; x_wconf 83' lang='grc' dir='ltr'>Τὸ</span> <span class='ocrx_word' id='word_1_121' title='bbox 808 1756 908 1827; x_wconf 85' lang='grc' dir='ltr'><strong>μὲν</strong></span> <span class='ocrx_word' id='word_1_122' title='bbox 938 1756 1047 1823; x_wconf 75' lang='grc' dir='ltr'><strong>γὰρ</strong></span> <span class='ocrx_word' id='word_1_123' title='bbox 1081 1756 1223 1809; x_wconf 84' lang='grc' dir='ltr'><strong>κατὰ</strong></span> <span class='ocrx_word' id='word_1_124' title='bbox 1253 1756 1516 1809; x_wconf 86' lang='grc' dir='ltr'><strong>πλειόνων</strong></span> <span class='ocrx_word' id='word_1_125' title='bbox 1544 1755 1701 1809; x_wconf 81' lang='grc' dir='ltr'>εἴωθε</span> <span class='ocrx_word' id='word_1_126' title='bbox 1734 1758 1829 1825; x_wconf 73' lang='grc' dir='ltr'><strong>φέ-</strong></span> 
     </span>
    </p>
   </div>
   <div class='ocr_carea' id='block_1_19' title="bbox 260 1846 1825 1918">
    <p class='ocr_par' dir='ltr' id='par_1_19' title="bbox 260 1846 1825 1918">
     <span class='ocr_line' id='line_1_19' title="bbox 260 1846 1825 1918; baseline 0.001 -20"><span class='ocrx_word' id='word_1_127' title='bbox 260 1848 468 1918; x_wconf 85' lang='grc' dir='ltr'><strong>ρεσθαι,</strong></span> <span class='ocrx_word' id='word_1_128' title='bbox 502 1846 611 1901; x_wconf 79' lang='grc' dir='ltr'><strong>οἷον</strong></span> <span class='ocrx_word' id='word_1_129' title='bbox 656 1850 683 1900; x_wconf 89' lang='grc' dir='ltr'>ὁ</span> <span class='ocrx_word' id='word_1_130' title='bbox 728 1849 1013 1917; x_wconf 81' lang='grc' dir='ltr'><strong>ἄνθρωπος</strong></span> <span class='ocrx_word' id='word_1_131' title='bbox 1049 1851 1188 1900; x_wconf 79' lang='grc' dir='ltr'><strong>κατά</strong></span> <span class='ocrx_word' id='word_1_132' title='bbox 1227 1848 1435 1914; x_wconf 79' lang='grc' dir='ltr'><strong>Πέτρου</strong></span> <span class='ocrx_word' id='word_1_133' title='bbox 1468 1848 1561 1901; x_wconf 72' lang='grc' dir='ltr'>καὶ</span> <span class='ocrx_word' id='word_1_134' title='bbox 1591 1848 1825 1911; x_wconf 79' lang='grc' dir='ltr'>Παύλου,</span> 
     </span>
    </p>
   </div>
   <div class='ocr_carea' id='block_1_20' title="bbox 1930 651 3503 721">
    <p class='ocr_par' dir='ltr' id='par_1_20' title="bbox 1930 651 3503 721">
     <span class='ocr_line' id='line_1_20' title="bbox 1930 651 3503 721; baseline -0.003 -11"><span class='ocrx_word' id='word_1_135' title='bbox 1930 657 2150 712; x_wconf 72' lang='lat' dir='ltr'><strong>(lbi-isto</strong></span> <span class='ocrx_word' id='word_1_136' title='bbox 2212 664 2431 707; x_wconf 87' lang='lat' dir='ltr'><strong>naturas</strong></span> <span class='ocrx_word' id='word_1_137' title='bbox 2470 662 2525 709; x_wconf 87' lang='lat' dir='ltr'><strong>et</strong></span> <span class='ocrx_word' id='word_1_138' title='bbox 2580 666 2742 705; x_wconf 89' lang='lat' dir='ltr'><strong>unam</strong></span> <span class='ocrx_word' id='word_1_139' title='bbox 2789 652 3119 721; x_wconf 85' lang='lat' dir='ltr'><strong>bypostasim</strong></span> <span class='ocrx_word' id='word_1_140' title='bbox 3179 651 3503 715; x_wconf 88' lang='lat' dir='ltr'><strong>asserimus,</strong></span> 
     </span>
    </p>
   </div>
   <div class='ocr_carea' id='block_1_21' title="bbox 1932 743 3506 815">
    <p class='ocr_par' dir='ltr' id='par_1_21' title="bbox 1932 743 3506 815">
     <span class='ocr_line' id='line_1_21' title="bbox 1932 743 3506 815; baseline -0.003 -13"><span class='ocrx_word' id='word_1_141' title='bbox 1932 750 2077 803; x_wconf 86' lang='lat' dir='ltr'><strong>illico</strong></span> <span class='ocrx_word' id='word_1_142' title='bbox 2106 756 2160 801; x_wconf 91' lang='lat' dir='ltr'><strong>tu</strong></span> <span class='ocrx_word' id='word_1_143' title='bbox 2196 762 2291 815; x_wconf 91' lang='lat' dir='ltr'><strong>pro</strong></span> <span class='ocrx_word' id='word_1_144' title='bbox 2324 746 2547 800; x_wconf 84' lang='lat' dir='ltr'><strong>libidine</strong></span> <span class='ocrx_word' id='word_1_145' title='bbox 2582 744 2812 814; x_wconf 81' lang='lat' dir='ltr'><strong>colligis,</strong></span> <span class='ocrx_word' id='word_1_146' title='bbox 2848 759 3070 800; x_wconf 90' lang='lat' dir='ltr'><strong>necesse</strong></span> <span class='ocrx_word' id='word_1_147' title='bbox 3118 759 3262 809; x_wconf 81' lang='lat' dir='ltr'><strong>esse,</strong></span> <span class='ocrx_word' id='word_1_148' title='bbox 3293 743 3506 798; x_wconf 82' lang='lat' dir='ltr'><strong>mistio-</strong></span> 
     </span>
    </p>
   </div>
   <div class='ocr_carea' id='block_1_22' title="bbox 1930 834 3505 907">
    <p class='ocr_par' dir='ltr' id='par_1_22' title="bbox 1930 834 3505 907">
     <span class='ocr_line' id='line_1_22' title="bbox 1930 834 3505 907; baseline -0.002 -15"><span class='ocrx_word' id='word_1_149' title='bbox 1930 853 2052 892; x_wconf 89' lang='lat' dir='ltr'><strong>nem</strong></span> <span class='ocrx_word' id='word_1_150' title='bbox 2092 836 2205 892; x_wconf 87' lang='lat' dir='ltr'><strong>ﬁeri</strong></span> <span class='ocrx_word' id='word_1_151' title='bbox 2228 852 2603 907; x_wconf 86' lang='lat' dir='ltr'><strong>personarum,</strong></span> <span class='ocrx_word' id='word_1_152' title='bbox 2631 835 2775 905; x_wconf 91' lang='lat' dir='ltr'><strong>quod</strong></span> <span class='ocrx_word' id='word_1_153' title='bbox 2816 834 2860 890; x_wconf 82' lang='lat' dir='ltr'><strong>si</strong></span> <span class='ocrx_word' id='word_1_154' title='bbox 2914 834 2966 889; x_wconf 88' lang='lat' dir='ltr'><strong>id</strong></span> <span class='ocrx_word' id='word_1_155' title='bbox 3001 836 3181 889; x_wconf 85' lang='lat' dir='ltr'><strong>dicere</strong></span> <span class='ocrx_word' id='word_1_156' title='bbox 3209 835 3505 890; x_wconf 88' lang='lat' dir='ltr'><strong>absurdum</strong></span> 
     </span>
    </p>
   </div>
   <div class='ocr_carea' id='block_1_23' title="bbox 1931 928 3507 999">
    <p class='ocr_par' dir='ltr' id='par_1_23' title="bbox 1931 928 3507 999">
     <span class='ocr_line' id='line_1_23' title="bbox 1931 928 3507 999; baseline 0.001 -16"><span class='ocrx_word' id='word_1_157' title='bbox 1931 930 2282 999; x_wconf 89' lang='lat' dir='ltr'><strong>ineptumque</strong></span> <span class='ocrx_word' id='word_1_158' title='bbox 2334 935 2436 993; x_wconf 89' lang='lat' dir='ltr'><strong>est,</strong></span> <span class='ocrx_word' id='word_1_159' title='bbox 2478 928 2783 983; x_wconf 88' lang='lat' dir='ltr'><strong>mistionem</strong></span> <span class='ocrx_word' id='word_1_160' title='bbox 2841 942 3207 998; x_wconf 89' lang='lat' dir='ltr'><strong>personarum</strong></span> <span class='ocrx_word' id='word_1_161' title='bbox 3259 930 3376 984; x_wconf 80' lang='lat' dir='ltr'><strong>ﬁeri</strong></span> <span class='ocrx_word' id='word_1_162' title='bbox 3410 946 3507 984; x_wconf 87' lang='lat' dir='ltr'><strong>ne-</strong></span> 
     </span>
    </p>
   </div>
   <div class='ocr_carea' id='block_1_24' title="bbox 1932 1019 3506 1090">
    <p class='ocr_par' dir='ltr' id='par_1_24' title="bbox 1932 1019 3506 1090">
     <span class='ocr_line' id='line_1_24' title="bbox 1932 1019 3506 1090; baseline -0.001 -14"><span class='ocrx_word' id='word_1_163' title='bbox 1932 1036 2084 1076; x_wconf 89' lang='lat' dir='ltr'><strong>cesse</strong></span> <span class='ocrx_word' id='word_1_164' title='bbox 2112 1038 2254 1085; x_wconf 86' lang='lat' dir='ltr'><strong>esse,</strong></span> <span class='ocrx_word' id='word_1_165' title='bbox 2306 1020 2474 1075; x_wconf 85' lang='lat' dir='ltr'><strong>unius</strong></span> <span class='ocrx_word' id='word_1_166' title='bbox 2505 1019 2816 1089; x_wconf 80' lang='lat' dir='ltr'><strong>bypostasis</strong></span> <span class='ocrx_word' id='word_1_167' title='bbox 2864 1035 2990 1074; x_wconf 93' lang='lat' dir='ltr'><strong>cum</strong></span> <span class='ocrx_word' id='word_1_168' title='bbox 3034 1020 3128 1085; x_wconf 90' lang='lat' dir='ltr'><strong>sit,</strong></span> <span class='ocrx_word' id='word_1_169' title='bbox 3177 1021 3338 1074; x_wconf 90' lang='lat' dir='ltr'><strong>unius</strong></span> <span class='ocrx_word' id='word_1_170' title='bbox 3366 1035 3506 1090; x_wconf 87' lang='lat' dir='ltr'><strong>quo-</strong></span> 
     </span>
    </p>
   </div>
   <div class='ocr_carea' id='block_1_25' title="bbox 1933 1110 3506 1185">
    <p class='ocr_par' dir='ltr' id='par_1_25' title="bbox 1933 1110 3506 1185">
     <span class='ocr_line' id='line_1_25' title="bbox 1933 1110 3506 1185; baseline -0.002 -15"><span class='ocrx_word' id='word_1_171' title='bbox 1933 1130 2039 1185; x_wconf 90' lang='lat' dir='ltr'><strong>que</strong></span> <span class='ocrx_word' id='word_1_172' title='bbox 2063 1130 2181 1171; x_wconf 90' lang='lat' dir='ltr'><strong>esse</strong></span> <span class='ocrx_word' id='word_1_173' title='bbox 2234 1124 2463 1169; x_wconf 61' lang='lat' dir='ltr'><strong>naturae.</strong></span> <span class='ocrx_word' id='word_1_174' title='bbox 2522 1110 2566 1167; x_wconf 87' lang='grc' dir='ltr'><strong>Ο</strong></span> <span class='ocrx_word' id='word_1_175' title='bbox 2620 1112 2986 1181; x_wconf 74' lang='lat' dir='ltr'><strong>ignorantiam</strong></span> <span class='ocrx_word' id='word_1_176' title='bbox 3045 1114 3247 1169; x_wconf 87' lang='lat' dir='ltr'><strong>similia</strong></span> <span class='ocrx_word' id='word_1_177' title='bbox 3282 1113 3506 1167; x_wconf 87' lang='lat' dir='ltr'><strong>traden-</strong></span> 
     </span>
    </p>
   </div>
   <div class='ocr_carea' id='block_1_26' title="bbox 1934 1203 3506 1273">
    <p class='ocr_par' dir='ltr' id='par_1_26' title="bbox 1934 1203 3506 1273">
     <span class='ocr_line' id='line_1_26' title="bbox 1934 1203 3506 1273; baseline -0.001 -15"><span class='ocrx_word' id='word_1_178' title='bbox 1934 1205 2096 1258; x_wconf 87' lang='lat' dir='ltr'><strong>tium!</strong></span> <span class='ocrx_word' id='word_1_179' title='bbox 2152 1220 2326 1273; x_wconf 87' lang='lat' dir='ltr'><strong>neque</strong></span> <span class='ocrx_word' id='word_1_180' title='bbox 2354 1205 2497 1258; x_wconf 91' lang='lat' dir='ltr'><strong>enim</strong></span> <span class='ocrx_word' id='word_1_181' title='bbox 2554 1211 2777 1269; x_wconf 89' lang='lat' dir='ltr'><strong>norunt,</strong></span> <span class='ocrx_word' id='word_1_182' title='bbox 2831 1203 2898 1258; x_wconf 88' lang='lat' dir='ltr'><strong>de</strong></span> <span class='ocrx_word' id='word_1_183' title='bbox 2943 1204 3143 1272; x_wconf 86' lang='lat' dir='ltr'><strong>quibus</strong></span> <span class='ocrx_word' id='word_1_184' title='bbox 3193 1220 3506 1260; x_wconf 85' lang='lat' dir='ltr'><strong>sermonem</strong></span> 
     </span>
    </p>
   </div>
   <div class='ocr_carea' id='block_1_27' title="bbox 1935 1293 3511 1363">
    <p class='ocr_par' dir='ltr' id='par_1_27' title="bbox 1935 1293 3511 1363">
     <span class='ocr_line' id='line_1_27' title="bbox 1935 1293 3511 1363; baseline 0.001 -15"><span class='ocrx_word' id='word_1_185' title='bbox 1935 1294 2155 1362; x_wconf 80' lang='lat' dir='ltr'><strong>habent,</strong></span> <span class='ocrx_word' id='word_1_186' title='bbox 2191 1301 2244 1348; x_wconf 90' lang='lat' dir='ltr'><strong>et</strong></span> <span class='ocrx_word' id='word_1_187' title='bbox 2288 1294 2354 1347; x_wconf 87' lang='lat' dir='ltr'><strong>de</strong></span> <span class='ocrx_word' id='word_1_188' title='bbox 2395 1294 2595 1362; x_wconf 89' lang='lat' dir='ltr'><strong>quibus</strong></span> <span class='ocrx_word' id='word_1_189' title='bbox 2625 1293 2962 1356; x_wconf 87' lang='lat' dir='ltr'><strong>decernunt;</strong></span> <span class='ocrx_word' id='word_1_190' title='bbox 2996 1294 3122 1363; x_wconf 90' lang='lat' dir='ltr'><strong>quis</strong></span> <span class='ocrx_word' id='word_1_191' title='bbox 3151 1295 3319 1360; x_wconf 86' lang='lat' dir='ltr'><strong>enim,</strong></span> <span class='ocrx_word' id='word_1_192' title='bbox 3348 1294 3511 1350; x_wconf 87' lang='lat' dir='ltr'><strong>dum-</strong></span> 
     </span>
    </p>
   </div>
   <div class='ocr_carea' id='block_1_28' title="bbox 1933 1385 3510 1454">
    <p class='ocr_par' dir='ltr' id='par_1_28' title="bbox 1933 1385 3510 1454">
     <span class='ocr_line' id='line_1_28' title="bbox 1933 1385 3510 1454; baseline 0 -13"><span class='ocrx_word' id='word_1_193' title='bbox 1933 1387 2094 1441; x_wconf 86' lang='lat' dir='ltr'><strong>modo</strong></span> <span class='ocrx_word' id='word_1_194' title='bbox 2143 1386 2358 1440; x_wconf 90' lang='lat' dir='ltr'><strong>animus</strong></span> <span class='ocrx_word' id='word_1_195' title='bbox 2387 1385 2532 1438; x_wconf 82' lang='lat' dir='ltr'><strong>illius</strong></span> <span class='ocrx_word' id='word_1_196' title='bbox 2576 1402 2605 1439; x_wconf 92' lang='lat' dir='ltr'><strong>a</strong></span> <span class='ocrx_word' id='word_1_197' title='bbox 2652 1385 2919 1454; x_wconf 84' lang='lat' dir='ltr'><strong>sapientia</strong></span> <span class='ocrx_word' id='word_1_198' title='bbox 2964 1393 3018 1439; x_wconf 87' lang='lat' dir='ltr'><strong>et</strong></span> <span class='ocrx_word' id='word_1_199' title='bbox 3074 1386 3361 1454; x_wconf 82' lang='lat' dir='ltr'><strong>prudentia</strong></span> <span class='ocrx_word' id='word_1_200' title='bbox 3422 1402 3510 1441; x_wconf 82' lang='lat' dir='ltr'><strong>rc-</strong></span> 
     </span>
    </p>
   </div>
   <div class='ocr_carea' id='block_1_29' title="bbox 1933 1475 3510 1540">
    <p class='ocr_par' dir='ltr' id='par_1_29' title="bbox 1933 1475 3510 1540">
     <span class='ocr_line' id='line_1_29' title="bbox 1933 1475 3510 1540; baseline 0.003 -10"><span class='ocrx_word' id='word_1_201' title='bbox 1933 1489 2111 1532; x_wconf 88' lang='lat' dir='ltr'><strong>motus</strong></span> <span class='ocrx_word' id='word_1_202' title='bbox 2161 1492 2268 1529; x_wconf 90' lang='lat' dir='ltr'><strong>non</strong></span> <span class='ocrx_word' id='word_1_203' title='bbox 2318 1475 2410 1538; x_wconf 87' lang='lat' dir='ltr'><strong>sit,</strong></span> <span class='ocrx_word' id='word_1_204' title='bbox 2470 1490 2792 1540; x_wconf 86' lang='lat' dir='ltr'><strong>commune,</strong></span> <span class='ocrx_word' id='word_1_205' title='bbox 2848 1492 2945 1531; x_wconf 90' lang='lat' dir='ltr'><strong>seu</strong></span> <span class='ocrx_word' id='word_1_206' title='bbox 2997 1477 3305 1531; x_wconf 81' lang='lat' dir='ltr'><strong>universale</strong></span> <span class='ocrx_word' id='word_1_207' title='bbox 3365 1480 3510 1534; x_wconf 91' lang='lat' dir='ltr'><strong>dicet</strong></span> 
     </span>
    </p>
   </div>
   <div class='ocr_carea' id='block_1_30' title="bbox 1933 1565 3512 1638">
    <p class='ocr_par' dir='ltr' id='par_1_30' title="bbox 1933 1565 3512 1638">
     <span class='ocr_line' id='line_1_30' title="bbox 1933 1565 3512 1638; baseline 0.002 -16"><span class='ocrx_word' id='word_1_208' title='bbox 1933 1568 2073 1623; x_wconf 89' lang='lat' dir='ltr'><strong>idem</strong></span> <span class='ocrx_word' id='word_1_209' title='bbox 2122 1581 2245 1621; x_wconf 90' lang='lat' dir='ltr'><strong>esse</strong></span> <span class='ocrx_word' id='word_1_210' title='bbox 2276 1581 2342 1622; x_wconf 91' lang='lat' dir='ltr'><strong>ac</strong></span> <span class='ocrx_word' id='word_1_211' title='bbox 2385 1565 2745 1631; x_wconf 85' lang='lat' dir='ltr'><strong>individuum,</strong></span> <span class='ocrx_word' id='word_1_212' title='bbox 2785 1567 2899 1621; x_wconf 87' lang='lat' dir='ltr'><strong>sive</strong></span> <span class='ocrx_word' id='word_1_213' title='bbox 2924 1566 3223 1637; x_wconf 81' lang='lat' dir='ltr'><strong>singulare,</strong></span> <span class='ocrx_word' id='word_1_214' title='bbox 3251 1570 3398 1638; x_wconf 90' lang='lat' dir='ltr'><strong>quod</strong></span> <span class='ocrx_word' id='word_1_215' title='bbox 3426 1580 3512 1625; x_wconf 87' lang='lat' dir='ltr'><strong>est</strong></span> 
     </span>
    </p>
   </div>
   <div class='ocr_carea' id='block_1_31' title="bbox 1934 1658 3509 1732">
    <p class='ocr_par' dir='ltr' id='par_1_31' title="bbox 1934 1658 3509 1732">
     <span class='ocr_line' id='line_1_31' title="bbox 1934 1658 3509 1732; baseline 0.003 -18"><span class='ocrx_word' id='word_1_216' title='bbox 1934 1676 2187 1732; x_wconf 86' lang='lat' dir='ltr'><strong>persona,</strong></span> <span class='ocrx_word' id='word_1_217' title='bbox 2220 1660 2332 1715; x_wconf 83' lang='lat' dir='ltr'><strong>sive</strong></span> <span class='ocrx_word' id='word_1_218' title='bbox 2373 1659 2734 1729; x_wconf 85' lang='lat' dir='ltr'><strong>hypostasis?</strong></span> <span class='ocrx_word' id='word_1_219' title='bbox 2788 1658 2899 1713; x_wconf 90' lang='lat' dir='ltr'><strong>lloc</strong></span> <span class='ocrx_word' id='word_1_220' title='bbox 2931 1662 3075 1714; x_wconf 89' lang='lat' dir='ltr'><strong>enim</strong></span> <span class='ocrx_word' id='word_1_221' title='bbox 3104 1662 3169 1715; x_wconf 84' lang='lat' dir='ltr'><strong>ad</strong></span> <span class='ocrx_word' id='word_1_222' title='bbox 3204 1663 3388 1732; x_wconf 90' lang='lat' dir='ltr'><strong>plures</strong></span> <span class='ocrx_word' id='word_1_223' title='bbox 3422 1679 3509 1719; x_wconf 87' lang='lat' dir='ltr'><strong>re-</strong></span> 
     </span>
    </p>
   </div>
   <div class='ocr_carea' id='block_1_32' title="bbox 1935 1748 3511 1817">
    <p class='ocr_par' dir='ltr' id='par_1_32' title="bbox 1935 1748 3511 1817">
     <span class='ocr_line' id='line_1_32' title="bbox 1935 1748 3511 1817; baseline 0.001 -9"><span class='ocrx_word' id='word_1_224' title='bbox 1935 1752 2066 1808; x_wconf 81' lang='lat' dir='ltr'><strong>ferri</strong></span> <span class='ocrx_word' id='word_1_225' title='bbox 2095 1752 2252 1812; x_wconf 82' lang='lat' dir='ltr'><strong>solet,</strong></span> <span class='ocrx_word' id='word_1_226' title='bbox 2282 1760 2338 1804; x_wconf 92' lang='lat' dir='ltr'><strong>ut</strong></span> <span class='ocrx_word' id='word_1_227' title='bbox 2392 1751 2555 1804; x_wconf 93' lang='lat' dir='ltr'><strong>homo</strong></span> <span class='ocrx_word' id='word_1_228' title='bbox 2604 1750 2670 1804; x_wconf 90' lang='lat' dir='ltr'><strong>ad</strong></span> <span class='ocrx_word' id='word_1_229' title='bbox 2724 1748 2949 1804; x_wconf 84' lang='lat' dir='ltr'><strong>Petrum</strong></span> <span class='ocrx_word' id='word_1_230' title='bbox 3007 1759 3062 1805; x_wconf 90' lang='lat' dir='ltr'><strong>et</strong></span> <span class='ocrx_word' id='word_1_231' title='bbox 3121 1752 3373 1817; x_wconf 86' lang='lat' dir='ltr'><strong>Paulum,</strong></span> <span class='ocrx_word' id='word_1_232' title='bbox 3406 1756 3511 1811; x_wconf 88' lang='lat' dir='ltr'><strong>hoc</strong></span> 
     </span>
    </p>
   </div>
   <div class='ocr_carea' id='block_1_33' title="bbox 1932 1841 3507 1911">
    <p class='ocr_par' dir='ltr' id='par_1_33' title="bbox 1932 1841 3507 1911">
     <span class='ocr_line' id='line_1_33' title="bbox 1932 1841 3507 1911; baseline 0.003 -16"><span class='ocrx_word' id='word_1_233' title='bbox 1932 1856 2064 1896; x_wconf 89' lang='lat' dir='ltr'><strong>vero</strong></span> <span class='ocrx_word' id='word_1_234' title='bbox 2089 1841 2155 1895; x_wconf 91' lang='lat' dir='ltr'><strong>ad</strong></span> <span class='ocrx_word' id='word_1_235' title='bbox 2195 1857 2384 1902; x_wconf 90' lang='lat' dir='ltr'><strong>unum,</strong></span> <span class='ocrx_word' id='word_1_236' title='bbox 2415 1850 2475 1895; x_wconf 89' lang='lat' dir='ltr'><strong>ut</strong></span> <span class='ocrx_word' id='word_1_237' title='bbox 2517 1856 2751 1911; x_wconf 85' lang='lat' dir='ltr'><strong>persona</strong></span> <span class='ocrx_word' id='word_1_238' title='bbox 2809 1848 2864 1895; x_wconf 91' lang='lat' dir='ltr'><strong>et</strong></span> <span class='ocrx_word' id='word_1_239' title='bbox 2899 1842 3247 1910; x_wconf 84' lang='lat' dir='ltr'><strong>hypostasis:</strong></span> <span class='ocrx_word' id='word_1_240' title='bbox 3296 1860 3397 1900; x_wconf 87' lang='lat' dir='ltr'><strong>nec</strong></span> <span class='ocrx_word' id='word_1_241' title='bbox 3420 1854 3507 1900; x_wconf 89' lang='lat' dir='ltr'><strong>est</strong></span> 
     </span>
    </p>
   </div>
   <div class='ocr_carea' id='block_1_34' title="bbox 256 1934 1832 2010">
    <p class='ocr_par' dir='ltr' id='par_1_34' title="bbox 256 1939 1829 2010">
     <span class='ocr_line' id='line_1_34' title="bbox 256 1939 1829 2010; baseline 0.002 -20"><span class='ocrx_word' id='word_1_242' title='bbox 256 1940 313 1990; x_wconf 65' lang='grc' dir='ltr'><strong>τὸ</strong></span> <span class='ocrx_word' id='word_1_243' title='bbox 346 1940 403 1992; x_wconf 79' lang='grc' dir='ltr'><strong>δὲ</strong></span> <span class='ocrx_word' id='word_1_244' title='bbox 436 1940 557 1992; x_wconf 78' lang='grc' dir='ltr'>καθ’</span> <span class='ocrx_word' id='word_1_245' title='bbox 586 1940 725 2003; x_wconf 72' lang='grc' dir='ltr'><strong>ἑνὸς,</strong></span> <span class='ocrx_word' id='word_1_246' title='bbox 760 1941 879 2008; x_wconf 74' lang='grc' dir='ltr'><strong>ἤτοι</strong></span> <span class='ocrx_word' id='word_1_247' title='bbox 906 1939 965 1992; x_wconf 76' lang='grc' dir='ltr'><strong>τὸ</strong></span> <span class='ocrx_word' id='word_1_248' title='bbox 1004 1940 1297 2010; x_wconf 85' lang='grc' dir='ltr'><strong>πρόσωπον</strong></span> <span class='ocrx_word' id='word_1_249' title='bbox 1325 1941 1418 1993; x_wconf 79' lang='grc' dir='ltr'><strong>κάι</strong></span> <span class='ocrx_word' id='word_1_250' title='bbox 1448 1942 1479 2010; x_wconf 83' lang='grc' dir='ltr'><strong>ή</strong></span> <span class='ocrx_word' id='word_1_251' title='bbox 1511 1941 1829 2005; x_wconf 82' lang='grc' dir='ltr'><strong>ὑπόστασις,</strong></span> 
     </span>
    </p>
   </div>
   <div class='ocr_carea' id='block_1_35' title="bbox 1934 1934 3516 2010">
    <p class='ocr_par' dir='ltr' id='par_1_35' title="bbox 1942 1934 3516 2003">
     <span class='ocr_line' id='line_1_35' title="bbox 1942 1934 3516 2003; baseline 0.003 -16"><span class='ocrx_word' id='word_1_252' title='bbox 1942 1950 2182 1998; x_wconf 86' lang='lat' dir='ltr'><strong>necesse,</strong></span> <span class='ocrx_word' id='word_1_253' title='bbox 2236 1942 2295 1988; x_wconf 91' lang='lat' dir='ltr'><strong>ut</strong></span> <span class='ocrx_word' id='word_1_254' title='bbox 2344 1934 2446 1989; x_wconf 86' lang='lat' dir='ltr'><strong>sibi</strong></span> <span class='ocrx_word' id='word_1_255' title='bbox 2505 1942 2695 1986; x_wconf 87' lang='lat' dir='ltr'><strong>mutuo</strong></span> <span class='ocrx_word' id='word_1_256' title='bbox 2764 1934 3130 2003; x_wconf 88' lang='lat' dir='ltr'><strong>respondeant</strong></span> <span class='ocrx_word' id='word_1_257' title='bbox 3201 1946 3393 1990; x_wconf 89' lang='lat' dir='ltr'><strong>natura</strong></span> <span class='ocrx_word' id='word_1_258' title='bbox 3459 1945 3516 1991; x_wconf 88' lang='lat' dir='ltr'><strong>et</strong></span> 
     </span>
    </p>
   </div>
   <div class='ocr_carea' id='block_1_36' title="bbox 259 2030 1833 2103">
    <p class='ocr_par' dir='ltr' id='par_1_36' title="bbox 259 2030 1833 2103">
     <span class='ocr_line' id='line_1_36' title="bbox 259 2030 1833 2103; baseline 0.001 -20"><span class='ocrx_word' id='word_1_259' title='bbox 259 2032 346 2083; x_wconf 74' lang='grc' dir='ltr'>καὶ</span> <span class='ocrx_word' id='word_1_260' title='bbox 374 2033 475 2084; x_wconf 82' lang='grc' dir='ltr'>οὑκ</span> <span class='ocrx_word' id='word_1_261' title='bbox 528 2032 741 2100; x_wconf 78' lang='grc' dir='ltr'>ἀνάγκη</span> <span class='ocrx_word' id='word_1_262' title='bbox 774 2032 1153 2102; x_wconf 73' lang='grc' dir='ltr'><strong>ἀντιστρέφειν</strong></span> <span class='ocrx_word' id='word_1_263' title='bbox 1195 2030 1331 2103; x_wconf 79' lang='grc' dir='ltr'><strong>πρὸς</strong></span> <span class='ocrx_word' id='word_1_264' title='bbox 1384 2032 1590 2103; x_wconf 77' lang='grc' dir='ltr'>ἄλληλα</span> <span class='ocrx_word' id='word_1_265' title='bbox 1632 2033 1732 2099; x_wconf 86' lang='grc' dir='ltr'><strong>τήν</strong></span> <span class='ocrx_word' id='word_1_266' title='bbox 1773 2049 1833 2084; x_wconf 86' lang='grc' dir='ltr'><strong>τε</strong></span> 
     </span>
    </p>
   </div>
   <div class='ocr_carea' id='block_1_37' title="bbox 259 2121 1835 2195">
    <p class='ocr_par' dir='ltr' id='par_1_37' title="bbox 259 2121 1835 2195">
     <span class='ocr_line' id='line_1_37' title="bbox 259 2121 1835 2195; baseline 0.001 -19"><span class='ocrx_word' id='word_1_267' title='bbox 259 2126 415 2193; x_wconf 65' lang='grc' dir='ltr'><strong>ᾳύσιν</strong></span> <span class='ocrx_word' id='word_1_268' title='bbox 449 2126 543 2177; x_wconf 78' lang='grc' dir='ltr'><strong>καὶ</strong></span> <span class='ocrx_word' id='word_1_269' title='bbox 573 2124 633 2177; x_wconf 72' lang='grc' dir='ltr'><strong>τὸ</strong></span> <span class='ocrx_word' id='word_1_270' title='bbox 668 2124 958 2194; x_wconf 87' lang='grc' dir='ltr'><strong>πρόσωπον</strong></span> <span class='ocrx_word' id='word_1_271' title='bbox 980 2140 993 2152; x_wconf 83' lang='grc'><strong>·</strong></span> <span class='ocrx_word' id='word_1_272' title='bbox 1024 2123 1100 2193; x_wconf 80' lang='grc' dir='ltr'><strong>τῷ</strong></span> <span class='ocrx_word' id='word_1_273' title='bbox 1126 2126 1224 2194; x_wconf 81' lang='grc' dir='ltr'><strong>μὲν</strong></span> <span class='ocrx_word' id='word_1_274' title='bbox 1248 2125 1354 2195; x_wconf 84' lang='grc' dir='ltr'><strong>γάρ</strong></span> <span class='ocrx_word' id='word_1_275' title='bbox 1381 2125 1679 2178; x_wconf 81' lang='grc' dir='ltr'><strong>ὑπόστασιν</strong></span> <span class='ocrx_word' id='word_1_276' title='bbox 1695 2121 1835 2179; x_wconf 73' lang='grc' dir='ltr'><strong>εἶναι</strong></span> 
     </span>
    </p>
   </div>
   <div class='ocr_carea' id='block_1_38' title="bbox 256 2216 1835 2288">
    <p class='ocr_par' dir='ltr' id='par_1_38' title="bbox 256 2216 1835 2288">
     <span class='ocr_line' id='line_1_38' title="bbox 256 2216 1835 2288; baseline 0.002 -21"><span class='ocrx_word' id='word_1_277' title='bbox 256 2216 482 2283; x_wconf 84' lang='grc' dir='ltr'><strong>λέγοντι,</strong></span> <span class='ocrx_word' id='word_1_278' title='bbox 504 2217 717 2287; x_wconf 72' lang='grc' dir='ltr'>ἀνάγκη</span> <span class='ocrx_word' id='word_1_279' title='bbox 748 2219 1009 2284; x_wconf 85' lang='grc' dir='ltr'><strong>παρεῖναι</strong></span> <span class='ocrx_word' id='word_1_280' title='bbox 1038 2216 1136 2287; x_wconf 75' lang='grc' dir='ltr'><strong>τὴν</strong></span> <span class='ocrx_word' id='word_1_281' title='bbox 1168 2216 1352 2285; x_wconf 83' lang='grc' dir='ltr'><strong>φύσιν,</strong></span> <span class='ocrx_word' id='word_1_282' title='bbox 1384 2218 1541 2287; x_wconf 77' lang='grc' dir='ltr'><strong>εἴπερ</strong></span> <span class='ocrx_word' id='word_1_283' title='bbox 1578 2217 1635 2269; x_wconf 81' lang='grc' dir='ltr'><strong>τὸ</strong></span> <span class='ocrx_word' id='word_1_284' title='bbox 1666 2219 1835 2288; x_wconf 84' lang='grc' dir='ltr'><strong>πρόσ-</strong></span> 
     </span>
    </p>
   </div>
   <div class='ocr_carea' id='block_1_39' title="bbox 257 2307 1834 2377">
    <p class='ocr_par' dir='ltr' id='par_1_39' title="bbox 257 2307 1834 2377">
     <span class='ocr_line' id='line_1_39' title="bbox 257 2307 1834 2377; baseline 0.001 -18"><span class='ocrx_word' id='word_1_285' title='bbox 257 2325 418 2371; x_wconf 80' lang='grc' dir='ltr'><strong>ωπον,</strong></span> <span class='ocrx_word' id='word_1_286' title='bbox 468 2309 588 2377; x_wconf 68' lang='grc' dir='ltr'><strong>ἦτοι</strong></span> <span class='ocrx_word' id='word_1_287' title='bbox 624 2310 657 2377; x_wconf 80' lang='grc' dir='ltr'>ἠ</span> <span class='ocrx_word' id='word_1_288' title='bbox 694 2308 996 2367; x_wconf 83' lang='grc' dir='ltr'><strong>ὑπόστασις</strong></span> <span class='ocrx_word' id='word_1_289' title='bbox 1027 2307 1183 2359; x_wconf 75' lang='grc' dir='ltr'>οὐδὲν</span> <span class='ocrx_word' id='word_1_290' title='bbox 1211 2308 1339 2360; x_wconf 81' lang='grc' dir='ltr'>ἄλλο</span> <span class='ocrx_word' id='word_1_291' title='bbox 1370 2309 1519 2360; x_wconf 73' lang='grc' dir='ltr'><strong>ἐστὶν</strong></span> <span class='ocrx_word' id='word_1_292' title='bbox 1547 2347 1562 2372; x_wconf 91' lang='grc'><strong>,</strong></span> <span class='ocrx_word' id='word_1_293' title='bbox 1607 2308 1639 2376; x_wconf 84' lang='grc' dir='ltr'>ἢ</span> <span class='ocrx_word' id='word_1_294' title='bbox 1673 2309 1834 2377; x_wconf 81' lang='grc' dir='ltr'><strong>φύσις</strong></span> 
     </span>
    </p>
   </div>
   <div class='ocr_carea' id='block_1_40' title="bbox 260 2400 1834 2468">
    <p class='ocr_par' dir='ltr' id='par_1_40' title="bbox 260 2400 1834 2468">
     <span class='ocr_line' id='line_1_40' title="bbox 260 2400 1834 2468; baseline 0.001 -17"><span class='ocrx_word' id='word_1_295' title='bbox 260 2402 395 2466; x_wconf 78' lang='grc' dir='ltr'>μετά</span> <span class='ocrx_word' id='word_1_296' title='bbox 421 2400 733 2468; x_wconf 69' lang='grc' dir='ltr'><strong>ἰδιώματος,</strong></span> <span class='ocrx_word' id='word_1_297' title='bbox 758 2400 791 2468; x_wconf 84' lang='grc' dir='ltr'>ἢ</span> <span class='ocrx_word' id='word_1_298' title='bbox 826 2400 918 2453; x_wconf 80' lang='grc' dir='ltr'><strong>καὶ</strong></span> <span class='ocrx_word' id='word_1_299' title='bbox 944 2400 1268 2468; x_wconf 79' lang='grc' dir='ltr'><strong>ἰδιωμάτων,</strong></span> <span class='ocrx_word' id='word_1_300' title='bbox 1302 2402 1421 2452; x_wconf 81' lang='grc' dir='ltr'>ὅλον</span> <span class='ocrx_word' id='word_1_301' title='bbox 1447 2417 1499 2453; x_wconf 93' lang='grc' dir='ltr'><strong>τι</strong></span> <span class='ocrx_word' id='word_1_302' title='bbox 1522 2400 1640 2453; x_wconf 82' lang='grc' dir='ltr'>καθ’</span> <span class='ocrx_word' id='word_1_303' title='bbox 1672 2401 1834 2455; x_wconf 79' lang='grc' dir='ltr'>ἑαυτὸ</span> 
     </span>
    </p>
   </div>
   <div class='ocr_carea' id='block_1_41' title="bbox 257 2492 1832 2562">
    <p class='ocr_par' dir='ltr' id='par_1_41' title="bbox 257 2492 1832 2562">
     <span class='ocr_line' id='line_1_41' title="bbox 257 2492 1832 2562; baseline -0.001 -18"><span class='ocrx_word' id='word_1_304' title='bbox 257 2492 584 2561; x_wconf 81' lang='grc' dir='ltr'>λεγόμενον·</span> <span class='ocrx_word' id='word_1_305' title='bbox 632 2493 710 2561; x_wconf 80' lang='grc' dir='ltr'><strong>τῷ</strong></span> <span class='ocrx_word' id='word_1_306' title='bbox 754 2493 809 2545; x_wconf 80' lang='grc' dir='ltr'><strong>δὲ</strong></span> <span class='ocrx_word' id='word_1_307' title='bbox 867 2494 1120 2557; x_wconf 76' lang='grc' dir='ltr'>καθόλου,</span> <span class='ocrx_word' id='word_1_308' title='bbox 1162 2495 1281 2562; x_wconf 74' lang='grc' dir='ltr'><strong>ἦτοι</strong></span> <span class='ocrx_word' id='word_1_309' title='bbox 1338 2493 1499 2561; x_wconf 79' lang='grc' dir='ltr'><strong>φύσιν</strong></span> <span class='ocrx_word' id='word_1_310' title='bbox 1550 2494 1832 2560; x_wconf 66' lang='grc' dir='ltr'>ιεάσκοντι,</span> 
     </span>
    </p>
   </div>
   <div class='ocr_carea' id='block_1_42' title="bbox 256 2584 1835 2654">
    <p class='ocr_par' dir='ltr' id='par_1_42' title="bbox 256 2584 1835 2654">
     <span class='ocr_line' id='line_1_42' title="bbox 256 2584 1835 2654; baseline 0.001 -20"><span class='ocrx_word' id='word_1_311' title='bbox 256 2586 351 2635; x_wconf 74' lang='grc' dir='ltr'><strong>οὐκ</strong></span> <span class='ocrx_word' id='word_1_312' title='bbox 395 2584 612 2653; x_wconf 82' lang='grc' dir='ltr'>ἀνάγκη</span> <span class='ocrx_word' id='word_1_313' title='bbox 672 2585 765 2637; x_wconf 74' lang='grc' dir='ltr'><strong>καὶ</strong></span> <span class='ocrx_word' id='word_1_314' title='bbox 812 2584 871 2636; x_wconf 83' lang='grc' dir='ltr'><strong>τὸ</strong></span> <span class='ocrx_word' id='word_1_315' title='bbox 927 2584 1288 2647; x_wconf 85' lang='grc' dir='ltr'><strong>καθέκαστον,</strong></span> <span class='ocrx_word' id='word_1_316' title='bbox 1341 2584 1507 2653; x_wconf 73' lang='grc' dir='ltr'>ἤγουν</span> <span class='ocrx_word' id='word_1_317' title='bbox 1557 2585 1617 2637; x_wconf 75' lang='grc' dir='ltr'><strong>τὸ</strong></span> <span class='ocrx_word' id='word_1_318' title='bbox 1666 2585 1835 2654; x_wconf 82' lang='grc' dir='ltr'><strong>πρόσ-</strong></span> 
     </span>
    </p>
   </div>
   <div class='ocr_carea' id='block_1_43' title="bbox 256 2676 1834 2746">
    <p class='ocr_par' dir='ltr' id='par_1_43' title="bbox 256 2676 1834 2746">
     <span class='ocr_line' id='line_1_43' title="bbox 256 2676 1834 2746; baseline 0.001 -20"><span class='ocrx_word' id='word_1_319' title='bbox 256 2692 419 2738; x_wconf 84' lang='grc' dir='ltr'><strong>ωπον,</strong></span> <span class='ocrx_word' id='word_1_320' title='bbox 450 2676 480 2743; x_wconf 84' lang='grc' dir='ltr'><strong>ἧ</strong></span> <span class='ocrx_word' id='word_1_321' title='bbox 516 2678 614 2743; x_wconf 72' lang='grc' dir='ltr'><strong>τὴν</strong></span> <span class='ocrx_word' id='word_1_322' title='bbox 640 2676 939 2729; x_wconf 89' lang='grc' dir='ltr'><strong>ὑπόστασιν</strong></span> <span class='ocrx_word' id='word_1_323' title='bbox 970 2678 1245 2746; x_wconf 78' lang='grc' dir='ltr'><strong>παρεῖναι.</strong></span> <span class='ocrx_word' id='word_1_324' title='bbox 1272 2677 1351 2729; x_wconf 80' lang='grc' dir='ltr'><strong>Τά</strong></span> <span class='ocrx_word' id='word_1_325' title='bbox 1373 2676 1482 2745; x_wconf 78' lang='grc' dir='ltr'><strong>γὰρ</strong></span> <span class='ocrx_word' id='word_1_326' title='bbox 1511 2676 1743 2729; x_wconf 82' lang='grc' dir='ltr'>καθόλου</span> <span class='ocrx_word' id='word_1_327' title='bbox 1777 2676 1834 2727; x_wconf 79' lang='grc' dir='ltr'><strong>ὲν</strong></span> 
     </span>
    </p>
   </div>
   <div class='ocr_carea' id='block_1_44' title="bbox 253 2765 1834 2838">
    <p class='ocr_par' dir='ltr' id='par_1_44' title="bbox 253 2765 1834 2838">
     <span class='ocr_line' id='line_1_44' title="bbox 253 2765 1834 2838; baseline 0.001 -23"><span class='ocrx_word' id='word_1_328' title='bbox 253 2767 361 2828; x_wconf 78' lang='grc' dir='ltr'><strong>τοῖς</strong></span> <span class='ocrx_word' id='word_1_329' title='bbox 402 2765 719 2819; x_wconf 83' lang='grc' dir='ltr'>καθέκαστα</span> <span class='ocrx_word' id='word_1_330' title='bbox 751 2768 1123 2837; x_wconf 86' lang='grc' dir='ltr'><strong>θεωρούμενα,</strong></span> <span class='ocrx_word' id='word_1_331' title='bbox 1156 2766 1595 2838; x_wconf 78' lang='grc' dir='ltr'><strong>συμπληρωτικά</strong></span> <span class='ocrx_word' id='word_1_332' title='bbox 1626 2766 1834 2819; x_wconf 86' lang='grc' dir='ltr'><strong>τούτων</strong></span> 
     </span>
    </p>
   </div>
   <div class='ocr_carea' id='block_1_45' title="bbox 254 2853 1834 2926">
    <p class='ocr_par' dir='ltr' id='par_1_45' title="bbox 254 2853 1834 2926">
     <span class='ocr_line' id='line_1_45' title="bbox 254 2853 1834 2926; baseline 0.001 -20"><span class='ocrx_word' id='word_1_333' title='bbox 254 2853 423 2919; x_wconf 75' lang='grc' dir='ltr'><strong>ἐστὶν,</strong></span> <span class='ocrx_word' id='word_1_334' title='bbox 467 2858 526 2909; x_wconf 80' lang='grc' dir='ltr'>οὐ</span> <span class='ocrx_word' id='word_1_335' title='bbox 558 2859 663 2926; x_wconf 82' lang='grc' dir='ltr'><strong>μὴν</strong></span> <span class='ocrx_word' id='word_1_336' title='bbox 694 2860 760 2910; x_wconf 90' lang='grc' dir='ltr'><strong>τά</strong></span> <span class='ocrx_word' id='word_1_337' title='bbox 795 2858 1109 2912; x_wconf 80' lang='grc' dir='ltr'>καθέκαστα</span> <span class='ocrx_word' id='word_1_338' title='bbox 1141 2860 1197 2911; x_wconf 79' lang='grc' dir='ltr'>ὲν</span> <span class='ocrx_word' id='word_1_339' title='bbox 1219 2861 1330 2916; x_wconf 83' lang='grc' dir='ltr'><strong>τοῖς</strong></span> <span class='ocrx_word' id='word_1_340' title='bbox 1356 2858 1606 2912; x_wconf 79' lang='grc' dir='ltr'>καθόλου.</span> <span class='ocrx_word' id='word_1_341' title='bbox 1626 2859 1834 2912; x_wconf 70' lang='grc' dir='ltr'>Οὐκοῦν</span> 
     </span>
    </p>
   </div>
   <div class='ocr_carea' id='block_1_46' title="bbox 253 2948 1833 3019">
    <p class='ocr_par' dir='ltr' id='par_1_46' title="bbox 253 2948 1833 3019">
     <span class='ocr_line' id='line_1_46' title="bbox 253 2948 1833 3019; baseline 0.003 -21"><span class='ocrx_word' id='word_1_342' title='bbox 253 2948 310 2999; x_wconf 74' lang='grc' dir='ltr'>οὐ</span> <span class='ocrx_word' id='word_1_343' title='bbox 340 2948 429 3000; x_wconf 75' lang='grc' dir='ltr'><strong>διὰ</strong></span> <span class='ocrx_word' id='word_1_344' title='bbox 465 2949 528 3000; x_wconf 68' lang='grc' dir='ltr'><strong>τι</strong></span> <span class='ocrx_word' id='word_1_345' title='bbox 559 2949 651 3000; x_wconf 82' lang='grc' dir='ltr'><strong>δύο</strong></span> <span class='ocrx_word' id='word_1_346' title='bbox 690 2948 881 3016; x_wconf 83' lang='grc' dir='ltr'><strong>φύσεις</strong></span> <span class='ocrx_word' id='word_1_347' title='bbox 930 2951 1107 3017; x_wconf 80' lang='grc' dir='ltr'>λέγειν</span> <span class='ocrx_word' id='word_1_348' title='bbox 1138 2953 1282 3019; x_wconf 71' lang='grc' dir='ltr'><strong>ἡμᾶς</strong></span> <span class='ocrx_word' id='word_1_349' title='bbox 1317 2952 1409 3002; x_wconf 72' lang='grc' dir='ltr'>ἐπὶ</span> <span class='ocrx_word' id='word_1_350' title='bbox 1443 2950 1700 3019; x_wconf 80' lang='grc' dir='ltr'><strong>Χριστοῦ,</strong></span> <span class='ocrx_word' id='word_1_351' title='bbox 1740 2952 1833 3003; x_wconf 81' lang='grc' dir='ltr'>καὶ</span> 
     </span>
    </p>
   </div>
   <div class='ocr_carea' id='block_1_47' title="bbox 255 3039 1831 3111">
    <p class='ocr_par' dir='ltr' id='par_1_47' title="bbox 255 3039 1831 3111">
     <span class='ocr_line' id='line_1_47' title="bbox 255 3039 1831 3111; baseline 0.003 -21"><span class='ocrx_word' id='word_1_352' title='bbox 255 3039 381 3107; x_wconf 82' lang='grc' dir='ltr'><strong>μίαν</strong></span> <span class='ocrx_word' id='word_1_353' title='bbox 418 3040 743 3103; x_wconf 87' lang='grc' dir='ltr'><strong>ὑπόστασιν,</strong></span> <span class='ocrx_word' id='word_1_354' title='bbox 798 3041 1085 3110; x_wconf 80' lang='grc' dir='ltr'><strong>συμϐαίνει</strong></span> <span class='ocrx_word' id='word_1_355' title='bbox 1127 3042 1220 3093; x_wconf 80' lang='grc' dir='ltr'>καὶ</span> <span class='ocrx_word' id='word_1_356' title='bbox 1272 3042 1579 3111; x_wconf 79' lang='grc' dir='ltr'><strong>προσώπων</strong></span> <span class='ocrx_word' id='word_1_357' title='bbox 1638 3045 1831 3110; x_wconf 78' lang='grc' dir='ltr'><strong>κρᾶσιν</strong></span> 
     </span>
    </p>
   </div>
   <div class='ocr_carea' id='block_1_48' title="bbox 250 3130 1829 3203">
    <p class='ocr_par' dir='ltr' id='par_1_48' title="bbox 250 3130 1829 3203">
     <span class='ocr_line' id='line_1_48' title="bbox 250 3130 1829 3203; baseline 0.003 -23"><span class='ocrx_word' id='word_1_358' title='bbox 250 3130 521 3196; x_wconf 77' lang='grc' dir='ltr'>γίνεσθαι.</span> <span class='ocrx_word' id='word_1_359' title='bbox 556 3130 744 3193; x_wconf 82' lang='grc' dir='ltr'>Οὐδεὶς</span> <span class='ocrx_word' id='word_1_360' title='bbox 800 3132 905 3203; x_wconf 78' lang='grc' dir='ltr'><strong>γὰρ</strong></span> <span class='ocrx_word' id='word_1_361' title='bbox 949 3132 1355 3199; x_wconf 78' lang='grc' dir='ltr'>καταναγκάζει</span> <span class='ocrx_word' id='word_1_362' title='bbox 1410 3133 1586 3199; x_wconf 82' lang='grc' dir='ltr'>λόγος,</span> <span class='ocrx_word' id='word_1_363' title='bbox 1621 3133 1744 3185; x_wconf 72' lang='grc' dir='ltr'><strong>ἐπεὶ</strong></span> <span class='ocrx_word' id='word_1_364' title='bbox 1770 3133 1829 3184; x_wconf 83' lang='grc' dir='ltr'><strong>οὑ</strong></span> 
     </span>
    </p>
   </div>
   <div class='ocr_carea' id='block_1_49' title="bbox 248 3221 1829 3291">
    <p class='ocr_par' dir='ltr' id='par_1_49' title="bbox 248 3221 1829 3291">
     <span class='ocr_line' id='line_1_49' title="bbox 248 3221 1829 3291; baseline 0.001 -19"><span class='ocrx_word' id='word_1_365' title='bbox 248 3221 443 3273; x_wconf 79' lang='grc' dir='ltr'><strong>ταυτὸν</strong></span> <span class='ocrx_word' id='word_1_366' title='bbox 481 3221 645 3289; x_wconf 81' lang='grc' dir='ltr'><strong>φύσις</strong></span> <span class='ocrx_word' id='word_1_367' title='bbox 701 3221 796 3274; x_wconf 74' lang='grc' dir='ltr'>καὶ</span> <span class='ocrx_word' id='word_1_368' title='bbox 826 3221 1138 3290; x_wconf 87' lang='grc' dir='ltr'><strong>πρόσωπον,</strong></span> <span class='ocrx_word' id='word_1_369' title='bbox 1170 3222 1290 3274; x_wconf 79' lang='grc' dir='ltr'><strong>οὑδὲ</strong></span> <span class='ocrx_word' id='word_1_370' title='bbox 1324 3222 1429 3291; x_wconf 81' lang='grc' dir='ltr'><strong>μὴν</strong></span> <span class='ocrx_word' id='word_1_371' title='bbox 1454 3222 1829 3291; x_wconf 77' lang='grc' dir='ltr'><strong>ἀντιστρέφει,</strong></span> 
     </span>
    </p>
   </div>
   <div class='ocr_carea' id='block_1_50' title="bbox 1938 2024 3515 2096">
    <p class='ocr_par' dir='ltr' id='par_1_50' title="bbox 1938 2024 3515 2096">
     <span class='ocr_line' id='line_1_50' title="bbox 1938 2024 3515 2096; baseline 0.001 -15"><span class='ocrx_word' id='word_1_372' title='bbox 1938 2042 2208 2096; x_wconf 88' lang='lat' dir='ltr'><strong>persona;</strong></span> <span class='ocrx_word' id='word_1_373' title='bbox 2249 2038 2487 2094; x_wconf 87' lang='lat' dir='ltr'><strong>namque</strong></span> <span class='ocrx_word' id='word_1_374' title='bbox 2534 2024 2868 2096; x_wconf 87' lang='lat' dir='ltr'><strong>hypostasim</strong></span> <span class='ocrx_word' id='word_1_375' title='bbox 2923 2041 3046 2081; x_wconf 89' lang='lat' dir='ltr'><strong>esse</strong></span> <span class='ocrx_word' id='word_1_376' title='bbox 3103 2029 3515 2094; x_wconf 88' lang='lat' dir='ltr'><strong>asserenti,ne—</strong></span> 
     </span>
    </p>
   </div>
   <div class='ocr_carea' id='block_1_51' title="bbox 1937 2115 3509 2189">
    <p class='ocr_par' dir='ltr' id='par_1_51' title="bbox 1937 2115 3509 2189">
     <span class='ocr_line' id='line_1_51' title="bbox 1937 2115 3509 2189; baseline 0.002 -17"><span class='ocrx_word' id='word_1_377' title='bbox 1937 2136 2091 2175; x_wconf 84' lang='lat' dir='ltr'><strong>eesse</strong></span> <span class='ocrx_word' id='word_1_378' title='bbox 2135 2127 2249 2183; x_wconf 89' lang='lat' dir='ltr'><strong>est,</strong></span> <span class='ocrx_word' id='word_1_379' title='bbox 2312 2128 2371 2172; x_wconf 93' lang='lat' dir='ltr'><strong>ut</strong></span> <span class='ocrx_word' id='word_1_380' title='bbox 2412 2115 2553 2171; x_wconf 85' lang='lat' dir='ltr'><strong>adsit</strong></span> <span class='ocrx_word' id='word_1_381' title='bbox 2608 2125 2842 2183; x_wconf 90' lang='lat' dir='ltr'><strong>natura,</strong></span> <span class='ocrx_word' id='word_1_382' title='bbox 2904 2118 2951 2174; x_wconf 88' lang='lat' dir='ltr'><strong>si</strong></span> <span class='ocrx_word' id='word_1_383' title='bbox 3004 2119 3168 2172; x_wconf 91' lang='lat' dir='ltr'><strong>modo</strong></span> <span class='ocrx_word' id='word_1_384' title='bbox 3232 2135 3509 2189; x_wconf 87' lang='lat' dir='ltr'><strong>persona,</strong></span> 
     </span>
    </p>
   </div>
   <div class='ocr_carea' id='block_1_52' title="bbox 1937 2207 3513 2281">
    <p class='ocr_par' dir='ltr' id='par_1_52' title="bbox 1937 2207 3513 2281">
     <span class='ocr_line' id='line_1_52' title="bbox 1937 2207 3513 2281; baseline 0.003 -17"><span class='ocrx_word' id='word_1_385' title='bbox 1937 2209 2051 2265; x_wconf 89' lang='lat' dir='ltr'><strong>sive</strong></span> <span class='ocrx_word' id='word_1_386' title='bbox 2100 2209 2411 2279; x_wconf 84' lang='lat' dir='ltr'><strong>bypostasis</strong></span> <span class='ocrx_word' id='word_1_387' title='bbox 2442 2207 2576 2261; x_wconf 90' lang='lat' dir='ltr'><strong>nihil</strong></span> <span class='ocrx_word' id='word_1_388' title='bbox 2610 2209 2756 2264; x_wconf 91' lang='lat' dir='ltr'><strong>aliud</strong></span> <span class='ocrx_word' id='word_1_389' title='bbox 2791 2216 2893 2277; x_wconf 90' lang='lat' dir='ltr'><strong>est,</strong></span> <span class='ocrx_word' id='word_1_390' title='bbox 2935 2227 3101 2281; x_wconf 88' lang='lat' dir='ltr'><strong>quam</strong></span> <span class='ocrx_word' id='word_1_391' title='bbox 3137 2222 3332 2268; x_wconf 90' lang='lat' dir='ltr'><strong>natura</strong></span> <span class='ocrx_word' id='word_1_392' title='bbox 3386 2229 3513 2271; x_wconf 88' lang='lat' dir='ltr'><strong>cum</strong></span> 
     </span>
    </p>
   </div>
   <div class='ocr_carea' id='block_1_53' title="bbox 1938 2300 3512 2376">
    <p class='ocr_par' dir='ltr' id='par_1_53' title="bbox 1938 2300 3512 2376">
     <span class='ocr_line' id='line_1_53' title="bbox 1938 2300 3512 2376; baseline 0.005 -24"><span class='ocrx_word' id='word_1_393' title='bbox 1938 2301 2290 2370; x_wconf 82' lang='lat' dir='ltr'><strong>preprietate.</strong></span> <span class='ocrx_word' id='word_1_394' title='bbox 2342 2300 2423 2353; x_wconf 87' lang='lat' dir='ltr'><strong>vel</strong></span> <span class='ocrx_word' id='word_1_395' title='bbox 2484 2300 2938 2368; x_wconf 88' lang='lat' dir='ltr'><strong>pr0prietatibus,</strong></span> <span class='ocrx_word' id='word_1_396' title='bbox 3011 2312 3185 2358; x_wconf 89' lang='lat' dir='ltr'><strong>totum</strong></span> <span class='ocrx_word' id='word_1_397' title='bbox 3237 2306 3512 2376; x_wconf 86' lang='lat' dir='ltr'><strong>quoddam</strong></span> 
     </span>
    </p>
   </div>
   <div class='ocr_carea' id='block_1_54' title="bbox 1937 2392 3514 2459">
    <p class='ocr_par' dir='ltr' id='par_1_54' title="bbox 1937 2392 3514 2459">
     <span class='ocr_line' id='line_1_54' title="bbox 1937 2392 3514 2459; baseline 0.004 -15"><span class='ocrx_word' id='word_1_398' title='bbox 1937 2406 2032 2459; x_wconf 85' lang='lat' dir='ltr'><strong>per</strong></span> <span class='ocrx_word' id='word_1_399' title='bbox 2057 2406 2115 2446; x_wconf 91' lang='lat' dir='ltr'><strong>se</strong></span> <span class='ocrx_word' id='word_1_400' title='bbox 2165 2393 2369 2446; x_wconf 89' lang='lat' dir='ltr'><strong>dictum</strong></span> <span class='ocrx_word' id='word_1_401' title='bbox 2402 2409 2416 2457; x_wconf 88' lang='lat'>;</span> <span class='ocrx_word' id='word_1_402' title='bbox 2452 2400 2507 2444; x_wconf 92' lang='lat' dir='ltr'><strong>at</strong></span> <span class='ocrx_word' id='word_1_403' title='bbox 2554 2392 2884 2459; x_wconf 89' lang='lat' dir='ltr'><strong>universale,</strong></span> <span class='ocrx_word' id='word_1_404' title='bbox 2917 2395 3031 2449; x_wconf 82' lang='lat' dir='ltr'><strong>sive</strong></span> <span class='ocrx_word' id='word_1_405' title='bbox 3053 2407 3303 2450; x_wconf 87' lang='lat' dir='ltr'><strong>naturam</strong></span> <span class='ocrx_word' id='word_1_406' title='bbox 3338 2414 3514 2452; x_wconf 86' lang='lat' dir='ltr'><strong>enun-</strong></span> 
     </span>
    </p>
   </div>
   <div class='ocr_carea' id='block_1_55' title="bbox 1940 2484 3513 2558">
    <p class='ocr_par' dir='ltr' id='par_1_55' title="bbox 1940 2484 3513 2558">
     <span class='ocr_line' id='line_1_55' title="bbox 1940 2484 3513 2558; baseline 0.004 -21"><span class='ocrx_word' id='word_1_407' title='bbox 1940 2484 2122 2549; x_wconf 89' lang='lat' dir='ltr'><strong>tianti,</strong></span> <span class='ocrx_word' id='word_1_408' title='bbox 2180 2500 2285 2537; x_wconf 91' lang='lat' dir='ltr'><strong>non</strong></span> <span class='ocrx_word' id='word_1_409' title='bbox 2341 2494 2424 2539; x_wconf 85' lang='lat' dir='ltr'><strong>est</strong></span> <span class='ocrx_word' id='word_1_410' title='bbox 2477 2500 2705 2540; x_wconf 86' lang='lat' dir='ltr'><strong>necesse</strong></span> <span class='ocrx_word' id='word_1_411' title='bbox 2751 2493 2805 2539; x_wconf 88' lang='lat' dir='ltr'><strong>et</strong></span> <span class='ocrx_word' id='word_1_412' title='bbox 2864 2487 3161 2554; x_wconf 77' lang='lat' dir='ltr'><strong>singulare,</strong></span> <span class='ocrx_word' id='word_1_413' title='bbox 3222 2504 3513 2558; x_wconf 79' lang='lat' dir='ltr'><strong>personam</strong></span> 
     </span>
    </p>
   </div>
   <div class='ocr_carea' id='block_1_56' title="bbox 1938 2577 3509 2647">
    <p class='ocr_par' dir='ltr' id='par_1_56' title="bbox 1938 2577 3509 2647">
     <span class='ocr_line' id='line_1_56' title="bbox 1938 2577 3509 2647; baseline 0.005 -19"><span class='ocrx_word' id='word_1_414' title='bbox 1938 2592 2155 2644; x_wconf 89' lang='lat' dir='ltr'><strong>nempe,</strong></span> <span class='ocrx_word' id='word_1_415' title='bbox 2182 2585 2276 2630; x_wconf 87' lang='lat' dir='ltr'><strong>aut</strong></span> <span class='ocrx_word' id='word_1_416' title='bbox 2314 2577 2652 2647; x_wconf 84' lang='lat' dir='ltr'><strong>hypostasim</strong></span> <span class='ocrx_word' id='word_1_417' title='bbox 2697 2578 2910 2632; x_wconf 88' lang='lat' dir='ltr'><strong>adesse.</strong></span> <span class='ocrx_word' id='word_1_418' title='bbox 2958 2578 3301 2635; x_wconf 85' lang='lat' dir='ltr'><strong>Uuiversalia</strong></span> <span class='ocrx_word' id='word_1_419' title='bbox 3358 2582 3509 2636; x_wconf 89' lang='lat' dir='ltr'><strong>enim</strong></span> 
     </span>
    </p>
   </div>
   <div class='ocr_carea' id='block_1_57' title="bbox 1939 2667 3513 2735">
    <p class='ocr_par' dir='ltr' id='par_1_57' title="bbox 1939 2667 3513 2735">
     <span class='ocr_line' id='line_1_57' title="bbox 1939 2667 3513 2735; baseline 0.004 -14"><span class='ocrx_word' id='word_1_420' title='bbox 1939 2668 1992 2721; x_wconf 93' lang='lat' dir='ltr'><strong>in</strong></span> <span class='ocrx_word' id='word_1_421' title='bbox 2028 2667 2323 2723; x_wconf 86' lang='lat' dir='ltr'><strong>individuis</strong></span> <span class='ocrx_word' id='word_1_422' title='bbox 2364 2670 2733 2735; x_wconf 86' lang='lat' dir='ltr'><strong>considerata,</strong></span> <span class='ocrx_word' id='word_1_423' title='bbox 2773 2671 2966 2724; x_wconf 90' lang='lat' dir='ltr'><strong>borum</strong></span> <span class='ocrx_word' id='word_1_424' title='bbox 3014 2671 3221 2726; x_wconf 83' lang='lat' dir='ltr'><strong>faciunt</strong></span> <span class='ocrx_word' id='word_1_425' title='bbox 3253 2673 3320 2726; x_wconf 90' lang='lat' dir='ltr'><strong>ad</strong></span> <span class='ocrx_word' id='word_1_426' title='bbox 3359 2689 3513 2727; x_wconf 89' lang='lat' dir='ltr'><strong>com-</strong></span> 
     </span>
    </p>
   </div>
   <div class='ocr_carea' id='block_1_58' title="bbox 1939 2760 3513 2831">
    <p class='ocr_par' dir='ltr' id='par_1_58' title="bbox 1939 2760 3513 2831">
     <span class='ocr_line' id='line_1_58' title="bbox 1939 2760 3513 2831; baseline 0.005 -18"><span class='ocrx_word' id='word_1_427' title='bbox 1939 2760 2290 2828; x_wconf 87' lang='lat' dir='ltr'><strong>plementum,</strong></span> <span class='ocrx_word' id='word_1_428' title='bbox 2348 2772 2404 2814; x_wconf 91' lang='lat' dir='ltr'><strong>at</strong></span> <span class='ocrx_word' id='word_1_429' title='bbox 2455 2776 2562 2814; x_wconf 92' lang='lat' dir='ltr'><strong>non</strong></span> <span class='ocrx_word' id='word_1_430' title='bbox 2632 2760 2932 2831; x_wconf 83' lang='lat' dir='ltr'><strong>singularia</strong></span> <span class='ocrx_word' id='word_1_431' title='bbox 2978 2764 3032 2817; x_wconf 93' lang='lat' dir='ltr'><strong>in</strong></span> <span class='ocrx_word' id='word_1_432' title='bbox 3090 2764 3513 2821; x_wconf 87' lang='lat' dir='ltr'><strong>universalibus.</strong></span> 
     </span>
    </p>
   </div>
   <div class='ocr_carea' id='block_1_59' title="bbox 1938 2851 3515 2923">
    <p class='ocr_par' dir='ltr' id='par_1_59' title="bbox 1938 2851 3515 2923">
     <span class='ocr_line' id='line_1_59' title="bbox 1938 2851 3515 2923; baseline 0.006 -18"><span class='ocrx_word' id='word_1_433' title='bbox 1938 2851 2054 2905; x_wconf 73' lang='lat' dir='ltr'><strong>Non</strong></span> <span class='ocrx_word' id='word_1_434' title='bbox 2090 2853 2272 2920; x_wconf 82' lang='lat' dir='ltr'><strong>itaque</strong></span> <span class='ocrx_word' id='word_1_435' title='bbox 2300 2868 2365 2905; x_wconf 79' lang='lat' dir='ltr'><strong>ex</strong></span> <span class='ocrx_word' id='word_1_436' title='bbox 2405 2867 2471 2907; x_wconf 90' lang='lat' dir='ltr'><strong>eo</strong></span> <span class='ocrx_word' id='word_1_437' title='bbox 2518 2855 2662 2923; x_wconf 88' lang='lat' dir='ltr'><strong>quod</strong></span> <span class='ocrx_word' id='word_1_438' title='bbox 2700 2854 2936 2910; x_wconf 86' lang='lat' dir='ltr'><strong>dicimus</strong></span> <span class='ocrx_word' id='word_1_439' title='bbox 2989 2856 3127 2912; x_wconf 87' lang='lat' dir='ltr'><strong>duas</strong></span> <span class='ocrx_word' id='word_1_440' title='bbox 3189 2858 3242 2911; x_wconf 93' lang='lat' dir='ltr'><strong>in</strong></span> <span class='ocrx_word' id='word_1_441' title='bbox 3295 2858 3515 2915; x_wconf 87' lang='lat' dir='ltr'><strong>Christo</strong></span> 
     </span>
    </p>
   </div>
   <div class='ocr_carea' id='block_1_60' title="bbox 1938 2947 3513 3016">
    <p class='ocr_par' dir='ltr' id='par_1_60' title="bbox 1938 2947 3513 3016">
     <span class='ocr_line' id='line_1_60' title="bbox 1938 2947 3513 3016; baseline 0.007 -20"><span class='ocrx_word' id='word_1_442' title='bbox 1938 2955 2163 2998; x_wconf 80' lang='lat' dir='ltr'><strong>naturas</strong></span> <span class='ocrx_word' id='word_1_443' title='bbox 2221 2952 2275 2998; x_wconf 89' lang='lat' dir='ltr'><strong>et</strong></span> <span class='ocrx_word' id='word_1_444' title='bbox 2333 2961 2496 2998; x_wconf 91' lang='lat' dir='ltr'><strong>unam</strong></span> <span class='ocrx_word' id='word_1_445' title='bbox 2564 2947 2924 3016; x_wconf 84' lang='lat' dir='ltr'><strong>hypostasim,</strong></span> <span class='ocrx_word' id='word_1_446' title='bbox 2981 2949 3287 3003; x_wconf 90' lang='lat' dir='ltr'><strong>evincimur</strong></span> <span class='ocrx_word' id='word_1_447' title='bbox 3348 2952 3513 3006; x_wconf 90' lang='lat' dir='ltr'><strong>etiam</strong></span> 
     </span>
    </p>
   </div>
   <div class='ocr_carea' id='block_1_61' title="bbox 1937 3035 3515 3106">
    <p class='ocr_par' dir='ltr' id='par_1_61' title="bbox 1937 3035 3515 3106">
     <span class='ocr_line' id='line_1_61' title="bbox 1937 3035 3515 3106; baseline 0.007 -18"><span class='ocrx_word' id='word_1_448' title='bbox 1937 3035 2193 3089; x_wconf 85' lang='lat' dir='ltr'><strong>dicereet</strong></span> <span class='ocrx_word' id='word_1_449' title='bbox 2225 3036 2615 3091; x_wconf 90' lang='lat' dir='ltr'><strong>immistionem</strong></span> <span class='ocrx_word' id='word_1_450' title='bbox 2672 3052 3033 3106; x_wconf 89' lang='lat' dir='ltr'><strong>personarum</strong></span> <span class='ocrx_word' id='word_1_451' title='bbox 3086 3041 3222 3095; x_wconf 85' lang='lat' dir='ltr'><strong>ﬁeri.</strong></span> <span class='ocrx_word' id='word_1_452' title='bbox 3266 3040 3422 3097; x_wconf 86' lang='lat' dir='ltr'><strong>Nulla</strong></span> <span class='ocrx_word' id='word_1_453' title='bbox 3462 3044 3515 3099; x_wconf 81' lang='lat' dir='ltr'><strong>id</strong></span> 
     </span>
    </p>
   </div>
   <div class='ocr_carea' id='block_1_62' title="bbox 1936 3125 3514 3203">
    <p class='ocr_par' dir='ltr' id='par_1_62' title="bbox 1936 3125 3514 3203">
     <span class='ocr_line' id='line_1_62' title="bbox 1936 3125 3514 3203; baseline 0.008 -27"><span class='ocrx_word' id='word_1_454' title='bbox 1936 3125 2082 3194; x_wconf 76' lang='lat' dir='ltr'><strong>cogit</strong></span> <span class='ocrx_word' id='word_1_455' title='bbox 2145 3127 2306 3189; x_wconf 86' lang='lat' dir='ltr'><strong>ratio,</strong></span> <span class='ocrx_word' id='word_1_456' title='bbox 2359 3142 2482 3180; x_wconf 81' lang='lat' dir='ltr'><strong>cum</strong></span> <span class='ocrx_word' id='word_1_457' title='bbox 2547 3142 2654 3180; x_wconf 92' lang='lat' dir='ltr'><strong>non</strong></span> <span class='ocrx_word' id='word_1_458' title='bbox 2715 3128 2857 3182; x_wconf 91' lang='lat' dir='ltr'><strong>idem</strong></span> <span class='ocrx_word' id='word_1_459' title='bbox 2911 3131 2984 3184; x_wconf 88' lang='lat' dir='ltr'><strong>sit</strong></span> <span class='ocrx_word' id='word_1_460' title='bbox 3041 3140 3234 3186; x_wconf 91' lang='lat' dir='ltr'><strong>natura</strong></span> <span class='ocrx_word' id='word_1_461' title='bbox 3286 3144 3338 3188; x_wconf 84' lang='lat' dir='ltr'><strong>et</strong></span> <span class='ocrx_word' id='word_1_462' title='bbox 3394 3151 3514 3203; x_wconf 87' lang='lat' dir='ltr'><strong>per-</strong></span> 
     </span>
    </p>
   </div>
   <div class='ocr_carea' id='block_1_63' title="bbox 1936 3219 3516 3292">
    <p class='ocr_par' dir='ltr' id='par_1_63' title="bbox 1936 3219 3516 3292">
     <span class='ocr_line' id='line_1_63' title="bbox 1936 3219 3516 3292; baseline 0.006 -22"><span class='ocrx_word' id='word_1_463' title='bbox 1936 3232 2089 3280; x_wconf 89' lang='lat' dir='ltr'><strong>sona,</strong></span> <span class='ocrx_word' id='word_1_464' title='bbox 2124 3232 2297 3285; x_wconf 85' lang='lat' dir='ltr'><strong>neque</strong></span> <span class='ocrx_word' id='word_1_465' title='bbox 2344 3234 2449 3272; x_wconf 91' lang='lat' dir='ltr'><strong>una</strong></span> <span class='ocrx_word' id='word_1_466' title='bbox 2492 3233 2591 3287; x_wconf 87' lang='lat' dir='ltr'><strong>pro</strong></span> <span class='ocrx_word' id='word_1_467' title='bbox 2625 3219 2731 3273; x_wconf 90' lang='lat' dir='ltr'><strong>alia</strong></span> <span class='ocrx_word' id='word_1_468' title='bbox 2768 3231 3040 3287; x_wconf 88' lang='lat' dir='ltr'><strong>sumatur,</strong></span> <span class='ocrx_word' id='word_1_469' title='bbox 3103 3233 3161 3278; x_wconf 90' lang='lat' dir='ltr'><strong>ut</strong></span> <span class='ocrx_word' id='word_1_470' title='bbox 3214 3235 3348 3292; x_wconf 85' lang='lat' dir='ltr'><strong>quot</strong></span> <span class='ocrx_word' id='word_1_471' title='bbox 3403 3226 3516 3281; x_wconf 91' lang='lat' dir='ltr'><strong>sint</strong></span> 
     </span>
    </p>
   </div>
   <div class='ocr_carea' id='block_1_64' title="bbox 250 3291 1832 3382">
    <p class='ocr_par' dir='ltr' id='par_1_64' title="bbox 250 3307 1830 3382">
     <span class='ocr_line' id='line_1_64' title="bbox 250 3307 1830 3382; baseline 0.001 -19"><span class='ocrx_word' id='word_1_472' title='bbox 250 3312 333 3365; x_wconf 82' lang='grc' dir='ltr'>ῐνα</span> <span class='ocrx_word' id='word_1_473' title='bbox 354 3314 480 3364; x_wconf 80' lang='grc' dir='ltr'><strong>ὅσαι</strong></span> <span class='ocrx_word' id='word_1_474' title='bbox 510 3310 577 3364; x_wconf 76' lang='grc' dir='ltr'>ἂν</span> <span class='ocrx_word' id='word_1_475' title='bbox 598 3307 707 3364; x_wconf 77' lang='grc' dir='ltr'><strong>εἷεν</strong></span> <span class='ocrx_word' id='word_1_476' title='bbox 732 3314 786 3364; x_wconf 89' lang='grc' dir='ltr'><strong>αἱ</strong></span> <span class='ocrx_word' id='word_1_477' title='bbox 814 3312 1025 3381; x_wconf 74' lang='grc' dir='ltr'><strong>φύσεις,</strong></span> <span class='ocrx_word' id='word_1_478' title='bbox 1057 3313 1293 3365; x_wconf 80' lang='grc' dir='ltr'><strong>τοσαῦτα</strong></span> <span class='ocrx_word' id='word_1_479' title='bbox 1323 3317 1415 3365; x_wconf 74' lang='grc' dir='ltr'><strong>καὶ</strong></span> <span class='ocrx_word' id='word_1_480' title='bbox 1446 3313 1514 3365; x_wconf 75' lang='grc' dir='ltr'><strong>τὰ</strong></span> <span class='ocrx_word' id='word_1_481' title='bbox 1543 3314 1830 3382; x_wconf 83' lang='grc' dir='ltr'><strong>πρόσωπα.</strong></span> 
     </span>
    </p>
   </div>
   <div class='ocr_carea' id='block_1_65' title="bbox 1934 3291 3513 3382">
    <p class='ocr_par' dir='ltr' id='par_1_65' title="bbox 1943 3310 3513 3379">
     <span class='ocr_line' id='line_1_65' title="bbox 1943 3310 3513 3379; baseline 0.009 -21"><span class='ocrx_word' id='word_1_482' title='bbox 1943 3319 2172 3372; x_wconf 71' lang='lat' dir='ltr'><strong>ttalurtr,</strong></span> <span class='ocrx_word' id='word_1_483' title='bbox 2210 3315 2289 3359; x_wconf 91' lang='lat' dir='ltr'><strong>tot</strong></span> <span class='ocrx_word' id='word_1_484' title='bbox 2345 3310 2511 3361; x_wconf 88' lang='lat' dir='ltr'><strong>etiam</strong></span> <span class='ocrx_word' id='word_1_485' title='bbox 2573 3311 2683 3363; x_wconf 78' lang='lat' dir='ltr'><strong>sint</strong></span> <span class='ocrx_word' id='word_1_486' title='bbox 2742 3326 3010 3379; x_wconf 66' lang='lat' dir='ltr'><strong>personat.</strong></span> <span class='ocrx_word' id='word_1_487' title='bbox 3046 3312 3101 3366; x_wconf 88' lang='lat' dir='ltr'><strong>In</strong></span> <span class='ocrx_word' id='word_1_488' title='bbox 3152 3315 3339 3370; x_wconf 86' lang='lat' dir='ltr'><strong>multis</strong></span> <span class='ocrx_word' id='word_1_489' title='bbox 3368 3320 3513 3372; x_wconf 89' lang='lat' dir='ltr'><strong>enim</strong></span> 
     </span>
    </p>
   </div>
   <div class='ocr_carea' id='block_1_66' title="bbox 261 3400 1832 3474">
    <p class='ocr_par' dir='ltr' id='par_1_66' title="bbox 261 3400 1832 3474">
     <span class='ocr_line' id='line_1_66' title="bbox 261 3400 1832 3474; baseline 0.001 -20"><span class='ocrx_word' id='word_1_490' title='bbox 261 3400 345 3454; x_wconf 87' lang='grc' dir='ltr'><strong>Ἐν</strong></span> <span class='ocrx_word' id='word_1_491' title='bbox 379 3403 605 3466; x_wconf 82' lang='grc' dir='ltr'>πολλοῖς</span> <span class='ocrx_word' id='word_1_492' title='bbox 636 3405 745 3473; x_wconf 82' lang='grc' dir='ltr'><strong>γὰρ</strong></span> <span class='ocrx_word' id='word_1_493' title='bbox 773 3403 981 3456; x_wconf 68' lang='grc' dir='ltr'><strong>ἔνεστιν</strong></span> <span class='ocrx_word' id='word_1_494' title='bbox 1020 3404 1149 3455; x_wconf 77' lang='grc' dir='ltr'>ἰδεῖν</span> <span class='ocrx_word' id='word_1_495' title='bbox 1179 3405 1238 3455; x_wconf 85' lang='grc' dir='ltr'><strong>ὲν</strong></span> <span class='ocrx_word' id='word_1_496' title='bbox 1279 3406 1381 3474; x_wconf 81' lang='grc' dir='ltr'><strong>μιᾷ</strong></span> <span class='ocrx_word' id='word_1_497' title='bbox 1414 3405 1711 3459; x_wconf 77' lang='grc' dir='ltr'><strong>ὑποστάσει</strong></span> <span class='ocrx_word' id='word_1_498' title='bbox 1739 3403 1832 3456; x_wconf 82' lang='grc' dir='ltr'><strong>δύο</strong></span> 
     </span>
    </p>
   </div>
   <div class='ocr_carea' id='block_1_67' title="bbox 250 3493 1831 3566">
    <p class='ocr_par' dir='ltr' id='par_1_67' title="bbox 250 3493 1831 3566">
     <span class='ocr_line' id='line_1_67' title="bbox 250 3493 1831 3566; baseline 0.002 -21"><span class='ocrx_word' id='word_1_499' title='bbox 250 3493 443 3559; x_wconf 67' lang='grc' dir='ltr'><strong>φύσεις</strong></span> <span class='ocrx_word' id='word_1_500' title='bbox 486 3495 893 3565; x_wconf 81' lang='grc' dir='ltr'><strong>θεωρουμένας,</strong></span> <span class='ocrx_word' id='word_1_501' title='bbox 925 3497 1020 3548; x_wconf 76' lang='grc' dir='ltr'>καὶ</span> <span class='ocrx_word' id='word_1_502' title='bbox 1058 3495 1152 3549; x_wconf 87' lang='grc' dir='ltr'><strong>δύο</strong></span> <span class='ocrx_word' id='word_1_503' title='bbox 1190 3496 1405 3565; x_wconf 80' lang='grc' dir='ltr'><strong>φύσεων</strong></span> <span class='ocrx_word' id='word_1_504' title='bbox 1434 3496 1603 3549; x_wconf 76' lang='grc' dir='ltr'><strong>ὄντων</strong></span> <span class='ocrx_word' id='word_1_505' title='bbox 1630 3496 1705 3566; x_wconf 82' lang='grc' dir='ltr'><strong>μὴ</strong></span> <span class='ocrx_word' id='word_1_506' title='bbox 1743 3498 1831 3564; x_wconf 74' lang='grc' dir='ltr'>γίσ</span> 
     </span>
    </p>
   </div>
   <div class='ocr_carea' id='block_1_68' title="bbox 246 3586 1829 3659">
    <p class='ocr_par' dir='ltr' id='par_1_68' title="bbox 246 3586 1829 3659">
     <span class='ocr_line' id='line_1_68' title="bbox 246 3586 1829 3659; baseline 0.002 -23"><span class='ocrx_word' id='word_1_507' title='bbox 246 3586 434 3639; x_wconf 86' lang='grc' dir='ltr'><strong>νεσθαι</strong></span> <span class='ocrx_word' id='word_1_508' title='bbox 481 3586 581 3639; x_wconf 82' lang='grc' dir='ltr'><strong>δύο</strong></span> <span class='ocrx_word' id='word_1_509' title='bbox 624 3586 938 3657; x_wconf 84' lang='grc' dir='ltr'><strong>προσώπων</strong></span> <span class='ocrx_word' id='word_1_510' title='bbox 987 3589 1068 3651; x_wconf 76' lang='grc' dir='ltr'><strong>εἰς</strong></span> <span class='ocrx_word' id='word_1_511' title='bbox 1113 3588 1231 3649; x_wconf 74' lang='grc' dir='ltr'>ἑνὸς</span> <span class='ocrx_word' id='word_1_512' title='bbox 1284 3587 1573 3659; x_wconf 88' lang='grc' dir='ltr'><strong>προσώπου</strong></span> <span class='ocrx_word' id='word_1_513' title='bbox 1612 3590 1829 3657; x_wconf 79' lang='grc' dir='ltr'>κρᾶσιν,</span> 
     </span>
    </p>
   </div>
   <div class='ocr_carea' id='block_1_69' title="bbox 244 3673 1834 3751">
    <p class='ocr_par' dir='ltr' id='par_1_69' title="bbox 244 3673 1834 3751">
     <span class='ocr_line' id='line_1_69' title="bbox 244 3673 1834 3751; baseline 0.002 -23"><span class='ocrx_word' id='word_1_514' title='bbox 244 3673 355 3732; x_wconf 76' lang='grc' dir='ltr'>οἷον</span> <span class='ocrx_word' id='word_1_515' title='bbox 385 3680 487 3732; x_wconf 75' lang='grc' dir='ltr'><strong>ἐπὶ</strong></span> <span class='ocrx_word' id='word_1_516' title='bbox 533 3678 629 3731; x_wconf 80' lang='grc' dir='ltr'><strong>τοῦ</strong></span> <span class='ocrx_word' id='word_1_517' title='bbox 659 3679 978 3735; x_wconf 86' lang='grc' dir='ltr'><strong>καθέκαστα</strong></span> <span class='ocrx_word' id='word_1_518' title='bbox 1002 3681 1313 3751; x_wconf 87' lang='grc' dir='ltr'><strong>ἀνθρώπου,</strong></span> <span class='ocrx_word' id='word_1_519' title='bbox 1348 3683 1443 3735; x_wconf 75' lang='grc' dir='ltr'><strong>καὶ</strong></span> <span class='ocrx_word' id='word_1_520' title='bbox 1477 3684 1570 3734; x_wconf 77' lang='grc' dir='ltr'><strong>ἐπὶ</strong></span> <span class='ocrx_word' id='word_1_521' title='bbox 1604 3682 1698 3734; x_wconf 82' lang='grc' dir='ltr'><strong>τοῦ</strong></span> <span class='ocrx_word' id='word_1_522' title='bbox 1752 3699 1834 3732; x_wconf 87' lang='grc' dir='ltr'><strong>σι-</strong></span> 
     </span>
    </p>
   </div>
   <div class='ocr_carea' id='block_1_70' title="bbox 243 3768 1833 3841">
    <p class='ocr_par' dir='ltr' id='par_1_70' title="bbox 243 3768 1833 3841">
     <span class='ocr_line' id='line_1_70' title="bbox 243 3768 1833 3841; baseline 0.004 -20"><span class='ocrx_word' id='word_1_523' title='bbox 243 3768 405 3840; x_wconf 81' lang='grc' dir='ltr'><strong>δήρου</strong></span> <span class='ocrx_word' id='word_1_524' title='bbox 424 3771 526 3824; x_wconf 83' lang='grc' dir='ltr'><strong>τοῦ</strong></span> <span class='ocrx_word' id='word_1_525' title='bbox 550 3772 1085 3841; x_wconf 83' lang='grc' dir='ltr'><strong>πεπυρακτωμένου,</strong></span> <span class='ocrx_word' id='word_1_526' title='bbox 1124 3774 1219 3826; x_wconf 73' lang='grc' dir='ltr'>καὶ</span> <span class='ocrx_word' id='word_1_527' title='bbox 1253 3775 1340 3826; x_wconf 80' lang='grc' dir='ltr'><strong>ἐπ’</strong></span> <span class='ocrx_word' id='word_1_528' title='bbox 1358 3774 1533 3828; x_wconf 82' lang='grc' dir='ltr'>ἄλλων</span> <span class='ocrx_word' id='word_1_529' title='bbox 1563 3773 1833 3827; x_wconf 76' lang='grc' dir='ltr'><strong>πλείστων</strong></span> 
     </span>
    </p>
   </div>
   <div class='ocr_carea' id='block_1_71' title="bbox 242 3858 1832 3938">
    <p class='ocr_par' dir='ltr' id='par_1_71' title="bbox 242 3858 1832 3938">
     <span class='ocr_line' id='line_1_71' title="bbox 242 3858 1832 3938; baseline 0.006 -28"><span class='ocrx_word' id='word_1_530' title='bbox 242 3858 331 3913; x_wconf 83' lang='grc' dir='ltr'><strong>δύο</strong></span> <span class='ocrx_word' id='word_1_531' title='bbox 356 3861 560 3931; x_wconf 77' lang='grc' dir='ltr'><strong>φύσεις</strong></span> <span class='ocrx_word' id='word_1_532' title='bbox 589 3862 851 3932; x_wconf 73' lang='grc' dir='ltr'><strong>εὕρηνται</strong></span> <span class='ocrx_word' id='word_1_533' title='bbox 899 3863 1223 3933; x_wconf 82' lang='grc' dir='ltr'>ἀσυγχύτως</span> <span class='ocrx_word' id='word_1_534' title='bbox 1278 3867 1580 3935; x_wconf 81' lang='grc' dir='ltr'><strong>ἡνωμέναι,</strong></span> <span class='ocrx_word' id='word_1_535' title='bbox 1613 3869 1673 3920; x_wconf 89' lang='grc' dir='ltr'><strong>οὑ</strong></span> <span class='ocrx_word' id='word_1_536' title='bbox 1725 3868 1832 3938; x_wconf 77' lang='grc' dir='ltr'><strong>μὴν</strong></span> 
     </span>
    </p>
   </div>
   <div class='ocr_carea' id='block_1_72' title="bbox 242 3956 1829 4029">
    <p class='ocr_par' dir='ltr' id='par_1_72' title="bbox 242 3956 1829 4029">
     <span class='ocr_line' id='line_1_72' title="bbox 242 3956 1829 4029; baseline 0.004 -23"><span class='ocrx_word' id='word_1_537' title='bbox 242 3956 333 4006; x_wconf 71' lang='grc' dir='ltr'><strong>καὶ</strong></span> <span class='ocrx_word' id='word_1_538' title='bbox 363 3957 649 4025; x_wconf 88' lang='grc' dir='ltr'><strong>πρόσωπα</strong></span> <span class='ocrx_word' id='word_1_539' title='bbox 687 3957 803 4022; x_wconf 86' lang='grc' dir='ltr'><strong>δύο,</strong></span> <span class='ocrx_word' id='word_1_540' title='bbox 840 3960 926 4011; x_wconf 84' lang='grc' dir='ltr'><strong>ἵνα</strong></span> <span class='ocrx_word' id='word_1_541' title='bbox 960 3958 1056 4010; x_wconf 66' lang='grc' dir='ltr'><strong>κα)Ι</strong></span> <span class='ocrx_word' id='word_1_542' title='bbox 1102 3957 1243 4011; x_wconf 85' lang='grc' dir='ltr'>κατά</span> <span class='ocrx_word' id='word_1_543' title='bbox 1291 3960 1488 4029; x_wconf 81' lang='grc' dir='ltr'><strong>κρᾶσιν</strong></span> <span class='ocrx_word' id='word_1_544' title='bbox 1523 3960 1616 4011; x_wconf 69' lang='grc' dir='ltr'>καὶ</span> <span class='ocrx_word' id='word_1_545' title='bbox 1647 3959 1705 4011; x_wconf 83' lang='grc' dir='ltr'><strong>ἒν</strong></span> <span class='ocrx_word' id='word_1_546' title='bbox 1733 3960 1829 4027; x_wconf 87' lang='grc' dir='ltr'><strong>γέ-</strong></span> 
     </span>
    </p>
   </div>
   <div class='ocr_carea' id='block_1_73' title="bbox 241 4049 1831 4122">
    <p class='ocr_par' dir='ltr' id='par_1_73' title="bbox 241 4049 1831 4122">
     <span class='ocr_line' id='line_1_73' title="bbox 241 4049 1831 4122; baseline 0.004 -23"><span class='ocrx_word' id='word_1_547' title='bbox 241 4064 458 4103; x_wconf 86' lang='grc' dir='ltr'><strong>νωνται.</strong></span> <span class='ocrx_word' id='word_1_548' title='bbox 511 4049 791 4112; x_wconf 82' lang='grc' dir='ltr'><strong>Ὡσαύτως</strong></span> <span class='ocrx_word' id='word_1_549' title='bbox 835 4050 1019 4104; x_wconf 75' lang='grc' dir='ltr'>δὲκαὶ</span> <span class='ocrx_word' id='word_1_550' title='bbox 1069 4051 1131 4103; x_wconf 85' lang='grc' dir='ltr'><strong>τὸ</strong></span> <span class='ocrx_word' id='word_1_551' title='bbox 1160 4050 1256 4103; x_wconf 82' lang='grc' dir='ltr'><strong>τοῦ</strong></span> <span class='ocrx_word' id='word_1_552' title='bbox 1312 4052 1637 4106; x_wconf 81' lang='grc' dir='ltr'><strong>’Λποστόλου</strong></span> <span class='ocrx_word' id='word_1_553' title='bbox 1668 4054 1831 4122; x_wconf 77' lang='grc' dir='ltr'>ῥητὸν</span> 
     </span>
    </p>
   </div>
   <div class='ocr_carea' id='block_1_74' title="bbox 242 4138 1832 4210">
    <p class='ocr_par' dir='ltr' id='par_1_74' title="bbox 242 4138 1832 4210">
     <span class='ocr_line' id='line_1_74' title="bbox 242 4138 1832 4210; baseline 0.003 -21"><span class='ocrx_word' id='word_1_554' title='bbox 242 4138 426 4201; x_wconf 84' lang='grc' dir='ltr'>κακῶς</span> <span class='ocrx_word' id='word_1_555' title='bbox 462 4139 716 4207; x_wconf 82' lang='grc' dir='ltr'>συνῆκας</span> <span class='ocrx_word' id='word_1_556' title='bbox 741 4140 803 4191; x_wconf 74' lang='grc' dir='ltr'><strong>τὸ</strong></span> <span class='ocrx_word' id='word_1_557' title='bbox 847 4139 1170 4210; x_wconf 86' lang='grc' dir='ltr'><strong>λεγόμενον·</strong></span> <span class='ocrx_word' id='word_1_558' title='bbox 1206 4141 1310 4205; x_wconf 87' lang='grc' dir='ltr'>Ὃς</span> <span class='ocrx_word' id='word_1_559' title='bbox 1346 4140 1416 4192; x_wconf 80' lang='grc' dir='ltr'><strong>ἐν</strong></span> <span class='ocrx_word' id='word_1_560' title='bbox 1448 4140 1651 4208; x_wconf 68' lang='grc' dir='ltr'><strong>μορφῇ</strong></span> <span class='ocrx_word' id='word_1_561' title='bbox 1684 4139 1832 4194; x_wconf 83' lang='grc' dir='ltr'><strong>Θεοῦ</strong></span> 
     </span>
    </p>
   </div>
   <div class='ocr_carea' id='block_1_75' title="bbox 240 4226 1833 4299">
    <p class='ocr_par' dir='ltr' id='par_1_75' title="bbox 240 4226 1833 4299">
     <span class='ocr_line' id='line_1_75' title="bbox 240 4226 1833 4299; baseline 0.003 -18"><span class='ocrx_word' id='word_1_562' title='bbox 240 4226 557 4298; x_wconf 76' lang='grc' dir='ltr'><strong>ὑπάρχων,</strong></span> <span class='ocrx_word' id='word_1_563' title='bbox 590 4231 703 4299; x_wconf 81' lang='grc' dir='ltr'><strong>οὐχ</strong></span> <span class='ocrx_word' id='word_1_564' title='bbox 734 4229 1050 4299; x_wconf 74' lang='grc' dir='ltr'><strong>ἁρπαγμὸν</strong></span> <span class='ocrx_word' id='word_1_565' title='bbox 1096 4229 1371 4299; x_wconf 74' lang='grc' dir='ltr'><strong>ἡγήσατο</strong></span> <span class='ocrx_word' id='word_1_566' title='bbox 1422 4231 1487 4284; x_wconf 86' lang='grc' dir='ltr'><strong>τὸ</strong></span> <span class='ocrx_word' id='word_1_567' title='bbox 1535 4231 1688 4285; x_wconf 76' lang='grc' dir='ltr'><strong>εἶναι</strong></span> <span class='ocrx_word' id='word_1_568' title='bbox 1726 4233 1833 4286; x_wconf 79' lang='grc' dir='ltr'><strong>ἴσα</strong></span> 
     </span>
    </p>
   </div>
   <div class='ocr_carea' id='block_1_76' title="bbox 245 4321 1829 4391">
    <p class='ocr_par' dir='ltr' id='par_1_76' title="bbox 245 4321 1829 4391">
     <span class='ocr_line' id='line_1_76' title="bbox 245 4321 1829 4391; baseline 0.002 -18"><span class='ocrx_word' id='word_1_569' title='bbox 245 4321 383 4385; x_wconf 83' lang='grc' dir='ltr'><strong>Θεῷ,</strong></span> <span class='ocrx_word' id='word_1_570' title='bbox 407 4323 557 4375; x_wconf 72' lang='grc' dir='ltr'><strong>ἀλλ’</strong></span> <span class='ocrx_word' id='word_1_571' title='bbox 578 4322 799 4376; x_wconf 82' lang='grc' dir='ltr'><strong>ἑαυτὸν</strong></span> <span class='ocrx_word' id='word_1_572' title='bbox 819 4324 1080 4377; x_wconf 78' lang='grc' dir='ltr'><strong>ἑκένωσε</strong></span> <span class='ocrx_word' id='word_1_573' title='bbox 1097 4323 1343 4391; x_wconf 69' lang='grc' dir='ltr'><strong>μορφὴν</strong></span> <span class='ocrx_word' id='word_1_574' title='bbox 1366 4323 1590 4377; x_wconf 76' lang='grc' dir='ltr'><strong>δούλου</strong></span> <span class='ocrx_word' id='word_1_575' title='bbox 1610 4325 1829 4382; x_wconf 74' lang='grc' dir='ltr'><strong>λαϐὼν.</strong></span> 
     </span>
    </p>
   </div>
   <div class='ocr_carea' id='block_1_77' title="bbox 244 4408 1831 4487">
    <p class='ocr_par' dir='ltr' id='par_1_77' title="bbox 244 4408 1831 4487">
     <span class='ocr_line' id='line_1_77' title="bbox 244 4408 1831 4487; baseline 0.004 -26"><span class='ocrx_word' id='word_1_576' title='bbox 244 4408 312 4461; x_wconf 75' lang='grc' dir='ltr'>Τὸ</span> <span class='ocrx_word' id='word_1_577' title='bbox 346 4412 448 4480; x_wconf 78' lang='grc' dir='ltr'><strong>μὲν</strong></span> <span class='ocrx_word' id='word_1_578' title='bbox 474 4408 578 4464; x_wconf 74' lang='grc' dir='ltr'><strong>οὖν</strong></span> <span class='ocrx_word' id='word_1_579' title='bbox 607 4412 705 4481; x_wconf 78' lang='grc' dir='ltr'><strong>τῆς</strong></span> <span class='ocrx_word' id='word_1_580' title='bbox 730 4413 943 4482; x_wconf 67' lang='grc' dir='ltr'><strong>μορφῆς</strong></span> <span class='ocrx_word' id='word_1_581' title='bbox 977 4414 1005 4465; x_wconf 87' lang='grc' dir='ltr'><strong>ὃ</strong></span> <span class='ocrx_word' id='word_1_582' title='bbox 1052 4430 1109 4465; x_wconf 86' lang='grc' dir='ltr'><strong>τε</strong></span> <span class='ocrx_word' id='word_1_583' title='bbox 1148 4414 1319 4481; x_wconf 80' lang='grc' dir='ltr'>μέγας</span> <span class='ocrx_word' id='word_1_584' title='bbox 1347 4414 1621 4477; x_wconf 86' lang='grc' dir='ltr'>Βασίλειος</span> <span class='ocrx_word' id='word_1_585' title='bbox 1654 4418 1711 4468; x_wconf 83' lang='grc' dir='ltr'>ὲν</span> <span class='ocrx_word' id='word_1_586' title='bbox 1733 4419 1831 4487; x_wconf 80' lang='grc' dir='ltr'><strong>ἴσῳ</strong></span> 
     </span>
    </p>
   </div>
   <div class='ocr_carea' id='block_1_78' title="bbox 239 4501 1829 4578">
    <p class='ocr_par' dir='ltr' id='par_1_78' title="bbox 239 4501 1829 4578">
     <span class='ocr_line' id='line_1_78' title="bbox 239 4501 1829 4578; baseline 0.006 -26"><span class='ocrx_word' id='word_1_587' title='bbox 239 4501 498 4555; x_wconf 81' lang='grc' dir='ltr'><strong>δύνασθαι</strong></span> <span class='ocrx_word' id='word_1_588' title='bbox 540 4504 837 4572; x_wconf 80' lang='grc' dir='ltr'><strong>σημαίνειν</strong></span> <span class='ocrx_word' id='word_1_589' title='bbox 880 4505 956 4575; x_wconf 76' lang='grc' dir='ltr'><strong>τῷ</strong></span> <span class='ocrx_word' id='word_1_590' title='bbox 988 4506 1047 4557; x_wconf 82' lang='grc' dir='ltr'>ὲν</span> <span class='ocrx_word' id='word_1_591' title='bbox 1090 4506 1250 4576; x_wconf 78' lang='grc' dir='ltr'>οὐσία</span> <span class='ocrx_word' id='word_1_592' title='bbox 1284 4507 1377 4559; x_wconf 80' lang='grc' dir='ltr'>καὶ</span> <span class='ocrx_word' id='word_1_593' title='bbox 1405 4506 1568 4574; x_wconf 89' lang='grc' dir='ltr'><strong>φύσει</strong></span> <span class='ocrx_word' id='word_1_594' title='bbox 1620 4511 1683 4578; x_wconf 81' lang='grc' dir='ltr'><strong>τῇ</strong></span> <span class='ocrx_word' id='word_1_595' title='bbox 1723 4526 1829 4560; x_wconf 83' lang='grc' dir='ltr'><strong>πα-</strong></span> 
     </span>
    </p>
   </div>
   <div class='ocr_carea' id='block_1_79' title="bbox 239 4595 1902 4680">
    <p class='ocr_par' dir='ltr' id='par_1_79' title="bbox 239 4595 1902 4680">
     <span class='ocr_line' id='line_1_79' title="bbox 239 4595 1902 4680; baseline 0.007 -38"><span class='ocrx_word' id='word_1_596' title='bbox 239 4598 394 4665; x_wconf 79' lang='grc' dir='ltr'><strong>τρικῇ</strong></span> <span class='ocrx_word' id='word_1_597' title='bbox 436 4596 537 4649; x_wconf 78' lang='grc' dir='ltr'><strong>τὸν</strong></span> <span class='ocrx_word' id='word_1_598' title='bbox 577 4596 706 4648; x_wconf 73' lang='grc' dir='ltr'>Υίὸν</span> <span class='ocrx_word' id='word_1_599' title='bbox 738 4595 891 4659; x_wconf 75' lang='grc' dir='ltr'><strong>ὄντα,</strong></span> <span class='ocrx_word' id='word_1_600' title='bbox 951 4596 1166 4667; x_wconf 78' lang='grc' dir='ltr'><strong>μορφὴν</strong></span> <span class='ocrx_word' id='word_1_601' title='bbox 1218 4597 1428 4662; x_wconf 81' lang='grc' dir='ltr'><strong>δούλου,</strong></span> <span class='ocrx_word' id='word_1_602' title='bbox 1464 4600 1631 4669; x_wconf 73' lang='grc' dir='ltr'>ἤγουν</span> <span class='ocrx_word' id='word_1_603' title='bbox 1665 4601 1827 4669; x_wconf 72' lang='grc' dir='ltr'><strong>φύσιν</strong></span> <span class='ocrx_word' id='word_1_604' title='bbox 1858 4625 1902 4680; x_wconf 74' lang='grc' dir='ltr'><strong>ι)</strong></span> 
     </span>
    </p>
   </div>
   <div class='ocr_carea' id='block_1_80' title="bbox 240 4686 1824 4762">
    <p class='ocr_par' dir='ltr' id='par_1_80' title="bbox 240 4686 1824 4762">
     <span class='ocr_line' id='line_1_80' title="bbox 240 4686 1824 4762; baseline 0.005 -26"><span class='ocrx_word' id='word_1_605' title='bbox 240 4686 607 4756; x_wconf 81' lang='grc' dir='ltr'>ἀνειληφέναι</span> <span class='ocrx_word' id='word_1_606' title='bbox 656 4687 748 4739; x_wconf 73' lang='grc' dir='ltr'><strong>τὸν</strong></span> <span class='ocrx_word' id='word_1_607' title='bbox 788 4686 1013 4757; x_wconf 82' lang='grc' dir='ltr'><strong>Κύριον,</strong></span> <span class='ocrx_word' id='word_1_608' title='bbox 1071 4688 1166 4740; x_wconf 76' lang='grc' dir='ltr'>καὶ</span> <span class='ocrx_word' id='word_1_609' title='bbox 1195 4690 1454 4757; x_wconf 88' lang='grc' dir='ltr'><strong>γεγονότα</strong></span> <span class='ocrx_word' id='word_1_610' title='bbox 1504 4691 1824 4762; x_wconf 80' lang='grc' dir='ltr'><strong>ἄνθρωπον·</strong></span> 
     </span>
    </p>
   </div>
   <div class='ocr_carea' id='block_1_81' title="bbox 240 4777 1831 4852">
    <p class='ocr_par' dir='ltr' id='par_1_81' title="bbox 240 4777 1831 4852">
     <span class='ocr_line' id='line_1_81' title="bbox 240 4777 1831 4852; baseline 0.004 -24"><span class='ocrx_word' id='word_1_611' title='bbox 240 4779 327 4829; x_wconf 71' lang='grc' dir='ltr'><strong>καὶ</strong></span> <span class='ocrx_word' id='word_1_612' title='bbox 359 4781 479 4831; x_wconf 78' lang='grc' dir='ltr'><strong>ὅσοι</strong></span> <span class='ocrx_word' id='word_1_613' title='bbox 521 4780 596 4832; x_wconf 80' lang='grc' dir='ltr'><strong>ἂν</strong></span> <span class='ocrx_word' id='word_1_614' title='bbox 652 4777 809 4831; x_wconf 77' lang='grc' dir='ltr'><strong>τοῦδε</strong></span> <span class='ocrx_word' id='word_1_615' title='bbox 865 4778 960 4830; x_wconf 82' lang='grc' dir='ltr'><strong>τοῦ</strong></span> <span class='ocrx_word' id='word_1_616' title='bbox 992 4778 1156 4849; x_wconf 71' lang='grc' dir='ltr'>ῥητοῦ</span> <span class='ocrx_word' id='word_1_617' title='bbox 1209 4781 1308 4851; x_wconf 75' lang='grc' dir='ltr'><strong>τὴν</strong></span> <span class='ocrx_word' id='word_1_618' title='bbox 1354 4780 1614 4852; x_wconf 79' lang='grc' dir='ltr'><strong>ἐξήγησιν</strong></span> <span class='ocrx_word' id='word_1_619' title='bbox 1644 4784 1831 4852; x_wconf 79' lang='grc' dir='ltr'><strong>ἐποιή-</strong></span> 
     </span>
    </p>
   </div>
   <div class='ocr_carea' id='block_1_82' title="bbox 244 4867 1830 4941">
    <p class='ocr_par' dir='ltr' id='par_1_82' title="bbox 244 4867 1830 4941">
     <span class='ocr_line' id='line_1_82' title="bbox 244 4867 1830 4941; baseline 0.011 -31"><span class='ocrx_word' id='word_1_620' title='bbox 244 4882 395 4920; x_wconf 75' lang='grc' dir='ltr'><strong>σαντο</strong></span> <span class='ocrx_word' id='word_1_621' title='bbox 428 4868 714 4937; x_wconf 82' lang='grc' dir='ltr'><strong>Πατέρες,</strong></span> <span class='ocrx_word' id='word_1_622' title='bbox 748 4869 805 4919; x_wconf 78' lang='grc' dir='ltr'><strong>ὲν</strong></span> <span class='ocrx_word' id='word_1_623' title='bbox 835 4867 1015 4938; x_wconf 74' lang='grc' dir='ltr'>οὐσίᾳ,</span> <span class='ocrx_word' id='word_1_624' title='bbox 1050 4869 1171 4937; x_wconf 72' lang='grc' dir='ltr'><strong>ἦτοι</strong></span> <span class='ocrx_word' id='word_1_625' title='bbox 1203 4869 1384 4936; x_wconf 82' lang='grc' dir='ltr'><strong>φύσει,</strong></span> <span class='ocrx_word' id='word_1_626' title='bbox 1408 4871 1467 4923; x_wconf 87' lang='grc' dir='ltr'><strong>τὸ</strong></span> <span class='ocrx_word' id='word_1_627' title='bbox 1489 4872 1587 4941; x_wconf 82' lang='grc' dir='ltr'><strong>τῆς</strong></span> <span class='ocrx_word' id='word_1_628' title='bbox 1617 4874 1830 4941; x_wconf 76' lang='grc' dir='ltr'><strong>μορφῆς</strong></span> 
     </span>
    </p>
   </div>
   <div class='ocr_carea' id='block_1_83' title="bbox 241 4956 1831 5030">
    <p class='ocr_par' dir='ltr' id='par_1_83' title="bbox 241 4956 1831 5030">
     <span class='ocr_line' id='line_1_83' title="bbox 241 4956 1831 5030; baseline 0.004 -22"><span class='ocrx_word' id='word_1_629' title='bbox 241 4956 402 5027; x_wconf 73' lang='grc' dir='ltr'><strong>ὄνομα</strong></span> <span class='ocrx_word' id='word_1_630' title='bbox 428 4959 739 5030; x_wconf 73' lang='grc' dir='ltr'>σημαίνειν</span> <span class='ocrx_word' id='word_1_631' title='bbox 768 4960 1107 5029; x_wconf 86' lang='grc' dir='ltr'><strong>νενοήκασιν.</strong></span> <span class='ocrx_word' id='word_1_632' title='bbox 1133 4956 1303 5021; x_wconf 79' lang='grc' dir='ltr'>Αὐτὸς</span> <span class='ocrx_word' id='word_1_633' title='bbox 1329 4956 1420 5014; x_wconf 75' lang='grc' dir='ltr'><strong>οὖν</strong></span> <span class='ocrx_word' id='word_1_634' title='bbox 1446 4963 1539 5014; x_wconf 79' lang='grc' dir='ltr'><strong>καὶ</strong></span> <span class='ocrx_word' id='word_1_635' title='bbox 1564 4962 1683 5015; x_wconf 83' lang='grc' dir='ltr'><strong>τόδε</strong></span> <span class='ocrx_word' id='word_1_636' title='bbox 1705 4980 1831 5015; x_wconf 83' lang='grc' dir='ltr'><strong>ταυ-</strong></span> 
     </span>
    </p>
   </div>
   <div class='ocr_carea' id='block_1_84' title="bbox 240 5049 1830 5125">
    <p class='ocr_par' dir='ltr' id='par_1_84' title="bbox 240 5049 1830 5125">
     <span class='ocr_line' id='line_1_84' title="bbox 240 5049 1830 5125; baseline 0.005 -24"><span class='ocrx_word' id='word_1_637' title='bbox 240 5049 321 5102; x_wconf 69' lang='grc' dir='ltr'><strong>τὸν</strong></span> <span class='ocrx_word' id='word_1_638' title='bbox 355 5054 726 5123; x_wconf 73' lang='grc' dir='ltr'>ἡγησάμενος</span> <span class='ocrx_word' id='word_1_639' title='bbox 778 5052 1063 5123; x_wconf 81' lang='grc' dir='ltr'>σημαίνειν</span> <span class='ocrx_word' id='word_1_640' title='bbox 1101 5053 1178 5123; x_wconf 82' lang='grc' dir='ltr'><strong>τῷ</strong></span> <span class='ocrx_word' id='word_1_641' title='bbox 1227 5053 1505 5125; x_wconf 84' lang='grc' dir='ltr'><strong>προσώπῳ</strong></span> <span class='ocrx_word' id='word_1_642' title='bbox 1556 5054 1699 5109; x_wconf 79' lang='grc' dir='ltr'>καθα</span> <span class='ocrx_word' id='word_1_643' title='bbox 1736 5055 1830 5109; x_wconf 78' lang='grc' dir='ltr'>καὶ</span> 
     </span>
    </p>
   </div>
   <div class='ocr_carea' id='block_1_85' title="bbox 240 5144 1819 5217">
    <p class='ocr_par' dir='ltr' id='par_1_85' title="bbox 240 5144 1819 5217">
     <span class='ocr_line' id='line_1_85' title="bbox 240 5144 1819 5217; baseline 0.006 -24"><span class='ocrx_word' id='word_1_644' title='bbox 240 5144 329 5214; x_wconf 75' lang='grc' dir='ltr'><strong>τὴν</strong></span> <span class='ocrx_word' id='word_1_645' title='bbox 358 5146 556 5213; x_wconf 74' lang='grc' dir='ltr'><strong>φύσιν,</strong></span> <span class='ocrx_word' id='word_1_646' title='bbox 583 5144 827 5216; x_wconf 78' lang='grc' dir='ltr'>ἀμαθῶς</span> <span class='ocrx_word' id='word_1_647' title='bbox 864 5148 954 5199; x_wconf 78' lang='grc' dir='ltr'>καὶ</span> <span class='ocrx_word' id='word_1_648' title='bbox 983 5147 1387 5210; x_wconf 77' lang='grc' dir='ltr'>ἀναποδείκτως</span> <span class='ocrx_word' id='word_1_649' title='bbox 1416 5148 1819 5217; x_wconf 84' lang='grc' dir='ltr'><strong>συμπεραίνεις.</strong></span> 
     </span>
    </p>
   </div>
   <div class='ocr_carea' id='block_1_86' title="bbox 242 5234 1825 5310">
    <p class='ocr_par' dir='ltr' id='par_1_86' title="bbox 242 5234 1825 5310">
     <span class='ocr_line' id='line_1_86' title="bbox 242 5234 1825 5310; baseline 0.004 -23"><span class='ocrx_word' id='word_1_650' title='bbox 242 5234 341 5289; x_wconf 74' lang='grc' dir='ltr'><strong>Καὶ</strong></span> <span class='ocrx_word' id='word_1_651' title='bbox 361 5238 541 5302; x_wconf 78' lang='grc' dir='ltr'>ἄλλως</span> <span class='ocrx_word' id='word_1_652' title='bbox 576 5239 664 5301; x_wconf 84' lang='grc' dir='ltr'>είς</span> <span class='ocrx_word' id='word_1_653' title='bbox 696 5237 756 5289; x_wconf 76' lang='grc' dir='ltr'><strong>τὸ</strong></span> <span class='ocrx_word' id='word_1_654' title='bbox 784 5239 937 5291; x_wconf 84' lang='grc' dir='ltr'><strong>αὑτό·</strong></span> <span class='ocrx_word' id='word_1_655' title='bbox 974 5239 1031 5290; x_wconf 82' lang='grc' dir='ltr'>Εἰ</span> <span class='ocrx_word' id='word_1_656' title='bbox 1061 5240 1159 5308; x_wconf 86' lang='grc' dir='ltr'><strong>μὲν</strong></span> <span class='ocrx_word' id='word_1_657' title='bbox 1184 5234 1276 5292; x_wconf 79' lang='grc' dir='ltr'><strong>οὖν</strong></span> <span class='ocrx_word' id='word_1_658' title='bbox 1307 5238 1404 5303; x_wconf 76' lang='grc' dir='ltr'><strong>τὰς</strong></span> <span class='ocrx_word' id='word_1_659' title='bbox 1432 5240 1625 5309; x_wconf 83' lang='grc' dir='ltr'><strong>φύσεις</strong></span> <span class='ocrx_word' id='word_1_660' title='bbox 1654 5258 1825 5310; x_wconf 84' lang='grc' dir='ltr'><strong>κεχω-</strong></span> 
     </span>
    </p>
   </div>
   <div class='ocr_carea' id='block_1_87' title="bbox 248 5328 1825 5400">
    <p class='ocr_par' dir='ltr' id='par_1_87' title="bbox 248 5328 1825 5400">
     <span class='ocr_line' id='line_1_87' title="bbox 248 5328 1825 5400; baseline 0.005 -23"><span class='ocrx_word' id='word_1_661' title='bbox 248 5328 535 5397; x_wconf 79' lang='grc' dir='ltr'><strong>ρισμένας,</strong></span> <span class='ocrx_word' id='word_1_662' title='bbox 560 5331 693 5400; x_wconf 69' lang='grc' dir='ltr'><strong>ἦτοι</strong></span> <span class='ocrx_word' id='word_1_663' title='bbox 720 5328 1141 5395; x_wconf 80' lang='grc' dir='ltr'>ίδιοσυστὰτους,</span> <span class='ocrx_word' id='word_1_664' title='bbox 1175 5329 1268 5382; x_wconf 69' lang='grc' dir='ltr'><strong>καὶ</strong></span> <span class='ocrx_word' id='word_1_665' title='bbox 1296 5330 1417 5382; x_wconf 77' lang='grc' dir='ltr'>καθ’</span> <span class='ocrx_word' id='word_1_666' title='bbox 1446 5330 1644 5391; x_wconf 81' lang='grc' dir='ltr'>ὲαυτάς</span> <span class='ocrx_word' id='word_1_667' title='bbox 1660 5330 1825 5393; x_wconf 71' lang='grc' dir='ltr'>οὔσας</span> 
     </span>
    </p>
   </div>
   <div class='ocr_carea' id='block_1_88' title="bbox 244 5415 1830 5493">
    <p class='ocr_par' dir='ltr' id='par_1_88' title="bbox 244 5415 1830 5493">
     <span class='ocr_line' id='line_1_88' title="bbox 244 5415 1830 5493; baseline 0.004 -23"><span class='ocrx_word' id='word_1_668' title='bbox 244 5419 699 5491; x_wconf 77' lang='grc' dir='ltr'><strong>ἑδογματξζομεν,</strong></span> <span class='ocrx_word' id='word_1_669' title='bbox 733 5415 848 5473; x_wconf 76' lang='grc' dir='ltr'><strong>οἷον</strong></span> <span class='ocrx_word' id='word_1_670' title='bbox 894 5422 984 5473; x_wconf 72' lang='grc' dir='ltr'><strong>τὸν</strong></span> <span class='ocrx_word' id='word_1_671' title='bbox 1013 5422 1145 5474; x_wconf 83' lang='grc' dir='ltr'><strong>Θεὸν</strong></span> <span class='ocrx_word' id='word_1_672' title='bbox 1178 5423 1349 5490; x_wconf 82' lang='grc' dir='ltr'>Λόγον</span> <span class='ocrx_word' id='word_1_673' title='bbox 1390 5422 1532 5486; x_wconf 87' lang='grc' dir='ltr'>ἰδίως</span> <span class='ocrx_word' id='word_1_674' title='bbox 1562 5424 1701 5493; x_wconf 81' lang='grc' dir='ltr'><strong>μετὰ</strong></span> <span class='ocrx_word' id='word_1_675' title='bbox 1732 5426 1830 5492; x_wconf 77' lang='grc' dir='ltr'><strong>τῆς</strong></span> 
     </span>
    </p>
   </div>
   <div class='ocr_carea' id='block_1_89' title="bbox 247 5509 1827 5585">
    <p class='ocr_par' dir='ltr' id='par_1_89' title="bbox 247 5509 1827 5585">
     <span class='ocr_line' id='line_1_89' title="bbox 247 5509 1827 5585; baseline 0.006 -25"><span class='ocrx_word' id='word_1_676' title='bbox 247 5509 420 5583; x_wconf 78' lang='grc' dir='ltr'><strong>θεῖκῆς</strong></span> <span class='ocrx_word' id='word_1_677' title='bbox 442 5513 622 5568; x_wconf 77' lang='grc' dir='ltr'><strong>αὑτοῦ</strong></span> <span class='ocrx_word' id='word_1_678' title='bbox 662 5512 882 5582; x_wconf 77' lang='grc' dir='ltr'><strong>φύσεως</strong></span> <span class='ocrx_word' id='word_1_679' title='bbox 910 5512 1060 5579; x_wconf 76' lang='grc' dir='ltr'><strong>ὄντα,</strong></span> <span class='ocrx_word' id='word_1_680' title='bbox 1091 5518 1186 5569; x_wconf 72' lang='grc' dir='ltr'><strong>καὶ</strong></span> <span class='ocrx_word' id='word_1_681' title='bbox 1212 5515 1374 5569; x_wconf 81' lang='grc' dir='ltr'>πάλιν</span> <span class='ocrx_word' id='word_1_682' title='bbox 1397 5516 1683 5585; x_wconf 78' lang='grc' dir='ltr'>ἄνθρωπον</span> <span class='ocrx_word' id='word_1_683' title='bbox 1706 5516 1827 5570; x_wconf 80' lang='grc' dir='ltr'>καθ’</span> 
     </span>
    </p>
   </div>
   <div class='ocr_carea' id='block_1_90' title="bbox 247 5602 1827 5677">
    <p class='ocr_par' dir='ltr' id='par_1_90' title="bbox 247 5602 1827 5677">
     <span class='ocr_line' id='line_1_90' title="bbox 247 5602 1827 5677; baseline 0.005 -24"><span class='ocrx_word' id='word_1_684' title='bbox 247 5602 423 5657; x_wconf 69' lang='grc' dir='ltr'><strong>ἑαυτὸν</strong></span> <span class='ocrx_word' id='word_1_685' title='bbox 461 5605 929 5675; x_wconf 77' lang='grc' dir='ltr'><strong>προῦποστάντα,</strong></span> <span class='ocrx_word' id='word_1_686' title='bbox 983 5607 1077 5658; x_wconf 72' lang='grc' dir='ltr'>καὶ</span> <span class='ocrx_word' id='word_1_687' title='bbox 1129 5607 1549 5672; x_wconf 86' lang='grc' dir='ltr'><strong>διαπλασθέντα,</strong></span> <span class='ocrx_word' id='word_1_688' title='bbox 1586 5604 1702 5661; x_wconf 78' lang='grc' dir='ltr'><strong>εἶτα</strong></span> <span class='ocrx_word' id='word_1_689' title='bbox 1730 5610 1827 5677; x_wconf 80' lang='grc' dir='ltr'><strong>τὴν</strong></span> 
     </span>
    </p>
   </div>
   <div class='ocr_carea' id='block_1_91' title="bbox 246 5693 1827 5771">
    <p class='ocr_par' dir='ltr' id='par_1_91' title="bbox 246 5693 1827 5771">
     <span class='ocr_line' id='line_1_91' title="bbox 246 5693 1827 5771; baseline 0.006 -26"><span class='ocrx_word' id='word_1_690' title='bbox 246 5693 423 5750; x_wconf 73' lang='grc' dir='ltr'><strong>ἕνωσιν</strong></span> <span class='ocrx_word' id='word_1_691' title='bbox 458 5696 575 5751; x_wconf 80' lang='grc' dir='ltr'><strong>τῶν</strong></span> <span class='ocrx_word' id='word_1_692' title='bbox 604 5696 834 5766; x_wconf 78' lang='grc' dir='ltr'><strong>φύσεων</strong></span> <span class='ocrx_word' id='word_1_693' title='bbox 865 5696 1135 5769; x_wconf 82' lang='grc' dir='ltr'>λέγοντες,</span> <span class='ocrx_word' id='word_1_694' title='bbox 1168 5700 1262 5754; x_wconf 76' lang='grc' dir='ltr'><strong>καὶ</strong></span> <span class='ocrx_word' id='word_1_695' title='bbox 1296 5698 1388 5753; x_wconf 84' lang='grc' dir='ltr'><strong>δύο</strong></span> <span class='ocrx_word' id='word_1_696' title='bbox 1433 5700 1603 5765; x_wconf 82' lang='grc' dir='ltr'><strong>αὑτὰς</strong></span> <span class='ocrx_word' id='word_1_697' title='bbox 1638 5701 1827 5771; x_wconf 85' lang='grc' dir='ltr'>ὁμολο-</span> 
     </span>
    </p>
   </div>
   <div class='ocr_carea' id='block_1_92' title="bbox 343 5874 843 5947">
    <p class='ocr_par' dir='ltr' id='par_1_92' title="bbox 343 5874 843 5947">
     <span class='ocr_line' id='line_1_92' title="bbox 343 5874 843 5947; baseline -0.006 -16"><span class='ocrx_word' id='word_1_698' title='bbox 343 5877 361 5906; x_wconf 88' lang='grc'>⁹</span> <span class='ocrx_word' id='word_1_699' title='bbox 401 5874 653 5947; x_wconf 79' lang='lat' dir='ltr'><strong>Philipp.</strong></span> <span class='ocrx_word' id='word_1_700' title='bbox 695 5889 758 5940; x_wconf 86' lang='lat' dir='ltr'><strong>It,</strong></span> <span class='ocrx_word' id='word_1_701' title='bbox 790 5876 843 5929; x_wconf 81' lang='lat'><strong>6.</strong></span> 
     </span>
    </p>
   </div>
   <div class='ocr_carea' id='block_1_93' title="bbox 1937 3398 3517 3471">
    <p class='ocr_par' dir='ltr' id='par_1_93' title="bbox 1937 3398 3517 3471">
     <span class='ocr_line' id='line_1_93' title="bbox 1937 3398 3517 3471; baseline 0.006 -19"><span class='ocrx_word' id='word_1_702' title='bbox 1937 3398 2308 3466; x_wconf 77' lang='lat' dir='ltr'><strong>Conspicimns</strong></span> <span class='ocrx_word' id='word_1_703' title='bbox 2343 3399 2396 3452; x_wconf 90' lang='lat' dir='ltr'><strong>in</strong></span> <span class='ocrx_word' id='word_1_704' title='bbox 2458 3415 2564 3452; x_wconf 93' lang='lat' dir='ltr'><strong>una</strong></span> <span class='ocrx_word' id='word_1_705' title='bbox 2609 3401 2887 3471; x_wconf 73' lang='lat' dir='ltr'><strong>bypostasi</strong></span> <span class='ocrx_word' id='word_1_706' title='bbox 2939 3404 3075 3459; x_wconf 88' lang='lat' dir='ltr'><strong>duas</strong></span> <span class='ocrx_word' id='word_1_707' title='bbox 3116 3414 3339 3462; x_wconf 88' lang='lat' dir='ltr'><strong>naturas</strong></span> <span class='ocrx_word' id='word_1_708' title='bbox 3384 3424 3517 3461; x_wconf 84' lang='lat' dir='ltr'><strong>con-</strong></span> 
     </span>
    </p>
   </div>
   <div class='ocr_carea' id='block_1_94' title="bbox 1933 3475 3515 3555">
    <p class='ocr_par' dir='ltr' id='par_1_94' title="bbox 1933 3475 3515 3555">
     <span class='ocr_line' id='line_1_94' title="bbox 1933 3475 3515 3555; baseline 0.006 -11"><span class='ocrx_word' id='word_1_709' title='bbox 1933 3475 2182 3555; x_wconf 82' lang='lat' dir='ltr'><strong>siderari,</strong></span> <span class='ocrx_word' id='word_1_710' title='bbox 2230 3502 2284 3545; x_wconf 90' lang='lat' dir='ltr'><strong>ct</strong></span> <span class='ocrx_word' id='word_1_711' title='bbox 2313 3492 2525 3548; x_wconf 89' lang='lat' dir='ltr'><strong>duabus</strong></span> <span class='ocrx_word' id='word_1_712' title='bbox 2573 3494 2785 3548; x_wconf 92' lang='lat' dir='ltr'><strong>naturis</strong></span> <span class='ocrx_word' id='word_1_713' title='bbox 2835 3497 3227 3553; x_wconf 81' lang='lat' dir='ltr'><strong>exsistcntibus</strong></span> <span class='ocrx_word' id='word_1_714' title='bbox 3262 3516 3369 3553; x_wconf 89' lang='lat' dir='ltr'><strong>non</strong></span> <span class='ocrx_word' id='word_1_715' title='bbox 3403 3500 3515 3554; x_wconf 84' lang='lat' dir='ltr'><strong>ﬁeri</strong></span> 
     </span>
    </p>
   </div>
   <div class='ocr_carea' id='block_1_95' title="bbox 1934 3582 3513 3653">
    <p class='ocr_par' dir='ltr' id='par_1_95' title="bbox 1934 3582 3513 3653">
     <span class='ocr_line' id='line_1_95' title="bbox 1934 3582 3513 3653; baseline 0.008 -20"><span class='ocrx_word' id='word_1_716' title='bbox 1934 3582 2070 3634; x_wconf 80' lang='lat' dir='ltr'><strong>duas</strong></span> <span class='ocrx_word' id='word_1_717' title='bbox 2100 3598 2358 3649; x_wconf 83' lang='lat' dir='ltr'><strong>personas</strong></span> <span class='ocrx_word' id='word_1_718' title='bbox 2391 3584 2445 3637; x_wconf 93' lang='lat' dir='ltr'><strong>in</strong></span> <span class='ocrx_word' id='word_1_719' title='bbox 2480 3587 2645 3638; x_wconf 91' lang='lat' dir='ltr'><strong>unius</strong></span> <span class='ocrx_word' id='word_1_720' title='bbox 2716 3599 2963 3653; x_wconf 71' lang='lat' dir='ltr'><strong>personae</strong></span> <span class='ocrx_word' id='word_1_721' title='bbox 3008 3587 3345 3653; x_wconf 87' lang='lat' dir='ltr'><strong>mistionem,</strong></span> <span class='ocrx_word' id='word_1_722' title='bbox 3373 3602 3430 3645; x_wconf 88' lang='lat' dir='ltr'><strong>ut</strong></span> <span class='ocrx_word' id='word_1_723' title='bbox 3458 3592 3513 3645; x_wconf 91' lang='lat' dir='ltr'><strong>in</strong></span> 
     </span>
    </p>
   </div>
   <div class='ocr_carea' id='block_1_96' title="bbox 1935 3671 3515 3750">
    <p class='ocr_par' dir='ltr' id='par_1_96' title="bbox 1935 3671 3515 3750">
     <span class='ocr_line' id='line_1_96' title="bbox 1935 3671 3515 3750; baseline 0.008 -26"><span class='ocrx_word' id='word_1_724' title='bbox 1935 3671 2197 3740; x_wconf 79' lang='lat' dir='ltr'><strong>singulari</strong></span> <span class='ocrx_word' id='word_1_725' title='bbox 2225 3674 2464 3741; x_wconf 84' lang='lat' dir='ltr'><strong>homine,</strong></span> <span class='ocrx_word' id='word_1_726' title='bbox 2491 3683 2543 3729; x_wconf 87' lang='lat' dir='ltr'><strong>et</strong></span> <span class='ocrx_word' id='word_1_727' title='bbox 2579 3675 2632 3728; x_wconf 92' lang='lat' dir='ltr'><strong>in</strong></span> <span class='ocrx_word' id='word_1_728' title='bbox 2665 3674 2809 3730; x_wconf 83' lang='lat' dir='ltr'><strong>ferro</strong></span> <span class='ocrx_word' id='word_1_729' title='bbox 2833 3690 3121 3744; x_wconf 90' lang='lat' dir='ltr'><strong>succenso,</strong></span> <span class='ocrx_word' id='word_1_730' title='bbox 3152 3691 3206 3734; x_wconf 90' lang='lat' dir='ltr'><strong>et</strong></span> <span class='ocrx_word' id='word_1_731' title='bbox 3233 3678 3286 3734; x_wconf 91' lang='lat' dir='ltr'><strong>in</strong></span> <span class='ocrx_word' id='word_1_732' title='bbox 3320 3680 3515 3750; x_wconf 81' lang='lat' dir='ltr'><strong>pleris-</strong></span> 
     </span>
    </p>
   </div>
   <div class='ocr_carea' id='block_1_97' title="bbox 1932 3763 3511 3837">
    <p class='ocr_par' dir='ltr' id='par_1_97' title="bbox 1932 3763 3511 3837">
     <span class='ocr_line' id='line_1_97' title="bbox 1932 3763 3511 3837; baseline 0.008 -22"><span class='ocrx_word' id='word_1_733' title='bbox 1932 3777 2040 3831; x_wconf 89' lang='lat' dir='ltr'><strong>que</strong></span> <span class='ocrx_word' id='word_1_734' title='bbox 2109 3763 2230 3817; x_wconf 91' lang='lat' dir='ltr'><strong>aliis</strong></span> <span class='ocrx_word' id='word_1_735' title='bbox 2287 3764 2406 3819; x_wconf 73' lang='lat' dir='ltr'><strong>dua:</strong></span> <span class='ocrx_word' id='word_1_736' title='bbox 2477 3775 2685 3820; x_wconf 76' lang='lat' dir='ltr'><strong>natura:</strong></span> <span class='ocrx_word' id='word_1_737' title='bbox 2746 3769 3158 3837; x_wconf 86' lang='lat' dir='ltr'><strong>comperiuntur</strong></span> <span class='ocrx_word' id='word_1_738' title='bbox 3220 3771 3511 3827; x_wconf 80' lang='lat' dir='ltr'><strong>inconfuse</strong></span> 
     </span>
    </p>
   </div>
   <div class='ocr_carea' id='block_1_98' title="bbox 1934 3855 3512 3933">
    <p class='ocr_par' dir='ltr' id='par_1_98' title="bbox 1934 3855 3512 3933">
     <span class='ocr_line' id='line_1_98' title="bbox 1934 3855 3512 3933; baseline 0.008 -26"><span class='ocrx_word' id='word_1_739' title='bbox 1934 3855 2122 3919; x_wconf 66' lang='lat' dir='ltr'><strong>unitm,</strong></span> <span class='ocrx_word' id='word_1_740' title='bbox 2159 3871 2269 3911; x_wconf 93' lang='lat' dir='ltr'><strong>non</strong></span> <span class='ocrx_word' id='word_1_741' title='bbox 2319 3867 2503 3911; x_wconf 90' lang='lat' dir='ltr'><strong>autem</strong></span> <span class='ocrx_word' id='word_1_742' title='bbox 2554 3870 2607 3913; x_wconf 92' lang='lat' dir='ltr'><strong>et</strong></span> <span class='ocrx_word' id='word_1_743' title='bbox 2652 3859 2773 3913; x_wconf 72' lang='lat' dir='ltr'><strong>dna:</strong></span> <span class='ocrx_word' id='word_1_744' title='bbox 2816 3875 3080 3928; x_wconf 63' lang='lat' dir='ltr'><strong>personae,</strong></span> <span class='ocrx_word' id='word_1_745' title='bbox 3151 3872 3210 3916; x_wconf 93' lang='lat' dir='ltr'><strong>ut</strong></span> <span class='ocrx_word' id='word_1_746' title='bbox 3260 3879 3357 3933; x_wconf 92' lang='lat' dir='ltr'><strong>per</strong></span> <span class='ocrx_word' id='word_1_747' title='bbox 3406 3864 3512 3918; x_wconf 85' lang='lat' dir='ltr'><strong>mi-</strong></span> 
     </span>
    </p>
   </div>
   <div class='ocr_carea' id='block_1_99' title="bbox 1932 3948 3509 4023">
    <p class='ocr_par' dir='ltr' id='par_1_99' title="bbox 1932 3948 3509 4023">
     <span class='ocr_line' id='line_1_99' title="bbox 1932 3948 3509 4023; baseline 0.005 -20"><span class='ocrx_word' id='word_1_748' title='bbox 1932 3948 2167 4003; x_wconf 88' lang='lat' dir='ltr'><strong>stionem</strong></span> <span class='ocrx_word' id='word_1_749' title='bbox 2199 3965 2370 4009; x_wconf 85' lang='lat' dir='ltr'><strong>unum</strong></span> <span class='ocrx_word' id='word_1_750' title='bbox 2400 3951 2551 4005; x_wconf 83' lang='lat' dir='ltr'><strong>ﬁant.</strong></span> <span class='ocrx_word' id='word_1_751' title='bbox 2587 3950 2849 4006; x_wconf 88' lang='lat' dir='ltr'><strong>Similiter</strong></span> <span class='ocrx_word' id='word_1_752' title='bbox 2908 3953 3072 4007; x_wconf 86' lang='lat' dir='ltr'><strong>etiam</strong></span> <span class='ocrx_word' id='word_1_753' title='bbox 3141 3954 3387 4023; x_wconf 81' lang='lat' dir='ltr'><strong>Apostoli</strong></span> <span class='ocrx_word' id='word_1_754' title='bbox 3425 3957 3509 4010; x_wconf 88' lang='lat' dir='ltr'><strong>di-</strong></span> 
     </span>
    </p>
   </div>
   <div class='ocr_carea' id='block_1_100' title="bbox 1934 4040 3511 4115">
    <p class='ocr_par' dir='ltr' id='par_1_100' title="bbox 1934 4040 3511 4115">
     <span class='ocr_line' id='line_1_100' title="bbox 1934 4040 3511 4115; baseline 0.006 -24"><span class='ocrx_word' id='word_1_755' title='bbox 1934 4047 2081 4092; x_wconf 90' lang='lat' dir='ltr'><strong>ctum</strong></span> <span class='ocrx_word' id='word_1_756' title='bbox 2105 4055 2223 4115; x_wconf 66' lang='lat' dir='ltr'><strong>pou</strong></span> <span class='ocrx_word' id='word_1_757' title='bbox 2252 4040 2421 4110; x_wconf 89' lang='lat' dir='ltr'><strong>probe</strong></span> <span class='ocrx_word' id='word_1_758' title='bbox 2492 4041 2829 4106; x_wconf 80' lang='lat' dir='ltr'><strong>intellexisti,</strong></span> <span class='ocrx_word' id='word_1_759' title='bbox 2867 4043 3013 4112; x_wconf 89' lang='lat' dir='ltr'><strong>quod</strong></span> <span class='ocrx_word' id='word_1_760' title='bbox 3068 4043 3185 4096; x_wconf 89' lang='lat' dir='ltr'><strong>ait:</strong></span> <span class='ocrx_word' id='word_1_761' title='bbox 3248 4043 3354 4109; x_wconf 84' lang='lat' dir='ltr'><strong>Qui</strong></span> <span class='ocrx_word' id='word_1_762' title='bbox 3392 4063 3511 4100; x_wconf 83' lang='lat' dir='ltr'><strong>cum</strong></span> 
     </span>
    </p>
   </div>
   <div class='ocr_carea' id='block_1_101' title="bbox 1934 4130 3509 4204">
    <p class='ocr_par' dir='ltr' id='par_1_101' title="bbox 1934 4130 3509 4204">
     <span class='ocr_line' id='line_1_101' title="bbox 1934 4130 3509 4204; baseline 0.006 -22"><span class='ocrx_word' id='word_1_763' title='bbox 1934 4130 1991 4183; x_wconf 87' lang='lat' dir='ltr'><strong>in</strong></span> <span class='ocrx_word' id='word_1_764' title='bbox 2030 4131 2203 4198; x_wconf 78' lang='lat' dir='ltr'><strong>[arma</strong></span> <span class='ocrx_word' id='word_1_765' title='bbox 2245 4132 2339 4185; x_wconf 86' lang='lat' dir='ltr'><strong>Dei</strong></span> <span class='ocrx_word' id='word_1_766' title='bbox 2370 4143 2548 4199; x_wconf 76' lang='lat' dir='ltr'><strong>esset,</strong></span> <span class='ocrx_word' id='word_1_767' title='bbox 2602 4150 2705 4186; x_wconf 86' lang='lat' dir='ltr'><strong>non</strong></span> <span class='ocrx_word' id='word_1_768' title='bbox 2773 4136 3014 4202; x_wconf 83' lang='lat' dir='ltr'><strong>rapinam</strong></span> <span class='ocrx_word' id='word_1_769' title='bbox 3068 4136 3362 4190; x_wconf 78' lang='lat' dir='ltr'><strong>arbitratus</strong></span> <span class='ocrx_word' id='word_1_770' title='bbox 3411 4149 3509 4204; x_wconf 76' lang='lat' dir='ltr'><strong>est,</strong></span> 
     </span>
    </p>
   </div>
   <div class='ocr_carea' id='block_1_102' title="bbox 1933 4223 3511 4294">
    <p class='ocr_par' dir='ltr' id='par_1_102' title="bbox 1933 4223 3511 4294">
     <span class='ocr_line' id='line_1_102' title="bbox 1933 4223 3511 4294; baseline 0.007 -21"><span class='ocrx_word' id='word_1_771' title='bbox 1933 4236 2044 4274; x_wconf 75' lang='lat' dir='ltr'><strong>esse</strong></span> <span class='ocrx_word' id='word_1_772' title='bbox 2074 4238 2128 4275; x_wconf 75' lang='lat' dir='ltr'><strong>se</strong></span> <span class='ocrx_word' id='word_1_773' title='bbox 2174 4224 2432 4291; x_wconf 71' lang='lat' dir='ltr'><strong>a&#39;qualem</strong></span> <span class='ocrx_word' id='word_1_774' title='bbox 2491 4223 2621 4291; x_wconf 87' lang='lat' dir='ltr'><strong>Deo,</strong></span> <span class='ocrx_word' id='word_1_775' title='bbox 2688 4226 2779 4280; x_wconf 73' lang='lat' dir='ltr'><strong>sed</strong></span> <span class='ocrx_word' id='word_1_776' title='bbox 2830 4227 3164 4294; x_wconf 72' lang='lat' dir='ltr'><strong>semetipsum</strong></span> <span class='ocrx_word' id='word_1_777' title='bbox 3216 4229 3511 4284; x_wconf 71' lang='lat' dir='ltr'><strong>exiuanivit</strong></span> 
     </span>
    </p>
   </div>
   <div class='ocr_carea' id='block_1_103' title="bbox 1935 4314 3513 4390">
    <p class='ocr_par' dir='ltr' id='par_1_103' title="bbox 1935 4314 3513 4390">
     <span class='ocr_line' id='line_1_103' title="bbox 1935 4314 3513 4390; baseline 0.007 -24"><span class='ocrx_word' id='word_1_778' title='bbox 1935 4314 2163 4382; x_wconf 82' lang='lat' dir='ltr'><strong>formam</strong></span> <span class='ocrx_word' id='word_1_779' title='bbox 2198 4317 2334 4369; x_wconf 72' lang='lat' dir='ltr'><strong>servi</strong></span> <span class='ocrx_word' id='word_1_780' title='bbox 2370 4318 2634 4390; x_wconf 75' lang='lat' dir='ltr'><strong>accipiens</strong></span> <span class='ocrx_word' id='word_1_781' title='bbox 2659 4320 2703 4371; x_wconf 79' lang='lat'><strong>&#39;.</strong></span> <span class='ocrx_word' id='word_1_782' title='bbox 2770 4318 2978 4374; x_wconf 78' lang='lat' dir='ltr'><strong>Nomen</strong></span> <span class='ocrx_word' id='word_1_783' title='bbox 3010 4321 3193 4390; x_wconf 81' lang='lat' dir='ltr'><strong>itaque</strong></span> <span class='ocrx_word' id='word_1_784' title='bbox 3240 4320 3427 4377; x_wconf 66' lang='lat' dir='ltr'><strong>lormte</strong></span> <span class='ocrx_word' id='word_1_785' title='bbox 3456 4332 3513 4377; x_wconf 84' lang='lat' dir='ltr'><strong>ct</strong></span> 
     </span>
    </p>
   </div>
   <div class='ocr_carea' id='block_1_104' title="bbox 1934 4388 3507 4482">
    <p class='ocr_par' dir='ltr' id='par_1_104' title="bbox 1934 4388 3507 4482">
     <span class='ocr_line' id='line_1_104' title="bbox 1934 4388 3507 4482; baseline 0.006 -23"><span class='ocrx_word' id='word_1_786' title='bbox 1934 4421 2166 4475; x_wconf 80' lang='lat' dir='ltr'><strong>magnus</strong></span> <span class='ocrx_word' id='word_1_787' title='bbox 2230 4408 2464 4464; x_wconf 84' lang='lat' dir='ltr'><strong>Basilius</strong></span> <span class='ocrx_word' id='word_1_788' title='bbox 2506 4388 2735 4479; x_wconf 69' lang='lat' dir='ltr'><strong>perinde</strong></span> <span class='ocrx_word' id='word_1_789' title='bbox 2773 4427 2894 4467; x_wconf 87' lang='lat' dir='ltr'><strong>esse</strong></span> <span class='ocrx_word' id='word_1_790' title='bbox 2939 4413 3191 4482; x_wconf 87' lang='lat' dir='ltr'><strong>idemque</strong></span> <span class='ocrx_word' id='word_1_791' title='bbox 3249 4415 3507 4480; x_wconf 90' lang='lat' dir='ltr'><strong>innuere,</strong></span> 
     </span>
    </p>
   </div>
   <div class='ocr_carea' id='block_1_105' title="bbox 1934 4500 3510 4574">
    <p class='ocr_par' dir='ltr' id='par_1_105' title="bbox 1934 4500 3510 4574">
     <span class='ocr_line' id='line_1_105' title="bbox 1934 4500 3510 4574; baseline 0.006 -23"><span class='ocrx_word' id='word_1_792' title='bbox 1934 4512 1999 4552; x_wconf 90' lang='lat' dir='ltr'><strong>ac</strong></span> <span class='ocrx_word' id='word_1_793' title='bbox 2067 4500 2159 4569; x_wconf 91' lang='lat' dir='ltr'><strong>qui</strong></span> <span class='ocrx_word' id='word_1_794' title='bbox 2220 4500 2273 4553; x_wconf 93' lang='lat' dir='ltr'><strong>in</strong></span> <span class='ocrx_word' id='word_1_795' title='bbox 2338 4503 2574 4556; x_wconf 91' lang='lat' dir='ltr'><strong>essentia</strong></span> <span class='ocrx_word' id='word_1_796' title='bbox 2639 4513 2692 4557; x_wconf 93' lang='lat' dir='ltr'><strong>et</strong></span> <span class='ocrx_word' id='word_1_797' title='bbox 2771 4512 2968 4558; x_wconf 89' lang='lat' dir='ltr'><strong>natura</strong></span> <span class='ocrx_word' id='word_1_798' title='bbox 3054 4516 3277 4574; x_wconf 88' lang='lat' dir='ltr'><strong>paterna</strong></span> <span class='ocrx_word' id='word_1_799' title='bbox 3338 4506 3510 4561; x_wconf 67' lang='lat' dir='ltr'><strong>Filius</strong></span> 
     </span>
    </p>
   </div>
   <div class='ocr_carea' id='block_1_106' title="bbox 1934 4590 3511 4669">
    <p class='ocr_par' dir='ltr' id='par_1_106' title="bbox 1934 4590 3511 4669">
     <span class='ocr_line' id='line_1_106' title="bbox 1934 4590 3511 4669; baseline 0.006 -26"><span class='ocrx_word' id='word_1_800' title='bbox 1934 4599 2072 4652; x_wconf 86' lang='lat' dir='ltr'><strong>erat,</strong></span> <span class='ocrx_word' id='word_1_801' title='bbox 2121 4590 2352 4645; x_wconf 79' lang='lat' dir='ltr'><strong>formam</strong></span> <span class='ocrx_word' id='word_1_802' title='bbox 2402 4596 2568 4659; x_wconf 83' lang='lat' dir='ltr'><strong>servi,</strong></span> <span class='ocrx_word' id='word_1_803' title='bbox 2616 4595 2721 4650; x_wconf 91' lang='lat' dir='ltr'><strong>hoc</strong></span> <span class='ocrx_word' id='word_1_804' title='bbox 2772 4606 2856 4650; x_wconf 89' lang='lat' dir='ltr'><strong>est</strong></span> <span class='ocrx_word' id='word_1_805' title='bbox 2901 4606 3177 4661; x_wconf 89' lang='lat' dir='ltr'><strong>naturam,</strong></span> <span class='ocrx_word' id='word_1_806' title='bbox 3215 4600 3511 4669; x_wconf 89' lang='lat' dir='ltr'><strong>assumpsit</strong></span> 
     </span>
    </p>
   </div>
   <div class='ocr_carea' id='block_1_107' title="bbox 1937 4679 3506 4762">
    <p class='ocr_par' dir='ltr' id='par_1_107' title="bbox 1937 4679 3506 4762">
     <span class='ocr_line' id='line_1_107' title="bbox 1937 4679 3506 4762; baseline 0.009 -30"><span class='ocrx_word' id='word_1_807' title='bbox 1937 4679 2217 4746; x_wconf 89' lang='lat' dir='ltr'><strong>Dominus,</strong></span> <span class='ocrx_word' id='word_1_808' title='bbox 2253 4681 2541 4754; x_wconf 81' lang='lat' dir='ltr'><strong>factusque</strong></span> <span class='ocrx_word' id='word_1_809' title='bbox 2572 4695 2656 4742; x_wconf 84' lang='lat' dir='ltr'><strong>est</strong></span> <span class='ocrx_word' id='word_1_810' title='bbox 2712 4688 2895 4751; x_wconf 89' lang='lat' dir='ltr'><strong>homo,</strong></span> <span class='ocrx_word' id='word_1_811' title='bbox 2953 4698 3007 4744; x_wconf 89' lang='lat' dir='ltr'><strong>et</strong></span> <span class='ocrx_word' id='word_1_812' title='bbox 3048 4691 3365 4762; x_wconf 86' lang='lat' dir='ltr'><strong>quicunque</strong></span> <span class='ocrx_word' id='word_1_813' title='bbox 3414 4693 3506 4746; x_wconf 90' lang='lat' dir='ltr'><strong>alii</strong></span> 
     </span>
    </p>
   </div>
   <div class='ocr_carea' id='block_1_108' title="bbox 1928 4770 3509 4847">
    <p class='ocr_par' dir='ltr' id='par_1_108' title="bbox 1928 4770 3509 4847">
     <span class='ocr_line' id='line_1_108' title="bbox 1928 4770 3509 4847; baseline 0.009 -22"><span class='ocrx_word' id='word_1_814' title='bbox 1928 4770 2117 4829; x_wconf 84' lang='lat' dir='ltr'><strong>Patres</strong></span> <span class='ocrx_word' id='word_1_815' title='bbox 2141 4776 2345 4831; x_wconf 89' lang='lat' dir='ltr'><strong>dictum</strong></span> <span class='ocrx_word' id='word_1_816' title='bbox 2407 4779 2507 4832; x_wconf 89' lang='lat' dir='ltr'><strong>hoc</strong></span> <span class='ocrx_word' id='word_1_817' title='bbox 2571 4779 2907 4847; x_wconf 81' lang='lat' dir='ltr'><strong>interpretati</strong></span> <span class='ocrx_word' id='word_1_818' title='bbox 2942 4790 3094 4846; x_wconf 90' lang='lat' dir='ltr'><strong>sunt,</strong></span> <span class='ocrx_word' id='word_1_819' title='bbox 3157 4784 3210 4837; x_wconf 92' lang='lat' dir='ltr'><strong>in</strong></span> <span class='ocrx_word' id='word_1_820' title='bbox 3252 4786 3509 4839; x_wconf 79' lang='lat' dir='ltr'><strong>essentia:</strong></span> 
     </span>
    </p>
   </div>
   <div class='ocr_carea' id='block_1_109' title="bbox 1930 4868 3502 4945">
    <p class='ocr_par' dir='ltr' id='par_1_109' title="bbox 1930 4868 3502 4945">
     <span class='ocr_line' id='line_1_109' title="bbox 1930 4868 3502 4945; baseline 0.007 -27"><span class='ocrx_word' id='word_1_821' title='bbox 1930 4876 2246 4935; x_wconf 67' lang='lat' dir='ltr'><strong>naturaeque</strong></span> <span class='ocrx_word' id='word_1_822' title='bbox 2275 4868 2675 4939; x_wconf 77' lang='lat' dir='ltr'><strong>signiﬁcatione</strong></span> <span class='ocrx_word' id='word_1_823' title='bbox 2710 4869 2899 4926; x_wconf 77' lang='lat' dir='ltr'><strong>forma:</strong></span> <span class='ocrx_word' id='word_1_824' title='bbox 2921 4888 3117 4927; x_wconf 90' lang='lat' dir='ltr'><strong>nomen</strong></span> <span class='ocrx_word' id='word_1_825' title='bbox 3151 4885 3502 4945; x_wconf 83' lang='lat' dir='ltr'><strong>acceperunt.</strong></span> 
     </span>
    </p>
   </div>
   <div class='ocr_carea' id='block_1_110' title="bbox 1931 4955 3504 5049">
    <p class='ocr_par' dir='ltr' id='par_1_110' title="bbox 1931 4955 3504 5049">
     <span class='ocr_line' id='line_1_110' title="bbox 1931 4955 3504 5049; baseline 0.008 -39"><span class='ocrx_word' id='word_1_826' title='bbox 1931 4955 2012 5012; x_wconf 90' lang='lat' dir='ltr'><strong>Tu</strong></span> <span class='ocrx_word' id='word_1_827' title='bbox 2052 4959 2234 5028; x_wconf 88' lang='lat' dir='ltr'><strong>itaque</strong></span> <span class='ocrx_word' id='word_1_828' title='bbox 2285 4970 2340 5015; x_wconf 89' lang='lat' dir='ltr'><strong>et</strong></span> <span class='ocrx_word' id='word_1_829' title='bbox 2397 4961 2501 5015; x_wconf 91' lang='lat' dir='ltr'><strong>hoc</strong></span> <span class='ocrx_word' id='word_1_830' title='bbox 2536 4978 2646 5017; x_wconf 89' lang='lat' dir='ltr'><strong>non</strong></span> <span class='ocrx_word' id='word_1_831' title='bbox 2701 4965 2848 5018; x_wconf 90' lang='lat' dir='ltr'><strong>aliud</strong></span> <span class='ocrx_word' id='word_1_832' title='bbox 2900 4976 3051 5020; x_wconf 91' lang='lat' dir='ltr'><strong>ratus</strong></span> <span class='ocrx_word' id='word_1_833' title='bbox 3106 4978 3303 5049; x_wconf 75' lang='lat' dir='ltr'><strong>notare</strong></span> <span class='ocrx_word' id='word_1_834' title='bbox 3341 4985 3504 5037; x_wconf 89' lang='lat' dir='ltr'><strong>quam</strong></span> 
     </span>
    </p>
   </div>
   <div class='ocr_carea' id='block_1_111' title="bbox 1934 5054 3509 5123">
    <p class='ocr_par' dir='ltr' id='par_1_111' title="bbox 1934 5054 3509 5123">
     <span class='ocr_line' id='line_1_111' title="bbox 1934 5054 3509 5123; baseline 0.009 -19"><span class='ocrx_word' id='word_1_835' title='bbox 1934 5067 2245 5121; x_wconf 87' lang='lat' dir='ltr'><strong>personam,</strong></span> <span class='ocrx_word' id='word_1_836' title='bbox 2269 5054 2731 5123; x_wconf 87' lang='lat' dir='ltr'><strong>quemadmodum</strong></span> <span class='ocrx_word' id='word_1_837' title='bbox 2757 5094 2764 5107; x_wconf 87' lang='lat'><strong>.</strong></span> <span class='ocrx_word' id='word_1_838' title='bbox 2790 5067 2843 5112; x_wconf 90' lang='lat' dir='ltr'><strong>et</strong></span> <span class='ocrx_word' id='word_1_839' title='bbox 2909 5068 3183 5123; x_wconf 89' lang='lat' dir='ltr'><strong>naturam,</strong></span> <span class='ocrx_word' id='word_1_840' title='bbox 3228 5070 3430 5116; x_wconf 84' lang='lat' dir='ltr'><strong>temere</strong></span> <span class='ocrx_word' id='word_1_841' title='bbox 3454 5072 3509 5118; x_wconf 86' lang='lat' dir='ltr'><strong>et</strong></span> 
     </span>
    </p>
   </div>
   <div class='ocr_carea' id='block_1_112' title="bbox 1935 5145 3510 5223">
    <p class='ocr_par' dir='ltr' id='par_1_112' title="bbox 1935 5145 3510 5223">
     <span class='ocr_line' id='line_1_112' title="bbox 1935 5145 3510 5223; baseline 0.007 -26"><span class='ocrx_word' id='word_1_842' title='bbox 1935 5145 2143 5215; x_wconf 90' lang='lat' dir='ltr'><strong>absque</strong></span> <span class='ocrx_word' id='word_1_843' title='bbox 2202 5146 2310 5200; x_wconf 89' lang='lat' dir='ltr'><strong>ulla</strong></span> <span class='ocrx_word' id='word_1_844' title='bbox 2350 5147 2821 5205; x_wconf 89' lang='lat' dir='ltr'><strong>demonstratione</strong></span> <span class='ocrx_word' id='word_1_845' title='bbox 2870 5151 3174 5205; x_wconf 88' lang='lat' dir='ltr'><strong>concludis.</strong></span> <span class='ocrx_word' id='word_1_846' title='bbox 3227 5151 3345 5205; x_wconf 84' lang='lat' dir='ltr'><strong>Alia</strong></span> <span class='ocrx_word' id='word_1_847' title='bbox 3371 5169 3510 5223; x_wconf 91' lang='lat' dir='ltr'><strong>quo-</strong></span> 
     </span>
    </p>
   </div>
   <div class='ocr_carea' id='block_1_113' title="bbox 1931 5240 3506 5313">
    <p class='ocr_par' dir='ltr' id='par_1_113' title="bbox 1931 5240 3506 5313">
     <span class='ocr_line' id='line_1_113' title="bbox 1931 5240 3506 5313; baseline 0.004 -22"><span class='ocrx_word' id='word_1_848' title='bbox 1931 5254 2038 5308; x_wconf 89' lang='lat' dir='ltr'><strong>que</strong></span> <span class='ocrx_word' id='word_1_849' title='bbox 2077 5240 2291 5294; x_wconf 88' lang='lat' dir='ltr'><strong>ratione</strong></span> <span class='ocrx_word' id='word_1_850' title='bbox 2329 5241 2396 5295; x_wconf 90' lang='lat' dir='ltr'><strong>de</strong></span> <span class='ocrx_word' id='word_1_851' title='bbox 2443 5240 2657 5296; x_wconf 89' lang='lat' dir='ltr'><strong>eodem.</strong></span> <span class='ocrx_word' id='word_1_852' title='bbox 2715 5240 2773 5296; x_wconf 87' lang='lat' dir='ltr'><strong>Si</strong></span> <span class='ocrx_word' id='word_1_853' title='bbox 2827 5252 3058 5298; x_wconf 87' lang='lat' dir='ltr'><strong>naturas</strong></span> <span class='ocrx_word' id='word_1_854' title='bbox 3116 5242 3342 5307; x_wconf 84' lang='lat' dir='ltr'><strong>divisas,</strong></span> <span class='ocrx_word' id='word_1_855' title='bbox 3410 5258 3506 5313; x_wconf 90' lang='lat' dir='ltr'><strong>per</strong></span> 
     </span>
    </p>
   </div>
   <div class='ocr_carea' id='block_1_114' title="bbox 1932 5332 3503 5404">
    <p class='ocr_par' dir='ltr' id='par_1_114' title="bbox 1932 5332 3503 5404">
     <span class='ocr_line' id='line_1_114' title="bbox 1932 5332 3503 5404; baseline 0.004 -19"><span class='ocrx_word' id='word_1_856' title='bbox 1932 5346 1991 5385; x_wconf 87' lang='lat' dir='ltr'><strong>se</strong></span> <span class='ocrx_word' id='word_1_857' title='bbox 2023 5347 2215 5401; x_wconf 89' lang='lat' dir='ltr'><strong>nempe</strong></span> <span class='ocrx_word' id='word_1_858' title='bbox 2242 5332 2622 5400; x_wconf 88' lang='lat' dir='ltr'><strong>subsistentes,</strong></span> <span class='ocrx_word' id='word_1_859' title='bbox 2655 5343 2709 5389; x_wconf 89' lang='lat' dir='ltr'><strong>et</strong></span> <span class='ocrx_word' id='word_1_860' title='bbox 2732 5344 3015 5404; x_wconf 88' lang='lat' dir='ltr'><strong>separatas</strong></span> <span class='ocrx_word' id='word_1_861' title='bbox 3053 5336 3503 5403; x_wconf 85' lang='lat' dir='ltr'><strong>decerneremus,</strong></span> 
     </span>
    </p>
   </div>
   <div class='ocr_carea' id='block_1_115' title="bbox 1932 5423 3504 5495">
    <p class='ocr_par' dir='ltr' id='par_1_115' title="bbox 1932 5423 3504 5495">
     <span class='ocr_line' id='line_1_115' title="bbox 1932 5423 3504 5495; baseline 0.004 -18"><span class='ocrx_word' id='word_1_862' title='bbox 1932 5439 2126 5493; x_wconf 89' lang='lat' dir='ltr'><strong>nempe</strong></span> <span class='ocrx_word' id='word_1_863' title='bbox 2158 5424 2320 5480; x_wconf 88' lang='lat' dir='ltr'><strong>Deum</strong></span> <span class='ocrx_word' id='word_1_864' title='bbox 2373 5423 2610 5480; x_wconf 78' lang='lat' dir='ltr'><strong>Verbum</strong></span> <span class='ocrx_word' id='word_1_865' title='bbox 2648 5425 2942 5495; x_wconf 89' lang='lat' dir='ltr'><strong>separatim</strong></span> <span class='ocrx_word' id='word_1_866' title='bbox 2984 5444 3110 5482; x_wconf 91' lang='lat' dir='ltr'><strong>cum</strong></span> <span class='ocrx_word' id='word_1_867' title='bbox 3155 5428 3338 5483; x_wconf 86' lang='lat' dir='ltr'><strong>divina</strong></span> <span class='ocrx_word' id='word_1_868' title='bbox 3405 5444 3504 5484; x_wconf 88' lang='lat' dir='ltr'><strong>sua</strong></span> 
     </span>
    </p>
   </div>
   <div class='ocr_carea' id='block_1_116' title="bbox 1932 5518 3504 5588">
    <p class='ocr_par' dir='ltr' id='par_1_116' title="bbox 1932 5518 3504 5588">
     <span class='ocr_line' id='line_1_116' title="bbox 1932 5518 3504 5588; baseline 0.003 -18"><span class='ocrx_word' id='word_1_869' title='bbox 1932 5526 2151 5583; x_wconf 90' lang='lat' dir='ltr'><strong>natura,</strong></span> <span class='ocrx_word' id='word_1_870' title='bbox 2200 5533 2534 5588; x_wconf 88' lang='lat' dir='ltr'><strong>rursumque</strong></span> <span class='ocrx_word' id='word_1_871' title='bbox 2572 5518 2850 5574; x_wconf 85' lang='lat' dir='ltr'><strong>hominem</strong></span> <span class='ocrx_word' id='word_1_872' title='bbox 2883 5521 3183 5575; x_wconf 87' lang='lat' dir='ltr'><strong>secundum</strong></span> <span class='ocrx_word' id='word_1_873' title='bbox 3237 5536 3298 5577; x_wconf 89' lang='lat' dir='ltr'><strong>se</strong></span> <span class='ocrx_word' id='word_1_874' title='bbox 3343 5528 3504 5575; x_wconf 86' lang='lat' dir='ltr'><strong>antea</strong></span> 
     </span>
    </p>
   </div>
   <div class='ocr_carea' id='block_1_117' title="bbox 1931 5609 3504 5679">
    <p class='ocr_par' dir='ltr' id='par_1_117' title="bbox 1931 5609 3504 5679">
     <span class='ocr_line' id='line_1_117' title="bbox 1931 5609 3504 5679; baseline 0 -16"><span class='ocrx_word' id='word_1_875' title='bbox 1931 5609 1984 5663; x_wconf 90' lang='lat' dir='ltr'><strong>in</strong></span> <span class='ocrx_word' id='word_1_876' title='bbox 2016 5609 2293 5679; x_wconf 80' lang='lat' dir='ltr'><strong>bypostasi</strong></span> <span class='ocrx_word' id='word_1_877' title='bbox 2319 5610 2728 5676; x_wconf 89' lang='lat' dir='ltr'><strong>subsistentem,</strong></span> <span class='ocrx_word' id='word_1_878' title='bbox 2771 5619 2825 5664; x_wconf 91' lang='lat' dir='ltr'><strong>et</strong></span> <span class='ocrx_word' id='word_1_879' title='bbox 2850 5618 3121 5677; x_wconf 88' lang='lat' dir='ltr'><strong>creatum,</strong></span> <span class='ocrx_word' id='word_1_880' title='bbox 3173 5619 3288 5665; x_wconf 93' lang='lat' dir='ltr'><strong>tum</strong></span> <span class='ocrx_word' id='word_1_881' title='bbox 3342 5609 3504 5665; x_wconf 63' lang='lat' dir='ltr'><strong>uuio-</strong></span> 
     </span>
    </p>
   </div>
   <div class='ocr_carea' id='block_1_118' title="bbox 1929 5699 3505 5771">
    <p class='ocr_par' dir='ltr' id='par_1_118' title="bbox 1929 5699 3505 5771">
     <span class='ocr_line' id='line_1_118' title="bbox 1929 5699 3505 5771; baseline -0.002 -14"><span class='ocrx_word' id='word_1_882' title='bbox 1929 5717 2054 5757; x_wconf 82' lang='lat' dir='ltr'><strong>nent</strong></span> <span class='ocrx_word' id='word_1_883' title='bbox 2091 5711 2411 5757; x_wconf 89' lang='lat' dir='ltr'><strong>naturarum</strong></span> <span class='ocrx_word' id='word_1_884' title='bbox 2445 5700 2862 5765; x_wconf 82' lang='lat' dir='ltr'><strong>atlirmaremus,</strong></span> <span class='ocrx_word' id='word_1_885' title='bbox 2906 5717 3113 5767; x_wconf 87' lang='lat' dir='ltr'><strong>easque</strong></span> <span class='ocrx_word' id='word_1_886' title='bbox 3151 5702 3289 5759; x_wconf 87' lang='lat' dir='ltr'><strong>duas</strong></span> <span class='ocrx_word' id='word_1_887' title='bbox 3336 5699 3505 5771; x_wconf 79' lang='lat' dir='ltr'><strong>proti-</strong></span> 
     </span>
    </p>
   </div>
  </div>
