4194 6432
717 393 820 453 659

1984 397 2273 456 ΝΙΕΕΤᾸΞ
2316 397 2714 459 ΒΥΖΛΝἸῚΝΙ

3878 402 3985 465 660

717 525 955 567 terremur
1009 522 1062 567 et
1093 529 1254 568 unam
1289 513 1653 585 hypostasim,
1692 517 2004 570 necessario
2044 530 2298 584 sequere-

2409 516 2653 584 γοῦντες,
2692 516 2786 569 καὶ
2824 516 2955 587 μίαν
3004 517 3321 583 ύπόστασιν,
3354 516 3567 588 ἀνάγκη
3615 520 3679 574 τὰ
3713 521 3988 590 πρόσωπα

717 620 827 667 tur,
890 607 1028 660 duas
1082 621 1347 675 personas
1408 608 1461 662 in
1511 624 1673 661 unam
1732 619 2040 663 contractas
2102 608 2291 673 fuisse,

716 699 860 765 quod
894 699 939 753 si
973 699 1209 752 alienum
1272 710 1355 755 est
1413 717 1441 755 a
1489 701 1927 757 Christianorum
1972 703 2072 757 Iide
2114 704 2298 757 ortho-

715 790 880 853 tittxu,
953 791 1116 860 idque
1182 807 1284 848 nos
1348 804 1605 864 tanquam
1658 793 1894 850 Nestor-ii
1965 796 2294 850 sententiam

716 897 1086 946 exsecramur,
1123 881 1324 939 frustra
1358 885 1622 939 adversus
1654 901 1756 941 nos
1814 885 2012 941 similia
2071 886 2296 940 conclu-

713 974 817 1027 dis.
855 972 966 1029 Nos
1018 975 1165 1030 enim
1219 976 1453 1030 dicimus
1506 975 1751 1032 divinum
1816 976 2011 1032 Filium
2055 977 2293 1031 divinam

716 1076 964 1122 naturam
996 1070 1048 1122 in
1086 1085 1143 1123 se
1183 1068 1419 1139 perfecte
1437 1070 1753 1133 habentem,
1806 1080 1991 1140 postea
2042 1082 2294 1125 naturam

715 1160 1011 1215 humanam
1045 1177 1172 1217 cum
1234 1163 1572 1232 prtescriptis
1626 1165 1700 1218 illi
1765 1165 2185 1233 proprietatibus
2240 1165 2294 1218 in

714 1255 933 1323 propria
963 1255 1243 1326 hypostasi
1287 1257 1743 1318 individttautcm,
1797 1266 1850 1310 et
1897 1256 2292 1327 hypostaticum

716 1346 1056 1401 Uotninicum
1120 1348 1393 1402 hominem
1430 1349 1740 1411 facientem,
1786 1348 1838 1402 in
1878 1349 1996 1418 ipso
2031 1358 2293 1416 conceptu

713 1438 812 1504 ipsi
847 1439 1082 1502 unitum,
1127 1450 1181 1493 et
1214 1456 1318 1493 non
1356 1450 1515 1493 antea
1567 1442 1861 1495 r-onlictum
1888 1441 1943 1494 in
1989 1451 2143 1494 utero
2172 1439 2295 1493 Vir-

711 1529 875 1596 ginis,
920 1531 1011 1585 sed
1048 1532 1230 1583 statim
1268 1532 1319 1583 in
1375 1530 1546 1600 ipsius
1607 1531 1779 1601 prima
1832 1531 2190 1599 productione
2223 1532 2296 1586 si-

713 1623 824 1673 ntul
878 1625 978 1677 tria
1040 1623 1231 1685 fuisse,
1285 1626 1739 1693 assutnptionettt,
1784 1624 2188 1689 exsistentiam,
2242 1634 2295 1681 οι

710 1715 1111 1770 dedicationem
1142 1716 1315 1785 ipsius
1346 1736 1373 1770 τι
1410 1716 1610 1781 Verbo,
1635 1716 1824 1786 sicque
1885 1716 2138 1788 intelligi,
2211 1718 2294 1773 di-

711 1807 869 1874 rique
902 1807 1190 1877 Deiparam
1241 1818 1485 1862 sanctam
1544 1807 1849 1877 Virginem,
1915 1825 2020 1863 non
2082 1820 2290 1865 tantum

2401 608 2471 659 τά
2492 609 2586 661 δύο
2618 609 2698 671 εἰς
2740 606 2798 660 ἒν
2858 608 3155 678 πρόσωπον
3206 608 3566 683 συνῃρῆσθαι.
3619 612 3680 663 El
3717 612 3773 664 δὲ
3823 614 3989 667 τοῦτο

2399 700 2683 771 ἀλλότριον
2725 700 2825 769 τῆς
2866 700 2976 753 τῶν
3024 700 3371 771 Χριστιανῶν
3417 700 3700 772 ὀρθοδόξου
3750 703 3988 767 πίστεως

2401 792 2500 863 (ὡς
2532 794 2640 863 γὰρ
2663 791 2958 864 Νεπορίου
2985 792 3240 864 φρόνημα
3262 791 3321 844 δν
3345 793 3776 865 μυσαττόμεθα),
3807 796 3987 864 μάτην

2399 883 2625 939 τοιαῦτα
2658 884 2779 939 καθ’
2804 882 2960 954 ἡμῶν
2991 884 3407 956 συμπεραίνεις.
3458 886 3649 957 Ἡμεῖς
3676 886 3782 957 γάρ
3801 903 3988 955 φαμεν

2400 977 2494 1031 τὸν
2524 976 2661 1030 Θεὸν
2691 978 2864 1047 Λόγον
2911 976 3011 1048 τὴν
3051 975 3203 1031 θείαν
3230 976 3393 1047 φύσιν
3428 978 3487 1030 ὲν
3542 977 3722 1047 ἑαυτῷ
3769 977 3989 1030 τελείαν

2398 1069 2610 1140 ἔχοντα,
2643 1064 2762 1122 εἶτα
2798 1068 2897 1140 τὴν
2928 1068 3280 1140 ἀνθρωπίνην
3328 1068 3490 1138 φύσιν
3546 1070 3684 1141 μετά
3716 1070 3824 1123 τῶν
3874 1071 3988 1139 ἀφ-

2398 1162 2690 1234 οριστικῶν
2727 1161 3037 1232 ἰδιωμάτων
3068 1163 3126 1216 ἐν
3171 1165 3238 1233 τῇ
3272 1162 3380 1233 ίδίᾳ
3418 1163 3713 1217 ὑποστάσει
3758 1164 3984 1234 ἀτομώ-

2401 1273 2589 1318 σαντα,
2616 1256 2705 1309 καὶ
2723 1255 3083 1308 ύποστατικὸν
3106 1256 3196 1309 τὸν
3227 1256 3503 1326 κυριακὸν
3518 1256 3804 1326 ἄνθρωπον
3825 1258 3985 1329 ποιή-

2400 1365 2591 1412 σαντα,
2646 1348 2705 1415 ἐξ
2764 1348 2934 1417 αὐτῆς
2994 1348 3092 1417 τῆς
3145 1347 3460 1417 συλλήψεως
3495 1348 3761 1402 ἑνωθέντα
3804 1349 3979 1419 αύτῷ,

2399 1437 2494 1492 καὶ
2526 1439 2600 1507 μὴ
2635 1437 3145 1509 προδιαπλασθέντα
3171 1438 3229 1489 ἐν
3262 1442 3326 1509 τῇ
3354 1438 3509 1510 νηδύϊ
3543 1441 3642 1509 τῆς
3678 1439 3981 1510 Παρθένου,

2397 1532 2513 1588 ἀλλ’
2546 1532 2661 1601 ἃμα
2695 1534 2761 1603 τῇ
2797 1532 2878 1594 εἰς
2931 1530 2992 1584 τὸ
3051 1525 3191 1584 εἶναι
3242 1531 3433 1583 ⁶ιούτου
3488 1534 3792 1602 παραγωγῇ
3842 1532 3983 1603 ὁμοῦ

2397 1624 2650 1692 γενέσθαι
2684 1622 2751 1676 τά
2777 1621 2905 1692 τρία
2940 1621 3038 1688 τὴν
3082 1622 3408 1693 πρόσληψιν,
3447 1623 3547 1693 τὴν
3588 1621 3843 1693 ὓπαρξιν,
3877 1624 3984 1694 τὴν

2400 1714 2597 1768 θέωσιν
2632 1715 2780 1786 αὐτῷ
2809 1714 2914 1767 ὑπὸ
2942 1713 3037 1767 τοῦ
3085 1715 3285 1782 Λόγου,
3320 1713 3414 1768 καὶ
3442 1714 3585 1768 οὕτω
3615 1714 3854 1769 νοεῖσθαι
3885 1717 3983 1769 καὶ

2398 1806 2656 1875 λέγεσθαι
2695 1806 2959 1861 Θεοτόκον
3002 1806 3101 1877 τὴν
3150 1807 3315 1877 ἁγίαν
3373 1806 3671 1879 Παρθένον,
3717 1808 3779 1861 ού
3817 1808 3982 1878 μόνον

709 1899 782 1950 ob
817 1908 1063 1951 naturam
1102 1899 1285 1961 Verbi,
1318 1901 1409 1952 sed
1448 1900 1515 1953 ob
1560 1900 1815 1954 unionem
1861 1901 2121 1967 hominis,
2155 1918 2291 1971 quo-

2400 1899 2484 1952 διὰ
2516 1899 2617 1970 τὴν
2656 1898 2821 1968 φύσιν
2855 1898 2948 1951 τοῦ
2981 1898 3175 1966 Λόγου,
3228 1898 3366 1952 ἀλλὰ
3414 1899 3509 1951 καὶ
3540 1898 3627 1951 διὰ
3649 1898 3749 1967 τὴν
3782 1898 3981 1951 ἕνωσιν

713 2004 829 2041 rum
858 1988 1022 2042 simul
1072 2001 1368 2059 conceptus
1409 2000 1461 2044 et
1508 1992 1827 2046 exsisteutia
1851 2007 1956 2045 non
1976 1992 2095 2047 sine
2124 1995 2295 2050 mira-

711 2080 834 2132 t-ulo
893 2080 1146 2135 effectum
1188 2081 1430 2136 hahuit:
1489 2085 1773 2152 (’O'tCCpliO
1829 2085 2046 2154 quidem
2111 2085 2294 2150 Verbi,

711 2174 894 2227 carnis
909 2189 1037 2227 vero
1057 2177 1106 2227 in
1126 2177 1244 2244 ipso
1266 2173 1438 2227 Verbo
1459 2176 1772 2231 exsisteutia
1795 2193 1889 2246 per
1917 2180 2087 2248 ipsam
2111 2177 2298 2248 Deipa-

712 2278 916 2319 rentcm
939 2282 1099 2335 supra
1125 2280 1371 2323 naturam
1404 2271 1736 2325 creationem
1756 2271 2019 2338 Creatori,
2043 2283 2095 2328 et
2118 2274 2297 2327 incar-

711 2359 987 2412 nationem
1022 2358 1152 2425 Deo,
1178 2369 1231 2413 et
1262 2359 1451 2415 factori
1485 2363 1745 2430 universi,
1777 2367 1918 2432 quod
1938 2373 2052 2417 erat
2083 2380 2297 2419 assmu-

711 2458 862 2516 ptum
894 2451 1166 2504 deilicanti
1199 2453 1658 2521 suppeditantmn,
1687 2464 2043 2509 ronservaute
2084 2455 2295 2509 unitate

712 2556 836 2605 qua:
878 2549 1037 2593 erant
1074 2541 1247 2602 unita,
1288 2542 1413 2595 talia
1447 2552 1498 2596 et
1533 2543 1711 2611 qualia
1754 2543 1805 2594 in
1848 2543 2105 2596 unionem
2156 2558 2289 2597 con-

711 2642 999 2694 vcnerunt,
1034 2632 1437 2697 nondivinum,
1470 2634 1717 2702 inquam,
1776 2633 2139 2697 solummodo,
2200 2633 2293 2687 sed

711 2726 874 2778 etiam
904 2725 1203 2778 humanum
1241 2726 1471 2788 Christi,
1529 2728 1673 2796 quod
1712 2735 1828 2781 erat
1894 2742 2056 2795 supra
2097 2742 2197 2781 nos
2244 2736 2297 2780 ct

711 2817 1012 2871 secundum
1047 2831 1165 2871 nos.
1195 2815 1349 2882 Quod
1385 2818 1427 2872 si
1466 2818 1515 2870 id
1550 2826 1652 2879 est,
1689 2826 1891 2872 temere
1935 2833 2001 2872 ex
2042 2833 2108 2873 eo
2149 2819 2294 2886 quod

712 2924 815 2963 nos
838 2909 905 2963 de
935 2908 1156 2963 Chrile
1186 2910 1323 2963 duas
1355 2920 1577 2962 naturas
1634 2917 1687 2963 et
1728 2924 1891 2963 unam
1948 2910 2291 2980 hypostasim

712 3002 975 3067 dicimus,
1020 3016 1377 3066 personarum
1422 3002 1729 3054 ntistionetn
1761 3001 1937 3071 colligi
1985 3002 2291 3058 contendis.

713 3091 779 3146 Et
803 3108 935 3147 sane
959 3094 1043 3146 ad-
1068 3101 1276 3149 vestras
1302 3094 1573 3163 querelas,
1590 3104 1643 3147 et
1667 3094 1927 3149 adversus
1947 3103 2147 3148 rectam
2178 3110 2296 3147 ma-

717 3199 832 3247 gna
869 3193 924 3237 et
953 3184 1308 3238 (eeumenica:
1330 3184 1524 3254 synodi
1562 3184 2028 3239 Chalcedonensis
2093 3184 2295 3236 doctri-

714 3291 838 3329 nam
874 3276 1288 3332 criminationes
1312 3287 1366 3332 et
1415 3276 1689 3341 convicia,
1732 3285 1936 3331 nostrae
1985 3276 2294 3343 responsio-
2325 3248 2369 3308 C

717 3384 813 3423 nes
867 3376 921 3423 et
957 3370 1255 3436 instantiae,
1294 3385 1388 3440 per
1420 3385 1557 3440 quas
1592 3384 1619 3422 a
1676 3369 1987 3436 calumniis,
2022 3369 2114 3438 qui
2170 3383 2293 3422 cum

718 3461 821 3513 hac
855 3471 1040 3515 santta
1087 3461 1298 3532 synodo
1329 3477 1437 3515 una
1473 3461 1738 3523 sentiunt,
1771 3460 2141 3521 vindicantur,
2190 3459 2296 3513 illis

714 3552 805 3621 qui
842 3562 1047 3608 rectum
1075 3553 1398 3624 iustumque
1439 3554 1691 3623 amplecti
1745 3559 2031 3623 appetunt,
2059 3567 2087 3606 a
2138 3552 2297 3607 nobis

715 3644 796 3698 sic
840 3644 1119 3711 dispositas
1147 3645 1235 3700 hic
1278 3644 1439 3698 finem
1475 3644 1729 3699 habeant.

786 3736 874 3789 22.
908 3735 1193 3806 Reliquum
1232 3745 1333 3801 est,
1370 3746 1523 3791 utea
1574 3737 1761 3797 etiam,
1820 3750 1940 3803 quae
1994 3735 2046 3788 in
2109 3741 2291 3788 vestra

716 3826 1060 3895 professione
1096 3842 1202 3880 non
1236 3836 1445 3881 tantum
1479 3842 1544 3880 cx
1597 3825 1966 3893 improhitate,
2004 3840 2169 3894 quam
2195 3839 2294 3876 an-

718 3929 941 3989 teet-pta:
962 3920 1146 3974 animo
1196 3919 1608 3974 informationis
1651 3918 1963 3989 tyrannide,
2000 3917 2298 3987 depravate

719 4012 1094 4080 intelliguntur
1122 4018 1168 4065 el
1216 4019 1637 4073 conservantur,
1683 4007 1867 4079 gravis
1920 4007 2065 4061 enim
2096 4022 2297 4072 essent,

720 4104 764 4157 si
816 4104 1082 4158 discerem
1127 4118 1191 4157 ex
1252 4103 1537 4157 inscientia
1587 4112 1639 4156 et
1686 4100 2052 4156 contentionis
2091 4099 2297 4161 studio,

719 4196 1083 4249 ronsiderem.
1126 4192 1245 4249 Non
1276 4209 1505 4264 prorsus
1561 4209 1588 4246 a
1642 4202 1787 4249 recta
1850 4192 1993 4246 circa
2038 4192 2195 4247 fidem
2222 4206 2303 4245 ra-

716 4289 870 4348 tione
895 4289 1198 4351 excidistis,
1228 4290 1319 4343 sed
1350 4304 1416 4342 ex
1464 4298 1641 4357 parte,
1696 4287 1804 4341 nisi
1848 4287 1972 4356 quis
2024 4286 2299 4356 proverbii

722 4379 854 4432 illud
886 4380 1013 4433 velit
1044 4379 1201 4434 vobis
1242 4380 1557 4449 appiugere,
1597 4378 1701 4443 Qui
1766 4392 1995 4447 parvum
2054 4377 2297 4445 negligit,

720 4469 980 4538 paulatim
1012 4468 1206 4534 cadet;
1233 4469 1601 4538 quodcunque
1638 4482 1763 4521 vero
1810 4467 1863 4520 in
1910 4480 2097 4521 casum
2124 4465 2300 4520 abdu—

720 4560 813 4622 rit,
843 4568 897 4613 et
931 4574 1119 4614 casum
1157 4573 1185 4612 a
1248 4558 1376 4622 Deo,
1435 4557 1835 4611 exsecrationis
1886 4555 2300 4624 eversionisque

720 4653 944 4722 dignum
972 4660 1075 4707 est.
1114 4650 1363 4720 Namque
1405 4650 1526 4704 Filii
1575 4657 1629 4703 et
1664 4648 1828 4703 Verbi
1854 4647 1949 4702 Dei
1974 4662 2098 4704 cum
2140 4645 2301 4702 Patre

723 4746 841 4799 sine
872 4744 1158 4813 principio,
1218 4755 1273 4799 et
1331 4743 1681 4798 sanctissimo
1737 4743 2064 4811 vivificoque
2127 4740 2301 4810 ipsius

725 4835 930 4904 Spiritu
969 4842 1095 4888 ante
1126 4832 1324 4887 saecula
1374 4832 1751 4889 exsisteutiatn
1814 4840 1958 4887 recte
2001 4831 2300 4887 secundum

724 4927 1049 4981 catholicam
1084 4934 1139 4981 et
1159 4925 1519 4979 orthodoxam
1547 4925 1844 4980 Ecclesiam
1884 4924 2105 4981 tenetis.
2160 4923 2303 4979 Prte-

728 5031 874 5074 terea
934 5020 1026 5074 Dei
1077 5019 1363 5089 Patrisque
1422 5019 1796 5089 beneplacito,
1845 5027 1900 5073 et
1966 5016 2301 5073 sanctissimi

727 5112 962 5182 Spiritus
1015 5128 1287 5169 concursu
1350 5113 1403 5166 in
1471 5122 1626 5167 utero
1690 5126 1900 5181 semper
1964 5110 2188 5180 virginis
2240 5126 2303 5165 ac

726 5204 971 5274 Deipane
1014 5203 1195 5258 Maria:
1243 5203 1655 5268 habitationem,
1725 5212 1778 5257 et
1838 5211 2039 5257 nostrae
2094 5210 2304 5257 natura:

730 5296 1076 5351 iuconfusatu
1141 5303 1196 5350 et
1242 5295 1668 5365 inseparabilem
1719 5296 2001 5359 unionem,
2049 5295 2304 5349 immuta-

733 5390 746 5442 l
772 5389 827 5443 ili
852 5398 1167 5443 remanente
1193 5387 1303 5441 Deo
1330 5387 1529 5451 Verbo,
1557 5388 1611 5442 iu
1632 5388 1847 5457 prepria
1872 5398 2086 5449 natura,
2112 5401 2304 5453 nempe

727 5478 951 5542 deitate,
969 5488 1022 5532 et
1041 5479 1373 5533 immutabili
1391 5480 1910 5547 conservataipsius
1941 5478 2302 5542 humanitate,

728 5584 921 5640 nempe
934 5568 1168 5624 humara
1190 5578 1400 5634 natura,
1421 5569 1605 5625 omnia
1619 5585 1743 5625 vere
1769 5586 1878 5640 pra:
1895 5585 1953 5625 se
1968 5569 2166 5625 ferente
2184 5585 2305 5639 qua:

730 5662 969 5718 hominis
1007 5670 1385 5735 sunt,excepto
1421 5673 1643 5735 peccato
1672 5663 2301 5734 solo,corpus,animam,

728 5766 776 5807 cl
809 5764 1064 5810 mentem.
1108 5753 1202 5809 llis
1232 5771 1361 5810 vero
1425 5773 1515 5826 per
1554 5774 1650 5812 vos
1682 5756 2071 5826 contprohatis,
2123 5754 2302 5825 perfe-

730 5858 854 5905 ctus
885 5846 941 5903 in
993 5846 1198 5904 deitate
1244 5857 1296 5904 ct
1328 5848 1600 5919 perfectus
1649 5851 1703 5905 in
1757 5852 2097 5906 humanitate
2150 5865 2301 5905 cout—

2398 1992 2491 2045 τοῦ
2516 1990 2884 2062 ἀνθρωπίνου,
2919 1983 2992 2043 ὧν
3025 1990 3143 2059 ἅμα
3173 1991 3206 2059 ἡ
3244 1988 3507 2059 σύλληψις
3545 1989 3641 2042 καὶ
3673 1991 3706 2058 ἡ
3742 1988 3982 2057 ὖπαρξις

2398 2082 2972 2154 τεθαυματούργηται,
3006 2085 3038 2153 ὴ
3090 2085 3189 2151 μὲν
3222 2082 3482 2152 σύλληψις
3512 2082 3608 2135 τοῦ
3652 2082 3845 2150 Λόγου,
3876 2082 3980 2151 τῆς

2398 2177 2452 2230 δὲ
2484 2177 2686 2248 σαρκὸς
2716 2179 2749 2247 ή
2780 2179 2835 2229 ὲν
2868 2175 3019 2246 αὐτῷ
3046 2176 3125 2246 τῷ
3155 2176 3314 2246 Λόγῳ
3332 2175 3565 2246 ὖπαρξις
3592 2177 3657 2228 δι’
3678 2178 3848 2246 αὐτῆς
3878 2177 3982 2246 τῆς

2397 2268 2763 2338 Θεομήτορος,
2799 2267 3092 2340 ὑπερφυῶς
3122 2268 3465 2336 χορηγούσης
3485 2267 3543 2319 τὸ
3576 2266 3882 2335 πλασθῆναι
3898 2265 3983 2335 τῷ

2399 2360 2687 2420 πλάσαντι,
2715 2361 2809 2412 καὶ
2836 2360 2897 2411 τὸ
2936 2358 3385 2428 ἀνθρωπισθῆναι
3409 2358 3486 2429 τῷ
3507 2358 3629 2429 Θεῷ
3654 2359 3747 2411 καὶ
3779 2361 3981 2429 ποιητῇ

2395 2451 2490 2505 τοῦ
2531 2452 2732 2515 παντὸς
2778 2450 2990 2504 θεοῦντι
3028 2451 3088 2503 τὸ
3122 2450 3462 2520 πρόσλημμα
3485 2492 3499 2515 ,
3560 2450 3841 2520 σωζούσης
3877 2450 3985 2520 τῆς

2399 2543 2650 2607 ἐνώσεως
2698 2543 2766 2596 τά
2796 2542 3068 2596 ὲνωθέντα
3112 2541 3335 2596 τοιαῦτα
3367 2536 3456 2594 οἷα
3490 2543 3585 2595 καὶ
3628 2544 3886 2612 ἧνωνται.
3916 2541 3983 2593 οὗ

2397 2636 2459 2689 τὸ
2490 2636 2632 2689 θεῖον
2670 2635 2815 2701 λέγω
2870 2636 3052 2705 μόνον,
3094 2634 3232 2687 ἀλλά
3268 2634 3363 2687 καὶ
3398 2633 3459 2685 τὸ
3508 2633 3850 2703 ἀνθρώπινον
3883 2632 3983 2687 τοῦ

2400 2726 2661 2798 Χριστοῦ,
2696 2727 2756 2779 τὺ
2783 2726 2924 2797 ὑπὲρ
2958 2727 3104 2796 ἡμᾶς
3132 2726 3226 2778 καὶ
3255 2724 3378 2779 καθ’
3418 2725 3589 2796 ἡμᾶς.
3621 2725 3682 2777 Εἰ
3721 2724 3777 2777 δὲ
3800 2724 3982 2786 τοῦτο,

2403 2823 2582 2893 μάτην
2618 2819 2706 2874 διὰ
2732 2819 2792 2872 τὸ
2839 2815 3086 2884 δοξάζειν
3132 2818 3281 2887 ἡμᾶς
3322 2816 3416 2871 δύο
3449 2816 3663 2884 φύσεις,
3704 2817 3800 2869 καὶ
3849 2815 3986 2886 μίαν

2399 2914 2696 2967 ὑπόστασιν
2730 2911 2822 2964 ἐπὶ
2856 2909 3119 2982 Χριστοῦ,
3150 2910 3245 2964 καὶ
3276 2908 3586 2980 προσώπων
3618 2910 3816 2978 κρᾶσιν
3856 2923 3986 2959 συν-

2399 3003 2629 3071 άγεσθαι
2677 3002 2877 3071 λέγοις.
2930 3000 3042 3053 Καὶ
3099 3001 3154 3053 αί
3199 2999 3299 3069 μὲν
3336 2999 3473 3069 πρὸς
3504 3000 3599 3062 τὰς
3652 2998 3775 3051 καθ’
3820 2998 3986 3067 ἡμῶν

2403 3094 2662 3166 μέμψεις,
2695 3093 2792 3147 καὶ
2826 3093 2925 3156 τὰς
2959 3093 3102 3147 κατά
3124 3090 3219 3145 τοῦ
3249 3091 3413 3162 ὀρθοῦ
3446 3090 3716 3160 δόγματος
3747 3089 3848 3159 τῆς
3884 3107 3985 3159 με-

2400 3188 2571 3259 γάλης
2602 3187 2696 3240 καὶ
2728 3185 3115 3256 οίκουμενικῆς
3140 3186 3200 3238 ὲν
3222 3183 3524 3254 Χαλκηδόνι
3575 3183 3794 3237 συνόδου
3842 3200 3985 3236 κακ-

2402 3278 2632 3347 ηγορίας
2665 3277 2760 3332 καὶ
2809 3276 3082 3341 διαϐολὰς,
3100 3277 3438 3346 ἀπαντήσεις
3465 3293 3526 3329 τε
3550 3277 3643 3330 καὶ
3675 3275 3983 3340 ἐνστάσεις,

2400 3369 2466 3422 δι’
2495 3362 2570 3422 ὧν
2602 3368 2771 3423 ἀθῶοι
2794 3369 2997 3433 πάντες
3028 3369 3078 3422 οί
3116 3368 3428 3437 σύμφρονες
3474 3369 3540 3438 τῇ
3576 3367 3802 3438 τοιαύτῃ
3850 3368 3986 3437 ἀγίᾳ

2403 3460 2607 3531 συνόδῳ
2638 3460 2946 3515 δείκνυνται
2975 3462 3088 3523 τοῖς
3110 3460 3287 3530 ὀρθῶς
3308 3458 3447 3514 εἶναι
3480 3460 3828 3531 βουλομένοις
3852 3462 3985 3532 παρ’

2401 3552 2559 3624 ἡμῶν
2591 3553 2879 3623 ἐκτεθῆναι
2913 3553 3008 3607 καὶ
3041 3554 3229 3609 ἐνθάδε
3258 3554 3626 3625 περιωρίσθω.

2473 3729 2576 3801 κβ’.
2619 3732 2820 3785 Λοιπὸν
2851 3732 2944 3786 καὶ
2978 3732 3047 3786 τά
3098 3732 3240 3786 κατά
3279 3731 3375 3803 τὴν
3405 3731 3697 3802 ὁμολογίαν
3728 3731 3887 3801 ὑμῶν
3920 3731 3986 3785 οὗ

2400 3823 2655 3878 τοσοῦτον
2712 3825 2775 3878 ὲκ
2825 3824 3148 3898 μοχθηρίας,
3185 3826 3310 3878 ὅσον
3356 3827 3423 3896 τῇ
3467 3827 3568 3897 τῆς
3620 3823 3988 3896 προσλήψεως

2400 3912 2676 3983 τυραννίδι
2706 3912 3061 3982 ὲσφαλμένως
3094 3913 3363 3982 νοούμενά
3394 3930 3454 3965 τε
3485 3914 3579 3967 καὶ
3602 3912 3990 3981 φυλαττόμενα

2405 4004 2658 4076 (ὀκνηρὸν
2688 4004 2796 4074 γάρ
2830 4006 3004 4057 εἰπεῖν
3028 4004 3088 4071 ἐξ
3128 4005 3369 4075 ἀμαθίας
3396 4023 3456 4059 τε
3478 4004 3574 4059 καὶ
3603 4004 3986 4074 φιλονεικίας),

2403 4096 2786 4150 ἐπισκεπτέον.
2827 4099 2903 4149 Οὐ
2939 4097 3114 4168 πάντη
3164 4095 3260 4150 τοῦ
3292 4097 3455 4167 ὀρθοῦ
3489 4097 3619 4168 περὶ¹
3662 4097 3761 4166 τὴν
3799 4097 3989 4149 πίστιν

2402 4186 2820 4248 διαπεπτώκατε
2856 4186 3037 4255 λόγου,
3076 4186 3192 4239 ἀλλ’
3237 4187 3331 4239 ἐπὶ
3362 4187 3588 4257 μέρους.
3620 4187 3683 4239 Εἰ
3717 4187 3849 4257 μήτι
3874 4187 3989 4255 ἄρα

2402 4278 2465 4332 τό
2498 4275 2867 4349 παροιμιακὸν
2894 4254 3072 4330 ἐκεῖνό
3098 4294 3182 4340 τις
3210 4254 3497 4347 βουληθείη
3527 4277 3656 4346 ύμῖν
3701 4254 3989 4345 ἔπαφῆναι

2408 4369 2591 4440 ῥητὸν,
2639 4368 2721 4421 ὅτι
2764 4367 2823 4421 ’0
2876 4367 3238 4437 καταφρονῶν
3285 4366 3345 4419 τὺ
3396 4365 3592 4437 μικρὸν
3644 4366 3763 4419 κατ’
3802 4365 3990 4433 ὀλίγον

2406 4464 2650 4515 πεσεῖται
2675 4477 2687 4489 ·
2730 4461 2839 4514 πᾶν
2870 4459 2926 4512 δὲ
2955 4460 3014 4512 τὸ
3042 4461 3124 4523 εἰς
3142 4459 3352 4512 πτῶσιν
3383 4460 3618 4527 ἀπάγον,
3644 4458 3741 4512 καὶ
3772 4457 3991 4511 πτῶσιν

2327 4585 2379 4645 D
2404 4554 2514 4607 ἀπὸ
2551 4552 2711 4617 Θεοῦ,
2750 4553 2941 4623 μίσους
2996 4552 3091 4604 καὶ
3134 4552 3484 4621 ἀποστροφῆς
3516 4549 3687 4614 ἀξιον.
3733 4550 3846 4621 Τὴν
3874 4551 3989 4620 γὰρ

2406 4644 2735 4716 προαιώνιον
2781 4642 2876 4696 τοῦ
2929 4642 3060 4695 Υἱοῦ
3093 4642 3189 4696 καὶ
3235 4642 3409 4710 Λόγου
3453 4640 3548 4694 τοῦ
3593 4640 3729 4694 Θεοῦ
3776 4642 3873 4693 σὺν
3907 4641 3991 4709 τῷ

2403 4741 2628 4809 ἀνάρχῳ
2675 4738 2842 4792 αὐτοῦ
2884 4738 3059 4808 Πατρὶ
3090 4736 3284 4807 καὶτῷ
3315 4735 3568 4803 παναγίῳ
3606 4735 3699 4789 καὶ
3734 4733 3994 4801 ζωοποιῷ

2404 4830 2571 4885 αὑτοῦ
2626 4829 2904 4900 Πνεύματι
2961 4828 3231 4897 ὓπαρξιν,
3292 4827 3468 4899 ὀρθῶς
3524 4826 3775 4891 δοξάζετε
3843 4826 3993 4879 κατὰ

2403 4923 2503 4989 τὴν
2530 4922 2913 4992 οίκουμενικὴν
2944 4921 3039 4974 καὶ
3066 4918 3343 4991 ὀρθόδοξον
3386 4918 3732 4988 Ἐκκλησίαν.
3779 4918 3901 4970 Ἔτι
3923 4935 3992 4985 γε

2407 5017 2514 5086 μὴν
2543 5016 2636 5069 καὶ
2673 5016 2774 5087 τὴν
2810 5014 3026 5084 εύδοκίᾳ
3058 5015 3152 5068 τοῦ
3187 5012 3322 5067 Θεοῦ
3357 5014 3452 5067 καὶ
3483 5012 3713 5083 Πατρός,
3738 5012 3833 5065 καὶ
3858 5028 3993 5064 συν-

2405 5109 2567 5181 εργίᾳ
2642 5108 2738 5161 τοῦ
2816 5107 3086 5175 παναγίου
3149 5107 3464 5177 Πνεύματος
3524 5105 3822 5174 γενομένην
3892 5103 3993 5157 τοῦ

2404 5202 2540 5255 Θεοῦ
2589 5202 2762 5271 Λόγου
2818 5202 2876 5253 ἐν
2926 5202 2992 5271 τῇ
3048 5200 3247 5269 γαστρὶ
3301 5199 3398 5268 τῆς
3466 5196 3826 5267 ἀειπαρθένου
3893 5213 3997 5250 και

2404 5294 2665 5346 Θεοτόκου
2708 5293 2963 5363 Μαρίας,
3014 5292 3226 5362 οἴκησίν
3295 5307 3354 5342 τε
3399 5289 3495 5343 καὶ
3553 5288 3653 5358 τῆς
3712 5288 3996 5358 ἡμετέρας

2406 5385 2621 5454 φύσεως
2664 5385 2973 5456 ἀσύγχυτον
3026 5385 3120 5437 καὶ
3166 5381 3469 5453 ἀχώριστον
3511 5381 3725 5443 ἕνωσιν,
3776 5379 3996 5447 ἀμετα-

2405 5477 2604 5547 ϐλήτου
2657 5477 2941 5548 μείναντος
2982 5475 3079 5530 τοῦ
3117 5474 3253 5528 Θεοῦ
3301 5475 3475 5543 Λόγου
3530 5474 3595 5543 τῇ
3653 5470 3828 5541 οἰκεία
3886 5470 3997 5538 φύ-

2408 5584 2511 5632 σει,
2546 5568 2717 5637 ἡγουν
2777 5565 3016 5638 θεότητι,
3062 5565 3158 5618 καὶ
3207 5563 3583 5633 ἀμεταϐλήτου
3647 5559 3997 5632 τηρηθείσης

2405 5662 2503 5732 τῆς
2551 5660 2970 5732 ἀνθρωπότητος
3012 5660 3178 5712 αὐτοῦ
3208 5699 3222 5723 ,
3267 5661 3437 5727 ἧγουν
3475 5655 3574 5723 τῆς
3634 5651 3993 5723 ἀνθρωπίνης

2407 5753 2643 5823 φύσεως,
2684 5758 2859 5807 πάντα
2902 5752 3149 5822 aid/506th;
3184 5749 3620 5820 πρειόαλλομένου
3651 5744 3745 5800 τοῦ
3771 5744 3994 5814 ἀνθρω-

2411 5848 2565 5901 πίνου
2594 5847 2731 5921 πλὴν
2763 5848 2855 5919 τῆς
2886 5846 3161 5920 ἁμαρτίας
3189 5844 3377 5916 μόνης,
3404 5842 3646 5896 τουτέστι
3677 5840 3854 5912 σῶμα,
3884 5837 3999 5909 ψυ-
