4194 6432
189 392 285 456 661

1036 385 1467 447 REFUTATIO
1508 385 1890 445 EPISTOL/E
1926 388 2155 448 REGIS
2194 388 2580 447 ARMENLE.

3314 376 3421 441 602

186 507 303 577 χὴν,
330 506 423 559 καὶ
454 503 598 587 νοῦν.
625 504 842 558 Τούτων
871 502 925 556 δὲ
950 504 1077 571 παρ’
1102 504 1130 555 ὑ
1139 504 1255 573 μῶν
1285 503 1749 572 ὁμολογουμένων,

1872 513 2203 561 monstratur
2240 520 2383 559 unus
2439 512 2493 557 ct
2546 502 2686 556 idem
2730 499 2985 555 Christus
3041 493 3182 548 Deus
3221 502 3425 548 noster.

185 598 388 659 τέλειος
437 596 495 649 ὲν
551 596 788 658 θεότητι,
855 595 945 647 καὶ
1001 594 1205 655 τέλειος
1254 597 1311 647 ὲν
1369 594 1748 663 ἀνθρωπότητι

183 690 450 741 δείκνυται
484 682 563 750 εἷς
598 688 694 740 καὶ
730 688 758 739 ό
787 687 949 748 αὐτὸς
978 684 1054 737 ὢν
1093 685 1326 754 Χριστὸς
1353 687 1380 738 ὁ
1410 685 1540 746 Θεὸς
1571 682 1749 753 ἡμῶν.

185 783 243 834 Et
266 778 359 835 οὖν
378 782 408 833 ὁ
434 780 567 841 Θεὸς
588 779 761 848 Λόγος
784 778 1005 841 ὲνωθεὶς
1028 781 1093 849 τῇ
1117 777 1519 850 ἀνθρωπότητι,
1544 776 1753 829 τελείαν

185 872 321 941 ἔχων
346 871 445 939 τὴν
468 869 720 935 θεότητα,
753 867 965 920 τελείαν
1003 869 1101 937 τὴν
1140 866 1536 938 ἀνθρωπότητα
1586 862 1753 917 αὐτοῦ

184 965 275 1016 καὶ
306 961 428 1015 καθ’
455 963 598 1033 ὑμᾶς
630 962 912 1029 φυλάττων
943 960 1306 1030 ὁμολογεῖται,
1329 960 1434 1012 τίνι
1469 958 1611 1027 λόγῳ
1636 954 1757 1025 οὐχὶ

186 1055 277 1108 καὶ
300 1057 364 1107 ὲκ
395 1054 510 1120 δύο,
534 1055 629 1108 καὶ
648 1055 703 1106 έν
741 1052 833 1106 δύο
864 1052 1083 1122 φύσεσι,
1110 1053 1203 1104 καὶ
1229 1051 1323 1104 δύο
1350 1049 1543 1119 φύσεις
1568 1049 1759 1119 ἔχοντα

187 1144 350 1197 αὐτὸν
380 1144 695 1209 πιστεύετε,
734 1142 866 1196 ἀλλά
895 1144 1025 1213 μιᾶς
1064 1143 1227 1195 αὐτὸν
1261 1141 1619 1211 ἀναγορεύετε
1659 1139 1759 1208 φύ-

189 1253 324 1298 σεως
348 1254 363 1301 ;
391 1237 453 1289 Ei
478 1234 570 1288 οὖν
590 1235 792 1289 τέλειον
811 1234 903 1287 τὸν
932 1234 1094 1288 αὑτὸν
1126 1236 1187 1287 ὲν
1217 1234 1453 1305 ἑκατέρα
1484 1234 1760 1302 πεφηνότα

188 1323 344 1395 φύσει
377 1326 716 1396 ὁμολογεῖτε,
741 1326 900 1396 δῆλον
935 1326 1017 1379 ὅτι
1043 1326 1139 1379 καὶ
1175 1322 1396 1395 ἀριθμῷ
1427 1323 1633 1386 ταύτας
1662 1324 1760 1394 τήν

188 1434 243 1469 τε
265 1417 415 1470 θείαν
441 1417 603 1485 φύσιν
634 1418 777 1487 φημὶ
802 1416 897 1470 καὶ
924 1416 1023 1488 τὴν
1066 1415 1438 1487 ἀνθρωπίνην,
1471 1415 1548 1485 τῷ
1574 1415 1760 1485 τρόπῳ

189 1509 283 1578 τῆς
317 1509 584 1581 διαφορᾶς
610 1508 1024 1582 ἀριθμουμένας
1058 1508 1524 1571 καθυποὸἀλλετε,
1564 1508 1657 1560 καὶ
1699 1508 1759 1561 οὐ

190 1600 262 1670 τῷ
284 1599 552 1670 διορισμῷ
574 1604 675 1670 τῆς
712 1599 999 1670 ὑπάρξεως
1034 1599 1123 1667 ὑφ’
1152 1599 1309 1670 ἡμῶν
1342 1601 1435 1653 καὶ
1468 1598 1567 1662 τῆς
1602 1598 1762 1666 άγίας

192 1691 453 1763 τετάρτης
495 1691 716 1744 συνόδου
754 1690 934 1758 λέγειν
976 1690 1270 1761 ὁριζούσης
1299 1688 1474 1753 οὕτως
1506 1691 1596 1743 ἐπὶ
1625 1691 1760 1759 Χρι-

196 1782 315 1836 στοῦ
346 1782 447 1844 τάς
488 1782 581 1835 δύο
627 1783 820 1851 φύσεις
858 1781 1271 1851 ὁμολογοῦντες,
1304 1782 1454 1844 ἐντὸς
1496 1782 1593 1850 τῆς
1632 1783 1763 1849 ἀλη-

194 1875 337 1938 θείας
365 1876 656 1946 ἑστήκατε.
696 1874 760 1928 Et
786 1874 843 1927 δὲ
876 1873 1289 1945 ὁμολογοῦντες,
1315 1874 1395 1927 ὅτι
1423 1875 1479 1926 ὲν
1501 1872 1650 1941 αὐτῷ
1683 1871 1760 1943 τῷ

195 1968 269 2020 ἐνὶ
294 1967 517 2037 Χριστῷ
540 1967 574 2036 ἦ
605 1984 662 2020 τε
697 1965 815 2019 θεία
837 1966 930 2019 καὶ
962 1966 1281 2036 ἀνθρωπίνη
1318 1964 1478 2029 φύσις
1516 1966 1575 2018 ἓν
1622 1966 1759 2029 ἐστι,

193 2060 390 2124 ταύτας
421 2060 478 2113 δὲ
513 2060 613 2123 τάς
659 2060 851 2128 φύσεις
886 2061 1027 2115 κατά
1082 2060 1143 2113 τὸ
1187 2060 1443 2130 διάφορον
1484 2060 1585 2113 οὐκ
1640 2061 1763 2130 ἀρι-

195 2152 395 2221 θμεῖτε,
429 2153 487 2205 ὲν
505 2151 599 2205 δύο
634 2154 863 2221 φύσεσιν
894 2152 1080 2215 αὐτὸν,
1108 2153 1316 2207 καὶδύο
1346 2154 1537 2220 φύσεις
1571 2152 1761 2221 ἔχοντα

194 2244 276 2297 τὸν
315 2244 557 2314 Χριστὸν
578 2243 853 2313 λέγοντες,
880 2243 1117 2313 φανερὸν
1142 2244 1223 2296 ὅτι
1253 2242 1572 2313 ἀσύμφωνοι
1596 2243 1763 2313 ἀλλή-

195 2334 293 2387 λων
330 2337 477 2399 ἐστὲ,
505 2338 579 2406 πῆ
618 2336 717 2405 μὲν
754 2335 1169 2403 ὁμολογοῦντες,
1203 2335 1281 2404 πῆ
1311 2335 1369 2388 δὲ
1410 2334 1765 2405 ἀπαρνούμε-

194 2443 287 2481 νοι.
320 2427 421 2481 Διά
460 2427 558 2496 μὲν
589 2426 697 2497 γάρ
719 2425 810 2479 τοῦ
838 2427 912 2497 μὴ
938 2426 1195 2496 ἀριθμεῖν
1224 2427 1323 2490 τὴν
1352 2426 1633 2497 διαφορὰν,
1668 2428 1765 2488 τὰς

196 2519 384 2586 φύσεις
414 2520 713 2589 ἀναιρεῖτε.
750 2519 838 2571 διά
868 2518 925 2570 δὲ
974 2520 1069 2571 τοῦ
1104 2520 1353 2587 ἀναιρεῖν
1403 2519 1501 2581 τὰς
1551 2518 1762 2586 φύσεις,

196 2612 282 2662 καὶ
313 2610 374 2663 τὸ
410 2610 717 2680 ἀσύγχυτον
752 2610 930 2663 καὶτὸ
960 2611 1231 2679 ἄτρεπτον
1258 2610 1393 2679 μετά
1420 2610 1518 2679 τὴν
1548 2611 1763 2663 ἕνωσιν⁹

195 2704 240 2753 εί
279 2702 334 2755 δὲ
363 2702 545 2767 τοῦτο,
596 2703 689 2754 καὶ
724 2702 785 2754 τὸ
814 2700 1103 2771 όμοούσιον
1158 2700 1234 2769 τῷ
1270 2702 1444 2772 Πατρὶ
1490 2702 1631 2755 κατὰ
1669 2702 1767 2772 τὴν

198 2794 446 2865 θεότητα,
484 2796 579 2847 καὶ
606 2797 738 2865 ἡμῖν
765 2796 906 2848 κατά
942 2794 1038 2862 τὴν
1070 2794 1488 2865 ἀνθρωπότητα.
1532 2796 1590 2847 Ὀ
1620 2794 1674 2847 δὲ
1709 2793 1769 2846 τὸ

196 2883 321 2936 αὐτὸ
352 2885 609 2953 πρᾶγμα,
642 2884 720 2953 πῆ
753 2884 851 2953 μὲν
886 2883 961 2947 ὡς
991 2885 1113 2954 ἔχον
1137 2883 1352 2951 φύσεως
1383 2883 1766 2951 ἀπαγγέλλων,

198 2970 271 3040 πῆ
310 2972 368 3024 δὲ
410 2972 487 3037 ᾡς
542 2974 646 3026 οὐκ
704 2974 817 3026 ἔστι
854 2974 916 3026 τὸ
964 2961 1101 3027 αὐτὸ
1136 2972 1214 3037 ὡς
1266 2973 1531 3043 πρότερον
1580 2974 1768 3043 εἴρηκε

195 3059 684 3133 διισχυριζόμενος,
702 3065 736 3134 ἢ
768 3066 1136 3135 παραφρονεῖ,
1161 3064 1195 3134 ἢ
1227 3068 1548 3135 κακουργεῖ,
1574 3058 1649 3119 ὧν
1674 3067 1769 3118 ού-

193 3144 410 3216 δέτερον
441 3150 591 3219 ὑμᾶς
619 3152 895 3223 εὐχόμεθα
926 3152 1177 3222 πάσχειν.
1210 3153 1283 3206 Τὸ
1307 3153 1406 3223 μὲν
1443 3154 1553 3225 γάρ
1586 3154 1769 3209 ἄθλιον

198 3236 286 3289 καὶ
316 3239 528 3305 ἐλέους,
563 3240 623 3293 τὸ
656 3241 713 3294 δὲ
745 3243 1020 3306 κολάσεως
1058 3242 1225 3307 ἀξιον.
1262 3244 1321 3297 Εἰ
1365 3245 1420 3298 δὲ
1453 3246 1563 3298 τῶν
1591 3246 1771 3300 τοιού-

196 3342 298 3379 των
319 3332 483 3393 ἐκτὸς
504 3332 868 3403 ἐγκλημάτων
890 3335 1066 3387 οἴεσθε
1087 3337 1313 3399 ἑαυτοὺς
1334 3338 1773 3408 παριστᾷν,όμο-

197 3419 487 3487 λογοῦντες
511 3424 601 3476 τὸν
632 3424 759 3478 Υίὸν
790 3425 885 3478 τοῦ
922 3426 1055 3480 Θεοῦ
1086 3427 1229 3479 κατά
1274 3427 1503 3499 θεότητα
1544 3429 1687 3501 ἔχειν
1714 3432 1775 3485 τὸ

194 3512 502 3579 όμοούσιον,
535 3516 672 3586 πρός
696 3534 756 3569 τε
779 3517 853 3587 τῷ
879 3518 998 3589 Θεῷ
1026 3520 1122 3573 καὶ
1146 3520 1342 3586 Πατρὶ,
1373 3521 1467 3573 καὶ
1486 3523 1517 3589 ἡ
1526 3525 1616 3591 μίν
1633 3524 1775 3576 κατά

196 3604 289 3671 τὴν
322 3606 757 3677 ἀνθρωπότητα,
788 3610 883 3661 καὶ
911 3610 1197 3680 ἀριθμεῖτε
1227 3610 1474 3679 δηλονότι
1501 3612 1771 3681 λέγοντες,

196 3695 296 3748 Δύο
332 3698 536 3765 φύσεις
558 3699 672 3768 ἔχει
702 3700 730 3752 ό
780 3701 1033 3770 Χριστὸς,
1076 3702 1172 3755 καὶ
1215 3702 1272 3753 ὲν
1300 3701 1392 3755 δύο
1422 3702 1638 3771 φύσεσι,
1680 3704 1774 3756 καὶ

193 3786 281 3838 δύο
307 3788 537 3857 φύσεων
557 3785 699 3842 εἷναι
728 3790 864 3859 μετὰ
894 3791 993 3860 τὴν
1018 3792 1211 3843 ἕνωσιν
1238 3793 1296 3843 ὲν
1330 3795 1428 3862 μιᾷ
1453 3794 1771 3857 ὑποστάσει,

195 3878 279 3931 καὶ
314 3880 419 3950 τὴν
444 3883 506 3933 έν
533 3880 838 3951 Χαλκηδόνι
868 3881 1086 3935 σύνοδον
1111 3882 1269 3935 τοῦτο
1295 3884 1631 3939 θεσπίσασαν
1652 3884 1773 3954 μεθ’

194 3971 343 4037 ἡμῶν
376 3970 711 4036 σεσάζεσθε,
738 3972 832 4025 καὶ
869 3973 1043 4035 οὕτως
1068 3973 1365 4043 ὀρθοδόξως
1394 3975 1775 4029 πολιτεύεσθαι

194 4061 470 4133 θαρρεῖτε.
495 4065 569 4116 Th
591 4064 647 4116 δὲ
681 4063 883 4131 λέγειν,
919 4066 1027 4119 Καὶ
1057 4066 1156 4135 οὐχ
1188 4066 1367 4135 ἀπλῆν
1405 4069 1775 4139 ὁμολογοῦμεν

192 4152 294 4207 τῶν
325 4156 558 4223 φύσεων
577 4157 675 4225 τὴν
704 4156 919 4218 ἕνωσιν,
938 4156 1214 4227 θεότητος,
1235 4161 1403 4229 φημὶ,
1433 4162 1528 4213 καὶ
1560 4163 1772 4233 ἀνθρω·

195 4244 447 4313 πιότητος,
494 4246 547 4298 εί
580 4246 681 4315 μὲν
721 4246 779 4299 τὸ
813 4247 1068 4301 συντεθὲν
1110 4251 1240 4318 μιᾶς
1275 4251 1652 4317 ὑποστάσεως,
1682 4253 1776 4306 δύο

192 4349 247 4386 τε
280 4335 479 4403 φύσεις
517 4337 667 4406 ἔχειν
702 4338 920 4409 φαίητε,
945 4340 1115 4403 ὄντως
1139 4341 1317 4411 ὀρθῶς
1349 4343 1443 4395 καὶ
1474 4345 1611 4414 μετά
1642 4346 1775 4415 ἀλη-

194 4423 333 4488 θείας
350 4427 777 4496 λογισθήσεσθε·
814 4429 936 4482 εἰδὲ
952 4431 1013 4483 τὸ
1033 4433 1097 4483 ὲκ
1117 4432 1388 4503 διαφόρων
1411 4434 1625 4502 φύσεων
1649 4438 1776 4506 μιᾶς

1796 1854 1836 1909 Β
1870 1892 1983 1930 ram
2076 1875 2246 1931 fuisse
2268 1916 2281 1939 ,

1859 594 1916 649 Si
1948 598 2136 666 itaque
2158 596 2301 654 Deus
2366 595 2604 651 Verbum
2649 596 2836 648 unitus
2877 586 3201 646 humanitati
3257 584 3429 654 perie-

1853 697 1993 745 ctam
2036 687 2242 753 habens
2288 690 2563 751 deitatem,
2596 684 2893 757 perfectam
2936 696 3093 739 suam
3118 676 3431 734 humanita-

1860 788 1988 844 tem,
2025 779 2178 833 vobis
2197 779 2301 833 hoc
2323 780 2465 834 idem
2497 794 2605 832 non
2665 775 3059 838 abnuentibus,
3105 781 3425 835 conservat,

1857 888 2017 941 quam
2040 874 2110 929 ob
2138 887 2359 927 causam
2382 887 2447 926 ex
2480 871 2716 933 duabus,
2746 877 2800 925 et
2822 869 2879 923 in
2915 866 3125 921 duabus
3185 862 3430 923 naturis,

1859 973 1913 1016 et
1973 962 2111 1020 duas
2161 979 2299 1028 eum
2346 972 2568 1018 naturas
2617 962 2821 1017 habere
2880 974 2988 1013 non
3036 951 3431 1019 creditis,'sed

1859 1070 1985 1110 eum
2016 1057 2176 1112 unius
2211 1063 2419 1111 natum
2451 1063 2661 1109 tantum
2718 1047 3124 1121 pronuntiatis?
3166 1045 3223 1101 Si
3257 1043 3435 1114 perfe-

1862 1158 2009 1202 ctum
2049 1147 2224 1218 ipsum
2258 1149 2312 1202 in
2338 1157 2568 1217 utraque
2624 1145 2941 1215 apparuisse
2987 1149 3181 1196 natura
3211 1138 3439 1193 conﬁtc-

1863 1238 2021 1302 mini,
2061 1237 2411 1295 manifestum
2439 1246 2545 1305 est,
2572 1252 2671 1293 vos
2692 1236 2932 1298 easdem,
2959 1232 3197 1286 divinam
3229 1228 3439 1284 scilicet

1867 1337 2121 1386 naturam
2181 1339 2237 1385 et
2299 1330 2632 1394 humanam,
2705 1325 3025 1383 diﬂ'erentia!
3075 1322 3285 1377 ratione
3338 1336 3439 1374 nu-

1863 1432 2137 1486 meratas,
2211 1437 2441 1477 numero
2505 1421 2803 1489 subjicere,
2869 1426 2925 1472 et
2996 1431 3107 1471 non
3171 1413 3440 1469 exsistet]-

1865 1512 1951 1565 tias
2001 1509 2499 1573 deterntiuatione,
2569 1509 2639 1561 ita
2713 1514 2902 1560 sancta
2972 1513 3167 1573 quarta
3236 1500 3444 1572 synodo

1864 1601 2202 1671 injungente.
2257 1598 2348 1655 Sic
2399 1600 2452 1653 in
2508 1599 2726 1654 Christo
2758 1598 2894 1652 duas
2936 1604 3159 1649 naturas
3186 1607 3442 1649 asseren-

1866 1699 1948 1745 tes
1976 1706 2005 1744 a
2061 1692 2288 1744 veritate
2321 1706 2427 1744 non
2480 1689 2772 1744 abcrratis.
2821 1687 2978 1753 Quod
3026 1686 3071 1741 si
3112 1684 3444 1738 allirmantes

1867 1782 1921 1836 in
1977 1782 2094 1850 ipso
2138 1796 2246 1835 uno
2283 1781 2504 1835 Christo
2560 1781 2800 1835 divinam
2845 1791 2899 1834 et
2945 1780 3237 1833 humanam
3284 1786 3444 1830 natu-

2371 1883 2590 1930 naturas
2683 1876 2984 1929 secundum
3087 1871 3447 1926 diﬂerentiam

1864 1980 1970 2018 non
2024 1963 2349 2026 numeratis,
2400 1963 2454 2015 in
2519 1961 2731 2016 duabus
2777 1964 3011 2027 naturis,
3060 1971 3113 2016 et
3161 1961 3298 2014 duas
3350 1973 3450 2013 na-

1869 2067 2021 2111 turas
2055 2057 2333 2111 Christum
2384 2056 2581 2109 habere
2622 2054 2933 2123 probantes,
2964 2056 3142 2122 palam
3195 2060 3307 2116 cst.
3352 2066 3450 2105 vos

1864 2149 2005 2203 inter
2033 2164 2130 2204 vos
2169 2164 2273 2202 non
2322 2147 2633 2211 convenire,
2670 2161 2813 2200 nunc
2847 2146 3065 2215 quidem
3102 2146 3446 2205 conﬁtentes,

1866 2255 2014 2294 nunc
2072 2240 2403 2309 abnegantcs
2447 2257 2459 2292 :
2496 2254 2560 2293 ex
2607 2254 2672 2292 co
2717 2238 2862 2291 enim
2900 2238 3045 2307 quod
3093 2236 3447 2291 differentiam

1866 2347 1975 2385 non
2026 2331 2347 2393 numeratis,
2393 2340 2617 2384 naturas
2669 2330 2893 2393 tollitis,
2951 2339 3004 2384 et
3060 2345 3123 2384 ex
3179 2345 3243 2381 eo
3303 2328 3449 2398 quod

1868 2429 2094 2472 naturas
2146 2419 2353 2482 tollitis,
2400 2418 2589 2472 tollitis
2638 2418 2798 2472 etiam
2850 2417 3222 2481 inconfusum,
3255 2428 3307 2471 et
3349 2419 3454 2469 im-

1868 2511 2132 2564 mutabile
2164 2522 2283 2578 post
2314 2510 2592 2571 unionem,
2626 2519 2677 2564 et
2713 2526 2807 2579 per
2828 2525 3173 2578 consequens
3212 2509 3453 2563 consul)—

1868 2603 2120 2657 stantiale
2153 2601 2295 2655 Patri
2333 2602 2632 2655 secundum
2674 2601 2965 2665 deitatem,
3003 2610 3055 2654 et
3086 2600 3449 2654 consubstan-

1872 2695 1999 2748 tiale
2032 2694 2186 2747 nobis
2220 2694 2525 2747 secundum
2568 2694 2985 2747 humanitatem.
3018 2695 3120 2760 Qui
3164 2710 3294 2748 vero
3339 2710 3451 2748 rem

1871 2787 2116 2840 eamdem
2163 2800 2307 2838 nunc
2346 2785 2565 2854 quidem
2598 2794 2655 2839 ut
2681 2800 2738 2839 se
2764 2785 2922 2839 habet
2944 2786 3278 2855 pronuntiat,
3309 2800 3454 2839 nunc

1870 2889 1988 2928 eam
2021 2888 2127 2925 non
2156 2873 2229 2925 ita
2261 2887 2317 2925 se
2354 2872 2577 2938 habere,
2608 2881 2665 2925 ut
2692 2881 2853 2925 antea
2891 2872 3125 2935 dixerat,
3150 2874 3453 2933 contendit.

1872 2973 1964 3019 aut
2002 2975 2180 3017 mente.
2230 2972 2420 3032 Captus
2449 2970 2553 3025 est,
2595 2973 2686 3016 aut
2727 2962 2996 3018 malitiose
3040 2964 3170 3033 agit,
3218 2978 3453 3031 quorum

1872 3058 2003 3111 nulli
2058 3074 2125 3112 ne
2176 3056 2397 3113 obnoxii
2456 3056 2574 3111 sitis
2605 3055 2777 3110 Deum
2830 3071 3169 3121 exoramus;
3221 3056 3271 3108 id
3307 3056 3453 3109 enim

1874 3150 2130 3203 miserum
2199 3158 2254 3203 ct
2318 3148 2833 3212 commiseratione,
2922 3148 3025 3202 hoc
3098 3148 3456 3215 castigatione

1870 3243 2095 3312 dignum
2127 3251 2231 3296 est.
2260 3241 2315 3294 Si
2366 3250 2547 3294 autem
2581 3256 2679 3295 vos
2736 3241 2804 3294 ab
2857 3239 2940 3295 his
2985 3239 3459 3294 criminationibus

1874 3333 2457 3402 exctnptosjudicatis,
2491 3334 2620 3387 dum
2655 3332 2922 3392 fatemini.
2970 3330 3165 3385 Filium
3227 3330 3317 3384 Dei
3367 3346 3457 3385 sc-

1877 3426 2114 3480 cundum
2150 3425 2407 3479 deitatem
2462 3425 2665 3479 habere
2720 3433 2973 3477 naturam
3029 3423 3277 3477 eamdem
3330 3437 3455 3476 cum

1880 3518 1988 3571 Dco
2022 3516 2205 3579 Patre,
2245 3527 2299 3571 et
2345 3515 2630 3570 nobiscum
2691 3516 2995 3570 secundum
3040 3513 3456 3577 humanitatem,

1876 3620 1931 3664 et
1970 3610 2295 3673 numeratis,
2333 3610 2481 3663 verbi
2525 3610 2697 3679 gratia
2744 3610 3008 3671 dicentes,
3054 3608 3196 3661 Duas
3234 3613 3458 3660 naturas

1877 3702 2041 3757 habet
2063 3702 2338 3767 Christus,
2372 3711 2426 3755 et
2470 3701 2524 3754 in
2584 3701 2796 3755 duabus
2837 3698 3069 3761 naturis,
3116 3707 3169 3752 et
3225 3698 3456 3751 duarqu

1877 3804 2198 3848 naturarum
2256 3803 2335 3848 cst
2380 3803 2503 3863 post
2536 3794 2790 3846 unionem
2834 3793 2888 3845 in
2927 3806 3032 3845 una
3078 3791 3379 3861 hypostasi,
3408 3798 3461 3844 et

1880 3885 2383 3940 Chalcedonenscm
2438 3885 2706 3955 synodum
2747 3884 2876 3937 illud
2919 3884 3303 3938 decernentem
3357 3897 3459 3935 n0-

1882 3977 2094 4031 biscum
2154 3977 2516 4040 veneramini,
2582 3976 2660 4031 sic
2723 3985 2781 4029 ut
2830 3973 3123 4029 orthodoxi
3160 3975 3246 4042 pie
3296 3973 3459 4025 vitam

1878 4078 2118 4137 agentes,
2143 4070 2284 4123 bono
2312 4070 2434 4123 sitis
2468 4068 2671 4122 animo.
2729 4067 2821 4122 Sic
2872 4067 3072 4127 dicere.
3110 4065 3225 4120 Non
3251 4066 3461 4133 simpli-

1881 4176 1998 4214 ccm
2031 4160 2355 4215 confitemur
2380 4170 2698 4213 naturarum
2728 4160 3011 4223 unionem,
3029 4160 3245 4213 dcitatis
3268 4174 3461 4224 nempe

1879 4261 1934 4307 ct
1988 4252 2366 4315 humanitatis,
2426 4252 2471 4306 si
2530 4251 2890 4321 compositum
2942 4250 3102 4305 unius
3150 4250 3460 4319 hypostasis

1879 4344 2017 4397 duas
2046 4352 2272 4397 naturas
2296 4343 2498 4397 habere
2550 4341 2935 4395 concesseritis
2961 4380 2975 4405 ,
3020 4350 3165 4395 recte
3204 4341 3455 4409 equidem

1880 4448 1981 4486 nec
2013 4433 2147 4487 citra
2183 4434 2465 4487 veritatem
2500 4432 2827 4501 opinamini.
2876 4431 3083 4498 Quodsi
3135 4448 3199 4486 ex
3228 4430 3461 4486 diversis

196 4519 448 4573 συνθέτου
481 4520 705 4591 φύσεως
732 4522 1087 4574 ἀποτελεσθὲν
1112 4522 1364 4593 καθάπερ
1381 4526 1465 4576 ἐπ’
1488 4526 1775 4596 ἀνθρώπου

1884 4523 2094 4577 naturis
2130 4523 2295 4578 unius
2336 4522 2653 4592 composite
2714 4532 2924 4577 natura:
2972 4522 3243 4583 eﬂ‘ectum,
3292 4532 3349 4575 ut
3394 4520 3462 4575 de

191 4607 251 4659 ἐκ
271 4610 453 4681 ψυχῆς
483 4611 589 4665 καὶ
616 4612 867 4680 σώματος
892 4611 988 4682 μία
1006 4613 1168 4681 φύσις
1210 4614 1572 4679 ἀποτελεῖται,
1604 4617 1776 4682 οὕτως

192 4698 527 4770 ὁμολογεῖτε,
569 4703 804 4773 φανερὸν
835 4704 916 4756 ὃτι
942 4704 1042 4765 τὰς
1067 4705 1272 4768 οἰκείας
1301 4706 1590 4776 ὁμολογίας
1624 4711 1778 4762 ἀναι-

200 4794 355 4857 ρεῖτε.
382 4794 684 4847 Δέδεικται
719 4794 827 4863 γάρ
867 4795 955 4847 διά
989 4795 1200 4848 πολλῶν
1230 4797 1539 4868 ἔμπροσθεν
1569 4801 1779 4871 ἐπιχει-

200 4886 595 4951 ρημάτων,ιὸτι
625 4886 696 4939 τὰ
736 4887 1058 4957 ἀσυγχύτως
1091 4889 1470 4958 συντιθέμενα,
1508 4893 1601 4945 καὶ
1652 4894 1780 4962 μίαν

199 4976 349 5041 φύσιν
387 4978 797 5041 ἀποτελοῦντα,
843 4981 979 5051 μήτε
1014 4980 1152 5034 αύτά
1184 4982 1321 5051 πρὸς
1357 4984 1423 5037 τὰ
1454 4983 1512 5041 ἐξ
1543 4978 1619 5037 ὧν
1654 5002 1779 5038 συν-

197 5069 343 5140 ετέθη
402 5072 792 5143 ὁμοούσια,ἢ
840 5072 1057 5143 ὁμοφυῆ
1118 5070 1281 5140 εἶναι,
1345 5076 1481 5145 ἢτά
1522 5078 1626 5130 ὑπὸ
1681 5079 1781 5149 τῆς

198 5162 501 5231 κοινότητος
557 5162 747 5216 αὐτῶν
774 5163 1089 5234 ἀναγόμενα
1114 5164 1310 5235 ἄτομα.
1349 5167 1412 5219 Et
1444 5166 1501 5220 δὲ
1553 5168 1728 5231 τοῦτο,
1758 5172 1785 5222 ὁ

198 5250 420 5318 Χριστος
455 5256 566 5325 οὐχ
622 5255 911 5321 όμοούσιος
937 5257 1015 5326 τῷ
1043 5256 1161 5327 Θεῷ
1196 5258 1290 5310 καὶ
1316 5260 1489 5329 Πατρὶ
1520 5261 1661 5314 κατά
1685 5262 1782 5331 τὴν

201 5342 439 5415 θεότητα,
468 5348 575 5401 καὶ
609 5349 748 5416 ἡμῖν
799 5349 938 5400 κατὰ
967 5349 1068 5419 τὴν
1096 5349 1515 5419 ἀνθρωπότητα.
1548 5353 1609 5406 Εἰ
1644 5353 1700 5405 δὲ
1725 5354 1783 5406 τὸ

199 5435 469 5501 ὀμοούσιον
508 5440 615 5492 καὶ
648 5440 709 5490 ὲν
738 5441 804 5507 τῇ
842 5437 1031 5491 ένὼσει
1082 5440 1336 5510 βούλεσθε
1381 5442 1689 5509 διασώζειν,
1723 5445 1783 5496 τὸ

200 5524 427 5595 δοξάζειν
477 5532 624 5602 μίαν
663 5529 828 5597 φύσιν
862 5531 951 5583 ἐπὶ
990 5532 1230 5601 Χριστοῦ
1273 5533 1331 5597 ἐξ
1361 5534 1516 5604 ὑμῶν
1550 5536 1780 5609 ἀπορρί-

202 5618 344 5684 ςιατε.
378 5624 494 5677 Καὶ
519 5620 711 5677 ταῦτα
746 5624 843 5692 μὲν
872 5623 940 5676 τὰ
967 5624 1207 5694 ἑπόμενα
1235 5626 1409 5679 ἀτοπα
1438 5627 1501 5680 ὲκ
1521 5626 1632 5681 τῶν
1655 5630 1783 5697 παρ’

204 5706 318 5777 ὑμῖν
349 5711 821 5783 ὁμολογουμένων
875 5712 967 5765 ἐπὶ
1027 5713 1127 5783 τῆς
1179 5713 1273 5766 τοῦ
1326 5713 1455 5766 Υἱοῦ
1501 5715 1595 5767 τοῦ
1647 5714 1782 5767 Θεοῦ

209 5804 569 5870 ςυμὸιιὶνοντα
633 5805 1129 5877 ὲνανθρωπήσεως,
1181 5806 1269 5861 διὰ
1316 5806 1375 5860 τὸ
1432 5808 1506 5879 μὴ
1551 5806 1781 5863 ἕπεσθαι

1883 4616 2112 4669 homine
2142 4630 2208 4668 ex
2241 4615 2423 4669 anima
2464 4623 2517 4669 et
2565 4630 2797 4684 corpore
2849 4631 2953 4668 una
2985 4624 3177 4667 natura
3208 4613 3456 4677 eliicitur,

1884 4706 1985 4760 hac
2018 4707 2229 4761 ratione
2254 4706 2607 4777 proﬁtemini,
2637 4706 2983 4760 manifestum
3004 4715 3107 4770 est,
3127 4720 3223 4758 vos
3253 4714 3460 4759 vestras

1881 4797 2257 4853 confessiones
2326 4799 2603 4853 destruere
2632 4816 2644 4851 :
2678 4808 2833 4851 antea
2901 4799 3045 4851 enim
3083 4795 3267 4850 multis
3300 4810 3461 4864 algu-

1884 4892 2311 4947 menlationibus
2334 4891 2770 4945 demonstratum
2806 4899 2909 4953 est,
2933 4906 2993 4944 ea
3029 4904 3150 4959 qua:
3176 4887 3460 4943 inconfuse

1883 4983 2147 5037 uniuntur
2176 4992 2231 5038 et
2278 4999 2439 5037 unam
2476 4994 2727 5037 naturam
2747 4982 3005 5046 eﬂiciunt,
3040 4997 3146 5035 non
3180 4995 3299 5048 esse
3333 4996 3457 5037 cum

1884 5074 2011 5141 illis,
2068 5090 2133 5129 ex
2192 5075 2391 5145 quibus
2427 5074 2727 5143 composita
2787 5084 2937 5135 sunt,
2991 5088 3167 5140 neque
3210 5073 3455 5142 ejusdem

1883 5168 2167 5232 essentia),
2212 5182 2386 5236 neque
2441 5167 2685 5236 ejusdem
2746 5174 2978 5227 naturae,
3035 5173 3131 5218 aut
3187 5180 3308 5234 quae
3356 5166 3460 5221 sub

1886 5260 2237 5314 universitate.
2264 5274 2450 5313 eorum
2506 5258 2815 5312 referuntur
2848 5257 3145 5311 individua.
3174 5257 3229 5311 Id
3269 5257 3313 5312 si
3350 5266 3454 5322 est,

1884 5346 2139 5401 ChriSIus
2200 5363 2307 5401 non
2364 5348 2465 5399 erit
2521 5347 3004 5401 consubstantialis
3048 5348 3155 5401 Deo
3219 5357 3274 5402 et
3312 5346 3457 5402 Patri

1889 5439 2190 5493 secundum
2226 5440 2502 5503 deitatem,
2538 5449 2591 5493 ct
2625 5439 2783 5495 nobis
2824 5438 3458 5493 secundumhumanita-

1890 5541 2016 5587 tem.
2055 5531 2208 5597 Quod
2236 5532 2279 5586 si
2312 5532 2774 5587 consubstantiale
2806 5533 2967 5585 etiam
3020 5532 3072 5585 in
3102 5532 3301 5586 unione
3330 5548 3459 5586 con-

1891 5639 2107 5679 scrvare
2132 5624 2485 5693 prretenditis,
2539 5639 2701 5677 unam
2754 5624 2806 5676 in
2841 5622 3063 5679 Christo
3093 5634 3343 5679 naturam
3378 5633 3458 5678 te-

1890 5732 2039 5781 nere,
2099 5732 2127 5771 a
2174 5716 2327 5772 vobis
2386 5718 2624 5786 abjicite.
2678 5717 2743 5771 Et
2784 5718 2900 5772 haec
2954 5717 3171 5787 quidem
3221 5716 3458 5771 absurda

1887 5819 2300 5880 consequuntur
2327 5825 2394 5866 ex
2450 5810 2539 5878 iis,
2598 5824 2718 5880 qum
2768 5824 2798 5865 a
2831 5809 2979 5881 vobis
3024 5818 3345 5865 astruuntur
3391 5808 3458 5862 de
