4194 6432
708 404 836 469 663'

1980 410 2028 471 N
2037 411 2273 470 ICET/E
2313 412 2715 475 BYZANTINI

3869 420 3978 486 665

710 521 829 574 Filii
890 522 979 575 Dei
1037 523 1437 589 incarnatione,
1494 527 1642 596 quod
1697 543 1792 582 vos
1844 542 1952 582 non
2007 530 2302 599 sequimini

2411 536 2556 605 ὑμᾶς
2582 536 2648 604 τῇ
2671 534 2806 607 ὀρθῇ
2841 535 2938 604 τῆς
2972 535 3078 590 τῶν
3108 535 3458 606 Χριστιανῶν
3504 536 3741 602 πίστεως
3765 539 3982 594 ἒκθέσει

708 624 911 669 rectam
948 617 1274 671 Christiana:
1318 619 1438 674 ﬁdei
1481 622 1827 677 traditionem
1863 636 1892 675 a
1945 622 2290 678 sanctissima

706 720 760 761 et
785 711 1124 763 (Bettmenica
1155 710 1587 769 Chalcedonensi
1626 714 1837 786 synodo
1880 716 2158 770 traditam.
2218 713 2293 767 Ex

706 818 773 852 eo
806 818 968 869 porro
992 803 1137 873 quod
1173 819 1269 858 vos
1302 805 1446 860 illius
1496 822 1626 860 sana
1666 807 2047 877 exquisitaque
2074 806 2293 861 decreta

710 897 1032 963 improbatis
1086 899 1469 961 inverecunde,
1506 900 1616 953 imo
1650 901 1817 956 stulte
1848 900 2173 970 intelligitis,
2205 916 2294 954 er-

706 988 951 1055 Tttlistltte
985 989 1127 1042 circa
1150 1006 1361 1058 ea,qu:e
1390 992 1456 1045 de
1476 993 1854 1051 incarnatione
1878 993 2141 1064 unigeniti
2173 991 2290 1047 Filii

706 1081 799 1134 Dei
840 1093 891 1135 ct
913 1083 1124 1136 Domini
1149 1086 1320 1137 nostri
1344 1082 1471 1139 Jesu
1496 1086 1699 1141 Christi
1719 1086 2121 1147 dicunturduec
2140 1092 2288 1140 sunt.

773 1176 862 1227 ‘23.
908 1174 1226 1230 Concursus
1274 1186 1456 1231 autem
1515 1179 1808 1233 dictionem
1870 1176 2110 1248 vulgaris
2164 1175 2293 1230 futi-

701 1266 879 1334 lisque
909 1268 1203 1337 plebecula:
1236 1285 1366 1325 usus
1406 1270 1474 1324 de
1522 1270 1755 1336 duobus,
1788 1278 1883 1325 aut
1923 1271 2170 1341 pluribus
2200 1269 2295 1323 de-

702 1363 1067 1427 cet-tantibus,
1097 1372 1191 1416 aut
1221 1378 1384 1432 equo,
1422 1364 1765 1434 pedibusque
1785 1364 1853 1419 de
1878 1381 2042 1421 cursu
2068 1373 2293 1419 conten-

704 1457 965 1512 dentibus
1000 1456 1219 1522 accipit,
1254 1466 1309 1510 at
1339 1458 1670 1527 sapientium
1702 1460 1940 1513 virorum
1991 1468 2294 1527 conceptus

705 1567 815 1605 non
847 1552 949 1605 ltoc
981 1551 1364 1604 tantummodo
1426 1562 1617 1607 notare
1650 1567 1980 1607 concursum
2029 1551 2162 1617 vult,
2198 1551 2294 1606 sed

703 1654 757 1698 ct
785 1645 1043 1707 duarum,
1097 1652 1191 1699 aut
1239 1645 1476 1713 plurium
1515 1659 1693 1697 rerum
1737 1644 1965 1698 celerem
1996 1660 2061 1698 ac
2087 1643 2294 1698 subita-

704 1753 861 1791 neam
890 1737 941 1790 in
986 1738 1126 1791 idem
1171 1739 1379 1805 absque
1424 1737 1534 1790 ullo
1572 1736 1837 1806 temporis
1879 1736 2163 1790 intervallo
2190 1744 2294 1791 ter-

701 1829 1083 1893 minationem,
1142 1829 1603 1898 quemadmodum
1642 1830 1695 1883 in
1748 1829 2047 1899 paralytico
2087 1827 2288 1881 factum

706 1923 1031 1992 agnovimus
1073 1939 1085 1973 :
1122 1924 1303 1977 statim
1373 1923 1517 1976 enim
1563 1931 1727 1992 atque
1779 1921 1917 1975 dixit
1978 1919 2288 1975 Dominus:

705 2016 895 2085 Surge,
930 2025 976 2067 et
1011 2014 1249 2077 ambula,
1285 2013 1493 2077 Subito,
1539 2016 1615 2068 ait
1665 2012 2019 2082 evangelista,
2056 2011 2289 2065 surrexit

702 2122 749 2163 et
780 2108 1090 2162 ambulabat
1128 2108 1189 2160 ‘°.
1224 2106 1509 2161 Pcrnicem
1561 2107 1744 2177 itaque
1782 2105 2045 2159 Dominici
2079 2102 2295 2172 imperii

703 2203 1107 2258 absolutionem
1149 2217 1274 2255 cum
1326 2200 1608 2271 paralytici
1662 2199 1897 2254 sanitate
1962 2212 2292 2254 concursum

704 2297 990 2367 sapientes
1050 2304 1405 2363 nuncupant;
1458 2294 1620 2347 simul
1665 2294 1811 2346 enim
1848 2308 1972 2345 cum
2013 2290 2296 2344 Dominica

700 2389 950 2458 jussione
1012 2386 1257 2440 hominis
1311 2386 1519 2439 sanitas
1556 2384 1823 2439 cucurrit.
1870 2382 2134 2437 Similiter
2155 2389 2209 2435 et
2241 2381 2294 2434 in

705 2499 867 2537 soero
898 2482 1066 2546 Petri,
1123 2490 1177 2535 et
1219 2480 1387 2533 maris
1442 2477 1839 2545 increpatione,
1885 2484 1940 2528 et
2000 2474 2296 2529 similibus.

706 2574 897 2626 Patres
944 2573 1130 2639 itaque
1156 2571 1387 2623 duarum
1440 2578 1761 2620 naturarum
1794 2566 1846 2618 in
1882 2564 2071 2619 eodem
2102 2571 2156 2618 et
2190 2578 2301 2617 uno

705 2664 929 2718 Christo
957 2663 1188 2716 Domino
1221 2669 1411 2715 nostro
1432 2672 1767 2711 concursum
1801 2663 2140 2717 astruentes,
2163 2652 2301 2706 nihil

708 2755 853 2808 aliud
902 2755 1129 2807 innucre
1168 2751 1445 2811 videntur.
1503 2762 1668 2815 quam
1722 2747 1860 2799 citra
1900 2746 2068 2799 ullam
2106 2758 2304 2813 exspe-

706 2850 1029 2910 ctationem,
1062 2857 1114 2899 et
1144 2845 1350 2913 absque
1379 2842 1488 2896 ullo
1519 2840 1779 2910 temporis
1809 2837 2113 2901 intervallo,
2140 2836 2304 2891 simul

708 2952 871 3009 atque
916 2937 1284 2992 Evct‘lsissimi
1317 2936 1490 2988 virtus
1549 2948 1764 3002 semper
1806 2929 2015 2999 Virgini
2060 2927 2305 2998 Deiparte

709 3032 1080 3094 obumbravit,
1116 3030 1348 3083 duarum
1380 3036 1703 3081 naturarum
1741 3026 1998 3079 unionem
2036 3022 2303 3077 cll'eeissc.

710 3126 968 3179 νυμοιό
1004 3121 1304 3179 secundum
1334 3124 1570 3191 priorem
1609 3119 1974 3189 signiﬁcatum
2004 3129 2309 3172 concursus

2400 629 2554 701 παρὰ
2578 630 2679 699 τῆς
2708 629 3017 700 ἁγιωτάτης
3044 631 3138 683 καὶ
3166 631 3557 701 οἰκουμενικῆς
3586 634 3644 684 ἐν
3671 632 3982 703 Χαλκηδόνι

2395 724 2664 796 τετάρτης
2707 723 2951 777 συνόδου.
3001 725 3068 775 *Α
3093 725 3150 776 δὲ
3193 724 3261 777 δι’
3299 725 3433 777 αύτὺ
3468 725 3624 778 τοῦτο
3672 726 3734 778 τὸ
3769 726 3986 779 ἀθετεῖν

2399 818 2545 888 ὑμᾶς
2566 817 2641 902 ,τά
2666 817 2868 888 ἀκριϐῆ
2906 816 3109 888 ταύτης
3129 818 3377 888 δόγματα
3408 818 3661 885 ἀναιδῶς,
3696 819 3897 891 μᾶλλον
3924 819 3984 873 δὲ

2397 908 2627 977 ἀμαθῶς
2662 910 2853 975 νοεῖτε,
2886 911 2981 964 καὶ
3025 911 3371 979 ἁμαρτάνετε
3417 912 3547 981 περὶ
3594 913 3662 965 τὰ
3714 912 3988 981 λεγόμενα.

2398 1002 2494 1054 ἐπὶ
2529 1005 2596 1073 τῇ
2627 1002 3042 1073 ὲνανθρωπήσει
3061 1001 3156 1055 τοῦ
3185 1004 3509 1073 μονογενοῦς
3542 1002 3675 1056 Υίοῦ
3698 1003 3793 1057 τοῦ
3822 1002 3984 1067 Θεοῦ,

2398 1091 2609 1163 Κυρίου
2641 1092 2699 1146 δὲ
2732 1091 2887 1163 ἡμῶν
2930 1093 3107 1163 Ἰησοῦ
3141 1092 3381 1165 Χριστοῦ
3404 1094 3576 1148 ταῦτά
3608 1097 3746 1148 ἐστι.

2471 1185 2573 1254 κγ’.
2625 1186 2738 1257 Τὴν
2788 1186 2844 1240 δὲ
2893 1186 3194 1257 λεγομένην
3246 1186 3573 1256 συνδρομὴν,
3624 1188 3658 1256 ή
3727 1185 3826 1256 μὲν
3887 1185 3987 1238 τοῦ

2400 1278 2595 1333 πολλοῦ
2633 1280 2729 1333 καὶ
2775 1278 3125 1349 ἁγυρτώδους
3156 1278 3288 1332 λαοῦ
3319 1279 3538 1350 χρῆσις,
3568 1278 3661 1331 ἐπί
3691 1296 3853 1331 τινων
3890 1278 3988 1330 δύο

2397 1374 2433 1444 ἢ
2497 1374 2593 1427 καὶ
2648 1372 2911 1427 πλειόνων
2973 1372 3368 1443 ἁμιλλωμένων
3400 1413 3416 1438 ,
3472 1370 3863 1441 ἱππαζομένων
3925 1388 3988 1423 τε

2396 1466 2492 1520 καὶ
2536 1465 2671 1536 πεζῇ
2698 1467 2789 1519 τὸν
2815 1466 3013 1537 δρόμον
3038 1465 3367 1530 ὲξανυόντων
3402 1464 3841 1537 παραλαμϐάνει·
3868 1466 3902 1535 ἡ
3926 1463 3987 1517 δὲ

2397 1558 2507 1612 τῶν
2541 1558 2720 1629 σοφῶν
2746 1558 2954 1629 ἀνδρῶν
2985 1558 3211 1623 διάνοια,
3241 1558 3303 1611 οὑ
3348 1557 3508 1611 τοῦτο
3559 1557 3721 1628 μόνον
3778 1556 3987 1627 σημαί-

2397 1670 2512 1706 νειν
2565 1652 2665 1721 τὴν
2721 1650 3029 1723 συνδρομὴν
3085 1650 3357 1721 βούλεται,
3408 1649 3547 1703 ἀλλὰ
3602 1650 3697 1704 καὶ
3740 1650 3839 1719 τὴν
3892 1647 3989 1701 δύο

2396 1746 2563 1802 τινῶν
2588 1748 2622 1818 ἢ
2648 1747 2741 1802 καὶ
2779 1746 3043 1800 πλειόνων
3077 1746 3421 1817 πραγμάτων
3445 1744 3625 1809 ὀξεῖαν
3673 1744 3770 1798 καὶ
3804 1744 3986 1815 ἀκαρῆ

2395 1842 2475 1905 εἰς
2496 1839 2665 1894 ταυτὸ
2718 1838 3029 1913 περάτωσιν
3060 1839 3260 1903 παντὸς
3303 1838 3556 1911 χρονικοῦ
3606 1839 3982 1909 διαστήματος

2396 1932 2549 1991 ἄνευ.
2573 1931 2649 1993 ὡς
2672 1930 2766 1983 ἐπὶ
2790 1930 2885 1983 τοῦ
2904 1929 3279 2001 παραλυτικοῦ
3300 1928 3459 1983 τοῦτο
3472 1928 3694 1997 γεγονὸς
3714 1926 3987 1994 ἔγνωμεν.

2398 2027 2551 2097 "Atta
2579 2025 2689 2097 γὰρ
2738 2023 2843 2095 ἔφη
2869 2026 2899 2078 ὁ
2946 2024 3172 2095 Κύριος,
3206 2024 3465 2092 Ἕγειραι
3506 2024 3603 2077 καὶ
3644 2020 3989 2090 περιπάτει.

2398 2119 2659 2184 Εὐθέως,
2697 2118 2860 2188 φησὶν
2902 2119 2931 2171 ὁ
2975 2114 3390 2186 εὑαγγελιστὴς,
3429 2116 3660 2182 ἀνέστη
3727 2112 3825 2167 καὶ
3880 2130 3991 2165 πε-

2392 2211 2683 2279 ριεπάτει.
2715 2210 2826 2281 Τὴν
2866 2205 2961 2264 οὗν
2990 2209 3172 2273 ὀξεῖαν
3211 2208 3312 2277 τῆς
3362 2207 3713 2278 προστάξεως
3750 2206 3843 2259 τοῦ
3874 2208 3991 2257 Κνο-

2402 2305 2521 2378 ρίου
2576 2303 2859 2373 πλήρωσιν
2921 2300 3059 2372 μετὰ
3106 2300 3206 2369 τῆς
3256 2297 3350 2352 τοῦ
3404 2297 3719 2369 παραλύτου
3776 2297 3991 2363 ὑγείας,

2403 2396 2707 2468 συνδρομὴν
2760 2396 2810 2447 οἱ
2864 2393 3020 2463 σοφοὶ
3077 2390 3323 2459 λέγουσι.
3386 2390 3697 2460 Συνέδραμε
3754 2388 3864 2457 γὰρ
3920 2390 3990 2457 τῇ

2403 2490 2707 2558 Δεσποτικῇ
2768 2485 3018 2539 κελεύσει
3066 2485 3162 2537 καὶ
3204 2485 3236 2541 ἡ
3301 2481 3395 2535 τοῦ
3448 2480 3741 2552 ἀνθρώπου
3806 2479 3990 2546 ὑγεία.

2416 2582 2649 2653 Ὁμοίως
2677 2580 2771 2634 καὶ
2800 2578 2894 2633 ἐπὶ
2927 2578 3029 2647 τῆς
3061 2577 3157 2629 τοῦ
3190 2575 3399 2645 Πέτρου
3424 2572 3715 2643 πενθερᾶς,
3766 2573 3859 2623 καὶ
3889 2571 3992 2637 τῆς

2405 2676 2776 2745 ἐπιτιμήσεως
2829 2673 2930 2741 τῆς
2979 2671 3276 2735 θαλάσσης,
3320 2669 3415 2722 καὶ
3459 2667 3568 2720 τῶν
3613 2664 3892 2718 τοιούτων.
3923 2664 3991 2717 Οί

2406 2765 2498 2823 οῦν
2534 2768 2773 2837 Πατέρες
2810 2764 3114 2837 συνδρομὴν
3139 2764 3388 2831 λέγοντες
3427 2761 3537 2814 τῶν
3567 2760 3661 2813 δύο
3690 2759 3904 2827 φύσεων
3934 2759 3995 2809 ἐν

2406 2865 2487 2935 τῷ
2528 2862 2678 2932 αὑτῷ
2726 2862 2822 2915 καὶ
2866 2861 2948 2914 ἑνὶ
3003 2859 3229 2928 Χριστῷ
3257 2856 3336 2927 τῷ
3370 2855 3561 2926 Κυρίῳ
3626 2852 3807 2923 ἡμῶν,
3837 2851 3995 2905 οὐδὲν

2408 2959 2539 3013 ἄλλο
2570 2954 2765 3027 δηλοῦν
2798 2953 3101 3023 φαίνονται,
3134 2951 3167 3020 ἢ
3198 2952 3279 3003 ὅτι
3314 2950 3494 3016 πάσης
3525 2949 3807 3017 άναμονῆς
3827 2945 3991 3005 ἐκτὸς

2410 3048 2503 3101 καὶ
2542 3045 2743 3108 παντὸς
2774 3042 3027 3113 χρονικοῦ
3059 3040 3426 3109 διαστήματος
3459 3037 3575 3107 ἃμα
3600 3035 3930 3088 ἐπεσκίασεν
3957 3034 3993 3103 ἡ

2411 3140 2506 3195 τοῦ
2538 3138 2794 3207 Ὑψίστου
2828 3136 3059 3204 δύναμις
3086 3137 3153 3204 τῇ
3195 3130 3567 3207 Ἀειπαρθένῳ
3600 3128 3869 3194 Θεοτόκῳ,
3897 3125 3998 3192 τὴν

710 3221 906 3274 divina:
966 3235 1089 3272 rum
1135 3219 1369 3270 humana
1416 3224 1611 3267 natura
1658 3213 1914 3264 unionem
1950 3210 2302 3278 accipientes,

2412 3232 2519 3286 τῶν
2549 3231 2643 3283 δύο
2674 3228 2890 3297 φύσεων
2903 3226 3098 3279 ἕνωσιν
3120 3223 3514 3294 ἀπειργάσατο.
3545 3220 3734 3291 Ὑμεῖς
3762 3218 3819 3270 δὲ
3853 3215 3997 3270 κατᾶ

710 3314 940 3366 divisam
975 3321 1025 3361 et
1084 3308 1307 3377 propria
1354 3304 1636 3376 hypostasi
1680 3304 2070 3358 subsistentem
2097 3308 2308 3353 utram-

712 3424 819 3477 que,
877 3407 1173 3459 essentiam
1248 3403 1435 3455 Patres
1503 3399 1809 3453 asseruisse
1856 3394 2306 3451 ealutnniatnini:

713 3510 1067 3567 \estramque
1122 3495 1521 3566 ignorationem
1593 3493 1818 3546 Patrum
1904 3487 2306 3556 blasphemiam

713 3593 841 3653 rati.
896 3592 1052 3659 longe
1106 3604 1135 3643 a
1184 3588 1435 3651 veritate,
1474 3595 1547 3650 et,
1599 3584 1745 3654 quod
1794 3582 1935 3637 idem
1978 3589 2083 3642 est.
2133 3580 2310 3633 salute

714 3686 1034 3741 abcrrastis.
1114 3684 1301 3736 Edocti
1360 3680 1543 3750 itaque
1601 3687 1655 3732 et
1717 3676 1949 3745 hujusce
2005 3688 2310 3731 concursus

716 3778 1109 3850 signiﬁcatum,
1142 3785 1193 3828 et
1226 3789 1384 3828 usum
1419 3772 1473 3825 in
1516 3770 1638 3824 Filii
1675 3767 1769 3821 Dei
1820 3764 2309 3825 incarnatione,“

715 3890 777 3927 ea
816 3886 937 3940 quze
986 3870 1054 3922 ab
1077 3867 1418 3937 ignoratione
1446 3865 1621 3917 oritur
1646 3858 2027 3915 maledicentia
2048 3855 2307 3917 recedite,

719 3968 857 4024 etin
891 3973 1138 4019 exactam
1174 3963 1405 4014 duarum
1440 3967 1761 4011 naturarum
1797 3954 1850 4007 in
1893 3952 2113 4006 Christo
2151 3948 2311 4002 unio-

717 4075 869 4120 nem,
903 4071 1067 4126 quam
1106 4068 1205 4107 nos
1236 4060 1474 4111 tuemur,
1520 4046 1821 4116 confugite.
1868 4042 2115 4110 Namque
2149 4056 2215 4093 ex
2245 4052 2310 4091 eo

719 4147 1131 4218 conseqttemini
1172 4145 1405 4213 primum
1456 4140 1675 4209 quidem
1723 4145 1875 4191 catos
1924 4135 2312 4201 sapientesque

719 4241 985 4313 reputari,
1015 4237 1362 4309 postmodum
1422 4234 1730 4293 veritatem,
1769 4229 1822 4282 in
1876 4227 2076 4297 quibus
2121 4225 2312 4277 decer-

717 4337 874 4398 nitis,
912 4332 1131 4389 sectari.
1168 4327 1372 4395 Quodsi
1406 4324 1657 4379 nonnulli
1683 4339 1747 4377 ex
1774 4320 2044 4374 haereticis
2079 4332 2311 4371 concur-

720 4445 815 4486 sus
842 4443 1039 4482 nomen
1071 4420 1374 4478 secundum
1409 4420 1653 4489 primum
1692 4415 2058 4483 signiﬁcatum
2093 4412 2145 4464 in
2180 4426 2309 4481 pro-

718 4522 825 4593 prii
873 4517 1144 4589 dogmatis
1192 4514 1477 4569 subdolam
1545 4510 1795 4563 fraudem
1845 4514 2307 4573 assumpset-unt,

2412 3325 2511 3393 τὴν
2556 3324 2829 3394 προτέραν
2863 3318 3143 3389 σημασίαν
3173 3318 3274 3385 τῆς
3314 3316 3620 3384 συνδρομῆς
3658 3312 3757 3381 τὴν
3802 3310 4000 3362 ἕνωσιν

2409 3418 2509 3487 τῆς
2539 3416 2727 3485 θεῖκῆς
2770 3413 2983 3483 φύσεως
3029 3410 3168 3481 μετὰ
3213 3409 3311 3477 τῆς
3337 3405 3683 3477 ἀνθρωπίνης
3715 3401 4000 3471 ἐκλαμϐα-

2410 3513 2664 3581 νὸμενοι,
2721 3506 3039 3579 διαιρετὴν,
3094 3505 3189 3557 καλ¹
3256 3501 3379 3555 καθ’
3437 3498 3638 3568 ἑαυτὴν
3697 3494 3999 3564 ὑφεστάναι

2410 3602 2680 3672 ἑκατέραν
2709 3598 2819 3652 τῶν
2862 3595 3063 3651 οὐσιῶν
3118 3596 3245 3657 τοὺς
3275 3593 3526 3663 Πατέρας
3570 3587 3857 3659 εἰρηκέναι
3909 3603 4000 3639 συ-

2410 3696 2755 3765 κοφαντεῖτε,
2812 3692 2909 3746 καὶ
2953 3687 3054 3759 τὴν
3100 3686 3377 3758 ὑμετέραν
3429 3687 3673 3751 ἄγνοιαν,
3714 3679 4001 3748 Πατρικὴν

2414 3784 2767 3856 βλασφημίαν
2825 3780 3082 3849 οἰόμενοι,
3142 3775 3361 3847 μακρὰν
3412 3773 3513 3843 τῆς
3564 3772 3843 3841 ἀληθείας,
3903 3768 4001 3821 καὶ

2410 3879 2610 3933 ταυτὸν
2655 3877 2839 3945 φάναι.
2889 3871 2991 3940 τῆς
3035 3868 3328 3937 σωτηρίας,
3368 3862 3851 3932 ἁποπεπλάνησθε.
3883 3862 4003 3915 Με-

2415 3969 2724 4042 μαθηκότες
2792 3959 2886 4018 οὖν
2956 3962 3053 4016 καὶ
3105 3960 3309 4029 ταύτης
3367 3958 3465 4025 τῆς
3529 3955 3835 4024 συνδρομῆς
3899 3955 4003 4021 τὴν

2413 4059 2717 4131 σημασίαν,
2765 4057 2861 4111 καὶ
2902 4055 2965 4108 τὸ
3020 4052 3227 4122 ταύτης
3290 4048 3550 4120 χρειῶδες
3606 4049 3685 4109 εἰς
3742 4046 3843 4114 τὴν
3905 4044 4003 4097 τοῦ

2416 4150 2549 4205 Υίοῦ
2585 4150 2681 4204 τοῦ
2705 4148 2840 4203 Θεοῦ
2888 4144 3329 4218 ὲνανθρώπησιν,
3377 4142 3654 4209 ἀπόστητε
3698 4140 3805 4207 τῆς
3880 4138 4005 4190 κατ’

2413 4246 2666 4311 ἄγνοιαν·
2696 4242 2852 4310 ὑμῶν
2904 4237 3241 4307 δυσφημίας,
3289 4235 3383 4289 καὶ
3430 4235 3512 4295 είς
3557 4231 3763 4301 άκριὸἧ
3804 4231 4006 4283 ἕνωσιν

2410 4332 2522 4385 τῶν
2547 4329 2640 4383 δύο
2687 4330 2744 4381 ἐν
2794 4325 3015 4395 Χριστῷ
3062 4326 3277 4393 φύσεων
3316 4321 3541 4389 ταύτην,
3594 4317 3777 4380 καθὼς
3815 4320 4002 4386 ἡμεῖς,

2411 4416 2803 4492 προϐάλλεσθε.
2832 4414 3064 4483 Ἕψεται
3081 4414 3188 4482 γὰρ
3208 4412 3237 4465 ὑ
3247 4415 3334 4482 μῖν
3357 4413 3421 4464 ὲκ
3443 4409 3652 4471 τούτου,
3668 4407 3883 4477 πρῶτον
3902 4406 4006 4474 μὲν

2414 4512 2476 4565 τὸ
2522 4509 2718 4577 σοφοὺς
2768 4509 2865 4561 καὶ
2898 4507 3189 4576 εἰδήμονας
3227 4502 3551 4571 πεφηνέναι,
3584 4502 3777 4553 ἔπειτα
3818 4499 3875 4551 δὲ
3908 4497 4007 4549 καὶ

719 4616 952 4682 ideoque
981 4611 1109 4664 illud
1148 4606 1376 4676 rejieitis
1407 4604 1459 4657 in
1498 4602 1701 4657 unione
1724 4599 1921 4653 divina:
1948 4598 2302 4665 humana:un

2414 4602 2475 4656 τὸ
2504 4601 2745 4671 ἀληθεῖς,
2778 4601 2833 4652 ἐν
2856 4593 2937 4660 οἷς
2969 4595 3346 4666 δογματίζετε,
3371 4590 3810 4660 διαγγέλλεσθαι.
3850 4590 3912 4641 El
3944 4589 4005 4641 δὲ

720 4704 1111 4763 naturmunius
1136 4700 1349 4754 Domini
1390 4697 1561 4752 nostri
1584 4694 1711 4749 Jesu
1745 4691 1971 4753 Christi,
2010 4706 2153 4743 nunc
2181 4705 2305 4744 eum

722 4805 951 4856 alterum
986 4798 1130 4852 illius
1182 4794 1548 4865 signiﬁcatum
1583 4786 2076 4858 apprehenderitis,
2134 4784 2310 4852 deque

722 4891 926 4946 unione
975 4886 1193 4940 [irinum
1233 4883 1380 4936 illius
1423 4896 1487 4936 ac
1529 4890 1747 4934 cantum
1782 4877 2063 4941 callentes,
2090 4888 2213 4929 eum
2253 4872 2307 4926 in

724 4993 1001 5054 posterum
1049 4995 1115 5033 ne
1171 4974 1457 5046 negligatis
1495 4990 1507 5026 :
1554 4987 1731 5042 neque
1768 4970 1912 5025 enim
1950 4966 2308 5037 aaquitocatio

724 5093 951 5138 eorum,
1011 5075 1101 5145 qui
1161 5088 1265 5126 non
1322 5070 1393 5123 ita
1446 5083 1503 5121 se
1576 5067 1795 5129 habent,
1856 5062 2072 5132 preprie
2132 5061 2205 5114 ita
2250 5073 2309 5114 se

726 5171 982 5227 habentia
1069 5164 1322 5221 destruit.
1402 5159 1632 5226 Quando
1689 5173 1819 5211 vero
1903 5155 1995 5207 ιιιιί
2074 5152 2308 5206 Domino

726 5275 919 5319 nostro
976 5264 1103 5315 Jrsu
1168 5256 1389 5313 Christo
1444 5268 1637 5307 omnes
1678 5265 1786 5303 uno
1840 5262 2137 5306 consensu,
2189 5228 2329 5313 quae

727 5356 782 5408 in
858 5350 1150 5420 Evangelia
1245 5348 1593 5405 referuntur,
1684 5341 1891 5408 deiecta
1979 5338 2309 5405 excelsaque

728 5446 1063 5505 vindicatis,
1140 5455 1407 5511 corporeo
1496 5440 1933 5506 ittcorporeoque
2020 5432 2302 5498 insepara-

730 5540 907 5594 biliter
969 5535 1363 5604 ineonl‘useqne
1436 5532 1490 5585 in
1552 5546 1616 5583 eo
1661 5525 2025 5588 conservatis,
2086 5523 2311 5578 cuinam

730 5648 793 5687 ex
819 5632 1051 5694 naturis,
1084 5646 1204 5700 qua:
1235 5630 1288 5682 in
1320 5642 1429 5681 uno
1456 5624 1678 5679 Christo
1703 5629 2077 5677 convenerunt
2099 5616 2310 5685 dc'jecta

730 5725 1047 5788 ascribetis,
1090 5722 1250 5791 quale
1281 5719 1411 5774 illud
1464 5716 1628 5772 fuerit
1661 5713 1927 5786 proﬁcere
1960 5716 2138 5775 aetate,
2163 5708 2311 5764 cola-

806 5905 851 5938 “
890 5901 1075 5960 Matth.
1120 5916 1199 5970 ιι,
1232 5900 1284 5955 5.

2418 4694 2512 4748 καί
2550 4710 2694 4754 τινες
2726 4690 2836 4744 τῶν
2862 4689 3245 4760 αἱρετιζόντων
3272 4688 3333 4739 τὸ
3366 4685 3466 4754 τῆς
3495 4680 3803 4753 συνδρομῆς
3831 4681 4007 4749 ὄνομα

2418 4782 2560 4836 κατὰ
2604 4781 2664 4833 τὸ
2719 4780 2937 4851 πρῶτον
2975 4776 3378 4847 σημαινόμενον
3416 4771 3738 4837 ἐξελάὸοντο
3770 4772 3851 4832 είς
3902 4770 4007 4838 τὴν

2414 4871 2509 4925 τοῦ
2539 4868 2740 4923 οἰκείου
2762 4868 3033 4939 δόγματος
3061 4863 3417 4932 κακουργίαν,
3439 4859 3532 4913 καὶ
3557 4859 3648 4911 διὰ
3676 4857 3836 4909 τοῦτο
3863 4873 4007 4922 παρα

2416 4958 2658 5012 αιέῖσθε
2696 4957 2867 5028 ταύτῃ
2899 4954 2991 5007 ἐπὶ
3029 4956 3097 5023 τῇ
3139 4949 3449 5018 ὲνώσειτῆς
3478 4947 3628 5010 θείας
3667 4946 3759 4998 καὶ
3788 4944 4007 5010 ἀνθρω-

2418 5053 2581 5121 πίνης
2602 5050 2819 5118 φύσεως
2844 5047 2938 5104 τοῦ
2970 5047 3086 5109 ἐνὸς
3111 5043 3318 5114 Κυρίου
3345 5040 3503 5111 ἡμῶν
3534 5038 3711 5108 Ἰησοῦ
3738 5036 4006 5105 Χριστοῦ,

2416 5144 2512 5198 νῦν
2528 5146 2587 5198 τὸ
2603 5143 2755 5197 δεύτε
2766 5159 2856 5213 ρον
2881 5138 3281 5210 σημαινόμενον
3297 5133 3501 5201 ταύτης
3520 5128 4007 5197 κατανενοηκότες,

2418 5242 2513 5294 καὶ
2541 5239 2601 5292 τὸ
2635 5240 2697 5292 ὲκ
2728 5237 2920 5291 τούτου
2962 5234 3200 5303 ἀσφαλὲς
3231 5230 3360 5301 περὶ
3383 5228 3481 5298 τὴν
3512 5228 3706 5282 ἕνωσιν
3749 5225 4010 5293 μεμαθη-

2416 5336 2596 5397 κότες,
2615 5330 2707 5386 τοῦ
2732 5330 2919 5383 λοιποῦ
2942 5326 3147 5394 ταύτην
3169 5324 3243 5395 μὴ
3264 5321 3703 5392 ἀπαγορεύσητε.
3732 5318 3872 5369 Οὐδὲ
3897 5318 4009 5387 γὰρ

2416 5425 2739 5496 λυμαίνεται
2774 5424 2807 5492 ἡ
2855 5418 3145 5492 ὁμωνυμία
3175 5417 3284 5469 τῶν
3318 5414 3394 5485 μὴ
3431 5413 3603 5470 οῦτως
3638 5410 4008 5478 ὑπαρχόντων

2414 5519 2483 5571 τὰ
2530 5516 2734 5587 κυρίως
2767 5516 2897 5567 ὄντα
2945 5513 3266 5584 πράγματα.
3309 5505 3527 5575 Ἐπειδὴ
3576 5503 3636 5555 δὲ
3682 5499 3775 5554 τοῦ
3837 5500 4009 5553 αὑτοῦ

2418 5612 2541 5675 ἑνὸς
2567 5610 2777 5680 Κυρίου
2816 5607 2980 5678 ἡμῶν
3022 5603 3200 5675 Ἰησοῦ
3238 5597 3479 5672 Χριστοῦ
3515 5591 3658 5649 εἶναι
3685 5593 4008 5660 ὁμολογεῖτε

2412 5708 2480 5761 τὰ
2500 5707 2557 5759 ἐν
2577 5702 2887 5773 Εὑαγγελίῳ
2913 5700 3184 5771 φερόμενα
3213 5691 3441 5751 ταπεινά
3486 5705 3546 5743 τε
3573 5685 3667 5741 καὶ
3683 5682 3887 5757 ὑψηλά»
3912 5681 4010 5739 τοῦ
