4194 6432
178 468 279 531 665

1103 463 1539 524 REFUTATIO
1579 464 2055 525 MOHAMEDIS.
2086 492 2153 503 -·-
2185 468 2566 529 MONITUM.

3348 468 3452 532 666

180 596 230 631 τε
270 575 520 644 σώματος
564 574 658 627 καὶ
698 572 791 627 τοῦ
826 575 1123 646 ἀσωμάτου
1177 579 1630 648 ἀπαρασπάστ‹ι›ς
1677 576 1801 631 καί

1887 581 1993 645 phis
2031 582 2184 644 medi,
2234 582 2467 636 vinculis
2516 577 2751 648 alligari,
2784 578 2953 633 clavis
2988 577 3259 647 transﬁgi,
3287 585 3450 636 mori,

177 669 501 739 ἀσυγχύτως
532 669 618 721 ἐπ’
672 666 837 721 αὑτοῦ
889 670 1332 739 φυλαττομένων,
1372 671 1599 741 πότερον
1628 671 1758 739 ποία

175 765 283 817 τῶν
348 761 718 814 συνελθουσῶν
768 760 983 829 φύσεων
1047 764 1105 814 ὲν
1156 762 1232 831 τῷ
1289 764 1369 816 ἐνὶ
1416 761 1637 831 Χριστῷ
1689 760 1759 813 τὰ

176 852 410 907 ταπεινὰ
468 850 687 913 δώσετε,
716 854 780 920 τῇ
816 851 1153 921 ἀνθρωπίνῃ,
1183 850 1216 922 ἦ
1243 853 1309 921 τῇ
1343 850 1484 921 θείᾳ,
1512 850 1761 901 τουτέστι

177 947 236 997 τὸ
271 944 600 1015 προκόπτειν
624 942 830 1011 ἡλικίᾳ,
870 942 964 993 καὶ
997 941 1056 994 τδ
1080 940 1429 1011 ῥαπίζεσθαι.
1458 940 1518 992 τὸ
1547 939 1762 1009 δεσμεῖ-

183 1037 330 1101 σθαι,
364 1037 424 1089 τὸ
474 1036 622 1105 ἥλοις
672 1035 1099 1108 πεπερονῆσθαι,
1148 1035 1208 1088 τὸ
1248 1034 1521 1099 τεθνάναι,
1553 1037 1646 1089 καὶ
1699 1034 1766 1087 τὰ

182 1130 439 1195 totatuta;
470 1123 565 1193 Εἷς
600 1129 699 1200 μὲν
730 1130 839 1199 γὰρ
865 1128 1080 1199 ἀληθῶς
1110 1130 1201 1181 καὶ
1231 1130 1258 1181 ό
1295 1130 1456 1192 αὑτός
1486 1132 1600 1182 ἐστι
1633 1129 1769 1190 Θεὸς

184 1225 278 1278 καὶ
310 1224 613 1294 ἄνθρωπος,
645 1225 673 1276 ὁ
706 1222 876 1277 ταῦτα
907 1222 1343 1292 ὑπομεμενηκὼς
1373 1240 1387 1253 ·
1449 1223 1564 1279 ἀλλ’
1595 1223 1770 1285 οὐδεὶς

184 1316 314 1370 νοῦν
336 1316 477 1386 ἔχων
498 1314 639 1369 κατά
671 1315 770 1386 τὴν
805 1314 994 1384 θεῖκὴν
1020 1314 1192 1368 ταῦτα
1224 1316 1633 1385 ὑπομενηκέναι
1671 1313 1769 1382 φύ-

188 1422 274 1460 σιν
317 1408 449 1475 ἐρεῖ.
496 1406 740 1475 Ἀπαθὴς
766 1404 935 1476 γὰρὴ
992 1406 1112 1459 θεία
1151 1404 1333 1473 φύσις,
1360 1404 1454 1458 καὶ
1493 1405 1772 1471 αὐξήσεως

190 1500 565 1562 ἀνεπίδεκτος.
603 1500 795 1569 Ὅμως
821 1516 885 1567 γε
918 1499 1152 1553 πέπονθε
1187 1498 1359 1552 ταῦτα
1401 1501 1428 1551 ὀ
1460 1499 1620 1561 αὑτὸς
1660 1497 1770 1551 Κύη

191 1609 306 1663 ριος
340 1592 579 1655 ἀληθῶς.
606 1587 735 1660 ’Ἆρ’
762 1589 853 1644 οὑν
877 1591 998 1661 οὑχ).
1033 1591 1127 1644 καὶ
1157 1591 1310 1645 αὑτοὶ
1337 1593 1386 1645 οἱ
1406 1592 1542 1645 λίθοι
1571 1592 1775 1662 κεκρά-

190 1687 398 1754 ξονται,
430 1685 535 1738 κᾶν
563 1685 723 1754 ὑμεῖς
762 1686 1052 1755 σιγὴσησε,
1082 1686 1164 1739 ὅτι
1192 1686 1334 1739 κατά
1359 1686 1459 1757 τὴν
1502 1685 1777 1754 ἀνθρωπί-

188 1795 288 1848 νην
317 1776 487 1830 αὑτοῦ
525 1776 702 1831 ταῦτα
733 1776 894 1845 φύσιν
925 1775 1133 1846 ὑπέστη
1165 1779 1193 1829 ὁ
1221 1778 1429 1838 τέλειος
1450 1779 1507 1830 ὲν
1541 1777 1775 1844 θεότητι,

190 1871 286 1924 καὶ
313 1871 518 1932 τέλειος
556 1871 614 1923 ὲν
649 1869 1053 1940 ἀνθρωπότητι,
1087 1865 1166 1936 εἷς
1201 1871 1405 1943 Κύριος
1444 1872 1686 1942 Ἰησοῦςς
1717 1872 1778 1926 El

1867 681 1919 723 et
1943 669 2181 725 similia?
2211 670 2481 730 humanae,
2514 686 2580 723 an
2608 668 2842 723 divinaz?
2875 666 3022 722 Unus
3042 669 3185 722 enim
3214 677 3298 724 est
3331 686 3453 725 vere

1871 763 2123 832 idemque
2176 761 2317 817 Deus
2366 772 2421 816 et
2470 763 2655 825 homo,
2715 761 2810 830 qui
2886 761 2975 814 illa
3022 762 3300 817 sustinuit.
3344 763 3451 817 Sed

1874 872 2054 920 nemo,
2074 855 2373 911 dummodo
2397 870 2492 909 cor
2523 854 2741 921 habeat,
2773 854 3071 909 secundum
3101 854 3339 909 divinam
3366 855 3455 909 illa

1874 950 2135 1006 tolerasse
2193 962 2444 1004 naturam
2492 948 2680 1002 dicet:
2709 965 2885 1017 neque
2916 948 3061 1004 enim
3105 950 3455 1015 passionibus

1875 1045 2105 1099 obnoxia
2157 1044 2445 1098 eSLdiviua
2501 1051 2716 1104 natura,
2762 1051 2816 1096 et
2868 1057 3037 1111 capax
3076 1042 3396 1095 incrementi
3436 1060 3450 1097 :

1878 1137 2233 1192 nihilominus
2281 1153 2341 1191 ea
2380 1152 2506 1190 vere
2555 1149 2846 1204 perpessus
2882 1144 2965 1187 est
2994 1133 3133 1186 idem
3170 1133 3455 1186 Dominus.

1877 1233 2073 1285 Annon
2101 1228 2262 1300 igitur
2297 1244 2427 1283 saxa
2478 1228 2597 1295 ipsa
2630 1226 2970 1289 clamabunt,
3007 1226 3220 1278 etiamsi
3248 1240 3345 1279 vos
3377 1235 3461 1277 ta-

1879 1323 2121 1386 cucritis,
2153 1321 2454 1376 secundum
2494 1321 2787 1373 humanam
2840 1320 3012 1388 ipsius
3044 1327 3294 1371 naturam
3347 1318 3459 1371 Iure

1881 1416 2134 1479 siibiisse,
2170 1413 2468 1485 perfectum
2509 1412 2563 1466 in
2601 1411 2819 1473 deitate,
2853 1422 2905 1465 et
2949 1410 3245 1480 perfectum
3270 1410 3324 1462 in
3361 1410 3462 1462 hu-

1882 1508 2147 1562 manitate
2201 1522 2368 1560 unum
2414 1503 2707 1558 Dominum
2741 1500 2925 1556 Iesum
2957 1503 2980 1556 ?
3010 1501 3162 1568 Quod
3198 1501 3240 1555 si
3274 1517 3466 1556 secun-

1883 1602 2011 1654 dum
2048 1600 2346 1652 humanam
2375 1596 2548 1664 ipsius
2575 1606 2825 1649 naturam
2884 1593 2973 1647 illa
3004 1609 3200 1662 passus
3228 1593 3464 1661 est,jam

1886 1692 2067 1760 palam
2106 1698 2191 1744 est
2241 1690 2295 1742 in
2332 1686 2548 1741 duabus
2596 1686 2808 1741 naturis
2853 1701 2973 1741 esse
3005 1702 3173 1740 unum
3205 1701 3462 1755 persona,

1885 1792 1939 1839 et
1988 1782 2271 1854 hypostasi
2313 1779 2605 1834 Dominum
2641 1789 2890 1834 nostrum
2937 1775 3122 1833 Jesum
3154 1778 3463 1842 Christum,

1889 1889 1938 1932 et
1972 1873 2292 1930 exsecrandi
2318 1871 2551 1928 Nestorii
2588 1873 2853 1927 adversus
2888 1886 3009 1935 nos,
3040 1870 3133 1939 qui
3161 1886 3322 1923 unam
3349 1885 3472 1939 per-

189 1966 246 2018 δὲ
290 1964 434 2018 κατὰ
486 1964 839 2035 ἀνθρωπίνην
899 1964 1068 2017 αὑτοῦ
1113 1964 1286 2017 ταῦτα
1339 1964 1500 2034 φύσιν
1552 1966 1779 2035 ὑπέστη,

1892 1984 2082 2024 sonam
2138 1974 2192 2020 et
2252 1981 2419 2019 unam
2468 1962 2804 2034 hypnstasim
2868 1961 3195 2015 conﬁtemur
3248 1963 3301 2012 in
3362 1972 3473 2010 uno

188 2057 348 2126 δῆλον
368 2059 450 2110 ὅτι
493 2056 550 2111 ὲν
578 2054 673 2109 δύο
702 2055 897 2124 φύσεσι
924 2055 1212 2126 θεωρεῖται
1238 2056 1266 2108 ὁ
1301 2053 1382 2121 εἷς
1399 2056 1476 2125 τῷ
1506 2056 1784 2129 προσώπῳ

193 2154 291 2203 καὶ
345 2154 411 2221 τῇ
467 2150 765 2204 ὑποστάσει
797 2150 1003 2220 Κύριος
1056 2150 1214 2220 ἡμῶν
1272 2149 1480 2220 Ἰησοῦς
1524 2151 1780 2221 Χριστός.

192 2243 303 2307 Τὰς
337 2243 395 2295 δὲ
442 2244 583 2297 κατὰ
608 2243 703 2297 τοῦ
760 2243 1056 2313 Νεστορίου
1102 2243 1197 2297 τοῦ
1226 2243 1501 2314 ὲπαράτου
1549 2244 1784 2315 μέμψεις

191 2335 320 2389 καθ’
364 2335 523 2405 ἡμῶν
562 2336 676 2389 τῶν
721 2336 780 2387 ἓν
830 2336 1124 2406 πρόσωπον
1172 2337 1265 2389 καὶ
1304 2336 1432 2406 μίαν
1487 2337 1784 2390 ὑπόστασιν

193 2427 415 2481 εἰδότων
454 2430 514 2480 ἑν
533 2428 612 2497 τῷ
651 2428 730 2481 ἑνὶ
759 2427 982 2499 Χριστῷ
1029 2428 1106 2498 τῷ
1158 2428 1278 2498 Θεῷ
1325 2429 1501 2498 ἡμῶν,
1532 2429 1785 2497 ἀφρόνως

195 2518 588 2586 ἒπιφημίζετε.
622 2517 816 2588 Ἡμεῖς
844 2520 952 2588 γὰρ
981 2518 1081 2589 τὴν
1112 2518 1236 2572 καθ’
1265 2519 1565 2572 ὑπόστασιν
1588 2517 1784 2570 ’ἐνωσιν

194 2611 253 2662 ὲν
289 2609 369 2679 τῷ
412 2608 632 2680 Χριστῷ
662 2610 1053 2679 ὁμολογοῦντες
1080 2652 1095 2676 ,
1150 2612 1243 2663 καὶ
1292 2610 1351 2664 ἓν
1401 2608 1566 2663 αὑτοῦ
1615 2610 1783 2677 πρόσω

192 2718 343 2755 ωπον
371 2703 466 2755 καὶ
501 2703 628 2772 μίαν
678 2702 976 2755 ὑπόστασιν
1019 2704 1155 2773 μετά
1191 2702 1286 2773 τὴν
1310 2702 1505 2755 ἕνωσιν
1531 2702 1782 2767 δοξάζον-

192 2810 308 2856 τες,
336 2794 433 2846 καὶ
477 2795 575 2862 τὴν
612 2795 672 2847 ὲν
712 2795 911 2865 γαστρὶ
957 2795 1057 2865 τῆς
1104 2794 1468 2867 ἀειπαρθένου
1507 2797 1782 2864 σκήνωσιν

194 2883 602 2953 ἀνυμνοῦντες,
659 2885 753 2938 καὶ
803 2885 900 2955 τὴν
943 2886 1110 2939 αὑτοῦ
1165 2887 1508 2957 πανάμωμον
1545 2887 1779 2957 Μητέρα

192 2974 459 3028 Θεοτόκον
520 2976 724 3046 κυρίως
772 2977 1109 3042 δοξάζοντες,
1178 2979 1271 3032 καὶ
1318 2979 1413 3032 ἕνα
1476 2980 1568 3032 τὸν
1620 2980 1783 3032 αὑτὸν

195 3067 329 3120 Υίδν
367 3066 462 3120 τοῦ
487 3067 623 3121 Θεοῦ
652 3070 746 3122 καὶ
777 3070 905 3122 Υίον
932 3071 1031 3140 τῆς
1065 3070 1343 3139 Παρθένου
1368 3070 1781 3140 ὁμολογοῦντες,

194 3149 271 3210 ὧν
308 3157 571 3211 ἁπάντων
604 3159 760 3212 οὐδὲν
795 3161 822 3212 ό
856 3160 1085 3229 μάταιος
1128 3162 1336 3223 ἐκεῖνος
1383 3161 1779 3230 καθωμολόγει,

194 3246 317 3309 πῶς
354 3249 454 3315 τῆς
476 3244 646 3317 αὑτῆς
671 3246 821 3316 αὑτῷ
851 3247 1110 3318 μέμψεως
1132 3247 1455 3318 κριθείημεν
1479 3248 1619 3312 ἄξιοι
1653 3250 1781 3319 παρ’

195 3338 386 3409 ὑμῶν;
421 3340 470 3392 εί
502 3341 577 3411 μή
602 3357 655 3394 τι
686 3342 793 3411 ἄρα
827 3341 917 3394 τὸν
953 3341 1080 3411 ὑμῖν
1105 3341 1484 3411 ἐφαρμόζοντα
1504 3341 1670 3411 ψόγον
1699 3342 1789 3394 διὰ

194 3426 297 3496 τὴν
332 3428 391 3494 ἐξ
427 3428 703 3497 ἀμαθείας
753 3429 846 3482 τοὺ
880 3428 1042 3500 ὀρθοῦ
1091 3430 1363 3498 δόγματος
1414 3430 1785 3502 παρατροπὴν

196 3518 506 3589 ἀποτρέψαι
546 3517 883 3589 βουλόμενοι,
910 3519 1111 3591 διὰτῆς
1134 3520 1257 3573 καθ’
1287 3520 1444 3590 ἡμῶν
1472 3520 1578 3573 τῶν
1611 3521 1788 3592 ὀρθῶς

200 3609 547 3680 φρονούντων
594 3610 792 3678 ἀλόγου
846 3609 1102 3681 διαϐολῆς
1148 3611 1307 3663 τοῦτο
1356 3613 1530 3664 ποιεῖν
1592 3628 1787 3681 προαι-

201 3700 407 3771 ρεῖσθε.
465 3700 532 3754 Ἢ
561 3701 618 3755 δὲ
667 3702 790 3756 καθ’
825 3703 973 3774 ἡμᾶς
1006 3700 1307 3773 ἀμώμητος
1340 3702 1436 3756 καὶ
1464 3702 1787 3773 ἀδιάϐλητος

198 3789 352 3856 δόξα,
383 3790 516 3861 περί
561 3808 620 3845 τε
664 3793 764 3861 τῆς
814 3793 960 3847 κατά
1009 3792 1107 3863 τὴν
1157 3793 1319 3861 ἁγίαν
1354 3793 1560 3865 Τριάδα
1610 3794 1791 3849 θεολο-

202 3881 356 3949 γίας,
387 3882 516 3953 περί
554 3900 614 3936 τε
661 3882 761 3953 τῆς
810 3883 953 3937 κατά
1002 3884 1102 3955 τὴν
1150 3883 1419 3958 ἔνσαρκον
1476 3886 1792 3957 οίκονομίαν

201 3973 299 4028 τοῦ
332 3972 465 4028 Υἱοῦ
490 3974 587 4029 τοῦ
618 3975 1102 4047 Θεούςόρθοτομίας
1128 3978 1195 4031 ἐκ
1215 3976 1312 4031 τοῦ
1343 3978 1472 4049 παρ’
1490 3979 1646 4048 ἡμῶν
1668 3982 1785 4050 ὀμο-

202 4062 539 4137 λογουμένου
566 4066 863 4138 ίερωτάτου
892 4067 987 4120 καὶ
1014 4066 1160 4120 θείου
1193 4065 1463 4137 συμϐόλου
1495 4066 1792 4134 δείκνυται,

206 4158 523 4229 ἀρξαμένου
557 4162 657 4231 μὲν
689 4160 798 4215 ἀπὸ
829 4159 940 4215 τῶν
978 4160 1307 4232 τριακοσίων
1344 4160 1478 4215 δέκα
1501 4161 1597 4215 καὶ
1649 4161 1796 4215 ὀκτὼ

1890 2061 2113 2118 Christo
2155 2058 2264 2112 Deo
2316 2063 2527 2115 nostro,
2580 2051 2994 2108 criminationes
3034 2048 3355 2119 insipienter
3386 2048 3472 2101 in-

1891 2152 2156 2223 torqueri.
2204 2148 2319 2204 Nos
2376 2147 2599 2207 ctenim,
2641 2144 2735 2215 qui
2781 2141 3081 2197 secundum
3134 2140 3471 2211 hypostasim

1892 2244 2152 2297 unionem
2202 2241 2255 2293 in
2316 2236 2539 2293 Christo
2592 2234 2937 2298 conﬁtemur,
2978 2241 3031 2287 et
3082 2247 3248 2286 unam
3301 2232 3475 2300 ipsius

1892 2347 2180 2404 personam
2238 2338 2294 2384 et
2327 2344 2492 2383 unam
2519 2325 2857 2397 hypostasim
2886 2336 3007 2395 post
3031 2324 3285 2377 unionem
3320 2330 3475 2375 tene-

1892 2442 2037 2487 mus,
2071 2434 2125 2479 et
2149 2425 2202 2478 in
2236 2432 2393 2476 utero
2428 2434 2642 2488 semper
2672 2416 2896 2486 virginis
2942 2414 3335 2469 habitationem
3387 2427 3478 2467 ce-

1891 2514 2187 2577 lebramus,
2207 2522 2262 2565 et
2286 2510 2460 2579 ipsius
2488 2507 2713 2561 Matrem
2747 2504 3153 2561 imuiaculataiu
3186 2503 3473 2569 Deiparam

1891 2606 2111 2676 proprie
2148 2602 2537 2672 praedicamus,
2580 2608 2634 2654 et
2677 2613 2846 2653 unum
2881 2595 3243 2664 eumdemque
3274 2592 3475 2647 Filium

1892 2698 1985 2753 Dei
2036 2707 2089 2751 et
2126 2696 2318 2750 Filium
2354 2693 2597 2763 Virginis
2623 2691 2944 2755 astruimus,
2971 2704 3038 2743 ex
3069 2688 3271 2758 quibus
3297 2685 3480 2740 omni-

1888 2791 1992 2845 bus
2011 2788 2141 2843 nihil
2170 2787 2433 2857 insipiens
2452 2786 2541 2839 ille
2590 2782 2959 2847 asseverabat,
2985 2781 3260 2852 quomodo
3286 2779 3479 2833 eadem

1890 2894 2052 2953 atque
2093 2882 2184 2938 ille
2215 2879 2598 2935 criminatione
2655 2889 2893 2946 notaque
2954 2891 2984 2929 a
3044 2874 3204 2929 vobis
3277 2871 3481 2926 merito

1890 2972 2421 3033 condemnabimur,
2473 2968 2577 3022 nisi
2621 2967 3115 3036 vituperationem,
3158 2978 3322 3033 quam
3382 2976 3482 3015 vos

1892 3077 2114 3138 propter
2177 3064 2575 3132 ignorationem
2631 3074 2686 3116 et
2726 3076 2756 3115 a
2800 3068 2951 3112 recto
2982 3059 3234 3124 dogmate
3261 3054 3485 3109 aberra-

1892 3163 2094 3215 tioucm
2154 3155 2584 3217 commeruistis,
2639 3164 2886 3207 avertere
2927 3149 3353 3211 contendentes,
3387 3161 3485 3215 per

1894 3251 2334 3308 irrationabilem
2365 3247 2698 3304 calumniam
2755 3245 2808 3299 in
2844 3260 2969 3307 nos,
3000 3242 3093 3311 qui
3124 3242 3292 3313 probe
3315 3239 3484 3294 senti-

1896 3361 2038 3406 mus,
2071 3342 2323 3398 conferre
2351 3338 2631 3395 studetis?
2662 3335 3050 3391 Verumtamen
3082 3341 3268 3387 nostra
3304 3330 3482 3384 incul-

1895 3448 2021 3509 pata
2050 3435 2378 3504 innoxiaque
2419 3432 2605 3502 opinio
2648 3440 2762 3484 tum
2792 3430 2859 3484 de
2900 3442 3052 3483 sacra
3080 3425 3294 3480 Triadis
3328 3425 3482 3478 theo-

1896 3531 2061 3599 logia,
2119 3538 2234 3583 tum
2276 3527 2344 3581 de
2397 3522 2796 3579 incarnationis
2850 3518 3170 3577 (economiaa
3214 3517 3331 3571 Filii
3386 3515 3485 3570 Dei

1896 3618 2222 3675 rectitudine
2290 3632 2355 3672 ex
2433 3623 2788 3671 sacrosancto
2857 3613 3150 3682 divinoque
3215 3610 3484 3681 symbolo,

1896 3709 2041 3779 quod
2067 3722 2168 3763 nos
2189 3706 2537 3777 proﬁtemur,
2559 3704 2869 3774 incepitque
2895 3718 2922 3755 a
2956 3711 3038 3756 ter
3055 3709 3275 3756 centum
3298 3700 3486 3753 decem

1895 3812 1951 3859 et
1979 3813 2104 3857 octo
2130 3800 2338 3856 sanctis
2367 3798 2644 3862 Patribus,
2683 3798 2737 3851 in
2765 3795 2983 3851 Nicena
3017 3795 3227 3865 synodo
3258 3807 3489 3861 congre-

1902 3895 2064 3964 gatis,
2091 3902 2148 3950 et
2184 3908 2215 3948 a
2249 3892 2479 3963 reliquis
2510 3890 2718 3948 sanctis
2746 3905 2841 3946 sex
2871 3887 3225 3944 (ecumenicis
3264 3885 3492 3956 synodis

1894 3973 2319 4051 constabilitur,
2349 3984 2460 4039 nisi
2505 3984 2558 4039 id
2607 3983 2773 4038 etiam
2840 3996 2937 4036 vos
2975 3995 3070 4050 per
3111 3981 3486 4049 importunam

1895 4077 2193 4133 amentiam
2238 4077 2383 4131 haud
2426 4084 2572 4131 recte
2626 4074 3016 4143 intelligentes,
3050 4071 3335 4127 criminari
3381 4084 3489 4121 non

1896 4169 2186 4238 veremini,
2234 4169 2345 4225 late
2400 4179 2757 4239 patenterque
2806 4168 3235 4221 demonstratur.
3273 4162 3338 4217 Et
3381 4163 3494 4216 hac

210 4252 383 4317 ἁγίων
404 4253 507 4321 τῆς
541 4254 600 4305 ὲν
622 4253 830 4325 Nimia
867 4254 1089 4309 συνόδου
1119 4254 1403 4325 Πατὲρων,
1442 4257 1537 4310 καὶ⁹
1568 4255 1657 4310 διὰ
1688 4256 1800 4311 τῶν

1898 4260 2120 4330 quidem
2152 4261 2277 4332 plus
2309 4262 2445 4317 satis
2489 4262 2619 4327 sint,
2662 4269 2718 4316 et
2755 4269 2953 4331 praeter
2980 4271 3295 4313 mensuram
3324 4294 3338 4319 ,
3366 4268 3492 4309 cum

209 4342 419 4397 λοιπῶν
456 4343 633 4413 ἁγίων
664 4362 720 4398 τε
763 4346 859 4401 καὶ
893 4345 1292 4417 οίκουμενικῶν
1338 4346 1398 4412 ἒξ
1438 4348 1675 4402 συνόδων
1708 4350 1800 4420 βε-

1904 4364 1961 4409 et
1986 4355 2260 4410 sermonis
2289 4354 2517 4411 satietas
2545 4354 2774 4409 auribus
2806 4352 3145 4406 adversetur.

208 4434 558 4503 δαιουμένου,
588 4432 733 4507 ἦπου
761 4438 871 4508 ἄρα
900 4439 993 4493 καὶ
1021 4437 1179 4492 τοῦτο
1200 4439 1390 4504 κακῶς
1407 4440 1566 4511 ὑμεῖς
1601 4442 1850 4509 νοοῦντες
1895 4444 2153 4517 διασύραι
2205 4447 2521 4519 πειράσετε.
2583 4448 2692 4501 Καὶ
2761 4445 2936 4499 ταῦτα
2997 4445 3095 4515 μὲν
3176 4441 3322 4512 πέρα
3396 4435 3494 4492 τοῦ

214 4529 414 4598 μέτρου
440 4572 457 4597 ,
489 4532 615 4585 ἐπεὶ
647 4533 741 4586 καὶ
767 4534 927 4604 κόρης
949 4533 1112 4603 λόγου
1134 4534 1397 4606 πολέμιος
1435 4537 1648 4601 ἀκοαῖς.

242 4694 3491 4744 WA

823 4864 921 4925 DE
993 4866 1377 4940 SEQUENTI
1434 4869 1732 4931 NICE'LE
1773 4868 2183 4931 BYZANTINI
2213 4867 2461 4930 OPERE
2494 4864 2885 4927 MONITUM.

1057 5016 1218 5087 (Ang.
1254 5015 1384 5083 ΜΑι,
1430 5016 1756 5074 Bibliotheca
1795 5036 1932 5074 nova
1964 5018 2271 5085 Patrum,t.
2306 5016 2397 5083 1V,
2430 5032 2485 5089 p.
2510 5013 2671 5083 521.)

306 5314 630 5371 l-‘ridericus
660 5318 986 5393 Sylburgius
1020 5323 1074 5377 in
1099 5319 1416 5393 praefatione
1446 5319 1612 5376 libelli
1641 5319 1748 5384 sui,
1797 5333 1961 5388 quem
1996 5317 2321 5373 Saraceuica
2356 5316 2659 5384 inscripsit,
2683 5311 2963 5381 ediditquc
3014 5321 3160 5363 anno
3214 5304 3383 5393 1595,
3412 5304 3495 5358 sic

219 5406 409 5459 scribit
442 5424 456 5460 :
508 5426 526 5457 ι
554 5404 743 5463 Romae
774 5410 828 5464 in
867 5392 1126 5465 Vaticana
1169 5410 1497 5466 bibliotheca
1526 5418 1746 5464 exstare
1776 5406 1973 5461 dicitur
1996 5406 2196 5461 Nicetze
2229 5404 2511 5475 Byzantini
2541 5399 2849 5471 philosophi
2884 5406 3074 5451 contra
3102 5392 3485 5449 Mohamedem

220 5492 376 5558 liber,
416 5503 473 5548 et
501 5497 746 5564 epistola:
773 5498 842 5552 ali
861 5500 1129 5569 Agareuis
1160 5499 1345 5553 missa
1373 5497 1704 5560 confutatio,
1737 5496 1803 5550 ad
1838 5495 2157 5551 Michaeleui
2191 5492 2479 5563 Theophili
2514 5491 2708 5554 ﬁlium,
2746 5488 2881 5557 imp.
2917 5480 3489 5551 Constantinopolita-

225 5597 379 5635 num.
420 5583 529 5638 Sed
560 5586 824 5655 quoniam
858 5601 1037 5655 neque
1062 5587 1209 5641 illius
1246 5601 1421 5651 neque
1454 5585 1620 5656 hujus
1650 5585 1985 5653 exemplaria
2036 5584 2220 5638 Graeca
2278 5580 2522 5637 nancisci
2566 5579 2726 5633 nobis
2758 5576 2933 5635 licuit,
2971 5575 3077 5629 alia
3104 5585 3295 5627 eorum
3329 5569 3491 5656 edenc

224 5669 416 5725 dorum
453 5653 827 5743 exspectanda
867 5653 972 5728 fuit
1001 5675 1244 5730 occasio.
1286 5693 1303 5725 δ
1333 5672 1505 5729 Vides
1530 5653 1708 5728 annos
1736 5671 1845 5727 250
1869 5681 1920 5725 et
1944 5671 2180 5741 amplius
2207 5669 2480 5724 eﬁluxissc
2514 5683 2578 5721 ex
2602 5680 2715 5737 quo
2750 5662 3097 5735 Sylburgius,
3139 5658 3286 5713 facto
3332 5653 3487 5709 Vati-

226 5760 341 5811 cani
364 5762 578 5817 codicis
616 5760 842 5824 iudicio,
880 5763 1089 5831 optavit
1119 5763 1268 5818 hunc
1297 5761 1659 5833 Byzantinum
1692 5760 1937 5815 Nicetam
1986 5761 2171 5823 edere,
2203 5774 2365 5829 quem
2408 5772 2509 5811 nos
2545 5756 2765 5811 demum
2803 5760 2924 5822 post
2978 5758 3189 5803 tantam
3229 5745 3494 5833 temporis

230 5848 692 5919 intercapedinem
724 5850 777 5903 in
806 5850 1192 5919 sempiternam
1227 5853 1403 5906 lucem
1434 5853 1829 5921 protrahimus.
1863 5851 2171 5922 Caeteroqui
2206 5850 2478 5923 Sylburgii
2516 5849 2747 5905 dictum,
2784 5856 2842 5899 ut
2884 5843 2943 5897 ﬁt
2977 5842 3029 5896 in
3063 5842 3226 5895 rebus
3262 5832 3501 5923 absenti-

226 5932 342 6003 bus,
375 5953 485 5994 nou
516 5947 603 5994 est
630 5937 870 6010 undique
906 5946 1163 5997 exactum
1202 5959 1215 5996 :
1245 5955 1371 5995 nam
1398 5956 1507 5997 nou
1538 5956 1668 6007 una,
1700 5939 1797 5998 sed
1823 5941 1941 5999 dua:
1964 5954 2088 5999 sunt
2119 5922 2497 6013 Agarcnorum
2527 5936 2799 6007 epistolae,
2835 5934 3044 6004 hasque
3073 5929 3142 5986 ad
3172 5922 3492 5984 Micbaclem
