4194 6432
724 385 825 447 667
1988 387 2280 448 ΝΙΩΕΤᾸΞ
2312 390 2380 449 Bl

2330 390 2718 451 BYZANTINI
3878 388 3986 451 663

726 499 862 567 imp.
906 495 1099 551 missas
1137 494 1326 551 titulus
1361 496 1521 561 dicit,
1558 513 1666 553 non
1699 509 1879 555 autem
1909 502 2114 560 diserte
2148 508 2291 577 quod
2322 507 2541 564 Nic-etas
2583 512 2825 581 ipsarum
2861 509 3247 565 refutationem
3282 507 3349 562 ad
3389 506 3706 565 Michaelem
3737 510 3986 577 scripse-

729 588 818 638 rit.
856 584 1128 639 Decennio
1154 593 1281 652 post
1314 583 1667 655 Sylburgium
1696 590 1823 644 Ant.
1857 590 2191 650 Possevinus
2224 597 2275 650 in
2326 598 2635 666 Apparatus
2667 598 2913 667 principe
2966 598 3203 653 editione
3263 595 3466 652 Veneta
3495 606 3535 652 t.
3573 597 3638 663 ll,
3681 614 3735 667 p.
3771 599 3900 662 477,
3930 610 3990 653 et

727 683 767 729 t.
802 673 892 739 lll,
927 674 977 726 in
1006 674 1239 744 catalog.
1268 689 1319 743 p.
1357 674 1440 737 l6,
1471 676 1772 743 pleniorem
1806 685 1859 731 et
1906 684 2308 738 accuratiorem
2346 688 2530 756 operis
2578 686 2847 741 Nicetiaui
2903 687 3120 741 titulum
3174 687 3445 751 recitavit,
3491 695 3719 741 eatenus
3770 696 3985 742 tantum

726 762 1010 825 mendose,
1043 773 1317 831 quatenus
1351 778 1447 831 pro
1483 762 1753 834 Theophili
1782 776 2015 835 utroque
2051 771 2104 824 in
2136 771 2257 826 loco
2303 776 2526 845 scripsit
2574 775 2970 849 Tlteopltylactt'.
3012 776 3295 846 Reliquos,
3324 776 3417 845 qui
3446 791 3511 830 ex
3539 774 3816 843 praedictis
3840 777 3986 830 hau-

727 863 866 911 sere,
900 851 1257 917 praetermitto
1285 851 1719 923 bibliographos,
1754 869 1982 928 excepto
2011 867 2193 915 tamen
2239 861 2421 920 Leone
2458 865 2679 930 Allatio,
2715 867 2807 935 qui
2849 867 2902 920 in
2933 866 3081 921 calce
3120 866 3320 934 prioris
3352 865 3483 919 tomi
3508 864 3728 920 Crescite
3786 866 3979 918 ortho-

726 938 881 990 doxa:
913 938 1115 993 diserte
1153 941 1434 995 contendit
1462 942 1705 997 Nicetam
1737 945 1883 999 hunc
1916 946 2273 1019 Byzantinum
2316 955 2569 1009 eumdem
2602 968 2745 1015 esse,
2780 955 2873 1018 qui
2913 964 2968 1008 et
3027 952 3246 1008 Nicetas
3292 953 3483 1016 David,
3511 964 3563 1007 et
3595 953 3893 1023 Paphlago,
3930 963 3988 1007 et

732 1025 1103 1096 Datlybrorum
1139 1027 1305 1080 etiam
1333 1028 1645 1098 episcopus.
1674 1033 2004 1102 appellatur.
2042 1054 2059 1086 t
2101 1034 2333 1106 Floruit,
2356 1040 2553 1112 inquit,
2586 1042 2889 1107 Michaelis,
2918 1041 3100 1096 Basilii
3136 1051 3188 1096 et
3218 1040 3457 1107 Leonis,’
3487 1044 3655 1111 impp.
3705 1052 3886 1105 :etate,
3928 1050 3990 1095 ut

726 1114 1000 1183 colligitur
1032 1130 1097 1168 ex
1150 1118 1419 1185 prooemio
1481 1117 1606 1172 vitae
1664 1119 1723 1175 S.
1781 1120 1971 1190 lgnatii
2011 1126 2357 1192 patriarchae,
2398 1141 2563 1195 quam
2622 1127 2710 1181 ille
2770 1140 2949 1196 neque
2995 1127 3211 1180 indocte
3250 1141 3423 1195 neque
3479 1126 3810 1195 ineleganter
3849 1141 3988 1180 eon-

724 1204 989 1267 cinnavit,
1014 1213 1069 1259 et
1098 1205 1220 1258 aliis
1262 1204 1510 1272 ejusdem
1546 1208 1766 1277 scriptis
1796 1224 1810 1262 :
1853 1229 1872 1261 ι
1908 1225 2019 1279 quo
2043 1223 2326 1282 postremo
2345 1214 2493 1269 dicto
2519 1215 2623 1285 (de
2640 1214 2861 1284 scriptis
2886 1222 3099 1269 aetatem
3126 1214 3327 1269 Niceta!
3349 1213 3803 1282 designantihus)
3831 1214 3990 1266 intel-

724 1291 817 1361 ligi
856 1292 925 1345 ab
958 1292 1154 1345 Allatio
1186 1303 1317 1361 puto
1352 1293 1736 1349 refutationem
1762 1300 2061 1360 praesertim
2091 1315 2257 1370 quam
2283 1300 2411 1355 fecit
2435 1298 2651 1353 Niretas
2673 1307 2858 1353 noster
2879 1298 3235 1368 epistolarum
3261 1297 3329 1351 ab
3354 1297 3617 1366 Agarenis
3651 1298 3715 1351 ad
3745 1297 3990 1351 Michae-

729 1380 832 1432 lem
870 1380 1004 1449 imp.
1041 1380 1565 1451 missarunnPergit
1604 1384 1675 1436 ibi
1712 1384 1945 1439 Allatius
1981 1386 2183 1443 Nicetze
2233 1390 2435 1457 scripta
2490 1403 2799 1451 recensere,
2866 1402 3100 1454 quorum
3152 1401 3322 1455 prope
3368 1395 3607 1439 extrema
3658 1386 3809 1454 ponit
3870 1387 3992 1439 haec

724 1466 988 1522 adversus
1016 1467 1389 1522 Mohamedem
1426 1480 1477 1523 et
1506 1472 1788 1537 Agarenos
1820 1473 2019 1529 dictata
2048 1494 2063 1541 ;
2109 1491 2285 1544 neque
2322 1485 2502 1530 tamen
2543 1476 2786 1529 codicem
2834 1473 3175 1535 Vaticanum,
3210 1472 3303 1540 qui
3330 1487 3393 1526 ea
3442 1472 3703 1534 continuet,
3738 1473 3991 1526 nominat

725 1564 816 1609 aut
845 1572 904 1611 se
939 1558 1157 1612 novisse
1186 1559 1545 1613 demonstrat.
1583 1560 1786 1616 Habuit
1816 1579 1949 1618 sane
1999 1564 2233 1620 Allatius
2277 1564 2420 1619 aliud
2452 1561 2656 1617 Nicelze
2688 1561 2964 1633 egregium
2999 1560 3322 1631 opusculum
3356 1575 3457 1630 pro
3487 1561 3721 1615 concilio
3758 1560 3991 1615 Chalce-

726 1643 955 1698 donensi
985 1646 1050 1697 ad
1080 1644 1351 1700 Armenia:
1387 1648 1691 1717 principem
1723 1667 1738 1716 ;
1782 1652 1945 1719 idque
1981 1652 2035 1704 in
2066 1653 2386 1721 praedictum
2416 1649 2639 1705 Greciw
2676 1651 2814 1703 orth.
2850 1659 3062 1702 tomum
3091 1649 3346 1713 inseruit,
3401 1648 3780 1702 indubitanter
3836 1649 3990 1702 ailir-

727 1746 883 1785 mans
915 1733 1077 1787 unius
1108 1734 1467 1805 ejusdemque
1508 1737 1791 1807 Byzantini
1844 1737 2046 1794 Niceta:
2078 1740 2247 1794 fetum
2278 1754 2434 1805 esse;
2492 1738 2545 1792 id
2586 1739 2733 1807 quod
2794 1752 2896 1806 ego
2944 1736 3294 1791 verissimum
3342 1735 3526 1805 judico
3552 1776 3567 1799 ,
3608 1737 3734 1805 quia
3786 1746 3989 1805 pra-ter

725 1826 978 1873 rreteram
1010 1821 1132 1891 styli
1167 1823 1603 1887 similitudinem,
1643 1826 1890 1881 clausula
1942 1836 2092 1883 certe
2139 1828 2381 1897 praadicti
2414 1826 2661 1894 opusculi
2708 1826 2898 1879 eadem
2931 1825 3157 1879 omnino
3204 1831 3308 1888 est,
3345 1839 3465 1893 qua:
3512 1823 3566 1877 in
3624 1824 3856 1877 duarum
3913 1823 3986 1877 ad

723 1903 1042 1961 Michaelem
1077 1909 1207 1977 imp.
1231 1910 1585 1978 epistolarum
1628 1912 1960 1970 refutatione
1994 1916 2351 1985 conspicitur.
2389 1916 2462 1969 De
2489 1916 2591 1969 hoc
2607 1914 2826 1968 demum
2859 1913 3048 1967 Niceta
3072 1912 3302 1982 ejusque
3333 1912 3554 1982 scriptis
3594 1912 3817 1966 uberius
3840 1912 3989 1965 dixit

724 1994 955 2048 Allatius
995 1996 1046 2049 in
1081 1996 1280 2051 inedita
1320 2000 1497 2055 adhuc
1528 2001 1917 2059 dissertatione
1945 2020 2043 2059 sua
2068 2007 2135 2059 de
2168 2004 2353 2076 viginti
2388 2002 2613 2067 Nicetis,
2643 2002 2801 2071 cuius
2828 2016 2929 2072 ego
2953 2001 3279 2070 particulam
3308 2000 3377 2055 de
3419 2009 3613 2055 nostro
3661 2000 3982 2069 loquentem

722 2083 937 2151 vulgavi
972 2084 1023 2137 in
1052 2084 1201 2154 praef.
1240 2087 1306 2140 ad
1346 2098 1380 2140 t.
1416 2087 1482 2141 IX
1526 2088 1860 2159 Scriptorum
1894 2101 2122 2145 veterum
2143 2110 2164 2157 ;
2212 2106 2391 2161 neque
2424 2101 2607 2147 tamen
2641 2092 2782 2146 hanc
2809 2091 2987 2160 ipsam
3038 2088 3446 2145 dissertationis
3494 2090 3818 2160 particulam
3854 2089 3987 2144 dedi

722 2172 1011 2241 integram,
1044 2175 1170 2241 quia
1209 2175 1258 2229 id
1294 2185 1425 2230 tunc
1460 2188 1655 2245 printer
1680 2182 1988 2250 argumenti
2016 2181 2121 2234 mei
2144 2180 2484 2251 propositum
2519 2186 2662 2235 erat.
2695 2178 2772 2233 De
2802 2185 2985 2233 vetere
3014 2179 3197 2247 operis
3228 2176 3495 2234 Nicetiani
3545 2178 3737 2232 notitia
3792 2179 3986 2231 hacte-

722 2275 846 2313 nus.
880 2260 989 2315 Cur
1019 2274 1201 2317 autem
1234 2264 1591 2333 Byzantinum
1629 2267 1775 2321 hunc
1800 2266 2041 2323 Nicetam
2083 2269 2329 2324 nonnulli
2360 2266 2725 2337 bibliograplti
2752 2266 2805 2319 in
2833 2282 2908 2321 xu
2942 2266 3142 2320 saeculo
3164 2267 3452 2334 collocent,
3480 2266 3734 2336 equidem
3767 2267 3982 2331 nescio,

728 2362 906 2415 neque
932 2349 1052 2417 ejus
1076 2351 1149 2404 rei
1182 2350 1513 2407 documenta
1551 2354 1657 2407 ulla
1691 2354 1873 2409 aﬂ‘erri
1920 2356 2122 2420 video;
2180 2356 2284 2410 nisi
2314 2355 2453 2409 forte
2501 2362 2579 2409 tot
2631 2352 2945 2407 Nicetarum
2980 2354 3136 2421 copia
3190 2354 3677 2423 perturbationem,
3718 2363 3777 2408 ut
3810 2357 3887 2415 lit.
3926 2356 3985 2408 in

722 2437 963 2504 ipsorum
1001 2438 1283 2493 historiam
1322 2441 1551 2495 invexit.
1591 2443 1694 2495 Sed
1758 2444 1950 2511 utjam
2008 2444 2231 2512 propius
2286 2444 2354 2498 ad
2413 2459 2527 2498 rem
2588 2442 2865 2506 accedam,
2932 2458 3033 2511 ego
3087 2442 3307 2511 quidem
3370 2457 3687 2510 quanquam
3736 2441 3984 2495 nondum

721 2523 1067 2590 inspexeram
1103 2525 1398 2597 Sylhurgii.
1438 2529 1720 2583 Possevini
1755 2541 1810 2584 et
1844 2531 2022 2585 Allatii
2055 2531 2392 2595 testimonia,
2437 2530 2799 2585 nihilominus
2822 2531 2874 2583 iu
2916 2529 3052 2583 meis
3084 2538 3210 2583 ante
3235 2530 3545 2598 complures
3577 2545 3749 2583 annos
3780 2529 3987 2583 biblin-

722 2610 892 2665 theca:
926 2610 1198 2668 Vaticana:
1239 2618 1323 2669 cui
1355 2632 1618 2686 prmeram
1655 2618 2195 2687 perlustrationibus,
2227 2620 2372 2673 hunc
2402 2619 2648 2674 codicem
2674 2618 3095 2672 observaveratn
3129 2617 3233 2671 sub
3266 2632 3499 2670 numero
3527 2616 3655 2679 681,
3688 2618 3986 2685 pulchrum

734 2713 889 2763 sane,
925 2702 1233 2769 antiquum,
1266 2705 1704 2770 membraneum,
1748 2706 2182 2775 integerritnum.
2217 2707 2467 2762 Attamen
2494 2706 2614 2759 aliis
2648 2705 2981 2759 editionibus
3013 2714 3335 2774 occupatus,
3368 2704 3611 2759 Nicetam
3653 2706 3776 2773 plus
3806 2706 3985 2759 nimio

724 2788 915 2841 distuli
966 2808 980 2842 :
1032 2791 1125 2844 sed
1174 2808 1320 2847 nunc
1369 2794 1587 2848 demunt
1622 2797 1685 2848 de
1716 2797 1945 2858 codicis,
1982 2805 2041 2850 ut
2078 2811 2223 2861 reor,
2272 2796 2417 2850 unici
2478 2793 2700 2847 incertis
2738 2791 2865 2846 fatis
2899 2794 3170 2860 cogitans,
3237 2792 3331 2862 qui
3389 2809 3520 2849 casu
3569 2792 3751 2861 aliquo
3792 2794 3981 2862 perire

722 2874 1018 2942 aliquando
1078 2888 1299 2945 posset;
1367 2889 1479 2934 tum
1546 2882 1711 2935 etiam
1765 2882 1842 2936 rei
1889 2883 2008 2937 sine
2065 2883 2231 2937 dubio
2287 2882 2443 2937 bonze
2500 2880 2789 2935 dulcedine
2836 2887 2891 2934 et
2934 2880 3169 2933 utilitate
3228 2880 3487 2944 illectus,
3541 2881 3975 2936 exscribendum

721 2979 886 3016 manu
921 2967 1164 3035 propria,
1203 2965 1456 3022 Latinum
1487 2984 1709 3039 quoque
1740 2969 1929 3024 labore
1947 2986 2067 3026 meo
2097 2980 2153 3025 ut
2180 2979 2375 3026 caetera
2404 2970 2587 3023 omnia
2614 2966 2949 3034 faciendum,
2986 2974 3040 3022 et
3070 2966 3212 3037 typis
3242 2982 3395 3021 more
3433 2968 3582 3022 omni
3610 2968 3839 3038 abrupta
3869 2977 3988 3021 tra-

721 3051 961 3108 dendum
1001 3054 1265 3123 judicavi.

797 3169 955 3223 Nunc
980 3170 1046 3223 de
1076 3170 1195 3239 ipso
1222 3186 1387 3241 opere
1429 3172 1669 3228 breviter
1721 3173 2058 3243 praefandum
2107 3184 2213 3229 est.
2263 3171 2572 3227 Ludoxicus
2618 3168 2943 3234 Maraccius,
2998 3168 3091 3239 qui
3119 3168 3428 3239 philarabes
3470 3177 3701 3226 cunctos
3757 3168 3988 3225 refutati

723 3257 977 3312 Alcorani
1013 3258 1174 3314 laude
1208 3261 1511 3329 superavit,
1543 3262 1794 3330 queritur
1830 3262 1883 3315 in
1920 3262 2237 3331 przefatione
2267 3263 2333 3315 ad
2372 3259 2728 3328 prodromum
2761 3258 2828 3312 de
2859 3257 3077 3312 illorum
3118 3258 3319 3328 exiguo
3347 3272 3599 3324 numero,
3652 3258 3842 3313 saltent
3888 3274 3986 3312 ve-

725 3356 928 3409 terum,
956 3347 1049 3415 qui
1090 3356 1281 3402 contra
1317 3346 1695 3402 Mohamedem
1751 3348 1983 3417 ejusque
2034 3349 2231 3401 librum
2266 3349 2537 3401 calamum
2570 3347 2935 3410 strinxerunt,
2967 3355 3021 3400 et
3074 3361 3248 3416 pauca
3279 3356 3429 3401 certe
3484 3346 3706 3401 nomina
3764 3347 3987 3413 recitat,

722 3430 881 3488 Joan.
918 3450 1114 3504 nempe
1150 3437 1568 3500 Damascenum,
1597 3435 1755 3490 Joan.
1787 3436 2259 3499 Cantacuzeuum,
2313 3435 2533 3489 Petrum
2561 3434 3001 3497 Cluniacensem,
3038 3443 3092 3488 et
3131 3432 3416 3489 Chaldaeos
3444 3434 3603 3489 duos.
3631 3434 3794 3504 Atqui
3836 3435 3985 3488 dila-

726 3531 839 3574 tare
871 3538 1161 3575 numerum
1191 3538 1486 3591 parumper
1510 3531 1741 3591 poteral,
1774 3521 1943 3576 citato
1968 3520 2265 3591 Euthymio
2290 3522 2577 3593 Zygaheno
2610 3536 2731 3574 cum
2771 3522 2898 3575 aliis
2923 3521 3184 3577 brevibus
3218 3522 3485 3590 ejusmodi
3517 3522 3755 3591 scriptis.
3784 3521 3984 3577 edente

726 3608 1051 3678 Syllturgio;
1087 3609 1377 3663 Theodoro
1401 3611 1671 3669 Abucara.
1707 3610 1899 3663 edente
1925 3609 2205 3671 Gretsero,
2240 3626 2551 3680 quanquam
2587 3610 2675 3665 hic
2706 3626 2816 3679 pra:
2848 3609 3138 3681 Zygabeno
3166 3611 3321 3665 valde
3347 3611 3527 3666 tenuis
3556 3620 3658 3665 est.
3695 3611 3798 3665 Sed
3824 3612 3977 3665 enim

725 3696 777 3747 in
816 3694 1080 3751 Romanis
1108 3696 1199 3750 Gr.
1236 3698 1520 3752 codicibus
1553 3706 1710 3752 erant
1737 3712 1750 3750 :
1784 3698 1834 3751 1.
1862 3696 2117 3767 Ejusdem
2148 3696 2420 3768 Zygabeni
2443 3698 2692 3769 dialogus
2719 3698 2984 3753 adversus
3018 3698 3419 3764 Moliamedem,
3449 3714 3611 3768 quem
3641 3714 3744 3754 nos
3772 3700 3972 3767 vulga-

726 3784 925 3837 ltimus.
962 3783 1015 3839 2.
1059 3782 1261 3839 Nicette
1288 3784 1571 3838 Choniataa
1612 3785 1912 3853 capitulum
1943 3786 1993 3838 in
2031 3783 2315 3853 Punoplia,
2363 3786 2506 3853 quod
2543 3800 2642 3839 nos
2673 3785 2725 3838 in
2772 3785 3082 3839 Romanum
3125 3787 3237 3855 jam
3276 3784 3632 3856 Spicilegium
3666 3785 3980 3841 intulimus.

727 3870 830 3924 Sed
857 3872 1001 3940 quod
1033 3887 1252 3926 omnem
1287 3874 1500 3941 c0piam
1535 3881 1778 3941 superat,
1812 3881 1971 3927 erant
2000 3872 2222 3927 Arabici
2277 3872 2495 3928 codices
2545 3871 2815 3935 Vaticani,
2848 3889 3083 3943 quorum
3116 3875 3421 3946 catalogum
3450 3890 3478 3929 a
3511 3875 3671 3930 nobis
3702 3890 3767 3928 ex
3812 3875 3988 3929 Asse-

726 3960 869 4012 mani
899 3959 1118 4013 schedis
1138 3961 1341 4013 editum
1368 3960 1458 4027 qui
1498 3959 1713 4030 legerit,
1753 3976 2107 4015 numerosam
2136 3960 2405 4015 adversus
2438 3962 2768 4015 Alcoranum
2799 3959 3242 4015 Christianorum
3278 3961 3608 4030 scriptorum
3645 3961 3979 4014 instructam

725 4046 897 4099 aciem
922 4047 1219 4113 couspiciet
1246 4064 1260 4110 ;
1306 4047 1560 4101 videlicet
1592 4048 1643 4101 in
1678 4047 1965 4102 codicibus
2007 4048 2257 4103 Arabicis
2290 4049 2381 4114 99,

2328 4050 2381 4114 9,
2421 4049 2543 4113 112,
2584 4050 2709 4115 115,
2748 4050 2872 4112 Hd,
2919 4048 3041 4115 118,
3073 4048 3352 4111 “9,127,
3392 4049 3984 4113 1Ξ8,155,141,145,

727 4134 850 4196 180,
876 4134 999 4196 504,
1034 4135 1159 4196 545,
1192 4134 1316 4199 550,
1337 4135 1467 4196 645,
1490 4144 1547 4190 et
1580 4134 1815 4191 fortasse
1842 4136 1984 4190 aliis.
2017 4135 2219 4205 Utique
2247 4152 2383 4205 magi

2323 4152 2481 4205 tgnus
2517 4135 2822 4192 Maraceius
2853 4137 2907 4190 in
2938 4136 3196 4205 praedicta
3223 4136 3543 4207 praefatione
3570 4151 3623 4207 p.
3651 4136 3683 4189 7
3712 4135 3979 4206 globatim

725 4230 995 4275 memorat
1026 4221 1288 4276 Arabicos
1321 4222 1538 4277 codices
1568 4224 1912 4277 diversarum
1940 4221 2202 4278 Romana:
2224 4225 2376 4280 urbis
2414 4225 2889 4290 bibliothecarum,
2917 4225 3011 4295 qui
3050 4225 3101 4280 ei
3153 4224 3469 4295 adjumento
3516 4226 3755 4285 fuerunt.
3826 4236 3886 4278 ut
3926 4225 3985 4278 in

726 4310 950 4363 scholiis
981 4320 1033 4364 et
1073 4312 1125 4364 in
1157 4312 1439 4380 polemicis
1472 4312 1943 4381 disputationibus
1976 4320 2166 4382 postea
2217 4313 2641 4378 demonstravit,
2694 4315 2787 4368 ubi
2836 4314 3014 4369 lautas
3046 4313 3291 4368 Arabum
3332 4312 3401 4368 de
3446 4313 3548 4369 hac
3603 4312 3987 4369 controversia

728 4389 1052 4465 scriptorum
1076 4414 1208 4468 opes
1243 4400 1533 4469 exposuit;
1574 4402 1778 4455 rectius
1810 4410 1991 4455 tamen
2024 4400 2264 4467 fecisset,
2291 4403 2376 4457 vel
2402 4413 2552 4458 certe
2580 4404 2863 4458 hodiernae
2894 4401 3157 4457 methodo
3186 4401 3678 4467 accommodatius,
3706 4400 3751 4456 si
3783 4401 3983 4470 singu-

726 4485 901 4538 lorum
932 4487 1129 4554 quibus
1158 4504 1292 4542 usus
1322 4499 1405 4543 est
1438 4489 1691 4543 codicum
1728 4489 2051 4543 nominatim
2083 4490 2392 4561 eatalogum
2427 4491 2509 4544 vel
2559 4491 2808 4545 notitiam
2844 4490 3275 4559 perscripsisset.

794 4572 910 4628 Jatn
952 4590 1077 4630 vero
1104 4575 1315 4631 fructus
1342 4576 1506 4645 hujus
1538 4587 1736 4632 nostra:
1762 4576 1964 4633 Niceta:
1997 4572 2255 4635 editidnis
2291 4580 2593 4649 multiplex,
2620 4589 2678 4634 ut
2698 4594 2878 4649 spero,
2904 4578 3129 4633 futurus
3164 4587 3269 4634 est.
3303 4577 3355 4631 1.
3383 4575 3712 4632 Christiana!
3757 4574 3984 4643 religio-

726 4662 813 4717 nis
847 4679 982 4717 nova
1020 4663 1288 4730 defensio,
1307 4675 1358 4720 et
1394 4664 1804 4721 Mohamedanzc
1837 4668 2248 4737 superstitionis
2304 4667 2621 4738 fraudisque
2676 4668 2961 4723 accusatio
2988 4675 3153 4737 atque
3203 4664 3514 4721 subversio.
3546 4663 3601 4718 2.
3669 4663 3987 4734 Theol0giac

726 4752 869 4818 apud
892 4750 1110 4806 Grrecos
1142 4753 1483 4807 scholastica:
1506 4769 1601 4808 seu
1639 4754 1989 4822 spceulativze
2023 4756 2314 4826 imaginem
2346 4757 2639 4827 genuinam
2672 4756 2762 4811 hic
2796 4755 3125 4825 aspicimus,
3162 4763 3218 4809 et
3241 4769 3350 4823 qua
3380 4753 3663 4818 methodo,
3699 4768 3811 4823 quo
3844 4768 3984 4806 acu-

728 4841 893 4902 tniuc,
932 4840 1132 4909 quibus
1168 4842 1468 4897 dialectica:
1490 4852 1544 4897 et
1578 4842 1955 4897 communium
1987 4845 2291 4909 notiouum,
2321 4845 2437 4900 sive
2468 4860 2688 4907 sensus,
2725 4844 2960 4907 viribus,
2993 4841 3284 4897 Trinitatis
3316 4841 3622 4913 praesertim
3658 4838 3983 4909 perdifficile

727 4930 1230 4999 perobscurumque
1260 4932 1577 5000 mysterium
1612 4932 1755 5000 apud
1811 4932 2063 4988 ethnicos
2111 4932 2650 5003 Mohamedanosque
2704 4931 3002 4989 Christiani
3050 4930 3419 5000 approbarent
3453 4929 3547 4983 :in
3581 4944 3689 4997 qua
3731 4926 3986 4998 profecto

725 5014 1117 5082 disputationis
1145 5024 1300 5082 parte
1327 5014 1545 5069 Nicetas
1568 5024 1753 5068 noster
1786 5015 2055 5071 mirabilis
2084 5028 2199 5081 est;
2235 5017 2519 5090 Grzecique
2553 5020 2755 5089 ingenii
2791 5028 2844 5073 et
2865 5019 3038 5074 docta:
3070 5016 3370 5087 solidaeque
3403 5015 3723 5071 subtilitatis
3759 5015 3983 5083 insigne

727 5103 1034 5171 exemplum
1067 5103 1397 5172 suppeditat.
1426 5106 1476 5158 5.
1516 5105 1573 5158 In
1606 5106 1947 5175 singulorum
1976 5108 2203 5162 satanici
2236 5107 2360 5161 libri
2391 5108 2632 5178 capitum
2665 5105 3165 5171 eonfulationibus,
3194 5105 3457 5159 recitatur
3482 5102 3669 5157 Graece
3703 5100 3987 5154 Mobame-

725 5190 810 5243 dis
843 5200 1043 5253 textus,
1074 5193 1155 5246 vel
1190 5193 1309 5261 ipso
1338 5193 1521 5247 Niceta
1555 5192 1871 5261 interprete,
1911 5195 1991 5247 vel
2024 5212 2088 5248 ex
2126 5195 2370 5263 cujusvis
2398 5195 2571 5250 Graeci
2614 5195 2854 5249 hominis
2892 5194 3272 5254 translatione,
3308 5206 3475 5260 quam
3526 5205 3673 5243 nunc
3703 5204 3882 5257 neque
3923 5190 3983 5243 in

730 5276 883 5331 libris
916 5278 1100 5344 editis,
1132 5294 1305 5348 neque
1338 5279 1390 5333 in
1433 5280 1567 5348 ipsis
1599 5289 1657 5334 ut
1684 5280 1921 5335 arbitror
1951 5284 2344 5352 mauuscriptis
2378 5284 2662 5339 codicibus
2695 5284 2880 5336 videre
2907 5291 3010 5337 est.
3048 5281 3211 5335 Certe
3232 5279 3453 5334 Gmcos
3483 5278 3816 5332 Alcoranum
3851 5292 3966 5330 non

729 5365 898 5419 Semel
933 5368 1329 5432 tantummodo,
1372 5370 1465 5422 sed
1501 5368 1731 5423 fortasse
1760 5370 1985 5438 plurics,
2014 5372 2081 5425 ad
2119 5373 2365 5442 linguam
2399 5388 2555 5427 suam
2586 5371 2954 5435 transtulisse,
2982 5368 3221 5424 dubitari
3252 5367 3480 5437 nequit;
3519 5380 3644 5420 eum
3677 5365 3984 5417 immanem

728 5464 933 5507 st-etam
964 5456 1015 5508 in
1046 5466 1359 5525 prospectu,
1402 5457 1513 5511 imo
1545 5468 1598 5512 et
1627 5460 1678 5511 in
1710 5458 1921 5527 imperii
1952 5460 2252 5515 visceribus
2283 5471 2556 5529 receptam
2589 5461 2877 5523 haberent,
2915 5469 3121 5514 etcum
3157 5456 3279 5527 ejus
3314 5455 3636 5509 doctoribus
3663 5452 3987 5507 necessario

726 5543 1160 5609 contenderent;
1201 5546 1250 5599 id
1283 5546 1425 5614 quod
1460 5545 1644 5599 Graeca
1681 5556 2035 5602 monumenta
2072 5549 2429 5618 superstitum
2462 5549 2902 5618 disputationum
2950 5556 3240 5601 testantur.
3294 5544 3451 5599 Nunc
3493 5543 3675 5613 itaque
3720 5539 3988 5594 fesuvum

726 5640 809 5683 cst
845 5631 1051 5695 videre,
1076 5642 1416 5702 quantoltere
1455 5633 1724 5687 interdum
1758 5634 1983 5690 Grarcus
2013 5637 2265 5692 Alcorani
2300 5645 2480 5692 textus
2500 5637 2642 5705 apud
2681 5635 2924 5692 Nicetam
2965 5637 3034 5689 ab
3076 5634 3330 5695 Arabico,
3355 5648 3516 5703 quem
3540 5632 3701 5701 vulgo
3719 5630 3983 5702 legimus,

726 5719 945 5773 diﬂ'erat
978 5738 991 5773 :
1027 5736 1191 5790 quam
1224 5737 1359 5788 rem,
1400 5722 1597 5790 partim
1625 5738 1687 5776 cx
1728 5724 2041 5795 interpretis
2077 5725 2254 5780 Graeci
2287 5726 2579 5795 imperitia,
2613 5724 2812 5795 partim
2843 5724 2913 5778 ob
2948 5724 3225 5795 polysetna
3279 5723 3525 5775 Arabicae
3573 5720 3773 5788 lingua:
3806 5731 3981 5771 voca-

730 5813 876 5879 bula,
910 5811 1108 5882 partim
1140 5810 1375 5883 denique
1407 5821 1629 5883 propter
1684 5812 1855 5884 ipsius
1910 5814 2172 5871 Alcoraui
2228 5815 2535 5871 editionum
2606 5814 2952 5877 varietatem,
3012 5812 3310 5882 contigisse
3344 5808 3672 5866 credendum
3702 5814 3809 5862 est.
3841 5803 3986 5859 Natu
