4194 6432
175 456 282 521 (£9
1318 442 1751 509 REFUTATIO
1792 442 2264 505 MOHAMEDIS.
3325 441 3435 504 670

175 579 386 639 septem
422 567 645 623 criticas
677 566 1037 637 diversasque
1069 565 1331 622 Alcorani
1356 567 1579 622 Arabici
1607 565 1875 620 editiones
1911 564 2160 619 nominat
2207 563 2575 630 llerbelotius,
2634 565 2982 621 Medinenses
3013 563 3171 629 duas,
3210 572 3437 632 praeter-

174 674 353 728 eaque
381 658 718 721 Meccanam,
752 656 1071 719 Culensem,
1100 654 1517 718 Bassorensem.
1557 654 1903 726 Syriaticam,
1941 663 1995 707 et
2017 652 2206 723 κοινὴν
2240 655 2354 708 sive
2380 654 2652 725 vulgatam
2688 668 2701 705 :
2729 669 2962 723 quarum
2996 654 3236 708 varietas
3266 650 3439 705 Cora-

175 739 318 803 niéis
344 747 584 801 Arabum
604 745 993 814 interpretibus
1023 745 1356 800 uberrimam
1389 743 1691 800 disserendi
1711 742 1920 811 copiam
1949 744 2166 799 obtulit.
2199 744 2366 799 Porro
2392 749 2538 817 quod
2572 748 2718 802 nulla
2752 747 2893 815 apud
2923 746 3146 802 Graecos
3178 743 3443 798 Alcoraui

177 834 472 890 translatio
508 847 799 903 superesse
837 847 985 886 nunc
1016 834 1282 897 videatur,
1306 831 1435 887 odio
1468 833 1544 886 rei
1565 831 1773 887 scilicet
1810 830 2013 886 factum
2048 832 2231 887 credo.
2271 833 2407 889 Ecce
2448 838 2594 890 enim
2626 852 2693 891 ne
2724 834 2905 889 Latini
2938 834 3157 903 quidem
3216 833 3446 887 Alcora-

181 936 314 975 num
352 920 663 975 habuerunt
692 934 867 989 usque
897 920 964 975 ad
991 917 1212 975 Petrum
1245 919 1691 985 Cluniacensem,
1720 921 1812 989 qui
1845 920 2000 975 illum
2027 920 2079 975 in
2117 920 2377 992 Hispania
2422 939 2517 993 per
2556 923 2854 979 liobertum
2898 923 3283 985 Retencnsem,
3320 918 3443 973 rudl

178 1011 305 1066 licet
332 1026 521 1081 opere,
556 1024 621 1063 ex
652 1008 887 1064 Arabico
925 1009 1390 1080 interpretandum
1427 1009 1663 1071 curavit,
1703 1019 1867 1081 atque
1899 1010 1965 1064 ad
1994 1011 2179 1066 divum
2238 1012 2714 1068 Clarzevallensem
2766 1011 3107 1067 Bernardum
3169 996 3339 1070 misit,
3390 1016 3444 1061 et

180 1100 509 1155 Theodorus
537 1096 854 1154 Bibliander
885 1113 1030 1153 anno
1064 1098 1204 1154 1550
1238 1098 1381 1171 apud
1408 1097 1682 1155 Helvetios
1737 1098 1889 1169 prelo
1914 1100 2376 1156 commisit.°Ante
2407 1102 2547 1155 lianc
2575 1110 2756 1155 tamen
2782 1101 3072 1155 editionem
3107 1098 3439 1151 Alcorauum

182 1187 305 1240 itali
346 1186 527 1257 lingua
553 1187 775 1256 propria
807 1201 873 1240 ex
905 1183 1099 1241 Latino
1127 1186 1456 1241 Reteuensis
1506 1195 1653 1241 textu
1709 1185 2071 1256 vulgaverant
2120 1204 2263 1243 anno
2318 1190 2479 1255 1547,
2517 1189 2725 1245 editore
2781 1188 2998 1242 Andrea
3063 1184 3445 1249 Arrivalienio,

181 1275 527 1345 typographo
557 1274 805 1331 Veneto:
842 1290 1005 1344 quem
1033 1274 1270 1329 nitidum
1298 1274 1651 1344 priscumque
1682 1274 1910 1338 librum,
1942 1290 2042 1330 nec
2077 1274 2237 1330 facile
2267 1277 2510 1342 obvium,
2544 1277 2721 1341 multi,
2741 1290 2878 1347 quos
2902 1276 3041 1329 inter
3074 1276 3190 1345 ipse
3225 1274 3439 1327 Marac-

181 1366 325 1428 cius,
362 1364 638 1435 ignorant.
675 1362 859 1433 Longe
890 1364 1228 1418 recentiores
1254 1372 1383 1417 sunt
1406 1361 1588 1435 Ryerii
1619 1371 1671 1417 et
1707 1360 1919 1417 Savarii
1953 1378 2209 1419 sermone
2241 1363 2451 1418 Gallico
2472 1366 2761 1431 editiones,
2806 1364 3049 1433 itemque
3092 1362 3213 1417 dua:
3254 1362 3439 1428 lingua

182 1452 537 1513 Germanica,
572 1466 715 1518 quas
744 1450 907 1506 Bern.
941 1449 1190 1514 Rubeus,
1222 1451 1482 1525 magister
1507 1452 1637 1505 olim
1673 1465 1850 1516 meus,
1883 1449 1936 1504 in
1966 1448 2166 1504 Lexico
2186 1457 2335 1502 auct.
2366 1448 2532 1502 Arab.
2559 1458 2844 1502 memorat.
2880 1447 2985 1502 Sed
3015 1447 3191 1502 nostri
3224 1444 3447 1499 demum

185 1539 445 1594 Maraccii
484 1555 630 1594 anno
662 1540 799 1594 1698
824 1538 1202 1608 interpretatio
1236 1539 1441 1609 optima
1473 1540 1648 1594 lucem
1675 1539 1906 1609 aspexit,
1937 1538 2026 1593 cui
2053 1535 2367 1607 pbilarabes
2389 1536 2574 1590 cuncti
2608 1535 2785 1591 fasces
2827 1537 3221 1590 submiserunt.
3260 1533 3451 1600 Quan-

183 1642 355 1696 quam
388 1643 517 1683 vero
552 1628 669 1683 haec
705 1627 889 1696 operis
923 1624 1124 1681 Nicette
1147 1628 1316 1682 editio
1344 1629 1547 1682 multas
1578 1629 1857 1697 postulare
1890 1625 2179 1680 videbatur
2229 1632 2343 1677 tum
2377 1623 2601 1678 criticas
2634 1632 2750 1677 tum
2812 1622 3104 1678 historicas
3138 1621 3450 1677 adnmatio-

184 1733 307 1780 nes,
342 1725 397 1771 et
425 1715 759 1785 quandoque
780 1714 946 1770 ctiam
969 1715 1409 1786 grammaticales
1436 1713 1490 1768 in
1517 1715 1916 1770 dissidentibus
1945 1712 2013 1766 ab
2048 1710 2279 1765 Arabico
2302 1710 2597 1778 sensibus;
2629 1725 2731 1781 ego
2758 1711 2982 1780 quidem
3012 1711 3079 1765 ad
3113 1709 3218 1765 alia
3251 1724 3452 1780 prepe-

184 1822 320 1862 rans
347 1818 616 1875 suspenso
643 1806 1039 1874 prapemodum
1071 1815 1167 1860 aut
1194 1813 1343 1860 certe
1370 1804 1471 1858 levi
1499 1804 1633 1875 pede
1656 1803 1839 1858 omnia
1861 1800 2200 1867 transiliam;
2227 1800 2331 1855 nisi
2364 1799 2507 1855 forte
2546 1815 2644 1870 per
2661 1801 2836 1856 otium
2857 1810 3049 1871 postea
3072 1800 3224 1857 locus
3250 1798 3452 1869 aliquis

184 1895 349 1964 paulo
369 1894 687 1949 accuratius
716 1892 1076 1964 exponendus
1101 1891 1395 1947 videbitur.

201 2067 3451 2097 *ΝΜ

565 2261 1173 2378 ΝΙΚΗΤΑ
1248 2253 2101 2372 ΒΥΖΑΝΤΙΟΥ
2173 2254 2221 2366 ί]

1422 2253 2101 2371 ’ΖΑΝΤΙΟΥ
2173 2244 3078 2369 ΦΙΛΟΣΟΦΟΥ

1555 2494 1931 2550 ΑΝΔΤΡΟΠΗ
1955 2491 2092 2546 ΤΗΣ

194 2661 491 2756 ΠΑΡΑ
562 2669 790 2756 ΤΟΥ
843 2668 1253 2756 ΑΡΑΒΟΣ
1290 2666 1767 2759 ΜΩΑΜΕΤ
1806 2666 3033 2759 ΠΛΑΣΤΟΓΡΑΦΗΘΕΙΣΗΣ
3061 2662 3460 2754 ΒΙΒΛΟΥ

974 3020 1371 3138 NICBTE
1459 3021 2020 3141 BYZANTINI
2111 3021 2721 3142 PHILOSOPHI

1624 3260 2070 3319 CONFUTATIO

273 3440 609 3531 FALSI
680 3442 1002 3532 LIBRI
1084 3442 1420 3548 QUEM
1495 3440 2029 3534 SCRIPSIT
2112 3424 2927 3536 MOHAMEDES‘
2999 3440 3402 3530 ABABS.

772 3789 1221 3845 ΠΡΟΓΡΑΜΜΑ.
1819 3792 1872 3853 Α
2454 3789 2918 3847 ΡΒΟΟΒΔΜΜΑ.

277 3893 349 3939 α’.
386 3884 661 3953 Μεγάλων
684 3883 917 3938 καὶτῶν
952 3884 1094 3954 ὑπὲρ
1137 3885 1286 3955 ἡμᾶς
1316 3884 1482 3951 ἀξίων
1516 3884 1790 3954 ὑπαρχόν-

1973 3884 2024 3939 1.
2063 3883 2202 3938 Cum
2241 3892 2428 3939 tantus
2478 3900 2755 3955 supraque
2781 3895 3022 3939 nostram
3057 3885 3478 3942 aestimationem

208 3996 319 4031 των
349 3978 571 4032 πάντων
604 3976 957 4049 πῘρεσσεί]ων
990 3978 1066 4047 (1)
1107 3976 1186 4048 τῷ
1221 3976 1619 4047 Θεοφιλεστάτῳ
1640 3977 1793 4044 βασι-

1899 3976 1971 4031 sit
1997 3975 2318 4031 meritorum
2338 3992 2402 4031 cu
2414 3978 2597 4031 mulus
2623 3977 2965 4050 dilectissimi
2985 3976 3093 4032 Deo
3110 3979 3479 4049 imperatoris,

210 4071 311 4137 λεί,
340 4071 521 4138 λόγοις
573 4068 855 4139 γεραίρειν
900 4068 1063 4135 αὐτὰ,
1103 4067 1191 4122 διὰ
1220 4068 1279 4121 τὸ
1306 4068 1554 4139 μέγεθος,
1581 4069 1676 4120 καὶ
1705 4068 1797 4136 μὲ-

1901 4068 2084 4123 verbis
2135 4068 2360 4139 quidem
2420 4068 2641 4123 illorum
2705 4069 3097 4125 sublimitatem
3132 4087 3354 4138 ornare,
3386 4084 3482 4128 aut

209 4181 330 4233 τρῳ
392 4161 770 4233 περιορίζειν,
824 4160 912 4214 διὰ
970 4161 1032 4213 τδ
1098 4161 1343 4231 ἄπειρον,
1405 4160 1504 4231 οὐχ
1564 4155 1666 4214 οἶοί
1733 4179 1795 4214 τε

1903 4176 2161 4216 mensura
2201 4160 2386 4230 aliqua
2416 4162 2734 4215 corumdem
2766 4161 3089 4216 inﬁnitatem
3123 4165 3483 4231 comprehen-

211 4253 457 4325 ἑπόμεθα
482 4252 544 4305 τὸ
562 4252 825 4322 παράπαν
845 4267 859 4281 ·
888 4250 1004 4304 ἀλλ’
1030 4252 1064 4322 ἡ
1095 4250 1190 4304 τοῦ
1258 4250 1565 4320 θαυμάζειν
1621 4268 1798 4322 παρα-

1902 4248 2054 4313 dere,
2114 4263 2342 4318 prorsus
2396 4265 2502 4303 non
2550 4250 2877 4307 valebimus.
2932 4249 3036 4305 Sed
3068 4251 3213 4306 enim
3273 4253 3363 4308 ille
3389 4253 3483 4324 qui

214 4344 561 4408 σκευάζονσα
594 4345 775 4397 πᾶσαν
796 4342 1039 4396 διάνοιαν
1071 4341 1352 4407 ἔκπληξις,
1386 4342 1628 4405 καὶτοὺς
1656 4341 1796 4413 ὑψη-

1906 4354 2126 4393 omnem
2165 4348 2401 4393 mentem
2436 4340 2500 4393 ad
2535 4340 2922 4395 admirandum
2974 4343 3118 4413 rapit
3172 4355 3390 4415 stupor,
3431 4353 3486 4399 et

213 4434 342 4497 iob;
370 4433 463 4487 τὸν
491 4432 619 4488 νοῦν
651 4434 944 4504 κηρύττειν
976 4434 1069 4486 καὶ
1094 4432 1431 4502 διαγγέλλειν
1478 4433 1665 4503 σαφῶς
1715 4434 1801 4499 ea.

1907 4430 1975 4485 ad
2039 4430 2419 4500 praedicandos
2471 4432 2675 4487 excelsi
2741 4432 2909 4486 animi
2976 4434 3123 4490 viros
3197 4436 3490 4506 palamque

216 4528 500 4598 εἰργουσα,
558 4524 714 4578 τοῦτο
746 4525 807 4578 τὸ
839 4524 1012 4595 ἔργονῖ
1042 4523 1178 4597 [βοά.
1234 4523 1441 4579 τούτων
1498 4526 1559 4579 τὸ
1616 4524 1797 4599 ἔργον]

1910 4524 2376 4581 commendandos
2434 4525 2687 4596 impellit,
2741 4525 2787 4581 is
2837 4539 2926 4579 me
2973 4542 3194 4598 quoque
3224 4529 3374 4583 humi
3405 4545 3489 4583 re-

217 4619 362 4687 ἡμᾶς
390 4618 519 4679 τοὺς
547 4614 917 4688 χαμαιζήλους
961 4618 1138 4669 ποιεῖν
1185 4616 1603 4687 κατηνάγκασεν
1634 4634 1649 4650 ·
1701 4620 1803 4673 οὐκ

1909 4624 2122 4687 pentem
2158 4617 2444 4673 mortalem
2476 4618 2540 4673 ad
2575 4618 2675 4673 hoc
2699 4620 3025 4688 opusculum
3049 4622 3487 4690 componendum

218 4712 312 4762 ἐπὶ
342 4711 563 4774 πᾴντων
590 4710 647 4764 δὲ
675 4713 695 4780 (
727 4709 885 4764 τοῦτο
910 4710 1020 4781 γὰρ
1049 4705 1116 4781 ἦν
1141 4710 1424 4776 παντελῶς
1449 4713 1543 4766 καὶ
1585 4712 1804 4782 ἀμήχα-

1910 4710 2111 4781 adegit.
2139 4707 2327 4780 Neque
2356 4720 2536 4765 tamen
2570 4710 2637 4765 de
2667 4712 2835 4779 gestis
2868 4712 3128 4767 omnibus
3152 4712 3356 4780 dicam,
3388 4714 3488 4767 hoc

218 4804 357 4873 νον),
388 4802 508 4857 ἀλλ’
537 4803 622 4872 ἐφ’
650 4802 768 4865 ὲνδς
797 4801 963 4855 αὐτοῦ
994 4805 1415 4874 προτερήματος
1440 4818 1456 4835 ⁸
1498 4803 1607 4857 οὐδ’
1656 4804 1805 4868 ὅπως

1910 4802 2053 4858 enim
2088 4803 2398 4858 nullatenus
2422 4803 2535 4859 ﬁeri
2562 4814 2757 4875 potest,
2787 4806 2881 4861 sed
2908 4806 2974 4861 de
3008 4822 3118 4861 uno
3144 4806 3316 4876 ipsius
3342 4806 3490 4877 priu—

220 4895 285 4948 δι’
345 4894 639 4963 ἐγκωμίων
692 4893 854 4947 αὑτὸν
916 4895 1395 4966 καταστέψωμεν·
1446 4894 1549 4948 ποῦ
1577 4897 1684 4966 γάρ
1716 4913 1806 4965 μοι

1913 4896 2075 4966 cipali
2104 4897 2386 4964 facinore;
2423 4913 2596 4968 neque
2630 4898 2885 4955 laudibus
2915 4899 3300 4970 imperatorem
3327 4913 3489 4952 coro-

222 4985 461 5056 τοσαύτη
495 4985 740 5056 χρυσέων
773 4985 921 5040 ἐπῶν
955 4988 1265 5058 περιουσία,
1297 4987 1373 5051 ὡς
1404 4988 1469 5042 ἂν
1495 5004 1807 5058 χρυσογρα-

1913 4991 2087 5055 nabo;
2122 5006 2359 5060 namque
2386 4991 2658 5046 undenam
2702 4993 2834 5046 mihi
2868 5007 3164 5047 aureorum
3195 4991 3489 5045 verborum

226 5081 465 5148 φήσαιμι
494 5078 591 5149 (2),
620 5081 719 5143 τὰς
750 5078 906 5151 δίκην
953 5080 1289 5143 πλυανῦοῦς
1335 5081 1602 5152 λειμῶνος
1647 5081 1806 5147 ἐξειν-

1915 5082 2091 5151 copia,
2128 5092 2187 5135 ut
2219 5083 2566 5150 splendorem
2605 5098 2669 5137 ac
2695 5084 3019 5139 suavitatem
3061 5084 3322 5137 virtutum
3352 5081 3490 5149 ejus,

229 5171 428 5234 Θούσας
469 5170 578 5225 τῶν
627 5170 840 5242 ἀρετῶν
901 5171 1069 5226 αὑτοῦ
1130 5172 1524 5244 λαμπρότητας
1565 5173 1659 5226 καὶ
1693 5190 1811 5245 τερ·
1840 5158 1885 5216 Β

1840 5158 1887 5216 Β
1917 5192 2038 5245 qum
2086 5176 2224 5244 prati
2266 5176 2439 5231 instar
2468 5177 2635 5232 Variis
2668 5175 2896 5233 ﬂoribus
2948 5176 3282 5233 luxuriantis
3340 5185 3490 5240 sunt,

231 5264 537 5330 πνὸτηταςς
573 5261 676 5315 ποῦ
693 5263 801 5334 γὰρ
833 5263 983 5334 θήσω
1018 5265 1116 5334 τὴν
1142 5266 1240 5335 τῆς
1300 5264 1574 5336 βασιλείας
1604 5266 1806 5321 πάνσο-

1915 5282 2049 5322 auro
2075 5266 2421 5321 conscribam
2447 5267 2469 5319 ?
2496 5266 2639 5333 Quid
2659 5268 2806 5323 enim
2831 5269 2899 5324 de
2921 5269 3039 5335 ejus
3079 5266 3493 5338 sapientissima

235 5372 329 5423 φον
352 5354 773 5426 πηδαλιουχίαν;
816 5357 917 5409 ποῦ
948 5356 1004 5410 δὲ
1025 5357 1123 5429 τὴν
1148 5358 1244 5427 τῆς
1284 5359 1613 5429 Ἐκκλησίας
1653 5363 1809 5432 εἰρη-

1916 5360 2177 5430 rcgnandi
2209 5370 2324 5415 arte
2351 5360 2565 5416 dicam?
2588 5360 2721 5432 quid
2743 5363 2806 5417 de
2824 5360 3080 5419 Ecclesia?
3102 5359 3493 5430 imperturbata

238 5447 386 5501 ναίαν
403 5464 462 5501 τε
504 5448 601 5501 καὶ
652 5448 925 5520 ἀτάραχον
974 5449 1294 5520 διαγωγήν;
1331 5450 1434 5505 ποῦ
1472 5452 1529 5505 δὲ
1572 5453 1670 5522 τὴν
1714 5456 1813 5524 τῆς

1917 5460 1971 5506 et
2005 5450 2231 5521 paciﬁca
2262 5452 2771 5510 administratione?
2821 5454 2953 5524 quid
3002 5456 3068 5509 de
3116 5451 3355 5524 generali
3391 5450 3496 5503 rci-

311 5636 382 5703 (")
414 5634 478 5711 In
506 5631 1069 5711 codicibusﬁscribitur
1097 5632 1357 5711 Μωάμεδ,
1384 5636 1649 5711 armigeri,
1682 5637 1817 5711 Μω-

1994 5638 2071 5711 (Ξ)
2101 5638 2344 5709 Respicit
2384 5657 2588 5697 morem
2646 5640 2918 5697 scribendi
2963 5653 3099 5711 auro
3130 5638 3183 5711 iu
3214 5648 3496 5711 pergame-

242 5701 395 5775 ἁμὲτ,
423 5703 745 5783 Μαχούμξδ.
782 5701 1031 5783 Primam
1051 5701 1377 5783 scripturam
1422 5708 1473 5760 in
1518 5701 1813 5783 Latinitate
1922 5701 2189 5783 nis,'regii
2216 5701 2523 5781 praesertim
2557 5712 2866 5783 argumenti
2933 5721 3032 5783 aut
3064 5701 3276 5783 divini,_
3302 5701 3498 5783 cuius-

244 5729 395 5775 αμετι
423 5729 745 5775 ωακουμευ-
782 5729 1017 5756 Π¹¹¹¹ί¹¹¹¹
1051 5729 1377 5775 δυιψιυιἩιιι
1422 5729 1473 5760 III
1518 5729 1813 5761 bullllllaw
1922 5729 2029 5776 ms,
2060 5729 2189 5777 regit
2223 5729 2523 5781 praesertim
2557 5729 2618 5767 ar
2658 5729 2866 5767 umeuu
2933 5729 3029 5763 aut
3064 5729 3255 5769 urvum,
3312 5729 3498 5767 cums-

244 5792 355 5856 !‘J'ﬁa
394 5792 596 5856 εεἿυος
664 5775 741 5843 (in
801 5789 961 5842 τιυειιη
991 5774 1208 5856 illeilli!
1250 5790 1302 5831 et
1337 5779 1597 5856 secunda.
1638 5788 1696 5833 ut
1744 5794 1810 5833 ex
1920 5782 2064 5856 modi
2104 5783 2387 5849 splendida
2432 5729 2767 5856 cxcrnpiaria
2808 5784 2862 5838 in
2913 5781 3166 5838 codicum
3205 5775 3500 5835 bibliotlieo

244 5845 387 5924 eaeg,
420 5843 614 5924 Petis),
644 5858 957 5924 quanquam
977 5843 1208 5924 _Nicrtas
1242 5848 1457 5904 tertiam
1497 5859 1663 5905 tcuct.
1917 5852 1996 5907 cis
2034 5843 2351 5924 supersunt.

313 5917 387 5990 (l)
420 5916 762 5976 Vocabulum
797 5916 1111 5973 evanidum.
