4194 6432
735 382 833 446 671

2003 389 2054 446 Ν
2062 388 2296 449 [CET/E
2332 391 2739 454 BYZANTINI

3881 404 3994 467 672

735 495 966 562 publicae
1005 504 1150 551 recta
1187 495 1562 566 legislatione?
1615 497 1744 566 quid
1778 497 1845 552 de
1881 498 1998 566 ejus
2025 501 2300 569 patientia:

2411 506 2680 570 πολιτείας
2745 506 3040 580 καθολικὴν
3104 511 3410 582 εὐνομίαν;
3483 514 3587 568 ποῦ
3647 513 3704 568 δέ
3767 515 3829 569 τδ
3889 519 3992 587 τῆς

735 601 800 640 ac
829 589 1178 657 benignitatis
1208 591 1438 660 pelago?
1465 587 1594 658 quid
1631 590 1698 644 de
1750 590 2121 646 beneficentia:
2146 606 2211 648 ac
2244 596 2310 648 li-

734 679 1036 734 beralitatis
1095 680 1400 736 imbribus?
1449 682 1576 749 quid
1612 681 1678 737 de
1724 684 2029 738 orthodoxe
2059 683 2182 739 fidei
2211 687 2309 741 do-

735 772 950 835 gmate?
995 772 1126 840 quid
1182 774 1403 826 demum
1432 773 1499 827 de
1536 776 1859 843 apostolica,
1900 786 1956 830 ut
1995 778 2068 832 ita
2103 779 2305 844 dicam,

737 863 1008 928 l-Lvangelii
1043 863 1244 917 Christi
1277 865 1698 932 prtrdicatione?
1740 869 1951 924 Etenim
2007 886 2114 924 non
2173 887 2306 926 con-

733 961 912 1004 lettlus
966 953 1264 1021 imperator
1296 955 1533 1010 infausta
1594 957 1954 1014 barbarorum
1990 977 2219 1031 corpora
2251 963 2304 1017 in

731 1042 910 1108 fugam
945 1053 1175 1106 vertere.
1211 1046 1314 1101 nisi
1347 1048 1511 1101 etiam
1543 1050 1771 1105 rebelles
1811 1050 1921 1106 Deo
1949 1053 2184 1118 animas,
2207 1069 2305 1107 ceu

729 1129 908 1194 gladio
966 1131 1215 1199 ancipiti,
1269 1137 1513 1190 veritatis
1558 1139 1722 1191 verbo
1773 1139 2048 1208 dissecet;
2098 1142 2306 1198 Arabes

728 1237 948 1290 quoque
975 1224 1040 1276 ad
1079 1240 1262 1278 veram
1297 1228 1612 1295 religionem
1646 1241 1824 1297 vocat,
1876 1234 2138 1290 doctrina:
2169 1252 2307 1291 vera:

729 1319 1067 1385 argumentis
1092 1319 1386 1374 absurdam
1409 1321 1768 1394 fallacemque
1792 1326 2084 1382 vulnerans
2109 1329 2304 1398 impie-

731 1418 894 1462 tatem
922 1427 936 1462 :
961 1411 1243 1468 confidens
1273 1415 1483 1470 scilicet
1515 1419 1728 1472 auctori
1750 1421 2107 1476 victoriarum
2141 1423 2305 1477 Chri-

728 1511 813 1552 διο
848 1499 958 1554 Deo
991 1512 1202 1569 nostro,
1240 1521 1404 1575 quem
1451 1508 1526 1562 illi
1583 1511 1885 1567 maledictis
1910 1515 2148 1581 pulsant,
2188 1513 2306 1570 fore

728 1601 783 1644 ut
816 1604 938 1660 post
970 1593 1185 1649 illorum
1213 1598 1566 1668 blasphemia?
1586 1601 2001 1667 refutationem,
2021 1606 2088 1660 de
2112 1608 2303 1678 impiis

727 1702 946 1754 quoque
971 1687 1214 1756 ipsorum
1248 1693 1598 1757 exercitibus,
1637 1695 1970 1754 militaribus
1998 1700 2115 1754 suis
2137 1716 2272 1769 espe

728 1777 1029 1833 ditionibus
1063 1781 1379 1850 triumphet.
1414 1784 1782 1849 Quamobrem
1823 1789 1898 1852 id,
1950 1791 2093 1860 quod
2125 1793 2301 1861 impe-

729 1876 878 1918 rator
907 1884 1069 1936 opere
1097 1870 1309 1934 efﬁciet,
1341 1874 1520 1943 ignari
1556 1892 1656 1931 nos
1688 1886 1947 1948 tauquam
1975 1881 2026 1933 in
2051 1881 2300 1948 palatstra
2332 1863 2378 1922 Β

728 1958 906 2013 verbis
933 1959 1227 2018 ludetuus:
1266 1968 1487 2034 etquod
1539 1968 1628 2024 ille
1660 1971 1907 2038 quotidie
1966 1972 2124 2026 factis
2175 1989 2303 2044 per-

727 2051 857 2120 agit,
889 2055 1030 2107 nuda
1072 2073 1173 2111 nos
1205 2059 1298 2111 sed
1339 2062 1754 2130 magnisonaute
1785 2066 2035 2120 oratione
2104 2068 2303 2136 pradi-

726 2160 851 2198 rare
888 2151 1292 2216 preposuimus.
1329 2152 1542 2208 Utinam
1587 2172 1716 2212 vero
1748 2158 2018 2213 bonorum
2053 2161 2299 2216 omnium

728 2241 970 2294 arcarius
998 2250 1049 2294 et
1075 2243 1234 2296 dator
1268 2244 1551 2311 Dominus,
1587 2248 1788 2304 Christi
1822 2253 2027 2306 amanti
2057 2253 2298 2323 impera-

727 2331 828 2382 tori
880 2333 1112 2386 salutem
1160 2337 1356 2391 animzc
1399 2340 1758 2410 corporisque
1810 2342 2091 2412 largiatur,
2120 2355 2176 2398 ιιι
2209 2346 2301 2400 diu

727 2425 872 2476 vit-at
901 2435 953 2479 et
984 2427 1050 2479 de
1099 2428 1349 2483 hostibus
1384 2432 1643 2487 victorias
1678 2434 1874 2487 referat
1896 2475 1908 2497 ,
1941 2445 2299 2506 nostramque

728 2513 889 2567 simul
931 2515 1166 2584 linguam
1198 2520 1438 2582 roboret,
1465 2531 1522 2575 ut
1554 2535 1712 2591 prout
1739 2525 1823 2593 pia
1856 2526 2302 2581 Christianorum

728 2607 758 2658 li
786 2607 831 2659 le
869 2608 1092 2675 dignum
1135 2620 1219 2664 est
1271 2613 1547 2682 loquatur,
1587 2625 1640 2669 et
1675 2616 2016 2671 barbaricam
2058 2620 2306 2687 impii-ta-

729 2709 833 2752 tem
862 2700 1088 2756 refellat.
1130 2704 1284 2769 Quod
1342 2708 1593 2774 precibus
1626 2711 2037 2778 gloriosissiuue
2067 2713 2305 2780 Deipara:

726 2803 776 2844 et
808 2794 1051 2848 omnium
1092 2807 1404 2852 sanctorum
1447 2798 1574 2852 ﬁat!
1615 2801 1810 2854 Amen.

728 2883 1002 2955 βάρϐαρον
1070 2887 1365 2956 ἀπελέγξαι
1411 2889 1728 2944 δυσσέϐειαν
1767 2909 1780 2922 ·

726 2992 886 3030 νοιτο.
932 2976 1124 3047 Ἀμήν.

1295 3096 1452 3152 Finis
1481 3101 1744 3166 prowmii.

883 3231 938 3286 2.
973 3231 1135 3287 HAEC
1167 3230 1350 3288 SUNT
1386 3233 1450 3286 ΙΝ
1483 3233 1852 3290 PRAESENTI
1881 3235 2130 3290 OPERE.

731 3345 863 3414 Cap.
891 3345 928 3399 I.
963 3347 1246 3414 Expositio
1286 3357 1337 3400 ct
1375 3349 1772 3404 demonstratio
1802 3351 1854 3403 in
1891 3352 2081 3414 primis
2106 3361 2307 3406 nostra:

802 3432 942 3469 vet-1e
979 3423 1031 3468 et
1063 3418 1378 3470 orthodoxa:
1406 3418 1847 3474 Christianorum
1879 3418 2028 3482 ﬁdei;
2059 3431 2111 3475 et
2156 3424 2303 3474 inse-

803 3487 969 3558 elatio
1003 3488 1244 3538 omnium
1274 3488 1762 3555 blasphemiarum,
1810 3507 1927 3558 qua'
1969 3491 2306 3544 Mohamedis

800 3556 997 3610 Arabis
1046 3558 1186 3630 libro
1219 3559 1605 3630 continentur;
1669 3556 2085 3630 confutatioque
2143 3562 2304 3615 simul

800 3642 1091 3694 pravorum
1121 3626 1241 3696 ejus
1267 3628 1583 3698 dOgmatum
1619 3629 1673 3684 in
1703 3632 1881 3699 primo
1915 3626 2178 3702 capitulo.
2205 3687 2212 3693 _

729 3792 794 3846 lI.
821 3790 1257 3915 |(lqnfutationes
1318 3791 1582 3848 falsorum

802 3885 812 3915 ι
839 3879 1000 3915 eetm.

802 3879 1000 3916 (ΙΝῚΠΙ.

729 3953 924 4008 XVIII.
952 3954 1233 4020 Expositio
1256 3965 1310 4008 et
1341 3953 1648 4021 profligatio
1672 3953 1837 4022 impie
1856 3955 1924 4007 ab
1947 3970 2012 4008 eo
2033 3955 2304 4008 dictorum

801 4027 1108 4092 specialiter
1155 4025 1207 4076 in
1272 4025 1738 4093 subsequentibus
1795 4026 2031 4094 sparsim
2092 4026 2308 4080 cunctis

808 4096 1033 4161 impuris
1056 4094 1330 4162 capitulis.

733 4186 874 4241 XIX.
907 4187 1182 4240 Adversus
1222 4183 1496 4249 eumdem,
1558 4185 1626 4240 de
1663 4186 1913 4240 vocabuli
1954 4185 2176 4240 Verbum
2211 4201 2311 4240 no—

807 4269 968 4310 lltme.

734 4352 848 4406 XX.
876 4352 1150 4404 Adversus
1197 4349 1447 4403 eumdem
1480 4348 1747 4404 dicentem
1775 4388 1790 4412 ,
1827 4349 1996 4404 Deum
2029 4365 2151 4405 esse
2186 4365 2314 4419 pec-

805 4433 910 4475 (Ἦιι
944 4437 1187 4475 causam.

733 4513 874 4567 XXI.
906 4514 1182 4565 Adversus
1203 4509 1452 4564 eumdem
1482 4509 1774 4590 dicentem,
1809 4509 2062 4564 homines
2097 4509 2148 4562 in
2174 4524 2310 4564 con-

800 4583 954 4653 jugio
983 4583 1224 4636 victuros
1253 4589 1373 4651 post
1403 4583 1884 4635 resurrectionem.

736 4678 906 4732 XXII.
940 4677 1215 4731 Adversus
1235 4674 1486 4730 eumdem
1519 4673 1791 4729 dicentem
1826 4673 2052 4742 angelos
2081 4689 2204 4730 esse
2247 4673 2316 4728 fe-

809 4764 1008 4802 minas.

1623 3794 1745 3864 ejus
1808 3794 2124 3864 dogmatum
2183 3808 2308 3848 sex-

739 4841 929 4894 XXIII.
964 4840 1242 4896 Adversus
1271 4838 1526 4895 eumdem
1557 4838 1626 4894 de
1672 4837 1992 4908 angelorum
2048 4838 2317 4893 interces-

813 4914 988 4966 sione.

738 5005 928 5061 XXIV.
964 5005 1237 5061 Adversus
1269 5021 1394 5060 eum
1438 5004 1708 5060 dicentem
1735 5043 1750 5068 ,
1783 5002 1954 5058 Deum
1987 5001 2310 5072 sphzericum

811 5092 951 5132 esse.

738 5169 904 5223 XXV.
937 5167 1356 5230 Demonstratio,
1389 5167 1536 5236 quod
1567 5165 1780 5219 alienus
1812 5177 1842 5217 a
1876 5161 1966 5217 Dei
2008 5161 2209 5217 findere
2240 5161 2312 5216 sit

812 5242 1045 5309 populus
1083 5239 1459 5293 Ismaeliticus.

745 5333 935 5387 XXV'I.
973 5334 1250 5387 Adversus
1274 5332 1555 5402 Agarenos
1578 5329 1646 5385 de
1681 5327 2120 5383 circumcisione.

744 5423 959 5480 XXVII.
999 5425 1071 5481 De
1097 5425 1290 5480 eodem
1327 5434 1675 5494 argumento.

743 5518 980 5573 XXVIII.
1013 5517 1085 5573 De
1115 5519 1224 5573 Deo
1255 5515 1611 5570 Mohamedis.

745 5610 936 5666 XXIX.
963 5609 1139 5676 Quod,
1167 5608 1382 5663 etiamsi
1428 5607 1480 5660 hi
1508 5603 1722 5676 erronei
1760 5607 1948 5676 putent
1973 5613 2030 5652 se
2061 5595 2317 5666 progeni-

815 5685 948 5736 turis
978 5673 1271 5734 Abrahami
1301 5679 1522 5732 unicum
1552 5675 1718 5727 Deum
1749 5673 1947 5734 colere,
1993 5686 2097 5721 non
2135 5678 2313 5721 tamen

817 5763 1060 5818 oporteat
1092 5737 1373 5821 Agare‘bos
1402 5766 1432 5801 ιι
1469 5747 1626 5800 nobis
1652 5745 1757 5796 dici
1795 5742 1884 5795 Dei
1911 5741 2171 5793 cultores.

745 5844 914 5901 XXX.
939 5845 1212 5901 Adversus
1238 5843 1514 5911 Agat‘cuus
1543 5839 1608 5893 de
1632 5833 1894 5906 jactantia
1931 5834 2069 5901 ipso:
2088 5844 2198 5883 um.

2411 598 2765 664 ἀνεξικακίας
2794 602 2888 654 καὶ
2918 605 3318 674 προσηνότητος
3359 603 3592 673 πέλαγος
3612 624 3628 672 ;
3649 607 3751 661 ποῦ
3773 608 3830 661 δὲ
3860 611 3991 672 τοὺς

2410 691 2506 760 τῆς
2550 690 2794 755 εὐποιίας
2835 694 2929 746 καὶ
2976 693 3295 764 εὐεργεσίας
3348 696 3621 768 δμόρουςς
3680 697 3785 752 ποῦ
3833 700 3890 752 δὲ
3929 700 3993 753 τὸ

2409 781 2692 852 ὀρθόδοξον
2749 783 2843 837 τοῦ
2883 785 2982 855 τῆς
3029 785 3266 849 πίστεως
3309 787 3612 856 δόγματοςς
3649 791 3752 843 ποῦ
3806 791 3862 844 δὲ
3927 793 3991 844 τὸ

2410 873 2889 943 ἀποστολικδν,ῶς
2933 877 3130 943 εἰπεῖν,
3178 876 3273 932 τοῦ
3326 879 3661 949 Εὐαγγελίου
3705 881 3801 934 τοῦ
3853 884 3992 952 Χρι-

2411 965 2540 1017 στοῦ
2564 967 2860 1038 κήρυγμα;
2898 969 3013 1022 Οὐκ
3041 971 3368 1042 ἀνεχόμενος
3405 972 3514 1044 γάρ
3570 973 3822 1045 βάρϐαρα
3879 975 3990 1027 σώ-

2413 1071 2555 1124 ματα
2585 1059 2744 1125 μόνον
2781 1058 3431 1130 τροποῦσθαιπανάθλια,
3463 1066 3512 1118 εί
3549 1065 3625 1135 μὴ
3679 1067 3772 1119 καὶ
3809 1067 3992 1138 ψυχὰς

2409 1145 2710 1216 θεομάχους
2727 1149 2802 1214 ὡς
2847 1151 3087 1223 διστόμῳ
3113 1152 3192 1222 τῷ
3215 1155 3316 1220 τῆς
3355 1155 3612 1227 ἀληθείας
3661 1157 3805 1228 λόγῳ
3833 1159 3989 1228 διχά-

2410 1257 2575 1302 σειεν,
2616 1245 3003 1309 μετακαλεῖται
3061 1247 3156 1300 καὶ
3198 1247 3324 1311 τοὺς
3360 1249 3608 1320 Ἄραϐας
3653 1250 3788 1320 πρὸς
3831 1251 3990 1304 εὐσέ-

2409 1331 2588 1388 ϐειαν.
2619 1332 2707 1386 διά
2732 1334 2825 1387 τοῦ
2845 1336 2906 1399 ἐξ
2934 1337 3193 1408 ἀληθείας
3221 1337 3395 1407 λόγων
3423 1339 3646 1411 ἐλέγχου
3676 1343 3774 1412 τὴν
3806 1343 3989 1412 παρά-

2409 1420 2563 1490 λογον
2595 1421 2689 1474 καὶ
2721 1424 3078 1498 ἡπατημένην
3104 1427 3479 1493 κατατοξεύων
3533 1432 3788 1486 ἀσέϐειαν
3820 1449 3834 1464 ·
3889 1433 3986 1486 ἆτε

2405 1514 2470 1584 δὴ
2499 1515 2774 1580 πεποιθὼς
2795 1517 2887 1570 ἐπὶ
2903 1517 2995 1571 τὸν
3016 1521 3287 1573 νικοποιδν
3309 1521 3541 1591 Χριστὸν
3565 1523 3654 1574 τὸν
3670 1522 3803 1576 Θεὶν
3827 1524 3988 1595 ἡμῶν

2406 1608 2497 1660 τὸν
2529 1609 2658 1674 παρ’
2687 1610 2911 1686 ἐκείνων
2971 1610 3483 1683 βλασφημούμενον,
3537 1614 3620 1667 ὅτι
3651 1616 3730 1686 τῷ
3773 1618 3838 1670 ἐκ
3875 1617 3989 1671 τῶν

2407 1697 2621 1767 ἀληθῶν
2646 1683 2967 1772 ἀνατροπῶν
2996 1703 3224 1774 ἐλέγχῳ,
3262 1704 3364 1774 τῆς
3401 1705 3579 1761 αὐτῶν
3611 1683 3986 1777 βλασφημίας,

2406 1791 2560 1859 καὶὴ
2600 1793 2742 1844 κατὰ
2781 1793 2890 1845 τῶν
2932 1796 3268 1864 παρανόμων
3299 1796 3479 1850 αὐτῶν
3533 1799 3985 1868 στρατευμάτων,

2406 1882 2493 1936 διὰ
2527 1881 2633 1934 τῶν
2666 1882 2830 1936 αὑτοῦ
2857 1885 3331 1955 στρατηγημάτων
3362 1885 3790 1957 ἐπακολουθήσει
3820 1891 3944 1957 νίκη
3966 1901 3983 1917 °

2410 1974 2530 2028 ὅθεν
2552 1973 2612 2026 τὸ
2633 1973 2779 2044 ἔργῳ
2813 1977 3128 2044 περατωθὲν
3156 1976 3233 2046 τῷ
3264 1976 3510 2047 θεόφρονι
3543 1977 3775 2048 βασιλεῖ,
3806 1977 3990 2044 λόγεις

2410 2066 2570 2135 ἡμεῖς
2603 2067 2651 2118 oi
2677 2065 2867 2128 νωθεῖς
2913 2067 3191 2136 γυμνάσαι
3236 2067 3594 2139 προήχθημεν
3635 2085 3649 2099 ’
3692 2071 3787 2123 καὶ
3849 2070 3989 2138 ὄπ;ρ

2408 2157 2556 2226 αὐτῷ
2580 2158 2670 2212 διὰ
2702 2159 3047 2229 πραγμάτων
3069 2161 3340 2231 ὁσημέραι
3359 2143 3738 2232 κατορθοῦται,
3763 2165 3855 2216 καὶ
3880 2179 3986 2228 γυ-

2412 2254 2560 2321 μνοῖς
2582 2250 2762 2320 λόγοις
2785 2253 2947 2322 ἡμεῖς
2988 2254 3389 2322 μεγαλοερώνως
3425 2254 3703 2318 σαλπίζειν
3763 2255 3993 2324 προεθυ-

2411 2342 2664 2413 μήθημεν
2688 2360 2702 2374 ·
2744 2344 2860 2397 ἀλλ’
2898 2346 2926 2398 ὁ
2957 2345 3159 2408 παντὸς
3196 2346 3402 2412 ἀγαθοῦ
3454 2347 3655 2416 ταμίπς
3689 2347 3782 2399 καὶ
3846 2346 3991 2414 πάξ)-

2409 2451 2532 2504 οχος
2568 2434 2772 2504 Κύριος
2802 2436 2882 2506 τῷ
2919 2436 3016 2506 μὲν
3056 2437 3385 2506 φιλοχρίστῳ
3411 2437 3714 2507 βασιλείτὰ
3743 2440 3991 2508 σωτήρια.

2407 2527 2556 2598 ψυχῇ
2595 2546 2653 2582 τε
2694 2527 2790 2582 καὶ
2846 2529 3060 2598 σώματι
3117 2529 3512 2600 δαψιλεύσοιτο,
3565 2530 3785 2582 ἐκτάσει
3841 2530 3993 2596 ζωῆς

2411 2621 2638 2690 χρόνων,
2670 2621 2764 2673 καὶ
2783 2621 2962 2683 νίκαις
2989 2623 3110 2684 ταῖς
3140 2621 3261 2674 κατ’
3286 2622 3498 2692 ἐχθρῶν
3534 2621 3864 2688 ὲπιστέφων,
3897 2620 3996 2672 καὶ

2411 2713 2508 2780 τὴν
2540 2711 2700 2780 ἡμῶν
2735 2711 2985 2779 γλῶσσαν
3015 2712 3362 2782 νευρῶσειεν,
3397 2715 3494 2782 τῆς
3543 2713 3642 2782 μὲν
3691 2711 3800 2764 τῶν
3859 2713 3998 2780 Χριο

2413 2803 2646 2854 στιανῶν
2686 2801 2944 2863 εὐσεϐοῦς
2977 2803 3211 2864 πίστεως
3246 2804 3420 2855 εἰπεῖν
3451 2821 3501 2855 τι
3529 2803 3773 2869 ἐπάξιον,
3798 2802 3897 2872 τὴν
3931 2800 3996 2852 δὲ

1848 2893 2162 2965 πρεσϐείαις
2207 2893 2306 2962 τῆς
2346 2893 2701 2964 ὑπερενδὸξου
2753 2894 3016 2947 Θεοτὸκου
3093 2894 3188 2947 καὶ
3232 2896 3453 2948 πάντων
3496 2894 3605 2947 τῶν
3652 2892 3824 2959 ἁγίων
3903 2889 3999 2960 γέ-

2861 3099 3040 3165 Τέλος
3071 3098 3174 3152 τοῦ
3207 3098 3542 3168 προοιμίου.

2416 3242 2481 3312 β’.
2508 3242 2680 3293 τιιλε
2708 3238 3005 3292 ΕΝΕΣΤιΝ
3036 3237 3126 3290 EN
3157 3237 3328 3306 ΤῼΔΕ
3358 3237 3446 3306 τι)
3475 3234 3998 3294 ΣΥΓΓΡΑΜΜΑΤΙ.

2414 3355 2551 3420 Κεφ.
2572 3351 2912 3411 Λ’.Ἔκθεσις
2937 3349 3082 3420 μετὰ,
3100 3347 3880 3420 ἀποδείξεωςῌπροηγουμένιος
3895 3348 3998 3420 τῆς

2487 3416 2717 3490 ἀληθοῦς
2755 3421 2846 3476 καὶ
2879 3416 3165 3490 ὁρθοδόξου
3185 3421 3217 3486 η
3227 3419 3362 3490 μῶνμ
3375 3416 3482 3469 τῶν
3496 3418 3555 3490 -Χ
3567 3417 3856 3490 ριστιανῶν
3872 3486 3882 3490 _
3897 3418 3999 3469 πί-

2489 3486 2656 3554 στειυς
2692 3509 2704 3520 ·
2738 3491 2831 3541 καὶ
2868 3486 3184 3557 καταδρομὴ
3215 3487 3403 3540 πασῶν
3453 3487 3562 3557 τῶν
3601 3486 4002 3557 ἐμφερομένων

2485 3559 2806 3638 δυσφημιῶν
2836 3561 2900 3638 τῇ
2937 3554 3305 3638 τοῦέἊραῆος
3350 3556 3593 3638 ιξίωάμετ
3902 3558 4001 3609 καὶ

2485 3624 2706 3699 ἐλεγχος
2738 3624 3201 3699 κατάπαυτὺῇτῶν
3235 3629 3292 3679 ἐν
3320 3627 3400 3697 τῷ
3449 3624 3650 3696 πρώτῳ
3693 3624 3840 3696 λόγῳ
3893 3644 4001 3679 κα-

2488 3696 2598 3762 κῶς
2614 3696 2929 3752 ’δοκούντων
2959 3696 3126 3768 αὐτῷ.

2417 3793 2490 3847 π.
2512 3792 2849 3860 Ἐλεγκτικοὶ
2867 3790 2974 3844 τῶν
2993 3788 3362 3860 ψευδωνύμων
3380 3789 3546 3844 αὐτοῦ
3569 3789 3746 3858 λόγων
3762 3787 3896 3842 δέκα
3916 3787 3999 3853 ἒξ.

2417 3953 2525 4009 lll'.
2566 3953 2822 4014 Ἐκθεσις
2858 3949 2949 4005 καὶ
2985 3949 3252 4020 θρίαμϐος
3300 3949 3411 4003 τῶν
3467 3950 3588 4020 κατ]
3646 3941 4001 4020 εἶδοςῌαὺτῴ

2490 4023 2764 4094 σποράδην
2780 4026 2842 4094 ἐν
2869 4022 2981 4082 τοῖς
3011 4016 3140 4089 ἐξῆς
3177 4020 3382 4075 ἅπασιν
3412 4018 3627 4081 ἀσεϐῶς
3662 4016 4001 4086 κινηθέντων

2491 4093 2706 4165 μιαροῖς
2731 4093 2927 4161 λόγοις.

2417 4187 2520 4281 ΙΘ’;
2583 4187 2721 4256 Πρὸς
2777 4186 2868 4240 τὸν
2901 4186 3066 4239 αὐτὸν
3112 4185 3255 4255 ὑπὲρ
3293 4183 3391 4253 τῆς
3423 4181 3517 4235 τοῦ
3548 4182 3746 4251 Λόγου
3792 4181 4004 4251 ὑπολή-

2505 4274 2553 4308 .ε
2640 4295 2655 4310 ο

2420 4275 2522 4402 10ἳῖ
2541 4274 2684 4418 ὅξος
2708 4346 2984 4418 τὺναῦτδν
3013 4347 3242 4414 λέγοντα
3266 4346 3362 4416 τῆς
3391 4343 3670 4415 ἁμαρτίας
3711 4342 3886 4395 αἴτιον
3919 4335 4005 4393 εἷ-

2492 4436 2578 4470 ναι
2597 4417 2693 4470 τὸν
2714 4417 2867 4470 Θεόν.

2417 4508 2549 4565 KA'.
2584 4509 2726 4580 Πρὸς
2753 4508 2844 4580 τὸν
2883 4507 3046 4560 αὐτὸν
3069 4507 3294 4580 λέγοντα
3324 4505 3463 4580 κατά
3495 4505 3759 4570 συζυγίαν
3820 4503 4007 4572 βιοῦν-

2488 4597 2586 4643 τας
2618 4576 2937 4650 ἀνθρώπους
2965 4576 3102 4647 μετὰ
3131 4578 3229 4647 τὴν
3261 4578 3573 4630 ἀνάστασιν.

2418 4675 2549 4796 Κῐῖ.
2587 4671 2730 4742 Πρὸς
2767 4671 2858 4723 τὸν
2909 4670 3070 4723 αὑτὸν
3121 4669 3352 4736 λέγοντα
3396 4665 3618 4736 θηλείας
3657 4663 3797 4718 εἷναι
3836 4663 4008 4731 ἁγγέ·

2523 4760 2634 4796 ους.

2523 4760 2634 4797 ους.

2417 4837 2555 4924 KP;
2589 4779 2747 4958 ξηρὸς
2795 4834 2886 4888 τδν
2911 4834 3077 4889 αὑτὸν
3109 4831 3240 4905 περὶ
3275 4832 3373 4901 τῆς
3411 4829 3521 4883 τῶν
3571 4826 3825 4895 ἀγγέλων
3869 4842 4010 4896 πρε.

2490 4925 2584 4958 σοε
2614 4924 2698 4958 ας.

2490 4924 2698 4961 σοειας.

2490 4924 2646 4961 σοεια
2685 4947 2698 4960 .

2422 4996 2548 5122 Κιὲ.
2585 4924 2726 5068 api»;
2753 4997 2845 5052 τὸν
2879 4996 3042 5050 αὑτὸν
3076 4994 3304 5064 λέγοντα
3345 5011 3358 5024 ·

2522 5086 2656 5122 στιν.

2489 5086 2656 5122 εστιν.

2419 5161 2549 5214 KE'.
2603 5157 2900 5225 ’Δπόδειξις
2934 5158 3016 5212 ὅτι
3039 5157 3188 5223 ξένος
3212 5156 3311 5226 τῆς
3345 5153 3441 5208 τοῦ
3497 5149 3634 5206 Θεοῦ
3659 5150 3932 5223 διαθήκης
3975 5152 4006 5204 ὁ

2503 5230 2855 5300 Ίσμαηλίτης
2892 5229 3039 5292 λαός.

2423 5320 2566 5389 κεῖν.
2605 5322 2747 5392 Πρὸς
2773 5321 3105 5390 ’Δγαρηνοὺς
3133 5319 3277 5390 ὑπὲρ
3315 5318 3413 5388 τῆς
3455 5315 3782 5387 περιτομῆς.

2423 5412 2548 5466 KZ'.
2585 5412 2676 5472 Είς
2704 5410 2765 5462 τὸ
2791 5410 2944 5463 αὑτό.

2422 5503 2561 5559 KH'.
2592 5503 2730 5572 Περὶ
2769 5500 2862 5554 τοῦ
2906 5499 3039 5553 Θεοῦ
3069 5498 3161 5552 τοῦ
3201 5497 3466 5568 Μωάμετ.

2424 5598 2553 5652 ΚΘ¹.
2594 5597 2714 5648 Ὀτι
2743 5594 2804 5646 οὐ
2831 5594 2930 5656 δεῖ,
2949 5592 3053 5646 κᾶν
3081 5591 3212 5662 δοκῇ
3253 5593 3364 5653 τοῖς
3405 5586 4009 5662 πεπλανημένοι-ςκτὴν

2492 5667 2585 5719 τοῦ
2633 5666 2976 5742 προπάτορος
3325 5661 3621 5742 μοναρχίαν
3653 5659 4007 5729 ποεσεξεὺιειν,

2495 5733 2687 5803 λέγειν’
2703 5736 2848 5804 ἡμᾶς
2869 5733 3140 5794 θεοσεὸείς
3172 5733 3529 5801 Ἀγαρηνοῦς.

2429 5825 2506 5880 .-\'.
2546 5825 2686 5896 Πρὸς
2727 5823 3062 5894 Ἀγαρηνοὺς
3097 5822 3342 5894 περὶτῆς
3377 5818 3554 5873 αὐτῶν
3582 5816 3931 5882 ἀλαζονείας.

3405 4994 3466 5046 ὐ
3491 4991 3621 5054 Θεὸς
3678 4987 4008 5058 ὁλόσφαιρός
