4194 6432
208 422 310 485 673

629 528 1029 585 ΚΕΦΑΛΑΙΟΝ
1090 530 1384 588 ΠΡΩΤΟΝ.

208 621 493 684 ’Βκθεσις
510 619 1042 687 κατασκευαστικὴ
1078 620 1228 687 μετά
1259 621 1627 689 ἀποδείξεως
1683 623 1791 677 τοῦ

274 712 697 782 Χριστιανικοῦ
761 712 1074 779 δόγματος,
1137 713 1206 766 ἐκ
1257 713 1477 767 κοινῶν
1519 715 1789 781 ἐννοιῶν,

276 805 377 858 καί
408 802 793 871 διαλεκτικῆς
817 802 1100 870 μεθόδου,
1129 804 1226 855 καί
1263 804 1540 871 φυσικῶν
1566 805 1791 873 ἐπιχει-

265 894 553 966 ρημάτων
582 935 598 958 ,
658 895 758 948 καί
828 894 1309 964 συλλογιστικῆς
1390 899 1792 966 πολυτεκνίας

275 989 654 1058 among-ouem;
680 1005 692 1017 ·
716 989 813 1043 καί
834 990 1187 1057 ἀντίρρησις
1222 989 1319 1042 καί
1345 991 1659 1057 ἀνασκεῡὴ
1692 994 1788 1045 καί

276 1082 533 1151 ἐλεγχος
553 1080 662 1148 τῆς
682 1081 1067 1151 ἀλογωτὰτης
1102 1082 1191 1134 καί
1224 1082 1661 1151 μυσαρωτάτης
1693 1084 1794 1147 βι.

278 1178 429 1230 ὅλου
458 1175 570 1244 τῆς
598 1177 758 1245 παρὰ
779 1176 885 1229 τοῦ
929 1177 1173 1244 Ἄραϐος
1218 1175 1465 1243 Μιιιάμετ
1524 1180 1793 1228 πλαστο-

275 1269 711 1337 γραφηθείσης,
749 1266 875 1336 ἢτοι
912 1266 1026 1335 τῆς
1046 1267 1166 1320 τῶν
1193 1266 1523 1336 Ἀγαρηνῶν
1561 1267 1793 1336 ψευδωο

274 1363 472 1429 νύμου
512 1362 788 1425 πίστεως.

280 1460 350 1521 γ’.
384 1452 604 1505 Πολλῶν
636 1452 736 1521 ήδη
761 1450 869 1504 τῶν
901 1452 981 1514 είς
1008 1450 1167 1515 δόξαν
1204 1448 1339 1503 Θεοῦ
1389 1450 1791 1520 συντρεχόντων

210 1546 409 1615 ἀρετῆς
430 1542 871 1613 κατορθωμάτων
890 1542 1041 1613 παρὰ
1072 1542 1163 1595 τοῦ
1197 1542 1494 1611 φιλαγάθου
1535 1543 1628 1595 καὶ
1652 1544 1787 1613 Χριο

212 1634 638 1687 στιάνικωτάτου
684 1634 843 1704 ἡμῶν
899 1632 1161 1702 βασιλέως
1194 1633 1464 1702 ὁσημέραι
1522 1632 1789 1703 διαπρατ-

209 1727 473 1794 τομένων,
510 1727 750 1794 μάλιστα
775 1727 831 1778 δὲ
862 1726 985 1793 περὶ
1014 1725 1110 1795 τὴν
1143 1725 1344 1794 εὐσεϐῆ
1394 1718 1474 1788 εἰς
1525 1725 1657 1779 Θεὸν
1697 1727 1791 1781 λα-

206 1818 412 1888 τρείαν,
448 1817 506 1871 ἓν
531 1818 627 1871 καὶ
654 1817 814 1870 τοῦτο
837 1817 1072 1887 σπουδῆς
1119 1813 1259 1880 εἶδος
1312 1816 1390 1888 τῷ
1435 1817 1788 1890 γαληνοτάτῳ

1380 421 1811 484 REFUTATIO
1853 425 2326 487 MOHAMEDIS.

1818 544 1866 599 Δ

3356 430 3463 493 6⁸74

2389 534 2618 592 CAPUT
2661 534 2952 591 PRIMUM.

1894 628 2192 697 Expositio,
2225 647 2346 684 cum
2376 633 2700 699 argumentis
2729 639 2779 685 et
2807 631 3278 695 demonstratione,
3313 630 3469 685 Citri-

1964 720 2129 772 stiani
2176 721 2466 792 dogmatis,
2502 737 2566 774 ea:
2618 722 2986 775 communibus
3043 723 3363 787 notionibus,
3420 736 3471 781 et

1964 811 2243 865 dialectica
2276 810 2546 876 methodo,
2598 828 2794 865 necnon
2823 813 3158 867 naturalibus
3189 832 3473 886 argumen-

1965 903 2051 965 tis,
2089 904 2336 973 uarioque
2391 903 2716 973 syllogistico
2756 905 3008 974 arti/icio,
3060 906 3306 961 deducta.
3333 908 3472 963 Con-

1965 994 2161 1063 futatio
2192 996 2357 1051 simul
2399 1007 2450 1050 et
2474 998 2672 1051 eversio
2720 1011 2871 1067 atque
2916 1000 3189 1070 coargutio
3230 1001 3473 1055 insulsis-

1961 1085 2083 1138 simi
2105 1102 2166 1138 ac
2195 1087 2569 1155 nefandissimi
2610 1086 2673 1139 ab
2706 1087 2879 1141 Arabe
2911 1087 3223 1143 Mobamede
3258 1091 3476 1160 conﬁcti

1962 1175 2108 1243 libri,
2142 1179 2245 1232 sive
2269 1181 2645 1251 pseudonyma:
2668 1179 3031 1251 Agarenorum
3068 1180 3211 1249 ﬁdei.

1965 1453 2019 1507 3.
2062 1452 2212 1507 Inter
2237 1460 2317 1507 tot
2347 1452 2490 1507 bona
2526 1452 2745 1509 virtutis
2778 1468 2965 1522 opera,
3010 1454 3074 1508 ad
3132 1454 3222 1510 Dei
3246 1454 3475 1526 gloriam

1895 1545 2278 1611 redundantia,
2310 1562 2433 1616 quze
2460 1546 2530 1600 ab
2552 1547 2761 1615 optimo
2788 1557 2841 1599 et
2866 1546 3344 1601 Christianissimo
3368 1549 3472 1600 im-

1896 1648 2144 1707 peratore
2187 1648 2376 1694 nostro
2402 1638 2648 1709 quotidie
2690 1639 2849 1703 ﬁunt,
2890 1638 3165 1708 praecipue.
3192 1639 3340 1693 circa
3377 1655 3475 1693 ve-

1893 1746 2015 1785 rum
2076 1731 2170 1786 Dei
2220 1732 2451 1793 cultum,
2505 1732 2619 1786 haec
2666 1747 2888 1802 quoque
2933 1732 3304 1787 serenissima:
3350 1732 3474 1803 ejus

1894 1822 2163 1892 maiestati
2224 1823 2518 1893 peculiaris
2576 1838 2709 1879 cura
2782 1824 2965 1888 inest,
3016 1833 3078 1878 ut
3140 1834 3469 1893 coarguatur

208 1911 397 1980 κράτει
437 1910 796 1980 καθέστηκεν,
832 1909 895 1963 τὸ
948 1910 1349 1982 ἀπελεγχθῆναι
1388 1913 1488 1982 τὴν
1519 1912 1788 1984 ἡπατημὲ.

1905 1915 2249 1985 mendaxque
2304 1924 2359 1969 et
2402 1925 2719 1984 portentosa
2783 1916 3188 1971 demonstretur
3242 1931 3473 1972 erronea

207 2022 300 2075 νην
329 2005 421 2057 καὶ
448 2003 803 2073 ἁλογωτάτην
850 2003 1006 2067 δόξαν
1047 2004 1147 2072 τὴν
1203 2004 1790 2076 πλαστογραφηθεῖσαν

206 2098 261 2147 ἐν
289 2099 355 2166 τῇ
388 2095 841 2167 ὲπονομαζομένῃ
887 2096 980 2149 τοῦ
1020 2096 1260 2165 Ἄραϐος
1296 2098 1543 2168 Μωάμετ
1576 2097 1741 2168 βίϐλῳ
1771 2115 1787 2131 ⁸

204 2189 325 2242 ὅθεν
351 2189 453 2259 τὴν
470 2189 746 2260 ἡμετέραν
775 2189 1129 2259 ἀναξιότητα,
1168 2184 1257 2243 οἷα
1286 2189 1350 2262 δὴ
1377 2190 1663 2262 ἐλλόγιμον
1694 2208 1790 2245 πο-

210 2282 317 2343 σῶς
365 2278 556 2343 οὖσαν,
593 2281 690 2333 καὶ
716 2280 977 2343 εὐνοϊκῶς
1031 2280 1168 2350 πρὸς
1202 2282 1302 2351 τὴν
1346 2280 1512 2334 αὑτοῦ
1572 2281 1791 2348 θεοσυγ-

207 2373 469 2442 κρότητον
497 2370 777 2440 βασιλείαν
811 2371 1236 2442 προσκειμένην,
1262 2372 1639 2442 προετρέψατο
1663 2372 1787 2425 καθ’

204 2464 325 2516 ὅσον
345 2460 454 2517 οἷοί
490 2464 551 2517 τέ
574 2465 763 2533 ἐσμεν,
798 2461 1149 2532 στηλιτεῦσαι
1197 2464 1292 2517 καὶ
1344 2464 1515 2530 δείξαι
1571 2464 1790 2532 μακράν

205 2557 297 2625 τῆς
326 2557 589 2627 ἀληθείας
615 2556 989 2628 ὑπάρχουσαν,
1014 2556 1076 2609 οὐ
1116 2557 1275 2625 μόνον
1298 2560 1355 2609 ἐν
1394 2557 1512 2617 ταῖς
1543 2555 1670 2625 περὶ
1726 2556 1788 2609 τὸ

206 2648 358 2699 θεῖον
382 2648 616 2716 σαφέσιν
649 2647 1002 2718 ὑπολήψεσιν,
1032 2647 1169 2700 άλλὰ
1194 2649 1287 2700 καὶ
1331 2648 1389 2699 ὲν
1412 2648 1601 2709 αὑταῖς
1638 2646 1788 2716 παρὰ

205 2740 293 2791 τοῦ
320 2739 504 2791 κοινοῦ
538 2738 639 2808 τῆς
669 2738 1091 2809 ἀνθρωπότητος
1133 2740 1324 2806 γένους
1376 2738 1571 2809 ῥᾳδίως
1618 2755 1785 2806 γινω-

206 2830 500 2898 σκομέναις
534 2846 545 2859 δ
580 2830 676 2893 τὰς
704 2830 882 2882 τοίνυν
912 2829 1223 2892 θεοδέκτους
1269 2831 1361 2882 καὶ
1407 2830 1784 2898 σωσικόσμους

203 2923 362 2990 dxi;
390 2922 488 2975 τοῦ
517 2920 680 2974 αὑτοῦ
703 2921 1046 2992 φιλοχρίστου
1077 2921 1337 2975 δεσπότου
1382 2922 1537 2993 ἡμῶν
1566 2925 1661 2976 καὶ
1693 2941 1789 2994 με·

202 3015 366 3080 γάλου
402 3013 668 3082 βασιλέως
695 3013 1174 3083 ἐπικαλεσάμενοι,
1205 3014 1302 3066 σὺν
1324 3018 1387 3084 τῇ
1422 3014 1649 3084 δυνάμει
1693 3015 1786 3069 τοῦ

204 3104 356 3170 ἁγίου
385 3104 702 3173 Πνεύματος
724 3147 739 3170 ,
777 3105 873 3158 καὶ
900 3104 979 3175 τῷ
1006 3105 1217 3175 θώρακι
1258 3106 1358 3175 τῆς
1383 3106 1621 3170 πίστεως
1645 3126 1786 3178 φρα-

204 3196 449 3265 ξάμενοι,
486 3196 707 3250 καὶτοῦ
756 3195 951 3266 θυρεοῦ
1009 3197 1111 3267 τῆς
1163 3198 1374 3261 ἐλπίδος
1433 3198 1780 3269 δραξάμενοι,

202 3290 291 3339 καὶ
320 3291 423 3359 τὴν
457 3286 889 3357 περικεφαλαίαν
910 3286 1006 3340 τοῦ
1037 3287 1305 3359 σωτηρίου
1348 3288 1785 3358 περιϐαλόμενοι,

199 3381 294 3446 τὴν
323 3379 495 3432 αἰτοῦ
520 3379 834 3449 προτροπὴν
859 3378 1141 3432 ἐκτελέσαι
1172 3380 1545 3451 προήχθημεν.
1572 3381 1790 3452 Ἐπειδὴ

200 3471 252 3524 δὲ
286 3472 468 3534 διττός
512 3473 659 3524 ἐστιν
684 3472 713 3524 ό
742 3472 839 3540 τῆς
871 3474 1249 3544 ἀντιρρήσεως
1270 3473 1445 3542 λόγος,
1474 3474 1565 3527 τοῦ
1598 3474 1699 3544 μὲν
1729 3475 1791 3527 τὸ

200 3564 396 3615 οῐκεῖον
422 3563 949 3627 κατασκευάζοντος,
988 3563 1084 3616 τοῦ
1127 3565 1183 3617 δὲ
1222 3565 1284 3617 τὸ
1313 3564 1606 3618 ἀντίπαλον
1658 3567 1789 3619 ἀνα-

201 3656 518 3723 τρέποντος,
554 3656 818 3725 πρότερον
842 3655 941 3727 τὴν
976 3656 1179 3725 εὐσεϐῆ
1203 3656 1359 3726 ἡμῶν
1386 3656 1496 3710 τῶν
1526 3658 1788 3728 Χριστια-

202 3746 301 3797 νῶν
325 3746 515 3799 πίστιν
542 3748 606 3799 ὲκ
650 3747 896 3815 φυσικῶν
930 3748 1230 3818 λογισμῶν,
1270 3747 1346 3812 ὡς
1390 3750 1634 3818 ἐφικτὸν,
1665 3751 1785 3819 μετ’

202 3837 531 3902 ἀποδείξεως
583 3838 889 3908 ἐκθέμενοι,
942 3840 1004 3892 τὸ
1047 3838 1349 3909 τηνικαῦτα
1403 3841 1474 3893 τά
1524 3840 1786 3895 δοκοῦντα

203 3933 524 3998 συνηγορεῖν
583 3928 661 3999 τῷ
716 3929 968 3983 δυσσεϐεῖ
1007 3929 1172 3984 αὑτοῦ
1210 3929 1445 4001 δόγματι
1491 3930 1788 4001 ἁπελέγξαι

199 4019 577 4091 πειρασόμεθα
606 4036 622 4052 ’
650 4023 717 4091 τῇ
747 4021 865 4091 μὲν,
917 4020 1160 4091 φυσικῶς
1202 4022 1268 4075 ὲκ
1301 4021 1411 4075 τῶν
1462 4022 1594 4092 περὶ
1650 4023 1786 4077 Θεοῦ

201 4114 390 4165 κοινῶν
420 4114 648 4167 ἐννοιῶν
682 4131 694 4144 ·
731 4117 799 4184 τῇ
846 4115 924 4181 δὲ,
982 4116 1079 4168 καὶ
1122 4114 1415 4185 Γραφικῶς
1452 4114 1513 4179 ἐξ
1566 4108 1643 4169 ὧν
1691 4116 1789 4171 καὶ

201 4205 351 4269 αὐτὸς
410 4207 441 4258 ό
486 4207 589 4276 τῆς
640 4207 896 4278 τοιαύτης
950 4207 1136 4276 βίϐλου
1175 4207 1594 4278 πλαστογράφος
1639 4207 1788 4263 δοκεῖ

201 4300 600 4369 καταδέχεσθαι
635 4315 649 4330 ⁸
670 4299 903 4371 ἄρξομαι
926 4300 983 4353 δὲ
1015 4298 1287 4355 ἐντεῦθεν.

264 4390 323 4444 δ’.
370 4394 434 4443 Ὀ
470 4391 749 4460 πάνσοφος
784 4392 877 4445 καὶ
916 4391 1215 4460 φιλάγαθος
1246 4392 1683 4465 ἀπειροδύναμός
1725 4408 1785 4446 τε

1892 2004 1985 2059 illa
2040 2016 2095 2060 et
2136 2005 2533 2061 absurdissima
2593 2006 2866 2070 doctrina,
2908 2022 3030 2077 qua:
3096 2005 3275 2062 fallaci
3334 2009 3473 2063 libro

1892 2096 2232 2151 Mohamedis
2301 2096 2500 2152 Arabis
2570 2112 2769 2152 nomen
2846 2107 3067 2167 gerente
3136 2099 3469 2154 continetur.

1890 2187 2255 2255 Quamobrem
2299 2198 2542 2243 nostram
2573 2189 2973 2259 indignitatem,
3020 2204 3118 2244 ceu
3173 2190 3309 2245 clari
3375 2192 3473 2245 ali-

1892 2280 2221 2349 quantulum
2264 2280 2523 2345 nominis,
2559 2290 2613 2335 et
2646 2281 2739 2347 qui
2774 2280 2897 2350 ejus
2928 2296 2958 2334 a
2995 2280 3104 2335 Deo
3134 2282 3322 2336 electae
3352 2297 3474 2337 ma-

1890 2371 2073 2441 iestati
2107 2372 2287 2427 devoti
2319 2387 2537 2437 sumus,
2579 2372 2833 2427 hortatus
2884 2381 2990 2437 est,
3044 2382 3100 2426 ut
3149 2388 3246 2441 pro
3266 2373 3474 2427 viribus

1890 2463 2324 2528 difl'amaremus,
2377 2476 2545 2533 atque
2598 2478 2628 2517 a
2678 2468 2908 2518 veritate
2939 2464 3325 2519 abhorrentem
3377 2465 3475 2518 d0-

1890 2558 2125 2611 ctrinam
2162 2557 2305 2610 hanc
2327 2556 2861 2622 demonstraremus,
2892 2572 2999 2611 non
3036 2556 3216 2612 solum
3263 2557 3317 2610 in
3355 2573 3474 2611 ma-

1890 2647 2106 2702 nifestis
2156 2647 2300 2701 circa
2346 2645 2515 2701 Deum
2572 2646 2955 2716 conceplibus,
2984 2662 3173 2701 verum
3218 2647 3382 2702 etiam
3418 2648 3472 2702 in

1891 2739 2280 2794 communibus
2323 2749 2380 2793 et
2442 2739 2701 2792 universo
2764 2740 3046 2793 hominum
3089 2740 3274 2808 generi
3313 2740 3475 2796 facile

1891 2831 2070 2887 obviis
2101 2832 2440 2887 notionibus.
2472 2832 2642 2901 Igitur
2678 2832 2985 2901 imploratis
3019 2832 3262 2902 ejusdem
3311 2832 3473 2886 Chri-

1891 2922 2114 2991 stopliili
2160 2922 2366 2976 domini
2411 2922 2610 2984 nostri,
2645 2924 2823 2991 magni
2854 2923 3217 2992 imperatoris,
3252 2921 3360 2976 Deo
3385 2937 3472 2976 ac-

1890 3016 2065 3084 ceptis
2094 3017 2412 3083 mundoque
2446 3015 2784 3069 salutaribus
2822 3016 3077 3083 precibus
3098 3056 3113 3080 ,
3150 3030 3273 3069 cum
3304 3014 3477 3084 Spiri-

1891 3114 1979 3161 tus
2026 3105 2200 3160 saneti
2255 3106 2475 3170 virtute,
2531 3106 2652 3159 fidei
2701 3105 2870 3159 lorica
2932 3107 3081 3170 tecti,
3146 3105 3261 3176 spei
3314 3116 3474 3161 scuto

1892 3210 2130 3269 sumpto,
2164 3200 2427 3270 galeaque
2484 3201 2679 3256 salutis
2726 3201 2949 3266 muniti,
2987 3202 3305 3255 mandatum
3354 3202 3475 3268 ejus

1891 3292 2116 3362 exsequi
2146 3295 2516 3362 aggredimur.
2574 3291 2640 3346 Et
2691 3294 2819 3363 quia
2853 3293 3052 3363 duplex
3084 3301 3167 3347 est
3198 3294 3475 3347 antirrhe-

1892 3380 2010 3433 tie:e
2038 3380 2305 3433 orationis
2338 3396 2486 3449 pars,
2510 3397 2616 3434 una
2652 3397 2774 3450 qua:
2808 3383 3091 3450 proprium
3129 3392 3472 3451 assumptum

1892 3472 2235 3539 comprobat,
2293 3474 2461 3526 altera
2504 3488 2627 3541 qua:
2686 3475 3029 3527 contrarium
3081 3474 3322 3539 refutat;
3374 3492 3476 3531 nus

1890 3562 2107 3633 quidem
2139 3564 2281 3631 piam
2312 3576 2554 3623 nostram
2585 3565 3032 3620 Christianorum
3066 3566 3224 3620 fidem
3256 3576 3476 3621 natura-

1891 3652 2097 3707 ralihus
2126 3654 2425 3709 ratiociniis
2453 3670 2561 3723 qua
2595 3655 2799 3724 majore
2832 3656 2945 3709 fieri
2973 3656 3172 3725 poterit
3201 3657 3475 3712 evidentia

1890 3747 2283 3813 ostendemus;
2337 3747 2534 3803 deinde
2594 3757 2914 3819 argumenta
2970 3764 3092 3818 quae
3148 3748 3329 3817 impiae
3370 3750 3473 3803 du-

1891 3838 2083 3891 cti-inae
2140 3837 2324 3895 favere
2376 3840 2660 3905 videntur,
2738 3855 3039 3909 coarguere
3099 3841 3470 3908 conabimur;

1892 3928 2052 3984 modo
2082 3932 2408 3985 naturaliter
2460 3948 2527 3986 ex
2561 3932 2946 3986 communibus
2980 3932 3045 3986 de
3086 3929 3194 3986 Deo
3236 3932 3477 3985 notioni—

1891 4022 2017 4085 bus,
2054 4024 2216 4077 modo
2244 4021 2544 4093 Scriptura:
2573 4024 2928 4088 testimoniis,
2966 4038 3130 4091 quam
3167 4024 3280 4092 ipse
3310 4021 3472 4091 hujus

1890 4116 2015 4172 falsi
2061 4114 2186 4171 libri
2234 4128 2430 4171 auctor
2472 4117 2688 4171 videtur
2731 4117 3044 4172 admittere.
3088 4116 3229 4171 llinc
3285 4124 3471 4170 autem

1891 4209 2111 4265 initium
2135 4210 2373 4279 capiam.

1960 4388 2015 4442 4.
2079 4385 2535 4458 Sapientissimus
2580 4395 2636 4441 et
2689 4385 2963 4455 ibonitatis
3011 4396 3247 4451 amator,
3293 4386 3477 4441 omni-

203 4484 290 4535 καὶ
330 4484 603 4551 πανάγιος
640 4482 794 4547 Θεὸς,
816 4484 916 4553 τὴν
949 4483 1042 4537 τοῦ
1072 4484 1279 4554 κόσμου
1307 4483 1565 4538 σύστασίν
1589 4502 1650 4538 τε
1692 4484 1786 4539 καὶ

1892 4490 2084 4550 potens
2143 4488 2194 4533 et
2262 4479 2645 4535 sanctissimus
2689 4478 2853 4544 Deus,
2914 4478 3007 4550 qui
3058 4480 3248 4533 mundi
3302 4480 3470 4550 hujus

201 4576 450 4629 οὐσίωσιν
509 4573 572 4639 ἐξ
618 4575 718 4626 οὐκ
760 4573 929 4627 ὅντων
964 4576 1250 4646 παράγων,
1293 4575 1413 4648 ἦτοι
1459 4577 1518 4628 ιν
1558 4576 1787 4646 δυνάμει

1892 4570 2342 4626 constitutionem
2374 4578 2431 4624 et
2456 4568 2840 4623 exsistentiam
2868 4583 2932 4621 ex
2963 4583 3072 4621 non
3122 4568 3472 4622 exstantibus

202 4667 420 4729 δυνατὸς
452 4668 538 4720 ὢν
567 4667 770 4737 ταύτην
803 4667 1235 4739 ἐδημιούργησεν
1260 4683 1325 4720 τε
1378 4667 1473 4720 καὶ
1531 4670 1789 4739 παρήγα-

206 4776 314 4826 γεν,
349 4761 381 4831 ἢ
414 4760 521 4813 οὐκ
568 4759 627 4812 ὲν
681 4757 911 4828 δυνάμει
946 4758 1169 4822 δυνατὸς
1215 4758 1293 4811 ῶν
1322 4774 1337 4792 ·
1385 4760 1434 4811 εἰ
1481 4757 1579 4829 μὲν
1603 4759 1704 4812 οὐκ
1731 4759 1790 4811 ὲν

203 4853 443 4925 δυνάμει,
476 4851 699 4923 ψευδεῖς
714 4851 769 4903 al
793 4850 1201 4918 κατειθισμέναι
1224 4850 1353 4919 περὶ
1376 4850 1509 4903 Θεοῦ
1540 4852 1653 4913 τοῖς
1691 4852 1790 4903 ἀν-

206 4946 436 5014 θρώποις
470 4943 728 5014 ἀκριϐεῖς
765 4945 858 4997 καὶ
891 4944 1067 4996 κοιναὶ
1115 4942 1335 5007 ἔννοιαι,
1393 4943 1684 5013 λεγόμεναί
1730 4961 1791 4997 τε

204 5038 291 5091 καὶ
322 5035 702 5109 κρατούμεναι
746 5051 758 5063 ·
782 5035 874 5088 καὶ
914 5034 1031 5098 πῶς
1062 5033 1127 5087 ἂν
1156 5035 1186 5087 ό
1216 5034 1378 5097 αὐτὸς
1401 5034 1467 5087 τὰ
1492 5034 1619 5105 τῇδε
1665 5051 1791 5089 συν-

206 5131 384 5199 έδησεν
426 5146 489 5182 τε
535 5128 631 5181 καὶ
660 5128 1022 5198 συνήρμοσεν,
1078 5126 1170 5178 καὶ
1219 5127 1297 5189 είς
1342 5126 1597 5179 οὐσίωσιν
1650 5144 1792 5198 παρ-

208 5224 445 5294 tergaest;
479 5223 517 5293 ἢ
550 5221 671 5285 πῶς
692 5222 721 5274 ό
746 5220 909 5283 αὐτὸς
935 5219 1272 5289 παρακτικός
1308 5236 1368 5272 τε
1399 5220 1496 5273 καὶ
1526 5220 1790 5290 δημιουρ-

208 5317 293 5384 γὸς
310 5317 375 5370 ἂν
400 5319 516 5389 είη,
567 5316 661 5368 καὶ
686 5315 748 5368 τὸ
785 5317 886 5386 τῆς
916 5314 1281 5384 δημιουργίας
1307 5312 1500 5384 ὄνομα,
1548 5314 1669 5385 ἦτοι
1690 5312 1790 5381 τῆς

207 5411 410 5463 τοιᾶσδε
464 5407 775 5477 ἐνεργείας,
812 5406 1095 5477 ἀραρότως
1140 5406 1228 5458 ἐπ’
1294 5405 1458 5458 αὐτὸν
1489 5404 1788 5473 ὲπιτεθείη,

208 5502 284 5554 ἐπ’
310 5502 374 5556 ἂν
395 5501 570 5563 αὐτὸς
601 5501 664 5553 ἐν
690 5498 963 5569 ἀδυναμίᾳ
987 5497 1079 5551 καὶ
1112 5496 1365 5568 ἀσθενείᾳ
1394 5496 1609 5566 φύσεως
1630 5513 1791 5568 περι-

208 5597 499 5666 γράφηται,
535 5593 635 5648 καὶ
665 5591 739 5655 ὡς
775 5590 1035 5653 ἀδύνατος
1080 5589 1212 5654 Θεδς
1258 5588 1540 5661 λογίζηταί
1593 5606 1653 5643 τε
1698 5590 1792 5643 καὶ

212 5691 566 5758 πιστεύηταις
610 5683 688 5737 Τὸ
723 5682 832 5751 γὰρ
862 5682 1007 5749 Θεὸς
1052 5681 1247 5753 ὄνομα,
1275 5680 1376 5734 οὐκ
1433 5681 1596 5737 ἄλλου
1622 5681 1790 5746 τινὸς,

210 5778 277 5840 ὡς
309 5779 479 5846 ἔγωγε
519 5772 701 5847 οἶμαι,
735 5774 907 5846 ἀλλ’ἢ
946 5775 1045 5845 τῆς
1083 5772 1481 5845 δημιουργικῆς
1512 5772 1794 5844 ἐνεργείας

215 5871 539 5940 σημαντικόν
562 5886 623 5924 τε
663 5871 757 5923 καὶ
786 5867 1195 5940 παραστατικὸν
1227 5867 1293 5924 ἂν
1348 5867 1435 5939 εἴη
1462 5882 1477 5897 ο
1523 5867 1682 5940 είπερ
1730 5867 1792 5922 τὸ

1891 4662 2173 4734 produxit,
2210 4663 2295 4717 vel
2327 4662 2571 4732 potentia
2625 4660 2886 4731 praeditus
2916 4660 3058 4714 hanc
3106 4659 3287 4715 effecit
3315 4676 3470 4714 crea-

1894 4757 2097 4811 tionem
2134 4763 2189 4810 et
2212 4754 2664 4824 productionem,
2718 4753 2803 4807 vel
2849 4765 2914 4805 ea
2946 4750 3191 4821 potentia
3228 4750 3470 4806 carebat.

1892 4848 2055 4918 Atqui
2090 4852 2135 4901 si
2168 4847 2411 4918 potentia
2440 4846 2652 4910 caruit,
2688 4842 2837 4899 falsa:
2874 4850 3003 4898 sunt
3050 4852 3328 4897 consuetae
3366 4842 3474 4896 illae

1896 4941 2211 4995 hominibus
2238 4942 2305 4995 de
2329 4938 2439 4994 Deo
2467 4947 2739 4994 accuratae
2760 4948 2815 4992 et
2838 4951 3163 4992 communes
3197 4937 3473 4995 n0tiones.

1893 5030 2138 5100 quazdici
2169 5030 2346 5085 solent
2370 5037 2424 5084 et
2448 5029 2609 5099 vulgo
2632 5027 3009 5083 dominantur.
3031 5024 3167 5080 Nam
3194 5028 3476 5102 quomodo

1896 5125 1944 5178 is
1979 5122 2256 5177 mundana
2303 5123 2418 5178 llaec
2460 5119 2826 5192 compegisset
2870 5129 2925 5175 et
2957 5119 3382 5183 confermasset,
3424 5128 3478 5174 et

1894 5217 1961 5271 ad
1995 5216 2375 5271 exsistenliam
2433 5213 2816 5285 perduxisset?
2866 5212 2962 5269 Vel
3009 5213 3291 5283 quomodo
3330 5213 3473 5266 idem

1895 5323 2151 5380 Operator
2193 5317 2343 5366 esset
2382 5317 2547 5378 atque
2592 5317 2831 5373 creator,
2885 5309 3046 5378 eique
3087 5307 3383 5363 creationis
3423 5315 3477 5360 et

1893 5402 2113 5475 quidem
2142 5412 2306 5457 tanta:
2333 5401 2669 5472 operationis
2702 5398 3080 5455 denominatio
3113 5406 3477 5469 congruenter

1895 5498 2312 5561 attribueretur,
2347 5496 2393 5551 si
2436 5495 2757 5566 impotentia
2793 5503 3113 5562 naturaeque
3161 5491 3478 5546 infirmitate

1893 5590 2245 5652 limitaretur,
2287 5589 2539 5657 Deusque
2589 5588 2862 5657 impotens
2901 5591 3252 5653 reputaretur
3279 5591 3334 5636 et
3361 5596 3479 5634 crc—

1893 5682 2168 5747 dereturi,
2195 5681 2328 5736 Nam
2375 5679 2466 5734 Dei
2519 5694 2717 5734 nomen
2778 5677 2921 5731 haud
2966 5676 3107 5731 alius
3138 5677 3250 5741 rei,
3290 5681 3477 5741 utego

1896 5776 2161 5840 arbitror,
2195 5775 2301 5830 nisi
2338 5772 2622 5828 creatricis
2650 5769 2902 5826 efﬁcacia:
2940 5767 3361 5849 signiﬁcalivum
3391 5772 3478 5818 est

1894 5878 1948 5926 et
1966 5868 2487 5935 demonstrativum,
2516 5865 2777 5937 quoniam
2821 5863 2939 5934 ipsa
2970 5871 3116 5919 certe
3147 5859 3345 5925 deitas,
3374 5857 3476 5914 hac
