4194 6432
760 400 868 463 6'75

2041 390 2333 453 NICET/E
2374 390 2791 454 BYZANTINI

3935 398 4044 461 (376

762 511 976 564 ratione
998 506 1366 572 considerata,
1398 503 1814 562 innominabil-is
1838 512 1942 569 est,
1999 504 2334 559 inenarrabi-

2446 512 2599 563 Θεῖον
2624 509 2766 564 κατά
2790 508 2881 563 τὸν
2908 510 3058 563 τουτί
3097 510 3211 563 ἐστι
3251 508 3428 578 λόγον,
3489 513 3932 584 ἀκατονόμαστόν
3973 538 4034 573 τε

758 600 850 665 lis,
883 611 1046 670 atque
1074 597 1494 668 ineXpIicabilis.
1518 597 1746 653 Etiamsi
1774 596 1924 651 enim
1960 596 2151 649 multis
2176 610 2343 665 pecn-

760 692 967 747 liariter
996 692 1050 746 in
1091 692 1275 745 divina
1308 702 1501 744 natura
1566 690 1662 744 Dei
1696 705 1892 745 nomen
1929 699 2186 758 tanquam
2221 704 2347 755 pro-

761 785 937 851 prium
976 784 1216 844 videtur,
1244 780 1390 836 haud
1419 790 1545 850 apte
1569 782 1639 836 ita
1670 782 1937 852 accipitur
1970 800 1982 835 :
2014 796 2250 850 namque
2278 796 2345 834 ex

760 877 863 928 hoc
896 877 1118 929 nomine
1144 889 1369 945 prorsus
1401 881 1455 926 et
1511 874 1767 943 potentia;
1798 873 1915 928 idea
1942 872 2257 927 necessario
2290 872 2345 925 in

756 968 918 1023 nobis
972 968 1305 1023 conﬁcitur:
1346 968 1616 1037 siquidem
1671 970 1853 1023 omnis
1898 969 2147 1037 operatio
2200 967 2344 1022 haud

755 1061 963 1129 absque
997 1061 1237 1129 potentia
1283 1068 1403 1123 est,
1461 1068 1518 1113 ut
1577 1060 1720 1115 facta
1760 1068 2056 1114 testantur.
2121 1060 2177 1114 Si
2214 1074 2346 1130 ergo

759 1150 919 1212 Deus,
972 1162 1032 1205 ut
1096 1152 1447 1218 supponitur,
1506 1152 1715 1220 absque
1779 1151 2023 1221 potentia
2077 1151 2342 1204 mundum

754 1244 1033 1311 produxit,
1064 1244 1408 1309 eXploratum
1441 1253 1523 1296 est
1552 1259 1674 1296 eum
1702 1246 1945 1312 potentia
1984 1259 2193 1298 carere.
2230 1242 2338 1308 Qui

754 1342 936 1385 autem
968 1332 1210 1400 petentia
1236 1334 1411 1396 caret,
1446 1332 1589 1385 idem
1633 1348 1662 1386 a
1696 1333 1936 1387 creando
1969 1335 2290 1403 prohibetur
2327 1352 2339 1388 :

753 1424 845 1493 qui
873 1439 1005 1480 vero
1035 1440 1063 1476 a
1093 1425 1448 1494 producendo
1470 1435 1524 1479 et
1558 1426 1799 1480 creando
1835 1426 2178 1494 prohibetur,
2200 1426 2341 1479 idem

753 1517 920 1569 etiam
971 1517 1273 1585 quominus
1325 1517 1466 1572 Deus
1507 1519 1579 1573 sit
1634 1517 1959 1586 dicaturque
1996 1517 2342 1585 prohibetur.

754 1606 1115 1661 Concluditur
1155 1622 1285 1675 ergo
1332 1616 1392 1659 ut
1435 1606 1579 1661 Deus
1609 1605 1835 1659 minime
1883 1602 2029 1661 Deus
2060 1606 2165 1673 sit;
2197 1606 2341 1678 quod

755 1706 842 1752 est
873 1698 1262 1768 irreligiosum.

823 1808 875 1861 5.
918 1808 985 1861 Ει
1016 1808 1173 1861 aliter
1202 1825 1213 1860 :
1252 1807 1306 1860 Si
1339 1822 1517 1873 agere,
1559 1822 1662 1860 non
1698 1807 1816 1861 sine
1849 1808 2090 1877 potentia
2123 1816 2205 1862 est
2234 1826 2248 1874 ;
2288 1807 2339 1862 id

754 1902 899 1967 quod
929 1900 1166 1968 potentia
1197 1910 1367 1960 caret,
1409 1900 1603 1967 agendi
1643 1914 1866 1968 quoque
1899 1901 1946 1951 vi
1981 1900 2214 1952 naturali
2248 1916 2340 1954 ca-

750 2003 867 2054 ret;
904 1991 1051 2058 quod
1109 1999 1291 2043 autem
1342 1991 1664 2044 naturaliter
1708 2006 1817 2044 non
1848 2000 2026 2060 potest
2056 2006 2238 2061 agere,
2273 2007 2342 2046 ne

746 2084 999 2151 producit
1029 2084 1252 2151 quidem
1281 2101 1294 2146 ;
1325 2082 1471 2152 quod
1505 2094 1682 2137 autem
1720 2083 1768 2136 vi
1819 2084 2039 2153 propria
2064 2100 2129 2137 cx
2166 2085 2338 2140 nihilo

751 2185 860 2221 non
894 2171 1165 2237 producit,
1212 2186 1277 2224 ne
1310 2170 1452 2223 Dens
1484 2172 1703 2239 quidem
1732 2182 1814 2227 est
1848 2189 1863 2227 :
1895 2188 2024 2244 ergo
2054 2172 2195 2228 Deus
2228 2191 2336 2230 non

744 2273 829 2313 est
894 2262 1073 2326 Deus;
1124 2264 1267 2331 quod
1304 2264 1453 2316 omni
1492 2265 1829 2333 blasphemia
1887 2266 2106 2333 plenum
2139 2276 2240 2322 est.
2280 2267 2338 2323 Si

747 2354 930 2422 itaque
966 2353 1134 2407 Deum
1168 2355 1376 2423 absque
1402 2356 1642 2424 potentia
1676 2370 1917 2421 creasse,
1944 2373 2127 2413 sermo
2152 2369 2340 2415 noster

747 2444 1085 2512 impossibile
1139 2444 1630 2513 hlasphemnmque
1663 2445 2095 2512 demonstravit;
2142 2463 2338 2517 super-

744 2546 828 2586 est
870 2546 927 2587 ut
960 2551 1147 2588 verum
1181 2536 1509 2604 lirmumqne
1548 2538 1639 2599 sit,
1677 2552 1801 2590 eum
1835 2540 2051 2607 propria
2097 2540 2336 2608 potentia

745 2642 927 2693 posse,
961 2626 1122 2695 cujus
1178 2627 1251 2681 rei
1289 2629 1444 2681 testis
1477 2638 1559 2682 est
1590 2629 1887 2683 evidentia.
1922 2630 2196 2695 Quoniam
2233 2632 2339 2685 ita-

745 2736 853 2787 que
906 2736 1028 2772 t'ttttt
1062 2721 1301 2789 potentia
1355 2720 1497 2773 Deus
1528 2722 1791 2776 mundum
1825 2724 2100 2790 produxit,
2132 2738 2340 2793 suaque

745 2812 1016 2877 sapientia
1072 2814 1255 2865 ontuia
1314 2813 1618 2880 gubernat,
1652 2823 1708 2867 ut
1746 2814 1845 2884 ipsi
1876 2816 2041 2869 etiam
2103 2816 2339 2884 Agat-eui

744 2918 970 2969 prorsus
1018 2912 1354 2967 coocedeut,
1407 2906 1753 2974 exploratum
1791 2917 1895 2972 est,
1935 2924 2061 2961 eum
2091 2923 2214 2961 esse
2245 2923 2339 2976 po-

746 3004 974 3047 tentem.
1025 2994 1219 3049 Omnis
1254 3012 1383 3051 vero
1444 3007 1639 3066 potens
1687 2999 1984 3067 potentiam
2032 3000 2194 3054 habet
2230 3014 2337 3068 qua

744 3096 937 3154 potens
985 3077 1086 3150 est,
1132 3096 1187 3141 et
1237 3103 1343 3157 qua
1380 3098 1641 3158 tanquam
1675 3100 1867 3159 potens
1900 3092 2045 3161 agit,
2084 3099 2139 3145 et
2176 3092 2337 3160 cujus

2449 604 2545 655 καὶ
2570 604 2948 673 άνέκφραστον
2977 604 3074 655 καὶ
3097 604 3504 675 άνερμήνευτον
3534 607 3857 661 καθίσταται
3882 625 3896 639 ο
3928 611 4039 662 κάν

2447 698 2559 756 τοῖς
2585 695 2801 759 πολλοῖς
2843 694 3152 760 ἰδιαζόντως
3175 697 3269 750 ἐπὶ
3302 696 3401 767 τῆς
3430 697 3580 762 θείας
3632 701 3848 767 φύσεως
3892 704 4048 755 τουτὶ

2451 789 2513 842 τὸ
2543 788 2687 852 Θεὸς
2708 788 2900 858 ὄνομα,
2925 789 3176 859 ὦσπερΙτι
3195 790 3381 861 κύριον
3411 795 3761 861 σημαντικὸν,
3783 796 3842 847 οὺ
3872 814 4045 863 προσ-

2452 880 2604 947 φυῶς
2637 878 2974 948 ἐξείληπται,
3000 880 3057 945 ἐξ
3084 874 3145 935 οὗ
3170 863 3441 950 ὸνόματος
3479 884 3695 945 πάντως
3730 886 3823 938 καὶ
3878 886 4040 938 δυνα-

2450 972 2573 1025 σθαι
2604 973 2735 1041 ἡμῖν
2763 971 2823 1036 ἐξ
2843 971 3088 1041 ἀνάγκης
3119 974 3545 1041 συναναφύεται·
3587 978 3745 1046 εἴπερ
3778 978 3925 1029 πάσα
3956 979 4046 1029 ὲν-

2446 1065 2636 1135 έργεια
2670 1067 2805 1135 μετὰ
2831 1064 3111 1135 δυνάμεως
3153 1067 3230 1134 (5)
3257 1083 3269 1095 °
3317 1068 3412 1121 καὶ
3458 1072 3727 1138 μαρτυρεῖ
3771 1068 3840 1120 τά
3900 1070 4047 1139 πρά-

2447 1171 2667 1225 γματα·
2705 1158 2753 1211 ει
2778 1155 2873 1209 οὖν
2899 1160 2927 1209 6
2954 1156 3108 1219 Θεὸς,
3139 1156 3214 1219 ὼς
3252 1158 3511 1227 ὑπετέθη.
3557 1159 3658 1209 οὐκ
3706 1160 3763 1211 ὲν
3808 1159 4045 1227 δυνάμει

2447 1248 2539 1301 τὸν
2569 1248 2775 1315 κόσμον
2800 1251 3146 1318 παρήγαγεν,
3192 1250 3425 1319 φανερὸν
3476 1252 3557 1303 ὅτι
3590 1252 3883 1321 ἐστέρηται
3944 1252 4042 1304 τοῦ

2447 1342 2708 1396 δύνασθαι
2746 1357 2761 1373 ⁸
2796 1341 2824 1394 ὃ
2862 1343 2919 1396 δὲ
2949 1345 3239 1414 ἐστέρηται
3272 1342 3365 1395 τοῦ
3399 1343 3685 1407 δύνασθαι,
3748 1346 4044 1416 ἐστέρηται

2446 1434 2540 1486 καὶ
2563 1434 2655 1487 τοῦ
2684 1435 2951 1504 παράγειν
2982 1452 2997 1467 ·
3028 1436 3055 1488 δ
3088 1435 3145 1488 δὲ
3170 1435 3460 1505 ἐστέρηται
3508 1438 3601 1489 καὶ
3628 1437 3719 1490 τοῦ
3767 1439 4043 1506 παράγειν

2446 1523 2540 1576 καὶ
2596 1526 2965 1595 δημιουργεῖν,
3028 1528 3316 1597 ἐστέρηται
3374 1527 3469 1581 τοῦ
3512 1525 3649 1582 εἶναι
3693 1529 3824 1592 Θεός
3855 1546 3912 1582 τε
3944 1532 4043 1582 καὶ

2445 1611 2705 1680 λέγεσθαι
2738 1630 2751 1644 ·
2781 1616 3075 1682 συνάγεται
3106 1617 3215 1687 ἄρα
3254 1618 3335 1670 ὅτι
3365 1620 3392 1671 6
3414 1617 3545 1681 Θεὸς
3570 1618 3629 1670 οὐ
3665 1620 3795 1683 636';
3830 1635 3843 1647 ’
3900 1622 4042 1690 ὅπερ

2446 1703 2661 1767 ἀσεδές.

2516 1802 2575 1848 ε’.
2607 1795 2716 1849 Καὶ
2746 1795 2956 1859 ἄλλως·
2993 1798 3054 1849 Εἰ
3096 1794 3157 1847 τὸ
3189 1798 3382 1861 ποιεῖν,
3422 1798 3559 1866 μετά
3608 1797 3914 1867 δυνάμεως,
3974 1803 4039 1853 τὸ

2457 1886 2531 1957 μὴ
2570 1888 2627 1940 ὲν
2651 1887 2898 1957 δυνάμει,
2922 1888 3042 1941 οὐδὲ
3076 1889 3283 1955 πέφυκε
3322 1894 3497 1943 ποιεῖν
3530 1908 3543 1920 ⁸
3580 1892 3608 1945 ὃ
3646 1894 3701 1947 δὲ
3749 1896 3807 1946 οὗ
3866 1899 4035 1957 ποιεῖ,

2450 1981 2571 2033 οὐδὲ
2606 1980 2872 2049 πέφυκεν,
2902 1981 3024 2033 οὐδὲ
3062 1986 3324 2051 παράγει·
3356 1983 3385 2035 ὃ
3418 1985 3474 2037 δὲ
3520 1986 3579 2038 οὐ
3620 1987 3889 2057 παράγειν
3935 1989 4036 2039 πέ-

2450 2090 2620 2141 φυκεν
2643 2075 2705 2126 ἐκ
2737 2074 2811 2143 μὴ
2840 2073 3029 2137 ὄντων,
3059 2076 3178 2129 οὐδὲ
3209 2076 3340 2139 Θεός
3366 2093 3378 2106 ·
3414 2080 3441 2130 6
3464 2078 3595 2142 Θεὸς
3623 2081 3728 2151 ἄρα
3774 2082 3833 2132 οὐ
3870 2081 4002 2143 Θεός
4021 2097 4035 2111 ·

2448 2166 2586 2236 ὅπερ
2613 2168 2730 2220 ἐστὶ
2765 2167 2945 2236 πάσης
2990 2165 3343 2237 βλασφημίας
3390 2170 3715 2239 ἀνάμεστον.
3758 2173 3820 2225 Εἰ
3853 2171 3946 2225 οὖν
3976 2174 4040 2224 τὸ

2452 2258 2526 2329 μὴ
2576 2259 2633 2311 ὲν
2677 2257 2910 2327 δυνάμει
2950 2258 3039 2311 τὸν
3087 2259 3221 2312 Θεὸν
3267 2262 3539 2330 παράγειν
3582 2266 3610 2315 6
3646 2263 3802 2331 λόγος
3839 2266 4039 2328 ἔδειξεν

2448 2350 2708 2404 ἀδύνατόν
2729 2368 2785 2403 τε
2818 2351 2912 2402 καὶ
2945 2351 3285 2420 βλάσφημον,
3329 2352 3579 2408 λείπεται
3625 2355 3684 2407 τὸ
3717 2357 3772 2407 ὲν
3802 2356 4036 2426 δυνάμει

2446 2441 2667 2503 δυνατὸς
2690 2442 2765 2494 ὢν
2794 2442 2994 2512 ἀληθές
3050 2462 3109 2496 τε
3163 2445 3256 2497 καὶ
3312 2443 3527 2514 βέϐαιον
3558 2464 3572 2478 ο
3608 2451 3701 2499 καὶ
3757 2450 3967 2517 μάρτυς
4003 2452 4034 2518 ἡ

2448 2531 2707 2597 ἐνάργεια
2735 2532 2832 2601 [ita
2860 2534 2974 2586 rod.
3077 2535 3229 2587 Ἐπεὶ
3256 2534 3349 2591 οὖν
3372 2539 3427 2589 ἐν
3457 2537 3682 2606 δυνάμει
3713 2540 3741 2589 6
3763 2540 3893 2603 Θεὸς
3942 2541 4035 2592 τὸν

2447 2624 2651 2691 κόσμον
2686 2626 3029 2693 παρήγαγεν,
3066 2627 3159 2679 καὶ
3180 2616 3245 2698 τῇ
3271 2629 3433 2700 σοφίᾳ
3466 2630 3633 2681 αὑτοῦ
3668 2630 3728 2683 τὸ
3761 2632 3867 2684 πᾶν
3910 2631 4033 2682 δια-

2449 2714 2703 2785 κυῦερνᾷ,
2745 2715 2820 2777 ὼς
2852 2719 2944 2769 καὶ
2976 2718 3128 2770 αὐτοὶ
3159 2720 3374 2780 πάντως
3399 2721 3449 2772 οἱ
3479 2724 3543 2773 ὲκ
3592 2722 3688 2790 τῆς
3718 2723 3896 2790 Ἅγαρ
3933 2723 4039 2790 φή-

2450 2821 2621 2857 σαιενο
2655 2806 2888 2876 φανερὸν
2916 2807 2998 2858 ὃτι
3032 2809 3254 2872 δυνατός
3277 2812 3422 2862 ἐστιν
3456 2827 3468 2838 ·
3532 2813 3639 2872 πᾶς
3687 2812 3741 2863 δὲ

2445 2896 2673 2966 δύναμιν
2711 2897 2823 2966 ἔχει
2868 2897 2989 2950 καθ’
3035 2899 3101 2967 ἦν
3158 2902 3273 2952 ὲστι
3303 2900 3548 2965 δυνατὸς,
3583 2904 3676 2954 καὶ
3696 2902 3762 2955 δι’
3790 2898 3856 2972 ἧς
3886 2905 4034 2955 ποιεῖ

2446 2987 2520 3048 ὡς
2566 2987 2807 3050 δυνατὸς,
2874 2988 2966 3039 καὶ
3012 2989 3096 3039 ἐπ’
3156 2989 3319 3041 αὑτὸν
3366 2990 3427 3041 τὸ
3456 2991 3714 3043 δύνασθαι
3750 2991 3971 3059 λέγεται
4013 3008 4026 3021 ·

2449 3082 2743 3145 συνάγεται
2795 3079 2902 3147 ἄρα
2963 3080 3042 3131 ὅτι
3085 3080 3113 3132 6
3162 3081 3219 3131 ὲν
3245 3081 3470 3150 δυνάμει
3525 3082 3659 3144 Θεὸς
3708 3083 3799 3135 τὸν
3830 3084 4035 3153 κόσμον

3808 2812 4036 2870 δυνατὸς

743 3193 913 3231 eausa
970 3179 1016 3232 is
1053 3190 1247 3248 potens
1297 3180 1517 3235 dicitur.
1573 3181 1878 3236 Conlieitnr
1929 3198 2081 3251 ergo,
2114 3195 2171 3237 ut
2205 3184 2332 3253 quia

2446 3172 2677 3240 πράξας,
2714 3172 2943 3242 δύναμιν
2972 3173 3082 3241 ἔχει
3114 3172 3237 3225 καθ’
3283 3174 3349 3242 ἦν
3373 3175 3488 3226 ἐστι
3525 3174 3772 3239 δυνατὸς,
3824 3176 3917 3227 καὶ
3966 3175 4035 3227 δι’

746 3267 887 3320 liens
936 3285 1060 3323 cum
1113 3273 1356 3338 potentia
1411 3272 1679 3325 mundum
1720 3272 1995 3342 produxit,
2036 3275 2333 3343 potentiam

742 3359 966 3423 haheat,
992 3377 1098 3429 qua
1133 3372 1326 3430 potens
1350 3372 1451 3427 est,
1486 3372 1536 3415 et
1570 3378 1677 3432 qua
1714 3365 1842 3431 agit,
1878 3373 1932 3417 ct
1969 3364 2127 3431 cujus
2165 3378 2333 3417 causa

740 3461 934 3519 potens
966 3468 1087 3506 esse
1121 3454 1355 3506 videtur.
1392 3452 1548 3518 Quod
1580 3454 1625 3508 si
1679 3455 1751 3507 ita
1784 3465 1890 3520 est,
1922 3456 2110 3525 utique
2141 3467 2335 3527 poten-

744 3553 816 3595 tta
851 3559 973 3611 qua:
1027 3544 1295 3609 habetur,
1337 3545 1556 3599 diversa
1603 3545 1672 3599 ab
1705 3547 1941 3601 habente
1994 3552 2118 3602 erit.
2177 3549 2334 3604 Nulla

739 3636 881 3687 enim
916 3651 1003 3689 res
1030 3646 1086 3689 et
1112 3637 1314 3689 habere
1362 3637 1528 3690 simul
1553 3646 1607 3690 et
1634 3637 1824 3692 haberi
1855 3640 2157 3693 secundum
2178 3641 2332 3699 idem

742 3728 945 3781 dicitur
974 3746 989 3794 ;
1021 3728 1181 3782 sicuti
1211 3746 1318 3783 non
1354 3740 1441 3785 est
1471 3731 1613 3785 idem
1649 3731 1742 3801 qui
1778 3731 1945 3796 videt,
1977 3740 2031 3787 et
2060 3748 2148 3787 res
2181 3734 2331 3799 visa;

741 3835 923 3889 neque
959 3822 1052 3889 qni
1087 3823 1303 3889 pulsat,
1347 3833 1400 3876 et
1434 3824 1529 3892 qui
1566 3823 1846 3893 pulsatur;
1886 3840 1984 3877 nee
2010 3824 2102 3893 qui
2139 3839 2337 3893 cogno-

738 3912 843 3964 scit
882 3913 1025 3965 idem
1055 3924 1142 3967 est
1171 3929 1235 3966 ac
1266 3914 1544 3983 cognitus,
1580 3930 1678 3969 nec
1704 3916 1797 3985 qui
1834 3916 2023 3969 scribit
2055 3916 2194 3971 idem
2227 3926 2331 3982 est,

737 4005 881 4073 quod
941 4006 1223 4059 scribitur.
1273 4008 1453 4071 Quare
1510 4018 1678 4076 patet,
1749 4007 1893 4061 haud
1946 4007 2124 4077 ipsum
2162 4008 2329 4062 Deum

736 4096 1144 4163 quodammodo
1177 4097 1284 4151 dici
1334 4098 1654 4166 potentiam,
1687 4112 1794 4167 qua
1849 4105 2042 4167 potens
2070 4107 2173 4159 est,
2201 4113 2335 4167 qua-

737 4195 901 4241 tenus
934 4189 1232 4255 potentiam
1270 4189 1456 4253 habet,
1499 4198 1553 4242 et
1590 4200 1866 4256 quatenus
1902 4204 1997 4257 per
2043 4189 2188 4243 illam
2222 4188 2333 4257 agit

747 4288 807 4331 ut
836 4290 993 4332 actor
1022 4289 1187 4347 atque
1212 4288 1446 4332 creator.
1479 4278 1632 4343 Quod
1669 4279 1713 4331 si
1755 4280 1855 4331 hoe
1892 4294 2080 4331 verum
2112 4288 2217 4342 est,
2253 4280 2332 4332 uti

740 4382 931 4435 reapse
980 4383 1167 4420 verum
1208 4377 1312 4429 est,
1353 4383 1485 4435 ergo
1528 4383 1623 4436 per
1670 4382 1835 4421 unam
1886 4367 2059 4421 solam
2116 4367 2332 4437 simpli-

738 4474 969 4523 eetnque
1005 4459 1326 4526 potentiam,
1362 4459 1679 4512 universum
1736 4460 2002 4514 mundum
2056 4459 2203 4515 Dens
2238 4475 2333 4513 ex-

2440 3259 2504 3333 ἦς
2531 3266 2692 3327 ποιεῖ,
2729 3266 2821 3316 καὶ
2856 3264 2915 3316 τὸ
2940 3264 3201 3316 δύνασθαι
3234 3265 3322 3317 ἐπ’
3356 3265 3518 3318 αὐτὸν
3542 3266 3761 3333 λέγεται
3796 3284 3809 3297 ·
3871 3269 3920 3318 εἰ
3970 3266 4027 3317 δὲ

2437 3355 2614 3419 τοῦτο,
2656 3357 2751 3408 καὶ
2803 3355 2961 3423 ἑτέρα
2999 3374 3114 3419 πως
3175 3358 3241 3409 ἂν
3287 3356 3369 3426 εἴη
3438 3359 3470 3426 ἡ
3522 3356 3753 3426 ἐχομένη
3802 3358 4034 3426 δύναμις

2437 3448 2529 3500 τοῦ
2556 3448 2767 3517 ἔχοντος
2800 3465 2812 3477 ⁸
2848 3448 2997 3499 οὐδὲν
3023 3449 3131 3516 γὰρ
3167 3448 3272 3499 τῶν
3312 3448 3481 3500 ὅντων
3506 3448 3635 3500 αὐτὸ
3664 3447 3863 3501 ἑαυτοῦ
3890 3451 4035 3501 κατά

2438 3539 2655 3604 ταυτὸν,
2689 3539 2833 3608 ἔχειν
2862 3556 2919 3590 τε
2951 3540 3045 3591 καὶ
3088 3539 3310 3608 ἔχεσθαι
3336 3541 3486 3591 δοκεῖ
3513 3554 3528 3570 ⁸
3572 3540 3760 3611 ὥσπερ
3814 3541 3936 3593 οὐδὲ
3969 3542 4030 3593 τὸ

2440 3634 2571 3685 αὐτὸ
2600 3634 2743 3703 όρῶν
2770 3650 2826 3685 τε
2860 3634 2949 3684 καὶ
2976 3631 3273 3701 ὁρώμενον,
3323 3633 3525 3685 τύπτον
3574 3650 3635 3685 τε
3690 3636 3785 3686 καὶ
3832 3636 4036 3687 τυπτό-

2441 3744 2625 3797 μενον,
2650 3728 2919 3794 γινωσκόν
2953 3744 3013 3778 τε
3065 3729 3158 3779 καὶ
3177 3728 3596 3795 γινωσκόμενον,
3619 3729 3829 3797 γράφον
3850 3747 3907 3782 τε
3935 3730 4033 3781 καὶ

2437 3819 2785 3887 γραφόμενον
2815 3832 2830 3847 ο
2862 3817 3004 3869 ὥστε
3043 3818 3200 3884 δῆλον
3237 3820 3318 3870 ὅτι
3342 3818 3539 3887 τρόπον
3565 3820 3705 3881 τινά,
3740 3820 3839 3871 οὐκ
3871 3822 4033 3883 αὐτός

2436 3911 2540 3964 τεό
2572 3910 2704 3972 Θεὸς
2732 3909 2963 3979 δύναμις
2986 3909 3225 3976 λέγεται,
3260 3911 3381 3964 καθ’
3411 3912 3479 3980 ἦν
3516 3914 3633 3965 ἐστι
3675 3912 3919 3977 δυνατὸς,
3954 3915 4033 3977 ὡς

2438 4002 2579 4072 ἔχων
2613 4002 2864 4070 δύναμιν,
2910 4001 3001 4054 καὶ
3036 4000 3103 4053 δι’
3151 3996 3217 4071 ἧς
3270 4004 3416 4053 ποιεῖ
3457 4004 3485 4055 6
3530 4005 3759 4071 ποιητής
3816 4022 3874 4056 τε
3933 4007 4034 4057 καὶ

2434 4095 2805 4165 δημιουργός⁹
2858 4094 3001 4148 εἰδὲ
3068 4093 3226 4146 τοῦτο
3286 4094 3509 4163 ἀληθὲς,
3551 4094 3739 4165 ὥσπερ
3792 4094 3890 4148 οὖν
3933 4099 4032 4149 καὶ

2436 4184 2657 4251 ἀληθὲς,
2682 4185 2791 4254 ἄρα
2815 4201 2878 4250 γε
2903 4184 3044 4236 κατὰ
3081 4184 3210 4253 μίαν
3232 4186 3401 4255 μόνην
3428 4186 3522 4238 καὶ
3566 4186 3741 4254 ἁπλῆν
3767 4186 4026 4253 δύναμιν,

2436 4274 2613 4327 πάντα
2646 4274 2737 4327 τὸν
2765 4273 2967 4343 κόσμον
2992 4275 3021 4326 6
3039 4273 3171 4337 Θεὸς
3199 4274 3461 4326 οὖσίωσέν
3480 4292 3539 4327 τε
3568 4275 3662 4327 καὶ
3695 4275 4026 4348 δεδημιοῦρ-

2434 4382 2608 4436 γηκεν
2643 4383 2656 4396 ·
2694 4366 2791 4419 καὶ⁸
2820 4366 3025 4437 ταύτην
3056 4361 3507 4436 πεπερασμένην,
3568 4366 3598 4437 ἦ
3652 4369 3881 4437 ἄπειρον
3915 4385 3929 4399 ·
3990 4369 4025 4438 ἦ

2436 4460 2579 4511 κατὰ
2602 4456 2879 4520 πλείονας,
2924 4460 3018 4510 καὶ
3052 4458 3255 4521 ταύτας
3305 4460 3731 4529 πεπερασμένας
3790 4460 3822 4529 ἢ
3874 4460 4032 4513 ἀπεί-

738 4551 989 4603 sistcnlia
1029 4550 1253 4603 donavit
1292 4550 1627 4618 crcavitque.
1689 4549 1859 4603 Porro
1919 4550 2036 4603 haec
2082 4550 2323 4618 potentia

2441 4567 2579 4621 ρους.
2611 4551 2670 4603 Εἰ
2690 4550 2789 4620 μὲν
2812 4547 2907 4603 οὖν
2936 4550 3077 4602 κατά
3101 4551 3229 4620 μίαν
3260 4551 3428 4621 μόνην
3456 4552 3549 4602 καὶ
3577 4553 4023 4622 πεπερασμένην,

740 4646 820 4696 vel
853 4643 1083 4695 limitata
1122 4651 1225 4705 est,
1255 4642 1337 4696 vel
1366 4643 1578 4696 inﬁnita
1606 4660 1619 4706 ;
1657 4642 1740 4696 vel
1770 4645 1931 4697 etiam
1954 4644 2139 4712 plures
2174 4653 2324 4709 sunt,

737 4737 932 4806 ineque
958 4737 1202 4789 limitata!
1231 4746 1323 4790 aut
1349 4738 1595 4791 inlinitte.
1630 4737 1686 4791 Si
1717 4753 1846 4807 ergo
1874 4738 1983 4807 egit
2008 4753 2103 4807 per
2138 4754 2324 4804 unam,

739 4832 913 4885 solum
958 4844 1022 4883 ac
1066 4830 1376 4892 limitatatn,
1411 4831 1641 4886 evidens
1674 4840 1759 4885 est
1800 4831 2139 4895 absurditas,
2178 4832 2325 4901 quod

736 4922 965 4975 limitata
999 4922 1240 4990 potentia
1278 4919 1417 4975 Deus
1450 4938 1536 4975 res
1575 4922 1881 4977 mundanas
1909 4924 2228 4993 produxerit
2272 4936 2324 4979 et

735 5020 1044 5065 conservet.
1082 5010 1248 5081 Atqui
1280 5027 1442 5066 omne
1482 5013 1626 5081 quod
1658 5028 1783 5067 cum
1821 5014 2047 5069 limitata
2082 5017 2324 5085 potentia

735 5102 1005 5170 producit,
1040 5103 1275 5156 termino
1327 5117 1698 5172 mensuraque
1754 5106 2030 5160 contineri
2094 5122 2322 5163 necesse

735 5202 838 5254 est,
877 5202 984 5246 tant
1040 5194 1345 5262 quantitate
1394 5193 1605 5247 scilicet
1647 5192 1803 5249 factte
1832 5196 1909 5249 rei
1954 5211 2116 5264 quam
2142 5197 2319 5266 quali.

2436 4646 2661 4696 σκοπεῖν
2730 4642 2847 4696 ἔστι
2911 4643 2972 4695 τὸ
3045 4643 3247 4697 ἄτοπον
3296 4660 3311 4675 ι
3360 4643 3388 4694 ὁ
3434 4643 3567 4707 Θεὸς
3628 4647 4028 4716 πεπερασμένη

2432 4734 2680 4804 δυνάμει,
2708 4734 2776 4787 τὰ
2800 4734 2926 4805 τῇδε
2954 4734 3276 4803 παρήγαγέν
3302 4751 3360 4786 τε
3389 4735 3481 4787 καὶ
3514 4736 3809 4805 περισώζει
3838 4754 3851 4766 ·
3917 4741 4025 4789 πᾶν

2432 4827 2488 4879 δὲ
2519 4825 2579 4879 τὸ
2615 4827 3012 4898 πεπερασμένη
3039 4827 3266 4895 δυνάμει
3310 4827 3583 4897 παράγον,
3644 4829 4024 4898 συνορξζεσϐαι

2432 4918 2645 4988 ἀνάγκη
2673 4918 2769 4972 καὶ
2798 4919 3253 4989 συμμετρεῖσθαι,
3280 4920 3356 4991 τῷ
3400 4938 3457 4973 τε
3511 4922 3668 4991 ποσῷ
3728 4926 3824 4975 καὶ
3882 4925 4026 4993 ποιῷ

2432 5012 2540 5065 τῶν
2560 5012 2862 5081 γινομένων
2890 5029 2904 5042 ·
2939 5013 3066 5066 εἰδὲ
3096 5013 3275 5075 τοῦτο,
3336 5015 3431 5067 καὶ
3489 5014 3833 5082 συνεκλεὶψει
3872 5032 3887 5046 ο
3944 5016 4024 5085 τῷ

2432 5106 2539 5177 γάρ
2583 5106 3009 5177 πεπερασμένῳ,
3060 5108 3118 5160 ἐν
3171 5106 3385 5177 ἀπείρῳ
3432 5108 3611 5176 χρόνῳ
3659 5106 3905 5176 διαρκεῖν
3960 5108 4020 5159 οὐ

2431 5199 2746 5268 πρόσεστιν.

737 5295 866 5340 tate.
898 5287 1119 5353 Quodsi
1149 5289 1223 5340 ita
1248 5302 1307 5341 se
1339 5287 1522 5354 habet,
1564 5288 1780 5343 deliciet
1811 5290 1976 5343 etiam
2004 5290 2322 5359 aliquando.
2362 5290 2499 5347 Nam
2544 5294 2691 5364 quod
2732 5293 3021 5348 [imitatum
3064 5302 3167 5355 est,
3211 5292 3261 5345 id
3299 5294 3512 5349 inlinito
3585 5304 3828 5363 tempore
3898 5310 4022 5365 per-

733 5381 930 5434 durare
961 5380 1169 5449 nequit.

804 5477 857 5533 6.
905 5478 970 5531 Et
1000 5478 1193 5532 aliter:
1243 5475 1299 5532 Si
1334 5487 1467 5547 ergo
1510 5478 1652 5533 Deus
1684 5478 1914 5532 limitata
1948 5496 2166 5549 unaque
2214 5497 2315 5550 po-

736 5571 899 5625 tentia
930 5572 1280 5626 creatomnia
1308 5586 1432 5641 quae
1457 5570 1597 5625 facta
1622 5581 1772 5639 stmt,
1802 5582 1949 5642 patet
1977 5589 2103 5627 eum
2137 5574 2315 5643 ipsmn

782 5685 1124 5765 ~15)_Rcapse
1151 5684 1203 5737 in
1236 5684 1621 5765 ﬁtymologicq
1644 5701 1864 5765 magno,
1886 5685 2020 5750 Θεὸς
2072 5688 2312 5765 Rapa-.6

734 5756 835 5828 θῶ,
866 5757 925 5828 τὸ
946 5756 1341 5828 κατασκευάζον)
1360 5759 1453 5809 καὶ
1493 5757 1633 5809 ποιῶ
1732 5760 1759 5810 ὁ
1794 5758 2011 5810 πάντων
2056 5756 2309 5828 ποιητὴς,

735 5827 831 5880 καὶ
861 5826 957 5896 τῆς
986 5826 1093 5879 τῶν
1114 5827 1329 5881 πάντων
1362 5830 1707 5897 κατασκευῆς
1727 5829 1921 5893 αἴτιος,
1973 5826 2181 5898 γίνεται
2225 5826 2313 5893 σὸς

2500 5478 2570 5545 ς’.
2614 5478 2725 5532 Καὶ
2770 5476 2971 5539 άλλως·
3006 5476 3068 5535 ΕΞ
3117 5471 3211 5529 οὖν
3241 5479 3268 5529 6
3298 5421 3426 5540 Θειὸς
3477 5478 3875 5548 πεπερασμένη
3926 5482 4021 5533 καὶ⁵

2429 5577 2527 5646 μιᾷ
2558 5574 2787 5642 δυνάμει
2817 5570 3146 5641 δημιουργεῖ
3174 5570 3353 5623 πάντα
3385 5572 3453 5622 τά
3484 5574 3710 5642 γενητὰ,
3749 5572 3914 5643 δῆλον
3939 5577 4019 5628 ὅτι

2421 5690 2515 5742 καί
2539 5686 2691 5747 Θεός.
2731 5684 2865 5737 Deus
2901 5701 2932 5736 a
2961 5685 3114 5737 rerbo
3148 5685 3247 5747 οῶ,
3277 5686 3417 5754 quod
3448 5694 3524 5738 est
3549 5696 3804 5738 constrato
3850 5700 3901 5741 et
3933 5690 4019 5755 fa-

2423 5760 2525 5812 cio.
2565 5756 2755 5809 Rerum
2783 5756 3019 5807 omnium
3056 5755 3253 5824 factor,
3279 5768 3327 5810 et
3382 5758 3552 5810 omnis
3606 5763 4020 5815 constructioni:

2423 5839 2633 5891 auctor,
2663 5827 2723 5895 ﬁt
2752 5824 2841 5890 Θὸς
2868 5836 2917 5880 et
2958 5826 3109 5889 Θεός.
