4194 6432
187 473 289 537 677

1364 465 1789 529 REFUTATIO
1821 462 2292 525 MOHA‘MEDIS.

3324 473 3431 536 673

190 590 283 641 καὶ
315 583 715 657 πεπερασμένη
744 583 971 655 δυνάμει
999 583 1058 636 ὲν
1084 582 1165 652 τῷ
1192 577 1331 635 εἶναι
1360 579 1759 651 χαρακτηρίζε-

1888 580 2085 635 nonnisi
2120 596 2180 633 ex
2210 579 2438 634 [imitata
2472 580 2711 651 polentia
2752 580 3126 637 exsistentiam
3156 584 3433 651 prepriam

190 696 278 731 ται
301 696 319 712 ο
360 679 411 730 εἰ
440 677 496 729 δὲ
524 673 703 740 τοῦτο,
738 675 833 727 καὶ
875 675 976 727 οὑκ
1023 673 1197 736 ἀΐδιος
1218 688 1235 703 ο
1270 672 1559 739 συνάγεται
1604 672 1710 739 ἄρα
1740 672 1766 721 ό

189 768 321 832 Θεὸς
349 768 449 820 οὑκ
485 766 676 831 ἀΐδιος,
727 766 864 837 ὅπερ
913 764 1063 818 ἐστὶν
1115 764 1338 818 ἄτοπον·
1371 766 1418 816 εἰ
1446 764 1489 817 δ’
1523 758 1589 816 αὑ
1626 762 1767 815 κατὰ

192 860 443 922 πλείονας
500 859 926 927 πεπερασμένας
980 856 1239 926 δυνάμεις
1284 855 1469 918 ὁΘεὸς
1526 853 1765 923 παράγει

191 952 369 1005 πάντα
397 950 467 1004 τὰ
494 949 717 1019 γενητὰ,
767 949 888 1001 κατ’
933 948 1084 1002 οὑδέν
1119 950 1234 1000 ἐστι
1261 947 1322 1000 τὸ
1359 947 1513 999 Θεῖον
1546 947 1769 1016 ἀπειρο-

190 1045 430 1114 δὺναμον
455 1062 469 1076 υ
505 1044 597 1095 καὶ
632 1045 712 1104 εἰς
750 1042 946 1095 ταυτὸν
978 1041 1365 1113 συνδραμεῖται
1411 1042 1478 1107 τῇ
1533 1038 1769 1108 προτέρᾳ

192 1137 470 1201 ὑποθέσει,
495 1136 561 1188 δι’
588 1134 855 1205 ἑκατέρας
882 1133 1192 1195 ὑποθέσεως
1217 1149 1227 1160 ·
1262 1132 1357 1185 καὶ
1390 1131 1683 1197 συνάγεται
1709 1129 1769 1181 τὸ

190 1230 336 1283 κατὰ
386 1227 550 1298 μηδὲν
613 1221 753 1279 εἶναι
802 1226 863 1278 τὸ
903 1226 1059 1279 Θεῖον
1107 1224 1561 1295 άπειροδὺναμον.
1615 1222 1771 1276 Ἐπεὶ

194 1315 287 1372 οὖν
316 1320 346 1371 ὁ
375 1318 511 1371 αἰὼν
558 1318 722 1371 οἱονεὶ
773 1316 1004 1387 δῦναμίς
1059 1317 1209 1369 ἐστιν
1263 1317 1511 1384 ἄπειρος,
1547 1314 1579 1384 ἢ
1610 1314 1772 1367 οἱονεὶ

193 1411 470 1480 διάστημα
507 1412 768 1481 ἄπειρον,
819 1409 967 1463 καθά
1015 1411 1127 1473 τοῖς
1170 1410 1535 1479 ὲπιστήμοσιν
1580 1409 1675 1460 καὶ
1703 1408 1770 1477 τῇ

193 1503 424 1574 ἀληθείᾳ
458 1502 628 1564 δοκεῖ.
673 1501 907 1571 φανερὸν
941 1502 1024 1553 ὅτι
1053 1500 1112 1553 τὸ
1134 1500 1374 1573 αἰώνιον,
1424 1500 1513 1552 καὶ
1544 1501 1773 1569 ἀπειρο-

190 1594 468 1664 δὺναμον·
534 1594 685 1647 ἔστιν
733 1592 827 1647 οὑν
878 1591 1299 1660 συλλογίσασθαι
1362 1593 1571 1655 οὑτως·
1605 1592 1670 1644 El
1716 1591 1775 1643 τὸ

193 1686 415 1739 αἰώνιον
462 1687 920 1759 άπειροδὺναμον,
966 1688 1103 1757 ὅπερ
1138 1682 1231 1741 οὑν
1258 1689 1357 1740 οὑκ
1388 1688 1500 1758 ἔχει
1545 1686 1775 1756 δύναμιν

196 1782 450 1851 ἄπειρον,
482 1782 642 1835 τοῦτο
671 1782 792 1835 οὑδὲ
816 1780 1034 1834 αἰώνιόν
1062 1782 1209 1834 ἐστιν
1232 1797 1245 1809 ·
1272 1782 1321 1833 εί
1355 1777 1449 1834 οὖν
1481 1779 1601 1834 κατ’
1625 1780 1774 1832 οὑὸε-

198 1873 330 1941 μίαν
357 1873 465 1926 τῶν
491 1874 772 1944 ἑκατέρων
797 1872 1132 1936 ὑποθέσεων,
1170 1874 1199 1926 ὁ
1224 1871 1355 1934 Θεὸς
1398 1870 1625 1941 ἄπειρον
1660 1870 1775 1940 ἔχει

192 1966 446 2036 δύναμιν,
498 1968 621 2019 κατ’
650 1966 801 2019 οὐδέν
834 1966 983 2019 ἐστιν
1034 1964 1286 2027 αἰώνιος·
1325 1966 1373 2016 εἰ
1407 1964 1463 2017 δὲ
1509 1965 1584 2035 μή
1628 1967 1777 2017 ἐστιν

194 2058 435 2120 αἰώνιος,
478 2058 583 2110 ὑπὸ
632 2058 824 2129 χρόνον
879 2059 1027 2111 ἐστὶν
1071 2056 1131 2121 ἐξ
1176 2056 1457 2127 ἀνάγκηςο
1504 2055 1614 2108 τῶν
1669 2054 1779 2123 γάρ

190 2151 363 2202 ὄντων
395 2150 461 2202 τὰ
496 2150 596 2221 μέν
626 2152 774 2203 ἐστιν
803 2149 999 2204 αίώνια
1025 2189 1039 2211 ,
1090 2149 1157 2203 τά
1197 2148 1254 2202 δὲ
1285 2149 1390 2200 ὑπὸ
1424 2147 1614 2218 χρόνον
1634 2163 1646 2175 ·
1685 2144 1778 2198 καί

194 2241 315 2303 πῶς
360 2241 469 2292 ὑπὸ
526 2241 771 2311 χρόνονὺ
800 2242 910 2293 τῶν
959 2240 1171 2311 χρόνων
1209 2238 1581 2309 δημιουργός;
1631 2237 1678 2289 εί
1721 2237 1777 2289 δὲ

194 2330 376 2395 τοῦτο,
414 2332 508 2383 καὶ
539 2332 713 2401 ἀρχὴν
748 2330 861 2400 ἔχει
906 2331 999 2384 καὶ
1040 2331 1192 2393 τέλος
1217 2347 1229 2360 ·
1274 2329 1366 2382 καὶ
1398 2328 1527 2382 ἄλλο
1555 2345 1606 2380 τι
1629 2326 1778 2395 αὑτῷ

194 2421 350 2475 ἔτται
374 2422 471 2476 τοῦ
503 2418 644 2476 εἶναι
677 2424 771 2475 καὶ
807 2423 908 2493 τῆς
937 2422 1228 2493 ὑπάρξεως
1273 2422 1446 2474 αἴτιον
1468 2438 1482 2452 ο
1515 2422 1610 2474 καὶ
1648 2420 1779 2490 περὶ

195 2518 410 2570 ἐκείνου
439 2519 506 2571 τά
531 2518 672 2570 αὑτὰ
701 2519 1054 2589 ἀπορήσομεν
1072 2534 1084 2547 ·
1118 2518 1212 2570 καὶ
1233 2516 1390 2569 τοῦτο
1411 2516 1497 2569 ἐπ’
1528 2518 1776 2586 ἄπειρον,

195 2609 335 2676 ὅπερ
364 2608 513 2660 ἐστὶν
544 2609 767 2662 ἄτοπον.
799 2609 1060 2660 Λείπεται
1083 2608 1191 2676 ἄρα
1217 2608 1325 2661 τῶν
1344 2608 1548 2660 λοιπῶν
1574 2606 1667 2659 δὺο
1685 2605 1781 2676 τὴν

198 2701 396 2769 ἑτέραν
426 2700 601 2770 άληθῆ
647 2695 809 2765 εἶναι,
856 2701 954 2769 τῆς
988 2700 1306 2771 φασκοὺσης
1339 2700 1471 2771 μίαν
1502 2700 1596 2752 καὶ
1625 2699 1783 2752 ἄπει-

200 2811 319 2863 ρον,
353 2794 449 2846 καὶ
474 2793 572 2861 τῆς
615 2791 816 2855 πολλάς
849 2810 906 2845 τε
936 2793 1030 2846 καὶ
1071 2792 1361 2862 ἀπείρουςο
1410 2791 1526 2845 ἀλλ’
1568 2791 1649 2844 ὅτι
1686 2790 1783 2860 μὲν

200 2882 455 2944 πλείονας
498 2880 756 2949 δυνάμεις
793 2881 889 2932 καὶ
918 2882 1201 2951 ἀπείρους,
1236 2880 1306 2932 δι’
1348 2879 1415 2941 ἃς
1459 2878 1785 2949 δημιουργεῖ

198 2977 291 3027 τὸν
336 2974 544 3044 κόσμον
573 2974 602 3025 δ
630 2972 783 3037 Θεὸς,
826 2972 1006 3041 λέγειν
1038 2974 1131 3025 ἐπὶ
1168 2972 1304 3025 Θεοῦ
1336 2971 1603 3026 ἀνοίκειόν
1634 2974 1783 3024 ἐστιν

196 3066 287 3119 διὰ
310 3066 412 3136 τὴν
454 3064 695 3135 παντελῆ
729 3064 824 3118 τοῦ
874 3063 1013 3117 Θεοῦ
1069 3063 1370 3134 ἁπλότητα,
1428 3062 1662 3131 φανερὸν
1701 3064 1784 3115 ὅτι

200 3158 337 3225 μίαν
368 3156 463 3210 καὶ
506 3158 733 3226 άπειρον
780 3155 872 3208 καὶ
917 3154 1061 3208 κατὰ
1104 3156 1282 3209 πάντα
1324 3154 1783 3225 άπειροδύναμον,

1868 675 2067 728 habere
2090 673 2284 727 videri.
2309 673 2461 738 Quod
2494 676 2538 731 si
2565 677 2636 729 ita
2672 684 2773 737 est,
2806 688 2911 727 non
2940 684 3023 730 est
3050 674 3435 745 sempiternus.

1867 763 2155 833 Colligitur
2193 779 2322 835 ergo
2352 763 2515 820 Deum
2540 782 2649 821 non
2685 781 2806 820 esse
2837 766 3261 836 sempiternum;
3293 771 3441 836 quod

1870 866 1953 911 est
1992 856 2312 912 absurdum.
2348 854 2442 910 Siti
2485 873 2614 913 vero
2650 857 2792 912 Deus
2837 873 2931 927 per
2973 858 3158 926 plures
3180 860 3443 914 limitatas

1870 952 2137 1021 potentias
2169 960 2477 1005 creaturam
2508 965 2724 1006 omnem
2755 951 3028 1022 producit,
3058 950 3207 1004 nulla
3239 954 3292 1005 in
3330 951 3441 1006 Deo

1872 1044 2078 1099 inﬁnita
2124 1045 2361 1114 potentia
2399 1052 2503 1106 est.
2535 1046 2834 1115 eodemque
2863 1057 2919 1101 ut
2948 1058 3107 1101 antea
3147 1061 3443 1113 argumen-

1874 1146 1984 1190 tum
2028 1137 2221 1191 recidit
2262 1139 2313 1191 in
2369 1146 2603 1207 utraque
2672 1139 2993 1208 bypothesi;
3045 1138 3450 1208 conﬁciturque

1873 1237 1933 1282 ut
1968 1229 2110 1283 Deus
2138 1229 2284 1282 nulla
2314 1230 2367 1283 iu
2397 1245 2453 1284 re
2484 1230 2556 1283 sit
2586 1230 2955 1298 omnipotens.
2980 1229 3118 1295 Quia
3140 1246 3271 1302 ergo
3295 1240 3454 1286 aeter-

1873 1321 2018 1375 nitas
2058 1330 2143 1375 est
2181 1322 2428 1389 quaedam
2458 1323 2621 1377 veluti
2672 1322 2883 1376 inﬁnita
2916 1324 3180 1392 potentia,
3210 1324 3290 1379 vel
3322 1324 3449 1378 iuli-

1875 1413 2047 1466 nitum
2081 1412 2356 1482 quoddam
2391 1414 2648 1482 spatium,
2685 1422 2741 1467 ιιι
2771 1414 3114 1483 sapientibus
3139 1422 3191 1468 et
3221 1413 3321 1484 ipsi
3354 1431 3451 1469 ve-

1874 1505 2021 1559 ritati
2082 1505 2278 1573 placet,
2319 1514 2535 1561 constat
2588 1506 2640 1561 id
2682 1506 2825 1577 quod
2880 1514 3143 1561 aeternum
3169 1514 3275 1570 est,
3309 1505 3452 1561 idem

1873 1612 1997 1651 csse
2055 1596 2219 1649 etiam
2285 1598 2657 1668 omnipotens.
2716 1598 2807 1653 Sic
2855 1602 3039 1670 itaque
3078 1598 3454 1671 argumentari

1877 1689 2042 1744 licet:
2073 1687 2129 1741 Si
2159 1689 2300 1758 quod
2333 1698 2596 1745 aeternum
2633 1700 2738 1755 est,
2764 1690 2905 1744 idem
2945 1691 3321 1761 omnipotens,
3367 1704 3458 1745 se-

1877 1781 2065 1851 quitur
2086 1790 2145 1834 ut
2172 1782 2315 1851 quod
2344 1799 2449 1837 non
2478 1784 2638 1838 habet
2663 1784 2961 1853 potentiam
2990 1784 3279 1849 inﬁnitam,
3312 1782 3455 1838 idem

1879 1885 1948 1924 ne
1978 1880 2247 1926 aeternum
2285 1872 2503 1939 quidem
2538 1874 2629 1927 sit.
2688 1872 2745 1928 Si
2780 1888 2909 1942 ergo
2957 1874 3009 1928 iu
3060 1882 3253 1929 neutra
3283 1874 3460 1944 hypo-

1880 1959 2017 2015 thesi
2049 1959 2189 2017 Deus
2221 1962 2491 2015 inﬁnitam
2544 1964 2706 2019 habet
2750 1965 3072 2035 potentiam,
3107 1965 3259 2019 nullo
3298 1961 3463 2020 modo

1878 2062 1961 2110 est
1990 2064 2248 2110 aeternus.
2295 2054 2452 2120 Quod
2501 2056 2547 2110 si
2598 2072 2705 2110 non
2739 2067 2821 2111 est
2854 2067 3112 2123 azternus,
3153 2056 3463 2113 necessario

1881 2147 2109 2216 tempori
2162 2146 2434 2202 obnoxius
2490 2158 2593 2203 est.
2642 2147 2777 2201 Nam
2828 2164 3006 2203 rerum
3064 2149 3458 2203 exsistentiuttt

1880 2240 2000 2293 alia:
2069 2249 2284 2293 auertite
2337 2249 2485 2305 sunt,
2548 2242 2667 2295 alite
2723 2252 2966 2311 tempore
3011 2241 3463 2311 circumscriptae.

1880 2330 2169 2397 Quomodo
2202 2341 2382 2385 autem
2414 2341 2659 2402 tempore
2705 2334 2776 2386 sit
2815 2332 3268 2402 circumscriptus
3296 2333 3342 2388 is
3373 2332 3467 2401 qui

1881 2428 2187 2490 temporum
2224 2430 2307 2475 est
2357 2425 2609 2476 creator?
2643 2424 2797 2487 Quod
2850 2424 2892 2477 si
2944 2426 3015 2477 ita
3045 2425 3134 2488 sit,
3167 2432 3221 2477 et
3250 2422 3464 2477 ittitium

1882 2513 2046 2568 habet
2073 2523 2127 2567 et
2154 2514 2354 2575 linem;
2402 2522 2456 2567 ct
2494 2514 2638 2568 aliud
2672 2516 2871 2585 aliquid
2922 2516 2969 2569 ei
3005 2515 3110 2569 erit
3135 2513 3471 2568 exsistentiae

1884 2603 2364 2671 subsistentiaaque
2390 2605 2727 2658 causativum
2762 2621 2774 2656 :
2808 2613 2859 2657 et
2892 2619 3089 2658 rursus
3110 2603 3176 2656 de
3211 2602 3316 2656 hoc
3351 2602 3470 2671 ipso

1882 2695 2071 2748 eodem
2134 2696 2296 2747 modo
2366 2694 2744 2761 ambigemus;
2786 2695 2840 2747 el
2889 2694 2993 2747 hoc
3054 2693 3108 2747 in
3160 2693 3467 2758 inlinitum;

1884 2786 2028 2855 quod
2063 2794 2143 2839 est
2179 2786 2499 2839 absurdum.
2536 2785 2825 2855 Reliquum
2857 2794 2940 2839 est
2979 2785 3163 2855 igitur,
3201 2792 3263 2839 ut
3298 2785 3471 2838 alter-

1885 2889 2005 2930 utra
2050 2892 2114 2930 ex
2150 2876 2362 2929 duabus
2388 2890 2513 2929 Vera
2542 2875 2807 2930 sententia
2841 2876 2947 2941 sit;
2993 2875 3043 2928 id
3097 2883 3201 2939 est,
3245 2875 3331 2928 vel
3370 2874 3463 2927 illa

1886 2984 2007 3037 qua:
2033 2982 2197 3021 unam
2221 2968 2353 3022 dicit
2379 2968 2811 3037 immensamque
2835 2967 3170 3037 potentiam;
3195 2965 3278 3020 vel
3298 2967 3471 3020 altera

1887 3071 2008 3125 quae
2049 3055 2230 3124 plures
2287 3064 2342 3109 ct
2390 3056 2706 3110 immensas.
2765 3056 2869 3110 Sed
2924 3057 3070 3111 enim
3109 3057 3234 3126 quia
3287 3056 3472 3125 plures

1889 3147 2157 3216 potentias
2217 3156 2271 3201 et
2325 3149 2623 3203 immensas
2680 3148 2899 3212 dicere,
2948 3148 3151 3217 quibus
3208 3147 3473 3201 mundum

198 3252 341 3318 ὅπερ
376 3248 473 3301 καὶ
524 3246 728 3317 μᾶλλον
758 3244 956 3314 ἀληθές
989 3246 1129 3309 ἐστι,
1170 3245 1265 3296 καὶ
1300 3246 1425 3304 ταῖς
1451 3245 1658 3305 κοιναῖς
1692 3244 1783 3295 ἐπὶ

1892 3235 2034 3289 Deus
2066 3235 2391 3301 condiderit,
2428 3236 2540 3290 Deo
2580 3237 2939 3306 improprium
2977 3246 3079 3303 est,
3117 3245 3333 3307 propter
3360 3252 3478 3291 om-

201 3339 340 3392 Θεοῦ
368 3338 598 3401 ἐννοίαις
630 3335 919 3405 ἁρμόττον.
960 3334 1116 3389 Ἐπεὶ
1147 3332 1239 3387 οὑν
1260 3335 1287 3387 ὁ
1318 3333 1473 3402 λόγος
1501 3335 1565 3387 ὲκ
1591 3333 1788 3386 κοινῶν

204 3429 425 3483 ἐννοιῶν
476 3430 572 3482 καὶ
622 3428 750 3498 ἡμῖν
818 3424 1252 3495 κατειθισμένων
1311 3426 1404 3478 καὶ
1444 3424 1515 3477 δι’
1563 3425 1788 3493 ἐπιστη-

207 3522 450 3594 μονικῶν
482 3520 880 3591 ἐπιχειρήσεων
913 3518 1112 3583 ἔδειξεν
1143 3518 1226 3570 ὅτι
1285 3517 1429 3571 κατὰ
1458 3515 1587 3587 μίαν
1618 3518 1787 3585 μόνην

201 3616 298 3668 καί
332 3614 512 3684 ἁπλῆν
552 3611 815 3666 καὶκατὰ
843 3610 1020 3663 πάντα
1056 3608 1496 3678 άπειροδύναμον
1530 3606 1783 3676 δύναμιν,

200 3710 229 3759 ὁ
254 3706 388 3769 Θεὸς
437 3706 499 3757 τὸ
528 3703 756 3766 δυνατὸς
803 3698 939 3755 εἶναι
980 3701 1113 3771 ἔχει,
1146 3701 1238 3753 καὶ
1263 3700 1333 3753 δι’
1358 3700 1533 3770 αὑτῆς
1580 3700 1727 3752 ποιεῖ
1759 3697 1787 3750 ὃ

201 3799 370 3861 ποιεῖ,
407 3800 504 3849 καὶ
539 3795 633 3848 τὸν
666 3794 872 3863 κόσμον
913 3793 1177 3847 οὑσίωσέν
1201 3809 1261 3845 τε
1305 3792 1401 3844 κα)⁵
1440 3792 1787 3863 παρήγαγεν,

202 3893 297 3944 καὶ
325 3890 412 3943 ἐπ’
444 3890 606 3941 αὑτὸν
646 3887 707 3939 τὸ
731 3884 989 3939 δύνασθαι
1012 3884 1233 3951 λέγεται
1255 3899 1267 3914 ’
1302 3882 1442 3954 αῦτη
1465 3880 1558 3936 οὖν
1584 3884 1617 3953 ἡ
1639 3882 1791 3935 δύνα-

207 4001 319 4053 μις,
344 3982 379 4052 ἢ
406 3981 538 4034 ποτέ
564 3982 713 4032 ἐστιν
738 3980 796 4030 ἐν
817 3977 895 4047 τῷ
924 3976 1067 4046 Θεῷ,
1092 3974 1229 4046 ἥάεί
1247 3992 1261 4006 ο
1294 3974 1409 4028 ἀλλ’
1437 3975 1485 4027 εί
1512 3974 1609 4045 μὲν
1637 3972 1786 4037 ποτὲ,

203 4078 357 4129 ἔσται
383 4077 412 4127 ὁ
447 4073 579 4135 Θεὸς
628 4072 756 4124 ποτὲ
792 4069 1065 4139 άδὺναμος
1110 4070 1203 4121 καὶ
1252 4068 1544 4138 άνίσχυρος
1570 4067 1662 4121 τοῦ
1694 4066 1789 4136 δη-

208 4166 494 4237 μιουργεῖν
522 4180 582 4217 τε
614 4165 709 4216 καὶ
738 4162 1009 4231 παράγειν
1031 4176 1045 4190 ’
1084 4160 1178 4213 καὶ
1211 4159 1318 4230 γάρ
1351 4161 1434 4227 ἐφ’
1467 4152 1544 4213 ὦν
1573 4157 1789 4230 ἡδύνα-

209 4278 297 4329 μις
334 4258 469 4311 ποτὲ
499 4257 561 4310 οὑ
593 4254 921 4326 πρόσεστιν,
976 4252 1181 4306 τούτων
1213 4251 1307 4305 καὶ
1339 4251 1401 4303 τὸ
1434 4250 1565 4303 ποτὲ
1616 4251 1791 4303 ποιεῖν

204 4352 636 4408 διακεκώλυται·
683 4352 733 4402 εί
782 4349 839 4402 δὲ
881 4348 1070 4412 τοῦτο,
1125 4348 1222 4400 καὶ
1270 4344 1331 4398 οὑ
1379 4345 1679 4417 σύνδρομον
1733 4344 1793 4396 τὸ

204 4446 468 4500 δύνασθαι
493 4443 687 4507 θέλειν,
710 4445 805 4497 καὶ
827 4442 942 4505 πῶς
962 4440 1151 4495 διοίσει
1170 4441 1266 4510 τῆς
1292 4441 1528 4509 γενητῆς
1553 4438 1791 4508 φύσεως,

210 4540 289 4592 ἐπ’
318 4540 388 4591 ἂν
417 4536 480 4589 τὸ
506 4535 769 4588 δύνασθαι
821 4532 970 4603 αὑτῷ
1015 4532 1116 4583 οὑκ
1149 4532 1237 4584 ἀεὶ
1289 4531 1615 4602 πρόσεστιν;
1659 4529 1794 4583 ἀλλὰ

209 4629 301 4684 καὶ
326 4628 509 4699 μάτην
527 4628 561 4697 η
579 4624 734 4695 κοινὴ
754 4624 933 4679 ἔννοια
951 4621 1342 4693 ἐπερειδομένη
1362 4620 1520 4674 τοῦτο
1550 4620 1792 4689 κατέχει,

207 4721 265 4774 τὸ
294 4721 485 4775 πάντα
514 4720 607 4772 τὸν
648 4716 780 4771 Θεὸν
823 4714 1108 4780 δύνασθαι,
1160 4715 1253 4767 καὶ
1282 4713 1371 4766 ὅτε
1403 4712 1549 4766 θέλει
1580 4713 1675 4766 καὶ
1706 4713 1793 4765 ὅτε

213 4813 487 4883 βούλεται.

1891 3329 2165 3383 nimodam
2221 3330 2439 3385 deitatis
2503 3331 2958 3400 simplicitatem;
3020 3331 3266 3401 profecto
3329 3338 3479 3401 patet

1892 3438 2055 3477 unam
2096 3424 2528 3493 immensamque
2558 3440 2678 3479 esse
2707 3425 3025 3494 potentiam,
3059 3436 3109 3478 et
3131 3440 3478 3495 quaquever-

1891 3529 1985 3569 sus
2014 3514 2473 3584 omnipotentem;
2514 3532 2656 3585 quoa
2689 3526 2737 3570 et
2771 3516 2950 3571 verius
2996 3525 3100 3578 est,
3140 3526 3194 3571 et
3228 3532 3479 3570 commu-

1890 3604 2052 3659 nibus
2082 3603 2148 3658 de
2188 3604 2300 3659 Deo
2333 3606 2646 3659 notionibus
2682 3621 3009 3676 congruum.
3049 3604 3324 3671 Quoaiatu
3372 3607 3478 3660 ita-

1891 3710 1998 3765 que
2049 3710 2231 3749 sermo
2261 3706 2449 3751 noster
2505 3712 2570 3751 ex
2606 3699 2993 3753 communibus
3044 3698 3312 3768 nobisque
3344 3712 3479 3753 con-

1892 3790 2065 3846 suetis
2096 3790 2409 3846 notionibus
2461 3794 2811 3861 scientiaeque
2844 3796 3185 3865 argumentis
3214 3796 3478 3860 ostendit,

1894 3898 2083 3947 unam,
2116 3884 2310 3949 solam,
2335 3883 2768 3956 simplicemque,
2791 3896 2841 3940 et
2868 3901 3277 3956 quaqueversus
3303 3887 3483 3941 omni-

1892 3982 2170 4044 potentem
2204 3990 2326 4030 esse
2368 3974 2688 4030 facultatem
2744 3979 2889 4031 illattt
2915 4018 2929 4042 ,
2964 3978 3248 4048 quaDeus
3283 3988 3479 4049 potens

1892 4076 2006 4131 est,
2046 4075 2100 4120 et
2128 4082 2237 4136 qua
2275 4067 2324 4121 id
2356 4068 2467 4137 agit
2493 4070 2639 4138 quod
2679 4070 2807 4139 agit,
2831 4072 3143 4140 mundoque
3174 4072 3481 4125 subsisten-

1893 4159 2025 4213 tiam
2054 4158 2320 4226 contulit;
2351 4161 2485 4224 haec,
2516 4161 2761 4231 inquam,
2784 4164 3045 4231 potentia,
3075 4162 3157 4217 vel
3188 4160 3485 4232 aliquando

1895 4250 1949 4305 in
1999 4251 2109 4306 Deo
2137 4261 2240 4316 est,
2275 4252 2358 4307 vel
2398 4268 2635 4324 semper.
2677 4255 2781 4308 Sed
2829 4255 2873 4308 si
2906 4256 3202 4326 aliquando
3250 4265 3481 4318 tantum,

1893 4345 2038 4402 Deus
2072 4348 2174 4402 erit
2196 4348 2487 4417 aliquando
2519 4350 2792 4420 impotens
2818 4360 2869 4404 et
2896 4350 3169 4405 invalidus
3200 4349 3267 4404 ad
3293 4364 3488 4404 creau-

1895 4440 2024 4494 dum
2063 4456 2128 4495 ac
2162 4441 2599 4511 producendum.
2629 4442 2763 4497 Nam
2800 4444 3003 4512 quibus
3036 4443 3087 4498 in
3123 4442 3287 4497 rebus
3318 4443 3490 4499 inter-

1896 4531 2025 4585 dum
2075 4533 2123 4586 ei
2171 4534 2409 4604 potentia
2456 4534 2626 4597 deest,
2662 4550 2754 4589 eas
2781 4536 3075 4606 quominus
3104 4534 3269 4591 faciat
3309 4536 3484 4590 inter-

1901 4624 2031 4677 dum
2069 4625 2466 4694 prohibebitur.
2522 4627 2680 4694 Quod
2736 4629 2782 4683 si
2815 4629 2888 4683 ita
2918 4638 3022 4695 est,
3057 4646 3235 4699 neque
3272 4644 3490 4698 semper

1902 4714 2199 4770 comitatur
2250 4716 2587 4772 voluntatem
2635 4721 2879 4789 potentia
2903 4759 2917 4782 ,
2954 4722 3233 4788 quomodo
3274 4720 3418 4775 Deus
3454 4735 3489 4774 a

1904 4817 2088 4862 creata
2147 4819 2337 4863 natura
2370 4811 2605 4879 dilIeret,
2654 4813 3097 4883 quandoquidem
3136 4816 3185 4869 ei
3242 4814 3486 4885 potentia

211 4905 355 4958 haud
388 4918 607 4969 semper
637 4900 822 4957 adest?
856 4896 1084 4954 Temere
1141 4897 1305 4968 igitur
1355 4894 1667 4951 communis
1703 4896 1856 4951 notio
1894 4898 1999 4953 hoc
2046 4900 2326 4957 mordicus
2380 4911 2546 4969 tenet,
2585 4904 2838 4960 videlicet
2878 4905 3046 4960 Deum
3087 4909 3272 4962 omnia
3328 4922 3490 4978 posse

212 4996 652 5068 quotiescunque
694 4993 770 5046 ita
805 4991 921 5045 vult
962 5004 1026 5045 ac
1077 4988 1347 5044 decernit.

276 5090 345 5155 ζ’.
377 5090 491 5143 Καὶ
541 5088 717 5152 ἄλλως
741 5101 756 5117 ·
793 5087 853 5140 El
888 5086 981 5141 οὑν
1008 5088 1035 5139 ὁ
1064 5084 1219 5149 Θεὸς,
1254 5084 1331 5147 ὡς
1379 5084 1612 5153 ἔφαμεν,
1657 5083 1790 5137 ποτὶ

215 5186 322 5255 ἔχει
366 5182 467 5253 τὴν
502 5179 670 5233 αὑτοῦ
717 5179 970 5249 δύναμιν,
1000 5178 1155 5248 δῆλον
1190 5177 1271 5230 ὅτι
1302 5175 1594 5246 ἐπίκτητον
1623 5174 1793 5245 αὑτὴν

216 5272 538 5341 εἰσδέχεται,
566 5270 723 5339 εῐπερ
748 5269 777 5321 ὁ
800 5268 932 5331 Θεὸς
959 5267 1044 5321 άεί
1067 5270 1213 5320 ἐστιν
1232 5282 1245 5295 ·
1276 5266 1384 5319 πᾶν
1405 5264 1464 5318 δὲ
1486 5264 1547 5317 τὸ
1569 5266 1796 5333 ἐπικτή-

216 5381 319 5425 τως
368 5359 664 5430 δεχόμενον
692 5376 768 5421 τι,
804 5357 1031 5429 ὕστερον
1070 5356 1164 5411 τοῦ
1209 5352 1353 5411 εἶναι
1396 5357 1527 5410 αὑτὸ
1559 5356 1792 5427 δέχεται,

221 5456 312 5506 καὶ
339 5451 485 5504 κατὰ
536 5448 820 5519 προκοπὴν
870 5449 964 5502 καὶ
994 5447 1069 5511 ὡς
1096 5448 1312 5512 ἐλλιπὲς
1358 5445 1518 5501 τοῦτο
1544 5447 1758 5517 δέχεται
1778 5463 1793 5480 ο

223 5545 510 5611 συνάγεται
539 5542 648 5611 ἄρα
671 5542 752 5594 ὅτι
778 5544 806 5595 ὁ
828 5540 960 5605 Θεὸς
990 5539 1145 5594 ἔσται
1168 5541 1300 5595 ποτὲ
1326 5539 1523 5612 ἀτελὴς
1545 5541 1638 5594 καὶ
1664 5541 1807 5594 κατὰ

223 5637 503 5706 προκοπὴν
540 5633 948 5703 τελειοῦμενοςο
993 5633 1133 5705 ὅπερ
1186 5634 1304 5687 ἐστὶ
1351 5634 1444 5685 καὶ
1479 5632 1657 5701 λέγειν
1712 5632 1805 5687 καὶ

225 5732 420 5782 ἐννοεῖν
453 5729 547 5783 ἐπὶ
570 5725 707 5782 Θεοῦ
744 5726 1084 5798 βλάσφημον.
1118 5727 1229 5781 Καὶ
1258 5726 1461 5790 άλλως’
1496 5727 1559 5779 El
1589 5725 1805 5797 ἠδύνα-

230 5841 321 5895 μις
345 5824 436 5877 τοῦ
467 5822 604 5877 Θεοῦ
639 5819 791 5892 αὑτῷ
821 5838 953 5875 ποτε
998 5822 1312 5893 πρόσεστιν,
1359 5820 1587 5891 ὕστερον
1633 5821 1805 5890 αὑτὴν

228 5915 475 5987 εἴληφεν·
516 5916 567 5971 εί
615 5915 675 5971 δὲ
724 5913 917 5984 τοῦτο,
972 5914 1092 5986 ἦτοι
1152 5914 1284 5987 παρ’
1343 5912 1540 5968 ἑαυτοῦ
1595 5913 1804 5984 ταύτην

1970 5081 2020 5133 7.
2057 5081 2122 5137 Et
2150 5084 2305 5139 aliter
2332 5101 2345 5137 :
2374 5085 2432 5141 Si
2464 5103 2595 5158 ergo
2624 5088 2787 5156 Deus,
2819 5099 2876 5145 ut
2902 5091 3163 5157 diximus,
3195 5092 3492 5165 aliquando

1897 5184 2110 5231 tantum
2144 5180 2444 5247 potentiam
2471 5196 2626 5236 suam
2663 5185 2843 5248 habet,
2877 5196 3103 5255 apparet
3132 5186 3271 5242 hanc
3301 5187 3490 5258 acqui-

1900 5268 2060 5322 sitam
2095 5271 2361 5340 recipere;
2408 5274 2852 5344 quandoquidem
2914 5277 3062 5333 Deus
3112 5294 3328 5348 semper
3377 5287 3485 5335 est.

1899 5357 2019 5414 Jam
2060 5364 2243 5419 omnis
2283 5364 2375 5433 qui
2407 5368 2744 5437 acquisitum
2778 5369 2985 5437 aliquid
3020 5370 3233 5440 recipit,
3268 5371 3490 5425 nonnisi

1904 5462 2200 5524 postquam
2252 5456 2370 5526 ipse
2398 5467 2503 5524 est,
2553 5460 2685 5515 illud
2713 5462 2941 5532 recipit;
2979 5470 3033 5518 et
3060 5463 3282 5533 quidem
3316 5464 3496 5519 incre-

1912 5547 2080 5601 menti
2137 5549 2345 5615 instar,
2400 5553 2544 5622 quod
2580 5562 2739 5609 antea
2787 5555 3151 5612 desiderabat.
3206 5557 3496 5626 Colligitur

1910 5636 2096 5707 itaque
2132 5640 2301 5695 Deum
2341 5658 2461 5698 esse
2501 5645 2797 5715 aliquando
2856 5648 3259 5717 imperfectum,
3295 5657 3349 5703 et
3405 5648 3493 5703 in-

1910 5732 2207 5785 crementis
2244 5734 2466 5802 perﬁci;
2502 5737 2648 5805 quod
2682 5738 2749 5794 de
2785 5739 2894 5794 Deo
2923 5740 3106 5796 dicere
3158 5749 3211 5794 et
3252 5740 3497 5811 cogitare

1909 5825 2289 5894 blaspltetnum
2321 5836 2422 5881 est.
2458 5826 2589 5883 ltem
2641 5831 2798 5885 aliter
2832 5850 2844 5887 :
2884 5832 2939 5887 Si
2972 5832 3064 5888 Dei
3101 5832 3340 5903 potentia
3393 5830 3495 5900 ipsi

1913 5916 2209 5988 aliquando
2244 5922 2623 5980 tantummodo
2657 5923 2823 5992 inest,
2858 5927 2997 5983 hanc
3044 5925 3266 5984 nonnisi
3294 5922 3495 5983 deinde
