  <div class='ocr_page' id='page_1' title='image "/cluster/home/n/w/nwhite01/storage/ocr_20150623/105/nnc1.0046980105/347.png"; bbox 0 0 4194 6432; ppageno 0'>
   <div class='ocr_carea' id='block_1_1' title="bbox 705 408 810 470">
    <p class='ocr_par' dir='ltr' id='par_1_1' title="bbox 705 408 810 470">
     <span class='ocr_line' id='line_1_1' title="bbox 705 408 810 470; baseline -0.019 0"><span class='ocrx_word' id='word_1_1' title='bbox 705 408 810 470; x_wconf 77' lang='lat'><strong>679</strong></span> 
     </span>
    </p>
   </div>
   <div class='ocr_carea' id='block_1_2' title="bbox 1975 390 2720 453">
    <p class='ocr_par' dir='ltr' id='par_1_2' title="bbox 1975 390 2720 453">
     <span class='ocr_line' id='line_1_2' title="bbox 1975 390 2720 453; baseline -0.007 1"><span class='ocrx_word' id='word_1_2' title='bbox 1975 391 2272 453; x_wconf 62' lang='lat' dir='ltr'><strong>NICETE</strong></span> <span class='ocrx_word' id='word_1_3' title='bbox 2314 390 2720 451; x_wconf 59' lang='lat' dir='ltr'><strong>BYZAN’TINI</strong></span> 
     </span>
    </p>
   </div>
   <div class='ocr_carea' id='block_1_3' title="bbox 3860 380 3975 445">
    <p class='ocr_par' dir='ltr' id='par_1_3' title="bbox 3860 380 3975 445">
     <span class='ocr_line' id='line_1_3' title="bbox 3860 380 3975 445; baseline 0.017 -3"><span class='ocrx_word' id='word_1_4' title='bbox 3860 380 3975 445; x_wconf 79' lang='lat'><strong>680</strong></span> 
     </span>
    </p>
   </div>
   <div class='ocr_carea' id='block_1_4' title="bbox 706 496 2299 584">
    <p class='ocr_par' dir='ltr' id='par_1_4' title="bbox 706 503 2277 584">
     <span class='ocr_line' id='line_1_4' title="bbox 706 503 2277 584; baseline -0.012 -14"><span class='ocrx_word' id='word_1_5' title='bbox 706 515 939 584; x_wconf 78' lang='lat' dir='ltr'><strong>accepit.</strong></span> <span class='ocrx_word' id='word_1_6' title='bbox 971 511 1122 579; x_wconf 99' lang='lat' dir='ltr'><strong>Quod</strong></span> <span class='ocrx_word' id='word_1_7' title='bbox 1170 509 1215 563; x_wconf 90' lang='lat' dir='ltr'><strong>si</strong></span> <span class='ocrx_word' id='word_1_8' title='bbox 1252 509 1327 561; x_wconf 91' lang='lat' dir='ltr'><strong>ita</strong></span> <span class='ocrx_word' id='word_1_9' title='bbox 1351 518 1455 572; x_wconf 88' lang='lat' dir='ltr'><strong>est,</strong></span> <span class='ocrx_word' id='word_1_10' title='bbox 1487 508 1571 560; x_wconf 84' lang='lat' dir='ltr'><strong>vel</strong></span> <span class='ocrx_word' id='word_1_11' title='bbox 1603 519 1630 558; x_wconf 86' lang='lat' dir='ltr'><strong>a</strong></span> <span class='ocrx_word' id='word_1_12' title='bbox 1666 519 1723 558; x_wconf 88' lang='lat' dir='ltr'><strong>se</strong></span> <span class='ocrx_word' id='word_1_13' title='bbox 1761 504 1879 574; x_wconf 88' lang='lat' dir='ltr'><strong>ipso</strong></span> <span class='ocrx_word' id='word_1_14' title='bbox 1910 518 2030 555; x_wconf 86' lang='lat' dir='ltr'><strong>eam</strong></span> <span class='ocrx_word' id='word_1_15' title='bbox 2065 503 2277 569; x_wconf 75' lang='lat' dir='ltr'><strong>accepit</strong></span> 
     </span>
    </p>
   </div>
   <div class='ocr_carea' id='block_1_5' title="bbox 2406 496 3972 584">
    <p class='ocr_par' dir='ltr' id='par_1_5' title="bbox 2406 496 3972 570">
     <span class='ocr_line' id='line_1_5' title="bbox 2406 496 3972 570; baseline -0.003 -21"><span class='ocrx_word' id='word_1_16' title='bbox 2406 501 2624 570; x_wconf 77' lang='grc' dir='ltr'>ίληφεν,</span> <span class='ocrx_word' id='word_1_17' title='bbox 2672 502 2704 570; x_wconf 80' lang='grc' dir='ltr'>ἤ</span> <span class='ocrx_word' id='word_1_18' title='bbox 2740 499 2870 569; x_wconf 78' lang='grc' dir='ltr'>παρ’</span> <span class='ocrx_word' id='word_1_19' title='bbox 2922 499 3144 568; x_wconf 81' lang='grc' dir='ltr'>ἑτέρου·</span> <span class='ocrx_word' id='word_1_20' title='bbox 3193 496 3308 550; x_wconf 74' lang='grc' dir='ltr'>ἀλλ’</span> <span class='ocrx_word' id='word_1_21' title='bbox 3337 496 3385 549; x_wconf 87' lang='grc' dir='ltr'>εἰ</span> <span class='ocrx_word' id='word_1_22' title='bbox 3420 496 3517 565; x_wconf 80' lang='grc' dir='ltr'><strong>μὲν</strong></span> <span class='ocrx_word' id='word_1_23' title='bbox 3561 496 3699 565; x_wconf 79' lang='grc' dir='ltr'>παρ’</span> <span class='ocrx_word' id='word_1_24' title='bbox 3753 496 3972 557; x_wconf 68' lang='grc' dir='ltr'>ἑαυτοῦ,</span> 
     </span>
    </p>
   </div>
   <div class='ocr_carea' id='block_1_6' title="bbox 706 593 2279 667">
    <p class='ocr_par' dir='ltr' id='par_1_6' title="bbox 706 593 2279 667">
     <span class='ocr_line' id='line_1_6' title="bbox 706 593 2279 667; baseline -0.01 -10"><span class='ocrx_word' id='word_1_25' title='bbox 706 609 791 661; x_wconf 74' lang='lat' dir='ltr'><strong>vel</strong></span> <span class='ocrx_word' id='word_1_26' title='bbox 825 609 893 660; x_wconf 84' lang='lat' dir='ltr'><strong>ab</strong></span> <span class='ocrx_word' id='word_1_27' title='bbox 921 606 1045 659; x_wconf 92' lang='lat' dir='ltr'><strong>alio.</strong></span> <span class='ocrx_word' id='word_1_28' title='bbox 1075 601 1195 655; x_wconf 85' lang='lat' dir='ltr'><strong>Jam</strong></span> <span class='ocrx_word' id='word_1_29' title='bbox 1240 600 1285 653; x_wconf 88' lang='lat' dir='ltr'><strong>si</strong></span> <span class='ocrx_word' id='word_1_30' title='bbox 1332 616 1361 652; x_wconf 87' lang='lat' dir='ltr'><strong>a</strong></span> <span class='ocrx_word' id='word_1_31' title='bbox 1396 615 1454 654; x_wconf 91' lang='lat' dir='ltr'><strong>se</strong></span> <span class='ocrx_word' id='word_1_32' title='bbox 1484 599 1601 667; x_wconf 92' lang='lat' dir='ltr'><strong>ipso</strong></span> <span class='ocrx_word' id='word_1_33' title='bbox 1638 595 1869 664; x_wconf 85' lang='lat' dir='ltr'><strong>accepit,</strong></span> <span class='ocrx_word' id='word_1_34' title='bbox 1904 593 1987 645; x_wconf 79' lang='lat' dir='ltr'><strong>vel</strong></span> <span class='ocrx_word' id='word_1_35' title='bbox 2021 606 2279 658; x_wconf 88' lang='lat' dir='ltr'><strong>tanquam</strong></span> 
     </span>
    </p>
   </div>
   <div class='ocr_carea' id='block_1_7' title="bbox 703 683 2283 769">
    <p class='ocr_par' dir='ltr' id='par_1_7' title="bbox 703 683 2283 769">
     <span class='ocr_line' id='line_1_7' title="bbox 703 683 2283 769; baseline -0.01 -18"><span class='ocrx_word' id='word_1_36' title='bbox 703 698 816 769; x_wconf 88' lang='lat' dir='ltr'><strong>jam</strong></span> <span class='ocrx_word' id='word_1_37' title='bbox 852 698 1055 750; x_wconf 79' lang='lat' dir='ltr'><strong>habens</strong></span> <span class='ocrx_word' id='word_1_38' title='bbox 1094 709 1211 747; x_wconf 87' lang='lat' dir='ltr'><strong>eam</strong></span> <span class='ocrx_word' id='word_1_39' title='bbox 1258 692 1485 761; x_wconf 88' lang='lat' dir='ltr'><strong>accepit,</strong></span> <span class='ocrx_word' id='word_1_40' title='bbox 1528 690 1610 741; x_wconf 85' lang='lat' dir='ltr'><strong>vel</strong></span> <span class='ocrx_word' id='word_1_41' title='bbox 1650 702 1834 742; x_wconf 89' lang='lat' dir='ltr'><strong>secus.</strong></span> <span class='ocrx_word' id='word_1_42' title='bbox 1878 683 1982 738; x_wconf 85' lang='lat' dir='ltr'><strong>Sed</strong></span> <span class='ocrx_word' id='word_1_43' title='bbox 2014 684 2283 752; x_wconf 76' lang='lat' dir='ltr'><strong>siquidem</strong></span> 
     </span>
    </p>
   </div>
   <div class='ocr_carea' id='block_1_8' title="bbox 708 772 2283 855">
    <p class='ocr_par' dir='ltr' id='par_1_8' title="bbox 708 772 2283 855">
     <span class='ocr_line' id='line_1_8' title="bbox 708 772 2283 855; baseline -0.01 -14"><span class='ocrx_word' id='word_1_44' title='bbox 708 799 966 855; x_wconf 85' lang='lat' dir='ltr'><strong>tanquam</strong></span> <span class='ocrx_word' id='word_1_45' title='bbox 1002 799 1108 838; x_wconf 89' lang='lat' dir='ltr'><strong>non</strong></span> <span class='ocrx_word' id='word_1_46' title='bbox 1135 784 1357 845; x_wconf 84' lang='lat' dir='ltr'><strong>habens,</strong></span> <span class='ocrx_word' id='word_1_47' title='bbox 1397 794 1677 847; x_wconf 86' lang='lat' dir='ltr'><strong>nunquam</strong></span> <span class='ocrx_word' id='word_1_48' title='bbox 1705 779 1845 831; x_wconf 91' lang='lat' dir='ltr'><strong>hanc</strong></span> <span class='ocrx_word' id='word_1_49' title='bbox 1874 775 2121 843; x_wconf 85' lang='lat' dir='ltr'><strong>accipiet.</strong></span> <span class='ocrx_word' id='word_1_50' title='bbox 2148 772 2283 826; x_wconf 85' lang='lat' dir='ltr'><strong>Nam</strong></span> 
     </span>
    </p>
   </div>
   <div class='ocr_carea' id='block_1_9' title="bbox 709 868 2286 948">
    <p class='ocr_par' dir='ltr' id='par_1_9' title="bbox 709 868 2286 948">
     <span class='ocr_line' id='line_1_9' title="bbox 709 868 2286 948; baseline -0.008 -18"><span class='ocrx_word' id='word_1_51' title='bbox 709 879 800 948; x_wconf 85' lang='lat' dir='ltr'><strong>qui</strong></span> <span class='ocrx_word' id='word_1_52' title='bbox 837 888 920 931; x_wconf 89' lang='lat' dir='ltr'><strong>est</strong></span> <span class='ocrx_word' id='word_1_53' title='bbox 962 882 1174 944; x_wconf 84' lang='lat' dir='ltr'><strong>ineptus</strong></span> <span class='ocrx_word' id='word_1_54' title='bbox 1211 875 1276 928; x_wconf 88' lang='lat' dir='ltr'><strong>ad</strong></span> <span class='ocrx_word' id='word_1_55' title='bbox 1331 872 1638 926; x_wconf 81' lang='lat' dir='ltr'><strong>faciendum</strong></span> <span class='ocrx_word' id='word_1_56' title='bbox 1695 869 1923 939; x_wconf 91' lang='lat' dir='ltr'><strong>aliquid,</strong></span> <span class='ocrx_word' id='word_1_57' title='bbox 1963 868 2065 920; x_wconf 88' lang='lat' dir='ltr'><strong>hoc</strong></span> <span class='ocrx_word' id='word_1_58' title='bbox 2106 868 2286 935; x_wconf 91' lang='lat' dir='ltr'><strong>ipsum</strong></span> 
     </span>
    </p>
   </div>
   <div class='ocr_carea' id='block_1_10' title="bbox 710 958 2289 1034">
    <p class='ocr_par' dir='ltr' id='par_1_10' title="bbox 710 958 2289 1034">
     <span class='ocr_line' id='line_1_10' title="bbox 710 958 2289 1034; baseline -0.008 -10"><span class='ocrx_word' id='word_1_59' title='bbox 710 971 917 1025; x_wconf 80' lang='lat' dir='ltr'><strong>scilicet</strong></span> <span class='ocrx_word' id='word_1_60' title='bbox 954 968 1133 1021; x_wconf 81' lang='lat' dir='ltr'><strong>facere</strong></span> <span class='ocrx_word' id='word_1_61' title='bbox 1162 982 1268 1018; x_wconf 93' lang='lat' dir='ltr'><strong>non</strong></span> <span class='ocrx_word' id='word_1_62' title='bbox 1295 973 1488 1034; x_wconf 82' lang='lat' dir='ltr'><strong>potest.</strong></span> <span class='ocrx_word' id='word_1_63' title='bbox 1521 963 1678 1027; x_wconf 83' lang='lat' dir='ltr'><strong>Quod</strong></span> <span class='ocrx_word' id='word_1_64' title='bbox 1711 962 1756 1015; x_wconf 88' lang='lat' dir='ltr'><strong>si</strong></span> <span class='ocrx_word' id='word_1_65' title='bbox 1791 974 2047 1029; x_wconf 87' lang='lat' dir='ltr'><strong>tauquam</strong></span> <span class='ocrx_word' id='word_1_66' title='bbox 2083 958 2289 1013; x_wconf 79' lang='lat' dir='ltr'><strong>habens</strong></span> 
     </span>
    </p>
   </div>
   <div class='ocr_carea' id='block_1_11' title="bbox 709 1049 2287 1128">
    <p class='ocr_par' dir='ltr' id='par_1_11' title="bbox 709 1049 2287 1128">
     <span class='ocr_line' id='line_1_11' title="bbox 709 1049 2287 1128; baseline -0.009 -12"><span class='ocrx_word' id='word_1_67' title='bbox 709 1060 951 1128; x_wconf 65' lang='lat' dir='ltr'><strong>accepitz,</strong></span> <span class='ocrx_word' id='word_1_68' title='bbox 999 1060 1174 1128; x_wconf 85' lang='lat' dir='ltr'><strong>primo</strong></span> <span class='ocrx_word' id='word_1_69' title='bbox 1216 1057 1434 1125; x_wconf 78' lang='lat' dir='ltr'><strong>quidem</strong></span> <span class='ocrx_word' id='word_1_70' title='bbox 1489 1054 1617 1121; x_wconf 89' lang='lat' dir='ltr'><strong>quid</strong></span> <span class='ocrx_word' id='word_1_71' title='bbox 1670 1053 1886 1115; x_wconf 89' lang='lat' dir='ltr'><strong>obstat,</strong></span> <span class='ocrx_word' id='word_1_72' title='bbox 1930 1060 1987 1103; x_wconf 92' lang='lat' dir='ltr'><strong>ut</strong></span> <span class='ocrx_word' id='word_1_73' title='bbox 2029 1049 2287 1119; x_wconf 90' lang='lat' dir='ltr'><strong>quoniam</strong></span> 
     </span>
    </p>
   </div>
   <div class='ocr_carea' id='block_1_12' title="bbox 709 1140 2291 1219">
    <p class='ocr_par' dir='ltr' id='par_1_12' title="bbox 709 1140 2291 1219">
     <span class='ocr_line' id='line_1_12' title="bbox 709 1140 2291 1219; baseline -0.008 -13"><span class='ocrx_word' id='word_1_74' title='bbox 709 1151 1077 1219; x_wconf 76' lang='lat' dir='ltr'><strong>St&#39;tnpiternus</strong></span> <span class='ocrx_word' id='word_1_75' title='bbox 1105 1160 1243 1208; x_wconf 87' lang='lat' dir='ltr'><strong>erat,</strong></span> <span class='ocrx_word' id='word_1_76' title='bbox 1290 1147 1531 1215; x_wconf 81' lang='lat' dir='ltr'><strong>potentia</strong></span> <span class='ocrx_word' id='word_1_77' title='bbox 1568 1160 1787 1214; x_wconf 87' lang='lat' dir='ltr'><strong>quoque</strong></span> <span class='ocrx_word' id='word_1_78' title='bbox 1817 1142 2077 1212; x_wconf 68' lang='lat' dir='ltr'><strong>praeditus</strong></span> <span class='ocrx_word' id='word_1_79' title='bbox 2103 1151 2249 1194; x_wconf 88' lang='lat' dir='ltr'><strong>esset</strong></span> <span class='ocrx_word' id='word_1_80' title='bbox 2269 1140 2291 1180; x_wconf 73' lang='grc' dir='ltr'><strong>ν</strong></span> 
     </span>
    </p>
   </div>
   <div class='ocr_carea' id='block_1_13' title="bbox 711 1234 2292 1307">
    <p class='ocr_par' dir='ltr' id='par_1_13' title="bbox 711 1234 2292 1307">
     <span class='ocr_line' id='line_1_13' title="bbox 711 1234 2292 1307; baseline -0.008 -9"><span class='ocrx_word' id='word_1_81' title='bbox 711 1244 914 1298; x_wconf 84' lang='lat' dir='ltr'><strong>Deinde</strong></span> <span class='ocrx_word' id='word_1_82' title='bbox 946 1244 1071 1296; x_wconf 90' lang='lat' dir='ltr'><strong>hinc</strong></span> <span class='ocrx_word' id='word_1_83' title='bbox 1097 1242 1383 1294; x_wconf 84' lang='lat' dir='ltr'><strong>exsisteret</strong></span> <span class='ocrx_word' id='word_1_84' title='bbox 1413 1238 1653 1307; x_wconf 89' lang='lat' dir='ltr'><strong>potentia</strong></span> <span class='ocrx_word' id='word_1_85' title='bbox 1680 1234 1934 1304; x_wconf 77' lang='lat' dir='ltr'><strong>potentiae</strong></span> <span class='ocrx_word' id='word_1_86' title='bbox 1958 1275 1972 1298; x_wconf 93' lang='lat'><strong>,</strong></span> <span class='ocrx_word' id='word_1_87' title='bbox 2002 1236 2292 1301; x_wconf 58' lang='lat' dir='ltr'><strong>multaque</strong></span> 
     </span>
    </p>
   </div>
   <div class='ocr_carea' id='block_1_14' title="bbox 710 1322 2292 1400">
    <p class='ocr_par' dir='ltr' id='par_1_14' title="bbox 710 1322 2292 1400">
     <span class='ocr_line' id='line_1_14' title="bbox 710 1322 2292 1400; baseline -0.009 -14"><span class='ocrx_word' id='word_1_88' title='bbox 710 1334 764 1386; x_wconf 93' lang='lat' dir='ltr'><strong>in</strong></span> <span class='ocrx_word' id='word_1_89' title='bbox 801 1332 909 1385; x_wconf 89' lang='lat' dir='ltr'><strong>Deo</strong></span> <span class='ocrx_word' id='word_1_90' title='bbox 944 1331 1200 1400; x_wconf 70' lang='lat' dir='ltr'><strong>potentia:</strong></span> <span class='ocrx_word' id='word_1_91' title='bbox 1237 1330 1461 1391; x_wconf 89' lang='lat' dir='ltr'><strong>ﬁerent;</strong></span> <span class='ocrx_word' id='word_1_92' title='bbox 1510 1326 1651 1394; x_wconf 88' lang='lat' dir='ltr'><strong>quod</strong></span> <span class='ocrx_word' id='word_1_93' title='bbox 1682 1338 1836 1389; x_wconf 66' lang='lat' dir='ltr'><strong>teque</strong></span> <span class='ocrx_word' id='word_1_94' title='bbox 1881 1322 2168 1375; x_wconf 80' lang='lat' dir='ltr'><strong>manifeste</strong></span> <span class='ocrx_word' id='word_1_95' title='bbox 2197 1335 2292 1372; x_wconf 86' lang='lat' dir='ltr'><strong>ne-</strong></span> 
     </span>
    </p>
   </div>
   <div class='ocr_carea' id='block_1_15' title="bbox 709 1413 2284 1489">
    <p class='ocr_par' dir='ltr' id='par_1_15' title="bbox 709 1413 2284 1489">
     <span class='ocr_line' id='line_1_15' title="bbox 709 1413 2284 1489; baseline -0.005 -18"><span class='ocrx_word' id='word_1_96' title='bbox 709 1421 946 1489; x_wconf 79' lang='lat' dir='ltr'><strong>gandum</strong></span> <span class='ocrx_word' id='word_1_97' title='bbox 983 1428 1083 1471; x_wconf 86' lang='lat' dir='ltr'><strong>est.</strong></span> <span class='ocrx_word' id='word_1_98' title='bbox 1119 1416 1237 1470; x_wconf 88' lang='lat' dir='ltr'><strong>Jam</strong></span> <span class='ocrx_word' id='word_1_99' title='bbox 1286 1418 1329 1471; x_wconf 90' lang='lat' dir='ltr'><strong>si</strong></span> <span class='ocrx_word' id='word_1_100' title='bbox 1362 1432 1389 1469; x_wconf 92' lang='lat' dir='ltr'><strong>a</strong></span> <span class='ocrx_word' id='word_1_101' title='bbox 1421 1433 1477 1468; x_wconf 85' lang='lat' dir='ltr'><strong>se</strong></span> <span class='ocrx_word' id='word_1_102' title='bbox 1515 1416 1632 1482; x_wconf 80' lang='lat' dir='ltr'><strong>ipso</strong></span> <span class='ocrx_word' id='word_1_103' title='bbox 1676 1414 1814 1466; x_wconf 90' lang='lat' dir='ltr'><strong>hanc</strong></span> <span class='ocrx_word' id='word_1_104' title='bbox 1844 1413 2143 1480; x_wconf 89' lang='lat' dir='ltr'><strong>potentiam</strong></span> <span class='ocrx_word' id='word_1_105' title='bbox 2177 1425 2284 1463; x_wconf 92' lang='lat' dir='ltr'><strong>non</strong></span> 
     </span>
    </p>
   </div>
   <div class='ocr_carea' id='block_1_16' title="bbox 712 1502 2294 1580">
    <p class='ocr_par' dir='ltr' id='par_1_16' title="bbox 712 1502 2294 1580">
     <span class='ocr_line' id='line_1_16' title="bbox 712 1502 2294 1580; baseline -0.008 -15"><span class='ocrx_word' id='word_1_106' title='bbox 712 1510 943 1579; x_wconf 81' lang='lat' dir='ltr'><strong>accepit,</strong></span> <span class='ocrx_word' id='word_1_107' title='bbox 976 1519 1223 1580; x_wconf 85' lang='lat' dir='ltr'><strong>superest</strong></span> <span class='ocrx_word' id='word_1_108' title='bbox 1258 1520 1312 1560; x_wconf 90' lang='lat' dir='ltr'><strong>ut</strong></span> <span class='ocrx_word' id='word_1_109' title='bbox 1348 1508 1415 1560; x_wconf 88' lang='lat' dir='ltr'><strong>ab</strong></span> <span class='ocrx_word' id='word_1_110' title='bbox 1467 1506 1595 1559; x_wconf 85' lang='lat' dir='ltr'><strong>alio.</strong></span> <span class='ocrx_word' id='word_1_111' title='bbox 1631 1506 1733 1558; x_wconf 82' lang='lat' dir='ltr'><strong>Sed</strong></span> <span class='ocrx_word' id='word_1_112' title='bbox 1766 1506 1809 1557; x_wconf 91' lang='lat' dir='ltr'><strong>si</strong></span> <span class='ocrx_word' id='word_1_113' title='bbox 1850 1504 1917 1556; x_wconf 86' lang='lat' dir='ltr'><strong>ab</strong></span> <span class='ocrx_word' id='word_1_114' title='bbox 1948 1504 2075 1567; x_wconf 89' lang='lat' dir='ltr'><strong>alio,</strong></span> <span class='ocrx_word' id='word_1_115' title='bbox 2109 1502 2294 1569; x_wconf 86' lang='lat' dir='ltr'><strong>utique</strong></span> 
     </span>
    </p>
   </div>
   <div class='ocr_carea' id='block_1_17' title="bbox 715 1592 2291 1671">
    <p class='ocr_par' dir='ltr' id='par_1_17' title="bbox 715 1592 2291 1671">
     <span class='ocr_line' id='line_1_17' title="bbox 715 1592 2291 1671; baseline -0.005 -17"><span class='ocrx_word' id='word_1_116' title='bbox 715 1604 798 1655; x_wconf 72' lang='lat' dir='ltr'><strong>\el</strong></span> <span class='ocrx_word' id='word_1_117' title='bbox 847 1604 914 1656; x_wconf 92' lang='lat' dir='ltr'><strong>ab</strong></span> <span class='ocrx_word' id='word_1_118' title='bbox 971 1603 1164 1671; x_wconf 67' lang='lat' dir='ltr'><strong>tequali</strong></span> <span class='ocrx_word' id='word_1_119' title='bbox 1219 1601 1298 1653; x_wconf 81' lang='lat' dir='ltr'><strong>vel</strong></span> <span class='ocrx_word' id='word_1_120' title='bbox 1340 1616 1369 1652; x_wconf 90' lang='lat' dir='ltr'><strong>a</strong></span> <span class='ocrx_word' id='word_1_121' title='bbox 1412 1599 1624 1651; x_wconf 85' lang='lat' dir='ltr'><strong>minore</strong></span> <span class='ocrx_word' id='word_1_122' title='bbox 1655 1596 1734 1650; x_wconf 67' lang='lat' dir='ltr'><strong>vel</strong></span> <span class='ocrx_word' id='word_1_123' title='bbox 1771 1612 1800 1650; x_wconf 92' lang='lat' dir='ltr'><strong>a</strong></span> <span class='ocrx_word' id='word_1_124' title='bbox 1854 1596 2097 1649; x_wconf 76' lang='lat' dir='ltr'><strong>meliore.</strong></span> <span class='ocrx_word' id='word_1_125' title='bbox 2138 1592 2291 1659; x_wconf 87' lang='lat' dir='ltr'><strong>Quod</strong></span> 
     </span>
    </p>
   </div>
   <div class='ocr_carea' id='block_1_18' title="bbox 713 1685 2295 1763">
    <p class='ocr_par' dir='ltr' id='par_1_18' title="bbox 713 1685 2295 1763">
     <span class='ocr_line' id='line_1_18' title="bbox 713 1685 2295 1763; baseline -0.003 -18"><span class='ocrx_word' id='word_1_126' title='bbox 713 1696 933 1763; x_wconf 80' lang='lat' dir='ltr'><strong>quidem</strong></span> <span class='ocrx_word' id='word_1_127' title='bbox 965 1710 993 1746; x_wconf 93' lang='lat' dir='ltr'><strong>a</strong></span> <span class='ocrx_word' id='word_1_128' title='bbox 1023 1694 1237 1747; x_wconf 90' lang='lat' dir='ltr'><strong>nemine</strong></span> <span class='ocrx_word' id='word_1_129' title='bbox 1269 1693 1561 1760; x_wconf 83' lang='lat' dir='ltr'><strong>acceperit,</strong></span> <span class='ocrx_word' id='word_1_130' title='bbox 1595 1691 1722 1742; x_wconf 89' lang='lat' dir='ltr'><strong>inde</strong></span> <span class='ocrx_word' id='word_1_131' title='bbox 1740 1697 1974 1752; x_wconf 83' lang='lat' dir='ltr'><strong>constat,</strong></span> <span class='ocrx_word' id='word_1_132' title='bbox 2006 1687 2130 1757; x_wconf 89' lang='lat' dir='ltr'><strong>quia</strong></span> <span class='ocrx_word' id='word_1_133' title='bbox 2149 1685 2295 1755; x_wconf 90' lang='lat' dir='ltr'><strong>quod</strong></span> 
     </span>
    </p>
   </div>
   <div class='ocr_carea' id='block_1_19' title="bbox 712 1780 2297 1857">
    <p class='ocr_par' dir='ltr' id='par_1_19' title="bbox 712 1780 2297 1857">
     <span class='ocr_line' id='line_1_19' title="bbox 712 1780 2297 1857; baseline -0.003 -20"><span class='ocrx_word' id='word_1_134' title='bbox 712 1789 1012 1857; x_wconf 86' lang='lat' dir='ltr'><strong>perﬁcitur,</strong></span> <span class='ocrx_word' id='word_1_135' title='bbox 1049 1803 1077 1839; x_wconf 90' lang='lat' dir='ltr'><strong>a</strong></span> <span class='ocrx_word' id='word_1_136' title='bbox 1104 1787 1332 1841; x_wconf 85' lang='lat' dir='ltr'><strong>meliore</strong></span> <span class='ocrx_word' id='word_1_137' title='bbox 1369 1785 1646 1855; x_wconf 88' lang='lat' dir='ltr'><strong>perlicitur</strong></span> <span class='ocrx_word' id='word_1_138' title='bbox 1682 1799 1695 1834; x_wconf 91' lang='lat'><strong>:</strong></span> <span class='ocrx_word' id='word_1_139' title='bbox 1733 1782 1877 1855; x_wconf 89' lang='lat' dir='ltr'><strong>quod</strong></span> <span class='ocrx_word' id='word_1_140' title='bbox 1907 1790 2087 1833; x_wconf 89' lang='lat' dir='ltr'><strong>autem</strong></span> <span class='ocrx_word' id='word_1_141' title='bbox 2118 1780 2297 1832; x_wconf 89' lang='lat' dir='ltr'><strong>minus</strong></span> 
     </span>
    </p>
   </div>
   <div class='ocr_carea' id='block_1_20' title="bbox 2388 587 3976 661">
    <p class='ocr_par' dir='ltr' id='par_1_20' title="bbox 2388 587 3976 661">
     <span class='ocr_line' id='line_1_20' title="bbox 2388 587 3976 661; baseline -0.003 -17"><span class='ocrx_word' id='word_1_142' title='bbox 2388 594 2508 661; x_wconf 78' lang='grc' dir='ltr'>ἦτοι</span> <span class='ocrx_word' id='word_1_143' title='bbox 2553 592 2627 654; x_wconf 83' lang='grc' dir='ltr'>ὡς</span> <span class='ocrx_word' id='word_1_144' title='bbox 2676 592 2815 659; x_wconf 78' lang='grc' dir='ltr'><strong>ἔχων</strong></span> <span class='ocrx_word' id='word_1_145' title='bbox 2863 591 3093 660; x_wconf 83' lang='grc' dir='ltr'>δύναμιν</span> <span class='ocrx_word' id='word_1_146' title='bbox 3152 588 3359 658; x_wconf 77' lang='grc' dir='ltr'>ταύτην</span> <span class='ocrx_word' id='word_1_147' title='bbox 3407 589 3670 658; x_wconf 74' lang='grc' dir='ltr'>εἴληφεν,</span> <span class='ocrx_word' id='word_1_148' title='bbox 3710 587 3843 658; x_wconf 75' lang='grc' dir='ltr'>ἢὼς</span> <span class='ocrx_word' id='word_1_149' title='bbox 3901 587 3976 655; x_wconf 81' lang='grc' dir='ltr'><strong>μὴ</strong></span> 
     </span>
    </p>
   </div>
   <div class='ocr_carea' id='block_1_21' title="bbox 2388 680 3982 754">
    <p class='ocr_par' dir='ltr' id='par_1_21' title="bbox 2388 680 3982 754">
     <span class='ocr_line' id='line_1_21' title="bbox 2388 680 3982 754; baseline -0.003 -19"><span class='ocrx_word' id='word_1_150' title='bbox 2388 683 2559 753; x_wconf 75' lang='grc' dir='ltr'><strong>ἔχων·</strong></span> <span class='ocrx_word' id='word_1_151' title='bbox 2625 683 2740 739; x_wconf 76' lang='grc' dir='ltr'>ἀλλ’</span> <span class='ocrx_word' id='word_1_152' title='bbox 2790 685 2837 737; x_wconf 82' lang='grc' dir='ltr'><strong>εί</strong></span> <span class='ocrx_word' id='word_1_153' title='bbox 2896 684 2994 754; x_wconf 86' lang='grc' dir='ltr'>μὲν</span> <span class='ocrx_word' id='word_1_154' title='bbox 3056 683 3132 746; x_wconf 73' lang='grc' dir='ltr'>ὼς</span> <span class='ocrx_word' id='word_1_155' title='bbox 3178 683 3253 752; x_wconf 84' lang='grc' dir='ltr'><strong>μὴ</strong></span> <span class='ocrx_word' id='word_1_156' title='bbox 3307 680 3490 750; x_wconf 84' lang='grc' dir='ltr'>ἔχων,</span> <span class='ocrx_word' id='word_1_157' title='bbox 3547 680 3800 734; x_wconf 75' lang='grc' dir='ltr'>οὐδέποτε</span> <span class='ocrx_word' id='word_1_158' title='bbox 3839 681 3982 732; x_wconf 79' lang='grc' dir='ltr'>ταῦ-</span> 
     </span>
    </p>
   </div>
   <div class='ocr_carea' id='block_1_22' title="bbox 2388 772 3979 848">
    <p class='ocr_par' dir='ltr' id='par_1_22' title="bbox 2388 772 3979 848">
     <span class='ocr_line' id='line_1_22' title="bbox 2388 772 3979 848; baseline -0.003 -20"><span class='ocrx_word' id='word_1_159' title='bbox 2388 794 2488 846; x_wconf 80' lang='grc' dir='ltr'><strong>την</strong></span> <span class='ocrx_word' id='word_1_160' title='bbox 2538 777 2796 848; x_wconf 66' lang='grc' dir='ltr'>λήψεται·</span> <span class='ocrx_word' id='word_1_161' title='bbox 2848 778 2943 829; x_wconf 73' lang='grc' dir='ltr'><strong>καὶ</strong></span> <span class='ocrx_word' id='word_1_162' title='bbox 2980 776 3089 846; x_wconf 68' lang='grc' dir='ltr'><strong>γὰρ</strong></span> <span class='ocrx_word' id='word_1_163' title='bbox 3126 774 3187 827; x_wconf 82' lang='grc' dir='ltr'><strong>τὸ</strong></span> <span class='ocrx_word' id='word_1_164' title='bbox 3236 774 3526 835; x_wconf 71' lang='grc' dir='ltr'>’ἀδυνάτως</span> <span class='ocrx_word' id='word_1_165' title='bbox 3575 774 3697 843; x_wconf 77' lang='grc' dir='ltr'>ἔχον</span> <span class='ocrx_word' id='word_1_166' title='bbox 3743 772 3881 841; x_wconf 80' lang='grc' dir='ltr'>πρὸς</span> <span class='ocrx_word' id='word_1_167' title='bbox 3917 772 3979 824; x_wconf 84' lang='grc' dir='ltr'><strong>τὸ</strong></span> 
     </span>
    </p>
   </div>
   <div class='ocr_carea' id='block_1_23' title="bbox 2392 863 3976 933">
    <p class='ocr_par' dir='ltr' id='par_1_23' title="bbox 2392 863 3976 933">
     <span class='ocr_line' id='line_1_23' title="bbox 2392 863 3976 933; baseline -0.005 -13"><span class='ocrx_word' id='word_1_168' title='bbox 2392 870 2565 920; x_wconf 85' lang='grc' dir='ltr'><strong>ποιεῖν</strong></span> <span class='ocrx_word' id='word_1_169' title='bbox 2588 886 2660 933; x_wconf 88' lang='grc' dir='ltr'><strong>τι,</strong></span> <span class='ocrx_word' id='word_1_170' title='bbox 2689 867 2947 921; x_wconf 78' lang='grc' dir='ltr'>ἀδύνατόν</span> <span class='ocrx_word' id='word_1_171' title='bbox 2979 868 3097 918; x_wconf 80' lang='grc' dir='ltr'>ἐστι</span> <span class='ocrx_word' id='word_1_172' title='bbox 3127 864 3285 918; x_wconf 83' lang='grc' dir='ltr'>τοῦτο</span> <span class='ocrx_word' id='word_1_173' title='bbox 3315 866 3489 916; x_wconf 78' lang='grc' dir='ltr'>ποιεῖν</span> <span class='ocrx_word' id='word_1_174' title='bbox 3508 881 3521 893; x_wconf 87' lang='grc'>·</span> <span class='ocrx_word' id='word_1_175' title='bbox 3560 867 3605 915; x_wconf 78' lang='grc' dir='ltr'>εἰ</span> <span class='ocrx_word' id='word_1_176' title='bbox 3636 865 3689 916; x_wconf 71' lang='grc' dir='ltr'>δὲ</span> <span class='ocrx_word' id='word_1_177' title='bbox 3716 864 3788 926; x_wconf 82' lang='grc' dir='ltr'><strong>ὡς</strong></span> <span class='ocrx_word' id='word_1_178' title='bbox 3812 863 3976 932; x_wconf 78' lang='grc' dir='ltr'>ἔχων,</span> 
     </span>
    </p>
   </div>
   <div class='ocr_carea' id='block_1_24' title="bbox 2391 952 3973 1028">
    <p class='ocr_par' dir='ltr' id='par_1_24' title="bbox 2391 952 3973 1028">
     <span class='ocr_line' id='line_1_24' title="bbox 2391 952 3973 1028; baseline -0.002 -19"><span class='ocrx_word' id='word_1_179' title='bbox 2391 959 2607 1027; x_wconf 84' lang='grc' dir='ltr'>πρῶτον</span> <span class='ocrx_word' id='word_1_180' title='bbox 2640 961 2737 1028; x_wconf 79' lang='grc' dir='ltr'><strong>μὲν</strong></span> <span class='ocrx_word' id='word_1_181' title='bbox 2764 959 2812 1012; x_wconf 89' lang='grc' dir='ltr'><strong>τί</strong></span> <span class='ocrx_word' id='word_1_182' title='bbox 2836 959 2895 1011; x_wconf 88' lang='grc' dir='ltr'><strong>τὸ</strong></span> <span class='ocrx_word' id='word_1_183' title='bbox 2923 958 3130 1010; x_wconf 77' lang='grc' dir='ltr'>κωλῦον</span> <span class='ocrx_word' id='word_1_184' title='bbox 3164 958 3310 1021; x_wconf 79' lang='grc' dir='ltr'>ὲξότε</span> <span class='ocrx_word' id='word_1_185' title='bbox 3340 952 3409 1027; x_wconf 84' lang='grc' dir='ltr'>ἦν</span> <span class='ocrx_word' id='word_1_186' title='bbox 3442 956 3635 1019; x_wconf 80' lang='grc' dir='ltr'>ἀΐδιος,</span> <span class='ocrx_word' id='word_1_187' title='bbox 3676 955 3750 1024; x_wconf 82' lang='grc' dir='ltr'>μὴ</span> <span class='ocrx_word' id='word_1_188' title='bbox 3783 957 3878 1007; x_wconf 72' lang='grc' dir='ltr'>καὶ</span> <span class='ocrx_word' id='word_1_189' title='bbox 3910 955 3973 1006; x_wconf 88' lang='grc' dir='ltr'><strong>τὸ</strong></span> 
     </span>
    </p>
   </div>
   <div class='ocr_carea' id='block_1_25' title="bbox 2390 1048 3976 1120">
    <p class='ocr_par' dir='ltr' id='par_1_25' title="bbox 2390 1048 3976 1120">
     <span class='ocr_line' id='line_1_25' title="bbox 2390 1048 3976 1120; baseline -0.003 -18"><span class='ocrx_word' id='word_1_190' title='bbox 2390 1050 2650 1102; x_wconf 76' lang='grc' dir='ltr'>δύνασθαι</span> <span class='ocrx_word' id='word_1_191' title='bbox 2701 1050 2880 1120; x_wconf 84' lang='grc' dir='ltr'>ἔχειν;</span> <span class='ocrx_word' id='word_1_192' title='bbox 2914 1051 3104 1102; x_wconf 78' lang='grc' dir='ltr'>ἔπειτα</span> <span class='ocrx_word' id='word_1_193' title='bbox 3144 1051 3239 1101; x_wconf 76' lang='grc' dir='ltr'>καὶ</span> <span class='ocrx_word' id='word_1_194' title='bbox 3290 1049 3648 1119; x_wconf 73' lang='grc' dir='ltr'>εὑρεθήσεται</span> <span class='ocrx_word' id='word_1_195' title='bbox 3678 1048 3776 1116; x_wconf 78' lang='grc' dir='ltr'>τῆς</span> <span class='ocrx_word' id='word_1_196' title='bbox 3810 1048 3976 1099; x_wconf 80' lang='grc' dir='ltr'>δυνά-</span> 
     </span>
    </p>
   </div>
   <div class='ocr_carea' id='block_1_26' title="bbox 2396 1140 3979 1211">
    <p class='ocr_par' dir='ltr' id='par_1_26' title="bbox 2396 1140 3979 1211">
     <span class='ocr_line' id='line_1_26' title="bbox 2396 1140 3979 1211; baseline -0.006 -13"><span class='ocrx_word' id='word_1_197' title='bbox 2396 1158 2539 1209; x_wconf 76' lang='grc' dir='ltr'>μεως</span> <span class='ocrx_word' id='word_1_198' title='bbox 2577 1142 2825 1210; x_wconf 52' lang='grc' dir='ltr'>ῖύναμις,</span> <span class='ocrx_word' id='word_1_199' title='bbox 2866 1145 2959 1195; x_wconf 76' lang='grc' dir='ltr'>καὶ</span> <span class='ocrx_word' id='word_1_200' title='bbox 2987 1142 3179 1195; x_wconf 81' lang='grc' dir='ltr'>πολλαὶ</span> <span class='ocrx_word' id='word_1_201' title='bbox 3222 1143 3482 1211; x_wconf 80' lang='grc' dir='ltr'>δυνάμεις</span> <span class='ocrx_word' id='word_1_202' title='bbox 3515 1143 3607 1194; x_wconf 76' lang='grc' dir='ltr'><strong>ἐπὶ</strong></span> <span class='ocrx_word' id='word_1_203' title='bbox 3644 1140 3802 1197; x_wconf 85' lang='grc' dir='ltr'>Θεοῦ.</span> <span class='ocrx_word' id='word_1_204' title='bbox 3838 1141 3979 1207; x_wconf 79' lang='grc' dir='ltr'>ὅπερ</span> 
     </span>
    </p>
   </div>
   <div class='ocr_carea' id='block_1_27' title="bbox 2394 1232 3982 1306">
    <p class='ocr_par' dir='ltr' id='par_1_27' title="bbox 2394 1232 3982 1306">
     <span class='ocr_line' id='line_1_27' title="bbox 2394 1232 3982 1306; baseline -0.002 -18"><span class='ocrx_word' id='word_1_205' title='bbox 2394 1236 2487 1288; x_wconf 82' lang='grc' dir='ltr'><strong>καὶ</strong></span> <span class='ocrx_word' id='word_1_206' title='bbox 2537 1234 2693 1286; x_wconf 81' lang='grc' dir='ltr'>τοῦτο</span> <span class='ocrx_word' id='word_1_207' title='bbox 2724 1235 2911 1303; x_wconf 81' lang='grc' dir='ltr'><strong>σαφῶς</strong></span> <span class='ocrx_word' id='word_1_208' title='bbox 2962 1236 3317 1306; x_wconf 81' lang='grc' dir='ltr'>ὲλήλεγκται”</span> <span class='ocrx_word' id='word_1_209' title='bbox 3354 1236 3454 1287; x_wconf 74' lang='grc' dir='ltr'>οὐκ</span> <span class='ocrx_word' id='word_1_210' title='bbox 3480 1235 3587 1305; x_wconf 83' lang='grc' dir='ltr'>ἄρα</span> <span class='ocrx_word' id='word_1_211' title='bbox 3619 1234 3749 1301; x_wconf 80' lang='grc' dir='ltr'>παρ’</span> <span class='ocrx_word' id='word_1_212' title='bbox 3784 1232 3982 1286; x_wconf 81' lang='grc' dir='ltr'>ἑαυτοῦ</span> 
     </span>
    </p>
   </div>
   <div class='ocr_carea' id='block_1_28' title="bbox 2393 1325 3985 1397">
    <p class='ocr_par' dir='ltr' id='par_1_28' title="bbox 2393 1325 3985 1397">
     <span class='ocr_line' id='line_1_28' title="bbox 2393 1325 3985 1397; baseline -0.001 -18"><span class='ocrx_word' id='word_1_213' title='bbox 2393 1326 2594 1391; x_wconf 71' lang='grc' dir='ltr'>ταύτην</span> <span class='ocrx_word' id='word_1_214' title='bbox 2643 1326 2884 1394; x_wconf 68' lang='grc' dir='ltr'>εἴληφεν,</span> <span class='ocrx_word' id='word_1_215' title='bbox 2933 1325 3181 1381; x_wconf 81' lang='grc' dir='ltr'>λείπεται</span> <span class='ocrx_word' id='word_1_216' title='bbox 3215 1326 3344 1397; x_wconf 82' lang='grc' dir='ltr'>παρ’</span> <span class='ocrx_word' id='word_1_217' title='bbox 3380 1327 3598 1397; x_wconf 79' lang='grc' dir='ltr'>ἐτέρουο</span> <span class='ocrx_word' id='word_1_218' title='bbox 3649 1325 3763 1377; x_wconf 80' lang='grc' dir='ltr'><strong>ἀλλ’</strong></span> <span class='ocrx_word' id='word_1_219' title='bbox 3792 1325 3840 1376; x_wconf 90' lang='grc' dir='ltr'><strong>εί</strong></span> <span class='ocrx_word' id='word_1_220' title='bbox 3882 1326 3985 1394; x_wconf 79' lang='grc' dir='ltr'>μὲν</span> 
     </span>
    </p>
   </div>
   <div class='ocr_carea' id='block_1_29' title="bbox 2396 1416 3985 1489">
    <p class='ocr_par' dir='ltr' id='par_1_29' title="bbox 2396 1416 3985 1489">
     <span class='ocr_line' id='line_1_29' title="bbox 2396 1416 3985 1489; baseline -0.003 -18"><span class='ocrx_word' id='word_1_221' title='bbox 2396 1420 2525 1489; x_wconf 82' lang='grc' dir='ltr'>παρ’</span> <span class='ocrx_word' id='word_1_222' title='bbox 2559 1418 2766 1487; x_wconf 80' lang='grc' dir='ltr'>ἐτέρου,</span> <span class='ocrx_word' id='word_1_223' title='bbox 2822 1419 2938 1487; x_wconf 70' lang='grc' dir='ltr'>ἤτοι</span> <span class='ocrx_word' id='word_1_224' title='bbox 2988 1420 3096 1470; x_wconf 80' lang='grc' dir='ltr'>ἀπὸ</span> <span class='ocrx_word' id='word_1_225' title='bbox 3123 1420 3239 1471; x_wconf 84' lang='grc' dir='ltr'>ίσου</span> <span class='ocrx_word' id='word_1_226' title='bbox 3272 1419 3305 1488; x_wconf 82' lang='grc' dir='ltr'>ἢ</span> <span class='ocrx_word' id='word_1_227' title='bbox 3338 1419 3431 1470; x_wconf 83' lang='grc' dir='ltr'>ἀπ’</span> <span class='ocrx_word' id='word_1_228' title='bbox 3471 1418 3771 1479; x_wconf 79' lang='grc' dir='ltr'>ἐλάττονος,</span> <span class='ocrx_word' id='word_1_229' title='bbox 3810 1416 3841 1484; x_wconf 78' lang='grc' dir='ltr'><strong>ἦ</strong></span> <span class='ocrx_word' id='word_1_230' title='bbox 3873 1418 3985 1467; x_wconf 82' lang='grc' dir='ltr'><strong>ἀπὸ</strong></span> 
     </span>
    </p>
   </div>
   <div class='ocr_carea' id='block_1_30' title="bbox 2396 1507 3987 1581">
    <p class='ocr_par' dir='ltr' id='par_1_30' title="bbox 2396 1507 3987 1581">
     <span class='ocr_line' id='line_1_30' title="bbox 2396 1507 3987 1581; baseline -0.003 -18"><span class='ocrx_word' id='word_1_231' title='bbox 2396 1512 2733 1581; x_wconf 83' lang='grc' dir='ltr'>κρείττονος·</span> <span class='ocrx_word' id='word_1_232' title='bbox 2770 1510 2884 1562; x_wconf 77' lang='grc' dir='ltr'>ἀλλ’</span> <span class='ocrx_word' id='word_1_233' title='bbox 2912 1512 2993 1563; x_wconf 83' lang='grc' dir='ltr'><strong>ὅτι</strong></span> <span class='ocrx_word' id='word_1_234' title='bbox 3019 1510 3129 1579; x_wconf 65' lang='grc' dir='ltr'>μὲν</span> <span class='ocrx_word' id='word_1_235' title='bbox 3154 1510 3253 1563; x_wconf 76' lang='grc' dir='ltr'><strong>οῦκ</strong></span> <span class='ocrx_word' id='word_1_236' title='bbox 3289 1511 3383 1562; x_wconf 74' lang='grc' dir='ltr'><strong>ἀπ’</strong></span> <span class='ocrx_word' id='word_1_237' title='bbox 3409 1509 3622 1572; x_wconf 74' lang='grc' dir='ltr'>οὐδενὸς</span> <span class='ocrx_word' id='word_1_238' title='bbox 3654 1508 3813 1559; x_wconf 79' lang='grc' dir='ltr'>τοῦτο</span> <span class='ocrx_word' id='word_1_239' title='bbox 3836 1507 3987 1559; x_wconf 69' lang='grc' dir='ltr'>ἐνδέ-</span> 
     </span>
    </p>
   </div>
   <div class='ocr_carea' id='block_1_31' title="bbox 2396 1598 3982 1670">
    <p class='ocr_par' dir='ltr' id='par_1_31' title="bbox 2396 1598 3982 1670">
     <span class='ocr_line' id='line_1_31' title="bbox 2396 1598 3982 1670; baseline -0.003 -19"><span class='ocrx_word' id='word_1_240' title='bbox 2396 1618 2572 1669; x_wconf 84' lang='grc' dir='ltr'>χεται,</span> <span class='ocrx_word' id='word_1_241' title='bbox 2632 1600 2883 1653; x_wconf 81' lang='grc' dir='ltr'>ἐντεῦθεν</span> <span class='ocrx_word' id='word_1_242' title='bbox 2933 1601 3124 1669; x_wconf 74' lang='grc' dir='ltr'>δῆλον·</span> <span class='ocrx_word' id='word_1_243' title='bbox 3158 1601 3219 1652; x_wconf 91' lang='grc' dir='ltr'><strong>τὸ</strong></span> <span class='ocrx_word' id='word_1_244' title='bbox 3266 1600 3366 1670; x_wconf 87' lang='grc' dir='ltr'>μὲν</span> <span class='ocrx_word' id='word_1_245' title='bbox 3413 1601 3520 1670; x_wconf 80' lang='grc' dir='ltr'>γὰρ</span> <span class='ocrx_word' id='word_1_246' title='bbox 3579 1598 3982 1667; x_wconf 77' lang='grc' dir='ltr'>τελειούμενον,</span> 
     </span>
    </p>
   </div>
   <div class='ocr_carea' id='block_1_32' title="bbox 2398 1688 3987 1760">
    <p class='ocr_par' dir='ltr' id='par_1_32' title="bbox 2398 1688 3987 1760">
     <span class='ocr_line' id='line_1_32' title="bbox 2398 1688 3987 1760; baseline -0.004 -15"><span class='ocrx_word' id='word_1_247' title='bbox 2398 1691 2506 1745; x_wconf 84' lang='grc' dir='ltr'><strong>ἀπὸ</strong></span> <span class='ocrx_word' id='word_1_248' title='bbox 2545 1693 2853 1760; x_wconf 87' lang='grc' dir='ltr'>κρείττονος</span> <span class='ocrx_word' id='word_1_249' title='bbox 2904 1690 3240 1744; x_wconf 76' lang='grc' dir='ltr'><strong>τελειοῦται·</strong></span> <span class='ocrx_word' id='word_1_250' title='bbox 3287 1692 3348 1743; x_wconf 84' lang='grc' dir='ltr'><strong>τὸ</strong></span> <span class='ocrx_word' id='word_1_251' title='bbox 3390 1691 3445 1743; x_wconf 80' lang='grc' dir='ltr'>δὲ</span> <span class='ocrx_word' id='word_1_252' title='bbox 3485 1690 3741 1751; x_wconf 82' lang='grc' dir='ltr'>ἔλαττον,</span> <span class='ocrx_word' id='word_1_253' title='bbox 3797 1688 3987 1758; x_wconf 80' lang='grc' dir='ltr'>χεῖρόν</span> 
     </span>
    </p>
   </div>
   <div class='ocr_carea' id='block_1_33' title="bbox 2400 1776 3985 1853">
    <p class='ocr_par' dir='ltr' id='par_1_33' title="bbox 2400 1776 3985 1853">
     <span class='ocr_line' id='line_1_33' title="bbox 2400 1776 3985 1853; baseline -0.004 -17"><span class='ocrx_word' id='word_1_254' title='bbox 2400 1784 2515 1836; x_wconf 75' lang='grc' dir='ltr'>ἐστι</span> <span class='ocrx_word' id='word_1_255' title='bbox 2542 1799 2556 1813; x_wconf 80' lang='grc' dir='ltr'><strong>ο</strong></span> <span class='ocrx_word' id='word_1_256' title='bbox 2591 1785 2683 1836; x_wconf 75' lang='grc' dir='ltr'>καὶ</span> <span class='ocrx_word' id='word_1_257' title='bbox 2722 1785 2782 1837; x_wconf 86' lang='grc' dir='ltr'><strong>τὸ</strong></span> <span class='ocrx_word' id='word_1_258' title='bbox 2828 1785 2939 1836; x_wconf 78' lang='grc' dir='ltr'>ἴσον</span> <span class='ocrx_word' id='word_1_259' title='bbox 2986 1784 3210 1852; x_wconf 77' lang='grc' dir='ltr'>ὅμοιον·</span> <span class='ocrx_word' id='word_1_260' title='bbox 3262 1782 3527 1853; x_wconf 80' lang='grc' dir='ltr'>κρείττων</span> <span class='ocrx_word' id='word_1_261' title='bbox 3556 1782 3611 1834; x_wconf 85' lang='grc' dir='ltr'>δὲ</span> <span class='ocrx_word' id='word_1_262' title='bbox 3653 1781 3811 1833; x_wconf 72' lang='grc' dir='ltr'>πάλιν</span> <span class='ocrx_word' id='word_1_263' title='bbox 3841 1776 3985 1831; x_wconf 84' lang='grc' dir='ltr'>Θεοῦ</span> 
     </span>
    </p>
   </div>
   <div class='ocr_carea' id='block_1_34' title="bbox 711 1867 2299 1946">
    <p class='ocr_par' dir='ltr' id='par_1_34' title="bbox 711 1872 2295 1946">
     <span class='ocr_line' id='line_1_34' title="bbox 711 1872 2295 1946; baseline -0.007 -11"><span class='ocrx_word' id='word_1_264' title='bbox 711 1891 815 1946; x_wconf 89' lang='lat' dir='ltr'><strong>est,</strong></span> <span class='ocrx_word' id='word_1_265' title='bbox 853 1881 1093 1934; x_wconf 85' lang='lat' dir='ltr'><strong>deterius</strong></span> <span class='ocrx_word' id='word_1_266' title='bbox 1134 1890 1214 1934; x_wconf 91' lang='lat' dir='ltr'><strong>est</strong></span> <span class='ocrx_word' id='word_1_267' title='bbox 1244 1899 1256 1944; x_wconf 90' lang='lat'><strong>;</strong></span> <span class='ocrx_word' id='word_1_268' title='bbox 1295 1890 1348 1932; x_wconf 92' lang='lat' dir='ltr'><strong>et</strong></span> <span class='ocrx_word' id='word_1_269' title='bbox 1378 1877 1603 1945; x_wconf 69' lang='lat' dir='ltr'><strong>aequale,</strong></span> <span class='ocrx_word' id='word_1_270' title='bbox 1641 1875 1913 1929; x_wconf 86' lang='lat' dir='ltr'><strong>similiter.</strong></span> <span class='ocrx_word' id='word_1_271' title='bbox 1940 1872 2102 1941; x_wconf 86' lang='lat' dir='ltr'><strong>Atqui</strong></span> <span class='ocrx_word' id='word_1_272' title='bbox 2134 1886 2295 1925; x_wconf 88' lang='lat' dir='ltr'><strong>nemo</strong></span> 
     </span>
    </p>
   </div>
   <div class='ocr_carea' id='block_1_35' title="bbox 2406 1867 3983 1946">
    <p class='ocr_par' dir='ltr' id='par_1_35' title="bbox 2406 1867 3983 1943">
     <span class='ocr_line' id='line_1_35' title="bbox 2406 1867 3983 1943; baseline -0.004 -16"><span class='ocrx_word' id='word_1_273' title='bbox 2406 1875 2499 1927; x_wconf 80' lang='grc' dir='ltr'>οὐκ</span> <span class='ocrx_word' id='word_1_274' title='bbox 2549 1872 2731 1926; x_wconf 81' lang='grc' dir='ltr'>ἔστιν·</span> <span class='ocrx_word' id='word_1_275' title='bbox 2782 1874 2827 1926; x_wconf 90' lang='grc' dir='ltr'><strong>εί</strong></span> <span class='ocrx_word' id='word_1_276' title='bbox 2876 1873 2983 1943; x_wconf 80' lang='grc' dir='ltr'><strong>γὰρ</strong></span> <span class='ocrx_word' id='word_1_277' title='bbox 3010 1872 3167 1926; x_wconf 87' lang='grc' dir='ltr'>τοῦτο</span> <span class='ocrx_word' id='word_1_278' title='bbox 3217 1873 3333 1943; x_wconf 84' lang='grc' dir='ltr'>δοίη</span> <span class='ocrx_word' id='word_1_279' title='bbox 3381 1890 3484 1936; x_wconf 89' lang='grc' dir='ltr'>τις,</span> <span class='ocrx_word' id='word_1_280' title='bbox 3519 1872 3669 1923; x_wconf 75' lang='grc' dir='ltr'>ἔσται</span> <span class='ocrx_word' id='word_1_281' title='bbox 3718 1870 3810 1923; x_wconf 88' lang='grc' dir='ltr'><strong>τοῦ</strong></span> <span class='ocrx_word' id='word_1_282' title='bbox 3844 1867 3983 1921; x_wconf 83' lang='grc' dir='ltr'>Θεοῦ</span> 
     </span>
    </p>
   </div>
   <div class='ocr_carea' id='block_1_36' title="bbox 715 1965 2296 2036">
    <p class='ocr_par' dir='ltr' id='par_1_36' title="bbox 715 1965 2296 2036">
     <span class='ocr_line' id='line_1_36' title="bbox 715 1965 2296 2036; baseline -0.002 -14"><span class='ocrx_word' id='word_1_283' title='bbox 715 1973 823 2025; x_wconf 62' lang='lat' dir='ltr'><strong>lico</strong></span> <span class='ocrx_word' id='word_1_284' title='bbox 876 1972 1068 2024; x_wconf 88' lang='lat' dir='ltr'><strong>melior</strong></span> <span class='ocrx_word' id='word_1_285' title='bbox 1098 1982 1172 2024; x_wconf 86' lang='lat' dir='ltr'><strong>est</strong></span> <span class='ocrx_word' id='word_1_286' title='bbox 1204 1988 1216 2035; x_wconf 90' lang='lat'><strong>;</strong></span> <span class='ocrx_word' id='word_1_287' title='bbox 1255 1986 1377 2023; x_wconf 87' lang='lat' dir='ltr'><strong>nam</strong></span> <span class='ocrx_word' id='word_1_288' title='bbox 1412 1970 1455 2023; x_wconf 87' lang='lat' dir='ltr'><strong>si</strong></span> <span class='ocrx_word' id='word_1_289' title='bbox 1494 1969 1597 2022; x_wconf 89' lang='lat' dir='ltr'><strong>hoc</strong></span> <span class='ocrx_word' id='word_1_290' title='bbox 1643 1966 1933 2036; x_wconf 87' lang='lat' dir='ltr'><strong>quisquam</strong></span> <span class='ocrx_word' id='word_1_291' title='bbox 1972 1965 2085 2017; x_wconf 88' lang='lat' dir='ltr'><strong>ﬁeri</strong></span> <span class='ocrx_word' id='word_1_292' title='bbox 2136 1979 2296 2033; x_wconf 80' lang='lat' dir='ltr'><strong>posse</strong></span> 
     </span>
    </p>
   </div>
   <div class='ocr_carea' id='block_1_37' title="bbox 709 2056 2297 2127">
    <p class='ocr_par' dir='ltr' id='par_1_37' title="bbox 709 2056 2297 2127">
     <span class='ocr_line' id='line_1_37' title="bbox 709 2056 2297 2127; baseline -0.003 -12"><span class='ocrx_word' id='word_1_293' title='bbox 709 2063 996 2125; x_wconf 81' lang='lat' dir='ltr'><strong>concedat,</strong></span> <span class='ocrx_word' id='word_1_294' title='bbox 1028 2062 1130 2114; x_wconf 89' lang='lat' dir='ltr'><strong>erit</strong></span> <span class='ocrx_word' id='word_1_295' title='bbox 1163 2060 1253 2115; x_wconf 87' lang='lat' dir='ltr'><strong>Dei</strong></span> <span class='ocrx_word' id='word_1_296' title='bbox 1289 2060 1451 2121; x_wconf 83' lang='lat' dir='ltr'><strong>Deus,</strong></span> <span class='ocrx_word' id='word_1_297' title='bbox 1489 2061 1728 2127; x_wconf 89' lang='lat' dir='ltr'><strong>itemque</strong></span> <span class='ocrx_word' id='word_1_298' title='bbox 1757 2057 1896 2110; x_wconf 86' lang='lat' dir='ltr'><strong>alius</strong></span> <span class='ocrx_word' id='word_1_299' title='bbox 1928 2056 2071 2110; x_wconf 87' lang='lat' dir='ltr'><strong>Deus</strong></span> <span class='ocrx_word' id='word_1_300' title='bbox 2095 2074 2108 2121; x_wconf 85' lang='lat'><strong>;</strong></span> <span class='ocrx_word' id='word_1_301' title='bbox 2135 2057 2297 2125; x_wconf 89' lang='lat' dir='ltr'><strong>idque</strong></span> 
     </span>
    </p>
   </div>
   <div class='ocr_carea' id='block_1_38' title="bbox 710 2149 2297 2223">
    <p class='ocr_par' dir='ltr' id='par_1_38' title="bbox 710 2149 2297 2223">
     <span class='ocr_line' id='line_1_38' title="bbox 710 2149 2297 2223; baseline -0.003 -16"><span class='ocrx_word' id='word_1_302' title='bbox 710 2154 768 2207; x_wconf 85' lang='lat' dir='ltr'><strong>in</strong></span> <span class='ocrx_word' id='word_1_303' title='bbox 800 2154 1072 2207; x_wconf 88' lang='lat' dir='ltr'><strong>inlinitmn</strong></span> <span class='ocrx_word' id='word_1_304' title='bbox 1120 2156 1397 2223; x_wconf 89' lang='lat' dir='ltr'><strong>procedet.</strong></span> <span class='ocrx_word' id='word_1_305' title='bbox 1444 2154 1611 2221; x_wconf 85' lang='lat' dir='ltr'><strong>Igitur</strong></span> <span class='ocrx_word' id='word_1_306' title='bbox 1669 2166 2016 2219; x_wconf 88' lang='lat' dir='ltr'><strong>nequaquam</strong></span> <span class='ocrx_word' id='word_1_307' title='bbox 2064 2149 2206 2204; x_wconf 86' lang='lat' dir='ltr'><strong>Deus</strong></span> <span class='ocrx_word' id='word_1_308' title='bbox 2230 2150 2297 2203; x_wconf 93' lang='lat' dir='ltr'><strong>ab</strong></span> 
     </span>
    </p>
   </div>
   <div class='ocr_carea' id='block_1_39' title="bbox 709 2245 1611 2315">
    <p class='ocr_par' dir='ltr' id='par_1_39' title="bbox 709 2245 1611 2315">
     <span class='ocr_line' id='line_1_39' title="bbox 709 2245 1611 2315; baseline 0.001 -16"><span class='ocrx_word' id='word_1_309' title='bbox 709 2245 819 2300; x_wconf 85' lang='lat' dir='ltr'><strong>alio</strong></span> <span class='ocrx_word' id='word_1_310' title='bbox 855 2248 1151 2315; x_wconf 83' lang='lat' dir='ltr'><strong>potentiam</strong></span> <span class='ocrx_word' id='word_1_311' title='bbox 1190 2262 1344 2299; x_wconf 91' lang='lat' dir='ltr'><strong>suam</strong></span> <span class='ocrx_word' id='word_1_312' title='bbox 1388 2247 1611 2315; x_wconf 73' lang='lat' dir='ltr'><strong>recrpit.</strong></span> 
     </span>
    </p>
   </div>
   <div class='ocr_carea' id='block_1_40' title="bbox 780 2337 2295 2412">
    <p class='ocr_par' dir='ltr' id='par_1_40' title="bbox 780 2337 2295 2412">
     <span class='ocr_line' id='line_1_40' title="bbox 780 2337 2295 2412; baseline 0.001 -23"><span class='ocrx_word' id='word_1_313' title='bbox 780 2338 834 2392; x_wconf 84' lang='lat'><strong>8.</strong></span> <span class='ocrx_word' id='word_1_314' title='bbox 870 2337 1141 2403; x_wconf 86' lang='lat' dir='ltr'><strong>Quoniam</strong></span> <span class='ocrx_word' id='word_1_315' title='bbox 1200 2338 1383 2406; x_wconf 88' lang='lat' dir='ltr'><strong>itaque</strong></span> <span class='ocrx_word' id='word_1_316' title='bbox 1412 2338 1554 2393; x_wconf 88' lang='lat' dir='ltr'><strong>Deus</strong></span> <span class='ocrx_word' id='word_1_317' title='bbox 1586 2356 1763 2412; x_wconf 89' lang='lat' dir='ltr'><strong>neque</strong></span> <span class='ocrx_word' id='word_1_318' title='bbox 1799 2356 1827 2395; x_wconf 92' lang='lat' dir='ltr'><strong>a</strong></span> <span class='ocrx_word' id='word_1_319' title='bbox 1872 2356 1931 2397; x_wconf 90' lang='lat' dir='ltr'><strong>se</strong></span> <span class='ocrx_word' id='word_1_320' title='bbox 1971 2340 2110 2410; x_wconf 87' lang='lat' dir='ltr'><strong>ipso,</strong></span> <span class='ocrx_word' id='word_1_321' title='bbox 2155 2338 2295 2391; x_wconf 86' lang='lat' dir='ltr'><strong>mul-</strong></span> 
     </span>
    </p>
   </div>
   <div class='ocr_carea' id='block_1_41' title="bbox 712 2431 2298 2500">
    <p class='ocr_par' dir='ltr' id='par_1_41' title="bbox 712 2431 2298 2500">
     <span class='ocr_line' id='line_1_41' title="bbox 712 2431 2298 2500; baseline 0.001 -17"><span class='ocrx_word' id='word_1_322' title='bbox 712 2438 875 2500; x_wconf 84' lang='lat' dir='ltr'><strong>toque</strong></span> <span class='ocrx_word' id='word_1_323' title='bbox 902 2431 1082 2485; x_wconf 89' lang='lat' dir='ltr'><strong>minus</strong></span> <span class='ocrx_word' id='word_1_324' title='bbox 1109 2431 1178 2483; x_wconf 90' lang='lat' dir='ltr'><strong>ab</strong></span> <span class='ocrx_word' id='word_1_325' title='bbox 1215 2432 1323 2483; x_wconf 90' lang='lat' dir='ltr'><strong>alio</strong></span> <span class='ocrx_word' id='word_1_326' title='bbox 1366 2433 1662 2500; x_wconf 84' lang='lat' dir='ltr'><strong>potentiam</strong></span> <span class='ocrx_word' id='word_1_327' title='bbox 1707 2448 1859 2487; x_wconf 91' lang='lat' dir='ltr'><strong>suam</strong></span> <span class='ocrx_word' id='word_1_328' title='bbox 1894 2433 2108 2500; x_wconf 86' lang='lat' dir='ltr'><strong>recipit,</strong></span> <span class='ocrx_word' id='word_1_329' title='bbox 2148 2439 2298 2500; x_wconf 87' lang='lat' dir='ltr'><strong>patet</strong></span> 
     </span>
    </p>
   </div>
   <div class='ocr_carea' id='block_1_42' title="bbox 710 2520 2298 2590">
    <p class='ocr_par' dir='ltr' id='par_1_42' title="bbox 710 2520 2298 2590">
     <span class='ocr_line' id='line_1_42' title="bbox 710 2520 2298 2590; baseline 0.001 -18"><span class='ocrx_word' id='word_1_330' title='bbox 710 2521 892 2588; x_wconf 87' lang='lat' dir='ltr'><strong>ipsmn</strong></span> <span class='ocrx_word' id='word_1_331' title='bbox 946 2520 1147 2573; x_wconf 90' lang='lat' dir='ltr'><strong>habere</strong></span> <span class='ocrx_word' id='word_1_332' title='bbox 1196 2520 1339 2571; x_wconf 85' lang='lat' dir='ltr'><strong>illam</strong></span> <span class='ocrx_word' id='word_1_333' title='bbox 1374 2521 1745 2589; x_wconf 82' lang='lat' dir='ltr'><strong>congenitam.</strong></span> <span class='ocrx_word' id='word_1_334' title='bbox 1810 2520 1907 2576; x_wconf 83' lang='lat' dir='ltr'><strong>Est</strong></span> <span class='ocrx_word' id='word_1_335' title='bbox 1961 2532 2142 2574; x_wconf 88' lang='lat' dir='ltr'><strong>autem</strong></span> <span class='ocrx_word' id='word_1_336' title='bbox 2181 2520 2298 2590; x_wconf 88' lang='lat' dir='ltr'><strong>ipse</strong></span> 
     </span>
    </p>
   </div>
   <div class='ocr_carea' id='block_1_43' title="bbox 710 2611 2291 2683">
    <p class='ocr_par' dir='ltr' id='par_1_43' title="bbox 710 2611 2291 2683">
     <span class='ocr_line' id='line_1_43' title="bbox 710 2611 2291 2683; baseline 0.001 -20"><span class='ocrx_word' id='word_1_337' title='bbox 710 2624 930 2679; x_wconf 81' lang='lat' dir='ltr'><strong>semper</strong></span> <span class='ocrx_word' id='word_1_338' title='bbox 958 2628 971 2675; x_wconf 91' lang='lat'><strong>;</strong></span> <span class='ocrx_word' id='word_1_339' title='bbox 1003 2626 1132 2681; x_wconf 83' lang='lat' dir='ltr'><strong>ergo</strong></span> <span class='ocrx_word' id='word_1_340' title='bbox 1180 2620 1233 2664; x_wconf 91' lang='lat' dir='ltr'><strong>et</strong></span> <span class='ocrx_word' id='word_1_341' title='bbox 1264 2611 1433 2679; x_wconf 89' lang='lat' dir='ltr'><strong>ipsius</strong></span> <span class='ocrx_word' id='word_1_342' title='bbox 1462 2613 1753 2680; x_wconf 88' lang='lat' dir='ltr'><strong>sapientia,</strong></span> <span class='ocrx_word' id='word_1_343' title='bbox 1783 2627 1891 2683; x_wconf 86' lang='lat' dir='ltr'><strong>qua</strong></span> <span class='ocrx_word' id='word_1_344' title='bbox 1938 2624 2130 2682; x_wconf 90' lang='lat' dir='ltr'><strong>potens</strong></span> <span class='ocrx_word' id='word_1_345' title='bbox 2188 2620 2291 2676; x_wconf 83' lang='lat' dir='ltr'><strong>est,</strong></span> 
     </span>
    </p>
   </div>
   <div class='ocr_carea' id='block_1_44' title="bbox 710 2703 2298 2770">
    <p class='ocr_par' dir='ltr' id='par_1_44' title="bbox 710 2703 2298 2770">
     <span class='ocr_line' id='line_1_44' title="bbox 710 2703 2298 2770; baseline 0.001 -18"><span class='ocrx_word' id='word_1_346' title='bbox 710 2712 761 2752; x_wconf 88' lang='lat' dir='ltr'><strong>ct</strong></span> <span class='ocrx_word' id='word_1_347' title='bbox 788 2717 894 2769; x_wconf 89' lang='lat' dir='ltr'><strong>qua</strong></span> <span class='ocrx_word' id='word_1_348' title='bbox 923 2712 1199 2770; x_wconf 85' lang='lat' dir='ltr'><strong>operatur,</strong></span> <span class='ocrx_word' id='word_1_349' title='bbox 1266 2717 1483 2770; x_wconf 86' lang='lat' dir='ltr'><strong>semper</strong></span> <span class='ocrx_word' id='word_1_350' title='bbox 1512 2711 1616 2755; x_wconf 87' lang='lat' dir='ltr'><strong>est.</strong></span> <span class='ocrx_word' id='word_1_351' title='bbox 1673 2703 1826 2768; x_wconf 88' lang='lat' dir='ltr'><strong>Quod</strong></span> <span class='ocrx_word' id='word_1_352' title='bbox 1859 2704 1904 2757; x_wconf 90' lang='lat' dir='ltr'><strong>si</strong></span> <span class='ocrx_word' id='word_1_353' title='bbox 1946 2713 2174 2767; x_wconf 66' lang='lat' dir='ltr'><strong>aeterna,</strong></span> <span class='ocrx_word' id='word_1_354' title='bbox 2215 2709 2298 2754; x_wconf 78' lang='lat' dir='ltr'><strong>est</strong></span> 
     </span>
    </p>
   </div>
   <div class='ocr_carea' id='block_1_45' title="bbox 711 2790 2299 2864">
    <p class='ocr_par' dir='ltr' id='par_1_45' title="bbox 711 2790 2299 2864">
     <span class='ocr_line' id='line_1_45' title="bbox 711 2790 2299 2864; baseline 0.001 -21"><span class='ocrx_word' id='word_1_355' title='bbox 711 2790 875 2843; x_wconf 84' lang='lat' dir='ltr'><strong>etiam</strong></span> <span class='ocrx_word' id='word_1_356' title='bbox 904 2801 1159 2859; x_wconf 88' lang='lat' dir='ltr'><strong>perpetua</strong></span> <span class='ocrx_word' id='word_1_357' title='bbox 1199 2801 1252 2845; x_wconf 91' lang='lat' dir='ltr'><strong>et</strong></span> <span class='ocrx_word' id='word_1_358' title='bbox 1291 2793 1691 2862; x_wconf 78' lang='lat' dir='ltr'><strong>intemporalis.</strong></span> <span class='ocrx_word' id='word_1_359' title='bbox 1725 2793 1843 2848; x_wconf 82' lang='lat' dir='ltr'><strong>Jam</strong></span> <span class='ocrx_word' id='word_1_360' title='bbox 1904 2795 2048 2864; x_wconf 94' lang='lat' dir='ltr'><strong>quod</strong></span> <span class='ocrx_word' id='word_1_361' title='bbox 2082 2808 2299 2862; x_wconf 88' lang='lat' dir='ltr'><strong>semper</strong></span> 
     </span>
    </p>
   </div>
   <div class='ocr_carea' id='block_1_46' title="bbox 711 2881 2303 2953">
    <p class='ocr_par' dir='ltr' id='par_1_46' title="bbox 711 2881 2303 2953">
     <span class='ocr_line' id='line_1_46' title="bbox 711 2881 2303 2953; baseline 0.003 -22"><span class='ocrx_word' id='word_1_362' title='bbox 711 2892 815 2943; x_wconf 82' lang='lat' dir='ltr'><strong>est,</strong></span> <span class='ocrx_word' id='word_1_363' title='bbox 846 2881 895 2932; x_wconf 86' lang='lat' dir='ltr'><strong>id</strong></span> <span class='ocrx_word' id='word_1_364' title='bbox 934 2890 1194 2933; x_wconf 78' lang='lat' dir='ltr'><strong>a-ternum</strong></span> <span class='ocrx_word' id='word_1_365' title='bbox 1230 2891 1310 2934; x_wconf 90' lang='lat' dir='ltr'><strong>est</strong></span> <span class='ocrx_word' id='word_1_366' title='bbox 1341 2890 1395 2935; x_wconf 87' lang='lat' dir='ltr'><strong>et</strong></span> <span class='ocrx_word' id='word_1_367' title='bbox 1425 2892 1749 2952; x_wconf 88' lang='lat' dir='ltr'><strong>perpetuum</strong></span> <span class='ocrx_word' id='word_1_368' title='bbox 1786 2893 1841 2938; x_wconf 88' lang='lat' dir='ltr'><strong>et</strong></span> <span class='ocrx_word' id='word_1_369' title='bbox 1871 2884 2229 2953; x_wconf 86' lang='lat' dir='ltr'><strong>intemporale</strong></span> <span class='ocrx_word' id='word_1_370' title='bbox 2249 2891 2303 2936; x_wconf 90' lang='lat' dir='ltr'><strong>et</strong></span> 
     </span>
    </p>
   </div>
   <div class='ocr_carea' id='block_1_47' title="bbox 714 2957 2300 3045">
    <p class='ocr_par' dir='ltr' id='par_1_47' title="bbox 714 2957 2300 3045">
     <span class='ocr_line' id='line_1_47' title="bbox 714 2957 2300 3045; baseline 0.004 -25"><span class='ocrx_word' id='word_1_371' title='bbox 714 2957 1016 3022; x_wconf 69' lang='lat' dir='ltr'><strong>increatum</strong></span> <span class='ocrx_word' id='word_1_372' title='bbox 1049 2978 1102 3024; x_wconf 88' lang='lat' dir='ltr'><strong>et</strong></span> <span class='ocrx_word' id='word_1_373' title='bbox 1135 2986 1240 3024; x_wconf 88' lang='lat' dir='ltr'><strong>non</strong></span> <span class='ocrx_word' id='word_1_374' title='bbox 1258 2970 1485 3026; x_wconf 82' lang='lat' dir='ltr'><strong>factum.</strong></span> <span class='ocrx_word' id='word_1_375' title='bbox 1506 2973 1796 3043; x_wconf 77' lang='lat' dir='ltr'><strong>Colligitur</strong></span> <span class='ocrx_word' id='word_1_376' title='bbox 1827 2991 1977 3045; x_wconf 87' lang='lat' dir='ltr'><strong>ergo,</strong></span> <span class='ocrx_word' id='word_1_377' title='bbox 2005 2974 2300 3044; x_wconf 84' lang='lat' dir='ltr'><strong>potentiam</strong></span> 
     </span>
    </p>
   </div>
   <div class='ocr_carea' id='block_1_48' title="bbox 716 3059 2302 3135">
    <p class='ocr_par' dir='ltr' id='par_1_48' title="bbox 716 3059 2302 3135">
     <span class='ocr_line' id='line_1_48' title="bbox 716 3059 2302 3135; baseline 0.004 -23"><span class='ocrx_word' id='word_1_378' title='bbox 716 3059 833 3122; x_wconf 83' lang='lat' dir='ltr'><strong>Dei,</strong></span> <span class='ocrx_word' id='word_1_379' title='bbox 866 3076 971 3128; x_wconf 92' lang='lat' dir='ltr'><strong>qua</strong></span> <span class='ocrx_word' id='word_1_380' title='bbox 1006 3068 1200 3129; x_wconf 83' lang='lat' dir='ltr'><strong>potens</strong></span> <span class='ocrx_word' id='word_1_381' title='bbox 1231 3072 1335 3125; x_wconf 88' lang='lat' dir='ltr'><strong>est,</strong></span> <span class='ocrx_word' id='word_1_382' title='bbox 1369 3073 1422 3116; x_wconf 89' lang='lat' dir='ltr'><strong>et</strong></span> <span class='ocrx_word' id='word_1_383' title='bbox 1470 3079 1577 3133; x_wconf 84' lang='lat' dir='ltr'><strong>qua</strong></span> <span class='ocrx_word' id='word_1_384' title='bbox 1621 3066 1754 3135; x_wconf 80' lang='lat' dir='ltr'><strong>agit,</strong></span> <span class='ocrx_word' id='word_1_385' title='bbox 1789 3076 1842 3120; x_wconf 92' lang='lat' dir='ltr'><strong>et</strong></span> <span class='ocrx_word' id='word_1_386' title='bbox 1878 3068 1996 3119; x_wconf 87' lang='lat' dir='ltr'><strong>sine</strong></span> <span class='ocrx_word' id='word_1_387' title='bbox 2030 3081 2134 3135; x_wconf 90' lang='lat' dir='ltr'><strong>qua</strong></span> <span class='ocrx_word' id='word_1_388' title='bbox 2165 3066 2302 3119; x_wconf 84' lang='lat' dir='ltr'><strong>nihil</strong></span> 
     </span>
    </p>
   </div>
   <div class='ocr_carea' id='block_1_49' title="bbox 716 3151 2300 3223">
    <p class='ocr_par' dir='ltr' id='par_1_49' title="bbox 716 3151 2300 3223">
     <span class='ocr_line' id='line_1_49' title="bbox 716 3151 2300 3223; baseline 0.005 -20"><span class='ocrx_word' id='word_1_389' title='bbox 716 3153 849 3221; x_wconf 91' lang='lat' dir='ltr'><strong>agit,</strong></span> <span class='ocrx_word' id='word_1_390' title='bbox 886 3151 1144 3206; x_wconf 82' lang='lat' dir='ltr'><strong>inlectam</strong></span> <span class='ocrx_word' id='word_1_391' title='bbox 1171 3170 1291 3207; x_wconf 76' lang='lat' dir='ltr'><strong>eSse</strong></span> <span class='ocrx_word' id='word_1_392' title='bbox 1316 3165 1481 3223; x_wconf 89' lang='lat' dir='ltr'><strong>atque</strong></span> <span class='ocrx_word' id='word_1_393' title='bbox 1529 3158 1855 3212; x_wconf 86' lang='lat' dir='ltr'><strong>increatam.</strong></span> <span class='ocrx_word' id='word_1_394' title='bbox 1885 3157 1998 3214; x_wconf 75' lang='lat' dir='ltr'><strong>lam</strong></span> <span class='ocrx_word' id='word_1_395' title='bbox 2028 3174 2157 3212; x_wconf 78' lang='lat' dir='ltr'><strong>vero</strong></span> <span class='ocrx_word' id='word_1_396' title='bbox 2195 3174 2300 3212; x_wconf 91' lang='lat' dir='ltr'><strong>non</strong></span> 
     </span>
    </p>
   </div>
   <div class='ocr_carea' id='block_1_50' title="bbox 2405 1961 3984 2029">
    <p class='ocr_par' dir='ltr' id='par_1_50' title="bbox 2405 1961 3984 2029">
     <span class='ocr_line' id='line_1_50' title="bbox 2405 1961 3984 2029; baseline -0.007 -10"><span class='ocrx_word' id='word_1_397' title='bbox 2405 1966 2559 2028; x_wconf 84' lang='grc' dir='ltr'>Θεὸς,</span> <span class='ocrx_word' id='word_1_398' title='bbox 2591 1964 2687 2018; x_wconf 77' lang='grc' dir='ltr'><strong>καὶ</strong></span> <span class='ocrx_word' id='word_1_399' title='bbox 2717 1964 2877 2017; x_wconf 80' lang='grc' dir='ltr'>πάλιν</span> <span class='ocrx_word' id='word_1_400' title='bbox 2913 1964 3072 2026; x_wconf 78' lang='grc' dir='ltr'>ἄλλος</span> <span class='ocrx_word' id='word_1_401' title='bbox 3101 1964 3255 2027; x_wconf 76' lang='grc' dir='ltr'>Θεὸς,</span> <span class='ocrx_word' id='word_1_402' title='bbox 3304 1965 3399 2016; x_wconf 66' lang='grc' dir='ltr'>καὶ</span> <span class='ocrx_word' id='word_1_403' title='bbox 3431 1962 3576 2016; x_wconf 81' lang='grc' dir='ltr'>τοῦτ’</span> <span class='ocrx_word' id='word_1_404' title='bbox 3604 1962 3681 2023; x_wconf 85' lang='grc' dir='ltr'>εἰς</span> <span class='ocrx_word' id='word_1_405' title='bbox 3717 1961 3946 2029; x_wconf 78' lang='grc' dir='ltr'>ἄπειρον</span> <span class='ocrx_word' id='word_1_406' title='bbox 3966 1976 3984 1990; x_wconf 78' lang='grc' dir='ltr'><strong><em>ο</em></strong></span> 
     </span>
    </p>
   </div>
   <div class='ocr_carea' id='block_1_51' title="bbox 2405 2052 3989 2129">
    <p class='ocr_par' dir='ltr' id='par_1_51' title="bbox 2405 2052 3989 2129">
     <span class='ocr_line' id='line_1_51' title="bbox 2405 2052 3989 2129; baseline -0.005 -18"><span class='ocrx_word' id='word_1_407' title='bbox 2405 2060 2506 2111; x_wconf 70' lang='grc' dir='ltr'><strong>οὐκ</strong></span> <span class='ocrx_word' id='word_1_408' title='bbox 2556 2060 2663 2129; x_wconf 74' lang='grc' dir='ltr'>ἄρα</span> <span class='ocrx_word' id='word_1_409' title='bbox 2710 2059 2738 2109; x_wconf 82' lang='grc' dir='ltr'><strong>ό</strong></span> <span class='ocrx_word' id='word_1_410' title='bbox 2781 2058 2913 2120; x_wconf 84' lang='grc' dir='ltr'>Θεὸς</span> <span class='ocrx_word' id='word_1_411' title='bbox 2965 2058 3093 2127; x_wconf 75' lang='grc' dir='ltr'>παρ’</span> <span class='ocrx_word' id='word_1_412' title='bbox 3146 2058 3334 2128; x_wconf 76' lang='grc' dir='ltr'>ἑτέρου</span> <span class='ocrx_word' id='word_1_413' title='bbox 3385 2056 3483 2127; x_wconf 82' lang='grc' dir='ltr'>τὴν</span> <span class='ocrx_word' id='word_1_414' title='bbox 3533 2054 3697 2109; x_wconf 80' lang='grc' dir='ltr'>αὑτοῦ</span> <span class='ocrx_word' id='word_1_415' title='bbox 3751 2052 3989 2123; x_wconf 72' lang='grc' dir='ltr'>δύναμιν</span> 
     </span>
    </p>
   </div>
   <div class='ocr_carea' id='block_1_52' title="bbox 2406 2151 2645 2223">
    <p class='ocr_par' dir='ltr' id='par_1_52' title="bbox 2406 2151 2645 2223">
     <span class='ocr_line' id='line_1_52' title="bbox 2406 2151 2645 2223; baseline -0.008 -19"><span class='ocrx_word' id='word_1_416' title='bbox 2406 2151 2645 2223; x_wconf 71' lang='grc' dir='ltr'>εἴληφεν.</span> 
     </span>
    </p>
   </div>
   <div class='ocr_carea' id='block_1_53' title="bbox 2480 2318 3993 2400">
    <p class='ocr_par' dir='ltr' id='par_1_53' title="bbox 2480 2318 3993 2400">
     <span class='ocr_line' id='line_1_53' title="bbox 2480 2318 3993 2400; baseline -0.01 -15"><span class='ocrx_word' id='word_1_417' title='bbox 2480 2335 2551 2400; x_wconf 89' lang='grc' dir='ltr'><strong>η’.</strong></span> <span class='ocrx_word' id='word_1_418' title='bbox 2592 2328 2745 2384; x_wconf 76' lang='grc' dir='ltr'>Ἐπεὶ</span> <span class='ocrx_word' id='word_1_419' title='bbox 2772 2324 2907 2382; x_wconf 63' lang='grc' dir='ltr'><strong>οὖνὸ</strong></span> <span class='ocrx_word' id='word_1_420' title='bbox 2929 2326 3060 2392; x_wconf 81' lang='grc' dir='ltr'>Θεὸς</span> <span class='ocrx_word' id='word_1_421' title='bbox 3084 2328 3207 2381; x_wconf 72' lang='grc' dir='ltr'>οὔτε</span> <span class='ocrx_word' id='word_1_422' title='bbox 3244 2330 3372 2397; x_wconf 79' lang='grc' dir='ltr'>παρ’</span> <span class='ocrx_word' id='word_1_423' title='bbox 3405 2324 3623 2387; x_wconf 78' lang='grc' dir='ltr'>ἑαυτοῦ,</span> <span class='ocrx_word' id='word_1_424' title='bbox 3654 2324 3776 2376; x_wconf 73' lang='grc' dir='ltr'>οὔτε</span> <span class='ocrx_word' id='word_1_425' title='bbox 3802 2318 3993 2388; x_wconf 74' lang='grc' dir='ltr'>πολλῷ</span> 
     </span>
    </p>
   </div>
   <div class='ocr_carea' id='block_1_54' title="bbox 2412 2415 3990 2496">
    <p class='ocr_par' dir='ltr' id='par_1_54' title="bbox 2412 2415 3990 2496">
     <span class='ocr_line' id='line_1_54' title="bbox 2412 2415 3990 2496; baseline -0.01 -18"><span class='ocrx_word' id='word_1_426' title='bbox 2412 2423 2612 2496; x_wconf 79' lang='grc' dir='ltr'>μᾶλλον</span> <span class='ocrx_word' id='word_1_427' title='bbox 2643 2425 2772 2494; x_wconf 78' lang='grc' dir='ltr'>παρ’</span> <span class='ocrx_word' id='word_1_428' title='bbox 2815 2423 3002 2493; x_wconf 77' lang='grc' dir='ltr'>ἐτέρου</span> <span class='ocrx_word' id='word_1_429' title='bbox 3036 2422 3135 2492; x_wconf 81' lang='grc' dir='ltr'><strong>τὴν</strong></span> <span class='ocrx_word' id='word_1_430' title='bbox 3164 2421 3330 2473; x_wconf 79' lang='grc' dir='ltr'>αὑτοῦ</span> <span class='ocrx_word' id='word_1_431' title='bbox 3379 2419 3610 2487; x_wconf 83' lang='grc' dir='ltr'>δύναμιν</span> <span class='ocrx_word' id='word_1_432' title='bbox 3656 2415 3990 2483; x_wconf 74' lang='grc' dir='ltr'>εἰσδέχεται,</span> 
     </span>
    </p>
   </div>
   <div class='ocr_carea' id='block_1_55' title="bbox 2407 2509 3988 2588">
    <p class='ocr_par' dir='ltr' id='par_1_55' title="bbox 2407 2509 3988 2588">
     <span class='ocr_line' id='line_1_55' title="bbox 2407 2509 3988 2588; baseline -0.008 -17"><span class='ocrx_word' id='word_1_433' title='bbox 2407 2518 2565 2588; x_wconf 86' lang='grc' dir='ltr'>δῆλον</span> <span class='ocrx_word' id='word_1_434' title='bbox 2602 2518 2684 2571; x_wconf 80' lang='grc' dir='ltr'><strong>ὅτι</strong></span> <span class='ocrx_word' id='word_1_435' title='bbox 2718 2516 2997 2586; x_wconf 85' lang='grc' dir='ltr'>σύμφυτον</span> <span class='ocrx_word' id='word_1_436' title='bbox 3050 2514 3217 2585; x_wconf 72' lang='grc' dir='ltr'>αὐτὴν</span> <span class='ocrx_word' id='word_1_437' title='bbox 3263 2513 3409 2583; x_wconf 76' lang='grc' dir='ltr'>ἔχει·</span> <span class='ocrx_word' id='word_1_438' title='bbox 3454 2512 3566 2563; x_wconf 77' lang='grc' dir='ltr'>ἐστι</span> <span class='ocrx_word' id='word_1_439' title='bbox 3595 2511 3648 2563; x_wconf 82' lang='grc' dir='ltr'>δὲ</span> <span class='ocrx_word' id='word_1_440' title='bbox 3679 2509 3836 2570; x_wconf 79' lang='grc' dir='ltr'>αὐτὸς</span> <span class='ocrx_word' id='word_1_441' title='bbox 3870 2509 3988 2568; x_wconf 72' lang='grc' dir='ltr'>ἀεὶ,</span> 
     </span>
    </p>
   </div>
   <div class='ocr_carea' id='block_1_56' title="bbox 2410 2600 3989 2677">
    <p class='ocr_par' dir='ltr' id='par_1_56' title="bbox 2410 2600 3989 2677">
     <span class='ocr_line' id='line_1_56' title="bbox 2410 2600 3989 2677; baseline -0.007 -14"><span class='ocrx_word' id='word_1_442' title='bbox 2410 2610 2506 2663; x_wconf 75' lang='grc' dir='ltr'><strong>καὶ</strong></span> <span class='ocrx_word' id='word_1_443' title='bbox 2540 2610 2572 2677; x_wconf 79' lang='grc' dir='ltr'>ἡ</span> <span class='ocrx_word' id='word_1_444' title='bbox 2603 2607 2768 2661; x_wconf 80' lang='grc' dir='ltr'>αὑτοῦ</span> <span class='ocrx_word' id='word_1_445' title='bbox 2814 2606 3064 2675; x_wconf 79' lang='grc' dir='ltr'>δύναμις,</span> <span class='ocrx_word' id='word_1_446' title='bbox 3096 2605 3217 2658; x_wconf 77' lang='grc' dir='ltr'>καθ’</span> <span class='ocrx_word' id='word_1_447' title='bbox 3246 2605 3312 2674; x_wconf 75' lang='grc' dir='ltr'>ἦν</span> <span class='ocrx_word' id='word_1_448' title='bbox 3342 2605 3458 2655; x_wconf 75' lang='grc' dir='ltr'>ἐστι</span> <span class='ocrx_word' id='word_1_449' title='bbox 3504 2602 3749 2665; x_wconf 88' lang='grc' dir='ltr'>δυνατὸς,</span> <span class='ocrx_word' id='word_1_450' title='bbox 3794 2602 3887 2653; x_wconf 68' lang='grc' dir='ltr'><strong>καὶ</strong></span> <span class='ocrx_word' id='word_1_451' title='bbox 3915 2600 3989 2652; x_wconf 80' lang='grc' dir='ltr'>δι’</span> 
     </span>
    </p>
   </div>
   <div class='ocr_carea' id='block_1_57' title="bbox 2409 2693 3991 2771">
    <p class='ocr_par' dir='ltr' id='par_1_57' title="bbox 2409 2693 3991 2771">
     <span class='ocr_line' id='line_1_57' title="bbox 2409 2693 3991 2771; baseline -0.006 -18"><span class='ocrx_word' id='word_1_452' title='bbox 2409 2695 2475 2771; x_wconf 75' lang='grc' dir='ltr'>ἧς</span> <span class='ocrx_word' id='word_1_453' title='bbox 2506 2702 2667 2765; x_wconf 84' lang='grc' dir='ltr'>ποιεῖ,</span> <span class='ocrx_word' id='word_1_454' title='bbox 2693 2701 2945 2752; x_wconf 73' lang='grc' dir='ltr'>ἀείὲστιν</span> <span class='ocrx_word' id='word_1_455' title='bbox 2966 2714 2979 2728; x_wconf 86' lang='grc'>⁶</span> <span class='ocrx_word' id='word_1_456' title='bbox 3009 2700 3059 2750; x_wconf 82' lang='grc' dir='ltr'><strong>εί</strong></span> <span class='ocrx_word' id='word_1_457' title='bbox 3080 2693 3172 2750; x_wconf 81' lang='grc' dir='ltr'><strong>οῦν</strong></span> <span class='ocrx_word' id='word_1_458' title='bbox 3199 2697 3283 2749; x_wconf 88' lang='grc' dir='ltr'><strong>ἀεί</strong></span> <span class='ocrx_word' id='word_1_459' title='bbox 3311 2698 3448 2756; x_wconf 76' lang='grc' dir='ltr'>ἐστι,</span> <span class='ocrx_word' id='word_1_460' title='bbox 3470 2696 3564 2747; x_wconf 70' lang='grc' dir='ltr'><strong>καὶ</strong></span> <span class='ocrx_word' id='word_1_461' title='bbox 3594 2694 3807 2755; x_wconf 65' lang='grc' dir='ltr'>αἰώνιός</span> <span class='ocrx_word' id='word_1_462' title='bbox 3834 2695 3991 2745; x_wconf 74' lang='grc' dir='ltr'>ἐστι’</span> 
     </span>
    </p>
   </div>
   <div class='ocr_carea' id='block_1_58' title="bbox 2410 2786 3995 2859">
    <p class='ocr_par' dir='ltr' id='par_1_58' title="bbox 2410 2786 3995 2859">
     <span class='ocr_line' id='line_1_58' title="bbox 2410 2786 3995 2859; baseline -0.004 -16"><span class='ocrx_word' id='word_1_463' title='bbox 2410 2795 2458 2843; x_wconf 77' lang='grc' dir='ltr'>εἰ</span> <span class='ocrx_word' id='word_1_464' title='bbox 2487 2793 2541 2845; x_wconf 86' lang='grc' dir='ltr'>δὲ</span> <span class='ocrx_word' id='word_1_465' title='bbox 2564 2791 2801 2855; x_wconf 87' lang='grc' dir='ltr'>αίώνιος,</span> <span class='ocrx_word' id='word_1_466' title='bbox 2837 2793 2930 2844; x_wconf 75' lang='grc' dir='ltr'><strong>καὶ</strong></span> <span class='ocrx_word' id='word_1_467' title='bbox 2960 2791 3131 2853; x_wconf 76' lang='grc' dir='ltr'>ἀΐδιος</span> <span class='ocrx_word' id='word_1_468' title='bbox 3162 2791 3254 2842; x_wconf 72' lang='grc' dir='ltr'>καὶ</span> <span class='ocrx_word' id='word_1_469' title='bbox 3289 2790 3515 2859; x_wconf 77' lang='grc' dir='ltr'>ἄχρονος</span> <span class='ocrx_word' id='word_1_470' title='bbox 3541 2805 3555 2819; x_wconf 89' lang='grc'>·</span> <span class='ocrx_word' id='word_1_471' title='bbox 3593 2788 3700 2839; x_wconf 76' lang='grc' dir='ltr'>πᾶν</span> <span class='ocrx_word' id='word_1_472' title='bbox 3731 2786 3783 2838; x_wconf 77' lang='grc' dir='ltr'>δὲ</span> <span class='ocrx_word' id='word_1_473' title='bbox 3812 2786 3871 2836; x_wconf 86' lang='grc' dir='ltr'><strong>τὸ</strong></span> <span class='ocrx_word' id='word_1_474' title='bbox 3900 2788 3995 2837; x_wconf 73' lang='grc' dir='ltr'><strong>ἀεὶ</strong></span> 
     </span>
    </p>
   </div>
   <div class='ocr_carea' id='block_1_59' title="bbox 2410 2880 3996 2951">
    <p class='ocr_par' dir='ltr' id='par_1_59' title="bbox 2410 2880 3996 2951">
     <span class='ocr_line' id='line_1_59' title="bbox 2410 2880 3996 2951; baseline -0.007 -12"><span class='ocrx_word' id='word_1_475' title='bbox 2410 2885 2489 2950; x_wconf 84' lang='grc' dir='ltr'>ὃν,</span> <span class='ocrx_word' id='word_1_476' title='bbox 2522 2886 2617 2938; x_wconf 76' lang='grc' dir='ltr'>καὶ</span> <span class='ocrx_word' id='word_1_477' title='bbox 2647 2886 2863 2938; x_wconf 78' lang='grc' dir='ltr'>αἰώνιον</span> <span class='ocrx_word' id='word_1_478' title='bbox 2891 2886 2984 2937; x_wconf 75' lang='grc' dir='ltr'>καὶ</span> <span class='ocrx_word' id='word_1_479' title='bbox 3017 2884 3186 2936; x_wconf 79' lang='grc' dir='ltr'>ἀΐδιον</span> <span class='ocrx_word' id='word_1_480' title='bbox 3217 2883 3309 2934; x_wconf 76' lang='grc' dir='ltr'>καὶ</span> <span class='ocrx_word' id='word_1_481' title='bbox 3333 2883 3561 2951; x_wconf 76' lang='grc' dir='ltr'>ἄχρονον</span> <span class='ocrx_word' id='word_1_482' title='bbox 3594 2880 3687 2931; x_wconf 75' lang='grc' dir='ltr'><strong>καὶ</strong></span> <span class='ocrx_word' id='word_1_483' title='bbox 3733 2880 3996 2932; x_wconf 75' lang='grc' dir='ltr'>ἄκτιστον</span> 
     </span>
    </p>
   </div>
   <div class='ocr_carea' id='block_1_60' title="bbox 2411 2971 3995 3044">
    <p class='ocr_par' dir='ltr' id='par_1_60' title="bbox 2411 2971 3995 3044">
     <span class='ocr_line' id='line_1_60' title="bbox 2411 2971 3995 3044; baseline -0.005 -15"><span class='ocrx_word' id='word_1_484' title='bbox 2411 2977 2503 3029; x_wconf 76' lang='grc' dir='ltr'>καὶ</span> <span class='ocrx_word' id='word_1_485' title='bbox 2534 2975 2795 3044; x_wconf 82' lang='grc' dir='ltr'>ἀγένητόν</span> <span class='ocrx_word' id='word_1_486' title='bbox 2824 2976 2968 3027; x_wconf 68' lang='grc' dir='ltr'>ἐστι·</span> <span class='ocrx_word' id='word_1_487' title='bbox 3014 2975 3305 3041; x_wconf 75' lang='grc' dir='ltr'>συνάγεται</span> <span class='ocrx_word' id='word_1_488' title='bbox 3336 2974 3443 3042; x_wconf 83' lang='grc' dir='ltr'>ἄρα</span> <span class='ocrx_word' id='word_1_489' title='bbox 3477 2972 3559 3023; x_wconf 85' lang='grc' dir='ltr'>ὃτι</span> <span class='ocrx_word' id='word_1_490' title='bbox 3584 2972 3615 3039; x_wconf 83' lang='grc' dir='ltr'><strong>ὴ</strong></span> <span class='ocrx_word' id='word_1_491' title='bbox 3644 2971 3869 3038; x_wconf 72' lang='grc' dir='ltr'>δύναμις</span> <span class='ocrx_word' id='word_1_492' title='bbox 3893 2971 3995 3021; x_wconf 79' lang='grc' dir='ltr'><strong>τοῦ</strong></span> 
     </span>
    </p>
   </div>
   <div class='ocr_carea' id='block_1_61' title="bbox 2412 3058 4000 3137">
    <p class='ocr_par' dir='ltr' id='par_1_61' title="bbox 2412 3058 4000 3137">
     <span class='ocr_line' id='line_1_61' title="bbox 2412 3058 4000 3137; baseline -0.007 -15"><span class='ocrx_word' id='word_1_493' title='bbox 2412 3068 2547 3121; x_wconf 88' lang='grc' dir='ltr'>Θεοῦ</span> <span class='ocrx_word' id='word_1_494' title='bbox 2594 3067 2716 3122; x_wconf 82' lang='grc' dir='ltr'>καθ’</span> <span class='ocrx_word' id='word_1_495' title='bbox 2747 3069 2815 3137; x_wconf 73' lang='grc' dir='ltr'>ἦν</span> <span class='ocrx_word' id='word_1_496' title='bbox 2845 3069 2961 3121; x_wconf 74' lang='grc' dir='ltr'>ἐστι</span> <span class='ocrx_word' id='word_1_497' title='bbox 2992 3067 3237 3130; x_wconf 87' lang='grc' dir='ltr'>δυνατὸς,</span> <span class='ocrx_word' id='word_1_498' title='bbox 3284 3066 3377 3118; x_wconf 76' lang='grc' dir='ltr'><strong>καὶ</strong></span> <span class='ocrx_word' id='word_1_499' title='bbox 3405 3064 3471 3117; x_wconf 79' lang='grc' dir='ltr'>δι’</span> <span class='ocrx_word' id='word_1_500' title='bbox 3511 3059 3578 3135; x_wconf 81' lang='grc' dir='ltr'>ἧς</span> <span class='ocrx_word' id='word_1_501' title='bbox 3605 3065 3768 3126; x_wconf 80' lang='grc' dir='ltr'>ποιεῖ,</span> <span class='ocrx_word' id='word_1_502' title='bbox 3801 3063 3896 3113; x_wconf 74' lang='grc' dir='ltr'><strong>καὶ</strong></span> <span class='ocrx_word' id='word_1_503' title='bbox 3924 3058 4000 3132; x_wconf 84' lang='grc' dir='ltr'>ἦς</span> 
     </span>
    </p>
   </div>
   <div class='ocr_carea' id='block_1_62' title="bbox 2414 3156 3993 3232">
    <p class='ocr_par' dir='ltr' id='par_1_62' title="bbox 2414 3156 3993 3232">
     <span class='ocr_line' id='line_1_62' title="bbox 2414 3156 3993 3232; baseline -0.007 -18"><span class='ocrx_word' id='word_1_504' title='bbox 2414 3162 2584 3232; x_wconf 74' lang='grc' dir='ltr'>χωρὶς</span> <span class='ocrx_word' id='word_1_505' title='bbox 2632 3161 2785 3213; x_wconf 78' lang='grc' dir='ltr'>οὐδὲν</span> <span class='ocrx_word' id='word_1_506' title='bbox 2831 3162 2995 3223; x_wconf 86' lang='grc' dir='ltr'>ποιεῖ,</span> <span class='ocrx_word' id='word_1_507' title='bbox 3050 3159 3315 3227; x_wconf 79' lang='grc' dir='ltr'><strong>ἀγένητος</strong></span> <span class='ocrx_word' id='word_1_508' title='bbox 3364 3158 3456 3209; x_wconf 77' lang='grc' dir='ltr'>καὶ</span> <span class='ocrx_word' id='word_1_509' title='bbox 3496 3156 3750 3214; x_wconf 82' lang='grc' dir='ltr'>ἄκτιστός</span> <span class='ocrx_word' id='word_1_510' title='bbox 3805 3158 3993 3206; x_wconf 75' lang='grc' dir='ltr'>ἐστιν·</span> 
     </span>
    </p>
   </div>
   <div class='ocr_carea' id='block_1_63' title="bbox 715 3244 2299 3325">
    <p class='ocr_par' dir='ltr' id='par_1_63' title="bbox 715 3244 2298 3316">
     <span class='ocr_line' id='line_1_63' title="bbox 715 3244 2298 3316; baseline 0.006 -22"><span class='ocrx_word' id='word_1_511' title='bbox 715 3244 976 3297; x_wconf 86' lang='lat' dir='ltr'><strong>l&#39;actuma</strong></span> <span class='ocrx_word' id='word_1_512' title='bbox 1032 3261 1140 3298; x_wconf 92' lang='lat' dir='ltr'><strong>non</strong></span> <span class='ocrx_word' id='word_1_513' title='bbox 1176 3245 1343 3309; x_wconf 78' lang='lat' dir='ltr'><strong>facto,</strong></span> <span class='ocrx_word' id='word_1_514' title='bbox 1374 3259 1645 3316; x_wconf 90' lang='lat' dir='ltr'><strong>quatenus</strong></span> <span class='ocrx_word' id='word_1_515' title='bbox 1690 3266 1799 3305; x_wconf 89' lang='lat' dir='ltr'><strong>non</strong></span> <span class='ocrx_word' id='word_1_516' title='bbox 1846 3260 1927 3306; x_wconf 89' lang='lat' dir='ltr'><strong>est</strong></span> <span class='ocrx_word' id='word_1_517' title='bbox 1973 3250 2203 3310; x_wconf 81' lang='lat' dir='ltr'><strong>factum.</strong></span> <span class='ocrx_word' id='word_1_518' title='bbox 2249 3259 2298 3305; x_wconf 86' lang='lat' dir='ltr'><strong>et</strong></span> 
     </span>
    </p>
   </div>
   <div class='ocr_carea' id='block_1_64' title="bbox 2406 3244 3997 3325">
    <p class='ocr_par' dir='ltr' id='par_1_64' title="bbox 2410 3246 3997 3325">
     <span class='ocr_line' id='line_1_64' title="bbox 2410 3246 3997 3325; baseline -0.008 -17"><span class='ocrx_word' id='word_1_519' title='bbox 2410 3255 2675 3325; x_wconf 82' lang='grc' dir='ltr'>ἀγένητον</span> <span class='ocrx_word' id='word_1_520' title='bbox 2701 3252 2756 3305; x_wconf 83' lang='grc' dir='ltr'><strong>δὲ</strong></span> <span class='ocrx_word' id='word_1_521' title='bbox 2786 3253 3053 3322; x_wconf 83' lang='grc' dir='ltr'><strong>ἀγενήτῳ,</strong></span> <span class='ocrx_word' id='word_1_522' title='bbox 3087 3251 3210 3303; x_wconf 74' lang='grc' dir='ltr'>καθ’</span> <span class='ocrx_word' id='word_1_523' title='bbox 3240 3249 3268 3302; x_wconf 81' lang='grc' dir='ltr'>ὃ</span> <span class='ocrx_word' id='word_1_524' title='bbox 3309 3250 3370 3302; x_wconf 81' lang='grc' dir='ltr'><strong>οὐ</strong></span> <span class='ocrx_word' id='word_1_525' title='bbox 3419 3249 3644 3317; x_wconf 79' lang='grc' dir='ltr'>γέγονεν</span> <span class='ocrx_word' id='word_1_526' title='bbox 3663 3264 3676 3277; x_wconf 89' lang='grc'><strong>·</strong></span> <span class='ocrx_word' id='word_1_527' title='bbox 3710 3248 3804 3299; x_wconf 73' lang='grc' dir='ltr'><strong>καὶ</strong></span> <span class='ocrx_word' id='word_1_528' title='bbox 3830 3246 3997 3298; x_wconf 77' lang='grc' dir='ltr'>ἀκτι-</span> 
     </span>
    </p>
   </div>
   <div class='ocr_carea' id='block_1_65' title="bbox 716 3334 2300 3407">
    <p class='ocr_par' dir='ltr' id='par_1_65' title="bbox 716 3334 2300 3407">
     <span class='ocr_line' id='line_1_65' title="bbox 716 3334 2300 3407; baseline 0.004 -20"><span class='ocrx_word' id='word_1_529' title='bbox 716 3334 1021 3388; x_wconf 89' lang='lat' dir='ltr'><strong>increatum</strong></span> <span class='ocrx_word' id='word_1_530' title='bbox 1058 3337 1125 3388; x_wconf 89' lang='lat' dir='ltr'><strong>ab</strong></span> <span class='ocrx_word' id='word_1_531' title='bbox 1158 3338 1430 3402; x_wconf 90' lang='lat' dir='ltr'><strong>increato,</strong></span> <span class='ocrx_word' id='word_1_532' title='bbox 1472 3350 1747 3407; x_wconf 88' lang='lat' dir='ltr'><strong>quatenus</strong></span> <span class='ocrx_word' id='word_1_533' title='bbox 1772 3355 1881 3394; x_wconf 92' lang='lat' dir='ltr'><strong>non</strong></span> <span class='ocrx_word' id='word_1_534' title='bbox 1916 3351 2002 3395; x_wconf 90' lang='lat' dir='ltr'><strong>est</strong></span> <span class='ocrx_word' id='word_1_535' title='bbox 2032 3350 2300 3406; x_wconf 88' lang='lat' dir='ltr'><strong>creatum,</strong></span> 
     </span>
    </p>
   </div>
   <div class='ocr_carea' id='block_1_66' title="bbox 718 3429 2303 3502">
    <p class='ocr_par' dir='ltr' id='par_1_66' title="bbox 718 3429 2303 3502">
     <span class='ocr_line' id='line_1_66' title="bbox 718 3429 2303 3502; baseline 0.006 -23"><span class='ocrx_word' id='word_1_536' title='bbox 718 3436 914 3480; x_wconf 85' lang='lat' dir='ltr'><strong>natura</strong></span> <span class='ocrx_word' id='word_1_537' title='bbox 949 3429 1083 3481; x_wconf 85' lang='lat' dir='ltr'><strong>nihil</strong></span> <span class='ocrx_word' id='word_1_538' title='bbox 1130 3431 1273 3482; x_wconf 88' lang='lat' dir='ltr'><strong>inter</strong></span> <span class='ocrx_word' id='word_1_539' title='bbox 1310 3446 1369 3485; x_wconf 91' lang='lat' dir='ltr'><strong>se</strong></span> <span class='ocrx_word' id='word_1_540' title='bbox 1397 3431 1688 3498; x_wconf 72' lang='lat' dir='ltr'><strong>different;</strong></span> <span class='ocrx_word' id='word_1_541' title='bbox 1723 3433 1869 3502; x_wconf 90' lang='lat' dir='ltr'><strong>quod</strong></span> <span class='ocrx_word' id='word_1_542' title='bbox 1911 3434 1956 3488; x_wconf 91' lang='lat' dir='ltr'><strong>si</strong></span> <span class='ocrx_word' id='word_1_543' title='bbox 2001 3448 2111 3486; x_wconf 92' lang='lat' dir='ltr'><strong>non</strong></span> <span class='ocrx_word' id='word_1_544' title='bbox 2146 3434 2303 3488; x_wconf 75' lang='lat' dir='ltr'><strong>dilfe-</strong></span> 
     </span>
    </p>
   </div>
   <div class='ocr_carea' id='block_1_67' title="bbox 716 3521 2299 3595">
    <p class='ocr_par' dir='ltr' id='par_1_67' title="bbox 716 3521 2299 3595">
     <span class='ocr_line' id='line_1_67' title="bbox 716 3521 2299 3595; baseline 0.004 -22"><span class='ocrx_word' id='word_1_545' title='bbox 716 3528 867 3586; x_wconf 79' lang='lat' dir='ltr'><strong>I&#39;unt,</strong></span> <span class='ocrx_word' id='word_1_546' title='bbox 898 3521 1038 3575; x_wconf 89' lang='lat' dir='ltr'><strong>idem</strong></span> <span class='ocrx_word' id='word_1_547' title='bbox 1086 3532 1250 3588; x_wconf 90' lang='lat' dir='ltr'><strong>sunt;</strong></span> <span class='ocrx_word' id='word_1_548' title='bbox 1278 3534 1331 3578; x_wconf 91' lang='lat' dir='ltr'><strong>et</strong></span> <span class='ocrx_word' id='word_1_549' title='bbox 1371 3525 1416 3578; x_wconf 91' lang='lat' dir='ltr'><strong>si</strong></span> <span class='ocrx_word' id='word_1_550' title='bbox 1449 3526 1613 3591; x_wconf 91' lang='lat' dir='ltr'><strong>idem,</strong></span> <span class='ocrx_word' id='word_1_551' title='bbox 1647 3526 1891 3595; x_wconf 89' lang='lat' dir='ltr'><strong>ejusdem</strong></span> <span class='ocrx_word' id='word_1_552' title='bbox 1929 3541 2145 3595; x_wconf 90' lang='lat' dir='ltr'><strong>quoque</strong></span> <span class='ocrx_word' id='word_1_553' title='bbox 2204 3542 2299 3579; x_wconf 88' lang='lat' dir='ltr'><strong>ua-</strong></span> 
     </span>
    </p>
   </div>
   <div class='ocr_carea' id='block_1_68' title="bbox 717 3617 2309 3688">
    <p class='ocr_par' dir='ltr' id='par_1_68' title="bbox 717 3617 2309 3688">
     <span class='ocr_line' id='line_1_68' title="bbox 717 3617 2309 3688; baseline 0.006 -24"><span class='ocrx_word' id='word_1_554' title='bbox 717 3619 855 3666; x_wconf 68' lang='lat' dir='ltr'><strong>turaa</strong></span> <span class='ocrx_word' id='word_1_555' title='bbox 936 3624 1085 3677; x_wconf 85' lang='lat' dir='ltr'><strong>sunt,</strong></span> <span class='ocrx_word' id='word_1_556' title='bbox 1151 3617 1656 3681; x_wconf 85' lang='lat' dir='ltr'><strong>consubstantialia,</strong></span> <span class='ocrx_word' id='word_1_557' title='bbox 1714 3626 1768 3672; x_wconf 90' lang='lat' dir='ltr'><strong>et</strong></span> <span class='ocrx_word' id='word_1_558' title='bbox 1842 3618 2309 3688; x_wconf 89' lang='lat' dir='ltr'><strong>quidquid_ejus-</strong></span> 
     </span>
    </p>
   </div>
   <div class='ocr_carea' id='block_1_69' title="bbox 717 3707 2303 3777">
    <p class='ocr_par' dir='ltr' id='par_1_69' title="bbox 717 3707 2303 3777">
     <span class='ocr_line' id='line_1_69' title="bbox 717 3707 2303 3777; baseline 0.004 -20"><span class='ocrx_word' id='word_1_559' title='bbox 717 3707 862 3758; x_wconf 88' lang='lat' dir='ltr'><strong>modi</strong></span> <span class='ocrx_word' id='word_1_560' title='bbox 922 3715 1025 3763; x_wconf 89' lang='lat' dir='ltr'><strong>est.</strong></span> <span class='ocrx_word' id='word_1_561' title='bbox 1078 3707 1239 3777; x_wconf 79' lang='lat' dir='ltr'><strong>Atqui</strong></span> <span class='ocrx_word' id='word_1_562' title='bbox 1313 3711 1455 3763; x_wconf 88' lang='lat' dir='ltr'><strong>Deus</strong></span> <span class='ocrx_word' id='word_1_563' title='bbox 1507 3718 1591 3763; x_wconf 90' lang='lat' dir='ltr'><strong>est</strong></span> <span class='ocrx_word' id='word_1_564' title='bbox 1642 3708 1876 3763; x_wconf 83' lang='lat' dir='ltr'><strong>infectus</strong></span> <span class='ocrx_word' id='word_1_565' title='bbox 1906 3718 1961 3764; x_wconf 85' lang='lat' dir='ltr'><strong>et</strong></span> <span class='ocrx_word' id='word_1_566' title='bbox 1992 3711 2303 3775; x_wconf 87' lang='lat' dir='ltr'><strong>incrcatus;</strong></span> 
     </span>
    </p>
   </div>
   <div class='ocr_carea' id='block_1_70' title="bbox 717 3800 2304 3869">
    <p class='ocr_par' dir='ltr' id='par_1_70' title="bbox 717 3800 2304 3869">
     <span class='ocr_line' id='line_1_70' title="bbox 717 3800 2304 3869; baseline 0.004 -21"><span class='ocrx_word' id='word_1_567' title='bbox 717 3812 848 3865; x_wconf 87' lang='lat' dir='ltr'><strong>ergo</strong></span> <span class='ocrx_word' id='word_1_568' title='bbox 878 3813 1031 3867; x_wconf 76' lang='lat' dir='ltr'><strong>:eque</strong></span> <span class='ocrx_word' id='word_1_569' title='bbox 1056 3800 1297 3867; x_wconf 89' lang='lat' dir='ltr'><strong>potentia</strong></span> <span class='ocrx_word' id='word_1_570' title='bbox 1336 3801 1476 3869; x_wconf 90' lang='lat' dir='ltr'><strong>ejus.</strong></span> <span class='ocrx_word' id='word_1_571' title='bbox 1507 3800 1679 3855; x_wconf 87' lang='lat' dir='ltr'><strong>Porro</strong></span> <span class='ocrx_word' id='word_1_572' title='bbox 1713 3817 1881 3853; x_wconf 90' lang='lat' dir='ltr'><strong>unum</strong></span> <span class='ocrx_word' id='word_1_573' title='bbox 1910 3810 1995 3855; x_wconf 88' lang='lat' dir='ltr'><strong>est</strong></span> <span class='ocrx_word' id='word_1_574' title='bbox 2043 3801 2304 3856; x_wconf 81' lang='lat' dir='ltr'><strong>infectum</strong></span> 
     </span>
    </p>
   </div>
   <div class='ocr_carea' id='block_1_71' title="bbox 720 3891 2307 3954">
    <p class='ocr_par' dir='ltr' id='par_1_71' title="bbox 720 3891 2307 3954">
     <span class='ocr_line' id='line_1_71' title="bbox 720 3891 2307 3954; baseline 0.004 -12"><span class='ocrx_word' id='word_1_575' title='bbox 720 3899 915 3943; x_wconf 84' lang='lat' dir='ltr'><strong>natura</strong></span> <span class='ocrx_word' id='word_1_576' title='bbox 949 3899 1000 3944; x_wconf 91' lang='lat' dir='ltr'><strong>et</strong></span> <span class='ocrx_word' id='word_1_577' title='bbox 1029 3891 1358 3954; x_wconf 88' lang='lat' dir='ltr'><strong>increatum,</strong></span> <span class='ocrx_word' id='word_1_578' title='bbox 1389 3894 1536 3947; x_wconf 91' lang='lat' dir='ltr'><strong>sicut</strong></span> <span class='ocrx_word' id='word_1_579' title='bbox 1589 3909 1913 3948; x_wconf 89' lang='lat' dir='ltr'><strong>communes</strong></span> <span class='ocrx_word' id='word_1_580' title='bbox 1940 3895 2192 3948; x_wconf 89' lang='lat' dir='ltr'><strong>notiones</strong></span> <span class='ocrx_word' id='word_1_581' title='bbox 2219 3910 2307 3948; x_wconf 89' lang='lat' dir='ltr'><strong>ac-</strong></span> 
     </span>
    </p>
   </div>
   <div class='ocr_carea' id='block_1_72' title="bbox 720 3986 2307 4057">
    <p class='ocr_par' dir='ltr' id='par_1_72' title="bbox 720 3986 2307 4057">
     <span class='ocr_line' id='line_1_72' title="bbox 720 3986 2307 4057; baseline 0.004 -24"><span class='ocrx_word' id='word_1_582' title='bbox 720 3993 911 4036; x_wconf 78' lang='lat' dir='ltr'><strong>(urate</strong></span> <span class='ocrx_word' id='word_1_583' title='bbox 970 3992 1158 4037; x_wconf 89' lang='lat' dir='ltr'><strong>tenent</strong></span> <span class='ocrx_word' id='word_1_584' title='bbox 1201 4002 1213 4037; x_wconf 88' lang='lat'><strong>:</strong></span> <span class='ocrx_word' id='word_1_585' title='bbox 1255 3986 1531 4057; x_wconf 82' lang='lat' dir='ltr'><strong>colligitur</strong></span> <span class='ocrx_word' id='word_1_586' title='bbox 1553 4002 1704 4057; x_wconf 84' lang='lat' dir='ltr'><strong>ergo,</strong></span> <span class='ocrx_word' id='word_1_587' title='bbox 1764 3996 1823 4040; x_wconf 93' lang='lat' dir='ltr'><strong>ut</strong></span> <span class='ocrx_word' id='word_1_588' title='bbox 1878 3986 1971 4041; x_wconf 90' lang='lat' dir='ltr'><strong>Dei</strong></span> <span class='ocrx_word' id='word_1_589' title='bbox 2044 3990 2307 4057; x_wconf 84' lang='lat' dir='ltr'><strong>potentia,</strong></span> 
     </span>
    </p>
   </div>
   <div class='ocr_carea' id='block_1_73' title="bbox 725 4074 2308 4148">
    <p class='ocr_par' dir='ltr' id='par_1_73' title="bbox 725 4074 2308 4148">
     <span class='ocr_line' id='line_1_73' title="bbox 725 4074 2308 4148; baseline 0.006 -24"><span class='ocrx_word' id='word_1_590' title='bbox 725 4088 831 4141; x_wconf 90' lang='lat' dir='ltr'><strong>qua</strong></span> <span class='ocrx_word' id='word_1_591' title='bbox 864 4074 1067 4127; x_wconf 87' lang='lat' dir='ltr'><strong>dicitur</strong></span> <span class='ocrx_word' id='word_1_592' title='bbox 1118 4086 1331 4143; x_wconf 88' lang='lat' dir='ltr'><strong>potens,</strong></span> <span class='ocrx_word' id='word_1_593' title='bbox 1386 4088 1439 4130; x_wconf 90' lang='lat' dir='ltr'><strong>et</strong></span> <span class='ocrx_word' id='word_1_594' title='bbox 1486 4093 1593 4147; x_wconf 88' lang='lat' dir='ltr'><strong>qua</strong></span> <span class='ocrx_word' id='word_1_595' title='bbox 1623 4078 1756 4146; x_wconf 84' lang='lat' dir='ltr'><strong>agit,</strong></span> <span class='ocrx_word' id='word_1_596' title='bbox 1788 4088 1841 4132; x_wconf 92' lang='lat' dir='ltr'><strong>et</strong></span> <span class='ocrx_word' id='word_1_597' title='bbox 1871 4078 1990 4133; x_wconf 89' lang='lat' dir='ltr'><strong>sine</strong></span> <span class='ocrx_word' id='word_1_598' title='bbox 2036 4096 2141 4148; x_wconf 86' lang='lat' dir='ltr'><strong>qua</strong></span> <span class='ocrx_word' id='word_1_599' title='bbox 2174 4079 2308 4134; x_wconf 81' lang='lat' dir='ltr'><strong>nihil</strong></span> 
     </span>
    </p>
   </div>
   <div class='ocr_carea' id='block_1_74' title="bbox 732 4165 2310 4237">
    <p class='ocr_par' dir='ltr' id='par_1_74' title="bbox 732 4165 2310 4237">
     <span class='ocr_line' id='line_1_74' title="bbox 732 4165 2310 4237; baseline 0.006 -22"><span class='ocrx_word' id='word_1_600' title='bbox 732 4165 864 4231; x_wconf 87' lang='lat' dir='ltr'><strong>agit,</strong></span> <span class='ocrx_word' id='word_1_601' title='bbox 898 4168 1386 4221; x_wconf 84' lang='lat' dir='ltr'><strong>consubstantialis</strong></span> <span class='ocrx_word' id='word_1_602' title='bbox 1417 4177 1470 4222; x_wconf 91' lang='lat' dir='ltr'><strong>et</strong></span> <span class='ocrx_word' id='word_1_603' title='bbox 1497 4168 1741 4237; x_wconf 86' lang='lat' dir='ltr'><strong>ejusdem</strong></span> <span class='ocrx_word' id='word_1_604' title='bbox 1784 4180 1991 4223; x_wconf 68' lang='lat' dir='ltr'><strong>naturae</strong></span> <span class='ocrx_word' id='word_1_605' title='bbox 2034 4184 2156 4223; x_wconf 91' lang='lat' dir='ltr'><strong>cum</strong></span> <span class='ocrx_word' id='word_1_606' title='bbox 2205 4171 2310 4225; x_wconf 73' lang='lat' dir='ltr'><strong>lico</strong></span> 
     </span>
    </p>
   </div>
   <div class='ocr_carea' id='block_1_75' title="bbox 728 4257 2308 4334">
    <p class='ocr_par' dir='ltr' id='par_1_75' title="bbox 728 4257 2308 4334">
     <span class='ocr_line' id='line_1_75' title="bbox 728 4257 2308 4334; baseline 0.005 -25"><span class='ocrx_word' id='word_1_607' title='bbox 728 4258 817 4310; x_wconf 81' lang='lat' dir='ltr'><strong>sit.</strong></span> <span class='ocrx_word' id='word_1_608' title='bbox 852 4257 983 4323; x_wconf 70' lang='lat' dir='ltr'><strong>Qum</strong></span> <span class='ocrx_word' id='word_1_609' title='bbox 1038 4260 1083 4313; x_wconf 91' lang='lat' dir='ltr'><strong>si</strong></span> <span class='ocrx_word' id='word_1_610' title='bbox 1120 4263 1197 4314; x_wconf 86' lang='lat' dir='ltr'><strong>ita</strong></span> <span class='ocrx_word' id='word_1_611' title='bbox 1246 4276 1304 4316; x_wconf 90' lang='lat' dir='ltr'><strong>se</strong></span> <span class='ocrx_word' id='word_1_612' title='bbox 1357 4261 1582 4326; x_wconf 88' lang='lat' dir='ltr'><strong>habent,</strong></span> <span class='ocrx_word' id='word_1_613' title='bbox 1625 4264 1740 4332; x_wconf 90' lang='lat' dir='ltr'><strong>ipsa</strong></span> <span class='ocrx_word' id='word_1_614' title='bbox 1798 4280 2019 4334; x_wconf 86' lang='lat' dir='ltr'><strong>quoque</strong></span> <span class='ocrx_word' id='word_1_615' title='bbox 2068 4266 2308 4334; x_wconf 85' lang='lat' dir='ltr'><strong>potentia</strong></span> 
     </span>
    </p>
   </div>
   <div class='ocr_carea' id='block_1_76' title="bbox 725 4346 2311 4420">
    <p class='ocr_par' dir='ltr' id='par_1_76' title="bbox 725 4346 2311 4420">
     <span class='ocr_line' id='line_1_76' title="bbox 725 4346 2311 4420; baseline 0.006 -22"><span class='ocrx_word' id='word_1_616' title='bbox 725 4346 871 4401; x_wconf 87' lang='lat' dir='ltr'><strong>Deus</strong></span> <span class='ocrx_word' id='word_1_617' title='bbox 911 4356 1015 4401; x_wconf 85' lang='lat' dir='ltr'><strong>est.</strong></span> <span class='ocrx_word' id='word_1_618' title='bbox 1057 4350 1170 4419; x_wconf 86' lang='lat' dir='ltr'><strong>Age</strong></span> <span class='ocrx_word' id='word_1_619' title='bbox 1193 4366 1324 4405; x_wconf 76' lang='lat' dir='ltr'><strong>vero</strong></span> <span class='ocrx_word' id='word_1_620' title='bbox 1355 4353 1499 4420; x_wconf 92' lang='lat' dir='ltr'><strong>quod</strong></span> <span class='ocrx_word' id='word_1_621' title='bbox 1541 4367 1606 4407; x_wconf 81' lang='lat' dir='ltr'><strong>ex</strong></span> <span class='ocrx_word' id='word_1_622' title='bbox 1633 4354 1717 4408; x_wconf 92' lang='lat' dir='ltr'><strong>his</strong></span> <span class='ocrx_word' id='word_1_623' title='bbox 1758 4356 1899 4409; x_wconf 90' lang='lat' dir='ltr'><strong>haud</strong></span> <span class='ocrx_word' id='word_1_624' title='bbox 1929 4360 2038 4410; x_wconf 92' lang='lat' dir='ltr'><strong>duo</strong></span> <span class='ocrx_word' id='word_1_625' title='bbox 2078 4355 2152 4409; x_wconf 88' lang='lat' dir='ltr'><strong>dii</strong></span> <span class='ocrx_word' id='word_1_626' title='bbox 2176 4372 2311 4409; x_wconf 93' lang='lat' dir='ltr'><strong>con-</strong></span> 
     </span>
    </p>
   </div>
   <div class='ocr_carea' id='block_1_77' title="bbox 722 4443 2310 4512">
    <p class='ocr_par' dir='ltr' id='par_1_77' title="bbox 722 4443 2310 4512">
     <span class='ocr_line' id='line_1_77' title="bbox 722 4443 2310 4512; baseline 0.007 -21"><span class='ocrx_word' id='word_1_627' title='bbox 722 4450 973 4507; x_wconf 83' lang='lat' dir='ltr'><strong>surgant,</strong></span> <span class='ocrx_word' id='word_1_628' title='bbox 1006 4452 1064 4495; x_wconf 91' lang='lat' dir='ltr'><strong>ut</strong></span> <span class='ocrx_word' id='word_1_629' title='bbox 1090 4443 1323 4511; x_wconf 87' lang='lat' dir='ltr'><strong>Agareui</strong></span> <span class='ocrx_word' id='word_1_630' title='bbox 1350 4444 1515 4499; x_wconf 88' lang='lat' dir='ltr'><strong>stulte</strong></span> <span class='ocrx_word' id='word_1_631' title='bbox 1555 4446 1713 4500; x_wconf 87' lang='lat' dir='ltr'><strong>nobis</strong></span> <span class='ocrx_word' id='word_1_632' title='bbox 1745 4447 2063 4512; x_wconf 91' lang='lat' dir='ltr'><strong>inclamant,</strong></span> <span class='ocrx_word' id='word_1_633' title='bbox 2116 4448 2310 4503; x_wconf 88' lang='lat' dir='ltr'><strong>subsc-</strong></span> 
     </span>
    </p>
   </div>
   <div class='ocr_carea' id='block_1_78' title="bbox 723 4535 2305 4608">
    <p class='ocr_par' dir='ltr' id='par_1_78' title="bbox 723 4535 2305 4608">
     <span class='ocr_line' id='line_1_78' title="bbox 723 4535 2305 4608; baseline 0.005 -25"><span class='ocrx_word' id='word_1_634' title='bbox 723 4546 900 4600; x_wconf 89' lang='lat' dir='ltr'><strong>quens</strong></span> <span class='ocrx_word' id='word_1_635' title='bbox 944 4542 1130 4586; x_wconf 88' lang='lat' dir='ltr'><strong>nostra</strong></span> <span class='ocrx_word' id='word_1_636' title='bbox 1203 4535 1379 4589; x_wconf 88' lang='lat' dir='ltr'><strong>oratio</strong></span> <span class='ocrx_word' id='word_1_637' title='bbox 1455 4536 1885 4604; x_wconf 87' lang='lat' dir='ltr'><strong>demonstrabit;</strong></span> <span class='ocrx_word' id='word_1_638' title='bbox 1957 4555 2082 4595; x_wconf 89' lang='lat' dir='ltr'><strong>cum</strong></span> <span class='ocrx_word' id='word_1_639' title='bbox 2131 4541 2305 4608; x_wconf 92' lang='lat' dir='ltr'><strong>ipsum</strong></span> 
     </span>
    </p>
   </div>
   <div class='ocr_carea' id='block_1_79' title="bbox 722 4622 2303 4706">
    <p class='ocr_par' dir='ltr' id='par_1_79' title="bbox 722 4622 2303 4706">
     <span class='ocr_line' id='line_1_79' title="bbox 722 4622 2303 4706; baseline 0.005 -30"><span class='ocrx_word' id='word_1_640' title='bbox 722 4623 939 4706; x_wconf 78' lang='lat' dir='ltr'><strong>quoque</strong></span> <span class='ocrx_word' id='word_1_641' title='bbox 971 4622 1256 4692; x_wconf 58' lang='lat' dir='ltr'><strong>Spit-itum,</strong></span> <span class='ocrx_word' id='word_1_642' title='bbox 1290 4627 1380 4695; x_wconf 92' lang='lat' dir='ltr'><strong>qui</strong></span> <span class='ocrx_word' id='word_1_643' title='bbox 1413 4627 1464 4679; x_wconf 93' lang='lat' dir='ltr'><strong>in</strong></span> <span class='ocrx_word' id='word_1_644' title='bbox 1500 4627 1606 4681; x_wconf 88' lang='lat' dir='ltr'><strong>[)eo</strong></span> <span class='ocrx_word' id='word_1_645' title='bbox 1635 4639 1738 4693; x_wconf 89' lang='lat' dir='ltr'><strong>est,</strong></span> <span class='ocrx_word' id='word_1_646' title='bbox 1769 4640 2027 4699; x_wconf 89' lang='lat' dir='ltr'><strong>tanquam</strong></span> <span class='ocrx_word' id='word_1_647' title='bbox 2060 4631 2303 4698; x_wconf 87' lang='lat' dir='ltr'><strong>ejusdem</strong></span> 
     </span>
    </p>
   </div>
   <div class='ocr_carea' id='block_1_80' title="bbox 723 4716 2304 4789">
    <p class='ocr_par' dir='ltr' id='par_1_80' title="bbox 723 4716 2304 4789">
     <span class='ocr_line' id='line_1_80' title="bbox 723 4716 2304 4789; baseline 0.006 -25"><span class='ocrx_word' id='word_1_648' title='bbox 723 4724 933 4765; x_wconf 68' lang='lat' dir='ltr'><strong>natura:</strong></span> <span class='ocrx_word' id='word_1_649' title='bbox 969 4721 1024 4767; x_wconf 90' lang='lat' dir='ltr'><strong>et</strong></span> <span class='ocrx_word' id='word_1_650' title='bbox 1050 4716 1575 4770; x_wconf 82' lang='lat' dir='ltr'><strong>consubstantialem</strong></span> <span class='ocrx_word' id='word_1_651' title='bbox 1610 4718 1719 4771; x_wconf 87' lang='lat' dir='ltr'><strong>Deo</strong></span> <span class='ocrx_word' id='word_1_652' title='bbox 1749 4720 1979 4788; x_wconf 90' lang='lat' dir='ltr'><strong>ejusque</strong></span> <span class='ocrx_word' id='word_1_653' title='bbox 2030 4721 2304 4789; x_wconf 58' lang='lat' dir='ltr'><strong>potentia),</strong></span> 
     </span>
    </p>
   </div>
   <div class='ocr_carea' id='block_1_81' title="bbox 725 4804 2311 4881">
    <p class='ocr_par' dir='ltr' id='par_1_81' title="bbox 725 4804 2311 4881">
     <span class='ocr_line' id='line_1_81' title="bbox 725 4804 2311 4881; baseline 0.007 -27"><span class='ocrx_word' id='word_1_654' title='bbox 725 4819 846 4871; x_wconf 69' lang='lat' dir='ltr'><strong>qum</strong></span> <span class='ocrx_word' id='word_1_655' title='bbox 875 4813 928 4858; x_wconf 90' lang='lat' dir='ltr'><strong>et</strong></span> <span class='ocrx_word' id='word_1_656' title='bbox 965 4804 1245 4875; x_wconf 83' lang='lat' dir='ltr'><strong>Sapientia</strong></span> <span class='ocrx_word' id='word_1_657' title='bbox 1273 4816 1327 4861; x_wconf 90' lang='lat' dir='ltr'><strong>et</strong></span> <span class='ocrx_word' id='word_1_658' title='bbox 1352 4806 1589 4862; x_wconf 82' lang='lat' dir='ltr'><strong>Verbum</strong></span> <span class='ocrx_word' id='word_1_659' title='bbox 1625 4808 1721 4864; x_wconf 89' lang='lat' dir='ltr'><strong>Dei</strong></span> <span class='ocrx_word' id='word_1_660' title='bbox 1755 4812 2023 4880; x_wconf 88' lang='lat' dir='ltr'><strong>potentia,</strong></span> <span class='ocrx_word' id='word_1_661' title='bbox 2065 4828 2169 4881; x_wconf 71' lang='lat' dir='ltr'><strong>qua</strong></span> <span class='ocrx_word' id='word_1_662' title='bbox 2228 4813 2311 4865; x_wconf 89' lang='lat' dir='ltr'><strong>di-</strong></span> 
     </span>
    </p>
   </div>
   <div class='ocr_carea' id='block_1_82' title="bbox 723 4897 2307 4975">
    <p class='ocr_par' dir='ltr' id='par_1_82' title="bbox 723 4897 2307 4975">
     <span class='ocr_line' id='line_1_82' title="bbox 723 4897 2307 4975; baseline 0.004 -26"><span class='ocrx_word' id='word_1_663' title='bbox 723 4897 869 4949; x_wconf 89' lang='lat' dir='ltr'><strong>citur</strong></span> <span class='ocrx_word' id='word_1_664' title='bbox 919 4907 1134 4966; x_wconf 90' lang='lat' dir='ltr'><strong>potens,</strong></span> <span class='ocrx_word' id='word_1_665' title='bbox 1202 4909 1250 4953; x_wconf 90' lang='lat' dir='ltr'><strong>et</strong></span> <span class='ocrx_word' id='word_1_666' title='bbox 1286 4916 1390 4969; x_wconf 86' lang='lat' dir='ltr'><strong>qua</strong></span> <span class='ocrx_word' id='word_1_667' title='bbox 1434 4904 1568 4972; x_wconf 84' lang='lat' dir='ltr'><strong>agit,</strong></span> <span class='ocrx_word' id='word_1_668' title='bbox 1621 4914 1675 4956; x_wconf 90' lang='lat' dir='ltr'><strong>et</strong></span> <span class='ocrx_word' id='word_1_669' title='bbox 1712 4904 1830 4957; x_wconf 88' lang='lat' dir='ltr'><strong>sine</strong></span> <span class='ocrx_word' id='word_1_670' title='bbox 1864 4919 1972 4973; x_wconf 91' lang='lat' dir='ltr'><strong>qua</strong></span> <span class='ocrx_word' id='word_1_671' title='bbox 2009 4905 2144 4958; x_wconf 83' lang='lat' dir='ltr'><strong>nihil</strong></span> <span class='ocrx_word' id='word_1_672' title='bbox 2175 4905 2307 4975; x_wconf 88' lang='lat' dir='ltr'><strong>agit,</strong></span> 
     </span>
    </p>
   </div>
   <div class='ocr_carea' id='block_1_83' title="bbox 724 4990 2312 5063">
    <p class='ocr_par' dir='ltr' id='par_1_83' title="bbox 724 4990 2312 5063">
     <span class='ocr_line' id='line_1_83' title="bbox 724 4990 2312 5063; baseline 0.008 -24"><span class='ocrx_word' id='word_1_673' title='bbox 724 5004 954 5059; x_wconf 63' lang='lat' dir='ltr'><strong>quasque</strong></span> <span class='ocrx_word' id='word_1_674' title='bbox 1020 5001 1073 5045; x_wconf 91' lang='lat' dir='ltr'><strong>et</strong></span> <span class='ocrx_word' id='word_1_675' title='bbox 1138 4990 1372 5046; x_wconf 84' lang='lat' dir='ltr'><strong>Verbum</strong></span> <span class='ocrx_word' id='word_1_676' title='bbox 1434 4993 1525 5047; x_wconf 89' lang='lat' dir='ltr'><strong>Dei</strong></span> <span class='ocrx_word' id='word_1_677' title='bbox 1558 5004 1613 5048; x_wconf 90' lang='lat' dir='ltr'><strong>et</strong></span> <span class='ocrx_word' id='word_1_678' title='bbox 1655 4996 1923 5063; x_wconf 88' lang='lat' dir='ltr'><strong>sapientia</strong></span> <span class='ocrx_word' id='word_1_679' title='bbox 1984 4996 2208 5060; x_wconf 85' lang='lat' dir='ltr'><strong>dicitur,</strong></span> <span class='ocrx_word' id='word_1_680' title='bbox 2251 5000 2312 5052; x_wconf 85' lang='grc' dir='ltr'><strong>υι</strong></span> 
     </span>
    </p>
   </div>
   <div class='ocr_carea' id='block_1_84' title="bbox 725 5085 2305 5156">
    <p class='ocr_par' dir='ltr' id='par_1_84' title="bbox 725 5085 2305 5156">
     <span class='ocr_line' id='line_1_84' title="bbox 725 5085 2305 5156; baseline 0.006 -23"><span class='ocrx_word' id='word_1_681' title='bbox 725 5092 907 5135; x_wconf 71' lang='lat' dir='ltr'><strong>vestra</strong></span> <span class='ocrx_word' id='word_1_682' title='bbox 956 5099 1174 5153; x_wconf 90' lang='lat' dir='ltr'><strong>quoque</strong></span> <span class='ocrx_word' id='word_1_683' title='bbox 1216 5085 1488 5155; x_wconf 88' lang='lat' dir='ltr'><strong>scriptura</strong></span> <span class='ocrx_word' id='word_1_684' title='bbox 1552 5096 1820 5153; x_wconf 89' lang='lat' dir='ltr'><strong>testatur;</strong></span> <span class='ocrx_word' id='word_1_685' title='bbox 1881 5088 2024 5156; x_wconf 90' lang='lat' dir='ltr'><strong>quod</strong></span> <span class='ocrx_word' id='word_1_686' title='bbox 2057 5089 2190 5151; x_wconf 70' lang='lat' dir='ltr'><strong>lucc,</strong></span> <span class='ocrx_word' id='word_1_687' title='bbox 2221 5088 2305 5142; x_wconf 88' lang='lat' dir='ltr'><strong>in-</strong></span> 
     </span>
    </p>
   </div>
   <div class='ocr_carea' id='block_1_85' title="bbox 726 5178 2304 5245">
    <p class='ocr_par' dir='ltr' id='par_1_85' title="bbox 726 5178 2304 5245">
     <span class='ocr_line' id='line_1_85' title="bbox 726 5178 2304 5245; baseline 0.006 -20"><span class='ocrx_word' id='word_1_688' title='bbox 726 5189 913 5242; x_wconf 89' lang='lat' dir='ltr'><strong>quam,</strong></span> <span class='ocrx_word' id='word_1_689' title='bbox 972 5178 1237 5245; x_wconf 87' lang='lat' dir='ltr'><strong>potentia,</strong></span> <span class='ocrx_word' id='word_1_690' title='bbox 1301 5194 1409 5233; x_wconf 90' lang='lat' dir='ltr'><strong>non</strong></span> <span class='ocrx_word' id='word_1_691' title='bbox 1460 5179 1533 5233; x_wconf 91' lang='lat' dir='ltr'><strong>sit</strong></span> <span class='ocrx_word' id='word_1_692' title='bbox 1594 5180 1787 5235; x_wconf 74' lang='lat' dir='ltr'><strong>aliena:</strong></span> <span class='ocrx_word' id='word_1_693' title='bbox 1840 5180 2180 5245; x_wconf 58' lang='lat' dir='ltr'><strong>substantia,</strong></span> <span class='ocrx_word' id='word_1_694' title='bbox 2241 5196 2304 5234; x_wconf 87' lang='lat' dir='ltr'><strong>ac</strong></span> 
     </span>
    </p>
   </div>
   <div class='ocr_carea' id='block_1_86' title="bbox 727 5266 2305 5339">
    <p class='ocr_par' dir='ltr' id='par_1_86' title="bbox 727 5266 2305 5339">
     <span class='ocr_line' id='line_1_86' title="bbox 727 5266 2305 5339; baseline 0.005 -24"><span class='ocrx_word' id='word_1_695' title='bbox 727 5266 894 5318; x_wconf 75' lang='lat' dir='ltr'><strong>veluti</strong></span> <span class='ocrx_word' id='word_1_696' title='bbox 930 5267 1207 5333; x_wconf 89' lang='lat' dir='ltr'><strong>accidens,</strong></span> <span class='ocrx_word' id='word_1_697' title='bbox 1241 5279 1300 5324; x_wconf 91' lang='lat' dir='ltr'><strong>ut</strong></span> <span class='ocrx_word' id='word_1_698' title='bbox 1323 5286 1419 5325; x_wconf 88' lang='lat' dir='ltr'><strong>vos</strong></span> <span class='ocrx_word' id='word_1_699' title='bbox 1443 5271 1646 5334; x_wconf 89' lang='lat' dir='ltr'><strong>dicitis,</strong></span> <span class='ocrx_word' id='word_1_700' title='bbox 1700 5271 1794 5325; x_wconf 90' lang='lat' dir='ltr'><strong>sed</strong></span> <span class='ocrx_word' id='word_1_701' title='bbox 1847 5271 2093 5336; x_wconf 87' lang='lat' dir='ltr'><strong>ejusdem</strong></span> <span class='ocrx_word' id='word_1_702' title='bbox 2126 5270 2305 5339; x_wconf 87' lang='lat' dir='ltr'><strong>potius</strong></span> 
     </span>
    </p>
   </div>
   <div class='ocr_carea' id='block_1_87' title="bbox 730 5360 2303 5431">
    <p class='ocr_par' dir='ltr' id='par_1_87' title="bbox 730 5360 2303 5431">
     <span class='ocr_line' id='line_1_87' title="bbox 730 5360 2303 5431; baseline 0.003 -23"><span class='ocrx_word' id='word_1_703' title='bbox 730 5367 938 5411; x_wconf 76' lang='lat' dir='ltr'><strong>natura:</strong></span> <span class='ocrx_word' id='word_1_704' title='bbox 986 5367 1043 5413; x_wconf 90' lang='lat' dir='ltr'><strong>et</strong></span> <span class='ocrx_word' id='word_1_705' title='bbox 1086 5362 1577 5417; x_wconf 88' lang='lat' dir='ltr'><strong>consubstantialis</strong></span> <span class='ocrx_word' id='word_1_706' title='bbox 1620 5360 1752 5428; x_wconf 90' lang='lat' dir='ltr'><strong>Deo,</strong></span> <span class='ocrx_word' id='word_1_707' title='bbox 1800 5370 1988 5431; x_wconf 91' lang='lat' dir='ltr'><strong>utpote</strong></span> <span class='ocrx_word' id='word_1_708' title='bbox 2017 5376 2125 5414; x_wconf 92' lang='lat' dir='ltr'><strong>non</strong></span> <span class='ocrx_word' id='word_1_709' title='bbox 2163 5360 2303 5414; x_wconf 78' lang='lat' dir='ltr'><strong>facta</strong></span> 
     </span>
    </p>
   </div>
   <div class='ocr_carea' id='block_1_88' title="bbox 728 5448 1921 5513">
    <p class='ocr_par' dir='ltr' id='par_1_88' title="bbox 728 5448 1921 5513">
     <span class='ocr_line' id='line_1_88' title="bbox 728 5448 1921 5513; baseline 0.004 -13"><span class='ocrx_word' id='word_1_710' title='bbox 728 5456 785 5501; x_wconf 85' lang='lat' dir='ltr'><strong>et</strong></span> <span class='ocrx_word' id='word_1_711' title='bbox 817 5448 1080 5513; x_wconf 88' lang='lat' dir='ltr'><strong>increata,</strong></span> <span class='ocrx_word' id='word_1_712' title='bbox 1113 5452 1164 5505; x_wconf 94' lang='lat' dir='ltr'><strong>id</strong></span> <span class='ocrx_word' id='word_1_713' title='bbox 1200 5453 1300 5508; x_wconf 93' lang='lat' dir='ltr'><strong>hac</strong></span> <span class='ocrx_word' id='word_1_714' title='bbox 1333 5455 1546 5508; x_wconf 89' lang='lat' dir='ltr'><strong>ratione</strong></span> <span class='ocrx_word' id='word_1_715' title='bbox 1588 5455 1646 5508; x_wconf 91' lang='lat' dir='ltr'><strong>ﬁt</strong></span> <span class='ocrx_word' id='word_1_716' title='bbox 1677 5453 1921 5508; x_wconf 80' lang='lat' dir='ltr'><strong>evidens.</strong></span> 
     </span>
    </p>
   </div>
   <div class='ocr_carea' id='block_1_89' title="bbox 799 5539 2303 5614">
    <p class='ocr_par' dir='ltr' id='par_1_89' title="bbox 799 5539 2303 5614">
     <span class='ocr_line' id='line_1_89' title="bbox 799 5539 2303 5614; baseline 0.002 -21"><span class='ocrx_word' id='word_1_717' title='bbox 799 5539 853 5594; x_wconf 89' lang='lat'><strong>9.</strong></span> <span class='ocrx_word' id='word_1_718' title='bbox 886 5539 1029 5597; x_wconf 87' lang='lat' dir='ltr'><strong>Deus</strong></span> <span class='ocrx_word' id='word_1_719' title='bbox 1059 5546 1503 5614; x_wconf 82' lang='lat' dir='ltr'><strong>simplicissimus</strong></span> <span class='ocrx_word' id='word_1_720' title='bbox 1531 5557 1638 5611; x_wconf 88' lang='lat' dir='ltr'><strong>est,</strong></span> <span class='ocrx_word' id='word_1_721' title='bbox 1679 5555 1733 5600; x_wconf 88' lang='lat' dir='ltr'><strong>et</strong></span> <span class='ocrx_word' id='word_1_722' title='bbox 1778 5545 2000 5599; x_wconf 87' lang='lat' dir='ltr'><strong>cuilibet</strong></span> <span class='ocrx_word' id='word_1_723' title='bbox 2034 5543 2303 5614; x_wconf 88' lang='lat' dir='ltr'><strong>composi-</strong></span> 
     </span>
    </p>
   </div>
   <div class='ocr_carea' id='block_1_90' title="bbox 730 5629 2305 5709">
    <p class='ocr_par' dir='ltr' id='par_1_90' title="bbox 730 5629 2305 5709">
     <span class='ocr_line' id='line_1_90' title="bbox 730 5629 2305 5709; baseline 0.006 -27"><span class='ocrx_word' id='word_1_724' title='bbox 730 5629 863 5685; x_wconf 82' lang='lat' dir='ltr'><strong>tioni</strong></span> <span class='ocrx_word' id='word_1_725' title='bbox 924 5636 1305 5704; x_wconf 70' lang='lat' dir='ltr'><strong>compositzeve</strong></span> <span class='ocrx_word' id='word_1_726' title='bbox 1360 5639 1866 5709; x_wconf 88' lang='lat' dir='ltr'><strong>notionisuperior,</strong></span> <span class='ocrx_word' id='word_1_727' title='bbox 1902 5646 1959 5692; x_wconf 91' lang='lat' dir='ltr'><strong>ut</strong></span> <span class='ocrx_word' id='word_1_728' title='bbox 1998 5636 2305 5694; x_wconf 84' lang='lat' dir='ltr'><strong>communis</strong></span> 
     </span>
    </p>
   </div>
   <div class='ocr_carea' id='block_1_91' title="bbox 795 5816 1315 5888">
    <p class='ocr_par' dir='ltr' id='par_1_91' title="bbox 795 5816 1315 5888">
     <span class='ocr_line' id='line_1_91' title="bbox 795 5816 1315 5888; baseline 0.012 -18"><span class='ocrx_word' id='word_1_729' title='bbox 795 5816 875 5887; x_wconf 76' lang='grc' dir='ltr'><strong>(ι)</strong></span> <span class='ocrx_word' id='word_1_730' title='bbox 899 5817 1025 5875; x_wconf 85' lang='lat' dir='ltr'><strong>Sur.</strong></span> <span class='ocrx_word' id='word_1_731' title='bbox 1062 5819 1151 5888; x_wconf 80' lang='lat' dir='ltr'><strong>iv,</strong></span> <span class='ocrx_word' id='word_1_732' title='bbox 1200 5823 1315 5876; x_wconf 75' lang='lat' dir='ltr'><strong>n39.</strong></span> 
     </span>
    </p>
   </div>
   <div class='ocr_carea' id='block_1_92' title="bbox 2410 3338 3999 3415">
    <p class='ocr_par' dir='ltr' id='par_1_92' title="bbox 2410 3338 3999 3415">
     <span class='ocr_line' id='line_1_92' title="bbox 2410 3338 3999 3415; baseline -0.006 -16"><span class='ocrx_word' id='word_1_733' title='bbox 2410 3363 2538 3399; x_wconf 91' lang='grc' dir='ltr'>στον</span> <span class='ocrx_word' id='word_1_734' title='bbox 2560 3346 2824 3415; x_wconf 89' lang='grc' dir='ltr'>ἀκτίστῳ,</span> <span class='ocrx_word' id='word_1_735' title='bbox 2848 3344 2971 3396; x_wconf 83' lang='grc' dir='ltr'>καθ’</span> <span class='ocrx_word' id='word_1_736' title='bbox 3002 3343 3030 3396; x_wconf 81' lang='grc' dir='ltr'>ὃ</span> <span class='ocrx_word' id='word_1_737' title='bbox 3060 3344 3157 3395; x_wconf 79' lang='grc' dir='ltr'><strong>οὐκ</strong></span> <span class='ocrx_word' id='word_1_738' title='bbox 3177 3342 3444 3404; x_wconf 62' lang='grc' dir='ltr'>ἔκτηται,</span> <span class='ocrx_word' id='word_1_739' title='bbox 3474 3341 3613 3393; x_wconf 83' lang='grc' dir='ltr'><strong>κατά</strong></span> <span class='ocrx_word' id='word_1_740' title='bbox 3647 3338 3811 3408; x_wconf 80' lang='grc' dir='ltr'>φύσιν</span> <span class='ocrx_word' id='word_1_741' title='bbox 3838 3339 3999 3391; x_wconf 76' lang='grc' dir='ltr'>οῦδὲν</span> 
     </span>
    </p>
   </div>
   <div class='ocr_carea' id='block_1_93' title="bbox 2407 3431 4000 3499">
    <p class='ocr_par' dir='ltr' id='par_1_93' title="bbox 2407 3431 4000 3499">
     <span class='ocr_line' id='line_1_93' title="bbox 2407 3431 4000 3499; baseline -0.008 -6"><span class='ocrx_word' id='word_1_742' title='bbox 2407 3440 2623 3493; x_wconf 76' lang='grc' dir='ltr'>διοίσει·</span> <span class='ocrx_word' id='word_1_743' title='bbox 2653 3441 2701 3491; x_wconf 86' lang='grc' dir='ltr'>εἰ</span> <span class='ocrx_word' id='word_1_744' title='bbox 2731 3439 2785 3492; x_wconf 76' lang='grc' dir='ltr'><strong>δὲ</strong></span> <span class='ocrx_word' id='word_1_745' title='bbox 2817 3438 2970 3490; x_wconf 72' lang='grc' dir='ltr'>οῦδὲν</span> <span class='ocrx_word' id='word_1_746' title='bbox 3000 3437 3207 3499; x_wconf 77' lang='grc' dir='ltr'>διοίσει,</span> <span class='ocrx_word' id='word_1_747' title='bbox 3249 3435 3444 3488; x_wconf 88' lang='grc' dir='ltr'>ταυτόν</span> <span class='ocrx_word' id='word_1_748' title='bbox 3482 3435 3629 3486; x_wconf 81' lang='grc' dir='ltr'>ἐστιν</span> <span class='ocrx_word' id='word_1_749' title='bbox 3655 3451 3667 3464; x_wconf 86' lang='grc'><strong>·</strong></span> <span class='ocrx_word' id='word_1_750' title='bbox 3700 3434 3749 3484; x_wconf 90' lang='grc' dir='ltr'>εἰ</span> <span class='ocrx_word' id='word_1_751' title='bbox 3778 3431 3835 3483; x_wconf 78' lang='grc' dir='ltr'>δὲ</span> <span class='ocrx_word' id='word_1_752' title='bbox 3863 3448 4000 3483; x_wconf 80' lang='grc' dir='ltr'>ταυ-</span> 
     </span>
    </p>
   </div>
   <div class='ocr_carea' id='block_1_94' title="bbox 2408 3523 4002 3600">
    <p class='ocr_par' dir='ltr' id='par_1_94' title="bbox 2408 3523 4002 3600">
     <span class='ocr_line' id='line_1_94' title="bbox 2408 3523 4002 3600; baseline -0.006 -17"><span class='ocrx_word' id='word_1_753' title='bbox 2408 3530 2499 3583; x_wconf 87' lang='grc' dir='ltr'><strong>τὸν</strong></span> <span class='ocrx_word' id='word_1_754' title='bbox 2526 3570 2542 3595; x_wconf 93' lang='grc'><strong>,</strong></span> <span class='ocrx_word' id='word_1_755' title='bbox 2596 3531 2688 3583; x_wconf 78' lang='grc' dir='ltr'>καὶ</span> <span class='ocrx_word' id='word_1_756' title='bbox 2742 3529 2980 3600; x_wconf 79' lang='grc' dir='ltr'>ὀμοφυὲς</span> <span class='ocrx_word' id='word_1_757' title='bbox 3026 3529 3119 3580; x_wconf 67' lang='grc' dir='ltr'><strong>καὶ</strong></span> <span class='ocrx_word' id='word_1_758' title='bbox 3163 3529 3449 3597; x_wconf 80' lang='grc' dir='ltr'>ὁμοούσιον</span> <span class='ocrx_word' id='word_1_759' title='bbox 3498 3525 3593 3578; x_wconf 69' lang='grc' dir='ltr'>καὶ</span> <span class='ocrx_word' id='word_1_760' title='bbox 3637 3526 3739 3578; x_wconf 78' lang='grc' dir='ltr'>ὅσα</span> <span class='ocrx_word' id='word_1_761' title='bbox 3782 3523 4002 3585; x_wconf 75' lang='grc' dir='ltr'>τούτοις</span> 
     </span>
    </p>
   </div>
   <div class='ocr_carea' id='block_1_95' title="bbox 2409 3614 3999 3690">
    <p class='ocr_par' dir='ltr' id='par_1_95' title="bbox 2409 3614 3999 3690">
     <span class='ocr_line' id='line_1_95' title="bbox 2409 3614 3999 3690; baseline -0.008 -15"><span class='ocrx_word' id='word_1_762' title='bbox 2409 3622 2571 3690; x_wconf 77' lang='grc' dir='ltr'>ὃμοια</span> <span class='ocrx_word' id='word_1_763' title='bbox 2594 3637 2606 3649; x_wconf 87' lang='grc'><em>’</em></span> <span class='ocrx_word' id='word_1_764' title='bbox 2642 3620 2759 3672; x_wconf 79' lang='grc' dir='ltr'>ἔστι</span> <span class='ocrx_word' id='word_1_765' title='bbox 2804 3620 2861 3673; x_wconf 79' lang='grc' dir='ltr'>δὲ</span> <span class='ocrx_word' id='word_1_766' title='bbox 2906 3622 3001 3672; x_wconf 70' lang='grc' dir='ltr'>καὶ</span> <span class='ocrx_word' id='word_1_767' title='bbox 3036 3620 3064 3671; x_wconf 88' lang='grc' dir='ltr'>ὀ</span> <span class='ocrx_word' id='word_1_768' title='bbox 3092 3618 3223 3681; x_wconf 79' lang='grc' dir='ltr'>Θεὸς</span> <span class='ocrx_word' id='word_1_769' title='bbox 3254 3617 3514 3685; x_wconf 82' lang='grc' dir='ltr'>ἀγένητος</span> <span class='ocrx_word' id='word_1_770' title='bbox 3569 3615 3661 3667; x_wconf 80' lang='grc' dir='ltr'>καὶ</span> <span class='ocrx_word' id='word_1_771' title='bbox 3712 3614 3999 3676; x_wconf 73' lang='grc' dir='ltr'>ἄκτιστος,</span> 
     </span>
    </p>
   </div>
   <div class='ocr_carea' id='block_1_96' title="bbox 2410 3704 3999 3780">
    <p class='ocr_par' dir='ltr' id='par_1_96' title="bbox 2410 3704 3999 3780">
     <span class='ocr_line' id='line_1_96' title="bbox 2410 3704 3999 3780; baseline -0.006 -16"><span class='ocrx_word' id='word_1_772' title='bbox 2410 3711 2524 3764; x_wconf 76' lang='grc' dir='ltr'>ἔστι</span> <span class='ocrx_word' id='word_1_773' title='bbox 2554 3710 2610 3763; x_wconf 81' lang='grc' dir='ltr'>δὲ</span> <span class='ocrx_word' id='word_1_774' title='bbox 2646 3712 2740 3763; x_wconf 71' lang='grc' dir='ltr'>καὶ</span> <span class='ocrx_word' id='word_1_775' title='bbox 2773 3713 2806 3780; x_wconf 85' lang='grc' dir='ltr'>ὴ</span> <span class='ocrx_word' id='word_1_776' title='bbox 2842 3709 3005 3762; x_wconf 73' lang='grc' dir='ltr'>αὑτοῦ</span> <span class='ocrx_word' id='word_1_777' title='bbox 3037 3708 3269 3778; x_wconf 76' lang='grc' dir='ltr'>δύναμις</span> <span class='ocrx_word' id='word_1_778' title='bbox 3292 3724 3306 3737; x_wconf 76' lang='grc' dir='ltr'><strong>ο</strong></span> <span class='ocrx_word' id='word_1_779' title='bbox 3337 3706 3393 3760; x_wconf 85' lang='grc' dir='ltr'>ἓν</span> <span class='ocrx_word' id='word_1_780' title='bbox 3415 3707 3473 3760; x_wconf 82' lang='grc' dir='ltr'>δὲ</span> <span class='ocrx_word' id='word_1_781' title='bbox 3503 3705 3563 3758; x_wconf 90' lang='grc' dir='ltr'><strong>τὸ</strong></span> <span class='ocrx_word' id='word_1_782' title='bbox 3594 3704 3857 3773; x_wconf 78' lang='grc' dir='ltr'>ἀγένητον</span> <span class='ocrx_word' id='word_1_783' title='bbox 3894 3705 3999 3755; x_wconf 78' lang='grc' dir='ltr'><strong>καὶ</strong></span> 
     </span>
    </p>
   </div>
   <div class='ocr_carea' id='block_1_97' title="bbox 2410 3796 4001 3874">
    <p class='ocr_par' dir='ltr' id='par_1_97' title="bbox 2410 3796 4001 3874">
     <span class='ocr_line' id='line_1_97' title="bbox 2410 3796 4001 3874; baseline -0.008 -16"><span class='ocrx_word' id='word_1_784' title='bbox 2410 3805 2666 3858; x_wconf 81' lang='grc' dir='ltr'>ἄκτιστον</span> <span class='ocrx_word' id='word_1_785' title='bbox 2715 3806 2780 3874; x_wconf 80' lang='grc' dir='ltr'><strong>τῇ</strong></span> <span class='ocrx_word' id='word_1_786' title='bbox 2828 3806 3009 3872; x_wconf 83' lang='grc' dir='ltr'>φύσει,</span> <span class='ocrx_word' id='word_1_787' title='bbox 3063 3803 3137 3865; x_wconf 81' lang='grc' dir='ltr'>ὡς</span> <span class='ocrx_word' id='word_1_788' title='bbox 3173 3802 3229 3854; x_wconf 89' lang='grc' dir='ltr'>αἰ</span> <span class='ocrx_word' id='word_1_789' title='bbox 3258 3801 3437 3854; x_wconf 70' lang='grc' dir='ltr'>κοιναὶ</span> <span class='ocrx_word' id='word_1_790' title='bbox 3490 3798 3690 3851; x_wconf 75' lang='grc' dir='ltr'>ἔννοιαι</span> <span class='ocrx_word' id='word_1_791' title='bbox 3743 3796 4001 3866; x_wconf 72' lang='grc' dir='ltr'>ἀκριϐῶς</span> 
     </span>
    </p>
   </div>
   <div class='ocr_carea' id='block_1_98' title="bbox 2413 3888 4001 3968">
    <p class='ocr_par' dir='ltr' id='par_1_98' title="bbox 2413 3888 4001 3968">
     <span class='ocr_line' id='line_1_98' title="bbox 2413 3888 4001 3968; baseline -0.005 -19"><span class='ocrx_word' id='word_1_792' title='bbox 2413 3896 2627 3968; x_wconf 79' lang='grc' dir='ltr'>ἔχουσι·</span> <span class='ocrx_word' id='word_1_793' title='bbox 2664 3898 2955 3964; x_wconf 76' lang='grc' dir='ltr'>συνάγεται</span> <span class='ocrx_word' id='word_1_794' title='bbox 2984 3897 3091 3966; x_wconf 81' lang='grc' dir='ltr'><strong>ἀρα</strong></span> <span class='ocrx_word' id='word_1_795' title='bbox 3126 3896 3205 3947; x_wconf 81' lang='grc' dir='ltr'>ὅτι</span> <span class='ocrx_word' id='word_1_796' title='bbox 3241 3896 3273 3964; x_wconf 74' lang='grc' dir='ltr'>ἠ</span> <span class='ocrx_word' id='word_1_797' title='bbox 3302 3893 3530 3962; x_wconf 83' lang='grc' dir='ltr'>δύναμις</span> <span class='ocrx_word' id='word_1_798' title='bbox 3574 3890 3668 3944; x_wconf 88' lang='grc' dir='ltr'><strong>τοῦ</strong></span> <span class='ocrx_word' id='word_1_799' title='bbox 3708 3889 3844 3943; x_wconf 88' lang='grc' dir='ltr'>Θεοῦ</span> <span class='ocrx_word' id='word_1_800' title='bbox 3869 3888 4001 3943; x_wconf 75' lang='grc' dir='ltr'>καθ’</span> 
     </span>
    </p>
   </div>
   <div class='ocr_carea' id='block_1_99' title="bbox 2412 3979 4001 4060">
    <p class='ocr_par' dir='ltr' id='par_1_99' title="bbox 2412 3979 4001 4060">
     <span class='ocr_line' id='line_1_99' title="bbox 2412 3979 4001 4060; baseline -0.005 -19"><span class='ocrx_word' id='word_1_801' title='bbox 2412 3991 2479 4060; x_wconf 77' lang='grc' dir='ltr'>ἣν</span> <span class='ocrx_word' id='word_1_802' title='bbox 2515 3990 2733 4057; x_wconf 81' lang='grc' dir='ltr'>λέγεται</span> <span class='ocrx_word' id='word_1_803' title='bbox 2772 3990 3017 4053; x_wconf 87' lang='grc' dir='ltr'>δυνατὸς,</span> <span class='ocrx_word' id='word_1_804' title='bbox 3059 3988 3152 4040; x_wconf 81' lang='grc' dir='ltr'><strong>καὶ</strong></span> <span class='ocrx_word' id='word_1_805' title='bbox 3192 3987 3260 4039; x_wconf 87' lang='grc' dir='ltr'>δι’</span> <span class='ocrx_word' id='word_1_806' title='bbox 3285 3981 3351 4056; x_wconf 83' lang='grc' dir='ltr'>ἦς</span> <span class='ocrx_word' id='word_1_807' title='bbox 3382 3987 3546 4050; x_wconf 84' lang='grc' dir='ltr'>ποιεῖ,</span> <span class='ocrx_word' id='word_1_808' title='bbox 3588 3985 3681 4036; x_wconf 75' lang='grc' dir='ltr'>καὶ</span> <span class='ocrx_word' id='word_1_809' title='bbox 3707 3979 3775 4055; x_wconf 76' lang='grc' dir='ltr'><strong>ἧς</strong></span> <span class='ocrx_word' id='word_1_810' title='bbox 3819 3983 4001 4052; x_wconf 77' lang='grc' dir='ltr'>χωρὶς</span> 
     </span>
    </p>
   </div>
   <div class='ocr_carea' id='block_1_100' title="bbox 2412 4073 4003 4148">
    <p class='ocr_par' dir='ltr' id='par_1_100' title="bbox 2412 4073 4003 4148">
     <span class='ocr_line' id='line_1_100' title="bbox 2412 4073 4003 4148; baseline -0.004 -15"><span class='ocrx_word' id='word_1_811' title='bbox 2412 4080 2564 4134; x_wconf 79' lang='grc' dir='ltr'>οὐδὲν</span> <span class='ocrx_word' id='word_1_812' title='bbox 2595 4083 2759 4144; x_wconf 82' lang='grc' dir='ltr'>ποιεῖ,</span> <span class='ocrx_word' id='word_1_813' title='bbox 2802 4081 3085 4148; x_wconf 76' lang='grc' dir='ltr'>ὁμοούσιός</span> <span class='ocrx_word' id='word_1_814' title='bbox 3110 4080 3226 4131; x_wconf 81' lang='grc' dir='ltr'>ἐστι</span> <span class='ocrx_word' id='word_1_815' title='bbox 3256 4080 3349 4131; x_wconf 83' lang='grc' dir='ltr'>καὶ</span> <span class='ocrx_word' id='word_1_816' title='bbox 3378 4076 3624 4147; x_wconf 76' lang='grc' dir='ltr'>ὁμοφυὴς</span> <span class='ocrx_word' id='word_1_817' title='bbox 3655 4075 3731 4145; x_wconf 81' lang='grc' dir='ltr'>τῷ</span> <span class='ocrx_word' id='word_1_818' title='bbox 3759 4073 3879 4143; x_wconf 83' lang='grc' dir='ltr'><strong>Θεῷ</strong></span> <span class='ocrx_word' id='word_1_819' title='bbox 3902 4090 3915 4102; x_wconf 86' lang='grc'><strong>·</strong></span> <span class='ocrx_word' id='word_1_820' title='bbox 3949 4076 4003 4127; x_wconf 80' lang='grc' dir='ltr'>εἰ</span> 
     </span>
    </p>
   </div>
   <div class='ocr_carea' id='block_1_101' title="bbox 2412 4166 4005 4241">
    <p class='ocr_par' dir='ltr' id='par_1_101' title="bbox 2412 4166 4005 4241">
     <span class='ocr_line' id='line_1_101' title="bbox 2412 4166 4005 4241; baseline -0.002 -19"><span class='ocrx_word' id='word_1_821' title='bbox 2412 4169 2469 4222; x_wconf 75' lang='grc' dir='ltr'>δὲ</span> <span class='ocrx_word' id='word_1_822' title='bbox 2496 4170 2676 4236; x_wconf 88' lang='grc' dir='ltr'>τοῦτο,</span> <span class='ocrx_word' id='word_1_823' title='bbox 2707 4172 2800 4223; x_wconf 69' lang='grc' dir='ltr'>καὶ</span> <span class='ocrx_word' id='word_1_824' title='bbox 2830 4170 2970 4241; x_wconf 86' lang='grc' dir='ltr'>αῦτη</span> <span class='ocrx_word' id='word_1_825' title='bbox 2995 4170 3127 4233; x_wconf 84' lang='grc' dir='ltr'>Θεός</span> <span class='ocrx_word' id='word_1_826' title='bbox 3153 4186 3166 4200; x_wconf 90' lang='grc'><strong>·</strong></span> <span class='ocrx_word' id='word_1_827' title='bbox 3200 4168 3297 4222; x_wconf 74' lang='grc' dir='ltr'><strong>καὶ</strong></span> <span class='ocrx_word' id='word_1_828' title='bbox 3330 4169 3411 4221; x_wconf 84' lang='grc' dir='ltr'>ὅτι</span> <span class='ocrx_word' id='word_1_829' title='bbox 3440 4170 3549 4221; x_wconf 83' lang='grc' dir='ltr'><strong>κάκ</strong></span> <span class='ocrx_word' id='word_1_830' title='bbox 3582 4168 3788 4220; x_wconf 76' lang='grc' dir='ltr'>τούτων</span> <span class='ocrx_word' id='word_1_831' title='bbox 3813 4167 3873 4218; x_wconf 77' lang='grc' dir='ltr'><strong>οὐ</strong></span> <span class='ocrx_word' id='word_1_832' title='bbox 3902 4166 4005 4219; x_wconf 69' lang='grc' dir='ltr'>διὶο</span> 
     </span>
    </p>
   </div>
   <div class='ocr_carea' id='block_1_102' title="bbox 2414 4262 4004 4334">
    <p class='ocr_par' dir='ltr' id='par_1_102' title="bbox 2414 4262 4004 4334">
     <span class='ocr_line' id='line_1_102' title="bbox 2414 4262 4004 4334; baseline -0.004 -17"><span class='ocrx_word' id='word_1_833' title='bbox 2414 4264 2547 4327; x_wconf 71' lang='grc' dir='ltr'>Θεοὶ,</span> <span class='ocrx_word' id='word_1_834' title='bbox 2582 4264 2656 4326; x_wconf 85' lang='grc' dir='ltr'>ὡς</span> <span class='ocrx_word' id='word_1_835' title='bbox 2684 4265 2837 4317; x_wconf 73' lang='grc' dir='ltr'>αὐτοὶ</span> <span class='ocrx_word' id='word_1_836' title='bbox 2862 4264 3072 4331; x_wconf 77' lang='grc' dir='ltr'>ἀλόγως</span> <span class='ocrx_word' id='word_1_837' title='bbox 3114 4265 3261 4334; x_wconf 79' lang='grc' dir='ltr'>ἡμᾶς</span> <span class='ocrx_word' id='word_1_838' title='bbox 3288 4262 3704 4331; x_wconf 75' lang='grc' dir='ltr'>ὲπιφημίζουσι,</span> <span class='ocrx_word' id='word_1_839' title='bbox 3738 4276 4004 4330; x_wconf 78' lang='grc' dir='ltr'>παρακα-</span> 
     </span>
    </p>
   </div>
   <div class='ocr_carea' id='block_1_103' title="bbox 2412 4334 4003 4420">
    <p class='ocr_par' dir='ltr' id='par_1_103' title="bbox 2412 4334 4003 4420">
     <span class='ocr_line' id='line_1_103' title="bbox 2412 4334 4003 4420; baseline -0.006 -13"><span class='ocrx_word' id='word_1_840' title='bbox 2412 4356 2542 4407; x_wconf 82' lang='grc' dir='ltr'>τιὼν</span> <span class='ocrx_word' id='word_1_841' title='bbox 2578 4353 2607 4404; x_wconf 88' lang='grc' dir='ltr'>ὁ</span> <span class='ocrx_word' id='word_1_842' title='bbox 2637 4353 2794 4420; x_wconf 84' lang='grc' dir='ltr'>λόγος</span> <span class='ocrx_word' id='word_1_843' title='bbox 2824 4351 3010 4419; x_wconf 82' lang='grc' dir='ltr'>δείξει,</span> <span class='ocrx_word' id='word_1_844' title='bbox 3045 4352 3128 4405; x_wconf 83' lang='grc' dir='ltr'>ὅτι</span> <span class='ocrx_word' id='word_1_845' title='bbox 3160 4352 3252 4404; x_wconf 70' lang='grc' dir='ltr'><strong>καὶ</strong></span> <span class='ocrx_word' id='word_1_846' title='bbox 3286 4350 3346 4404; x_wconf 87' lang='grc' dir='ltr'><strong>τὸ</strong></span> <span class='ocrx_word' id='word_1_847' title='bbox 3387 4334 3612 4420; x_wconf 80' lang='grc' dir='ltr'>Πνεῦμα</span> <span class='ocrx_word' id='word_1_848' title='bbox 3646 4350 3738 4401; x_wconf 77' lang='grc' dir='ltr'>καὶ</span> <span class='ocrx_word' id='word_1_849' title='bbox 3771 4346 3904 4401; x_wconf 66' lang='grc' dir='ltr'>αὐτὸ</span> <span class='ocrx_word' id='word_1_850' title='bbox 3939 4349 4003 4399; x_wconf 83' lang='grc' dir='ltr'>ὲν</span> 
     </span>
    </p>
   </div>
   <div class='ocr_carea' id='block_1_104' title="bbox 2413 4439 4004 4515">
    <p class='ocr_par' dir='ltr' id='par_1_104' title="bbox 2413 4439 4004 4515">
     <span class='ocr_line' id='line_1_104' title="bbox 2413 4439 4004 4515; baseline -0.004 -18"><span class='ocrx_word' id='word_1_851' title='bbox 2413 4445 2490 4515; x_wconf 85' lang='grc' dir='ltr'>τῷ</span> <span class='ocrx_word' id='word_1_852' title='bbox 2521 4445 2638 4514; x_wconf 81' lang='grc' dir='ltr'><strong>Θεῷ</strong></span> <span class='ocrx_word' id='word_1_853' title='bbox 2671 4444 2745 4507; x_wconf 81' lang='grc' dir='ltr'>ὡς</span> <span class='ocrx_word' id='word_1_854' title='bbox 2771 4445 3011 4514; x_wconf 78' lang='grc' dir='ltr'>ὀμοφυὲς</span> <span class='ocrx_word' id='word_1_855' title='bbox 3060 4445 3154 4496; x_wconf 76' lang='grc' dir='ltr'>καὶ</span> <span class='ocrx_word' id='word_1_856' title='bbox 3202 4442 3488 4513; x_wconf 84' lang='grc' dir='ltr'>ὁμοούσιον</span> <span class='ocrx_word' id='word_1_857' title='bbox 3521 4442 3599 4511; x_wconf 80' lang='grc' dir='ltr'>τῷ</span> <span class='ocrx_word' id='word_1_858' title='bbox 3634 4459 3690 4493; x_wconf 91' lang='grc' dir='ltr'><strong>τε</strong></span> <span class='ocrx_word' id='word_1_859' title='bbox 3728 4439 3846 4507; x_wconf 85' lang='grc' dir='ltr'>Θεῴ</span> <span class='ocrx_word' id='word_1_860' title='bbox 3899 4442 4004 4492; x_wconf 78' lang='grc' dir='ltr'>καὶ</span> 
     </span>
    </p>
   </div>
   <div class='ocr_carea' id='block_1_105' title="bbox 2413 4533 4005 4607">
    <p class='ocr_par' dir='ltr' id='par_1_105' title="bbox 2413 4533 4005 4607">
     <span class='ocr_line' id='line_1_105' title="bbox 2413 4533 4005 4607; baseline -0.005 -18"><span class='ocrx_word' id='word_1_861' title='bbox 2413 4540 2477 4607; x_wconf 79' lang='grc' dir='ltr'>τῇ</span> <span class='ocrx_word' id='word_1_862' title='bbox 2504 4536 2667 4589; x_wconf 72' lang='grc' dir='ltr'>αὐτοῦ</span> <span class='ocrx_word' id='word_1_863' title='bbox 2701 4536 2948 4606; x_wconf 82' lang='grc' dir='ltr'>δυνάμει,</span> <span class='ocrx_word' id='word_1_864' title='bbox 2977 4536 3008 4605; x_wconf 84' lang='grc' dir='ltr'>ἢ</span> <span class='ocrx_word' id='word_1_865' title='bbox 3041 4537 3132 4588; x_wconf 76' lang='grc' dir='ltr'><strong>καὶ</strong></span> <span class='ocrx_word' id='word_1_866' title='bbox 3161 4535 3328 4603; x_wconf 84' lang='grc' dir='ltr'>Σοφία</span> <span class='ocrx_word' id='word_1_867' title='bbox 3358 4536 3450 4587; x_wconf 76' lang='grc' dir='ltr'>καὶ</span> <span class='ocrx_word' id='word_1_868' title='bbox 3476 4536 3646 4601; x_wconf 79' lang='grc' dir='ltr'>Λόγος</span> <span class='ocrx_word' id='word_1_869' title='bbox 3670 4533 3805 4585; x_wconf 87' lang='grc' dir='ltr'>Θεοῦ</span> <span class='ocrx_word' id='word_1_870' title='bbox 3840 4533 4005 4598; x_wconf 73' lang='grc' dir='ltr'>λέγε-</span> 
     </span>
    </p>
   </div>
   <div class='ocr_carea' id='block_1_106' title="bbox 2412 4625 4003 4701">
    <p class='ocr_par' dir='ltr' id='par_1_106' title="bbox 2412 4625 4003 4701">
     <span class='ocr_line' id='line_1_106' title="bbox 2412 4625 4003 4701; baseline -0.004 -17"><span class='ocrx_word' id='word_1_871' title='bbox 2412 4647 2523 4695; x_wconf 87' lang='grc' dir='ltr'>ται,</span> <span class='ocrx_word' id='word_1_872' title='bbox 2553 4630 2765 4700; x_wconf 84' lang='grc' dir='ltr'>τρανῶς</span> <span class='ocrx_word' id='word_1_873' title='bbox 2799 4628 3207 4701; x_wconf 86' lang='grc' dir='ltr'>διαγορεύσειεν</span> <span class='ocrx_word' id='word_1_874' title='bbox 3226 4644 3240 4660; x_wconf 80' lang='grc'><strong><em>⁸</em></strong></span> <span class='ocrx_word' id='word_1_875' title='bbox 3262 4628 3378 4681; x_wconf 81' lang='grc' dir='ltr'><strong>ἀλλ’</strong></span> <span class='ocrx_word' id='word_1_876' title='bbox 3408 4628 3491 4680; x_wconf 86' lang='grc' dir='ltr'><strong>ὅτι</strong></span> <span class='ocrx_word' id='word_1_877' title='bbox 3522 4628 3620 4697; x_wconf 86' lang='grc' dir='ltr'><strong>μὲν</strong></span> <span class='ocrx_word' id='word_1_878' title='bbox 3652 4626 3747 4679; x_wconf 79' lang='grc' dir='ltr'>καὶ</span> <span class='ocrx_word' id='word_1_879' title='bbox 3774 4627 3806 4694; x_wconf 73' lang='grc' dir='ltr'>ἡ</span> <span class='ocrx_word' id='word_1_880' title='bbox 3831 4625 4003 4678; x_wconf 85' lang='grc' dir='ltr'>δύνα-</span> 
     </span>
    </p>
   </div>
   <div class='ocr_carea' id='block_1_107' title="bbox 2415 4715 4002 4792">
    <p class='ocr_par' dir='ltr' id='par_1_107' title="bbox 2415 4715 4002 4792">
     <span class='ocr_line' id='line_1_107' title="bbox 2415 4715 4002 4792; baseline -0.003 -18"><span class='ocrx_word' id='word_1_881' title='bbox 2415 4740 2506 4792; x_wconf 76' lang='grc' dir='ltr'>μις</span> <span class='ocrx_word' id='word_1_882' title='bbox 2532 4721 2625 4774; x_wconf 89' lang='grc' dir='ltr'><strong>τοῦ</strong></span> <span class='ocrx_word' id='word_1_883' title='bbox 2649 4721 2784 4774; x_wconf 87' lang='grc' dir='ltr'>Θεοῦ</span> <span class='ocrx_word' id='word_1_884' title='bbox 2808 4722 2928 4773; x_wconf 82' lang='grc' dir='ltr'>καθ’</span> <span class='ocrx_word' id='word_1_885' title='bbox 2945 4723 3009 4791; x_wconf 74' lang='grc' dir='ltr'>ἦν</span> <span class='ocrx_word' id='word_1_886' title='bbox 3031 4722 3250 4789; x_wconf 69' lang='grc' dir='ltr'>λέγεται</span> <span class='ocrx_word' id='word_1_887' title='bbox 3272 4720 3519 4784; x_wconf 83' lang='grc' dir='ltr'>δυνατὸς,</span> <span class='ocrx_word' id='word_1_888' title='bbox 3544 4721 3633 4773; x_wconf 80' lang='grc' dir='ltr'><strong>καὶ</strong></span> <span class='ocrx_word' id='word_1_889' title='bbox 3652 4719 3719 4771; x_wconf 84' lang='grc' dir='ltr'>δι’</span> <span class='ocrx_word' id='word_1_890' title='bbox 3738 4715 3801 4790; x_wconf 73' lang='grc' dir='ltr'>ἧς</span> <span class='ocrx_word' id='word_1_891' title='bbox 3826 4721 4002 4781; x_wconf 86' lang='grc' dir='ltr'>ποιεῖ,</span> 
     </span>
    </p>
   </div>
   <div class='ocr_carea' id='block_1_108' title="bbox 2413 4808 4003 4884">
    <p class='ocr_par' dir='ltr' id='par_1_108' title="bbox 2413 4808 4003 4884">
     <span class='ocr_line' id='line_1_108' title="bbox 2413 4808 4003 4884; baseline -0.001 -18"><span class='ocrx_word' id='word_1_892' title='bbox 2413 4814 2505 4866; x_wconf 70' lang='grc' dir='ltr'>καὶ</span> <span class='ocrx_word' id='word_1_893' title='bbox 2532 4808 2601 4884; x_wconf 76' lang='grc' dir='ltr'>ἦς</span> <span class='ocrx_word' id='word_1_894' title='bbox 2630 4815 2799 4884; x_wconf 72' lang='grc' dir='ltr'>χωρὶς</span> <span class='ocrx_word' id='word_1_895' title='bbox 2844 4814 2997 4866; x_wconf 65' lang='grc' dir='ltr'>οὐδὲν</span> <span class='ocrx_word' id='word_1_896' title='bbox 3040 4816 3202 4879; x_wconf 81' lang='grc' dir='ltr'>ποιεῖ,</span> <span class='ocrx_word' id='word_1_897' title='bbox 3237 4814 3270 4884; x_wconf 77' lang='grc' dir='ltr'><strong>ἥ</strong></span> <span class='ocrx_word' id='word_1_898' title='bbox 3303 4814 3398 4866; x_wconf 76' lang='grc' dir='ltr'><strong>καὶ</strong></span> <span class='ocrx_word' id='word_1_899' title='bbox 3441 4815 3611 4882; x_wconf 86' lang='grc' dir='ltr'>Λόγος</span> <span class='ocrx_word' id='word_1_900' title='bbox 3642 4813 3858 4882; x_wconf 70' lang='grc' dir='ltr'>λέγεται</span> <span class='ocrx_word' id='word_1_901' title='bbox 3900 4814 4003 4866; x_wconf 75' lang='grc' dir='ltr'><strong>τοῦ</strong></span> 
     </span>
    </p>
   </div>
   <div class='ocr_carea' id='block_1_109' title="bbox 2411 4904 4008 4977">
    <p class='ocr_par' dir='ltr' id='par_1_109' title="bbox 2411 4904 4008 4977">
     <span class='ocr_line' id='line_1_109' title="bbox 2411 4904 4008 4977; baseline 0.001 -20"><span class='ocrx_word' id='word_1_902' title='bbox 2411 4904 2547 4957; x_wconf 87' lang='grc' dir='ltr'>Θεοῦ</span> <span class='ocrx_word' id='word_1_903' title='bbox 2597 4907 2693 4958; x_wconf 71' lang='grc' dir='ltr'>καὶ</span> <span class='ocrx_word' id='word_1_904' title='bbox 2765 4905 2973 4974; x_wconf 82' lang='grc' dir='ltr'>Σοφία,</span> <span class='ocrx_word' id='word_1_905' title='bbox 3018 4905 3094 4970; x_wconf 84' lang='grc' dir='ltr'>ὡς</span> <span class='ocrx_word' id='word_1_906' title='bbox 3139 4905 3235 4959; x_wconf 67' lang='grc' dir='ltr'><strong>καὶ</strong></span> <span class='ocrx_word' id='word_1_907' title='bbox 3278 4905 3339 4959; x_wconf 90' lang='grc' dir='ltr'><strong>τὸ</strong></span> <span class='ocrx_word' id='word_1_908' title='bbox 3388 4907 3652 4976; x_wconf 83' lang='grc' dir='ltr'>ὑμέτερον</span> <span class='ocrx_word' id='word_1_909' title='bbox 3725 4908 4008 4977; x_wconf 78' lang='grc' dir='ltr'>μαρτυρεῖ</span> 
     </span>
    </p>
   </div>
   <div class='ocr_carea' id='block_1_110' title="bbox 2412 4997 4002 5069">
    <p class='ocr_par' dir='ltr' id='par_1_110' title="bbox 2412 4997 4002 5069">
     <span class='ocr_line' id='line_1_110' title="bbox 2412 4997 4002 5069; baseline -0.002 -18"><span class='ocrx_word' id='word_1_910' title='bbox 2412 4998 2651 5067; x_wconf 84' lang='grc' dir='ltr'>γράμμα</span> <span class='ocrx_word' id='word_1_911' title='bbox 2697 4998 2797 5067; x_wconf 72' lang='grc'><strong>(4),</strong></span> <span class='ocrx_word' id='word_1_912' title='bbox 2828 4999 2927 5067; x_wconf 83' lang='grc' dir='ltr'>οὐχ</span> <span class='ocrx_word' id='word_1_913' title='bbox 2976 4998 3440 5069; x_wconf 83' lang='grc' dir='ltr'>ὲτεροῡπόστατός</span> <span class='ocrx_word' id='word_1_914' title='bbox 3487 5001 3635 5052; x_wconf 78' lang='grc' dir='ltr'>ἐστιν</span> <span class='ocrx_word' id='word_1_915' title='bbox 3665 4998 3740 5061; x_wconf 84' lang='grc' dir='ltr'>ὡς</span> <span class='ocrx_word' id='word_1_916' title='bbox 3788 4997 4002 5067; x_wconf 64' lang='grc' dir='ltr'>συμϐε-</span> 
     </span>
    </p>
   </div>
   <div class='ocr_carea' id='block_1_111' title="bbox 2414 5086 4003 5160">
    <p class='ocr_par' dir='ltr' id='par_1_111' title="bbox 2414 5086 4003 5160">
     <span class='ocr_line' id='line_1_111' title="bbox 2414 5086 4003 5160; baseline 0.001 -21"><span class='ocrx_word' id='word_1_917' title='bbox 2414 5086 2603 5157; x_wconf 76' lang='grc' dir='ltr'>6ηκὸς,</span> <span class='ocrx_word' id='word_1_918' title='bbox 2625 5089 2700 5151; x_wconf 83' lang='grc' dir='ltr'>ὡς</span> <span class='ocrx_word' id='word_1_919' title='bbox 2722 5089 2880 5157; x_wconf 85' lang='grc' dir='ltr'>ὑμεῖς</span> <span class='ocrx_word' id='word_1_920' title='bbox 2924 5106 3081 5157; x_wconf 88' lang='grc' dir='ltr'>φατε,</span> <span class='ocrx_word' id='word_1_921' title='bbox 3138 5089 3252 5143; x_wconf 79' lang='grc' dir='ltr'>ἀλλ’</span> <span class='ocrx_word' id='word_1_922' title='bbox 3296 5091 3542 5160; x_wconf 76' lang='grc' dir='ltr'>ὀμοφυής</span> <span class='ocrx_word' id='word_1_923' title='bbox 3582 5107 3641 5142; x_wconf 85' lang='grc' dir='ltr'><strong>τε</strong></span> <span class='ocrx_word' id='word_1_924' title='bbox 3669 5088 3763 5142; x_wconf 68' lang='grc' dir='ltr'>καὶ</span> <span class='ocrx_word' id='word_1_925' title='bbox 3794 5089 4003 5157; x_wconf 79' lang='grc' dir='ltr'>ὁμοσύ-</span> 
     </span>
    </p>
   </div>
   <div class='ocr_carea' id='block_1_112' title="bbox 2416 5172 4006 5250">
    <p class='ocr_par' dir='ltr' id='par_1_112' title="bbox 2416 5172 4006 5250">
     <span class='ocr_line' id='line_1_112' title="bbox 2416 5172 4006 5250; baseline 0.004 -23"><span class='ocrx_word' id='word_1_926' title='bbox 2416 5192 2529 5238; x_wconf 79' lang='grc' dir='ltr'>σιος</span> <span class='ocrx_word' id='word_1_927' title='bbox 2561 5177 2637 5246; x_wconf 87' lang='grc' dir='ltr'>τῷ</span> <span class='ocrx_word' id='word_1_928' title='bbox 2657 5178 2776 5248; x_wconf 83' lang='grc' dir='ltr'>Θεῴ</span> <span class='ocrx_word' id='word_1_929' title='bbox 2810 5177 2885 5240; x_wconf 72' lang='grc' dir='ltr'>ὡς</span> <span class='ocrx_word' id='word_1_930' title='bbox 2916 5179 3177 5250; x_wconf 76' lang='grc' dir='ltr'>ἀγένητος</span> <span class='ocrx_word' id='word_1_931' title='bbox 3208 5180 3301 5233; x_wconf 73' lang='grc' dir='ltr'><strong>καὶ</strong></span> <span class='ocrx_word' id='word_1_932' title='bbox 3329 5181 3601 5245; x_wconf 82' lang='grc' dir='ltr'>ἀκτιστος,</span> <span class='ocrx_word' id='word_1_933' title='bbox 3631 5180 3725 5232; x_wconf 73' lang='grc' dir='ltr'><strong>καὶ</strong></span> <span class='ocrx_word' id='word_1_934' title='bbox 3748 5172 3849 5232; x_wconf 78' lang='grc' dir='ltr'><strong>ὧδέ</strong></span> <span class='ocrx_word' id='word_1_935' title='bbox 3876 5179 4006 5233; x_wconf 69' lang='grc' dir='ltr'>ἔστι</span> 
     </span>
    </p>
   </div>
   <div class='ocr_carea' id='block_1_113' title="bbox 2413 5266 2591 5338">
    <p class='ocr_par' dir='ltr' id='par_1_113' title="bbox 2413 5266 2591 5338">
     <span class='ocr_line' id='line_1_113' title="bbox 2413 5266 2591 5338; baseline 0.017 -19"><span class='ocrx_word' id='word_1_936' title='bbox 2413 5266 2591 5338; x_wconf 81' lang='grc' dir='ltr'>δῆλον.</span> 
     </span>
    </p>
   </div>
   <div class='ocr_carea' id='block_1_114' title="bbox 2487 5446 4007 5521">
    <p class='ocr_par' dir='ltr' id='par_1_114' title="bbox 2487 5446 4007 5521">
     <span class='ocr_line' id='line_1_114' title="bbox 2487 5446 4007 5521; baseline 0.002 -20"><span class='ocrx_word' id='word_1_937' title='bbox 2487 5446 2552 5502; x_wconf 82' lang='grc' dir='ltr'><strong>θ’.</strong></span> <span class='ocrx_word' id='word_1_938' title='bbox 2600 5450 2656 5501; x_wconf 92' lang='lat'><strong>&#39;0</strong></span> <span class='ocrx_word' id='word_1_939' title='bbox 2691 5449 2822 5513; x_wconf 82' lang='grc' dir='ltr'>Θεὸς</span> <span class='ocrx_word' id='word_1_940' title='bbox 2873 5450 3246 5516; x_wconf 74' lang='grc' dir='ltr'>ἀπλούστατός</span> <span class='ocrx_word' id='word_1_941' title='bbox 3286 5454 3422 5518; x_wconf 76' lang='grc' dir='ltr'>ἐστι,</span> <span class='ocrx_word' id='word_1_942' title='bbox 3467 5452 3563 5505; x_wconf 73' lang='lat' dir='ltr'><strong>xui.</strong></span> <span class='ocrx_word' id='word_1_943' title='bbox 3596 5452 3775 5521; x_wconf 72' lang='grc' dir='ltr'>πάσης</span> <span class='ocrx_word' id='word_1_944' title='bbox 3801 5451 4007 5504; x_wconf 76' lang='grc' dir='ltr'>συνῡέο</span> 
     </span>
    </p>
   </div>
   <div class='ocr_carea' id='block_1_115' title="bbox 2418 5542 4007 5614">
    <p class='ocr_par' dir='ltr' id='par_1_115' title="bbox 2418 5542 4007 5614">
     <span class='ocr_line' id='line_1_115' title="bbox 2418 5542 4007 5614; baseline 0.003 -21"><span class='ocrx_word' id='word_1_945' title='bbox 2418 5556 2553 5603; x_wconf 86' lang='grc' dir='ltr'>σεως</span> <span class='ocrx_word' id='word_1_946' title='bbox 2606 5545 2700 5595; x_wconf 77' lang='grc' dir='ltr'><strong>καὶ</strong></span> <span class='ocrx_word' id='word_1_947' title='bbox 2753 5542 3072 5614; x_wconf 77' lang='grc' dir='ltr'>συνθετικῆς</span> <span class='ocrx_word' id='word_1_948' title='bbox 3110 5546 3317 5609; x_wconf 73' lang='grc' dir='ltr'>ἑννοίας</span> <span class='ocrx_word' id='word_1_949' title='bbox 3367 5545 3646 5607; x_wconf 75' lang='grc' dir='ltr'>ἐπέκεινα,</span> <span class='ocrx_word' id='word_1_950' title='bbox 3694 5545 3769 5605; x_wconf 84' lang='grc' dir='ltr'><strong>ὡς</strong></span> <span class='ocrx_word' id='word_1_951' title='bbox 3809 5547 3905 5595; x_wconf 71' lang='grc' dir='ltr'>καὶ</span> <span class='ocrx_word' id='word_1_952' title='bbox 3946 5547 4007 5599; x_wconf 69' lang='grc' dir='ltr'>αἱ</span> 
     </span>
    </p>
   </div>
   <div class='ocr_carea' id='block_1_116' title="bbox 2416 5634 4010 5709">
    <p class='ocr_par' dir='ltr' id='par_1_116' title="bbox 2416 5634 4010 5709">
     <span class='ocr_line' id='line_1_116' title="bbox 2416 5634 4010 5709; baseline -0.001 -20"><span class='ocrx_word' id='word_1_953' title='bbox 2416 5635 2595 5689; x_wconf 74' lang='grc' dir='ltr'>κοιναὶ</span> <span class='ocrx_word' id='word_1_954' title='bbox 2621 5636 2820 5693; x_wconf 79' lang='grc' dir='ltr'>ἔννοιαι</span> <span class='ocrx_word' id='word_1_955' title='bbox 2856 5639 2987 5708; x_wconf 79' lang='grc' dir='ltr'>ἡμῖν</span> <span class='ocrx_word' id='word_1_956' title='bbox 3026 5637 3401 5709; x_wconf 76' lang='grc' dir='ltr'>διαγορεύουσι</span> <span class='ocrx_word' id='word_1_957' title='bbox 3422 5654 3433 5666; x_wconf 89' lang='grc'><strong>·</strong></span> <span class='ocrx_word' id='word_1_958' title='bbox 3470 5638 3579 5691; x_wconf 75' lang='grc' dir='ltr'>πᾶν</span> <span class='ocrx_word' id='word_1_959' title='bbox 3605 5634 3661 5690; x_wconf 79' lang='grc' dir='ltr'>δὲ</span> <span class='ocrx_word' id='word_1_960' title='bbox 3692 5634 3756 5705; x_wconf 78' lang='grc' dir='ltr'><strong>δὴ</strong></span> <span class='ocrx_word' id='word_1_961' title='bbox 3790 5634 4010 5702; x_wconf 72' lang='grc' dir='ltr'><strong>συμϐι-</strong></span> 
     </span>
    </p>
   </div>
  </div>
