4194 6432
159 352 246 413 i331

1303 362 1735 423 liEFUTATlO
1778 364 2247 427 MtHiAMEDlS.

3297 374 3400 432 682

156 468 312 534 δηκὸς
348 466 485 536 μετὰ
513 466 608 520 τοῦ
635 461 679 535 ᾧ
710 469 1046 538 συμϐἐῦηκε,
1104 472 1358 527 σύνθετόν
1389 479 1448 529 τέ
1482 481 1597 530 ἐστι
1631 478 1725 528 καὶ

1831 496 2029 533 Sensus
2061 497 2161 536 nos
2224 483 2403 534 docet.
2431 481 2495 530 At
2525 496 2685 530 nume
2734 480 3003 539 :ICCltit‘ltS.
3060 494 3207 548 ιείιιιρ
3247 497 3309 534 ac
3341 500 3402 533 ea

154 556 451 623 λογίζεταιο
486 560 532 609 εί
563 557 619 610 δὲ
646 558 825 623 τοῦτο,
866 562 956 613 καὶ
999 560 1263 629 διαλυτὸν,
1307 566 1426 635 ἤτοι
1471 568 1721 638 ἐνεργείᾳ

152 649 467 718 ῆδυνάμει,
518 650 797 702 τουτέστιν
835 652 864 719 ἦ
900 652 1041 722 λόγῳ
1081 651 1113 722 ἢ
1151 654 1384 724 ὑπάρξει
1411 672 1427 688 ·
1474 659 1556 710 διὸ
1604 658 1719 710 ἔστι

155 739 567 806 συλλογίσασθαι
624 739 825 804 οὕτως·
872 743 930 793 ⁸0
960 741 1090 807 Θεὸς
1144 745 1518 810 άπλούστατός
1565 750 1715 802 ἐστι·

152 831 251 881 πᾶν
291 830 347 882 δὲ
399 829 747 901 συμϐεϐηκὸς
800 834 936 900 μετά
986 835 1081 887 τοῦ
1109 830 1155 903 ᾧ
1201 837 1585 907 συμϐέϐηκεν,
1622 844 1718 911 οὐχ

153 921 342 975 ἁπλοῦν
371 924 489 974 ἐστι
518 923 613 976 καὶ
641 924 946 991 λογίζεται·
977 928 1269 996 συνάγεται
1292 931 1399 999 ἄρα
1420 930 1503 982 ὃτι
1534 931 1562 982 ὀ
1588 932 1718 995 Θεὸς

152 1014 487 1077 ἀνεπίδεκτὸς
517 1016 633 1067 ἐστι
667 1016 1072 1087 συμϐεϐηκότος
1091 1037 1104 1051 ·
1141 1019 1254 1089 ἔχει
1274 1022 1331 1075 δὲ
1361 1023 1613 1092 δύναμιν,
1643 1025 1716 1086 ὡς

152 1106 239 1158 καὶ
267 1106 430 1159 τοῦτο
474 1106 745 1161 δέδεικται
766 1124 779 1137 ·
817 1112 911 1162 καὶ
939 1109 1078 1181 αὕτη
1112 1111 1220 1183 ἄρα
1248 1115 1309 1167 οὐ
1340 1114 1713 1187 συμϐεϐηκός⁸

152 1197 255 1249 ἐστι
283 1199 393 1269 γάρ
428 1201 523 1252 καὶ
552 1200 713 1253 τοῦτο
757 1218 935 1272 συμπε
947 1204 1104 1273 ρᾶναι
1131 1205 1304 1271 οὕτως
1328 1222 1343 1238 ο
1382 1208 1440 1260 Ὁ
1466 1208 1600 1273 Θεὸς
1621 1212 1715 1264 ἀν-

153 1290 424 1354 επὶδεκτός
459 1293 573 1345 ἐστι
605 1293 1014 1363 συμϐεϐηκότος
1036 1312 1051 1327 ο
1086 1299 1115 1350 ὁ
1140 1298 1275 1362 Θεὸς
1304 1299 1533 1370 δύναμιν
1561 1302 1712 1373 ἔχει’

152 1384 431 1451 συνάγεται
482 1385 592 1456 ἄρα
640 1388 721 1440 ὅτι
752 1388 783 1457 ή
817 1387 1047 1458 δύναμις
1095 1391 1190 1444 τοῦ
1240 1392 1375 1444 Θεοῦ
1411 1395 1469 1445 οὑ
1511 1395 1715 1465 συμϐε-

151 1475 300 1545 ϐηκός
320 1491 333 1503 ·
359 1478 407 1528 εί
439 1477 493 1529 δὲ
518 1477 695 1543 τοῦτο,
722 1479 815 1531 καὶ
841 1481 1206 1545 ἐνυπόστατος
1235 1485 1329 1536 καὶ
1362 1485 1484 1539 καθ’
1517 1486 1715 1556 ἑαυτὴν

149 1563 199 1616 τὸ
219 1560 355 1618 εἶναι
388 1566 606 1637 ἔχουσα,
636 1569 730 1621 καὶ
766 1569 994 1640 μηδενὸς
1026 1572 1188 1626 ἄλλου
1222 1574 1448 1648 δεομένη
1468 1592 1482 1607 ο
1519 1576 1715 1629 ἔστιδὲ

148 1657 231 1709 καὶ
260 1658 371 1720 ἀεὶ,
406 1659 482 1722 ῶς
506 1660 603 1712 καὶ
646 1660 805 1714 τοῦτο
850 1662 1155 1718 δέδεικται·
1186 1665 1248 1718 τὸ
1276 1666 1332 1719 δὲ
1357 1667 1441 1721 ἀεὶ
1469 1650 1549 1731 ὸν,
1588 1667 1711 1721 οὔτε

147 1747 306 1818 ἀρχὴν
358 1751 624 1824 χρονικὴν
669 1752 781 1823 ἔχει
811 1753 934 1806 οὔτε
968 1755 1152 1819 τέλοςο
1187 1758 1295 1811 πᾶν
1337 1759 1395 1812 δὲ
1423 1760 1485 1812 τὸ
1516 1762 1711 1814 ἐνυπό-

148 1858 347 1905 στατον,
381 1845 519 1913 μήτε
554 1846 730 1915 ἀρχὴν
753 1846 871 1915 ἕχον
909 1848 1168 1918 χρονικὴν
1199 1851 1334 1921 μήτε
1361 1851 1533 1915 τέλος,
1559 1852 1712 1905 ἄκτι-

149 1935 256 1986 στύν
278 1938 395 1988 ἐστι
418 1936 512 1988 καὶ
528 1937 793 2008 ἀγένητον
810 1952 828 1965 ⁸
846 1938 1164 2009 εὑρίσκεται
1185 1943 1295 2013 ἄρα
1316 1943 1396 1996 ὄτι
1417 1945 1450 2013 ἡ
1480 1944 1710 2015 δύναμις

144 2023 223 2075 τοῦ
251 2024 385 2078 Θεοῦ
411 2027 442 2096 ή
466 2028 849 2094 ἐνυπόστατος,
874 2030 908 2099 ἢ
936 2031 1025 2083 καὶ
1049 2032 1220 2099 Λόγος
1248 2034 1341 2087 καὶ
1363 2036 1534 2104 Σοφία
1562 2039 1710 2109 παρὰ

145 2114 238 2167 τῶν
270 2116 431 2169 θείων
479 2118 713 2188 Γραφῶν
759 2123 975 2191 τρανῶς
1012 2124 1251 2193 λέγεται,
1312 2125 1562 2194 ἄκτιστός
1594 2132 1709 2183 ἐστι

145 2204 226 2257 καὶ
267 2207 565 2279 ἀγένητοςο
603 2212 667 2263 τὸ
692 2210 747 2264 δὲ
776 2212 1032 2267 ἄκτιστον
1060 2216 1154 2269 καὶ
1186 2216 1475 2288 ἀγένητον,
1523 2222 1620 2274 καὶ
1654 2225 1707 2274 αἱ

146 2301 303 2352 κοιναὶ
334 2298 540 2356 ἔννοιαι
573 2304 673 2356 οὐκ
716 2305 806 2358 ἐπ’
840 2305 1000 2359 ἄλλου
1046 2308 1192 2371 τινὸς
1226 2308 1449 2364 εἰώθασι
1503 2313 1704 2381 λέγειν,

145 2389 245 2442 ἀλλ’
282 2393 374 2445 ἐπὶ
411 2393 549 2447 Θεοῦ
575 2412 589 2424 ·
623 2396 657 2466 ἡ
687 2395 920 2468 δύναμις
968 2399 1077 2469 ἄρα
1101 2398 1196 2452 τοῦ
1224 2400 1382 2469 Θεοῦ,
1420 2403 1567 2473 ἤπερ
1613 2407 1707 2458 καὶ

147 2480 298 2550 Impia.
330 2484 428 2539 καὶ
463 2485 636 2553 Λόγος
663 2488 831 2541 αὐτοῦ
879 2491 975 2543 καὶ
1012 2489 1138 2554 Υἱὸς
1168 2494 1233 2545 ἐκ
1259 2492 1369 2545 τῶν
1397 2494 1530 2562 παρ’
1575 2496 1706 2564 ἡμῖν

147 2575 620 2645 προσαγορεύεται,
666 2577 799 2641 ead;
828 2579 885 2631 τέ
936 2582 1086 2633 ἐστιν
1137 2583 1414 2652 ἀληθινὸς,
1448 2585 1706 2638 καὶκατὰ

146 2666 303 2717 πάντα
331 2668 520 2734 ὅμοιος
542 2669 621 2739 τῷ
652 2670 771 2741 Θεῷ
799 2673 893 2723 καὶ
927 2674 1122 2743 "arpi,
1154 2677 1250 2726 καὶ
1280 2679 1427 2746 παρὰ
1456 2679 1563 2731 τῶν
1603 2696 1704 2730 κα-

145 2747 235 2813 λῶς
258 2752 587 2818 δοξαζόντων
607 2760 948 2829 Χριστιανῶν
972 2764 1281 2818 πιστεύεται
1302 2768 1394 2819 καὶ
1411 2767 1701 2835 λογίζεται·

145 2841 245 2893 ἀλλ’
268 2846 344 2898 ὅτι
378 2848 483 2917 μὲν
516 2850 614 2920 τὴν
658 2852 888 2922 δύναμιν
930 2854 1026 2907 τοῦ
1058 2856 1192 2909 Θεοῦ
1224 2857 1346 2910 καθ’
1383 2860 1448 2929 ἣν
1485 2859 1702 2927 λέγεται

146 2934 367 3002 δυνατὸς,
409 2944 509 2994 καὶ
536 2943 603 2996 δι’
636 2939 704 3015 ἦς
730 2949 895 3013 ποιεῖ,
944 2948 1039 3001 καὶ
1066 2944 1132 3019 ἧς
1165 2953 1335 3020 χωρὶς
1374 2951 1526 3003 οὐδὲν
1563 2956 1706 3004 ποιεῖ

146 3027 170 3078 ὁ
191 3027 328 3094 Θεὸς,
357 3032 494 3085 Θιὸν
525 3038 551 3088 ὁ
571 3037 728 3104 λόγος
742 3038 849 3091 ’καὶ
865 3040 1150 3109 ὀμοούσιον
1180 3042 1351 3113 αὐτὴν
1369 3046 1465 3096 καὶ
1489 3046 1701 3115 ὁμοφυῆ

146 3120 223 3171 τοῦ
263 3125 396 3176 Θεοῦ
456 3131 552 3178 καὶ
606 3130 819 3199 Πατρὸς
873 3131 992 3200 μετ’
1042 3133 1303 3202 ἀκριϐοῦς
1375 3136 1700 3199 ἀποδείξεως

147 3209 311 3278 ἔδειξε,
347 3219 605 3288 φανερόν.

206 3492 251 3547 ι’.
287 3497 407 3550 Ὅτι
435 3497 496 3550 δὲ
526 3500 621 3551 καὶ
650 3501 788 3572 αὑτὴ
819 3503 943 3567 Υἱὸς
976 3504 1110 3557 Θεοῦ
1148 3508 1239 3560 καὶ
1266 3508 1439 3576 Λόγος
1477 3512 1570 3564 καὶ
1606 3514 1702 3567 Σο-

147 3586 229 3650 φία
264 3588 438 3653 ἐστὶν,
478 3590 571 3643 καὶ
606 3593 831 3657 εἰκότως
862 3596 991 3669 παρ’
1024 3598 1180 3668 ἡμῶν
1215 3598 1322 3652 τῶν
1358 3602 1704 3672 Χριστιανῶν
1746 3670 1748 3673 λ

146 3674 470 3749 ὡμολόγηταί
508 3699 568 3735 τε
608 3684 702 3738 καὶ
736 3686 1128 3752 πεπίστευται,
1176 3683 1279 3742 ὦδὲ
1312 3691 1431 3757 πώς
1460 3696 1575 3748 ἐστι
1612 3697 1703 3767 δῆ-

147 3764 238 3823 λον.
280 3771 334 3824 ὐ
373 3775 531 3836 Θεὸς,
572 3775 731 3847 εἴπερ
759 3778 875 3829 ἐστὶ
898 3777 1029 3841 Θεὸς
1063 3780 1316 3850 ἀληθινὸς
1353 3786 1447 3838 καὶ
1481 3764 1701 3855 λέγεται

149 3861 225 3910 καὶ
252 3865 565 3917 πιστεύεται
595 3867 688 3918 καὶ
723 3870 874 3936 παρὰ
906 3868 1013 3920 τῶν
1047 3870 1453 3941 εὑφρονούντων
1484 3875 1701 3942 δοξάζει

156 3960 219 4003 ττι
261 3956 348 4007 καὶ
375 3956 711 4026 κηρύττεται
734 3998 748 4023 ,
781 3960 898 4027 ἢτοι
933 3963 997 4013 ἐκ
1020 3961 1129 4014 τῶν
1168 3963 1289 4015 κατ’
1329 3966 1514 4028 αὑτὸν,
1545 3985 1703 4022 τουτ-

154 4038 268 4097 έστιν
288 4049 349 4101 ἐκ
375 4049 476 4117 τῆς
497 4050 688 4114 οὐσίας
715 4051 901 4117 αὐτοῦ,
926 4053 1213 4120 ἔγνωσται,
1230 4058 1288 4108 ἐν
1314 4050 1394 4119 οἷς
1424 4057 1701 4124 δοξάζεται

152 4134 228 4185 καὶ
263 4142 593 4210 κηρύττεται
635 4144 730 4195 καὶ
763 4145 1076 4199 πιστεύεται
1106 4147 1189 4199 ὅτι
1228 4147 1395 4212 ἔστιν,
1432 4151 1464 4220 ἢ
1497 4153 1559 4203 ἐκ
1594 4152 1701 4204 τῶν

151 4227 258 4296 περὶ
308 4235 501 4298 αὑτὸν,
538 4238 791 4290 τουτέστι
841 4238 951 4290 τῶν
994 4240 1160 4292 αὐτοῦ
1193 4242 1544 4311 κτισμάτων·
1587 4245 1701 4298 ἀλλ’

147 4315 211 4369 ὅτι
238 4324 326 4388 μὲν
359 4329 422 4378 ἐκ
453 4328 565 4379 τῶν
598 4332 721 4382 κατ’
754 4330 948 4396 αὐτὸν,
977 4332 1256 4385 τουτέστιν
1288 4335 1353 4386 ἐκ
1388 4336 1487 4405 τῆς
1515 4336 1702 4399 οὐσίας

157 4413 306 4479 αὑτοῦ,
338 4422 626 4491 ἀμήχανον
669 4424 761 4475 καί
794 4424 1056 4477 ἀδύνατον
1101 4424 1368 4493 ἐγνῶσθαι
1402 4427 1563 4479 αὑτὸν
1605 4432 1700 4483 καὶ

157 4508 245 4570 τίς
277 4512 595 4579 ἀγγελικαῐς
623 4515 919 4584 δυνάμεσι,
958 4516 1034 4585 μὴ
1077 4518 1159 4570 ὅτι
1190 4534 1253 4584 γε
1285 4520 1349 4588 τῇ
1383 4519 1696 4591 ἀνθρωπίνῃ

158 4592 301 4666 φίσιι,
331 4609 420 4657 καὶ
453 4608 509 4659 αἱ
540 4610 718 4660 κοιναὶ
754 4607 952 4661 ἔννοιαι
980 4609 1128 4677 ἡμᾶς
1158 4609 1534 4662 ἐκδιδάσκουσι
1557 4628 1568 4640 σ
1603 4614 1694 4663 καὶ

157 4682 247 4754 γὰρ
274 4696 345 4744 τκν
368 4697 501 4749 Θεὸν
534 4698 679 4751 κατὰ
700 4699 789 4752 τὸν
814 4700 910 4769 τῆς
934 4698 1119 4762 οὐσίας
1140 4699 1320 4767 λόγον,
1350 4702 1693 4771 ἀκατονόμα-

158 4791 263 4831 στον
301 4792 374 4836 κα»
426 4791 807 4861 ἁνέκφραστον
846 4793 979 4860 ἡμῖν
1029 4794 1121 4844 καί
1164 4792 1449 4863 ἀνώνυμον
1496 4796 1587 4846 καὶ
1639 4794 1695 4845 αἱ

157 4864 272 4923 θεῖαι
296 4874 499 4946 Γραῖαὶ
524 4884 622 4935 καὶ
650 4883 705 4934 αἱ
737 4885 911 4935 κοιναὶ
942 4882 1141 4937 ἔννοιαι
1181 4884 1538 4955 παραδιδόασι
1559 4901 1574 4916 ⁸
1604 4887 1695 4938 καὶ

154 4961 314 5018 τούτου
365 4972 544 5037 πίστις
597 4975 867 5045 ἐναργὴς,
916 4977 964 5027 εἰ
1008 4974 1150 5027 θέλοι
1192 4993 1275 5038 τις
1324 4980 1589 5049 συνορᾷν,
1638 4978 1697 5030 τὸ

159 5055 298 5121 μηδὲν
328 5061 431 5113 τῶν
476 5066 645 5118 αυτοῦ
675 5068 954 5135 ὀνομάτων
997 5069 1093 5137 τῆς
1123 5070 1310 5131 οὒσίας
1350 5071 1515 5123 αὐτοῦ
1561 5067 1697 5124 εἶναι

155 5146 445 5219 δηλωτικὸν,
487 5159 666 5230 αῦτη·
705 5162 802 5215 καὶ
850 5162 958 5233 γὰρ
1003 5162 1233 5217 ἕκαστον
1271 5164 1377 5217 τῶν
1421 5166 1698 5235 ὀνομάτων

156 5244 265 5309 πρὸς
288 5247 501 5318 ὀδηγίαν
525 5252 626 5321 τῆς
662 5252 813 5316 θείας
844 5254 1055 5322 φύσεως
1085 5257 1214 5324 ἡμῖν
1244 5255 1694 5326 λαμϐανομένων,

159 5330 267 5392 ἰδίαν
296 5341 401 5409 ἔχει
434 5345 672 5397 ἕκαστον
707 5348 1250 5419 ἐμπεριειλημμένην
1286 5350 1559 5403 διάνοιαν·
1608 5353 1698 5404 καὶ

156 5429 234 5483 ab:
259 5433 315 5484 ἂν
337 5440 501 5507 χωρὶς
526 5441 805 5509 νοήματος
829 5458 994 5507 τινος,
1024 5443 1283 5512 οὐδεμίαν
1313 5441 1495 5514 εὕροις
1516 5443 1698 5513 φωνὴν

157 5517 202 5571 til
236 5528 334 5588 τοῖς
378 5530 875 5604 θεοπρεπεστὲροις
905 5533 1013 5587 τῶν
1056 5534 1358 5604 ὀνομάτων.
1400 5534 1460 5586 Εἰ
1500 5531 1592 5587 οὖν
1636 5537 1697 5587 ἐκ

159 5612 237 5681 τῆς
261 5620 431 5684 οὐσίας
466 5626 754 5694 ἀμήχανον
787 5626 947 5679 αὐτὸν
986 5625 1290 5694 ἐγνῶσθαι,
1336 5628 1411 5690 ὡς
1460 5626 1697 5696 ἔφαμεν,

160 5712 353 5781 φανερὸν
383 5718 463 5768 ὅτι
498 5718 565 5769 ἐκ
596 5717 707 5769 τῶν
733 5719 861 5787 περὶ
891 5718 1074 5780 αὐτὸν,
1114 5719 1257 5772 καθὰ
1297 5720 1392 5771 καὶ
1429 5718 1584 5789 ὀρθός
1619 5736 1700 5780 τις

160 5796 287 5867 λόγος
338 5809 621 5879 ἐμφαίνει·
684 5812 748 5863 ἐκ
801 5812 909 5881 γὰρ
967 5812 1229 5880 μεγέθους
1294 5813 1384 5864 καὶ
1433 5812 1697 5881 καλλονῆς

431 5908 711 5967 Pnnoc.
755 5909 869 5967 Gn.
916 5910 1009 5969 αν

1829 589 1914 627 res
1945 573 2030 626 cui
2074 573 2289 636 accidit,
2340 573 2702 641 compositum
2754 581 2835 623 est
2879 582 2933 626 et
2990 573 3067 626 sic
3096 582 3401 642 reputatur.

1823 663 1978 726 Quod
2014 664 2059 716 si
2113 662 2184 715 ita
2246 680 2302 715 se
2342 662 2530 723 habet,
2571 660 2892 715 dissolubile
2921 677 3138 731 quoque
3173 673 3278 729 est,
3319 667 3402 717 vel

1824 755 2022 807 virtute
2071 755 2151 806 vel
2195 756 2451 821 putentia,
2512 754 2561 807 id
2618 763 2720 819 est,
2757 753 3098 807 rationaliter
3153 758 3234 808 vel
3270 758 3400 810 sub-

1821 846 2169 902 stantialiter.
2204 846 2293 899 Sic
2321 847 2501 915 itaque
2518 848 2889 915 argumentari
2915 847 3040 902 licet
3069 863 3083 899 :
3113 846 3251 900 Deus
3273 849 3402 902 siut-

1822 939 2153 1008 plicissimus
2186 948 2270 996 est
2320 956 2335 993 :
2391 941 2673 1009 quodlibet
2708 952 2891 993 autem
2926 940 3206 1005 accidens,
3249 956 3405 1011 aeque

1822 1044 1886 1082 ac
1914 1044 1975 1081 ea
2003 1046 2089 1084 res
2108 1032 2193 1084 cui
2219 1031 2436 1097 accidit,
2461 1046 2569 1084 non
2599 1041 2683 1086 est
2704 1031 2956 1099 simplex,
2986 1047 3083 1085 nec
3102 1041 3403 1101 reputatur.

1819 1122 2107 1191 Colligitur
2145 1139 2276 1193 ergo
2344 1122 2511 1177 Deum
2549 1123 2849 1177 accidentis
2895 1138 3017 1177 esse
3062 1124 3397 1193 incapacem.

1821 1216 1983 1284 Atqui
2019 1215 2313 1284 potentiam
2340 1216 2521 1275 habet.
2559 1216 2634 1268 uti
2670 1215 3108 1270 demonstratum
3126 1225 3211 1271 est
3237 1233 3250 1269 :
3276 1232 3405 1287 ergo

1823 1306 1935 1360 haec
1964 1321 2184 1374 quoque
2215 1307 2468 1359 accidens
2512 1318 2617 1357 non
2651 1316 2769 1372 est;
2798 1308 2943 1375 quod
2997 1307 3067 1360 ita
3102 1308 3307 1377 pariter
3338 1308 3404 1361 ad

1819 1396 2225 1449 conclusionem
2250 1395 2551 1449 deducitur.
2577 1396 2715 1448 Deus
2728 1397 3020 1450 accidentis
3043 1398 3270 1466 incapax
3288 1408 3402 1465 est;

1820 1486 1962 1541 Deus
1984 1489 2217 1555 potentia
2239 1488 2497 1557 praeditus
2515 1498 2597 1540 est
2630 1488 3071 1556 :colligiturergn
3100 1486 3192 1542 Dei
3211 1499 3403 1557 poten-

1820 1580 1947 1633 tiam
1974 1597 2080 1633 non
2105 1596 2228 1635 esse
2254 1580 2587 1635 accidentem
2626 1598 2639 1634 ε
2669 1581 2812 1649 quod
2843 1580 2886 1634 si
2920 1582 2989 1634 ita
3024 1596 3082 1634 se
3107 1581 3287 1644 habet,
3324 1591 3406 1634 est

1819 1672 1933 1726 haec
1967 1671 2077 1726 Deo
2099 1673 2532 1741 enhyposwtica,
2568 1680 2619 1723 et
2650 1687 2743 1742 per
2774 1688 2830 1727 se
2861 1672 3271 1727 subsistentiam
3309 1674 3404 1727 ha-

1818 1765 1925 1825 bet,
1949 1776 2001 1819 et
2043 1764 2149 1818 alio
2177 1765 2396 1817 nemine
2426 1773 2567 1831 eget.
2601 1762 2705 1816 Sed
2746 1774 2799 1818 et
2828 1768 3021 1818 eadem
3052 1781 3267 1835 semper
3295 1778 3399 1828 est,

1756 1841 1794 1896 Β
1824 1858 1968 1927 qttstl
2005 1859 2133 1911 item
2179 1857 2610 1910 demonstratum
2647 1854 2768 1909 fuit.
2803 1856 2960 1922 Quod
2989 1865 3169 1911 autem
3189 1873 3401 1928 semper

1820 1957 1924 2010 est,
1948 1960 2015 2000 ne
2037 1947 2331 2015 temporale
2345 1946 2562 2016 quidem
2594 1946 2805 2001 initium
2828 1949 2988 2003 habet
3008 1964 3182 2017 neque
3213 1950 3397 2006 tinem.

1818 2037 1993 2092 Omne
2021 2054 2153 2092 vero
2206 2040 2351 2108 quod
2381 2039 2855 2109 enhypostaticum
2900 2051 3004 2105 est,
3040 2058 3219 2112 neque
3260 2054 3400 2096 tem—

1821 2127 2004 2195 porale
2032 2126 2196 2180 habet
2225 2128 2439 2181 initium
2471 2129 2551 2183 vel
2587 2130 2767 2191 tinent,
2802 2129 2874 2193 id,
2910 2131 3156 2201 inquam,
3186 2133 3397 2186 increa-

1819 2228 1932 2273 tum
1968 2230 2127 2275 estet
2184 2220 2467 2275 infectum.
2511 2222 2856 2291 Comperitur
2907 2224 3110 2291 itaque,
3163 2222 3258 2277 Dei
3302 2240 3398 2294 po-

1818 2313 2064 2371 tentiam.
2093 2329 2213 2381 qua:
2234 2315 2626 2384 ettbypostatos
2644 2323 2696 2368 et
2717 2313 2954 2368 Verbum
2980 2326 3143 2386 atque
3167 2316 3399 2387 Sapien-

1818 2404 1890 2456 tia
1952 2418 1979 2456 a
2036 2403 2236 2459 divinis
2294 2405 2593 2473 Scripturis
2658 2405 2864 2474 liquido
2920 2409 3241 2476 appellatur,
3280 2424 3401 2464 esse

1818 2496 2119 2549 ittcreatam
2155 2504 2323 2564 atque
2358 2496 2636 2551 infectam.
2676 2496 2830 2563 Quod
2866 2509 3048 2553 autem
3085 2500 3393 2555 increatum

1818 2588 2193 2657 infectumque
2234 2598 2339 2653 est,
2367 2589 2418 2643 id
2452 2605 2774 2645 communes
2802 2607 3019 2662 quoque
3051 2593 3303 2647 notiones
3331 2594 3397 2647 de

1817 2680 1925 2732 alio
1955 2680 2178 2734 nemine
2211 2696 2375 2749 quant
2423 2680 2489 2734 de
2528 2680 2639 2734 Deo
2674 2680 2856 2734 dicere
2880 2684 3078 2736 solent.
3107 2682 3249 2751 Ergo
3304 2683 3395 2736 Dei

1814 2773 2054 2840 potentia
2085 2789 2208 2841 qua:
2231 2782 2285 2825 et
2316 2771 2552 2827 Verbum
2587 2782 2639 2827 et
2662 2771 2936 2843 Sapientia
2962 2775 3135 2843 ipsius
3175 2777 3393 2832 dicitur.

1812 2873 1867 2917 et
1917 2878 1947 2917 a
2000 2863 2205 2918 nostris
2248 2861 2421 2919 Filius
2465 2865 2787 2933 appellatur,
2830 2864 2970 2919 Deus
3002 2882 3161 2921 verus
3198 2879 3302 2932 est,
3340 2878 3395 2922 et

1812 2970 1907 3024 per
1923 2955 2109 3009 omnia
2138 2955 2337 3009 similis
2366 2955 2641 3018 DeoJ’atri
2667 2975 2681 3020 ;
2723 2968 2776 3010 et
2801 2974 2829 3011 a
2855 2958 3069 3012 cunctis
3094 2968 3241 3013 recte
3264 2974 3392 3015 sen-

1813 3042 2071 3098 tientibus
2094 3043 2426 3098 Christianis
2444 3044 2683 3098 creditur
2704 3059 2766 3097 ac
2789 3055 3090 3114 reputatur.
3114 3044 3272 3102 Nunc
3303 3063 3392 3102 er-

1811 3148 1899 3203 go,
1926 3133 2069 3203 qttod
2089 3132 2182 3188 Dei
2209 3134 2526 3203 potentiam,
2548 3149 2652 3202 qua
2676 3135 2721 3188 is
2742 3134 2944 3189 dicitur
2968 3146 3180 3204 potens,
3209 3147 3263 3191 et
3288 3154 3391 3206 qua

1726 3226 1770 3286 C
1807 3223 1936 3293 agit,
1953 3232 2008 3277 et
2024 3224 2263 3293 sinequa
2292 3225 2424 3277 nihil
2446 3224 2556 3293 agit
2582 3225 2738 3288 Deus,
2759 3240 2939 3279 sermo
2960 3235 3205 3281 ttosteret
3226 3226 3390 3280 Deum

1808 3331 1954 3379 esse,
1978 3327 2032 3371 et
2072 3316 2182 3371 Deo
2208 3314 2354 3370 Patri
2393 3316 2912 3371 consubstantialem
2941 3326 3105 3385 atque
3139 3318 3390 3386 bomoge-

1810 3423 1966 3461 tteam
1990 3408 2224 3461 evidenti
2249 3408 2715 3462 demonstratione
2750 3408 3067 3471 ostenderit,
3088 3409 3264 3477 palam
3288 3419 3391 3462 est.

1879 3499 1965 3554 10.
1997 3502 2150 3565 Quod
2186 3515 2310 3551 vero
2339 3500 2527 3553 eadem
2568 3508 2622 3551 et
2656 3497 2746 3551 Dei
2771 3496 2941 3552 Filius
2969 3499 3039 3552 sit
3062 3509 3116 3553 et
3158 3498 3390 3554 Verbum

1808 3602 1968 3660 atque
2001 3589 2301 3659 Sapientia,
2336 3592 2592 3659 quodque
2620 3606 2740 3643 eam
2764 3591 2908 3657 jure-
2938 3576 3246 3660 meritoque
3294 3607 3393 3645 nes

1804 3683 2100 3737 Christiani
2159 3684 2519 3737 confiteantur
2564 3692 2727 3751 atque
2793 3682 3116 3747 credamus,
3163 3684 3245 3737 sic
3276 3683 3389 3737 fere

1809 3775 2155 3829 manifestum
2189 3776 2299 3830 tlet.
2348 3774 2511 3839 Deus,
2550 3775 2821 3844 siquidem
2860 3790 3021 3829 verus
3048 3774 3191 3828 Deus
3227 3784 3281 3829 et
3310 3775 3390 3829 di-

1805 3871 1948 3923 citur
1978 3878 2138 3938 atque
2166 3869 2409 3923 creditur
2445 3879 2497 3921 et
2529 3870 2595 3921 ab
2627 3869 2883 3922 omnibus
2909 3880 3054 3922 recte
3108 3868 3391 3922 sentient.-

1806 3962 1907 4015 hus
1940 3960 2271 4030 gloriﬁcatur
2304 3970 2359 4015 et
2398 3960 2740 4030 przedicatur,
2788 3958 2951 4023 Deus,
3002 3959 3246 4028 inquam,
3305 3961 3389 4013 vei

1807 4067 1871 4106 ex
1907 4052 1992 4106 his
2020 4068 2139 4121 qua:
2166 4061 2296 4105 sunt
2327 4051 2625 4105 secundum
2678 4051 2879 4119 ipsum,
2924 4049 2975 4103 id
3033 4058 3138 4114 est,
3168 4064 3233 4103 ex
3271 4051 3389 4118 ejus

1807 4146 2136 4208 substantia,
2168 4146 2535 4212 cognoscitur,
2573 4156 2845 4213 quatenus
2885 4160 2950 4197 ex
2988 4144 3073 4197 bis
3118 4144 3388 4212 gloriliea-

1810 4247 1914 4300 tur,
1946 4237 2273 4305 praedicatur
2298 4236 2608 4290 etcreditur
2639 4236 2786 4305 quod
2821 4237 2893 4289 sit
2933 4252 2947 4302 ;
2987 4237 3070 4289 vel
3111 4238 3289 4304 potius
3320 4252 3387 4289 ex

1807 4330 1873 4385 iis
1906 4345 2026 4399 qua:
2058 4329 2395 4397 circaipsum
2435 4338 2583 4394 sunt,
2616 4329 2665 4381 id
2696 4338 2800 4393 est,
2843 4344 2909 4383 ex
2945 4330 3212 4383 creaturis
3245 4332 3382 4399 ejus.

1737 4461 1775 4513 θ
1810 4423 1915 4478 Sed
1947 4424 2089 4475 enint
2120 4438 2185 4475 ex
2213 4423 2297 4475 his
2323 4438 2443 4490 quae
2473 4423 2771 4476 secundum
2802 4422 2978 4491 ipsum
3010 4430 3156 4484 sunt,
3194 4421 3244 4474 id
3278 4434 3381 4481 est,

1807 4534 1871 4569 ex
1901 4518 2018 4585 t-jus
2058 4518 2384 4579 substantia,
2440 4517 2614 4584 ipsum
2668 4516 2943 4583 cognosci,
2992 4515 3093 4568 ltuc
3122 4516 3384 4583 angelicis

1801 4624 2020 4679 quoque
2058 4608 2353 4661 virtutibus
2378 4608 2713 4677 impossibile
2754 4622 2898 4669 esse,
2937 4609 3135 4660 nedum
3174 4616 3385 4661 naturae

1804 4702 2074 4762 humanm,
2116 4699 2194 4751 vel
2225 4714 2545 4752 communes
2576 4699 2827 4752 notiones
2851 4699 2985 4753 satis
3022 4714 3121 4752 nos
3162 4698 3379 4751 docent.

1798 4794 1933 4846 Nulli
1962 4794 2121 4857 Deus,
2150 4792 2297 4860 quod
2341 4795 2534 4845 attinet
2593 4794 2656 4845 ad
2697 4806 2809 4845 suze
2850 4792 3172 4845 substantiae
3214 4793 3379 4846 ratio-

1800 4900 1946 4949 nem,
1983 4883 2390 4937 innominabilis
2424 4892 2528 4947 est,
2585 4882 2907 4948 iueﬂ‘ahilis,
2956 4892 3009 4935 et
3053 4896 3378 4952 :tnonymus,

1804 4987 1861 5031 ut
1910 4978 2108 5031 divinae
2135 4993 2353 5045 quoque
2399 4976 2701 5045 Scriptura:
2726 4985 2781 5029 et
2836 4990 3158 5028 communes
3200 4973 3376 5026 nodu-

1800 5086 1897 5123 nes
1942 5069 2155 5122 tradunt
2199 5087 2211 5121 :
2252 5068 2408 5136 cujus
2448 5067 2525 5120 rei
2577 5082 2924 5137 perspicuum
2975 5076 3379 5135 argumentum,

1799 5162 1844 5215 si
1881 5162 2003 5229 quis
2030 5162 2190 5225 volet,
2228 5170 2433 5222 cernet,
2464 5161 2611 5229 quod
2654 5175 2846 5229 nempe
2902 5160 3108 5211 nullum
3163 5174 3229 5211 ex
3260 5159 3380 5226 ejus

1801 5255 2118 5308 nominibus
2160 5255 2522 5308 substantiam
2569 5254 2811 5321 ejusdem
2856 5250 3191 5305 manifestat.
3243 5249 3376 5303 Nam

1802 5347 2015 5413 singula
2045 5347 2267 5400 nomina
2292 5362 2414 5416 qua:
2462 5364 2489 5397 ιι
2545 5347 2698 5399 nobis
2732 5346 3059 5399 adhibentur
3106 5344 3262 5413 quasi
3311 5343 3378 5395 ad

1802 5438 2041 5491 divinant
2074 5448 2321 5491 naturam
2372 5437 2647 5498 ducentia,
2697 5439 2971 5505 propriam
3030 5434 3377 5502 unumquod-

1802 5549 1907 5601 que
1971 5533 2170 5586 habent
2238 5532 2536 5584 involutam
2604 5530 2931 5593 notionem;
2981 5544 3152 5597 neque
3210 5528 3378 5581 ullunt

1802 5626 2102 5694 consperies
2128 5625 2245 5678 sine
2293 5624 2528 5691 quadam
2585 5623 2783 5676 mentis
2838 5620 3165 5690 cogitatione
3221 5633 3380 5672 voca-

1804 5720 2012 5782 bulum,
2054 5718 2191 5769 inter
2224 5715 2345 5769 illas
2379 5731 2501 5781 qua:
2531 5714 2701 5782 magis
2744 5712 2911 5767 Deum
2967 5713 3161 5766 decent
3208 5708 3381 5764 detto-

1807 5809 2160 5863 tttittat'tones.
2198 5805 2253 5859 Si
2312 5820 2443 5873 ergo
2496 5805 2646 5857 illum
2679 5819 2744 5857 ex
2803 5802 3019 5872 propria
3076 5801 3380 5856 substantia

2908 5895 2983 5933 οε)
