4194 6432
730 407 839 472 683

1995 404 2284 464 NICET/E
2324 404 2722 466 BYZANTINI

3879 402 3997 467 6M.

734 533 1089 585 cognoscere,
1129 516 1463 585 impossibile
1514 526 1616 580 cst,
1678 527 1734 570 ut
1793 516 2053 577 diximus,
2096 522 2309 568 constat

2419 514 2732 583 κτισμάτων
2764 512 3041 580 ἀναλόγως
3072 520 3099 566 ὸ
3131 514 3510 584 γενεσιουργὸς
3546 513 3872 582 γνωρίζεται
3900 534 3907 539 ·
3946 518 3994 567 εξ

732 613 877 678 quod
936 627 999 663 ex
1045 610 1110 661 iis
1154 625 1274 677 qua:
1313 610 1455 663 circa
1515 608 1692 676 ipsum
1774 616 1922 672 sunt,
1983 620 2316 674 cognoscen-

732 703 839 755 dus
870 701 961 762 sit,
994 701 1155 754 sicuti
1188 707 1368 753 rectus
1434 700 1655 767 quidam
1719 708 1896 751 textus
1953 698 2207 763 patefacit
2249 698 2261 723 ’
2295 716 2309 750 :

733 807 965 860 lI-iliqul'
993 808 1057 845 ex
1100 792 1469 859 magnitudine
1497 803 1548 845 ct
1593 791 1991 859 pulchritudine
2042 800 2317 843 ert-atura-

732 896 851 932 rum
899 889 1261 949 congruenter
1295 890 1509 934 creator
1558 882 1892 951 agnoscitur.
1936 884 2090 933 Certe
2123 880 2167 933 si
2216 880 2317 934 hoc

734 972 932 1039 aliquis
964 972 1188 1026 minime
1219 973 1502 1037 concedat,
1553 974 1719 1025 Deum
1753 990 1819 1026 ex
1852 972 2091 1027 externis
2130 972 2315 1037 rebus,

734 1063 783 1115 id
816 1073 921 1126 est,
947 1062 1170 1124 nostris.
1189 1064 1411 1134 agnosci
1441 1079 1455 1127 ;
1487 1063 1924 1132 quandoquidem
1944 1076 2007 1115 ex
2037 1062 2103 1115 iis
2124 1062 2318 1130 quain

735 1156 903 1220 ipsius
937 1164 1130 1209 natura
1150 1166 1275 1210 sunt
1290 1156 1511 1208 minime
1535 1171 1660 1208 eum
1698 1156 2101 1224 cognoscimus;
2127 1169 2317 1209 neces.

734 1248 880 1299 sario
899 1258 1348 1313 consequeretur,
1370 1257 1425 1299 ut
1446 1262 1546 1300 nos
1567 1264 1617 1299 ιιι
1635 1262 1848 1301 summa
1875 1246 1965 1301 Dei
1984 1248 2322 1319 ignoratione

733 1351 1081 1390 versaremur
1112 1355 1125 1401 ;
1158 1337 1303 1406 quod
1336 1347 1421 1391 est
1449 1336 1768 1391 absurdum.
1794 1338 1849 1392 Si
1882 1354 2014 1410 ergo
2051 1354 2120 1395 ex
2157 1341 2320 1395 rebus

732 1428 935 1482 nostris
966 1430 1317 1497 cognoscitur
1354 1429 1527 1492 Deus,
1592 1431 1709 1483 sine
1759 1429 1927 1483 dubio
1953 1446 2019 1484 ex
2062 1430 2147 1485 his
2199 1446 2322 1500 qua

736 1525 790 1576 in
825 1521 982 1573 nobis
1022 1531 1149 1573 sunt
1175 1522 1380 1589 potiora
1408 1531 1462 1572 et
1513 1521 1865 1575 honoratiora
1902 1522 2079 1590 ipsum
2112 1522 2321 1576 deseri-

729 1612 920 1662 bimus
952 1650 967 1670 ,
1016 1611 1223 1678 absque
1279 1609 1507 1661 omnino
1565 1610 1632 1662 iis
1658 1624 1781 1678 qua:
1827 1611 1985 1664 nobis
2020 1611 2319 1666 accidentia

730 1710 858 1753 sunt
887 1719 900 1752 :
938 1705 1049 1753 haec
1079 1702 1222 1753 enim
1252 1716 1280 1753 a
1313 1699 1700 1756 Deiattributis
1727 1702 2085 1759 esciudimus.
2116 1703 2318 1769 Quam-

729 1792 918 1845 obrem
986 1807 1108 1861 qua:
1164 1803 1291 1845 sunt
1356 1794 1558 1861 optima
1611 1794 1663 1846 in
1738 1794 1937 1857 nobis,
1988 1810 2053 1848 ea
2114 1796 2182 1849 de
2226 1796 2319 1850 illo

725 1883 1106 1945 allirmamus,
1159 1884 1239 1935 vel
1302 1884 1481 1951 potius
1549 1883 1733 1937 omnia
1788 1885 1856 1938 de
1906 1900 1974 1939 eo
2025 1900 2308 1956 negamus.
2346 1872 2387 1928 Β

2417 608 2523 676 γὰρ
2544 607 2637 659 καὶ
2667 607 2825 659 τοῦτο
2852 607 2912 657 οὐ
2930 605 3046 675 δοίη
3067 623 3149 669 τις
3169 607 3230 659 τὸ
3258 608 3323 658 ὲκ
3348 608 3458 659 τῶν
3481 608 3609 677 περὶ
3630 606 3812 668 αὑτὸν,
3836 623 3995 657 τουτ-

2417 699 2562 751 έστιν
2607 702 2671 749 ὲκ
2700 697 2810 750 τῶν
2857 701 2915 750 ἐν
2946 699 3077 768 ἡμῖν
3097 742 3110 764 ,
3146 697 3512 767 γινώσκεσθαι
3532 739 3548 762 ,
3577 699 3739 751 αὑτὸν
3768 699 3824 750 δὲ
3855 701 3997 750 κατὰ

2416 791 2507 840 τὸν
2538 789 2637 856 τῆς
2669 788 2858 852 οὐσίας
2897 788 3052 856 λόγον
3092 788 3344 841 οὐδέποτε
3375 787 3695 856 ἐγνώκαμεν
3721 829 3736 852 ,
3774 786 3992 854 ἀνάγκη

2417 881 2475 932 ὲν
2519 880 2774 955 παντελεί
2801 880 3044 951 ἀγνωσία
3073 881 3220 950 ἡμᾶς
3262 877 3357 933 τού
3406 879 3544 933 Θεοῦ
3580 878 3949 933 καθίστασθαι
3972 919 3987 941 ,

2417 971 2555 1041 ὅπερ
2584 973 2730 1025 ἐστὶν
2762 973 2982 1029 ἄτοπον.
3022 975 3083 1025 Et
3115 968 3208 1026 οὖν
3246 976 3311 1025 ἐκ
3340 973 3448 1026 τῶν
3478 976 3535 1026 ἑν
3565 974 3695 1042 ἡμῖν
3721 971 3996 1038 ἔγνωσται

2417 1064 2445 1113 ὁ
2472 1061 2629 1126 Θεὸς,
2656 1062 2893 1131 φανερὸν
2938 1063 3022 1115 ότι
3052 1064 3115 1113 ὲκ
3153 1062 3262 1113 τῶν
3304 1060 3747 1129 ἀξιολογωτέρων
3776 1059 3869 1110 καὶ
3912 1072 4000 1107 τι-

2422 1154 2706 1223 μιωτέρων
2748 1153 2879 1223 ἡμῖν
2912 1154 3074 1207 αὑτὸν
3108 1153 3506 1223 διαγράφομεν,
3541 1153 3668 1205 ἀνευ
3714 1149 3824 1201 τῶν
3853 1164 4000 1216 συμ-

2419 1248 2712 1301 ϐαινόντων
2742 1249 2874 1318 ἡμῖν
2920 1247 3374 1315 συμπτωμάτων
3406 1244 3579 1298 ταῦτα
3618 1245 3726 1311 γάρ
3770 1239 4001 1303 ὑπεξαι-

2423 1341 2625 1411 ροῦμεν
2660 1344 2769 1395 ἀπὸ
2787 1340 2895 1394 τῶν
2922 1342 3013 1394 ἐπὶ
3042 1340 3178 1393 Θεοῦ
3203 1337 3512 1408 λεγομένων
3535 1353 3549 1365 ⁸
3580 1337 3664 1389 διὸ
3687 1335 3780 1387 καὶ
3812 1333 3999 1392 πάσας

2420 1434 2583 1485 αὑτὸν
2613 1434 2723 1486 τῶν
2764 1438 2821 1486 ἐν
2855 1435 2986 1503 ἡμῖν
3018 1435 3341 1504 κρειττόνων
3381 1430 3481 1493 τὰς
3525 1429 3858 1493 καταφάσεις
3890 1441 4000 1477 κα·

2419 1526 2805 1594 τιφάσκομεν,
2839 1530 2933 1579 καὶ
2968 1528 3149 1588 πάσας
3183 1524 3365 1578 αὐτῶν
3406 1520 3741 1592 κυριώτερον
3781 1519 4003 1585 ἀποφά-

2422 1633 2657 1684 σκομεν·
2713 1618 2808 1669 καὶ
2858 1620 2917 1670 ού
2965 1616 3281 1688 μαχομένας
3332 1615 3431 1678 τὰς
3484 1612 3822 1679 καταφάσεις
3873 1612 4003 1670 ταῖς

2420 1709 2761 1777 ἀποφάσεσιν
2788 1710 3015 1780 οἰόμεθα
3034 1726 3047 1739 ’
3081 1711 3143 1762 οὐ
3173 1708 3283 1777 γάρ
3314 1709 3379 1760 ὲκ
3412 1706 3522 1760 τῶν
3550 1703 3728 1758 αὐτῶν
3758 1701 4006 1771 ἀμφότε-

2424 1814 2515 1865 ραι
2538 1800 2881 1870 ὲλήφθησανς
2921 1804 3015 1853 καὶ
3044 1801 3131 1854 ἵνα
3163 1798 3337 1870 σαφὴς
3365 1799 3496 1869 ἡμῖν
3516 1798 3546 1849 ό
3566 1795 3723 1864 λόγος
3746 1793 4001 1864 γένηται,

2416 1883 2519 1943 ὧδέ
2551 1909 2666 1955 πως
2695 1892 2837 1963 ἐρῶ·

727 1972 915 2042 Neque
964 1974 1357 2027 afﬁrmationes
1434 1990 1739 2044 repugnare
1809 1977 2146 2033 arbitramur
2222 1981 2651 2051 negationilius,
2690 1985 2818 2055 quia
2873 2002 2980 2038 non
3059 2001 3122 2038 ex
3174 1983 3362 2037 iisdem
3426 1982 3599 2037 amba:
3683 1984 4000 2034 sumuntur-

728 2068 906 2137 Atque
932 2078 986 2121 ut
1012 2068 1211 2122 clarior
1242 2084 1425 2123 sermo
1464 2080 1648 2123 ttoster
1686 2070 1800 2131 fiat,
1842 2072 1922 2127 sic
1950 2075 2165 2143 loquar.

802 2164 889 2216 11.
929 2162 982 2215 In
1022 2164 1179 2217 nobis
1228 2165 1444 2231 quidem
1477 2167 1644 2219 multa
1678 2180 1742 2219 ac
1804 2167 2017 2223 diversa
2054 2178 2203 2235 sunt,
2256 2181 2311 2224 et

728 2268 850 2320 qua:
881 2254 1158 2307 contrario
1185 2255 1349 2309 veluti
1377 2270 1541 2310 sensu
1560 2257 1906 2327 accipiuntur
1935 2277 1948 2312 :
1976 2261 2080 2314 alia
2116 2276 2311 2331 nempe

729 2346 972 2413 digniora
1001 2360 1063 2398 ac
1102 2345 1342 2411 meliora,
1390 2349 1498 2401 alia
1558 2364 1688 2403 vero
1746 2351 2067 2406 deteriorem
2118 2354 2309 2407 condi-

730 2436 933 2487 tionem
969 2436 1243 2491 habentia.
1277 2437 1404 2491 Sine
1434 2437 1605 2492 dubio
1635 2440 1817 2508 itaque
1843 2456 1971 2494 cum
2011 2456 2075 2495 ex
2107 2444 2312 2498 nostris

726 2526 1008 2579 alti-diutis
1036 2526 1102 2580 ad
1138 2526 1232 2580 Dei
1277 2528 1524 2582 notitiam
1576 2532 1678 2584 iter
1720 2530 1973 2596 facimus,
2006 2534 2309 2587 secundum

732 2619 954 2670 lllttlittl'a
994 2628 1176 2671 nostra
1243 2619 1408 2673 Deum
1469 2621 1835 2675 describimus
1874 2639 1939 2676 ac
1996 2624 2307 2681 definimus.

729 2708 865 2772 Quia
890 2724 1018 2777 ergo
1045 2710 1097 2761 in
1125 2711 1281 2764 nobis
1312 2710 1403 2765 lux
1429 2723 1513 2767 est
1545 2730 1609 2768 ac
1631 2716 1868 2769 tenebrae
1894 2757 1908 2779 ,
1926 2717 2033 2769 vita
2050 2732 2116 2771 ac
2143 2733 2312 2785 mors,

735 2801 1035 2853 ::.n|lu|tt:ts
1094 2809 1149 2853 ct
1207 2801 1609 2865 immortalitas,
1646 2804 1861 2873 justitia
1909 2813 1964 2858 ct
2011 2806 2315 2876 iniquitas;

732 2891 913 2957 priora
950 2890 1170 2958 quidem
1214 2892 1265 2943 in
1323 2894 1642 2948 melioribus
1684 2910 1714 2947 a
1768 2896 1925 2949 nobis
1960 2898 2315 2968 collocantur,

734 2985 900 3037 veiuti
941 2987 1070 3047 vita,
1100 2996 1262 3053 atque
1306 2980 1709 3051 immortalitas,
1759 2987 1992 3056 jnstitia,
2022 2991 2264 3046 eltaritas
2296 3008 2312 3058 ;
2342 3037 2385 3092 ί,

732 3078 1034 3145 posteriora
1074 3087 1257 3130 autem
1286 3078 1338 3130 in
1362 3077 1743 3143 deterioribus,
1778 3080 1943 3133 veluti
1978 3097 2146 3143 mors.
2173 3099 2319 3137 mor-
2342 3076 2387 3098 ν

735 3168 946 3223 lalitas.
991 3167 1269 3236 iniquitas.
1326 3167 1533 3221 odium.
1606 3168 1774 3224 l’orro
1828 3172 2167 3239 exploratum
2211 3183 2317 3238 est,

736 3259 899 3312 sitam
929 3269 983 3312 et
1025 3261 1510 3323 immortalitatem,
1561 3260 1831 3329 justitiam
1864 3273 1917 3315 ct
1965 3264 2311 3330 charitatem,

730 3358 786 3403 et
809 3366 929 3419 qum
968 3350 1052 3403 liis
1077 3362 1206 3402 sunt
1261 3362 1647 3414 consentanea,
1675 3353 1788 3406 lucc
1821 3370 1849 3406 a
1891 3355 2046 3407 nobis
2076 3353 2184 3407 Deo
2236 3364 2320 3409 at-

733 3442 924 3505 tribui,
958 3452 1011 3494 et
1048 3442 1133 3495 bis
1164 3442 1335 3510 ipsum
1376 3458 1404 3493 a
1446 3443 1603 3497 nobis
1652 3445 1883 3499 describi
1944 3462 2006 3498 ac
2061 3446 2317 3512 deliniri;

739 3549 849 3587 into
878 3534 922 3586 si
984 3535 1158 3602 magis
1206 3534 1421 3601 proprie
1464 3535 1793 3602 loquendum
1840 3546 1943 3597 est,
1981 3547 2164 3590 nostra
2206 3538 2321 3591 haec

737 3630 789 3682 in
845 3642 912 3680 co
962 3642 1086 3680 esse
1125 3642 1405 3695 negamus.
1460 3624 1668 3678 Etenim
1734 3626 1871 3681 Deus
1920 3643 2085 3696 supra
2144 3630 2320 3683 lucem

732 3732 838 3781 est,
868 3733 1033 3786 supra
1064 3719 1731 3786 immortalitatem,supra
1749 3720 2041 3787 justitiam,
2072 3719 2127 3774 ei.
2156 3722 2318 3791 quid-

734 3810 865 3879 quid
930 3809 1245 3877 lmjusmodi
1275 3818 1379 3863 est.
1440 3812 1647 3866 Pariter
1679 3813 1729 3865 tu
1766 3814 1920 3866 nobis
1962 3826 2044 3869 est
2068 3816 2219 3870 visus
2268 3826 2322 3871 et

736 3903 950 3956 crecitas
984 3918 997 3966 ;
1029 3902 1231 3956 scilicet
1282 3903 1485 3956 omissa
1539 3920 1645 3959 case
1671 3916 1799 3971 tate,
1857 3907 2024 3961 Deum
2088 3909 2321 3964 dicimus

738 3991 1147 4060 impassiliiliter
1218 3992 1477 4046 \isualem
1512 4012 1527 4061 ;
1564 3996 1613 4049 id
1660 4008 1741 4051 cst
1788 4039 1801 4060 ,
1835 3999 2043 4069 absque
2096 4001 2163 4055 iis
2200 4016 2322 4071 quae

736 4094 935 4136 nostra:
977 4083 1234 4136 accidunt
1289 4086 1482 4138 visuali
1531 4089 1578 4139 vi
1615 4104 1779 4149 ;nam
1817 4091 1868 4141 in
1922 4092 2133 4145 cunctis
2181 4092 2320 4145 Dens

735 4185 821 4227 est
853 4174 1232 4242 impassibilis.
1268 4177 1493 4230 Etiamsi
1527 4181 1672 4233 enim
1726 4182 1839 4234 tunc
1869 4186 2067 4253 scripta
2100 4185 2322 4239 minime

738 4263 1059 4324 habeamus.
1091 4264 1174 4319 liis
1208 4266 1564 4321 nihilominus
1604 4270 1846 4340 \‘CSllgiis
1880 4269 2049 4324 Deum
2094 4270 2319 4341 indaga-

739 4372 881 4408 mus.
913 4356 1090 4425 Atque
1130 4357 1226 4421 ita,
1276 4359 1403 4425 quia
1464 4360 1517 4412 in
1578 4362 1734 4415 nobis
1783 4362 2085 4418 fecunditas
2127 4373 2213 4419 est
2258 4378 2321 4419 ac

742 4446 1145 4508 infecunditas,
1207 4448 1486 4516 generatio
1554 4461 1604 4502 et
1650 4452 1932 4513 sterilitas,
1978 4450 2321 4507 fruetilieatio

735 4549 791 4591 et
828 4539 1239 4592 int'ruetuositas
1271 4558 1285 4605 ;
1328 4541 1547 4594 meliora
1583 4544 1800 4611 quidem
1872 4558 2001 4598 sunt
2046 4546 2323 4615 generatio

737 4639 789 4682 et
836 4627 1185 4691 fecunditas,
1231 4629 1555 4698 germinatio
1598 4641 1651 4684 et
1700 4633 1781 4687 bis
1817 4634 2013 4686 similia
2069 4652 2081 4686 :
2140 4634 2321 4704 pejora

741 4730 949 4782 autem,
1002 4719 1406 4785 inferunditas,
1470 4723 1749 4786 sterilitas,
1792 4724 2239 4790 infructuositas.
2268 4736 2323 4781 et

738 4813 1154 4881 germinatiouis
1185 4819 1422 4885 negatio.
1462 4814 1631 4869 Deum
1695 4832 1824 4871 vero
1872 4818 2191 4873 melioribus
2221 4819 2319 4873 de-

738 4904 1035 4960 scribimus
1064 4920 1129 4960 ac
1173 4906 1502 4969 definimus,
1537 4910 1746 4977 absque
1790 4909 1858 4965 iis
1886 4927 2007 4980 qua:
2062 4911 2115 4963 in
2167 4911 2321 4967 nobis

739 5006 869 5049 sunt
907 4995 1232 5063 accidentia,
1276 5007 1334 5051 ut
1356 4998 1636 5065 diximus;
1703 5001 1751 5053 id
1795 5011 1881 5055 est
1924 5002 2318 5070 indubitanter,

742 5088 809 5141 iis
858 5101 980 5157 quae
1038 5089 1468 5157 generationem,
1528 5091 1921 5146 fecunditatem
1972 5091 2321 5162 fructumque

750 5180 949 5233 habent
1002 5188 1058 5233 et
1101 5180 1187 5234 liis
1220 5181 1515 5236 similibus.
1559 5181 1678 5236 Jam
1704 5184 1749 5236 si
1804 5185 1855 5237 in
1886 5184 1972 5237 his
2029 5186 2317 5253 quisquam

737 5272 1049 5335 contendet,
1081 5273 1402 5327 contendam
1432 5285 1486 5327 et
1530 5290 1653 5344 ego,
1696 5290 1889 5345 nempe
1921 5286 2149 5329 mortem
2209 5278 2318 5327 \tla

740 5376 865 5417 esse
888 5361 1193 5426 meliorem,
1225 5365 1480 5419 tenebras
1514 5364 1632 5419 luce
1658 5383 1673 5431 ;
1698 5367 1843 5436 quod
1877 5376 1962 5421 est
2004 5368 2315 5422 ridiculum.

742 5452 926 5519 Quare
958 5463 1175 5509 constat
1207 5456 1377 5510 Deum
1403 5472 1529 5513 esse
1565 5457 1860 5513 fecundum
1903 5470 1959 5513 et
1984 5457 2145 5514 Verbi
2174 5462 2321 5528 geni-

744 5543 936 5597 tivum.
968 5543 1133 5599 Extra
1164 5548 1308 5601 enim
1341 5563 1558 5604 onmem
1609 5552 2031 5605 controversiam
2070 5563 2155 5606 est
2221 5567 2319 5622 po-

734 5635 936 5692 tiorem
976 5652 1097 5694 esse
1145 5641 1438 5709 genitivam
1493 5643 1602 5698 vim
1651 5659 1813 5714 quam
1874 5644 2210 5701 sterilitatem
2265 5655 2319 5700 et

812 5815 834 5848 ³
859 5814 1026 5873 Rom.
1056 5818 1207 5882 1,20.

2490 2170 2579 2223 ια’.
2622 2170 2713 2222 Ἐν
2741 2170 2873 2239 ἡμῖν
2902 2168 3000 2238 μὲν
3032 2166 3243 2220 πολλῶν
3268 2164 3364 2217 καὶ
3397 2162 3671 2233 διαφόρων
3698 2160 3791 2213 καί
3829 2158 4001 2211 τινών

2417 2280 2533 2324 πως
2558 2262 2953 2330 ἀντικειμένως
2977 2258 3423 2327 λαμϐανομένων,
3447 2256 3541 2306 καὶ
3568 2254 3676 2304 τῶν
3704 2253 3800 2322 μὲν
3826 2251 3999 2316 ἀξιω-

2418 2353 2591 2425 τέρων
2633 2370 2693 2405 τε
2740 2351 2833 2404 καὶ
2879 2349 3203 2421 κρειττόνων
3253 2347 3442 2409 ὄντων,
3486 2345 3596 2396 τῶν
3642 2343 3697 2395 δὲ
3737 2343 3835 2411 τὴν
3884 2340 4003 2392 τῶν

2417 2445 2676 2515 χειρόνων
2719 2444 2914 2513 μοῖραν
2953 2442 3215 2511 ἐχόντων,
3250 2436 3482 2507 φανερὸν
3515 2434 3780 2505 δήπουθεν
3819 2433 3898 2486 ὅτ’
3930 2431 4004 2485 ἀν

2417 2539 2483 2588 ὲκ
2506 2535 2615 2588 τῶν
2644 2537 2703 2587 ἐν
2728 2536 2861 2604 ἡμῖν
2881 2534 3017 2603 πρὸς
3044 2529 3409 2601 χειραγωγίαν
3437 2527 3578 2581 Θεοῦ
3603 2523 4001 2594 ποδηγὼμεθα,

2417 2630 2482 2679 ἐκ
2512 2626 2623 2678 τῶν
2656 2628 2983 2696 κρειττόνων
3012 2626 3144 2693 ἡμῖν
3177 2624 3269 2676 καὶ
3300 2620 3642 2691 τιμιωτέρου
3680 2621 3841 2672 af.th
3874 2615 4005 2668 δια-

2416 2716 2705 2788 γράφομέν
2730 2733 2790 2768 τε
2816 2717 2911 2769 καὶ
2945 2716 3396 2785 καταφάσκομεν.
3428 2713 3489 2765 Εἰ
3518 2708 3611 2766 οὖν
3645 2712 3701 2763 ἐν
3730 2712 3856 2780 ἡμῖν
3877 2710 4005 2761 ἐστι

2418 2810 2533 2879 φῶς
2566 2810 2661 2861 καὶ
2710 2808 2934 2871 σκότος,
2984 2807 3098 2876 ζωὴ
3141 2808 3235 2859 καὶ
3290 2805 3554 2868 θάνατος,
3594 2802 3860 2872 θνητότης
3894 2802 3997 2853 καὶ

2417 2901 2687 2955 ἀθανασία
2706 2941 2722 2968 ,
2757 2900 3075 2970 δικαιοσύνη
3111 2916 3171 2952 τε
3201 2900 3296 2952 καὶ
3324 2898 3541 2951 ἀδικίαο
3584 2896 3679 2949 καὶ
3704 2893 3773 2947 τὰ
3811 2892 3913 2962 μὲν
3938 2893 4000 2944 ἑν

2418 2995 2485 3062 τῇ
2517 2992 2627 3046 τῶν
2658 2992 2988 3062 κρειττόνων
3022 2991 3187 3061 μοίρᾳ
3210 2990 3489 3051 τέτακται,
3525 2980 3635 3040 οἷον
3663 2986 3777 3055 ζωή
3807 3002 3865 3038 τε
3897 2985 4001 3037 καὶ

2417 3083 2708 3145 ἀθανασία,
2739 3082 3053 3151 δικαιοσύνη
3083 3098 3144 3134 τε
3172 3082 3264 3133 καὶ
3285 3083 3473 3149 ἀγάπη
3499 3094 3512 3106 ·
3536 3077 3604 3130 τά
3629 3078 3685 3130 δὲ
3709 3079 3765 3128 ὲν
3791 3078 3857 3145 τῇ
3886 3074 4003 3126 τῶν

2418 3174 2715 3244 χειρόνων,
2759 3169 2870 3226 οἷον
2924 3173 3174 3237 θάνατος,
3204 3174 3502 3243 θνητότης,
3558 3170 3743 3222 ἀδικία
3780 3185 3839 3221 τε
3897 3167 4001 3219 καὶ

2418 3264 2610 3333 ἔχθρα,
2647 3263 2878 3333 φανερὸν
2905 3264 2988 3315 ὃτι
3025 3263 3172 3331 ζωήν
3206 3277 3265 3313 τε
3300 3262 3392 3312 καὶ
3431 3257 3754 3314 ἀθανασίαν.
3784 3254 3999 3307 δικαιο-

2422 3356 2588 3425 σύνην
2627 3372 2689 3408 τε
2720 3355 2815 3407 καὶ
2857 3354 3081 3421 ἀγάπην
3106 3394 3120 3416 ,
3173 3354 3267 3404 καὶ
3300 3353 3401 3403 ὅσα
3445 3349 3657 3409 τούτοις
3699 3346 3996 3413 σύστοιχα,

2417 3448 2593 3501 ταῦτα
2611 3446 2688 3516 τῷ
2716 3444 2836 3515 Θεῷ
2856 3445 3077 3497 ἀνατίθε
3087 3460 3207 3514 μεν,
3234 3443 3328 3496 καὶ
3346 3441 3434 3494 διὰ
3460 3442 3663 3495 τούτων
3685 3437 3845 3492 αὐτόν
3868 3437 3997 3489 δια-

2422 3539 2707 3610 γράφομέν
2752 3554 2813 3591 τε
2854 3538 2950 3591 καὶ
2998 3536 3462 3604 καταφάσκομεν·
3515 3538 3608 3588 καὶ
3659 3534 4002 3604 κυριώτερον

2419 3632 2594 3684 εἰπεῖν
2619 3673 2633 3696 ,
2682 3630 2857 3682 ταῦτα
2902 3629 2963 3693 ἐξ
3010 3627 3177 3680 αὑτοῦ
3218 3627 3640 3696 ἀποφάσκομενι
3677 3626 3772 3678 καὶ
3819 3624 3931 3694 γὰρ
3969 3625 4004 3675 δ

2418 3723 2549 3785 Θεός
2576 3724 2725 3775 ἐστιν
2746 3721 2887 3791 ὑπὲρ
2922 3720 3060 3788 φῶς,
3095 3719 3236 3791 ὑπὲρ
3265 3719 3586 3781 ἀθανασίαν,
3622 3716 3759 3788 ὑπὲρ
3784 3715 3998 3768 δικαιο-

2421 3814 2607 3883 σύνην,
2636 3813 2731 3865 καὶ
2751 3812 2852 3865 ὅσα
2876 3811 3084 3873 τούτοις
3104 3812 3266 3877 ὃμοια
3288 3828 3302 3841 ·
3325 3809 3589 3871 ὡσαύτως
3610 3806 3757 3859 ἔστιν
3781 3807 3840 3858 ἐν
3862 3806 4003 3874 ἡμῖν

2418 3907 2607 3976 ὅρασις
2641 3907 2735 3957 καὶ
2782 3903 3092 3971 τύφλωσις’
3144 3902 3244 3973 τὴν
3289 3901 3565 3970 τύφλωσιν
3598 3900 3855 3969 ἀφέντες,
3905 3897 4003 3950 τὸν

2417 3997 2551 4050 Θεὸν
2589 3997 2858 4067 φήσοιμεν
2886 3994 3147 4065 ὁρατικὸν
3184 3993 3434 4058 ἀπαθῶς,
3480 3993 3596 4063 ἦτοι
3640 3992 3768 4046 ἀνευ
3794 3990 3904 4043 τῶν
3938 3992 3989 4037 ιν

2418 4090 2550 4158 ἡμῖν
2588 4085 2999 4155 συμϐαινόντων
3034 4083 3378 4154 παθημάτων
3402 4085 3471 4151 τῇ
3501 4082 3691 4153 δράσει
3715 4096 3729 4109 ⁸
3769 4081 3828 4131 ὲν
3861 4076 3994 4129 πᾶσι

2420 4180 2526 4250 γάρ
2555 4180 2705 4255 ἐστιν
2732 4179 2761 4230 ό
2786 4176 2920 4240 Θεὸς
2945 4176 3194 4247 ἀπαθήςο
3228 4175 3279 4228 εί
3301 4175 3410 4245 γὰρ
3440 4175 3535 4227 καὶ
3562 4172 3833 4243 μηδέποτε.
3851 4169 3890 4220 Γ
3896 4182 3998 4237 ρει-

2420 4272 2525 4341 φὴν
2552 4268 2871 4339 ἐδεξάμεθα,
2913 4270 3027 4331 τοῖς
3052 4269 3319 4329 τοιούτοις
3350 4266 3522 4336 ῐχνεσί
3555 4282 3615 4318 τε
3650 4265 3745 4317 καὶ
3773 4260 4001 4333 τρόποις

2424 4361 2515 4414 τὸν
2546 4360 2680 4413 Θεὸν
2712 4359 3126 4431 ἰχνηλατοῦμεν.
3167 4358 3321 4410 Ἐπεὶ
3342 4356 3433 4411 οὖν
3453 4359 3512 4409 ὲν
3540 4359 3673 4427 ἡμῖν
3702 4356 3818 4408 ἔστι
3852 4351 4005 4418 γόνι⁴

2428 4453 2529 4521 μόν
2559 4468 2617 4504 τε
2654 4453 2746 4505 καὶ
2778 4450 2991 4518 ἄγονον,
3022 4450 3275 4517 γέννησίς
3299 4465 3360 4501 τε
3393 4449 3485 4501 καὶ
3518 4448 3825 4517 στείρωσις,
3859 4457 3988 4510 καρο

2424 4544 2524 4604 πός
2567 4560 2627 4595 τε
2672 4543 2763 4595 καὶ
2808 4541 3091 4606 ἀκαρπία,
3144 4540 3438 4610 βλάστησις
3483 4554 3542 4591 τε
3577 4540 3675 4591 καὶ
3713 4537 3749 4607 ἡ
3791 4532 3992 4596 ταύτης

2424 4634 2714 4704 στέρησις*
2751 4633 2848 4686 καὶ
2892 4632 2961 4685 τά
3009 4633 3107 4702 μὲν
3144 4632 3467 4702 κρείττονα,
3497 4624 3610 4683 οἷον
3640 4626 3883 4697 γέννησίί
3923 4634 3988 4669 τε

2422 4724 2519 4778 καὶ
2547 4724 2792 4794 γόνιμον,
2827 4721 3120 4793 βλάστησίς
3144 4739 3202 4775 τε
3226 4722 3320 4797 καὶ
3345 4721 3446 4773 ὅσα
3476 4718 3681 4781 τούτοις
3705 4718 3851 4786 ὅμοιι
3867 4723 3885 4740 ⁸
3911 4706 3992 4760 τά

2421 4818 2477 4870 δὲ
2508 4817 2748 4886 χείρονα,
2799 4809 2910 4867 οἷον
2938 4814 3151 4883 ἄγονον,
3205 4812 3512 4882 στείρωσις,
3548 4809 3786 4879 ἀκαρπίαι
3827 4799 3924 4852 καὶ
3953 4799 3992 4869 ἢ

2420 4908 2520 4976 τῆς
2579 4906 2927 4977 βλαστήσεως
2990 4902 3409 4976 στέρησις-τὸν
3455 4900 3514 4954 δὲ
3562 4898 3696 4953 Θεὸν
3735 4890 3824 4945 διὰ
3872 4888 3990 4941 τῶν

2421 4999 2747 5070 κρειττόνων
2787 5000 3215 5067 καταγράφομεν
3251 4996 3348 5048 καὶ
3384 4993 3823 5064 καταφάσιωμεν.
3856 4981 3993 5036 ἄνευ

2420 5091 2529 5144 τῶν
2585 5093 2643 5144 ὲν
2672 5092 2803 5161 ἡμῖν
2852 5088 3262 5160 συμϐαινόντων
3312 5080 3754 5157 συμπτωμάτων,
3796 5075 3997 5143 ὥσπερ

2420 5186 2635 5255 ἔφαμεν
2656 5202 2669 5215 ·
2712 5182 2947 5253 φανερὸν
2978 5183 3059 5235 ὅτι
3088 5182 3312 5251 γόνιμον
3341 5180 3587 5249 γέννησιν
3615 5174 3829 5243 ἔχοντα,
3858 5166 4005 5236 βλαο

2424 5277 2579 5343 στὸν,
2612 5275 2863 5346 καρπὸν,
2899 5275 2991 5326 καὶ
3030 5274 3098 5327 τὰ
3126 5272 3333 5335 τούτοις
3383 5272 3542 5337 ὃμοια
3589 5260 3895 5334 φησόμεθα.
3933 5256 4002 5310 ΕΞ

2422 5372 2530 5442 γὰρ
2584 5369 2676 5423 καί
2710 5386 2790 5431 τις
2822 5370 2879 5420 ἐν
2931 5369 3139 5429 τούτοις
3200 5362 3571 5435 φιλονεικοίη,
3629 5353 4005 5428 φιλονεικήσω

2422 5460 2611 5530 κάγὼ.
2660 5463 2741 5514 ὅτι
2781 5463 2808 5514 ὀ
2851 5460 3080 5524 θάνατος
3124 5461 3220 5531 τῆς
3270 5456 3416 5525 ζωῆς
3463 5452 3756 5523 κρείττων,
3803 5450 3901 5502 καὶ
3937 5447 4004 5500 τὸ

2422 5556 2612 5616 σκότος
2648 5552 2740 5605 τοῦ
2769 5552 2965 5621 φωτὸς,
2998 5552 3135 5621 ὅπερ
3167 5552 3283 5603 ἐστὶ
3316 5549 3557 5617 γελοῖον·
3590 5545 3731 5597 ὥστε
3763 5538 4006 5609 φανερόν

2418 5650 2501 5703 ὃτι
2524 5647 2554 5700 δ
2582 5647 2717 5711 Θεὸς
2759 5646 2981 5716 γόνιμός
3010 5647 3069 5699 τέ
3100 5647 3271 5707 ἐστιν,
3303 5644 3394 5696 καὶ
3437 5636 3751 5710 γεννητικός
3775 5633 3958 5703 Λόγου
3981 5646 4001 5663 ·
