4194 6432
210 408 316 473 685

1392 402 1826 465 llEFUTATlO
1855 402 2330 463 MOHAMEDIS.

3385 408 3489 469 686

220 521 403 590 πάσης
436 520 546 591 γὰρ
578 519 887 587 ἀντιλογίας
918 516 1217 587 ἀργούσης,
1250 518 1573 589 τιμιώτερον
1617 521 1649 585 ἡ
1678 519 1799 585 γέν-

1911 519 2423 573 ini‘rnctuositatem.
2463 520 2615 585 Quod
2651 522 2694 573 si
2737 521 2809 573 ita
2843 535 2900 572 se
2926 522 3109 582 liabet,
3138 522 3487 590 perspicuum

213 627 373 679 νησις
410 609 508 678 τῆς
553 608 889 678 στειρὼσεως
944 607 1038 658 καὶ
1071 607 1352 677 ἀκαρπίας
1382 624 1391 637 ·
1425 608 1474 659 εἰ
1504 609 1558 660 δὲ
1605 607 1799 669 τοῦτο,

210 703 448 772 φανερόν
470 703 554 753 ὅτι
574 705 603 753 6
624 702 757 763 Θεὸς
792 699 915 753 Υἰὸν
942 698 1054 768 ἔχει
1074 715 1087 727 ⁸
1115 698 1360 769 ἔστιγὰρ
1383 697 1801 765 συλλογίσασθαι

209 795 409 856 οὕτως·

289 884 387 951 ιβ’.
415 885 519 935 Τὸν
547 884 680 935 Θεὸν
701 885 764 936 ὲκ
791 883 899 935 τῶν
934 886 990 936 ἐν
1021 886 1155 954 ήμίν
1189 886 1515 955 κρειττόνων
1550 900 1799 952 γεννητι-

208 976 303 1027 κόν
338 993 400 1028 τε
451 982 544 1027 καί
572 976 797 1045 γόνιμον
836 977 1202 1045 βλαστάνοντα
1249 975 1542 1045 προσφυῶς
1572 974 1799 1041 διαγρά-

208 1086 385 1137 got-sv
413 1086 425 1096 -
463 1070 569 1120 πᾶν
598 1068 654 1121 δὲ
682 1069 740 1121 τὸ
777 1068 949 1129 οὕτως
976 1068 1117 1137 ἔχον,
1145 1068 1279 1137 πρὸς
1312 1067 1425 1118 υἱὸν
1452 1066 1484 1136 ἢ
1513 1066 1740 1136 βλαστὸν
1766 1064 1797 1135 ἢ

208 1160 424 1229 καρπὸν
457 1160 488 1230 ἦ
519 1160 674 1227 γόνον
708 1162 809 1228 τὴν
840 1161 1119 1230 ἀναφορὰν
1155 1161 1263 1228 ἔχει
1284 1177 1297 1190 ·
1332 1160 1627 1225 συνάγεται
1667 1158 1794 1228 ἄρα,

205 1254 287 1304 ὅτι
316 1254 345 1304 6
368 1251 499 1314 Θεὸς
526 1252 846 1320 πρεπόντως
873 1253 938 1302 ὲκ
956 1252 1064 1303 τῶν
1093 1253 1150 1302 ἐν
1177 1252 1308 1319 ἡμῖν
1329 1248 1793 1318 διαγραφόμενος,

210 1346 336 1396 Υἰόν
369 1361 427 1396 τε
463 1344 574 1412 ἔχει
607 1343 724 1412 (καὶ
756 1347 885 1414 παρ’
936 1346 1066 1413 ἡμῖν
1118 1343 1296 1405 καλῶς
1348 1341 1670 1395 πιστεύεται
1700 1342 1795 1394 καὶ

204 1434 516 1503 δοξάζεται)
575 1434 666 1487 τὸν
703 1436 761 1499 ἐξ
808 1434 974 1486 αὑτοῦ
1023 1435 1404 1495 ἐνυποστάτως
1436 1436 1529 1486 καὶ
1566 1434 1793 1497 ἀπαθῶς

206 1529 299 1577 καὶ
335 1525 619 1594 ἀρεύστως
646 1524 977 1595 γεννηθέντα
1007 1528 1182 1593 Λόγον
1203 1542 1216 1552 ‘
1255 1527 1301 1577 εἰ
1332 1526 1387 1576 δὲ
1418 1526 1592 1592 τοῦτο,
1625 1542 1792 1594 φανε-

208 1622 300 1689 ρὸν
332 1622 429 1671 καὶ
458 1621 570 1681 τοῖς
610 1620 869 1688 ἀμυδρῶς
912 1623 1143 1690 συνορᾷν
1190 1618 1487 1687 ἰσχύουσιν,
1519 1621 1602 1672 ὅτι
1646 1622 1678 1688 ὴ
1710 1621 1794 1671 εν-

209 1710 515 1770 υπόστατος
544 1708 774 1777 δύναμις
806 1708 901 1761 τοῦ
926 1710 1062 1762 Θεοῦ
1086 1712 1180 1762 καὶ
1207 1711 1397 1777 Σοφία,
1423 1711 1543 1762 καθ’
1574 1711 1643 1778 ἦν
1674 1714 1788 1762 ἐστι

204 1801 458 1863 δυνατὸς,
490 1800 586 1852 καὶ
611 1799 681 1853 δι’
719 1797 787 1871 ἦς
822 1805 986 1865 ποιεῖ,
1024 1802 1117 1854 καὶ
1140 1797 1207 1874 ἦς
1238 1802 1407 1871 χωρὶς
1437 1802 1590 1855 οὐδὲν
1625 1806 1788 1867 ποιεῖ,

1910 621 1994 663 est
2047 611 2216 663 Deum
2252 611 2453 665 habere
2514 609 2736 666 Filium.
2789 609 2879 665 Sic
2913 614 3055 666 enim
3118 616 3490 683 argumentari

1906 702 2051 756 licet.

1978 886 2067 940 12.
2106 884 2272 939 Deum
2306 903 2369 941 ex
2403 887 2489 950 iis,
2525 902 2648 955 qua:
2683 887 2734 940 in
2765 888 2923 941 nobis
2951 894 3076 939 sunt
3113 888 3318 954 potiora
3346 930 3357 949 ,
3397 904 3492 955 ge-

1904 979 2133 1032 nitivum
2180 990 2231 1033 ct
2284 980 2575 1033 fecundum
2621 990 2674 1033 et
2733 980 3127 1047 germinantem
3178 994 3319 1043 esse,
3369 993 3492 1047 apte

1902 1069 2191 1123 deﬁnimus
2245 1087 2257 1122 :
2300 1071 2450 1138 atqui
2505 1078 2701 1123 cuncta
2756 1070 3066 1138 liujusmodi
3122 1068 3385 1122 vocabula
3426 1071 3491 1121 ad

1900 1162 2095 1225 lilium,
2146 1172 2240 1216 aut
2287 1177 2529 1231 germen,
2592 1171 2685 1214 aut
2721 1162 2983 1226 fructum,
3020 1173 3117 1216 aut
3179 1162 3491 1231 genituram

1901 1253 2267 1307 referuntur:
2333 1252 2602 1322 colligitur
2675 1268 2805 1322 ergo
2869 1251 3041 1307 Deum
3123 1268 3367 1323 congrue
3428 1268 3491 1305 ex

1901 1345 2102 1398 nostris
2141 1345 2305 1399 rebus
2347 1343 2558 1397 deliniri
2620 1345 2865 1405 solitum,
2912 1343 3106 1397 Filium
3143 1358 3361 1413 quoque
3395 1345 3494 1397 lia-

1900 1437 2030 1492 bere
2072 1436 2290 1507 (idque
2352 1454 2383 1491 a
2434 1438 2595 1490 nobis
2648 1445 2795 1491 recte
2853 1434 2999 1490 credi
3024 1446 3079 1490 et
3123 1436 3489 1501 existimari),

1898 1542 2092 1595 nempe
2121 1526 2251 1579 illud
2289 1528 2434 1596 quod
2465 1528 2879 1598 enliypostatice
2902 1538 2956 1581 et
2984 1524 3417 1596 impassibiliter,
3442 1534 3493 1577 et

1895 1622 2015 1673 sine
2044 1619 2153 1672 ullo
2186 1618 2328 1672 [luxu
2352 1620 2591 1689 genitum
2630 1618 2861 1672 Verbum
2890 1628 2992 1673 cst.
3026 1618 3179 1685 Quod
3204 1618 3249 1672 si
3280 1618 3352 1671 ita
3386 1627 3490 1679 est,

1895 1714 2242 1782 perspicuum
2273 1714 2508 1768 litetiam
2556 1713 2660 1765 illis
2706 1714 2796 1781 qui
2826 1712 3043 1765 exiliter
3092 1726 3317 1765 cernere
3355 1726 3493 1779 qne-

1898 1814 2013 1867 unt,
2056 1807 2527 1877 cnliypostaticam
2563 1804 2653 1858 Dei
2700 1806 2996 1873 potentiam
3062 1812 3225 1871 atque
3272 1803 3489 1869 sapien—

183 1894 274 1959 ‘ﬁv
313 1892 413 1943 καὶ
464 1894 493 1943 6
539 1892 699 1961 λόγος
747 1894 1038 1961 όμοούσιον
1080 1894 1159 1965 τῷ
1198 1896 1318 1965 Θεῷ
1352 1896 1448 1947 καὶ
1482 1896 1659 1966 [ιατρὶ
1696 1897 1789 1948 καὶ

1903 1897 2051 1961 Limn,
2272 1906 2463 1966 potens
2506 1907 2607 1957 est,
2673 1907 2726 1949 et
2764 1912 2871 1965 qua
2906 1895 3059 1964 agit,
3095 1904 3150 1947 et
3206 1894 3325 1947 sine
3385 1909 3493 1962 qua

205 1984 350 2037 κατά
400 1986 578 2038 πάντα
627 1990 815 2056 ὅμοιον
853 1987 1075 2054 ἔδειξεν,
1119 1993 1286 2059 χωρὶς
1329 1992 1428 2059 τῆς
1468 1992 1796 2060 γεννήσεως,

207 2077 336 2141 Υἱός
365 2078 427 2130 τέ
455 2080 575 2131 ἐστι
604 2078 741 2131 Θεοῦ
775 2082 869 2134 καὶ
900 2081 1069 2151 Σοφία
1102 2083 1198 2135 καὶ
1220 2082 1414 2149 Λόγος,
1450 2084 1543 2135 καὶ
1571 2083 1797 2145 εἰκότως

205 2167 340 2238 παρ’
376 2168 537 2238 ήμῶν
584 2170 695 2223 τῶν
739 2171 1089 2242 Χριστιανῶν
1139 2172 1490 2244 ὡμολόγηταί
1542 2172 1649 2247 [τε]
1705 2177 1800 2228 καὶ

205 2263 614 2316 πεπίστευταυ
668 2266 718 2318 εἰ
762 2266 819 2318 δὲ
869 2266 1028 2320 τοῦτο
1060 2266 1291 2338 ἀληθὲς,
1325 2267 1516 2338 ῶσπερ
1562 2267 1655 2322 οὖν
1702 2270 1799 2321 καὶ

206 2354 442 2423 ἀληθὲς,
494 2355 570 2419 ὡς
598 2355 905 2421 δέδεικται,
959 2358 1137 2428 μάτην
1184 2361 1292 2430 ἄρα
1325 2362 1353 2412 ὁ
1393 2360 1669 2431 βάρόαρος
1702 2361 1797 2414 κα)⁵

204 2447 404 2514 ἄλογος
436 2448 678 2517 Μωάμετ
715 2449 865 2518 ἡμᾶς
898 2450 956 2502 ὲν
986 2453 1054 2521 τῇ
1082 2452 1215 2521 παρ’
1247 2450 1411 2504 αὑτοῦ
1451 2452 1798 2522 πλαστογρα-

206 2540 448 2613 φηθείσῃ
487 2542 654 2613 βίϐλῳ
690 2544 765 2606 ὼς
795 2544 1131 2610 κοινωνητὰς
1183 2546 1279 2597 καὶ
1312 2544 1630 2615 ἑταιριστὰς
1681 2544 1799 2598 δια-

212 2632 475 2701 κωμῳδεῖ
498 2673 513 2697 ,
544 2634 713 2702 ήγουν
742 2634 817 2697 ὠς
851 2635 1039 2703 ἓτερον
1083 2634 1218 2687 Θεὸν
1244 2635 1337 2687 τὸν
1381 2635 1508 2688 Υἱὸν
1536 2635 1629 2687 τοῦ
1663 2635 1797 2688 Θεοῦ

207 2725 301 2774 καὶ
358 2724 598 2793 Ματρὸς,
649 2724 800 2794 παρά
832 2726 925 2777 τὸν
957 2726 1052 2777 ἕνα
1084 2726 1181 2778 καὶ
1229 2725 1390 2793 φύσει
1434 2726 1527 2778 καὶ
1570 2725 1799 2795 ἀληθείᾳ

207 2816 362 2879 Θεὸν,
417 2816 617 2881 ἔξωθεν
650 2818 1165 2887 παρεισκρίνοντας.
1223 2819 1284 2869 Εἰ
1316 2814 1410 2871 οὖν
1445 2818 1474 2869 6
1520 2818 1680 2884 λόγος
1733 2818 1798 2869 ὲκ

208 2909 411 2964 κοινῶν
464 2910 685 2963 ἐννοιῶν
720 2914 817 2964 καὶ
868 2911 1107 2979 λογικῶν
1140 2912 1380 2980 μεθόδων
1428 2911 1526 2981 τὴν
1572 2911 1800 2979 δύναμιν

206 3002 301 3055 τοῦ
344 3002 515 3065 Θεοῦ,
549 3003 673 3057 καθ’
721 3004 791 3067 ἦν
832 3005 981 3058 ἐστιν
1027 3004 1103 3066 ὡς
1142 3006 1282 3075 ἔχων
1314 3004 1569 3072 δύναμιν,
1610 3005 1703 3055 καὶ
1734 3002 1800 3055 δι’

205 3091 269 3163 ἧς
300 3096 473 3160 ποιεῖ,
511 3095 607 3148 καὶ
632 3090 700 3166 ἦς
738 3098 905 3165 χωρὶς
935 3095 1088 3148 οὐδὲν
1114 3097 1278 3159 ποιεῖ,
1312 3095 1346 3163 ἢ
1376 3095 1469 3147 καὶ
1501 3094 1671 3162 Σοφία
1702 3096 1797 3146 καὶ

209 3188 388 3254 Λόγος
419 3186 513 3239 τοῦ
547 3186 683 3239 Θεοῦ
712 3188 806 3240 καὶ
833 3188 1046 3257 Πατρὸς
1075 3188 1193 3239 ἐστι
1222 3203 1282 3238 τε
1312 3192 1405 3238 καὶ
1435 3186 1677 3252 λέγεται,
1708 3186 1793 3236 ὲν-
1827 3220 1870 3277 c

207 3274 519 3326 υπόστατόν
543 3291 604 3326 τε
638 3276 731 3327 καὶ
764 3276 1052 3345 ὁμοούσιον
1086 3277 1181 3327 καὶ
1212 3277 1352 3327 κατά
1390 3276 1566 3327 πάντα
1611 3276 1799 3344 ὅμοιον

210 3365 285 3434 τῷ
317 3364 447 3435 Θεῴ
474 3366 568 3418 καὶ
616 3366 815 3436 Πατρὶ,
850 3367 944 3418 καὶ
1000 3366 1126 3418 Υἰὸν
1160 3368 1258 3435 τὴν
1290 3365 1461 3435 αὐτὴν
1512 3360 1678 3428 εἷναι,
1721 3364 1795 3427 ὡς

207 3458 391 3522 καλῶς
429 3462 559 3530 παρ’
604 3463 740 3530 ήμίν
768 3462 1104 3524 πιστεύεται,
1145 3460 1355 3533 τρανῶς
1397 3459 1638 3524 ἔδειξεν·
1679 3461 1801 3530 ἀρι-

206 3550 483 3619 δηλότατα
519 3549 711 3620 πόρρω
752 3566 856 3602 που
888 3550 1283 3621 ὲξωστρὰκισε,
1320 3550 1412 3600 καὶ
1448 3548 1801 3611 ἀπεσείσατο,

209 3642 304 3692 καὶ
326 3640 549 3711 ψευδεῖς
566 3642 828 3711 ἐνέφηνεν
849 3641 992 3710 ὑμᾶς
1009 3641 1133 3703 τοὺς
1146 3642 1240 3693 ἐπὶ
1252 3644 1315 3711 τῇ
1342 3640 1558 3709 θεότητι
1581 3641 1642 3692 τὸ
1665 3644 1802 3709 μετά

206 3731 266 3783 τὸ
296 3734 504 3785 ὲνιαῖον
548 3733 647 3802 τῆς
682 3733 920 3801 φύσεως,
964 3734 1057 3787 καὶ
1090 3732 1153 3785 τὸ
1186 3736 1243 3785 ἐν
1282 3735 1349 3802 τῇ
1385 3731 1607 3800 ἰδιότητι
1640 3733 1801 3801 ἡτουν

208 3824 516 3878 ὑποστάσει
565 3825 962 3895 ὁμολογοῦντας
985 3843 997 3855 ·
1053 3826 1149 3879 καὶ
1183 3825 1275 3878 τὸν
1312 3826 1533 3896 Πατέρα
1566 3826 1660 3877 καὶ
1711 3829 1802 3876 τὸν

212 3918 335 3970 Υἱὸν
364 3920 694 3988 ὁμοουσξους
731 3920 825 3971 καὶ
857 3919 997 3971 κατὰ
1021 3920 1201 3972 πάντα
1235 3920 1469 3980 ταυτοὺς
1490 3957 1506 3981 ,
1537 3916 1675 3987 πλὴν
1704 3918 1801 3980 τῆς

212 4012 546 4081 ἁγεννησίας
603 4014 696 4063 καὶ
742 4013 840 4080 τῆς
887 4014 1194 4082 γεννήσεως
1250 4010 1325 4081 μὴ
1371 4011 1797 4081 προσιεμένουςο

209 4103 290 4155 διὸ
338 4105 551 4165 τέλειος
583 4104 650 4157 ἂν
686 4106 819 4173 ἡμῖν
861 4106 890 4157 6
930 4104 1088 4171 λόγος
1126 4103 1226 4171 τῆς
1284 4101 1635 4171 κατασκευῆς
1670 4118 1800 4153 κατ-

210 4198 489 4263 εφαίνετο,
545 4196 640 4248 καὶ
669 4194 882 4256 οὐδενὸς
919 4194 1172 4262 δεόμενος
1202 4195 1316 4255 τοῖς
1345 4190 1645 4254 ἐθέλουσιν,
1678 4192 1801 4245 ὅσον

208 4290 347 4341 κατά
376 4289 442 4341 τὸ
486 4288 715 4341 δυνατὸν
746 4289 811 4340 ἐκ
850 4286 1046 4340 κοινῶν
1077 4302 1136 4338 τε
1168 4284 1390 4337 ἐννοιῶν
1426 4286 1520 4337 καὶ
1554 4284 1801 4352 φυσικῶν

208 4382 653 4455 ἐπιχειρήσεων,
703 4381 814 4435 τῶν
850 4382 991 4451 ὑπὲρ
1041 4381 1204 4449 φύσιν
1238 4381 1335 4441 τὰς
1365 4379 1669 4443 ἀποδείξεις
1713 4379 1798 4432 δέ-

214 4475 398 4539 )εσθαι
421 4493 438 4507 ’
474 4476 559 4528 ὅτι
579 4475 608 4526 6
634 4474 768 4537 Θεὸς
799 4476 894 4526 καὶ
926 4474 1117 4543 Πατὴρ
1143 4473 1256 4542 ἔχει
1286 4472 1414 4526 Υἱὸν
1439 4472 1624 4541 ὅμοιον
1648 4471 1799 4541 αὐτῷ

1901 1994 2033 2047 nihil
2065 1994 2212 2063 agit,
2243 2006 2405 2060 quam
2458 1991 2622 2046 etiam
2653 2006 2836 2045 sermo
2875 1998 3065 2043 noster
3120 1989 3494 2042 consubstan-

1900 2087 2085 2140 tialem
2112 2086 2219 2137 Deo
2243 2081 2409 2145 Patri,
2432 2091 2488 2137 et
2520 2088 2615 2152 per
2644 2082 2828 2134 omnia
2864 2079 3100 2134 similem
3148 2080 3494 2132 demonstra-

1901 2180 2001 2243 vit,
2055 2186 2282 2247 excepta
2343 2176 2733 2246 generatione,
2790 2172 2987 2226 Filium
3046 2186 3168 2227 csse
3202 2170 3294 2224 Dei
3332 2181 3496 2240 atque

1903 2268 2234 2339 Sapientiam
2280 2277 2334 2322 et
2366 2266 2625 2328 Verbum,
2652 2265 2814 2334 idq'ne
2852 2265 3046 2318 merito
3081 2279 3179 2317 nos
3222 2263 3490 2317 Clu-istia-

1905 2378 2006 2416 nos
2038 2360 2286 2417 conliteri
2322 2368 2376 2413 et
2406 2358 2649 2413 credere.
2672 2355 2795 2409 'Jam
2825 2357 2868 2409 si
2909 2356 3007 2409 hoc
3042 2369 3225 2408 verum
3260 2365 3362 2417 est,
3391 2369 3491 2406 ceu

1902 2468 2095 2524 reapse
2154 2468 2342 2507 verum
2380 2452 2810 2505 demonstratum
2853 2457 2938 2502 cst
2971 2465 2985 2515 ;
3016 2455 3219 2502 temere
3268 2462 3495 2516 prorsus

1903 2549 2173 2601 barbarus
2206 2544 2547 2614 stolidusque
2586 2541 2935 2594 Multamedcs
2962 2580 2977 2603 ,
3020 2540 3072 2593 in
3111 2554 3211 2593 suo
3254 2538 3393 2593 falso
3425 2540 3494 2592 li-

1901 2639 2001 2691 bro
2032 2652 2133 2693 nos
2188 2646 2448 2705 tanquam
2520 2632 2983 2688 communicarios
3037 2641 3092 2684 et
3155 2633 3493 2686 associantes

1903 2733 2094 2786 irridet
2128 2769 2142 2793 ,
2176 2729 2333 2798 quasi
2366 2726 2536 2782 Deum
2568 2726 2759 2789 al-itun,
2785 2724 2879 2779 Dei
2911 2723 3086 2778 Patris
3111 2722 3329 2788 Filium,
3353 2740 3491 2795 prte-

1902 2834 1984 2878 ter
2049 2838 2218 2876 unum
2276 2820 2581 2875 naturalem
2642 2834 2876 2887 vereque
2923 2816 3115 2881 Deum,
3147 2818 3495 2871 extrinsecus

1904 2917 2249 2970 invebamus.
2288 2914 2344 2967 Si
2371 2928 2501 2983 ergo
2528 2928 2709 2968 sermo
2742 2920 2933 2966 noster
2983 2925 3049 2965 ex
3104 2912 3493 2965 communibus

1905 3009 2224 3062 notionibus
2264 3008 2567 3077 logicisque
2591 3003 2885 3066 methodis,
2919 3003 3011 3056 Dei
3042 3004 3363 3072 potentiam,
3385 3020 3492 3074 qua

1904 3111 2095 3168 potens
2128 3109 2229 3160 est,
2258 3110 2313 3153 et
2335 3114 2443 3167 qua
2481 3099 2611 3165 agit,
2647 3105 2702 3151 et
2736 3096 2855 3151 sine
2911 3110 3018 3165 qua
3049 3095 3184 3149 nihil
3214 3097 3342 3166 agit,
3375 3112 3494 3165 qua!

1903 3192 2067 3246 etiam
2103 3192 2382 3261 Sapientia
2434 3189 2785 3258 Verbumque
2822 3187 2916 3243 Dei
2941 3189 3124 3243 Patris
3156 3198 3241 3243 est
3270 3206 3332 3243 ac
3361 3190 3495 3244 dici-

1911 3295 2019 3349 tur,
2052 3285 2523 3355 cnhypostaticam
2547 3291 2601 3337 et
2629 3281 3150 3337 consubSIantialem
3177 3289 3232 3335 et
3252 3296 3346 3350 per
3375 3297 3494 3337 om-

1908 3374 1999 3428 nia
2029 3375 2263 3428 similem
2301 3374 2409 3427 Deo
2435 3374 2603 3437 Patri,
2633 3372 2993 3441 eamdemque
3020 3386 3143 3426 esse
3187 3370 3408 3436 Filium,
3435 3385 3495 3426 ut

1909 3467 2043 3519 bene
2083 3481 2112 3518 a
2142 3465 2303 3519 nobis
2327 3464 2570 3517 creditur
2605 3480 2619 3529 ;
2652 3462 2700 3517 si
2738 3463 2872 3528 hac,
2909 3463 3131 3531 inquam
3157 3502 3172 3527 ,
3214 3464 3489 3518 sermonis

1907 3558 2079 3611 nostri
2109 3558 2283 3612 series
2307 3557 2485 3611 lucide
2516 3555 2933 3618 demonstravit,
2974 3554 3347 3609 indubitanter
3392 3570 3491 3609 vos

1907 3649 2096 3718 procul
2137 3648 2311 3719 abcgil
2356 3648 2714 3718 dispulitque,
2769 3647 3168 3716 mendacesque
3228 3648 3491 3716 coarguit,

1907 3742 1998 3811 qni
2026 3741 2155 3795 dum
2216 3748 2411 3810 praeter
2463 3750 2676 3795 natura
2740 3740 3003 3796 unitatem
3038 3780 3055 3805 ,
3106 3741 3491 3810 proprietatem

1904 3850 2126 3904 quoque
2143 3835 2256 3889 sive
2280 3834 2615 3905 hypostasim
2636 3833 2969 3887 conﬁtemini
2989 3874 3003 3897 ,
3028 3833 3240 3888 Patrem
3265 3832 3492 3888 Filium-

1906 3942 2016 3998 que
2045 3926 2560 3991 consubstantiales,
2589 3935 2644 3979 et
2676 3940 2771 3994 per
2804 3927 2987 3979 omnia
3037 3926 3262 3980 eosdem
3286 3967 3299 3986 .
3332 3942 3493 3981 cxce-

1907 4030 1995 4089 pta
2034 4020 2372 4073 innativitate
2409 4028 2463 4073 et
2495 4018 2864 4089 generatione,
2897 4032 3005 4071 non
3058 4018 3319 4087 recipitis.
3358 4020 3493 4074 Pro-

1907 4124 2090 4182 pterea
2129 4113 2286 4167 nobis
2329 4112 2547 4182 quidem
2577 4110 2860 4165 \idebatur
2906 4109 3176 4179 perfectus
3205 4125 3495 4181 argumen-

1906 4206 2129 4259 tationis
2174 4216 2376 4259 nostrae
2405 4219 2609 4267 sermo,
2640 4213 2694 4256 et
2724 4203 2992 4271 siquidem
3044 4203 3094 4254 lii
3150 4203 3364 4265 vellent,
3417 4204 3493 4255 ni-

1906 4302 1981 4353 hil
2007 4298 2428 4354 desiderandum
2467 4298 2775 4365 relinquere
2802 4312 2817 4360 ;
2848 4304 3119 4363 quatenus
3149 4310 3215 4348 ex
3246 4310 3492 4348 commu-

1905 4392 2068 4444 nibus
2109 4390 2420 4444 notionibus
2472 4388 2820 4458 pliysicisque
2859 4386 3219 4453 argumentis,
3258 4401 3345 4439 res
3371 4401 3495 4454 que

1904 4496 2070 4551 supra
2121 4490 2372 4534 naturam
2416 4490 2564 4541 sunt,
2606 4477 3125 4531 demonstrationem
3162 4476 3439 4545 patiuntur
3474 4498 3484 4529 :

210 4568 345 4621 κατὰ
383 4567 593 4632 πάντα,
624 4568 795 4637 ὅνπερ
826 4565 1053 4629 ἀπαθῶς
1100 4567 1193 4618 καὶ
1234 4565 1479 4635 ἀχρόνως
1512 4566 1605 4617 καὶ
1633 4565 1795 4635 ἀρεύ-

1903 4593 2097 4649 nempe
2122 4578 2266 4647 quod
2314 4574 2454 4629 Deus
2486 4574 2644 4627 Pater
2683 4570 2881 4626 Filium
2933 4571 3093 4625 habet
3117 4570 3346 4625 similem
3388 4571 3489 4623 sibi

212 4672 345 4719 στως
369 4660 715 4729 γεγέννηκεν
734 4677 749 4693 ’
773 4659 831 4722 ὃς
857 4660 951 4711 καὶ
979 4658 1150 4726 Λόγος
1180 4661 1275 4710 καὶ
1300 4657 1469 4726 Σοφία
1496 4658 1592 4710 καὶ
1620 4656 1792 4709 Δύνα-

214 4769 307 4820 μις
361 4755 734 4817 ὲνυπόστατος
763 4752 860 4807 τοῦ
911 4753 1047 4806 Θεοῦ
1098 4755 1270 4819 ἐστιν,
1301 4752 1395 4806 καὶ
1441 4751 1624 4815 καλῶς
1661 4751 1795 4821 παρ’

206 4846 363 4915 ήμῶν
393 4847 738 4901 πιστεύεται.

276 5030 366 5103 vf.
424 5032 577 5086 Ἀλλ’
625 5035 747 5086 ἐπεὶ
794 5034 889 5087 καὶ
925 5032 988 5086 τὸ
1042 5029 1272 5102 Πνεῦμα
1318 5030 1380 5084 τὸ
1430 5032 1496 5083 ὲκ
1526 5028 1622 5083 τοῦ
1660 5028 1796 5082 Θεοῦ

208 5131 299 5181 καὶ
328 5129 558 5199 Πατρὸς
584 5127 1039 5198 ἐκπορευόμενον,
1081 5127 1177 5179 καὶ
1212 5125 1309 5178 σὺν
1336 5124 1450 5195 Υἱῷ
1473 5125 1565 5176 τὸν
1594 5121 1798 5192 κόσμον

209 5218 514 5287 ζωογονοῦν
556 5221 651 5273 καὶ
705 5219 1047 5272 ἀναπλάττον
1099 5218 1195 5271 καὶ
1247 5215 1385 5287 πρὸς
1442 5214 1541 5286 τὴν
1590 5215 1799 5285 ἀμείνω

210 5312 348 5383 ζωὴν
373 5312 850 5385 μεταστοιχειοῦν,
885 5312 1124 5381 ὁμοφυὲς
1152 5311 1214 5363 τέ
1242 5312 1358 5362 ὲστι
1390 5311 1487 5362 καὶ
1514 5307 1799 5378 όμοούσιον

208 5408 280 5479 τῷ
305 5410 486 5481 Πατρὶ
518 5408 616 5463 καὶ
637 5408 716 5477 τῷ
738 5407 850 5476 Υἰῷ
873 5407 969 5459 καὶ
992 5406 1260 5476 ἰσότιμον,
1290 5405 1389 5474 τῆς
1414 5405 1539 5473 μιᾶς
1567 5401 1798 5472 ἀληθοῦς

209 5502 469 5572 Θεότητος
507 5500 612 5572 μία
661 5503 959 5563 ὑπόστασις
1000 5498 1280 5567 πεφυκόςο
1313 5496 1437 5550 καθ’
1481 5495 1511 5547 ὃ
1538 5496 1634 5548 καὶ
1666 5494 1798 5561 παρ’

211 5597 359 5665 ἡμῶν
415 5597 533 5650 τῶν
596 5594 941 5665 Χριστιανῶν
993 5593 1179 5656 καλῶς
1227 5589 1547 5645 πιστεύεταί
1598 5605 1659 5641 τε
1708 5589 1801 5640 καὶ

213 5690 546 5761 κηρύττεται
575 5703 590 5719 ’
628 5688 761 5761 φέρε
787 5690 885 5741 καὶ
918 5687 1050 5758 περὶ
1086 5684 1299 5739 ἐκείνου
1332 5683 1422 5737 τὸν
1456 5682 1615 5750 λόγον
1646 5682 1802 5750 ποιή-

218 5800 390 5852 σομαι,
424 5783 525 5837 καὶ
559 5783 659 5844 τὰς
688 5781 997 5846 ἀποδείξεις
1028 5778 1228 5850 μᾶλλον
1264 5779 1327 5830 ἐκ
1354 5776 1551 5829 κοινῶν
1580 5772 1802 5826 ἐννοιῶν

218 5883 662 5951 παραστήσομαι,
696 5879 789 5931 καὶ
833 5879 897 5929 ἐκ
938 5876 1230 5946 Γραφικῶν
1264 5875 1513 5943 ρήσεωντ
1546 5869 1610 5921 ἶν’
1643 5870 1671 5921 ὁ
1698 5868 1795 5936 τῆς

1898 4686 1997 4741 per
2026 4669 2249 4732 omnia;
2297 4684 2459 4738 quem
2517 4664 2926 4735 impassibiliter
2962 4672 3017 4716 et
3064 4662 3493 4730 intemporaliter

1897 4776 1952 4819 et
1973 4764 2088 4819 sine
2120 4762 2231 4817 ullo
2262 4760 2639 4829 lluxu,genuit
2663 4774 2678 4819 ;
2702 4756 2794 4825 qui
2832 4764 2884 4810 et
2909 4753 3148 4808 Verbum
3175 4764 3230 4806 et
3262 4750 3490 4821 Sapien-

1900 4857 1971 4911 tia
2017 4864 2072 4911 et
2127 4854 2372 4909 Potentia
2433 4848 2847 4921 enliypostatica
2900 4846 2995 4902 Dei
3023 4857 3127 4912 est,
3168 4854 3423 4914 recteque
3461 4863 3490 4897 ιι

1902 4953 2063 5007 nobis
2092 4948 2350 5004 creditur.

1975 5043 2063 5096 15.
2100 5039 2204 5095 Sed
2226 5037 2356 5108 quia
2401 5035 2636 5105 Spiritus
2669 5049 2907 5105 quoque,
2940 5032 3032 5102 qui
3091 5047 3120 5084 a
3154 5030 3266 5083 Deo
3303 5028 3493 5096 ,Patre

1903 5132 2170 5205 procedit,
2220 5141 2272 5181 et
2303 5143 2427 5180 cum
2454 5125 2592 5179 Filio
2631 5126 2894 5179 mundum
2955 5122 3193 5175 vivillcat
3225 5129 3280 5173 et
3321 5119 3494 5172 rel‘or-

1904 5236 2035 5284 mat,
2058 5233 2109 5275 rt
2136 5223 2199 5274 ad
2234 5220 2512 5272 meliorem
2548 5216 2712 5269 vitam
2739 5219 3089 5275 transmutat,
3121 5211 3495 5279 bomogeneus

1900 5325 1985 5370 est
2016 5326 2069 5367 et
2097 5308 2583 5368 consubstantialis
2632 5306 2779 5359 Patri
2818 5320 2884 5360 ac
2927 5304 3065 5358 Filio
3121 5311 3178 5357 et
3209 5316 3365 5370 aeque
3392 5302 3494 5353 lio-

1904 5406 2187 5466 norabilis,
2250 5402 2412 5455 unius
2440 5415 2582 5454 verae
2627 5398 2852 5453 Deitatis
2914 5408 3142 5465 persona
3195 5392 3495 5461 singularis

1902 5495 2418 5555 exsistens.sicuta
2460 5491 2620 5546 nobis
2652 5487 2986 5545 Christianis
3048 5495 3197 5540 recte
3252 5483 3496 5537 creditur

1905 5605 1970 5644 ac
2010 5586 2377 5657 praedicatur;
2424 5584 2605 5652 agesis
2647 5582 2716 5636 de
2774 5581 2869 5635 illo
2902 5591 3126 5648 quoque
3181 5589 3496 5629 sermonem

1904 5681 2210 5740 instituam,
2246 5677 2359 5729 imo
2390 5675 2573 5744 potius
2597 5671 3096 5727 demonstrationes
3130 5682 3198 5721 ex
3245 5681 3497 5720 commu-

1907 5775 2071 5828 nibus
2122 5771 2437 5827 nationibus
2494 5767 2783 5830 exhibebo,
2843 5778 3057 5819 necnon
3092 5778 3158 5815 ex
3197 5758 3500 5829 Scriptura:

1914 5865 2281 5931 testimoniis,
2323 5874 2382 5919 ut
2428 5864 2551 5918 lidri
2585 5862 2831 5917 doctrina
2873 5858 2941 5913 dc
2990 5862 3177 5913 sancta
3230 5850 3499 5906 Trinitate
