4194 6432
204 374 306 434 689

202 483 291 532 θεν
310 498 323 511 ’
354 486 404 536 εξ
431 486 487 539 δὲ
525 489 600 559 μὴ
623 491 845 559 ἔξωθεν,
870 499 992 557 οὐδὲ

202 572 305 637 τῶς
336 578 577 632 τοιοῦτον
604 579 766 640 εἶναι.

273 778 353 826 ιε’.
397 777 505 829 Καὶ
531 778 741 844 ἄλλωςο
800 785 862 837 Εἰ
908 789 936 840 ό
969 790 1101 853 Θεὸς
1132 791 1293 866 θετὴν
1336 800 1449 868 ἔχει
1490 803 1588 871 τὴν
1623 806 1775 873 ἁγιό-

197 881 353 933 τητα,
380 872 617 940 φανερὸν
640 873 722 926 ὅτι
756 879 1105 950 συμϐέϐηκεν
1147 887 1296 959 αὑτῷ
1317 906 1329 921 ο
1367 895 1474 943 πᾶν
1493 893 1549 944 δὲ
1580 872 1773 965 συμϐε-

198 954 383 1024 ϐηχὸς,
427 968 842 1035 πεπερασμένον
873 971 932 1023 τέ
971 975 1086 1027 ἐστι
1112 1015 1127 1039 ,
1161 979 1256 1029 καὶ
1299 982 1356 1031 ἐν
1389 989 1577 1054 κτιστῇ
1614 988 1773 1054 φύσει

200 1049 438 1119 δηλονότι
473 1049 612 1108 εἶναι
647 1057 793 1129 ἔχει’
856 1065 1145 1133 συνάγεται
1178 1070 1284 1139 ἄρα
1313 1073 1392 1125 ὅτι
1423 1078 1447 1127 ὁ
1476 1076 1607 1140 Θεὸς
1651 1097 1771 1131 κτι-

204 1141 324 1203 στός
356 1144 496 1208 ἐστι,
526 1148 618 1199 καὶ
643 1154 871 1221 κτιστὴν
897 1155 1059 1223 φύσιν
1086 1160 1230 1229 ἔχει·
1262 1166 1309 1215 εί
1355 1165 1411 1217 δὲ
1438 1168 1613 1233 τοῦτο,
1655 1171 1773 1239 ἤτοι

204 1231 327 1298 παρ’
366 1232 565 1289 ἑαυτοῦ
596 1239 866 1307 ἔκτισται,
916 1247 947 1315 ἦ
999 1252 1130 1319 παρ’
1160 1252 1381 1323 ἑτέρου·
1418 1257 1531 1309 ἀλλ’
1566 1262 1613 1311 εί
1667 1262 1767 1330 μὲν

198 1323 321 1390 παρ’
384 1324 606 1391 ἑαυτοῦ,
659 1330 812 1385 ἔσται
863 1339 1006 1391 κατὰ
1057 1344 1223 1396 ταυτὸ
1254 1348 1281 1397 ὁ
1314 1347 1475 1409 αὐτὸς
1508 1352 1772 1419 παράγων

198 1414 288 1463 καὶ
323 1418 729 1488 παραγόμενος,
780 1426 978 1490 κτίζων
1010 1433 1101 1483 καὶ
1140 1436 1481 1503 κτιζόμενος,
1512 1440 1772 1512 δημιουρ-

193 1505 301 1571 γῶν
332 1509 428 1560 καὶ
461 1512 961 1588 δημιουργούμενος
984 1540 996 1552 ’
1018 1526 1172 1578 οὐδὲν
1200 1528 1255 1580 δὲ
1274 1529 1381 1583 τῶν
1406 1505 1773 1589 ὅντων-τοιοῦ-

196 1599 282 1651 τόν
310 1603 495 1655 ἐστιν·
524 1606 624 1659 οὐκ
670 1609 777 1679 ἄρα
817 1615 843 1665 ὁ
892 1616 1021 1679 Θεὸς
1060 1621 1188 1689 παρ’
1237 1622 1430 1677 ἑαυτοῦ
1482 1627 1726 1682 ἔκτισται
1752 1648 1765 1662 ·

197 1692 307 1742 ἀλλ’
351 1695 476 1747 οὐδὲ
527 1699 660 1768 παρ’
695 1703 881 1774 ἐτέρου
906 1721 920 1735 ’
953 1708 1003 1759 εἰ
1047 1710 1153 1780 γὰρ
1200 1714 1479 1769 καὶτοῦτο
1502 1717 1617 1789 δοίη
1659 1738 1764 1786 τις,

194 1784 340 1838 ἔσται
370 1789 466 1841 τοῦ
489 1791 624 1843 Θεοῦ
653 1794 784 1857 Θεός
806 1814 818 1826 ·
856 1800 951 1850 καὶ
981 1804 1109 1872 περὶ
1140 1806 1352 1858 ἐκείνου
1377 1806 1446 1860 τὰ
1468 1810 1606 1863 αὐτὰ
1629 1813 1767 1867 ἀπο-

200 1880 459 1949 ρήσομεν,
485 1887 581 1937 καὶ
608 1886 765 1940 τοῦτο
786 1891 871 1943 ἐπ’
896 1869 1124 1964 ἄπειρον
1146 1912 1158 1925 ·
1191 1898 1292 1950 οὐκ
1324 1900 1432 1968 ἄρα
1460 1904 1488 1953 ὁ
1515 1902 1645 1968 Θεὸς
1675 1906 1763 1957 θε-
1799 1869 1842 1924 Β

191 1971 280 2041 τὴν
308 1973 424 2041 ἔχει
458 1975 555 2044 τὴν
589 1978 755 2031 αὑτοῦ
785 1981 1048 2054 ἀγιότητα
1086 1988 1179 2040 καὶ
1212 1988 1509 2058 ἐμπνευσιν
1534 1996 1642 2048 τῶν
1666 2014 1765 2065 χα-

193 2066 489 2134 ρισμάτων.
522 2068 581 2120 ΕΞ
610 2066 703 2123 οὖν
743 2075 771 2125 ὁ
812 2074 990 2141 λόγος,
1030 2077 1120 2130 διὰ
1152 2081 1361 2133 πολλῶν
1398 2087 1766 2158 ἐπιχειρημά-

188 2172 309 2221 των,
348 2157 615 2212 ἀδύνατον
649 2163 818 2229 ἔδειξε
858 2166 913 2217 τὸ
960 2168 1129 2232 θετῶς
1175 2172 1321 2242 ἔχειν
1366 2176 1455 2228 τὸν
1484 2178 1616 2231 Θεὸν
1666 2180 1766 2251 τὴν

188 2247 343 2300 αὑτοῦ
400 2250 667 2321 ἁγιότητα
719 2256 814 2308 καὶ
860 2256 1180 2327 ἐμπνευσιν,
1217 2267 1457 2335 φανερὸν
1477 2268 1559 2321 ὅτι
1605 2270 1764 2339 φύσει

189 2340 351 2411 αὐτὴν
388 2342 541 2413 ἔχει’
604 2347 652 2399 εί
683 2347 776 2401 θῦν
807 2350 967 2419 φύσει
1001 2354 1170 2425 αὐτὴν
1202 2355 1337 2425 ἔχει,
1366 2360 1483 2431 ἦτοι
1511 2361 1570 2426 ἐξ
1601 2364 1767 2431 ἀνάγ-

193 2451 284 2503 κης
315 2435 346 2502 ἢ
380 2436 459 2499 ὡς
486 2439 578 2490 ἐπὶ
602 2440 661 2491 τὸ
693 2442 827 2495 πολὺ
850 2460 864 2472 ·
907 2445 1025 2497 ἀλλ’
1062 2448 1145 2503 ὃτι
1191 2451 1291 2520 μὲν
1314 2452 1389 2516 ὡς
1422 2454 1515 2507 ἐπὶ
1541 2456 1603 2509 τὸ
1626 2457 1764 2512 πολὺ

186 2527 241 2579 οὐ
273 2529 554 2598 πρόσεστι,
589 2533 775 2602 δῆλον·
810 2536 870 2589 τὸ
922 2540 1031 2609 γὰρ
1052 2539 1126 2604 ὼς
1157 2544 1249 2595 ἐπὶ
1280 2545 1340 2598 τὸ
1371 2548 1528 2615 πολὺ,
1558 2550 1764 2603 ἀποτυ-

187 2621 269 2690 χία
298 2624 516 2691 φύσεώς
546 2629 726 2682 ἐστιν’
776 2634 1145 2705 ἀποτυγχάνει
1176 2638 1283 2709 γὰρ
1312 2642 1345 2710 ἡ
1376 2642 1541 2710 φύσις
1588 2644 1764 2698 ἐνίοτε

186 2715 284 2767 τῶν
304 2717 394 2770 ἐπ’
413 2718 734 2774 ἐλαττόνων·
760 2725 1112 2797 ἐπιτυγχάνει
1134 2731 1190 2783 δὲ
1210 2732 1319 2786 τῶν
1337 2733 1413 2796 ὼς
1433 2736 1528 2788 ἐπὶ
1549 2738 1608 2789 τὸ
1629 2738 1761 2791 πολὺ

188 2811 411 2864 καὶτῶν
455 2813 515 2877 ἐξ
542 2814 823 2886 ἀνάγκης*
875 2819 935 2871 τὸ
974 2821 1020 2872 δ’
1069 2822 1469 2894 ἀποτυγχάνειν
1522 2829 1615 2880 ἐπὶ
1662 2833 1763 2900 τῆς

185 2905 322 2971 θείας
350 2909 594 2977 φύσεως,
630 2914 902 2969 ἀνοίκειόν
926 2919 1096 2972 ἐστιν·
1124 2922 1285 2993 εἴπερ
1318 2926 1464 2978 πᾶσι
1492 2926 1763 2998 ἀποτυχία

187 3003 315 3070 μετὰ
338 3003 551 3066 πάθους
572 3022 587 3036 ⁸
636 3009 663 3059 ὁ
689 3006 746 3059 δὲ
777 3008 909 3072 Θεὸς
937 3014 1138 3075 παντὸς
1166 3014 1372 3080 πάθους
1416 3018 1719 3087 ἀνῴκισται
1745 3036 1759 3050 ’

181 3093 271 3147 οὐκ
290 3095 395 3164 ἄρα
421 3095 500 3159 ὡς
533 3097 627 3150 ἐπὶ
654 3099 716 3151 τὸ
748 3101 880 3153 πολὺ
911 3104 940 3154 ὁ
963 3102 1095 3164 Θεὸς
1137 3104 1253 3174 ἔχει
1282 3108 1382 3176 τὴν
1408 3108 1573 3161 αὑτοῦ
1607 3110 1760 3176 ἁγιό-

181 3201 309 3254 τητα
328 3205 340 3216 ·
363 3188 613 3241 λείπεται
636 3190 694 3254 ἐξ
719 3191 965 3260 ἀνάγκης
984 3211 997 3224 ·
1033 3197 1082 3246 εἱ
1111 3196 1157 3247 δ’
1183 3197 1244 3261 ἐξ
1266 3198 1533 3267 ἀνάγκης,
1555 3201 1648 3253 καὶ
1672 3200 1759 3255 ἀεί
1785 3225 1828 3281 C

182 3276 337 3341 ἐστιν,
370 3280 535 3347 εἴπερ
574 3279 801 3333 τοιαῦτα
831 3283 900 3335 τὰ
927 3285 984 3349 ἐξ
1013 3285 1291 3356 ἀνάγκης·
1328 3290 1378 3342 εί
1402 3290 1458 3342 δὲ
1496 3291 1582 3344 ἀεί
1610 3294 1758 3345 ἐστιν

183 3368 212 3430 ἡ
240 3368 465 3436 ἁγιότης
495 3370 593 3422 καὶ
626 3372 659 3440 ἡ
695 3371 997 3441 ἔμπνευσις
1028 3376 1121 3429 τοῦ
1149 3378 1282 3431 Θεοῦ
1316 3380 1375 3432 ἐν
1407 3382 1558 3451 αὑτῷ
1583 3421 1598 3445 ,
1637 3384 1758 3452 ἦτοι

181 3457 248 3521 ὡς
290 3462 662 3525 ὲνυπύστατός
696 3464 757 3516 τέ
801 3466 942 3529 ἐστι,
993 3468 1087 3521 καὶ
1116 3470 1240 3522 καθ’
1263 3471 1467 3541 ἑαυτὴν
1509 3473 1570 3526 τὸ
1614 3470 1759 3528 εἶναι

182 3547 281 3617 ἔχει
300 3568 313 3581 ·
343 3550 377 3621 ἢ
401 3551 481 3613 ὡς
513 3553 599 3604 ὲτε
611 3554 978 3621 ροῦπόστατος
1014 3560 1107 3611 καὶ
1131 3562 1479 3633 συμϐεϐηκός
1499 3579 1511 3592 ⁸
1539 3565 1653 3617 ἀλλ’
1675 3567 1758 3618 ὅτι

184 3635 271 3721 μὲν
309 3637 382 3699 ὡς
445 3641 911 3709 ἑτεροῡπόστατος
942 3648 1035 3700 καὶ
1065 3650 1414 3721 συμϐεϐηκὸς
1452 3654 1551 3707 οὐκ
1588 3654 1756 3721 ἔστιν,

179 3719 269 3781 ὧδε
296 3729 357 3800 δή
394 3730 515 3795 πώς
552 3734 668 3787 ἐστι
697 3735 879 3803 δῆλον.

1356 403 1784 470 REFUTATIO
1822 414 2287 482 MOllAMEDlS.

1028 501 1197 569 Θετῶς
1217 522 1229 536 ³
1274 510 1362 564 διὰ
1396 514 1455 566 τὸ
1479 520 1586 571 πᾶν
1610 520 1671 570 τὸ
1694 520 1770 572 θε-

1882 530 1950 581 ab
1975 532 2102 593 alin,
2168 543 2385 587 constat
2436 541 2577 605 quod
2636 556 2735 595 nec
2788 545 3151 602 extrinsecus.
3212 549 3366 615 Quod
3401 553 3444 608 si

3345 445 3449 507 690

1880 622 2107 675 minime
2156 627 2520 692 extrinsecus,
2550 648 2615 687 ne
2670 634 2924 703 adoptive
2973 640 3229 708 quidem:
3287 657 3449 697 omne

1876 713 2021 767 enim
2058 714 2371 785 adoptivum
2423 720 2493 773 ita
2527 733 2583 776 se
2616 723 2797 780 habet.

1950 806 2017 859 15
2065 808 2249 864 Adhuc
2277 812 2452 865 aliter.
2483 812 2537 867 Si
2599 816 2739 872 Deus
2765 818 3069 888 adoptivam
3119 822 3283 877 habet
3322 840 3449 879 san—

1876 896 2139 962 ctitatem,
2241 911 2459 957 constat
2523 921 2638 959 eam
2698 910 2769 963 illi
2833 912 3121 966 accidisse.
3171 914 3447 985 Quidquid

1876 995 2056 1042 autem
2082 992 2299 1056 accidit,
2330 994 2620 1050 limitatum
2646 1011 2748 1063 est,
2811 1004 2941 1056 etin
2996 1013 3192 1058 natura
3266 1018 3447 1061 creata

1875 1080 1995 1137 sine
2034 1083 2201 1138 dubio
2256 1085 2417 1141 habet
2484 1089 2919 1148 subsistentiatn.
2980 1096 3267 1166 Colligitur
3320 1114 3449 1167 ergo

1876 1170 2043 1228 Deum
2079 1190 2199 1229 esse
2238 1186 2505 1244 creatum,
2543 1189 2597 1233 et
2646 1190 2889 1237 creatam
2922 1188 3121 1243 habere
3164 1199 3445 1247 naturam.

1874 1263 2028 1328 Quod
2071 1267 2117 1320 si
2155 1267 2227 1319 ita
2278 1279 2380 1334 est,
2410 1271 2493 1325 vel
2535 1286 2645 1327 ase
2687 1274 2805 1343 ipso
2823 1286 3042 1330 creatus
3103 1278 3229 1344 fuit,
3266 1280 3349 1334 vel
3378 1281 3447 1333 ab

1873 1356 2000 1411 alio.
2023 1358 2125 1411 Sed
2146 1358 2191 1412 si
2223 1373 2251 1412 a
2296 1376 2355 1415 se
2389 1363 2527 1431 ipso,
2573 1366 2677 1420 erit
2732 1367 2873 1420 idem
2931 1369 3241 1436 produrens
3285 1372 3445 1425 simul

1870 1456 1919 1499 et
1953 1448 2491 1517 productus,creans
2542 1466 2595 1507 et
2640 1467 2883 1517 creatus.
2927 1459 3123 1513 artifex
3179 1470 3233 1512 et
3288 1471 3446 1515 arte-

1870 1536 2069 1591 factus.
2104 1539 2263 1608 Atqui
2338 1542 2476 1596 nihil
2541 1544 2855 1613 huiusmodi
2914 1549 2966 1601 in
3019 1566 3199 1602 rerum
3251 1560 3446 1605 natura

1869 1636 1985 1682 est:
2020 1644 2123 1682 non
2155 1630 2317 1696 igitur
2342 1644 2519 1687 semet
2551 1636 2665 1704 ipse
2696 1638 2900 1691 creavit
2938 1638 3098 1694 Deus.
3132 1641 3237 1696 Sed
3272 1660 3447 1712 neque

1869 1721 1939 1773 ab
1971 1720 2078 1775 alio
2107 1733 2327 1778 creatus
2356 1724 2493 1789 fuit;
2537 1743 2660 1780 nam
2707 1730 2750 1782 si
2802 1730 2907 1784 hoc
2934 1732 3209 1800 qttispiam
3244 1750 3445 1788 conce-

1870 1811 1979 1877 dat,
2011 1815 2114 1869 erit
2146 1816 2235 1870 Dei
2262 1816 2424 1882 Deus,
2460 1819 2635 1884 deque
2662 1822 2762 1874 hoc
2792 1822 3042 1877 similiter
3063 1826 3443 1895 ambigemus;

1869 1902 2031 1971 idque
2080 1904 2132 1957 in
2194 1906 2487 1961 infinitum.
2540 1908 2655 1963 Non
2723 1911 2889 1981 igitur
2937 1911 3079 1968 Deus
3132 1916 3443 1984 adoptivam

1867 1995 2031 2049 habet
2076 1998 2588 2055 sanetitatcntsuam
2614 2012 2665 2056 et
2700 2004 2967 2058 donorum
3001 2008 3445 2077 inspirationem.

1869 2090 1923 2144 Si
1949 2108 2077 2161 ergo
2102 2108 2284 2149 sermo
2324 2107 2513 2150 noster
2559 2099 2747 2155 multis
2794 2104 3132 2170 argumentis
3190 2105 3447 2175 impossi-

1866 2185 1972 2239 bile
2004 2188 2241 2241 ostendit
2305 2190 2615 2259 adoptivam
2652 2208 2681 2246 a
2716 2192 2827 2247 Deo
2876 2196 3146 2263 possideri
3175 2199 3446 2254 sanctita-

1864 2286 1971 2330 tem
1999 2293 2153 2331 suam
2187 2288 2241 2333 et
2268 2281 2705 2350 inspirationcm,
2736 2297 2953 2340 constat
2972 2303 3091 2341 eam
3116 2291 3444 2345 naturaliter

1864 2369 1933 2422 ab
1963 2384 2029 2422 eo
2064 2369 2271 2425 haberi.
2300 2373 2354 2427 Si
2385 2389 2515 2443 ergo
2552 2378 2871 2433 naturaliter
2894 2396 3013 2434 eam
3051 2381 3234 2445 habet,
3268 2383 3322 2438 id
3354 2385 3437 2438 vel

1865 2465 2202 2528 necessario,
2237 2466 2321 2519 vel
2360 2467 2714 2536 plerumque;
2749 2472 2841 2526 sed
2873 2474 3017 2541 quod
3044 2491 3148 2529 non
3199 2476 3444 2545 plerum—

1864 2568 1990 2622 que,
2023 2564 2272 2622 coustat;
2319 2574 2442 2611 nam
2473 2560 2617 2628 quod
2648 2561 2965 2631 plerumque
2993 2575 3203 2617 tantum
3236 2569 3438 2630 evenit,

1864 2645 1916 2697 id
1956 2654 2162 2700 natura!
2217 2646 2490 2703 defectum
2536 2651 2776 2705 indicat:
2826 2653 3234 2709 frustrationem
3294 2658 3440 2710 enim

1863 2735 2157 2805 aliquando
2213 2747 2409 2793 natura
2465 2741 2669 2808 patitur
2698 2742 2825 2795 dum
2892 2745 3163 2799 minorem
3228 2757 3438 2815 partem

1864 2827 2005 2883 fert:
2040 2830 2187 2883 bono
2214 2840 2393 2885 autem
2425 2847 2686 2888 successu
2735 2836 2906 2889 utitur
2938 2846 3048 2891 tum
3110 2840 3163 2892 in
3217 2841 3284 2895 iis
3322 2858 3441 2909 qua:

1862 2921 2184 2991 plerumque
2232 2924 2507 2989 accidunt,
2579 2934 2695 2979 tum
2753 2926 2917 2981 etiam
2976 2930 3029 2982 in
3089 2933 3438 2987 necessariis.

1864 3013 2027 3081 Atqui
2101 3016 2351 3070 frustrari
2423 3017 2477 3070 in
2510 3017 2748 3071 divinam
2816 3029 3064 3073 naturam
3097 3037 3204 3075 non
3249 3024 3437 3088 cadit;

1863 3101 2135 3171 siquidem
2166 3104 2348 3159 omnis
2380 3104 2671 3161 frustratio
2707 3124 2814 3162 non
2846 3111 2965 3165 sine
2996 3112 3255 3181 passione
3306 3126 3428 3168 est:

1864 3193 2008 3248 Deus
2045 3210 2174 3249 vero
2214 3198 2443 3252 cuilibet
2504 3200 2773 3269 passioni-
2814 3204 3086 3272 superior.
3141 3202 3259 3258 Non
3309 3222 3439 3275 ιιι-εει

1865 3288 2026 3342 habet
2052 3288 2196 3344 Deus
2248 3292 2405 3360 quasi
2464 3294 2782 3363 plermnqne
2839 3298 3182 3351 sanctitatem
3258 3315 3433 3352 suam.

1866 3378 2155 3449 Reliquum
2191 3390 2296 3446 est,
2344 3392 2404 3438 ut
2455 3388 2789 3441 necessario.
2853 3387 2958 3441 Sed
3012 3390 3055 3442 si
3101 3390 3436 3451 necessario,

1865 3485 2079 3541 semper
2111 3488 2330 3542 quoque
2360 3473 2541 3538 habet,
2570 3476 3010 3545 quandoquidem
3042 3478 3155 3532 baac
3183 3494 3435 3535 necessa—

1866 3563 2072 3615 riorum
2100 3572 2294 3617 natura
2341 3573 2447 3618 est.
2481 3565 2601 3619 Jam
2633 3567 2676 3619 si
2736 3584 2954 3637 semper
3004 3570 3115 3623 Deo
3168 3571 3309 3626 inest
3336 3587 3436 3627 sua

1865 3656 2129 3709 sanctitas
2160 3664 2214 3707 ct
2246 3656 2532 3724 inspiratio
2560 3675 2571 3719 ;
2602 3674 2664 3711 ca
2705 3660 2926 3729 quidem
2981 3663 3063 3715 vel
3114 3664 3437 3734 enhyposta-

1866 3747 1971 3800 tica
2001 3755 2106 3812 cst,
2169 3757 2225 3801 et
2285 3764 2380 3816 per
2422 3766 2480 3802 se
2534 3751 2648 3817 ipsa
2709 3754 2993 3819 subsistit;
3030 3755 3109 3807 vel
3164 3756 3216 3809 in
3263 3758 3437 3810 altern

181 3820 435 3888 subsistit,
476 3834 533 3879 et
578 3836 662 3881 est
717 3830 995 3887 accidens.
1054 3832 1159 3889 Sed
1212 3836 1357 3907 quod
1404 3854 1465 3894 ea
1533 3841 1586 3893 in
1641 3841 1816 3896 altero
1863 3856 1971 3895 non
2028 3841 2296 3897 subsistat
2356 3859 2458 3896 uec
2517 3848 2587 3898 sit
2633 3846 2906 3914 accidens,
2978 3850 3048 3902 ita
3095 3848 3206 3904 fere
3261 3850 3435 3919 palam

184 3915 277 3971 ﬂet.

242 4020 332 4078 ις’.
371 4014 433 4068 Ὀ
466 4016 603 4079 Θεὸς
630 4018 1007 4087 ἁπλούστατός
1040 4027 1157 4079 ἐστι
1178 4068 1193 4092 ,
1228 4030 1323 4083 καὶ
1360 4032 1539 4099 πάσης
1566 4034 1753 4088 συνθέ-

187 4118 307 4168 σεως
355 4110 453 4160 καὶ
500 4109 826 4181 συνθετικῆς
878 4117 1087 4179 ἑννοίας
1122 4120 1418 4188 ἐπέκεινα,
1465 4124 1539 4187 ὡς
1569 4127 1661 4178 καὶ¹
1693 4128 1751 4179 αἱ

187 4201 349 4288 κοιναὶ
381 4201 590 4257 ἔννοιαι
620 4203 807 4275 ἔχουσι
829 4222 842 4236 ·
879 4210 989 4262 πᾶν
1018 4211 1075 4265 δὲ
1107 4214 1457 4285 συμϐεϐηκὸς
1489 4218 1629 4288 μετὰ
1656 4219 1751 4273 τοῦ

182 4281 219 4352 ᾧ
252 4292 599 4363 συμϐέϐηκεν
623 4334 639 4358 ,
675 4296 929 4353 σύνθετόν
964 4303 1117 4356 ἐστιν
1175 4306 1269 4359 καὶ
1313 4281 1622 4375 λογίζεται*
1674 4312 1753 4365 διὸ

182 4377 283 4470 ἐστι
326 4384 754 4453 συλλογίσασθαι
813 4391 1024 4457 οὕτως·
1088 4396 1146 4450 Ὀ
1191 4398 1326 4462 Θεὸς
1379 4402 1755 4470 ἀπλούστατός

182 4466 317 4521 ἐστι*
350 4475 459 4526 πᾶν
500 4475 564 4528 δὲ
600 4477 950 4548 συμϐεϐηκὸς
993 4485 1132 4554 μετά
1162 4487 1256 4540 τοῦ
1306 4481 1351 4556 ᾧ
1384 4466 1754 4562 συμϐέϐηκεν,

184 4559 265 4629 οὐχ
290 4562 496 4617 ἁπλοῦν
520 4565 586 4618 τέ
618 4567 855 4623 ἐστικαὶ
883 4571 1187 4641 λογίζεται·
1224 4580 1519 4647 συνάγεται
1547 4583 1656 4653 ἄρα
1671 4587 1755 4647 ὅτι

1940 4033 2025 4086 l6.
2068 4030 2212 4085 Deus
2242 4030 2685 4100 simplicissimus
2724 4044 2828 4098 est,
2859 4036 3118 4104 onmique
3160 4038 3432 4101 composi-

1862 4122 1992 4177 tioni
2044 4125 2462 4193 compositoque
2521 4126 2722 4180 mentis
2800 4129 3088 4195 conceptui
3163 4132 3431 4198 superior.

1860 4218 2003 4272 sicut
2028 4227 2082 4271 et
2109 4233 2430 4273 comnmnes
2488 4219 2739 4274 notiones
2786 4228 2990 4274 tenent.
3031 4220 3203 4275 Omne
3252 4231 3433 4277 autem

1862 4310 2136 4376 accidens,
2171 4310 2325 4380 aeque
2351 4327 2413 4365 ac
2438 4311 2567 4365 illud
2596 4312 2684 4365 cui
2717 4312 2937 4374 accidit,
2963 4314 3326 4379 conqiositum
3349 4324 3435 4369 est

1859 4412 1913 4455 et
1937 4403 2007 4455 ita
2036 4412 2343 4471 reputatur.
2375 4401 2556 4467 Quare
2588 4402 2666 4456 sic
2698 4403 2823 4456 licet
2849 4405 3221 4473 argumentari
3250 4420 3266 4457 :
3294 4405 3435 4460 Deus

1852 4493 2297 4561 simplicissimus
2331 4502 2443 4545 est:
2489 4507 2652 4545 omne
2686 4501 2867 4545 autem
2902 4492 3157 4545 accidens
3192 4508 3345 4561 mque
3371 4509 3434 4543 ιυε

1852 4584 1983 4639 illud
2020 4586 2106 4636 cui
2140 4584 2358 4645 accidit,
2407 4598 2583 4651 neque
2620 4584 2845 4652 simplex
2882 4592 2985 4640 ,est
3013 4599 3187 4651 neque
3218 4592 3435 4650 reputa-

182 4647 207 4697 ό
229 4650 349 4717 Θεὸς
380 4655 746 4723 ἀνεπίδεκτος
783 4663 1195 4735 συμϐεϐηκότος
1214 4686 1229 4700 ο
1259 4669 1373 4739 ἔχει
1402 4671 1457 4723 δὲ
1486 4647 1751 4747 ἁγιότητα

1862 4684 1984 4727 tur:
2019 4674 2366 4727 concluditur
2395 4688 2526 4742 ergo
2572 4672 2743 4726 Deum
2786 4688 2907 4727 esse
2945 4673 3246 4726 accidentis
3284 4675 3436 4727 inca-

184 4741 235 4791 ὲν
263 4744 431 4817 ἑαυτῷ
465 4750 571 4803 καὶ
599 4750 981 4827 ἔμπνευσιν,ἢ
1012 4760 1105 4811 καὶ
1137 4760 1363 4832 Πνεῦμα
1393 4763 1531 4817 Θεοῦ
1569 4741 1755 4821 καλ-εἰ-

181 4848 275 4898 ται,
305 4840 422 4891 καθ’
470 4841 509 4895 ἃ
567 4848 838 4913 μαρτυρεῖ
888 4848 982 4900 καὶ
1030 4850 1089 4902 τὸ
1157 4852 1421 4925 ὑμέτερον
1474 4859 1740 4929 γράμμα,

181 4924 328 5023 ᾔτουν
351 4932 384 5000 ἡ
411 4932 508 4984 τοῦ
542 4934 801 5004 Μωάμετ
838 4937 1020 5008 βίϐλος
1049 4943 1126 5013 (5)
1148 4959 1161 4972 ·
1213 4947 1315 5000 οὐκ
1334 4924 1448 5016 ἄρα
1471 4924 1751 5023 εάτιςέυμ-

179 5013 417 5091 ϐεϐηκός’
443 5025 495 5078 εἰ
522 5025 584 5079 δὲ
609 5027 672 5080 οὐ
689 5029 1058 5103 συμϐεϐηκὸς,
1085 5013 1451 5097 ἐνυπόστατόν
1480 5044 1616 5107 ἐστι,
1652 5013 1748 5100 καὶ

180 5110 287 5162 καθ’
318 5114 480 5170 ἑαυτὸ
510 5116 575 5171 τὸ
597 5114 743 5174 εἶναι
773 5120 891 5192 ἔχει
916 5140 927 5153 '
958 5124 1075 5181 ἔστι
1102 5128 1157 5181 δὲ
1189 5131 1283 5184 καὶ
1314 5133 1435 5185 ἀεί·
1465 5137 1573 5189 πᾶν
1601 5136 1657 5190 δὲ
1684 5139 1746 5192 τὸ

182 5200 544 5275 ἐνυπόστατον,
586 5211 684 5265 καὶ
732 5213 851 5266 καθ’
896 5216 1056 5271 ἑαυτὸ
1086 5218 1147 5271 τὸ
1185 5215 1327 5276 εἶναι
1370 5223 1512 5294 ἕχον,
1545 5228 1632 5279 ἀεὶ
1661 5228 1741 5294 ὃν,

179 5292 282 5385 οὔτε
317 5300 491 5371 ἀρχὴν
532 5303 657 5373 ἔχει
700 5308 959 5378 χρονικὴν
998 5311 1124 5364 οὔτε
1162 5313 1346 5378 τέλος·
1483 5318 1540 5370 δὲ
1570 5292 1743 5385 οὕτως

182 5382 303 5454 ἔχον,
333 5394 554 5458 πάντως
593 5396 693 5449 καὶ
721 5398 978 5454 ἄκτιστόν
1006 5406 1123 5457 ἐστι
1152 5406 1247 5460 καὶ
1274 5408 1540 5480 ἀγένητον
1563 5429 1577 5443 ·
1613 5429 1741 5466 συν-

182 5476 351 5545 άγεται
382 5487 513 5554 ἄρα,
558 5489 647 5542 ὅτι
684 5490 717 5560 ἡ
752 5491 845 5543 τοῦ
882 5494 1017 5548 Θεοῦ
1046 5499 1274 5569 ἁγιότης
1302 5501 1395 5552 καὶ
1511 5503 1746 5572 ἔμπνευ-

184 5587 273 5638 σις,
324 5577 356 5647 ἡ
404 5580 503 5633 καί
561 5580 792 5650 Πνεῦμα
849 5584 987 5639 Θεοῦ
1029 5588 1247 5659 λέγεται
1300 5593 1451 5663 παρὰ
1499 5598 1564 5666 τῇ
1623 5596 1743 5668 θείᾳ

180 5659 364 5738 Γραφῇ,
392 5672 670 5744 ἀγένητόν
696 5674 711 5746 [
735 5678 813 5731 ita
843 5678 1001 5752 cod.]
1035 5681 1151 5737 ἐστι
1180 5686 1273 5738 καὶ
1297 5659 1585 5741 ἄκτιιεςτονὀ
1611 5659 1740 5757 ἁγὲί

241 5847 308 5916 l3)
338 5850 458 5909 Sur.
491 5853 559 5922 V,
598 5856 715 5911 169.

1865 4782 2073 4832 pacem.
2120 4765 2293 4819 Habet
2322 4775 2501 4819 autem
2562 4765 2907 4819 sanctitatem
2939 4766 2990 4817 in
3027 4781 3085 4819 se
3117 4766 3236 4833 ipso
3269 4776 3321 4818 et
3346 4767 3433 4818 in-

1862 4858 2244 4925 spirationem,
2280 4875 2402 4924 quae
2440 4858 2603 4910 etiam
2633 4857 2866 4925 Spiritus
2901 4858 2988 4910 Dei
3019 4868 3264 4924 vocatur,
3292 4861 3435 4912 sicut

1857 4952 2017 5001 etiam
2054 4961 2232 5003 vestra
2268 4951 2551 5017 Scriptura
2580 4959 2830 5011 testatur,
2863 4948 2911 4999 id
2960 4958 3041 5001 est
3098 4948 3431 5003 Mohamedis

1856 5041 2008 5097 liber.
2044 5040 2233 5112 Itaque
2287 5044 2373 5096 illa
2419 5059 2521 5096 non
2575 5052 2660 5097 est
2692 5043 2970 5097 accidens.
3021 5043 3173 5108 Quod
3224 5045 3267 5131 si
3320 5061 3426 5096 mm

1854 5134 2124 5201 accidens,
2161 5136 2573 5206 euhypostatit-a
2603 5144 2775 5197 est,et
2824 5135 2875 5188 in
2906 5150 2964 5189 se
2991 5135 3103 5204 ipsa
3126 5137 3430 5191 subsisten-

1853 5227 1980 5281 tiam
2038 5228 2248 5291 habet,
2309 5244 2630 5296 semperque
2704 5236 2824 5287 est,
2895 5242 3069 5295 neque
3130 5232 3428 5297 temporale.

1853 5320 2064 5373 initium
2110 5322 2273 5376 habet
2312 5337 2490 5391 neque
2516 5322 2697 5376 tinem.
2729 5320 2885 5387 Quod
2918 5321 3133 5374 veroita
3167 5336 3223 5374 se
3244 5321 3424 5381 habet,

1854 5411 1904 5465 id
1935 5413 2161 5466 omnino
2192 5415 2494 5468 increatum
2535 5425 2617 5468 est
2662 5421 2715 5466 et
2771 5413 3095 5480 ingenitum.
3128 5410 3429 5465 Conficitur

1850 5519 1981 5575 ergo
2014 5514 2073 5559 ut
2102 5505 2195 5560 Dei
2222 5508 2487 5561 sanctitas
2516 5515 2680 5575 atque
2704 5506 3017 5574 inspiratio,
3053 5520 3174 5574 quae
3201 5514 3256 5557 et
3311 5503 3427 5573 Spi-

1851 5598 1986 5653 ritus
2036 5598 2128 5653 Dei
2159 5598 2362 5652 dicitur
2393 5599 2534 5668 apud
2596 5598 2835 5652 divinam
2885 5596 3246 5664 Scripturam,
3280 5596 3426 5664 iugu-

1853 5690 1963 5745 nita
1991 5691 2057 5746 sit
2102 5700 2156 5747 et
2192 5689 2595 5746 increataJam
2631 5690 2934 5761 ingenitum
2990 5705 3114 5745 cum
3167 5686 3431 5757 ingenito.
