4194 6432
150 445 240 506 693
1292 446 1721 508 REFUTATIO
1764 446 2234 507 MOHAMEDIS;

3279 442 3390 508 694

152 553 393 606 στάσεσιν
431 553 852 624 θεωρουμένην·
898 557 1131 625 φανερὸν
1164 558 1246 610 ὅτι
1272 562 1299 610 ὁ
1334 560 1517 628 Πατὴρ
1554 562 1646 612 καὶ
1684 562 1711 613 ὁ

1820 569 1865 613 et
1898 558 2091 613 Filium
2128 566 2182 612 et
2228 553 2489 624 Spiritum
2520 560 2798 616 sanctum,
2830 551 3135 609 secundum
3171 551 3389 607 unicam

150 644 262 705 Υἱὸς
296 645 392 697 καὶ
418 644 480 696 τὸ
512 645 735 713 Πνεῦμα
766 646 826 697 τὸ
851 646 1024 714 ἅγιον,
1060 648 1198 700 κατὰ
1232 651 1360 719 μίαν
1399 652 1626 718 θεότητά
1651 669 1705 703 τε

151 739 229 791 καί
262 737 513 802 ἐξουσίαν
561 738 655 790 καὶ
688 740 987 808 κυριότητα
1017 742 1379 806 ταυτίςονται,
1422 744 1517 794 καὶ
1547 743 1604 795 ἒν
1633 746 1710 795 εἰ-

150 844 255 879 σιν·
312 828 474 899 εἴπερ
503 828 607 896 τῆς
636 829 806 899 αὐτῆς
850 830 944 882 καὶ
993 833 1123 898 μιᾶς
1177 832 1431 902 θεότητος
1466 834 1552 885 ἐπ’
1589 836 1709 904 ῖσης

150 918 465 986 πεφύκασιν.
502 920 561 971 Ei
593 919 687 974 οὖν
722 922 749 973 ὁ
780 921 913 985 Θεὸς
938 923 1031 975 καὶ
1065 925 1253 995 Πατὴρ
1294 927 1388 977 καὶ
1413 927 1440 978 ὁ
1467 926 1590 991 Υἱὸς
1615 928 1710 981 καὶ

150 1014 196 1064 τὸ
220 1012 444 1079 Πνεῦμα
485 1012 545 1064 τὸ
573 1015 729 1079 ἅγιον
764 1014 890 1067 καθ’
913 1014 940 1067 ὃ
962 1018 1063 1085 τῆς
1093 1018 1223 1086 μιᾶς
1253 1017 1505 1087 θεότητός
1534 1036 1590 1071 τε
1616 1019 1711 1071 καὶ

150 1102 380 1166 ἐξουσίας
415 1105 669 1165 ἰσοκλεῶς
708 1103 943 1174 ἔχουσιν.
978 1106 1038 1159 ἓν
1069 1108 1128 1159 τέ
1160 1109 1269 1160 είσι
1304 1110 1400 1162 καὶ
1424 1112 1708 1163 πιστεύονο

149 1211 245 1257 ται,
274 1195 627 1264 ὡμολόγηται
652 1195 709 1249 δὲ
743 1196 825 1250 ὅτι
876 1199 987 1259 πᾶς
1028 1198 1263 1270 ἀριθμὸς
1285 1202 1383 1271 τῆς
1409 1203 1710 1271 ποσότητος

150 1284 240 1338 τῶν
269 1286 650 1356 ὑποκειμένων
680 1288 797 1341 ἐστὶ
821 1288 1141 1357 δηλωτικὺς,
1160 1293 1253 1344 καὶ
1280 1292 1340 1344 οὑ
1371 1292 1470 1360 τῆς
1499 1292 1713 1360 φύσεως

149 1372 241 1426 τῶν
285 1377 633 1443 πραγμάτων
654 1393 669 1408 ⁸
704 1378 1030 1433 καὶτούτων
1067 1381 1164 1450 οὑχ
1254 1382 1485 1447 ταυτῶν,
1522 1383 1636 1435 ἀλλ’

150 1464 441 1534 διαφόρων*
489 1471 583 1521 καὶ
622 1472 775 1523 πᾶσα
811 1473 1229 1543 συναρίθμησις,
1262 1476 1535 1529 τουτέστιν
1571 1478 1602 1546 ή
1631 1482 1713 1540 εἰς

149 1557 230 1609 ἕνα
244 1558 479 1627 ἀριθμὸν
500 1561 811 1630 συναίρεσις
837 1562 947 1615 τῶν
970 1564 1306 1634 ἐτεροτήτων
1336 1584 1472 1631 πως,
1496 1562 1528 1642 ᾗ
1551 1567 1713 1638 ἕτερά

150 1647 270 1710 ἐστι,
307 1648 559 1713 σύνθεσίς
591 1651 742 1715 ἐστι,
778 1654 1013 1723 φανερὸν
1043 1656 1155 1723 ἄρα
1187 1657 1269 1708 ὅτι
1298 1656 1433 1710 Θεὸν
1474 1660 1566 1711 τὸν
1600 1661 1713 1712 ﬂa-

148 1738 263 1809 τέρα
314 1740 459 1804 ίδίως
486 1742 754 1809 λέγοντες,
807 1744 1071 1808 ὡσαύτως
1099 1746 1156 1798 δὲ
1187 1749 1278 1800 καὶ
1310 1748 1401 1801 τὸν
1429 1750 1577 1812 Υἱὸν,
1618 1749 1713 1803 καὶ

150 1832 200 1883 τὸ
227 1832 448 1902 Πνεῦμα
474 1835 535 1886 τὸ
569 1834 743 1901 ἅγιον,
778 1839 838 1889 οὑ
871 1839 1015 1905 τρεῖς
1049 1838 1202 1901 θεοὺς
1240 1842 1538 1909 εἰσάγομεν
1586 1858 1713 1893 συν-

150 1897 499 1993 αριθμοῦντες
664 1897 826 1995 φύσιν
846 1945 859 1958 ’
892 1897 960 1998 ἦν
987 1897 1095 1998 γὰρ
1131 1897 1197 1983 ἂν
1224 1933 1251 1984 ὁ
1281 1897 1519 2002 ἀριθμὸς
1546 1934 1640 1986 καὶ
1677 1935 1709 2003 ἡ
1746 1897 1788 1953 Β

152 2016 534 2086 συναρίθμησις
566 2020 667 2086 τῆς
700 2021 936 2089 φύσεως,
972 2023 1066 2075 καὶ
1100 2023 1161 2075 οὑ
1189 2024 1301 2077 τῶν
1331 2025 1710 2097 ὑποκειμένων

149 2111 473 2179 πραγμάτων
500 2113 598 2182 τῆς
626 2114 940 2184 ποσότητος,
970 2116 1063 2168 καὶ
1090 2116 1199 2169 τῶν
1226 2118 1440 2170 ταυτῶν
1539 2120 1710 2173 ταυτά

148 2202 265 2262 ἐστι,
297 2202 395 2255 καὶ
426 2204 546 2273 οὑχ).
579 2204 689 2257 τῶν
724 2207 927 2274 ἐτέρων
1026 2208 1190 2276 ’ἐτερά
1220 2209 1386 2271 ἐστιν,
1433 2210 1570 2281 ὅπερ
1613 2213 1709 2281 οὑχ

147 2292 473 2363 ὡμολόγηται
496 2311 509 2325 ⁸
544 2297 624 2349 διὸ
665 2297 884 2366 Πατέρα
910 2298 1302 2367 ὁμολογοῦντες
1336 2302 1427 2353 καὶ
1459 2301 1586 2353 Υίὸν
1617 2306 1713 2354 καὶ

150 2384 353 2452 Πιεῦμα
385 2385 565 2450 ἆγιον,
612 2387 675 2439 οὑ
709 2387 832 2440 καθ’
867 2388 895 2439 ὃ
928 2389 1113 2460 Πατὴρ
1145 2392 1176 2461 ἢ
1229 2390 1356 2453 Υίὸς
1403 2392 1436 2460 ἢ
1487 2392 1712 2462 Πνεῦμα

150 2475 286 2538 ἅγιον
330 2478 392 2529 ἒν
440 2479 557 2530 ἐστι
593 2479 1039 2549 καταγγέλλομεν
1072 2480 1268 2548 (ταῦτα
1292 2483 1403 2554 γὰρ
1432 2484 1709 2555 διάφορα),

148 2566 249 2616 ἀλλ’
389 2570 488 2638 μία
541 2569 732 2639 θεότης
775 2588 836 2623 τε
889 2573 985 2625 καὶ
1020 2572 1265 2640 ἐξουσία,
1302 2574 1397 2628 καὶ
1446 2571 1523 2639 εἷς
1579 2578 1712 2639 Θεὸς

150 2654 444 2725 θεωρεῖται,
478 2661 584 2713 κᾶν
612 2661 741 2730 τρία
768 2665 889 2727 ταῖς
920 2665 1256 2718 ὑποστάσεσι
1289 2669 1637 2737 πιστεύηται.

210 2751 290 2804 tif.
323 2753 437 2805 Καὶ
458 2753 632 2816 ἄλλως
650 2755 766 2807 ἐστι
788 2753 983 2821 δεῖξαι,
1006 2758 1087 2810 ὅτι
1118 2765 1177 2809 ού
1212 2762 1360 2829 τρεῖς
1391 2758 1547 2823 θεοὺς
1596 2762 1713 2813 είσκ

149 2838 342 2907 ἀγομεν
400 2843 496 2894 ἐπὶ
526 2845 591 2912 τῇ
634 2845 733 2913 μιᾷ
767 2843 1005 2915 θεότητι,
1056 2848 1160 2901 κᾶν
1192 2850 1342 2918 τρεῖς
1388 2850 1713 2912 ὑποστάσεις

145 2932 543 3003 ὁμολογοῦμεν·
598 2938 647 2988 εί
694 2937 787 2990 οὑν
833 2940 862 2991 ὁ
910 2939 1101 3009 Πατὴρ
1141 2941 1235 2992 καὶ
1282 2943 1310 2993 ὁ
1359 2941 1484 3001 Tib;
1518 2944 1611 2996 καὶ
1654 2944 1714 2995 τὸ

147 3021 357 3093 Πνεῦμα
387 3027 452 3078 τὸ
485 3028 643 3095 ἆγιον
669 3030 915 3098 ἀκριϐῶς
969 3032 1098 3101 παρ’
1128 3034 1260 3101 ἡμῖν
1307 3033 1573 3087 δέδεικται
1633 3038 1713 3089 ὅτι

142 3114 230 3180 τῆς
263 3120 394 3184 μιᾶς
431 3120 528 3170 καὶ
563 3121 822 3175 ἀκτίστου
864 3122 961 3176 καὶ
1008 3124 1276 3194 ἀγενήτου
1309 3124 1562 3193 θεότητος
1590 3144 1713 3178 συν-

1812 651 2171 715 divinitatem,
2222 654 2539 716 potestatem
2602 660 2666 700 ac
2733 643 3195 705 dominationem,
3246 641 3387 695 idem

1816 757 2093 810 unumque
2131 754 2291 805 esse;
2329 737 2595 807 siquidem
2629 751 2793 791 unam
2829 737 3183 805 eamdemque
3220 732 3393 788 deita-

1814 842 1918 889 tem
1953 849 2106 903 aeque
2146 838 2348 886 tenent.
2382 829 2439 883 Si
2473 844 2602 899 ergo
2632 827 2774 883 Deus
2802 825 2984 891 Pater,
3020 836 3073 881 et
3098 825 3304 892 Filius,
3338 831 3394 878 et

1816 924 2052 996 Spiritus
2083 933 2328 986 sanctus,
2359 932 2630 992 quatenus
2653 920 2901 975 eamdem
2924 918 3178 974 deitatem
3200 932 3265 971 ac
3292 930 3391 985 po—

1817 1028 2065 1073 testatem
2099 1031 2253 1085 teque
2296 1015 2513 1078 habent,
2549 1027 2718 1065 unum
2749 1011 2877 1081 quid
2914 1019 3044 1066 sunt
3069 1019 3123 1063 et
3162 1008 3396 1063 credun-

1816 1122 1945 1178 tur;
1988 1112 2041 1166 in
2072 1109 2323 1165 confesso
2346 1116 2526 1161 autem
2572 1115 2656 1161 est
2692 1120 2910 1160 omnem
2956 1117 3242 1157 numerum
3290 1101 3391 1156 de-

1815 1213 2127 1259 monstrare
2185 1201 2550 1270 suhjcctarum
2608 1212 2789 1251 rerum
2834 1196 3229 1266 quantitatem,
3284 1205 3395 1245 non

1815 1308 1997 1351 autem
2029 1310 2208 1349 rerum
2238 1302 2513 1353 naturam,
2548 1298 2602 1344 et
2633 1290 2824 1342 harum
2861 1288 3078 1356 quidem
3119 1299 3227 1339 non
3258 1296 3397 1352 qua-

1815 1398 1974 1442 tenus
2001 1387 2337 1447 earumdem,
2364 1383 2457 1437 sed
2489 1390 2761 1451 quatenus
2792 1381 2973 1447 potius
3005 1378 3344 1430 diversarum
3378 1389 3395 1438 ;

1814 1490 1868 1533 et
1890 1479 1935 1534 si
1956 1478 2133 1533 omnis
2158 1475 2592 1535 countnneratio,
2612 1475 2663 1528 id
2685 1480 2789 1535 est,
2815 1472 2867 1524 in
2899 1483 3068 1523 unum
3099 1480 3387 1521 numerum

1816 1568 2146 1630 contractio,
2190 1568 2599 1629 diversitatum,
2644 1574 2916 1634 quatenus
2961 1560 3190 1614 diversae
3233 1566 3398 1622 sunt,

1817 1660 2137 1730 compositio
2161 1668 2244 1714 est
2275 1675 2289 1719 ;
2317 1666 2529 1711 constat
2557 1670 2805 1725 prorsus,
2835 1654 2980 1721 quod
3020 1666 3144 1706 cmn
3181 1648 3397 1703 Patrem

1816 1768 2060 1809 seorsum
2087 1751 2343 1810 dicimus.
2380 1749 2615 1817 itemque
2652 1746 2847 1800 Filium
2873 1754 2929 1798 et
2967 1743 3230 1811 Spiritum
3275 1757 3403 1796 san-

1817 1855 1962 1901 ctum
1991 1885 2006 1909 ,
2039 1855 2151 1899 tres
2195 1843 2329 1896 deos
2358 1857 2464 1895 non
2504 1840 2815 1895 inducimus
2855 1835 3011 1908 quasi
3060 1833 3402 1890 numerando

1816 1944 2088 1989 naturam.
2124 1931 2316 1995 Secus,
2344 1946 2603 1985 numerus
2626 1938 2679 1983 οι
2704 1926 3125 1983 connumeratio
3149 1935 3400 1979 naturam

1814 2029 2070 2091 ailicerct,
2086 2042 2193 2081 non
2212 2035 2393 2081 autem
2413 2024 2780 2093 sulijectarum
2798 2035 2982 2074 rerum
3001 2019 3357 2088 quantitatem
3383 2034 3399 2080 ;

1814 2130 1869 2176 et
1901 2122 2116 2188 quidem
2148 2135 2243 2174 eas
2276 2129 2535 2185 tanquam
2565 2114 2807 2175 easdem,
2836 2127 2944 2165 non
2976 2112 3218 2166 diversas
3240 2118 3403 2180 prout

1815 2217 2047 2269 diversae
2090 2223 2260 2276 sunt;
2307 2213 2453 2282 quod
2495 2225 2601 2263 non
2647 2208 2986 2263 conceditur.
3041 2205 3226 2274 Itaque
3275 2218 3401 2258 cum

1815 2307 2029 2361 Patrem
2060 2306 2383 2361 conﬁtemur
2409 2313 2461 2359 et
2494 2303 2694 2356 Filium
2724 2312 2776 2355 et
2820 2299 3082 2369 Spiritum
3128 2305 3403 2360 sanctum,

1820 2418 1921 2454 non
1954 2400 2108 2470 quasi
2136 2400 2292 2455 Pater
2325 2408 2377 2451 et
2406 2396 2579 2449 Filius
2618 2402 2672 2449 et
2706 2393 2943 2461 Spiritus
2978 2400 3202 2445 sanctus
3233 2404 3402 2443 unum

1816 2494 1944 2562 quid
1997 2494 2107 2547 sint
2149 2488 2608 2560 pronuntiamus;
2671 2484 2725 2539 hi
2791 2483 2935 2539 enim
2990 2482 3188 2535 diversi
3254 2489 3403 2540 sunt,

1815 2583 1906 2637 scil
1937 2592 2205 2651 quatenus
2233 2594 2337 2631 una
2362 2577 2554 2639 dcitas,
2579 2590 2682 2628 una
2714 2581 2974 2643 potestas,
3007 2583 3059 2625 et
3089 2586 3231 2624 unus
3266 2569 3406 2622 Deus

1816 2675 2530 2743 consideratur,quanquam
2560 2680 2669 2723 tres
2697 2681 2944 2737 persona:
2977 2665 3297 2720 creduntur.

1893 2767 1978 2820 19.
2034 2767 2227 2819 Adhuc
2267 2765 2425 2819 aliter
2471 2777 2584 2816 rem
2642 2764 3022 2816 demonstrare
3065 2771 3360 2826 possumus
3389 2797 3403 2817 ,

1819 2872 2162 2927 nequaquam
2204 2865 2316 2911 tres
2353 2856 2489 2909 Deos
2521 2869 2549 2906 a
2581 2851 2734 2905 nobis
2763 2849 2944 2904 induci
2977 2849 3031 2903 in
3069 2862 3175 2901 una
3207 2846 3408 2901 divini-

1820 2961 1950 3012 tate,
1976 2948 2190 3001 etiamsi
2222 2962 2483 3015 personas
2507 2956 2620 3000 trcs
2639 2943 2985 2999 conﬁtemur.
3017 2940 3074 2995 Si
3093 2956 3223 3011 ergo
3248 2940 3409 2994 Pater

1817 3050 1870 3094 cl
1927 3039 2096 3094 Filius
2135 3049 2189 3093 et
2231 3039 2466 3107 Spiritus
2509 3046 2733 3092 sanctus
2760 3076 2772 3098 ,
2814 3044 2975 3105 prout
3015 3043 3269 3090 accurate
3309 3048 3411 3088 nos

1819 3131 2338 3194 demonstravimus,
2399 3144 2562 3182 unam
2617 3144 2715 3182 nec
2760 3137 2999 3181 creatam
3056 3141 3157 3180 nec
3210 3125 3407 3179 factam

142 3207 316 3269 αῐδίως
350 3209 542 3279 ἔχουσι
563 3253 577 3275 ,
614 3212 709 3264 καὶ
742 3212 841 3281 μία
868 3213 1029 3281 φύσις
1057 3215 1166 3267 τῶν
1195 3215 1363 3287 τριῶν
1392 3221 1716 3288 κατηγορεῖ-

1821 3221 2157 3274 divinitatem
2190 3229 2453 3289 perpetuo
2483 3222 2646 3273 simul
2680 3220 2912 3283 habent,
2954 3232 3171 3288 unaque
3213 3228 3407 3271 natura

143 3315 241 3360 ται.
280 3305 376 3355 καὶ
426 3304 529 3372 οὐχ
571 3305 735 3372 ἑτέρα
776 3306 872 3359 καὶ
925 3307 1107 3378 ἑτέρα,
1150 3309 1385 3379 φανερὸν
1433 3310 1513 3362 ὅτι
1566 3314 1716 3380 τρεῖς

141 3392 463 3457 ὑποστάσεις
514 3394 787 3463 λέγοντες,
844 3398 905 3450 οὑ
968 3400 1360 3468 συνεισάγομεν
1407 3401 1503 3454 καὶ
1567 3404 1717 3470 τρεῖς

142 3481 317 3545 θεούς·
370 3489 421 3539 εί
469 3488 580 3557 γάρ
634 3505 718 3551 τις
758 3491 890 3559 ἡμῖν
931 3489 1090 3543 τοῦτο
1133 3492 1533 3563 καταφημίζει,
1564 3493 1717 3546 οὐδὲν

140 3574 257 3628 ἄλλο
299 3579 476 3633 αὑτὸν
509 3579 626 3633 ἐστι
656 3580 858 3647 λέγειν,
893 3580 1008 3634 ἀλλ’
1040 3582 1073 3653 ἢ
1107 3582 1252 3635 κατὰ
1299 3583 1501 3636 ταυτὸν
1550 3584 1610 3637 ἓν
1657 3602 1718 3637 τε

140 3668 224 3720 καί
272 3670 450 3725 πολλὰ
498 3668 662 3736 εἶναι,
710 3673 803 3725 καὶ
843 3673 941 3743 τὴν
988 3674 1278 3743 ἀντίφασιν
1308 3676 1715 3746 συναληθεύειν,

140 3761 324 3814 καὶτὰ
355 3763 628 3817 ἐλάττονα
684 3764 793 3816 τῶν
841 3764 1104 3818 ὲπιπλέον
1166 3768 1591 3839 κατηγορεῖσθαι
1622 3771 1716 3822 καὶ

143 3851 433 3920 ἑξισὰζειν,
461 3857 602 3926 ὅπερ
634 3857 757 3910 οὐδὲ
779 3859 899 3919 ταῖς
926 3858 1172 3925 λογικαῖς
1209 3859 1474 3929 μεθόδοις,
1504 3862 1624 3914 οὑδὲ
1650 3866 1715 3932 τῇ

137 3945 351 4017 ἀληθείᾳ
381 3949 680 4018 σύμφωνον
699 3962 715 3977 ⁸
740 3950 834 4001 καὶ
860 3950 1009 4013 ὅπως
1037 3951 1169 4019 ἡμῖν
1202 3952 1374 4021 σαφὲς
1403 3952 1629 4024 γένηται
1659 3955 1719 4007 τὸ

137 4034 446 4105 λεγόμενον,
481 4039 562 4101 ὡς
591 4040 652 4091 ὲν
671 4039 1073 4107 ὑποδείγματπ
1101 4042 1290 4111 τρόπῳ
1313 4041 1413 4113 τὴν
1445 4043 1721 4113 ἀνθρωπί-

136 4140 225 4191 νην
248 4126 416 4193 φύσιν
449 4126 737 4191 λαὸόντες,
764 4129 857 4181 καὶ
883 4130 967 4196 ἐφ’
994 4122 1071 4181 ὧν
1098 4130 1276 4203 ταύτῃ
1300 4136 1714 4204 κατηγορεῖται,

135 4213 281 4283 δῆλον
309 4218 444 4289 ὑμῖν
488 4220 554 4272 τὸ
596 4218 891 4288 λεγόμενον
933 4223 1275 4292 παραστήσω
1299 4240 1311 4253 ·
1344 4225 1527 4278 Ἔστω
1555 4228 1587 4293 ἡ
1625 4228 1718 4279 ἀν-

136 4307 367 4380 θρωπίνη
430 4310 601 4378 φύσις
636 4311 714 4374 ὼς
763 4313 821 4363 ἐν
874 4311 1131 4366 ὑποθέσει
1164 4314 1332 4385 τριῶν
1360 4316 1718 4371 ὑποστάσεων

139 4398 305 4461 μόνων
329 4400 819 4470 κατηγορουμένη,
852 4398 963 4454 οἷον
994 4404 1224 4475 Πέτρου,
1258 4423 1330 4475 φη
1341 4407 1422 4476 μὶ,
1456 4408 1549 4461 καὶ
1575 4409 1721 4461 Παύ-

134 4487 215 4540 λου
246 4493 340 4543 καὶ
369 4493 588 4561 Θωμᾶο
617 4492 757 4564 αὓτη
783 4494 875 4546 οὑν
906 4496 939 4564 ἡ
967 4494 1129 4565 φύσις
1163 4497 1258 4565 ὅλη
1287 4497 1362 4560 ὼς
1391 4498 1487 4567 ὅλη
1524 4501 1720 4571 ἀμερί-

1820 3309 1982 3363 trium
2017 3309 2362 3379 praedicatur,
2384 3324 2495 3363 non
2533 3309 2637 3363 alia
2665 3318 2719 3362 et
2747 3308 2874 3372 alia,
2906 3314 3054 3377 patet
3082 3308 3250 3378 quod,
3278 3307 3407 3361 dum

1821 3412 1933 3456 tres
1962 3416 2225 3470 personas
2253 3402 2512 3462 dicimus.
2560 3401 2703 3455 haud
2746 3410 2857 3455 tres
2900 3401 3031 3455 deos
3074 3400 3409 3456 inducimus.

1821 3493 1975 3560 Quod
2001 3493 2044 3547 si
2076 3493 2201 3564 quis
2240 3493 2404 3547 nobis
2436 3494 2683 3561 imputet,
2721 3494 2864 3547 idem
2893 3492 3025 3549 facit
3054 3493 3280 3558 dicenti,
3312 3493 3411 3547 ali-

1820 3580 1950 3649 quid
1974 3580 2274 3635 secundum
2297 3582 2461 3642 idem,
2487 3590 2541 3635 et
2566 3596 2735 3635 unum
2762 3596 2884 3638 esse
2909 3591 2963 3637 et
2985 3583 3165 3652 plura,
3197 3592 3251 3637 et
3276 3597 3410 3637 con-

1820 3673 2132 3727 tradictioni
2169 3674 2350 3729 inesse
2391 3675 2676 3729 veritatem
2700 3716 2714 3737 ,
2761 3683 2816 3730 et
2852 3678 3063 3729 minora
3106 3675 3410 3745 majoribus

1821 3766 2095 3834 exaequari
2125 3766 2436 3835 pariterque
2469 3767 2726 3835 appellari
2760 3786 2772 3822 :
2812 3769 2955 3835 quod
2996 3783 3174 3837 neque
3220 3766 3412 3837 logicis

1824 3856 2025 3923 regulis
2046 3871 2221 3925 neque
2247 3856 2455 3910 veritati
2487 3866 2775 3912 consonat.
2801 3858 2979 3927 Atque
3004 3869 3059 3913 ut
3088 3858 3246 3914 nobis
3268 3858 3411 3913 dicta

1824 3962 1912 4001 res
1965 3947 2161 4000 clarior
2207 3948 2319 4011 iiat,
2369 3947 2663 4001 humanam
2701 3958 2953 4002 naturam
2989 3950 3055 4001 ad
3100 3948 3412 4017 exemplum

1825 4054 2071 4103 sumens,
2100 4039 2400 4093 secundum
2429 4039 2674 4108 ejusdem
2717 4040 3164 4109 praedicamenta,
3198 4039 3412 4110 perspi-

1824 4146 1982 4185 cuam
2008 4130 2164 4185 vobis
2193 4131 2386 4185 faciam
2418 4132 2724 4186 orationem
2764 4148 2965 4187 meam.
3001 4131 3130 4187 Esto
3166 4132 3409 4187 humana

1825 4234 2017 4278 natura
2052 4236 2314 4292 tauquam
2359 4224 2411 4277 in
2456 4223 2701 4294 subjecto
2731 4225 2891 4279 trium
2918 4232 3127 4278 tantum
3155 4239 3417 4294 persona-

1825 4328 1945 4367 rum
1972 4314 2288 4384 praedicata,
2320 4315 2483 4368 veluti
2520 4315 2687 4379 Petri,
2724 4315 2900 4379 Pauli,
2928 4331 2991 4370 ac
3014 4315 3261 4370 Thomae.
3289 4314 3414 4372 Haec

1823 4407 1991 4470 igitur
2014 4416 2208 4461 natura
2236 4417 2344 4461 tota
2373 4416 2529 4477 prout
2557 4417 2642 4463 est
2674 4408 2906 4462 indivise
2933 4408 2987 4462 in
3022 4409 3206 4474 Petro,
3243 4409 3413 4464 Paulo

1828 4512 1891 4553 ac
1912 4495 2585 4558 Thoma,denominatur:
2622 4513 2744 4551 nam
2786 4498 2979 4551 horum
3013 4500 3413 4569 unusquisque,

136 4597 260 4643 στως
286 4586 384 4637 ἐπὶ
415 4586 638 4656 Πέτρου
671 4588 766 4640 καὶ
799 4587 1013 4641 Παύλου
1058 4588 1155 4642 καὶ
1181 4587 1356 4659 Θωμᾶ
1398 4595 1716 4663 κατηγορεῖ-

1820 4590 2023 4644 animal
2055 4597 2138 4645 est
2175 4591 2464 4657 rationale,
2497 4590 2765 4655 mortale,
2812 4590 3015 4644 mentis
3061 4590 3415 4661 scientiaeque

134 4686 246 4722 ται·
280 4675 375 4729 καὶ
407 4674 530 4744 γὰρ
561 4674 793 4739 ἕκαστος
836 4675 991 4748 [cod.
1025 4677 1282 4751 ἕκαστον]
1318 4680 1546 4746 τούτων,
1578 4681 1718 4745 ζῶον

133 4762 333 4829 λογικὸν
378 4766 609 4836 θνητὸν,
645 4768 741 4820 νοῦ
789 4770 884 4822 καὶ
931 4771 1249 4841 ἐπιστήμης
1274 4772 1527 4825 δεκτικόν
1562 4775 1714 4826 ἐστι·

132 4857 355 4927 φανερὸν
384 4858 476 4911 ὅτι
510 4860 611 4912 καὶ
634 4860 703 4912 τὰ
738 4861 1056 4931 μετέχοντα,
1090 4863 1213 4916 καθ’
1240 4863 1270 4917 ὃ
1301 4863 1401 4934 τῆς
1429 4864 1599 4936 αὑτῆς
1623 4869 1717 4919 καὶ

135 4950 251 5012 μιᾶς
280 4950 509 5017 φύσεως
553 4952 899 5021 μετέχουσιν,
925 4954 986 5007 ἒν
1015 4971 1077 5007 τε
1101 4955 1198 5008 καὶ
1218 4957 1396 5010 ταυτά
1420 4958 1528 5010 εἱσι
1546 4974 1561 4989 ο
1593 4957 1717 5011 καθ’

131 5037 156 5091 ὃ
187 5040 239 5094 δὲ
267 5042 514 5115 διάφορα
572 5047 694 5108 ταῖς
742 5046 1096 5108 ὑποστάσεσι,
1148 5049 1361 5102 καὶτὸν
1390 5052 1546 5121 τρεῖς
1595 5052 1717 5121 ἀρι-

134 5129 253 5197 θμὸν
276 5134 702 5205 ἐκληρώσαντο.
724 5137 786 5188 Εἰ
814 5132 907 5189 οὖν
930 5154 1015 5201 τις
1042 5138 1143 5209 τὴν
1172 5139 1485 5207 ἅνθρωπος
1509 5140 1715 5211 φωνὴν.

132 5225 239 5293 ἧτις
269 5228 390 5282 ἐστὶ
422 5228 659 5297 φύσεως
697 5229 970 5300 δηλωτικὴ
1010 5232 1102 5284 ἐπὶ
1129 5231 1237 5283 τῶν
1271 5233 1448 5303 τριῶν
1479 5233 1715 5287 ὑποστάς

135 5332 277 5384 σεων,
309 5321 445 5391 μίαν
474 5316 655 5374 οὖσαν
686 5324 778 5373 καὶ
812 5322 912 5390 τὴν
942 5322 1113 5394 αὐτὴν
1142 5324 1238 5376 καὶ
1262 5323 1575 5394 ἀμερίστως
1619 5325 1720 5379 αὑ-

133 5412 226 5463 τιίιν
280 5413 808 5484 κατηγορουμένην,
858 5409 978 5467 εἶτα
1027 5415 1124 5469 καὶ
1158 5416 1236 5480 ὠς
1281 5416 1454 5488 τριῶν
1495 5433 1719 5489 συναρι-

134 5497 462 5574 θμουμένων,
525 5506 629 5558 καὶ
681 5505 883 5576 ταύτην
920 5508 1021 5577 τὴν
1048 5508 1363 5576 ἅνθρωπος
1409 5510 1595 5579 φωνὴν
1662 5512 1720 5575 ἐξ

135 5594 365 5667 ἀνάγκης
399 5601 534 5661 ταῖς
584 5597 920 5651 ὑποστάσεσι
966 5600 1389 5671 συναριθμήσει,
1430 5605 1583 5671 τρεῖς
1624 5603 1721 5656 ἀν-

137 5683 367 5755 θρώπους
403 5690 673 5759 φάσκων,
704 5690 857 5743 οὐδὲν
881 5690 1011 5745 ἄλλο
1040 5691 1208 5761 λέγει,
1238 5694 1352 5746 ἀλλ’
1377 5694 1409 5763 ἢ
1443 5698 1592 5764 τρεῖς
1622 5696 1722 5762 φύ-

140 5793 237 5840 σεις
263 5782 320 5833 ἐν
348 5786 479 5846 ταῖς
526 5785 717 5853 τρισὶν
757 5783 1091 5838 ὑποστάσεσι
1138 5787 1495 5857 θεωρεῖσθαι·
1539 5790 1570 5857 ή
1610 5790 1721 5858 γὰρ

139 5866 431 5945 ἄνθρωπος
456 5875 631 5947 φωνὴ
671 5875 889 5945 φύσεώς
914 5879 1031 5933 ἐστι
1054 5879 1325 5951 δηλωτική
1346 5897 1358 5911 ⁸
1396 5883 1441 5934 εἰ
1467 5881 1521 5933 δὲ
1544 5881 1717 5947 mito,

1823 4696 2016 4751 capax.
2040 4679 2269 4736 Constat
2305 4682 2406 4735 hos
2436 4680 2748 4750 participes,
2784 4689 3053 4747 quatenus
3082 4694 3246 4733 unam
3269 4695 3413 4735 eam-

1823 4774 2059 4844 demque
2096 4782 2349 4827 naturam
2394 4773 2743 4843 participant.
2780 4788 2948 4827 unum
2995 4770 3127 4841 quid
3160 4768 3415 4837 idemque

1823 4878 1983 4919 esse:
2018 4871 2287 4933 quatenus
2314 4871 2495 4916 autem
2533 4862 2732 4917 diversi
2765 4873 2892 4917 sunt
2922 4860 3192 4930 personis.
3226 4870 3413 4913 terna-

1824 4956 1965 5011 rium
1996 4971 2279 5010 numerum
2307 4956 2525 5009 habere.
2547 4954 2602 5008 Si
2623 4956 2747 5025 quis
2767 4970 2895 5024 ergo
2921 4955 3242 5008 vocabulum
3261 4955 3414 5005 homo

1825 5049 1971 5116 quod
2006 5054 2255 5101 naturam
2293 5045 2537 5109 denotat,
2576 5046 2831 5115 quodque
2861 5059 3029 5098 unum
3068 5045 3319 5111 idemque
3361 5050 3416 5096 et

1828 5139 2059 5193 indivise
2081 5141 2146 5193 de
2171 5139 2343 5191 trihus
2362 5137 2719 5206 prmdicatur;
2744 5136 2936 5191 deinde
2962 5144 3220 5205 tauquam
3240 5136 3413 5188 tribus

1822 5232 1933 5301 jam
1967 5234 2128 5286 simul
2148 5230 2581 5294 connumeratis,
2612 5231 2750 5283 idem
2780 5231 2883 5283 hoc
2910 5229 3233 5283 vocabulum
3259 5228 3421 5280 homo

1828 5324 2141 5378 necessario
2186 5338 2308 5375 cum
2359 5323 2607 5388 personis
2646 5328 3022 5383 counumeret,
3068 5327 3180 5372 tres
3226 5319 3415 5372 dicens

1830 5418 2081 5470 homines
2108 5434 2121 5480 ;
2150 5415 2282 5468 nihil
2316 5414 2461 5467 aliud
2487 5414 2638 5475 dicit,
2673 5413 2775 5467 nisi
2800 5425 2911 5467 tres
2953 5422 3181 5467 naturas
3212 5413 3263 5465 in
3291 5427 3413 5480 per-

1828 5511 1977 5560 sonis
2016 5509 2187 5561 tribus
2214 5506 2449 5574 spectari
2482 5524 2496 5560 :
2532 5522 2767 5575 namque
2799 5505 3042 5559 hominis
3082 5504 3410 5559 vocabulum

1831 5612 2078 5654 naturam
2113 5602 2355 5655 denotat.
2387 5598 2544 5665 Quod
2588 5599 2633 5653 si
2678 5614 2869 5653 verum
2910 5606 3014 5663 est,
3056 5598 3241 5666 utique
3272 5596 3412 5650 idem

1830 5693 2127 5745 secundum
2158 5691 2297 5744 idem
2336 5691 2724 5760 compe‘rietur,
2768 5689 2818 5741 id
2875 5700 2958 5744 est
2988 5690 3282 5742 humanam
3319 5704 3415 5739 na-

1832 5796 2027 5847 turam,
2057 5797 2108 5839 et
2138 5800 2306 5839 unum
2339 5784 2469 5853 quid
2511 5799 2633 5839 esse
2667 5794 2720 5837 et
2752 5792 2937 5837 contra
2969 5800 2981 5834 :
3023 5792 3076 5835 et
3108 5781 3251 5850 quod
3288 5796 3418 5831 cou—

1833 5879 2086 5933 ttadictio
2128 5887 2231 5944 est,
2268 5893 2456 5932 verum
2514 5876 2744 5943 evadet;
2784 5876 3053 5947 quod-cst
3093 5873 3419 5929 absurdum.
