4194 6432
741 445 845 506 695

1996 441 2287 500 ΝῙΕΕΤΑΞ
2329 441 2729 501 BYZANTINI

3884 435 4010 497 696

743 554 930 625 Neque
961 556 1062 609 hoc
1102 556 1297 619 solum,
1334 554 1427 609 sed
1459 562 1513 607 et
1551 554 1760 609 minora
1815 554 1865 607 id
1907 564 2012 614 est.
2048 569 2314 621 person-.e,

2429 552 2782 622 εὑρεθήσεται
2819 553 2878 605 τὸ
2907 551 3038 603 αὐτὸ
3088 548 3232 602 κατὰ
3274 549 3459 611 ταὺτὸ.
3494 547 3769 600 τουτέστιν
3816 547 3849 615 ἡ
3892 546 4012 596 ἁν-

746 649 1038 717 majorum,
1080 647 1132 701 id
1166 657 1269 710 est,
1316 658 1632 701 naturarum
1666 647 2147 717 prmdicaruentum
2194 661 2313 698 sor-

743 741 965 800 tientur,
1003 738 1191 807 eisque
1219 738 1579 807 aequabuntur
1613 755 1626 803 ;
1677 753 1796 809 qua:
1832 752 1916 791 res
1964 739 2034 791 ita
2073 736 2315 790 declara-

743 844 851 885 ΙΙΙΓ.

2424 643 2669 714 Θρωπίνη
2705 646 2865 710 φύσις
2897 644 2956 694 ἓν
2994 658 3053 692 τε
3096 642 3191 693 καὶ
3234 640 3330 709 οὐχ
3370 641 3461 692 ἓν·
3496 639 3590 691 καὶ
3634 640 3666 707 ἠ
3701 637 4013 703 ἀντίφασις

2425 736 2831 804 συναληθεύσει,
2886 738 3020 802 ὅπερ
3078 734 3309 787 ἄτοπον·
3356 732 3450 784 καὶ
3495 733 3556 784 οὑ
3599 731 3757 798 μόνον
3806 729 4013 789 τοῦτο,

2426 827 2539 882 ἀλλ’
2591 827 2623 897 ἢ
2673 830 2764 881 καὶ
2805 829 2872 879 τὰ
2909 828 3189 888 ἐλάττονα,
3235 824 3481 877 τουτέστι
3524 822 3622 885 τὰς
3664 818 4019 879 ὑποστάσεις

745 928 853 979 τῶν
879 926 1157 987 ὲπιπλὲον,
1191 928 1432 978 τουτέστι
1459 926 1567 979 τῶν
1618 928 1830 994 φύσεων
1866 925 2154 995 συμϐαίνει
2187 922 2617 992 κατηγορεῖσθαι
2645 925 2740 977 καὶ
2774 923 3075 987 ὲξισάζειν·
3120 921 3234 972 ἔστι
3316 919 3370 970 δὲ
3451 919 3545 968 καὶ
3611 914 3770 967 τοῦτο
3831 911 4019 981 δῆλον

741 1014 840 1072 ὧδε
860 1037 873 1049 ⁸

815 1116 905 1170 ‘20.
946 1117 1189 1169 lltnnana
1229 1125 1421 1169 natura
1450 1117 1501 1169 in
1532 1118 1704 1171 tribus
1724 1117 1970 1183 personis
2000 1112 2312 1183 praedicata,

749 1208 892 1261 haud
921 1209 1163 1262 vicissim
1206 1223 1270 1262 ex
1312 1209 1394 1262 his
1428 1209 1775 1278 praedicatur.
1815 1222 1989 1275 neque
2044 1203 2314 1257 converti-

745 1311 854 1363 tur,
880 1309 1168 1369 propterea
1197 1300 1340 1368 quod
1372 1302 1493 1368 plus
1529 1308 1611 1353 est
1644 1314 1804 1367 quam
1834 1311 2169 1365 unaqureque
2192 1310 2316 1363 per-

742 1405 897 1444 sona.
928 1389 1064 1444 Nam
1107 1391 1149 1444 si
1184 1392 1313 1459 quid
1354 1400 1437 1444 est
1480 1388 1695 1452 Petrus,
1743 1391 1843 1443 hoc
1878 1398 1932 1442 et
1970 1390 2164 1450 homo;
2208 1400 2314 1438 non

742 1490 921 1535 tamen
947 1482 991 1535 si
1014 1481 1139 1547 quid
1159 1482 1342 1547 homo,
1369 1481 1470 1535 hoc
1496 1492 1549 1535 et
1574 1482 1788 1536 Petrus.
1820 1480 2065 1549 Namque
2097 1481 2148 1533 in
2179 1493 2317 1547 prae-

743 1572 960 1634 dicatis,
1001 1574 1085 1624 illa
1135 1572 1365 1626 invicem
1399 1581 1792 1626 convertuntur
1821 1588 1943 1640 quae
1987 1578 2115 1623 sunt
2141 1581 2320 1635 mqua-

743 1663 833 1728 lia,
863 1663 1027 1717 veluti
1058 1664 1221 1716 homo
1247 1673 1299 1717 et
1331 1664 1572 1728 risibile;
1610 1678 1734 1717 nam
1766 1664 1810 1715 si
1858 1661 1986 1731 quid
2018 1670 2098 1714 est
2133 1660 2316 1720 homo,

744 1757 845 1809 hoe
870 1763 922 1808 et
956 1756 1201 1821 risibile;
1236 1766 1288 1809 et
1315 1756 1359 1809 si
1393 1755 1519 1825 quid
1550 1764 1634 1809 est
1660 1755 1887 1814 risibilc,
1918 1755 2019 1806 hoc
2050 1765 2104 1804 et
2133 1752 2315 1805 homo.

744 1847 875 1913 Qure
901 1856 1082 1903 autem
1111 1847 1401 1913 excedunt,
1431 1862 1494 1901 ea
1523 1846 1754 1901 invicem
1776 1862 1880 1900 non
1904 1853 2316 1905 convertuntur,

2500 1114 2566 1159 κ’.
2628 1107 2689 1161 'll
2740 1103 3052 1173 ἀνθρωπίνη
3085 1101 3242 1169 φύσις
3272 1100 3363 1151 ἐπὶ
3410 1096 3515 1149 τῶν
3545 1094 3709 1162 τριῶν
3759 1089 4023 1144 ὑποστάο

2427 1216 2566 1251 σεωι
2632 1195 3108 1265 κατηγορουμένη,
3166 1190 3290 1244 οὔτε
3365 1186 3877 1256 ἀντικατηγορείται
3938 1181 4021 1231 ἐκ

2425 1290 2650 1347 τούτων,
2704 1287 2828 1339 οὔτε
2884 1283 3231 1354 ἀντιστρέφει
3281 1280 3370 1334 διὰ
3427 1279 3488 1331 τὸ
3548 1275 3801 1329 ὲπιπλέον
3855 1266 4022 1323 εἶναι

2427 1379 2661 1445 ἑκάστης
2696 1376 3046 1437 ὑποστάσεως
3072 1389 3085 1400 ·
3110 1374 3206 1426 καὶ
3236 1371 3345 1442 γὰρ
3392 1368 3446 1421 εῖ
3487 1386 3540 1420 τι
3590 1366 3814 1435 Πέτρος,
3840 1361 4023 1413 τοῦτο

2427 1475 2521 1522 καὶ
2565 1466 2872 1537 ἄνθρωπος,
2902 1466 3003 1517 οὑκ
3033 1464 3086 1515 εἴ
3136 1481 3189 1515 τι
3238 1462 3294 1515 δὲ
3349 1459 3651 1529 ἄνθρωπος.
3694 1456 3850 1508 τοῦτο
3909 1452 4023 1504 καὶ

2430 1562 2665 1626 Πέτρος·
2703 1559 2813 1610 τῶν
2856 1557 2966 1627 γὰρ
3020 1553 3533 1623 κατηγορουμένων,
3569 1548 3638 1601 τὰ
3686 1547 3783 1617 μὲν
3814 1544 4020 1609 ὲξισάο

2427 1652 2590 1714 ζοντά
2610 1653 2767 1714 είσιν,
2803 1650 2838 1703 ἃ
2864 1650 2957 1702 καὶ
2983 1646 3450 1715 άντιστρέφουσιν,
3491 1637 3603 1695 οἷον
3635 1642 3664 1693 ὅ
3697 1656 3755 1691 τε
3784 1637 4020 1705 ἄνθρω-

2427 1760 2527 1804 πος
2562 1742 2655 1795 καὶ
2687 1742 2747 1792 τὸ
2772 1738 3096 1806 γελαστικόν
3119 1753 3132 1766 ·
3165 1736 3219 1789 εί
3259 1751 3313 1787 τι
3362 1734 3471 1803 γὰρ
3504 1730 3811 1799 ἄνθρωπος,
3839 1726 4023 1779 τοῦτο

2428 1834 2524 1886 καὶ
2572 1830 2931 1899 γελαστικόν’
2981 1829 3076 1880 καὶ
3121 1826 3176 1879 εἴ
3210 1843 3269 1879 τι
3313 1822 3654 1891 γελαστικὸν,
3699 1817 3860 1873 τοῦτο
3910 1816 4021 1869 καὶ

747 1948 966 2006 propter
988 1953 1293 1993 excessum.
1320 1936 1493 1991 Veluti
1519 1938 1560 1991 si
1599 1938 1726 2007 quid
1764 1938 1947 1999 homo,
1981 1938 2084 1990 hoc
2114 1946 2167 1988 et
2196 1935 2314 1987 ani-

2429 1924 2709 1993 ᾶνθρωπος
2730 1938 2743 1953 '
2775 1922 2841 1974 τὰ
2862 1921 2916 1973 δὲ
2945 1918 3223 1981 ὲπιπλέον,
3252 1916 3288 1971 ἃ
3312 1914 3407 1968 καὶ
3428 1913 3529 1967 οὑκ
3549 1907 4020 1978 ἀντικατηγορεί-

746 2032 880 2093 mal;
918 2047 1022 2085 non
1058 2032 1101 2085 si
1154 2031 1284 2101 quid
1333 2031 1555 2093 animal,
1604 2032 1703 2083 hoc
1749 2038 1802 2083 et
1856 2030 2038 2081 homo.
2084 2027 2138 2081 Si
2174 2044 2324 2097 ergo,

744 2138 868 2176 cum
913 2125 1149 2176 humana
1175 2132 1367 2176 natura
1401 2122 1522 2191 plus
1574 2122 1645 2174 sit
1674 2121 1902 2186 singulis
1929 2120 2102 2173 tribus
2142 2134 2329 2187 perso-

746 2215 853 2279 nis,
908 2214 1230 2281 przedicctur
1276 2222 1456 2266 autem
1522 2213 1795 2266 ternarius
1857 2226 2115 2265 numerus
2167 2210 2325 2262 trium

745 2321 1128 2374 personarum,
1194 2321 1297 2358 non
1357 2305 1626 2365 absolute,
1671 2306 1762 2358 sed
1813 2304 2111 2358 secundum
2166 2302 2324 2356 talem

744 2398 1115 2467 subjectorum
1166 2398 1563 2471 quaqtitatem;
1620 2398 1760 2450 idem
1813 2407 1991 2449 autem
2044 2410 2324 2453 numerus,

745 2505 906 2557 quem
941 2500 993 2543 et
1031 2490 1419 2542 tmmcrabilem
1447 2488 1703 2548 dicimus,
1744 2504 1841 2539 Ct'll
1882 2487 1973 2553 qui
2008 2494 2328 2538 muneratur

747 2578 922 2646 magis
975 2594 1137 2645 quant
1194 2586 1467 2639 numerat,
1504 2578 1823 2643 praedicetur
1856 2576 2019 2628 etiam
2056 2575 2121 2626 de
2164 2586 2325 2625 voca-

750 2669 876 2721 hulo
932 2668 1096 2721 homo
1139 2666 1363 2733 adaeque
1397 2682 1458 2719 ac
1501 2682 1764 2719 numerus
1795 2680 2182 2734 personarum;
2222 2664 2323 2725 sic,

747 2758 992 2827 inquam,
1022 2762 1387 2824 comperietur
1440 2770 1784 2824 unaquaeque
1821 2770 2051 2822 persona
2086 2756 2177 2806 uui
2227 2769 2328 2807 na-

750 2860 884 2904 tura:
912 2858 1147 2918 aequata,
1207 2858 1260 2901 et
1317 2848 1557 2901 vicissim
1608 2848 1921 2916 prredicata.
1961 2845 2095 2900 Nam
2137 2854 2247 2901 tres
2276 2855 2330 2901 et

750 2952 859 2996 tres
886 2942 1177 3004 numerati,
1235 2957 1338 2993 non
1384 2949 1511 2994 sunt
1546 2941 1751 3008 plures,
1772 2942 1864 2993 sed
1899 2955 2073 3008 pares.
2111 2938 2243 2992 Nam
2275 2945 2329 2991 ct

748 3036 791 3091 si
818 3036 928 3089 duo
952 3035 1199 3099 quaadam
1236 3034 1365 3095 sint,
1400 3035 1629 3088 alterum
1674 3043 1853 3087 autem
1888 3032 1955 3086 de
1995 3046 2105 3084 uno
2135 3029 2328 3099 praedi-

749 3137 923 3187 cetur,
978 3126 1146 3179 veluti
1208 3125 1416 3179 risibile
1474 3125 1542 3179 de
1609 3125 1868 3188 homine;
1922 3123 2328 3175 demonstretur

748 3229 933 3273 autem
960 3220 1186 3273 alterum
1218 3233 1339 3272 esse
1364 3233 1479 3287 par,
1505 3218 1815 3271 necessario
1828 3216 2024 3270 accidit
2047 3224 2104 3268 ut
2130 3213 2326 3283 pra'di-

750 3320 1058 3365 camentum
1118 3310 1348 3363 invicem
1392 3310 1505 3371 tiat,
1557 3320 1611 3362 et
1656 3309 1819 3360 homo
1869 3306 2195 3377 praedicetur
2228 3319 2325 3372 pro

750 3402 966 3457 risibili.
1001 3402 1366 3467 Quamobrem
1418 3410 1653 3465 constat,
1696 3400 1841 3470 quod
1897 3400 1940 3454 si
1967 3398 2091 3467 quis
2117 3412 2327 3451 connu-

754 3495 1041 3549 meraverit
1077 3496 1322 3564 personis
1362 3503 1570 3549 natura;
1623 3495 1865 3562 ipsarum
1916 3506 2134 3555 nomen,
2166 3488 2329 3543 faciet

754 3596 815 3641 ut
840 3589 1048 3641 minora
1074 3588 1433 3657 prazdicentur
1450 3587 1516 3641 de
1546 3586 1845 3655 majoribus
1858 3592 1912 3639 et
1938 3590 2324 3652 exaequentur;

753 3676 899 3746 quod
964 3677 1221 3732 abhorret
1271 3693 1300 3730 a
1347 3677 1535 3745 logicis
1576 3675 1777 3745 regulis
1820 3682 1875 3729 et
1914 3689 1940 3725 a
1983 3672 2232 3736 veritate,
2271 3680 2328 3723 ut

753 3766 1012 3820 diximus.

827 4041 914 4093 2|.
948 4037 1069 4091 Pari
1105 4037 1268 4089 modo
1294 4036 1436 4103 quod
1468 4036 1659 4088 attinet
1690 4038 1757 4088 ad
1774 4035 2013 4089 divinam
2055 4045 2327 4101 naturam,

758 4134 860 4186 hoc
899 4130 1150 4198 exemplo
1194 4128 1339 4180 viam
1384 4127 1542 4181 nobis
1582 4126 2010 4189 demonstrante,
2044 4126 2328 4180 veritatem

759 4223 1161 4283 nanciscemur,
1196 4233 1548 4289 erroremque
1596 4218 1950 4287 depellemus.
1991 4216 2157 4273 Nobis
2183 4219 2329 4273 enim

760 4311 936 4365 tresin
963 4310 1144 4363 divina
1169 4318 1359 4362 natura
1384 4324 1646 4378 personas
1680 4309 2085 4375 conﬁtentibus,
2110 4324 2332 4364 necesse

758 4416 866 4456 non
905 4412 988 4455 est
1042 4410 1150 4454 tres
1203 4413 1421 4468 quoque
1466 4396 1598 4453 deos
1646 4397 1922 4462 invehere,
1956 4408 2175 4468 preptcr
2211 4398 2331 4461 illas

758 4506 898 4561 quas
926 4491 1037 4559 jam
1068 4490 1305 4543 diximus
1349 4489 1734 4543 absurditates.
1770 4489 2137 4554 Quamobrem
2172 4491 2329 4545 nobis

2426 2035 2516 2069 ται
2548 2016 2635 2069 διὰ
2674 2015 2734 2067 τὸ
2763 2013 3018 2066 ὲπιπλέον
3041 2029 3054 2040 ·
3086 2004 3198 2062 οἷον
3228 2008 3281 2059 εί
3302 2024 3352 2060 τι
3382 2005 3688 2075 ἄνθρωπος,
3716 1999 3874 2054 τοῦτο
3914 1996 4025 2050 καὶ

2428 2106 2565 2170 ζῶον
2587 2125 2598 2136 ·
2633 2106 2733 2157 οὑκ
2765 2105 2819 2157 εί
2846 2122 2897 2156 τι
2952 2103 3109 2166 ζῶον,
3151 2100 3312 2153 τοῦτο
3340 2099 3436 2151 καὶ
3466 2096 3773 2166 ἄνθρωπος,
3817 2093 3880 2144 Εἰ
3913 2087 4023 2142 οὖν

2426 2201 2523 2268 τῆς
2548 2197 2895 2267 ἀνθρωπίνης
2946 2196 3162 2263 φύσεως
3202 2190 3462 2246 ὲπιπλέον
3500 2188 3666 2257 οὔσης
3705 2189 3833 2255 μιᾶς
3877 2184 4026 2236 έκᾶο

2430 2306 2559 2357 στης
2608 2289 2714 2341 τῶν
2759 2288 2927 2357 τριῶν
2986 2284 3374 2348 ὑποστάσεων,
3430 2282 3821 2349 κατηγορεῖται
3877 2276 3940 2327 δὲ
3987 2276 4023 2327 ὁ

2428 2380 2577 2449 τρεῖς
2606 2375 2843 2447 ἀριθμὸς
2876 2375 2981 2426 τῶν
3006 2372 3176 2443 τριῶν
3198 2370 3568 2431 ὑποστάσεων,
3603 2370 3704 2420 οὐκ
3734 2365 4018 2419 ἀπολελυ-

2431 2470 2628 2539 μένως,
2674 2468 2810 2521 ἀλλὰ
2852 2467 2995 2519 κατὰ
3023 2466 3125 2533 τὴν
3161 2464 3390 2517 τοιῶσδε
3425 2463 3702 2527 ποσότητα
3730 2460 3837 2512 τῶν
3868 2459 4020 2511 ὑπο-

2430 2563 2697 2631 κειμένων
2718 2575 2731 2589 ⁶
2768 2560 2859 2611 τὸν
2888 2558 2944 2610 δὲ
2978 2557 3142 2611 αὑτὸν
3166 2553 3420 2623 ἀριθμὸν,
3466 2552 3524 2604 ὃν
3559 2552 3655 2604 καὶ
3703 2549 4023 2620 ἀριθμητὸν

2427 2654 2679 2723 λέγομεν,
2714 2650 2773 2712 ὃς
2818 2650 2913 2702 καὶ
2943 2648 3260 2719 ἀριθμεῖται
3312 2643 3514 2715 μᾶλλον
3559 2645 3704 2712 ἥπερ
3754 2641 4017 2709 ἀριθμεῖ,

2428 2743 2825 2813 κατηγορήσεις
2872 2740 3092 2808 καὶτῆς
3124 2738 3436 2805 ἅνθρωπος
3462 2734 3648 2803 φωνῆς
3679 2734 3737 2799 ἐξ
3781 2733 3899 2783 ίσου
3932 2730 4023 2799 τῷ

2428 2836 2649 2906 ἀριθμῷ
2677 2833 2787 2887 τῶν
2817 2832 3189 2891 ὑποστάσεων,
3231 2828 3588 2900 εὑρεθήσεται
3631 2828 3835 2893 ἑκάστη
3869 2822 4020 2876 ὑπόε-

2432 2945 2621 2991 στασις
2648 2927 2705 2994 ἐξ
2733 2926 2850 2978 ἴσου
2874 2928 2941 2995 τῇ
2970 2925 3069 2995 μιᾷ
3096 2923 3255 2992 φύσει
3273 2924 3367 2976 καὶ
3388 2919 3972 2989 ἁντικατηγορουμένη
3995 2931 4016 2947 ’

2428 3025 2489 3076 τὺ
2532 3024 2641 3094 γὰρ
2675 3024 2821 3091 τρεῖς
2855 3021 2949 3074 καὶ
2981 3022 3129 3089 τρεῖς
3160 3017 3585 3089 ἀριθμούμενον,
3616 3016 3717 3069 οὐκ
3749 3013 4019 3065 ὲπιπλέον

2428 3117 2597 3176 ἐστὶν,
2625 3115 2739 3169 ἀλλ’
2764 3115 2821 3179 ἐξ
2847 3114 2961 3166 ἴσου
2981 3128 2994 3141 ·
3022 3111 3115 3164 xal.
3132 3112 3240 3181 γὶιρ
3266 3110 3361 3163 ἐὰν
3381 3108 3473 3162 δύο
3491 3107 3612 3161 τινὰ
3631 3101 3754 3166 ὦσι.
3778 3105 4019 3175 θάτερον

2429 3208 2485 3261 δὲ
2538 3209 2927 3277 κατηγορεῖται
2955 3202 3047 3256 τοῦ
3100 3202 3239 3265 ἑνὸς,
3274 3195 3385 3254 οἷον
3436 3200 3498 3253 τὸ
3545 3196 3865 3264 γελαστικὸν
3912 3193 4019 3247 τοῦ

2432 3301 2717 3371 ἀνθρώπου
2735 3316 2745 3327 ι
2766 3296 2950 3367 δειχθῇ
2979 3295 3035 3348 δὲ
3054 3295 3150 3348 καὶ
3170 3293 3399 3364 θάτερον
3418 3290 3690 3356 ὲξισάζον,
3721 3286 4019 3357 συμϐαίνει.

2430 3391 2489 3455 ἐξ
2521 3390 2767 3459 ἀνάγκης
2797 3387 2894 3458 τὴν
2939 3384 3275 3455 κατηγορίαν
3316 3382 3719 3455 ἀντιστρέφειν.
3780 3378 3875 3431 καὶ
3916 3375 4019 3428 τὸν

2430 3481 2718 3552 ἄνθρωπον
2758 3476 3312 3547 άντικατηγορεῖσθαι
3338 3474 3436 3528 τοῦ
3476 3469 3800 3541 γελαστικοῦ
3822 3487 3835 3501 ο
3865 3467 4017 3521 ὥστε

2430 3576 2665 3644 φανερὸν
2711 3574 2792 3626 ὅτι
2820 3572 2871 3625 εί
2894 3588 2979 3634 τις
3020 3567 3345 3638 συναριθμεῖ
3386 3568 3505 3628 ταῖς
3554 3564 3919 3618 ὑποστάσεσιν
3950 3560 4019 3613 τὸ

2430 3667 2531 3735 τῆς
2568 3666 2785 3735 φύσεως
2804 3662 2985 3718 αὑτῶν
3023 3662 3217 3732 ὄνομα,
3258 3660 3483 3727 συνάγει
3509 3659 3577 3711 τὰ
3610 3658 3867 3711 ἐλάττονα
3900 3654 4018 3706 τῶν

2432 3757 2690 3811 ἐπιπλέον
2738 3754 3164 3825 κατηγορεῖσθαι
3195 3752 3291 3807 καὶ
3325 3751 3625 3815 ὲξισάζειν’
3660 3750 3796 3816 ὅπερ
3827 3746 4012 3815 ἀσύμ-

2433 3847 2610 3915 φωνὸν
2642 3849 2760 3899 ὲστι
2787 3850 2910 3909 ταῖς
2934 3846 3182 3914 λογικαῖς
3231 3843 3477 3915 μεθόδοις
3520 3842 3617 3895 καὶ
3651 3842 3718 3911 τῇ
3752 3838 4009 3909 ἀληθείᾳ,

2431 3937 2504 3999 ὡς
2531 3936 2760 4006 ἔφαμεν.

2503 4026 2610 4081 κα’.
2641 4028 2715 4081 Τὸ
2744 4027 2875 4081 αὑτὸ
2904 4029 2968 4095 δὴ
3007 4028 3101 4081 καὶ
3127 4027 3219 4079 ἐπὶ
3244 4029 3342 4093 τῆς
3374 4025 3524 4088 θείας
3561 4025 3775 4092 ςύσεως
3798 4061 3810 4082 ,
3840 4020 3931 4083 ὡς’
3947 4021 4016 4072 ἐκ

2432 4120 2644 4173 τουτουῒ
2671 4119 2766 4172 τοῦ
2796 4119 3238 4190 παραδείγματος
3274 4117 3670 4187 ποδηγούμενοι
3706 4115 3767 4167 τὸ
3809 4111 4013 4181 ἀληθὲς

2432 4211 2685 4284 λάϐωμεν
2720 4212 2813 4263 καί
2851 4210 2912 4263 τὸ
2946 4209 3140 4280 ψεῦδος
3189 4207 3663 4279 άπκρουσὼμεθα
3686 4223 3699 4236 ·
3753 4206 3848 4256 καὶ
3898 4204 4011 4272 γάρ

2433 4304 2589 4372 ἡμῶν
2610 4303 2778 4371 τριῶν
2806 4303 3159 4357 ὑποστάσεων
3179 4301 3586 4370 ὁμολογούντων
3612 4298 3703 4350 ἐπὶ
3734 4298 3831 4365 τῆς
3856 4295 4011 4356 θείας

2435 4396 2676 4462 φύσεως,
2711 4395 2809 4448 οὑκ
2830 4396 3044 4463 ἀνάγκη
3082 4397 3175 4448 καὶ
3209 4397 3357 4465 τρεῖς
3394 4395 3541 4463 ἡμᾶς
3573 4392 3730 4453 θεοὺς
3762 4388 4008 4454 εἰσάγειν

2431 4489 2519 4542 διὰ
2554 4490 2622 4541 τὰ
2654 4487 3081 4559 προδεδειγμένα
3118 4488 3297 4542 ἄτοπα
3324 4505 3337 4517 ·
3368 4488 3509 4540 ὥστε
3538 4485 3698 4553 δῆλον
3746 4485 3880 4551 ἡμῖν
3908 4482 4009 4534 άν-

759 4584 1108 4638 manil‘estum
1139 4593 1381 4650 apparet,
1406 4580 1551 4651 quod
1584 4594 1691 4636 tres
1722 4596 2005 4650 personas,
2031 4582 2325 4651 secundum

2437 4581 2655 4648 ἐφηνεν,
2682 4579 2763 4631 ὅτι
2796 4581 2947 4647 τρεῖς
2976 4578 3304 4640 ὑποστάσεις
3330 4576 3472 4630 κατὰ
3500 4577 3598 4637 τὰς
3626 4573 3889 4641 ἰδιότητας
3912 4572 4009 4625 ἐπὶ

759 4688 887 4727 suas
914 4670 1297 4740 proprietates,
1336 4671 1388 4723 in
1419 4686 1526 4723 una
1557 4670 1735 4723 divina
1771 4679 1963 4725 natura
1988 4670 2326 4737 conﬁtcntes,

761 4779 1102 4832 nequaquam
1135 4772 1244 4816 tres
1273 4761 1405 4815 deos
1428 4761 1757 4824 invehimus,
1798 4764 1891 4816 sed
1920 4778 2087 4817 unum
2119 4762 2327 4826 Deum;

759 4855 1203 4924 quandoquidem
1244 4870 1352 4909 una
1387 4855 1562 4909 deitas
1598 4864 1699 4916 est,
1729 4864 1891 4923 atque
1916 4856 1979 4909 ad
2017 4872 2183 4909 unum
2215 4856 2327 4921 illa,

761 4962 881 5015 quae
907 4947 1031 5000 inde
1064 4956 1209 5009 sunt,
1245 4945 1577 4999 referuntur.
1601 4944 1830 5000 Nomina
1865 4948 2008 5001 enim
2056 4946 2230 5002 Patris
2266 4962 2330 5002 ac

764 5042 904 5102 Filii,
952 5040 1093 5093 haud
1139 5050 1387 5092 naturam
1445 5040 1782 5110 siguilieant,
1835 5041 1929 5094 sed
1987 5040 2327 5103 relationem,

764 5148 956 5200 nempe
987 5131 1263 5199 quomodo
1298 5146 1357 5185 se
1403 5131 1600 5185 habeat
1629 5131 1695 5184 ad
1731 5131 1926 5185 Filium
1948 5130 2127 5195 Pater,
2178 5140 2234 5185 et
2263 5131 2329 5185 ad

764 5224 976 5277 Patrem
1014 5220 1205 5275 Filius.
1236 5220 1390 5274 Sicut
1414 5222 1557 5273 enim
1588 5222 1728 5290 apud
1774 5237 1871 5276 nos
1893 5221 1975 5276 lite
2008 5222 2327 5291 appellatio-

766 5331 860 5369 nes
884 5313 1177 5382 legitimam
1228 5311 1534 5380 genituram
1569 5312 1894 5379 signiﬁcant,
1925 5313 1996 5367 ita
2046 5314 2157 5368 illic
2177 5314 2329 5383 geni-

764 5418 874 5460 tum
912 5422 1033 5459 cum
1074 5404 1314 5472 genitore
1357 5404 1752 5474 homogeneum
1804 5404 2199 5459 demonstrant.
2237 5403 2327 5459 Si-

764 5494 960 5548 militer
990 5503 1043 5546 et
1096 5492 1333 5561 Spiritus
1378 5508 1715 5561 nequaquam
1745 5503 1995 5548 naturam
2036 5495 2325 5564 signiﬁcat,

764 5594 824 5639 ut
848 5595 903 5638 et
933 5594 1124 5637 caetera
1156 5602 1167 5635 :
1201 5584 1399 5635 etenim
1442 5583 1721 5639 relationis
1767 5584 1909 5639 inter
1947 5585 2044 5639 has
2065 5600 2328 5654 personas

762 5674 1446 5735 diﬁcrentia,diﬂ‘erentcm
1490 5690 1710 5743 quoque
1757 5675 1969 5730 illarum
2006 5679 2326 5746 appellatio-

762 5783 883 5822 nem
906 5766 1101 5820 effecit.
1150 5764 1358 5819 Idcirco
1402 5780 1526 5820 cum
1568 5765 1635 5818 ad
1680 5766 1933 5821 deitatem
1980 5770 2322 5837 respicimus,

760 5859 1100 5928 primamque
1143 5872 1386 5921 causam,
1444 5866 1495 5912 ct
1557 5859 1952 5923 monarrhiam,
1996 5876 2161 5915 unum
2194 5863 2325 5929 quid

2436 4671 2534 4739 τῆς
2563 4672 2691 4739 μιᾶς
2718 4671 2811 4723 καὶ
2841 4669 3027 4738 θεῖκῆς
3074 4668 3289 4736 φύσεως
3336 4666 3743 4737 ὁμολογοῦντες,
3774 4664 3872 4716 οὑκ
3894 4664 4005 4713 είσο

2436 4763 2643 4831 ἀγομεν
2670 4764 2764 4817 καὶ
2800 4763 2948 4830 τρεῖς
2982 4761 3156 4823 θεοὺς,
3190 4760 3303 4811 ἀλλ’
3334 4759 3429 4812 ἕνα
3452 4758 3606 4818 Θεὸν,
3635 4758 3716 4810 ὅτι
3751 4754 3848 4825 μία
3879 4753 4004 4806 θεο-

2432 4870 2552 4923 της,
2580 4855 2671 4906 καὶ
2703 4855 2839 4923 πρὸς
2866 4853 2924 4905 ἓν
2949 4854 3017 4906 τὰ
3049 4852 3107 4918 ἐξ
3137 4852 3303 4904 αὑτοῦ
3334 4851 3432 4920 τὴν
3469 4847 3746 4916 ἀναφορὰν
3777 4845 3917 4914 ἔχει·
3944 4842 4007 4895 τὸ

2433 4946 2541 5017 γὰρ
2575 4947 2780 5014 Πατὴρ
2814 4948 2908 4998 καὶ
2936 4946 3067 5011 Υἱὸς
3092 4945 3285 5014 ὄνομα,
3311 4945 3373 4997 οὑ
3402 4942 3563 5010 φύσιν
3595 4938 4003 5006 ὑποσημαίνου-

2439 5057 2543 5105 σιν,
2580 5040 2717 5093 ἀλλὰ
2765 5039 3005 5108 σχέσεώς
3032 5056 3093 5091 τε
3136 5040 3229 5091 καί
3258 5037 3353 5089 τοῦ
3402 5037 3521 5099 πῶς
3574 5034 3685 5103 ἔχει
3728 5034 3863 5105 πρὸς
3911 5033 4003 5085 τὸν

2434 5131 2562 5184 Υίὺν
2585 5133 2614 5183 ὁ
2646 5131 2856 5202 Πατὴρ,
2887 5132 2919 5201 ἢ
2953 5134 2981 5184 ὁ
3012 5132 3138 5189 Υἱὸς
3176 5131 3312 5199 πρὸς
3337 5129 3428 5182 τὸν
3481 5128 3695 5197 Πατέρα
3716 5143 3730 5157 ·
3778 5126 3854 5186 ὡς
3893 5125 4002 5193 γάρ

2432 5220 2515 5288 ἐφ’
2550 5222 2711 5291 ἡμῶν
2738 5215 2899 5273 αὗται
2935 5221 2991 5273 αἱ
3022 5219 3243 5289 κλήσεις
3279 5220 3341 5271 τὸ
3372 5220 3589 5287 γνήσιον
3627 5216 3997 5285 σημαίνουσιν,

2432 5313 2605 5375 οὕτως
2644 5315 2760 5366 ἐκεῖ
2793 5312 2889 5382 τὴν
2924 5311 3018 5365 τοῦ
3045 5310 3444 5379 γεγεννημένου
3474 5308 3611 5379 πρὸς
3653 5308 3714 5359 τὸ
3746 5322 4003 5375 γεγεννη-

2432 5406 2525 5468 κὸς
2545 5406 2815 5474 ὁμοφυῖαν
2834 5405 3191 5473 σημαίνουσιν
3212 5420 3226 5433 ·
3243 5402 3506 5465 ὡσαύτως
3520 5402 3576 5454 δὲ
3590 5400 3684 5453 καὶ
3702 5401 3763 5454 τὸ
3780 5399 3998 5467 Πνεῦμα

2429 5499 2490 5551 ού
2522 5497 2685 5566 φύσιν
2716 5498 2996 5567 σημαίνει,
3032 5496 3223 5563 ὥσπερ
3268 5495 3362 5547 καὶ
3411 5493 3481 5546 τὰ
3526 5493 3721 5547 λοιπάο
3769 5493 3831 5544 τὸ
3891 5492 3998 5561 γὰρ

2428 5590 2687 5660 διάφορον
2718 5592 2813 5657 τῆς
2850 5588 2987 5659 πρὸς
3005 5586 3209 5654 ἄλληλα
3232 5585 3437 5638 τούτων
3461 5584 3714 5653 σχέσεως,
3747 5582 3998 5651 διάφορον

2429 5682 2611 5735 αὐτῶν
2637 5682 2731 5735 καὶ
2761 5682 2860 5749 τὴν
2890 5680 3083 5748 κλῆσιν
3108 5676 3379 5744 πεποίηκε
3400 5692 3416 5707 ⁸
3441 5676 3522 5728 διὸ
3539 5676 3617 5729 ὅτ’
3638 5674 3707 5728 ἄν
3740 5676 3837 5744 μὲν
3862 5676 3995 5744 πρὸς

2428 5773 2527 5841 τὴν
2568 5772 2799 5840 θεότητα
2844 5770 3135 5839 βλέπωμεν
3183 5769 3275 5821 καὶ
3305 5766 3403 5834 τὴν
3429 5764 3654 5835 πρώτην
3694 5765 3874 5817 αἰτίαν
3903 5771 3995 5817 καὶ

2431 5864 2750 5935 μοναρχίαν,
2797 5863 2855 5916 ἒν
2885 5865 3019 5933 ἡμῖν
3075 5862 3135 5914 τὸ
3184 5858 3619 5929 φανταζόμενον·
3682 5859 3759 5912 ὅτ’
3821 5858 3887 5911 ἂν
3938 5858 3995 5912 δὲ
