4194 6432
143 418 241 478 697

1301 409 1731 472 REFUTATIO
1766 410 2237 471 MOHAMEDIS.

3287 409 3391 472 698

145 527 277 595 πρὸς
325 523 396 577 τά
420 526 479 577 ὲν
508 520 591 588 οἷς
637 526 670 595 ἠ
717 522 906 594 θεότης
949 525 1017 575 τὰ
1057 522 1121 574 ὲκ
1152 522 1251 590 τῆς
1288 522 1510 592 πρώτης
1541 523 1719 582 αἰτίας

1826 522 2207 591 imaginamur.
2239 523 2374 576 Cum
2400 536 2525 573 vero
2562 521 2626 575 ad
2663 534 2725 573 ea
2760 519 2813 573 in
2838 519 3036 588 quibus
3063 516 3235 572 dcitas
3258 532 3390 571 con-

143 619 386 685 ἁχρὸνως
411 618 510 670 καὶ
527 616 796 687 ὁμοδόξως
824 615 1203 683 ἐκλάμψαντα,
1236 615 1364 683 τρία
1388 615 1455 665 τά
1475 630 1717 684 προσκυη

147 711 377 781 νούμενα
401 726 415 740 ·
451 711 547 762 καὶ
568 709 741 762 ταῦτα
766 712 906 771 ἐστι,
935 710 962 759 ὁ
992 708 1181 777 Πατὴρ
1208 707 1303 759 καὶ
1331 710 1358 760 ὁ
1382 707 1508 769 Υἱὸς
1539 706 1632 758 καὶ
1662 705 1720 757 τὸ

146 805 367 873 Πνεῦμα
411 806 473 857 τὸ
514 804 689 870 ἅγιον,
745 805 824 865 εἰς
866 802 903 856 ά
945 802 1272 870 πιστεύομεν
1329 802 1419 855 καὶ
1460 800 1720 871 βεϐαπτί-

148 900 343 966 σμεθα,
378 900 475 950 καὶ
497 892 579 960 οἷς
602 895 959 968 λατρεύομεν.

210 1085 317 1155 κβ’.
358 1084 422 1137 Εἰ
454 1083 510 1137 δὲ
549 1081 930 1150 ἀναιδέστερον
988 1080 1125 1151 πρὸς
1155 1080 1223 1132 τά
1254 1079 1516 1150 λεχθέντα
1562 1080 1609 1133 οἱ
1656 1081 1721 1134 ἐκ

147 1180 241 1247 τῆς
269 1180 455 1248 Ἀγαρ
488 1175 789 1228 διατεθεῖεν
839 1173 1126 1239 λέγοντες·
1163 1174 1224 1226 Εἰ
1273 1174 1368 1226 καὶ
1418 1172 1622 1241 κυρίως
1660 1172 1722 1225 τὸ

144 1270 238 1337 τῆς
269 1269 493 1338 φύσεως
537 1265 709 1335 δνομα
744 1267 803 1317 ού
859 1264 1299 1333 συναριθμεῖται,
1338 1263 1452 1316 ἀλλ’
1488 1262 1583 1317 οὖν
1620 1280 1721 1318 κα·

146 1358 530 1430 ταχρηστικῶς
562 1357 713 1428 παρὰ
737 1356 805 1426 τῇ
847 1356 1104 1427 συνηθείᾳ
1153 1354 1377 1424 εὓρηται
1409 1354 1718 1423 λεγόμενον,

147 1451 262 1503 καθ’
293 1450 323 1503 δ
355 1449 591 1519 λέγομεν
627 1450 777 1518 τρεῖς
797 1446 1141 1518 ,ἀνθρώπους
1188 1448 1283 1499 καὶ
1315 1448 1463 1516 τρεῖς
1498 1447 1717 1508 ἴππους’

147 1540 341 1593 ούκοῦν
370 1542 470 1594 καὶ
501 1539 623 1593 καθ’
656 1540 798 1608 ὑμᾶς
831 1538 1073 1606 λεγέσθω
1123 1532 1262 1589 εἶναι
1304 1539 1337 1606 ἡ
1386 1538 1516 1601 παρ’
1568 1535 1720 1605 ὑμῶν

148 1635 314 1704 Τριὰς
348 1635 623 1703 σεϐομένη
664 1630 1095 1702 καταχρηστικῷ
1139 1630 1280 1699 λόγῳ
1307 1631 1456 1699 τρεῖς
1502 1627 1613 1681 θεοὶ
1644 1628 1721 1692 ὡς

146 1728 288 1795 τρεῖς
323 1724 632 1791 ἄνθρωποι.
675 1723 709 1794 ἦ
742 1724 869 1779 ἄλλο
898 1741 951 1776 τι
984 1721 1505 1794 συναριθμούμενον,
1541 1722 1720 1792 φαμὲν

146 1818 303 1887 ἡμεῖς
332 1818 473 1888 πρὸς
495 1817 709 1886 ζαύτούς
731 1834 745 1849 ο
780 1818 863 1870 ὅτι
891 1816 954 1871 τὸ
983 1815 1084 1885 τῆς
1122 1816 1336 1885 φύσεως
1377 1814 1565 1885 ὄνομα,
1599 1816 1718 1868 τότε

148 1916 253 1977 ταῖς
281 1915 515 1976 οἰκείαις
543 1914 879 1967 ὑποστάσεσι
907 1912 1324 1983 συναριθμεῖται
1349 1927 1719 1981 καταχρηστι-

149 2007 272 2070 κῶς,
298 2009 467 2077 ἡνίκα
494 2008 552 2059 αἱ
583 2007 915 2069 ὑποστάσεις
944 2006 1044 2074 τὴν
1074 2007 1153 2067 εἰς
1176 2003 1380 2073 ἄλληλα
1411 2003 1724 2074 περιχώρη-

151 2120 226 2153 σιν
259 2102 338 2169 (6)
373 2103 478 2154 οὐκ
510 2102 715 2170 ἔχουσι,
752 2102 888 2154 ἀλλὰ
914 2102 1165 2154 πλεῖστον
1188 2103 1281 2154 ἀπ’
1325 2101 1575 2169 ἀλλήλων
1604 2100 1721 2151 δια-

150 2192 547 2260 κεχωρήκασιν,
576 2192 713 2260 μετὰ
736 2191 829 2243 καὶ
857 2190 953 2243 τοῦ
980 2190 1123 2260 ἔχειν
1147 2191 1403 2259 διάφορον
1433 2189 1494 2242 τὸ
1511 2189 1722 2261 θέλημα

148 2291 233 2340 καὶ
300 2288 593 2358 ἐνέργειαν
653 2285 750 2338 καὶ
809 2283 1098 2353 βούλησιν,
1162 2284 1257 2335 καὶ
1316 2280 1575 2348 πλείστην
1623 2281 1722 2348 τὴν

149 2383 405 2451 διαςσρὰν
461 2378 779 2448 κεκτῆσθαι,
820 2377 1018 2446 ἥττονα
1043 2375 1099 2427 δὲ
1133 2374 1229 2443 τὴν
1273 2374 1555 2426 κοινωνίαν
1580 2388 1595 2405 ο
1641 2367 1721 2434 οἷς

147 2475 198 2524 δὲ
229 2473 430 2542 γνώμη
472 2472 590 2540 μία,
623 2470 716 2523 καὶ
756 2468 1009 2538 βούλησις
1030 2465 1353 2534 ἀδιαίρετος,
1386 2466 1479 2517 καὶ
1509 2466 1723 2532 φύσεως

151 2566 433 2633 ταυτὸτης,
461 2565 553 2615 καὶ
582 2563 681 2631 μία
704 2560 940 2625 ἐξουσία,
964 2559 1057 2612 καὶ
1076 2558 1313 2626 θέλησις,
1342 2557 1433 2609 καὶ
1450 2556 1720 2623 ἐνέργεια,

152 2659 238 2709 καὶ
268 2658 455 2709 πάντα
478 2656 654 2717 κοινά,
689 2653 830 2716 πλὴν
860 2653 987 2722 μιᾶς
1023 2652 1191 2720 μόνης
1219 2649 1317 2716 τῆς
1344 2647 1451 2700 τῶν
1486 2648 1726 2699 ὑποστα-

150 2748 309 2799 τικῶν
357 2748 645 2815 ίδιοτήτων
688 2744 972 2812 διαφορᾶς,
1030 2739 1066 2793 ἃ
1094 2742 1187 2792 καὶ
1225 2738 1286 2789 τὸ
1338 2737 1725 2804 ἀνεκφοίτητον

154 2840 279 2905 πρὸς
298 2838 531 2901 ἑαυτὰς,
551 2837 643 2890 καὶ
661 2838 693 2905 ἠ
714 2836 793 2899 είς
818 2834 1025 2903 ἄλληλα
1052 2829 1447 2900 πνριχιῦρησις,
1472 2828 1722 2896 οὐδαμῶς

151 2930 370 3000 εὓρηται
404 2929 470 2982 τὸ
495 2930 591 2996 τῆς
631 2926 849 2995 φύσεως
880 2924 1063 2978 αὐτῶν
1090 2924 1261 2992 δνομα
1297 2919 1725 2990 συναριθμούμε-

150 3040 251 3085 νον,
285 3021 417 3076 οὔτε
482 3020 725 3091 κυρίως,
766 3018 889 3071 οὕτε
943 3014 1436 3086 καταχρηστικῶς·
1498 3012 1589 3066 διά
1642 3028 1723 3063 τοι

148 3115 316 3180 τοῦτο,
363 3115 475 3167 κᾶν
512 3114 605 3166 τὸν
647 3113 867 3182 Πατέρα
901 3109 1253 3179 ὁμολογῶμεν
1305 3106 1437 3159 Θεδν
1484 3105 1579 3158 καὶ
1630 3104 1723 3156 τὸν

1821 617 1987 682 sistit,
2021 634 2082 671 ea
2129 628 2259 670 tunc
2310 626 2619 685 spectamus
2647 628 2768 684 qua:
2800 628 2866 666 ex
2904 613 3073 680 prima
3104 623 3271 665 causa
3302 608 3391 662 in-

1823 712 2191 779 temporaliter
2214 719 2267 763 et
2294 724 2418 762 cum
2437 709 2659 764 honoris
2686 706 2914 777 paritate
2937 704 3390 772 explendescunt,

1820 804 1922 858 tria
1948 802 2245 868 adoranda,
2286 817 2407 871 quae
2440 810 2566 855 sunt
2613 800 2771 855 Pater
2795 806 2850 852 et
2879 796 3048 850 Filius
3077 804 3127 847 et
3153 792 3392 862 Spiritus

1821 905 2066 955 sanctus.
2109 898 2160 949 in
2215 910 2335 963 quae
2392 892 2667 947 credimus
2704 900 2758 943 et
2790 888 3049 959 haptizati
3077 884 3301 950 fuimus,
3337 890 3393 938 et

1819 1004 1942 1057 quzc
1975 987 2254 1040 latreutico
2287 984 2435 1037 cnltn
2469 981 2871 1052 prosequimur.
3324 1038 3327 1043 _

1891 1079 1983 1133 22.
2010 1080 2120 1149 Age
2150 1094 2296 1139 vero,
2323 1076 2366 1131 si
2400 1074 2540 1129 forte
2571 1070 2939 1140 impudentius
2969 1072 3230 1127 adversus
3265 1072 3395 1126 liac-

1821 1183 1982 1227 tenus
2025 1173 2167 1226 dicta
2222 1169 2452 1239 Agareni
2498 1174 2832 1235 consurgant
2892 1166 3136 1221 dicentes
3172 1182 3196 1221 τ
3235 1166 3393 1233 Quod

1820 1266 2030 1321 etiamsi
2063 1265 2279 1334 proprie
2326 1276 2534 1317 natura:
2570 1261 2891 1314 vocabulum
2943 1273 3049 1313 non
3094 1274 3396 1313 connume-

1822 1368 1998 1419 ratur,
2030 1362 2267 1408 attamen
2309 1353 2538 1406 abusive
2591 1352 2888 1405 secundum
2941 1352 3392 1403 consuetudinem

1821 1447 1901 1503 sic
1934 1446 2039 1503 dici
2072 1446 2446 1511 comperitnr;
2496 1442 2661 1496 veluti
2693 1442 2926 1496 dicimus
2960 1452 3071 1495 tres
3124 1440 3394 1504 homines,

1820 1547 1875 1593 et
1898 1548 2007 1594 tres
2041 1554 2210 1607 equos
2245 1555 2258 1591 ι
2286 1535 2641 1605 quamobrem
2677 1534 2841 1586 ctiam
2873 1532 3014 1601 apud
3045 1548 3142 1587 vos
3181 1532 3397 1586 dicatur

1821 1647 1943 1686 esse
1986 1631 2131 1685 culta
2178 1631 2269 1685 illa
2320 1646 2349 1684 a
2403 1628 2557 1683 vobis
2597 1626 2839 1681 Trinitas
2876 1625 3103 1678 abusivo
3143 1638 3429 1683 sermone.

1821 1733 1933 1779 tres
1966 1724 2062 1786 dii,
2098 1738 2249 1792 mque
2289 1738 2352 1775 ac
2401 1732 2513 1775 tres
2565 1720 2840 1780 homines,
2878 1726 2971 1771 aut
3000 1716 3145 1770 aliud
3180 1712 3398 1785 quidvis

1821 1826 2274 1873 connumeratum
2304 1833 2317 1868 :
2347 1830 2445 1869 nos
2480 1816 2553 1867 ita
2608 1815 2673 1869 iis
2731 1811 3126 1880 respondemus
3160 1822 3398 1878 :nempe

1822 1912 1967 1982 quod
1995 1920 2202 1964 natura:
2237 1908 2558 1962 vocabulum
2586 1915 2714 1961 tunc
2737 1920 2859 1959 cum
2891 1902 3123 1972 propriis
3149 1902 3400 1972 personis

1824 2003 2047 2057 abusive
2079 2012 2528 2065 connumeratur,
2575 2013 2699 2052 cum
2754 2012 3002 2066 personae
3043 2010 3147 2049 non
3197 1992 3401 2048 habent

1824 2098 2054 2153 invicem
2088 2094 2683 2152 circnminsessioncm.
2715 2090 2808 2145 sed
2843 2088 3138 2159 plurimum
3163 2086 3395 2141 invicem

1823 2190 2058 2253 distant;
2095 2197 2292 2256 praeter
2327 2201 2489 2254 quam
2524 2184 2668 2253 quod
2712 2182 2989 2235 voluntate
3038 2178 3299 2233 differunt
3348 2187 3403 2232 et

1822 2283 2138 2350 operatione
2189 2290 2243 2333 et
2302 2277 2713 2338 deliberatione,
2767 2275 3204 2344 permnltamqne
3236 2272 3398 2326 aliam

1823 2371 2184 2425 dill‘erentiam
2230 2385 2339 2438 pra‘.
2380 2384 2437 2422 se
2484 2367 2685 2425 ferunt.
2742 2365 2967 2418 minime
2995 2378 3125 2418 vero
3148 2377 3400 2418 commu-

1825 2465 2066 2517 nionem.
2105 2460 2487 2513 Verumtamen
2525 2459 2763 2520 illornm,
2791 2470 3024 2526 quorum
3053 2469 3160 2509 una
3184 2455 3405 2523 insepa-

1828 2554 2124 2622 rabilisqne
2153 2563 2239 2605 est
2287 2549 2623 2613 deliberatio,
2663 2557 2855 2601 natura
2903 2546 3119 2611 eadem,
3160 2560 3266 2599 una
3298 2559 3401 2614 po-

1828 2656 2011 2711 testas,
2042 2647 2311 2706 volnntas,
2370 2653 2534 2712 atque
2585 2640 2857 2711 operatio,
2899 2650 3207 2706 cunctaque
3252 2652 3404 2691 com-

1828 2740 2033 2803 munia,
2064 2739 2176 2793 sola
2209 2750 2431 2803 cxccpta
2465 2732 2832 2802 personalinm
2866 2731 3263 2800 proprietatum
3292 2726 3402 2782 dif-

1826 2830 2071 2887 ferentia.
2114 2840 2348 2895 quorum
2376 2826 2501 2877 item
2527 2820 2881 2891 impossibilia
2897 2818 3187 2886 separatio,
3213 2825 3267 2871 et
3282 2831 3404 2884 qua

1827 2920 2057 2972 invicem
2100 2913 2587 2976 circuminsident;
2651 2913 2868 2974 horum,
2914 2909 3161 2977 inquam,
3194 2913 3403 2961 natura

1825 3011 2147 3065 vocabulum
2206 3020 2487 3072 nunquam
2543 3004 2854 3058 invenietur
2905 3008 3400 3061 connumeratum,

1828 3117 2003 3170 neque
2029 3100 2245 3169 proprie
2273 3111 2448 3165 neque
2499 3094 2744 3149 abusive.
2774 3090 3138 3156 Quamobrem
3188 3086 3402 3142 etiamsi

150 3206 269 3259 Υῑδν
296 3208 392 3259 καὶ
426 3206 489 3257 τὸ
516 3205 781 3270 πανάγιον
818 3202 1041 3269 Πνεῦμα
1072 3200 1354 3260 ὡσαύτως,
1387 3197 1485 3250 οὐκ
1510 3195 1721 3261 εἰσάγο-

1832 3194 2041 3247 Patrem
2104 3191 2429 3246 conﬁtemur
2473 3186 2662 3247 Deum,
2721 3184 3037 3254 pariterque
3096 3180 3292 3233 Filium
3350 3185 3408 3233 et

153 3315 243 3364 μεν
278 3299 377 3350 καὶ
440 3299 591 3366 τρεῖς
621 3294 777 3356 θεούς
801 3310 814 3324 ο
873 3291 998 3346 οὕτε
1039 3291 1138 3361 μὲν
1170 3286 1545 3357 ἀπαιτούμεθα
1601 3284 1724 3338 οὔτε

154 3393 349 3460 κυρίως
381 3388 512 3442 οὗτε
540 3384 999 3456 καταχρηστικῶς
1039 3381 1421 3450 συναριθμεῖν·
1463 3378 1648 3447 ἐπειδὴ
1688 3380 1719 3447 ἡ

151 3484 220 3546 εἰς
247 3482 463 3549 ἄλληλα
499 3479 874 3549 περιχὼρησις
920 3477 1199 3544 πρόσεστι,
1252 3474 1345 3525 καὶ
1373 3471 1433 3523 τὸ
1470 3468 1718 3538 άνεκφοί-

152 3591 303 3653 τητον
333 3575 435 3627 καὶ
458 3574 520 3626 τὸ
541 3572 864 3627 ἀδιάστατον
886 3569 981 3623 καὶ
1002 3565 1192 3636 γνώμη
1219 3567 1316 3635 μία
1346 3564 1440 3618 καὶ
1472 3562 1725 3631 βούλησις

152 3666 237 3716 καὶ
268 3652 553 3734 νὲνέργεια
602 3662 696 3715 καὶ
722 3660 891 3713 τᾶλλα
946 3658 1088 3726 άπερ
1122 3656 1350 3725 ἔφαμεν.
1386 3654 1448 3705 Εἰ
1476 3653 1530 3704 δὲ
1563 3652 1725 3704 πάλιν

151 3756 581 3824 ἁνθυποφέροιεν
612 3754 883 3820 λέγοντες.
924 3751 1005 3803 ὃτι
1037 3748 1098 3802 τὸ
1127 3748 1271 3810 Θεὸς
1316 3746 1485 3813 δνομα
1518 3745 1578 3796 ού
1627 3743 1725 3812 τῆς

153 3849 358 3913 φύσεως
389 3848 495 3916 τῆς
521 3847 671 3905 θείας
698 3846 815 3899 ἐστὶ
845 3841 1163 3913 δηλωτικὸν,
1186 3839 1300 3893 ἀλλ’
1327 3837 1604 3908 ἐνεργείας
1623 3838 1722 3905 (7),

154 3942 211 3992 τὶ
254 3941 311 3993 δὲ
340 3940 457 3993 τῶν
487 3938 778 4010 ἐνεργειῶν
807 3936 1047 4005 ὀνόματα
1094 3928 1571 4001 συναριθμοῦνται,
1612 3925 1725 3981 οἷον

153 4034 375 4101 λέγομεν
408 4034 561 4103 τρεῖς
593 4032 827 4101 ῥήτορας
861 4028 953 4082 καὶ
986 4028 1133 4098 τρεῖς
1162 4023 1483 4093 φιλοσόφους
1514 4021 1546 4091 ἢ
1579 4022 1725 4090 τρεῖς

155 4126 429 4188 τέκτονας,
457 4125 693 4192 λέγομεν
730 4122 827 4174 καὶ
874 4120 1006 4189 πρὸς
1033 4118 1225 4183 ταῦτα,
1261 4118 1341 4170 ὅτι
1376 4116 1498 4168 τότε
1525 4116 1591 4167 τά
1616 4113 1725 4165 τῶν

160 4220 443 4286 ἐνεργειῶν»
493 4215 737 4283 ὀνόματα
780 4210 1215 4282 συναριθμεῖται,
1251 4210 1308 4260 ὲν
1365 4202 1446 4270 οἷς
1501 4205 1725 4274 γνώμης

158 4308 479 4378 παραλλαγὴ
528 4304 936 4376 παρεισδύεται.
991 4303 1087 4357 καὶ
1137 4301 1439 4372 βουλήσεως
1472 4299 1727 4367 ἑτερότης

160 4404 403 4468 πάρεστι,
439 4401 539 4453 καὶ
583 4396 789 4466 ἀπορία
814 4394 1057 4449 καλοῦσα
1086 4396 1223 4464 πρὸς
1257 4394 1356 4462 τὴν
1390 4391 1602 4462 χρείαν,
1632 4389 1727 4442 καὶ

161 4494 396 4565 ἐνέργεια
443 4491 505 4543 ού
542 4489 657 4557 μία,
689 4488 824 4542 ἀλλὰ
865 4487 1119 4555 διάφορος
1146 4484 1239 4538 καὶ
1264 4481 1688 4552 ἀποτετμημένη
1708 4496 1721 4510 ·

158 4581 229 4647 οἷς
256 4586 311 4638 δὲ
366 4584 470 4653 μία
523 4581 779 4652 ἐνέργεια
826 4578 1031 4649 φυσικὴ
1080 4576 1385 4647 ἀδιαίρετος
1440 4577 1723 4645 πάρεστιν,

159 4676 397 4746 οὐδαμῶς
428 4674 501 4728 τά
530 4674 640 4726 τῶν
679 4672 970 4743 ἐνεργειῶν
1012 4671 1251 4739 ὀνόματα
1298 4668 1728 4737 συναριθμεῖται.

169 4771 313 4823 Ἐπεὶ
343 4766 440 4823 οὖν
462 4770 495 4837 ή
524 4767 848 4837 ὑπερούσιος
887 4764 1078 4834 Τριὰς,
1110 4764 1276 4833 ἤγουν
1314 4764 1342 4815 ὁ
1370 4760 1556 4831 Πατὴρ
1586 4762 1678 4813 καὶ
1704 4762 1733 4814 ὁ

162 4862 277 4924 Υἱὸς
306 4864 401 4915 καὶ
433 4862 496 4914 τὸ
524 4858 749 4928 Πνεῦμα
771 4858 830 4911 τὸ
870 4859 1046 4925 άγιον,
1084 4859 1117 4926 ἡ
1151 4855 1300 4926 παρὰ
1325 4855 1432 4907 τῶν
1469 4856 1731 4926 Χριστια-

163 4956 259 5008 νῶν
292 4955 539 5017 εὐσεϐῶς
577 4954 671 5007 καὶ
701 4952 1012 5022 ὸρθοτὸμως
1070 4950 1438 5019 πιστευομένη
1493 4950 1588 5001 καὶ
1636 4946 1730 5000 λα-

164 5049 479 5118 τρευομένη,
514 5046 644 5116 μιᾶς
672 5044 951 5114 ἐνεργείας
967 5044 1289 5095 ἀδιαστάτου
1308 5041 1474 5101 ἐστὶν,
1498 5039 1729 5109 φανερὸν

165 5141 262 5209 ἄρα
293 5143 399 5195 κᾶν
429 5141 496 5193 τὸ
533 5138 678 5204 Θεὸς
719 5138 889 5207 ὄνομα
938 5134 1219 5205 ἐνεργείας
1269 5135 1385 5186 ἐστὶ
1414 5132 1727 5203 δηλωτικὸν,

166 5234 334 5301 χώραν
363 5234 425 5285 τὺ
456 5230 912 5300 συναριθμεῖσθαι
945 5227 1086 5281 κατὰ
1116 5226 1274 5279 τοῦτο
1310 5226 1405 5294 ούχ
1431 5225 1572 5288 ἕξει·
1608 5224 1728 5276 ὅθεν

167 5322 329 5391 πάσης
352 5319 615 5388 διαϐολῆς
656 5318 753 5372 καὶ
776 5317 1107 5388 κατηγορίας
1153 5318 1186 5387 ἡ
1214 5315 1335 5369 καθ’
1365 5316 1510 5386 ἡμᾶς
1544 5313 1725 5377 πίστις

164 5413 421 5482 ἁνωτέρα,
449 5412 531 5473 ὡς
564 5412 660 5464 καὶ
682 5410 970 5463 δέδεικται.

229 5502 326 5571 κγ’.
368 5505 594 5556 Ἐνεστι
626 5502 681 5555 δὲ
715 5502 806 5554 καὶ
834 5500 1009 5563 ἄλλως
1038 5501 1170 5569 ἡμῖν
1195 5499 1261 5551 δι’
1293 5495 1722 5566 ὲπιστημονικῆς

165 5595 250 5646 καὶ
270 5595 516 5664 ἀφύκτου
550 5593 869 5664 διαιρέσεως
895 5595 964 5646 τά
1010 5593 1139 5662 περὶ
1167 5591 1265 5661 τῆς
1301 5587 1585 5660 ὁμοουσίου
1628 5588 1723 5640 καὶ

228 5791 299 5858 (6)
336 5791 409 5846 De
444 5790 755 5859 tlicojpgico
782 5789 1048 5844 vocabulo
1073 5787 1443 5860 περιχὼρησις
1498 5785 1723 5860 copiose

165 5856 400 5919 Petavius
434 5861 514 5916 De
540 5856 689 5920 Trin.
723 5862 818 5917 lib.
849 5860 936 5927 IV,
978 5860 1060 5916 lG.
1119 5856 1299 5917 Utitur
1342 5856 1520 5913 etiam
1568 5856 1725 5911 Nice-

1830 3286 2091 3354 Spiritnm
2128 3293 2399 3342 sanctum.
2427 3289 2535 3333 tres
2568 3279 2698 3333 deos
2730 3291 2836 3331 non
2865 3274 3197 3334 invebimns.
3227 3286 3406 3339 neque

1828 3377 2074 3447 cogimur
2126 3375 2243 3427 sive
2289 3371 2511 3441 proprie
2555 3370 2670 3422 sive
2707 3366 2930 3420 abusive
2974 3374 3402 3426 connumerare;

1826 3467 2267 3540 quandoquidem
2314 3464 2545 3517 invicem
2603 3456 3049 3514 circuminsessio
3097 3456 3271 3519 adest,
3306 3466 3409 3507 nec

1829 3580 1937 3619 non
1970 3557 2410 3630 inseparabilitas
2450 3564 2504 3608 et
2542 3550 2973 3610 indivisibilitas,
3000 3545 3267 3601 sententia
3298 3558 3406 3598 una

1827 3666 1881 3710 et
1917 3653 2236 3709 deliberatio
2270 3659 2435 3718 atque
2466 3644 2737 3716 operatio,
2771 3650 2821 3696 et
2858 3640 2962 3694 alia
3000 3653 3120 3708 quae
3143 3637 3408 3691 diximus.

1827 3747 1981 3815 Quod
2010 3746 2052 3801 si
2084 3757 2275 3798 rursus
2304 3734 2941 3796 adversenturdicentes,
2968 3729 3060 3783 Dei
3081 3726 3406 3782 vocabulum

1828 3849 2038 3894 natura:
2064 3836 2263 3890 divinae
2290 3829 2714 3903 signiﬁcativum
2751 3839 2858 3878 non
2898 3836 3042 3885 esse,
3090 3819 3184 3874 sed
3217 3832 3412 3886 opera-

1828 3930 2031 3995 tionis;
2060 3924 2442 3997 operationum
2478 3928 2658 3974 autem
2701 3914 2965 3970 vocabula
3019 3907 3407 3966 connumerari

1828 4025 2022 4088 solere,
2042 4019 2208 4073 veluti
2245 4015 2479 4071 dicimus
2526 4021 2640 4066 tres
2678 4009 2948 4071 rhetores,
2985 4013 3040 4058 et
3076 4015 3186 4057 tres
3229 4000 3410 4070 philos

1828 4115 2053 4186 sophos,
2076 4111 2159 4166 vel
2185 4120 2294 4163 tres
2313 4105 2675 4165 architectos;
2704 4114 2802 4153 nos
2822 4098 2907 4150 his
2933 4096 3005 4148 ita
3024 4092 3401 4147 occurrimus:

1829 4179 1960 4261 tunc
1983 4202 2234 4257 videlicet
2262 4195 2640 4266 operationum
2677 4187 2941 4244 vocabula
2998 4179 3409 4243 connumerari,

1827 4313 1953 4353 cum
2005 4290 2291 4350 sententiae
2350 4284 2663 4341 immutatio
2709 4280 2880 4339 subit.
2918 4285 2973 4331 et
3004 4270 3411 4329 deliberationis

1828 4389 2121 4447 diversitas
2152 4384 2325 4446 adest,
2363 4388 2416 4432 et
2440 4376 2770 4447 perplexitas
2814 4372 2880 4424 de
2907 4369 2982 4423 rei
3015 4366 3281 4437 gestione,
3310 4376 3413 4416 nec

1830 4498 1938 4539 una
1969 4477 2233 4550 operatio,
2254 4473 2345 4526 sed
2377 4471 2589 4524 diversa
2614 4476 2669 4521 et
2699 4465 2945 4531 abrupta.
2979 4459 3036 4512 In
3076 4457 3182 4511 illis
3205 4463 3411 4517 autem,

1830 4589 2065 4647 quorum
2103 4584 2208 4623 una
2242 4562 2486 4634 operatio
2516 4559 2739 4629 physica
2783 4555 3015 4609 indivisa
3060 4558 3164 4610 est.
3198 4559 3410 4615 nequa-

1829 4684 1992 4739 quam
2017 4662 2396 4734 operationum
2428 4654 2695 4711 vocabula
2739 4652 3231 4704 connumerantur.
3269 4637 3411 4704 Quia

1831 4732 1995 4826 igitur
2030 4732 2574 4823 supersubstantialis
2620 4742 2884 4800 Trinitas,
2931 4736 2983 4789 id
3030 4741 3117 4787 est
3153 4732 3315 4785 Pater
3356 4736 3413 4780 et

1829 4821 2002 4904 li‘ilius
2054 4821 2113 4901 et
2158 4844 2397 4913 Spiritus
2446 4846 2690 4897 sanctus,
2722 4848 2839 4902 quae
2866 4847 2893 4883 a
2916 4824 3246 4883 Christianis
3282 4821 3411 4875 reli-

1834 4944 1987 5013 giose
2014 4951 2068 4995 et
2092 4947 2236 4992 recte
2274 4933 2522 4988 creditur
2548 4940 2708 4998 atque
2732 4925 3013 4985 adoratur,
3044 4933 3209 4973 unam
3249 4914 3411 4967 habet

1832 5004 2244 5102 inseparabilem
2263 5024 2654 5096 operationem,
2669 5024 2882 5073 constat
2908 5012 3172 5084 profecto,
3194 5004 3409 5062 etiamsi

1837 5126 1927 5180 Dei
1952 5097 2286 5178 vocabulum
2320 5114 2658 5187 Operationis
2684 5106 3103 5178 signiﬁcativnm
3141 5102 3243 5161 sit,‘
3266 5097 3409 5151 haud

1832 5230 2008 5274 tamen
2045 5218 2148 5269 bac
2199 5214 2253 5265 in
2306 5226 2363 5265 re
2404 5208 2524 5263 fore
2577 5203 2870 5260 obnoxium
2908 5188 3404 5253 connumerationi.

1834 5310 2199 5378 Quamobrem
2257 5301 2528 5358 calumnia
2583 5296 2730 5353 omni
2776 5305 2828 5349 et
2885 5287 3267 5347 criminatione
3310 5297 3402 5337 ex-

1834 5375 2032 5459 celsior
2061 5409 2144 5454 est
2173 5398 2303 5452 ﬁdes
2335 5403 2545 5454 nostra.
2572 5390 2651 5446 uti
2678 5389 3111 5442 demonstratum
3153 5375 3277 5431 fuit.

1902 5493 1993 5547 25.
2033 5489 2331 5545 Possumus
2362 5499 2464 5538 nos
2492 5494 2545 5537 et
2571 5481 2723 5535 aliter
2754 5472 3039 5532 doctrinali
3090 5467 3405 5531 invictaque

1832 5584 2202 5643 distinctione,
2233 5579 2299 5632 dc
2329 5570 2785 5631 consubstantiali
2817 5576 2871 5624 et
2899 5573 3089 5620 sancta
3114 5558 3404 5619 Trinitate,

1832 5783 2041 5853 pliorns
2066 5796 2093 5832 a
2120 5775 2482 5853 nobis_cdil_us
2518 5772 2569 5826 in
2600 5766 2846 5823 Antirrb.
2874 5779 2914 5828 I,
2942 5760 3035 5827 45,
3068 5758 3165 5813 47.

1903 5853 1980 5922 (7)
2013 5852 2186 5921 Supra
2211 5847 2317 5904 col.
2363 5844 2491 5899 675.
