4194 6432
762 384 869 448 699

2027 380 2075 438 Ν
2084 381 2319 440 lCET/E
2352 380 2752 440 ΒΥΖΛΝΤΙΝΙ

3916 379 4029 441 ΊΟΟ

766 504 1021 563 tanquam
1046 490 1190 545 brevi
1211 489 1431 550 dictato,
1450 487 1943 543 demonstrationes
1965 489 2042 542 sic
2060 489 2300 558 proferre
2322 507 2334 541 :

2450 490 2601 557 Ξιγίας
2628 489 2881 558 Τριάδος,
2911 488 2986 551 ὡς
3035 487 3093 542 ὲν
3121 486 3349 558 βραχείᾳ
3400 488 3675 558 ἀπηχήσει
3697 529 3712 553 ,
3741 490 3840 554 τὰς
3888 492 4029 544 ἀπο-

771 587 935 649 Deus,
992 584 1260 650 siquidem
1312 591 1393 635 est
1442 596 1601 634 verus
1646 580 1790 634 Deus
1835 589 1889 635 et
1945 584 2205 646 creditur,
2262 582 2340 634 vel

768 694 932 731 unum
1001 676 1132 745 quid
1226 683 1309 727 est
1373 684 1592 763 rnatura
1676 685 1841 742 atque
1918 688 2183 742 persona;
2261 675 2341 729 vel

767 783 933 819 unum
970 766 1155 831 utique
1221 773 1435 823 natura,
1499 764 1589 815 sed
1627 765 1778 831 plura
1837 764 1981 832 quod
2058 767 2338 820 attinetad

766 875 1034 927 peisonas
1100 877 1111 910 :
1164 859 1241 909 vel
1291 857 1406 908 vice
1473 872 1649 921 versa,
1698 872 1930 924 persona
1980 859 2198 926 quidem
2255 871 2340 913 est

767 969 960 1012 unum,
1011 962 1203 1002 natura
1250 960 1428 1001 autem
1492 952 1643 1016 plura
1680 970 1692 1003 :
1725 951 1807 1003 vel
1866 949 2100 1018 denique
2151 962 2343 1005 natura

770 1053 929 1110 atque.
981 1058 1213 1109 persona
1269 1044 1443 1108 plura.
1484 1042 1585 1093 Sed
1634 1042 1754 1094 inde
1779 1042 1962 1093 statim
1994 1043 2219 1111 emergit
2248 1044 2346 1096 ab-

767 1130 1049 1185 snrditas:
1086 1147 1277 1196 nempe
1298 1130 1439 1196 quod
1472 1132 1569 1183 bac
1595 1132 1802 1182 ratione
1826 1146 1885 1183 se
1908 1131 2089 1193 habet,
2122 1132 2344 1201 polyar-

765 1224 982 1275 cbicnm
1018 1231 1101 1274 est
1133 1239 1146 1285 ;
1172 1221 1577 1290 polyarchieuni
1633 1232 1835 1287 autem,
1862 1222 2178 1278 seditiosum
2206 1242 2220 1291 ;
2249 1225 2345 1278 dc-

766 1316 931 1383 niquc
958 1314 1304 1376 seditiosum,
1339 1313 1689 1366 anarcldcuni
1713 1324 1797 1369 est
1830 1326 1884 1367 et
1926 1316 2295 1369 inordinatum
2326 1335 2339 1369 :

766 1416 821 1458 at
854 1405 1245 1463 inordinatum.
1296 1404 1515 1456 initium
1575 1415 1658 1459 est
1685 1406 2096 1473 dissolutionis;
2125 1409 2266 1476 quod
2297 1409 2343 1463 si

768 1499 837 1551 ita
865 1507 969 1561 est,
1007 1497 1359 1564 corruptibile
1381 1513 1598 1565 quoque
1628 1509 1711 1553 est
1766 1509 1819 1551 et
1848 1501 2171 1568 periturum.
2221 1500 2341 1555 Jam

765 1589 811 1643 si
867 1589 1002 1641 forte
1054 1589 1126 1642 sit
1176 1604 1409 1657 persona
1458 1607 1645 1653 unum,
1692 1600 1883 1644 natura
1927 1603 2105 1644 autem
2167 1594 2340 1662 plura,

770 1683 871 1734 hoc
901 1698 1121 1750 quoque
1150 1682 1447 1736 absurdum
1490 1700 1502 1735 :
1544 1698 1665 1734 nam
1690 1683 1834 1751 quod
1862 1692 1947 1737 est
1967 1685 2259 1750 ejusmodi,
2290 1686 2340 1739 id

764 1782 1125 1842 composduin
1154 1783 1259 1826 est.
1291 1771 1463 1825 Omne
1502 1772 1647 1827 enim
1680 1773 1826 1841 quod
1870 1790 1935 1827 ex
1968 1774 2200 1828 diversis
2246 1794 2342 1830 na-

2447 581 2639 647 δείξεις
2664 580 2760 632 καὶ
2788 574 2889 632 ὧδε
2924 580 3199 649 παριστᾷν
3226 595 3239 607 ·
3290 579 3348 633 '0
3372 580 3530 644 Θεὸς,
3558 581 3720 649 εἴπερ
3743 583 3860 635 ἐστὶ
3892 584 4025 645 Θεὸς

2445 672 2699 742 ἀληθινὸς
2734 673 2831 724 καὶ
2861 671 3200 735 πιστεύεται,
3234 671 3350 742 ἦτοι
3375 667 3455 735 εἷς
3476 675 3591 724 ἐστι
3630 676 3695 741 τῇ
3733 674 3893 740 φύσει
3934 675 4031 726 καὶ

2446 767 2509 834 τῇ
2543 764 2836 817 ὑποστάσει
2860 781 2876 795 ο
2918 763 2951 833 ἦ
2988 758 3068 826 εἷς
3108 764 3210 833 μὲν
3239 766 3305 835 τῇ
3349 763 3541 832 φύσει,
3593 764 3764 817 πολλὰ
3802 764 3861 817 δὲ
3905 767 4031 825 ταῖς

2446 856 2811 909 ὑποστάσεσιν
2831 872 2845 886 ο
2876 856 2995 923 ἢτδ
3020 856 3311 920 ἀνάπαλιν,
3346 859 3412 925 τῇ
3444 857 3551 925 μὲν
3591 856 3893 909 ὑποστάσει
3942 857 4027 917 ἓν,

2445 951 2510 1017 τῇ
2549 948 2604 999 δὲ
2648 949 2809 1014 φύσει
2846 947 3040 1008 πολλὰ,
3073 948 3105 1015 ἢ
3144 949 3236 999 καὶ
3275 951 3341 1018 τῇ
3374 948 3533 1015 φύσει
3569 950 3662 999 καὶ
3682 951 3749 1016 τῇ
3786 947 4003 999 ὑποστὰ

2449 1057 2530 1092 σει
2585 1039 2787 1092 πολλάο
2844 1040 2959 1092 ἀλλ’
2985 1042 3033 1093 εί
3082 1039 3179 1109 μὲν
3213 1042 3277 1108 τῇ
3312 1038 3469 1108 φύσει
3500 1041 3592 1091 καὶ
3623 1042 3690 1108 τῇ
3727 1040 4029 1091 ὑποστάσει

2448 1130 2569 1182 πολ)
2588 1130 2637 1193 ἃ,
2663 1130 2925 1198 πρόδηλον
2950 1132 3011 1184 τὸ
3047 1132 3246 1184 ἄτοπον
3271 1147 3285 1160 ⁶
3311 1132 3371 1183 τὸ
3403 1133 3499 1201 μὲν
3530 1130 3639 1200 γὰρ
3663 1129 3835 1192 οὕτως
3861 1125 3975 1181 eivs
3987 1148 4029 1194 ι,

2447 1223 2754 1292 πολύαρχὸν
2779 1225 2895 1275 ἐστι
2916 1239 2930 1252 ·
2966 1223 3028 1275 τὸ
3066 1224 3123 1276 δὲ
3154 1223 3485 1293 πολύαρχον,
3525 1222 3821 1284 στασιῶδες
3843 1239 3857 1253 ο
3885 1223 3947 1273 τὸ
3971 1222 4029 1273 δὲ

2450 1317 2764 1374 στασιῶδες,
2799 1315 3034 1383 ἄναρχον
3057 1317 3173 1367 ἐστι
3194 1317 3287 1369 καὶ
3317 1317 3579 1369 ἄτακτον·
3604 1316 3664 1367 τὸ
3684 1315 3739 1367 δὲ
3766 1315 4026 1373 ἄτακτον,

2446 1405 2589 1474 ἀρχὴ
2627 1405 2869 1466 λύσεωςο
2924 1408 2971 1456 εί
3016 1405 3073 1457 δὲ
3118 1405 3315 1471 τοῦτο,
3374 1407 3468 1458 καὶ
3523 1404 3881 1475 φθειρόμενον
3934 1404 4033 1455 καὶ

2447 1496 2820 1565 ἀπολλύμενον
2847 1512 2861 1528 ο
2898 1498 2946 1548 εἰ
2977 1496 3021 1549 δ’
3054 1493 3119 1549 αὖ
3148 1499 3212 1565 τῇ
3250 1498 3543 1550 ὑποστάσει
3574 1496 3652 1559 ἓν,
3686 1499 3749 1564 τῇ
3782 1497 3839 1548 δὲ
3867 1496 4031 1563 φύσει

2447 1586 2639 1649 πολλὰ,
2670 1590 2761 1640 καὶ
2791 1587 2961 1648 οὑτως
2990 1589 3189 1640 ἄτοπον
3207 1603 3220 1616 ·
3248 1588 3340 1639 καὶ
3367 1588 3474 1657 γὰρ
3498 1586 3559 1639 τὸ
3574 1585 3838 1650 τοιοῦτον,
3862 1587 4032 1652 ἀναγ-

2447 1679 2617 1741 καίως
2654 1679 2912 1732 σύνθετόν
2944 1684 3093 1730 ἐστι’
3141 1680 3237 1731 καὶ
3266 1679 3375 1749 γὰρ
3405 1680 3551 1732 ᾶπαν
3580 1680 3641 1732 τὸ
3672 1681 3735 1731 ἐκ
3757 1678 4033 1747 διαφόρων

2450 1773 2664 1843 φύσεων
2696 1774 2753 1825 ἓν
2806 1792 2860 1827 τι
2909 1773 3345 1843 καθιστάμενον,
3382 1775 3439 1827 ὲν
3486 1777 3553 1843 τῇ
3596 1773 3706 1824 τῶν
3758 1772 4033 1825 συνθέτων

766 1869 902 1920 turis
936 1881 1104 1918 unum
1135 1864 1264 1932 quid
1301 1865 1604 1927 constituit,
1626 1864 1676 1916 in
1711 1881 1890 1917 rerum
1916 1867 2340 1932 compnsitarnm

2451 1872 2614 1942 μοίρᾳ
2646 1873 2906 1925 τέτακται
2930 1890 2941 1903 ⁸
2981 1872 3041 1925 τὸ
3073 1871 3131 1924 δὲ
3174 1870 3457 1936 σύνθετον,
3492 1870 3745 1923 διαλυτόν
3778 1871 3894 1921 ἐστι
3918 1884 3931 1896 ·
3964 1871 4030 1937 τῇ

764 1968 912 2009 sorte
967 1957 1205 2023 ponitur.
1246 1953 1417 2007 Porro
1495 1954 1883 2020 compositum,
1936 1955 2169 2008 solubile
2224 1969 2340 2023 est;

763 2048 1093 2100 solutionem
1141 2055 1320 2099 autem
1365 2046 1715 2111 subsequitur
1773 2047 2093 2114 corruptio;
2156 2062 2345 2100 corru-

766 2139 1011 2206 ptioneni
1040 2137 1241 2203 excipit
1270 2136 1611 2189 annibilatio.
1636 2136 1939 2190 Conﬁcitur
1966 2153 2093 2205 ergo
2124 2149 2176 2189 ut
2203 2136 2345 2191 Deus

761 2234 1137 2302 corruptibilis
1194 2233 1285 2293 sit,
1335 2240 1389 2285 et.
1443 2232 1499 2283 in
1579 2231 1810 2284 nihilum
1866 2231 2163 2298 deciduns;
2225 2248 2346 2300 qua:

762 2345 981 2381 summa
1029 2327 1341 2379 absurditas
1393 2334 1495 2380 est.
1553 2325 1608 2377 Si
1676 2324 1841 2393 igitur
1882 2325 2034 2392 plura
2075 2340 2197 2380 esse
2229 2338 2343 2379 tum

762 2433 957 2475 natura
994 2431 1104 2472 tuin
1158 2434 1413 2487 persona,
1445 2418 1640 2471 falsum
1674 2418 2054 2482 convincitur;
2110 2420 2343 2487 pariter-

760 2528 868 2580 que
900 2528 1063 2563 unttm
1096 2526 1219 2564 esse
1250 2527 1501 2579 persona,
1528 2512 1679 2579 plura
1702 2520 1881 2565 autem
1908 2521 2123 2573 natura.
2155 2528 2347 2581 super—

763 2612 847 2655 est
896 2612 953 2654 ut
1008 2602 1237 2654 duarum
1298 2602 1729 2669 propositionum
1798 2602 1967 2655 altera
2056 2618 2183 2655 vera
2249 2605 2341 2656 sit.

764 2692 820 2745 Si
860 2708 991 2760 ergo
1032 2708 1197 2743 unum
1245 2691 1465 2758 quidem
1511 2705 1632 2745 esse
1678 2699 1901 2753 natura,
1944 2690 2096 2759 plura
2160 2701 2342 2744 autem

762 2797 1017 2851 persona,
1050 2796 1234 2835 sermo
1260 2790 1452 2833 noster
1476 2795 1664 2833 verum
1696 2783 2023 2848 lirinumqne
2061 2782 2343 2846 ostendet;

764 2883 987 2928 constat
1048 2875 1256 2942 reliqua
1296 2873 1429 2927 falsa
1479 2873 1654 2939 argui,
1702 2881 1862 2941 atque
1899 2872 2003 2925 hoc
2034 2888 2158 2925 vere
2215 2873 2341 2926 dici.

766 2962 921 3027 Quod
968 2978 1135 3014 unum
1167 2962 1235 3015 sit
1273 2970 1490 3021 natura,
1527 2962 1773 3027 personis
1799 2971 1978 3014 autem
2008 2963 2180 3029 plura,
2218 2962 2346 3015 hinc

764 3054 821 3107 fit
855 3054 1220 3120 exploratum.
1258 3052 1462 3106 Natura
1506 3053 1586 3106 vel
1617 3068 1909 3107 commune
1951 3054 2078 3122 quid
2121 3062 2223 3116 est,
2264 3054 2345 3106 vel

2447 1963 2504 2015 δὲ
2541 1961 2783 2015 διαλύσει
2827 1963 3020 2015 ἕπεται
3076 1962 3289 2033 φθοράο
3345 1963 3521 2032 φθορᾷ
3572 1962 3627 2014 δὲ
3676 1961 3736 2013 τὸ
3790 1961 3865 2030 μὴ
3931 1962 4030 2012 ὀνο

2452 2053 2743 2120 συνάγεται
2769 2054 2876 2123 ἄρα
2916 2054 2997 2105 ὅτι
3021 2056 3047 2105 ὁ
3086 2054 3218 2116 Θεδς
3251 2052 3491 2122 φθαρτός
3523 2054 3641 2105 ἐστι
3670 2052 3766 2104 καὶ
3824 2053 3900 2121 μὴ
3957 2052 4034 2102 ὼν

2448 2145 2583 2217 lead.
2620 2146 2655 2198 2
2693 2164 2852 2200 manu
2904 2146 3009 2218 6v],
3055 2148 3190 2218 ὅπερ
3263 2145 3637 2200 ἀτοπώτατον.
3684 2147 3746 2198 Et
3814 2141 3910 2197 οὖν
3972 2144 4035 2196 τὸ

2448 2236 2620 2289 πολλὰ
2652 2240 2719 2306 τῇ
2748 2237 2908 2305 φύσει
2943 2239 3038 2290 καὶ
3067 2241 3131 2306 τῇ
3158 2238 3454 2290 ὑποστάσει
3479 2236 3822 2304 ἐληλεγκται,
3856 2234 4033 2288 ὡσαύ-

2446 2346 2557 2390 τως
2612 2330 2707 2381 καὶ
2757 2330 2815 2381 τὸ
2850 2328 2909 2381 ἓν
2939 2332 3005 2399 τῇ
3062 2330 3380 2392 ὑποστάσει,
3423 2328 3596 2381 πολλὰ
3624 2328 3681 2379 δὲ
3738 2330 3805 2396 τῇ
3848 2326 4032 2393 φύσει,

2447 2418 2697 2473 λείπεται
2718 2422 2828 2473 τῶν
2869 2420 2963 2474 δύο
2990 2421 3300 2475 ὑποθέσεων
3325 2421 3425 2492 τὴν
3449 2422 3643 2492 ἑτέραν
3674 2420 3848 2489 ἀληθῆ
3872 2415 4033 2471 εἶναι.

2452 2513 2510 2564 Εἰ
2550 2508 2645 2565 οὖν
2683 2513 2743 2565 τὸ
2780 2513 2838 2566 ἓν
2905 2514 3003 2580 μὲν
3053 2517 3120 2584 τῇ
3182 2513 3363 2583 φύσει,
3416 2514 3584 2566 πολλὰ
3635 2514 3692 2566 δὲ
3737 2514 4034 2565 ὑποστάσει

2446 2605 2612 2670 δείξει
2646 2606 2674 2657 ὁ
2700 2605 2859 2671 λόγος
2893 2606 3091 2676 ἀληθές
3122 2624 3183 2659 τε
3230 2609 3326 2660 καὶ
3384 2606 3625 2674 βέϐαιον,
3661 2607 3899 2674 φανερὸν
3953 2607 4037 2659 ὅτι

2448 2695 2543 2745 καὶ
2572 2693 2634 2745 τὸ
2667 2693 2855 2746 λοιπὸν
2900 2696 3441 2766 συναπελή).εγκται’
3480 2697 3576 2749 καὶ
3601 2697 3683 2749 ὅτι
3713 2695 3875 2749 τοῦτο
3903 2696 4036 2764 ἁλη-

2451 2784 2562 2849 θὲς,
2588 2785 2649 2836 τὸ
2671 2784 2729 2836 ἓν
2759 2785 2857 2853 μὲν
2880 2788 2945 2854 τῇ
2988 2786 3172 2853 φύσει,
3214 2790 3334 2849 ταῖς
3368 2788 3425 2840 δὲ
3458 2788 3790 2839 ὑποστάσεσι
3841 2786 4033 2848 πολλὰ,

2450 2876 2698 2929 ἐντεῦθεν
2742 2878 2900 2947 δῆλον
2929 2894 2942 2909 ·
3013 2880 3076 2932 'H
3112 2878 3274 2946 φύσις
3332 2882 3452 2949 ἦτοι
3500 2880 3682 2932 κοινόν
3730 2897 3784 2931 τι
3843 2880 4038 2949 χρῆμά

2448 2969 2617 3030 ἐστιν,
2649 2968 2681 3037 ἢ
2711 2970 2842 3021 ἴδιον
2864 2984 2876 2998 ⁸
2912 2970 3025 3021 ἀλλ’
3052 2972 3100 3022 εἰ
3133 2970 3233 3037 μὲν
3260 2972 3414 3033 ἴδιον,
3462 2971 3585 3023 καθ’
3616 2971 3827 3024 ἕκαστά
3852 2973 4001 3024 ἐστιν
4022 2991 4036 3004 -

2449 3060 2498 3110 εί
2524 3059 2578 3110 δὲ
2612 3059 2735 3112 καθ’
2785 3060 3015 3123 ἕκαστα,
3062 3064 3154 3114 καὶ
3188 3065 3425 3131 ἄτομον·
3461 3062 3759 3128 συνάγεται
3801 3064 3913 3132 ἄρα
3956 3064 4043 3116 ὅτι

762 3144 1099 3211 proprium:
1155 3152 1210 3196 at
1251 3142 1296 3196 si
1338 3142 1642 3212 proprium,
1696 3144 2010 3213 singillatim
2048 3156 2161 3208 est;
2199 3144 2341 3211 quod

2450 3152 2481 3219 ἡ
2508 3150 2671 3218 φύσις
2694 3152 2896 3221 ἄτομον
2935 3156 3082 3206 ἐστιν
3107 3171 3121 3184 ο
3166 3157 3214 3206 εἰ
3241 3156 3297 3207 δὲ
3336 3155 3515 3216 τοῦτο,
3546 3156 3644 3207 καὶ
3686 3156 3803 3216 ἑνὸς
3834 3156 4043 3224 ἀτόμου

761 3235 807 3287 si
845 3234 1185 3301 singillatim,
1220 3242 1439 3288 atomus
1483 3234 1730 3302 quautam
1770 3250 1854 3286 est
1887 3250 1899 3284 :
1935 3234 2078 3302 quod
2119 3234 2161 3286 si
2190 3236 2259 3286 ita
2290 3249 2348 3288 se

765 3327 945 3389 habet,
968 3326 1046 3379 vel
1082 3341 1184 3378 una
1215 3336 1399 3379 atomo
1415 3327 1706 3396 exstincta,
1734 3341 1955 3379 necesse
1978 3333 2063 3379 est
2094 3335 2344 3379 naturam

767 3430 990 3482 quoque
1018 3415 1179 3468 simul
1211 3414 1508 3484 exstingui.
1546 3415 1679 3469 Nam
1731 3416 1774 3469 si
1803 3430 2016 3480 eorum,
2051 3431 2171 3484 qua:
2225 3423 2349 3469 sunt

764 3508 977 3571 eadem,
1004 3507 1328 3562 alterutrum
1380 3509 1697 3577 perimatur,
1733 3525 1951 3563 necesse
2002 3522 2081 3563 est
2119 3511 2347 3564 alterum

765 3615 987 3668 quoque
1019 3616 1121 3654 una
1152 3602 1364 3669 perinii.
1405 3600 1497 3655 Sic
1519 3617 1650 3671 ergo
1682 3602 1949 3655 moriente
1977 3600 2183 3672 Moyse,
2216 3618 2349 3655 con-

765 3691 982 3759 tigisset
1038 3692 1330 3747 humanam
1374 3704 1626 3748 naturam
1670 3694 1833 3746 mori.
1870 3694 2034 3761 Atqui
2089 3693 2350 3747 inoriente

766 3780 972 3851 Moyse,
1027 3797 1134 3835 non
1190 3782 1292 3836 luit
1325 3783 1612 3837 imminuta
1660 3793 1873 3840 natura.
1935 3782 2054 3836 Non
2110 3794 2350 3854 estergo

766 3873 1058 3942 singularis
1079 3886 1291 3929 natura.
1342 3874 1498 3940 Quod
1552 3876 1597 3929 si
1643 3876 1937 3944 singularis
1969 3894 2073 3930 non
2122 3886 2206 3932 est
2251 3893 2349 3931 na-

768 3974 909 4029 tura,
943 3982 1011 4018 ne
1046 3965 1263 4035 propria
1324 3966 1543 4036 quidem
1598 3976 1700 4033 est,
1744 3968 1870 4037 quia
1909 3967 2185 4037 proprium
2248 3969 2352 4023 tale

767 4066 869 4109 CSI.

837 4144 929 4200 24.
961 4143 1026 4200 Et
1085 4146 1264 4201 aliter.
1302 4144 1357 4200 Si
1391 4155 1584 4200 natura
1617 4162 1703 4201 res
1739 4146 1956 4215 propria
1994 4156 2098 4209 est,
2129 4155 2349 4216 oportet

770 4253 891 4292 cam
946 4238 1014 4291 de
1080 4254 1192 4292 uno
1234 4239 1613 4293 tantummodo
1672 4240 1957 4308 praedicari
2016 4258 2029 4293 :
2088 4242 2236 4309 atqui
2284 4241 2350 4296 de

767 4330 1023 4398 pluribus
1057 4331 1407 4399 prazdicatur,
1440 4331 1604 4385 veluti
1656 4331 1862 4384 animal
1911 4331 2173 4384 rationale
2206 4347 2351 4386 mor-

772 4422 897 4484 tale,
924 4423 991 4476 de
1024 4421 1203 4486 Petro,
1232 4423 1297 4476 de
1334 4423 1521 4488 l'aulo,
1547 4425 1609 4476 de
1638 4423 1871 4487 Thonia,
1897 4434 1951 4477 et
2009 4425 2075 4477 de
2107 4424 2349 4478 homini-

2452 3244 2859 3313 ἀναιρεθέντος,
2890 3246 3105 3315 ἀνάγκη
3140 3247 3232 3299 καὶ
3250 3248 3347 3315 τὴν
3377 3246 3541 3315 φύσιν
3569 3248 4041 3316 συναναιρεῖσθαι·

2451 3334 2561 3385 τῶν
2588 3335 2697 3403 γὰρ
2722 3337 2939 3389 ταυτῶν
2969 3338 3064 3389 ἐὰν
3106 3338 3336 3407 θάτερον
3370 3340 3660 3407 ἀναιρεθῇ,
3695 3340 3913 3408 ἀνάγκη
3950 3340 4045 3392 καὶ

2452 3425 2678 3497 θάτερον
2726 3430 3199 3499 συναναιρεῖσθαι·
3249 3430 3447 3483 οὐκοῦν
3495 3432 3777 3493 Μωῡσέως
3820 3433 4048 3499 ἀναιρε-

2453 3516 2658 3581 θέντος,
2719 3519 3012 3588 συμϐαίνει
3061 3524 3162 3591 τὴν
3199 3521 3555 3591 ἀνθρωπίνην
3600 3522 3763 3587 φύσιν
3795 3523 4044 3591 ἀναιρεῖ-

2454 3606 2615 3658 σθαιο
2656 3606 2793 3659 ἀλλὰ
2844 3609 2950 3678 μὴν
3001 3610 3281 3672 Μωῦσέως
3334 3611 3736 3681 ἀναιρεθέντος,
3772 3614 3805 3681 ἡ
3874 3612 4044 3679 φύσις

2453 3697 2726 3766 άμείωτός
2762 3699 2910 3752 ἐστιν
2933 3717 2945 3729 ·
2979 3701 3079 3753 οὑκ
3109 3701 3217 3770 ἄρα
3258 3701 3369 3753 τῶν
3418 3701 3541 3754 καθ’
3566 3702 3776 3755 ἕκαστά
3812 3704 3966 3754 ἐστιν
4006 3707 4038 3772 ἡ

2453 3789 2648 3856 φύσιςο
2686 3790 2815 3842 εἰδὲ
2850 3792 2925 3860 μὴ
2969 3792 3079 3845 τῶν
3118 3792 3453 3857 καθέκαστα,
3488 3793 3608 3846 οὑδὲ
3659 3793 3810 3859 ἴδιον,
3853 3793 3944 3846 διὰ
3981 3795 4043 3847 τὸ

2454 3881 2585 3934 ἴδιον
2617 3882 2856 3936 τοιοῦτον
2885 3880 3047 3938 εἶναι.

2527 4156 2622 4213 κδ.
2658 4160 2766 4221 Καὶ
2795 4158 2968 4219 ἄλλως
2993 4174 3008 4188 ο
3047 4157 3107 4210 El
3138 4156 3233 4209 οὖν
3259 4158 3293 4227 ἡ
3317 4155 3482 4224 φύσις
3511 4155 3643 4210 ἴδιόν
3671 4158 3790 4209 ἐστι
3822 4155 4044 4227 χρῆμα,

2450 4253 2664 4321 ἀνάγκη
2710 4252 2831 4304 καθ’
2864 4251 2982 4313 ἐνὸς
3019 4251 3183 4318 μόνου
3230 4249 3694 4319 κατηγορεῖσθαι·
3744 4248 3879 4302 ἀλλὰ
3932 4250 4047 4319 μὴν

2452 4346 2595 4399 κατὰ
2642 4344 2906 4397 πλειόνων
2941 4346 3354 4414 κατηγορεῖται,
3394 4344 3471 4406 ὼς
3528 4344 3590 4395 τὸ
3622 4344 3762 4407 ζῶον
3816 4344 4047 4409 λογικὸν

2453 4436 2666 4505 θνητὸν,
2705 4435 2844 4487 κατὰ
2879 4434 3090 4503 Πέτρου
3124 4433 3221 4486 καὶ
3251 4433 3463 4485 Παύλου
3497 4434 3591 4486 καὶ
3621 4433 3795 4502 Θωμᾶ
3821 4434 3917 4486 καὶ
3947 4435 4047 4485 τοῦ

773 4513 877 4568 bus
902 4515 1135 4584 singulis
1163 4530 1174 4563 :
1206 4531 1313 4567 non
1342 4525 1577 4584 estergo
1608 4516 1826 4584 propria
1859 4532 1943 4569 res
1974 4516 2148 4584 :qnod
2173 4517 2216 4570 si
2241 4532 2346 4570 non

2454 4528 2574 4581 καθ’
2616 4528 2845 4580 ἕκαστον
2896 4525 3219 4595 ἀνθρώπου·
3267 4526 3368 4577 οὑκ
3406 4526 3513 4595 ἄρα
3553 4526 3686 4577 ἴδιόν
3747 4543 3801 4577 τι
3847 4526 4049 4595 χρῆμά

774 4607 1018 4675 propria.
1054 4623 1182 4673 ergo
1214 4608 1548 4661 communis.
1579 4607 1707 4660 Item
1758 4609 1934 4660 aliter.
1972 4608 2028 4660 Si
2072 4624 2201 4676 ergo
2249 4625 2347 4661 na-

777 4708 899 4751 tura
932 4715 1017 4752 rrs
1050 4699 1268 4766 propria
1300 4709 1383 4752 est
1413 4716 1425 4763 ;
1458 4708 1510 4752 ct
1541 4714 1769 4767 persona
1815 4699 2018 4767 pariter
2073 4700 2347 4768 proprium

769 4794 903 4861 quid
931 4803 1046 4857 est;
1082 4793 1244 4845 habet
1283 4800 1469 4845 autem
1502 4800 1693 4845 natura
1728 4806 2014 4859 personas,
2040 4791 2106 4845 de
2150 4791 2349 4859 quibus

768 4884 1195 4953 pronuntiatur;
1264 4884 1632 4951 coniperietur
1703 4885 1893 4954 utique
1971 4884 2049 4937 rei
2119 4883 2351 4951 prepria:

765 4989 888 5028 esse
922 4974 1052 5045 quid
1080 4976 1397 5044 proprium;
1431 4976 1574 5044 quod
1625 4990 1819 5044 reapse
1870 4974 2103 5028 inveniri
2139 4974 2347 5043 nequit.

766 5066 886 5120 Non
916 5076 1002 5120 est
1028 5082 1157 5136 ergo
1193 5067 1323 5136 quid
1360 5067 1682 5136 proprium;
1726 5068 1871 5136 quod
1909 5068 1953 5122 si
2008 5081 2349 5135 nequaquam

768 5159 1070 5226 proprium,
1091 5175 1380 5214 commune
1398 5171 1502 5215 est.
1524 5161 1717 5215 Adhuc
1732 5162 1909 5215 aliter.
1938 5161 1992 5213 Si
2012 5160 2178 5229 igitur
2201 5175 2353 5213 coni-

770 5262 935 5301 mune
972 5248 1100 5317 quid
1119 5259 1203 5303 est
1230 5261 1279 5304 et
1306 5252 1634 5317 universale,
1668 5253 1812 5321 quod
1837 5253 1902 5305 de
1936 5252 2183 5320 pluribus
2214 5267 2353 5319 prae-

771 5337 1020 5403 dicatur;
1049 5349 1240 5393 natura
1270 5352 1451 5395 autem
1471 5343 1543 5397 ita
1570 5359 1629 5399 se
1660 5345 1822 5397 habet
1848 5360 1863 5409 ;
1893 5345 2144 5414 sequitur
2169 5354 2228 5397 ut
2256 5360 2353 5397 na-

778 5436 895 5481 tura
937 5444 1225 5483 commune
1256 5432 1458 5499 aliquid
1493 5435 1565 5487 sit
1597 5444 1648 5487 et
1680 5435 2007 5489 universale.
2042 5434 2178 5500 Quia
2224 5449 2354 5503 ergo

774 5522 1315 5590 supersubstantialis
1357 5536 1409 5577 et
1459 5527 1716 5592 increata,
1749 5538 1801 5580 et
1845 5545 1949 5581 non
2017 5527 2154 5582 facta
2222 5528 2355 5582 sub-

776 5614 977 5665 stantia
1020 5622 1103 5665 est
1142 5614 1325 5667 divina
1383 5626 1598 5678 natur»,
1646 5629 1867 5686 apparet
1915 5620 2085 5687 ipsam
2136 5635 2355 5689 quoque

780 5717 902 5758 esse
920 5720 1212 5759 commune
1242 5708 1449 5777 aliquid
1482 5720 1533 5762 et
1561 5712 1904 5776 universale;
1949 5715 2204 5782 quoniam
2238 5716 2351 5782 jam

782 5796 1122 5853 ostendimus
1175 5809 1425 5854 naturam
1482 5819 1603 5857 esse
1667 5819 1954 5860 commune
2027 5804 2231 5873 aliquid
2303 5815 2356 5861 ct

2454 4619 2601 4670 ἐστιν
2622 4634 2634 4645 ·
2665 4619 2711 4668 εί
2738 4616 2793 4668 δὲ
2820 4614 2893 4684 μὴ
2921 4614 3071 4675 ἴδιον,
3108 4616 3286 4667 κοινόν
3327 4617 3495 4669 ἐστιν.
3549 4614 3658 4667 Καὶ
3708 4614 3883 4675 ἄλλως
3917 4630 3931 4643 ⁸
3980 4615 4051 4666 Εἰ

2452 4705 2546 4763 οὖν
2578 4710 2741 4776 φύσις
2780 4709 2967 4777 χρῆμα
2997 4707 3126 4759 ἴδιόν
3155 4709 3328 4771 ἐστιν,
3360 4706 3476 4759 ἔστι
3515 4706 3570 4759 δὲ
3604 4707 3700 4759 καὶ
3734 4709 3766 4774 ἡ
3802 4705 4051 4757 ὑπόστα-

2454 4815 2537 4861 σις
2574 4799 2702 4850 ἴδιον
2732 4816 2783 4850 τι
2815 4800 3025 4867 χρῆμα,
3054 4798 3167 4865 ἔχει
3197 4797 3253 4849 δὲ
3279 4800 3311 4866 ἡ
3344 4795 3509 4865 φύσις
3533 4796 3886 4858 ὑποστάσεις,
3915 4798 4049 4849 καθ’

2454 4880 2529 4941 ὧν
2566 4887 2802 4954 λέγεται,
2857 4888 3215 4955 εὑρεθήσεται
3250 4887 3359 4956 ἄρα
3410 4886 3505 4937 τοῦ
3567 4885 3700 4937 ἰδίου
3754 4886 4053 4954 χρήματος

2457 4979 2587 5031 ἴδιόν
2609 4997 2661 5031 τι
2694 4975 2855 5041 εἶναι,
2879 4980 3016 5047 ὅπερ
3039 4979 3137 5047 οὑχ
3165 4978 3393 5047 εὓρηται
3414 4994 3425 5006 ’
3455 4977 3555 5029 οὑκ
3581 4977 3689 5045 ἄρα
3714 4976 3843 5028 ἴδιον
3867 4978 4051 5028 ἐστιν·

2454 5073 2501 5123 εί
2548 5071 2602 5123 δὲ
2636 5071 2711 5141 μὴ
2753 5071 2881 5124 ἴδιόν
2919 5073 3089 5132 ἐστιν,
3125 5070 3301 5123 κοινόν
3350 5072 3518 5122 ἐστιν.
3566 5070 3675 5122 Καὶ
3716 5069 3891 5130 ἄλλως
3917 5083 3933 5097 ’
3980 5069 4053 5122 Εἰ

2454 5158 2547 5215 οὖν
2592 5163 2767 5215 κοινόν
2816 5165 2930 5215 ἐστι
2976 5163 3070 5215 καὶ
3118 5162 3409 5215 καθολικόν
3462 5178 3515 5213 τι
3546 5161 3738 5231 χρῆμα
3785 5160 3845 5213 τὺ
3892 5162 4051 5214 κατὰ

2432 5256 2717 5307 πλειόνων
2753 5253 3201 5324 κατηγορεῖσθαι,
3238 5255 3272 5323 ἡ
3318 5254 3374 5306 δὲ
3429 5253 3591 5322 φύσις
3624 5251 3781 5305 τοῦτο
3830 5253 3971 5321 ἔχει,
4008 5257 4049 5325 ἠ

2458 5352 2618 5417 φύσις
2649 5349 2755 5417 ἄρα
2810 5348 2987 5400 κοινόν
3031 5364 3086 5398 τι
3129 5347 3222 5400 καὶ
3274 5346 3563 5399 καθολικόν
3606 5348 3722 5398 ἐστι
3779 5346 4053 5414 πρᾶγμα.

2472 5442 2619 5494 Ἐπεὶ
2654 5441 2746 5493 οὗν
2784 5443 2816 5509 ἡ
2853 5439 3178 5508 ὑπερούσιος
3219 5441 3311 5491 καὶ
3359 5439 3614 5501 ἄκτιστος
3656 5437 3750 5489 καὶ
3774 5437 4057 5505 ἀγένητος

2458 5529 2614 5581 οὐσία
2643 5529 2804 5595 φύσις
2837 5545 2920 5590 τις
2955 5527 3074 5579 θεία
3100 5528 3270 5591 ἐστὶν,
3293 5526 3450 5594 δῆλον
3476 5528 3559 5579 ὅτι
3590 5528 3682 5579 καί
3700 5526 3837 5594 αὑτὴ
3862 5531 4057 5581 κοινὸν

2458 5638 2509 5671 τι
2550 5621 2639 5670 καὶ
2675 5619 2961 5671 καθολιγόν
2991 5622 3107 5671 ἐστι
3140 5621 3391 5689 πρᾶγμα,
3421 5617 3513 5669 διὰ
3540 5617 3599 5669 τὸ
3631 5617 3899 5685 δεδεῖχθαι
3945 5618 4056 5685 τὴν

2460 5709 2623 5777 φύσιν
2658 5711 2832 5761 κοινόν
2862 5728 2914 5762 τι
2940 5712 3034 5762 καὶ
3079 5708 3366 5761 καθολικὺν
3400 5704 3539 5760 εἶναι
3569 5709 3824 5777 πρᾶγμα.
3856 5709 3920 5760 Εἰ
3954 5703 4056 5760 οὖν

2458 5804 2491 5873 ἡ
2524 5801 2641 5855 θεία
2683 5802 2777 5856 καὶ
2811 5802 3059 5873 μακαρία
3095 5803 3259 5869 φύσις
3317 5800 3495 5855 κοινόν
3542 5817 3595 5853 τι
3627 5801 3721 5853 καὶ
3752 5798 4057 5854 καθολικῶι
