4194 6432
150 453 239 519 701

1262 461 1693 524 REFUTATIO
1731 460 2208 521 MAHOMEDIS.

3303 463 3410 525 702

148 569 261 620 ἐστι
288 570 545 639 πρᾶγμα.
587 567 664 631 ὡς
697 570 793 622 καὶ
821 571 959 642 αὑτὴ
1009 573 1169 640 φύσις
1223 591 1306 637 τις
1360 574 1515 640 οὖσα,
1570 575 1632 626 τὸ
1663 572 1718 624 δὲ

1853 572 2149 630 universale.
2175 578 2363 658 Itaque
2380 574 2424 629 si
2439 575 2619 629 divina
2639 576 2903 642 beataque
2916 582 3108 629 natura
3125 588 3415 630 commune

150 659 325 711 κοινόν
357 675 413 710 τι
443 661 654 728 χρῆμα,
686 661 783 729 οὑχ
825 663 941 726 ἑνός
971 667 1085 716 ἐστι
1118 666 1317 727 κοινὸν,
1358 665 1547 734 ὥσπερ
1577 662 1724 733 ἡτοῦ

147 752 384 817 ἀγγέλου
418 753 511 805 καὶ
558 752 849 822 ἀνθρώπου
890 757 1073 823 φύσις,
1124 757 1221 826 οὑχ
1254 760 1371 821 ἑνός
1405 760 1552 811 ἐστιν
1591 756 1726 809 ἀλλὰ

150 846 415 899 πλειόνων
435 861 449 876 ⁸
474 845 737 909 ὡσαύτως
764 847 821 900 δὲ
871 851 968 903 καὶ
994 850 1055 901 τὺ
1081 850 1372 904 καθολικὴν
1406 852 1639 921 πρᾶγμα
1668 850 1727 902 τὸ

149 939 289 991 κατὰ
308 939 578 992 πλειόνων
601 939 913 1009 λεγόμενον,
935 942 1008 1003 ὡς
1032 943 1089 993 αἱ
1112 943 1327 1010 λογικαὶ
1348 945 1565 1013 διαγορε
1576 942 1727 995 ύουσι

152 1035 396 1105 μέθοδοι,
431 1035 667 1104 φανερὸν
698 1036 808 1106 ἄρα
836 1036 920 1089 ὅτι
963 1038 1056 1089 καὶ
1089 1037 1208 1091 θεία
1259 1039 1420 1106 φύσις
1465 1037 1730 1089 πλειόνων

147 1130 301 1181 ἐστίν
330 1145 343 1157 ·
382 1128 543 1197 εἴπερ
577 1130 753 1181 κοινόν
782 1146 833 1181 τι
859 1130 953 1183 καὶ
985 1131 1274 1184 καθολικδν
1302 1131 1536 1199 πρᾶγμά
1570 1133 1686 1184 ἐστι
1711 1146 1726 1160 ο

146 1220 305 1272 τοῦτο
340 1220 447 1289 γάρ
475 1221 845 1291 ὡμολόγηται.

215 1315 314 1368 κε’.
360 1316 424 1368 El
450 1311 543 1369 οὖν
570 1318 603 1386 ἡ
630 1316 748 1368 θεία
776 1317 938 1384 φύσις
967 1318 1229 1369 πλειόνων
1252 1317 1419 1380 ἐστὶν,
1447 1317 1523 1378 ὡς
1552 1317 1731 1368 κοινόν

146 1424 197 1457 τι
230 1408 327 1460 καὶ
359 1408 651 1461 καθολικδν
679 1410 933 1479 πρᾶγμα,
958 1410 1165 1479 ἑκάστη
1205 1409 1262 1461 δὲ
1297 1409 1456 1479 φύσις
1490 1410 1643 1478 κοινή
1672 1426 1730 1462 τε

148 1500 239 1551 καὶ
258 1500 523 1571 καθολικὴ
552 1501 707 1565 οὖσα,
730 1504 828 1555 οὑκ
848 1502 1008 1555 ἄλλου
1032 1503 1175 1565 τινός
1203 1505 1318 1555 ἐστι
1344 1502 1518 1573 κοινὴ,
1555 1502 1668 1555 ἀλλ’
1697 1503 1730 1572 ἢ

148 1592 255 1643 τῶν
286 1594 347 1643 ὲν
372 1586 453 1655 οἷς
483 1592 770 1663 θεωρεῖται
796 1595 890 1647 καὶ
924 1588 999 1648 ὧν
1032 1598 1440 1665 κατηγορεῖται,
1468 1593 1644 1648 ταῦτα
1676 1595 1732 1648 δὲ

152 1685 219 1736 ἂν
254 1680 368 1737 εἷεν
396 1687 452 1737 αί
480 1687 679 1738 οἰκεῖαι
714 1687 1063 1750 ὑποστάσεις,
1115 1690 1403 1755 συνάγεται
1442 1687 1552 1758 ἄρα
1584 1687 1663 1740 ὃτι
1700 1688 1732 1757 ἡ

149 1778 270 1828 θεία
301 1776 466 1843 φύσις
514 1777 667 1847 κοινὴ
711 1774 877 1838 οὖσα,
916 1779 1178 1832 πλειόνων
1213 1780 1565 1833 ὑποστάσεων
1605 1797 1736 1832 κατ-

145 1873 458 1939 ηγορεῖται,
490 1870 586 1921 καὶ
608 1871 665 1920 ὲν
694 1868 907 1921 πλείοσι
938 1872 1241 1940 θεωρεῖται·
1273 1873 1411 1940 ὅπερ
1433 1872 1579 1923 ἐστὶν
1606 1860 1761 1940 ἀλη-’

148 1961 318 2023 eum,
354 1964 447 2013 καὶ
472 1963 595 2023 ταῖς
638 1962 941 2028 Γραφικαῖς
975 1963 1205 2024 ἐννοίαις
1247 1964 1493 2033 συνᾷδον.
1552 1964 1613 2015 Εἰ
1640 1960 1733 2016 οὖν

147 2053 206 2103 ἒν
240 2054 342 2123 μὲν
358 2057 421 2123 τῇ
449 2053 629 2121 φύσει,
658 2053 827 2106 πολλά
854 2053 910 2107 δὲ
931 2056 1050 2116 ταῖς
1081 2054 1359 2126 ἰδιότησιν,
1389 2054 1475 2126 ἥτ’
1505 2050 1599 2108 οὖν
1620 2057 1743 2118 ταῖς

151 2147 542 2200 ὑποστάσεσιν.
577 2150 605 2199 ὁ
641 2147 798 2216 λόγος
829 2146 1030 2210 ἔδειξεν
1077 2148 1298 2216 ἀληθὲς,
1350 2147 1585 2215 φανερὸν
1633 2148 1740 2215 ἄρα

148 2244 227 2293 ὅτι
264 2241 327 2294 τὸ
350 2242 407 2293 ἓν
440 2243 537 2309 μὲν
566 2245 630 2311 τῇ
657 2241 817 2309 φύσει
864 2242 959 2293 καὶ
994 2243 1058 2310 τῇ
1094 2241 1393 2293 ὑποστάσει
1434 2238 1741 2308 ἁπελήλεγ-

150 2351 306 2386 κται·
346 2338 394 2387 εί
428 2336 485 2387 δὲ
519 2337 552 2404 ἡ
581 2334 701 2387 θεία
748 2334 842 2387 καὶ
880 2334 1125 2405 μακαρία
1168 2333 1329 2401 φύσις
1368 2335 1433 2402 τῇ
1464 2333 1626 2401 φύσει
1658 2331 1737 2394 ἓν,

151 2427 323 2479 πολλὰ
354 2426 411 2478 δὲ
442 2430 563 2488 ταῖς
588 2426 957 2479 ὑποστάσεσιν
985 2427 1042 2476 ἐν
1072 2420 1159 2487 αἷς
1193 2426 1475 2495 θεωρεῖται
1521 2425 1595 2487 ὡς
1630 2442 1743 2477 κοι-

150 2522 241 2573 νίν
264 2538 315 2571 τι
344 2520 438 2571 καὶ
464 2519 753 2571 καθολικὸν
784 2519 1017 2588 πρᾶγμα
1037 2513 1192 2579 οὖσα,
1214 2516 1663 2586 ὑπεραναϐἐὸηκε
1687 2515 1743 2566 δὲ

151 2614 335 2679 πάσης
362 2612 589 2679 κτιστῆς
617 2612 852 2678 φύσεως,
884 2611 979 2663 καὶ
1008 2610 1209 2678 μᾶλλον
1242 2610 1319 2678 τῷ
1350 2610 1429 2661 ἑνὶ
1466 2624 1746 2678 χαρακτη-

153 2706 441 2775 ριζομένη,
495 2706 641 2777 ἥπερ
683 2706 741 2758 ἐν
788 2706 901 2766 τοῖς
933 2703 1175 2755 πλείοσιν
1196 2716 1211 2731 ⁸
1248 2703 1343 2755 καὶ
1373 2702 1482 2770 γὰρ
1516 2698 1746 2771 βραχεῖά

152 2815 272 2860 πως
301 2799 398 2852 καὶ
427 2798 647 2870 ἀμυδρὰ
671 2801 727 2850 ἐν
755 2797 831 2866 τῷ
862 2796 981 2865 Θεῷ
1015 2796 1279 2865 διαφορά·
1311 2793 1368 2846 ἒν
1394 2793 1450 2845 δὲ
1475 2794 1567 2845 καὶ
1609 2808 1739 2844 ταυ-

152 2890 341 2959 τότης,
364 2889 511 2942 κατὰ
536 2888 714 2941 πάντα
742 2887 1200 2958 ἀπαραλλάκτως,
1223 2886 1362 2956 πλὴν
1393 2885 1484 2938 τοῦ
1517 2885 1747 2952 ἀγεννή-

154 2997 247 3032 του
304 2980 404 3032 καὶ
456 2981 720 3049 γεννητοῦ
760 2980 854 3031 καὶ
885 2978 979 3031 τοῦ
1007 2977 1376 3048 ὲκπορευτοῦο
1413 2979 1471 3029 ἐν
1528 2975 1585 3028 δὲ
1634 2978 1747 3037 τοῖς

155 3075 455 3141 γτξσμασιν
478 3072 748 3125 ἀνάπαλιν
774 3071 943 3141 πολλὴ
980 3072 1075 3140 μὲν
1102 3070 1378 3138 ἑτερότης,
1401 3067 1665 3135 ταυτότης
1689 3066 1747 3118 δὲ

153 3164 334 3230 ὀλίγηο
367 3160 603 3229 φανερὸν
628 3161 709 3213 ὅτι
732 3160 826 3211 καὶ
856 3161 911 3212 αἱ
940 3158 1185 3220 πλείονες
1216 3158 1544 3217 ὑποστάσεις
1575 3156 1633 3205 ἐν
1659 3152 1747 3214 αἶς

157 3257 188 3324 ἡ
216 3255 319 3321 μία
356 3255 453 3305 καὶ
481 3250 900 3321 ἀπαράλλακτος
935 3250 1097 3318 φύσις
1125 3249 1444 3318 θεωρεῖται,
1480 3250 1581 3299 οὐκ
1611 3247 1748 3298 εἰσὶν

157 3349 394 3414 ἄπειρον
440 3343 683 3413 πλῆθος·
744 3344 806 3396 οὑ
856 3345 963 3414 γάρ
1023 3344 1140 3393 ἐστι
1191 3342 1437 3411 συμφυὲς
1477 3340 1555 3408 τῷ
1584 3338 1665 3391 ἑνὶ
1689 3339 1752 3390 τὸ

159 3443 413 3506 Ξπειῳν.
452 3438 568 3491 ἀλλ’
624 3436 934 3506 ἀλλότριονο
971 3436 1080 3488 οὐδ’
1133 3436 1319 3497 ἁπλῶς
1350 3433 1752 3502 ὲξαπλούμεναι

161 3531 429 3583 ἐπέκεινα
458 3529 553 3583 τοῦ
597 3532 746 3599 τρεῖς
779 3529 1015 3600 ἀριθμοῦ
1040 3544 1055 3559 ο
1091 3528 1186 3580 τοῦ
1217 3528 1324 3596 γὰρ
1356 3525 1598 3596 πλήθους
1630 3524 1753 3577 καθ’

160 3623 297 3674 αὑτό
357 3620 454 3673 τοῦ
508 3620 625 3682 ἑνὸς
678 3620 1075 3689 ἀφεστηκότος,
1108 3618 1267 3688 δῆλον
1322 3616 1498 3671 ὅτιτὸ
1527 3616 1753 3685 ἄπειρον

165 3713 373 3782 πλῆθος
405 3711 685 3775 παντελῶς
735 3711 1017 3780 ἀλλότριον
1052 3713 1148 3764 καὶ
1201 3710 1459 3772 ἀπεοικὸς
1507 3709 1750 3761 ἐκείνοψ

164 3807 261 3859 καὶ
291 3806 405 3875 γὰρ
426 3806 475 3856 εί
498 3804 640 3873 άρχὴ
668 3802 869 3872 πλῆθος
887 3800 976 3873 ἦν,
997 3802 1104 3854 ἔδει
1126 3803 1186 3854 τὸ
1207 3803 1307 3870 τῆς
1330 3800 1502 3869 αὐτῆς
1532 3800 1755 3866 άμέσως

172 3900 404 3966 μετέχον
439 3896 639 3965 μᾶλλον
671 3889 809 3947 εἶναι
845 3894 1049 3963 πλῆθος
1088 3893 1183 3945 τοῦ
1217 3893 1566 3963 πορῤωτέρου
1589 3907 1603 3921 ⁸
1632 3891 1756 3942 ἐπεὶ

169 3994 222 4041 ὁὲ
246 3991 310 4040 τὸ
338 3990 399 4041 ἓν
449 3989 551 4055 τῆς
593 3988 744 4050 θείας
800 3986 1015 4056 φύσεώς
1066 3988 1214 4038 ἐστιν
1258 3986 1421 4055 ἀρχὴ,
1459 3985 1673 4051 ἀνάγκη
1697 3983 1758 4035 τὸ

166 4080 367 4148 ἐκείνῳ
396 4077 634 4145 συναφὲς
672 4076 780 4129 τῶν
812 4077 971 4129 θείων
1007 4077 1360 4129 ὑποστάσεων
1380 4073 1606 4143 πλῆθος,
1634 4074 1757 4127 ἑλά-

168 4189 359 4239 χιστον
404 4169 687 4233 παντελῶς
721 4172 815 4221 καὶ
845 4169 1175 4240 πορρωτέρω
1213 4168 1454 4236 πληθύος
1474 4184 1487 4197 ·
1515 4166 1672 4218 τοῦτο
1699 4166 1757 4219 δέ

168 4269 321 4317 ἐστιν
354 4266 388 4334 ή
419 4264 577 4333 τριάς
602 4279 617 4293 ο
645 4262 770 4316 οὔτε
807 4263 916 4333 γὰρ
941 4267 973 4330 ἡ
999 4262 1150 4325 δυὰς,
1179 4262 1267 4313 διὰ
1300 4262 1359 4313 τὸ
1387 4262 1461 4332 μὴ
1494 4255 1633 4313 εἷναι
1656 4261 1755 4327 (8)⁶

168 4358 293 4409 ’,ὅτε
323 4358 437 4426 γὰρ
463 4356 589 4410 ἄλλο
610 4373 684 4421 τι,
711 4356 797 4408 διὰ
820 4355 880 4408 τὺ
910 4355 984 4424 μὴ
1016 4354 1265 4424 πρώτως·
1302 4354 1534 4423 φανερὸν
1566 4354 1673 4423 ἄρα
1694 4355 1759 4405 ὲκ

170 4451 380 4502 τούτων
418 4451 500 4501 ὅτι
534 4451 562 4501 ὁ
586 4448 717 4511 Θεὸς
771 4451 834 4518 τῇ
875 4448 973 4518 μὲν
1001 4447 1159 4513 φύσει
1193 4441 1273 4508 εἷς
1316 4447 1414 4511 ῶν,
1448 4447 1595 4516 τρισὶ
1636 4448 1757 4509 ταῖς

1832 666 1961 737 quid
1990 677 2045 721 et
2079 667 2387 722 universale
2412 677 2514 732 est,
2542 679 2817 737 quatenus
2838 675 2892 720 et
2925 666 3038 735 ipsa
3068 676 3265 721 natura
3292 676 3413 735 est;

1832 778 1923 815 res
1964 770 2143 815 autem
2174 761 2508 826 communis,
2539 777 2644 815 non
2682 760 2776 815 uni
2808 768 2891 813 est
2914 760 3243 821 communis,
3272 759 3419 815 sicut

1834 852 2011 922 angeli
2045 853 2390 922 hominisque
2422 860 2636 917 natura,
2674 868 2783 906 non
2815 860 2900 906 est
2932 850 3119 911 unius,
3149 849 3243 904 sed
3294 850 3417 917 pitt-

1835 950 2016 1017 rium;
2044 963 2197 1017 aeque
2216 965 2279 1004 ac
2298 949 2628 1003 universalis
2654 964 2743 1003 res
2760 949 2826 1002 de
2841 948 3093 1015 pluribus
3113 946 3333 1012 dicitur,
3358 955 3421 1001 ut

1837 1046 2023 1113 logica:
2049 1046 2245 1115 regulae
2266 1044 2489 1097 tradunt
2513 1059 2527 1107 ;
2562 1049 2710 1111 patet
2734 1040 2917 1108 utique
2938 1042 3177 1096 divinam
3203 1053 3422 1108 quoque

1838 1150 2087 1194 naturam
2132 1140 2371 1208 plurium
2413 1150 2554 1197 esse,
2613 1134 3056 1203 quandoquidem
3114 1133 3426 1189 communis

1839 1232 2277 1300 universalisque
2300 1246 2383 1283 res
2411 1238 2515 1283 est.
2550 1227 2662 1280 lloc
2689 1225 2835 1279 enim
2877 1233 2963 1280 est
2998 1228 3049 1278 in
3089 1228 3362 1281 confesso.

1907 1324 1999 1379 25.
2036 1323 2304 1389 Quoniam
2351 1323 2539 1388 itaque
2569 1320 2751 1371 dixina
2796 1327 2993 1370 natura
3030 1317 3269 1387 plurium
3307 1324 3417 1379 est,

1839 1426 2027 1488 utpote
2058 1431 2181 1485 qum
2211 1412 2523 1467 communis
2550 1411 2984 1480 universalisque
3014 1425 3101 1462 res
3130 1417 3246 1471 est;
3284 1424 3425 1463 nna-

1838 1526 2066 1581 quaeqne
2107 1521 2287 1562 autent
2345 1515 2536 1560 natura
2582 1514 2769 1573 utpote
2826 1503 3138 1557 communis
3196 1512 3250 1556 et
3302 1503 3426 1554 nni-

1838 1601 2261 1662 vc-rsalis.hand
2303 1598 2393 1652 alii
2452 1598 2708 1666 cuiquam
2767 1595 3079 1650 communis
3132 1605 3216 1648 est
3258 1608 3424 1662 quam

1852 1695 1965 1749 illis
1990 1695 2043 1748 in
2083 1693 2282 1762 quibus
2314 1702 2617 1760 spectatur,
2656 1690 2706 1743 id
2745 1699 2851 1755 εει,
2876 1689 3113 1759 propriis
3144 1687 3426 1758 personis;

1842 1785 2203 1853 consequitur
2250 1793 2308 1839 ut
2340 1784 2522 1837 divina
2563 1794 2754 1836 natura
2785 1797 2908 1850 quae
2953 1780 3265 1836 communis
3319 1791 3425 1843 est,

1844 1880 1911 1932 de
1971 1876 2216 1945 pluribus
2270 1876 2523 1945 personis
2579 1874 2933 1943 prmdicetur.
2992 1883 3047 1925 et
3093 1874 3146 1925 in
3182 1872 3432 1941 pluribus

1846 1969 2263 2032 consideretur;
2309 1966 2454 2035 quod
2519 1980 2711 2033 reapse
2758 1979 2945 2018 verum
3004 1972 3107 2024 est.
3139 1973 3194 2017 et
3223 1962 3429 2016 divinis

1843 2059 2130 2116 sententiis
2165 2072 2495 2110 consonum.
2526 2054 2700 2124 Igitur
2743 2054 2788 2108 si
2830 2054 2975 2122 quod
3008 2062 3093 2107 est.
3115 2069 3284 2107 unum
3327 2068 3430 2106 na-

1845 2163 1986 2215 tura,
2011 2148 2460 2219 proprietatibus,
2476 2146 2621 2200 idest
2643 2145 2918 2215 personis,
2940 2146 3093 2212 plura
3108 2160 3230 2199 esse
3249 2158 3434 2197 sermo

1844 2256 2036 2301 noster
2072 2259 2196 2297 vere
2221 2241 2640 2302 demonstravit,
2672 2247 2817 2310 patet
2850 2255 3005 2304 sane,
3055 2239 3105 2292 id
3136 2238 3284 2308 quod
3345 2246 3431 2291 est

1846 2354 2016 2393 unum
2072 2344 2289 2397 natura,
2348 2350 2584 2404 persona
2664 2350 2887 2403 quoque.
2926 2333 3170 2402 coargui.
3226 2331 3431 2397 Quodsi

1845 2414 2027 2483 divi'na
2060 2429 2325 2494 beataque
2354 2434 2545 2478 natura
2578 2423 2901 2478 naturaliter
2940 2437 3107 2475 unum
3143 2422 3275 2490 quid
3325 2429 3432 2487 est,

1848 2524 2001 2591 plura
2028 2531 2207 2573 autent
2239 2516 2540 2573 secundum
2596 2530 2858 2587 personas
2914 2516 2966 2569 in
3003 2515 3205 2583 quibus
3253 2513 3438 2568 consi-

1848 2617 2096 2675 deratur,
2134 2630 2231 2667 ceu
2268 2628 2355 2666 res
2378 2610 2626 2681 quaedam
2660 2610 2970 2663 communis
2988 2618 3041 2661 et
3071 2609 3434 2671 universalis;

1848 2704 2191 2759 transcendit
2227 2712 2415 2757 autem
2448 2702 2750 2771 quamlibet
2780 2712 3019 2755 creatam
3058 2714 3334 2763 naturam,
3382 2707 3439 2751 et

1850 2810 2033 2852 tamen
2093 2797 2305 2849 unitate
2331 2796 2506 2863 magis
2536 2804 2985 2859 reprtesentatur.
3017 2808 3180 2861 quam
3241 2790 3440 2860 plurali

1850 2906 2080 2944 numero
2117 2906 2129 2940 :
2163 2888 2360 2942 etenim
2395 2887 2449 2939 in
2490 2886 2597 2938 Deo
2654 2886 2836 2939 brevis
2858 2885 3107 2954 quasdam
3162 2883 3434 2952 exilisque

1851 2986 2157 3038 dilTerrntia
2191 2992 2295 3044 εει,
2352 2981 2445 3034 sed
2479 2997 2648 3033 unum
2687 2990 2740 3033 et
2786 2980 2927 3032 idem
2970 2995 3062 3048 per
3094 2980 3277 3030 omnia
3305 2991 3438 3029 eou-

1853 3086 2082 3136 stanter,
2114 3076 2336 3142 dempto
2370 3074 2614 3142 ingenito
2661 3081 2715 3125 et
2745 3073 2934 3142 genito
2977 3087 3040 3125 ac
3070 3070 3390 3141 procedente
3421 3087 3436 3136 ;

1853 3181 1906 3223 at
1938 3185 2064 3221 vero
2104 3169 2155 3220 in
2204 3166 2473 3221 creaturis
2508 3176 2738 3228 contra;
2797 3165 3075 3218 diversum
3103 3178 3264 3231 sa-pe,
3297 3162 3440 3215 idem

1853 3280 2015 3325 raro;
2052 3268 2196 3328 patet
2229 3259 2394 3312 etiam
2456 3258 2643 3327 plures
2678 3271 2964 3325 personas,
3006 3255 3057 3307 in
3094 3254 3300 3323 quibus
3324 3266 3431 3305 una

1856 3352 2313 3418 invariahilisque
2370 3359 2563 3403 natura
2612 3356 2914 3417 spectatur,
2948 3362 3055 3399 non
3113 3359 3232 3398 esse
3261 3342 3444 3396 inlini-

1859 3455 1966 3498 tam
2037 3441 2444 3494 multitudinem
2480 3457 2491 3491 :
2526 3454 2633 3492 non
2693 3442 2841 3492 enim
2901 3435 3281 3490 connaturalis
3351 3442 3441 3488 est

1860 3534 2054 3589 unitati
2098 3531 2593 3591 innumerabilitas,
2662 3529 2753 3582 sed
2803 3529 2980 3580 aliena
3014 3527 3217 3596 potius.
3249 3524 3439 3594 Neque

1858 3644 2105 3698 personzc
2139 3625 2463 3696 amplianda:
2480 3633 2603 3678 sunt
2622 3624 2761 3678 ultra
2789 3621 3092 3674 ternarium
3112 3632 3397 3673 numerum
3422 3633 3439 3672 :

1858 3740 1980 3777 nam
2041 3736 2165 3774 cum
2208 3718 2499 3772 multitudo
2534 3732 2632 3785 per
2670 3731 2729 3770 se
2758 3715 3052 3768 abhorreat
3089 3712 3158 3765 ab
3213 3710 3441 3773 unitate,

1858 3823 2003 3884 patet
2042 3812 2307 3866 inﬁnitam
2371 3810 2771 3863 multitudinem
2803 3821 3033 3877 prorsus
3076 3806 3145 3858 ab
3178 3804 3265 3857 illa
3308 3803 3443 3855 alie-

1857 3926 1983 3963 nam
2010 3924 2139 3962 esse
2167 3919 2219 3959 et
2242 3908 2656 3959 abhorrentem.
2707 3903 2843 3957 Nam
2879 3902 2922 3955 si
2953 3909 3117 3969 caput
3147 3896 3442 3951 multitudo

1859 4011 2022 4065 esset,
2072 4008 2348 4067 oporteret
2382 3997 2512 4050 illud
2550 3995 2691 4064 quod
2725 3995 2973 4064 proxime
3030 3992 3080 4047 ei
3135 3989 3445 4059 participat,

1861 4092 2032 4161 magis
2060 4107 2181 4145 esse
2212 4090 2561 4159 plurativum,
2587 4104 2748 4158 quam
2778 4087 2921 4156 quod
2991 4085 3275 4137 remotius.
3308 4080 3449 4146 Quia

1860 4199 1989 4237 vero
2028 4184 2207 4237 unitas
2245 4193 2409 4249 caput
2444 4189 2529 4235 est
2583 4180 2780 4233 divinae
2826 4187 3051 4238 naturae,
3110 4190 3333 4229 necesse
3364 4180 3452 4228 est

1862 4276 1915 4330 id
1951 4275 2095 4345 quod
2125 4274 2200 4328 illi
2228 4273 2598 4337 connectitur,
2633 4272 2944 4325 divinarum
2970 4284 3162 4337 nempe.
3185 4281 3451 4337 persona-

1863 4384 1984 4422 rum
2012 4381 2327 4426 numerum,
2356 4364 2645 4417 minimum
2686 4378 2913 4430 prorsus
2950 4375 3072 4414 esse
3101 4368 3157 4412 et
3204 4373 3234 4411 a
3261 4357 3450 4411 multi-

1863 4460 2053 4514 tudine
2104 4458 2572 4514 remotissimum.
2634 4454 2785 4508 Talis
2839 4468 3002 4521 porro
3054 4451 3275 4505 trinitas
3344 4456 3450 4502 est.

174 4542 511 4595 amaritiem
530 4540 856 4607 γινώσκεταὶ
879 4556 939 4591 τε
959 4540 1053 4591 καὶ
1070 4539 1250 4599 καλῶς
1274 4540 1424 4608 παρὰ
1451 4539 1558 4591 τῶν
1584 4538 1746 4609 ὀρθῶς

1865 4551 1999 4606 Nam
2064 4567 2238 4621 neque
2299 4553 2406 4603 duo
2450 4565 2572 4602 esse
2603 4557 2874 4617 poterant,
2935 4545 3063 4614 quia
3118 4559 3225 4597 non
3259 4542 3452 4595 fuisset

178 4631 525 4697 ςρονούντων
548 4628 887 4699 Χριστιανῶν
915 4626 1232 4679 πιστεύεται
1252 4626 1428 4677 τεκαὶ
1454 4623 1757 4689 δοξάζεται·

176 4725 271 4775 καὶ
322 4721 486 4775 τοῦτο
533 4722 665 4791 ἡμῖν
716 4723 865 4773 ἐστιν
896 4720 925 4771 ὁ
976 4718 1165 4789 Πατὴρ
1211 4719 1305 4771 καὶ
1337 4720 1365 4770 ό
1398 4716 1521 4779 Υἱὸς
1572 4717 1666 4770 καὶ
1703 4715 1764 4767 τὸ

177 4816 334 4883 ἅγιον
365 4813 611 4884 Πνεῦμα.

596 5108 679 5162 ΕΛ
688 5109 1032 5162 ΕΓΚΤΙΚΟΣ
1071 5106 1357 5159 ΠΡΩΤΟΣ.

254 5206 417 5260 Κατὰ
444 5202 562 5256 τῶν
588 5204 659 5256 ἐν
691 5202 769 5267 τῷ
804 5200 1010 5325 affusi)
1048 5202 1207 5269 λόγῳ
1240 5199 1586 5252 δοκούντων
1621 5197 1701 5263 τῷ

896 5288 1107 5325 manat.

896 5288 1107 5339 ωαμετ.

258 5367 371 5430 zg".
406 5367 462 5417 Ἐ
474 5365 559 5417 πεὶ
581 5360 712 5417 οὖνὸ
737 5363 963 5431 λόγοςέξ
987 5365 1416 5432 ὲπιστημονικῆς
1432 5362 1655 5432 μεθόδου
1680 5361 1774 5412 καὶ

186 5458 607 5527 σλὶλογιστικῆς
631 5456 978 5521 ἀποδείξεως,
1010 5454 1107 5523 τὴν
1136 5454 1382 5525 περὶτῆς
1409 5454 1570 5522 ἁγίας
1600 5453 1770 5523 Τριά-

188 5555 273 5616 δος
294 5551 691 5619 όμοουαιότητα
722 5552 815 5603 καὶ
848 5551 1175 5616 ταυτότητα,
1227 5549 1321 5599 καὶ
1350 5549 1449 5616 τὴν
1488 5547 1617 5617 μίαν
1648 5544 1768 5596 036-

187 5662 326 5715 τητα
355 5647 453 5696 καὶ
490 5643 811 5713 μοναρχίαν,
843 5645 968 5697 ὅσον
995 5641 1138 5695 κατὰ
1176 5641 1238 5693 τὸ
1266 5639 1488 5692 δυνατὸν
1533 5637 1601 5689 τά
1633 5636 1772 5706 ὑπὲρ

186 5739 346 5806 λόγον
380 5739 475 5790 καὶ
499 5736 631 5789 ὄντα
679 5738 774 5788 καὶ
801 5736 1188 5806 πιστευόμενα,
1220 5732 1399 5795 καλῶς
1431 5731 1770 5798 παρέστησε,

1871 4646 2099 4715 pluralis
2155 4658 2415 4696 numerus
2446 4660 2458 4695 :
2514 4656 2690 4708 neque
2722 4639 2866 4692 aliud
2893 4636 3137 4706 quidvis,
3173 4635 3301 4704 quia
3342 4649 3450 4686 non

1871 4746 2019 4791 esset
2041 4736 2321 4805 primitus.
2361 4733 2435 4787 Ex
2470 4734 2552 4787 his
2580 4732 2749 4801 igitur
2769 4738 2993 4799 apparet
3052 4728 3221 4783 Deum
3253 4734 3451 4781 natura

1874 4828 2093 4898 quidem
2126 4844 2319 4886 unum.
2352 4826 2407 4879 in
2432 4826 2608 4877 tribus
2634 4823 2883 4892 personis
2911 4820 3160 4889 agnosci,
3196 4827 3454 4887 recteque

1873 4922 1942 4976 ab
1967 4920 2287 4973 ortliodoxis
2317 4917 2644 4973 Christianis
2676 4914 2823 4968 credi
2848 4922 2901 4966 et
2929 4914 3247 4982 glorilicari.
3277 4912 3455 4978 Atque

1867 5014 1955 5068 hic
1980 5012 2119 5067 Deus
2143 5011 2298 5064 nobis
2323 5019 2407 5063 est
2431 5008 2590 5061 Pater
2610 5017 2662 5060 et
2689 5006 2858 5060 Filius
2875 5014 2929 5059 et
2952 5005 3191 5075 Spiritus
3208 5013 3450 5058 sanctus.

2291 5098 2736 5155 CONF'UTATIO
2788 5097 3023 5152 PRIMA.

1955 5199 2209 5251 Adversus
2232 5197 2515 5249 sententias
2556 5192 2714 5262 primi
2753 5190 2969 5260 capituli
3000 5185 3353 5241 Molmmedis.

1953 5358 2041 5412 26.
2076 5358 2368 5424 Postquam
2403 5370 2583 5407 sermo
2624 5361 2810 5405 noster
2840 5346 3122 5402 doctrinali
3160 5341 3442 5403 utetltodo,

1880 5468 1979 5509 nec
2016 5468 2122 5505 non
2156 5450 2495 5521 syllogistica
2545 5444 3034 5503 demonstratione,
3097 5446 3302 5493 saneta:
3327 5432 3456 5487 Tri-

1877 5546 2060 5601 nitatis
2090 5541 2719 5598 consubstantialitatem
2754 5546 2807 5591 et
2831 5535 3141 5604 paritatem.
3178 5541 3455 5596 unamque

1881 5637 2221 5693 divinitatem
2272 5645 2325 5687 et
2365 5632 2739 5686 monarcliiant
2772 5629 3058 5699 (quantum
3114 5623 3229 5678 ﬁeri
3278 5627 3457 5689 potest

1882 5732 1941 5784 in
1983 5730 2049 5784 iis
2081 5743 2203 5798 quae
2243 5741 2405 5796 supra
2439 5724 2707 5779 rationem
2735 5729 2861 5777 sunt
2889 5728 2943 5774 et
2975 5732 3098 5773 esse
3133 5708 3453 5779 creduntur)

263 5916 342 5985 (8)
374 5914 551 5971 (ἔτιεεί
604 5914 866 5986 pluralem
910 5931 937 5971 a
979 5912 1125 5970 duali
1181 5928 1407 5969 numero
1451 5913 1766 5969 distinctum
1804 5910 2014 5966 volunt.
