4194 6432
771 428 881 493 ’ἵθ3

2042 420 2342 482 NICET/E
2379 420 2778 481 BYZANTINI

3928 419 4036 501 "tot

776 545 923 592 recte
977 533 1248 605 exposuit,
1281 542 1636 601 nostrumque
1684 533 1878 600 dogma
1932 532 2344 601 comprobavit;

2458 531 2551 583 καὶ
2598 530 2659 582 τό
2708 532 2906 583 οἰκεῖον
2935 529 3110 599 δόγμα
3142 526 3535 588 κατεσκεύασε,
3590 526 3780 595 καιρὸς
3804 528 3902 597 ῆδη
3940 538 4036 582 καὶ

776 639 990 697 tempus
1032 629 1142 695 jam
1212 636 1297 679 est
1349 634 1408 679 ut
1463 624 1892 679 nefandissimus
1936 635 1989 679 et
2008 625 2240 678 mendax
2275 625 2344 677 ab

780 724 959 775 Arabe
997 720 1318 775 Mobamede
1378 718 1625 773 falsidico
1667 722 1879 772 calamo
1923 720 2158 785 scriptus
2196 718 2350 783 liber,

778 820 960 864 utrum
999 811 1247 864 veritatis
1283 818 1553 877 rectaque
1583 808 1846 862 doctrinae
1897 809 2100 877 aliquid
2135 809 2354 874 habeat,

776 902 1214 955 consideremus.
1297 900 1391 956 Sic
1440 918 1571 970 ergo
1623 911 1913 956 tractatum
1977 901 2351 956 exordiamur.

770 992 909 1045 Cum
964 992 1316 1045 multifariam
1371 995 1674 1063 Oppugnari
1714 996 1886 1063 possit
1945 992 2356 1047 inﬁcetissimus

782 1083 1119 1137 Moliamedis
1180 1083 1354 1149 liber;
1410 1094 1556 1137 totus
1624 1086 1768 1137 enim
1832 1083 2108 1137 marcidus
2165 1091 2248 1137 est
2305 1092 2359 1135 et

770 1175 1050 1239 ruinosos,
1087 1178 1259 1245 putris
1289 1177 1458 1229 instar
1486 1176 1697 1231 mdilieii
1722 1177 1931 1231 cariosa
1960 1178 2182 1230 materie
2200 1190 2354 1229 com-

769 1268 935 1336 pacti,
968 1268 1324 1337 imperiteque
1356 1270 1682 1334 constructi,
1722 1269 1966 1338 nihilque
2017 1267 2234 1321 ﬁrmum
2266 1275 2358 1320 aut

770 1358 964 1413 stabile
995 1360 1275 1415 habentis:
1301 1369 1425 1413 ante
1448 1362 1632 1414 omnia
1658 1375 2038 1430 argumentum
2059 1360 2189 1414 illud
2212 1359 2355 1428 quod

770 1454 939 1498 totum
954 1446 1162 1500 aedilicii
1188 1448 1595 1503 fundamentum
1623 1450 1900 1503 continere
1923 1451 2154 1513 videtur,
2174 1450 2358 1518 profe-

768 1551 987 1602 ramus;
1010 1554 1247 1607 namque
1265 1540 1314 1593 id
1330 1556 1451 1593 cum
1476 1540 1645 1592 sancti
1665 1540 1900 1610 Spiritus
1921 1556 2022 1610 ope
2044 1541 2361 1596 subvertere

771 1628 1116 1684 meditamur.
1156 1630 1247 1685 Sic
1269 1632 1414 1685 enim
1447 1646 1505 1684 se
1536 1647 1725 1697 gerere
1776 1632 1955 1685 solent
1979 1631 2144 1684 etiam
2185 1630 2219 1684 ii
2263 1634 2356 1699 qui

768 1724 1042 1793 ejusmodi
1072 1726 1299 1779 aedilicia
1327 1736 1569 1779 evertere
1596 1725 1820 1791 volunt;
1854 1725 2112 1779 nimirum
2138 1724 2206 1779 iis
2232 1740 2354 1793 qua:

772 1815 947 1871 fulcra
1009 1817 1266 1871 videntur
1319 1818 1637 1880 destructis,
1688 1818 2000 1872 universam
2061 1816 2247 1870 subito
2282 1816 2355 1869 fa-

2453 624 2551 688 τὴν
2586 622 2986 691 μυσαρωτάτην
3011 620 3104 673 καὶ
3132 618 3467 689 ψευδηγόρον
3490 616 3640 686 παρά
3664 618 3757 670 τοῦ
3792 621 3855 668 ’Λ
3866 620 4038 687 ραϐος

2454 715 2699 783 Μωάμετ
2730 712 3313 783 πλαστογραφηθεῖσαν
3343 712 3545 781 βίϐλον,
3581 710 3674 761 καὶ
3704 712 3771 763 τὰ
3806 712 3862 762 ἐν
3893 712 4036 780 αὐτῇ

2456 808 2805 876 ὲμφερόμενα
2843 809 2891 858 εἰ
2942 806 3196 874 ἀληθείας
3231 821 3288 856 τε
3325 804 3418 855 καὶ
3472 803 3788 865 εύθυϐολίας
3820 803 4041 871 ἔχουσιν

2455 896 2888 965 ἐπισκέψασθαιο
2930 894 3165 964 ἄρξομαι
3214 894 3270 947 δὲ
3326 894 3419 946 καὶ
3476 896 3603 963 περὶ
3639 892 3843 945 τούτων
3890 887 4035 946 ὦδε·

2456 984 2762 1054 Τοιγαροῦν
2822 985 3021 1047 πολλὰς
3078 984 3334 1047 ἐπιϐολὰς
3390 984 3699 1053 ἀνασκευῆς
3744 986 4041 1053 δεχομένου

2457 1071 2552 1125 τοῦ
2582 1072 2926 1138 ἀλογωτάτου
2956 1072 3161 1141 βιϐλίου
3209 1071 3304 1123 τοῦ
3357 1073 3602 1141 Μωάμετ
3634 1074 3774 1141 (ὅλον
3799 1075 3908 1140 γάρ
3940 1090 4042 1125 σα-

2459 1164 2585 1233 θρόν
2612 1165 2671 1216 τέ
2703 1167 2840 1228 ἐστι,
2873 1168 2967 1217 καλ⁸
2995 1164 3441 1229 εύκατάπτωτον,
3469 1164 3659 1233 ὥσπερ
3685 1166 3830 1216 οἰκία
3862 1165 4044 1233 σαθρά

2456 1255 2522 1307 ὲκ
2546 1256 2646 1322 τῆς
2691 1256 2823 1324 ὕλης
2869 1256 3175 1327 εὐφθάρτου
3234 1257 3648 1328 συντεθειμένη.
3683 1256 3927 1325 ἀτεχνῶς
3981 1258 4039 1309 δὲ

2455 1345 2902 1416 οἰκοδομουμένη,
2930 1346 3023 1398 καὶ
3049 1346 3362 1416 μηδαμόθεν
3391 1347 3453 1398 τὸ
3481 1347 3695 1413 βέϐαιον
3727 1349 3819 1400 καὶ
3846 1350 4044 1417 «napi-

2462 1454 2613 1507 μνιον
2656 1436 2909 1506 ἔχουσα),
2953 1438 3051 1507 τὴν
3111 1440 3171 1489 τδ
3201 1439 3322 1491 ὅλον
3376 1438 3532 1490 τοῦτο
3569 1441 3814 1508 συνέχειν
3843 1438 4042 1491 δοκοῦν

2461 1531 2657 1603 βάθρον
2704 1531 2843 1603 [βοά.
2897 1530 3190 1603 βάραθρον]
3250 1532 3579 1583 ἀνασπῶσαν
3632 1533 3710 1599 (9)
3770 1533 4043 1603 πώτερον

2461 1627 2831 1695 προσάγοιμεν
2886 1626 3217 1693 ἀνασκευὴν,
3268 1624 3595 1691 ἀνατρέπειν
3644 1624 3775 1675 αὑτὸ
3812 1624 3908 1675 σὺν
3969 1629 4040 1693 τῇ

2458 1718 2682 1785 δυνάμει
2729 1716 2821 1769 τοῦ
2856 1716 3011 1784 ἁγίου
3070 1716 3384 1785 [Ινεύματος
3424 1715 3843 1786 βεϐουλημένοι·
3877 1717 4044 1769 τοῦτο

2459 1807 2567 1876 γὰρ
2596 1807 2661 1875 δὴ
2691 1809 2783 1859 καὶ
2815 1808 2908 1859 ἐπὶ
2938 1807 3047 1859 τῶν
3075 1806 3329 1857 τοιούτων
3376 1804 3565 1858 οίκιῶν
3613 1805 3855 1858 ποιοῦσιν
3886 1808 3938 1857 οί
3974 1807 4042 1858 τὸ

769 1906 976 1961 bricam
1019 1908 1173 1962 humi
1210 1918 1483 1963 sternunt.
1522 1909 1617 1963 Est
1640 1920 1817 1963 autem
1861 1909 2036 1978 prima
2082 1909 2349 1963 adversus

2455 1899 2741 1969 καθαιρεῖν
2776 1900 2945 1961 αὐτὰς
2984 1898 3435 1967 προαιρούμενοι,
3469 1898 3533 1949 τὸ
3582 1898 3772 1950 δοκοῦν
3811 1900 4038 1968 ὑπερεί-

770 1999 874 2053 lioc
906 2011 1060 2069 putre
1088 2002 1375 2056 aedilicium
1409 2004 1681 2062 machina.
1709 2000 2046 2070 comparatio
2074 1999 2194 2069 ejus
2222 2015 2345 2055 cum

767 2091 950 2146 divina
987 2093 1296 2163 Scriptura.
1336 2092 1470 2148 Nam
1496 2094 1621 2163 quia
1654 2092 2022 2157 lllobamedes,
2057 2090 2209 2145 omni
2252 2106 2347 2161 ge.

769 2196 900 2236 nere
926 2184 1190 2239 doctrina:
1226 2186 1451 2250 omisso,
1489 2186 1601 2239 imo
1634 2186 1686 2239 in
1742 2194 1951 2255 tergum
1981 2183 2204 2253 rejecto,
2247 2198 2341 2237 ca-

768 2282 866 2341 put
891 2275 975 2328 sui
1006 2275 1278 2330 sermonis
1305 2276 1590 2331 constituit
1622 2276 1673 2329 in
1695 2274 1785 2330 Dei
1824 2291 1989 2345 quam
2021 2275 2125 2329 sibi
2167 2274 2343 2329 vindi-

768 2372 857 2418 eat
914 2366 1263 2433 allocutione,
1328 2385 1428 2423 nos
1482 2384 1703 2438 quoque
1767 2368 2029 2422 debemus
2097 2366 2339 2422 omnium

768 2471 1037 2512 concessu
1070 2460 1332 2515 divinitus
1353 2461 1611 2515 dictatam
1648 2461 1983 2530 Scripturam
2004 2475 2130 2513 cum
2162 2476 2226 2512 eo
2271 2458 2339 2510 li-

768 2550 868 2602 bro
892 2548 944 2601 in
977 2550 1168 2618 primis
1206 2551 1499 2618 conferre;
1542 2562 1600 2605 ut
1627 2564 1883 2606 accurato
1917 2550 2341 2619 comparationis

772 2640 981 2695 lumine
1032 2642 1375 2711 deprehensa
1431 2645 1578 2699 illius
1643 2645 1981 2699 absurditate
2027 2651 2082 2697 ct
2151 2643 2342 2696 incon-

768 2734 1041 2800 gruentia,
1074 2737 1285 2806 reliqua
1317 2739 1500 2791 omnia
1532 2737 1666 2791 l‘alsa
1703 2747 1752 2791 et
1788 2753 1946 2801 vana,
1980 2734 2211 2804 ideoque
2238 2748 2338 2803 pa-

769 2822 875 2878 lam
910 2826 1287 2895 vituperanda,
1321 2828 1678 2897 despuautur.

2451 1993 2561 2045 δειν
2581 1993 2843 2063 πρότερον
2868 1991 3170 2053 ἀνελόντες,
3194 1991 3373 2042 πᾶσαν
3396 1990 3567 2059 αὐτὴν
3591 1990 3799 2061 ἁθρόως
3830 1996 3907 2053 εἰς
3928 1993 4001 2058 γῆ
4010 2014 4042 2044 ν

2451 2084 2917 2155 καταστρέφουσιν
2943 2099 2956 2112 ·
2992 2083 3107 2134 ἔστι
3138 2082 3192 2134 δὲ
3227 2084 3260 2149 ὴ
3290 2081 3481 2152 πρώτη
3522 2084 3663 2134 κατά
3693 2081 3793 2151 τῆς
3825 2083 4042 2149 σαθρᾶς

2446 2178 2648 2246 ταύτης
2678 2177 3067 2247 προσαγομένη
3094 2174 3382 2244 οἰκοδομῆς
3419 2175 3655 2245 μηχανὴ,
3686 2178 3718 2245 ἡ
3769 2178 3900 2244 πρὸς
3936 2178 4043 2248 τὴν

2448 2270 2596 2323 θείαν
2630 2268 2849 2340 Γραφὴν
2876 2268 3164 2337 σύγκρισις
3186 2284 3199 2297 ο
3234 2268 3419 2337 ἐπειδὴ
3442 2268 3552 2337 γὰρ
3572 2269 3732 2331 αὐτὸς
3763 2271 3869 2322 πᾶν
3891 2265 4041 2333 εἶδος

2448 2361 2606 2429 λόγου
2641 2360 3017 2432 παραδραμὼν
3072 2360 3168 2412 καὶ
3217 2359 3448 2412 κατόπιν
3481 2359 3673 2413 ἑαυτοῦ
3710 2361 3894 2429 ῥίψας,
3934 2365 4043 2432 τὴν

2448 2450 2693 2522 κορυφὴν
2722 2450 2831 2503 τῶν
2850 2451 3024 2519 λόγων
3050 2453 3148 2519 τὴν
3179 2449 3505 2502 αὑτόλεκτον
3530 2449 3622 2502 τοῦ
3654 2450 3787 2503 Θεοῦ
3817 2452 4044 2520 ὁμιλίαν

2448 2545 2598 2615 αύτῷ
2650 2544 3031 2615 ἀπεγράψατο,
3071 2542 3361 2613 ὀφείλομεν
3412 2541 3507 2594 καὶ
3558 2545 3719 2611 ἡμεῖς
3767 2546 3902 2613 πρὸς
3937 2548 4044 2613 τὴν

2449 2636 2882 2707 ὁμολογουμένην
2927 2633 3079 2703 παρά
3126 2634 3342 2687 πάντων
3379 2633 3659 2688 θεόλεκτον
3700 2636 3946 2707 Γραφὴν,
3975 2640 4045 2690 τὸ

2449 2727 2689 2781 τοιοῦτον
2720 2728 2954 2797 γράμμα
2983 2727 3249 2796 πρότερον
3277 2727 3628 2797 παραθεῖναι,
3655 2727 3730 2790 ὡς
3761 2728 3826 2782 ἂν
3851 2734 3918 2801 τῇ
3948 2732 4048 2784 δια

2448 2818 2547 2887 τῆς
2570 2816 2923 2886 παραθέσεως
2942 2816 3311 2887 ἀκριϐολογίᾳ,
3338 2814 3397 2868 τὸ
3420 2815 3706 2869 ἀλλόκοτον
3736 2819 3830 2870 καὶ
3845 2821 4033 2888 ἀσύμ-

767 2915 932 2970 ϐατον
982 2916 1147 2970 αὐτοῦ
1198 2920 1470 2987 φωραθὲν,
1528 2919 1647 2972 ὅλον
1696 2918 1879 2971 λοιπὸν
1934 2917 2127 2986 ψευδές
2182 2931 2242 2966 τε
2306 2911 2403 2965 καὶ
2432 2911 2703 2980 μάταιον,
2732 2912 2828 2963 καὶ
2886 2911 2973 2964 διὰ
3003 2913 3161 2966 τοῦτο
3189 2915 3446 2986 ἐπίψογον
3489 2918 3823 2989 ἀπελεγχθὲν
3864 2930 4047 2973 κατα’

767 3008 1010 3061 πτύοιτο.

836 3122 929 3177 27.
958 3094 1241 3192 Inspirataa
1284 3123 1547 3178 divinitus
1605 3123 1905 3192 Scriptum
1962 3102 2414 3191 unusquisquec

767 3213 927 3277 liber,
960 3229 1204 3269 seorsum
1255 3225 1307 3267 et
1332 3230 1424 3283 per
1472 3230 1532 3269 se
1564 3224 1862 3283 spectatus,
1919 3229 2231 3284 quanquam
2278 3213 2345 3267 ad

769 3319 936 3357 unutn
966 3304 1242 3373 religionis
1272 3320 1496 3373 scopum
1547 3305 1739 3369 tendit,
1762 3306 1978 3373 qualem
2027 3313 2210 3358 tamen
2252 3318 2347 3370 pc-

766 3394 1051 3448 culiariter
1077 3395 1363 3449 materiam
1395 3396 1693 3460 contineat,
1727 3397 2062 3450 demonstrat
2106 3410 2171 3449 ex
2208 3409 2346 3463 pra:-

767 3485 949 3553 posito
995 3485 1097 3539 sibi
1136 3486 1311 3550 titulo,
1360 3486 1451 3555 qui
1492 3494 1870 3555 argumentum
1928 3495 2099 3539 totum
2127 3485 2341 3553 aperit:

770 3576 843 3630 ita
887 3588 947 3630 ut
985 3576 1067 3630 vel
1117 3577 1231 3631 sola
1261 3578 1596 3647 singulorum
1656 3579 1998 3631 voluminum
2056 3575 2343 3647 inscriptio

769 3666 1055 3735 profanum
1087 3669 1403 3737 quemlibet,
1464 3670 1661 3723 nedum
1699 3670 1994 3733 initiatum,
2052 3670 2117 3723 ad
2144 3670 2343 3725 lectio-

772 3774 893 3813 nem
957 3760 1283 3814 audiendam
1340 3760 1549 3815 invitet.
1622 3759 1823 3825 Veluti,
1876 3761 2111 3830 exempli
2153 3777 2341 3828 causa,

769 3849 973 3921 Moysis
1008 3851 1253 3920 quinque
1303 3852 1449 3913 libri,
1504 3852 1555 3905 id
1605 3862 1712 3918 est,
1762 3853 1989 3908 Genesis
2031 3863 2085 3908 et
2128 3854 2343 3923 reliqui,

768 3957 1068 4012 congruam
1108 3943 1270 3996 titulo
1326 3943 1721 3997 continentiam
1759 3954 1925 3998 totam
1985 3944 2188 3999 habent
2216 3961 2345 4000 ora-

772 4032 1047 4101 tionisque
1076 4041 1498 4087 consectaneam
1526 4033 1653 4097 vim,
1683 4042 1736 4088 et
1759 4051 1880 4104 qua}
1898 4051 1998 4089 suo
2023 4046 2347 4105 argumento

767 4123 1121 4187 conveniunt,
1172 4132 1230 4178 ut
1268 4139 1364 4194 par
1406 4135 1509 4188 est,
1551 4136 1798 4181 narrant.
1856 4125 2043 4195 Itaque
2095 4127 2343 4193 Genesis,

768 4229 890 4284 qua:
922 4224 1050 4270 sunt
1080 4232 1343 4285 geneseos
1370 4218 1621 4286 propria;
1656 4217 1893 4283 Exodos,
1922 4236 2041 4288 qua:
2084 4220 2136 4273 in
2169 4222 2347 4275 cxodo

768 4318 899 4362 sunt
934 4318 1183 4377 peracta;
1245 4308 1706 4363 Deuterouomion
1759 4312 2012 4380 denique,
2065 4330 2186 4381 qua:
2234 4315 2347 4384 lege

766 4397 961 4452 iterum
978 4399 1184 4453 sancita
1217 4398 1453 4453 fuerunt.
1487 4398 1817 4455 Posteriores
1841 4418 2057 4471 quoque
2088 4404 2205 4457 libri
2225 4420 2347 4473 pro-

2517 3116 2617 3182 κζ’.
2654 3118 2765 3188 Τῆς
2790 3118 3150 3173 θεοπνεύστου
3190 3121 3416 3191 Γραφῆς
3453 3123 3558 3194 ίδίᾳ
3584 3125 3678 3177 καὶ
3705 3128 3833 3194 παρ’
3862 3128 4041 3197 ἑαυτῇ

2447 3209 2756 3278 τεταγμένη
2808 3210 3013 3277 ἑκάστη
3067 3209 3265 3279 βίϐλος,
3304 3214 3352 3264 εί
3399 3215 3490 3266 καὶ
3520 3216 3656 3284 πρὸς
3686 3216 3780 3269 Eva
3811 3217 3904 3269 τὸν
3933 3218 4045 3286 τῆς

2448 3299 2734 3361 εὐσεϐείας
2772 3299 3035 3368 ἀφορῶσα
3060 3304 3283 3363 σκοπὸν,
3322 3303 3438 3355 ἀλλ’
3470 3301 3564 3357 οῦν
3596 3306 4036 3379 διευκρινημένη

2450 3391 2599 3443 πᾶσά
2622 3392 2770 3443 ἐστιν
2812 3392 2911 3461 τῆς
2942 3392 3046 3444 ἀνά
3078 3393 3241 3463 μέρος
3270 3394 3672 3465 περιληπτικῆς
3698 3398 4038 3463 ὑποθέσεως,

2447 3481 2511 3533 ὲκ
2536 3480 2637 3546 τῆς
2661 3480 2800 3533 κατὰ
2845 3481 2944 3552 τὴν
2977 3482 3312 3552 πραγραφὴν
3343 3485 3638 3553 σημασίας,
3672 3488 3768 3539 σὺν
3821 3487 3899 3557 τῷ
3928 3491 4044 3559 ὅλῳ

2450 3570 2637 3641 σκοπῷ
2671 3571 2773 3641 τῆς
2808 3571 2989 3641 βίϐλου
3010 3572 3349 3644 δηλουμένης
3372 3590 3386 3603 ·
3415 3574 3491 3638 ὡς
3518 3576 3610 3628 καὶ
3636 3578 3701 3629 ὲκ
3740 3578 3911 3647 μόνης
3934 3582 4045 3648 τῆς

2449 3664 2822 3734 προσηγορίας
2858 3665 3093 3735 ἑκάστης
3143 3666 3490 3737 συγγραφῆς,
3526 3669 3617 3722 καὶ
3652 3668 3745 3722 τὸν
3784 3671 4046 3743 ἀμύητον

2448 3756 2584 3824 πρὸς
2612 3754 2876 3825 ἀκρόασιν
2906 3756 3275 3825 ἐπιστρέφειν,
3312 3759 3386 3826 μή
3418 3758 3469 3810 τί
3520 3775 3581 3826 γε
3612 3759 3703 3811 τδν
3738 3765 4042 3837 μεμυημέ-

2448 3862 2569 3899 νονο
2600 3845 2697 3909 ὡς,
2730 3846 2861 3915 φέρε
2883 3848 3079 3912 εἰπεῖν,
3099 3848 3167 3900 τὰ
3196 3849 3337 3903 κατά
3367 3850 3606 3903 Μωῦσέα
3639 3852 3800 3904 πέντε
3828 3853 4043 3922 βιϐλία,

2448 3936 2591 4005 φημὶ
2622 3936 2700 3999 δὲ,
2728 3938 2764 4007 ἦ
2800 3954 2859 3990 τε
2892 3938 3110 4001 Γένεσις
3134 3939 3229 3991 καὶ
3268 3939 3335 3992 τὰ
3362 3939 3547 4006 λοιπὰ,
3583 3942 3937 4011 ἁρμόζουσαν
3967 3952 4045 4018 τῇ

2448 4030 2743 4099 προγραφῇ
2778 4029 2878 4099 τῆν
2904 4028 3113 4083 ἔννοιαν
3138 4030 3290 4099 ὃλην,
3333 4033 3428 4085 καὶ
3453 4033 3551 4103 τὴν
3582 4033 3677 4087 τοῦ
3709 4034 3867 4103 λόγου
3904 4038 4046 4091 σύν-

2446 4119 2643 4189 δρομον
2675 4120 2927 4190 δύναμιν,
2956 4122 3051 4174 καὶ
3091 4122 3160 4175 τά
3194 4124 3314 4176 κατ’
3369 4125 3539 4195 αὐτὴν
3572 4126 3856 4195 πρόσφορα
3901 4146 4048 4199 πρε-

2449 4211 2657 4274 πόντως
2709 4213 3074 4282 παρίστησιν
3130 4215 3164 4284 ἦ
3196 4232 3253 4266 τε
3307 4216 3417 4286 γάρ
3476 4217 3733 4283 Γένεσις,
3791 4221 3891 4272 ὅσα
3932 4223 4047 4291 τῆς

2450 4304 2714 4371 γενέσεως
2760 4299 2830 4375 ῆν
2850 4319 2862 4331 ·
2888 4305 2923 4373 ἦ
2950 4322 3009 4358 τε
3035 4307 3134 4374 τῆς
3165 4307 3394 4374 Ἐξόδου,
3419 4310 3518 4362 ὅσα
3546 4313 3603 4363 ὲν
3626 4314 3691 4381 τῇ
3722 4313 3885 4383 ἐξόδῳ
3934 4318 4049 4369 πέ-

2449 4413 2719 4466 πρακται·
2753 4397 2781 4449 ὅ
2807 4413 2868 4449 τε
2896 4396 3158 4468 Δεύτερος
3185 4401 3348 4469 νόμος
3377 4402 3476 4453 ὅσα
3506 4402 3567 4454 τὸ
3606 4404 3857 4476 δεύτερον
3884 4426 4047 4461 vava-

767 4492 882 4558 prie
919 4500 1105 4559 atque,
1128 4501 1185 4545 ut
1246 4492 1316 4544 ita
1348 4493 1545 4556 dicam,
1576 4504 1783 4546 natura:
1835 4510 1947 4548 suae
1981 4506 2345 4560 congruenter

2452 4488 2771 4557 μοθέτηκεν,
2812 4490 2906 4541 καὶ⁵
2935 4489 3005 4542 τά
3035 4490 3270 4559 καθεξῆς
3294 4492 3510 4557 οίκείως
3533 4512 3591 4546 τε
3624 4498 3717 4549 καὶ
3742 4501 4044 4568 συμφυῶς,

764 4581 1013 4651 inscripti
1067 4582 1237 4637 luere.
1279 4583 1537 4637 Similiter
1570 4586 1622 4639 in
1651 4585 1962 4655 Prophetis,
2026 4589 2077 4641 in
2116 4588 2341 4657 Sapien-

768 4674 1008 4735 tialibns.
1056 4676 1107 4727 in
1170 4675 1376 4743 llegum
1409 4678 1582 4739 libris,
1610 4678 1653 4731 si
1679 4693 1914 4746 qumres,
1952 4679 2157 4734 factum
2185 4697 2339 4735 com-

765 4767 977 4835 pcries;
1019 4767 1204 4822 divino
1240 4768 1445 4838 Spiritu
1491 4772 1630 4825 duce
1659 4771 1713 4824 in
1767 4772 1868 4825 hoc
1896 4790 2136 4842 quoque,
2168 4786 2224 4829 ιιι
2252 4791 2340 4829 ar-

764 4858 955 4922 bitror,
992 4860 1360 4915 sinceritatem
1383 4879 1538 4917 suam
1570 4865 1967 4933 etsapientiatn
2018 4868 2329 4923 exhibente.

767 4947 991 5018 Oportet
1019 4952 1162 5004 enim
1212 4954 1409 5006 mentis
1435 4955 1688 5009 humana:
1722 4959 2063 5026 magistrum,
2091 4975 2153 5012 ea
2210 4975 2332 5028 quze

763 5058 951 5097 sanam
1003 5048 1330 5099 sententiam
1382 5048 1641 5113 elliciunt,
1675 5060 1830 5103 antea
1865 5051 1983 5105 sine
2017 5052 2145 5105 vitio
2176 5053 2332 5106 exhi-

762 5135 923 5200 bere;
959 5146 1018 5190 ttt
1040 5148 1325 5205 postquam
1357 5138 1777 5195 intellectualem
1800 5159 2020 5196 sensum
2048 5145 2335 5198 rectitudi-

763 5225 849 5279 nis
875 5241 987 5280 sua:
1037 5226 1200 5280 homo
1234 5230 1552 5297 gustaverit,
1609 5241 1737 5285 tunc
1789 5247 1971 5286 rerum
2001 5249 2222 5303 quoque
2259 5250 2335 5289 re-

762 5322 1057 5373 motiorum
1084 5322 1283 5374 certior
1314 5324 1425 5374 tiat.

829 5427 919 5481 28.
940 5431 1007 5484 At
1029 5431 1173 5484 enim
1202 5431 1564 5497 deplorandus
1583 5441 1636 5486 et
1655 5432 2027 5502 ineptissimus
2058 5436 2333 5492 Moliame-

760 5520 845 5574 dis
872 5521 1063 5575 Arabis
1108 5522 1351 5581 libellus.
1399 5536 1753 5594 praeterquam
1808 5529 1950 5595 quod
1985 5528 2335 5597 blasphemiis

761 5609 1027 5666 adversus
1057 5612 1395 5668 Altissimutu
1442 5628 1651 5680 scatet,
1698 5634 1820 5671 cum
1862 5620 2009 5672 omni
2055 5620 2329 5674 incondita

2441 4580 2515 4643 ὡς
2549 4583 2744 4645 εἰπεῖν,
2776 4582 3136 4653 περιώρισται
3159 4602 3173 4615 ·
3206 4585 3407 4654 ὁμοίως
3450 4587 3507 4639 δὲ
3534 4588 3639 4641 κάν
3666 4593 3783 4653 ταῖς
3810 4592 4048 4664 Προφῆ-

2439 4672 2630 4737 τείαις,
2666 4674 2766 4731 κάν
2796 4678 2915 4737 ταῖς
2938 4676 3183 4744 Σοφίαις,
3226 4678 3329 4729 κάν
3356 4681 3476 4741 ταῖς
3505 4679 3814 4743 Βασιλείαις
3844 4682 4045 4750 ζητῶν

2440 4764 2712 4833 εὑρήσεις,
2752 4765 2813 4817 τό
2867 4766 3128 4828 ἀπλανὲς,
3177 4762 3352 4837 οἶμαι,
3379 4770 3475 4821 καὶ
3503 4770 3665 4837 σοφὸν
3696 4771 3794 4823 τοῦ
3827 4773 4047 4842 ὁδηγοῦ

2444 4853 2588 4907 θείου
2621 4856 2934 4924 Πνεύματος
2981 4856 3071 4910 τοῦ
3099 4857 3255 4925 λόγου
3290 4860 3391 4911 κάν
3417 4860 3590 4930 τούτῳ
3621 4864 4000 4931 παριστάντος
4028 4887 4046 4899 ο

2437 4947 2517 5000 δεῖ
2548 4949 2654 5018 γὰρ
2684 4950 2774 5001 τὸν
2803 4950 2897 5002 τοῦ
2926 4950 3017 5002 νοῦ
3054 4952 3402 5020 παιδαγωγὸν
3455 4954 3521 5006 τὰ
3558 4956 3895 5026 ὲμποιητικά
3929 4960 4053 5029 τῆς

2438 5040 2709 5101 ἀπλανοῦς
2735 5041 3008 5107 γνώσεως,
3037 5043 3299 5113 πρότερον
3322 5045 3619 5116 ἀλωϐήτως
3644 5052 4047 5121 κοσμήσαντα,

2438 5133 2511 5195 ὡς
2542 5134 2642 5203 τὴν
2670 5134 2865 5204 νοητὴν
2893 5135 3150 5205 αἴσθησιν
3188 5137 3286 5205 τῆς
3313 5137 3521 5201 οἰκείας
3555 5139 3849 5209 ὀρθότητος
3891 5147 4055 5198 ἀττοο

2439 5228 2795 5295 γευσάμενον,
2820 5229 2879 5279 τὸ
2905 5228 3208 5296 τηνικαῦτα
3242 5230 3337 5282 καὶ
3371 5232 3499 5299 περὶ
3532 5233 3639 5283 τῶν
3668 5237 4055 5307 πορῤωτέρων

2439 5317 2899 5372 διαϐεϐαιοῦσθαι.

2510 5437 2616 5508 κη’.
2650 5440 2721 5491 Τὸ
2741 5440 2797 5492 δέ
2828 5458 2890 5507 γε
2918 5440 3186 5494 οἴκτιστον
3220 5442 3313 5495 καὶ
3348 5442 3630 5509 ἀλόγιστον
3661 5442 3755 5495 τοῦ
3789 5444 4056 5513 Ἄραϐος

2440 5532 2682 5600 Μωάμετ
2708 5532 2981 5601 βιϐλίδιον,
3011 5536 3147 5605 μετά
3183 5534 3282 5598 τὰς
3308 5537 3387 5598 εἰς
3420 5536 3510 5586 τὸν
3539 5534 3802 5603 ’Ὕψιστον
3822 5536 4054 5609 δυσφη-

2441 5623 2567 5693 μίας
2604 5625 2906 5694 ἀνάμεστον
2934 5628 3222 5695 τυγγάνον,
3254 5628 3349 5679 σὺν
3391 5626 3546 5700 πάσῃ
3571 5630 3635 5697 τῇ
3667 5628 3905 5698 ἀκόσμῳ
3939 5634 4051 5683 καὶ

834 5764 1195 5852 (Qz‘blendum
1222 5783 1301 5852 est
1336 5771 1564 5827 fortasse
1591 5775 1946 5829 ἀνασπῶσαν·
1994 5788 2048 5830 et
2116 5778 2334 5847 quidem
2376 5779 2445 5833 ita
2486 5783 2743 5837 relectum
2811 5784 2911 5839 luit
2940 5786 2991 5838 in
3027 5785 3218 5840 codice
3248 5802 3275 5839 a
3306 5786 3546 5840 secunda
3624 5803 3812 5852 ntanu,
3874 5792 3966 5843 aln
3990 5816 4022 5847 a

766 5834 842 5889 sis
862 5836 1068 5905 aliquot
1098 5840 1339 5909 syllabis.
