4194 6432
178 465 271 524 ’ῖθό

1324 451 1757 512 REFUTATIO
1791 448 2264 509 MOHAMEDIS.

3321 449 3429 512 706

179 573 496 645 συφερτώδει
544 572 711 625 αὐτοῦ
754 569 1087 642 βδελυγμίᾳ,
1123 568 1244 622 οὐδὲ
1292 570 1382 622 τὸν
1412 569 1552 623 κατὰ
1582 569 1740 633 λόγον

1848 564 2269 619 abominationis
2298 563 2531 619 colluvie
2555 608 2570 629 ,
2614 579 2683 620 ne
2720 573 3036 619 consuetam
3059 563 3280 637 quidem
3314 569 3434 621 vul-

178 672 299 742 [rod.
322 665 646 737 κατάλογον]
672 664 783 716 τῶν
812 663 1005 717 κοινῶν
1030 662 1126 715 καὶ
1152 660 1327 723 ἄλλως
1349 662 1738 731 ἐμφερομένων

178 762 350 829 εἱρμὸν
380 757 683 821 ἀποσώζει·
712 755 835 808 οὔτε
883 756 990 824 γάρ
1027 749 1170 815 εἶδος
1211 753 1546 823 προφητικοῦ
1578 751 1737 816 λόγου

176 854 510 921 παρίστησιν,
556 847 677 900 οὔτε
716 844 1012 916 ἱστορικοῦ,
1045 842 1168 896 οὔτε
1210 843 1584 913 νοειοθετικού,
1616 839 1738 893 οὕτε

177 940 495 1008 θεολογική
528 936 651 990 οὕτε
684 937 843 990 ἄλλου
881 935 1025 997 τινὸς
1057 933 1167 986 τῶν
1201 934 1259 997 ἐξ
1291 932 1460 1003 ὀρθῆς
1499 934 1591 983 καὶ
1622 932 1737 1001 ἐχέ-

176 1052 351 1103 φρονος
387 1032 626 1094 διανοίας
662 1028 1108 1101 προερχομένων,
1154 1026 1271 1080 ἀλλ’
1307 1027 1426 1079 ὅλον
1460 1025 1561 1096 [ita
1600 1025 1739 1098 cod.]

175 1126 397 1189 ἀκοσμὸν
429 1140 486 1175 τε
514 1124 606 1175 καὶ
638 1122 875 1175 ἄτακτον
907 1119 1004 1187 τὴν
1035 1118 1285 1171 σύνθεσιν
1316 1118 1459 1186 ἔχον,
1492 1118 1612 1169 οὐδὲ
1643 1119 1740 1179 τάς

175 1216 526 1286 προκειμένας
554 1213 863 1282 ἐπιγραφὰς
897 1211 1268 1280 καταλλήλους
1298 1213 1412 1273 τοῖς
1442 1209 1742 1278 ὑποκειμέ-

175 1326 268 1369 νοις
287 1308 469 1373 λόγοις
502 1306 615 1374 ἔχει
653 1306 760 1373 (Ill)
783 1322 795 1333 ·
832 1308 879 1356 εἰ
906 1305 962 1355 δὲ
988 1308 1043 1355 ἐν
1081 1298 1161 1364 οἷς
1185 1305 1391 1364 πάντας
1421 1303 1744 1371 ἀνθρώπους

174 1397 383 1459 ἐντελῶς
413 1394 785 1465 κεχρημένους
806 1392 1023 1462 δρῶμεν
1042 1393 1205 1453 αὐτὸς
1229 1393 1605 1454 ἀπολείπεται,
1628 1391 1741 1453 πῶς

173 1490 255 1557 τὴν
282 1490 563 1555 ἀγέρωχον
597 1486 809 1553 ἐκείνην
860 1486 951 1536 καὶ
978 1483 1053 1546 ὡς
1093 1484 1232 1554 ὑπὲρ
1267 1483 1558 1553 ἄνθρωπον
1586 1481 1741 1546 δόξαν

174 1580 420 1631 δοκοῦσαν
476 1577 647 1643 δεῖξαι
687 1578 1000 1647 δυνήσεται.
1058 1579 1118 1629 τὸ
1174 1576 1232 1640 ἐξ
1283 1577 1540 1647 οὐρανοῦ,
1572 1576 1736 1643 λέγω,

173 1675 319 1741 φάναι
352 1672 677 1741 πεπέμφθαι
723 1670 854 1723 αὐτὸ
890 1671 1039 1741 (ll);
1085 1672 1217 1723 ὅπου
1250 1688 1311 1735 γε
1340 1670 1440 1739 τῆς
1466 1671 1741 1741 ἀνθρωπί-

172 1784 255 1833 νης
298 1765 552 1819 τοσοῦτον
585 1764 803 1817 ἀποδέει
865 1765 1154 1824 συνέσεως,
1208 1764 1331 1815 ὅσον
1382 1764 1519 1831 αὑτὴ
1566 1765 1599 1833 ἡ
1631 1764 1739 1816 τῶν

171 1859 367 1923 ἀλόγων
390 1857 490 1924 τῆς
532 1856 758 1924 λογικῆς
804 1854 1089 1924 διώρισται
1121 1854 1333 1923 φύσεως
1354 1871 1368 1885 ο
1395 1859 1523 1925 μήτι
1551 1872 1613 1922 γε
1641 1856 1739 1922 τῆς

1842 660 2052 727 garium
2079 668 2133 711 et
2148 658 2273 711 alibi
2297 660 2627 713 exstantium
2645 659 2973 728 scriptorum
2991 662 3186 715 seriem
3211 669 3393 715 servat
3419 692 3432 725 ε

1845 765 1965 802 nam
2012 765 2187 817 neque
2232 750 2466 818 speciem
2516 751 2818 819 prophetici
2860 754 3134 807 sermouis
3188 752 3431 822 praabet.

1846 854 2023 907 neque
2072 838 2341 901 historici,
2389 856 2564 909 neque
2608 844 2857 911 legiferi,
2900 858 3077 911 neque
3117 844 3432 915 theologiei,

1845 947 2022 998 neque
2057 932 2452 1000 cuiuscemodi,
2484 943 2751 1002 quotquot
2781 936 2992 990 scilicet
3023 950 3051 988 a
3088 951 3216 989 sana
3246 946 3433 990 mente

1845 1022 2146 1091 procedunt
2179 1042 2192 1090 ;
2233 1024 2324 1078 sed
2364 1025 2563 1092 ubique
2596 1027 2900 1080 inornatam
2935 1027 3095 1081 habet
3130 1039 3185 1080 et
3208 1039 3429 1096 pertur-

1848 1113 2027 1167 batam
2069 1131 2293 1183 prorsus
2323 1116 2772 1186 compositionem
2803 1135 2819 1182 ;
2847 1130 2899 1171 et
2930 1134 2995 1173 ne
3031 1118 3179 1188 ipsos
3209 1120 3429 1187 quidem

1847 1205 2165 1275 praepositos
2193 1207 2381 1262 titulos
2420 1208 2679 1277 subjecta:
2709 1208 2941 1262 orationi
2975 1209 3290 1265 cool‘ormes
3334 1212 3433 1265 ad-

1847 1293 2012 1348 hibet.
2056 1296 2112 1349 Si
2141 1310 2270 1365 ergo
2300 1298 2351 1350 in
2383 1314 2441 1351 re
2464 1339 2477 1360 ,
2510 1316 2674 1367 quam
2708 1316 2901 1354 omnes
2928 1302 3175 1356 homines
3218 1305 3433 1373 egregie

1846 1390 2040 1443 callere
2071 1390 2340 1455 videmus,
2381 1391 2726 1447 Mohamedcs
2769 1406 2954 1463 peccat
2984 1413 2997 1460 ;
3038 1400 3316 1466 quomodo
3346 1398 3430 1451 in-

1846 1482 2109 1534 soli-mem
2139 1481 2304 1545 illam,
2338 1492 2389 1537 et
2412 1499 2533 1552 quae
2563 1501 2725 1555 supra
2758 1486 3033 1540 hominem
3062 1490 3248 1541 extolli
3284 1490 3435 1542 vidc-

1848 1585 1951 1637 tur,
2004 1573 2313 1641 opinionem
2341 1584 2611 1631 ostentare
2636 1578 2849 1643 poterit,
2880 1579 3025 1647 quod
3051 1578 3117 1633 de
3140 1580 3307 1645 ccelo,
3344 1580 3433 1633 iu-

1844 1680 2028 1733 quam,
2046 1663 2181 1719 liber
2205 1667 2291 1720 ille
2315 1668 2589 1723 demissus
2612 1670 2709 1723 sit?
2728 1670 2819 1739 qui
2841 1680 3119 1739 tantopere
3142 1671 3211 1725 ab
3241 1670 3437 1725 huma-

1847 1772 1914 1809 na
1955 1760 2218 1826 sapientia
2260 1760 2449 1824 abest,
2504 1770 2766 1830 quantum
2813 1763 3094 1816 brutorum
3148 1776 3342 1817 natura
3398 1780 3428 1816 a

1847 1850 2094 1904 rationali
2143 1853 2358 1907 distat:
2418 1855 2616 1906 nedum
2665 1855 2733 1905 ab
2785 1855 2873 1907 illa
2922 1856 3335 1923 incomparabili
3378 1865 3432 1907 et

170 1951 584 2019 ἀκαταμαχήτου
622 1948 835 2017 ἐκείνης
870 1948 964 1999 καὶ
1001 1947 1139 2017 ὑπὲρ
1171 1948 1296 1999 νοῦν
1351 1948 1532 2017 ἰσχύος
1556 1963 1615 1998 τε
1648 1946 1741 1998 καὶ

1843 1959 2004 2013 supra
2054 1961 2272 2000 omnem
2328 1956 2561 2001 mentem
2597 1948 2797 2000 virtute
2834 1957 2996 2016 atque
3045 1948 3335 2018 sapientia.
3370 1947 3426 2003 in

171 2042 365 2109 σοφίας,
396 2044 492 2095 καὶ
591 2042 789 2101 πάντες
819 2042 958 2091 είσὶν
1005 2041 1054 2091 οἱ
1105 2039 1371 2108 θησαυροὶ
1415 2039 1516 2108 τῆς
1548 2039 1741 2107 σοφίας

168 2135 250 2182 καὶ
270 2130 522 2197 γνώσεως
556 2131 862 2199 ἀπόκρυφοι
884 2145 898 2158 ’
932 2129 1009 2181 ὅτ’
1044 2128 1109 2181 ἂν
1140 2131 1248 2199 γάρ
1278 2129 1340 2181 τὸ
1364 2128 1738 2198 σπουδαζόμε-

168 2240 246 2273 νον
299 2223 448 2290 αὐτῷ
500 2223 595 2273 τὸν
648 2221 781 2273 Θεὸν
842 2220 999 2273 τοῦτο
1047 2221 1274 2291 γράψαι,
1317 2220 1373 2285 ἐξ
1412 2214 1487 2273 ὧν
1509 2221 1739 2290 γράφειν

170 2315 503 2383 παραστῆσαι
525 2315 585 2366 οὗ
612 2312 859 2374 δύναται,
899 2313 1050 2377 πότε,
1078 2315 1171 2365 καὶ
1196 2312 1331 2375 πῶς,
1374 2313 1484 2365 εἴτε
1522 2315 1579 2366 ὲν
1605 2314 1737 2381 ὁρά-

170 2423 261 2471 σει,
291 2407 397 2458 εἴτε
433 2406 568 2477 ἄλλῃ
594 2407 702 2457 τινὶ¹
738 2404 1047 2476 θεοφανείᾳ,
1079 2405 1174 2457 καὶ
1208 2405 1369 2456 τίνων
1388 2407 1730 2476 μαρτυρούν-

167 2516 279 2559 των,
340 2500 416 2561 ὡς
478 2500 533 2551 αἱ
591 2500 717 2567 περὶ
768 2499 1005 2551 Μωῡσὲα
1056 2497 1273 2559 πλείους
1310 2497 1417 2549 τῶν
1441 2481 1756 2563 ἑξακοσίων

167 2592 385 2659 χιλιάδες
409 2609 422 2621 ·
459 2593 514 2643 ὲν
541 2592 763 2661 στήλαις
786 2592 843 2644 δέ
873 2608 934 2657 γε
965 2589 1033 2643 αὖ
1061 2591 1353 2661 ἐγράφετο,
1376 2591 1452 2652 ὡς
1482 2595 1538 2644 ὲν
1565 2592 1738 2661 πέτρᾳ

164 2683 187 2730 ὁ
222 2683 292 2749 τῷ
344 2685 571 2735 Μωῦσεῖ
603 2682 883 2751 δεδομένος
942 2682 1141 2750 νόμος·
1200 2683 1363 2745 αὐτὸς
1412 2682 1519 2753 γὰρ
1565 2683 1739 2745 οὓτως

167 2773 334 2837 φησιν,
370 2772 455 2823 ὅτι
490 2772 755 2840 ἀγράφως
784 2770 917 2822 αὐτὸ
971 2771 1209 2834 sagax-:0,
1262 2772 1384 2824 οὐδὲ
1417 2773 1474 2824 ἐν
1506 2774 1733 2841 χαρτίῳ,

163 2862 271 2913 οὐοὲ
299 2864 354 2914 ἐν
380 2864 530 2932 ἔργῳ
562 2862 763 2931 χειρῶν
788 2861 1092 2931 ἀνθρώπων
1120 2862 1234 2926 (12)
1255 2878 1267 2892 ⁶
1298 2863 1448 2931 φόϐῳ
1478 2865 1633 2930 δῆλον
1654 2867 1734 2917 ὃτι

162 2953 244 3004 τοῦ
280 2955 651 3023 ἀπαιτηθέντα
687 2954 853 3018 δεῖξαι
888 2954 962 3024 μὴ
997 2954 1293 3007 δύνασθαι*
1343 2956 1420 3007 ὅτ’
1452 2955 1517 3008 ἂν
1548 2958 1736 3023 σοφίας

163 3047 328 3113 πάσης
367 3045 520 3107 θείας
550 3062 609 3097 τε
654 3047 748 3097 καὶ
778 3045 1125 3114 ἀνθρωπίνης
1160 3046 1451 3116 ἐστέρηται
1474 3063 1487 3077 ⁸
1525 3048 1620 3099 καὶ
1674 3048 1736 3097 τὸ

161 3136 215 3205 δὴ
248 3137 645 3206 χαλεπώτερον,
702 3137 780 3188 ὅτ’
806 3136 873 3189 ἂν
904 3138 1199 3189 ἀπεοικὸτα
1260 3140 1356 3190 καὶ
1419 3138 1596 3205 πάντη
1632 3141 1729 3206 τῆς

1840 2052 1947 2105 qua
1972 2052 2166 2091 omnes
2197 2048 2326 2091 sunt
2359 2041 2600 2093 thesauri
2630 2041 2909 2110 sapientiae
2947 2050 3001 2095 et
3035 2042 3276 2097 scientiae
3299 2042 3430 2096 abs-

1839 2128 2068 2182 conditi.
2099 2128 2549 2196 Quandoquidem
2577 2134 2887 2185 conlectum
2916 2149 2943 2184 a
2973 2149 3030 2186 se
3058 2149 3213 2200 opus,
3253 2133 3420 2187 Deum

1839 2219 2150 2288 scripsisse,
2188 2238 2252 2274 ex
2286 2222 2369 2275 his
2404 2237 2525 2290 qua:
2554 2222 2776 2287 scribit,
2811 2224 3040 2291 probare
3071 2240 3177 2276 nou
3229 2234 3427 2292 potest,

1838 2320 1892 2364 et
1926 2313 2295 2380 quanduuaui,
2321 2324 2371 2367 et
2401 2314 2697 2383 quomodo,
2731 2325 2784 2367 et
2812 2332 2937 2368 num
2971 2317 3200 2380 visione,
3234 2336 3300 2369 an
3324 2319 3428 2371 alia

1839 2403 2022 2472 aliqua
2053 2402 2146 2458 Dei
2182 2407 2543 2473 apparitione.
2579 2418 2630 2459 et
2659 2409 2859 2475 quibus
2880 2410 3129 2472 testibus,
3164 2411 3307 2463 sicut
3338 2411 3427 2464 illa

1838 2495 1994 2550 fuere
2024 2496 2167 2551 circa
2200 2498 2444 2568 Moysen]
2488 2508 2741 2553 sexcenta
2781 2510 2834 2553 et
2874 2501 3108 2566 amplius
3144 2502 3427 2555 hominum

1840 2587 2007 2642 millia
2042 2605 2056 2652 ;
2111 2600 2163 2643 et
2210 2599 2389 2643 utrum
2426 2590 2479 2643 in
2534 2591 2729 2646 tabulis
2764 2593 3024 2661 scriptum
3049 2592 3231 2657 fuerit,
3266 2602 3323 2647 ut
3375 2594 3429 2647 in

1841 2688 1986 2746 petra
2032 2679 2199 2750 Moysi
2242 2682 2367 2733 data
2408 2681 2532 2745 lex;
2576 2681 2687 2734 imo
2736 2683 2854 2751 ipse
2894 2684 3026 2737 dicit
3065 2684 3183 2737 sine
3228 2685 3432 2753 scripto

1836 2770 2141 2823 doctrinam
2191 2774 2490 2839 accepisse,
2528 2788 2704 2841 neque
2740 2774 2793 2825 iu
2828 2776 3021 2827 charta
3047 2785 3134 2828 aut
3174 2775 3432 2829 humanae

1840 2876 2033 2913 manus
2074 2862 2331 2928 opilieio;
2382 2861 2580 2915 timens
2612 2863 2730 2916 sine
2775 2864 2942 2918 dubio
2968 2904 2982 2927 ,
3024 2881 3091 2917 ne
3134 2870 3426 2920 ostendere

1839 2953 2144 3019 postulatus
2174 2968 2279 3003 non
2302 2961 2483 3019 posset
2511 2971 2524 3016 ;
2560 2955 2841 3023 quoniam,
2875 2956 3121 3025 inquam,
3153 2959 3418 3027 sapientia

1838 3044 2080 3112 qualibet
2110 3043 2291 3097 divina
2327 3056 2380 3101 et
2410 3045 2648 3099 Innuaua
2686 3046 2731 3100 is
2768 3047 2901 3099 liber
2932 3057 3083 3101 caret
3114 3064 3129 3112 ;
3165 3050 3421 3117 quodque

1839 3134 2059 3203 gravius
2101 3143 2206 3195 est,
2259 3135 2476 3204 indigna
2530 3150 2755 3205 prorsus
2801 3136 2954 3191 beata
2996 3137 3085 3191 illa
3123 3139 3418 3207 divinaque

162 3197 422 3298 μακαρίας
456 3197 671 3297 ἐκείνης
694 3230 786 3281 καὶ
810 3228 957 3291 θείας
984 3227 1198 3296 φύσεως
1227 3229 1354 3294 ξένα
1383 3247 1440 3281 τε
1466 3230 1561 3283 καὶ

1837 3233 2051 3289 natura,
2090 3234 2145 3279 et
2173 3235 2433 3280 extranea
2466 3238 2629 3297 atque
2662 3228 2863 3293 aliena,
2897 3230 3007 3282 imo
3036 3230 3199 3283 etiam
3234 3232 3425 3285 adven-

159 3338 291 3389 τρια,
327 3322 531 3391 μᾶλλον
578 3321 634 3374 δὲ
688 3321 943 3391 πολέμια,
981 3321 1150 3383 ἀδεῶς
1190 3322 1596 3391 καταψεύδηται
1623 3341 1635 3354 ·
1676 3323 1728 3374 τί

158 3413 254 3483 γὰρ
283 3414 688 3483 πολεμιώτερον
740 3415 805 3482 τῇ
864 3412 999 3465 Θεοῦ
1053 3414 1374 3484 ἀγαθότητι,
1420 3414 1515 3468 τοῦ
1550 3414 1729 3483 λέγειν

158 3508 303 3558 αὐτὸν
330 3507 548 3577 χαίρειν
575 3509 641 3575 τῇ
666 3506 776 3558 τῶν
805 3505 1109 3576 ἀνθρώπων
1139 3507 1405 3577 ἀπωλείᾳ,
1452 3510 1547 3561 καὶ
1598 3510 1726 3577 παρ’

157 3600 291 3651 οὐδὲν
325 3599 575 3651 τίθεσθαι
623 3599 723 3669 τὴν
746 3598 924 3650 αὐτῶν
957 3598 1307 3668 καταφθοράν
1334 3617 1348 3663 ;
1381 3600 1500 3653 τίνα
1540 3602 1727 3671 ἀντίρ-

159 3692 300 3757 ρησιν
331 3692 529 3758 ἱκανὴν
552 3693 917 3759 παραστήσει,
959 3689 1033 3759 μὴ
1070 3691 1191 3758 οὐχὶ
1239 3690 1339 3758 τῆς
1388 3692 1725 3753 ἀπευκταίας

155 3779 330 3832 τούτου
359 3776 501 3852 εἶναι
534 3781 628 3830 καὶ
657 3777 1044 3846 δαιμονιώδους
1069 3779 1331 3847 ὲμπνοίας
1356 3796 1370 3842 ;

218 3871 315 3926 ιϐ’.
350 3871 530 3941 Τριχῆ
587 3864 682 3923 οὖν
727 3867 1142 3936 διακεκριμένοι
1194 3869 1468 3938 πρακτέου
1525 3870 1724 3932 παντὸς

156 3963 239 4013 καὶ
260 3960 441 4027 λόγου,
467 3962 550 4024 εῐς
570 3976 630 4012 τε
662 3960 781 4011 θεῖα
802 3958 895 4010 καὶ
920 3957 1234 4027 ἀνθρώπινα
1259 3959 1351 4009 καὶ
1372 3957 1721 4026 δαιμονιώόη,

154 4054 249 4106 τῶν
276 4053 368 4106 δύο
418 4051 787 4122 ἐστερημένος
810 4050 839 4101 ὁ
881 4049 1087 4118 Ἄραψ,
1137 4048 1280 4101 θείου
1318 4066 1399 4113 τε,
1434 4052 1597 4119 φημὶ,
1635 4052 1723 4104 καὶ

155 4145 509 4215 ἀνθρωπίνου,
533 4147 613 4206 εἰς
634 4143 695 4207 τὸ
715 4143 897 4212 τρίτον
922 4140 983 4205 ἐξ
1011 4141 1255 4209 ἀνάγκης
1286 4143 1719 4211 περιενήνεκται·

152 4240 223 4291 ὅτι
248 4240 299 4292 δὲ
332 4240 471 4312 πρὸς
500 4238 580 4308 τῷ
603 4234 927 4305 ἐστερῆσθαι
953 4234 1103 4297 θείας
1139 4233 1478 4303 ἐλλάμψεως,
1504 4236 1598 4288 καὶ
1625 4235 1722 4305 τῆς

153 4332 491 4401 ἀνθρωπίνης
553 4328 746 4394 σοφίας
796 4327 1175 4395 ἀποδεδέηται,
1236 4326 1487 4379 ἐντεῦθεν
1537 4327 1600 4397 δὴ
1630 4330 1723 4380 καὶ

154 4423 468 4494 πολλαχόθεν
516 4421 785 4491 ἑτέρωθεν
825 4419 1059 4489 φανερόν
1085 4435 1099 4449 ο
1142 4419 1517 4489 ήάνθρωπίνη
1562 4421 1722 4489 σοφία

1834 3319 2032 3378 santia,
2067 3318 2333 3386 intrepide
2365 3319 2629 3372 mentitur
2655 3335 2669 3382 ;
2694 3320 2823 3389 quid
2858 3321 3002 3375 enim
3032 3323 3203 3390 ubrgis
3230 3325 3423 3376 adver-

1834 3419 1989 3463 satur
2025 3407 2115 3461 llei
2146 3410 2391 3473 bonitati,
2428 3426 2591 3479 quam
2618 3411 2799 3465 dicere
2835 3413 3011 3481 ipsum
3043 3414 3211 3468 laetati
3240 3414 3419 3468 homi-

1834 3516 1959 3554 num
2002 3500 2325 3569 perditione,
2363 3512 2417 3555 et
2461 3502 2679 3556 illorqu
2727 3505 2937 3558 ruinam
2993 3505 3145 3559 ﬂocci
3188 3506 3364 3561 facere
3399 3510 3422 3561 ?

1828 3595 2106 3660 quomodo
2134 3593 2243 3655 bir,
2261 3594 2507 3663 inquam,
2533 3595 2869 3650 exsecranda
2893 3612 2951 3652 sc
2972 3596 3420 3669 datmoniaeoque

1828 3685 2021 3753 spiritu
2061 3684 2301 3737 alllatum
2337 3686 2554 3755 negabit
2584 3687 2607 3739 ’ἔ

1896 3858 1984 3913 29.
2014 3858 2151 3913 Cum
2183 3875 2312 3928 ergo
2338 3861 2601 3931 quidquid
2642 3861 2947 3917 faciendum
2980 3875 3063 3919 est
3109 3866 3188 3920 vel
3223 3868 3411 3922 dicen-

1827 3951 1977 4014 dum,
2010 3953 2062 4006 in
2101 3954 2203 4007 tria
2229 3954 2524 4018 dividatur,
2565 3971 2757 4024 nempe
2780 3958 3043 4021 divinum,
3081 3961 3409 4022 humanum,

1824 4052 1877 4095 et
1909 4045 2301 4097 durmouiacum
2341 4063 2355 4109 ;
2389 4046 2603 4100 duobus
2640 4047 2932 4101 destitutus
2968 4049 3142 4102 Arabs
3164 4091 3178 4114 ,
3205 4050 3411 4115 divino.

1827 4136 2071 4205 inquam,
2096 4144 2150 4189 et
2178 4136 2417 4190 humano
2450 4137 2734 4203 instinctu,
2761 4139 2826 4192 ad
2855 4138 3069 4191 tertium
3103 4143 3415 4195 necessario

1823 4225 2112 4281 devolutus
2144 4234 2247 4280 est.
2283 4226 2533 4281 Profecto
2564 4228 2707 4296 quod
2765 4229 2952 4281 divino
2981 4228 3185 4283 lumine
3220 4232 3413 4287 Imma-

1826 4335 2004 4389 naque
2056 4320 2324 4389 sapientia
2360 4322 2619 4385 caruerit,
2672 4322 2725 4375 in
2769 4322 3023 4377 confesso
3060 4333 3184 4388 est;
3217 4340 3281 4381 ex
3326 4326 3414 4380 di-

1823 4415 2012 4469 cendis
2052 4428 2256 4478 autem,
2290 4424 2343 4468 et
2393 4432 2535 4484 saepe
2576 4417 2797 4471 aliunde
2843 4426 3100 4485 patescet.
3157 4417 3411 4474 Humana

151 4516 254 4585 ἢτοι
283 4516 548 4583 θεολογεί,
584 4513 616 4583 ἢ
646 4514 975 4582 φυσιολογεῖ,
1010 4512 1128 4582 ἦτοι
1156 4511 1490 4578 ἡθικεύεται,
1516 4512 1547 4581 ἦ
1584 4514 1723 4566 ἱστο-

1835 4506 2096 4574 sapientia
2122 4506 2203 4558 vel
2234 4521 2319 4558 res
2359 4506 2691 4576 theologieas
2724 4516 2937 4573 tractat,
2983 4508 3064 4563 vel
3108 4511 3410 4575 naturales,

153 4606 301 4675 ρεῖ,ή
338 4623 395 4657 τι
428 4602 678 4656 τοιοῦτον
700 4620 715 4634 ο
770 4603 863 4655 καὶ
910 4599 1081 4655 ταῦτα
1114 4601 1406 4669 ἀξιολόγως
1428 4618 1442 4632 ο
1477 4605 1505 4655 ὁ
1556 4603 1613 4655 δὲ
1653 4605 1717 4672 δὴ

150 4696 321 4750 τούτου
352 4697 448 4750 τοῦ
481 4697 656 4765 λήρου
686 4694 971 4763 ὑφηγητὴς
996 4694 1345 4763 γράμματος,
1390 4694 1499 4747 οὐδ’
1528 4695 1719 4748 ὁποτέ-

151 4803 237 4854 ρας
273 4788 515 4849 εὐκλεῶς
546 4785 879 4854 εὐμοιρήσας
932 4784 1036 4835 κᾶν
1072 4786 1364 4854 προγραφῇ
1394 4781 1716 4849 κατατάξαι,

148 4876 177 4946 ἦ
206 4879 291 4930 καὶ
318 4877 668 4949 βατταρίζων
700 4892 815 4938 πως
841 4874 1171 4945 περιηνέχθη
1193 4878 1272 4937 εἰς
1297 4876 1396 4945 μὲν
1416 4875 1716 4943 θεολογίαν,

148 4968 552 5040 ταύτηνξέρρηξε
573 4966 797 5036 (15)·εὴν
814 4965 971 5019 ἀθεον
983 4966 1186 5035 φωνὴν,
1201 4966 1282 5018 ὅτι
1299 4966 1587 5036 σφαιρικόν
1601 4969 1715 5021 ἐστι

206 5193 310 5265 (ιθ)
350 5195 458 5250 Res
487 5200 611 5250 lucc
641 5210 765 5250 eum
795 5212 887 5265 per
912 5210 970 5250 se
1002 5205 1149 5269 patet
1172 5196 1719 5269 Aleoranuiulegeii-

148 5264 298 5338 tibus,
345 5277 460 5338 tum
509 5269 680 5321 etiam
724 5264 1175 5321 animadvertitur
1223 5269 1289 5338 ad
1336 5283 1449 5321 sur.
1494 5264 1616 5335 XII,
1659 5287 1711 5338 p.

148 5334 261 5411 360,
292 5338 379 5411 u_bi
412 5336 726 5392 Maraecius
754 5339 1026 5411 observat,
1065 5338 1221 5391 titulo
1248 5337 1367 5407 ejus
1399 5355 1565 5406 sura},
1594 5334 1714 5411 quur

147 5417 218 5483 est
236 5409 295 5483 de
308 5407 587 5483 Josepho,
608 5408 932 5483 respondere
954 5418 1351 5483 argumentunl
1366 5424 1524 5483 suum
1544 5429 1558 5477 ;
1578 5407 1715 5483 quod

148 5477 236 5533 vix.
271 5478 464 5547 inquit,
504 5480 621 5531 alia
659 5480 770 5531 ulla
798 5480 850 5530 in
882 5496 1010 5531 sura
1027 5477 1285 5547 reperias.
1310 5477 1448 5534 Tum
1477 5477 1617 5536 idem
1649 5485 1714 5536 ad

148 5495 236 5533 tu.
271 5495 319 5530 In
364 5495 464 5540 uit,
504 5495 621 5531 ana
659 5495 770 5531 uua
798 5495 850 5530 ιιι
882 5496 1010 5531 sura
1035 5495 1285 5547 reperias.
1320 5495 1448 5534 tum
1477 5495 1617 5536 luem
1649 5495 1713 5536 ad

148 5495 547 5609 suranrleX,
582 5564 632 5617 p.
678 5549 803 5609 555,
838 5551 1161 5615 reprehensa
1195 5552 1386 5603 iterum
1434 5552 1713 5607 titulorum

148 5618 205 5667 ab
232 5621 571 5687 argumentis
610 5619 966 5681 dissonantia,
1005 5622 1121 5673 ait:
1175 5619 1482 5674 Excusundi
1520 5624 1715 5676 nihilo-

149 5689 298 5743 minus
324 5700 447 5744 sunt
486 5689 758 5753 Mosleim',
780 5692 903 5756 quia
925 5706 1038 5743 cum
1058 5690 1234 5742 nullus
1246 5707 1403 5760 prope
1430 5695 1713 5747 rersirulm

148 5773 249 5809 runt
289 5764 393 5814 alio
442 5761 738 5824 coalescat,
784 5761 1109 5826 impossibile
1152 5777 1366 5829 prorsus
1406 5776 1517 5815 erat
1554 5765 1713 5817 alicui

149 5842 267 5903 iure
286 5841 661 5903 argumentum
675 5833 981 5884 conveniens
997 5844 1044 5885 et
1069 5832 1404 5900 udwquatum
1425 5836 1713 5903 prwﬁgere.

152 5895 366 5958 Prorsus
387 5905 493 5959 hac
518 5902 813 5958 barbarica
837 5904 1087 5958 Alcurani
1116 5895 1385 5973 farragine
1411 5895 1721 5961 nulla-c'suut

1826 4600 1904 4653 vel
1929 4599 2185 4661 morales,
2214 4600 2297 4652 vel
2321 4599 2557 4667 denique
2587 4599 2896 4659 historicas.
2920 4602 3002 4655 vel
3032 4603 3178 4657 aliud
3214 4604 3407 4674 hujus-

1823 4692 1990 4758 modi,
2042 4705 2094 4746 et
2141 4693 2360 4762 quidem
2407 4695 2549 4747 serio
2590 4708 2654 4747 ac
2702 4694 3071 4750 laudabiliter.
3123 4696 3228 4751 Sed
3263 4699 3408 4752 enim

1822 4783 1982 4853 hujus
2015 4784 2311 4853 nugatoria:
2353 4785 2639 4853 scriptura:
2687 4797 2915 4850 auctor,
2951 4788 3101 4841 nullo
3140 4791 3410 4858 praedictae

1821 4875 2062 4930 scientia:
2105 4891 2300 4945 genere
2348 4876 2671 4942 instructus,
2702 4879 2773 4930 ita
2826 4889 2883 4932 ut
2930 4880 3120 4933 saltem
3155 4882 3210 4937 in
3250 4884 3410 4938 titulo

1820 4968 2189 5039 exprimeret,
2227 4969 2308 5023 vel
2341 4969 2693 5025 balbutiendo
2720 4971 2941 5040 quidem
2987 4973 3134 5026 illaut
3168 4975 3405 5045 attinge-

1825 5218 2001 5271 scopae
2049 5202 2465 5268 dissolutiores;
2516 5196 2652 5257 nihil
2686 5201 2799 5257 fere
2836 5198 3042 5266 majore
3083 5214 3208 5254 eum
3249 5202 3406 5256 llEdio

1824 5275 2178 5345 stomachove
2204 5275 2398 5345 legitur
2426 5316 2440 5339 ,
2480 5274 2619 5329 nihil
2648 5272 2815 5327 animi
2847 5271 3205 5327 attentionem
3234 5276 3405 5343 magis

1821 5344 2085 5398 infrimzit.

1896 5362 2183 5482 {iiiiglllloc
2230 5415 2447 5484 quidem
2501 5416 2568 5469 de
2619 5414 2892 5470 Alcorano
2925 5415 2991 5467 ad
3034 5427 3092 5467 se
3142 5411 3208 5484 de
3238 5413 3405 5484 caelis

1823 5480 2065 5539 demisso
2105 5480 2447 5541 mendacium
2482 5488 2692 5541 centies
2727 5484 3071 5538 Mohamedes
3099 5480 3292 5535 ell‘utit.

1896 5554 2010 5633 (12)
2037 5556 2237 5633 Confer
2263 5556 2593 5633 Μαι-σιτοῦμαι
2624 5558 2677 5633 in
2701 5555 2815 5633 Vita
2845 5553 3199 5633 aloliainedis,
3226 5568 3276 5633 p_.
3309 5553 3400 5606 58.

1826 5623 2095 5704 ljiinirum
2131 5628 2220 5704 hic
2264 5628 2562 5704 simulabat
2590 5628 2836 5697 singulos
2871 5626 2991 5704 libri
3039 5624 3341 5704 versiculos
3372 5640 3400 5675 a

1826 5693 2077 5769 Gabriele
2094 5698 2422 5768 archangeli)
2447 5714 2531 5753 act
2549 5693 2719 5769 ipere,
2743 5714 2882 5769 quos
2900 5697 3013 5765 ipse
3033 5693 3232 5749 deinde
3255 5708 3403 5747 ama-

1826 5768 2124 5823 nuensibus
2152 5769 2405 5822 dictabat.

1898 5838 2010 5908 (l5)
2042 5836 2170 5894 Sur.
2201 5839 2355 5905 CXII,
2384 5839 2436 5893 2.
