4168 6450
808 427 910 487 707

2041 419 2268 477 NICE'I‘
2276 419 2340 478 1E-
2387 419 2791 480 BYZANTINI

3967 414 4074 479 708

811 547 916 600 ret,
954 531 1314 602 theologicam
1365 530 1504 584 hanc
1539 528 1899 600 irreligiosam
1945 544 2132 582 vocem
2162 529 2390 596 crepuit,

2500 533 2559 583 τὸ
2587 531 2761 591 Θεῖον,
2785 530 2984 601 μᾶλλον
3003 531 3081 596 δὲ,
3109 530 3185 593 ὡς
3214 529 3375 592 αὐτὸς
3403 525 3578 594 εἶπεν,
3610 528 3936 598 ὀλόσφαιρός
3960 530 4070 590 (Η)

807 629 954 700 quod
991 639 1184 694 nempe
1223 622 1368 678 Deus
1407 623 1577 691 ligura
1614 621 1878 690 sphzerica
1913 621 2004 683 sit,
2053 621 2164 674 imo
2208 621 2388 689 potius

806 730 980 774 totum
1021 716 1341 787 sphaeralem
1378 715 1544 767 Deum
1577 713 1736 777 dixit,
1775 720 1975 783 putans
2005 729 2130 766 eum
2165 727 2388 781 prorsus

806 827 926 866 csse
952 824 1270 877 corporeum
1301 824 1316 874 ;
1355 823 1527 876 neque
1554 807 1700 860 enim
1731 807 1888 859 aliter
1913 804 2138 873 sphtcra:
2163 806 2387 874 ﬁguram

805 901 1092 969 reciperet.
1146 899 1265 954 Jam
1311 899 1783 953 cum'materialis
1828 898 2039 966 sphaera
2091 898 2388 952 secundum

806 995 1182 1048 Mobamcdcni
1209 993 1349 1047 Deus
1372 996 1462 1055 sit,
1484 993 1530 1048 is
1551 994 1768 1061 quidem
1800 1007 1974 1061 neque
1989 991 2196 1058 audiet,
2217 1007 2393 1062 neque

805 1097 1012 1150 cernet,
1050 1087 1506 1150 intellectualiter,
1554 1086 1777 1154 inquam
1809 1101 1822 1148 ;
1867 1100 2043 1154 neque
2076 1085 2207 1138 item
2247 1096 2392 1154 aget,

808 1179 856 1234 si
882 1180 1104 1248 quando
1132 1179 1200 1232 ab
1231 1179 1340 1231 alio
1373 1180 1698 1241 movebitur,
1734 1178 2112 1247 praecipueque
2134 1177 2391 1232 deorsum

804 1269 1162 1324 stolidissime
1179 1270 1471 1322 deleretur.
1501 1269 1722 1338 Ignosce
1746 1268 1900 1334 mihi,
1926 1267 2090 1330 Deus,
2117 1266 2396 1322 Mohame-

803 1360 890 1414 dis
949 1363 1273 1413 sententiam
1327 1361 1562 1425 dicenti,
1614 1375 1927 1430 quanquam
1977 1361 2156 1430 potius
2202 1373 2392 1416 contra

805 1449 984 1518 ipsum
1037 1452 1302 1518 loquenti.
1349 1449 1509 1515 Quod
1540 1451 1585 1505 si
1623 1456 1760 1505 lorte
1795 1452 1972 1520 ipsum
2019 1451 2217 1506 cmlum
2263 1453 2396 1505 dicit

808 1542 1001 1604 Deum,
1034 1544 1176 1596 sicut
1202 1544 1358 1596 multi
1393 1545 1736 1598 ethnicorum
1771 1542 1997 1597 fabulati
2028 1553 2183 1608 sunt,
2216 1543 2395 1599 adhuc

805 1647 930 1684 γει-ο
976 1648 1073 1685 nos
1103 1631 1342 1686 diximus
1389 1633 1786 1685 daemoniacum
1835 1647 1956 1687 esse
1991 1631 2391 1687 Moliamcdeir.

802 1721 1163 1793 I’hysiologite
1210 1725 1430 1793 insuper
1479 1726 1558 1778 vel
1603 1725 1737 1777 nihil
1789 1725 2015 1778 omnino
2061 1725 2260 1791 novit;
2311 1727 2394 1780 vel

804 1831 926 1867 cum
965 1831 1084 1868 eam
1121 1816 1360 1873 salutare
1392 1817 1458 1870 de
1490 1819 1676 1871 limine
1719 1820 1922 1884 audet,
1953 1833 2017 1872 en
2051 1818 2185 1872 dicit
2210 1817 2392 1872 homi-

806 1924 928 1962 nem
963 1926 1026 1962 ex
1066 1909 1318 1962 hirudine
1357 1925 1478 1964 esse
1508 1909 1710 1964 factum
1739 1926 1753 1975 ;
1787 1919 1842 1965 et
1870 1911 2040 1966 solem
2071 1911 2125 1965 in
2156 1913 2386 1966 calidam
2428 1904 2466 1957 Β

803 2015 998 2068 aquam
1024 2002 1323 2072 subinergi,
1349 2018 1470 2057 cum
1504 2003 1571 2056 ad
1603 2019 1882 2073 vesperam
1915 2004 2153 2060 devenit.
2183 2005 2302 2060 Iam
2339 2006 2390 2060 in

806 2109 864 2148 re
912 2097 1102 2149 morali
1146 2097 1276 2165 quid
1302 2098 1424 2152 ait?
1470 2097 1780 2152 Satisfacite
1823 2100 2114 2154 animabus
2139 2101 2337 2156 vestris
2377 2119 2392 2166 ;

803 2186 950 2240 odite
973 2190 1291 2256 quemlibet,
1327 2200 1489 2258 prout
1517 2190 1606 2244 ille
1636 2206 1731 2245 vos
1766 2191 1960 2245 oderit.
1985 2190 2141 2257 Quod
2175 2207 2303 2246 vero
2324 2193 2393 2246 ad

805 2280 1088 2333 Insioriau.
1111 2282 1322 2345 attinet,
1349 2291 1553 2352 quanta
1583 2282 1650 2337 de
1675 2283 1880 2354 Moyse,
1905 2293 1960 2338 et
1983 2287 2047 2337 de
2072 2285 2191 2352 ipso
2209 2283 2395 2338 Domi-

806 2389 874 2426 no
907 2382 1093 2428 nostro
1114 2373 1240 2430 Jesu
1271 2375 1492 2430 Christo
1516 2379 1775 2431 mentitur
1807 2377 1831 2431 ‘I
1869 2377 2024 2446 quasi
2054 2377 2167 2432 haec
2194 2378 2276 2432 vel
2299 2378 2391 2432 illa

805 2465 996 2519 l'ecciit
1044 2477 1137 2521 aut
1182 2468 1397 2523 locutus
1447 2468 1658 2534 fuerit;
1713 2485 1837 2539 quae
1874 2469 2126 2524 videlicet
2167 2469 2394 2540 legendo

803 2557 1156 2624 cognoscitis.
1200 2557 1336 2611 Nam
1382 2559 1591 2613 Christi
1651 2558 1876 2615 Matrem
1947 2575 2195 2614 sororem
2270 2575 2394 2616 esse

803 2646 1006 2717 Moysis
1047 2649 1197 2712 dicit,
1227 2659 1281 2704 et
1317 2649 1662 2705 Christianos
1702 2667 1826 2706 cum
1865 2651 2049 2722 Moyse
2076 2652 2129 2705 in
2173 2651 2394 2707 deserto

801 2750 1068 2791 versatos.
1099 2739 1165 2791 Et
1204 2754 1270 2793 nc
1310 2751 1506 2794 cuncta
1545 2757 1693 2796 nunc
1729 2757 2080 2801 enumerans.
2123 2743 2236 2796 haec
2275 2742 2394 2796 sine

803 2828 1272 2886 demonstratione
1293 2833 1690 2903 reprehendere
1711 2836 1916 2900 videar,
1944 2850 2006 2888 ea
2029 2834 2391 2888 conlutationi

803 2931 991 2989 postea
1023 2938 1148 2976 cum
1187 2923 1280 2978 Dei
1316 2927 1490 2992 gratia
1525 2925 1788 2981 facienda:
1814 2927 2127 2980 reservabo.
2172 2925 2392 2980 Interim

801 3027 1034 3069 eatenus
1065 3026 1275 3069 tantum
1304 3028 1574 3086 quatenus
1595 3033 1734 3086 opus
1759 3028 1877 3071 erat
1902 3018 1972 3070 ob
1993 3017 2391 3071 ostemlendum

802 3109 986 3163 divina
1047 3111 1396 3178 humanaque
1440 3112 1706 3179 sapientia
1782 3126 2010 3164 vacuam
2082 3109 2258 3164 fuisse
2299 3125 2392 3164 su-

2495 628 2642 677 ἐστιν
2675 625 2701 675 ὁ
2735 624 2890 687 Θεὸς,
2923 623 3085 694 σῶμα
3125 623 3341 684 πάντως
3370 622 3533 675 αὑτὸν
3557 620 3801 689 οἰόμενος
3823 637 3836 649 ·
3868 620 3931 672 οὐ
3965 621 4074 688 γὰρ

2495 717 2560 769 ἂν
2593 716 2763 778 ἄλλως
2797 715 2857 768 τὸ
2894 718 2990 785 τῆς
3017 714 3251 785 σφαίρας
3279 713 3495 782 ἐδέχετο
3522 715 3742 782 σχῆμαο
3779 713 3988 780 σφαῖρα
4020 710 4076 760 δὲ

2495 810 2655 881 ὑλικὴ
2703 809 2822 863 κατ’
2857 809 3020 862 αὑτὸν
3067 807 3372 876 τυγχάνων,
3421 804 3546 858 οὔτε
3597 802 3915 865 ἀκούσεται,
3952 802 4076 857 οὔτε

2493 903 2680 970 δᾲεται
2738 901 2942 972 νοητῶς
2979 899 3242 969 δηλονότι,
3300 899 3423 952 οὔτε
3462 898 3750 967 ἐνεργήσει
3808 895 3994 959 πάλιν,
4033 896 4081 945 εἴ

2497 1014 2597 1047 που
2632 994 2782 1063 τύχοι
2835 996 2962 1063 παρ’
3026 993 3185 1046 ἄλλον
3226 992 3491 1061 κινηθεὶς,
3547 990 3642 1041 καὶ
3672 989 3906 1058 μάλιστα
3937 1005 4080 1040 κατα

2497 1084 2734 1156 πρανοῦς
2757 1085 3057 1153 ἀλογίστως
3087 1081 3347 1153 φέρεσθαι
3367 1099 3380 1112 ·
3412 1082 3660 1151 uagam
3695 1082 3850 1150 ἡμῖν,
3874 1081 3903 1132 ὁ
3923 1079 4078 1141 Θεὸς,

2496 1180 2565 1232 τὰ
2590 1177 2756 1232 αὑτοῦ
2785 1177 3056 1244 λέγουσιν,
3079 1177 3126 1228 εί
3154 1175 3248 1229 καὶ
3271 1176 3390 1227 κατ’
3421 1174 3587 1228 αὑτοῦ
3615 1191 3628 1205 ·
3656 1175 3704 1224 εἰ
3737 1172 3794 1225 δὲ
3822 1174 3884 1241 δὴ
3914 1173 4080 1225 αὐτὸν

2497 1274 2586 1326 τὸν
2615 1271 2841 1340 οὐρανὸν
2865 1270 2955 1321 τὸν
2982 1269 3114 1322 Θεὸν
3143 1269 3313 1335 λέγει,
3343 1267 3417 1328 ὼς
3448 1266 3635 1318 πολλοὶ
3663 1265 3770 1318 τῶν
3811 1265 4082 1334 Ἑλλήνων

2496 1366 2589 1435 ἐλή
2601 1382 2791 1436 ρησαν,
2831 1363 2927 1416 καὶ
2955 1361 3129 1424 οὕτως
3167 1359 3458 1430 ἀληθεύσει
3485 1361 3513 1412 ὁ
3541 1359 3719 1426 λόγος,
3749 1357 4080 1427 δαιμονιώὸη

2495 1458 2656 1510 αὑτὸν
2708 1456 2946 1527 εἰρηκὼς
3006 1451 3167 1507 εἶναι.
3227 1455 3320 1516 Εἰς
3367 1453 3424 1505 δὲ
3481 1450 3832 1520 φυσιολογίαν
3865 1449 3898 1520 ἢ
3931 1449 4082 1501 οὐδὲν

2499 1553 2665 1620 φάναι
2690 1552 2981 1620 ἠπίστατο,
3021 1549 3054 1618 ἢ
3097 1548 3146 1600 εἰ
3181 1548 3276 1599 καὶ
3315 1546 3595 1616 προκύψαι
3621 1546 3698 1606 εἰς
3727 1543 3886 1596 τοῦτο
3931 1542 4083 1596 ἐτόλ-

2502 1661 2692 1715 μησεν,
2751 1642 2897 1709 λέγει
2949 1643 3060 1711 (15)
3111 1641 3192 1693 ὅτι
3249 1640 3312 1692 ἐκ
3342 1637 3562 1707 βδέλλης
3600 1636 3767 1706 (16)ὀ
3793 1634 4085 1703 ἄνθρωπος

2497 1740 2726 1807 γίνεται,
2762 1738 2855 1789 καὶ
2883 1738 2911 1788 ὁ
2943 1736 3091 1802 ἣλιος
3145 1736 3224 1796 εἰς
3260 1733 3472 1803 θερμὸν
3503 1731 3648 1801 ὕδωρ
3681 1727 4086 1790 καταϐαπτξζε-

2497 1848 2585 1884 ται
2613 1831 2751 1900 πρὸς
2781 1830 3021 1898 ἑσπέραν
3077 1828 3372 1897 φερόμενος
3404 1825 3539 1894 (17).
3572 1824 3666 1886 El;
3701 1823 3756 1875 δὲ
3789 1822 4003 1890 ⁴ὴθικδν,
4031 1822 4081 1872 τί

2497 1923 2587 1974 καί
2619 1939 2815 1992 φησινς
2849 1919 3139 1973 Συνέλθετε
3177 1923 3295 1980 ταῖς
3327 1919 3526 1987 ψυχαῖς
3558 1915 3735 1985 ὑμῶν,
3763 1917 3856 1968 καὶ
3884 1915 4082 1984 ἐχθρά-

2497 2030 2622 2066 νατε
2650 2013 2838 2075 παντὶ,
2862 2011 2982 2063 καθ’
3013 2010 3041 2062 ὃ
3076 2010 3183 2070 πᾶς
3215 2025 3298 2071 τις
3343 2007 3616 2078 ἐχθραίνει
3647 2008 3775 2075 ὑμῖν
3811 2006 3949 2072 (l8).
3988 2006 4080 2064 EE;

2496 2107 2551 2160 δὲ
2584 2106 2845 2176 ἱστορίαν,
2876 2105 2977 2156 ὅσα
3009 2103 3288 2165 Μωῡσέως
3337 2101 3756 2170 καταψεύδεται,
3800 2098 3970 2152 αὐτοῦ
4023 2116 4081 2150 τε

2496 2198 2589 2251 τοῦ
2623 2196 2832 2266 Κυρίου
2867 2194 3022 2264 ἡμῶν
3063 2192 3241 2263 Ἰησοῦ
3277 2190 3540 2262 Χριστοῦ,
3568 2192 3640 2254 ὡς
3669 2191 3796 2244 τάδε
3831 2190 3928 2244 καὶ
3954 2191 4082 2243 τάδε

2497 2289 2861 2358 πεποιηκότος
2884 2287 2976 2339 καὶ
2992 2285 3347 2354 λελαληκότος
3367 2323 3382 2348 ,
3412 2285 3507 2336 καὶ
3535 2284 3584 2335 οἱ
3611 2280 4080 2349 ἀναγινώσκοντες

2499 2383 2758 2452 συνορᾶτε
2781 2397 2794 2411 ·
2831 2382 2930 2449 τήν
2959 2396 3018 2431 τε
3045 2378 3154 2448 γὰρ
3183 2375 3414 2444 Μητέρα
3449 2374 3687 2445 Χριστοῦ
3707 2373 3805 2444 τὴν
3841 2373 4081 2441 ἀδελφὴν

2495 2474 2774 2535 Μωῦσέως
2804 2473 3004 2540 φάσκει
3036 2467 3196 2535 εἶναι,
3253 2468 3379 2531 τούς
3431 2484 3492 2519 τε
3543 2467 3906 2535 Χριστιανοὺς
3944 2465 4083 2533 μετὰ

2496 2566 2774 2627 Μωῡσέως
2802 2567 3040 2616 συνεῖναι
3062 2565 3120 2615 ὲν
3147 2565 3211 2631 τῇ
3236 2562 3428 2631 ἐρήμῳ
3458 2559 3568 2629 (19)
3595 2576 3608 2590 ο
3642 2563 3735 2610 καὶ
3762 2560 3848 2611 ἵνα
3885 2560 3964 2627 μὴ
3988 2557 4082 2610 νῦν

2495 2661 2565 2714 τὰ
2597 2661 2775 2713 πάντα
2825 2655 3308 2724 άπαριθμούμενος
3359 2652 3727 2706 ἀναπόδεικτα
3772 2650 3950 2703 ταῦτα
3978 2653 4080 2704 άπ-

2496 2755 2739 2821 ελέγχειν
2765 2752 2922 2814 δόξω,
2953 2752 3019 2818 τῇ
3070 2749 3364 2817 μετέπειτα
3410 2746 3544 2799 Θεοῦ
3579 2747 3760 2815 χάριτι
3788 2744 4083 2815 τεθειμένῃ

2496 2846 2710 2909 ἑκάστῳ
2756 2843 2936 2894 αὐτῶν
2966 2841 3247 2908 ἀνατροπῇ
3279 2837 3650 2906 ταμιεύσομαι
3672 2853 3685 2865 ·
3719 2836 3836 2888 νυνὶ
3864 2837 3920 2888 δὲ
3949 2838 4081 2888 6nd-

2499 2955 2589 2990 σον
2614 2937 2772 3004 μόνον
2796 2937 2932 3005 πρὸς
2963 2932 3024 2985 τὸ
3050 2931 3220 2995 δεῖξαι
3247 2931 3454 3000 ἔρημον
3489 2930 3639 2991 θείας
3668 2933 3762 2981 καὶ
3791 2928 4080 2996 ἀνθρωπί-

2496 3048 2592 3100 νης
2625 3029 2817 3095 copia;
2845 3028 2936 3078 τὸν
2968 3025 3204 3087 ἀλαζόνα
3237 3025 3384 3088 νοῦν,
3414 3025 3507 3076 καὶ
3527 3016 3603 3076 ὧν
3633 3024 3932 3092 ἐστέρηται
3960 3023 4084 3074 θεο-

2495 3123 2750 3192 δωρὴτων
2779 3117 3090 3190 ἀνθρώποις
3139 3117 3516 3187 χαρισμάτων,
3549 3115 3937 3183 κεφαλα.ωδὼς
3969 3118 4080 3168 άπ-

802 3204 1026 3271 pcrbam
1059 3202 1398 3256 Mohatnedis
1431 3213 1689 3264 mentem,
1731 3212 1785 3256 et
1825 3202 2020 3271 quovis
2054 3201 2392 3256 charismate
2419 3242 2465 3302 ο
2493 3214 2802 3284 ηρίθμησα,

801 3295 1064 3346 divinitus
1107 3293 1426 3346 hominibus
1450 3293 1567 3346 dari
1592 3292 1754 3347 solito
1777 3293 2044 3358 caruisse,
2073 3292 2388 3346 summatim

801 3386 1058 3456 praxlicta
1099 3387 1369 3438 recensui.

885 3476 975 3528 50.
1012 3474 1146 3528 Nam
1175 3489 1299 3528 cum
1329 3474 1591 3528 tredecim
1634 3489 1798 3542 supra
1839 3483 2060 3528 centum
2110 3483 2256 3528 totus
2297 3474 2385 3528 hic

802 3569 1022 3622 libellus
1071 3566 1323 3635 capitulis
1373 3576 1625 3632 constet;
1669 3568 1720 3620 in
1764 3567 1939 3635 primo
1989 3567 2231 3636 quidem,
2262 3577 2386 3636 post

802 3676 922 3715 eam
961 3677 1082 3730 qua:
1118 3659 1368 3728 protmuii
1400 3660 1579 3712 locum
1618 3660 1830 3713 videtur
1864 3669 2049 3714 tenere
2078 3660 2381 3738 scriptiun-

804 3753 1005 3815 cuiam,
1046 3752 1292 3804 homines
1330 3767 1358 3804 a
1401 3767 1459 3804 se
1490 3752 1745 3819 deceptos
1796 3752 2137 3815 cohortatur,
2190 3765 2258 3805 ne
2285 3751 2388 3804 du-

806 3844 1126 3896 bitationem
1167 3854 1348 3897 mente
1375 3844 1594 3897 l'oveaut
1622 3846 1766 3898 circa
1799 3843 1941 3897 hanc
1964 3860 2119 3897 suam
2158 3842 2384 3896 fraudu-

805 3937 1010 3990 lentam
1039 3953 1116 3990 scr
1134 3937 1394 4005 ipturam,
1415 3939 1571 4006 quasi
1601 3939 1937 3993 mendaciter
1958 3939 2030 3992 sit
2050 3939 2382 4008 conscripta.

882 4113 996 4182 (14)
1029 4113 1364 4183 Vocabulum
1397 4112 1716 4177 Arabicum,
1765 4130 1876 4183 quo
1913 4115 2084 4167 utitur
2114 4113 2395 4170 Illohame-

803 4185 920 4244 des.
955 4182 1264 4251 signiﬁcare
1294 4197 1405 4237 tum
1438 4186 1756 4253 ὀλόσφυρον,
1783 4182 2038 4248 solidum,
2077 4195 2188 4239 tum
2226 4188 2390 4239 etiam

803 4266 1079 4316 a'ternum,
1102 4255 1212 4324 jam
1244 4256 1643 4308 adnotaverunt
1665 4255 1938 4309 Iielandtts
1957 4257 2018 4322 λιι
2055 4254 2392 4309 Ilo/mmedi-

802 4327 877 4378 εἰει
914 4326 1006 4395 lib.
1051 4340 1110 4385 ιι,
1149 4327 1202 4383 5.
1250 4335 1304 4378 et
1348 4324 1668 4395 Frcylagius
1703 4327 1755 4380 in
1805 4325 2024 4379 Lexico.
2061 4326 2125 4378 Et
2163 4327 2385 4393 quidem

800 4405 928 4450 ante
965 4394 1265 4448 Iit-landum
1298 4394 1598 4450 Maraecius
1625 4399 1979 4452 transtulerat
2009 4398 2386 4464 sempiternum

804 4465 857 4517 in
885 4482 1011 4519 sura
1043 4464 1204 4530 CXII,
1238 4466 1292 4529 2,
1326 4473 1390 4520 de
1420 4482 1529 4535 quo
1551 4467 1670 4520 loco
1704 4484 1849 4522 nunc
1876 4467 2118 4534 loquitur
2147 4466 2385 4531 Nicetas,

801 4538 960 4604 cujus
987 4537 1467 4606 hallucinationem
1501 4549 1722 4592 secutus
1750 4549 1832 4593 est
1863 4536 2189 4606 Eutliyinius
2215 4537 2388 4606 Zygia—

803 4606 977 4659 Iienus
1007 4606 1058 4657 in
1086 4608 1372 4676 I‘anoplia.
1399 4605 1594 4660 Νοδῑιει*
1617 4623 1745 4661 vero
1778 4605 2110 4678 Byzantinus
2142 4605 2390 4660 "0|th-

804 4692 1011 4745 σφυρον
1061 4678 1270 4741 scribit,
1304 4678 1396 4730 sed
1448 4677 1795 4746 ὁλόσφαιρον,
1823 4677 2119 4746 scripturae
2151 4688 2208 4732 ut
2255 4689 2388 4746 puto

801 4749 1158 4801 similitudine
1191 4750 1469 4816 deceptus.
1507 4747 1568 4801 Et
1607 4752 1826 4816 quidem
1861 4749 2014 4817 prius
2054 4750 2381 4803 vocabulum

799 4818 1032 4871 Arabico
1059 4821 1369 4887 respondet.
1389 4836 1499 4873 non
1519 4823 1646 4872 item
1665 4822 1985 4873 secundum.
2013 4818 2233 4872 Corruit
2258 4833 2389 4888 ergo

800 4889 964 4940 simul
994 4899 1102 4942 tota
1135 4890 1487 4958 reprehensio
1528 4889 1653 4943 hinc
1685 4904 2048 4958 consequens,
2098 4891 2242 4958 quod
2274 4889 2388 4942 Mo-

801 4959 1087 5012 hamedaui
1132 4961 1299 5013 Deum
1343 4962 1680 5016 materialem
1721 4975 1840 5015 esse
1871 4961 2207 5014 existiment.
2260 4960 2389 5013 Lin-

799 5047 916 5097 guae
959 5046 1154 5098 nempe
1216 5032 1463 5084 Arabicae
1512 5036 1676 5085 nimis
1722 5043 1869 5084 arcta
1927 5039 2020 5083 aut
2070 5029 2386 5100 imperfecta

801 5100 992 5153 notitia
1049 5103 1247 5154 multas
1301 5106 1441 5169 apud
1505 5102 1724 5155 Gi-wcos
1782 5101 2118 5170 Latinosque
2179 5102 2387 5171 peperit

800 5171 1186 5225 absurditates.
1240 5171 1313 5224 De
1365 5174 1468 5225 hoc
1506 5173 1739 5226 Arabico
1779 5173 2044 5226 voeabqu
2093 5187 2198 5226 non
2248 5172 2389 5225 male

799 5240 1226 5313 Bartholema-us
1291 5243 1596 5313 monachus
1631 5243 1942 5298 Edessenus
1973 5259 2002 5297 a
2033 5243 2248 5313 llloynio
2272 5243 2387 5296 edi-

801 5322 889 5364 tus
934 5310 1053 5365 Var.
1080 5330 1221 5365 sacr.
1249 5324 1286 5366 t.
1316 5312 1354 5374 l,
1390 5330 1440 5381 p.
1465 5315 1588 5375 508,
1624 5331 1782 5380 quem
1811 5316 1936 5368 item
1962 5316 2103 5369 inter
2123 5310 2385 5368 'Alcorani

801 5383 1178 5437 wnl'utalores
1216 5386 1482 5450 ignoravit
1521 5383 1846 5439 Mai-accius.

875 5456 984 5521 (15)
1021 5458 1145 5508 διιΓ.
1175 5453 1363 5513 XCVI.
1391 5456 1445 5507 2.

872 5525 983 5592 illi)
1016 5525 1226 5578 ltursus
1257 5527 1633 5587 liallueinatio,
1668 5543 1834 5597 quam
1870 5527 2036 5581 etiam
2064 5525 2386 5598 Zygabenus

800 5607 1016 5662 rt'pctit,
1041 5612 1107 5649 ex
1144 5601 1411 5649 vocabulo
1443 5599 1678 5652 Arabico
1703 5600 1847 5666 quod
1880 5600 2103 5668 sanguis
2134 5599 2383 5668 coagula-

800 5675 910 5739 (us
947 5678 1102 5739 sonat
1147 5679 1265 5729 (seu
1301 5668 1522 5739 σπέρμα
1565 5670 1934 5739 γεννητικόν),
1988 5680 2042 5722 et
2099 5687 2225 5722 cum
2283 5670 2384 5723 levi

798 5737 1062 5789 varietate
1085 5737 1297 5789 hirudo.
1337 5736 1409 5790 Ita
1429 5741 1573 5792 enim
1608 5750 1751 5794 recte
1787 5736 2114 5801 Maraccius,
2149 5757 2249 5796 nec
2276 5756 2382 5794 non

795 5803 1077 5880 Iit-[audtis
1108 5807 1202 5859 lib.
1237 5823 1294 5867 ιι,
1327 5809 1416 5871 56,
1456 5820 1504 5862 et
1536 5809 1853 5880 Frettagius
1879 5813 1930 5863 in
1959 5811 2178 5863 Lexico.
2215 5811 2384 5866 Porro

795 5886 854 5930 ut
877 5875 1200 5950 Zygabenus
1223 5889 1445 5934 secutus
1474 5893 1557 5936 cst
1580 5875 1782 5937 Niceti»
1803 5881 2089 5952 Byzantini
2113 5897 2382 5948 errorem,

2553 3479 2620 3530 λ’.
2654 3477 2835 3548 Τριῶν
2865 3475 2974 3544 γὰρ
3033 3475 3126 3526 καὶ
3165 3473 3296 3527 δέκα
3331 3472 3470 3545 πρὸς
3517 3476 3627 3535 τοῖς
3669 3472 3866 3525 ἑκατὸν
3902 3489 4079 3540 κεφα-

2483 3571 2654 3634 λαίοις
2673 3571 2734 3622 τὸ
2763 3568 2885 3622 ὅλον
2912 3567 3071 3620 τοῦτο
3101 3566 3449 3637 ἐκδεδομένον
3482 3565 3755 3635 βιῦλίδιον,
3783 3567 3842 3616 ὲν
3877 3565 3978 3634 μὲν
4002 3563 4080 3633 τῷ

2485 3661 2689 3731 πρώτῳ
2733 3660 2897 3727 λόγῳ,
2957 3657 3098 3711 κατὰ
3127 3658 3226 3726 τὴν
3276 3656 3540 3709 δοκοῦσαν
3599 3657 3883 3725 προοιμίου
3912 3659 4082 3710 τόπον

2486 3755 2628 3822 ἔχειν
2657 3752 2894 3821 γραφὴν,
2927 3750 3251 3819 παραίνεσιν
3278 3751 3512 3802 ποιεῖται
3539 3748 3674 3819 πρὸς
3715 3750 3842 3812 τοὺς
3865 3751 4076 3802 7:32:11-

2492 3845 2757 3912 νημένους
2809 3841 2901 3895 ὑπ’
2929 3841 3118 3906 αὑτοῦ,
3158 3843 3234 3910 μὴ
3269 3841 3414 3910 ἔχειν
3447 3842 3504 3892 ὲν
3529 3838 3736 3908 διανοίᾳ
3774 3838 4083 3908 δισταγμὸν

2498 3936 2626 4006 περὶ
2664 3935 2761 4004 τῆς
2799 3933 3082 4003 ἀπατηλῆς
3119 3931 3284 3985 αὐτοῦ
3333 3931 3539 4000 ταύτης
3575 3931 3791 4000 γραφῆς
3846 3929 3966 4000 (20)
4000 3930 4082 3982 δτι

2499 4114 2571 4167 ita
2606 4110 2853 4167 vicissim
2892 4109 3240 4180 Zygabenum
3290 4117 3514 4180 secutus
3544 4120 3627 4165 est
3665 4111 3892 4166 Niretas
3923 4113 4081 4166 Cho-

2500 4185 2648 4236 niata
2682 4183 2732 4234 iu
2785 4179 3094 4251 orthodoxa:
3134 4181 3260 4251 ﬁdei
3307 4179 3576 4234 Thesauro
3615 4197 3643 4234 a
3688 4184 3845 4236 nobis
3875 4185 4083 4251 partim

2496 4257 2641 4306 edito
2674 4251 2873 4313 Spei-il.
2911 4250 3066 4302 Itoni.
3105 4260 3141 4304 t.
3179 4248 3266 4312 IV,
3305 4251 3395 4303 ubi
3429 4253 3628 4305 videsis
3652 4248 3903 4322 paginam
3946 4254 4082 4307 492.

2498 4323 2576 4377 lle
2604 4326 2820 4392 quidem
2856 4336 2980 4374 vera
3016 4322 3362 4376 Mohamedes
3389 4324 3623 4386 primum
3655 4326 3935 4376 hemiuetn
3969 4327 4088 4377 for-

2497 4407 2703 4448 matum
2731 4408 2760 4446 ιι
2807 4392 2914 4446 Deo
2945 4407 3009 4445 ex
3045 4393 3160 4445 luto
3190 4410 3284 4446 seu
3319 4392 3558 4461 pulvere,
3589 4393 3848 4461 deinceps
3892 4395 4085 4448 homi-

2497 4481 2596 4519 nes
2623 4480 2689 4520 εκ
2733 4464 3033 4532 sanguineo
3061 4465 3312 4531 coagulo,
3351 4479 3445 4517 seu
3481 4466 3543 4515 ἐκ
3593 4463 3689 4515 τοῦ
3729 4465 4084 4532 σπέρματος,

2495 4537 2678 4604 gigni,
2721 4534 3076 4604 pIUI'lIIIISWIII
3116 4537 3249 4586 locis
3283 4543 3468 4604 aperte
3522 4535 3677 4594 dicit,
3714 4533 4084 4604 sureXVlll.

2494 4603 2605 4670 58’;
2647 4603 2817 4667 XXII,
2848 4603 2901 4655 5.
2938 4603 3125 4667 XXIII,
3149 4607 3250 4667 Ii;
3290 4603 3503 4659 XXXII.
3533 4604 3587 4669 7,
3620 4607 3691 4668 κς
3727 4603 3949 4658 XXXV.
3977 4607 4039 4659 11
4071 4625 4085 4669 ;

2494 4675 2620 4743 xu,
2670 4675 2772 4740 69;
2838 4671 2948 4738 LV,
3003 4675 3105 4740 li;
3169 4673 3395 4738 Lxxv,
3455 4676 3556 4742 37;
3609 4674 3810 4739 χαι,
3874 4675 3968 4739 ιε,
4028 4690 4089 4731 et

2494 4747 2644 4801 alibi.

2566 4819 2679 4892 (ιτ)
2712 4819 2838 4875 Sui‘.
2876 4817 3188 4892 muns".

2563 4885 2674 4958 (ιδ)
2716 4895 2840 4943 sur.
2887 4890 2950 4956 ιι,
2989 4890 3131 4953 ius;
3168 4885 3257 4950 ix,
3290 4885 3347 4952 6,
3372 4886 3625 4958 75.7125.

2564 4957 2675 5030 (19)
2708 4964 3176 5015 Anachronismus
3205 4959 3434 5028 insignis
3450 4957 3808 5022 Mohamedis,
3826 4959 4090 5015 hominis

2496 5033 2922 5085 illitteratissimi
2953 5051 2966 5097 ;
3005 5034 3098 5098 qui
3127 5046 3281 5084 error
3312 5030 3446 5083 satis
3477 5031 3821 5099 comprobari
3851 5031 4090 5085 videtur

2491 5119 2556 5156 ex
2589 5119 2715 5156 sura
2741 5102 2879 5167 XIX,
2903 5104 2992 5163 27.
3022 5110 3338 5170 comparata
3362 5116 3486 5153 cum
3516 5116 3645 5155 sura
3670 5102 3753 5164 Ill,
3791 5102 3841 5157 I.
3880 5101 4090 5168 Quan-

2491 5189 2654 5241 quam
2689 5173 3094 5233 Mobamedaui,
3128 5172 3487 5239 uouuullique
3535 5172 3856 5236 Christiani,
3901 5175 4086 5228 veluti

2493 5243 2816 5298 Ilerbelotus
2847 5256 2902 5298 et
2937 5245 3214 5297 Itelandus
3240 5241 3301 5304 Il,
3334 5244 3426 5306 ΞΟ,
3481 5251 3689 5296 textum
3739 5243 4092 5300 historicum

2492 5316 2746 5368 Alcoraui
2776 5316 2933 5368 aliter
2961 5306 3233 5382 explicare
3258 5331 3363 5367 nou
3389 5315 3824 5382 improbabiliter
3855 5315 4091 5379 volunt,

2491 5386 2822 5454 quibuscum
2880 5396 3064 5439 tamen
3117 5384 3418 5438 Maraccius
3467 5398 3575 5438 nou
3625 5385 3905 5438 consentit
3964 5396 4012 5440 t.
4045 5388 4091 5452 I,

2489 5466 2632 5525 part.
2672 5473 2744 5519 tv,
2771 5456 2860 5517 85,
2894 5467 2950 5509 et
2985 5466 3023 5509 t.
3056 5456 3116 5518 ll,
3151 5471 3202 5524 p.
3237 5454 3359 5508 115.

2587 5527 2678 5596 20)
2712 5525 2891 5596 Vulgo
2917 5529 3235 5580 scribuntur
3260 5525 3556 5587 sectiones,
3581 5541 3677 5579 seu
3709 5539 3873 5581 surae.
3909 5526 4092 5581 Alco-

2490 5600 2610 5652 rani
2641 5597 2825 5658 CXIV,
2856 5600 2982 5665 quia
3013 5612 3186 5664 prima
3217 5598 3384 5651 etiam
3415 5607 3753 5658 numeratur.
3779 5612 3952 5665 quam
3994 5612 4092 5652 ut-

2491 5681 2614 5737 pote
2670 5673 2870 5723 nudam
2939 5672 3338 5722 invoeatiouem
3407 5683 3502 5722 seu
3567 5669 4091 5736 prazl‘atiuuciilain,

2490 5741 2662 5794 Urseci
2725 5744 2777 5793 in
2833 5755 3122 5793 numerum
3165 5754 3268 5791 non
3327 5740 3652 5792 referebant.
3713 5737 3972 5805 Namque
4033 5754 4095 5795 et

2491 5811 2730 5864 Iit-odius
2753 5813 3056 5865 monachus
3089 5811 3229 5877 apud
3277 5809 3552 5874 Euthymii
3582 5807 3850 5878 Zygabeui
3894 5807 4093 5865 Pano-

2490 5882 2680 5950 plt‘um,
2716 5884 2799 5937 tit.
2855 5881 3048 5946 XXIV,
3084 5885 3140 5945 ‘2,
3192 5896 3352 5936 suias
3408 5884 3631 5934 nonnisi
3694 5878 3860 5934 CXIII
3915 5882 4090 5944 dicit.
