4168 6450
135 482 234 544 709

1291 471 1724 536 REFUTATIO
1758 470 2235 532 MOHAMEDIS.

3277 465 3383 532 710

134 592 337 664 ψευδῶς
368 592 708 660 γέγραπται·
740 594 831 643 καὶ
866 590 999 661 πρὸς
1028 591 1085 643 τὸ
1113 589 1345 659 πιθανὴν
1367 589 1465 660 τὴν
1495 588 1712 655 ἀπάτην

1824 586 1991 653 Atque
2021 596 2079 636 ut
2107 586 2291 636 dolum
2327 596 2487 634 suum
2518 579 2833 636 credibilem
2866 578 3049 645 faciat,
3081 593 3206 635 cum
3229 595 3382 636 ante-

134 681 439 734 δείκνυσθαι
468 679 597 747 (21).
619 679 1075 749 συναποδέχεοθαι
1105 683 1224 742 ταῖς
1255 680 1499 750 πρώταις
1527 678 1709 746 ἁγίαις

133 772 394 840 ι’ραφαῖς,
432 773 527 820 καί
556 768 760 839 ταύτην
794 768 931 840 [βοά.
960 768 1208 840 ταύταις]
1253 771 1710 840 παρακελεύεται,

130 866 225 915 οὐκ
267 860 426 920 em;
457 863 487 913 ὁ
521 860 796 931 βάρϐαρος
827 862 912 913 ἐπ’
965 862 1247 930 ἀνατροπῇ
1299 859 1495 913 ἑαυτοῦ
1554 858 1713 910 τοῦτο

131 960 415 1024 γινὸμενον
436 972 448 981 ·
482 955 623 1007 κατά
656 954 935 1023 συνέχειαν
963 954 1018 1006 δὲ
1057 955 1154 1022 τὴν
1180 955 1267 1005 ἀεὶ
1292 955 1431 1021 πρὸς
1457 953 1583 1015 τοὺς
1633 952 1711 1003 δι-

129 1045 498 1106 απιστοῦντας
526 1045 605 1114 τῷ
633 1045 940 1114 ἀσυμφὸρῳ
957 1043 1065 1095 τῶν
1097 1043 1261 1096 αὑτοῦ
1285 1043 1479 1110 λόγων,
1516 1040 1710 1093 ἀπολο-

128 1141 247 1205 γίαν
268 1139 456 1203 τίθησι
492 1138 695 1206 μεστὴν
726 1132 892 1189 οὖσαν
937 1137 1251 1205 δυσφημίας
1288 1133 1429 1186 κατά
1463 1132 1556 1185 τοῦ
1590 1132 1709 1186 καθ’

129 1232 317 1282 ἑαυτὸν
339 1230 637 1299 ὀμόσαντος
666 1227 875 1295 ἀγαθοῦ
900 1229 994 1280 καὶ
1020 1226 1401 1294 φιλανθρώπου
1447 1224 1606 1288 Θεοῦ,
1631 1226 1713 1277 ὅτι

126 1324 181 1373 εὑ
214 1321 473 1390 βούλεται
504 1321 595 1371 τὸν
627 1318 855 1372 θάνατον
880 1317 976 1371 τοῦ
1017 1317 1366 1388 ἁμαρτωλοῦ,
1390 1316 1466 1379 ὼς
1506 1316 1567 1368 τὸ
1597 1319 1714 1369 ἑπι-

129 1416 357 1485 στρὲῲαι
402 1413 497 1465 καὶ
525 1411 625 1481 ζῇν
654 1412 847 1465 αὐτόν’
893 1412 1009 1463 ἔστι
1038 1411 1095 1463 δὲ
1130 1410 1268 1481 αὕτη
1291 1426 1305 1438 ·
1354 1411 1436 1462 ὅτι
1465 1409 1590 1471 τοὺς
1619 1426 1715 1460 πε-

129 1508 493 1569 πιστευκότας
522 1509 588 1575 τῇ
612 1506 838 1577 τοιαύτῃ
868 1506 1055 1575 γραφῇ
1087 1507 1116 1556 ὁ
1162 1502 1294 1565 Θεὸς
1332 1500 1598 1564 συνετίζει
1630 1519 1717 1553 πι-

130 1601 351 1651 στεῦσαι
391 1599 543 1667 (ιω)-
583 1598 711 1661 τοὺς
759 1596 818 1649 δὲ
852 1594 1273 1657 διαπιστοῦντας
1331 1594 1492 1656 αὐτὸς
1520 1592 1717 1646 κωλύει

132 1693 423 1743 πιστεῦσαι
447 1689 560 1759 (23)
577 1706 590 1720 ⁸
627 1689 871 1756 καίτοιγε
894 1687 1112 1756 ἀληθῶς
1136 1685 1367 1751 ἐναλλάξ
1386 1686 1597 1755 ἔχοντος
1622 1684 1716 1738 τοῦ

126 1783 306 1849 λόγου,
340 1784 423 1835 ὅτι
452 1782 579 1844 τοὺς
600 1781 678 1850 τῷ
709 1780 926 1851 ματαίῳ
952 1779 1128 1848 τούτῳ
1160 1779 1515 1848 πειθομένους
1534 1784 1562 1832 ὁ
1586 1779 1719 1840 Θεὸς

126 1878 179 1930 σὺ
215 1876 473 1945 βοῦλεται
504 1875 818 1929 ἀπατᾶσθαι
840 1891 854 1904 ο
892 1874 969 1937 ὡς
993 1872 1061 1927 ἂν
1094 1873 1150 1925 δὲ
1185 1875 1512 1944 τρανότερον
1542 1872 1604 1924 τὸ
1633 1871 1719 1923 λε-

1818 677 2052 732 rioribus
2086 677 2291 731 sanctis
2320 674 2617 744 Seripturis
2650 674 2748 729 has
2772 688 2989 743 quoque
3018 689 3147 728 suas
3177 675 3381 743 suscipi

1807 772 1959 839 jubet
1987 788 2001 835 ;
2048 768 2614 839 ignoransbarbarus,
2640 769 2691 822 id
2717 769 2785 820 ad
2816 767 2903 822 sui
2945 765 3116 835 ipsius
3148 768 3387 823 eversio-

1814 879 1936 915 nem
1992 862 2130 914 Ιίιϊί.
2178 861 2538 915 Continenter
2598 870 2777 914 autem
2825 858 3131 930 apologiam
3184 861 3387 929 ubique

1812 954 1943 1009 facit
1978 965 2166 1008 contra
2207 970 2314 1008 non
2347 953 2633 1006 credentes
2660 952 2842 1020 inepto
2864 951 3242 1011 sermonisuo,
3272 968 3388 1008 tua-

1813 1049 2128 1102 ledictorum
2161 1048 2374 1115 plenam
2405 1043 2668 1097 adversus
2701 1043 2873 1108 ἰιιιιιιι,
2917 1044 3008 1114 qui
3054 1061 3148 1113 per
3183 1053 3386 1099 semet—

1814 1141 1990 1209 ipsum
2053 1139 2237 1207 jurat,
2315 1139 2517 1192 bonum
2598 1137 2997 1206 benignumque
3057 1135 3249 1199 Deum,
3298 1136 3390 1205 qui

1814 1232 2109 1300 peccatoris
2135 1242 2360 1283 mortem
2389 1245 2495 1283 non
2521 1230 2655 1292 vult,
2700 1229 2792 1283 sed
2808 1244 2932 1282 eum
2952 1230 3195 1282 converti
3228 1243 3293 1284 ac
3308 1229 3391 1281 vi-

1812 1338 1958 1376 vere.
1980 1321 2311 1376 Suutautem
2332 1323 2491 1376 verba
2510 1321 2629 1391 ejus
2656 1316 2989 1391 hujusmodi,
3032 1323 3173 1390 quod
3204 1338 3394 1391 nempe

1819 1417 1943 1467 huic
1971 1418 2253 1484 scripturze
2277 1418 2557 1469 credentes
2589 1414 3105 1482 Dettsiulelligi-ntes
3136 1414 3307 1467 reddit
3338 1425 3394 1466 ut

1818 1508 2043 1560 credant
2069 1526 2083 1571 ;
2117 1522 2223 1560 non
2253 1507 2539 1563 credentes
2556 1520 2744 1561 autem
2777 1507 2892 1575 ipse
2920 1521 2949 1559 a
2975 1505 3250 1559 credendo
3277 1520 3397 1573 prn-

1821 1599 1967 1651 hibet
2003 1616 2016 1651 :
2059 1614 2186 1651 cum
2226 1607 2405 1653 tamen
2441 1614 2528 1653 res
2559 1601 2675 1652 vice
2706 1614 2857 1653 versa
2892 1613 2951 1651 se
2996 1596 3211 1660 habeat,
3241 1598 3386 1665 quml

1821 1707 2013 1760 nerupe
2040 1691 2202 1752 Deus,
2236 1692 2404 1745 stulto
2459 1692 2585 1745 huic
2634 1691 2939 1753 credentes,
2984 1689 3157 1758 decipi
3192 1689 3392 1752 nollet;

1819 1798 1915 1837 eos
1942 1780 2123 1837 autem
2155 1783 2249 1852 qui
2295 1798 2402 1835 non
2422 1782 2674 1846 credunt,
2703 1781 2925 1848 adjuvat
2945 1780 3061 1848 ipse
3092 1779 3391 1849 queminus

1819 1873 2183 1942 decipiantur.
2220 1873 2400 1941 Atque
2429 1880 2486 1925 ut
2527 1872 2672 1926 dicta
2709 1869 2940 1925 clariora
2980 1869 3130 1933 liant,
3180 1870 3244 1923 ad
3294 1870 3398 1923 hoc

126 1968 357 2037 γόμενον
378 1966 630 2038 γένηται,
652 1970 732 2029 εἰς
757 1965 919 2019 τοῦτο
945 1966 1077 2018 αὐτὸ
1102 1966 1399 2035 καταλήγει
1422 1967 1455 2035 ἡ
1490 1964 1711 2035 σκῆψις,

1824 1967 1999 2022 evadit
2029 1975 2404 2020 commentum
2440 1964 2586 2034 ejus;
2646 1979 2842 2033 nempe
2876 1963 3024 2032 quod
3080 1961 3221 2018 Deus
3251 1962 3395 2024 illos,

122 2061 197 2111 ὅτι
232 2057 334 2121 οὓς
368 2059 469 2127 μὲν
508 2060 537 2109 ὁ
587 2057 718 2118 Θεὸς
774 2056 916 2109 θέλει
955 2058 1150 2121 σῶσαι,
1208 2057 1523 2127 καταρτίζει
1579 2057 1714 2125 πρὸς

124 2153 306 2201 πᾶσαν
342 2148 515 2201 αὐτοῦ
555 2150 775 2218 ἐντολὴν
820 2149 1097 2219 ὑπηκόους
1127 2166 1139 2179 ⁸
1171 2148 1263 2208 οὓς
1288 2150 1343 2200 δὲ
1366 2150 1427 2200 οὐ
1466 2148 1714 2219 βούλεται

125 2242 318 2304 σῶσαι,
346 2243 408 2293 οὐ
434 2240 615 2293 δίδωσι
647 2243 829 2304 αὐτοῖς
861 2240 1079 2293 σύνεσίν
1116 2257 1176 2293 τε
1205 2242 1299 2293 καὶ
1350 2240 1578 2311 δύναμιν
1632 2240 1714 2292 ὲν-

126 2334 423 2397 ωτέζεσθαι
447 2374 461 2392 ,
503 2335 596 2385 καὶ
617 2336 792 2386 ποιεῖν
816 2334 885 2385 τά
931 2332 1082 2404 αὐτῷ
1128 2334 1418 2401 εὐάρεστα,
1447 2335 1538 2387 καὶ
1575 2333 1716 2386 κατὰ

122 2427 277 2479 τοῦτο
308 2431 378 2496 τῇ
414 2426 635 2479 κολάσει
666 2426 1051 2495 παραδίδωσιν.
1116 2427 1203 2489 Ὧς
1250 2429 1314 2479 ἐκ
1349 2426 1540 2479 τούτου
1570 2443 1716 2496 παρ-

126 2516 381 2571 ίστασθαι
414 2520 617 2571 ἐννοεῖν
661 2517 770 2568 τῶν
798 2517 1016 2570 ἀτόπων
1044 2517 1367 2586 δυσφημιῶν
1405 2518 1464 2569 τὸ
1487 2518 1713 2587 πλῆθος,

122 2610 199 2661 ὅτι
225 2615 253 2663 ὁ
284 2611 428 2674 Θεὸς
453 2610 699 2678 κωλυτὴς
742 2611 857 2662 ἐστι
892 2610 1001 2662 τῶν
1052 2610 1190 2680 πρὸς
1223 2610 1284 2661 τὸ
1317 2612 1478 2663 καλὸν
1507 2612 1717 2682 ἀφωρι-

125 2702 368 2769 σμένων.
406 2702 489 2753 ὅτι
526 2700 743 2754 ἐναντία
768 2701 927 2763 αὐτδς
960 2700 1140 2771 ἑαυτῷ
1179 2701 1479 2770 νομοθετεῖ,
1508 2703 1718 2765 πάντας

125 2792 221 2859 μὲν
251 2792 333 2861 μὴ
365 2791 535 2844 θέλων
566 2791 762 2852 σῶσαι,
797 2793 930 2844 πᾶσι
981 2792 1037 2844 δὲ
1060 2792 1160 2854 τὰς
1190 2796 1464 2855 σωστικὰς
1495 2793 1717 2856 ἐντολὰς

126 2882 591 2953 προϐαλλόμενος,
649 2884 729 2944 είς
784 2880 1040 2951 ἀφορμὴν
1071 2881 1320 2950 ἐλέγχου,
1350 2881 1465 2933 ἀλλ’
1510 2883 1610 2935 οὐκ
1638 2886 1720 2944 είς

124 2973 443 3044 συνδρομὴν
474 2973 747 3026 ἐπάθλων·
767 2972 851 3025 ὅτι
885 2972 1105 3035 πάντως
1136 2972 1349 3040 φθονῶν
1364 2971 1523 3027 τοῦτο
1550 2976 1717 3038 ποιεῖ,

122 3064 153 3133 ἡ
190 3066 276 3117 ὅτι
320 3064 622 3133 πενόμενος
667 3063 1057 3133 μισθοδοτῆσαι
1107 3065 1339 3127 πάντας,
1404 3065 1439 3136 ἢ
1480 3065 1557 3128 ὡς
1609 3065 1719 3119 ἴδια

118 3157 434 3220 διαπαίζων
485 3157 644 3224 ἔργα,
687 3155 764 3227 μὴ
814 3154 955 3225 ἔχων
980 3156 1047 3208 δν
1064 3155 1506 3227 εὐλαϐηθήσεται
1534 3157 1719 3211 ἕνεκεν

117 3250 216 3317 τῆς
274 3249 546 3318 τοιαύτης
579 3248 862 3317 ἀληθείας’
904 3249 937 3319 ἢ
981 3248 1057 3311 ὡς
1096 3250 1354 3319 ἑφήδονος
1385 3253 1449 3321 τῇ
1474 3250 1583 3305 τῶν
1622 3254 1714 3303 ἀν-

117 3340 372 3407 θρώπων
405 3340 653 3409 ἀπωλείᾳ
688 3339 873 3402 ἀπλῶς
898 3355 911 3368 ·
946 3338 979 3409 ἢ
1011 3339 1088 3403 ὡς
1114 3339 1473 3409 μνησικακῶν
1506 3341 1592 3393 διὰ
1618 3341 1719 3411 τὴν

115 3429 255 3500 πρὸς
281 3430 391 3483 τὸν
413 3428 739 3498 προπάτορα
771 3427 926 3497 ἡμῶν
948 3428 1343 3494 ἀγανάκτησιν·
1383 3426 1415 3496 ἢ
1448 3429 1531 3479 ὅτι
1560 3428 1723 3496 φύσει

113 3520 295 3584 αἴτιός
319 3523 447 3572 ἐστι
479 3519 588 3572 τῶν
620 3519 825 3581 κακῶν,
854 3519 949 3571 καὶ
984 3519 1045 3570 οὐ
1079 3521 1155 3589 μὴ
1180 3517 1406 3571 δύναται
1451 3519 1528 3590 μὴ
1560 3537 1724 3573 κακο-

112 3612 381 3682 ποιῆσαι.

178 3793 288 3848 λα’.
318 3792 522 3847 Ταῦτα
542 3792 636 3843 καὶ
657 3791 726 3843 τὰ
751 3789 970 3844 τοιαῦτα
993 3790 1022 3842 ὀ
1045 3789 1422 3860 ἀμαθέστατος
1454 3791 1724 3859 γνωμοδο-

108 3888 194 3938 τεῖ
225 3885 549 3957 βάρϐαρος,
582 3884 647 3934 ὲκ
670 3883 972 3952 προοιμίων
999 3882 1159 3943 εὐθὺς
1188 3882 1288 3951 τὴν
1312 3884 1550 3952 ἀπορίαν
1579 3883 1724 3935 λύειν

106 3978 398 4047 οἰόμενος,
430 3976 529 4027 τοῦ
554 3975 629 4044 μὴ
655 3975 865 4036 πάντας
883 3974 1108 4045 θελῆσαι
1137 3977 1203 4043 τῇ
1230 3973 1395 4025 αὑτοῦ
1428 3974 1726 4043 ὑπενεχθῆ-

108 4088 198 4123 ναι
260 4071 511 4141 ἀπάτῃ’
565 4066 726 4119 τοῦτο
769 4065 826 4118 δὲ
886 4066 969 4119 δεῖ
1014 4064 1402 4135 παρατηρῆσαι
1434 4066 1492 4117 ὲν
1518 4064 1623 4135 ὅλῳ
1649 4065 1727 4134 τῷ

105 4161 443 4232 ἀγροικικῴ
476 4158 675 4227 ἐκείνῳ
733 4156 974 4229 βιϐλιδίῳ
1002 4198 1018 4223 ,
1056 4158 1139 4211 ὅτι
1193 4156 1448 4224 ἐγνωκὼς
1498 4157 1526 4209 ὁ
1571 4156 1729 4209 τοῦτο

105 4252 488 4324 ληρῳδήσας,
519 4248 962 4319 δυσπαράδεκτον
1001 4250 1139 4309 ὅλως
1184 4245 1352 4300 οὖσαν
1383 4247 1726 4317 Χριπιανοῖς

1822 2076 1961 2129 quos
1992 2059 2105 2113 vult
2137 2059 2373 2118 salvare,
2404 2056 2782 2111 accommodat
2811 2056 2878 2110 ad
2896 2057 3141 2111 mandati
3160 2061 3242 2108 sui
3264 2058 3401 2109 ohe-

1822 2153 2085 2206 dientiam
2119 2169 2132 2204 :
2170 2165 2310 2218 quos
2337 2157 2517 2203 autem
2557 2164 2666 2202 non
2709 2148 2824 2202 vult
2865 2149 3099 2210 salvare,
3139 2159 3300 2217 negat
3331 2151 3394 2201 iis

1822 2244 2232 2312 intelligentiam
2260 2253 2312 2295 et
2342 2242 2691 2296 atlscultandi
2722 2239 3061 2307 facultatem,
3088 2251 3142 2295 et
3196 2243 3392 2305 placita

1822 2336 1870 2389 ei
1904 2333 2240 2402 exsequendi
2274 2348 2286 2383 :
2316 2341 2482 2399 atque
2503 2331 2576 2384 ita
2596 2331 2868 2399 punitioni
2898 2331 3192 2385 contradit.
3220 2333 3397 2401 Atque

1813 2416 1955 2478 hinc
2019 2428 2267 2492 cogitare
2323 2421 2514 2475 subest
2567 2421 3028 2490 blasphemiarum
3090 2421 3396 2474 enormium

1825 2513 2227 2568 multitudinem
2256 2529 2270 2578 ;
2310 2526 2504 2580 nempe
2533 2510 2679 2580 quod
2710 2508 2853 2565 Deus
2880 2509 3143 2580 impediat
3171 2526 3265 2564 eos
3289 2512 3381 2581 qui

1824 2606 1891 2659 ad
1928 2607 2064 2659 bene
2095 2604 2364 2674 agendum
2409 2601 2595 2656 forent
2621 2602 2878 2657 destinati
2907 2621 2920 2656 :
2957 2603 3104 2672 quod
3139 2605 3256 2672 ipse
3289 2604 3394 2657 sibi

1823 2698 2035 2767 legibus
2063 2694 2302 2749 ferendis
2333 2692 2713 2760 contradicat;
2765 2706 2993 2749 cunctos
3042 2695 3257 2764 quidem
3291 2697 3401 2751 sal-

1824 2806 1953 2844 vare
1992 2790 2200 2849 nolens,
2246 2800 2301 2843 et
2333 2800 2514 2843 tamen
2569 2788 2833 2841 salutaria
2864 2795 3131 2858 pracepta
3187 2790 3401 2842 cunctis

1830 2883 2071 2948 edicens,
2101 2892 2161 2935 ut
2191 2884 2303 2937 haec
2335 2883 2445 2936 sint
2476 2880 2732 2950 culpandi
2777 2879 3021 2943 occasio,
3062 2896 3173 2933 non
3217 2889 3398 2934 autem

1825 2975 2193 3043 consequendi
2230 2975 2436 3044 praemii
2483 2972 2835 3041 adjutorimn.
2871 2972 2961 3025 Sic
2991 2980 3171 3025 autem
3207 2970 3289 3025 vel
3318 2971 3403 3024 in-

1827 3066 1950 3122 vide
1984 3067 2096 3136 agit
2134 3067 2276 3118 Deus
2310 3083 2323 3119 :
2361 3065 2443 3116 vel
2471 3067 2599 3133 quia
2640 3073 2871 3117 cunctos
2923 3062 3260 3117 remunerari
3302 3077 3397 3115 ne-

1826 3158 1945 3229 quit
1980 3175 1995 3211 :
2036 3156 2119 3210 vel
2146 3155 2305 3226 quasi
2336 3165 2616 3211 creaturas
2651 3171 2782 3209 suas
2830 3153 3087 3219 illudens,
3125 3155 3398 3208 neminem

1830 3250 2036 3304 habens
2084 3264 2245 3318 quem
2300 3248 2371 3301 ob
2410 3248 2553 3301 hanc
2601 3248 2887 3301 veritatem
2942 3247 3402 3301 revereatur:vel

1824 3342 1953 3410 quia
1991 3341 2206 3394 laetatur
2238 3340 2463 3393 omnino
2501 3340 2785 3391 hominum
2817 3340 3057 3408 pernicie
3097 3357 3109 3392 :
3152 3339 3236 3392 Vel
3272 3340 3400 3409 quia

1828 3430 2082 3485 ultricem
2144 3430 2475 3483 voluntatem
2536 3428 2763 3491 retinet,
2820 3437 3041 3498 propter
3094 3437 3402 3498 susceptam

1824 3538 1949 3575 cum
1990 3522 2339 3591 progenitore
2371 3529 2558 3574 nostro
2590 3520 2930 3573 inimicitiam
2973 3538 2986 3573 :
3026 3522 3108 3574 vel
3137 3522 3268 3591 quia
3307 3536 3404 3574 na-

1827 3613 2077 3667 turaliter
2104 3626 2272 3666 causa
2296 3612 2560 3665 malorum
2591 3623 2696 3674 est,
2722 3625 2898 3680 neque
2928 3622 3105 3683 potest
3132 3614 3271 3667 male
3298 3630 3403 3668 non

1824 3704 2024 3759 facere.

1894 3795 1983 3849 5|.
2018 3793 2179 3849 Tales
2203 3804 2493 3865 tantasque
2519 3794 2912 3850 inscitissimus
2944 3796 3215 3850 barbarus
3243 3798 3402 3865 quasi

1826 3887 2133 3941 sententias
2178 3886 2376 3952 eliutit,
2424 3886 2538 3955 jam
2616 3888 2800 3941 indea
2856 3887 3126 3957 principio
3183 3887 3408 3941 dubium

1828 3980 2009 4033 statim
2042 3992 2103 4033 se
2133 3978 2431 4032 dissolvere
2462 3988 2682 4047 putans,
2715 3994 2815 4032 cur
2857 3994 2965 4032 non
3030 3995 3223 4034 omnes
3266 3979 3409 4035 dolis

1825 4069 1944 4137 ejus
1962 4069 2161 4123 irretiri
2183 4069 2477 4123 voluerint.
2518 4069 2633 4124 lloc
2648 4079 2834 4124 autem
2867 4070 3407 4126 animadvertendum

1826 4170 1911 4214 est
1944 4163 1996 4214 in
2029 4170 2142 4214 toto
2172 4160 2265 4214 illo
2299 4162 2497 4230 agresti
2529 4160 2732 4225 libello,
2756 4162 2900 4231 quod
2931 4161 3053 4230 ejus
3081 4162 3404 4231 nugatorius

1830 4258 2026 4304 auctor
2056 4265 2282 4320 gnarus,
2311 4266 2452 4320 (egre
2504 4253 2732 4305 omnino
2763 4252 2878 4307 fore
2908 4254 3220 4308 credibilem
3251 4251 3413 4309 Chria

1829 4343 2028 4398 stianis
2063 4345 2454 4413 atqueJudatis
2507 4345 2692 4399 fictam
2722 4347 2864 4400 hanc
2912 4362 3068 4401 suam
3102 4347 3414 4418 mytbogua-

1831 4434 2016 4504 phiam
2048 4434 2502 4506 barbaricamque
2542 4438 2883 4507 religionem,
2926 4450 3208 4494 exstantes
3259 4442 3407 4511 apud

102 4360 163 4395 τε
195 4343 303 4395 καὶ
354 4340 649 4400 Ἰουδαίοις
684 4340 784 4409 τὴν
830 4338 1078 4409 πλαστὴν
1125 4336 1292 4392 αὑτοῦ
1322 4337 1527 4409 ταύτην
1559 4338 1726 4409 μυθο-

102 4436 368 4504 γραφίαν
443 4432 545 4485 καὶ
578 4430 922 4501 βαρϐαρικὴν
963 4430 1286 4501 θρησκείαν,
1345 4431 1447 4494 τὰς
1481 4431 1633 4505 παρὰ
1660 4432 1727 4502 τῇ

103 4525 230 4598 θείᾳ
257 4526 483 4594 Γραφῇ
510 4523 771 4591 κειμένας
798 4521 949 4583 θείας
978 4521 1311 4588 ἐπαγγελίας
1353 4521 1718 4590 άποσυλήσας,

1829 4528 2073 4582 divinam
2109 4527 2448 4598 Scripturam
2484 4529 2576 4584 Dei
2608 4533 3001 4600 promissioncs
3034 4532 3408 4600 ,subl‘uratur;

101 4620 197 4669 καὶ
251 4615 396 4670 οῦδὲ
458 4614 665 4676 ταυτας
724 4614 963 4677 ἁπάσας,
1004 4612 1140 4666 ἀλλά
1188 4614 1368 4679 τόνγε
1404 4612 1718 4681 παράδεισοι

1836 4635 2011 4687 neque
2040 4620 2139 4673 has
2180 4630 2359 4675 tamen
2405 4636 2623 4687 omnes,
2672 4628 2767 4677 sed
2814 4626 3127 4693 paradisum
3179 4634 3413 4679 tantum-

103 4712 271 4777 μόνον
330 4710 402 4761 ὲν
439 4705 742 4773 ὑποσχέσει
790 4705 1145 4775 κληροδοσίας
1177 4702 1578 4772 καταψεύδεται
1622 4704 1718 4757 τῶι

1834 4711 1999 4767 modo
2031 4715 2363 4770 hanreditatis
2417 4716 2541 4771 loco
2605 4720 2830 4772 asseclis
2897 4720 3013 4774 suis
3073 4720 3412 4774 mendaciter

99 4802 256 4871 αὐτῷ
289 4799 753 4855 ὑπακουόντων·
801 4797 897 4850 καὶ
956 4798 1115 4850 τοῦτο
1149 4794 1460 4858 παναθλίως
1515 4797 1718 4864 γυναιξί

1837 4806 2134 4874 promittit,
2167 4807 2329 4876 idque
2384 4807 2681 4863 admodum
2737 4810 3046 4880 ﬂagitiose;
3083 4825 3279 4881 nempe
3316 4826 3415 4865 eos

99 4984 441 5056 Ceteroqui
473 4987 923 5056 noster'quoque
950 4977 1165 5056 Nicetas
1186 4983 1717 5056 agnoscitﬁlcorani

103 5047 465 5128 prommiirm
506 5048 651 5128 κατὰ
680 5047 847 5121 [puto
867 5066 965 5128 pro
993 5050 1152 5128 μετά]
1183 5047 1281 5121 τῆν
1303 5054 1565 5128 δοκοῦσαν
1588 5074 1724 5126 προ-

101 5120 288 5198 οιμίου
322 5128 525 5198 τόπον
562 5120 710 5189 ἔχειν
760 5123 1001 5198 γραφήν.
1222 5120 1459 5198 ergoin
1520 5120 1722 5181 Nicena:

103 5193 253 5254 testu
288 5195 556 5252 retentis
593 5194 906 5246 necessum
964 5193 1184 5262 scriptis
1227 5194 1295 5246 ab
1326 5195 1419 5248 illo
1455 5212 1716 5251 surarmu

105 5275 393 5336 uenturis,
441 5264 553 5335 qui
577 5278 793 5332 semper
819 5278 930 5316 uno
987 5265 1170 5316 minus
1204 5266 1436 5334 vulgatis
1485 5278 1633 5329 sunt,
1668 5268 1722 5322 in

106 5344 481 5412 marginibus
552 5345 733 5412 tamen
792 5336 1410 5412 vulgatpsuearumdem
1466 5352 1722 5412 surarum

105 5404 378 5468 nunferos
413 5406 803 5476 ascribemus,
832 5421 943 5476 quo
974 5404 1187 5459 facilius
1212 5404 1446 5461 lectores
1463 5409 1533 5461 ad
1561 5409 1727 5464 Alco—

108 5502 308 5539 ranun-
346 5499 412 5535 δε
443 5475 774 5533 conferant.

1832 4988 2027 5041 decreti
2056 4991 2192 5059 (sive
2231 4987 2731 5059 praedestinationis
2762 4990 3015 5057 gratuita:
3045 4997 3098 5044 et
3127 4986 3413 5059 absolute)

1833 5057 2296 5127 dequo‘legatur
2349 5057 2674 5113 Herbelotus
2729 5075 2848 5112 voc.
2913 5064 3109 5113 cadha.
3175 5057 3416 5115 Evodius

1835 5146 2052 5197 quoque
2083 5129 2386 5201 mortaclms
2421 5129 2473 5183 in
2501 5130 2730 5183 historia
2765 5141 3062 5201 martyrum
3089 5127 3223 5201 XL“
3247 5130 3415 5201 Amu-

1833 5204 2096 5265 rienslum
2135 5218 2163 5254 a
2192 5199 2482 5254 Saracenis
2507 5201 2818 5255 occisorum
2845 5199 3116 5265 (Bulland.
3151 5199 3309 5255 Mart.
3342 5200 3407 5255 Τ.

1835 5269 1873 5333 1,
1908 5271 1995 5323 die
2024 5272 2078 5339 ti)
2115 5273 2504 5325 ennciouantes
2531 5271 2658 5324 facit
2680 5282 2946 5339 martyres
2975 5273 3241 5326 adversus
3268 5273 3417 5326 hunc

1816 5343 2129 5396 -immauem
2180 5341 2433 5394 Alrorani
2471 5357 2737 5395 errorem.
2794 5341 2859 5395 Et
2904 5344 3125 5411 quidem
3187 5342 3413 5411 legenda

1838 5421 1922 5463 est
1955 5425 2063 5464 tcta
2101 5414 2188 5465 illa
2248 5411 2431 5464 Evodii
2466 5412 2731 5467 adversus
2784 5414 3166 5466 Saracenicam
3205 5422 3412 5466 sectam

1844 5483 2095 5547 invectio,
2118 5483 2276 5552 ciuilis
2302 5484 2523 5552 nonnisi
2561 5484 2825 5551 particula
2876 5483 3107 5536 refertur
3153 5481 3415 5552 aMZyga-

180 5556 296 5623 (2!)
335 5555 488 5604 Stlr.
521 5546 602 5623 ll,

179 5614 293 5694 {2'2}
324 5630 476 5676 ειη.
521 5616 591 5679 ll,
626 5614 664 5694 ’1Δ
698 5632 778 5684 sq.

331 5694 595 5769 Impiam
652 5685 1158 5769 lianc’ltlohamed-is
1218 5687 1565 5769 doetrinam,_
1616 5706 1725 5769 qua

115 5756 237 5824 suiu
262 5756 535 5824 srcuuda
562 5766 755 5817 scatet,
794 5756 997 5810 frusua
1026 5760 1157 5811 mihi
1184 5760 1398 5814 elevare
1429 5772 1523 5815 aut
1553 5756 1726 5817 lenire

116 5844 329 5895 \idctur
365 5830 677 5889 lio-laudus
705 5829 757 5882 in
804 5828 1186 5882 Jlohamedicis
1222 5831 1317 5884 lib.
1351 5845 1412 5894 tl,
1444 5830 1495 5884 ι.
1551 5829 1727 5887 Perti-

116 5920 203 5968 net
221 5919 416 5968 autem
452 5904 533 5960 ad
595 5900 808 5956 celebre
846 5902 990 5969 apud
1046 5897 1470 5959 Mohamedanos
1517 5902 1717 5975 dogma

1842 5552 1978 5623 lieno
2011 5555 2063 5605 in
2098 5550 2367 5623 Panaplia
2428 5550 2721 5608 LataBibl.
2752 5554 2855 5609 PP.
2907 5552 3083 5623 Lugd.
3114 5565 3152 5608 t.
3186 5550 3325 5617 XIV,
3359 5569 3415 5623 ν.

1841 5621 1967 5685 229,
1997 5628 2062 5677 de
2092 5622 2200 5676 Deo
2235 5624 2359 5694 mali
2386 5637 2648 5686 auctore;
2699 5640 2822 5694 qua:
2880 5621 3148 5692 particula
3190 5621 3414 5677 incaute

1837 5709 1962 5746 cum
2008 5694 2201 5748 aliems
2243 5692 2443 5748 ibidem
2480 5692 2879 5760 i'ratil’usa'luit;
2921 5697 2975 5749 in
3008 5695 3199 5750 Graeco
3228 5702 3415 5748 autem

1833 5763 2023 5890 codice
2045 5767 2189 5829 apud
2234 5765 2585 5837 Sylourgium
2620 5780 2687 5821 ne
2717 5782 2914 5823 nomen
2948 5767 3166 5837 quidem
3227 5763 3420 5821 Evodii

1833 5850 1940 5890 scr:
1969 5845 2119 5890 titur.

1833 5845 2119 5891 scribitur.
