4168 6450
217 421 318 483 713

1364 419 1797 483 REFUTATIO
1831 417 2312 483 MOHAMEDIS.

3357 421 3464 488 ’114

216 529 484 600 διαφόρως
509 527 833 597 τυγχάνουσι
861 528 973 598 (54)
998 543 1013 558 '
1068 528 1165 599 τῆς
1200 528 1507 599 προσούσης
1534 531 1590 583 δὲ
1636 527 1787 595 αὐτῷ

1907 538 2074 582 intem
2103 528 2152 581 ei
2186 534 2446 598 perpetuo
2475 526 2755 592 hmrentis,
2792 542 2857 581 ne
2890 528 3118 583 stultum
3143 543 3300 582 suum
3335 543 3468 585 eon-

217 622 417 682 δειλίας
448 622 573 690 περὶ
604 622 702 689 τὴν
748 619 1045 688 ἀποτυχίαν
1074 619 1167 673 τοῦ
1204 619 1432 690 ματαίου
1474 619 1639 673 αὑτοῦ
1664 634 1791 687 φρο-

219 714 475 782 νήματος.
504 712 563 763 τδ
591 712 791 763 οἰκεῖον
826 711 988 779 ἔργον
1009 708 1254 780 ἐναργῶς
1284 714 1583 780 μαρτυρεῖ·
1611 708 1792 777 σχεδον

219 804 322 872 γὰρ
349 806 408 856 ὲν
436 805 651 872 ἑκάστῳ
686 804 827 873 λόγῳ
859 801 1016 856 τοῦτο
1048 805 1274 855 αἰτεῖται
1311 802 1386 871 μὴ
1410 801 1792 869 διαπιστευθῆ-

220 914 323 956 ναι.
341 897 423 947 ὅτι
454 896 637 948 θεόθεν
667 895 728 947 τὸ
758 894 1085 963 θεολοίδορον
1106 894 1263 947 τοῦτο
1291 894 1497 965 ἤγαγεν
1523 894 1757 963 γράμμα
1775 908 1791 925 ο

220 986 351 1055 ὅπερ
406 986 693 1054 συμϐαίνει
750 988 861 1048 τοῖς
913 985 989 1054 μὴ
1016 984 1076 1048 ἐξ
1116 984 1291 1053 ἔργων
1326 987 1423 1054 τὴν
1460 986 1567 1037 τῶν
1623 985 1794 1051 λόγων

223 1077 509 1145 βεϐαίωσιν
544 1077 795 1146 ἔχουσιν
832 1079 926 1129 καὶ
966 1077 1072 1144 γὰρ
1118 1077 1302 1146 ἠγνόει
1337 1080 1364 1131 ὁ
1403 1078 1665 1145 δύστηνος
1696 1077 1793 1145 τῆς

220 1168 302 1220 διά
330 1169 429 1232 τὴν
453 1167 659 1238 τόλμην
685 1168 887 1237 ταύτην
922 1169 1189 1238 μενούσης
1219 1169 1365 1239 αὐτῷ
1402 1168 1675 1231 κολάσεως
1697 1169 1796 1237 τὴν

222 1259 592 1327 σφοδρότηταδ
654 1259 767 1313 ἀλλ’
813 1261 894 1312 ὅτι
940 1276 1002 1324 γε
1050 1260 1299 1330 φανερῶς
1346 1261 1656 1330 ἐθεομάχει,
1703 1259 1799 1313 καὶ

220 1349 335 1400 οὐδὲ
369 1349 552 1401 λαθεῖν
581 1352 708 1414 τοὺς
740 1351 1060 1422 ἀνθρώπους
1094 1349 1238 1420 εἶχεν
1270 1352 1567 1421 ὴπίστατο’
1600 1352 1800 1405 αὐτίκα

221 1440 346 1506 γοῦν
375 1443 433 1492 ὲν
460 1441 537 1511 τῷ
570 1441 719 1509 αὐτῷ
749 1440 947 1512 πρώτῳ
1122 1442 1263 1513 λόγῳ
1290 1444 1350 1495 τὸ
1376 1444 1439 1495 ὲκ
1466 1442 1601 1496 Θεοῦ
1630 1444 1800 1495 ταῦτα

220 1532 602 1601 ὲκπεπέμφθαι
635 1532 931 1603 βεϐαιῶσαι
960 1535 1225 1603 οἰόμενος,
1270 1533 1411 1587 οὕτω
1447 1534 1609 1603 φησίν
1644 1533 1755 1603 (56)
1783 1549 1797 1563 ⁸

226 1640 243 1671 ι
278 1623 405 1675 Ἐάν
439 1624 560 1674 ἐστε
592 1624 650 1675 ὲν
678 1623 960 1693 σκανδάλῳ
992 1626 1119 1693 περ)⁵
1160 1619 1236 1678 ὧν
1288 1625 1675 1693 κατηγὰγομεν
1710 1626 1801 1677 ἐπὶ

219 1713 302 1765 τὸν
328 1713 517 1766 δοῦλον
557 1716 738 1784 ἡμῶν,
766 1716 1002 1783 ἀγάγετε
1042 1718 1183 1789 ᾠδὴν
1212 1717 1327 1786 (57)
1377 1719 1440 1770 ὲκ
1465 1718 1573 1769 τῶν
1601 1716 1801 1786 ὁμοίων

220 1806 438 1867 αὐτοῦ.»
479 1808 588 1861 τῶν
614 1811 905 1879 προφητῶν
934 1810 1134 1880 δηλαδὴ
1175 1811 1369 1879 λέγων,
1404 1830 1422 1863 ι
1445 1813 1541 1865 καὶ
1564 1812 1799 1879 ἀγάγετε

1894 619 2076 675 silium
2110 618 2313 675 frustra
2347 619 2440 681 sit.
2470 619 2583 691 ipse
2636 622 2774 675 liber
2829 622 2982 676 testis
3015 630 3102 676 est
3136 639 3149 676 :
3183 621 3383 676 etenim
3416 623 3469 677 in

1894 710 2042 765 omni
2093 724 2261 780 prope
2315 711 2552 780 capitulo
2580 713 2711 783 petit
2738 728 2807 767 ne
2849 714 2981 768 fides
3010 714 3113 769 sibi
3158 716 3469 785 derogetur,

1894 805 2039 872 quod
2100 802 2361 858 divinitus
2420 803 2740 871 injuriosam
2793 804 2933 858 hanc
2978 804 3085 858 Deo
3142 808 3469 876 scripturam

1896 894 2165 961 acceperit
2198 913 2208 946 :
2240 894 2385 965 quod
2420 894 2668 949 accidere
2700 910 2833 951 sane
2865 895 2932 949 iis
2958 896 3198 950 solemne
3223 906 3303 951 est
3324 938 3338 957 .
3373 894 3469 964 qui

1897 984 2152 1052 operibus
2201 987 2316 1041 suis
2349 986 2568 1040 firmare
2617 988 2779 1041 verba
2830 1002 2938 1041 non
2974 996 3200 1057 queunt.
3233 989 3297 1041 Et
3343 1004 3476 1044 sane

1899 1073 2186 1141 ignorabat
2219 1076 2384 1129 miser
2408 1086 2582 1144 pmnre
2608 1075 2948 1143 gravitatem,
2980 1089 3102 1143 quze
3135 1075 3312 1142 ipsum
3352 1090 3475 1143 pro-

1900 1173 2020 1232 pter
2052 1164 2265 1220 facinus
2290 1166 2392 1220 hoc
2427 1166 2717 1231 manebat;
2753 1166 3006 1233 quodque
3042 1177 3226 1235 aperte
3253 1164 3360 1232 Deo
3385 1165 3482 1217 ad-

1902 1270 2229 1324 versaretur,
2280 1258 2332 1311 id
2384 1258 2637 1312 homines
2673 1272 2777 1310 non
2812 1257 2978 1311 latere
3023 1258 3245 1311 sciebat.
3280 1257 3478 1311 Statim

1901 1349 2063 1418 igitur
2087 1350 2140 1404 in
2173 1349 2349 1418 primo
2379 1351 2639 1417 capitulo,
2672 1350 2896 1404 missam
2917 1365 2945 1403 a
2973 1349 3080 1403 Deo
3111 1350 3251 1403 hanc
3280 1349 3485 1403 doctri—

1904 1456 2026 1495 nam
2057 1441 2381 1496 confirmare
2415 1443 2625 1506 volens,
2645 1442 2723 1497 sic
2756 1442 2856 1496 ait:
2888 1462 2905 1494 ‹
2945 1442 3000 1496 Si
3035 1440 3482 1495 seandalizamini

1904 1532 1956 1586 in
1998 1534 2064 1589 iis
2098 1549 2218 1603 quae
2263 1533 2583 1588 demisimus
2630 1533 2695 1586 ad
2744 1549 2960 1588 servum
3003 1544 3276 1597 nostrum,
3311 1534 3484 1587 addu-

1902 1625 2007 1679 cite
2044 1625 2315 1678 canticum
2349 1641 2412 1679 ex
2441 1625 2714 1680 similibus
2754 1626 2822 1679 ei.
2862 1644 2880 1678 ›
2913 1625 2987 1678 Ex
3022 1627 3299 1695 prophetis
3334 1625 3487 1680 vide-

1905 1712 2049 1766 licet.
2087 1731 2105 1764 ι
2138 1712 2201 1765 Ει
2231 1713 2483 1767 adducite
2516 1721 2683 1767 testes
2716 1716 2951 1776 vestros,
2992 1731 3011 1765 ι
3046 1713 3265 1766 eosdem
3320 1714 3488 1767 nimi-

1905 1820 2025 1859 rum
2089 1804 2383 1873 prophetas
2440 1804 2649 1870 dicens,
2691 1804 2772 1858 vel
2813 1804 2976 1858 etiam
3038 1804 3265 1858 idoneos
3300 1821 3427 1859 vera
3459 1820 3489 1859 a

217 1900 337 1961 τοὺς
365 1901 652 1969 μάρτυρας
683 1902 856 1970 ὑμῶν,
894 1923 911 1954 ι
947 1903 1076 1966 τοῦς
1110 1903 1305 1966 αὐτοὺς
1356 1904 1529 1972 λέγων
1580 1904 1795 1973 προφή-

1907 1897 2053 1952 falsis
2101 1897 2436 1952 discernere.
2468 1916 2487 1948 ι
2523 1896 2578 1951 Si
2628 1907 2827 1966 praater
2889 1896 3085 1959 Deum,
3152 1898 3349 1967 inquit,
3406 1908 3493 1953 est

218 2003 344 2054 τας,
378 1989 413 2060 ἢ
447 1991 699 2056 καὶτοὺς
738 1993 995 2058 δυνατοὺς
1037 1994 1288 2061 ἐξετάσαι
1332 1991 1510 2065 ἀληθῆ
1558 1994 1590 2064 ἥ
1634 1996 1802 2067 ψευδῆ

218 2080 369 2148 λόγον
391 2098 407 2112 ν
445 2100 463 2133 ι
497 2084 545 2135 εἰ
579 2084 754 2155 πάρεξ
797 2084 956 2150 Θεοῦ,
998 2087 1155 2156 φησι,
1189 2087 1340 2140 ἔσται
1368 2086 1573 2157 ἀληθής
1600 2088 1711 2157 (38)
1736 2103 1751 2116 ’
1780 2107 1798 2138 ι

216 2170 413 2224 ὡσανεὶ
438 2172 643 2240 ἔλεγεν,
669 2175 751 2227 ὅτι
781 2174 949 2243 Κάγὼ
978 2176 1110 2228 Θεὸν
1135 2176 1393 2246 κηρύττω
1417 2177 1491 2239 ὠς
1527 2177 1767 2230 κάκεῖνοι
1786 2189 1800 2205 ⁸

216 2265 327 2316 ἀλλ’
354 2265 548 2318 ἔλαθεν
570 2267 762 2319 ἑαυτὸν
792 2267 819 2319 ὁ
849 2268 1289 2338 καμηλοφορϐὸς,
1309 2267 1384 2331 ὠς
1400 2269 1519 2338 οὐχ).
1538 2271 1597 2321 τὸ
1622 2269 1804 2332 ἁπλῶς

216 2354 342 2405 Θεὸν
390 2355 685 2426 κηρύττειν
741 2358 890 2410 ἐστὶν
946 2358 1181 2428 ἀληθοῦς
1224 2360 1464 2427 κήρυκος
1490 2400 1503 2422 ,
1541 2360 1635 2412 καὶ
1665 2359 1802 2411 Θεοῦ

214 2444 467 2514 ἀληθοῦς.
490 2446 607 2497 ἀλλ’
650 2448 700 2499 εἰ
732 2448 964 2517 ἀληθοῦς
999 2448 1135 2501 Θεοῦ
1170 2449 1386 2518 ἀληθῶς
1419 2451 1535 2501 ἐστι
1568 2448 1744 2517 κήρυξ
1776 2450 1804 2501 ὁ

220 2536 422 2605 κήρυξι
449 2536 596 2609 Τίις]
627 2537 736 2609 γὰρ
773 2540 957 2610 ὖνησις
984 2544 1051 2610 τῇ
1074 2540 1186 2612 ᾠδῇ
1215 2541 1307 2594 τοῦ
1343 2542 1528 2603 Δαόὶδ,
1560 2542 1679 2612 ῆτῇ
1709 2539 1804 2593 τοῦ

222 2628 449 2681 Ἡσαΐου
481 2632 808 2702 προφητεία,
839 2633 871 2703 ἢ
921 2633 1169 2704 Ἐζεκιήλ
1202 2651 1261 2686 τε
1316 2636 1410 2686 καὶ
1440 2634 1654 2704 Δανιὴλ,
1710 2633 1805 2686 καὶ

213 2722 326 2783 ταῖς
352 2720 467 2773 τῶν
489 2723 694 2775 λοιπῶν
722 2726 1017 2795 προψητῶν
1072 2728 1135 2778 ὲκ
1178 2726 1278 2796 τῆς
1314 2728 1413 2793 σῆς
1447 2725 1805 2795 θεοκηρυξίας

212 2812 393 2876 ἀθέου,
428 2815 636 2884 εἴποιμι
658 2815 725 2867 ἂν
750 2818 883 2885 πρ³›ς
912 2819 1002 2870 τὸν
1049 2818 1324 2888 βάρϐαρον
1353 2817 1541 2870 τοῦτον
1573 2818 1667 2870 καὶ
1688 2818 1805 2870 θεο-

215 2904 410 2974 μάχον,
449 2907 527 2959 ὅτ’
559 2907 626 2959 ἂν
674 2910 737 2960 τὸ
788 2910 878 2962 σὺν
936 2911 1201 2980 κήρυγμα
1238 2912 1326 2963 ἐπ’
1383 2913 1665 2980 ἀνατροπῇ
1703 2910 1800 2963 τοῦ

212 2995 437 3050 ἐκείνων
463 2998 819 3069 κηρύγματος
848 3003 1158 3071 γέγραπται
1185 3019 1199 3068 ;
1237 3003 1402 3055 πόθεν
1445 3002 1539 3055 οὖν
1578 3002 1803 3055 ἄλλοθεν

210 3086 305 3156 τὴν
321 3088 601 3154 ἀπόδειξιν
628 3090 790 3156 ἕξεις,
819 3092 919 3161 τῆς
947 3096 1003 3145 ἐν
1119 3095 1429 3157 ἐπεποίθεις
1474 3094 1805 3158 ἀποδείξεώς

212 3193 289 3230 σοι
321 3179 686 3251 σϐεσθείσηςς
720 3179 755 3252 ἦ
793 3185 900 3252 γὰρ
926 3184 1047 3254 οὐχὶ
1083 3186 1233 3237 πᾶσα
1265 3187 1298 3254 ἡ
1353 3186 1469 3238 θεία
1514 3188 1606 3237 καὶ
1636 3184 1799 3255 ἀρχέ-

209 3287 363 3335 γονος
421 3272 616 3343 Γραφὴ
663 3274 796 3327 Θεὸν
849 3275 1342 3347 σαρκωθησόμενον
1401 3278 1799 3345 προαγγὲλλεις

208 3360 352 3422 ὅστις
378 3363 657 3433 ἀριδήλως
684 3365 1064 3417 ἀποδέδεικται
1084 3367 1346 3437 ὑπάρχων
1370 3367 1397 3417 ὁ
1425 3368 1675 3436 Χριστδς,
1703 3368 1807 3418 κᾶν

208 3454 503 3507 ἐπεπόνθει
556 3457 740 3526 σαρκί.
801 3457 1121 3527 ’Λδιήγητον
1178 3460 1276 3528 τὴν
1334 3460 1527 3525 γενεάν
1583 3459 1808 3519 Ἡσαΐας

209 3545 407 3610 φάσκει
454 3546 546 3599 διὰ
591 3548 650 3599 τὸ
677 3549 852 3600 εἰπεῖν
882 3550 1117 3617 γενεὰν,
1159 3553 1252 3602 καὶ
1280 3550 1378 3619 τὴν
1408 3550 1589 3619 υἱικὴν
1616 3552 1679 3601 ἐκ
1713 3547 1808 3601 τοῦ

209 3638 421 3705 Πατρὸς
479 3639 705 3707 πρόοδον
759 3640 1102 3708 ὑπογράψας,
1150 3642 1212 3694 τὸ
1246 3645 1479 3711 πρᾶγμα
1520 3642 1679 3694 τοῦτο
1713 3642 1809 3711 δη-
1838 3692 1863 3704 _

208 3726 422 3793 λοῦντος
451 3728 550 3783 τοῦ
581 3728 843 3801 ὀνόματος
872 3748 883 3762 ·

210 3819 364 3893 δέχῃ.

278 3911 379 3979 λγ’.
434 3912 670 3984 Ἐτρεξῆς
699 3913 755 3967 δὲ
784 3912 878 3967 τοῦ
920 3913 1154 3983 μυθικοῦ
1202 3914 1368 3969 αὐτοῦ
1424 3916 1802 3987 συγγράμμα-

206 4016 295 4066 τος
330 4004 451 4071 (59)
488 4007 817 4075 παρεισάγει
844 4006 938 4059 τὸν
962 4007 1094 4059 Θεὸν
1126 4007 1673 4079 συμσουλευσάμενον
1694 4012 1808 4073 τοῖς

208 4097 470 4163 ἀγγέλοις
504 4099 756 4168 περὶτῆς
785 4098 879 4151 τοῦ
915 4099 1207 4167 ἀνθρώπου
1246 4101 1538 4167 γενέσεως,
1572 4103 1665 4154 καὶ
1697 4120 1809 4154 κω-

208 4184 473 4255 λυόμενον
506 4191 638 4259 παρ’
664 4190 845 4242 αὐτῶν
871 4190 943 4253 ὡς
968 4192 1158 4245 ἀδίκου
1186 4192 1448 4262 ἐσομένου
1484 4194 1650 4246 αὑτοῦ
1671 4208 1683 4223 ⁸
1715 4196 1808 4246 τὸν

208 4277 261 4329 δὲ
273 4281 407 4331 Θεὸν
440 4280 544 4333 καὶ
569 4282 872 4350 ποιήσαντα
902 4283 998 4337 καὶ
1020 4283 1321 4354 σοιρίσαντα
1346 4285 1439 4339 τὸν
1470 4287 1641 4356 ’Λδὰμ
1670 4288 1808 4358 ὑπὲρ

210 4370 403 4435 αὐτούς
426 4388 442 4403 ’
479 4376 580 4426 καὶ
614 4374 803 4427 τοῦτον
834 4372 972 4429 εἶναι
999 4377 1090 4430 τὸν
1130 4377 1418 4443 διδάξαντα
1450 4379 1518 4432 τὰ
1562 4380 1671 4432 τῶν
1724 4382 1809 4431 όν-

211 4474 313 4513 των
336 4464 596 4534 ὀνόματα
616 4482 629 4493 ’
670 4467 895 4538 τοιαύτη
927 4469 961 4537 ἡ
1017 4468 1433 4539 ἀνθρωπογονία
1465 4469 1560 4523 τοῦ
1608 4488 1809 4540 παραιο

936 3733 1002 3802 ἦν
1053 3729 1118 3783 σὺ
1153 3732 1226 3795 ὡς
1271 3732 1488 3803 ἀμαθὴς
1530 3732 1589 3783 οὑ
1625 3748 1805 3803 παρα-

1907 1990 2107 2060 aliquis
2134 2006 2320 2045 verax.
2364 2008 2383 2043 ι
2415 1989 2581 2056 Quasi
2618 1992 2767 2046 dicat
2802 2010 2814 2047 :
2850 1992 2962 2064 Ego
2993 1991 3199 2056 Deum,
3232 2008 3387 2062 teque
3428 2008 3493 2046 ae

1907 2081 2008 2145 illi,
2042 2082 2302 2150 praedico.
2358 2081 2463 2135 Sed
2521 2084 2739 2153 ignorat
2795 2083 3123 2137 camelarius
3148 2123 3162 2146 ,
3200 2084 3344 2153 quod
3381 2100 3487 2137 non

1907 2174 2227 2244 simpliciter
2256 2173 2426 2227 Deum
2475 2174 2795 2243 przelieare,
2822 2189 3067 2227 veracem
3102 2176 3324 2228 denotat
3352 2190 3493 2245 pra:-

1908 2267 2203 2321 dicatorem
2230 2262 2321 2318 Dei
2348 2264 2495 2327 veri;
2531 2264 2623 2318 sed
2655 2274 2866 2333 oportet
2893 2264 3003 2319 veri
3031 2264 3120 2318 Dei
3152 2279 3339 2317 verum
3370 2279 3493 2319 esse

1908 2358 2321 2423 praedicatorem
2372 2358 2463 2428 qui
2516 2357 2794 2426 prmdicat.
2826 2357 2962 2411 Nam
2999 2373 3251 2426 qumnam
3287 2357 3494 2411 utilitas

1908 2449 2122 2503 cantico
2146 2447 2385 2511 Davidis,
2422 2457 2514 2501 aut
2553 2447 2708 2501 Isaiae
2734 2448 3015 2512 vaticinio,
3043 2461 3138 2502 aut
3168 2447 3494 2511 EzechieEis,

1908 2548 2005 2593 aut
2055 2538 2316 2601 Danielis,
2348 2546 2401 2592 et
2433 2538 2773 2608 reliquorum
2807 2537 3223 2607 prophetarum.
3257 2538 3325 2591 ab
3358 2538 3495 2591 irre-

1908 2630 2098 2701 ligiosa
2124 2640 2215 2685 tua
2248 2630 2339 2685 Dei
2376 2630 2758 2699 praedicatione
2780 2630 2978 2684 accidit
3008 2630 3118 2699 (aio
3153 2631 3340 2700 utique
3363 2629 3491 2684 huic

1907 2726 2143 2780 barbaro
2171 2734 2225 2779 et
2268 2724 2361 2779 Dei
2412 2724 2603 2793 hosti),
2656 2723 2914 2793 quoniam
2961 2733 3016 2777 tu
3050 2725 3491 2793 praedicationem

1908 2826 2057 2870 tuam
2116 2817 2183 2871 ad
2240 2816 2506 2870 doctrinae
2564 2815 2782 2869 illorum
2813 2812 3159 2870 eversionem
3192 2817 3499 2885 scripsisti?

1908 2907 1972 2961 Et
2005 2908 2279 2977 quomodo
2321 2908 2544 2962 aliunde
2592 2908 3116 2961 demonstrationem
3154 2924 3359 2969 snntes,
3408 2910 3498 2963 illa

1908 3000 2005 3054 tibi
2086 3002 2356 3055 exstincta
2431 2999 2519 3053 eui
2595 2999 2913 3053 conlidebas
2986 3001 3498 3054 demonstratione?

1908 3090 2100 3149 Nonne
2134 3096 2315 3148 omnis
2344 3102 2500 3147 vetus
2525 3093 2707 3147 divina
2751 3090 2788 3146 S
2811 3094 3034 3162 ~riptura
3068 3094 3235 3147 Deum
3269 3095 3384 3149 fore
3416 3095 3501 3148 in-

1905 3188 2242 3241 eat-nandum
2271 3188 2629 3255 pra'nuntiat?
2659 3190 2874 3255 qualem
2926 3188 3181 3241 nimirum
3216 3189 3502 3245 manifesto

1910 3280 2160 3333 Christus
2190 3294 2248 3332 se
2280 3279 2551 3343 exhibuit,
2575 3280 2791 3333 etiamsi
2820 3294 2985 3332 carne
3020 3296 3215 3349 passus
3248 3294 3351 3336 est.
3387 3282 3501 3335 lne-

1911 3369 2238 3422 narrabilem
2296 3370 2429 3422 dicit
2483 3370 2605 3438 ejus
2656 3370 3068 3435 generationem
3123 3371 3309 3426 Isaias.
3365 3372 3500 3425 Dum

1911 3462 2085 3513 utitur
2108 3460 2375 3514 vocabulo
2396 3465 2684 3530 generatio,
2719 3461 2838 3515 Filii
2869 3477 2931 3515 ex
2965 3462 3123 3515 Patre
3154 3479 3501 3533 progressum

1911 3552 2175 3605 describit
2210 3564 2223 3605 :
2259 3568 2495 3621 namque
2537 3554 2677 3606 hanc
2718 3568 2828 3606 rem
2883 3554 3208 3607 vocabulum
3234 3557 3497 3620 ostendit,

1911 3651 2073 3712 quam
2109 3652 2187 3709 tu,
2218 3658 2251 3697 0
2293 3644 2586 3708 inerudite,
2623 3659 2730 3698 non
2763 3646 3026 3700 admittis.

1988 3908 2077 3962 35.
2111 3907 2316 3964 Deinde
2349 3910 2402 3963 in
2433 3925 2528 3965 sua
2569 3910 2819 3966 fabulosa
2860 3912 3161 3982 scriptione
3204 3915 3503 3970 introducit

1913 3997 2082 4052 Deum
2115 3984 2505 4054 deliberantem
2548 4016 2673 4055 cum
2713 4002 2924 4072 angelis
2952 4003 3019 4057 de
3065 4005 3304 4058 hominis
3347 4023 3503 4059 ert-a-

1915 4089 2082 4155 tione,
2142 4101 2305 4160 atque
2370 4093 2439 4145 ab
2488 4093 2594 4146 illis
2646 4094 2970 4157 cohibitum,
3029 4096 3287 4163 quoniam
3340 4098 3504 4151 homo

1915 4183 2135 4238 futurus
2158 4195 2277 4238 erat
2314 4185 2536 4254 iniquos
2564 4204 2577 4239 :
2607 4196 2658 4240 et
2689 4188 3050 4243 nihilominus
3081 4188 3250 4243 Deum
3293 4189 3500 4246 facien-

1914 4286 2045 4342 tem,
2077 4293 2143 4331 ae
2184 4278 2509 4347 sapientiam
2561 4295 2671 4349 prae
2714 4279 2820 4335 illis
2853 4282 3064 4336 Adamo
3094 4283 3499 4352 conferentem;

1911 4382 2073 4441 atque
2104 4372 2172 4425 ab
2195 4375 2295 4425 hoc
2316 4372 2447 4426 dicit
2474 4373 2694 4426 nomina
2720 4375 3102 4429 exsistentium
3129 4392 3310 4431 rerum
3328 4392 3504 4432 cmm-

1914 4466 2065 4519 tiata.
2101 4464 2247 4518 Talis
2271 4475 2357 4520 est
2380 4466 2817 4535 anthropogonia
2844 4470 3107 4533 auctoris,
3134 4472 3224 4539 qui
3253 4472 3502 4527 hortatur

210 4554 426 4619 νοῦντος
470 4558 598 4619 ταῖς
642 4558 748 4626 πρὸ
784 4557 949 4611 αὑτοῦ
998 4559 1173 4623 θείαις
1227 4561 1473 4631 Γραφαῐς
1510 4562 1801 4615 συναποδέ-

1917 4567 1977 4612 ut
2006 4574 2132 4612 cum
2169 4558 2571 4626 antiquioribus
2597 4573 2657 4612 se
2690 4559 2983 4629 scripturis
3020 4561 3253 4616 Arabica
3282 4580 3499 4635 quoque

208 4648 392 4715 χεσθαι
432 4650 571 4710 τοὺς
610 4650 932 4719 ’Δραῦικοὺς
980 4653 1248 4721 ὀνείρους.
1287 4653 1518 4705 Ἔπειτα
1553 4655 1665 4722 (40)
1714 4654 1806 4705 τὸν

207 4737 449 4793 Μωῢσέα
492 4740 636 4809 φησὶ
666 4740 981 4811 βοοθήλειαν
1011 4746 1075 4796 ἐκ
1108 4744 1244 4797 Θεοῦ
1277 4744 1636 4797 κελευσθέντα
1666 4745 1805 4797 ὑπο-

206 4831 370 4896 δεῖξαι
401 4834 485 4904 τῷ
514 4833 657 4904 λαῷ,
706 4836 772 4903 ἢν
827 4836 934 4889 ἔδει
969 4836 1163 4891 θῦσαι⁸
1222 4838 1332 4891 τῶν
1376 4838 1431 4891 δὲ
1468 4839 1809 4907 ἀγνοούντων

208 4925 361 4978 ὁποία
389 4944 481 4990 τις
519 4927 591 4979 ἂν
622 4927 732 4997 εἰη,
763 4930 1080 4992 πλειστάκις
1109 4930 1368 5001 δεηθῆναι
1395 4932 1488 4984 τοῦ
1516 4931 1651 4984 Θεοῦ
1680 4933 1807 5000 περὶ

211 5015 428 5070 τούτουο
460 5018 563 5071 καὶ
595 5016 769 5083 οὕτως
804 5021 999 5090 μαθεῖν
1045 5024 1140 5077 κα)⁵
1174 5025 1338 5077 αὑτὸν
1388 5024 1673 5089 κάκείνους
1718 5025 1807 5078 διά

279 5132 298 5162 ³
326 5129 433 5185 lsa.
479 5146 645 5198 Lvm,
686 5131 742 5187 8.

279 5272 388 5339 (δι)
441 5270 711 5341 lntelligit
753 5270 984 5327 fortasse
1028 5272 1326 5325 sententias
1375 5272 1664 5341 abrogalas
1712 5288 1807 5327 seu

210 5352 535 5396 retractatas
568 5342 625 5396 in
658 5342 951 5410 Alconano,
975 5344 1040 5397 de
1068 5345 1270 5413 quibus
1292 5342 1591 5398 Maraccius
1628 5342 1808 5397 Trurt.

210 5415 268 5466 de
296 5416 411 5465 Alc.
456 5430 589 5481 cap.
626 5413 679 5467 5.

277 5485 387 5551 (55)
416 5483 681 5537 Diximus
695 5485 809 5554 jam
832 5484 957 5552 (col.
973 5484 1097 5547 708,
1122 5495 1241 5540 not.
1262 5484 1354 5555 20)
1377 5501 1481 5539 non
1502 5486 1806 5553 computari

212 5570 237 5605 a
268 5555 451 5610 Noctu
488 5557 755 5609 Alcorani
791 5556 1137 5624 prounnium,
1174 5558 1400 5624 ideoque
1430 5573 1552 5625 quze
1570 5555 1808 5610 secunda

215 5628 262 5678 in
294 5626 535 5696 vulgatis
569 5628 910 5679 editionibus
944 5629 1084 5680 Sura
1119 5636 1222 5692 est,
1250 5628 1391 5682 hanc
1428 5628 1503 5681 illi
1544 5643 1665 5681 esse
1695 5642 1807 5696 prt-

213 5709 375 5759 mam,
412 5706 470 5751 et
503 5698 592 5751 sic
625 5697 903 5765 deinceps.

280 5767 391 5834 (56)
424 5769 561 5821 Sur.
597 5766 661 5829 11,
694 5768 784 5822 25.

280 5839 389 5909 (57)
416 5838 702 5894 Nimirum
732 5840 848 5910 ipsa
881 5839 1131 5895 Alcorani
1160 5839 1397 5899 elocutio
1428 5840 1584 5896 habet
1618 5856 1810 5912 quem-

453 5934 740 5993 Ρλτηθι..
783 5935 897 5992 Gn.
935 5938 1055 5993 (Ὗ.

1917 4650 2129 4705 somnia
2191 4650 2573 4705 admittantur.
2632 4651 2839 4707 Deinde
2901 4654 3034 4708 dicit
3097 4654 3339 4726 Moysem
3388 4657 3499 4713 Deo

1914 4744 2138 4813 iubente
2182 4756 2402 4797 vaccam
2441 4744 2640 4813 populo
2686 4744 2997 4800 ostendisse
3029 4763 3189 4815 quam
3226 4750 3498 4805 immolari

1915 4837 2215 4906 oportebat.
2269 4834 2380 4890 illis
2421 4848 2603 4889 autem
2656 4838 3037 4907 ignorantibus
3085 4837 3263 4909 qualis
3315 4856 3505 4906 esset,

1918 4942 2294 4996 saepenumero
2324 4929 2424 4979 hac
2454 4942 2617 4994 super
2642 4943 2698 4981 re
2727 4926 2898 4982 Deum
2933 4932 3197 4987 oravisse.
3224 4933 3401 5002 Atque
3431 4936 3503 4990 ita

1920 5036 2033 5074 rem
2062 5020 2284 5073 demum
2314 5018 2668 5087 cognovisse,
2705 5018 2939 5089 illosque
2975 5038 3071 5092 per
3094 5024 3339 5094 symbolo
3368 5027 3502 5080 edo-

1913 5273 2037 5325 dam
2078 5270 2416 5341 rhythmum,
2463 5269 2695 5341 ideoque
2752 5268 3028 5341 confertur
3072 5288 3196 5325 cum
3248 5275 3501 5331 canticis.

1914 5342 2107 5395 lrridet
2128 5340 2307 5415 tamen
2341 5343 2481 5415 hanc
2506 5340 2839 5415 illohamedis
2865 5342 3201 5407 iactantiam.
3222 5346 3505 5415 gratisque

1915 5423 2179 5467 assertam
2208 5411 2516 5465 Alrorauiei
2549 5411 2785 5479 rhythmi
2808 5423 3172 5475 venustatem,
3206 5411 3505 5481 specitninc

1913 5486 2033 5553 ejus
2064 5484 2199 5537 satis
2232 5483 2439 5537 insulso
2473 5483 2706 5553 prolato,
2735 5480 3034 5537 Maraccius
3065 5493 3103 5536 t.
3137 5484 3176 5545 Ι,
3214 5484 3502 5542 Prodrom.

1914 5552 2081 5609 rel'ut.
2125 5564 2265 5622 part.
2294 5570 2350 5615 ιι,
2390 5570 2442 5621 p.
2488 5552 2575 5604 72.

1987 5624 2097 5695 (58)
2134 5625 2588 5677 Alcoranitextus
2614 5622 2853 5692 postulat
2888 5633 2945 5679 ut
2978 5624 3269 5692 scribatur,
3306 5630 3351 5680 εἰ
3382 5631 3504 5684 ἐστὲ

1917 5696 2158 5765 ἀληθεῖς,
2196 5699 2243 5747 si
2270 5696 2392 5747 estis
2413 5709 2637 5746 veraces.

1992 5767 2103 5829 (59)
2135 5766 2260 5819 Sur.
2298 5765 2360 5825 ll,
2396 5765 2485 5818 50.

1994 5839 2108 5909 (ιιι)
2135 5836 2260 5891 Sur.
2296 5837 2356 5902 ll,
2387 5834 2477 5888 (ΓΙ.

3074 5933 3163 5998 2.3
