4168 6450
709 415 814 479 715

1936 416 1983 471 Ν
1996 415 2225 475 lCET;I£
2261 416 2439 476 BYZA
2452 416 2664 477 NTINI

3850 423 3957 485 716

708 524 909 588 euisse,
944 523 1085 578 hanc
1111 538 1284 592 neque
1307 524 1539 578 vetulam
1562 538 1681 578 esse
1706 539 1884 594 neque
1904 524 2274 593 juveuculam,

2385 525 2663 595 συμϐόλων
2692 526 2896 591 διδάξαι
2927 528 3008 579 ὅτι
3034 527 3181 581 ἔστιν
3214 528 3335 582 οὔτε
3365 529 3590 595 παλαιὰ,
3624 532 3810 599 φησιν,
3829 534 3955 587 οὒτε

708 619 800 672 sed
826 618 1000 671 media
1043 618 1185 670 inter
1216 617 1313 672 has
1348 625 1524 675 :etate.
1555 616 1735 670 colore
1764 631 1975 681 croceo,
2003 618 2191 670 rudem
2224 630 2277 671 et

709 710 1025 762 indomitam
1057 727 1069 761 :
1100 717 1263 775 atque
1296 709 1434 761 hanc
1463 709 1550 761 vix
1580 708 1686 761 illis
1708 708 2052 775 persuasisse
2086 717 2143 762 ut
2176 708 2278 762 im-

710 802 992 854 molarent.
1026 798 1118 853 lla:
1161 809 1290 853 sunt
1328 799 1632 852 fabularum
1683 801 1801 869 ejus
1853 816 2006 869 uuga:
2042 819 2054 853 :
2086 817 2206 869 qua:
2247 816 2276 854 a

710 891 865 943 nobis
889 891 1149 959 expositae
1165 902 1310 954 sunt,
1334 898 1390 943 ut
1416 890 1531 959 ejus
1560 890 1917 961 impossibilis
1937 893 2278 948 cumdivinis

710 982 885 1034 Libris
919 982 1274 1035 consonantia
1312 982 1644 1045 innotescat;
1682 984 1837 1053 cujus
1878 990 2058 1037 tamen
2103 985 2278 1053 gratia

708 1073 865 1125 tidem
901 1087 959 1125 se
996 1072 1300 1125 veracitatis
1327 1073 1647 1142 adepturum
1682 1075 1923 1144 putabat.

776 1166 865 1218 54.
905 1165 1294 1235 lmpudentiam
1329 1182 1457 1221 vero
1492 1185 1646 1223 suam
1680 1170 1762 1224 vir
1791 1172 1985 1225 atheus
2017 1171 2279 1228 adversus

711 1254 798 1308 Ι)έί
828 1254 1001 1311 Patris
1021 1259 1244 1326 gloriam
1273 1274 1555 1325 exserens,
1586 1272 1747 1330 atque
1779 1262 1919 1316 hanc
1941 1265 2005 1316 ad
2034 1279 2093 1317 se
2115 1274 2280 1317 attra-

709 1347 833 1399 here
900 1347 1169 1402 diabolica
1224 1352 1446 1404 vesania
1500 1361 1790 1422 satagens,
1854 1363 2110 1421 tanquam
2165 1355 2279 1423 ipse

706 1435 941 1507 Moysem
971 1439 1099 1491 olim
1134 1441 1335 1508 alloqui
1384 1441 1596 1505 solitus,
1628 1452 1682 1496 et
1716 1443 2005 1498 Dominum
2061 1460 2280 1517 quoque

708 1529 1155 1585 uestrumJesum
1182 1533 1459 1585 Christum
1493 1533 1752 1598 misisset,
1774 1538 1847 1589 ait
1879 1554 1893 1588 :
1936 1555 1953 1588 ι
1982 1537 2280 1593 Attulimus

707 1621 876 1692 Moysi
934 1624 1299 1692 scripturam;
1341 1634 1574 1695 postque
1623 1643 1748 1680 cum
1809 1630 2086 1697 apostolos
2120 1630 2279 1688 misi-

705 1728 861 1777 mus;
905 1714 1191 1768 attulimns
1223 1713 1349 1770 .Iesu
1382 1714 1564 1770 Mariae
1599 1716 1738 1769 Filio
1785 1719 2199 1785 revelationem,
2227 1730 2281 1776 ct

708 1804 1089 1859 roboravimus
1133 1821 1257 1860 eum
1296 1817 1487 1863 sancto
1520 1807 1743 1875 Spiritu.
1786 1826 1805 1860 ι
1845 1807 1966 1862 Ιιιιιε
2009 1811 2276 1877 scribens,

711 1894 842 1962 quid
879 1896 1112 1963 probare
1148 1912 1206 1950 se
1248 1896 1490 1966 putavit?
1516 1869 1721 1967 Nempe
1750 1896 1907 1961 dicit,
1941 1869 2279 1954 barbaricam
2308 1869 2356 1927 Β

706 1987 845 2039 hanc
878 1987 1205 2055 scripturam
1252 2003 1408 2041 suam
1441 1998 1701 2058 tanquam
1736 1989 1977 2044 divinam
2009 1989 2127 2046 fore
2152 1991 2283 2046 reci-

702 2076 951 2144 piendam
992 2096 1004 2132 :
1057 2080 1308 2135 nesciens
1360 2091 1540 2135 tamen
1576 2096 1635 2136 se
1665 2096 1994 2152 magnopere
2039 2098 2069 2137 a
2115 2097 2282 2153 scopo

699 2168 977 2233 aberrare,
1002 2183 1110 2238 quo
1140 2170 1300 2237 potiri
1322 2172 1594 2240 sperabat.
1622 2171 1774 2225 Dicet
1796 2172 1940 2225 enim
1972 2172 2021 2226 ei
2040 2172 2241 2241 aliquis
2265 2189 2279 2226 :

700 2261 986 2325 Quomodo
1014 2262 1097 2315 vel
1127 2264 1507 2331 quamobrem,
1549 2274 1609 2317 ut.
1644 2263 1885 2334 Moysem
1916 2263 2283 2333 reprehende-

702 2365 808 2414 res,
839 2348 1025 2405 Iesum
1068 2351 1300 2405 misisti?
1357 2352 1512 2417 Quod
1545 2354 1612 2421 si,
1664 2364 1720 2407 ut
1754 2370 1852 2424 par
1895 2362 2001 2420 est,
2034 2363 2196 2424 atque
2223 2363 2285 2410 ut

702 2457 826 2496 vere
866 2450 1047 2497 actum
1092 2442 1225 2507 fuit,
1258 2447 1616 2510 responderet
1648 2463 1663 2500 :
1700 2448 1835 2500 nihil
1880 2448 2285 2516 reprehenden-

702 2537 830 2589 dum
858 2535 911 2588 in
951 2535 1132 2605 Moyse
1156 2535 1346 2602 fuisse,
1372 2538 1464 2591 sed
1498 2538 1765 2592 Jesumad
1793 2538 1939 2593 illius
1974 2538 2281 2592 rudimenta

702 2625 1030 2693 perﬁcienda
1069 2626 1321 2688 missum,
1364 2642 1463 2681 nee
1500 2642 1607 2681 non
1665 2642 1884 2697 gravem
1926 2628 2279 2682 consuetudi-

704 2732 825 2768 nem
881 2716 1184 2769 carnalium
1216 2716 1663 2771 Observationum
1710 2718 1763 2772 in
1802 2718 2082 2775 meliorem
2121 2726 2284 2787 atque

701 2809 966 2876 aptiorem
1031 2808 1260 2877 spiritus
1324 2824 1534 2861 morem
1599 2809 2026 2877 immutandam;
2092 2825 2283 2865 rursus

701 2902 826 2954 huic
869 2900 970 2969 ipsi
1005 2900 1395 2970 responderent
1427 2918 1440 2954 :
1474 2900 1554 2954 Tu
1589 2917 1718 2956 vero
1750 2902 1881 2972 qttid
1921 2903 1973 2955 in
2025 2901 2153 2957 Jesu
2183 2902 2283 2956 da-

699 3010 916 3057 mnans,
952 2995 1165 3048 tertiam
1218 2994 1357 3048 hanc
1409 2996 1765 3049 recentiorem
1798 2996 2014 3051 edidisti
2050 2997 2284 3066 scriptu-

699 3084 853 3138 ram?
880 3085 1018 3138 Puto
1046 3086 1171 3155 quia
1220 3085 1394 3153 paria,
1426 3086 1510 3139 vel
1551 3086 1737 3139 eadem
1765 3127 1779 3150 ,
1806 3086 1890 3141 vel
1935 3087 2167 3156 majora,
2199 3087 2281 3140 vel

697 3176 862 3228 uiam
915 3175 1128 3229 minora
1171 3175 1400 3229 ductura
1443 3185 1581 3230 erat.
1616 3177 1781 3247 Atqui
1825 3177 2035 3247 majora
2062 3177 2279 3241 docere,
2310 3207 2349 3263 ε

700 3268 1038 3338 impossibile
1073 3270 1324 3323 humana:
1349 3279 1561 3324 natura:
1603 3280 1704 3324 est.
1734 3269 1877 3336 Quid
1921 3271 2067 3324 enim
2099 3270 2278 3339 majus

698 3369 801 3424 est,
835 3375 998 3426 quam
1033 3368 1252 3429 propter
1288 3361 1377 3414 Dei
1412 3361 1750 3427 mandatum,
1776 3361 2039 3414 mundum
2075 3371 2128 3414 et
2157 3376 2280 3415 cor-

701 3468 799 3520 pus
828 3451 955 3506 odio
995 3451 1217 3516 habere,
1253 3453 1362 3507 imo
1393 3461 1446 3507 et
1486 3454 1724 3507 animam
1759 3454 2030 3523 propriam
2064 3454 2281 3507 indubi—

702 3554 878 3598 tanter
904 3545 1403 3613 supernatur-alintn
1437 3562 1619 3599 rerum
1654 3562 1817 3601 causa
1856 3544 2101 3600 tradere?
2144 3544 2281 3599 Pro-

703 3642 843 3691 lccto
873 3647 1111 3704 constat,
1148 3640 1283 3692 nihil
1333 3640 1644 3709 huiusmodi
1680 3640 1966 3694 barbarico
1998 3640 2101 3694 hoc
2142 3639 2281 3694 libro

701 3732 990 3796 contineri,
1036 3732 1146 3785 imo
1204 3732 1335 3786 nihil
1394 3733 1621 3787 omnino
1686 3734 1959 3787 excelsum
2018 3734 2283 3802 bonaeque

703 3824 901 3893 l'rugis;
932 3835 1121 3878 contra
1171 3840 1300 3878 vero
1349 3824 1564 3878 beluina
1604 3826 1752 3877 υιιιιιί
1797 3826 2091 3878 Stoliditate
2122 3835 2284 3894 atque

700 3914 971 3966 atheismo
1024 3923 1197 3967 totum
1245 3916 1573 3967 redundare.
1629 3914 1745 3968 Jam
1804 3916 1850 3970 si
1893 3917 2042 3984 paria
2089 3917 2283 3968 docere

701 4006 937 4067 dicatur,
971 4021 1091 4073 quae
1147 4005 1250 4059 l'uit
1308 4007 1518 4060 utilitas
1546 4015 1597 4059 et
1632 4007 1803 4078 legem
1839 4016 1893 4061 et
1930 4006 2281 4077 Evangelium

701 4096 1013 4150 excitatuli?
1053 4097 1221 4161 illam,
1254 4097 1302 4150 id
1342 4105 1426 4151 est
1477 4098 1667 4167 legem,
1722 4098 2075 4162 det‘crtivam;
2143 4100 2280 4162 hoc,

702 4186 1055 4257 Evangelium
1101 4189 1347 4258 inquam,
1392 4188 1712 4257 perfectum.
1762 4188 1898 4242 Tum
1932 4191 2095 4243 etiam
2143 4190 2284 4244 male

705 4280 891 4333 lit-mos
920 4294 1014 4334 eos
1043 4280 1135 4349 qui
1176 4279 1426 4333 alterutri
1458 4281 1706 4334 serviunt
1756 4280 1998 4341 exhibet,
2034 4290 2287 4335 neutros-

702 4386 808 4439 que
861 4369 927 4424 de
982 4386 1079 4424 sua
1116 4370 1292 4425 salute
1342 4385 1503 4441 posse
1556 4371 1860 4436 conlidere;
1896 4371 2029 4426 alios
2064 4372 2282 4440 quidem

704 4466 1170 4536 imper-lectionem
1204 4478 1533 4532 causantes;
1566 4467 1702 4520 alios
1734 4466 2146 4529 sublimitatem,
2186 4480 2281 4516 ceu

2382 619 2496 683 νέα,
2528 618 2662 671 ἀλλὰ
2694 620 2833 688 μέση
2863 620 3087 684 τούτων,
3120 622 3218 693 τὴν
3252 623 3440 692 χροιὰν
3466 624 3738 693 κρόκινος,
3786 626 3957 694 ἀγρία

2381 714 2477 765 καὶ
2510 714 2818 781 ἀδάμαστος
2845 730 2857 744 ·
2890 715 2981 766 καὶ
3017 715 3168 783 μόλις
3199 715 3394 775 αὐτοὺς
3418 716 3601 765 πεῖσαι
3629 716 3828 786 ταύτην
3860 734 3961 769 κα-

2378 805 2685 874 τασυάξαι·
2722 801 2881 859 αὗται
2928 807 3037 859 τῶν
3077 806 3246 859 αὐτοῦ
3299 807 3635 874 πλασμάτων
3682 811 3737 862 αί
3789 808 3960 878 φλυα-

2381 897 2519 967 ρίαι·
2558 899 2935 969 παρετέθησαν
2962 901 3017 951 δὲ
3044 900 3129 952 ἵνα
3160 898 3342 969 δειχθῇ
3374 900 3435 951 τὸ
3470 900 3829 969 ἀκοινώνητον
3854 904 3958 954 αῦ-

2378 990 2472 1043 τοῦ
2501 991 2600 1058 τῆς
2638 990 2958 1060 συμφωνίας
2988 991 3123 1053 πρὸς
3169 992 3267 1059 τὴν
3292 989 3440 1044 θείαν
3488 991 3709 1061 Γραφήν
3733 1010 3747 1023 ο
3800 993 3869 1046 δι’
3893 985 3961 1045 οὗ

2378 1082 2439 1133 τὸ
2471 1082 2675 1151 ἀληθὴς
2702 1080 2838 1135 εἶναι
2870 1082 3323 1152 πιστευθήσεσθαι
3356 1082 3581 1152 ἤλπιζεν

2449 1173 2538 1226 λδ’.
2578 1174 2973 1243 ’Λναισχυντῶν
3015 1174 3071 1225 δὲ
3104 1175 3131 1224 ό
3169 1174 3325 1236 ἄθεος
3355 1176 3496 1226 κατά
3536 1178 3636 1243 τῆς
3677 1174 3771 1228 τοῦ
3819 1174 3961 1228 Θεοῦ

2381 1268 2472 1319 καὶ
2504 1268 2718 1332 Πατρός
2768 1269 2946 1336 δόξης,
2977 1268 3070 1320 καὶ
3099 1268 3302 1337 ταύτην
3352 1272 3429 1330 εἰς
3464 1268 3654 1319 ἑαυτὸν
3700 1270 3965 1339 ἀφαιρεῖν

2380 1357 2746 1427 δαιμονιωδῶς
2784 1359 3270 1428 ὲκφραινούμενος,
3304 1359 3395 1410 καὶ
3425 1359 3498 1421 ὡς
3531 1358 3693 1421 αὐτὸς
3722 1354 3777 1410 εἶ
3802 1360 3831 1410 ὁ
3881 1359 3965 1427 τῷ

2381 1451 2609 1503 Μωῦσεῖ
2631 1450 2989 1519 συλλαλήσας,
3024 1450 3117 1503 καὶ
3157 1449 3247 1502 τὸν
3289 1448 3493 1514 Κύριον
3548 1448 3705 1518 ἡμῶν
3749 1449 3966 1520 Ἰησοῦν

2381 1540 2614 1607 Χριστὸν
2640 1540 3043 1605 ἐξαποστείλας,
3074 1542 3238 1611 φησίν
3273 1540 3350 1611 (41
3368 1540 3407 1605 )’
3434 1561 3451 1592 ι
3477 1541 3858 1611 Ἐπηγάγομεν
3882 1542 3966 1608 τῷ

2382 1633 2603 1685 Μωῦσεῖ
2624 1632 2841 1702 γραφὴν
2868 1672 2882 1695 ,
2915 1633 3009 1685 καὶ
3037 1632 3435 1702 ἀπεστείλαμεν
3468 1631 3585 1701 μετ’
3618 1632 3780 1684 αὑτὸν
3824 1632 3967 1684 ἀπο·

2382 1722 2601 1784 στόλους
2620 1738 2633 1751 ·
2669 1723 2763 1775 καὶ
2790 1724 3140 1792 ἐπηγάγομεν
3171 1724 3247 1794 τῷ
3278 1724 3452 1793 Ἰησοῦ
3485 1722 3583 1793 υίῴ
3615 1724 3834 1794 Μαρίας
3861 1726 3967 1792 τὴν

2382 1812 2707 1884 φανέρωσιν,
2732 1813 2827 1867 καὶ
2861 1814 3349 1885 ὲνεδυναμώσαμεν
3366 1816 3529 1871 αὑτὸν
3562 1815 3651 1869 διὰ
3680 1814 3775 1867 τοῦ
3801 1815 3965 1881 ἁγίου

2384 1905 2723 1975 Πνεῦματος.
2760 1924 2778 1957 ι
2829 1906 3015 1961 Ταῦτα
3044 1907 3099 1960 δὲ
3131 1907 3381 1978 γράφων,
3438 1908 3491 1960 τί
3524 1905 3967 1971 κατασκευάζειν

2383 1995 2641 2065 ἐνόμισες
2691 1995 2765 2047 Τὸ
2794 1996 2959 2063 φάναι
3002 1997 3097 2050 τοῦ
3140 1996 3304 2051 αὑτοῦ
3353 1996 3489 2050 Θεοῦ
3533 1994 3697 2051 οὖσαν
3728 1997 3822 2049 καὶ
3862 1995 3969 2066 τὴν

2385 2086 2661 2157 βάρϐαρον
2704 2087 2910 2157 ταύτην
2960 2089 3209 2159 γραφὴν,
3239 2091 3313 2153 ὡς
3347 2090 3503 2143 θείαν
3552 2088 3968 2160 παραδεχθήσε-

2384 2176 2507 2229 σθαι
2531 2192 2545 2206 ’
2579 2176 2848 2246 ἀγνοήσας
2878 2175 2953 2237 ὡς
2982 2178 3245 2245 πάμπολυ
3291 2176 3385 2230 τοῦ
3428 2177 3631 2230 σκοποῦ
3670 2177 3968 2247 διαμάρτοι

2382 2268 2416 2337 ἢ
2448 2266 2522 2330 ὡς
2558 2268 2620 2319 οὐ
2655 2268 2922 2338 κρατῆσαι
2952 2267 3167 2338 ηλπισε.
3222 2268 3345 2331 Πῶς
3372 2267 3511 2339 γάρ;
3543 2270 3628 2331 τὶς
3668 2270 3782 2338 ὲρεῑ
3824 2267 3969 2337 πρδς

2382 2359 2546 2411 αὑτὸν
2574 2400 2587 2422 ,
2630 2358 2725 2410 καὶ
2763 2359 2815 2411 τί
2842 2358 2981 2428 ἔχων
3029 2359 3306 2421 Μωῦσέως
3334 2356 3819 2429 καταμέμψασθαι,
3862 2357 3972 2427 ’1η-

2386 2449 2510 2502 σοῦν
2543 2448 2963 2517 ἐξαπέστειλαςς
2994 2451 3051 2503 El
3079 2450 3134 2502 δὲ
3160 2450 3221 2503 τὸ
3242 2450 3388 2513 εἰκὸς
3409 2451 3500 2502 καὶ
3528 2450 3604 2514 ὡς
3626 2449 3840 2520 ἀληθῶς
3871 2464 3973 2516 γε·

2384 2543 2537 2608 γονὸς
2577 2542 2689 2610 ὲροί
2723 2541 2819 2603 τὸ,
2847 2542 2929 2594 ὄτι
2962 2542 3293 2611 Μέλμψασθαι
3328 2542 3426 2611 μὲν
3461 2536 3605 2611 εἶχον
3646 2541 3819 2606 οὐδὸν,
3871 2556 3969 2593 τε·

2384 2632 2603 2684 λειῶσαι
2644 2632 2700 2685 δὲ
2746 2634 2815 2685 τά
2870 2632 3020 2703 αὐτῷ
3072 2633 3521 2702 στοιχειωθὲντα,
3557 2630 3650 2684 καὶ
3682 2630 3857 2692 ἄλλως
3902 2631 3974 2683 τὸ

2383 2723 2620 2793 ἐπαχθὲς
2655 2724 2749 2778 καὶ
2802 2725 2993 2787 εἰωθὸς
3023 2724 3131 2777 τῶν
3191 2724 3471 2795 σαρκικῶν
3518 2724 3969 2792 παρατηρήσεων

2383 2817 2475 2869 ἐπὶ
2508 2817 2570 2870 τὸ
2597 2815 2800 2885 κοῦφον
2830 2816 2927 2869 καὶ
2979 2817 3192 2887 πρέπον
3224 2816 3541 2885 μεταθεῖναι
3588 2814 3682 2867 τοῦ
3710 2812 3974 2883 Πνεῦμα-

2382 2928 2494 2975 τος,
2520 2910 2680 2964 πάλιν
2728 2909 2864 2979 πρὸς
2903 2909 3063 2963 αὑτὸν
3128 2908 3352 2970 τούτους
3387 2910 3559 2960 εἰπεῖν
3584 2924 3599 2940 ο
3635 2908 3699 2959 Τί
3728 2907 3785 2959 δὲ
3827 2922 3970 2958 κατ-

2384 2999 2640 3069 εγνωκὼς
2680 2998 2909 3071 Ἰησοῦν,
2935 3000 3138 3069 ταύτην
3166 2999 3265 3069 τὴν
3310 2999 3628 3068 καινοτέραν
3653 2999 3745 3050 καὶ
3774 2997 3973 3067 τρίτην

2384 3093 2600 3162 γραφὴν
2623 3093 2954 3157 ἑκδέδωκας;
2996 3088 3105 3159 ἆρά
3132 3108 3193 3158 γε
3216 3091 3291 3152 ὼς
3316 3090 3383 3142 τά
3414 3091 3503 3142 ἴσα
3535 3090 3627 3142 καὶ
3653 3088 3719 3140 τά
3744 3088 3906 3148 αὐτὰ,
3932 3088 3967 3157 ἦ

2384 3184 2449 3233 τά
2484 3180 2673 3250 μείζω,
2698 3179 2731 3248 ἦ
2757 3179 2850 3231 καὶ
2870 3180 2936 3230 τά
2964 3178 3171 3231 ἐλάττω
3198 3177 3547 3243 etuias-mw;
3582 3179 3672 3229 καὶ
3700 3176 3764 3227 τά
3794 3174 3973 3243 μείζω

2387 3266 2485 3335 μὲν
2507 3266 2734 3329 διδάξαι,
2776 3265 2884 3318 τῶν
2938 3266 3216 3318 ἀδυνάτων
3246 3269 3311 3335 τῇ
3347 3265 3663 3335 ἀνθρωπίνῃ
3692 3264 3849 3332 φύσει
3869 3280 3886 3294 ·
3914 3264 3971 3315 τί

2384 3358 2491 3427 γάρ
2518 3357 2679 3409 πλέον
2712 3356 2804 3409 τοῦ
2837 3357 2979 3426 ὑπὲρ
3030 3357 3252 3427 ἐντολῆς
3283 3355 3440 3418 Θεοῦ,
3492 3357 3693 3425 κόσμον
3731 3354 3971 3424 μισῆσαι

2385 3451 2479 3503 καὶ
2524 3451 2706 3520 σῶμα,
2751 3450 2831 3503 ἔτι
2881 3452 2936 3503 δὲ
2988 3452 3080 3503 καὶ
3109 3450 3207 3521 τὴν
3255 3448 3448 3502 ἑαυτοῦ
3474 3447 3650 3518 ψυχὴν
3698 3447 3972 3516 ἀριδηλως

2386 3544 2521 3614 πρὸς
2573 3544 2641 3595 τά
2675 3543 2930 3612 ὑπερφυῆ
2998 3543 3340 3613 μεταθείναι;
3390 3540 3526 3594 ἀλλὰ
3577 3538 3841 3609 πρόδηλον
3882 3540 3971 3592 ὃτι

2384 3636 2537 3689 οὐδὲν
2567 3635 2806 3689 τοιοῦτον
2846 3638 2912 3703 τῇ
2965 3634 3308 3704 βαρϐαρώδει
3358 3632 3531 3705 ταύτῃ
3579 3631 3971 3702 ἐμπεριέχεται

2384 3729 2572 3798 γραφῇ
2598 3742 2612 3757 ο
2644 3726 2760 3779 ἀλλ’
2788 3726 2908 3778 οὐδὲ
2937 3725 3122 3788 ἁπλῶς
3146 3742 3198 3778 τι
3231 3726 3434 3793 ὑψηλὸν
3463 3725 3559 3777 καὶ
3582 3724 3733 3788 ἄξιον
3759 3723 3923 3789 λόγου
3948 3738 3968 3753 ·

2385 3820 2695 3873 τούναντίον
2719 3819 2815 3888 μὲν
2844 3818 2938 3872 οῦν
2974 3819 3067 3872 καὶ
3106 3818 3408 3888 κτηνωδίας
3430 3819 3612 3887 πάσης
3640 3817 3735 3869 καὶ
3773 3816 3973 3879 άθεῖας

2387 3910 2689 3978 ἀνάμεστος
2717 3909 2811 3977 ὅλη
2837 3909 3094 3979 τυγχάνει
3117 3926 3128 3937 ·
3166 3908 3235 3960 τὰ
3270 3908 3360 3960 ἶσα
3388 3908 3450 3960 δὲ
3478 3907 3833 3960 διδάσκουσαν
3862 3906 3970 3960 αὖε

2386 4000 2471 4063 θις
2502 4000 2704 4068 φάναι·
2736 4001 2845 4052 Καὶ
2872 3999 2954 4061 τίς
2991 4000 3148 4069 χρεία
3181 4000 3272 4051 καὶ
3305 3999 3472 4068 νόμον
3504 3998 3598 4052 καὶ
3635 3998 3975 4065 Εὑαγγέλιον

2387 4094 2643 4164 άνιστᾷν;
2674 4093 2763 4145 τὸν
2790 4091 2890 4162 μὲν
2930 4091 3125 4154 ἐνδεῶς
3180 4091 3372 4160 ἔχοντα
3395 4132 3410 4155 ,
3440 4090 3531 4143 τὸν
3568 4090 3733 4160 νόμον
3758 4090 3970 4156 λέγων·

2388 4186 2448 4236 τὸ
2482 4184 2538 4237 δὲ
2573 4183 2951 4249 τελειωτικῶς,
2985 4183 3045 4235 τὸ
3096 4183 3428 4250 Εὑαγγέλιόν
3460 4198 3601 4251 φημι
3626 4198 3641 4213 ·
3692 4182 3766 4243 ὼς
3793 4183 3969 4249 ἀστη-

2392 4275 2606 4345 ρίκτους
2639 4270 2733 4326 καὶ
2765 4273 2890 4336 τοὺς
2937 4273 3006 4326 τά
3041 4274 3279 4344 ἑκάτερα
3312 4272 3663 4336 δουλεύοντας
3693 4272 3929 4342 καθιστᾷ
3954 4287 3974 4303 ⁸

2392 4367 2513 4437 μηδ’
2548 4367 2841 4436 ὁποτέρους
2870 4364 3090 4435 ἔχοντας
3140 4366 3232 4418 ἐπὶ
3264 4365 3538 4435 σωτηρίαν
3566 4364 3789 4435 θαρρεῖν
3811 4380 3825 4394 ·
3858 4365 3978 4415 τῶν

2392 4460 2489 4527 μὲν
2522 4458 2583 4511 τὺ
2613 4459 2799 4521 ἀτελὲς
2822 4457 3050 4527 αὶτιωμέ
3067 4476 3182 4521 κων,
3203 4456 3309 4509 τῶν
3332 4458 3387 4510 δὲ
3418 4458 3477 4510 τὸ
3503 4457 3703 4526 ὑψηλὸν
3724 4456 3798 4519 ὠς
3828 4456 3979 4526 ὑπὲρ

704 4568 914 4612 natura:
939 4558 1191 4611 humana:
1221 4560 1586 4628 superiorem,
1612 4574 1641 4613 a
1674 4576 1731 4612 se.
1769 4560 2147 4627 deprecantes.
2176 4556 2278 4609 Sed

2386 4550 2670 4621 ἄνθρωπον
2698 4550 3147 4620 παραιτουμένων
3171 4567 3185 4579 ⁸
3215 4550 3330 4603 ἀλλ’
3359 4550 3638 4621 οὐδετέρου
3671 4553 3802 4621 παρ’
3830 4552 3972 4621 αὐτῇ

703 4648 949 4701 neutrius
996 4649 1296 4702 secundum
1348 4648 1491 4703 idem
1552 4664 1842 4718 exmquare
1900 4646 2286 4716 perfectionem

703 4741 917 4793 videtur
947 4758 959 4793 :
995 4749 1161 4794 restat
1212 4756 1361 4809 ergo,
1396 4750 1455 4794 ut
1491 4739 1825 4793 Multamelis
1864 4739 2135 4807 scriptura
2175 4752 2276 4791 cett

706 4831 915 4885 u‘inora
946 4832 1150 4885 docens
1186 4831 1313 4885 data
1337 4834 1517 4888 fuerit.
1555 4833 1659 4886 Sed
1690 4832 1735 4886 si
1775 4833 1843 4886 oh
1893 4832 2034 4884 hanc
2066 4846 2286 4885 causam

704 4924 827 4976 data
852 4923 974 4987 fuit,
1001 4923 1154 4978 valde
1179 4926 1282 4979 hoc
1303 4924 1373 4979 sit
1396 4925 1707 4990 ridiculum,
1734 4925 2060 4979 sublimibus
2081 4923 2289 4977 scilicet

705 5011 1008 5081 mediisque
1033 5011 1330 5079 derelictis,
1357 5015 1522 5069 vitam
1554 5017 1704 5070 humi
1741 5025 2015 5085 repentem
2043 5015 2288 5070 ctbelui-

705 5116 849 5163 nam,
866 5116 987 5171 quae
1005 5101 1142 5155 nihil
1166 5104 1375 5158 celsum
1398 5113 1628 5173 spectat,
1657 5106 1878 5159 sectari.
1896 5103 2285 5173 Praeterquam

704 5192 847 5261 quod
882 5209 1095 5249 summa
1125 5196 1212 5251 hic
1241 5199 1561 5250 naturaliter
1593 5198 1946 5266 repugnantia
1990 5208 2106 5260 est;
2133 5208 2185 5249 et
2223 5214 2285 5250 ea

704 5298 824 5349 qua:
856 5283 1080 5339 meliore
1112 5295 1261 5341 sorte
1292 5296 1441 5349 sunt,
1470 5286 1837 5341 deterioribus
1875 5287 2236 5341 adversantur
2269 5306 2281 5341 :

705 5375 849 5441 quod
898 5392 1030 5432 sane
1065 5379 1129 5433 de
1182 5379 1284 5434 hoc
1330 5380 1467 5434 libro
1506 5397 1694 5435 verum
1740 5381 1921 5435 evadit
1954 5399 1966 5433 :
2004 5382 2204 5434 etenim
2243 5382 2286 5434 is

706 5470 1016 5525 contrarius
1058 5472 1217 5541 plane
1257 5473 1311 5526 in
1347 5474 1603 5528 omnibus
1635 5473 1927 5543 Evangelio
1954 5474 2152 5527 Christi
2183 5484 2285 5528 est.

706 5558 762 5611 Si
796 5576 925 5629 ergo
954 5562 1304 5636 livangelium
1326 5568 1497 5635 legem
1531 5566 1783 5635 perteeit;
1820 5567 2079 5637 perfectio
2103 5577 2283 5621 autent

705 5668 817 5706 rem
873 5656 1047 5725 magis
1103 5659 1417 5727 conﬁrmat;
1479 5659 1763 5715 barbarica
1834 5675 1961 5716 vero
2007 5662 2277 5732 scriptura

778 5831 885 5899 (ιι)
912 5830 1035 5886 εον.
1073 5831 1133 5893 ιι,
1165 5835 1253 5891 87.

2391 4643 2511 4696 καθ’
2542 4643 2672 4695 αὐτὸ
2690 4643 2944 4714 ἀκριϐείᾳ
2975 4644 3285 4713 θεωρεῖται·
3316 4642 3561 4697 λείπεται
3583 4643 3690 4714 ἄρα
3718 4644 3786 4696 τά
3816 4643 3980 4697 ἐλάτ-

2390 4751 2467 4785 τω
2492 4733 2695 4804 ταύτην
2723 4736 3035 4798 διδάξουσαν
3057 4734 3335 4787 δεδόσθαι·
3371 4734 3484 4789 ἀλλ’
3508 4737 3555 4787 εί
3590 4734 3777 4788 τούτου
3807 4735 3977 4803 χάριν

2392 4825 2565 4895 ἐδόθη,
2602 4827 2768 4889 πολὺς
2797 4828 3039 4895 ὁγέλως,
3077 4826 3148 4879 τὰ
3197 4828 3377 4898 ὑψηλά
3432 4830 3525 4881 καὶ
3560 4829 3699 4899 μέσα
3742 4830 3977 4881 καταλι-

2391 4919 2611 4984 πόντας,
2641 4920 2707 4971 τά
2735 4919 2908 4989 πάντη
2939 4921 3224 4992 χαμερπῆ,
3260 4920 3487 4975 καὶτῶν
3518 4921 3729 4988 ἀλόγων
3752 4922 3833 4982 είς
3865 4938 3973 4991 μη-

2388 5008 2476 5062 δὲν
2514 5008 2935 5080 ὑπερϐεϐηκότα
2991 5009 3376 5079 μεταδιώκειν·
3437 5011 3532 5063 καὶ
3561 5008 3734 5072 ἄλλως
3766 5008 3823 5062 δὲ
3873 5010 3981 5080 τὴν

2390 5103 2565 5172 ἄκραν
2597 5103 2840 5169 φυσικῶς
2872 5103 3226 5172 ἐναντιότητα
3258 5102 3394 5174 πρὸς
3423 5105 3490 5155 τά
3522 5100 3695 5172 μείζω
3715 5100 3976 5170 εἰληχότα

2390 5196 2457 5246 τά
2481 5194 2737 5263 ἐλάχιστα
2789 5194 3021 5264 πολέμια
3074 5196 3256 5259 αὐτοῖς
3292 5196 3640 5265 καθειστήκει
3669 5210 3682 5223 ”
3714 5194 3741 5246 ὃ
3786 5192 3850 5263 δὴ
3883 5195 3981 5247 καὶ

2389 5285 2586 5355 ἀληθές
2614 5288 2762 5338 ἐστιν
2792 5288 2884 5339 ἐπὶ
2911 5290 2977 5358 τῇ
3016 5291 3199 5357 γραφῇ
3248 5286 3421 5357 ταύτῃ
3450 5303 3460 5314 ·
3499 5286 3979 5354 ἀντιτεταγμὲνως

2390 5381 2496 5448 γὰρ
2546 5380 2602 5431 ἐν
2634 5380 2767 5431 πάσι
2803 5379 2881 5448 τῷ
2928 5380 3248 5451 Εὺαγγελίῳ
3300 5379 3393 5431 τοῦ
3431 5377 3667 5449 Χριστοῦ
3725 5378 3979 5430 διατέτα-

2389 5490 2535 5526 κται.
2573 5472 2631 5525 Εἰ
2662 5474 2755 5527 οῦν
2780 5474 3105 5542 Εὺαγγέλιον
3138 5475 3333 5527 τελειοῖ
3358 5474 3447 5525 τὸν
3480 5472 3663 5542 νόμον,
3721 5473 3979 5541 συνιστᾷν

2387 5566 2445 5618 δὲ
2478 5567 2677 5637 μᾶλλον
2700 5568 2758 5620 τὸ
2782 5566 3023 5622 τελειοῦν
3048 5569 3182 5629 ἐστι,
3214 5566 3615 5637 καταστρέφειν
3646 5565 3703 5617 δὲ
3725 5565 3783 5615 τὸ
3802 5564 3985 5625 Εὕα-,ο

2386 5659 2569 5729 γέλιον
2614 5662 2647 5731 ἡ
2685 5660 2959 5733 βάρὸαρος
3019 5661 3276 5732 πειρᾶται
3323 5659 3529 5729 γραφὴ,
3576 5655 3984 5727 καταστρέφειν
