4168 6450
185 398 289 465 717

1376 393 1519 454 ItEF
1530 392 1625 455 UT
1636 388 1805 451 ᾹἸῚΟ
1845 388 2317 452 MOIIAMEDIS.

3374 386 3483 450 7l8

186 516 297 585 ἄρα
352 514 446 565 καὶ
477 510 566 564 τὸν
609 510 774 581 νόμον
830 509 1008 563 δοκεῖ·
1057 507 1464 577 καταστρέφειν
1490 523 1548 561 τε
1595 506 1663 559 τὰ
1694 522 1777 558 τε-

1884 514 2130 560 evertere
2174 500 2530 572 Evangelium
2582 499 2797 565 nititur,
2823 498 2992 571 legem
3031 497 3236 571 pariter
3267 500 3483 556 videtur

187 603 438 657 λειοῦντα
472 602 564 655 καὶ
587 602 960 669 τελειούμενα,
987 600 1046 653 οὐ
1088 598 1183 651 τοῦ
1208 598 1343 651 Θεοῦ
1370 616 1383 629 ·
1418 598 1517 652 οὐκ
1548 598 1659 666 ἄρα
1690 596 1783 650 τοῦ

193 694 333 746 Θεοῦ
377 694 490 745 ἐστι
520 691 734 763 Γραφὴ,
762 692 794 761 ἡ
819 689 910 743 τοῦ
949 690 1225 762 βαρϐάρου
1272 689 1537 759 θεομάχος
1570 687 1784 758 γραφή’

189 786 439 839 λείπεται
466 786 573 857 ἄρα
628 781 768 837 εἶναι
799 783 891 836 τοῦ
927 782 1197 850 ἀντιθέου,
1231 782 1477 835 τουτέστι
1514 780 1609 834 τοῦ
1658 781 1777 833 Ἀν-

192 877 500 949 τιχρίστου.

264 1056 371 1112 λε’.
417 1053 734 1112 Μετέπειτα
786 1052 843 1110 δὲ
919 1054 1194 1126 μέμνηται
1254 1051 1635 1127 Σολομῶντος,
1694 1055 1788 1107 καὶ

186 1148 601 1219 ἀνεξαπάτητον
626 1148 787 1201 αὑτὸν
807 1148 1199 1217 διισχυρίζεται
1223 1148 1501 1216 γενέσθαι,
1518 1150 1617 1218 τῆς
1635 1146 1788 1209 θείας

188 1242 416 1309 Γραφῆς
445 1241 695 1313 φανερῶς
732 1240 895 1293 αὐτὸν
943 1240 1299 1310 παρεστώσης
1342 1241 1479 1312 πρὸς
1520 1241 1580 1293 τδ
1612 1240 1786 1309 γῆρας

186 1333 675 1403 εἰδωλολατρῆσαι,
706 1334 925 1387 ἐναντία
974 1332 1259 1402 πανταχοῦ
1312 1336 1379 1401 τῇ
1434 1334 1623 1404 Γραφῇ
1654 1350 1784 1403 φρο-

187 1425 332 1475 ιὼψ
376 1427 471 1477 καὶ
506 1425 757 1493 ἀγγέλων
790 1426 846 1477 δὲ
875 1425 969 1478 δύο
1004 1426 1278 1496 μέμνηται
1316 1426 1410 1489 οὓς
1450 1426 1596 1493 λέγει
1654 1444 1786 1479 κατ-

197 1516 517 1585 εληλυθέναι
543 1518 601 1569 ὲν
626 1515 925 1583 Βαϐυλῶνι,
960 1510 1035 1571 ὧν
1061 1518 1129 1571 τὰ
1157 1518 1397 1589 ὀνόματα
1437 1518 1634 1589 Ἀριὼο
1690 1520 1783 1572 καὶ

187 1610 396 1679 Μαρὼθ
423 1626 437 1639 ·
474 1610 568 1673 οὒς
615 1611 713 1664 καὶ
741 1610 1094 1675 διδασκάλους
1141 1605 1281 1664 εἶναι
1311 1609 1406 1664 τοῦ
1434 1610 1603 1664 κακοῦ
1634 1610 1782 1679 λέγει

187 1703 299 1764 τοῖς
321 1701 706 1771 βουλομένοις·
758 1701 840 1754 ἔτι
867 1702 923 1756 δὲ
972 1702 1064 1755 καὶ
1095 1702 1195 1765 τὰς
1247 1700 1512 1770 συζυγίας
1540 1700 1647 1755 τῶν
1682 1699 1780 1753 ἀν-

184 1794 464 1863 δρογύνων
496 1795 631 1865 (41⁸)
666 1795 890 1859 τούτους
915 1796 1049 1865 φησὶ
1077 1793 1318 1848 διαλύειν
1343 1797 1437 1849 καὶ
1466 1796 1783 1849 κακοποιεῖν

1890 602 2153 653 evertere.
2186 594 2358 650 Porro
2386 592 2475 647 illa
2509 602 2773 657 evertere,
2805 607 2926 662 quae
2954 592 3247 663 perliciunt
3278 602 3329 647 et
3353 604 3482 649 sunt

1893 687 2152 758 perfecta,
2186 702 2294 742 non
2328 695 2413 741 est
2456 684 2547 741 Dei
2592 685 2858 740 officium.
2892 683 3008 738 Non
3055 695 3138 740 cst
3188 698 3320 754 ergo
3380 683 3473 739 Dei

1893 782 2193 853 Scriptura,
2221 780 2309 834 hic
2360 778 2615 835 inimicus
2653 780 2761 833 Deo
2802 777 3017 832 barbari
3055 778 3292 833 hominis
3322 778 3478 832 liber.

1892 874 2151 942 Superest
2203 872 2368 943 igitur
2414 881 2472 926 ut
2528 874 2598 926 sit
2639 871 2869 927 antithei
2921 870 2975 926 id
3019 879 3103 925 est
3154 870 3477 927 Antichristi

1890 981 2029 1038 Opus
3005 1018 3018 1051 ι

1958 1058 2047 1115 ὅό.
2084 1057 2287 1115 Deinde
2318 1056 2631 1113 Salomonis
2665 1057 2829 1114 infert
2861 1060 3475 1128 mentionem,eumque

1890 1152 2041 1207 nullo
2066 1165 2253 1206 errore
2282 1151 2573 1221 deceptum
2597 1148 2769 1205 fuisse
2793 1151 3110 1217 contendit;
3138 1165 3261 1204 cum
3294 1158 3474 1203 tamen

1888 1243 2074 1298 divina
2125 1241 2408 1312 Scriptura
2467 1252 2655 1314 aperte
2684 1240 2921 1297 afllrmet
2955 1259 3080 1298 enm
3122 1241 3282 1298 senili
3316 1246 3477 1294 :etate

1888 1338 2160 1393 idolorum
2192 1338 2363 1394 cultui
2396 1352 2453 1391 se
2486 1338 2765 1393 addixisse
2790 1350 2805 1391 t
2830 1353 2952 1407 quae
2971 1337 3099 1391 dum
3134 1337 3229 1401 ait,
3259 1344 3474 1391 contra-

1888 1431 2029 1485 rium
2063 1446 2289 1499 prorsus
2324 1444 2496 1484 sacrae
2529 1429 2829 1500 Scriptura:
2856 1428 3041 1483 sentit.
3069 1427 3305 1497 Angelos
3335 1438 3476 1494 quo-

1887 1536 1995 1591 que
2028 1520 2166 1575 duos
2197 1528 2486 1585 memorat,
2508 1535 2644 1589 quos
2666 1519 2997 1591 Babylonem
3028 1518 3354 1571 adventasse
3375 1516 3472 1577 ait,

1886 1626 2122 1683 quorum
2155 1619 2284 1667 sunt
2314 1610 2539 1666 nomina
2588 1611 2780 1665 Ariotb
2832 1620 2887 1665 et
2929 1609 3161 1673 Mat-0th,
3195 1598 3337 1679 quos
3359 1622 3477 1661 ma-

1886 1703 2086 1772 gistros
2116 1717 2239 1757 esse
2259 1701 2374 1755 vitii
2405 1701 2714 1757 volentibus
2734 1700 2887 1756 dicit.
2927 1700 3192 1755 Praeterea
3217 1697 3471 1769 coujugia

1886 1793 2331 1865 androgynorum
2385 1793 2454 1848 ab
2489 1794 2572 1849 his
2601 1793 2679 1848 ait
2718 1793 3005 1859 dissoluta,
3043 1793 3299 1862 ipsosque
3332 1790 3474 1845 male

185 1884 239 1936 δὲ
275 1885 476 1949 αὑτοὺς
531 1885 714 1955 λέγει·
752 1886 893 1956 πλὴν
928 1886 1027 1956 τὴν
1074 1888 1379 1958 ἐπιτροπὴν
1422 1887 1777 1957 ὑποκρίνεται

1882 1885 2059 1942 facere
2091 1886 2192 1951 ait;
2224 1898 2599 1941 verumtamen
2643 1885 3058 1941 concessionem
3085 1899 3114 1937 a
3161 1882 3270 1937 Deo
3299 1883 3471 1936 simu-

187 1974 281 2026 καὶ
310 1974 479 2036 αὐτὸς
510 1976 678 2041 φάναι
712 1974 808 2027 τοῦ
840 1973 976 2028 θεοῦ
999 1974 1421 2045 ἐκδεχομένους·
1456 1974 1681 2039 τούτους
1724 1976 1781 2029 δὲ

185 2066 308 2130 τοὺς
338 2067 607 2135 ἀγγέλους
656 2066 758 2120 οὐκ
808 2066 1100 2123 ἐπίσταται
1145 2067 1425 2139 ήειιδοσις
1469 2066 1572 2137 τῆς
1627 2068 1781 2133 Otia;

190 2157 450 2228 Γραφῆςδ
485 2161 534 2211 εί
565 2158 639 2231 μή
672 2152 774 2213 πού
813 2168 899 2225 τις
921 2162 1058 2231 φαίη
1094 2159 1293 2226 αὐτοὺς
1324 2161 1419 2217 τοῦ
1456 2166 1661 2235 πατρὸς
1691 2162 1783 2220 αύ-

186 2250 277 2304 tot}
300 2246 442 2304 εἶναι
468 2251 727 2322 δαίμονας
765 2252 858 2306 τοῦ
907 2253 1125 2307 Σατανᾶ
1156 2255 1251 2307 καὶ
1290 2255 1383 2308 ὑπ’
1415 2256 1583 2310 αὐτοῦ
1613 2258 1778 2328 μόνου

187 2342 643 2413 γνωριζομένους.
676 2344 1104 2416 Ἐπισκέψασθαι
1146 2348 1203 2401 δὲ
1232 2348 1314 2401 δεῖ
1345 2350 1621 2404 καὶτοῦτο
1652 2353 1781 2422 περὶ

188 2438 283 2504 την
311 2435 411 2489 τοῦ
444 2436 720 2506 βαρϐάρου
751 2438 1110 2507 κενοφωνίαν.
1136 2441 1218 2494 ὅτι
1252 2440 1517 2513 δαίμονας
1547 2443 1644 2513 μὲν
1671 2460 1777 2511 φας

192 2529 368 2597 νερῶς
401 2529 460 2593 ἐξ
508 2530 772 2600 ὀνόματος
817 2530 912 2584 καὶ
956 2531 1218 2600 γινώσκει
1266 2535 1361 2586 καὶ
1404 2533 1767 2605 ἀναγορεύει-

191 2621 573 2686 προσποιεῖται
603 2620 661 2673 δὲ
714 2621 876 2692 δῆθεν
926 2623 1303 2686 ἀπευκταίους
1336 2625 1533 2689 αὐτοὺς
1568 2626 1775 2690 καλεῖν,

191 2714 283 2763 καὶ
319 2713 419 2765 τὸν
468 2712 650 2765 αὐτῶν
694 2714 1089 2783 πρωτοστάτην
1138 2714 1417 2770 διάϐολον·
1460 2716 1535 2780 ὡς
1570 2716 1637 2771 ἂν
1670 2721 1777 2771 κάκ

189 2806 381 2859 τούτου
415 2806 618 2876 δυνηθῇ
652 2807 779 2869 τοὺς
821 2804 1039 2871 ίδιὼτας
1087 2807 1389 2879 θηρεῦσαι·
1428 2810 1632 2865 πείθων
1676 2812 1774 2864 αὖα

189 2896 312 2958 τοὺς
338 2897 425 2948 ὅτι
460 2897 521 2948 οὐ
551 2894 647 2947 τοῦ
694 2896 933 2967 πονηροῦ
985 2899 1101 2950 ἐστι
1151 2898 1458 2968 πνεύματος
1506 2903 1539 2972 ἠ
1583 2901 1775 2955 τούτου

194 2988 594 3054 μυθοπλαστία.
639 2987 777 3041 ἀλλὰ
830 2988 928 3041 τοῦ
978 2990 1340 3060 ἐπιτιμῶντος
1392 2996 1501 3055 τοῖς
1532 2994 1773 3064 δαίμοσι.

192 3080 406 3150 Μικρὸν
439 3081 498 3134 δὲ
532 3081 809 3151 προελθὼν
834 3082 1023 3135 τούτου
1068 3082 1163 3135 τοῦ
1193 3081 1361 3154 λήρου
1407 3085 1587 3155 (ιιυ),
1620 3086 1776 3152 δόξας

192 3176 381 3228 ἑαυτὸν
422 3176 780 3245 παριστάνειν
812 3176 1034 3229 πάντων
1058 3176 1355 3246 πρόκριτον
1389 3175 1562 3230 ἁθῶόν
1589 3195 1646 3230 τε
1678 3195 1773 3231 κα·

1883 1980 2063 2034 lanter
2110 1978 2228 2049 ipse
2277 1995 2498 2050 quoque
2536 1980 2670 2033 dicit
2714 1980 2839 2034 illos
2865 1978 3161 2047 accepisse.
3194 1975 3317 2031 Jam
3344 1989 3472 2029 vero

1883 2072 1986 2127 hos
2019 2074 2243 2143 angelos
2273 2074 2472 2127 divina:
2503 2070 2800 2142 Scriptura:
2836 2072 3056 2126 traditio
3081 2071 3326 2140 ignorat;
3362 2068 3468 2123 nisi

1884 2163 1985 2219 hos
2028 2162 2175 2218 forte
2212 2164 2346 2218 dicit
2391 2162 2740 2218 lllohamedes
2783 2162 2954 2232 patris
2994 2162 3078 2217 sui
3117 2160 3332 2215 Saturne
3361 2160 3470 2214 da:-

1884 2271 2097 2322 mones,
2129 2267 2185 2311 et
2213 2256 2315 2327 ipsi
2345 2257 2452 2313 soli
2488 2257 2759 2327 cognitos.
2788 2255 2903 2310 lloc
2927 2270 3148 2326 quoque
3169 2256 3470 2309 observan-

1880 2342 2009 2397 dum
2035 2352 2120 2399 est
2157 2345 2209 2399 in
2246 2344 2411 2415 hujus
2449 2345 2670 2400 barbari
2700 2345 2945 2400 vanitate
2973 2345 3285 2411 verborum,
3318 2343 3467 2415 quod

1880 2434 2155 2491 daemones
2184 2436 2403 2504 quidem
2447 2437 2771 2491 nominatim
2824 2447 2878 2492 et
2934 2436 3216 2505 cognoscit
3243 2444 3298 2491 et
3338 2452 3467 2505 pro-

1881 2528 2106 2593 clamat;
2138 2527 2243 2582 hoe
2277 2535 2459 2582 tamen
2514 2528 2637 2583 loco
2682 2527 2905 2583 simulat
2943 2528 3091 2596 ipsos
3134 2527 3467 2582 aversabiles

1878 2620 2176 2689 appellare,
2208 2636 2307 2674 nec
2332 2635 2439 2674 non
2466 2621 2711 2690 ipsorum
2738 2620 3023 2690 praesident
3052 2619 3373 2684 diabolum;
3404 2627 3465 2673 ut

1878 2712 2006 2767 hinc
2039 2714 2205 2768 etiam
2240 2712 2436 2768 idiotas
2462 2714 2662 2784 capiat,
2699 2712 3036 2784 persuadens
3076 2713 3158 2769 eis
3198 2728 3310 2768 non
3341 2727 3467 2768 esse

1876 2821 1906 2859 a
1942 2806 2085 2860 malo
2116 2807 2313 2875 spiritu
2346 2806 2664 2876 ﬁgmentum
2692 2821 2875 2871 suum,
2899 2806 2995 2861 sed
3022 2806 3092 2860 ab
3114 2816 3341 2861 auctore
3366 2804 3463 2875 qui

1875 2895 2154 2950 daemones
2201 2897 2466 2966 increpat.
2520 2896 2810 2950 Paululum
2854 2912 2983 2952 vero
3032 2912 3358 2968 pragressus
3406 2895 3465 2951 in

1876 2982 1962 3035 his
2004 2984 2186 3054 nugis,
2223 2985 2547 3040 existimans
2605 3001 2664 3040 se
2706 2985 2819 3055 jam
2866 3001 2989 3042 esse
3019 2987 3236 3043 cunctis
3271 2987 3466 3057 praela-

1878 3085 2011 3140 tum,
2043 3082 2097 3130 et
2125 3078 2383 3132 contrarii
2421 3078 2661 3149 suffragii
2694 3080 3013 3145 immunem,
3048 3088 3102 3133 et
3130 3078 3257 3135 aliis
3278 3092 3465 3134 emen-

1875 3169 2071 3225 dandis
2098 3171 2298 3225 faetum
2332 3171 2679 3238 magistrum,
2712 3168 3270 3226 criminaturJudteos
3298 3179 3465 3241 atque

195 3264 539 3331 ταγνῶσεως,
577 3266 671 3317 καὶ
710 3263 845 3335 πρὸς
877 3265 1165 3336 διόρθωσιν
1211 3265 1382 3319 ταῦτα
1433 3265 1771 3333 διδάσκοντα,

1882 3262 2224 3317 Christianos
2246 3263 2477 3317 invicem
2510 3263 2866 3318 adversantes
2899 3285 2912 3317 :
2945 3272 2999 3319 et
3020 3278 3114 3318 eos
3140 3264 3233 3333 qui
3258 3264 3463 3318 altern.

189 3357 462 3409 διαδαλλει
513 3356 797 3420 Ἰουδαίους
852 3374 910 3409 τε
966 3359 1059 3409 καὶ⁸
1114 3359 1474 3427 Χριστιανοὺς
1524 3360 1773 3430 ἀλλήλοις

189 3450 701 3519 ἀντιτεταγμένους,
735 3450 828 3503 καὶ
865 3450 994 3513 τοὺς
1034 3449 1270 3521 θατέρας
1312 3448 1470 3521 δόξης
1507 3460 1775 3523 προεστη-

192 3540 340 3594 κέναι
370 3540 905 3610 διισχυριζομένους,
967 3542 1206 3614 θατέραν
1252 3544 1410 3609 δόξαν
1446 3546 1584 3617 ὑπὲρ
1617 3544 1775 3599 θατέ-

196 3648 309 3697 (ac,
359 3631 567 3701 μᾶλλον
599 3631 865 3701 ἠξιῶσθαι
900 3630 1050 3695 θείας
1095 3634 1421 3697 οίκειὼσεως
1454 3636 1550 3689 καὶ
1578 3635 1676 3706 τῆς
1717 3636 1776 3690 ἐν

194 3724 506 3793 παραδείσῳ
547 3723 757 3795 τρυφῆς
780 3740 795 3754 ⁸
848 3720 969 3777 εἶτα
998 3724 1342 3798 ἀμφοτέρους
1369 3728 1537 3798 φησὶν
1568 3728 1775 3782 ἁποτυ⁶

193 3822 302 3887 κεῖν
346 3819 453 3888 τῆς
483 3819 717 3884 ὲλπίδος,
753 3819 841 3873 διά
868 3820 968 3889 τὴν
1020 3819 1283 3890 ἑκατέρου
1314 3821 1587 3890 δόγματος
1640 3824 1778 3877 πλά-

194 3927 285 3979 νην
309 3926 323 3939 ·
355 3910 553 3964 ἑαυτὸν
585 3911 640 3963 δὲ
673 3914 832 3980 μόνον
866 3907 1003 3964 εἶναι
1052 3911 1147 3965 τοῦ
1200 3914 1526 3983 παραδείσου
1581 3914 1777 3983 κληρο-

195 4004 351 4072 νόμον
399 4003 768 4072 ἀποφαίνεται
810 4003 1152 4068 ἀκελεύστως
1179 4018 1191 4033 °
1247 4006 1431 4074 ὅμοιον
1460 4006 1515 4057 δέ
1548 4024 1650 4059 τινι
1682 4023 1776 4058 πει

196 4098 434 4165 ποξηκεν,
464 4097 689 4161 εἰιτινῶν
710 4098 960 4167 ἐχόντων,
980 4097 1137 4167 λόγου
1152 4098 1332 4170 χάριν,
1353 4100 1491 4171 ὑπὲρ
1514 4100 1774 4153 ταλάντου

197 4190 324 4257 πρὸς
356 4191 588 4254 ἑαυτοὺς
621 4191 1005 4258 δικαιολογίαν,
1037 4185 1192 4254 οὗτος
1224 4191 1415 4245 ἑαυτὸν
1446 4195 1775 4264 παρενεὲρας

195 4283 268 4341 εἰς
295 4283 487 4345 μέσον,
520 4283 762 4351 Μηδενὸς
792 4285 944 4354 ὑμῶν
963 4285 1121 4339 τοῦτο
1148 4283 1307 4355 εἷναι,
1334 4287 1468 4341 διότι
1492 4290 1626 4359 πρὸς
1648 4290 1777 4342 ἑαυ-

195 4374 311 4435 ms;
346 4374 673 4436 στασιάζετε
699 4392 713 4406 ·
769 4378 892 4446 ἐμοὶ
936 4378 1043 4448 γὰρ
1093 4379 1322 4448 ὥρισται
1363 4382 1439 4443 ὡς
1480 4382 1646 4452 μηδὲν
1682 4400 1777 4434 πε-

196 4466 461 4532 ποιηκότι,
518 4467 651 4536 μηδὲ
685 4483 790 4520 τινι
840 4469 1308 4541 διαμεμαχημὲνῳ
1342 4489 1353 4501 ·
1391 4476 1484 4527 καὶ
1517 4476 1653 4545 ὅπερ
1682 4474 1775 4529 τοῦ

1885 3368 2021 3410 tram
2082 3356 2391 3424 opinionem
2458 3369 2718 3423 superare
2770 3366 3069 3413 conantes.
3117 3359 3467 3412 sectabantur

1882 3449 2105 3501 alteram
2154 3464 2251 3516 pro
2298 3448 2466 3501 altera
2509 3448 2855 3517 OpiniOucm.
2886 3448 3058 3519 magis
3092 3451 3464 3519 promeruisse

1881 3539 2120 3592 divinam
2152 3538 2600 3605 familiaritatem,
2631 3549 2683 3594 et
2711 3541 2945 3610 paradisi
2985 3541 3226 3597 delicias.
3267 3543 3461 3598 Postea

1882 3644 2147 3701 utrosque
2177 3648 2205 3685 a
2242 3647 2336 3701 spe
2358 3649 2456 3687 sua
2488 3633 2756 3688 excidisse
2787 3634 2882 3696 ait,
2904 3644 3126 3704 prepter
3160 3636 3459 3690 luet-cutem

1884 3724 2098 3792 utrique
2124 3724 2364 3794 dogmati
2395 3742 2636 3809 errorem
2662 3743 2674 3791 ;
2710 3743 2767 3781 se
2799 3743 2926 3780 vero
2959 3744 3124 3781 unum
3156 3744 3276 3783 esse
3304 3746 3462 3796 para-

1881 3814 1986 3868 disi
2011 3815 2279 3870 haaredem
2321 3828 2513 3887 sponte
2548 3818 2766 3888 prOpria
2795 3819 3065 3884 decernit;
3087 3820 3227 3873 idem
3260 3820 3463 3877 fat-iens

1884 3907 2114 3969 homini,
2136 3909 2369 3979 exempli
2410 3925 2599 3973 causa,
2626 3910 2718 3978 qui
2752 3913 3031 3966 nonnullis
3056 3913 3123 3967 de
3146 3912 3273 3982 jure
3294 3912 3464 3966 talen-

1883 4008 1996 4053 tum
2040 4001 2351 4069 possidendi
2403 4002 2766 4074 litigantibus,
2812 4005 3053 4059 medium
3105 4020 3165 4061 se
3220 4006 3463 4062 inferens

1882 4094 2111 4159 diceret.
2148 4097 2405 4155 Neutrius
2433 4110 2676 4155 vestrum
2707 4101 2850 4155 hanc
2884 4116 3007 4157 esse
3053 4102 3461 4173 proprietatem,

1883 4191 2325 4260 quandoquidem
2352 4192 2417 4247 de
2451 4208 2513 4247 ea
2542 4193 2907 4260 contenditis;
2936 4193 3068 4248 mihi
3114 4205 3297 4249 autem
3341 4210 3463 4250 esse

1883 4285 2289 4354 assignandum,
2338 4286 2430 4354 qui
2479 4285 2614 4339 nihil
2672 4285 2944 4355 ejusmodi
2997 4286 3245 4350 fecerim,
3288 4303 3463 4357 neque

1884 4376 2148 4431 adversus
2205 4378 2520 4447 quempiam
2564 4382 2980 4435 contenderim:
3047 4389 3101 4435 el.
3131 4382 3221 4450 qui
3292 4396 3459 4435 unum

1884 4485 2008 4523 cum
2041 4485 2150 4525 uno
2165 4469 2465 4541 disceptare
2488 4472 2673 4537 nollet,
2711 4473 2827 4543 ipse
2852 4483 3041 4529 c0utra
3054 4476 3190 4529 duos
3220 4473 3271 4529 id
3301 4488 3464 4545 agere

198 4555 305 4617 ἑνὸς
342 4556 483 4626 πρὸς
513 4558 607 4607 τὸν
664 4557 764 4610 ἱνα
811 4558 1297 4629 διαμφιδαλὶοντος
1350 4566 1773 4633 κατεγίνωσκεν,

1882 4579 1987 4619 non
2022 4565 2312 4620 erubescit.

197 4646 349 4709 αὐτὸς
378 4648 522 4719 πρὸς
559 4651 684 4711 τοὺς
716 4648 812 4701 δύο
843 4650 1000 4704 τοῦτο
1030 4652 1200 4704 ποιῶν
1232 4654 1332 4706 οὐκ
1367 4656 1705 4729 αἰσχύνεται.

259 4760 364 4825 λς’.
410 4762 604 4816 Ὀποία
634 4762 691 4815 δὲ
740 4763 930 4817 τούτου
976 4766 1251 4833 ἀπόδειξίς
1297 4769 1412 4822 ἐστι
1450 4770 1543 4823 τοῦ
1596 4772 1781 4827 θεόθεν

199 4853 352 4905 αὐτὸν
380 4856 742 4922 κεκομικέναι
774 4854 872 4926 τὴν
902 4856 1082 4925 βίϐλον
1106 4858 1331 4928 ταύτην,
1359 4861 1419 4912 ού
1440 4861 1558 4913 δέον
1581 4865 1776 4930 εἰπεῖν,

202 4947 287 4995 καὶ
320 4946 634 5016 ἐπαρᾶσθαι
661 4947 717 5000 δὲ
750 4948 946 5000 ἑαυτοῦ
980 4950 1334 5021 καταθαρρεῖ,
1362 4953 1607 5023 ἐντούτῳ
1634 4958 1779 5024 μόνῳ

200 5034 269 5103 τῷ
288 5035 401 5088 δντι
434 5034 622 5097 καλῶς
656 5035 849 5087 ποιῶν·
886 5037 981 5089 καὶ
1014 5040 1387 5104 καταγνώσεις
1415 5040 1508 5091 καὶ
1543 5040 1779 5110 μέμψεις

206 5133 388 5202 μυρίας
417 5133 766 5201 ἑπιφημίζει,
822 5134 869 5184 εἰ
901 5134 974 5202 μὴ
1003 5135 1155 5204 παρᾶ
1192 5134 1329 5187 θεοῦ
1369 5136 1780 5207 ἀπεσταλμένος

204 5223 298 5290 εἴη,
327 5222 425 5293 τὴν
454 5224 698 5291 ὑποψίαν
724 5224 966 5293 δηλονότι
994 5224 1086 5276 τοῦ
1118 5226 1344 5293 ψεύδους
1377 5228 1778 5295 συγκαλύπτειν

204 5314 459 5381 νομίζων·
496 5316 597 5368 καὶ
643 5315 969 5385 ἐξόμνυσθαι
1014 5318 1067 5371 δὲ
1098 5320 1240 5372 κατά
1268 5337 1327 5372 τε
1372 5321 1525 5390 ἡλίου
1559 5322 1652 5375 καὶ
1683 5340 1774 5376 σε-

205 5400 355 5473 λήνης
393 5408 490 5459 καὶ
525 5407 771 5476 ἀστέρων
797 5408 891 5460 καὶ
917 5408 1269 5480 λαμπυρίδων
1295 5411 1449 5476 ζώων
1480 5415 1572 5466 καὶ
1597 5415 1775 5468 κυνῶν

205 5497 467 5570 δρομικῶν
507 5501 604 5554 καὶ
646 5500 828 5570 φυτῶν
864 5502 959 5555 καὶ
993 5504 1194 5575 ἑτέρων
1235 5506 1527 5573 ἀγνώστων
1560 5506 1773 5579 βαρδα-

270 5714 665 5789 (Μ’)Υἰιιειιιι·
702 5732 925 5786 prorsus
956 5731 1112 5773 error
1145 5718 1197 5772 in
1246 5716 1446 5774 Nicetaa
1478 5718 1768 5789 scriptura.

209 5783 535 5869 ἀνδρογύνων
560 5804 659 5869 pro
700 5783 906 5869 ανδρὼν
937 5794 1028 5869 καὶ
1062 5792 1357 5869 γυναικῶν.
1391 5783 1604 5869 Quippe
1630 5790 1771 5869 apud

212 5858 519 5914 Alt-eranum
551 5858 677 5915 Sur.
714 5859 777 5925 ll,
801 5858 929 5925 103,
964 5862 1015 5916 hi
1060 5862 1232 5933 angeli
1278 5858 1661 5917 dissociavisse
1693 5859 1774 5913 tli-

1950 4766 2037 4821 56.
2071 4765 2376 4831 Quamnam
2409 4780 2571 4835 porro
2595 4764 2681 4819 hic
2713 4762 2910 4819 habeat
2936 4763 3461 4820 detnonstrationem

1881 4874 1939 4913 se
1971 4861 2115 4913 hunc
2143 4860 2339 4913 librum
2369 4861 2432 4912 tle
2463 4860 2603 4913 casio
2634 4860 2932 4926 accepisse,
2970 4874 3095 4913 eum
3127 4860 3308 4914 dicere
3353 4875 3461 4912 non

1881 4966 2064 5023 queat,
2094 4953 2209 5021 ipse
2232 4953 2332 5007 sibi
2361 4954 2714 5023 imprecatur,
2744 4954 2846 5007 hoc
2866 4970 3035 5007 unum
3060 4963 3205 5009 recte
3228 4954 3459 5017 faciens.

1881 5046 2024 5116 quod
2052 5047 2431 5100 damnationes
2462 5046 2837 5116 vituperiaque
2866 5048 3151 5100 innumera
3194 5047 3301 5103 sibi
3346 5048 3451 5101 im-

1881 5139 2055 5209 ponit,
2086 5139 2187 5191 nisi
2212 5154 2241 5191 a
2278 5138 2389 5192 Deo
2434 5138 2639 5193 missus
2682 5138 2863 5201 fuerit,
2898 5139 3169 5193 mendacii
3203 5139 3456 5195 videlicet

1880 5230 2245 5299 suspicionem
2302 5232 2634 5284 obumbrare
2695 5246 2925 5299 sperans
2978 5249 2993 5297 ;
3042 5230 3301 5301 iuratque
3359 5248 3455 5301 per

1880 5324 2046 5377 solem
2084 5339 2149 5378 ac
2188 5325 2392 5389 lunam,
2418 5334 2471 5377 et
2503 5333 2746 5385 astra,et
2789 5324 3115 5393 lampyrides
3162 5324 3369 5389 beluas,
3407 5336 3462 5378 et

1878 5415 2152 5470 cnrsorios
2180 5431 2365 5479 canes,
2402 5426 2454 5468 et
2493 5416 2753 5481 arb-ires,
2778 5427 2831 5470 et
2871 5417 3050 5484 ignoza
3094 5416 3199 5469 alia
3237 5418 3458 5473 nomina

1876 5509 2161 5564 barbarica
2194 5510 2336 5579 (qua:
2366 5524 2592 5579 prorsus
2633 5510 2942 5564 d.emonnm
2994 5525 3118 5566 esse
3174 5511 3455 5577 existimo,

1877 5728 2078 5840 Clll:llll‘
2117 5718 2369 5790 conjugis
2407 5718 2549 5777 inter
2577 5722 2803 5779 maritos
2832 5729 2884 5779 et
2920 5738 3120 5779 uxores
3176 5736 3284 5777 non
3319 5720 3457 5777 inter

1880 5809 1967 5840 nllt
1992 5805 2244 5840 I‘OJVIIOS.

1880 5805 2244 5859 anuli-egynos.

1952 5861 2105 5931 (51")
2137 5864 2261 5918 b'ur.
2304 5859 2369 5930 ll,
2405 5862 2524 5920 ιιι.
2559 5880 2675 5934 seq.
