4168 6450
175 386 273 452 721

1258 422 1261 423 ν
1304 388 1741 453 REFUTATIO
1769 389 2249 456 MOHAMEDIS.

3330 389 3442 453 722

173 521 267 557 πετ
280 519 330 558 ιι
350 503 458 567 τοῖς
484 502 576 557 ὑπ’
596 500 759 557 αὑτοῦ
786 500 1159 575 ὴπατημὲνοις
1180 500 1315 573 (19).
1347 521 1366 555 ι
1389 503 1596 571 “fere
1622 502 1753 572 γὰρ,

1865 514 2024 556 suos:
2058 521 2076 555 ι
2096 500 2398 568 Comedite,
2424 500 2623 572 inquit;
2655 515 2722 558 ex
2751 498 2837 556 his
2866 513 2991 570 qua:
3020 497 3081 554 in
3103 508 3246 555 terra
3273 514 3436 569 sunt,

174 598 354 667 φησὶν,
405 598 471 650 ὲκ
502 594 613 648 τῶν
661 594 832 649 ὄντων
874 596 934 648 ὲν
971 595 1036 665 τῇ
1088 597 1158 664 γῇ
1184 609 1197 624 °
1232 594 1451 664 καθαρὰ
1495 594 1605 663 γὰρ
1657 594 1751 648 καὶ

172 688 340 741 καλά’
380 689 473 740 καὶ
507 686 582 756 μὴ
614 685 1017 753 ἑξακολουθεϊτε
1050 686 1110 739 ὲν
1133 688 1247 751 τοῖς
1290 688 1493 757 ἴχνεσιν
1519 685 1612 738 τοῦ
1643 686 1750 739 Σα-

173 781 335 833 τανᾶ-
372 778 534 841 αὐτὸς
576 778 766 849 ἐχθρὸς
796 778 952 847 ὑμῶν
983 780 1101 831 ἐστι
1138 778 1375 848 φανερός
1401 794 1415 809 ο
1450 795 1470 830 ι
1506 777 1752 831 Σατανᾶν

173 870 412 939 δηλονότι
446 870 627 923 καλῶν
649 872 740 922 τὸν
759 868 1087 922 τυπώσαντα
1124 868 1224 937 τὴν
1251 867 1523 938 διάκρισιν
1555 866 1662 921 τῶν
1691 882 1753 919 τε

174 965 424 1034 καθαρῶν
452 965 547 1019 καὶ
580 964 907 1034 ἀκαθάρτων
938 964 1079 1018 κατὰ
1106 963 1198 1017 τὸν
1226 962 1388 1042 νόμον
1410 977 1424 991 ⁸
1450 964 1613 1034 ὁρᾶτε
1638 960 1754 1025 πῶς

174 1058 472 1124 ἀναφανδὸν
499 1059 745 1110 Σατανᾶν
770 1055 859 1109 τὸν
905 1055 1037 1111 Θεὸν
1066 1053 1358 1124 ὀνομάζει;
1393 1055 1469 1127 μὴ
1500 1053 1703 1116 συνιεὶς
1723 1054 1752 1106 6

174 1149 402 1213 δείλαιος
435 1152 574 1222 ὅπερ
624 1148 943 1217 ἐφθέγξατο,
984 1148 1103 1218 μετ’
1123 1147 1302 1216 ὀλίγον
1350 1147 1515 1217 φησίν
1539 1161 1552 1175 ·
1591 1164 1611 1197 ι
1663 1146 1757 1200 Οἷ-

174 1250 312 1304 τινε¹ς
358 1241 417 1296 δὲ
474 1240 905 1311 ἀμφιϐάλλονται
937 1240 995 1293 ιν
1040 1241 1161 1304 ταῖς
1207 1240 1474 1311 γραφαῖς,
1529 1236 1667 1291 είσὶν
1697 1239 1755 1292 ἐν

174 1332 480 1401 ἀποστασία
513 1334 720 1404 μακρᾷ.
765 1353 784 1385 ι
823 1330 979 1385 Ἐστι
1016 1331 1206 1385 τούτου
1252 1330 1433 1400 εὑρεϊν
1465 1330 1759 1399 ἀναισχυν-

173 1426 387 1495 τότερον
411 1425 505 1477 καὶ
523 1425 909 1498 ἀνοητότερον;
931 1424 1194 1493 Καθάπερ
1221 1422 1277 1476 δὲ
1307 1422 1560 1493 πίθηκος,
1580 1420 1759 1493 ὁρμὴν

176 1511 489 1585 ὐποκριθεὶς
538 1514 774 1578 λέοντος,
811 1512 1095 1583 πιθήκτιον
1137 1512 1256 1567 ἀλλ’
1296 1512 1358 1566 οὐ
1404 1511 1670 1566 λεόντειον
1698 1511 1761 1565 τδ

181 1603 323 1674 ἅλμα
351 1603 521 1657 ποιῶν
544 1603 886 1674 ἐξελέγχεται
916 1620 931 1636 ο
966 1603 1110 1658 οὕτω
1132 1604 1227 1657 καὶ
1250 1605 1279 1658 6
1320 1603 1578 1674 δύστηνος
1606 1596 1761 1667 οὗτος

173 1695 267 1763 τῆς
306 1693 620 1767 ὕπερτάτου
666 1694 987 1764 νομοθεσίας
1042 1693 1223 1765 ἑαυτῷ
1264 1694 1484 1766 ἀξίωμα
1521 1695 1757 1765 ἐπιγρά-

1859 593 2061 649 munda
2092 605 2147 651 et
2176 596 2319 651 bona
2345 603 2489 650 sunt.
2522 592 2710 663 Neque
2732 591 2952 647 Satanae
2988 590 3217 662 veStigia
3240 607 3443 662 aequa.

1856 685 1989 738 mini
2026 702 2039 738 :
2073 686 2190 757 ipse
2243 686 2391 741 enim
2446 685 2772 741 manifestus
2825 692 3006 739 vester
3068 683 3242 739 hostis
3275 691 3438 739 est...

1858 776 2120 833 Satanam
2164 793 2362 849 nempe
2390 778 2673 848 appellans
2712 778 2867 831 illum
2904 776 2999 846 qui
3028 775 3363 830 mundorum
3382 786 3445 830 et

1856 868 2261 927 immundorum
2297 871 2703 926 distinctionem
2730 867 3031 931 constituit.
3059 878 3219 941 prout
3248 870 3301 923 in
3327 869 3453 939 lege

1856 958 1937 1013 ﬁt.
1968 958 2273 1018 Cernitisne
2307 962 2585 1033 quomodo
2620 961 2800 1032 palam
2842 958 3058 1016 Satanae
3112 975 3310 1014 nomen
3338 959 3469 1015 Deo-

1857 1050 2093 1122 allingit?
2143 1052 2281 1108 Tum
2312 1054 2587 1108 dictorum
2624 1053 2833 1107 oblitus
2871 1052 3058 1114 miser,
3110 1050 3276 1120 paulo
3324 1058 3449 1120 post

1858 1143 1935 1198 ait
1967 1160 1981 1196 :
2020 1162 2037 1195 ι
2063 1143 2164 1210 Qui
2193 1155 2379 1199 autem
2417 1146 2471 1198 in
2520 1144 2813 1213 scripturis
2845 1142 3101 1214 ambigue
3127 1157 3188 1198 se
3222 1149 3445 1213 gerunt,

1859 1234 1914 1289 hi
1950 1245 2077 1290 sunt
2109 1236 2162 1290 in
2194 1236 2355 1307 longa
2390 1235 2688 1306 apoSIasia.
2725 1253 2743 1286 ο
2802 1233 3062 1304 Nunquid
3112 1236 3215 1290 hoc
3259 1232 3448 1304 impu-

1858 1328 2082 1384 dentius
2133 1338 2227 1383 aut
2260 1328 2511 1384 insanius
2544 1327 2778 1383 inveniri
2813 1325 3037 1398 potest?
3072 1326 3231 1382 Sicut
3263 1334 3448 1381 autem

1860 1419 2045 1484 simia,
2081 1418 2253 1475 leonis
2281 1419 2543 1489 impetum
2577 1419 2884 1484 simulans,
2931 1416 3093 1473 simia
3144 1432 3254 1471 non
3292 1416 3450 1471 leone

1859 1516 2085 1586 dignum
2122 1514 2303 1570 facere
2336 1513 2534 1567 saltum
2567 1510 2953 1575 convincitur;
2999 1508 3080 1565 sic
3101 1521 3451 1564 aerumnosos

1862 1607 1966 1663 iste
2005 1607 2253 1664 cmlestis
2292 1605 2428 1675 legis
2462 1604 2780 1675 dignitatem
2821 1602 2925 1656 sibi
2957 1601 3270 1664 vindicans,
3311 1598 3451 1652 nihil

1862 1699 2009 1755 aliud
2048 1714 2215 1767 quam
2253 1695 2623 1753 miserandam
2671 1694 2962 1748 ruditatem
3005 1692 3205 1747 habere
3249 1691 3451 1761 depre-

173 1786 296 1855 ψας,
329 1788 430 1858 τῆς
461 1788 851 1855 παροικτίστου
877 1786 1207 1859 ἁθελτηρίας
1231 1789 1397 1859 μηδὲν
1426 1788 1567 1859 ἔχων
1594 1787 1758 1842 πλέον

1865 1789 2148 1846 hcnditur.
2198 1788 2332 1843 Nam
2378 1788 2613 1859 speciem
2643 1784 3046 1847 tantummodo,
3080 1784 3192 1837 imo
3242 1779 3457 1837 nmium

174 1855 493 1949 ἐλήλεγκται
516 1898 531 1913 ’
566 1883 752 1953 σχῆμα
786 1881 895 1952 γὰρ
928 1855 1107 1950 μόνον,
1138 1855 1337 1952 μᾶλλον
1366 1880 1423 1934 δὲ
1456 1855 1634 1952 νδνομα
1659 1881 1753 1951 ψι-

1867 1897 2087 1947 nomen,
2106 1881 2312 1949 absque
2332 1896 2390 1937 re
2420 1880 2561 1950 ipsa,
2589 1877 2692 1933 sibi
2716 1877 3001 1947 religionis
3026 1872 3449 1944 circumposuit.

175 1967 280 2035 λὺν,
311 1970 435 2023 ἀλλ’
462 1970 563 2025 οὐκ
594 1970 728 2023 αὐτὸ
761 1970 822 2023 ἰδ
848 1971 1079 2039 πρᾶγμα
1108 1971 1207 2040 τῆς
1245 1969 1556 2034 θεοσεϐείας
1582 1971 1759 2043 ἑαυτῷ

1865 1972 2066 2029 Volens
2129 1974 2315 2043 itaque
2347 1970 2543 2041 jejunii
2594 1969 2766 2041 legem
2829 1968 3078 2022 barbaris
3135 1966 3466 2022 infelicibus

175 2061 518 2130 περιτέθεικε
547 2078 562 2093 ·
598 2061 757 2126 δόξας
785 2060 917 2129 γοῦν
945 2062 1071 2132 περὶ
1092 2062 1345 2133 νηστείας
1378 2062 1759 2118 διατάττεσθαι

173 2154 281 2215 τοῖς
324 2153 533 2217 ἀθλίοις
588 2152 906 2226 βαρϐάροις,
959 2154 1135 2208 ταῦτά
1178 2171 1343 2225 φησιν
1376 2152 1521 2225 (50)’
1567 2174 1587 2206 ι
1637 2158 1760 2227 Μὴν

184 2243 416 2314 Ῥαμίδα
439 2246 609 2308 ἐστὶν,
642 2247 700 2299 ὲν
748 2238 793 2315 ᾧ
824 2246 1070 2317 κατήχθη
1118 2248 1246 2316 ὑμῖν
1283 2247 1344 2300 τὸ
1389 2247 1758 2320 ἀνάγνωσμα*

174 2335 504 2405 νηστεύσατε
556 2335 754 2389 αὐτόν·
806 2336 1021 2402 ἐξέσται
1064 2335 1121 2389 δὲ
1152 2337 1281 2407 ὑμῖν
1330 2339 1363 2409 ἡ
1404 2337 1500 2403 νὺξ
1538 2341 1637 2409 τῆς
1665 2358 1762 2408 νη-

180 2427 379 2492 στείας,
424 2429 505 2489 είς
557 2426 707 2498 μίξιν
736 2427 847 2480 τῶν
889 2429 1163 2496 γυναικῶν
1203 2428 1357 2500 ὑμῶν
1384 2446 1398 2460 ⁶
1454 2425 1616 2484 αὗται
1653 2431 1763 2503 γὰρ

176 2518 322 2588 ὑμῶν
354 2520 438 2581 είς
490 2520 879 2589 σκεπάσματα,
910 2520 1006 2573 καὶ
1038 2521 1197 2591 ὑμεῖς
1250 2522 1443 2584 αὐταῖς
1475 2522 1598 2576 ὲστε
1633 2540 1763 2577 σκε-

177 2610 441 2678 πάσματα
475 2625 488 2638 ·
514 2609 655 2678 ἔγνω
684 2611 792 2681 γὰρ
819 2611 848 2664 6
869 2610 1002 2675 Θεὸς
1028 2612 1110 2665 ὃτι
1140 2611 1612 2681 παραϐουλιύσετε
1643 2617 1762 2680 ταῖς

177 2698 368 2767 ψυχαῖς
403 2699 561 2768 ὑμῶν
595 2701 652 2752 ἐν
680 2702 746 2770 τῇ
775 2700 1017 2770 νηστείᾳ,
1048 2701 1143 2753 καὶ
1178 2699 1334 2765 Dem;
1366 2703 1493 2772 ὑμῖν
1519 2704 1727 2771 γίνεται
1746 2720 1761 2734 ⁶

180 2788 406 2857 μίχοητε
440 2794 521 2852 εἰς
546 2790 716 2853 αὐτὰς
737 2791 816 2852 είς
846 2790 1190 2860 παράκλησιν
1209 2808 1222 2823 ·
1255 2793 1349 2845 καὶ
1378 2795 1580 2862 φάγετε
1601 2795 1768 2848 ἑσπέ-

180 2898 270 2949 ρας
300 2883 398 2934 καὶ
440 2883 619 2941 πίετε,
649 2882 754 2945 ἕως
792 2880 857 2934 ἂν
898 2882 959 2934 τὸ
993 2882 1100 2936 ἀπὸ
1125 2881 1219 2935 τοῦ
1250 2884 1475 2946 σκότους
1507 2885 1765 2955 φαινόμε-

177 2986 261 3021 νον
292 2971 497 3039 ῥάμμα
547 2970 739 3041 μέλαν,
787 2970 876 3025 διὰ
920 2971 1021 3042 τῆς
1072 2973 1285 3043 ἡμέρας
1337 2976 1480 3044 φανῇ
1521 2975 1764 3047 ἄσιιτρον⁶

177 3061 263 3115 καὶ
301 3061 468 3121 πάλιν
521 3061 845 3134 πληρώσατε
886 3063 985 3136 τὴν
1018 3065 1274 3135 νηστείαν
1325 3065 1430 3131 ἕως
1470 3068 1573 3136 τῆς
1599 3070 1767 3124 ὲσπέ-

1862 2066 2024 2131 ferre,
2054 2064 2170 2119 hzec
2192 2063 2268 2117 ait
2300 2078 2310 2111 :
2342 2082 2361 2115 ι
2386 2062 2589 2118 .‘llensis
2621 2072 2705 2117 est
2737 2061 3097 2127 ltamidanus,
3121 2076 3229 2130 quo
3255 2059 3323 2115 ad
3353 2074 3452 2114 vos

1864 2156 2029 2211 lectio
2056 2156 2232 2210 delata
2262 2153 2400 2223 fuit;
2430 2154 2611 2225 ipsum
2651 2153 2919 2224 jejunate.
2964 2151 3166 2221 Jejunii
3198 2161 3358 2208 nocte
3387 2152 3454 2207 li-

1863 2248 2007 2303 cebit
2036 2247 2192 2303 vobis
2214 2262 2338 2303 cum
2373 2246 2634 2302 uxoribus
2670 2246 2865 2302 vestris
2892 2247 3123 2316 copula:
3154 2245 3282 2316 ipsa:
3301 2243 3449 2300 enim

1866 2350 1998 2394 sunt
2032 2339 2187 2395 vobis
2215 2339 2630 2404 indumenta,et
2663 2353 2761 2394 vos
2794 2338 2902 2394 illis
2929 2352 3083 2408 teque
3112 2337 3453 2391 indumenta.

1864 2428 2027 2485 Novit
2064 2431 2211 2485 enim
2244 2429 2413 2495 Deus,
2445 2429 2562 2485 lore
2591 2439 2650 2485 ut
2681 2429 2891 2484 animas
2923 2439 3137 2484 vestras
3171 2427 3454 2483 fraudare-

1866 2524 1937 2579 tis
1967 2524 2021 2578 in
2046 2522 2278 2593 jejunio.
2314 2522 2443 2578 Ideo
2470 2522 2625 2578 vobis
2658 2522 2922 2593 indulget.
2944 2520 3307 2577 Concumbite
3327 2534 3453 2574 cum

1867 2616 1975 2671 illis
2001 2616 2070 2670 ad
2103 2615 2399 2683 solatium;
2436 2624 2490 2670 et
2518 2615 2787 2670 contedite
2833 2630 3060 2685 vespere
3121 2629 3188 2669 ac
3242 2612 3451 2667 bibite:

1868 2709 2045 2761 dooec
2074 2708 2219 2776 quod
2257 2716 2417 2762 noctu
2454 2707 2736 2761 videbatur
2765 2706 2916 2760 ﬁlum
2950 2705 3195 2775 nigrum,
3220 2704 3475 2759 interdiu.

1869 2797 2123 2852 videatur
2152 2799 2359 2853 album.
2390 2797 2455 2853 Et
2504 2814 2701 2853 rursus
2732 2799 3017 2852 observate
3047 2797 3321 2868 jejunium
3360 2812 3451 2851 us-

1868 2905 1977 2959 que
2005 2891 2071 2945 ad
2101 2906 2406 2961 vesperam.
2444 2890 2510 2945 Et
2536 2888 2651 2963 [ne]
2696 2891 3031 2962 copulemini
3076 2891 3206 2956 illis,
3238 2891 3367 2945 dum
3402 2891 3455 2944 in

1870 2985 2117 3038 oratorio
2146 2987 2534 3054 perseveratis.
2569 2984 2695 3039 llaec
2722 2993 2803 3039 est
2845 2984 2930 3039 lex
2973 2983 3067 3038 Dei
3096 2998 3109 3036 :
3148 2998 3215 3039 ne
3240 2983 3307 3038 ad
3337 2982 3463 3038 illas

1871 3075 2171 3130 accedatis.
2202 3094 2222 3128 ι
2259 3076 2573 3132 Tantumne
2600 3077 2760 3132 simia
2793 3075 2937 3131 leoni
2983 3075 3149 3141 cedit,
3185 3083 3463 3145 quantum

180 3170 270 3222 ρας
296 3171 309 3185 ·
347 3155 449 3207 καὶ
480 3153 611 3227 [μὴ]
648 3156 876 3228 μίχθητε
900 3157 1092 3221 αὑταῖς
1117 3157 1272 3228 ὑμῶν
1307 3160 1683 3230 συχναζόντων
1706 3166 1761 3217 ὲν

1869 3167 2207 3224 detestabilis
2254 3169 2345 3225 hic
2394 3180 2560 3239 atque
2606 3168 2964 3226 exsecrabilis
3003 3183 3035 3224 a
3085 3167 3286 3223 divina:
3315 3166 3457 3222 Scri-

178 3245 249 3314 τῴ
277 3248 777 3318 προσκυνητηρίῳο
815 3248 954 3317 αὕτη
999 3250 1117 3302 ἐστὶ
1152 3250 1449 3320 νομοθεσία
1477 3252 1635 3317 Θεοῦ,
1670 3257 1761 3309 καὶ

1873 3272 2049 3332 pturze
2087 3262 2402 3331 legislatore
2424 3263 2446 3315 ?

182 3337 251 3408 μὴ
309 3340 576 3409 ἐγγίσητε
627 3338 818 3401 αὑτάς.
860 3357 878 3391 ι
920 3334 983 3394 ’ἐ
1002 3339 1071 3410 βά
1115 3357 1176 3409 γε
1229 3342 1479 3396 τοσοῦτον
1530 3344 1763 3418 πίθηκος
1802 3350 2014 3416 λέοντος
2066 3352 2305 3423 ὑστερεῖ,
2351 3355 2475 3408 ὅσον
2503 3346 2657 3419 οὗτος
2720 3354 2749 3407 6
2805 3353 3050 3426 μυσαρδς
3116 3355 3210 3408 καί
3257 3353 3457 3426 ἐναγὴς

177 3431 264 3484 τοῦ
301 3436 401 3503 τὴν
431 3433 587 3486 θείαν
616 3432 836 3505 Γραφὴν
866 3433 1393 3506 νενομοθετηκότος;

244 3551 339 3605 λθ¹.
362 3552 526 3606 Meti
545 3551 601 3605 δὲ
626 3551 727 3622 τὴν
745 3550 1004 3622 ἀθεμιτοῦ
1015 3570 1215 3624 ργητον
1247 3555 1465 3626 ἐκείνην
1487 3560 1767 3626 νηστείαν,

179 3644 252 3705 είς
279 3644 372 3696 τὸν
408 3642 538 3696 καθ’
585 3642 743 3713 ἡμῶν
786 3642 985 3706 αὐτοὺς
1021 3644 1281 3714 διεγείρει
1332 3646 1591 3714 πόλεμον,
1622 3666 1641 3699 ι
1674 3650 1774 3702 Φο-

180 3733 423 3799 νεύσατε,
450 3734 651 3803 λέγων,
679 3734 875 3797 αὐτοὺς
907 3735 1043 3789 ὅπου
1083 3736 1129 3789 δ’
1161 3736 1228 3790 ἂν
1271 3741 1638 3811 συναντήσητε
1675 3743 1773 3793 αὐ-

181 3828 316 3887 τοῖς·
359 3846 378 3877 ι
436 3827 602 3893 ὅρους
646 3826 705 3879 δὲ
756 3826 942 3889 αὐτοῖς
993 3828 1239 3897 ἀγάπης,
1270 3828 1345 3891 ὡς
1388 3830 1555 3893 εἰκὸς,
1600 3832 1771 3897 τιθεὶς

183 3918 337 3983 φησίν
362 3917 521 3987 (51)·
557 3935 577 3969 ι
623 3916 734 3969 Καὶ
788 3917 937 3982 ὅστις
984 3918 1043 3972 δὲ
1089 3923 1423 3989 μνησικακεῖ
1470 3924 1555 3991 ἐφ’
1601 3924 1766 3993 ὑμᾶς,

184 4010 480 4080 ὲχθράνατε
538 4011 705 4063 αὐτὸν
753 4009 935 4073 καθὼς
980 4010 1244 4081 ἔχθρανεν
1300 4012 1488 4066 ἐπάνω
1532 4015 1707 4085 ὑμῶν.
1745 4034 1764 4068 υ

185 4104 316 4172 "p6;
347 4102 687 4174 ἐγκράτειαν
725 4103 783 4156 δὲ
813 4103 906 4156 καὶ
937 4102 1294 4175 σωφροσύνην
1333 4106 1532 4169 αὐτοὺς
1558 4105 1771 4175 ψευδῶς

185 4193 412 4262 ὰὶείφων
443 4195 618 4267 φησίν
637 4194 804 4265 (52)·ι
824 4196 889 4247 Δί
917 4197 1174 4260 γυναῖκες
1191 4183 1352 4266 ὖμῶν
1378 4198 1565 4262 νεατὸς
1592 4198 1767 4268 ὑμῶν·

1946 3564 2036 3619 39.
2070 3564 2199 3621 Post
2224 3566 2516 3621 scelestum
2562 3564 2693 3621 illud
2725 3564 3024 3636 jejunium,
3060 3579 3193 3619 suos
3216 3563 3458 3618 concitat

1873 3658 1939 3712 ad
1969 3658 2166 3713 bellum
2207 3670 2398 3714 contra
2432 3676 2532 3715 nos
2578 3660 2904 3731 gerendum.
2965 3675 2985 3706 ς
3021 3656 3331 3721 lnterﬁcilc,
3369 3657 3455 3710 in-

1870 3750 2010 3819 quit,
2045 3751 2166 3806 illos
2200 3751 2515 3821 ubicunque
2551 3753 2604 3806 in
2638 3768 2735 3807 eos
2768 3750 3136 3806 incurreritis.
3160 3768 3179 3802 ι
3214 3748 3353 3804 Tum
3386 3750 3453 3804 iis

1872 3840 2045 3911 legem
2073 3842 2357 3898 charitatis
2392 3853 2662 3900 statuens.
2698 3851 2758 3896 ut
2782 3858 2881 3911 par
2910 3850 3015 3905 est,
3048 3842 3159 3895 ait:
3196 3860 3215 3893 ι
3241 3840 3307 3895 Ει
3328 3842 3453 3911 qui-

1869 3948 2086 4003 cunque
2116 3934 2377 3989 adversus
2406 3949 2499 3989 vos
2527 3934 2664 3989 iram
2695 3933 2873 3998 fovet,
2906 3933 3053 3988 odite
3080 3932 3255 3998 illum,
3286 3943 3455 4003 prout

1872 4026 1962 4080 ille
1993 4040 2091 4081 vos
2117 4025 2251 4079 odit.
2290 4044 2308 4078 ι
2363 4023 2484 4079 Jam
2546 4026 2614 4080 ad
2658 4026 3059 4080 continentiam
3121 4026 3260 4080 falso
3312 4027 3459 4095 ipsos

1874 4119 2397 4189 temperantiamque
2443 4118 2746 4173 adhortans
2808 4118 2925 4171 ait:
2955 4134 2976 4169 ι
3019 4114 3230 4173 Uxores
3264 4126 3459 4172 vestrae

1875 4209 2092 4264 novalia
2123 4221 2302 4265 vestra
2368 4219 2535 4267 sunt:
2567 4210 2918 4281 ingredimini
2948 4210 3001 4265 in
3039 4211 3252 4265 novalia
3278 4220 3458 4265 vestra

185 4287 448 4342 είσέλθετε
475 4290 563 4350 είς
593 4288 721 4351 τοὺς
761 4288 986 4351 νεατοὺς
1016 4288 1170 4355 ὑμῶν
1200 4289 1326 4343 ὅθεν
1350 4289 1605 4360 βούλεσθε
1632 4308 1647 4325 ο
1678 4293 1761 4352 xui

1880 4304 2025 4357 unde
2054 4302 2373 4368 volueritis;
2416 4311 2470 4357 et
2499 4302 2896 4373 congredimini
2925 4317 2990 4357 ex
3016 4301 3327 4356 animorum
3367 4317 3459 4355 ve-

188 4376 465 4431 σννέλθετε
524 4379 649 4441 ταῖς
698 4376 897 4447 ψυχαῖς
949 4376 1139 4447 ὑμῶν·
1190 4396 1208 4430 ι
1257 4379 1529 4445 τουτέστι,
1582 4381 1761 4435 Πᾶσαι

1881 4399 2118 4445 strorum
2153 4392 2443 4456 sententia,
2472 4410 2489 4443 ι
2521 4392 2573 4446 id
2601 4401 2705 4455 est,
2747 4391 3048 4461 quamlibet
3096 4391 3455 4460 cupiditatem

186 4469 474 4537 ἐπιθυμίαν
534 4468 645 4524 τῶν
690 4469 878 4539 ψυχῶν
933 4469 1087 4539 ὑμῶν
1134 4470 1461 4541 πληρώσατε
1488 4490 1501 4503 ·
1554 4472 1664 4541 ἄρα
1707 4491 1761 4542 γι

1879 4483 2184 4537 animorum
2237 4491 2541 4538 vestrorum
2596 4483 2829 4552 explete.
2865 4474 2963 4536 Est
2997 4483 3161 4553 igitur
3212 4482 3297 4536 lex
3343 4482 3457 4536 haec

187 4563 458 4634 κτηνώδης
489 4555 653 4625 οὗτός
673 4563 821 4615 ἐστιν
858 4562 887 4615 6
927 4561 1059 4632 βίος,
1096 4562 1129 4633 ἦ
1160 4562 1364 4633 μᾶλλον
1385 4563 1761 4635 δαιμονιώδης.

1879 4572 2095 4628 beluina
2132 4574 2214 4627 vel
2247 4573 2432 4643 potius
2460 4544 2753 4629 diabolica.
2778 4571 2918 4627 Tum
2942 4544 3235 4627 div'ortium
3266 4572 3365 4626 viri
3389 4574 3461 4627 ab

187 4656 399 4719 Λύσεως
441 4654 503 4709 δὲ
553 4654 940 4726 μνημονεύσας
984 4657 1243 4724 γυναικὸς
1288 4656 1348 4723 ἐξ
1390 4656 1605 4728 ἀνδρὸς,
1642 4658 1761 4712 τάδε

1878 4682 2049 4722 uxore
2082 4683 2419 4732 memorans,
2441 4670 2522 4723 sic
2542 4668 2842 4737 alloquitur
2884 4666 3175 4722 barbaros:
3209 4684 3227 4717 ι
3255 4666 3311 4719 Si
3335 4666 3462 4734 quis

189 4748 311 4816 φησὶ
334 4750 453 4811 τοῖς
495 4746 803 4818 βαρϐάροις
836 4748 980 4819 (53)°
1019 4765 1039 4800 ι
1090 4748 1220 4802 Ἐάν
1260 4766 1347 4812 τις
1388 4748 1633 4821 ἀπολύσῃ
1668 4767 1761 4819 γυ·

1880 4775 2106 4815 uxorem
2143 4775 2299 4816 suam
2334 4762 2722 4831 repudiaverit.
2744 4774 2851 4816 non
2880 4758 3059 4813 licebit
3080 4758 3151 4822 ei,
3171 4765 3458 4827 postquam

188 4841 339 4891 ναῖκα
376 4838 581 4905 αὑτοῦ,
613 4838 800 4893 οὐκέτι
835 4840 1053 4906 ἐξέσται
1097 4840 1247 4911 αὐτῷ
1284 4842 1422 4911 μετὰ
1457 4842 1522 4895 τὸ
1567 4842 1761 4897 ἀπολυ-

1878 4864 2001 4905 eam
2034 4850 2328 4919 dimiserit,
2377 4854 2553 4908 donec
2609 4854 2765 4908 alteri
2812 4854 2932 4908 viro
2967 4848 3271 4918 copuletur.
3303 4849 3457 4913 Quod

190 4926 335 4997 θῆναι
390 4930 594 5001 αὐτὴν,
624 4930 731 4994 ἕως
763 4928 832 4983 ἂν
872 4929 1072 5001 ζευχθῇ
1102 4931 1258 5001 ἀνδρὶ
1299 4932 1505 5003 ἑτέρῳ·
1542 4934 1636 4986 καὶ
1679 4934 1761 4987 tan

1884 4943 1931 4997 si
1966 4953 2019 4997 et
2054 4944 2329 4999 secundus
2356 4961 2477 4999 eam
2507 4945 2814 5010 dimiserit,
2869 4960 2979 5000 non
3013 4948 3099 4995 est
3127 4941 3234 4995 illis
3263 4941 3456 5010 piacu-

192 5018 427 5096 ἀπολύσῃ
475 5022 660 5090 αὐτὴν
690 5023 719 5074 6
754 5021 1027 5093 δεύτερος,
1073 5023 1173 5076 οὐκ
1219 5022 1333 5077 ἐστι
1369 5024 1688 5097 κατάκριμα
1716 5027 1761 5082 ἐι

1885 5034 2017 5098 lum,
2042 5036 2085 5091 si
2121 5036 2186 5089 ad
2218 5037 2535 5107 conjugium
2569 5038 2809 5093 redeant.
2843 5036 2968 5092 llaec
2998 5047 3125 5092 sunt
3165 5033 3334 5097 enim.
3370 5033 3457 5086 illa

194 5110 413 5175 ἑαυτοῖς,
446 5112 550 5165 ἐὰν
578 5112 949 5182 ἐπιστρέφουσι
974 5112 1111 5185 πρὸς
1137 5114 1403 5183 ἀλλήλους
1427 5132 1441 5147 ο
1471 5109 1617 5173 οὗτοι
1641 5118 1761 5188 γὰρ,

1883 5129 2024 5198 quit,
2056 5137 2259 5184 statuta
2292 5127 2409 5185 Dei.
2446 5149 2465 5183 ι
2491 5128 2537 5185 Ο
2565 5130 2901 5185 barbaricam
2928 5130 3244 5185 Iibidinernl

195 5203 364 5271 φησὶν,
400 5204 566 5277 νόμοι
613 5202 773 5260 Θεοῦ.
812 5223 831 5257 ι
870 5207 934 5259 Ὠ
975 5206 1082 5260 ἀπὸ
1121 5209 1218 5279 τῆς
1258 5207 1600 5281 βαρϐαρικῆς
1632 5211 1766 5264 ἀσωο

196 5295 329 5359 τείας
348 5298 362 5351 1

262 5386 326 5458 μ’.
379 5390 689 5461 Ἐρεθίζων
730 5389 787 5445 δὲ
836 5392 974 5464 πρὸς
1011 5392 1371 5464 άνδροφονίαν
1413 5396 1540 5458 τοὺς
1572 5394 1779 5467 βαρϐά-

203 5496 331 5550 ρουῖ,
362 5484 549 5553 ἔδοξεν
599 5484 682 5548 είς
716 5486 1032 5561 προτροπὴν
1086 5487 1328 5556 ἱστορίαν
1368 5489 1646 5561 γραφικὴν
1678 5489 1779 5543 αὑ-

264 5680 367 5753 (49)
394 5681 524 5739 Sur.
557 5682 629 5747 11,
666 5684 787 5742 170.

268 5754 372 5827 (Ψ)
397 5756 508 5827 διη-
543 5754 611 5827 ν,
646 5756 887 5827 186‘scq.

264 5824 368 5895 (5|)
400 5824 530 5882 Sur.
568 5825 792 5891 ",19‘2.

1950 5395 2041 5451 40.
2084 5395 2357 5452 Barbaros
2400 5404 2579 5451 autem
2633 5396 2699 5450 ad
2756 5394 3115 5449 homicidium
3149 5392 3457 5453 concitans.

1884 5487 2099 5542 videtur
2129 5488 2453 5543 hortamenti
2483 5488 2601 5544 loco
2628 5486 2865 5558 objicere
2890 5487 3171 5542 historiam
3195 5485 3261 5540 de
3285 5487 3455 5539 sacris

1960 5689 2073 5753 (5‘2)
2106 5690 2230 5743 Sur.
2260 5688 2324 5751 ll,
2352 5688 2479 5743 226.

1961 5762 2073 5832 (σε)
2104 5762 2226 5816 Sur.
2251 5759 2313 5827 ιι,
2344 5763 2468 5815 25:.
