4168 6450
746 378 853 446 ’123

2013 394 2305 453 ΝΗἹΕΤΕ
2348 396 2753 457 ΒΥΖᾹΝΊῚΝΙ

3914 397 4020 460 ’ῐὲ4

751 488 1052 558 Scripturis
1088 500 1383 559 sumptam,
1417 494 1661 551 confusi:
1700 505 1905 561 tamen,
1938 516 2081 568 quon
2114 521 2313 572 semp».

2431 509 2541 568 τοῖς
2575 503 2936 573 παραθέσθαι,
2968 506 3059 558 καὶ
3093 506 3366 575 ειν-[χύσις
3401 510 3463 560 τὰ
3502 508 3789 577 πρόσωπα,
3822 511 4020 585 ὥσπερ

749 578 905 643 facit,
936 582 1187 649 personis
1216 598 1281 639 ac
1318 588 1657 654 permutatis.
1680 587 1814 644 Nam
1851 607 1934 646 res
1962 609 1990 645 a
2022 591 2156 645 Ινςιι
2198 597 2324 649 Navi

748 680 931 741 gestas
965 672 1203 729 GedeOui
1248 679 1474 743 tribuit;
1512 696 1703 737 rursns
1742 700 1827 739 res
1858 684 2129 739 Gedeonis
2154 687 2325 754 Sauli;

751 766 945 833 hisque
979 767 1056 821 ait
1092 773 1555 842 contemporalem
1591 774 1891 832 Davidem:
1927 795 2221 849 areamque
2261 785 2329 838 ab

746 860 975 929 angelis,
1004 877 1109 915 non
1142 863 1211 917 ab
1246 864 1581 934 hominibus,
1603 868 1890 938 gestatam.
1915 872 2065 927 Adeo
2086 875 2327 931 divinam

748 950 1094 1021 Scripturam
1126 967 1180 1011 et
1210 958 1443 1013 callebat
1487 971 1541 1015 et
1572 964 1710 1017 alios
1745 965 1973 1021 docebat
2016 969 2105 1022 hic
2144 985 2326 1023 rerum

746 1042 1060 1099 divinarum
1095 1047 1287 1103 illusor
1312 1060 1362 1103 et
1392 1053 1618 1109 atheus!
1680 1055 1890 1124 Quippe
1919 1057 2184 1112 Dominus
2227 1060 2329 1128 piis

747 1135 865 1190 suis
913 1138 1221 1193 cultoribus
1260 1142 1580 1207 consulens,
1614 1147 1979 1217 irreligiosum
2039 1167 2132 1204 cor
2187 1152 2330 1207 illius

747 1225 1058 1293 infatuavil,
1093 1239 1149 1283 ut
1178 1247 1245 1285 ne
1276 1246 1439 1301 prout
1471 1250 1530 1290 se
1569 1237 1823 1304 habebat,
1864 1240 1936 1295 ita
1978 1253 2032 1297 et
2069 1244 2330 1313 procede-

746 1329 849 1375 ret.
880 1320 1016 1376 Nam
1039 1323 1103 1377 de
1134 1326 1255 1379 fidei
1290 1327 1525 1383 violenta
1553 1331 1912 1401 abnegatione
1942 1334 2022 1389 sic
2048 1336 2157 1389 ait:
2185 1334 2328 1390 «Non

746 1423 831 1468 est
858 1418 1168 1487 cogendum
1206 1420 1271 1473 ad
1312 1420 1506 1487 fidem;
1566 1426 1766 1479 etruim
1800 1427 1926 1497 quid
1952 1430 2023 1484 sit
2062 1439 2205 1484 recte
2238 1446 2265 1483 a
2292 1433 2331 1481 l-

749 1507 1103 1571 mlttendum,
1144 1526 1206 1564 ex
1257 1510 1437 1567 fallaci
1472 1518 1755 1571 contrario
1792 1520 2099 1574 inuoteseit.
2144 1541 2161 1573 ι
2204 1521 2331 1575 Suis

747 1615 878 1656 vero
907 1601 1104 1658 fabulis
1136 1608 1691 1675 perpetuoinsisteus,
1726 1612 1933 1666 inducit
1959 1614 2327 1670 Abrahamum

747 1696 1031 1764 nugaeiter
1070 1714 1194 1753 cum
1231 1700 1340 1755 Deo
1371 1704 1767 1773 colloquentem
1796 1747 1810 1773 ,
1842 1723 2077 1777 cumque
2140 1710 2231 1763 illo
2262 1709 2329 1765 de

745 1798 1092 1845 mortuorum
1124 1796 1527 1851 resurrectione
1559 1798 1927 1869 disputantem
1962 1820 1975 1855 :
2004 1811 2057 1855 et
2091 1802 2234 1871 quod
2260 1818 2327 1858 ex

2433 596 2521 647 dat
2551 601 2710 660 ποιεῖ,
2762 596 2855 648 καὶ
2900 597 3291 665 ἀλλαξαςῶ-ί),
3337 600 3548 653 τέθεικε
3598 604 3664 656 τὰ
3710 604 3801 655 ἐπὶ
3840 604 4018 675 Ἰησοῦ

2433 688 2525 739 τοῦ
2561 690 2715 758 Ναυῆ
2749 688 2841 741 ἐπὶ
2867 689 2957 742 τὸν
2994 691 3218 751 Γεδεὼν,
3249 694 3341 745 καὶ
3372 694 3438 745 τὰ
3470 694 3561 745 τοῦ
3595 696 3797 748 Γεδεὼν
3838 700 3919 759 εἰς
3950 701 4020 753 τὰ

2432 780 2524 832 τοῦ
2553 781 2742 845 Σαοὺλ,
2779 781 2872 834 καὶ
2902 784 3197 853 ὁμόχρονον
3228 786 3405 837 αὐτῶν
3444 781 3579 838 εἷναί
3612 805 3743 858 φησι
3775 789 3865 841 τὸν
3913 796 4017 841 Δαο

2434 874 2517 926 ϐίδ
2554 874 2663 943 (53)
2683 891 2696 904 °
2728 876 2823 944 τὴν
2854 877 2907 928 δέ
2961 879 3191 931 κιεωτὸν
3224 878 3315 931 ὑπ’
3346 879 3592 947 ἀγγέλων
3623 880 3773 949 ἔλεγε
3808 883 4017 952 βαστάσ

2434 963 2641 1027 ζεσθαι,
2680 963 2793 1016 ἀλλ’
2822 966 2941 1035 οὐχὶ
2993 968 3123 1036 παρ’
3178 970 3514 1039 ἀνθρώπων·
3553 969 3694 1023 οὕτω
3725 974 3824 1042 τὴν
3864 974 4022 1026 θεῖαν

2435 1054 2655 1125 Γραψὴν
2710 1056 2804 1108 καὶ
2856 1059 3125 1125 ἠπίστατο
3179 1060 3273 1110 καὶ
3322 1061 3595 1114 ἐδίδασκεν
3624 1062 3653 1113 δ
3702 1062 3813 1113 τῶν
3856 1064 4021 1115 θείων

2432 1147 2747 1217 ἐμπαῖκτης
2798 1150 2894 1201 καὶ
2946 1150 3125 1213 ἄθεος.
3180 1151 3443 1221 Πρόνοιαν
3477 1154 3533 1206 δὲ
3586 1155 3692 1206 τῶν
3726 1156 3808 1217 εἰς
3852 1157 4021 1209 αὐτὸν

2432 1240 2801 1296 εὐσεϐούντων
2826 1243 2997 1296 ποιῶν
3024 1248 3051 1298 ὁ
3083 1247 3305 1316 Κύριος,
3339 1248 3681 1315 ἐματαίωσεν
3722 1249 3889 1302 αὑτοῦ
3919 1250 4023 1319 τὴν

2434 1333 2589 1387 ἀθεο·ι
2629 1336 2875 1407 καρδίαν,
2911 1336 2985 1407 μὴ
3020 1339 3142 1391 καθ’
3181 1340 3209 1391 ὃ
3239 1336 3382 1409 εἶχεν
3421 1342 3514 1392 καὶ
3552 1342 3812 1411 προέσται
3838 1358 3851 1372 ο
3888 1344 4023 1411 περὶ

2432 1426 2541 1496 γὰρ
2566 1426 2667 1495 τῆς
2711 1430 2852 1482 κατὰ
2875 1430 2971 1498 τὴν
3010 1430 3194 1483 πίστιν
3242 1432 3421 1501 βιαίας
3454 1432 3834 1503 ἀπαρνήσεως,
3875 1432 4025 1487 οὕτω

2432 1528 2566 1597 φησί
2598 1526 2709 1595 (56)
2737 1542 2750 1556 ⁸
2795 1547 2812 1579 ι
2852 1529 2966 1581 Οὐκ
3014 1529 3320 1596 ἀναγκάσαι
3353 1530 3409 1583 δὲ
3456 1532 3537 1592 εἰς
3578 1530 3787 1582 πίστιν·
3824 1533 4022 1599 ἐφανε-

2433 1618 2582 1689 ρώθη
2611 1618 2791 1688 γὰρτὸ
2814 1620 3208 1690 εὐπρόσδεκτον
3230 1622 3293 1673 ἐκ
3311 1622 3405 1673 τοῦ
3438 1620 3729 1692 σφαλεροῦ.
3758 1640 3775 1671 ι
3820 1624 4024 1690 Ἐπεμο

2431 1711 2609 1765 ϐαλὼν
2639 1713 2694 1765 δὲ
2727 1713 2971 1783 συνήθως
3002 1715 3115 1785 (57)
3148 1716 3215 1768 τὰ
3249 1714 3417 1784 ψευδῆ
3459 1715 3627 1768 αὐτοῦ
3670 1714 4021 1785 μυθεύματα,

2434 1803 2811 1874 παρεμϐάλλει
2837 1806 2928 1857 τὸν
2965 1805 3215 1876 Ἀϐραὰμ
3237 1805 3495 1869 διαλέξεις
3524 1805 3780 1874 ληρώδεις
3807 1804 4025 1856 ποιοῦν-

747 1891 986 1950 quatuor
1020 1884 1213 1939 avibus
1244 1888 1313 1941 ab
1343 1903 1409 1943 eo
1435 1904 1598 1958 supra
1630 1901 1870 1961 quatuor
1908 1902 2123 1947 montes
2170 1909 2322 1963 τερος

2436 1910 2526 1955 τα,
2556 1894 2652 1946 καὶ
2682 1894 2816 1966 πρὸς
2839 1893 2970 1949 Θεὸν
3005 1893 3465 1965 διαμφιϐἀλλοντα
3497 1893 3626 1963 περὶ
3649 1891 3857 1963 νεκρῶν
3888 1892 4026 1944 ἀνα-

746 1974 890 2039 sitis,
941 1984 995 2029 et
1023 1977 1221 2033 deinde
1256 1984 1551 2046 revocatis,
1588 1985 2011 2040 resurrectionis
2044 1986 2202 2040 fidem
2245 1988 2328 2041 di-

744 2068 940 2123 dicerit
971 2070 1316 2128 Abrahamus
1350 2090 1363 2125 :
1399 2076 1558 2144 cujus
1607 2078 1682 2131 rei
1745 2078 1951 2132 nullam
2015 2078 2142 2134 facit
2182 2081 2327 2135 anti-

744 2160 1013 2229 quissima
1048 2163 1337 2234 Scriptura
1371 2169 1730 2223 mentionem.
1781 2169 1897 2224 Non
1933 2181 2114 2226 tamen
2148 2173 2326 2242 impu-

743 2254 938 2308 denter
993 2260 1375 2314 tantummodo
1410 2262 1474 2315 ad
1509 2262 1637 2315 vitia
1677 2264 1805 2326 ruit,
1856 2264 1952 2318 sed
2005 2275 2057 2319 et
2098 2281 2323 2320 usuram

744 2346 1051 2416 improbare
1075 2349 1309 2415 videtur,
1339 2362 1501 2421 atque
1528 2354 1903 2423 orphanorum
1944 2356 2323 2424 spoliationes,

741 2449 795 2493 et
832 2441 899 2495 ad
928 2442 1331 2514 eleemosyuam
1389 2444 1693 2501 faciendam
1748 2448 2031 2512 hortatur;
2087 2456 2143 2501 ut
2191 2448 2322 2502 dum

743 2534 871 2587 boui
900 2536 1114 2591 consilii
1154 2548 1351 2593 auctor
1396 2540 1630 2606 videtur,
1677 2541 1957 2595 mortifera
1995 2551 2324 2596 noeumeuta

744 2628 976 2681 latenter
1010 2627 1211 2684 inferat
1238 2630 1321 2684 vir
1345 2632 1633 2688 exitiosus.
1673 2633 1849 2702 Atque
1908 2635 1959 2687 in
2028 2636 2133 2697 his,
2176 2646 2325 2705 post-

743 2736 908 2789 quam
937 2722 1041 2776 sibi
1060 2722 1341 2777 victoriam
1365 2726 1430 2778 de
1462 2725 1622 2780 nobis
1649 2726 1985 2797 imprecatus
2010 2735 2113 2794 est,
2136 2728 2326 2796 prima:

743 2814 939 2885 nugaei
965 2813 1162 2870 fabulae
1193 2816 1357 2873 finem
1388 2816 1639 2888 imponit.

1244 3036 1695 3095 CONFUTATIIJ
1743 3039 1809 3094 11.

810 3153 902 3209 Η.
976 3151 1293 3209 Secundum
1357 3152 1555 3209 fabulae
1618 3154 1956 3210 Mohamedis
2022 3155 2320 3225 capitulum

2433 1985 2675 2048 στάσεως
2697 1999 2710 2013 ·
2750 1986 2845 2038 καὶ
2892 1985 2973 2038 ὅτι
3012 1985 3097 2039 διὰ
3143 1987 3420 2057 τεσσάρων
3447 1986 3651 2056 ὀρνέων
3685 1987 3813 2056 παρ’
3843 1985 4019 2037 αὑτοῦ

2430 2078 2523 2130 ἐπὶ
2568 2078 2808 2147 τέσσαρα
2865 2077 2965 2148 ὅρη
3015 2077 3391 2131 ἀποτεθέντων
3438 2079 3530 2131 καὶ
3579 2076 4018 2145 ἀνακληθέντων,

2425 2170 2526 2238 τὴν
2556 2170 2655 2237 τῆς
2708 2170 3055 2234 ἀναστάσεως
3088 2170 3271 2223 πίστιν
3320 2172 3512 2223 ἐλαϐεν
3558 2170 3587 2222 δ
3630 2170 3909 2240 Ἀϐρααμ·
3944 2162 4023 2220 ὧν

2428 2259 2580 2313 οὐδὲν
2621 2260 2653 2329 ὴ
2684 2259 2806 2314 θεία
2856 2262 2950 2313 καὶ
2986 2262 3320 2331 ἀρχαιοτάτη
3354 2261 3625 2332 μέμνηται
3661 2262 3848 2330 Γραφή
3874 2277 3889 2290 ·
3918 2261 4023 2313 οὐκ

2428 2351 2657 2415 ἀναιδῶς
2696 2352 2752 2405 δὲ
2803 2354 2963 2421 μόνον
2985 2354 3151 2423 ὁμόσε
3184 2354 3320 2425 πρὸς
3370 2354 3440 2406 τὰ
3487 2353 3632 2406 κακά
3681 2354 3850 2421 χωρεῖ
3878 2353 4022 2420 (38),

2427 2443 2566 2497 ἀλλά
2596 2444 2691 2496 καὶ
2720 2444 2881 2497 τόκον
2902 2444 3216 2509 διαϐάλλειν
3234 2446 3403 2512 δοκεῖ,
3432 2446 3524 2499 καὶ
3555 2445 3813 2516 ἁρπαγὰς
3843 2446 4021 2513 ὁρτα-

2427 2536 2556 2600 νῶν,
2582 2537 2677 2589 καὶ
2701 2538 3048 2606 συμπάθειαν
3082 2540 3255 2591 ποιεῖν
3298 2540 3586 2608 παραινεῖ·
3622 2537 3697 2601 ὡς
3727 2538 3793 2591 ἂν
3826 2541 3890 2589 ἐκ
3918 2538 4019 2590 τοῦ

2428 2630 2664 2699 χρηστὸς
2729 2630 3031 2700 σύμϐουλος
3090 2626 3228 2685 εἶναι
3276 2630 3469 2695 δοκῶν,
3530 2630 3759 2702 διαλάθῃ
3816 2632 3899 2693 εἰς
3954 2631 4023 2683 τὰ

2430 2722 2620 2788 καίρια
2651 2722 2902 2789 βλάπτων
2928 2725 2955 2776 ὁ
2985 2723 3219 2786 δείλαιος
3248 2740 3263 2755 ·
3298 2722 3393 2776 καὶ
3428 2724 3487 2775 ἐν
3514 2722 3723 2785 τούτοις
3758 2721 3857 2791 τὴν
3893 2723 4022 2775 καθ’

2430 2814 2588 2883 ἡμῶν
2618 2814 2775 2885 νίκην
2829 2814 3126 2886 εὐξάμενος
3164 2816 3302 2886 (50),
3339 2814 3432 2869 τὸν
3480 2815 3695 2886 πρῶτον
3736 2815 4027 2887 φλήναφον

2429 2907 2677 2976 ἔστησεν.

2942 3043 3381 3099 ΕΛΕΓΚΤΙΚΟΣ
3422 3044 3493 3101 ιγ.

2503 3154 2613 3227 μα’.
2665 3156 2929 3227 Δεύτερος
2983 3156 3083 3225 τῆς
3148 3156 3554 3226 μυθοπλαστξας
3627 3157 3721 3211 τοῦ
3767 3158 4030 3228 Μωάμετ

741 3248 965 3299 Ληνηιιὶ
995 3247 1206 3315 fanu'lia
1240 3248 1581 3303 inserihitur.
1614 3246 1808 3302 Statim
1838 3248 1903 3301 ab
1950 3249 2105 3302 initio
2159 3249 2322 3303 tradi-

2428 3248 2582 3317 λόγος
2624 3249 2727 3314 Εἰς
2757 3248 2902 3314 τοὺς
2950 3248 3058 3303 τοῦ
3104 3250 3327 3318 Ἀμρὰν
3367 3249 3515 3321 [cod.
3559 3249 3833 3321 'A6psip]
3893 3254 4027 3303 ἐπι-

741 3353 853 3393 tum
881 3355 909 3392 a
942 3340 1048 3393 Deo
1083 3340 1183 3395 hoc
1214 3340 1479 3409 scriptum
1516 3339 1767 3404 afiirmat,
1826 3341 2056 3409 ejusque
2082 3343 2154 3395 rei
2187 3359 2316 3395 cau-

739 3446 861 3485 sam
893 3432 1065 3495 addit,
1098 3434 1240 3501 quod
1268 3434 1335 3487 ab
1360 3434 1458 3487 hoc
1490 3435 1878 3487 confirmentur
1911 3434 1999 3486 illa
2037 3436 2321 3502 superiore

740 3532 986 3593 tempore
1026 3525 1245 3585 tradita,
1310 3525 1389 3578 lex
1439 3526 1693 3580 videlicet
1747 3535 1909 3593 atque
1945 3528 2319 3592 Evangeliulu,

738 3616 970 3672 directio
1000 3632 1194 3686 nempe
1222 3618 1543 3674 hominibus
1593 3628 1757 3688 atque
1789 3618 1959 3673 salus.
2020 3619 2321 3674 Observato

738 3724 892 3779 ergo,
914 3720 1097 3763 utrum
1125 3710 1428 3764 secundum
1462 3710 1603 3765 hane
1633 3711 2045 3780 promiSsinnem
2084 3713 2319 3766 fulcrum

740 3800 876 3871 legis
907 3811 1071 3872 atque
1122 3801 1395 3871 Evangelii
1426 3803 1621 3856 deinde
1666 3802 1818 3857 factis
1852 3804 1969 3858 suis
2022 3814 2195 3859 semet
2233 3805 2324 3858 de.

742 3902 1033 3956 monstret.
1070 3903 1235 3963 atque
1271 3894 1361 3948 illa
1418 3896 1676 3964 praeclare
1729 3897 1968 3960 sancire,
2001 3906 2055 3951 et
2088 3897 2225 3950 bene
2263 3911 2321 3951 se

740 3985 943 4039 habere
974 3996 1034 4041 ut
1076 3986 1128 4039 in
1166 3987 1368 4056 scripto
1396 3988 1615 4054 jaceut;
1668 3987 1753 4042 vel
1804 3989 1997 4041 saltem
2050 3987 2317 4043 defectiva

739 4076 1016 4146 supplere.
1042 4077 1200 4143 Quod
1231 4079 1277 4131 si
1312 4079 1447 4131 nihil
1484 4078 1799 4146 liujusmodi
1840 4080 1894 4133 in
1920 4096 1985 4133 eo
2016 4078 2203 4143 fuerit,
2228 4088 2322 4134 aut

738 4175 1018 4230 cernatur,
1059 4179 1206 4223 certe
1239 4170 1520 4231 mentitur.
1546 4178 1600 4223 et
1625 4168 1873 4224 mendaci
1906 4185 2001 4223 ore
2034 4171 2151 4224 hanc
2182 4169 2320 4224 effu—

740 4254 827 4317 tit,
858 4263 913 4309 et
954 4271 984 4310 a
1020 4256 1290 4314 mendacii
1334 4268 1558 4326 parente
1612 4258 1900 4329 provenire
1952 4260 2317 4315 convincitur.

742 4344 975 4399 Abunde
1006 4345 1190 4415 itaque
1218 4346 1273 4403 in
1312 4348 1672 4416 sequentibus
1710 4363 1810 4417 pro
1844 4364 1995 4403 more
2034 4364 2137 4403 suo
2168 4349 2321 4419 ioca-

740 4444 829 4489 tur
876 4434 943 4488 de
978 4437 1216 4504 quadam
1252 4435 1482 4492 lumbrae
1513 4437 1821 4491 concubina
1846 4479 1861 4503 ,
1894 4454 2017 4507 qua:
2066 4438 2319 4493 alicunde

737 4524 1043 4594 prodierit;
1099 4524 1327 4595 ejusque
1356 4540 1570 4594 precem
1604 4534 1658 4579 et
1686 4525 1988 4595 supplicem
2016 4527 2315 4596 gratiarum

739 4615 1010 4670 actionem
1052 4615 1219 4671 refert
1265 4625 1483 4686 propter
1515 4616 1698 4673 Maria:
1728 4617 2161 4685 conceptionem,
2196 4632 2319 4686 quae

740 4706 860 4769 fuit,
895 4705 1093 4775 inquit,
1124 4705 1291 4762 Mater
1317 4704 1479 4772 Jesu;
1509 4718 1562 4764 et
1612 4706 1757 4776 quod
1809 4706 1951 4761 hanc
2011 4706 2063 4760 iu
2117 4706 2319 4776 templo

738 4796 958 4872 [Mater]
987 4799 1420 4870 praesentaverit,
1486 4810 1540 4855 et
1570 4800 1715 4871 quod
1747 4816 1776 4855 a
1809 4800 2062 4867 Domino,
2116 4800 2315 4870 inquit,

735 4899 954 4961 recepta
988 4894 1078 4957 sit,
1142 4898 1197 4946 et
1252 4907 1283 4946 a
1346 4892 1610 4948 Zacharia
1666 4904 1941 4963 suscepta.
1975 4894 2161 4962 quue
2218 4892 2318 4944 ali-

735 4984 953 5051 quando
990 4984 1043 5039 iu
1086 4984 1351 5056 templum
1388 4986 1658 5056 ingresso,
1701 4996 1755 5041 et
1791 4986 1933 5056 apud
1978 5001 2095 5039 eam
2130 4984 2317 5038 divino

732 5076 859 5130 cibo
892 5090 1207 5147 conspecto,
1240 5077 1581 5134 sciscitatum
1628 5094 1751 5133 esse
1789 5079 1934 5134 unde
1982 5078 2071 5131 hic
2121 5092 2316 5145 prove-

732 5170 927 5223 nisset.
962 5169 1137 5231 illam,
1165 5186 1195 5225 a
1231 5172 1341 5226 Deo
1366 5171 1610 5237 dixisse;
1645 5173 1935 5240 ipsumque
1985 5169 2093 5224 illic
2125 5176 2317 5236 postu-

734 5262 877 5315 lasse
909 5277 935 5313 τι
974 5261 1082 5316 Deo
1138 5262 1347 5329 filium;
1414 5265 1726 5333 factamque
1769 5264 1817 5317 ei
1866 5263 2312 5332 pollicitationem

731 5354 878 5420 quod
907 5353 1171 5408 Joannem
1212 5356 1380 5408 lilium
1409 5355 1699 5409 habiturus
1729 5364 1878 5409 esset
1908 5354 2083 5407 virum
2104 5352 2313 5421 justum

735 5458 897 5515 atque
932 5448 1278 5517 prophetam.
1299 5448 1396 5503 Illo
1422 5463 1549 5507 mox
1576 5448 1864 5503 dubitante
1888 5450 2168 5511 quomodo
2198 5445 2313 5516 jam

803 5628 918 5701 (Si)
945 5628 1068 5701 sur.
1112 5627 1181 5701 il,
1213 5630 1319 5685 947
1355 5645 1471 5701 seq.

804 5698 918 5767 (55)
954 5700 1080 5753 Sur.
1112 5699 1177 5763 11,
1207 5701 1331 5755 2th.

799 5770 914 5839 (se)
936 5770 1060 5823 Sur.
1088 5770 1153 5826 ιι.
1188 5772 1314 5826 εδῖ.

794 5839 912 5911 (57)
949 5841 1073 5894 Sur.
1114 5840 1179 5899 ll.
1203 5843 1310 5897 25“
1342 5857 1456 5897 su.

2425 3342 2738 3411 γέγραπται
2762 3355 2775 3369 '
2807 3341 2969 3403 εὐθὺς
2994 3341 3050 3395 δὲ
3091 3342 3152 3406 ἐξ
3183 3343 3387 3398 εἰσόδου
3410 3342 3473 3395 τὸ
3500 3344 3562 3394 ἐκ
3600 3342 3736 3398 θεοῦ
3764 3344 4025 3397 δεδόσθαι

2425 3435 2484 3487 τὸ
2520 3432 2759 3485 τοιοῦτον
2812 3432 3049 3502 γράμμα
3097 3434 3458 3503 ἀποφαενεται
3486 3434 3630 3504 (60)·
3677 3437 3769 3488 καὶ
3833 3437 4027 3489 αἰτίαν

2424 3523 2617 3576 τούτου
2667 3523 3014 3592 προστίθησι,
3065 3523 3126 3577 τὸ
3170 3520 3310 3577 εἶναι
3351 3524 3707 3592 βεϐαιωτικὸν
3745 3519 3856 3577 τῶν
3910 3526 4030 3595 πρὸ

2423 3614 2588 3667 αὑτοῦ
2638 3613 3107 3682 κατενεχθέντων·
3139 3615 3207 3667 τὰ
3252 3614 3309 3668 δὲ
3356 3614 3750 3684 κατενεχθέντα
3782 3615 3893 3684 πρὸ
3920 3618 4028 3668 αὖ..

2425 3706 2539 3765 τοῦ,
2581 3708 2609 3759 ὀ
2638 3705 2821 3774 νόμος,
2854 3705 3043 3774 φησὶν,
3071 3706 3188 3759 ἐστὶ
3218 3707 3311 3758 καὶ
3347 3706 3406 3759 τὸ
3433 3706 3783 3773 Εὐαγγέλιον,
3813 3707 4027 3777 essm-

2426 3814 2509 3858 σις
2538 3799 2646 3859 τοῖς
2697 3796 3005 3867 ἀνθρώποις
3044 3798 3139 3850 καὶ
3190 3799 3463 3867 σωτηρία·
3512 3801 3763 3851 σκόπεῖτε
3818 3795 3916 3851 οὖν
3969 3802 4026 3855 εξ

2424 3887 2533 3957 ἄρα
2565 3886 2708 3940 κατά
2750 3889 2851 3955 τὴν
2898 3888 3233 3958 ἐπαγγελίαν
3264 3888 3494 3959 ταύτην,
3532 3889 3887 3958 βεϐαιωτικὸν
3919 3889 4028 3944 τοῦ

2426 3978 2595 4047 νόμον
2629 3979 2723 4031 καὶ
2754 3977 2848 4031 τοῦ
2879 3979 3232 4047 Εύαγγελίου,
3264 3981 3321 4033 ἐν
3341 3982 3453 4043 τοῖς
3480 3982 3607 4051 ἑξῆς
3628 3980 3719 4033 διὰ
3749 3982 4026 4050 πραγμά-

2423 4087 2529 4123 των
2550 4068 2931 4140 δειχθήσεται·
2960 4070 3078 4140 ἤτοι
3105 4071 3285 4123 ἐκεῖνα
3312 4069 3514 4141 κυροῦν
3537 4070 3717 4132 καλῶς
3738 4071 3832 4123 καὶ.
3857 4072 4030 4123 ἀνενς

2424 4159 2559 4221 δεῶς
2591 4159 2756 4227 ἔχειν,
2796 4157 2870 4221 ὡς
2895 4160 3231 4226 γέγραπται,
3256 4157 3288 4226 ἢ
3317 4157 3386 4211 τὰ
3416 4156 3732 4210 ἐλλείποντα
3765 4158 4031 4220 ἀναπληο

2425 4249 2554 4321 ροῦν
2574 4269 2585 4281 ·
2719 4252 2770 4309 εἴ
2801 4268 2859 4321 γε
2915 4251 3082 4321 μηδὲν
3117 4249 3323 4303 τούτων
3364 4250 3452 4303 ἐπ’
3482 4248 3671 4312 αὐτοῦ,
3704 4249 3735 4317 ἢ
3770 4248 4028 4301 τοιοῦτον

2425 4342 2751 4412 θεωρηθείη,
2803 4342 3060 4411 ψεύδεται
3084 4357 3097 4371 ·
3132 4343 3227 4395 καὶ
3250 4343 3314 4395 ἐκ
3360 4340 3592 4410 ψευδοῦς
3629 4339 4029 4410 προεληλυθὼς

2426 4436 2713 4504 στόματος,
2752 4435 2845 4487 καὶ
2873 4434 2967 4495 τοῦ
3002 4434 3210 4504 πατρὸς
3238 4432 3333 4487 τοῦ
3370 4432 3597 4502 ψεύδους
3629 4431 4022 4499 ἀπελέγχοιτο.

2434 4527 2657 4591 Ἰκανῶς
2708 4526 2800 4583 οὖν
2829 4525 3027 4594 ἐφεξῆς
3064 4526 3133 4578 τὰ
3172 4526 3377 4595 συνήθη
3422 4524 3813 4593 ἀδολεσχήσας,
3860 4523 4025 4575 ἐται-

2428 4621 2569 4691 ρξδος
2620 4622 2766 4682 τινὸς
2808 4618 3039 4689 ἰαμϐρᾶ
3068 4618 3201 4687 (οι),
3239 4619 3362 4689 ἥτις
3406 4617 3502 4670 καὶ
3550 4610 3728 4669 ὦπται
3785 4614 4024 4669 πώποτε

2424 4713 2533 4765 ἀπὸ
2563 4712 2782 4782 μέρους,
2820 4712 2914 4764 καὶ
2956 4711 3056 4781 τὴν
3087 4709 3292 4780 ταύτης
3329 4709 3494 4779 εύχὴν
3529 4709 3624 4762 καὶ
3653 4708 4025 4778 εὐχαριστίαν

2427 4805 2598 4859 ἱκέτιν
2649 4806 2943 4875 ἐποιήσατο
2977 4804 3069 4856 ἐπὶ
3098 4807 3163 4874 τῇ
3201 4802 3458 4873 συλλήψει
3493 4802 3709 4872 Μαρίας
3762 4802 3862 4869 τῆς
3907 4818 4026 4870 μη-

2424 4897 2573 4967 τρὸς,
2607 4896 2796 4966 φησὶν,
2835 4894 3035 4965 Ἰησοῦ·
3070 4895 3164 4950 καὶ
3195 4896 3276 4951 ὅτι
3310 4896 3367 4948 ἐν
3399 4894 3477 4965 τῷ
3506 4892 3620 4962 ναῷ
3658 4892 3865 4961 ταύτην
3920 4895 4025 4945 ἀν-

2425 4988 2606 5042 όθετοο
2638 4990 2729 5041 καὶ
2754 4987 2904 5057 παρᾶ
2928 4986 3022 5042 τοῦ
3048 4987 3276 5055 Κυρίου,
3303 4988 3488 5056 φησὶν,
3513 4984 3886 5043 ἀποδέδεκται,
3918 4987 4028 5037 καὶ

2424 5075 2529 5128 ὑπὸ
2576 5076 2670 5127 τού
2720 5075 2987 5147 Ζαχαρίου
3040 5076 3469 5147 προσείληπται·
3514 5075 3607 5129 καί
3659 5091 3787 5127 ποτε
3839 5075 4023 5128 αὑτοῦ

2424 5168 2755 5231 εἰσελθόντος
2785 5170 2842 5220 ἐν
2868 5168 2946 5239 τῷ
2975 5167 3107 5239 ναῷ,
3141 5169 3235 5223 καὶ
3266 5170 3472 5239 τροφὴν
3503 5167 3654 5223 θείαν
3680 5168 3812 5235 παρ’
3838 5166 4024 5241 ἑαυτῇ

2425 5262 2753 5329 ἑωρακότος,
2780 5261 2875 5314 καὶ
2904 5262 3348 5332 ἐπερωτήσαντος
3372 5260 3533 5313 πόθεν
3560 5260 3827 5329 ἐληλύθει,
3857 5263 4029 5328 παρὰ

2424 5352 2544 5421 θεῷ
2591 5353 2777 5421 φάναι,
2836 5353 2999 5406 αὐτόν
3040 5370 3101 5407 τε
3155 5355 3334 5406 ἐκεῖσε
3394 5351 3615 5421 αἰτῆσαι
3673 5352 3823 5422 παρὰ
3871 5352 4026 5405 θεοῦ

2422 5446 2645 5504 τέκνονο
2704 5446 2798 5498 καὶ
2834 5445 3241 5517 ἐπαγγελθῆναι
3293 5444 3481 5499 λαϐεῖν
3533 5444 3786 5513 Ἰωάννην
3837 5444 4027 5517 ἄνδρα

2487 5624 2599 5694 (58)
2626 5625 2755 5679 Sur.
2782 5625 2849 5683 ll.
2874 5624 2980 5695 Q76
3005 5640 3123 5695 seq.

2488 5699 2600 5761 (ξίν)
2636 5697 2760 5749 Sur.
2799 5696 2861 5757 ιι,
2887 5694 3013 5747 ειη.

2488 5767 2603 5834 (60)
2632 5766 2756 5820 Sur.
2792 5766 2884 5825 Ill.
2921 5767 2974 5819 3.

2488 5840 2598 5910 (tif)
2641 5839 2765 5894 Sur.
2814 5836 2903 5894 Ill.
2933 5837 3023 5893 33.
