4168 6450
199 421 297 479 7Ξὸ

1344 415 1780 481 ΒΕΡΗΤΛΤΙΟ
1814 420 2288 483 MOHAMEDIS.

3326 428 3434 490 726

197 533 395 584 δίκαιον
433 526 524 581 καὶ
560 524 872 597 προφήτην*
900 524 1334 595 ἀμφιϐάλλοντος
1363 528 1419 581 δὲ
1449 528 1614 582 αὑτοῦ
1644 527 1760 590 πῶς

1869 544 2028 585 senex
2052 529 2220 584 ﬁlium
2247 537 2393 584 esset
2415 535 2792 600 suscepturus,
2822 545 3039 601 penam
3077 534 3333 592 retulisse
3360 540 3434 595 si-

197 622 281 673 ἐπὶ
310 621 495 690 γήρως
524 619 638 683 ἕξει
677 618 810 685 υἱὸν,
842 618 1118 688 ἐπιτίμιον
1166 618 1350 673 λαϐεῖν
1384 620 1595 690 σιωπὴν
1623 622 1762 689 ἠμε-

200 713 302 783 pth
345 712 548 781 τριῶψ
600 710 799 780 ἐφεξῆς
824 710 881 763 δὲ
928 709 1054 771 τοὺς
1103 711 1368 777 ἀγγέλους
1409 710 1617 777 εἰσάγει
1648 708 1758 780 (62)

198 801 324 869 πρὸς
362 800 588 868 Μαρίαν
646 799 958 868 εἰρηκότας,
998 799 1077 851 ὅτι
1123 800 1189 852 Σὲ
1223 803 1250 853 6
1299 799 1431 862 Θεὸς
1481 798 1761 866 ἐξελέξατο

198 893 327 960 ὑπὲρ
383 891 480 951 τάς
514 890 607 943 ἀπ’
637 890 850 943 αἰώνων
894 894 1190 958 γυναῖκας·
1253 892 1409 947 τοῦτο
1454 896 1510 949 δὲ
1551 896 1616 949 ἐκ
1660 896 1760 965 τῆς

198 983 498 1053 ἐξηγήσεως
545 984 640 1038 τοῦ
674 983 912 1050 ἀφανοῦς
948 986 1268 1055 πράγματός
1296 1004 1427 1056 φησι
1483 988 1620 1057 πρὸς
1668 990 1761 1042 τὸν

198 1076 455 1143 Μωάμετ,
486 1074 561 1138 ὡς
590 1074 751 1138 αὐτὸς
777 1074 921 1143 λέγει
944 1079 972 1129 6
1001 1076 1136 1147 πρὸς
1160 1076 1319 1130 αὐτὸν
1348 1078 1551 1130 λαλῶν
1586 1080 1761 1149 Ὀπερ

198 1166 607 1234 κατηνέγκαμεν
638 1166 717 1229 εἰς
766 1166 846 1228 σὲ,
880 1166 974 1219 σοῦ
1017 1167 1092 1235 μὴ
1125 1166 1276 1230 ὄντος
1302 1168 1481 1220 ἐκεῖσε
1518 1167 1650 1235 (65),
1682 1168 1759 1220 ὅτ’

196 1256 256 1309 ἂν
280 1257 543 1326 ἧπλωσαν
576 1257 753 1310 αὐτῶν
791 1258 889 1318 τάς
922 1258 1164 1326 ἀγκάλας
1192 1260 1305 1331 (64)
1337 1258 1578 1327 ἄγγελοι,
1611 1263 1761 1323 ποῖος

198 1350 247 1414 ἐξ
306 1350 487 1401 αὐτῶν
536 1350 887 1418 προσδέξεται
938 1351 1037 1418 τὴν
1087 1352 1340 1421 Μαρίανο
1400 1352 1496 1405 καὶ⁵
1543 1354 1643 1405 οὐκ
1693 1348 1762 1422 ἦς

196 1440 394 1492 ἐκεῖσε·
420 1442 545 1502 τοὺς
566 1440 623 1492 δὲ
649 1441 916 1508 ἀγγέλους
947 1441 1082 1510 πρὸς
1098 1442 1269 1511 αὐτὴν
1296 1442 1488 1509 φάναιο
1524 1442 1583 1496 '0
1606 1443 1758 1509 Θεὸς,

197 1531 371 1597 φησὶν,
402 1532 812 1600 εὐαγγελίζεταί
860 1550 920 1585 σε
955 1535 1047 1585 τὶν
1087 1534 1259 1601 Λόγον
1304 1534 1500 1587 αὐτοῦ’
1527 1536 1762 1607 Χριστὸς

206 1622 403 1690 Ἰησοῦς
427 1625 541 1687 υίὸς
570 1626 791 1693 Μαρίας
830 1620 1204 1695 ἔπιτυγχάνων
1228 1626 1287 1677 ἐν
1314 1627 1390 1696 τῷ
1421 1626 1521 1697 βίῳ
1566 1627 1760 1696 τούτῳ,

196 1715 278 1767 καὶ
308 1717 367 1768 έν
389 1715 468 1786 τῷ
499 1716 746 1786 μέλλοντι
776 1718 1055 1786 ὑπάρχων,
1082 1717 1159 1769 ὣν
1182 1719 1244 1769 ὲκ
1273 1718 1381 1771 τῶν
1408 1719 1757 1788 ιγγιζόντων,

196 1810 278 1859 καὶ
306 1808 489 1863 λαλῶν
526 1812 638 1871 τοῖς
671 1810 980 1879 ἀνθρώποις
1022 1810 1131 1863 ἀπὸ
1171 1812 1519 1881 σπαργάνων,
1574 1815 1757 1884 φησὶν,

196 1902 444 1973 ὑπάρχων
467 1902 783 1972 πρεσὸύτης
811 1904 904 1956 καὶ
932 1905 995 1955 ἐκ
1022 1902 1131 1955 τῶν
1154 1904 1470 1974 χρησίμωνο
1498 1902 1616 1959 εἶτα
1648 1906 1759 1977 (65)

194 1995 391 2061 εἰσάγει
422 1996 627 2065 ταύτην
664 1996 1014 2065 πειρωμένην
1044 1997 1233 2067 μαθεῖν
1257 1998 1374 2060 πῶς
1408 1998 1562 2052 ἔσται
1588 1999 1762 2072 ταύτῃ

193 2085 295 2147 υἱὸς
318 2085 446 2139 άνευ
470 2087 687 2156 ἀνδρόςο
718 2088 842 2149 τοὺς
871 2087 927 2140 δὲ
956 2088 1147 2156 φάναι·
1187 2091 1250 2143 Ὃ
1280 2088 1530 2159 βοθλεται
1559 2094 1586 2146 6
1608 2092 1760 2158 Θεὸς,

191 2174 337 2228 τοῦτο
368 2175 466 2228 καὶ
505 2176 748 2243 γίνεται·
784 2175 878 2228 καὶ
908 2177 1058 2245 παρά
1095 2176 1205 2230 τῶν
1252 2177 1499 2245 ἀγγέλων
1531 2179 1586 2233 δὲ
1611 2179 1761 2249 λέγει

192 2264 342 2315 αὑτὸν
372 2265 753 2333 μεμαθηκέναι
780 2268 879 2333 τὴν
912 2266 1104 2333 σοφίαν
1144 2267 1240 2319 καὶ
1274 2267 1373 2338 τὴν
1414 2269 1636 2340 Γραφὴν
1666 2271 1763 2324 καὶ

192 2356 271 2408 τὴν
308 2357 474 2426 νόμον
520 2358 613 2409 καὶ
650 2359 711 2410 τὸ
742 2359 1094 2427 Εὖαγγέλιον,
1132 2360 1227 2413 καὶ
1258 2362 1593 2417 ἀπεστάλθαι
1628 2365 1764 2417 ἀπό-

193 2448 363 2501 στολον
407 2448 543 2517 πρὸς
591 2449 717 2512 τοὺς
766 2452 915 2512 υἱοὺς
956 2450 1188 2522 Ἰσραήλ.
1246 2449 1373 2506 Εἶτα
1410 2454 1523 2524 (60)
1554 2455 1763 2523 εἰσάγει

190 2540 269 2590 τὶν
293 2540 533 2610 Χριστὸν
580 2541 745 2610 ὄρνεα
775 2542 841 2593 ὲκ
876 2541 1049 2610 πηλοῦ
1107 2544 1467 2612 πεποιηκότα,
1514 2546 1762 2616 ἐμφυσή-

190 2648 367 2694 σαντα,
403 2635 500 2685 καὶ
548 2631 845 2696 ζωὼσαντα
875 2635 1081 2688 ταῦτα·
1124 2637 1220 2689 καὶ
1272 2636 1507 2704 τυφλοὺς
1552 2639 1644 2691 καὶ
1680 2640 1765 2692 λεδ

188 2724 349 2789 προὺς
411 2724 732 2794 ἰασάμενον,
783 2727 877 2780 κα)⁵
931 2727 1158 2797 νεκροὺς
1208 2729 1613 2797 ἀναστήσαντα,
1666 2731 1762 2784 καὶ

190 2814 570 2886 προγνώστην·
604 2817 698 2870 καὶ⁵
744 2817 824 2870 ὅτι
849 2817 982 2869 Θεὸν
1019 2817 1184 2871 αὑτοῦ
1217 2819 1309 2871 τὸν
1351 2820 1483 2873 Θεὸν
1526 2822 1635 2875 τῶν
1666 2824 1762 2875 άν-

190 2905 411 2976 Ορὼπων
444 2909 631 2961 ἐκάλει
654 2925 669 2939 ·
699 2910 791 2961 καὶ
831 2910 913 2961 ὅτι
944 2908 1225 2974 ἐξελέξατο
1258 2910 1438 2981 ἑαυτῷ
1469 2912 1596 2975 τοὺς
1626 2914 1762 2966 ἀπο-

190 3000 397 3061 στόλους
426 3017 439 3029 ·
486 3000 579 3052 καὶ
610 3002 691 3053 ὅτι
718 2998 870 3058 εἶπεν
918 3001 1063 3072 αὐτῷ
1104 3002 1132 3053 6
1167 3002 1329 3064 Θεός⁸
1373 3003 1513 3067 Ἐγώ
1544 3021 1602 3056 σε
1629 3005 1763 3056 ὑπο-

186 3090 355 3143 ῦάλλω
414 3091 670 3161 θανάτῳ.
728 3092 886 3160 κάγώ
948 3110 1005 3145 σε
1063 3093 1251 3162 ἀνυψῶ
1307 3093 1443 3164 πρός
1501 3112 1605 3164 με,
1669 3096 1764 3148 καὶ

1868 621 2096 675 lentium
2140 622 2328 677 tridui.
2381 619 2584 678 Deinde
2636 622 2858 694 angelos
2908 625 3205 683 introducit
3252 628 3438 687 Maria:

1868 712 2108 767 dicentes
2134 732 2148 766 :
2177 713 2252 768 Te
2289 712 2431 768 Deus
2463 714 2626 785 elegit
2654 728 2763 785 prae
2796 716 3005 770 cunctis
3038 731 3068 771 a
3098 720 3441 776 saeculo-mu-

1869 806 2117 861 lieribus.
2153 805 2207 861 ld
2240 814 2420 860 autem
2457 807 2533 861 ait
2576 822 2642 862 ex
2680 807 2940 877 incogniti
2974 811 3179 881 negotii
3237 828 3437 868 narra-

1869 898 2017 952 tione
2043 896 2373 964 _Mohamedi
2427 896 2605 952 facta:
2644 915 2837 969 nempe
2882 900 3030 969 quod
3086 902 3176 957 ille
3205 905 3295 974 qui
3331 904 3436 960 sibi

1868 991 2187 1061 loquebatur
2233 990 2433 1046 dixerit
2460 1007 2475 1045 :
2505 989 2619 1047 lloc
2647 993 2712 1046 ad
2750 1002 2800 1046 te
2830 992 3148 1057 detulimus,
3205 996 3299 1064 qui
3329 998 3439 1052 illic

1868 1100 1975 1138 non
2006 1100 2169 1151 eras;
2225 1100 2347 1139 eum
2405 1099 2535 1139 suas
2589 1085 2766 1155 angeli
2812 1085 2970 1141 ulnas
3030 1086 3438 1159 explieuerunt,

1868 1176 2119 1244 quisnam
2152 1191 2343 1231 eorum
2380 1176 2603 1230 Mariam
2638 1182 2784 1231 esset
2808 1187 3187 1246 suscepturus.
3207 1179 3289 1234 Tu
3310 1196 3441 1235 vero

1868 1282 1974 1321 non
2006 1284 2127 1321 eras
2154 1268 2283 1321 illic.
2317 1269 2551 1337 Angelos
2586 1278 2767 1322 autem
2797 1269 2845 1323 ei
2869 1269 3115 1323 dixisse:
3145 1271 3312 1335 Deus,
3354 1274 3442 1327 in-

1867 1358 2006 1425 quit,
2058 1358 2308 1411 nuntium
2342 1357 2437 1410 tibi
2489 1358 2653 1411 mittit
2688 1357 2925 1413 Verbum
2995 1375 3179 1416 suum.
3227 1360 3326 1417 llic
3358 1372 3441 1416 est

1866 1446 2118 1501 Christus
2137 1444 2295 1500 Iesus
2322 1445 2501 1499 Mariae
2534 1444 2677 1498 ﬁlius
2737 1448 3007 1502 exsistens
3039 1448 3093 1501 in
3134 1449 3237 1503 hac
3260 1449 3365 1501 vita
3388 1459 3442 1502 et

1868 1538 1920 1591 in
1950 1538 2152 1598 futura.
2204 1554 2344 1593 unus
2375 1538 2441 1593 de
2473 1538 2963 1608 propinquantibus
2998 1538 3180 1611 [Deo].
3232 1555 3437 1596 sermo-

1866 1631 2059 1686 cinans
2094 1631 2159 1685 ad
2195 1630 2475 1694 homines,
2510 1631 2622 1701 jam
2657 1630 2781 1685 inde
2807 1631 2877 1685 ab
2909 1632 3253 1689 incunabulis
3281 1639 3442 1687 :etate

1867 1722 2073 1785 adulta,
2111 1730 2165 1776 et
2194 1738 2257 1776 ex
2289 1722 2493 1791 probis.
2544 1722 2742 1777 Postea
2788 1722 3095 1778 introducit
3125 1724 3273 1778 illam
3300 1725 3443 1778 scire

1866 1812 2156 1875 volentem,
2193 1814 2470 1883 quomodo
2506 1814 2613 1870 sibi
2668 1814 2812 1869 Illius
2879 1814 2987 1869 erit
3039 1815 3249 1885 absque
3276 1816 3397 1869 viro
3420 1815 3448 1868 ?

1865 1906 1990 1962 Illos
2019 1915 2200 1961 autem
2229 1906 2434 1961 dixisse
2460 1923 2473 1960 :
2505 1905 2659 1971 Quod
2692 1907 2832 1961 Deus
2862 1906 2999 1971 vult,
3024 1905 3129 1960 hoc
3160 1905 3237 1960 ﬁt.
3266 1910 3457 1975 Atque-

1866 2000 1935 2055 ab
1965 2000 2174 2071 angelis
2205 2000 2385 2068 ipsum
2432 1997 2690 2053 didicisse
2721 1998 2797 2052 ait
2828 1998 3174 2067 sapientiam,
3207 2006 3262 2053 et
3300 1998 3441 2052 seri-

1865 2101 2106 2162 pturam,
2140 2106 2204 2145 ac
2231 2091 2402 2160 legem
2434 2102 2486 2144 et
2514 2088 2888 2159 Erangelium,
2922 2096 3089 2159 atque
3116 2088 3351 2157 legatum
3374 2089 3440 2141 ad

1864 2184 2084 2239 lsraelis
2123 2183 2261 2238 ﬁlios
2292 2183 2542 2237 missum.
2578 2181 2779 2236 Deinde
2805 2180 3084 2235 Christum
3142 2180 3444 2235 introducit

1865 2274 2104 2327 aviculas
2135 2290 2197 2327 ex
2252 2275 2366 2328 luto
2420 2272 2732 2332 facientem,
2767 2272 3007 2341 flatuque
3051 2272 3443 2342 viviﬁcantem,

1865 2379 2148 2434 emcosque
2204 2374 2259 2419 et
2310 2364 2559 2432 leprosos
2591 2371 2902 2427 sanantem,
2956 2377 3019 2417 ae
3054 2375 3302 2419 mortuos
3358 2378 3441 2416 re-

1864 2456 2259 2516 suscitantem,
2324 2463 2377 2507 et
2445 2468 2779 2522 prmsagum;
2844 2462 2899 2507 et
2953 2454 3099 2522 quod
3157 2453 3439 2507 hominum

1868 2546 2060 2611 Deum,
2124 2546 2289 2601 Deum
2324 2548 2601 2614 proprium
2652 2546 2985 2614 appellaret;
3025 2555 3079 2599 et
3131 2546 3272 2611 quod
3306 2560 3439 2611 apo-

1864 2636 2033 2691 stolos
2055 2636 2157 2690 sibi
2188 2635 2481 2703 delegerit;
2514 2646 2569 2687 et
2597 2635 2745 2701 quod
2774 2634 2976 2688 dixerit
3006 2633 3053 2688 ei
3092 2633 3236 2689 heus
3280 2652 3293 2688 :
3329 2632 3443 2702 Ego

1866 2740 1916 2784 te
1966 2729 2129 2783 morti
2164 2728 2421 2795 subjieio,
2449 2736 2502 2780 et
2527 2742 2627 2797 ego
2662 2737 2714 2779 te
2748 2727 3010 2781 extollam
3046 2727 3113 2780 ad
3145 2742 3251 2789 me,
3281 2735 3444 2793 teque

1867 2835 1895 2873 a
1927 2819 2255 2889 negantibus
2287 2819 2540 2887 expiabo.
2581 2820 3031 2887 eonstituamque
3056 2818 3294 2872 asseclas
3320 2826 3444 2872 tuos

1866 2927 2031 2981 supra
2061 2912 2184 2964 illos
2206 2910 2298 2980 qui
2335 2918 2385 2963 te
2415 2917 2773 2978 negaverunt,
2808 2909 2857 2963 in
2884 2910 2972 2964 die
2999 2909 3441 2964 resurrectionis.

1866 3004 2252 3059 Verumtamen
2298 3012 2563 3071 negantes
2595 3015 2752 3069 paena
2785 3000 2937 3070 gravi
2991 3001 3214 3071 puniam
3261 3001 3316 3054 in
3357 3001 3444 3054 fu-

1866 3104 1991 3151 turo
2036 3092 2264 3155 saeculo,
2297 3108 2475 3161 neque
2507 3092 2610 3146 erit
2647 3093 2755 3148 illis
2791 3094 3008 3148 vindex.
3042 3094 3288 3163 Speciem
3316 3108 3451 3146 vero

187 3183 463 3255 καθαρίσω
500 3202 559 3237 σε
592 3188 655 3238 ὲκ
693 3186 801 3237 τῶν
835 3184 1230 3255 ἀρνησαμένων
1251 3201 1266 3217 ⁸
1297 3185 1393 3238 καὶ
1432 3186 1762 3256 καταστήσω

1869 3191 1999 3246 Jesu
2046 3188 2120 3242 ait
2162 3202 2284 3243 esse
2344 3187 2642 3241 secundum
2689 3188 2941 3257 .speei'em
3006 3188 3165 3256 primi
3222 3188 3441 3251 Adami,

185 3276 300 3339 τοὺς
347 3278 828 3349 ἀκολουθήσαντάς
860 3296 941 3332 σοι
995 3279 1180 3332 ἐπάνω
1217 3277 1329 3331 τῶν
1367 3280 1765 3349 ἀρνησαμένων

187 3366 239 3417 ἑν
272 3370 334 3438 τῇ
365 3371 559 3442 ἡμέρα
606 3371 705 3439 τῆς
753 3372 1138 3435 ἀναστάσεως·
1181 3371 1306 3433 τοὺς
1352 3371 1408 3425 δὲ
1449 3372 1764 3443 ἀρνησαμέ-

1872 3296 2036 3352 quem
2072 3280 2214 3333 Deus
2248 3274 2535 3345 formavit;
2565 3278 2951 3348 concluditque
2986 3296 2999 3333 :
3036 3277 3161 3333 llaec
3199 3290 3283 3334 est
3314 3294 3447 3333 vera

1873 3374 2139 3427 narratio.

184 3478 295 3524 νους
316 3465 539 3519 κολάσω
569 3466 788 3519 κόλασιν
820 3465 1041 3536 βαρεῖαν
1070 3466 1127 3519 ὲν
1148 3464 1224 3535 τῷ
1252 3465 1523 3533 μέλλοντι,
1559 3468 1648 3520 καὶ
1670 3468 1770 3520 οὐκ
1799 3467 1945 3521 ἐστιν
1979 3469 2160 3531 αὐτοῖς
2188 3467 2428 3528 ἔκδικος⁹
2461 3463 2521 3517 τὸ
2548 3464 2602 3517 δὲ
2624 3458 2763 3527 εἶδος
2789 3464 2885 3533 τῆς
2912 3464 3227 3533 ὁμοιώσεως
3267 3464 3443 3534 Ἰησοῦ

185 3572 337 3625 φησιν
390 3553 539 3612 εἶναι
593 3559 733 3611 κατά
788 3558 848 3611 τὸ
899 3554 1037 3623 εἶδος
1078 3557 1171 3612 τοῦ
1217 3557 1432 3630 πρώτου
1477 3559 1647 3629 Ἀδὰμ
1699 3560 1758 3614 ὃν
1796 3560 2031 3615 ἔπλασεν
2059 3562 2087 3613 6
2115 3560 2281 3625 Θεός·
2315 3561 2407 3613 καὶ
2478 3557 2805 3629 προστίθησι
2834 3556 3037 3625 λέγων*
3110 3555 3260 3626 Αὕτη
3294 3558 3442 3612 ἐστὶν

185 3650 213 3716 ἡ
241 3649 500 3719 ἐξήγησις
527 3652 561 3720 ἡ
591 3651 839 3723 ἀληθινή.

248 3742 352 3812 μβ’.
399 3743 693 3815 Ἀληθινὴν
744 3744 803 3797 δὲ
849 3744 1055 3814 ταύτην
1107 3744 1312 3807 εἰπὼν.
1364 3744 1608 3813 δηλονότι
1655 3746 1766 3800 τῶν

185 3834 334 3889 Θεῐων
364 3835 741 3907 Εὑαγγελίων,
764 3839 837 3899 ῶς
874 3838 1043 3907 ψευδῆ
1073 3836 1455 3907 ἀπεκρούσατο
1478 3852 1491 3865 ⁸
1525 3838 1625 3890 ποῦ
1656 3838 1765 3909 γὰρ

183 3927 321 3995 παρά
348 3930 465 3990 τοῖς
504 3926 670 3989 θείοις
708 3927 1060 3995 Εὑαγγελὶοις
1101 3927 1332 4000 Ἰαμϐρᾶ
1374 3931 1472 3996 τῆς
1498 3927 1763 3981 Θεοτόκου

185 4018 454 4087 γεννήτωρ
523 4018 990 4085 καταγγέλλεταις
1046 4020 1112 4072 Τί
1171 4019 1228 4073 δὲ
1282 4021 1581 4090 ποιήσομεν
1640 4022 1765 4083 τοὺς

188 4109 325 4175 παρὰ
398 4109 480 4180 τῷ
552 4110 738 4181 Λουκᾷ
812 4110 1097 4178 κειμένους
1164 4110 1321 4164 ἐννέα
1391 4114 1489 4181 τῆς
1552 4112 1764 4181 σιωπῆς

186 4200 445 4270 Ζαχαρίου
514 4201 716 4270 μῆνας,
759 4202 854 4254 καὶ
902 4205 1051 4271 τρεῖς
1102 4202 1315 4271 ἡμέρας
1353 4202 1521 4272 μόνας
1571 4202 1763 4255 τούτου

184 4290 376 4361 ταύτην
416 4292 757 4361 γεγενῆσθαι
786 4292 1074 4360 λέγοντος;
1125 4292 1226 4346 ποῦ
1261 4293 1318 4346 δὲ
1357 4293 1517 4364 ὄρνεα
1557 4294 1620 4346 ὲκ
1660 4311 1765 4364 πη-

187 4379 267 4434 λοῦ
314 4385 469 4453 παρὰ
514 4381 597 4451 τῷ
651 4382 825 4452 Ἰησοῦ
874 4384 1219 4454 πλαττόμενα
1270 4386 1363 4438 καὶ
1408 4384 1763 4455 ψυχούμενας

187 4474 287 4525 ἀλλ’
318 4476 491 4539 ὅντως
522 4476 599 4537 di;
622 4474 840 4545 άληθῶς
878 4475 943 4527 ὲκ
974 4474 1069 4527 τοῦ
1122 4474 1361 4541 ἀφανοῦς
1393 4475 1638 4529 διακένου
1668 4476 1767 4544 τῆς

1935 3744 2025 3798 ιε.
2059 3742 2179 3799 Jam
2225 3756 2357 3797 vero
2391 3740 2519 3796 dum
2558 3741 2699 3795 hanc
2747 3755 2932 3795 veram
2978 3740 3074 3804 ait,
3104 3741 3223 3795 sine
3276 3741 3450 3796 dubio

1865 3837 2170 3891 divinorum
2205 3831 2622 3905 Evangeliorum
2653 3832 2935 3886 historiam
2982 3846 3082 3885 ceu
3132 3831 3323 3886 falsam
3366 3849 3452 3885 re-

1860 3928 1997 3999 jicit.
2033 3926 2266 3982 Ubinam
2294 3925 2494 3994 quippe
2523 3924 2663 3993 apud
2704 3924 2884 3977 divina
2918 3922 3207 3987 Evangelia
3236 3923 3447 3978 lambra

1867 4018 2111 4088 Deipara:
2150 4018 2362 4087 genitor
2417 4015 2724 4069 nuntiatur?
2766 4014 2906 4080 Quid
2954 4013 3216 4071 faciemus
3254 4030 3447 4069 novem

1865 4113 2135 4166 mensium
2169 4109 2388 4164 silentio
2430 4107 2710 4163 Zachariae
2753 4107 2894 4175 apud
2942 4104 3142 4161 Lucam
3176 4123 3453 4162 memora-

1868 4211 2069 4262 torum,
2098 4215 2222 4251 cum
2258 4195 2609 4252 Mobamedes
2643 4204 2753 4249 tres
2788 4202 2997 4248 tantum
3020 4194 3070 4248 ei
3097 4193 3312 4247 silentio
3337 4194 3452 4248 dies

1868 4292 2113 4349 statuat?
2164 4288 2395 4344 Ubinam
2453 4288 2680 4342 avicula:
2729 4287 2828 4341 abs
2874 4285 3003 4340 Jesu
3051 4300 3116 4339 ex
3168 4284 3283 4339 luto
3336 4284 3451 4339 for~

1872 4394 2035 4439 matre
2086 4392 2140 4438 et
2181 4381 2481 4436 animatm?
2514 4379 2725 4435 Revera
2756 4394 2821 4433 ex
2854 4378 3026 4447 ipsius
3053 4393 3250 4432 arcana
3284 4393 3453 4431 vana-

1876 4492 1983 4546 que
2040 4476 2312 4530 dementia
2372 4476 2482 4528 hinc
2558 4480 2688 4526 sunt
2741 4471 2992 4525 conﬁcta.
3057 4469 3307 4525 lla-crine
3370 4480 3453 4524 est

188 4564 337 4617 αὑτοῦ
380 4565 695 4637 παρανοίας
739 4562 911 4616 ταῦτα
955 4564 1265 4618 πέπλασται
1285 4582 1299 4596 ·
1332 4563 1471 4635 αῦτη
1501 4565 1648 4616 ἐστὶν
1676 4563 1765 4633 βε-

1876 4570 2119 4638 priorum
2151 4582 2210 4621 se
2239 4566 2612 4620 conlirmalrix
2642 4562 2961 4633 Scriptura?
2994 4562 3098 4615 Sed
3132 4570 3189 4615 ut
3218 4561 3455 4624 videtur,

189 4655 442 4727 σαιωτικὴ
484 4659 605 4711 τῶν
636 4657 742 4728 πρὸ
767 4656 934 4726 αὐτῆς
965 4658 1149 4727 γραφή
1170 4673 1185 4721 ;
1209 4656 1323 4709 ἀλλ’
1352 4656 1428 4720 ὼς
1467 4658 1642 4710 έοικεν
1673 4659 1769 4709 έπ-

190 4747 393 4802 ελάθετο
419 4743 499 4803 ὦν
542 4748 856 4818 ἐπήγγελτο
878 4763 893 4778 ⁸
935 4748 967 4819 ἧ
1018 4749 1158 4817 τάχα
1180 4750 1481 4819 κακουργεί
1514 4749 1767 4811 κάνθάδε,

193 4840 285 4892 κᾶν
332 4843 406 4913 μὴ
444 4842 735 4897 διέλαθεν
772 4841 865 4894 δύο
908 4841 1017 4912 γὰρ
1050 4840 1199 4911 αὐτῷ
1242 4840 1373 4913 περὶ
1428 4841 1519 4893 τὸν
1563 4841 1770 4913 Κύριον

192 4934 335 4999 ἡμῶν
393 4933 618 5005 Ἰησοῦν
669 4934 902 5003 Χριστὸν
956 4934 1331 5003 προκειμένων
1374 4934 1611 5004 τρόπων,
1649 4934 1769 4986 καθ’

194 5022 274 5086 οὖς
301 5026 359 5077 τὸ
384 5025 525 5089 Θεὸς
564 5024 777 5095 ἀληθὴς
819 5018 958 5076 εἶναι
991 5024 1232 5094 ἀναιρεῖν
1278 5025 1617 5094 πειράσεται,
1656 5023 1771 5085 ἐνὸς

198 5117 283 5183 μὲν
314 5118 404 5171 τοῦ
464 5118 707 5188 μηδαμῆ
761 5114 1025 5185 μηδαμῶς
1077 5115 1237 5168 αὐτὸν
1289 5114 1605 5183 ἐληλυθέναι
1640 5116 1773 5167 ἁπο-

194 5208 343 5274 δείξαι
367 5210 710 5271 σπουδάσαι,
734 5208 925 5277 ἑτέρου
954 5208 1011 5260 δε
1044 5206 1137 5259 τοῦ
1163 5206 1483 5276 ἐληλυθότος
1512 5207 1587 5277 μὴ
1616 5205 1771 5271 Θεὸν,

196 5303 295 5356 ἀλλ’
325 5305 627 5376 ἄνθρωπον
646 5300 802 5371 ψιλὸν
833 5301 1183 5371 ἐπιφημίσαι,
1210 5301 1283 5364 ὡς
1306 5300 1597 5370 δυσχεροῦς
1625 5300 1773 5370 αὖτῷ

261 5483 364 5551 (δί)
390 5484 525 5539 Sur.
558 5481 662 5545 111,
688 5482 776 5537 6‘2.

260 5552 519 5619 (65:81".
554 5555 654 5618 III,
695 5553 782 5606 ιιι.

264 5624 367 5694 (61)
410 5629 487 5681 Ita
512 5624 812 5681 evidenter
843 5624 1034 5679 codex.
1084 5622 1392 5694 Maraeeius
1445 5624 1773 5677 vocabulum

206 5693 479 5751 Ambit-uni
509 5696 795 5750 calamum
834 5697 1091 5759 explicat,
1124 5704 1179 5747 et
1219 5693 1467 5747 fabellam
1494 5703 1680 5747 narrat
1711 5694 1778 5747 de

209 5766 413 5823 calamis
437 5783 537 5822 seu
568 5766 749 5833 virgis
783 5766 1041 5819 sortieudi
1086 5780 1250 5819 causa
1297 5764 1481 5833 iactis,
1525 5765 1778 5833 qui~nam

209 5838 505 5906 angelorum
547 5835 743 5891 Mariae
772 5851 957 5891 curam
994 5837 1314 5906 susciperet.
1376 5836 1488 5889 Cll‘
1523 5852 1650 5890 τωο
1686 5833 1781 5888 Ni-

1873 4657 2128 4728 promissi
2163 4657 2246 4710 sui
2276 4655 2477 4709 oblitus
2506 4662 2626 4708 est:
2664 4654 2747 4706 vel
2781 4653 2962 4722 potius
2990 4653 3073 4705 hie
3101 4652 3263 4706 etiam
3296 4651 3455 4705 mali-

1874 4752 2012 4805 tiose
2058 4749 2189 4819 agit,
2226 4747 2439 4801 etiamsi
2490 4762 2591 4801 nos
2649 4761 2757 4799 non
2807 4745 2959 4798 latet.
2992 4744 3128 4798 Cum
3162 4744 3308 4797 enim
3347 4744 3456 4798 duo

1872 4842 1984 4896 sint
2040 4841 2087 4896 ei
2135 4840 2392 4909 propositi
2429 4840 2571 4894 eirea
2621 4837 2913 4893 Dominum
2974 4846 3219 4891 nostrum
3270 4834 3455 4890 Jesum

1874 4934 2149 4987 Christum
2200 4932 2365 4995 modi,
2406 4932 2605 5000 quibus
2660 4929 2777 4998 ejus
2806 4929 3145 4983 divinitatem
3178 4927 3460 4982 destruere

1880 5039 2148 5092 conatur;
2180 5043 2342 5091 unus,
2368 5040 2477 5094 quo
2508 5024 2888 5078 demonstrare
2918 5022 3116 5085 studet,
3152 5034 3279 5075 cum
3310 5020 3460 5072 nulla

1883 5119 2045 5172 modo
2116 5117 2441 5181 advenisse;
2506 5116 2663 5176 alter,
2714 5129 2824 5182 quo
2900 5122 3177 5181 pernegat,
3242 5110 3457 5164 etiamsi

1880 5210 2131 5266 Christus
2176 5208 2474 5272 advenerit,
2516 5208 2681 5261 Deum
2728 5205 2919 5270 fuisse,
2966 5203 3211 5273 nihilque
3261 5209 3463 5272 pra-ter

1883 5303 2160 5357 imminent
2206 5301 2483 5355 exstitisse
2521 5300 2668 5363 vult;
2700 5312 2823 5351 cum
2867 5296 3074 5366 primus
3121 5296 3315 5349 modus
3360 5291 3463 5345 dif-

1877 5485 2027 5531 eetas
2055 5477 2184 5530 dicit
2234 5476 2522 5543 ἀγκάλαςῖ
2574 5475 2827 5529 Fortasse
2864 5471 3119 5543 mendum
3174 5470 3460 5543 scripture

1879 5557 1964 5601 est
1992 5564 2089 5617 pro
2120 5541 2517 5617 ἀστραγάλους,
2553 5548 2689 5600 talos
2719 5545 2970 5617 lusorias,
3023 5542 3106 5595 vel
3143 5556 3241 5617 pro
3297 5541 3459 5617 καλάς

1884 5611 2037 5688 μους.
2084 5618 2193 5671 lloc.
2220 5611 2364 5688 enim
2418 5630 2756 5684 pastrcmnm
2793 5613 3032 5687 postulat
3082 5626 3180 5667 vox
3208 5611 3458 5666 Arabica.

1956 5689 2070 5756 (05)
2101 5692 2228 5741 sur.
2258 5687 2345 5745 Ill.
2381 5688 2471 5744 ιγ.

1955 5759 2066 5831 (66)
2087 5756 2216 5815 Sur.
2250 5757 2341 5825 111,
2377 5760 2465 5815 18.
