4168 6450
717 412 823 477 72'!

1961 415 2255 475 NlCET/E
2289 411 2690 475 ΒΥΖΑΧΤΙΝΙ

3890 408 4001 473 728

720 525 882 582 iii-ilis
914 525 1204 582 admodum
1253 526 1303 582 ei
1342 537 1507 593 esset,
1548 536 1658 581 tam
1704 527 1927 583 evidens
1978 545 2175 600 nempe
2215 544 2308 582 ne-

2427 526 2549 597 πτρὺς
2581 520 2889 591 ἀνασκευὴν
2919 518 3012 574 τοῦ
3044 517 3267 591 πρώτου
3310 519 3431 573 λίαν
3460 517 3818 591 ὖπᾶρχοντος,
3863 522 4003 590 πρὶς

722 620 933 689 κοιίιιίη
975 619 1351 691 Oppugnandi,
1377 621 1443 675 ad
1494 620 1797 675 secundum
1833 620 2113 691 confugit;
2148 622 2315 678 omis-

722 726 894 781 saque
924 711 1321 767 incarnationis
1354 711 1604 776 historia,
1648 712 1753 767 hoc
1781 720 1939 781 pacto
1978 711 2315 765 divinitatem

722 805 843 873 ejus
872 813 1118 861 evertere
1147 805 1408 876 speravit,
1446 804 1578 859 dum
1614 805 1829 860 nullum
1863 820 1929 859 ex
1965 803 2050 858 his
2084 804 2176 874 qui
2201 804 2319 874 ejus

722 895 1063 951 divinitatem
1127 897 1491 966 prmditerant
1552 896 1894 951 memoravit.
1939 893 2076 949 llinc
2126 895 2321 958 lit,‘ut

722 997 1095 1042 consentanea
1123 987 1284 1042 dictis
1333 1002 1361 1041 a
1419 1002 1477 1041 εει
1532 989 1809 1057 superius,
1843 1002 1930 1040 res
1972 985 2175 1042 Christi
2218 988 2321 1043 hu—

726 1076 931 1130 manati
957 1083 1145 1146 pergat
1165 1075 1346 1130 dicere
1374 1092 1386 1127 :
1414 1095 1431 1127 ι
1460 1074 1591 1131 llem
1623 1077 1715 1148 qui
1742 1076 2039 1131 familiares
2069 1074 2321 1146 Scriptu-

729 1182 800 1221 ra:
822 1167 956 1223 estis
987 1167 1090 1237 (sic
1132 1167 1365 1238 appellat
1401 1169 1506 1224 hoc
1536 1169 1657 1223 loco
1687 1170 1806 1224 illos
1836 1171 1929 1239 qui
1957 1171 2056 1224 sub
2083 1166 2323 1237 Evange-

726 1259 799 1311 lio
818 1256 1268 1327 degunt),adeste
1295 1258 1361 1312 ad
1386 1274 1696 1313 sermonem
1721 1260 1811 1327 qui
1836 1259 1976 1313 inter
2004 1274 2102 1313 nos
2118 1272 2322 1327 vosque

726 1351 977 1413 vertitur,
1030 1357 1090 1404 ut
1123 1366 1191 1405 ne
1224 1352 1531 1405 serviamus
1576 1350 1680 1404 nisi
1725 1350 1854 1413 Deo,
1899 1364 2077 1419 neque
2110 1348 2184 1401 illi
2215 1363 2320 1401 un-

725 1459 891 1512 quam
928 1443 1196 1514 quidlibet
1223 1443 1593 1497 adsociemus.
1633 1460 1650 1492 ι
1683 1442 1821 1508 Quia
1854 1443 2022 1507 enim,
2060 1456 2127 1497 co
2158 1455 2319 1510 quem

727 1536 971 1591 diximus
1004 1537 1189 1602 modo,
1227 1537 1455 1591 humilia
1490 1536 1556 1591 de
1583 1536 1801 1592 Christo
1831 1537 2064 1599 dixerat,
2096 1544 2151 1589 et
2176 1534 2321 1603 quod

731 1626 899 1682 Deum
952 1629 1240 1684 hominum
1301 1632 1415 1700 ipse
1463 1645 1685 1700 quoque
1732 1629 2100 1698 appellaverat
2150 1626 2321 1681 Deum

726 1735 909 1785 suum,
940 1718 1192 1776 hortatur
1222 1737 1369 1777 nunc
1398 1737 1463 1775 ex
1505 1722 1786 1775 communi
1828 1721 1994 1776 unius
2024 1720 2116 1775 Dei
2167 1721 2323 1775 invo-

726 1814 963 1882 c:itione,
998 1816 1092 1886 qui
1128 1816 1331 1871 Christi
1361 1825 1416 1870 et
1446 1816 1733 1871 hominum
1758 1816 2032 1886 simulque
2056 1814 2323 1871 Christia-

730 1920 923 1959 norum
952 1914 1007 1961 et
1034 1909 1407 1978 Agarenorum
1452 1906 1593 1963 Deus
1636 1917 1740 1974 est,
1774 1908 2049 1971 hortatur,
2072 1908 2319 1977 inquam,
2358 1887 2398 1942 Β

728 2013 794 2050 ne
824 1997 1145 2068 participem
1176 1998 1460 2055 Christum
1500 2000 1676 2055 Patris
1712 2000 2017 2070 maiestatis
2059 2001 2325 2057 conﬁtea-

729 2105 873 2155 mur,
898 2090 950 2145 id
967 2100 1072 2156 est,
1091 2107 1268 2162 neque
1288 2092 1812 2148 consubstantialem
1838 2107 2015 2163 neque
2039 2092 2152 2162 pari
2185 2092 2323 2147 solio

729 2183 1134 2239 considentem.
1172 2184 1327 2250 Quod
1359 2186 1403 2239 si
1445 2186 1799 2250 concedatur,
1832 2186 1966 2240 nihil
2006 2194 2155 2240 vetat
2185 2201 2324 2255 quo-

730 2275 914 2330 minus
944 2275 1245 2331 Christiani
1277 2277 1343 2331 ad
1387 2278 1673 2347 Agarenos
1706 2278 1993 2333 accedant.
2043 2279 2120 2332 Eo
2171 2278 2324 2333 scilio

730 2377 817 2421 ret
845 2367 985 2437 apud
1014 2383 1141 2423 eum
1166 2368 1420 2422 recidunt
1444 2369 1627 2423 Maria:
1672 2369 2023 2423 annuntiatio
2045 2385 2140 2438 per
2162 2384 2325 2441 ange-

732 2460 838 2524 los,
869 2467 924 2514 et
949 2459 1129 2515 Patris
1168 2460 1235 2515 ad
1268 2459 1544 2515 Christum
1580 2461 1743 2517 verba
1772 2469 1826 2516 et
1856 2460 2143 2517 miracula.

802 2661 894 2717 45.
930 2660 1037 2717 Sed
1082 2664 1176 2733 qui
1202 2664 1346 2719 Bnam
1390 2674 1637 2720 nostrum
1685 2664 1754 2721 de
1783 2665 2024 2722 hominis
2053 2663 2324 2721 dementia

733 2762 1018 2822 stuporem
1056 2755 1359 2822 superabit,
1384 2755 1477 2823 qui
1513 2754 1711 2826 Moysis
1736 2771 1974 2810 sororem
2001 2756 2130 2809 dicit
2161 2754 2323 2810 Chri-

734 2846 803 2899 sti
841 2844 1112 2901 llatrem?
1144 2855 1198 2901 et
1248 2862 1373 2901 cum
1413 2846 1597 2916 Moyse
1629 2846 1977 2902 Christianos
2011 2849 2062 2901 in
2106 2847 2325 2902 deserto

736 2937 950 2993 fuisse?
975 2938 1308 3009 insuperque
1339 2939 1391 2993 in
1428 2938 1740 2994 Salomonis
1787 2941 2011 3008 templo,
2046 2939 2325 2993 Zachariae

733 3038 913 3093 aetate,
934 3025 1140 3097 Virgini
1167 3030 1234 3082 ah
1264 3029 1470 3097 angelis
1497 3038 1708 3097 partum
1734 3029 1935 3083 ChriSIi
1972 3030 2328 3098 praedictum?

737 3119 809 3171 ita
841 3129 900 3173 ut
927 3134 992 3173 ex
1022 3119 1112 3173 his
1142 3120 1553 3187 narrationibus
1590 3134 1677 3173 res
1709 3120 2046 3173 contrarium
2078 3120 2323 3174 ordinem

2420 614 2653 685 φανερὸν
2698 612 2872 675 οὕτως
2910 612 3326 682 ἀπομαχόμενος
3380 614 3633 682 πρᾶγμα,
3666 612 3760 664 ἐπὶ
3794 614 3854 665 τὸ
3882 613 4007 665 δεῦ-

2421 724 2585 779 τερον
2614 705 2983 775 καταφεύγειο
3030 704 3244 757 καὶτὸν
3292 703 3451 772 λόγον
3494 702 3864 773 καταδραμὼν
3903 704 4005 773 τῆς

2420 799 2909 871 ὲνανθρωπήσεως,
2957 797 3045 849 διὰ
3091 795 3251 849 τοῦτο
3302 794 3364 847 τὸ
3413 793 3549 857 Θεὸς
3600 790 3742 847 εἶναι
3792 792 4005 845 ἀνελεῖν

2419 890 2638 961 ἤλπισε,
2682 888 2911 959 μηδενὸς
2939 885 3049 940 τῶν
3078 886 3177 956 τὴν
3220 874 3385 940 αὐτοῦ
3426 884 3658 955 θεότητα
3702 884 4005 954 κηρυττόν-

2419 1001 2529 1037 των
2562 982 2972 1055 μνημονεύσας·
3008 980 3087 1033 διδ
3125 980 3219 1034 καὶ
3270 976 3538 1033 ἀκόλουθα
3565 981 3680 1041 τοῖς
3720 976 4006 1047 προθεῖσιν

2421 1077 2563 1132 αὐτά
2590 1077 2721 1147 περὶ
2744 1076 2846 1145 τῆς
2884 1074 3302 1146 ἀνθρωπότητος
3332 1071 3570 1143 Χριστοῦ
3613 1071 3684 1126 τά
3709 1072 3852 1142 ζὲξῆς
3886 1074 4008 1124 ἑπι-

2428 1171 2584 1241 φιρει
2608 1168 2782 1238 λέγων
2828 1166 2940 1237 (67)
2966 1183 2980 1198 ο
3022 1186 3042 1219 ι
3072 1167 3168 1219 ’Δε
3204 1164 3316 1235 (68)
3347 1165 3397 1217 οί
3429 1166 3617 1218 οἰκεῖοι
3659 1163 3757 1231 τῆς
3780 1163 4006 1232 Γραφῆς

2425 1263 2570 1332 (τοῦς
2598 1262 2702 1315 ὑπὸ
2734 1260 2792 1315 τὸ
2821 1259 3150 1327 Εὒαγγέλιον
3176 1256 3469 1319 τελοῦντας
3506 1253 3743 1310 ἐνταῦθα
3772 1254 4006 1317 καλῶν),

2422 1355 2574 1410 δεῦτε
2604 1356 2685 1417 είς
2716 1354 2807 1407 τὸν
2855 1353 3014 1419 λόγον
3049 1351 3143 1403 τὸν
3170 1348 3489 1420 στοιχοῦντα
3541 1348 3683 1417 μέσα
3716 1348 3877 1418 ἡμῶν
3910 1348 4008 1399 καὶ

2424 1448 2599 1517 ὑμῶν,
2627 1446 2720 1499 τοῦ
2757 1447 2832 1517 μὴ
2858 1444 3128 1498 δουλεύειν
3176 1446 3225 1496 εί
3254 1443 3331 1514 μὴ
3359 1442 3451 1495 τὸν
3479 1440 3636 1505 Θεδν,
3670 1441 3767 1495 καὶ
3795 1439 3893 1494 τοῦ
3926 1440 4006 1510 μὴ

2425 1543 2596 1595 θεῖναι
2644 1538 2790 1609 αὐτῷ
2840 1537 3093 1592 κοινωνόν
3139 1536 3192 1589 τί
3234 1552 3387 1590 ποτε.
3424 1554 3443 1588 ι
3496 1532 3715 1605 Ἐπειδὴ
3758 1533 3890 1603 γὰρ,
3929 1532 4010 1595 ὼς

2424 1633 2572 1703 αὑτῷ
2625 1630 2818 1695 ἐδόκει,
2876 1629 3000 1683 καθ’
3031 1628 3089 1681 δν
3144 1628 3452 1699 εἰρήκαμεν
3499 1625 3723 1697 τρόπον,
3773 1623 4009 1678 ταπεινά

2426 1725 2556 1795 περὶ
2602 1722 2695 1777 τοῦ
2726 1722 2964 1793 Χριστοῦ
3005 1723 3216 1792 εἴρηκε,
3247 1719 3343 1773 καὶ
3386 1719 3467 1772 ὅτι
3499 1718 3632 1771 Θεὸν
3681 1716 3875 1769 ἑαυτοῦ
3915 1715 4010 1768 τὸν

2427 1818 2559 1871 Θεὸν
2584 1818 2694 1870 τῶν
2746 1816 3050 1885 ἀνθρώπων
3088 1814 3183 1868 καὶ
3230 1813 3394 1876 αὐτὸς
3420 1813 3709 1875 ἀπεκάλει,
3752 1810 4013 1881 παραινεί

2427 1911 2521 1964 νῦν
2550 1912 2613 1963 ἐκ
2642 1909 2744 1979 τῆς
2775 1908 2958 1978 κοινῆς
2985 1907 3079 1960 τοῦ
3105 1907 3266 1977 μόνου
3300 1904 3437 1959 Θεοῦ
3476 1904 3842 1973 ἐπικλήσεως,
3872 1902 4010 1970 Χρι-

2428 2002 2553 2056 στοῦ
2592 2000 2687 2055 καὶ
2722 2000 3023 2070 ἀνθρώπιον
3046 2000 3139 2051 καὶ
3161 1999 3204 2052 Χ
3214 1996 3505 2069 ριστιανιῖιν
3529 1997 3625 2049 καὶ
3660 1994 4007 2065 Ἀγαρηνῶν,

2426 2098 2522 2152 καὶ
2557 2096 2754 2166 μηκέτι
2776 2092 3029 2147 κοινωνὸν
3059 2092 3341 2161 ὁμολογεῖν
3364 2090 3462 2161 τῆς
3490 2089 3583 2143 τοῦ
3607 2089 3821 2158 [ἰατρὸς
3848 2086 4011 2156 δόξης

2425 2188 2517 2243 τὸν
2550 2188 2804 2258 Χριστὺν.
2832 2186 3079 2238 τουτέστι
3113 2185 3249 2256 μήτε
3277 2183 3580 2253 ὁμοούσιον,
3616 2180 3754 2251 μήτε
3787 2179 4013 2247 σύνθρον-

2426 2296 2551 2333 νον·
2586 2280 2637 2332 εί
2678 2279 2735 2332 δὲ
2766 2278 2924 2332 τοῦτο
2969 2277 3172 2348 δοθείη.
3216 2276 3369 2330 οὐδὲν
3408 2276 3608 2330 κωλύει
3662 2274 4014 2345 Χριστωνοίς

2425 2371 2743 2441 ἀγαρίζειν·
2774 2373 2854 2433 είς
2895 2370 3053 2423 τοῦτο
3094 2369 3257 2423 αὑτὸν
3293 2368 3322 2421 δ
3364 2369 3464 2437 τῆς
3517 2367 3738 2436 Μαρίας
3781 2366 4015 2432 εὐαγγε-

2427 2465 2617 2533 λισμὺς
2645 2463 2797 2534 παρά
2820 2462 2930 2516 τῶν
2962 2461 3231 2530 ἀγγέλων,
3275 2460 3371 2513 καὶ
3400 2462 3455 2513 αί
3489 2460 3627 2531 πρὸς
3656 2457 3892 2529 Χριστὸν
3916 2454 4016 2509 τοῦ

2428 2557 2638 2628 Πατρὸς
2670 2555 2895 2626 ὁμιλίαι,
2935 2554 3029 2606 καὶ
3060 2553 3130 2606 τά
3152 2553 3407 2622 θαύματα
3437 2553 3593 2624 φέρει
3621 2551 3681 2605 τδ
3704 2550 3850 2612 τέλος

2501 2669 2612 2741 μγῖ
2639 2669 2802 2725 Ποίαν
2823 2669 2878 2722 δὲ
2910 2666 3225 2737 ἐκπλήξεως
3254 2665 3559 2736 ὑπερϐολὴν
3586 2666 3619 2736 ἡ
3650 2663 3747 2717 τοῦ
3775 2662 4015 2734 ματαίου

2427 2762 2614 2816 τούτου
2654 2761 2808 2814 ἄνοια
2833 2761 2897 2813 οὐ
2944 2756 3299 2828 παρατρέχει,
3334 2758 3618 2818 Μωῦσέως
3648 2754 3885 2825 ἀδελφὴν
3914 2752 4016 2820 τὴν

2426 2855 2657 2926 Μητέρα
2696 2851 2934 2924 Χριστοῦ
2983 2850 3275 2912 καλοῦντος
3312 2848 3446 2921 (69),
3494 2848 3589 2901 καὶ
3631 2849 3690 2901 ὲν
3728 2849 3794 2917 τῇ
3819 2846 4016 2915 ἐρήμῳ

2431 2948 2528 3000 σὺν
2556 2948 2763 3016 Μωῦσῇ
2790 2947 2917 3009 τοὺς
2944 2944 3307 3013 Χριστιανοὺς
3333 2937 3475 2997 εἶναι
3498 2983 3513 3007 ,
3539 2940 3635 2994 καὶ.
3662 2939 3817 3001 αὖθις
3844 2940 3903 2990 ὲν
3936 2937 4015 3004 τῷ

2428 3038 2543 3107 ναῷ
2599 3037 2946 3104 Σολομῶντος
2983 3035 3077 3088 ἐπὶ
3128 3033 3396 3104 Ζαχαρίου
3452 3032 3551 3102 τὴν
3599 3031 3874 3099 Παρθένον
3919 3027 4018 3080 τοῦ

2431 3128 2668 3200 Χριστοῦ
2698 3128 2856 3180 τόκον
2883 3126 3338 3196 εὐαγγελισθῆναι
3372 3125 3501 3194 παρ’
3530 3122 3812 3192 ἀγγέλωνς
3844 3120 3923 3183 ὡς
3954 3121 4019 3171 ἐκ

738 3212 940 3267 habere
991 3212 1342 3282 cogitandum
1388 3213 1494 3277 sit;
1543 3211 1893 3265 Salomonem
1950 3212 2133 3283 Moyse
2182 3215 2326 3266 anti-

2433 3222 2623 3275 τούτου
2670 3220 2936 3273 ἀνάπαλιν
2979 3219 3048 3272 τά
3095 3218 3398 3289 πράγματα
3452 3213 3817 3283 ἀκολουθῆσαι
3874 3212 4020 3264 νοεῖν

737 3304 984 3371 quiorem
1007 3321 1021 3369 ;
1047 3302 1285 3373 Moysem
1320 3317 1470 3365 vero,
1500 3301 1745 3369 Mariam,
1769 3313 1822 3357 et
1844 3301 2164 3357 Zachariam
2197 3318 2328 3357 con-

737 3395 1104 3463 teiuporales;
1139 3403 1193 3449 et
1224 3405 1347 3464 post
1382 3395 1648 3464 plurimos
1692 3410 1720 3447 a
1757 3394 1939 3464 templi
1969 3394 2329 3448 tedilicatione

738 3500 917 3541 annos
948 3484 1189 3556 Moysem
1239 3486 1294 3540 in
1338 3487 1555 3541 deserto
1584 3486 1875 3541 erravisse.
1927 3484 1971 3540 0
2026 3486 2328 3540 tlmnmnia-

737 3578 900 3631 cum!
933 3576 978 3631 0
1008 3578 1265 3632 atheismi
1305 3578 1527 3647 crapula
1560 3578 1772 3632 ebrium
1799 3578 1813 3631 ί
1845 3575 1889 3631 0
1919 3576 2167 3631 infelites
2203 3577 2326 3630 har-

737 3667 923 3731 baros,
963 3669 1056 3737 qui
1105 3667 1307 3722 librum
1361 3668 1643 3723 mendacia
1677 3668 1804 3722 talia
1839 3668 2206 3737 continentem
2243 3668 2326 3721 di—

736 3759 929 3814 vinum
979 3759 1245 3814 credunt!
1298 3757 1639 3830 lnterrogent
1686 3758 1895 3813 alienos
1927 3774 1955 3810 a
2008 3767 2193 3812 nostra
2224 3758 2329 3811 lide

739 3851 1015 3917 homines,
1048 3850 1451 3915 Samaritanos,
1487 3851 1736 3920 inquam,
1772 3860 1933 3918 atque
1965 3848 2203 3911 Judzeos.
2247 3850 2329 3902 in-

742 3953 1022 4013 terrOgent
1075 3944 1294 4009 Persas,
1336 3943 1674 4013 interrogent
1717 3943 1947 3999 Crwcos.
1979 3950 2231 3996 auctores
2274 3952 2327 3995 et

740 4036 1055 4101 historicos,
1099 4035 1153 4090 hi
1202 4034 1387 4089 vesani
1441 4043 1494 4090 et
1548 4035 1731 4089 omnis
1791 4035 1976 4105 logica:
2026 4033 2221 4104 ignari,
2273 4042 2327 4087 et

740 4126 942 4181 tuentis
980 4126 1172 4181 oculos
1218 4125 1611 4181 obtenebratos
1656 4138 1940 4195 gerentes;
1969 4136 2131 4197 atque
2161 4128 2228 4182 ab
2261 4126 2328 4182 iis

739 4219 957 4273 discant
998 4218 1237 4288 Moysetn
1268 4217 1564 4273 Salomone
1591 4219 1981 4288 antiquiorem,
2016 4235 2124 4273 non
2151 4230 2329 4289 poste-

740 4311 964 4366 riorem.
996 4310 1131 4364 Nam
1159 4313 1202 4366 si
1232 4312 1509 4381 antiquior
1533 4320 1616 4367 est
1641 4312 1935 4367 Salomone
1966 4312 2201 4383 Moyses.
2233 4328 2330 4382 po—

740 4404 940 4459 sterior
988 4389 1185 4459 autem.
1224 4402 1518 4460 Salomone
1546 4405 1823 4471 Christus,
1859 4404 2105 4473 profecto
2155 4404 2327 4476 Moysi

2430 3310 2770 3382 ἀρχεγονώτε
2779 3328 2871 3381 ρον
2891 3310 3170 3372 Μωῦσέως
3195 3307 3332 3362 εἶναι
3362 3309 3453 3362 τδν
3479 3305 3820 3375 Σολομῶντα,
3844 3304 4022 3357 Μωῡ-

2433 3402 2526 3456 σὲα
2558 3403 2614 3455 δὲ
2652 3401 2747 3456 καὶ
2802 3401 3021 3470 Μαρίαν
3055 3400 3150 3454 καὶ
3189 3398 3465 3470 Ζαχαρίαν
3516 3397 3867 3467 δμοχρόνους.
3922 3393 4022 3445 καὶ

2434 3494 2572 3563 μετά
2604 3493 2891 3554 πλείστους
2930 3491 3030 3560 τῆς
3059 3490 3349 3560 οίκοδομῆς
3376 3488 3472 3542 τοῦ
3519 3486 3648 3542 ναοῦ
3677 3484 3904 3557 χρόνους
3938 3486 4024 3545 εἱς

2431 3586 2635 3655 ἔρημον
2681 3585 2770 3639 τὸν
2796 3584 3037 3645 Μωῦτέα
3079 3583 3405 3636 πλανᾶσθαι.
3440 3582 3503 3634 ’Ὠ
3536 3578 3646 3633 ἀπὸ
3697 3577 3791 3631 τοῦ
3823 3577 4012 3645 δαιμο-

2431 3676 2650 3739 νιώδους
2688 3678 2699 3731 i
2734 3678 2799 3735 Ὃ
2827 3676 2934 3729 ἀπὸ
2966 3677 3061 3729 τοῦ
3108 3673 3520 3745 μεμεθυσμένου
3568 3670 3646 3743 τῷ
3683 3671 3782 3739 τῆς
3825 3668 4023 3729 ἀθεῖας

2432 3768 2585 3837 κάρῳ
2610 3771 2623 3822 l
2660 3769 2724 3821 Ὢ
2753 3768 2859 3820 ἀπὸ
2890 3770 2986 3836 τῆς
3026 3767 3344 3837 ἀθλιότητος
3374 3766 3470 3836 τὴν
3512 3763 3662 3816 Θείαν
3692 3761 3919 3831 Γραφὴν
3950 3764 4023 3811 τά

2433 3860 2639 3929 πηλίκα
2664 3858 2836 3913 ταῦτα
2858 3860 3028 3929 ψευδῆ
3055 3859 3459 3916 πιστευσάντων
3488 3854 3803 3927 βαρϐαρωνῑ
3841 3852 4022 3920 Ἑρωο

2430 3951 2678 4004 τάτωσαν
2726 3952 2852 4014 τοὺς
2883 3952 2981 4021 τῆς
3011 3949 3169 4019 ἡμῶν
3219 3945 3472 4013 πίστεως*
3490 3948 3693 4012 ξένους,
3736 3943 4020 4014 Σαμαρεί-

2430 4059 2528 4106 τας
2559 4044 2703 4113 φημὶ
2729 4044 2824 4096 καὶ
2864 4043 3181 4107 Ἰουδαίους·
3216 4042 3578 4113 ὲρωτάτωσαν
3610 4040 3843 4109 Πέρσας,
3877 4038 4023 4106 ἔρω-

2430 4134 2680 4188 τάτωσαν
2740 4139 3077 4206 συγγραφεῖς
3121 4137 3214 4191 καὶ
3260 4134 3706 4206 ἱστοριογράφους
3744 4128 4023 4197 Ἑλλήνων

2430 4226 2480 4278 οἱ
2510 4226 2843 4304 ἀνόητοιηοί
2875 4226 3263 4294 ἀδιαλόγιστοι,
3294 4228 3341 4278 oi
3376 4223 3747 4292 ὲσκοτισμένοι
3787 4219 3887 4280 τὰς
3914 4220 4023 4286 τῆς

2431 4316 2685 4386 γνώσεως
2733 4320 2975 4389 ὁράσεις,
3022 4320 3117 4370 καὶ
3155 4319 3287 4389 παρ’
3321 4316 3517 4393 αὐτῶν]
3555 4312 3879 4385 μαθέτωσαν
3934 4312 4023 4362 Et:

2432 4410 2673 4479 Μωῦσῆς
2701 4410 3044 4477 Σολομῶντος
3091 4406 3520 4479 προγενέστερος
3563 4403 3657 4457 καὶ
3684 4402 3743 4456 οὐ
3778 4416 4023 4472 μεταγε-

746 4511 857 4550 ιιοη
893 4495 999 4550 fuit
1035 4497 1461 4565 contemporalis
1498 4496 1769 4553 Christus.
1806 4498 1959 4563 Quod
1995 4498 2040 4549 si
2078 4511 2325 4552 contem-

2432 4498 2719 4569 νέστερος·
2751 4498 2799 4550 εί
2844 4498 2901 4550 δὲ
2939 4498 3032 4551 καὶ
3080 4497 3503 4566 προγενέστερος
3540 4493 3637 4564 μὲν
3668 4492 4023 4558 Σολομῶντος

739 4589 944 4658 poralis
967 4589 1137 4660 Moysi
1174 4604 1281 4643 non
1309 4589 1410 4643 fuit
1434 4589 1709 4653 Christus,
1734 4605 1907 4659 neque
1930 4589 2111 4644 Maria:
2128 4589 2326 4661 Moysis

2434 4592 2693 4661 Μωῦσῆς,
2748 4590 3210 4660 μεταγενέστερος
3245 4589 3302 4643 δὲ
3356 4585 3699 4656 Σολομῶντος
3751 4580 4020 4652 Χριστὸς.

740 4680 951 4734 sororis
989 4680 1158 4744 ﬁlius,
1188 4695 1353 4750 quam
1384 4680 1497 4749 jam
1538 4680 1696 4734 tidem
1742 4681 2058 4745 merebitur,
2092 4682 2185 4751 qui
2220 4682 2326 4749 tale

2433 4683 2532 4735 οὐκ
2579 4684 2687 4753 ἀρα
2721 4683 3017 4753 ὁμόχρονος
3054 4682 3331 4745 Μωῦσέως
3358 4682 3386 4733 ὁ
3424 4677 3694 4751 Χριστός·
3728 4675 3777 4727 ει
3809 4673 3867 4725 δὲ
3914 4673 4022 4751 οὐχ

740 4778 1068 4840 tantumque
1125 4771 1469 4826 mendacium
1515 4779 1703 4825 contra
1756 4772 1873 4825 veri
1919 4771 2013 4826 Dei
2042 4772 2323 4827 veritatem

2433 4778 2727 4849 ὁμόχρονος
2757 4779 3037 4843 Μωῦσέως
3063 4780 3095 4832 ο
3117 4778 3371 4850 Χριστὸς,
3398 4776 3519 4831 οὐδὲ
3550 4773 3648 4839 τῆς
3676 4768 3839 4826 αὑτοῦ
3869 4768 4025 4820 ἀδελ-

740 4864 1158 4933 pronuntiavit?
1183 4863 1321 4918 Vere
1342 4880 1483 4920 mea
1511 4875 1615 4929 est,
1647 4866 1775 4919 velit
1802 4867 1958 4926 nolit,
1983 4866 2323 4935 improbitas.

2436 4874 2539 4941 φῆς
2563 4872 2730 4926 αὐτοῦ
2753 4873 2972 4944 Μαρίας
3002 4874 3137 4939 υίὸς,
3166 4874 3309 4935 τίνος
3338 4870 3482 4935 ἄξιος
3508 4870 3660 4921 ἔσται
3683 4869 3709 4919 ὁ
3739 4865 3797 4919 τὸ
3825 4863 4027 4916 τοσοῦ-

738 4976 831 5013 τον
858 4957 1054 5027 ψεῦδος
1092 4957 1233 5011 κατὰ
1274 4961 1369 5027 τῆς
1408 4958 1667 5028 ἀληθείας
1705 4958 1798 5013 τοῦ
1841 4959 2009 5023 ὅντως
2039 4959 2175 5012 Θεοῦ
2200 4961 2587 5033 ὲπιφημίζων;
2620 4966 2788 5043 ὅντως
2817 4968 2941 5021 ἐπεὶ
2966 4968 3059 5020 καὶ
3115 4966 3331 5037 ἀληθῶς
3394 4963 3595 5033 τυφλὸν
3656 4962 3690 5031 ἠ
3752 4959 4022 5029 πονηρίαν

743 5051 837 5105 καὶ
868 5050 1072 5105 ἑκοῦσα
1093 5051 1189 5103 καὶ
1216 5051 1445 5105 ἄκουσα.

815 5145 902 5201 Η.
934 5145 1083 5200 More
1112 5162 1213 5199 suo
1243 5162 1437 5202 rursus
1464 5146 1691 5201 dolosus
1722 5164 1785 5203 ac
1817 5149 2070 5214 mendax,
2097 5150 2326 5219 primam

744 5255 957 5295 sacram
1005 5238 1178 5294 adem
1225 5240 1459 5307 positam
1504 5242 1639 5295 dicrt
1672 5242 1987 5298 hominibus
2017 5245 2160 5314 apud
2207 5244 2323 5299 Ma-

2510 5152 2614 5224 μδ’.
2652 5154 2902 5224 Συνήθως
2933 5154 2989 5207 δὲ
3020 5153 3181 5206 πάλιν
3210 5154 3238 5206 ὸ
3270 5150 3441 5210 δόλιος
3485 5148 3829 5218 ψευδόμενος,
3860 5146 4026 5217 πρῶ-

2434 5262 2526 5301 τον
2557 5242 2704 5299 οἷκον
2752 5247 2896 5317 ἱερὸν
2923 5243 3195 5297 τεθεῖσθαι
3225 5242 3373 5312 λέγει
3418 5244 3530 5305 τοῖς
3577 5236 3886 5310 ἀνθρώποις
3935 5241 4028 5304 εἰς

816 5462 929 5529 (67)
958 5460 1082 5516 Sur.
1122 5463 1213 5526 lll,
1248 5464 1335 5520 65..

744 5604 788 5663 Λ
820 5534 930 5657 (εἶθ)
968 5534 1041 5587 Ita
1066 5535 1292 5589 Graecus
1312 5542 1505 5590 auctor
1536 5534 1856 5602 pronuntiat
1894 5535 2329 5605 interjectionem

796 5619 851 5656 ra
874 5619 1054 5660 ncam.

796 5619 851 5656 ra
860 5619 973 5657 tnca
982 5620 1029 5655 ιη
1040 5646 1054 5660 ο

820 5672 933 5742 (69)
968 5673 1086 5728 Dixi
1110 5674 1221 5746 jam
1252 5674 1380 5743 (col.
1408 5676 1530 5741 708,
1557 5686 1674 5731 not.
1699 5676 1786 5745 l9)
1807 5676 2018 5731 defendi
2043 5676 2110 5730 ab
2130 5677 2331 5746 aliqui-

748 5748 849 5799 hus
898 5745 1001 5798 hoc
1037 5747 1154 5800 loco
1182 5745 1555 5802 Mohamedem
1581 5766 1595 5812 ;
1626 5764 1735 5805 non
1758 5748 1904 5802 enim
1941 5749 1987 5803 is
2020 5748 2151 5801 dicit
2182 5748 2328 5808 (Sur.

746 5814 892 5889 XIX,
926 5814 1018 5889 27)
1076 5815 1300 5875 Mariam
1331 5834 1575 5874 sororem
1612 5819 1845 5876 Aaronis
1876 5827 1932 5873 et
1978 5817 2200 5889 Moysis.
2235 5820 2330 5872 sed

746 5887 983 5949 Aaronis
1011 5889 1409 5944 tantummodo.
1444 5889 1615 5946 Porro
1654 5906 1765 5949 non
1816 5905 1958 5948 unus
2003 5887 2333 5947 credibiliter

2431 5467 2533 5522 fuit
2579 5468 2717 5535 apud
2761 5464 3015 5520 llehrmos
3056 5467 3262 5537 Aaron.
3291 5461 3355 5537 Et
3387 5460 3608 5537 quidem
3638 5456 3777 5537 apud
3809 5454 4025 5537 laneam

2431 5555 2471 5597 ι,
2504 5538 2558 5602 5,
2595 5526 2900 5591 Elisabetha
2930 5546 3049 5590 erat
3080 5540 3146 5589 de
3171 5526 3633 5608 _ti|iabus‘_Aarou.
3663 5526 3893 5608 N_o_nnisi
3925 5529 4028 5598 igi-

2432 5619 2519 5662 tur
2546 5600 2609 5663 ex
2642 5608 2955 5677 conjectura
3001 5606 3330 5677 propriaque
3353 5600 3793 5677 opinioneadilit
3812 5612 4027 5677 _noster

2430 5677 2646 5733 Nicetas
2687 5668 2942 5747 Moysem,
2980 5668 3033 5729 εἰ
3059 5668 3401 5747 Christ-ianos
3430 5687 3552 5725 cum
3584 5672 3676 5725 illo
3712 5670 3770 5747 in
3793 5668 4027 5747 deserto

2429 5761 2699 5804 errantes.
2731 5738 3034 5816 Ceteroqui
3067 5758 3174 5800 tam
3205 5744 3524 5799 llerbelotus
3540 5757 3699 5807 quam
3734 5738 4028 5816 Rel_a_ndus

2432 5820 2578 5877 ultro
2607 5820 2867 5880 fatentur,
2901 5808 3150 5873 crassum
3178 5816 3447 5886 ejusmodi
3480 5826 3720 5869 errorem
3760 5826 3790 5865 a
3823 5808 4027 5869 Molu-

2430 5891 2605 5947 medis
2634 5890 2847 5946 inscitia
2884 5906 2989 5944 non
3022 5888 3337 5943 abhorrere.
