4168 6450
730 370 828 435 731

1933 369 2229 433 ΝῘΕΕΤιΕ
2285 370 2694 437 ΒὶἻΛΝΤῐΝῐ

3882 380 3993 441 722

731 482 1104 553 dignoseitur;
1134 483 1290 536 bruta
1342 482 1517 545 fialis;
1553 492 1821 537 exercente
1876 484 2071 535 mentis
2115 492 2305 536 vestr.e

2424 486 2593 537 :iz'J-za
2639 486 2774 539 Θεοῦ
2822 487 3002 556 ἔχετε·
3035 490 3206 556 ἄλογα
3246 488 3483 555 γῖνεσθε,
3538 487 3827 555 πηρίῖνισατε
3863 490 3992 549 τοὺς

731 575 942 637 oculos,
979 588 1169 641 tneque
1214 574 1341 627 c:eci
1371 574 1686 639 scetemiui;
1728 575 1900 628 nolite
1923 574 1989 626 de
2035 574 2160 627 boni
2196 590 2309 626 ma-

735 666 879 735 lique
911 666 1227 719 discrimine
1251 667 1516 721 laborare.
1547 667 1755 736 Quippe
1776 667 1999 720 omnino
2027 666 2140 735 ipse
2168 668 2309 720 scie-

737 760 826 813 bat
881 759 1033 812 nihili
1084 775 1205 814 esse
1266 759 1577 827 pelldl'lltlas
1630 776 1801 829 nugas
1854 775 2001 823 suas,
2051 776 2228 827 neque
2282 776 2309 812 a

736 849 1073 900 detinentium
1128 849 1302 902 sibilis
1333 850 1665 917 discrepare,
1701 852 1744 903 si
1782 861 1925 902 certe
1953 864 2077 901 cum
2128 851 2311 902 divina

735 938 1091 992 conferantur
1139 940 1438 1009 Scriptura,
1482 942 1562 994 vel
1610 943 1770 995 ctiam
1810 942 2047 995 hmnano
2098 942 2315 1011 ingenio

736 1034 1136 1086 examinentur.

808 1209 898 1262 46.
944 1207 1098 1273 Quod
1129 1220 1307 1265 autem
1345 1213 1396 1266 in
1430 1215 1600 1283 prima
1630 1231 1845 1286 quoque
1883 1217 2063 1273 fabula
2107 1220 2314 1276 dictum

737 1296 859 1361 fuit,
887 1316 1077 1368 nempe
1131 1318 1351 1357 causam
1387 1307 1735 1372 pereuntibus
1790 1324 1911 1361 esse
1941 1308 2169 1378 hujusce
2222 1313 2318 1365 ho—

739 1393 903 1448 minis
927 1394 1115 1460 Deum,
1146 1414 1285 1451 nunc
1314 1415 1529 1467 quoque
1563 1402 1691 1455 dicit
1724 1422 1735 1456 :
1764 1423 1781 1453 ι
1812 1402 1982 1459 Vultis
2011 1408 2197 1475 utique
2216 1408 2317 1461 du-

741 1502 834 1539 ees
861 1489 958 1541 tia:
1015 1489 1128 1542 fieri
1161 1491 1389 1554 homini,
1412 1508 1572 1560 quem
1600 1493 1740 1551 Deus
1764 1496 1887 1551 fetit
1920 1514 2120 1552 errare.
2152 1502 2314 1569 Atqui

739 1579 786 1630 ei
813 1595 972 1647 quem
1008 1580 1148 1633 Deus
1188 1583 1313 1636 fecit
1362 1602 1565 1650 errare,
1609 1605 1949 1659 nequaquam
2010 1592 2317 1647 invenietur

741 1677 845 1727 via.
882 1694 899 1725 ι
936 1673 1167 1729 Deecbal
1199 1694 1329 1732 sane
1357 1681 1479 1733 talis
1511 1680 1600 1733 Dei
1633 1683 1790 1735 talem
1826 1698 1947 1738 esse
1978 1689 2309 1752 praeconem!

740 1764 894 1829 Quod
927 1766 970 1819 si
1006 1777 1193 1821 nostro
1227 1769 1459 1821 sermoni
1498 1773 1740 1825 almuant
1784 1772 1834 1825 hi
1881 1775 1973 1842 qui
2008 1775 2181 1829 dolosi
2212 1777 2314 1831 hu-

2413 580 2509 644 τῆς
2538 577 2777 641 διανοίας
2811 580 2963 646 ὑμῶν
3009 580 3346 649 ὀφθαλμοὺς,
3379 581 3473 631 καὶ
3517 579 3705 644 τυφλοί
3739 596 3831 645 μοι
3860 580 3994 629 ἀκοι-

2412 665 2654 719 λουθεῖτε
2680 683 2692 695 ·
2730 668 2804 737 μὴ
2838 668 3177 737 ἐξασκήσητε
3210 672 3307 737 τὴν
3339 667 3436 720 τοῦ
3485 667 3651 719 καλοῦ
3694 668 3784 719 καὶ
3814 666 3992 718 κακοῦ

2413 760 2683 831 διάκρισιν
2710 776 2721 789 ⁸
2750 762 2867 829 ᾔδει
2922 763 3045 832 γὰρ,
3080 763 3195 832 ᾔδει
3235 763 3310 825 ὡς
3354 761 3562 821 οῦίενὸς
3611 760 3891 825 ἀξιολόγου
3922 760 3993 810 τα

2415 856 2544 922 παρ’
2568 854 2729 907 αὑτοῦ
2747 855 3059 925 ληροῦμενα
3087 856 3366 923 τυγχάνει,
3398 856 3617 908 καὶτῶν
3650 854 3997 921 μαινομένων

2414 948 2494 1008 εἰς
2532 948 2699 1017 μηδὲν
2728 947 3114 1000 διαλλάττοντα
3144 948 3559 1015 ποππυσμάτων
3590 944 3727 1016 [(οά.
3766 943 3995 1013 mpm],

2416 1040 2464 1093 εἰ
2496 1043 2563 1108 τῇ
2596 1040 2715 1111 θεία
2746 1040 3104 1109 παρατεθείεν
3136 1042 3347 1110 Γραφῇ.
3385 1039 3417 1108 ἢ
3455 1040 3548 1092 καὶ
3581 1038 3756 1100 ἄλλως
3782 1037 3995 1106 ἀνθρω-

2417 1130 2545 1198 πίνῃ
2581 1132 2793 1183 συνέσει
2824 1130 3181 1192 ὲξετάζοιντο,

2490 1223 2605 1291 μετ’.
2640 1224 2816 1294 Ὅπερ
2865 1224 2921 1276 δὲ
2961 1225 3063 1276 κάν
3097 1223 3175 1293 τῷ
3212 1223 3412 1293 πρώτῳ
3445 1222 3599 1293 μύθῳ
3639 1223 3857 1288 ἐλέγετο
3913 1221 3998 1272 ὅτι

2418 1320 2585 1378 αἴτιος
2610 1317 2717 1369 τῶν
2752 1318 3136 1385 ἀπολλυμένων
3161 1319 3188 1368 6
3225 1317 3416 1367 τούτου
3449 1316 3599 1377 Θεὸς,
3635 1315 3725 1365 καὶ
3763 1313 3859 1364 νῦν
3895 1330 4000 1377 φη-

2420 1427 2501 1461 σιν
2528 1407 2671 1477 (75)·
2723 1427 2742 1459 ‹
2794 1408 2986 1460 Θέλετε
3030 1408 3135 1475 ἄρα
3176 1407 3440 1475 ὀδηγῆσαι
3500 1406 3590 1458 τὸν
3638 1404 3943 1472 ἐπλάνησεν
3974 1404 4001 1453 6

2418 1502 2549 1563 Θεός
2575 1517 2586 1529 ’
2628 1501 2719 1552 καὶ
2770 1501 2861 1553 τὸν
2908 1500 3083 1571 πλανᾷ
3109 1502 3137 1552 6
3166 1499 3319 1561 Θεὸς,
3378 1500 3440 1551 οὐ
3480 1500 3553 1567 μὴ
3611 1497 3809 1567 εὗρεθῇ
3848 1494 4002 1561 αὐτῷ

2418 1596 2557 1658 ὁδός.
2599 1613 2616 1645 ι
2648 1594 2794 1645 Ἔδει
2821 1592 2949 1662 γάρ,
2990 1594 3065 1655 ὼς
3095 1594 3260 1655 εἰκὸς,
3292 1592 3535 1643 τοιοῦτον
3570 1588 3704 1642 Θεοῦ
3756 1586 4003 1640 τοιοῦτον

2420 1685 2559 1742 εἶναι
2588 1690 2679 1743 τὸν
2725 1691 2972 1761 κήρυκα”
3005 1690 3053 1740 εἰ
3101 1689 3157 1742 δὲ
3206 1687 3586 1741 άπαναίνοιντο
3638 1689 3684 1737 οἱ
3711 1688 3775 1755 τῇ
3808 1683 4002 1736 τοῦτον

2423 1781 2798 1851 ζωγρηθέντες
2825 1781 3007 1851 ἀπάτῃ
3034 1780 3167 1851 πρὸς
3192 1781 3281 1832 τὸν
3308 1781 3574 1849 ἡμέτερον
3606 1780 3781 1845 λόγον,
3817 1778 4002 1847 ’ἠπίως

737 1859 828 1925 jus
857 1859 1032 1927 praeda
1069 1870 1217 1925 sunt,
1264 1863 1341 1913 sic
1396 1876 1488 1916 eos
1534 1864 1828 1917 clementer
1878 1867 2080 1937 alloqui
2136 1870 2260 1924 licet
2304 1889 2317 1925 :

2424 1840 2607 1942 ςρἀρἐιί
2642 1872 2755 1925 ἔστι
2779 1840 2925 1942 *πρὸς
2959 1840 3175 1934 άὸτοὺς,
3210 1872 3285 1934 ὡς
3329 1873 3389 1924 Εἰ
3438 1873 3536 1941 μὲν
3565 1870 3765 1923 πλάνον
3809 1870 4000 1935 λέγετε

746 1950 856 2003 Vos
882 1952 1038 2020 quasi
1074 1953 1419 2022 (lt'Ct'plOl’Clll
1446 1953 1627 2010 dlt'lllS
1662 1955 1826 2009 Deum
1870 1976 1883 2011 :
1918 1961 2067 2028 alqui
2103 1962 2320 2015 univer-

744 2043 874 2098 salis
904 2044 1044 2098 Deus
1074 2046 1330 2114 deceptor
1359 2064 1464 2098 non
1505 2058 1586 2100 est
1622 2066 1637 2102 :
1684 2047 1823 2103 Deus
1874 2053 2018 2104 enim
2076 2054 2319 2107 veritatis

742 2146 795 2188 ct
827 2146 931 2198 est,
962 2147 1014 2190 ct
1043 2140 1111 2189 ita
1138 2154 1165 2190 a
1201 2140 1382 2192 divina
1421 2143 1701 2209 Scriptura
1740 2144 2062 2211 appellatur.
2097 2144 2319 2200 Menda-

740 2228 884 2282 cium
946 2238 1126 2282 autem
1178 2241 1261 2283 est
1326 2232 1571 2301 deceptio
1622 2251 1635 2287 :
1691 2244 1803 2288 tum
1856 2239 2070 2292 mentiri
2129 2254 2193 2293 ne
2248 2241 2318 2310 pii

744 2321 965 2388 quidem
1027 2322 1266 2377 hominis
1317 2334 1419 2389 est,
1490 2327 1687 2381 nedum
1746 2329 1865 2397 ejus
1912 2333 2002 2400 qui
2044 2332 2317 2389 hominem

744 2412 1027 2466 scientiam
1070 2415 1245 2468 docet.
1292 2416 1443 2480 Quod
1475 2419 1517 2470 si
1552 2420 1677 2486 quia
1736 2435 1917 2475 vcsmr
1975 2425 2184 2493 legatus
2222 2428 2320 2481 de-

743 2514 1013 2572 t-eptorem
1045 2507 1174 2560 dicit
1225 2507 1413 2566 Deum.
1470 2510 1607 2561 idem
1655 2512 1756 2565 hoc
1795 2514 1947 2568 νυιιῐε
1980 2531 2198 2586 quoque
2237 2520 2319 2572 vi-

743 2595 931 2659 detur;
967 2612 1089 2649 vere
1120 2609 1165 2649 et
1224 2613 1323 2651 nos
1369 2598 1605 2653 dicimus
1654 2602 1797 2656 illius
1841 2619 1959 2659 esse
1995 2604 2186 2670 Deum,
2228 2611 2319 2676 qui

743 2689 991 2741 eumdem
1026 2690 1151 2742 talia
1185 2691 1625 2755 seriberejussit.
1658 2693 1811 2759 Quod
1842 2697 1883 2749 si
1914 2701 2325 2757 excandescunt

744 2780 1053 2835 dicentibus
1085 2782 1240 2834 nobis
1271 2822 1285 2845 ,
1315 2784 1591 2841 diversum
1631 2802 1750 2840 esse
1782 2788 2112 2846 Mobamedis
2153 2793 2320 2849 Deum

744 2886 931 2925 avero
962 2871 1107 2938 Deo;
1168 2876 1270 2926 hoc
1336 2875 1477 2928 haud
1536 2888 1725 2931 nostro
1782 2882 2196 2946 prmdieatnento
2242 2886 2321 2952 fit,

743 2962 835 3013 sed
861 2978 923 3016 ex
957 2962 1198 3031 ejusdem
1237 2966 1581 3021 confessione
1618 2972 1925 3025 conficitur.
1972 2972 2321 3044 Deceptorem

743 3055 887 3107 enim
934 3071 1057 3121 esse
1114 3069 1330 3127 oportet
1388 3060 1535 3113 illum
1587 3064 1677 3131 qui
1738 3066 1876 3119 male
1927 3065 2106 3122 facere
2143 3071 2321 3139 palam

2422 1965 2575 2026 Θεὸν,
2628 1966 2655 2016 ὁ
2711 1963 2817 2015 τῶν
2851 1964 2989 2017 ὅλων
3049 1964 3178 2026 θεῆς
3228 1964 3425 2026 πλάνος
3489 1966 3589 2015 οὐκ
3642 1963 3804 2015 ἐστιν,
3866 1961 4003 2018 63));

2422 2057 2530 2124 γὰρ
2593 2056 2694 2125 τῆς
2752 2054 3015 2124 ἀληθείας
3068 2057 3160 2109 καὶ
3216 2056 3362 2107 ἔστιν
3419 2056 3512 2107 καὶ
3566 2054 3713 2124 παρὰ
3759 2055 3827 2123 τῇ
3879 2051 4004 2121 θεία

2422 2148 2611 2217 Γραφῇ
2664 2148 3021 2216 ὀνομάζεταιο
3084 2147 3278 2217 ψεῦδος
3327 2148 3433 2217 γάρ
3479 2148 3626 2198 ἐστιν
3680 2147 3712 2215 ἡ
3770 2144 3999 2209 άπάτη⁶

2419 2236 2709 2306 ψεύδεσθαι
2759 2238 2816 2291 δὲ
2894 2239 3014 2292 οὐδὲ
3074 2238 3332 2301 εὐλαϐοὗς
3392 2238 3726 2309 ἀνθρώπου.
3800 2239 4002 2307 μήτιγε

2420 2328 2513 2382 τοῦ
2563 2328 2903 2392 διδάσκοντος
2959 2331 3243 2401 ἄνθρωπον
3291 2331 3525 2399 γνῶσινο
3595 2333 3642 2382 εἰ
3695 2329 3752 2382 δὲ
3824 2328 3913 2381 διά
3945 2330 4006 2381 τὸ

2424 2421 2587 2489 φάναι
2613 2422 2702 2474 τὸν
2728 2422 2993 2492 ὑμέτερον
3021 2423 3315 2476 ἀπόστολον
3337 2422 3533 2475 πλάνον
3559 2422 3648 2473 τὸν
3670 2421 3821 2484 Θεὸν,
3844 2420 4007 2473 τοῦτο

2424 2512 2517 2563 καὶ
2557 2511 2685 2580 ὑμῖν
2718 2512 2881 2573 δοκεῖ,
2906 2512 3121 2581 άληθῶς
3170 2513 3260 2565 τὸν
3292 2512 3455 2564 αὑτοῦ
3502 2514 3594 2565 καὶ
3626 2515 3788 2581 ἡμεῖς
3823 2528 4006 2580 φαμεν

2423 2602 2513 2655 τὸν
2547 2602 2615 2653 τὰ
2669 2602 2891 2655 τοιαῦτα
2926 2604 3157 2671 γράφειν
3189 2604 3350 2655 αὐτὸν
3395 2605 3802 2671 προστάσσοντα
3823 2620 3835 2632 ·
3870 2604 3917 2653 εἱ
3950 2602 4007 2653 δὲ

2425 2689 2505 2740 ἔτι
2536 2689 2840 2741 ὲκκαίοιντο
2866 2691 3022 2758 ἡμῶν
3052 2690 3318 2758 λεγόντων
3352 2690 3539 2759 ἕτερον
3565 2688 3801 2760 εἷναιτῷ
3834 2692 4008 2744 Μωὲ-

2428 2796 2529 2848 μετ
2582 2779 2732 2848 παρὰ
2768 2783 2860 2831 τὸν
2893 2780 3061 2843 ὅντως
3093 2782 3221 2833 ὄντα
3251 2780 3402 2845 Θεὸν,
3440 2782 3498 2835 οὐ
3544 2783 3696 2851 παρᾶ
3719 2782 3817 2846 τὴν
3844 2782 4008 2850 ἡμῶν

2426 2872 2763 2941 κατηγορίαν
2793 2873 2992 2941 φαμὲν,
3030 2874 3165 2927 ἀλλὰ
3201 2874 3349 2940 παρὰ
3379 2874 3478 2943 τὴν
3515 2874 3680 2927 αὐτοῦ
3716 2873 4009 2944 ὁμολογίαν

2425 2964 2582 3017 τοῦτο
2603 2966 2903 3017 δείκνυται·
2941 2967 3139 3017 πλάνον
3160 2966 3264 3035 γάρ
3292 2967 3373 3018 δεῖ
3402 2962 3536 3017 εἶναι
3562 2968 3650 3017 τὸν
3674 2968 4009 3034 κακουργεῖν

2427 3057 2507 3117 εἰς
2535 3054 2595 3106 τὸ
2625 3056 2895 3125 προφανὲς
2938 3056 3011 3125 μὴ
3044 3055 3294 3123 ἰσχύοντα
3316 3096 3329 3118 ,
3366 3057 3397 3126 ἦ
3428 3056 3522 3108 καὶ
3575 3056 3747 3117 άλλως
3796 3055 4009 3123 ἀμῦνα-

746 3148 966 3215 nequit;
1002 3149 1081 3201 vel
1112 3150 1274 3203 etiam
1323 3154 1517 3219 punire
1561 3170 1700 3223 quos
1738 3158 1915 3218 vellet.
1955 3159 2170 3227 publice.
2212 3178 2318 3217 non

2430 3146 2550 3198 σθαι
2578 3145 2671 3208 οὓς
2699 3146 2945 3214 βούλεται
2977 3148 3053 3209 εἰς
3083 3147 3143 3199 τὸ
3169 3146 3396 3215 φανερὸν
3423 3148 3481 3197 οὐ
3510 3146 3801 3214 δυνάμενον
3820 3161 3833 3174 ·
3868 3146 4008 3214 ὅπερ

746 3241 938 3294 valet:
994 3258 1229 3311 quorum
1282 3256 1533 3299 neutrum
1575 3249 1626 3300 in
1687 3250 1852 3302 Deum
1909 3267 2096 3306 verum
2157 3257 2321 3311 cadit.

745 3331 1112 3394 Quamobrem
1169 3344 1315 3389 recte
1366 3337 1602 3392 dicimus
1653 3340 1926 3394 diversum
1987 3357 2108 3397 esse
2156 3345 2323 3401 Deum

745 3418 1077 3471 Mobamcdis
1159 3436 1188 3473 a
1275 3436 1401 3475 Vero
1482 3422 1605 3478 Deo.
1660 3424 1724 3478 Et
1792 3439 1936 3482 certe
1984 3430 2323 3500 deceptotem

744 3522 888 3570 esse,
940 3518 1156 3562 constat
1199 3525 1262 3561 ex
1324 3511 1580 3567 omnibtts
1642 3513 1977 3585 Mobamedis
2029 3520 2326 3592 scrjptiun-

744 3600 885 3653 culis
919 3618 931 3653 :
968 3600 1299 3670 insuperque
1357 3619 1422 3657 ex
1482 3605 1581 3659 hac
1633 3608 1936 3661 vehementi
1970 3612 2325 3668 accusatione

745 3689 859 3743 Dei.
897 3687 1030 3743 Nam
1065 3692 1108 3746 si
1150 3708 1178 3745 a
1210 3692 1317 3748 Deo
1352 3694 1491 3748 hanc
1518 3695 1766 3751 dicamus
1798 3698 2093 3766 profectam
2113 3710 2323 3767 v0cent,

747 3789 920 3832 seruet
971 3790 1190 3834 accusat
1235 3780 1375 3837 Deus
1431 3784 1793 3854 deccptorem.
1830 3787 2037 3852 Quodsi
2080 3793 2181 3846 hoc
2212 3794 2324 3849 ﬂeri

748 3871 954 3940 nequit,
987 3888 1106 3925 vere
1130 3882 1309 3927 autem
1336 3875 1481 3944 loqui
1517 3887 1726 3944 oportet
1756 3879 1988 3947 legatum
2013 3899 2025 3945 ;
2052 3895 2321 3952 superest,

749 3972 806 4014 ut
848 3963 950 4017 hoc
987 3980 1174 4033 reapse
1202 3965 1423 4020 effatum
1453 3968 1522 4021 sit
1552 3968 1641 4022 Dei
1682 3968 2038 4027 Mobamedis.
2078 3974 2171 4027 Est
2195 3991 2325 4045 ergo

745 4054 998 4121 deceptor
1054 4055 1193 4110 Deus
1234 4055 1589 4111 Mobamcdis.
1650 4058 1805 4123 Quod
1859 4061 1903 4114 si
1960 4062 2104 4117 Deus
2153 4065 2325 4134 ipsius

744 4160 850 4197 non
880 4155 960 4197 est
998 4145 1253 4215 thCt‘plOl‘
1278 4188 1292 4212 ,
1332 4149 1591 4202 mentitur
1640 4162 1785 4205 certe
1818 4151 2194 4220 Mohamedes,
2231 4158 2323 4226 qui

743 4238 1084 4304 deceptorem
1120 4238 1249 4292 dicit
1300 4238 1472 4295 Deum
1534 4257 1715 4297 suum.
1768 4244 1931 4313 Atqui
1971 4245 2166 4301 falsum
2200 4265 2324 4317 pro-

745 4329 961 4394 phetam
1030 4336 1084 4380 et
1132 4327 1405 4397 legatum,
1460 4346 1559 4386 ceu
1615 4333 1961 4403 deceptorem
2018 4337 2324 4394 interficere

747 4429 957 4487 eportet
1006 4433 1364 4489 praesentem,
1421 4428 1758 4481 anathemati
1819 4438 2000 4483 autem
2054 4432 2325 4500 subjicere

745 4514 1025 4566 absentem
1069 4532 1082 4568 :

745 4607 942 4659 atbeus
973 4623 986 4659 :
1025 4611 1069 4661 si
1103 4609 1386 4672 mentitur,
1416 4613 1784 4668 exsecrandus
1808 4622 1911 4668 est.

813 4700 901 4753 47.
947 4698 1064 4753 Mox
1108 4703 1483 4771 progrediens,
1534 4705 1765 4774 ineptias
1814 4708 2077 4776 quasdam
2109 4718 2162 4765 et
2210 4711 2325 4764 bat-

744 4793 991 4862 tologias,
1016 4795 1310 4861 quominus
1343 4797 1389 4850 ei
1427 4797 1796 4864 diser-edatur,
1837 4802 2047 4866 reciuit,
2092 4813 2327 4857 metum-

742 4902 846 4955 que
893 4888 1067 4955 injicit
1119 4888 1330 4942 miseris
1387 4890 1671 4953 barbaris.
1724 4894 1766 4945 si
1830 4892 1965 4948 forte
2011 4896 2177 4949 velint
2219 4896 2322 4949 sibi

742 4979 1105 5047 eeutprobari,
1142 4982 1285 5048 quod
1318 4981 1430 5035 hcce
1484 4982 1551 5035 ah
1581 4997 1673 5035 ore
1707 4984 1795 5037 Dei
1832 4985 2102 5053 loquatur.
2134 4986 2325 5041 Sciens

742 5076 909 5133 enim,
939 5088 996 5125 se
1030 5074 1241 5127 dicente
1276 5092 1286 5126 :
1330 5073 1453 5129 Ilacc
1479 5091 1507 5128 a
1546 5077 1651 5129 Deo
1691 5079 1897 5147 accepi,
1938 5078 2049 5131 [ore
2088 5079 2322 5147 aliquem

744 5181 969 5234 prorsus
1008 5167 1344 5221 dubitantem
1370 5207 1384 5229 ,
1410 5178 1462 5221 et
1495 5169 1798 5223 absolutam
1838 5171 1911 5224 rei
1947 5172 2321 5240 probationem

745 5260 1106 5327 postulantem
1134 5261 1511 5329 dicentemque
1544 5280 1556 5316 :
1594 5262 1649 5315 Si
1684 5264 1796 5317 ha‘e
1833 5265 2016 5318 reVera
2042 5282 2067 5317 a
2102 5265 2209 5317 Deo
2233 5281 2322 5320 ac-

744 5351 952 5419 cepisti.
985 5352 1184 5421 tibique
1224 5353 1508 5409 familiaris
1560 5353 1701 5410 Deus
1723 5368 1823 5421 est,
1870 5364 2021 5425 potes
2057 5358 2213 5413 facile
2242 5358 2321 5412 vel

744 5446 901 5497 nutus
959 5449 1333 5513 spectantibus
1388 5449 1576 5501 eadem
1626 5451 1693 5501 ab
1746 5466 1811 5501 eo
1845 5451 2121 5518 postulare.
2160 5461 2323 5519 atque

742 5540 1029 5606 accipere;
1061 5539 1175 5607 ipse
1208 5549 1465 5609 tanquam
1517 5557 1545 5595 a
1588 5542 1831 5611 Pythone
1872 5544 2169 5610 inspiratus
2198 5544 2270 5596 ait
2306 5561 2319 5596 :

748 5649 767 5683 ι
817 5632 1011 5686 l‘etunt
1044 5651 1073 5688 a
1106 5645 1156 5687 tc
1191 5637 1570 5707 scr'pturales,
1605 5648 1659 5690 ut
1689 5638 2013 5692 descendere
2044 5653 2203 5707 Super
2231 5652 2323 5693 eos

816 5811 928 5878 (75)
960 5811 1083 5869 Sur.
1116 5814 1204 5876 IV.
1246 5817 1336 5873 87.

2427 3236 2517 3287 ἐπὶ
2548 3234 2639 3287 τοῦ
2669 3234 2838 3297 ὅντως
2891 3236 3026 3289 Θεοῦ
3061 3235 3246 3306 χώραν
3274 3238 3372 3289 οὐκ
3425 3236 3569 3305 ἔχει·
3628 3235 3766 3289 ὥστε
3824 3236 4010 3298 καλῶς

2426 3326 2678 3395 λέγομεν,
2738 3328 2820 3379 ὅτι
2870 3328 3056 3397 ἕτερος
3103 3328 3231 3390 Θεὸς
3257 3330 3284 3381 6
3316 3327 3409 3381 τοῦ
3466 3328 3706 3396 Μωάμετ
3739 3328 3890 3397 παρὰ
3918 3328 4008 3379 τὸν

2426 3418 2602 3486 ἀληθῆ
2649 3418 2803 3477 Θεὸν,
2837 3419 3023 3488 ἐπειδὴ
3072 3420 3165 3471 καὶ
3197 3418 3394 3481 πλάνος
3435 3420 3599 3480 ἐστὶν,
3637 3419 3729 3470 καὶ
3761 3418 3921 3485 δῆλον
3946 3420 4010 3470 ἐκ

2427 3512 2645 3565 πάντων
2678 3512 2788 3563 τῶν
2822 3511 2951 3582 παρ’
3003 3512 3167 3567 αὑτοῦ
3231 3511 3739 3582 σκιογραφηθέντων
3760 3520 3774 3537 ⁸
3830 3510 3913 3561 ἔτι
3944 3527 4009 3575 γε

2431 3602 2536 3673 μὴν
2566 3603 2658 3656 καὶ
2688 3604 2750 3655 ὲκ
2765 3603 2862 3672 τῆς
2891 3603 3126 3670 σφοδρᾶς
3145 3603 3346 3671 ταύτης
3371 3602 3703 3670 κατηγορίας
3729 3600 3821 3653 τοῦ
3845 3601 4007 3654 Θεοῦ,

2427 3693 2491 3747 Εἰ
2524 3694 2632 3763 γάρ
2672 3693 2821 3762 παρὰ
2846 3692 2982 3746 Θεοῦ
3013 3692 3218 3761 ταύτην
3264 3692 3453 3761 φῶμεν
3486 3690 3733 3761 εἰρῆσθαι
3763 3692 3862 3759 τὴν
3899 3708 4012 3756 qta-

2426 3783 2545 3856 νὴν,
2593 3785 2788 3839 ἑαυτοῦ
2817 3786 3232 3855 καταμαρτυρεῖ
3260 3784 3286 3835 6
3325 3783 3454 3844 Θεὸς
3485 3783 3565 3835 ὅτι
3602 3781 3801 3843 πλάνος
3834 3782 4009 3832 ἐστίν·

2427 3880 2475 3931 εἰ
2498 3879 2553 3932 δὲ
2580 3878 2736 3932 τοῦτο
2756 3878 3017 3931 ἀδύνατόν
3040 3880 3208 3936 ἐστιν.
3233 3875 3520 3945 ἀληθεύειν
3548 3875 3602 3927 δὲ
3627 3874 3709 3926 δεῖ
3732 3874 3822 3925 τὸν
3846 3874 4013 3925 Ἀπῦο

2428 3970 2635 4029 στολον.
2667 3969 2905 4023 λείπεται
2959 3965 3098 4023 εἶναι
3126 3969 3307 4039 φωνὴν
3330 3968 3423 4019 τοῦ
3456 3967 3590 4020 Θεοῦ
3618 3967 3709 4019 τοῦ
3740 3967 4009 4033 Μωάμετ,

2426 4059 2564 4111 ὥστε
2601 4060 2801 4123 πλάνος
2831 4060 2978 4112 ἐστὶν
3004 4062 3032 4113 6
3055 4059 3185 4122 Θεὸς
3209 4058 3301 4111 τοῦ
3331 4059 3573 4127 Μωάμῖτ
3602 4076 3613 4086 ·
3647 4059 3693 4109 εἰ
3722 4057 3775 4109 δὲ
3804 4056 4012 4117 πλάνος

2427 4150 2592 4204 αὐτοῦ
2617 4150 2715 4203 οὐκ
2745 4149 2891 4202 ἑστιν
2914 4151 2941 4201 6
2977 4149 3130 4213 Θεὸς,
3162 4148 3415 4217 ψεύδεται
3446 4150 3552 4217 ἄρα
3583 4148 3846 4214 Μωάμετ,
3874 4146 4013 4198 πλά-

2426 4259 2515 4295 νον
2548 4230 2687 4295 εἷναὶ
2719 4242 2894 4309 λέγων
2919 4241 3010 4293 τὸν
3037 4240 3171 4293 Θεὸν
3205 4240 3368 4293 αὑτοῦ
3391 4254 3404 4267 ·
3433 4238 3761 4307 ψευδόμενον
3789 4237 3845 4289 δὲ
3876 4254 4013 4306 προ·

2427 4335 2607 4403 φήτην
2634 4334 2727 4386 καὶ
2758 4334 3077 4396 ἀπόστολον,
3102 4332 3175 4393 ὡς
3208 4331 3405 4383 πλάνον
3436 4330 3515 4382 δεῖ
3533 4330 3630 4397 μὲν
3661 4329 4010 4397 ἀναιρεῖσθαι

2428 4426 2710 4496 παρόντα,
2767 4426 2975 4478 ἀπόντα
3021 4424 3077 4476 δὲ
3132 4420 3808 4494 καταμαιθεματξζεσθαι·
3866 4419 4009 4471 ὥστε

1132 4516 1373 4584 adeoque
1419 4517 1462 4571 si
1515 4534 1675 4573 verax
1725 4529 1806 4574 est
1861 4520 2229 4591 Mohamedes,
2265 4525 2319 4581 fit

2430 4518 2522 4571 καὶ
2555 4516 2837 4586 ἀληθεύων
2866 4516 3134 4586 Μωάμετ,
3167 4516 3346 4578 ἄθεος·
3380 4515 3473 4567 καὶ
3500 4512 3845 4582 ψευδόμενος,
3868 4512 4011 4563 ἀπο-

2429 4608 2710 4680 τρόπαιος.

2508 4714 2615 4784 ρξ’.
2649 4713 2931 4784 Προελθὼν
2988 4714 3044 4768 δὲ
3103 4713 3294 4775 ὕθλους
3322 4711 3473 4774 τινας
3506 4711 3601 4763 καὶ
3657 4705 4013 4777 βαττολογεας

2431 4808 2593 4861 πάλιν
2619 4809 2756 4879 ὑπὲρ
2790 4807 2884 4859 τοῦ
2919 4806 2992 4877 μὴ
3026 4805 3449 4874 διαπιστηθῆναι
3484 4801 3835 4871 διαλαμϐάνει
3856 4816 3870 4829 υ
3912 4799 4013 4853 καὶ

2432 4899 2598 4967 φόῦον
2623 4898 3036 4951 ὲπανατεξνεται
3066 4899 3177 4959 τοῖς
3199 4894 3567 4963 ταλαιπώροις
3600 4893 3918 4963 βαρϐάροις,
3959 4892 4011 4943 εἰ

2432 4989 2744 5059 πειραθεῖεν
2773 4990 3147 5060 πληροφορίας
3180 4989 3361 5057 τυχεῖν
3384 4987 3457 5044 ὡς
3482 4985 3649 5037 ταῦτα
3688 4983 3837 5053 παρὰ
3865 4982 4009 5035 Θεοῦ

2429 5082 2685 5153 ἐλαλήθη.
2720 5084 2890 5145 Εἰδὼς
2937 5083 3046 5152 γὰρ
3080 5082 3160 5134 ὅτι
3209 5079 3370 5132 αὑτοῦ
3410 5077 3675 5145 λέγοντος,
3726 5073 3914 5126 Ταῦτα
3944 5075 4010 5124 ἐκ

2429 5175 2563 5228 Θεοῦ
2593 5174 2881 5244 ἐδεξάμην,
2913 5174 3061 5227 ἔσται
3090 5189 3174 5234 τις
3204 5171 3416 5232 πάντως
3451 5166 3879 5237 διαμφιεάλλων,
3912 5165 4010 5217 καὶ

2429 5267 2567 5336 πρὸς
2601 5267 2811 5320 τελείαν
2857 5266 3121 5319 πίστωσιν
3150 5262 3524 5331 ἐξαιτούμενος
3558 5260 3649 5311 καὶ
3694 5257 3891 5324 λέγων,
3924 5257 4009 5309 δτι

2430 5358 2777 5431 1Εἱ]άληθῶς
2814 5357 2983 5411 ταῦτα
3033 5358 3096 5409 ὲκ
3140 5354 3271 5408 Θεοῦ
3318 5353 3500 5416 ἐδέξω,
3537 5350 3630 5403 καὶ
3661 5348 3812 5417 φίλος
3858 5364 3954 5399 σου
3980 5348 4007 5398 6

2431 5453 2586 5517 Θεὸς,
2618 5452 2842 5505 δύναται
2870 5451 3086 5512 πάντως
3117 5448 3211 5502 καὶ
3244 5445 3400 5515 ἡμῶν
3444 5443 3747 5513 βλεπόντων
3772 5442 4007 5507 αἰτήσαι

2433 5545 2552 5598 σθαι
2608 5544 2847 5599 τοιοῦτον
2879 5543 2971 5595 καὶ
3028 5540 3241 5594 λαϐεῖν·
3284 5538 3448 5607 φησὶν
3488 5533 3619 5599 ('76),
3675 5532 3750 5594 ('0;
3813 5533 3879 5582 ὲκ
3912 5528 4005 5583 τοῦ

2430 5636 2837 5707 ἑμπνεύςαντος
2870 5634 3017 5704 αὐτῷ
3044 5632 3315 5693 Πύθωνοςυ
3376 5648 3393 5680 ι
3425 5624 3707 5679 Δὶτοῦνταί
3756 5639 3813 5675 σε
3846 5623 3897 5674 οἱ
3926 5625 4001 5674 οἱ·

2511 5820 2621 5890 (πε)
2650 5820 2774 5877 ειη.
2806 5819 2895 5888 tv,
2920 5819 3039 5874 1:52.
