4168 6450
753 330 863 395 735

1996 321 2290 384 ΝΙΕΕΤΑΞ
2329 323 2733 385 BYZANTINI

3901 331 4015 394 736

754 441 917 499 simul
944 452 996 497 et
1025 438 1225 508 scripta
1255 444 1505 493 exurent.
1543 435 1727 493 Altera
1762 450 1927 491 causa
1962 434 2081 500 fuit,
2108 436 2251 506 quod
2282 438 2324 491 si

2449 454 2534 491 mu
2561 439 2654 490 καὶ
2677 434 2749 489 τὰ
2779 436 3141 509 γεγραμμένα
3173 438 3305 507 παρ’
3341 439 3496 510 ἐμοῦ,
3538 440 3765 509 Ἑτέραν
3810 443 3888 508 δε,
3928 447 4016 499 Cm

753 540 1017 587 annueret
1041 529 1188 585 credi
1220 528 1696 593 resurrectionem,
1748 543 1853 581 non
1900 528 2034 583 satis
2075 528 2178 582 erit
2211 546 2328 582 ser-

752 623 902 677 moni
935 637 1061 676 meo
1098 634 1157 675 ut
1187 622 1423 692 legatum
1450 620 1629 689 ipsum
1672 620 1920 689 appellet.
1960 618 2092 674 Nam
2126 621 2170 675 sl
2205 636 2327 675 vere

751 716 1075 780 resurrexit,
1121 730 1463 785 quzecuuque
1498 715 1661 769 etiam
1697 713 1832 769 dixit
1872 714 2183 769 credentur.
2210 712 2325 768 Jam

750 807 795 861 si
827 808 1060 862 dixerit:
1098 806 1266 861 Filius
1294 806 1385 860 Dei
1416 822 1562 870 sum,
1587 806 1930 878 Agarismum
1984 815 2155 860 totum
2189 806 2328 874 peri-

755 899 877 962 mit,
912 899 1038 966 quia
1071 897 1124 950 in
1169 898 1330 951 unius
1377 913 1625 965 personae
1673 898 1859 951 fraude
1893 908 2000 953 tota
2038 898 2215 953 fabula
2250 901 2331 953 ni-

751 990 904 1043 titur.
954 990 1245 1044 Aunuebat
1299 990 1485 1059 itaque
1547 992 1722 1061 ipsum
1786 1001 2045 1061 tanquam
2098 992 2329 1047 alterum

750 1079 926 1134 Eliam
962 1081 1142 1148 potius
1182 1092 1547 1151 assumptum,
1598 1098 1764 1149 quam
1792 1099 1821 1138 e
1860 1084 2091 1138 mortuis
2121 1086 2332 1140 excitae

753 1182 894 1227 tum.
925 1173 1073 1229 Talis
1101 1184 1185 1229 est
1212 1175 1414 1229 diaboli
1456 1175 1662 1230 malitia
1692 1178 1705 1230 l

819 1262 909 1318 49.
944 1262 1008 1317 Ει
1054 1265 1216 1334 paulo
1260 1274 1402 1334 post,
1435 1266 1615 1320 denuo
1662 1267 1750 1321 hic
1792 1268 1992 1323 stultus
2035 1268 2138 1323 sibi
2192 1268 2335 1323 infa-

752 1354 920 1408 miam
976 1356 1301 1420 concilians,
1331 1373 1433 1412 nec
1475 1359 1603 1427 quid
1643 1358 1881 1426 patiatur
1926 1361 2190 1416 sentiens.
2218 1362 2334 1415 ait:

760 1468 779 1500 ι
826 1448 1074 1504 Christus
1104 1448 1285 1515 Jesus,
1323 1452 1504 1505 Maria:
1552 1452 1715 1514 lilius,
1759 1451 1969 1523 legatus
2012 1451 2102 1506 Dei
2149 1462 2253 1517 est,
2285 1462 2341 1507 ct

754 1542 1000 1608 ejusdem
1063 1540 1299 1596 Verbum
1363 1542 1509 1612 quod
1581 1543 1634 1597 iu
1696 1542 1920 1597 Mariam
1973 1543 2236 1608 immisit,
2286 1555 2341 1600 et

754 1632 991 1703 Spiritus
1020 1649 1085 1688 ex
1135 1650 1221 1689 eo.
1267 1652 1285 1687 ι
1317 1633 1361 1689 Ο
1410 1651 1600 1692 amens
1649 1646 1705 1693 et
1738 1637 1957 1691 insane!
2000 1636 2044 1691 si
2101 1635 2335 1692 Verbum

756 1727 847 1781 Dei
880 1740 962 1782 est
1002 1727 1277 1784 Christus.
1306 1736 1365 1781 ut
1408 1736 1464 1782 tu
1503 1729 1604 1791 ais,
1639 1730 1904 1784 veraciter
1945 1730 2124 1784 omnia
2172 1730 2335 1784 dicet.

2429 529 2491 583 El
2530 528 2711 597 δοθείη
2757 528 3098 598 πιστωθῆναι
3150 534 3250 599 τὴν
3282 533 3599 599 ἀνάστασιν,
3657 535 3756 603 οὐχ
3792 535 4015 590 ἵσταταί

2434 637 2535 687 μου
2564 619 2593 671 ό
2626 618 2785 686 λόγος
2819 618 2977 691 μέχρι
3015 619 3110 672 τοῦ
3153 621 3451 674 ἀπόστολον
3489 623 3651 676 αὑτὸν
3676 625 4012 678 ἀποκαλεῖν·

2430 712 2477 760 εί
2500 711 2610 780 γὰρ
2642 709 2855 779 ἀληθῶς
2876 710 3095 780 ἀνέστη,
3127 713 3221 764 καὶ
3247 713 3346 765 ὅσα
3379 712 3525 782 λέγει
3559 715 4014 787 πιστευθήσεται·

2429 800 2604 869 λέγων
2620 803 2675 856 δὲ
2694 803 2774 856 ὃτι
2790 802 2916 865 Υἱός
2938 805 3051 857 ἐστι
3066 803 3227 871 Θεοῦ,
3248 805 3342 857 τὸν
3372 807 3707 877 ’Λγαρισμὸν
3723 810 4018 863 παντάπα-

2434 911 2518 946 σιν
2543 898 2776 965 ἀναιρεῖ,
2804 897 3224 966 μονοπρόσωπόν
3245 916 3364 951 τινα
3389 899 3596 966 πλάνην
3617 900 4015 969 μυθευόμενον·

2432 986 2690 1057 ἠνέσχετο
2722 987 2813 1041 οῦν
2860 988 3001 1041 κατά
3056 988 3148 1041 τὸν
3182 989 3367 1043 Ἠλίαν
3422 990 3583 1042 αὑτὸν
3636 992 4020 1061 ἀναληφθέντα

2435 1078 2621 1145 φάναι,
2655 1077 2688 1146 ῆ
2713 1078 2777 1132 ἐκ
2796 1079 3003 1149 νεκρῶν
3024 1079 3323 1148 ἀναστῆναι
3345 1096 3357 1108 ·
3386 1080 3611 1152 τοιαύτη
3639 1085 3673 1152 ἡ
3699 1082 3793 1136 τοῦ
3828 1084 4017 1137 διαδό-

2436 1171 2529 1224 λου
2566 1170 2891 1240 κακουργία.

2511 1264 2619 1331 μο’.
2662 1264 2769 1318 Καὶ
2803 1266 2920 1332 μετ’
2949 1264 3108 1333 ὀλίγα
3138 1266 3300 1320 πάλιν
3338 1266 3528 1320 ἑαυτὸν
3552 1268 3580 1320 ό
3609 1266 3841 1336 μάταιος
3889 1286 4022 1322 κατ-

2434 1352 2730 1420 αισχύνων,
2786 1351 2881 1405 καὶ⁵
2932 1353 3068 1423 μηδὲ
3121 1355 3439 1425 αἰσθόμενος
3466 1356 3602 1428 ὅπερ
3650 1358 3881 1427 ἔπασχε,
3911 1377 4024 1428 φη-

2441 1442 2524 1495 σίν
2544 1443 2688 1512 (80)·
2732 1464 2751 1496 ι
2794 1445 2853 1497 '0
2882 1445 3117 1515 Χριστὸς
3158 1448 3364 1518 Ἰησοῦς
3396 1449 3510 1511 υίὸς
3540 1451 3758 1520 Μαρίας
3780 1451 4022 1505 ἀπόστο-

2440 1534 2529 1598 λος
2553 1535 2686 1587 Θεοῦ
2718 1537 2834 1590 ἐστι
2863 1538 2957 1590 καὶ
2983 1537 3155 1606 Λόγος
3186 1538 3375 1603 αὐτοῦ,
3420 1540 3479 1594 ὃν
3506 1540 3731 1611 ἔρριψεν
3759 1544 3897 1612 πρὸς
3923 1543 4025 1612 τὴν

2440 1628 2678 1698 Μαρίαν,
2699 1628 2792 1681 καὶ
2823 1629 3048 1696 Πνεῦμα
3084 1629 3144 1694 ἐξ
3170 1630 3359 1687 αὐτοῦ.
3395 1650 3413 1683 ι
3458 1633 3677 1703 ’Δνόητε
3716 1636 3811 1688 καὶ
3838 1637 4022 1704 παρά-

2442 1738 2576 1788 φρον
2604 1738 2619 1752 ·
2655 1723 2703 1773 εί
2732 1722 2902 1789 Λόγος
2926 1722 3063 1775 Θεοῦ
3090 1724 3119 1776 ὁ
3147 1724 3406 1794 Χριστὸς,
3430 1725 3505 1789 ὡς
3538 1728 3602 1779 σὺ
3635 1726 3760 1797 φὴς,
3791 1726 4027 1796 ἀληθεύ-

755 1820 918 1887 Atqui
968 1819 1099 1874 dicit
1141 1835 1199 1874 se
1246 1819 1441 1873 Filium
1476 1820 1603 1884 Dei;
1642 1821 1842 1873 etenim
1885 1820 2232 1891 Evangelium
2284 1831 2340 1876 tu

2449 1829 2527 1865 σει
2557 1812 2733 1867 τάντα
2766 1814 2967 1881 λέγων·
3003 1815 3149 1883 λέγει
3204 1816 3261 1869 δὲ
3286 1817 3370 1871 ὅτι
3421 1817 3550 1880 Υἰές
3588 1820 3703 1872 ἔστι
3730 1817 3824 1871 τοῦ
3855 1818 4022 1871 Θεοῦ·

756 1910 876 1979 ipse
922 1911 1106 1965 dixisti
1165 1910 1344 1981 ipsum
1402 1926 1431 1964 a
1486 1909 1598 1964 Deo
1652 1910 1916 1967 didicisse
1968 1913 2341 1968 :credeudum

756 2004 941 2073 itaque
973 2002 1196 2059 Christo
1228 2013 1332 2058 est.
1360 2002 1533 2058 Porro
1564 2004 1667 2058 lide
1693 2004 1741 2058 ei
1771 2003 2007 2059 adhibita
2030 2045 2044 2069 ,
2081 2005 2344 2075 irreligio-

755 2098 891 2152 sitas
922 2108 1036 2157 tua.
1076 2107 1127 2152 te
1168 2098 1285 2167 ipso
1320 2104 1478 2161 teste,
1515 2106 1754 2151 corruet.
1797 2094 1910 2151 lloc
1939 2112 2069 2150 vero
2094 2096 2344 2152 mirabile

755 2195 864 2250 est,
896 2187 1042 2257 quod
1091 2201 1217 2241 cum
1268 2185 1359 2240 Dei
1394 2184 1633 2241 Verbum
1685 2186 1917 2257 appellet
1957 2185 2258 2252 Christum,
2291 2195 2344 2241 et

760 2278 1031 2348 Spiritum
1071 2294 1134 2333 ex
1180 2295 1247 2333 eo
1279 2293 1398 2332 esse
1428 2279 1594 2342 dicat,
1630 2278 1774 2333 haud
1838 2280 2006 2334 valuit
2048 2281 2347 2351 intelligere

754 2385 816 2422 ea
848 2386 970 2439 qua)
1008 2385 1073 2423 ex
1108 2369 1201 2424 Dei
1242 2371 1549 2425 substantia
1581 2371 2023 2437 proﬁciscuntur,
2053 2380 2102 2425 ct
2139 2372 2185 2425 ei
2218 2387 2345 2441 pro-

757 2460 870 2527 pria
921 2460 1292 2525 coexsistunt,
1338 2473 1459 2513 esse
1498 2459 2021 2526 consubstantialia;
2066 2470 2229 2530 atque
2274 2463 2342 2516 ita

763 2564 933 2602 unum
979 2548 1150 2603 Deum
1210 2549 1263 2602 in
1321 2548 1496 2604 tribus
1546 2551 1793 2617 personis
1847 2550 2206 2605 adorandum.
2239 2553 2344 2607 Sed

757 2641 929 2694 nihilo
957 2641 1137 2696 secius
1172 2642 1293 2695 rudi
1342 2643 1648 2706 ignorantia
1681 2645 1995 2709 excutiens,
2031 2644 2219 2713 paucis
2251 2645 2346 2698 ad-

759 2734 888 2788 ditis
917 2734 1097 2789 adhuc
1127 2735 1310 2805 nugis,
1344 2733 1586 2789 fabulam
1623 2735 1850 2790 claudit.

1277 2956 1720 3014 CONFUTATIO
1761 2956 1850 3013 IV.

831 3069 919 3123 50.
953 3070 1219 3135 Quartum
1255 3071 1642 3140 .‘lohamedicre
1677 3074 2021 3144 mythologite
2046 3075 2342 3144 capi'ulum

2442 1903 2504 1956 τὸ
2531 1902 2639 1973 γὰρ
2683 1904 3013 1972 Εὐαγγέλιον
3044 1907 3107 1959 σὺ
3155 1906 3314 1970 αὐτὸς
3360 1908 3589 1978 είρηκας
3614 1911 3677 1963 ἑκ
3705 1908 3841 1962 Θεοῦ
3864 1909 4029 1963 αὑτὸν

2447 1993 2675 2063 μαθεῖν·
2730 1995 3085 2066 πιστευθῆναι
3133 1998 3296 2051 αὑτὸν
3360 1999 3473 2052 δεῖ·
3530 2002 3912 2065 πιστευθέντος
3969 2003 4029 2055 δὲ

2445 2085 2633 2153 αὐτοῦ,
2659 2088 2690 2157 ή
2715 2086 2779 2159 σὴ
2809 2087 3096 2144 δυσσέϐεια
3127 2091 3188 2143 ἐκ
3205 2090 3302 2161 τῆς
3333 2091 3431 2161 σῆς
3460 2094 3765 2164 μαρτυρίας
3786 2097 4031 2165 ἀνατρα-

2445 2181 2679 2252 πήσεται
2703 2196 2719 2213 ·
2741 2180 2898 2233 τοῦτο
2913 2180 2969 2233 δὲ
2989 2181 3139 2234 ἔστιν
3155 2181 3436 2253 θαυμάσαι
3461 2187 3543 2240 ὅτι
3574 2189 3666 2240 καὶ
3689 2186 3823 2240 Θεοῦ
3857 2187 4035 2254 Λόγον

2446 2272 2537 2324 τὸν
2566 2272 2802 2342 Χριστὸν
2826 2272 3029 2337 καλῶν,
3069 2273 3168 2327 καὶ
3194 2274 3254 2327 τὸ
3285 2273 3509 2346 Πνεῦμα
3538 2277 3596 2340 ἐξ
3625 2277 3791 2331 αὑτοῦ
3823 2276 4027 2346 λέγων,

2445 2365 2506 2417 ού
2541 2365 2822 2435 δεδύνηται
2879 2366 2946 2420 τά
2992 2368 3058 2421 ὲκ
3113 2370 3215 2437 τῆς
3268 2368 3455 2431 οὐσίας
3497 2371 3877 2439 προερχόμενα
3933 2369 4031 2422 τοῦ

2447 2456 2602 2519 Θεοῦ,
2636 2458 2729 2510 καὶ
2764 2457 3108 2511 ίδιοσύστατα
3137 2458 3267 2513 ὅντα
3300 2460 3564 2530 όμοούσια
3604 2462 3770 2514 αὐτοῦ
3806 2462 4026 2529 νοῆσαι,

2448 2550 2541 2601 καὶ
2573 2549 2742 2612 οὕτως
2769 2549 2866 2601 ἕνα
2889 2549 3023 2602 Θεὸν
3056 2551 3114 2601 ὲν
3148 2551 3327 2621 τρισὶν
3364 2552 3692 2605 ὑποστάσεσι
3718 2553 4036 2623 προσκυνῆ-

2451 2657 2576 2693 σαι·
2608 2641 2722 2694 ἀλλ’
2755 2641 2908 2694 οὐδὲν
2947 2641 3147 2711 μᾶλλον
3180 2641 3522 2706 τυφλοποιῶν
3551 2644 3912 2708 ἀπαιδευσίας
3943 2645 4040 2697 καὶ

2448 2734 2507 2783 ἐν
2542 2731 2826 2802 βραχείαις
2859 2734 3075 2803 ἑτέραις
3096 2733 3407 2805 φλυαρίαις,
3438 2736 3746 2789 καταπαύει
3767 2737 3859 2790 τὸν
3898 2738 4041 2809 φλή-

2448 2842 2639 2894 ναᾳον.

2984 2963 3421 3018 ΕΛΕΓΚΤΙΚΟΣ
3453 2966 3526 3018 Δ’.

2518 3072 2579 3125 ν’.
2626 3072 2683 3125 '0
2716 3073 3095 3143 τέταρτοςοτῆς
3145 3074 3474 3142 μυθολογίας
3500 3074 3577 3145 τῷ
3616 3076 3866 3146 Μωάμετ
3899 3077 4037 3146 (81),

762 3159 1085 3215 inscribitur
1124 3162 1327 3216 Mensa.
1366 3162 1597 3217 Blaterat
1640 3173 1819 3218 autem
1851 3165 1917 3220 de
1949 3166 2195 3218 carnium
2247 3182 2341 3220 esu

2451 3166 2976 3235 ἐπιγέγραπταιιμὲν
3002 3166 3160 3235 λόγος
3180 3170 3284 3230 Εἰς
3319 3166 3434 3233 τὴν
3452 3166 3762 3234 τράπεζὶιν,
3788 3169 4041 3239 παραλαο

763 3252 911 3309 ferro
968 3269 1233 3308 caesarum
1257 3296 1271 3317 ,
1315 3270 1482 3323 porco
1514 3265 1780 3323 excepto;
1825 3265 1883 3308 ut
1920 3256 2047 3311 hinc
2084 3259 2347 3312 barbaros

763 3344 1001 3399 llllltldOS
1042 3360 1164 3399 esse
1211 3346 1470 3399 declaret.
1507 3345 1813 3415 Perjurium
1854 3355 1905 3400 et
1958 3347 2346 3402 scortatiuuem

759 3436 1016 3499 damnat,
1052 3445 1111 3491 ut
1159 3437 1333 3492 bouus
1379 3438 1632 3493 videatur
1671 3438 1970 3509 legislator.
2019 3439 2233 3494 Oblitus
2269 3450 2353 3495 est

764 3537 945 3581 autem
999 3538 1126 3583 ante
1151 3530 1665 3599 dictorum,uempe
1702 3547 1717 3584 :
1761 3547 1779 3580 ι
1826 3530 2234 3601 Congredimiui
2284 3547 2350 3585 ex

757 3621 1071 3676 animorum
1104 3634 1409 3676 vestrorum
1444 3623 1771 3699 sententia.»
1805 3621 2034 3678 Eosdem
2076 3624 2351 3693 puciticari

764 3715 877 3768 vult
904 3716 971 3768 ad
1004 3716 1306 3770 orationem
1336 3727 1549 3779 euntes,
1583 3716 1627 3771 si
1660 3716 1816 3785 copia
1849 3717 1938 3773 sit.
1976 3731 2149 3785 aqua;
2179 3718 2262 3771 sin
2290 3732 2354 3771 ea

765 3808 928 3871 desit,
962 3808 1222 3876 pulvere;
1248 3808 1341 3875 qui
1384 3809 1627 3876 quidem,
1663 3816 1722 3860 ut
1765 3822 1957 3862 omnes
2010 3808 2212 3873 sciunt,
2246 3823 2353 3860 non

766 3899 1059 3968 purgandi,
1089 3899 1183 3953 sed
1217 3899 1534 3953 sordidandi
1562 3900 1669 3953 vim
1698 3899 1887 3954 habet.
1921 3900 2135 3953 Rursus
2171 3890 2353 3953 autem

767 3992 948 4044 timori
981 4006 1082 4045 suo
1112 3992 1386 4057 consulit;
1431 3992 1559 4060 quia
1603 3993 1747 4045 enim
1796 3992 2044 4045 audierat
2076 3991 2353 4045 Christum

763 4081 990 4147 dixisse,
1008 4083 1166 4135 ﬁnem
1193 4082 1579 4152 prophetarum
1610 4097 1729 4137 esse
1757 4080 2020 4135 Joannem
2043 4083 2062 4111 ⁷
2085 4082 2358 4150 ;itemque

765 4174 1085 4241 Apostolum
1112 4174 1553 4243 pronuntiantem
1588 4191 1601 4227 :
1637 4173 1922 4227 Plenitudo
1946 4174 2079 4242 legis
2106 4173 2355 4228 Christus

767 4266 835 4318 ad
883 4266 1333 4335 justiﬁeationem
1393 4270 1541 4320 omni
1596 4265 1935 4331 credenti“,
1989 4278 2238 4329 metuens
2291 4283 2357 4321 ne

768 4357 911 4410 forte
941 4358 1110 4427 aliqui
1157 4358 1207 4411 ei
1247 4357 1494 4412 dicereut
1529 4375 1543 4411 :
1577 4357 1693 4412 Non
1733 4370 1818 4414 est
1847 4361 2003 4416 nobis
2054 4363 2196 4417 alius
2240 4378 2361 4432 pro-

768 4450 929 4516 pheta
960 4450 1268 4519 promissus
1289 4461 1410 4517 post
1434 4450 1735 4516 Christum;
1760 4468 1860 4506 cur
1884 4469 2013 4524 ergo
2046 4464 2102 4507 tu
2123 4456 2356 4524 legatum

770 4551 823 4595 te
856 4540 946 4594 Dei
980 4556 1045 4595 ac
1096 4541 1419 4610 prophetam
1482 4543 1773 4599 nominas?
1803 4556 2073 4612 metuens,
2109 4546 2354 4615 inquam,
2390 4529 2430 4583 D

770 4647 838 4684 ne
879 4633 1114 4684 mvndax
1146 4632 1443 4697 videretur,
1482 4633 1684 4687 fatetur
1727 4650 1786 4690 se
1821 4652 2035 4706 quoque
2064 4638 2204 4693 scire
2243 4654 2356 4692 rem

771 4725 843 4778 ita
877 4739 937 4778 se
972 4724 1173 4778 habere
1202 4742 1217 4778 :
1252 4740 1474 4779 causam
1506 4741 1635 4781 vero
1663 4728 1814 4796 ponit
1840 4729 2106 4785 adventus
2147 4729 2253 4796 sui,
2284 4728 2361 4784 Ne

772 4832 888 4883 vos,
942 4816 1188 4886 inquam,
1236 4817 1500 4873 diceretis
1556 4822 1829 4874 neminem
1863 4823 2248 4893 evangelistam
2294 4824 2361 4877 ad

773 4926 870 4964 vos
914 4909 1131 4963 venisse
1161 4928 1174 4962 :
1202 4910 1437 4978 probans
1489 4912 1636 4978 hinc,
1689 4911 1966 4968 Christum
2014 4926 2231 4984 propter
2267 4931 2362 4970 ve-

771 5013 941 5058 stram
967 5004 1256 5057 utilitatem
1287 5004 1567 5058 mentitum
1596 5023 1609 5057 :
1643 5006 1866 5075 contigit
1896 5018 2078 5061 autem
2106 5007 2178 5061 illi
2212 5024 2365 5078 pror-

773 5112 871 5152 sus
898 5111 1022 5149 esse
1050 5097 1323 5161 mendaci,
1359 5096 1485 5165 quia
1514 5098 1659 5167 quod
1693 5097 1935 5153 futurum
1957 5109 2076 5155 erat
2099 5102 2360 5156 nescivit:

772 5189 1127 5260 quamobrem
1157 5204 1240 5243 me
1262 5189 1601 5251 adveniente,
1630 5189 1718 5242 ille
1758 5192 1987 5246 mendax
2024 5192 2232 5247 evasit:
2266 5192 2356 5263 qui

774 5293 956 5336 autem
1014 5281 1297 5347 mentitur,
1352 5297 1421 5334 ne
1476 5280 1619 5336 Deus
1682 5282 1901 5351 quidem
1955 5293 2057 5341 est.
2102 5282 2227 5340 Haec
2278 5292 2362 5340 est

777 5375 1006 5445 benigna
1039 5373 1324 5429 inhumani
1357 5374 1596 5431 hominis
1624 5376 1854 5445 species,
1878 5388 1929 5433 et
1962 5379 2155 5434 fabulae
2187 5379 2256 5435 ab
2292 5393 2357 5434 eo

871 5547 889 5578 ⁷
915 5544 1105 5602 Matth.
1148 5565 1223 5614 xl,
1266 5548 1347 5604 l3.
1423 5548 1445 5579 ⁸
1479 5547 1637 5603 Rom.
1673 5565 1725 5614 ι,
1761 5550 1814 5603 ιι.

851 5699 964 5773 (80)
1007 5702 1134 5758 Sur.
1156 5699 1254 5768 tv,
1289 5701 1407 5756 I69.

851 5774 963 5843 (8|)
1006 5778 1131 5829 titur.
1172 5773 1233 5839 ν,
1272 5773 1324 5827 2.

2452 3256 2533 3309 λεί
2563 3258 2616 3309 δὲ
2667 3258 2794 3328 περὶ
2828 3257 3083 3326 βρώσεως
3109 3258 3289 3329 κρεῶν
3320 3259 3428 3311 τῶν
3455 3259 3540 3311 διὰ
3571 3260 3869 3329 μαχαίρας,
3901 3261 4041 3329 πλὴν

2450 3350 2728 3419 χοιρείου·
2758 3349 2833 3414 ὡς
2884 3350 3046 3419 δῆθεν
3091 3353 3156 3404 ὲκ
3207 3351 3399 3405 τούτου
3456 3351 3730 3422 καθαροὺς
3759 3353 4042 3421 ἀποφῆναι

2452 3442 2579 3502 τοὺς
2607 3441 2916 3511 βαρϐάρους
2968 3441 3437 3511 ἐπαγγελλόμενος
3461 3459 3475 3472 ·
3533 3442 3627 3494 καὶ
3656 3444 3954 3512 ἐπιορκίαν
3986 3444 4042 3496 δὲ

2454 3534 2549 3588 καὶ
2581 3535 2837 3602 πορνείαν
2870 3535 3223 3599 καταδικάζει
3246 3535 3382 3605 (8'2),
3414 3535 3474 3589 τὸ
3496 3535 3641 3601 δόξαι
3663 3536 3872 3602 ἀγαθὸς
3903 3533 4044 3589 εἶναι

2453 3622 2787 3693 νομοθέτης·
2840 3624 3132 3677 ἐπελάθετο
3151 3624 3230 3689 δὲ,
3279 3626 3356 3687 ὡς
3408 3626 3674 3697 πρότερον
3700 3627 3916 3693 ἔλεγεν,
3964 3629 4045 3681 ὅτι

2462 3732 2481 3765 ι
2510 3714 2799 3768 Συνέλθετε
2847 3718 2966 3777 ταῖς
2998 3716 3195 3786 ψυχαῖς
3239 3716 3433 3785 ὑμῶν·
3489 3736 3509 3769 ι
3565 3721 3661 3770 καὶ
3714 3717 4043 3788 κιθαρίζειν

2459 3806 2656 3867 αὐτοὺς
2696 3808 2775 3868 είς
2801 3804 2964 3877 εὐχὴν
2994 3806 3170 3869 ἰόντας
3206 3807 3491 3877 βούλεται.
3541 3811 3588 3861 εἰ
3623 3809 3723 3879 μὲν
3752 3811 4043 3881 πάρεστιν,

2459 3898 2639 3950 ὕδατι·
2664 3898 2786 3951 εἰδὲ
2813 3898 2875 3951 οὐ
2907 3901 3170 3968 πάρεστιν
3191 3939 3205 3961 ,
3248 3898 3496 3969 χώματι·
3527 3901 3663 3970 ὅπερ
3698 3902 3833 3953 πᾶσι
3887 3901 4048 3972 δῆλόν

2457 3992 2607 4043 ἐστιν
2627 3991 2685 4042 ού
2719 3990 3234 4061 καίιαρτικὴν,ἀλλὰ
3262 3991 3496 4058 πιναράν
3517 3991 3639 4061 ἔχον
3669 3992 3853 4061 φύσιν.
3879 3994 4051 4047 Πάλιν

2459 4083 2516 4137 δὲ
2573 4084 2669 4152 τῆς
2723 4084 2852 4153 περὶ
2906 4083 3074 4152 φόϐου
3136 4082 3301 4136 αὐτοῦ
3353 4083 3661 4148 ὑποθέσεως
3718 4084 4047 4155 δράττεται·

2459 4174 2646 4243 ὶπειδὴ
2673 4175 2781 4245 γὰρ
2810 4175 3009 4243 ἤκουσε
3038 4174 3133 4227 τοῦ
3163 4174 3401 4246 Χριστοῦ
3426 4176 3697 4243 λέγοντος,
3728 4177 3883 4240 τέλος
3913 4195 4052 4247 προ-

2463 4265 2650 4336 φητῶν
2680 4260 2817 4317 εἶναι
2850 4264 2940 4317 τὸν
2987 4264 3273 4335 Ἰωάννην·
3333 4266 3429 4319 καὶ
3475 4266 3569 4319 τοῦ
3613 4268 3939 4321 Ἀποστόλου
3970 4270 4053 4321 εἰ⁸

2465 4360 2677 4421 πόντος,
2719 4377 2737 4408 ι
2776 4358 3054 4427 Πλήρωμα
3076 4359 3242 4428 νόμου
3292 4359 3527 4427 Χριστὸς
3576 4360 3655 4422 είς
3698 4359 4053 4429 δικαιοσύνην

2464 4449 2627 4500 παντὶ
2649 4447 2729 4517 τῷ
2769 4446 3103 4511 πιστεύοντι,
3133 4464 3152 4497 ι
3192 4447 3453 4517 φοϐηθεὶς
3485 4448 3560 4517 μή
3596 4465 3756 4501 τινων
3785 4449 3925 4518 πρὸς
3955 4452 4057 4503 αῦ-

2459 4541 2549 4593 τδν
2573 4540 2857 4608 λεγόντων,
2908 4540 3022 4592 Οὐκ
3062 4538 3259 4609 ἔχομεν
3290 4540 3622 4607 ἐπαγγελίαν
3676 4542 3867 4610 ἑτέρου
3908 4560 4052 4611 προ-

2459 4636 2630 4703 φήτου
2672 4633 2811 4702 μετά
2840 4630 3109 4702 Χριστόν·
3147 4631 3311 4685 πόθεν
3342 4629 3436 4686 οῦν
3465 4632 3529 4685 σὺ
3582 4632 3776 4686 ἑαυτὸν
3811 4635 4055 4687 ἀπόστο-

2457 4723 2547 4777 λον
2593 4722 2730 4776 Θεοῦ
2783 4723 2877 4776 καὶ
2918 4723 3204 4795 προφήτην
3273 4722 3603 4793 όνομάζεις;
3654 4722 3795 4787 δόξει
3845 4724 4055 4795 ψευδὴς

2460 4811 2623 4879 εἶναι,
2648 4818 2905 4885 ὁμολογεῖ
2930 4815 3027 4868 καὶ
3066 4816 3229 4879 αὐτὸς
3257 4814 3402 4868 οὕτω
3435 4813 3605 4867 ταῦτα
3640 4816 3785 4884 ἔχειν
3821 4816 4051 4869 εἰδέναι·

2459 4906 2639 4960 αἰτίαν
2660 4906 2718 4959 δὲ
2755 4904 2967 4975 τίθησιν
3001 4902 3104 4971 τῆς
3131 4903 3394 4965 ἐλεύσεως
3420 4900 3607 4966 αὑτοῦ,
3632 4901 3738 4954 Τοῦ
3771 4901 3848 4969 μὴ
3871 4901 4055 4969 λέγειν

2464 5000 2630 5070 ὑμᾶς,
2681 4999 2866 5067 φησὶν,
2918 4996 3031 5050 Οὐκ
3072 4992 3237 5066 ἦλθεν
3268 4996 3400 5066 ἡμῖν
3456 4994 3484 5046 ό
3512 4991 4010 5062 εὐαγγελιζόμενος
4038 5010 4053 5023 ·

2460 5092 2886 5155 κατασκευάζων
2923 5089 3194 5155 ἐντεῦθεν,
3239 5089 3320 5141 ὅτι
3352 5086 3450 5140 Διά
3480 5085 3541 5139 τὸ
3591 5085 3744 5156 ὑμῶν
3770 5087 4056 5157 συμφέρον

2458 5188 2486 5240 ὁ
2517 5186 2752 5257 Χριστὸς
2810 5184 3111 5254 ἐψεύσατο·
3171 5181 3479 5252 ψεύσασθαι
3532 5179 3587 5231 δὲ
3636 5178 3801 5230 αὑτὸν
3849 5180 4056 5250 συνέὅη

2459 5278 2677 5341 πάντως
2709 5277 2777 5329 τά
2805 5275 3070 5345 μέλλοντα
3102 5272 3177 5344 μὴ
3199 5272 3375 5325 εἰδότα
3398 5286 3410 5299 ·
3445 5269 3583 5322 ὥστε
3604 5267 3748 5338 ἐμοῦ
3773 5268 4052 5332 ἐλθόντος,

2466 5373 2671 5434 ἐκεῖνος
2696 5368 2985 5439 ἐψεύσατο·
3015 5366 3357 5438 ψευσάμενος
3386 5363 3465 5430 δὲ,
3509 5361 3630 5416 οὐδὲ
3666 5359 3799 5424 Θεὸς
3830 5361 3901 5416 ἂν
3925 5363 4013 5433 εἴη
4037 5376 4050 5390 ·

2540 5698 2651 5771 (ss)
2678 5698 2800 5755 δην.
2842 5696 2904 5769 v,
2946 5698 3000 5765 ο,
3038 5697 3091 5754 7.
