4168 6450
165 452 267 515 737

1324 452 1759 513 REFUTATIO
1814 451 2291 513 MOHAMEDIS.

3311 463 3419 529 733

162 561 403 615 τοιοῦτον
436 560 494 614 τὸ
545 560 926 630 φιλάνθρωπον
958 562 1050 616 τοῦ
1104 563 1476 635 ἀπανθρώπου
1510 566 1694 637 σχῆμα
1720 607 1735 630 ,

1844 564 2105 631 conﬁctae,
2139 581 2326 621 scena.
2359 564 2464 620 Sed
2499 568 2622 623 inde
2656 570 2999 627 convincitur
3031 572 3177 643 quod
3212 576 3419 632 nullum

164 652 259 704 καὶ
310 654 345 723 ἡ
402 651 574 721 σκηνὴ
604 650 699 703 τοῦ
732 652 998 721 μυθαρίου
1028 654 1224 706 αὐτοῦ’
1281 654 1561 724 ἐλέγχεται
1592 658 1649 709 δὲ
1682 660 1743 709 ὲκ

1848 658 2226 728 propheticum
2261 658 2521 714 indicium
2550 664 2689 732 apud
2724 678 2847 716 cum
2880 667 3248 735 comperiatur

162 744 254 797 τοῦ
290 744 459 815 μηδέν
491 760 543 796 τι
584 745 923 815 προφητικὸν
960 747 1183 815 σημεῖον
1216 748 1345 819 παρ’
1374 746 1539 801 αὑτοῦ
1591 749 1745 819 εὑρί-

166 838 413 892 σκεσθαι.

232 930 331 985 να’.
377 932 458 985 Τὰ
491 932 721 987 εἰωθότα
773 932 830 985 δὲ
878 931 1027 1002 αὐτῷ
1072 933 1425 1003 ψευδηγορῶν
1475 933 1617 987 κατὰ
1647 936 1745 1005 τῆς

160 1025 312 1087 Θείας
347 1026 571 1095 Γραφῆς
618 1025 752 1092 (85),
789 1024 1119 1095 μνημονεύει
1155 1024 1251 1078 τοῦ
1286 1024 1517 1079 θανάτου
1554 1026 1739 1090 Ἅϐελ,

161 1119 253 1170 καὶ
306 1118 517 1187 κόρακα
556 1117 705 1183 λέγει
744 1117 907 1170 αὑτοῦ
963 1116 1121 1187 σῶμα
1173 1116 1341 1188 θάψαι
1388 1120 1619 1186 δρωντος
1647 1117 1741 1171 τοῦ

162 1210 321 1272 xm,
362 1207 457 1259 καὶ
489 1207 553 1259 ὲκ
578 1206 769 1260 τούτου
826 1208 906 1270 είς
936 1206 1228 1272 κατάνυξιν
1258 1207 1607 1278 ἐληλυθέναι·
1633 1208 1743 1261 τῶν

162 1300 252 1351 ἐπὶ
282 1299 488 1368 σκηνῆς
540 1298 715 1354 ταῦτα
766 1299 861 1353 καὶ
916 1300 1225 1369 μεθυάντων
1271 1298 1304 1370 ἢ
1373 1302 1741 1371 μαινομένων.

173 1392 479 1463 Ὀμαλίζων
533 1391 592 1445 δὲ
633 1392 731 1455 τὰς
788 1392 898 1445 τῶν
933 1393 1225 1464 βαρϐαρων
1264 1396 1488 1465 καρδίας
1513 1396 1650 1463 πρὸς
1682 1394 1743 1447 τὸ

164 1484 570 1553 παραδέξασθαι
642 1487 739 1549 τὰς
792 1486 955 1540 αὑτοῦ
1019 1486 1403 1557 βλασφημίας,
1470 1489 1741 1557 μέμνηται

165 1577 324 1630 πάλιν
344 1575 584 1648 Χριστοῦ
609 1578 702 1629 καὶ
730 1577 823 1630 τοῦ
864 1577 1219 1647 Εὖαγγελίου,
1261 1578 1356 1631 καὶ
1388 1578 1579 1632 ἑαυτὸν
1613 1580 1742 1633 ἁνα-

161 1669 379 1737 τρέπων
419 1670 479 1721 ού
538 1668 769 1739 συνορᾷ·
808 1672 943 1742 φησὶ
988 1673 1131 1740 γάρ’
1170 1691 1187 1723 ι
1217 1672 1648 1741 Ἀπεστείλαμεν
1681 1672 1738 1725 δὲ

161 1762 453 1814 ἀκύλουῡον
504 1764 729 1826 τούτοιν,
784 1746 1001 1816 πάντων
1029 1764 1227 1834 δηλαδὴ
1264 1764 1373 1817 τῶν
1422 1764 1735 1835 προφητῶν,

174 1850 382 1920 Ἰησοῦν
400 1853 492 1906 τὸν
526 1853 641 1906 υἱὸν
671 1853 770 1924 τῆς
800 1854 1019 1923 Μαρίας
1058 1856 1137 1917 εἰς
1163 1855 1223 1908 τὸ
1252 1854 1650 1926 ἀληοοποιῆσαι
1674 1856 1741 1907 τὰ

1919 929 2009 1001 51.
2045 928 2164 984 Jam
2203 944 2330 985 vero
2364 942 2621 987 consueta
2653 935 2756 991 sibi
2804 936 3085 993 mendacia
3122 952 3310 997 contra
3341 942 3426 998 di-

1847 1015 2033 1069 vinam
2059 1015 2398 1087 Scripturam
2431 1018 2724 1087 blaterans,
2752 1023 2937 1080 Abelis
2968 1036 3195 1088 mortem
3225 1047 3426 1087 memo-

1846 1118 1951 1172 rat,
2006 1118 2060 1162 ct
2094 1124 2123 1162 a
2155 1125 2323 1165 curvo
2367 1111 2502 1166 dicit
2554 1115 2809 1169 traditum
2857 1118 3152 1187 sepulturae
3195 1122 3426 1179 cadaver

1843 1200 1985 1267 ejus,
2037 1212 2316 1272 spectante
2359 1204 2555 1269 Caluo,
2610 1207 2702 1276 qui
2754 1209 2960 1266 idcirco
3009 1216 3426 1284 compunctioue

1846 1301 2018 1348 tactus
2045 1292 2226 1348 fuerit.
2251 1294 2374 1352 llaec
2400 1308 2525 1352 sunt
2548 1298 2853 1354 ludentium
2878 1301 2931 1355 in
2957 1318 3117 1359 scena
3158 1316 3212 1362 et
3238 1308 3423 1363 ebrio-

1843 1399 1961 1439 rum
1998 1395 2094 1441 aut
2122 1390 2418 1444 amentium
2451 1391 2691 1461 propria.
2735 1391 2875 1447 Tum
2918 1403 2978 1450 ut
3017 1399 3183 1453 corda
3230 1400 3426 1455 barba-

1845 1493 2031 1532 rorum
2066 1479 2374 1535 demulceat
2403 1484 2469 1537 ad
2498 1500 2624 1539 suas
2654 1486 3006 1556 excipiendas
3037 1488 3423 1561 blasphemiae,

1840 1570 2041 1625 Christi
2092 1572 2291 1627 iterum
2336 1575 2584 1631 meminit
2609 1588 2770 1647 atque
2800 1581 3102 1650 Evangelii,
3136 1598 3237 1639 nec
3278 1588 3423 1653 quo]

1841 1677 1900 1717 se
1937 1663 2113 1731 ipsum
2141 1652 2346 1719 evertat
2373 1666 2534 1722 videt.
2562 1669 2651 1723 Ait
2680 1670 2823 1724 enim
2858 1690 2871 1726 :
2912 1690 2930 1724 ι
2966 1672 3212 1729 Misimus
3238 1652 3422 1730 autem

1841 1764 1964 1825 post
2012 1757 2236 1828 vestigia
2267 1759 2501 1824 borum,
2540 1764 2786 1817 omnium
2826 1765 3077 1822 videlicet
3129 1770 3425 1839 propheta-

1845 1863 1988 1910 rum,
2025 1847 2209 1903 Jesum
2240 1850 2422 1908 Maria:
2472 1853 2640 1908 lilium
2665 1896 2679 1918 ,
2718 1864 2777 1910 ut
2808 1858 3085 1913 veritatem
3133 1870 3427 1917 teszarctur

162 1945 263 2013 πρὸ
290 1943 460 1997 αὑτοῦ
488 1944 558 1997 τὰ
583 1942 676 1997 τοῦ
701 1944 890 2009 νόμου,
922 1946 1332 2015 καταγαγόντες
1364 1947 1514 2017 αύτῷ
1559 1946 1653 2000 καὶ
1682 1949 1743 2000 τὸ

1848 1940 1995 1996 illius
2024 1958 2147 2011 quae
2169 1953 2296 1999 ante
2328 1946 2503 2016 ipsum
2548 1946 2654 2002 fuit
2688 1948 2854 2019 legis;
2897 1952 3056 2021 eique
3100 1955 3426 2011 tradidimus

162 2035 515 2103 Εὑαγγέλιον,
551 2039 607 2090 ὲν
632 2031 677 2105 ᾧ
709 2038 860 2091 ἐστιν
882 2040 1162 2111 ὁδήγησις,
1201 2040 1339 2109 φῶς,
1392 2041 1487 2094 καὶ
1534 2040 1741 2094 δικαιο-

164 2124 315 2193 σύνη,
348 2125 494 2179 κατά
535 2125 635 2196 τὴν
691 2126 924 2197 δύναμιν
955 2129 1051 2182 τοῦ
1108 2130 1217 2199 πρὸ
1246 2129 1412 2184 αὑτοῦ
1444 2130 1631 2199 νόμον,
1663 2133 1743 2194 εἰς

159 2216 413 2286 ὀδήγησιν
434 2219 530 2271 καὶ
559 2218 892 2287 ἐπαγγελίαν
918 2223 1029 2284 τοῖς
1054 2220 1428 2290 φοϐουμένοις,
1453 2222 1545 2273 καὶ
1573 2223 1652 2284 είς
1681 2222 1742 2274 τὸ

162 2310 341 2377 κρῖναι
380 2310 505 2373 τοὺς
528 2310 623 2363 τοῦ
655 2312 1023 2378 Εὑαγγελίου·
1059 2313 1244 2366 ἕνεκεν
1275 2313 1401 2379 τῶν,
1430 2314 1741 2382 κατήγαγεν

162 2402 187 2453 ὁ
213 2401 342 2464 Θεὸς
376 2402 631 2473 ἐντούτῳ
653 2419 668 2434 ο
708 2405 804 2456 καὶ
828 2405 979 2467 ὅστις
1013 2404 1079 2458 ἂν
1123 2405 1284 2476 κρίνῃ
1327 2406 1438 2475 (ει)
1487 2408 1565 2470 είς
1597 2406 1742 2475 ἅπερ

162 2494 476 2562 κατήγαγεν
500 2494 529 2546 ὁ
554 2494 706 2560 Θεὸς,
741 2488 891 2549 οὗτοί
930 2498 1037 2550 εἰσι
1066 2499 1397 2568 παράνομοι.
1439 2517 1458 2548 ι
1492 2492 1640 2568 Ἀρά
1678 2512 1741 2563 γε

163 2585 531 2652 ἐπεγίνωσκεν
561 2586 705 2657 ἅπερ
732 2588 1030 2658 παρελάλει
1055 2589 1083 2640 ὁ
1117 2589 1347 2658 μάταιος
1374 2605 1388 2654 ;
1414 2589 1461 2640 εί
1480 2588 1587 2657 γὰρ
1610 2588 1744 2657 ἀλη·

164 2675 448 2745 Θοποιῆσαι
482 2676 548 2730 τὰ
610 2677 719 2748 πρὸ
766 2677 932 2731 αὑτοῦ
986 2678 1058 2731 τὰ
1116 2677 1212 2731 τοῦ
1269 2680 1455 2748 νόμου,
1503 2675 1665 2749 ἦλθεν
1714 2679 1743 2730 ὁ

162 2766 411 2835 Χριστὸς,
446 2768 543 2819 καὶ
590 2768 651 2821 τὸ
700 2768 1033 2837 Εύαγγέλιον
1064 2769 1180 2837 φῶς
1226 2771 1318 2822 καὶ
1350 2770 1608 2840 ὁδήγησιν
1634 2772 1743 2833 τοῖς

163 2857 467 2928 ἀνθρώποις
494 2858 750 2925 δέδωκεν,
774 2861 850 2925 ὼς
880 2863 944 2914 σὺ
987 2862 1294 2931 ὁμολογεῖς,
1328 2863 1423 2915 καὶ
1450 2864 1511 2914 τὸ
1563 2863 1744 2931 κρίσιν

164 2948 316 3011 αὐτὸς
344 2951 521 3001 ποιεῖν
556 2949 762 3018 μέλλει,
812 2952 894 3004 σοί
920 2953 974 3003 τί
1008 2952 1383 3023 περιλείπεται
1410 2955 1743 3019 εἰσενεγκεῖν

1844 2029 2218 2103 Evangelium,
2267 2036 2319 2090 in
2368 2053 2477 2107 quo
2505 2049 2588 2094 est
2626 2040 2874 2108 directio,
2924 2043 3040 2109 lux,
3091 2053 3147 2099 et
3190 2044 3425 2113 justitia,

1843 2124 2142 2180 secundum
2171 2128 2315 2183 vires
2342 2129 2475 2197 legis
2498 2140 2622 2185 ante
2650 2148 2774 2187 eum
2804 2135 2946 2202 latze,
2973 2137 3038 2190 ad
3069 2138 3424 2196 directioiiem

1841 2225 1896 2268 et
1927 2218 2416 2273 commonitionem
2450 2221 2849 2289 timoratorum,
2882 2234 3045 2296 atque
3080 2238 3137 2281 ut
3160 2230 3423 2297 judicium

1842 2318 2136 2363 exerceant
2166 2308 2440 2381 Evangelii
2480 2315 2723 2370 asseclze.
2767 2316 2892 2371 Ideo
2929 2319 2979 2372 id
3025 2320 3246 2375 demisit
3299 2322 3427 2376 huic

1845 2397 2008 2453 Deus.
2040 2397 2105 2453 Et
2130 2400 2220 2469 qul
2255 2401 2406 2472 (non)
2450 2403 2840 2472 judicaverht,
2877 2407 2943 2460 de
2991 2407 3098 2463 illis
3128 2424 3250 2478 quae
3283 2408 3427 2465 Deus

1845 2492 2089 2555 tradidit,
2128 2493 2179 2547 hi
2201 2504 2329 2548 sunt
2364 2498 2804 2564 praevaricautes.
2834 2516 2851 2548 ι
2886 2500 2985 2552 Ain
3012 2514 3163 2563 vero,
3196 2510 3427 2568 putasne

1846 2580 2140 2651 ipsummet
2199 2599 2533 2653 cognoscere
2585 2601 2707 2655 quae
2756 2586 2887 2641 dicit
2937 2588 3024 2643 hic
3075 2590 3317 2644 stultus?
3367 2591 3426 2645 Si

1843 2674 1991 2728 enim
2029 2675 2099 2728 ob
2138 2677 2568 2731 continuandam
2613 2678 2898 2732 veritatem
2954 2679 3087 2750 legis
3129 2696 3252 2748 qua:
3299 2697 3425 2737 eum

1848 2767 2146 2835 praecessit,
2177 2766 2432 2823 Christus
2470 2769 2653 2835 venit,
2687 2779 2736 2824 et
2782 2770 2826 2824 si
2865 2768 3219 2839 Evangelium
3253 2772 3427 2827 lucem

1845 2856 2332 2928 directionemquc,
2362 2869 2421 2914 ut
2450 2869 2505 2914 tu
2536 2860 2743 2926 lateris,
2787 2864 3178 2932 suppeditavit,
3211 2874 3265 2918 et
3308 2864 3423 2933 ipse

1843 2945 2109 3015 judicium
2146 2945 2391 3001 facturus
2413 2957 2524 3014 est;
2560 2949 2689 3018 quid
2730 2949 2824 3003 tibi
2860 2960 3110 3019 superest
3138 2951 3428 3007 conferen-

162 3042 268 3104 τοῖς
325 3040 678 3112 ἁνΘρὼποις;
719 3044 903 3109 Οὐδὲν,
938 3046 1055 3097 ἀλλ’
1085 3046 1116 3115 ἢ
1150 3048 1292 3099 κατὰ
1318 3046 1378 3099 τὸ
1432 3046 1521 3100 σὺν
1549 3046 1741 3115 στόμα,

1850 3032 1979 3086 dum
2024 3032 2380 3089 hominibus?
2411 3033 2556 3089 Nihil
2583 3037 2755 3101 aliud,
2794 3038 2898 3092 nisi
2929 3049 2985 3093 ut
3026 3053 3121 3093 ore
3151 3048 3245 3093 tuo
3269 3049 3427 3106 teste,

162 3131 545 3202 ψευδοποιῆσαι
576 3134 644 3186 τὰ
669 3135 775 3203 πρὸ
802 3135 918 3202 σοῦ,
951 3136 1045 3189 καὶ
1072 3137 1263 3199 σκότος
1296 3137 1389 3190 καὶ
1411 3137 1743 3207 παροδητίαν

161 3222 335 3277 δοῦναι
367 3228 486 3288 τοῖς
518 3226 851 3297 ἀνθρώποις,
880 3229 974 3281 καὶ⁸
1004 3230 1061 3281 ὲν
1085 3232 1152 3301 τῇ
1186 3230 1366 3301 κρίσει
1396 3232 1509 3293 τοῖς
1552 3246 1611 3282 σε
1641 3247 1741 3282 πα-

166 3316 574 3387 ραδεδεγμένοις
605 3320 1089 3393 καταδικασθῆναι.

229 3518 322 3587 νβ’.
355 3520 433 3573 Ού
456 3520 589 3575 πολὺ
610 3521 670 3575 τὸ
700 3523 757 3576 ὲν
784 3524 954 3593 μέσῳ,
983 3525 1079 3579 καὶ
1098 3524 1287 3595 ὥσπερ
1306 3526 1385 3589 είς
1415 3524 1514 3595 τὴν
1533 3524 1743 3577 οἰκείαν

167 3610 555 3682 ὲπανασιρήλας
596 3616 812 3684 μανίαν,
855 3617 981 3671 τάδε
1012 3617 1177 3686 φησίν
1214 3616 1327 3686 (85)
1351 3633 1364 3647 °
1400 3634 1419 3667 ι
1457 3618 1553 3669 ’Δε
1585 3617 1744 3685 ὑμεῖς

165 3703 209 3752 οι
232 3704 622 3768 πιστεύσαντες
670 3706 831 3777 (πρὸς
867 3708 994 3770 τοὺς
1049 3706 1362 3778 βαρϐάρους
1396 3705 1635 3774 φωνῶν)ν
1667 3706 1743 3776 μὴ

167 3791 370 3857 γίνεσθε
397 3796 792 3867 ἀντιλήπτορες
833 3797 1100 3852 Ἰουδαίων
1124 3798 1155 3867 ἢ
1188 3797 1529 3868 Χριστιανῶν
1553 3814 1567 3827 ο
1595 3798 1743 3861 ὅστις

167 3882 265 3952 γὰρ
291 3883 727 3955 ύπερασπίζεται
764 3888 943 3943 αὐτῶν
974 3888 1036 3954 ἐξ
1091 3889 1268 3958 ὑμῶν,
1321 3882 1477 3952 οὗτος
1507 3888 1743 3959 ὑπάρχει

167 3972 223 4037 ἐξ
251 3976 448 4030 αὐτῶν.
474 3995 495 4027 ι
555 3978 743 4032 Ταῦτα
798 3980 878 4051 τῷ
932 3980 1251 4052 ὀδηγηθέντι
1309 3980 1424 4051 λαῷ
1458 3981 1610 4052 παρά
1646 3981 1742 4035 τοῦ

169 4066 494 4137 Εὑαγγελίου
528 4070 786 4140 Χριστοῦ,
817 4072 891 4138 ὡς
924 4072 1129 4142 ἔλεγες,
1172 4075 1270 4144 τῆς
1297 4076 1377 4139 εἰς
1402 4073 1533 4127 Θεὸν
1557 4074 1744 4129 ἕνεκεν

168 4161 441 4226 εὐσεϐείας
464 4164 730 4227 ἀποδίδως
764 4167 830 4219 τὰ
860 4167 1017 4237 γέρα,
1042 4167 1267 4230 εἰκότως
1292 4184 1354 4235 γε
1375 4182 1388 4196 ’
1414 4167 1466 4222 τί
1506 4167 1616 4237 γὰρ
1652 4169 1744 4221 καὶ

168 4251 285 4305 ἄλλο
309 4257 337 4308 ὁ
357 4256 610 4319 διάϐολος
647 4258 742 4311 καὶ
769 4258 817 4311 oi
862 4258 1055 4312 τούτου
1092 4258 1423 4330 Θεράποντες
1448 4260 1742 4331 παρέξουσι

168 4346 268 4407 τοῖς
291 4346 508 4416 ἐχθροῖς
542 4348 760 4413 αύτῶν;
787 4348 927 4402 ἔστω
947 4351 1293 4420 Χριστιανοῖς
1326 4353 1424 4421 μὲν
1451 4352 1549 4424 τὴν
1571 4370 1739 4406 παντ-
1772 4376 1817 4432 D

168 4441 349 4509 ονργὺν
375 4443 469 4493 καὶ
484 4443 801 4513 ξωαρχικὴν
825 4444 985 4513 ἁγίαν
1008 4446 1211 4517 Τρεάδα
1229 4446 1747 4516 ὀμολογοῦσι,ταῦτα

172 4505 450 4601 ὑπομένειν
480 4505 698 4588 κελεύει
720 4552 736 4569 ·
756 4505 1137 4602 ’Ἰούδαίοιςδὲ
1170 4505 1280 4601 τοῖς
1328 4505 1741 4611 ἐπαγγελλομέ-

170 4638 268 4685 νως
287 4626 385 4696 τὴν
404 4626 504 4680 τοῦ
559 4626 811 4699 ’Δὸραὰμ
863 4628 1048 4681 πίστιν
1079 4629 1405 4696 ἀποσώζειν,
1465 4631 1553 4685 διὰ
1583 4631 1635 4684 τί
1678 4632 1742 4686 τὰ

171 4715 295 4768 αύτὰ
319 4715 609 4787 προξενεῖς
635 4719 736 4772 οὐκ
766 4720 870 4784 ἔξω
890 4721 987 4791 τῆς
1012 4722 1427 4792 κακοφροσύνης
1452 4722 1617 4775 αὑτοῦ
1642 4723 1739 4778 καὶ

170 4806 339 4861 τοῦτο·
378 4809 497 4881 ᾔδει
529 4810 639 4881 γὰρ
691 4812 774 4865 δτι
822 4812 922 4882 τὴν
968 4812 1207 4883 Χριστοῦ
1248 4815 1476 4885 θεότητα
1512 4816 1542 4868 ὀ
1576 4816 1739 4886 νόμος

173 4898 539 4956 ἀποδείκνυσιο
585 4901 672 4957 διὰ
719 4902 874 4957 τοῦτο
919 4904 1249 4976 ἀμφοτέροις
1294 4905 1600 4976 ὲχΘραίνειν
1651 4924 1742 4959 κε-

173 4990 318 5057 λεύει,
353 4995 479 5047 καθ’
514 4994 640 5049 ὅλου
693 4995 958 5067 θεομάχος
1022 4998 1285 5069 ὑπάρχων
1309 5016 1323 5030 ·
1376 4999 1459 5053 ὅτι
1488 4999 1545 5052 δὲ
1569 4998 1741 5053 ταῦτα

175 5088 489 5153 παραπαίων
511 5086 775 5156 ἔγραφεν,
803 5089 836 5159 ἥ
867 5091 935 5145 τὰ
967 5090 1249 5160 πρότερον,
1279 5091 1311 5163 ἢ
1342 5091 1541 5162 μᾶλλον
1564 5092 1741 5145 εἰπεῖν

175 5175 232 5228 τὰ
253 5180 441 5243 πάντα,
474 5179 729 5233 ἐντεῦθεν
750 5181 928 5251 δῆλον.
975 5183 1364 5237 Ἑπισυνὰπτει
1396 5184 1503 5254 γὰρ
1530 5184 1739 5249 τούτοις

176 5267 319 5339 ἕτερα
345 5272 512 5338 ὃμοια
566 5272 661 5325 καὶ
718 5278 1031 5343 προσφωνεῖ
1069 5276 1352 5341 Ἰουδαίους
1380 5295 1437 5331 τε
1467 5278 1562 5331 καὶ
1600 5280 1737 5348 Χριο

179 5367 405 5430 στιανοῦς
441 5365 658 5434 λέγων’
695 5386 713 5419 ι
767 5369 862 5421 Ἀε
906 5370 1101 5422 οίκείοι
1149 5369 1400 5440 γραφῶν,
1434 5369 1587 5423 οὐδέν
1616 5371 1740 5422 ἐστε

177 5448 265 5515 ἕως
286 5455 351 5505 ἄν
396 5456 793 5527 ἑξακολουθῆτε
824 5457 902 5528 τῷ
940 5458 1111 5528 νὸμυει,
1164 5459 1260 5511 καὶ
1289 5458 1368 5529 τῷ
1400 5460 1739 5530 Εὐαγγελίῳ,

178 5542 381 5611 καὶτοῖς
412 5550 793 5620 κατενεχθείσι
819 5550 970 5622 παρὰ
999 5551 1092 5605 τοῦ
1121 5552 1323 5623 Κυρίου
1354 5553 1509 5622 ὑμῶν
1531 5569 1544 5582 ·
1571 5569 1741 5622 προσ-

179 5635 362 5695 τίθεται
408 5641 523 5713 γὰρ
565 5645 632 5697 ὲκ
679 5643 787 5698 τῶν
838 5641 1270 5715 κατενεχθέντων
1297 5645 1427 5716 ἡμῖν
1463 5645 1615 5717 παρᾶ
1646 5643 1739 5699 τοῦ

240 5821 343 5893 (εδ)
376 5822 504 5879 Sur.
538 5822 604 5889 v,
643 5826 733 5888 57.
765 5824 854 5880 δι.

240 5896 344 5967 (ει)
373 5897 541 5953 Arab.
571 5896 646 5967 μὴ
672 5896 853 5967 κρίνῃ.

253 5998 265 6011 ρ

1846 3123 1980 3180 falsa
2021 3125 2360 3181 demonstres
2393 3143 2514 3196 quae
2545 3137 2670 3183 aute
2704 3137 2755 3183 te
2794 3129 3143 3197 exstiterunt,
3176 3139 3231 3184 et
3273 3140 3427 3187 tene-

1844 3219 1974 3274 bras
2027 3216 2385 3287 fallacemque
2415 3219 2671 3274 ducatum
2729 3218 3045 3275 liominibus
3078 3223 3342 3290 praebeas,
3372 3232 3428 3277 et

1839 3310 2032 3382 judicii
2089 3321 2329 3379 tempore
2364 3326 2490 3365 cum
2548 3312 2612 3365 iis
2662 3310 2756 3381 qui
2811 3320 2863 3368 te
2913 3313 3254 3368 admiserunt
3294 3329 3427 3369 cou-

1843 3405 1964 3459 dem
1974 3402 2144 3455 neris.

1916 3514 2055 3570 'l'um
2106 3514 2295 3585 paucis
2342 3516 2661 3586 inter-jectis,
2690 3516 2743 3571 in
2784 3531 2942 3571 suam
2973 3516 3139 3572 veluti
3181 3516 3432 3573 relabens

1848 3608 2139 3674 insaniam,
2175 3609 2288 3663 haec
2317 3609 2394 3662 ait
2424 3626 2438 3662 :
2476 3627 2493 3662 ι
2519 3607 2563 3662 0
2595 3624 2691 3663 vos
2718 3609 3005 3664 credentes
3036 3610 3124 3677 (ad
3155 3609 3421 3663 barbaros

1844 3705 2065 3771 clamat)
2099 3717 2165 3755 ne
2205 3698 2325 3756 sitis
2355 3711 2704 3772 susceptores
2734 3700 3046 3757 Iudaeorum
3079 3711 3134 3756 et
3162 3701 3431 3757 Christia-

1846 3806 2063 3847 norum.
2115 3791 2376 3862 Quisquis
2408 3804 2647 3846 vestrum
2682 3790 2763 3846 cis
2796 3792 3192 3862 patrocinatur,
3227 3791 3317 3847 hic
3347 3799 3433 3847 est

1844 3903 1907 3945 ex
1940 3886 2094 3958 ipsis.
2125 3904 2143 3937 ι
2181 3883 2291 3941 llos
2349 3885 2549 3955 populo
2592 3884 2694 3939 sub
2738 3884 3051 3954 evangelico
3079 3884 3283 3938 Christi
3329 3886 3432 3937 du-

1844 3989 1968 4037 catu
2004 3978 2242 4050 degenti,
2272 3987 2330 4032 ut
2364 3978 2571 4041 aiebas,
2607 3976 2827 4047 pietatis
2868 3990 3034 4031 causa
3078 3991 3203 4047 erga
3234 3975 3428 4041 Deum,

1845 4071 2083 4126 honores
2111 4069 2325 4125 tribuis.
2355 4069 2636 4139 Condigue
2656 4069 2876 4140 quidem
2904 4086 2919 4135 ;
2952 4069 3082 4138 quid
3109 4070 3251 4123 enim
3279 4068 3429 4123 aliud

1846 4161 2101 4217 diabolus
2147 4171 2201 4217 et
2255 4161 2421 4230 hujus
2469 4161 2730 4217 satellites
2768 4160 3005 4216 inimicis
3043 4162 3155 4217 suis
3208 4162 3431 4217 exhibe-

1846 4257 2027 4312 bunt?
2054 4254 2185 4310 Esto
2219 4255 2349 4309 velit
2402 4254 2767 4319 Christianos,
2807 4253 2903 4324 qui
2947 4255 3195 4309 omnium
3244 4270 3425 4309 rerum

1845 4347 2164 4404 creatricem
2239 4345 2623 4415 vivilicamque
2678 4341 3003 4400 Trinitatem
3062 4344 3427 4410 conﬁtentur,

1842 4441 1988 4495 hanc
2017 4440 2125 4511 pati
2165 4453 2197 4493 a
2237 4451 2295 4491 se
2328 4438 2746 4504 contumeliam;
2795 4436 2999 4493 Iudaeis
3039 4453 3197 4500 vero,
3227 4437 3322 4507 qnl
3370 4452 3430 4492 se

1844 4532 2005 4588 ﬁdem
2031 4530 2327 4586 Abrahami
2362 4540 2567 4585 sartam
2605 4539 2801 4586 tectam
2851 4540 3034 4586 tenere
3079 4531 3302 4596 dicunt,
3330 4546 3431 4585 cur

1842 4640 2031 4695 parem
2068 4624 2326 4695 injuriam
2373 4622 2544 4677 facit?
2577 4624 2746 4693 Atqui
2783 4638 2849 4679 ne
2875 4624 2977 4679 hoc
3014 4624 3233 4693 quidem
3270 4623 3430 4677 mali-

1842 4719 1930 4774 tiae
1955 4719 2077 4789 ejus
2104 4728 2428 4773 extraneum
2460 4726 2562 4772 est.
2598 4716 2757 4772 Noiit
2779 4719 2949 4782 enim,
2983 4717 3187 4773 Christi
3225 4717 3429 4772 divini-

1844 4817 2009 4863 tatem
2038 4822 2069 4861 a
2105 4807 2225 4875 lege
2269 4808 2633 4863 demonstrari
2663 4824 2677 4861 :
2713 4808 2916 4863 idcirco
2951 4808 3197 4878 utrisque
3242 4808 3428 4862 inimi-

1842 4915 1939 4956 cos
1977 4898 2132 4970 jubet
2178 4915 2301 4955 esse
2341 4915 2491 4965 suos,
2544 4899 2672 4971 quia
2726 4900 2841 4970 ipse
2890 4900 3192 4970 generatim
3254 4900 3422 4955 Deum

1842 5005 2138 5068 olipugnat.
2172 4995 2325 5063 Quod
2374 5005 2558 5051 autem
2608 4996 2721 5052 haec
2762 5011 2869 5051 non
2908 4995 3029 5052 sine
3055 4997 3251 5075 delirio
3286 4998 3427 5053 scri-

1846 5088 1958 5153 bat,
2009 5104 2110 5145 nec
2158 5103 2265 5143 non
2297 5088 2499 5160 priora,
2533 5089 2613 5143 vel
2655 5090 2835 5159 potius
2880 5089 3088 5153 omnia,
3128 5088 3253 5144 hinc
3296 5104 3428 5145 con-

1849 5182 2032 5237 stabit.
2066 5181 2317 5238 Subtexit
2343 5182 2487 5237 enim
2516 5182 2600 5239 bis
2628 5183 2733 5237 alia
2765 5184 2984 5246 similia,
3015 5194 3069 5238 et
3100 5181 3320 5239 Judaeos
3346 5191 3428 5237 at-

1848 5291 1952 5345 que
2003 5276 2346 5331 Christianos
2389 5276 2463 5331 ita
2519 5277 2819 5349 alloquitur
2853 5294 2911 5331 τι
2941 5275 2986 5331 Ο
3030 5276 3425 5346 scripturales,

1847 5368 1981 5421 nihil
2010 5382 2106 5423 vos
2138 5369 2293 5434 estis,
2325 5369 2568 5439 quandiu
2605 5369 2777 5439 legem
2824 5378 2879 5423 et
2923 5368 3277 5438 Evangeliuin
3338 5384 3428 5422 sc—

1848 5461 2098 5525 ctamini,
2130 5471 2185 5517 et
2213 5462 2264 5517 id
2296 5461 2441 5532 quod
2480 5462 2734 5517 traditum
2768 5477 2797 5517 a
2830 5462 2940 5518 Deo
2972 5471 3155 5517 vestro
3182 5475 3285 5517 est.
3315 5462 3429 5515 Ad-

1847 5551 1994 5607 ditur
2014 5554 2157 5608 enim
2190 5569 2257 5608 ex
2288 5556 2353 5609 iis
2385 5569 2507 5624 qua:
2537 5554 2733 5609 tradita
2769 5564 2897 5610 sunt
2926 5554 3081 5608 nobis
3111 5569 3139 5607 a
3174 5552 3428 5619 Domino,

1847 5659 2002 5701 error
2039 5654 2095 5702 et
2125 5646 2436 5704 inﬁdelitas.
2462 5666 2480 5702 ι
2517 5647 2657 5716 Quid
2689 5647 2803 5720 jam
2849 5647 3006 5704 nobis
3038 5646 3329 5703 dicendum
3362 5645 3429 5701 de

1918 5828 2032 5898 (ιιι)
2060 5828 2187 5882 sin.
2218 5826 2287 5889 v,
2321 5828 2409 5884 59.
