4168 6450
158 441 258 501 ’741

644 548 666 559 η

1333 431 1766 491 REFUTATIO
1811 429 2281 490 MOHAMEDIS.

3297 437 3405 502 742

160 572 277 605 πων
303 551 617 607 Iit-5:71:91,
641 548 720 598 ὅτι
750 547 813 598 ἐκ
843 542 1017 614 πηλοῦ
1048 543 1166 597 κατ’
1188 543 1368 595 εἰκόνα
1396 542 1738 609 γεγένηνται,

1852 543 1968 593 facti
2005 542 2204 595 fuerint
2241 559 2254 595 :
2288 552 2340 597 et
2368 544 2511 610 quod
2547 543 2801 598 omnilms
2842 543 3052 615 angelis
3082 544 3403 615 imperatum

160 645 257 697 καὶ
278 645 359 695 ὅτι
386 641 783 711 προστέτακται
825 640 936 698 τοῖς
988 637 1233 703 ἀγγέλοις
1266 635 1397 684 πᾶσι
1430 631 1736 701 προσκυνῆ-

161 752 252 785 σαι
282 732 357 800 τῷ
398 730 568 797 Ἀδάμ
590 746 602 757 ·
638 731 728 781 καὶ
781 727 886 779 τῶν
920 727 1121 779 λοιπῶν
1167 725 1678 794 προσκυνησαντων,
1711 724 1738 775 ὀ

161 825 362 893 Βελίαρ
389 824 547 893 μόνος
582 823 642 874 ού
673 820 1041 889 προσεκύνησε
1061 834 1074 847 ·
1111 817 1202 870 καὶ
1232 818 1309 869 ὅτι
1337 817 1629 885 ἐρωτηθεὶς
1653 815 1740 867 διὰ

158 919 211 970 τί
248 918 325 985 μὴ
360 915 781 984 προσεκύνησεν,
806 913 983 965 αἰτίαν
1014 910 1302 963 ἀποδίδωσι
1334 910 1392 961 τὸ
1409 912 1611 962 ἐκεῖνον
1639 907 1739 977 μὲν

162 1008 225 1057 ἐκ
251 1006 424 1075 πηλοῦ
454 1005 725 1072 γενέσθαι,
761 1003 951 1055 ἑαυτὸν
978 1001 1020 1054 δ’
1047 1003 1108 1054 ἐκ
1153 1002 1347 1071 πυρός·
1383 1003 1475 1053 καὶ
1529 1002 1611 1053 ὅτι
1642 1001 1741 1051 ἑπ-

164 1098 403 1168 ετιμήθη
451 1097 603 1165 πα.ρά
642 1095 775 1147 Θεοῦ
796 1137 809 1153 .
863 1096 956 1146 καὶ
985 1095 1064 1146 ὅτι
1094 1093 1340 1157 ἀντέλεξε
1386 1093 1462 1163 τῷ
1496 1091 1614 1160 Θεῴ
1647 1093 1742 1143 επ-

160 1190 550 1257 απειλούμενος
582 1187 659 1257 τῷ
694 1186 863 1255 Ἀδὰμ
883 1185 965 1238 διὰ
995 1187 1095 1253 τὴν
1119 1186 1197 1245 εἰς
1237 1184 1396 1235 αὑτὸν
1428 1182 1739 1252 ἀγανάκτη-

165 1302 270 1347 σιν,
306 1281 404 1335 τοῦ
452 1283 525 1352 μὴ
559 1280 865 1348 περιλιπεῖν
919 1280 1082 1332 αὐτὸν
1116 1279 1251 1347 πλὴν
1295 1280 1489 1346 ὀλίγων
1538 1276 1645 1329 τῶν
1684 1276 1741 1340 ἐξ

164 1374 328 1429 αὐτοῦ
372 1373 729 1443 σωζομένων
762 1372 857 1424 καὶ
900 1372 998 1442 τὴν
1051 1371 1289 1439 ἱστορίαν
1332 1372 1429 1440 τὴν
1482 1369 1622 1422 κατὰ
1649 1369 1739 1421 τὸν

166 1469 517 1539 παράδεισον,
560 1466 655 1519 καὶ
688 1466 785 1534 τὴν
811 1464 906 1516 τοῦ
967 1465 1136 1533 ’Λδάμ
1174 1463 1416 1533 ἐξορίανο
1452 1463 1498 1514 οἱ
1526 1461 1614 1514 οὖν
1644 1464 1742 1531 τῆς

166 1562 317 1622 θείας
350 1557 572 1627 Γραςοῆς
596 1558 850 1626 τρόφιμοι
889 1554 1095 1607 συνίετε
1135 1556 1351 1616 πάντως
1378 1552 1476 1616 τὰς
1511 1570 1744 1625 προτρο-

166 1655 273 1714 πὶς
303 1652 401 1704 καὶ
434 1651 670 1719 ματαίας
701 1647 1018 1719 προσθήκας
1048 1647 1141 1701 τοῦ
1175 1647 1538 1709 ἀπαταιῶνος.

224 1751 317 1796 νε’.
372 1743 430 1794 'U
461 1742 515 1794 δὲ
556 1740 757 1802 σκοπὸς
786 1738 951 1793 αὑτοῦ
982 1742 1061 1802 εἰς
1083 1740 1240 1792 τοῦτο
1267 1740 1466 1810 ἀφορᾷ,
1495 1739 1579 1792 ὅτι
1604 1736 1667 1807 δὴ
1694 1737 1742 1789 οἱ

166 1834 300 1887 Θεοῦ
335 1833 656 1895 ἀθετοῦντες
684 1832 921 1901 ἐντολὴν,
980 1833 1166 1901 φησὶν,
1200 1831 1559 1884 ἀπόλλυνταιο
1610 1832 1658 1882 οἱ
1688 1829 1743 1881 δὲ

168 1928 549 1995 φυλάττοντες,
587 1922 845 1987 σώζονται
869 1940 884 1956 ο
931 1924 991 1975 τὸ
1020 1923 1078 1975 δὲ
1110 1923 1261 1985 τέλος
1296 1922 1505 1977 ἑαυτῶν
1548 1938 1744 1989 συντη-

170 2021 250 2085 ρεῖ
270 2034 282 2045 ·
315 2013 721 2078 κατασκευάζει
750 2013 807 2067 δὲ
832 2013 965 2067 αὐτὸ
994 2012 1104 2067 ἀπὸ
1153 2014 1323 2083 Ἀδὰμ
1350 2014 1445 2068 καὶ
1474 2014 1583 2067 τῶν
1606 2011 1744 2065 καθ-

166 2110 293 2175 εξῆς
317 2125 330 2138 ·
363 2106 439 2168 ὡς
467 2107 533 2158 ὲκ
590 2103 781 2158 τούτου
811 2105 921 2157 τῶν
962 2103 1128 2157 αὑτοῦ
1157 2103 1329 2171 λόγων
1357 2104 1469 2173 (91)
1496 2104 1597 2171 τὴν
1642 2118 1750 2153 πα-

168 2200 404 2269 ραδοχὴν
435 2197 895 2269 πιστευθήσεσθαι
918 2197 1139 2260 ἐλπίσας
1160 2213 1174 2226 °
1210 2197 1371 2260 εὐθὺς
1398 2192 1491 2248 οῦν
1521 2210 1748 2264 παρεισ-

167 2294 284 2359 άγει
313 2291 662 2359 ἀδιάγνωστά
696 2306 821 2343 τινα
872 2290 1162 2360 ληρήματα
1214 2288 1275 2353 ἐξ
1305 2287 1529 2355 ἀφανῶν
1574 2303 1746 2356 προσ-

167 2384 330 2435 ώπων
391 2383 489 2436 καὶ
540 2381 839 2451 ἀνωνύμων
904 2382 986 2445 είς
1046 2383 1306 2450 κήρυγμα
1350 2378 1457 2449 πρὸ
1480 2378 1573 2431 τοῦ
1624 2377 1746 2429 Νῶε

168 2476 466 2529 ἐλθόντωνο
500 2474 593 2526 καὶ
617 2475 675 2525 ἐν
701 2468 782 2535 οἷς
817 2472 917 2542 μὲν
966 2471 1366 2538 ἐπιστεύθησαν
1396 2469 1546 2522 Θείαν
1593 2470 1747 2522 εὐλο-

170 2569 291 2636 γίαν
326 2565 762 2637 προεξενηκότα·
797 2568 856 2618 ἐν
902 2561 982 2625 οἷς
1006 2564 1061 2617 δὲ
1080 2561 1458 2633 ἠπιστήθησαν
1504 2560 1750 2630 κατάραν

172 2658 458 2727 μεγίστην.
514 2657 669 2709 Μετά
720 2655 865 2717 Νῶε,
920 2654 1090 2708 Ζάλετ
1145 2654 1264 2708 τινὰ
1320 2654 1610 2725 προφήτην
1658 2651 1752 2704 καὶ

169 2750 467 2803 ἀπόστολον
494 2749 791 2817 εἰσηγεῖται
826 2747 1050 2815 ἀδελφὸν
1078 2744 1303 2815 Θαμὼθ,
1332 2745 1423 2798 τὸν
1455 2743 1577 2797 οὒτε
1597 2761 1753 2812 γεγο-

169 2841 295 2893 νότα
322 2838 452 2892 οὔτε
488 2837 617 2906 παρ’
658 2838 819 2892 ἀλλον
851 2836 1221 2905 ὀνομασθέντα
1252 2835 1470 2888 πώποτε
1495 2850 1510 2866 ·
1565 2833 1658 2886 ἐπὶ
1690 2832 1751 2886 τὺ

171 2930 298 2982 αὐτὸ
334 2927 497 2981 τοῦτο
521 2927 962 2997 παραγενόμενος
994 2925 1087 2980 καὶ
1130 2922 1373 2995 κηρύξας
1392 2941 1407 2956 ·
1438 2923 1531 2977 καὶ
1560 2923 1644 2993 ἐφ’
1670 2916 1751 2985 οἷς

174 3022 268 3090 μὲν
298 3020 598 3091 ἐπιστεύθη
633 3021 724 3073 καὶ
758 3020 919 3083 αὐτὸς
948 3020 1039 3072 τὸν
1059 3018 1191 3071 Θεὸν
1218 3019 1420 3089 εὐμενῆ
1444 3018 1747 3087 παρέσχεν·

171 3118 250 3183 ἐφ’
301 3113 386 3179 οἷς
443 3114 502 3167 δὲ
546 3113 843 3184 ἠπιστήθη,
910 3112 1383 3183 διεφαυλίσθησαν,
1449 3112 1604 3181 φησὶ,
1664 3110 1752 3163 διὰ

1842 634 2022 697 fuerit,
2063 643 2119 687 ut
2143 634 2408 689 Adamum
2437 636 2730 690 adorarent
2759 652 2771 689 :
2801 652 3037 707 cumque
3059 639 3239 693 ueteri
3273 641 3408 695 ado-

1840 735 2071 788 rassent,
2097 725 2271 779 solum
2298 724 2474 780 Beliar
2502 726 2744 780 noluisse
2767 728 3092 798 obsequium
3116 730 3407 787 exhibere:

1841 829 2085 886 rogatum
2137 826 2318 871 autem
2374 833 2471 871 cur
2516 834 2625 872 non
2682 818 2953 883 adoraret,
2988 835 3213 876 causam
3262 822 3412 877 intu-

1841 910 1989 975 lisse,
2032 912 2176 979 quod
2228 910 2319 964 ille
2365 926 2428 964 ex
2482 913 2599 967 luto
2629 912 2946 979 exstitisset,
2983 912 3098 983 ipse
3131 924 3311 970 autem
3343 931 3411 971 ex

1842 1001 1983 1070 igne.
2021 1001 2156 1054 Tum
2202 1001 2529 1070 increpitum
2562 1001 2731 1058 fuisse
2758 1017 2787 1057 a
2822 1003 2951 1064 Deo.
2979 1004 3267 1074 ipsumque
3301 1006 3412 1061 Deo

1840 1093 2258 1158 contradixisse,
2292 1104 2346 1148 et
2382 1094 2587 1148 Adamo
2637 1096 2799 1150 simul
2837 1097 3251 1165 cmmninatum,
3286 1116 3412 1156 sus-

1842 1194 2001 1255 cepto
2062 1186 2325 1242 adversus
2369 1201 2493 1240 eum
2531 1186 2678 1251 odio,
2710 1189 2925 1243 nonnisi
2957 1204 3159 1257 paucos
3191 1205 3255 1244 ex
3288 1191 3410 1261 ejus

1841 1283 2075 1351 posteris
2108 1282 2288 1335 salvos
2319 1279 2455 1335 fore.
2488 1278 2665 1351 Pergit
2701 1297 2922 1335 narrare
2957 1283 3195 1351 paradisi
3235 1284 3412 1339 histo-

1842 1373 2002 1433 riam,
2051 1382 2104 1426 et
2151 1372 2341 1427 Adami
2367 1371 2645 1425 exsilium.
2680 1368 3063 1427 Verumtamen
3094 1375 3413 1445 quicunque

1844 1466 2016 1519 sacris
2059 1462 2360 1532 Seripturis
2390 1464 2634 1517 innutriti
2677 1462 2879 1529 fuistis,
2931 1464 3119 1519 devios
3155 1467 3417 1537 decepto-

1844 1554 1923 1608 ris
1982 1568 2252 1609 excursus
2306 1553 2610 1623 stultasque
2662 1554 2964 1610 additiones
2993 1556 3161 1625 probe
3204 1572 3418 1627 cogno-

1843 1644 2015 1698 scitis.

1914 1736 2004 1789 55.
2038 1733 2249 1803 Scopns
2284 1744 2468 1788 autem
2501 1734 2625 1805 ejus
2673 1738 2781 1792 huc
2836 1738 3109 1804 collineat,
3140 1748 3201 1795 ut
3240 1738 3416 1794 divini

1845 1826 2097 1896 praecepti
2149 1826 2439 1882 violatores
2480 1829 2658 1897 perire
2700 1830 2866 1893 dicat,
2902 1833 3205 1901 morigeros
3234 1842 3416 1887 autem

1844 1915 2064 1970 salvari.
2092 1916 2255 1985 Atqui
2303 1915 2517 1971 illorum
2545 1918 2740 1973 seriem
2772 1921 3080 1983 continuat.
3109 1938 3176 1978 ex
3208 1924 3418 1981 Adamo

1845 2016 1900 2063 et
1938 2008 2190 2078 deinceps
2221 2018 2556 2074 contexens;
2597 2010 2854 2065 nimirum
2890 2013 3016 2068 hinc
3043 2028 3275 2083 sperans
3308 2031 3423 2070 ser-

1847 2115 2067 2153 monum
2099 2114 2323 2153 suorum
2375 2099 2657 2154 traditioni
2701 2103 2858 2156 fidem
2890 2119 3260 2160 accessuram.
3286 2106 3419 2162 .Mox

1846 2189 2027 2258 itaque
2061 2189 2356 2243 introducit
2390 2189 2694 2260 incognitas
2731 2193 2915 2246 nescia
2940 2209 3079 2261 quas
3112 2211 3286 2265 nugas
3322 2197 3423 2250 ob-

1847 2295 2133 2336 scurarum
2182 2289 2237 2333 et
2269 2280 2390 2334 sine
2438 2282 2753 2337 nominibus
2784 2300 3163 2351 personarum,
3197 2305 3319 2355 quae
3357 2290 3423 2343 ad

1848 2371 2251 2441 prmdicandnm
2301 2382 2426 2426 ante
2472 2371 2585 2428 Noe
2618 2376 2884 2440 venerint,
2917 2387 2971 2431 et
3015 2388 3282 2446 quatenus
3318 2381 3424 2434 illis

1851 2464 2119 2517 creditum
2171 2462 2299 2527 fuit,
2330 2463 2570 2518 divinam
2630 2466 3063 2523 benedictionem
3127 2470 3423 2527 conferen-

1852 2556 1985 2610 tlum
2015 2572 2030 2618 ;
2062 2566 2334 2625 quatenus
2383 2565 2566 2610 autem
2615 2557 2992 2626 discreditum,
3044 2564 3423 2631 gravissimam

1851 2648 2314 2703 maledictionem.
2347 2647 2478 2703 Post
2513 2646 2623 2702 Noe
2656 2647 2898 2705 Zaletum
2956 2654 3249 2722 quemdam
3301 2672 3428 2726 pro-

1849 2740 2067 2809 phetam
2099 2742 2449 2811 legatumque
2488 2741 2806 2807 introducit,
2850 2743 3069 2800 fratrem
3111 2746 3426 2817 Thamothi,

1851 2830 2128 2887 hominem
2176 2834 2271 2902 qui
2334 2852 2617 2905 nunquam
2667 2838 2896 2903 exstitit,
2928 2847 3092 2908 atque
3131 2856 3163 2895 α
3213 2843 3429 2897 nemine

1853 2939 2091 2991 unquam
2124 2925 2439 2981 nominatus
2466 2926 2598 2992 fuit;
2637 2939 2875 2983 attamen
2917 2931 2983 2985 ad
3023 2931 3164 2986 idem
3192 2932 3427 2988 officium

1852 3015 2039 3080 venit;
2078 3017 2436 3087 institutaque
2500 3022 2929 3089 prmdicatione,
2972 3024 3019 3077 is
3054 3040 3272 3094 quoque
3322 3026 3431 3081 illis

1854 3108 1945 3177 qui
1977 3108 2079 3162 sibi
2128 3109 2479 3165 crediderunt
2536 3111 2703 3165 Deum
2744 3116 3086 3182 propitiavit;
3126 3117 3197 3169 illi
3247 3127 3426 3171 autem

176 3206 399 3276 σεισμοῦ
423 3209 482 3259 ἐν
527 3208 645 3268 ταῖς
672 3205 860 3269 αὐλαῖς
890 3204 1069 3258 αὐτῶν
1097 3204 1454 3274 ὲξαρώμενοι.
1515 3202 1670 3257 Μετά
1695 3203 1748 3257 δὲ

1861 3199 1950 3267 qui
1979 3197 2199 3252 fuerunt
2229 3200 2509 3264 increduli,
2545 3202 2840 3268 perierunt,
2875 3203 3069 3271 inquit,
3096 3214 3252 3257 terra:
3280 3217 3426 3259 mmu

174 3299 355 3350 τοῦτον
407 3298 596 3366 ἕτερον
647 3297 792 3363 λέγει
842 3296 1131 3364 προφήτην
1182 3297 1275 3347 καὶ
1309 3294 1607 3347 ἀπόστολον
1659 3296 1753 3346 καὶ⁵

175 3391 409 3457 κήρυκα,
461 3385 797 3454 Μαδιανίτην
858 3385 935 3453 τῷ
968 3384 1110 3435 ἔθνει
1162 3383 1328 3435 αὐτοῦ
1362 3384 1749 3453 ἀποσταλῆναι,

174 3479 301 3533 Σαῒκ
331 3479 507 3549 δνομα
536 3477 711 3546 αύτῷ·
746 3475 1006 3539 ὡσαύτως
1039 3477 1132 3527 καὶ
1156 3475 1345 3528 τοῦτον
1369 3476 1750 3544 διαμαρτυρά-

179 3589 334 3638 μενον
364 3570 461 3623 xu!
493 3569 795 3637 ποιήσαντα
823 3568 965 3620 κατὰ
987 3568 1113 3629 τοὺς
1158 3568 1263 3636 πρὸ
1292 3566 1477 3628 αὑτοῦ,
1509 3565 1603 3628 οὓς
1629 3566 1753 3618 οὔτε

176 3662 436 3730 Μωῦσῆς,
464 3658 588 3712 οὔτε
619 3677 702 3722 τις
730 3658 836 3718 τῶν
866 3657 1166 3727 ἐλλογίμων
1189 3656 1397 3727 ἀνδρῶν
1430 3658 1718 3709 ἐπίσταται
1737 3675 1751 3690 ’

178 3755 264 3805 καὶ
292 3753 387 3804 ἐπὶ
431 3750 645 3814 τούτοις
695 3750 969 3820 μέμνηται
998 3749 1279 3812 Μωῡσὲως
1316 3748 1449 3801 Θεὸν
1481 3749 1754 3820 κηρύξαν-

177 3859 260 3904 τος
279 3860 294 3875 ο
325 3842 423 3895 καὶ
447 3842 529 3893 ὅτι
555 3842 613 3892 ἐν
640 3836 720 3902 οἷς
754 3841 872 3908 μὲν,
893 3839 1056 3907 φησὶν
1082 3838 1215 3910 (92),
1234 3838 1560 3907 ύπηκούετο,
1581 3839 1635 3889 αἱ
1660 3837 1752 3889 τοῦ

177 3932 304 3985 Θεοῦ
336 3931 654 4001 ἀντιλήψεις
683 3929 1025 4000 προέφθαζον
1043 3946 1056 3959 ·
1084 3932 1144 3981 ὲν
1192 3923 1272 3993 οἷς
1308 3929 1363 3980 δὲ
1388 3928 1750 3998 παρηκούετο,

178 4025 211 4095 ἡ
241 4025 363 4093 δίκη
394 4026 524 4088 τοὺς
571 4023 907 4099 ὑπευθύνοις
954 4021 1213 4091 ἀνήλισκε
1240 4036 1254 4050 ·
1290 4021 1383 4073 καὶ
1432 4023 1498 4088 τῇ
1529 4020 1753 4090 τοιαύτῃ

179 4118 361 4188 ἀγωγῇ
401 4116 739 4186 κεχρημένος
764 4115 823 4181 ἐξ
856 4113 1073 4184 ἑτοίμου
1110 4112 1239 4183 περὶ
1264 4110 1429 4165 αὑτοῦ
1466 4112 1646 4180 λέγει·

245 4298 351 4362 νς¹.
382 4315 403 4349 ι
447 4297 547 4349 Ἀε
580 4295 855 4366 ἅνθρωποι
885 4310 898 4322 ’
952 4292 1063 4361 ἐγὼ
1116 4291 1413 4354 ἀπόστολός
1450 4292 1567 4358 εἰμι
1622 4291 1755 4345 Θεοῦ

184 4392 309 4460 προς
336 4392 486 4460 ὑμᾶς
520 4387 745 4450 πάντας.
782 4405 800 4437 ι
840 4386 1033 4448 Καλῶς
1057 4401 1121 4453 γε
1148 4384 1307 4456 ἔργον
1333 4384 1432 4452 μὲν
1468 4384 1615 4446 θείας
1667 4384 1757 4436 δυ-

181 4486 384 4555 νάμεως
403 4482 801 4553 ἐπιφερόμενος
828 4479 1000 4541 οὐδὲν,
1022 4476 1145 4531 οὔτε
1172 4476 1384 4544 σοφίας,
1414 4474 1540 4528 οὔτε
1557 4476 1756 4545 ἀρετῆς

1856 3290 1910 3342 in
1950 3290 2282 3343 habitaculis
2347 3291 2461 3344 suis
2518 3292 2810 3346 maledicti.
2847 3290 2977 3347 Post
3032 3294 3207 3357 hunc,
3262 3296 3427 3348 alium

1853 3382 1987 3437 dicit
2040 3385 2383 3452 prophetam,
2434 3384 2783 3439 Madianitem
2825 3386 3113 3455 legationis
3158 3397 3209 3441 et
3245 3388 3434 3456 praedi-

1853 3476 2085 3529 cationis
2110 3491 2284 3539 causa
2339 3477 2405 3529 ad
2462 3485 2675 3545 gentem
2738 3493 2892 3531 suam
2948 3479 3214 3543 missum;
3270 3478 3432 3548 eique

1856 3581 2052 3619 nomen
2104 3566 2273 3621 fuisse
2309 3566 2489 3620 Saico.
2528 3566 2682 3621 llunc
2718 3569 2832 3637 pari
2875 3569 3035 3622 modo
3066 3578 3428 3622 contestatum

1854 3671 1994 3718 esse,
2026 3665 2078 3709 et
2114 3656 2315 3710 similia
2348 3658 2624 3725 prioribus
2674 3659 2871 3725 egisse.
2906 3659 3055 3725 Quos
3101 3670 3281 3714 tamen
3328 3661 3429 3713 ho-

1854 3746 2031 3802 mines
2066 3763 2245 3817 neque
2283 3747 2498 3818 Moyses
2557 3764 2732 3818 neque
2784 3752 3073 3820 quisquam
3137 3753 3430 3806 illustrium

1855 3846 2148 3892 auctorum
2191 3841 2458 3909 agnoscit.
2491 3839 2832 3893 Postremum
2865 3851 3132 3895 memorat
3166 3842 3429 3913 Moysem,

1855 3932 2039 3998 aitque
2094 3940 2366 3998 quatenus
2388 3932 2663 3983 oheditnm
2699 3930 2745 3983 ei
2781 3932 2901 3995 fuit,
2942 3932 3032 3986 Dei
3065 3934 3429 4002 patrm-inimn

1855 4018 2129 4084 adfuisse;
2176 4029 2442 4088 quatenus
2472 4034 2601 4073 vero
2629 4021 2875 4073 restitum
2910 4021 2982 4074 illi
3004 4031 3105 4084 est,
3135 4024 3431 4077 vindictam

1856 4124 1978 4162 reos
2013 4119 2379 4177 persecutum.
2436 4112 2608 4179 Atque
2635 4111 2737 4165 hac
2767 4111 2850 4164 via
2880 4112 2981 4165 sibi
3016 4122 3207 4177 strata,
3251 4115 3431 4168 statim

1856 4200 1923 4254 de
1950 4216 2007 4254 se
2030 4203 2147 4270 ipso
2177 4202 2340 4255 dicit:

1927 4293 2017 4348 56.
2056 4310 2073 4343 ι
2120 4292 2164 4345 0
2211 4294 2481 4356 homines.
2515 4310 2614 4362 ego
2660 4294 2866 4365 legatus
2928 4294 3019 4349 Dei
3065 4312 3185 4351 sum
3222 4296 3287 4349 ad
3340 4311 3435 4349 ms

1857 4397 2098 4438 omnes.»
2122 4381 2383 4437 Praeclare
2411 4385 2723 4451 enimvero!
2753 4387 2844 4454 qui
2876 4387 3082 4440 nullum
3115 4387 3310 4440 divinze
3335 4404 3434 4455 pm

1860 4477 2042 4529 tentia:
2076 4491 2217 4545 opus
2241 4492 2351 4545 pra:
2383 4492 2440 4530 se
2472 4478 2595 4543 fert,
2624 4478 2754 4529 nihil
2782 4479 3065 4547 sapientia:
3103 4494 3197 4532 aut
3222 4480 3438 4533 virtutis

184 4579 477 4647 ἀξιολόγου,
527 4572 1051 4644 αύτοχειροτονήτως
1084 4570 1140 4621 δὲ
1172 4570 1265 4623 καὶ
1298 4570 1479 4637 πάσης
1538 4569 1748 4621 ἀποδεία

1856 4566 2013 4622 laude
2042 4569 2236 4637 digna},
2263 4568 2480 4636 propria
2516 4570 2859 4633 auctoritate,
2893 4583 2943 4624 et
2975 4572 3182 4641 alisque
3214 4572 3441 4625 demon-

186 4671 307 4734 ξεως
336 4672 456 4740 δίχα
492 4670 586 4722 καὶ
613 4665 997 4737 προαγγελίας,
1028 4664 1088 4716 τὸ
1111 4661 1201 4716 τοῦ
1248 4662 1550 4715 ἀποστόλου
1584 4660 1749 4724 ἀξίω-

190 4781 255 4830 μα
280 4763 345 4815 δι’
375 4760 541 4815 αὐτοῦ
573 4760 1042 4827 ἀπενεγκάμενος
1072 4755 1167 4809 καὶ
1195 4754 1279 4818 τίς
1306 4755 1463 4809 τοῦτο
1490 4757 1660 4808 ποιεῖν
1689 4756 1749 4807 ού

186 4852 415 4918 δύναται,
444 4850 556 4905 τῶν
587 4852 726 4903 πάνυ
763 4847 1180 4916 ἀφρονεστάτων
1205 4847 1298 4899 καὶ
1320 4847 1591 4914 ἀγνωσίαν
1615 4846 1750 4899 Θεοῦ

188 4944 441 5011 ἐχόντων;
478 4941 614 4994 διότι
670 4940 906 5008 Μωῦσῆς
959 4936 1278 5006 νομοθέτης,
1338 4942 1431 4990 καὶ
1475 4937 1561 4991 διά
1593 4937 1753 5008 τίμὴ

190 5037 274 5089 καὶ
296 5032 498 5107 Φαραὼ
527 5033 855 5102 νομοθέτης;
892 5030 1006 5083 ἀλλ’
1044 5031 1071 5084 ὃ
1107 5034 1297 5093 ποιεῖν,
1327 5031 1375 5082 εί
1406 5030 1499 5084 καὶ
1543 5029 1750 5090 κακῶς,

190 5131 324 5199 ὅμως
376 5130 512 5198 γοῦν
565 5130 716 5180 ποεῖν
745 5125 1012 5196 ἐνόμιζες,
1067 5125 1258 5177 τούτου
1297 5124 1372 5187 ὼς
1400 5123 1621 5176 εὐκόλου
1653 5123 1750 5193 μέι

196 5238 412 5291 μνησαι·
444 5221 472 5273 ὂ
502 5219 559 5271 δὲ
601 5217 901 5288 προὸλέψαι
944 5218 1040 5270 οὐκ
1080 5211 1246 5286 εἶχες,
1281 5215 1713 5285 παρεσιώπησας
1738 5231 1751 5243 ⁸

194 5316 293 5380 ἐγὼ
322 5316 376 5369 δέ
408 5332 469 5367 σε
498 5313 594 5367 καὶ
644 5310 804 5363 τοῦτο
854 5310 1182 5380 ὑπομνήσω·
1217 5308 1455 5375 Μωῦσῆς
1490 5308 1625 5375 μετά
1659 5305 1753 5359 τοῦ

196 5408 473 5478 νομοθέτης
505 5402 667 5469 εἶναι,
716 5405 808 5457 καὶ
842 5404 1124 5473 προφήτης
1158 5400 1273 5453 ἐστί
1297 5416 1309 5429 ·
1351 5401 1441 5451 καὶ
1480 5400 1578 5469 τῆς
1626 5416 1761 5468 προ-

198 5498 405 5567 φητείας
452 5496 728 5568 ὁσημέραι
774 5495 870 5556 τὰς
901 5493 1151 5556 ἐκϐάσεις
1186 5490 1499 5561 θεωροῦμεν
1526 5509 1538 5521 ν
1571 5489 1663 5543 σοῦ
1705 5491 1763 5544 δὲ

197 5591 342 5644 τεκαὶ
362 5592 747 5661 θαυμάσομενς
779 5588 876 5649 τὰς
896 5585 1162 5647 ἀσωτείας
1187 5601 1201 5651 ;
1238 5585 1334 5649 τὰς
1361 5584 1609 5652 σφαγάς;
1639 5587 1767 5648 τοὺς

199 5682 580 5755 ιμπρησμούς;
619 5682 716 5745 τάς
762 5679 1084 5751 λεηλασίας;
1138 5677 1234 5743 τὰς
1283 5676 1629 5747 δυσφημίαςς
1664 5677 1760 5730 καὶ

265 5862 366 5935 (91)
402 5864 529 5925 Sur.
567 5865 681 5933 ΥΠ,
710 5864 796 5928 δί,
830 5864 917 5928 Gtt,
943 5863 1033 5921 86.

1861 4659 2124 4715 stratione
2174 4666 2268 4711 aut
2327 4657 2699 4725 praedictione,
2742 4658 2898 4727 legati
2948 4660 3049 4712 sibi
3107 4661 3427 4729 dignitatem

1860 4756 2054 4817 spnnte
2086 4749 2272 4800 sumit.
2313 4746 2449 4811 Quis
2478 4761 2604 4801 vero
2636 4748 2998 4802 stultissimus
3025 4750 3172 4815 licet,
3215 4757 3268 4803 et
3289 4751 3437 4804 omni

1862 4839 1955 4893 Dei
1995 4839 2305 4909 cognitione
2356 4853 2571 4902 carens,
2621 4838 2671 4891 id
2710 4840 2884 4907 ipsum
2918 4841 3134 4910 aggredi
3168 4841 3442 4908 nequeat?

1860 4931 1913 4986 Si
1942 4932 2196 5002 quoniam
2228 4929 2440 5001 Moyses
2479 4930 2759 5001 legislator
2790 4940 2894 4991 est.
2926 4930 3130 4986 idcirco
3162 4941 3215 4985 ct
3248 4930 3437 4986 Multa-

1858 5027 2061 5091 mcdes,
2095 5024 2284 5094 quidni
2332 5024 2548 5078 Pharao
2598 5040 2815 5094 quoque
2854 5025 2905 5078 in
2943 5026 3311 5103 Iegislatorqm
3341 5041 3442 5079 nu-

1858 5136 2008 5174 mero
2037 5119 2143 5172 sit?
2183 5119 2251 5171 At
2280 5117 2429 5170 enim
2458 5118 2604 5186 quod
2637 5117 2835 5181 facere,
2872 5119 2972 5171 etsi
3006 5119 3165 5183 male,
3210 5120 3439 5187 putabas

1860 5225 2042 5269 tamen
2079 5222 2128 5266 te
2164 5212 2363 5274 facere,
2410 5213 2461 5266 id
2499 5214 2689 5267 saltem
2744 5212 3015 5283 probabili
3059 5215 3273 5268 ratione
3313 5231 3439 5268 nar-

1862 5321 1981 5360 rare
2008 5305 2272 5359 debui-ras
2313 5304 2488 5373 :qnia
2545 5314 2722 5359 tamen
2772 5307 2919 5375 quod
2978 5321 3087 5375 pne
3145 5315 3195 5360 te
3246 5305 3438 5371 ferres,

1864 5414 1967 5453 non
1995 5397 2249 5459 habuisti,
2300 5413 2414 5450 rem
2477 5398 2694 5452 silentio
2748 5399 3148 5462 transmisisti;
3207 5401 3299 5453 sed
3336 5416 3438 5467 ego

1864 5494 1960 5547 tibi
1999 5495 2048 5545 in
2084 5491 2400 5545 memoriam
2448 5491 2721 5545 reducam.
2760 5490 2973 5561 Moyses
3007 5507 3111 5545 non
3158 5491 3440 5562 lcgislater

1866 5584 2264 5649 tantummodo,
2298 5600 2486 5637 verum
2524 5584 2688 5638 etiam
2721 5584 2984 5653 propheta
3027 5592 3163 5648 erat,
3216 5585 3441 5653 ejusqvc

1869 5677 2273 5750 preplietiarum
2309 5676 2551 5748 quotidie
2582 5676 2789 5733 exitum
2827 5677 3124 5733 cernimus.
3160 5675 3216 5732 ln
3262 5688 3311 5734 te
3347 5691 3439 5731 au-

1942 5859 2051 5921 (θῇ)
2084 5860 2204 5916 qnr.
2243 5858 2355 5927 \‘lf,
2388 5861 2503 5924 liii,
2544 5859 2657 5915 139.
