4168 6450
749 402 779 461 7
792 396 860 459 43

2020 391 2316 452 NlCET/E
2354 391 2759 453 BYZANTINI

3924 405 4031 469 744

688 558 691 561 .
750 520 854 564 tem
905 504 1037 575 quid
1086 501 1456 558 admiremur?
1507 499 1783 565 libidines,
1817 499 2014 563 credes,
2065 500 2339 563 incendia,

2445 501 2544 568 τῆς
2571 502 2723 563 θείας
2760 502 2982 571 Γραφῆς
3012 504 3139 568 τοὺς
3171 504 3468 577 λιοασμούς
3494 525 3509 574 ;
3563 509 3722 563 λίθων
3770 512 3885 581 γὰρ
3916 516 4029 583 χεί-

748 595 1201 664 deprzedationes.
1253 592 1639 662 blasphemias,
1672 600 1727 645 et
1771 589 1971 645 divina:
2022 587 2320 658 Scriptura:

749 684 1147 755 lapidationes?
1197 684 1400 737 etenim
1454 682 1692 750 lapidum
1731 682 1901 735 instar
1936 690 2065 736 sunt
2108 681 2324 737 scelesti

749 795 1029 834 sermones
1053 775 1647 847 tui.'chatus,inquit,
1675 774 1767 829 Dei
1808 791 1948 829 sum.
1987 775 2192 830 Revera
2237 791 2329 844 ap-

750 882 898 939 part-t
918 870 1202 936 cujusnam
1228 870 1319 922 Dei
1348 880 1401 920 tu
1424 868 1634 937 legatus
1650 869 1746 931 sis,
1775 866 1864 920 Dei
1890 868 1982 934 qui
2012 867 2122 922 Deo
2144 868 2332 921 adver-

751 971 919 1018 satur.
954 960 1252 1018 mendacis,
1292 958 1709 1011 calumniatoris
1738 975 1751 1009 :
1783 957 1917 1009 nihil
1949 957 2094 1010 enim
2136 967 2332 1026 przetcr

751 1051 863 1103 haec
895 1050 1056 1103 docet
1085 1051 1374 1120 legationis
1406 1059 1511 1102 tua:
1551 1064 1767 1113 sermo;
1811 1048 2029 1101 tametsi
2062 1049 2327 1103 auditori-

752 1142 853 1194 bus
874 1143 1234 1195 reverentiam
1269 1140 1513 1193 incutere
1540 1140 1733 1193 niteris
1765 1138 1876 1191 veri
1913 1138 2003 1192 Dei
2036 1142 2330 1194 mentione.

755 1234 1145 1289 Verumtamen
1181 1236 1315 1289 satis
1360 1237 1485 1290 hinc
1516 1233 1854 1303 coargueris,
1889 1234 2030 1303 quod
2062 1235 2195 1287 nihil
2224 1235 2333 1288 llco

751 1328 975 1395 dignum
1008 1326 1228 1391 effaris;
1264 1336 1318 1381 et
1367 1327 1510 1395 quod
1543 1328 1717 1396 ipsum
1773 1325 1944 1379 Deum
1979 1325 2335 1395 blasphemiis

752 1418 1070 1483 labefactas,
1108 1419 1319 1489 tibique
1351 1435 1412 1474 ea
1459 1419 1690 1474 ascribis
1735 1434 1857 1487 qua:
1908 1434 2090 1472 rerum
2140 1429 2335 1473 natura

752 1527 860 1564 non
895 1513 1122 1581 patitur.
1161 1510 1295 1564 Nam
1327 1511 1602 1579 quomodo
1637 1510 1872 1564 Satanas
1897 1511 2023 1574 erit,
2047 1510 2137 1577 qui
2178 1507 2335 1562 Sata-

753 1619 878 1656 nam
933 1612 985 1657 te
1025 1618 1242 1672 quoque
1294 1604 1596 1656 allirmante
1654 1601 1963 1657 destruxit?
2005 1601 2193 1654 Nonne
2237 1599 2337 1655 vim

756 1694 870 1756 Dei,
900 1705 1165 1763 priet-cpta
1224 1696 1395 1764 ipsius
1423 1699 1677 1765 legesque
1714 1694 2076 1765 appellantur,
2105 1707 2245 1761 quas
2279 1700 2334 1745 tu

754 1783 970 1837 Satana:
1001 1787 1116 1839 vias
1145 1801 1269 1840 esse
1298 1786 1477 1839 dicis?

825 1875 915 1927 57.
951 1873 1080 1928 Post
1124 1875 1259 1939 hare,
1312 1884 1571 1943 tanquam
1620 1873 1789 1943 patris
1838 1872 2103 1927 mendacii
2132 1872 2340 1942 legatus

755 1978 807 2021 ct
830 1967 1113 2036 propheta,
1134 1983 1257 2021 cum
1284 1968 1372 2019 illo
1391 1976 1554 2035 petrze
1578 1967 1764 2020 scissa:
1783 1966 2049 2020 miraculo
2074 1964 2337 2034 quasdam

756 2075 884 2111 suas
919 2060 1110 2111 miscet
1144 2060 1361 2129 spurius
1399 2059 1632 2123 fabulas,
1664 2070 1722 2113 ut
1747 2061 1935 2128 Moyse
1965 2060 2209 2111 rideatur
2244 2072 2340 2111 sa-

757 2149 1009 2217 pientior,
1033 2158 1088 2203 et
1123 2153 1434 2204 accuratior
1466 2150 1784 2215 historicus,
1812 2150 2044 2218 ideoque
2077 2148 2152 2201 ait
2180 2164 2191 2199 :
2224 2165 2241 2198 ι
2275 2146 2341 2200 Ει

753 2250 1053 2308 eruperunt
1099 2256 1164 2294 ex
1194 2241 1281 2294 illa
1314 2240 1600 2295 duodecim
1637 2241 1836 2295 fontes.
1880 2260 1897 2292 ι
1935 2243 1999 2295 Et
2028 2240 2191 2310 paulo
2218 2250 2341 2311 post

756 2332 906 2384 addit
934 2350 946 2383 :
989 2350 1006 2382 ι
1050 2333 1113 2385 Et
1147 2347 1270 2385 cum
1302 2331 1472 2386 Judaei
1506 2341 1866 2386 contumaces
1898 2333 1950 2385 in
1991 2348 2055 2386 eo
2093 2334 2337 2396 fuerunt,

755 2420 898 2488 quod
945 2421 1052 2475 illis
1102 2423 1330 2475 vetitum
1378 2430 1515 2485 erat,
1567 2423 1804 2477 diximus
1849 2424 1956 2478 illis
1989 2441 2001 2476 :
2037 2421 2223 2477 Estote
2255 2425 2327 2478 si-

755 2512 898 2574 lui-.e,
949 2522 1003 2565 ct
1053 2513 1179 2567 facti
1214 2524 1341 2568 sunt
1373 2515 1593 2584 quidam
1625 2514 1841 2567 illorum
1888 2515 2059 2567 simi-.1:
2082 2515 2345 2583 capistra-

758 2615 844 2657 ιω.
888 2624 905 2656 ι
941 2605 1237 2671 llactenns,
1264 2622 1580 2676 quanquam
1625 2606 1767 2659 haud
1804 2606 2186 2674 intempestiva
2225 2617 2342 2661 erat

758 2697 1034 2751 sermonis
1065 2699 1459 2766 peregrinitas;
1498 2700 1588 2752 sed
1617 2698 1801 2766 plures
1831 2697 1970 2750 idem
1997 2698 2338 2751 mandantes.

758 2789 979 2845 Rursus
1025 2807 1154 2844 vero
1185 2791 1253 2844 ad
1287 2791 1407 2845 illas
1436 2792 1636 2861 quibus
1686 2799 1800 2844 tota
1849 2791 1968 2859 ejns
2000 2792 2178 2845 oratio
2208 2806 2343 2845 eon-

760 2886 963 2939 texitnr
996 2883 1364 2951 blasphemias
1415 2883 1573 2945 redit,
1626 2897 1821 2950 nempe
1860 2882 2027 2934 Deum
2058 2896 2181 2935 esse
2212 2897 2344 2935 cau-

759 2990 875 3027 sam
945 2973 1239 3037 malorum,
1283 2973 1516 3041 aitque:
1558 2992 1576 3021 ί
1617 2971 1787 3036 Quem
1845 2971 1987 3025 Deus
2020 2972 2223 3042 dirigit,
2256 2973 2344 3027 ille

757 3068 1001 3119 directus
1062 3075 1175 3140 est;
1224 3081 1364 3134 quos
1410 3074 1591 3118 autem
1653 3078 1839 3118 errare
1896 3064 2048 3127 facit,
2098 3066 2175 3117 illi
2216 3074 2346 3120 sunt

758 3158 996 3212 erronei.
1036 3175 1055 3208 ι
1095 3158 1157 3210 Et
1198 3158 1359 3225 paulo
1411 3168 1532 3225 pmt
1592 3157 1733 3209 idem
1783 3156 2118 3210 conﬁrmans
2168 3157 2341 3211 dicit:

763 3267 781 3298 ι
825 3246 940 3301 Non
1010 3248 1263 3316 pos~ideo
1305 3250 1498 3301 attinnt:
1554 3263 1688 3301 meae
1724 3247 1839 3301 sive
1886 3247 2173 3301 utilitatem
2233 3249 2347 3302 sive

757 3340 1044 3403 damnum,
1072 3339 1178 3393 nisi
1202 3339 1346 3408 quod
1380 3340 1611 3392 voluerit
1647 3338 1810 3392 Dens.
1853 3358 1869 3389 ι
1898 3338 2110 3393 Oblitus
2163 3351 2343 3394 autem

758 3431 902 3499 quod
929 3430 1090 3499 paulo
1120 3438 1279 3483 antea
1317 3431 1636 3500 prophetam
1670 3446 1727 3485 se
1757 3440 2189 3500 nuncupaverat,
2218 3432 2293 3484 ait
2331 3448 2342 3483 :

764 3542 782 3573 ι
822 3522 977 3586 Quod
1035 3522 1080 3575 si
1126 3523 1309 3574 omnia
1364 3522 1581 3587 seirem,
1639 3531 1785 3575 certe
1838 3522 2231 3590 multiplicarer
2280 3539 2345 3576 ex

761 3611 925 3675 bono,
962 3626 1140 3680 neque
1193 3627 1280 3664 me
1332 3612 1537 3663 malum
1584 3612 1898 3679 attingeret.
1948 3608 2064 3663 Non
2095 3626 2216 3664 sum
2245 3626 2345 3680 ego

762 3704 866 3757 nisi
908 3703 1190 3757 intimator
1233 3712 1287 3757 et
1330 3703 1732 3771 evangelizatnr
1776 3703 1974 3772 populo
2013 3704 2276 3759 credenti.
2322 3724 2341 3756 ι

762 3793 968 3847 Deinde
996 3793 1137 3847 facta
1171 3794 1453 3863 aliquanta
1486 3794 1901 3849 idololatrarum
1927 3797 2342 3864 objurgatione;

763 3890 905 3942 hanc
931 3888 1076 3939 enim
1113 3902 1332 3955 semper
1382 3887 1484 3940 sibi
1531 3902 1820 3956 personant
1865 3889 2070 3952 induit;
2117 3889 2347 3957 adjectis

765 3979 1050 4032 nonnullis
1079 3977 1480 4032 aversabilibus
1511 3990 1562 4033 et
1586 3978 1864 4045 absurdis,
1895 3995 2157 4049 nugacem
2189 3980 2346 4034 labuo

764 4071 869 4123 lam
902 4069 1198 4139 abrumpit.

1238 4267 1684 4323 CONFUTATIO
1752 4268 1868 4323 νη.

837 4364 925 4418 58.
967 4361 1213 4433 Septima
1258 4360 1596 4417 Mohamedis
1632 4361 1815 4415 fabula
1846 4362 1993 4417 cmde
2021 4361 2261 4419 humana
2291 4372 2346 4419 et

764 4456 1052 4510 occidione
1094 4462 1206 4507 tota
1236 4453 1503 4507 redundat
1540 4472 1554 4505 ι
1599 4452 1915 4506 inscribitur
1952 4452 2100 4506 enim
2146 4452 2343 4505 Manu-

2441 607 2565 662 ρους
2594 592 2643 643 οἱ
2682 593 2897 657 ἀσεϐεῖς
2928 612 3021 648 σου
3055 595 3238 665 λόγοι·
3268 599 3427 663 Θεοῦ,
3467 603 3653 670 φησὶν,
3692 602 3855 675 [εἰμὶ]
3892 606 4028 659 d126-

2436 684 2641 748 στολος”
2664 685 2829 753 φαίνῃ
2855 688 2961 755 γὰρ
2978 690 3145 751 ὅντως
3173 691 3326 743 ποίου
3350 692 3487 747 Θεοῦ
3515 695 3815 759 ἀπόστολος
3838 698 4024 765 ὑπάρ-

2435 796 2570 847 χεις,
2598 778 2691 829 τοῦ
2726 780 3019 848 Θεομάχου,
3048 782 3143 834 τοῦ
3192 783 3556 854 ψευδηγόρου,
3592 787 3687 839 τοῦ
3741 790 4022 855 συκοᾳάνο

2432 886 2526 922 του
2552 887 2563 898 ·
2596 870 2747 923 οὐδὲν
2786 874 2894 943 γὰρ
2928 872 3118 925 τούτου
3172 875 3333 929 πλέον
3369 893 3463 929 σου
3495 880 3522 930 ὁ
3558 880 3656 948 τῆς
3714 879 4029 947 ἀποστολῆς

2431 961 2668 1015 διδάσκει
2716 961 2903 1029 λόγος’
2968 965 3073 1017 κᾶν
3119 968 3167 1018 εξ
3221 968 3493 1021 δυσωπεῖν
3551 971 3855 1041 ἐπιχειρεῖς
3901 978 4029 1035 τοὺς

2433 1053 2732 1117 ἀκούοντας
2773 1057 2835 1108 ὲκ
2866 1056 2965 1125 τῆς
2993 1057 3085 1109 τοῦ
3106 1057 3275 1120 ὅντως
3302 1059 3437 1112 Θεοῦ
3466 1064 3836 1133 προσηγορίας
3862 1080 3878 1094 ·
3910 1066 4026 1117 ἀλλ’

2435 1148 2631 1221 ἐλέγχῃ
2661 1151 2725 1203 ὲκ
2752 1150 2844 1203 τοῦ
2870 1153 3036 1222 μηδὲν
3064 1154 3172 1206 τῶν
3211 1158 3286 1223 τῷ
3318 1156 3436 1225 Θεῷ
3461 1158 3847 1227 προσηκόντων
3880 1178 4024 1227 γνω-

2438 1241 2702 1311 μοδοτεῖν,
2736 1244 2831 1298 καὶ
2862 1244 2956 1296 τοῦ
2996 1246 3160 1300 αὐτὸν
3190 1247 3280 1299 τὸν
3312 1248 3447 1301 θεὸν
3480 1250 3858 1320 ἀνατρέποντα
3893 1253 4027 1305 δυσο

2437 1340 2659 1405 φημεῖιι,
2690 1342 2785 1392 καὶ
2816 1341 3150 1411 προσάπτειν
3182 1342 3330 1412 αὐτῷ
3360 1343 3394 1396 ἆ
3424 1346 3545 1399 οὐδὲ
3576 1346 3710 1418 αὐτὴ
3737 1348 3847 1399 τῶν
3883 1366 4026 1419 πρα-

2437 1427 2661 1496 γμάτων
2694 1430 2726 1499 ἡ
2781 1432 2940 1497 φύσις
2973 1433 3242 1502 ἐγχωρεῖ·
3278 1435 3395 1497 πῶς
3427 1436 3534 1505 γάρ
3566 1436 3809 1501 Σατανᾶς
3839 1440 4019 1501 ἔσται,

2436 1521 2464 1571 ὁ
2496 1520 2585 1571 τὸν
2612 1520 2853 1575 Σατανᾶν
2881 1525 3171 1594 καταργῶν
3200 1526 3339 1594 μετὰ
3375 1527 3501 1593 σοῦ;
3532 1528 3563 1596 ἦ
3596 1530 3719 1599 οὐχὶ
3742 1531 3851 1583 ὁδοὶ
3882 1531 4022 1585 Θεοῦ

2438 1614 2494 1665 αἱ
2515 1614 2722 1667 ἐντολαὶ
2743 1616 2909 1668 αὑτοῦ
2934 1618 3028 1670 καί
3047 1620 3100 1670 al
3132 1620 3440 1687 νομοθεσίαι
3460 1622 3622 1676 αὑτοῦ
3642 1624 4025 1693 ὀνομάζονται,

2436 1704 2502 1770 ἃς
2528 1707 2590 1759 σὺ
2620 1705 2772 1770 ὁδοὺς
2798 1708 2904 1777 φὴς
2934 1706 3075 1764 εἶναι
3110 1711 3198 1764 τοῦ
3232 1712 3475 1779 Σατανᾶς

2518 1891 2616 1956 vI’.
2650 1889 2780 1945 Εἶτα
2832 1892 2924 1947 ἐπὶ
2952 1894 3163 1959 τούτοις
3194 1895 3270 1958 ὡς
3310 1897 3405 1949 τοῦ
3437 1900 3644 1969 πατρὸς
3668 1899 3760 1953 τοῦ
3793 1901 4028 1970 ψεύδους

2443 1985 2518 2038 ῶν
2548 1986 2844 2049 ἀπόστολος
2882 1987 2979 2041 καὶ
3008 1990 3319 2059 προφήτης,
3373 1988 3471 2059 τῆς
3505 1992 3646 2047 κατά
3676 1994 3772 2064 τὴν
3799 1995 4029 2065 ἀκρότο-

2446 2095 2545 2147 μον
2575 2078 3018 2150 Θαυματουργίας
3051 2083 3379 2151 παρεισάγει
3407 2081 3475 2137 τὰ
3512 2081 3645 2137 νόθα
3697 2084 3862 2139 αὑτοῦ
3918 2106 4028 2157 μυ-

2444 2171 2711 2240 οεύματα,
2746 2173 2820 2233 ὡς
2850 2173 2914 2225 ἂν
2940 2172 3067 2243 δόξῃ
3110 2174 3205 2227 καὶ
3239 2175 3518 2240 Μωῦσέως
3560 2178 3867 2249 σοφώτερος
3930 2182 4030 2233 καὶ

2442 2262 2833 2332 ἀκριϐέστερος
2884 2261 3020 2317 εἶναι
3087 2263 3377 2338 ἐξηγητὴς,
3441 2267 3533 2323 καί
3590 2287 3790 2339 φησιν’
3861 2291 3881 2323 ι
3918 2273 4032 2326 Καὶ

2444 2355 2678 2426 ἐϐρυσαν
2709 2357 2767 2423 ἐξ
2800 2357 2968 2426 αὐτῆς
2996 2357 3204 2412 δώδεκα
3234 2360 3426 2429 πηγαί.
3465 2380 3485 2414 ι
3541 2364 3651 2416 Καὶ
3681 2366 3801 2432 μετ’
3842 2364 4030 2433 ὀλίγον

2444 2447 2801 2517 προστίθησιν
2836 2450 2982 2518 (95)·
3036 2468 3054 2500 ι
3102 2451 3219 2503 Ὂτ“
3249 2450 3315 2504 ἂν
3352 2452 3409 2506 δὲ
3463 2454 3757 2523 ἐπέμειναν
3787 2457 3835 2507 οἱ
3894 2457 4031 2508 ’1ου-

2445 2537 2582 2589 δαῖοι
2612 2540 2689 2600 εἰς
2720 2538 2755 2591 ἃ
2783 2539 3084 2593 ἐκωλύοντο
3111 2542 3167 2605 ἐξ
3192 2542 3391 2607 αὐτῶν,
3424 2544 3652 2614 εἴπομεν
3678 2548 3859 2611 αὐτοῖς
3879 2564 3894 2576 ·
3928 2548 4033 2600 Γέ-

2446 2628 2603 2681 νεσοε
2638 2630 2895 2699 πίθηκοι·
2933 2634 3025 2683 καὶ
3073 2633 3323 2700 ἐγένοντο
3349 2634 3479 2688 ἔνιοι
3513 2636 3736 2707 πίθηκοι
3768 2656 4033 2707 περιμωο

2450 2720 2622 2787 μένοι.
2662 2739 2679 2772 ι
2746 2722 2893 2783 Τέως
2929 2723 2977 2774 εί
3032 2725 3124 2776 καὶ
3181 2724 3256 2794 μὴ
3288 2725 3516 2796 ἄκαιρον
3538 2720 3607 2797 ἦν
3639 2729 3701 2781 τὸ
3738 2730 3834 2781 τοῦ
3867 2730 4033 2797 λόγον

2446 2813 2615 2879 ξένον,
2646 2812 2781 2866 ἀλλὰ
2810 2813 3031 2877 πλείους
3060 2813 3191 2867 αὐτὸ
3225 2817 3274 2868 οί
3311 2819 3738 2888 προστάξαντες.
3774 2820 3945 2874 Πάλιν
3974 2822 4032 2872 δὲ

2445 2905 2543 2973 τῆς
2572 2906 2638 2957 δι’
2668 2906 2788 2958 ὅλου
2837 2904 2985 2976 αὐτῷ
3010 2906 3105 2959 τοῦ
3157 2908 3316 2976 λόγου
3366 2909 3710 2981 πλεκομένης
3752 2914 4032 2983 μέμνηται

2444 2996 2771 3067 δυσφημίας,
2808 2998 2902 3051 τοῦ
2932 3001 3022 3052 τὸν
3045 3001 3177 3053 Θεὸν
3201 2997 3339 3055 εἷναι
3367 3003 3473 3055 τῶν
3501 3004 3688 3057 κακῶν
3713 3006 3909 3069 αἴτιον,
3940 3006 4037 3059 καί

2447 3106 2639 3157 φησιν’
2684 3108 2701 3139 ι
2740 3089 2844 3141 Τὸν
2873 3090 3060 3157 ὁδηγεῖ
3088 3094 3114 3143 ὁ
3143 3092 3295 3156 Θεὸς,
3331 3093 3535 3156 ἐκεῖνός
3563 3097 3710 3147 ἔστιν
3741 3095 4032 3166 ὠδηγημέ-

2373 3191 2416 3247 (ζ
2451 3196 2564 3243 νος⁶
2596 3182 2689 3235 καὶ
2713 3183 2836 3245 τοὺς
2865 3183 3273 3253 πλανᾷ,ὲκεῖνοί
3302 3188 3436 3239 εἰσιν
3458 3187 3991 3257 ἐλλειμματιτμένοι.
4010 3210 4031 3240 ι

2450 3271 2561 3323 Καὶ
2588 3273 2706 3338 μετ’
2736 3272 2891 3338 ὀλίγα
2922 3273 2980 3323 τὸ
3014 3273 3146 3325 αὐτὸ
3195 3273 3449 3341 βεϐαιῶν,
3496 3296 3512 3325 ι
3549 3279 3630 3329 δτι
3683 3280 3755 3331 Οὐ
3791 3279 4034 3346 κυριεὺω

2395 3386 2401 3393 η
2448 3364 2552 3432 τῆξ
2576 3364 2754 3434 ψυχῆς
2786 3382 2888 3433 μου
2939 3365 3208 3431 ὠφέλειαν
3239 3364 3363 3419 οὔτε
3399 3366 3604 3438 βλάϐην
3626 3411 3641 3432 ,
3691 3369 3808 3422 ἀλλ’
3838 3372 3978 3440 ὅπερ
4007 3370 4034 3422 ὁ

2449 3454 2578 3515 Θεὸς
2611 3454 2773 3506 ϐέλει.
2820 3472 2836 3503 ι
2889 3454 2997 3506 Καὶ
3026 3451 3417 3522 ἐπιλαθόμενος
3460 3455 3538 3509 ὅτι
3576 3458 3864 3528 προφήτην
3910 3460 4037 3513 ἑαυ-

2448 3545 2539 3598 τὸν
2572 3546 2677 3614 πρὸ
2707 3547 2905 3615 μικροῦ
2933 3549 3295 3617 ἐπεφήμιζεν,
3330 3548 3513 3617 λέγει’
3572 3568 3590 3599 ι
3622 3549 3732 3602 Καὶ
3762 3553 3809 3603 εἰ
3844 3552 4037 3619 ἐγίνω-

2451 3656 2577 3690 σκον
2606 3638 2673 3691 τὰ
2734 3638 2971 3704 ᾶπαντα,
3038 3637 3182 3709 εἶχον
3226 3640 3522 3695 πλεονάσαι
3561 3642 3625 3693 ὲκ
3651 3641 3745 3694 τοῦ
3786 3642 4032 3709 ἀγαθοῦ·

2449 3732 2544 3783 καὶ
2572 3730 2671 3783 οὐκ
2700 3726 2844 3799 εἶχέν
2880 3748 2982 3800 μου
3017 3730 3257 3799 ἅψασθαι
3288 3731 3481 3788 δεινόν.
3516 3735 3628 3785 Οὐκ
3679 3734 3796 3803 εἰμὶ
3827 3733 3938 3801 ἐγὼ
3985 3737 4035 3786 εξ

2452 3821 2527 3891 μὴ
2555 3822 2860 3891 ἀνατάλτης
2898 3825 2992 3875 καὶ
3036 3823 3429 3894 εὐαγγελιστὴς
3460 3824 3593 3877 λαοῦ
3644 3824 4032 3886 πιστεύοντος·

2447 3914 2573 3980 δόξα
2618 3914 2674 3967 δὲ
2712 3914 2907 3984 μικρόν
2937 3932 2990 3967 τι
3025 3914 3373 3983 καταγνῶναι
3428 3915 3538 3967 τῶν
3587 3917 4039 3987 εἰδωλολατροόνει

2447 4023 2555 4058 των
2582 4021 2595 4035 ⁸
2623 4006 2782 4059 τοῦτο
2816 4006 2924 4077 γὰρ
2954 4007 3040 4059 ἀεὶ
3072 4005 3364 4060 ὑποδύεται
3409 4006 3469 4059 τὸ
3499 4012 3868 4077 προσωπεῖον,
3897 4014 4039 4079 μετὰ

2446 4099 2507 4150 τὸ
2538 4097 2709 4150 θεῖναι
2759 4098 2925 4151 αὐτόν
2981 4116 3035 4152 τι
3074 4098 3183 4151 τῶν
3239 4100 3591 4153 ἀπευκταίων
3625 4101 3720 4154 καὶ
3769 4102 4038 4166 ἀδέκτων,

2448 4189 2755 4261 ἀποτέμνει
2774 4190 2864 4243 τὸν
2894 4189 3199 4261 φλήναφον.

2967 4283 3411 4338 ΕΛΕΓΚΤῙΚΟΣ
3442 4287 3517 4340 Z'.

2519 4375 2619 4447 νη’.
2667 4376 2726 4430 '0
2753 4376 2980 4447 ἕϐδομος
3015 4375 3180 4446 μῦθος
3232 4378 3310 4447 τῷ
3359 4378 3608 4449 Μωάμετ
3648 4380 4041 4450 ἀνδροκτονίας

2449 4472 2543 4524 καὶ
2574 4471 2887 4541 μιαιφονίας
2918 4471 3275 4542 πεπλήρωται
3306 4472 3358 4540 (9
3372 4472 3415 4538 ι)
3440 4489 3454 4501 ·
3491 4474 3895 4544 ἐπιγέγραπται
3932 4478 4043 4545 γὰρ

765 4551 974 4603 biarum
1016 4549 1231 4601 divisio.
1264 4547 1327 4601 Et
1356 4547 1576 4616 quidem
1606 4546 1798 4600 incitat
1832 4557 2117 4616 armatque
2160 4549 2340 4601 omni-

2456 4565 2595 4632 Περὶ
2621 4563 2915 4634 μερισμοῦ
2971 4566 3247 4617 σκύλωνσ
3289 4562 3592 4633 διανίστησι
3623 4566 3680 4618 δὲ
3710 4567 3803 4618 καὶ
3830 4566 4045 4630 ἐξοπλὶά

767 4642 928 4695 mode
976 4642 1243 4695 barbaros
1275 4648 1332 4693 ut
1364 4654 1422 4693 se
1455 4638 1894 4692 Christianorum
1928 4639 2192 4709 sanguine
2218 4655 2345 4694 cru-

763 4744 987 4799 entent;
1024 4733 1217 4802 injecta
1262 4734 1561 4801 praesertim
1597 4746 1692 4802 spe
1720 4742 1940 4799 paratae,
1971 4742 2029 4786 ut
2053 4734 2149 4795 ait,
2180 4749 2209 4786 a
2238 4733 2348 4787 Deo

766 4828 1039 4882 mercedis
1091 4828 1144 4880 iu
1196 4824 1452 4895 paradiso
1505 4824 1573 4879 iis
1618 4825 1712 4891 qui
1767 4825 2019 4879 cominus
2068 4841 2193 4880 cum
2242 4826 2346 4881 illis

767 4918 1215 4990 congrediemur.
1236 4916 1495 4982 Quintam
1520 4926 1702 4970 autent
1730 4916 2112 4969 manubiarum
2137 4927 2344 4984 partem

767 5014 877 5067 Deo
909 5011 1145 5067 dandam
1180 5014 1368 5064 monet
1396 5017 1450 5063 ct
1481 5011 1600 5078 ejus
1629 5008 1809 5077 legato
1838 5023 1976 5060 ιιιοη
2005 5006 2151 5060 enim
2181 5021 2346 5076 Opor—

770 5106 919 5158 tebat
970 5103 1246 5156 lucrorutn
1305 5100 1445 5154 haud
1498 5114 1618 5154 esse
1665 5099 1982 5167 participem
2036 5097 2185 5152 illutn
2250 5098 2343 5167 qui

769 5196 1092 5267 perditionls
1120 5207 1287 5250 caesa
1334 5194 1525 5249 iisdem
1550 5203 1665 5247 erat
1703 5212 1716 5246 :
1751 5207 2165 5262 congruumque
2210 5200 2349 5255 erat,

770 5288 982 5344 cruenti
1038 5288 1219 5359 populi
1249 5296 1303 5341 et
1334 5286 1668 5342 cruentioris
1721 5287 1902 5355 legati,
1950 5294 2179 5340 cruenta
2227 5300 2350 5339 esse

773 5386 1037 5439 facinora.
1094 5383 1156 5435 Et
1202 5381 1446 5435 ironieus
1500 5380 1613 5448 ipse
1664 5378 1837 5431 ironia
1881 5378 2002 5432 illos
2052 5377 2127 5431 uti
2172 5377 2345 5446 jubet.

772 5476 941 5530 Nobis
990 5473 1454 5541 interrogantibus
1500 5472 1554 5524 in
1603 5471 1702 5523 hac
1752 5486 1807 5522 re
1838 5478 1891 5522 ct
1936 5469 2230 5535 similibus,
2282 5470 2349 5522 de

776 5570 971 5625 beﬂica
1012 5567 1361 5637 eXpeditlone
1406 5565 1577 5619 siluit.
1627 5562 2013 5617 Verumtamen
2060 5562 2345 5617 sciendum

776 5672 882 5729 est,
924 5660 1071 5732 quod
1121 5672 1324 5730 gnarus
1375 5657 1581 5713 illatam
1622 5672 1742 5712 esse
1797 5655 1955 5712 nobis
2000 5663 2221 5726 propter
2267 5655 2348 5710 in«

862 5835 969 5908 (9:5)
1005 5835 1131 5890 δην.
1162 5832 1277 5888 vn.
1318 5834 1435 5887 tm.
1466 5833 1585 5886 μη.
1623 5831 1738 5887 ιτςι.
1788 5831 1905 5885 ιρςι.

2457 4656 2540 4720 ζει
2574 4658 2699 4719 τοὺς
2754 4655 3064 4726 βαρϐάρους
3120 4654 3359 4721 παντοίῳ
3413 4656 3600 4726 τρόπῳ
3629 4659 3742 4719 τοῖς
3770 4657 3879 4709 τῶν
3905 4661 4045 4727 Χρι-

2462 4748 2694 4801 στιανῶν
2745 4748 2940 4817 αἵμασι
2993 4743 3489 4818 καταχραίνεσθαι·
3544 4744 3840 4818 ἐξαιρέτως
3872 4751 3931 4804 δὲ
3974 4756 4042 4821 τῇ

2456 4840 2633 4893 ἐλπίδι
2669 4840 2767 4909 τῆς
2793 4841 3187 4908 ἀποκειμένης,
3222 4842 3376 4908 φησὶ,
3434 4840 3586 4911 παρὰ
3612 4840 3732 4911 Θεῷ
3768 4842 4045 4911 μισθαπο-

2452 4932 2635 4993 δοσίας
2661 4932 2717 4983 ἐν
2742 4929 3055 5000 παραδείσῳ
3080 4931 3190 4993 τοῖς
3218 4930 3385 4999 ὁμόσε
3411 4929 3653 5001 χωροῦσι
3680 4929 3799 4985 κατ’
3824 4934 4008 4987 αὐτῶν
4028 4952 4041 4965 ι

2454 5022 2713 5091 πέμπτην
2743 5014 2800 5074 δὲ
2827 5015 3021 5091 μοῖραν
3043 5018 3156 5074 τῶν
3186 5021 3395 5074 σκύλων
3425 5023 3503 5092 τῷ
3531 5023 3651 5094 Θεῷ
3681 5042 3813 5094 φησι
3839 5016 4045 5080 διδόναι

2456 5117 2552 5170 καὶ
2605 5115 2684 5186 τῷ
2731 5116 3015 5185 ἀποστόλῳ
3053 5110 3219 5169 αὑτοῦ
3244 5128 3256 5140 ·
3298 5116 3360 5168 οὐ
3406 5116 3513 5186 γὰρ
3544 5118 3652 5170 ἔδει
3689 5119 3764 5187 μὴ
3802 5118 3899 5171 καὶ
3933 5120 4046 5171 τῶν

2457 5207 2664 5277 κερδῶν
2694 5208 2877 5269 αὐτοῖς
2911 5207 3240 5276 κοινωνῆσαι
3269 5206 3357 5260 τὸν
3386 5207 3481 5261 καὶ
3509 5208 3612 5276 τῆς
3640 5207 3917 5271 ἀπωλείας
3950 5212 4047 5262 αὖε-

2455 5298 2565 5363 τοῖς
2594 5301 2764 5353 αἴτιον
2787 5317 2799 5329 ·
2831 5301 2936 5353 ἔδει
2966 5299 3020 5352 δὲ
3049 5302 3113 5353 ἐκ
3149 5301 3436 5369 μιαιιρόνου
3462 5301 3591 5355 λαοῦ
3622 5298 3716 5355 καὶ
3745 5320 4046 5372 μιαιφονωο

2456 5395 2617 5463 τέρου
2650 5393 2947 5446 ἀποστόλου
2980 5393 3298 5463 μιαιφόνους
3341 5389 3481 5447 εἶναι
3530 5395 3629 5458 τὰς
3673 5396 3903 5465 πράξεις
3925 5413 3941 5425 ·
3971 5399 4039 5449 εξ.

2461 5488 2827 5559 ρωνευόμινος
2852 5487 2908 5541 δὲ
2933 5489 3027 5540 καὶ
3054 5486 3362 5557 εἰρωνεύειν
3390 5490 3587 5552 αὐτοὺς
3619 5488 3827 5542 κελεύει
3848 5505 3863 5520 °
3887 5491 4046 5561 ήμῶι

2463 5579 2799 5650 αἰτουμένων
2822 5576 2917 5632 καὶ
2946 5581 3003 5632 ὲν
3041 5579 3251 5643 τοὺτοις
3279 5582 3372 5634 καὶ
3422 5584 3531 5642 τοῖς
3572 5582 3797 5650 ὁμοίοις,
3825 5584 3923 5653 τὴν
3954 5586 4045 5635 ιχ-

2458 5673 2747 5746 στρατείαν
2768 5667 3093 5741 ἀπεσίγησε·
3116 5671 3272 5726 τοῦτο
3292 5672 3345 5727 δὲ
3373 5673 3454 5726 δεῖ
3473 5672 3689 5742 εἰδέναι,
3707 5675 3788 5728 ὅτι
3818 5676 4047 5741 σεδ-ιιδιὶιν

2542 5831 2650 5889 (Ωιι)
2681 5831 2800 5882 Sur.
2844 5828 2977 5888 VIII.
3010 5831 3058 5894 i,
3090 5832 3176 5885 Η.
