4168 6450
227 464 338 526 735

1374 474 1802 535 REFUTATIO
1830 478 2295 545 MOHAMEDIS.

3349 491 3453 559 746

222 577 326 641 τὴν
355 573 442 626 διὰ
473 573 570 635 τὰς
604 576 873 645 ἀμέτρους
903 578 1055 647 ἡμῶν
1089 578 1460 649 πλημμελείας
1494 582 1788 651 ἐπενεχθεῖ-

1902 602 2127 642 numera
2169 601 2387 659 peccata
2427 601 2613 648 nostra
2650 594 2744 649 Dei
2777 595 2937 663 iram,
2971 595 3165 651 atheus
3201 594 3291 649 hic
3333 596 3459 650 bar-

223 682 326 716 σαν
372 667 503 734 ἡμῖν
533 667 699 735 ὀργὴν
735 670 797 719 ἐκ
839 669 997 736 Θεοῦ,
1027 673 1055 724 6
1105 670 1261 734 ἄθεος
1310 666 1465 735 οὗτος
1526 674 1799 743 βάρϐαρος

219 757 441 823 ἥρπασε
463 758 552 809 τὸν
575 758 763 826 καιρὸν
789 760 866 822 είς
895 761 994 830 τὴν
1025 763 1165 814 κατὰ
1186 761 1278 815 τοῦ
1298 764 1532 832 Χριστοῦ
1560 763 1801 833 βλασφη-

224 846 379 913 μίαν.
412 847 504 898 καὶ
536 846 603 898 δι’
634 847 887 917 οὐδεμίαν
917 852 1109 919 ἑτέραν
1142 852 1321 905 αἰτίαν
1348 856 1512 923 φησιν
1544 856 1689 924 ἡμᾶς
1720 856 1799 917 είς

220 940 411 1007 χεῖρας
442 937 620 990 αἰτῶν
651 941 1033 1009 παραδίδοσθαι
1064 986 1077 1008 ,
1108 944 1140 1014 ἣ
1188 943 1274 997 διά
1304 944 1364 996 τὸ
1408 944 1695 1012 σύνθρονον
1722 946 1799 1016 τῷ

220 1029 398 1098 lia.th
432 1030 522 1082 τὸν
548 1032 780 1101 Χριστὸν
814 1032 1097 1102 ὁμολογεῖν
1121 1050 1134 1063 '
1182 1034 1263 1087 διὸ
1295 1036 1533 1107 συνεχῶς
1562 1038 1797 1106 ἀποφαί-

216 1136 370 1171 νεται
392 1136 405 1149 ’
447 1123 505 1173 ού
535 1124 643 1193 γὰρ
681 1124 863 1193 ὁδηγεῖ
889 1126 917 1177 6
945 1125 1077 1189 Θεὸς
1128 1127 1258 1180 λαὸν
1286 1129 1395 1181 τῶν
1427 1129 1759 1199 παρανόμων
1779 1145 1792 1159 ⁸

218 1212 552 1283 πολλαχόθεν
586 1216 643 1269 δὲ
685 1218 830 1271 ἐστιν
879 1220 1043 1274 αὑτὸν
1096 1221 1389 1290 ἁπελέγξαι
1421 1224 1579 1276 τοῦτο
1614 1224 1797 1287 κακῶς

214 1308 672 1377 τεκμαιρόμενον,
710 1313 954 1377 φυσικῶς
992 1330 1051 1365 τε
1103 1316 1193 1367 καὶ
1225 1316 1549 1385 Γραφικῶςο
1588 1317 1793 1386 Γραφι-

214 1395 332 1457 κῶς
362 1397 459 1465 μὲν
494 1400 601 1451 ἀπό
627 1417 684 1452 τε
714 1401 807 1454 τοῦ
844 1403 1103 1467 εὐσεϐοῦς
1150 1406 1344 1460 Ἰακὼϐ
1378 1409 1471 1459 καὶ
1504 1408 1596 1460 τοῦ
1632 1409 1792 1478 βεϐή-

213 1486 310 1537 λου
349 1488 540 1553 Ἡσαῦ,
589 1492 781 1559 Ἰωσὴφ
812 1494 868 1546 δὲ
892 1495 985 1547 καὶ
1012 1496 1287 1567 Πετεφρῆ,
1313 1498 1476 1551 Δαϐίδ
1505 1516 1561 1551 τε
1586 1501 1677 1552 καὶ
1699 1500 1794 1553 τοῦ

212 1579 535 1649 ἀγνώμονος
576 1584 768 1649 Σαοὺλ,
806 1585 1295 1659 Ναϐουχοδονοσὼρ
1330 1591 1419 1642 καὶ
1462 1590 1571 1643 τῶν
1632 1593 1795 1661 αίχμ-

213 1667 441 1722 αλὼτων
467 1674 781 1741 προφητῶν,
814 1676 907 1728 καὶ
938 1677 1140 1748 ἑτέρων
1162 1677 1426 1732 πλείστων
1455 1681 1673 1750 όμοέωψ
1694 1699 1794 1749 φυ-

213 1759 389 1823 σικῶς
412 1760 468 1813 δὲ
516 1764 623 1815 ἀπό
670 1780 729 1815 τε
764 1767 1049 1829 προϐάτων
1080 1770 1173 1821 καὶ
1219 1771 1427 1841 ἀγρίων
1468 1773 1671 1842 θηρίων
1702 1774 1795 1826 καὶ

210 1849 325 1900 τῶν
349 1852 571 1920 ὁμοίων,
600 1853 634 1907 ἃ
665 1856 760 1926 οὐχ
794 1857 868 1921 ὡς
898 1858 1119 1930 χείρονα
1153 1864 1243 1915 καὶ
1290 1864 1388 1931 τῆς
1437 1866 1514 1927 είς
1538 1866 1671 1918 Θεὸν
1700 1867 1792 1918 εὖ·

209 1943 502 2010 χαριστίας
528 1947 879 2018 ἀνεπιτήδεια
924 1951 1022 2020 τὴν
1058 1953 1259 2007 ἅλωσιν
1287 1955 1345 2021 ἐξ
1373 1957 1551 2011 αὐτῶν
1582 1959 1789 2028 ὐπομέο
1820 1924 1865 1983 Β

207 2049 290 2084 νει
319 2049 334 2064 ο
361 2034 477 2086 ἀλλ’
523 2037 596 2101 ὠς
648 2039 835 2109 ἕτερόν
871 2059 992 2095 τινα
1042 2043 1236 2114 ἔχοντα
1291 2048 1447 2115 λόγον
1480 2049 1790 2121 ἀπόρρητον

206 2123 354 2179 οὕτω
381 2128 661 2185 τέτακται.

727 2310 1164 2365 ΕΛΕΓΚἸΊΚΟΣ
1198 2313 1279 2367 H’.

271 2395 375 2449 νθ’.
420 2398 481 2449 '0
506 2398 689 2467 ὄγδοος
737 2403 905 2470 μῦθος
945 2404 1056 2475 (95)
1091 2406 1166 2475 τῷ
1210 2408 1453 2478 Μωάμετ
1490 2409 1790 2479 ἐπιγέγρα-

206 2506 337 2542 πται
371 2491 495 2560 μὲν,
527 2495 631 2559 Εἰς
647 2494 758 2559 τὴν
770 2496 1094 2564 μετάνοιαν
1115 2514 1129 2529 ο
1160 2503 1414 2570 παραινεῖ
1441 2502 1496 2555 δὲ
1516 2504 1625 2565 τοῖς
1653 2504 1786 2574 βαρ-

203 2581 395 2651 ϐάροις
420 2582 726 2654 ὡρισμένον
757 2588 876 2641 τινὰ
910 2591 1104 2659 καιρὸν
1142 2590 1222 2661 τῷ
1252 2593 1379 2645 πότε
1412 2596 1587 2665 χρόνῳ
1623 2614 1787 2666 προσ-

206 2676 390 2741 μεῖναι
434 2677 559 2739 τοὺς
592 2678 973 2748 Χριστιανοὺς,
1001 2684 1077 2746 ὡς
1126 2682 1192 2735 ἂν
1253 2684 1527 2752 βούλοιντο
1567 2688 1635 2741 τά
1666 2686 1788 2741 καθ’

204 2766 435 2831 ἑαυτοὺς
459 2768 741 2825 διαθέσθαι
768 2789 781 2803 ·
816 2775 865 2825 εἰ
892 2774 991 2843 μὲν
1012 2770 1106 2827 οῦν
1141 2775 1349 2827 ἑαυτῶν
1384 2780 1676 2848 ἐγκρατεῖς
1698 2780 1789 2847 γέ-

202 2874 398 2925 νοιντο,
429 2861 525 2914 καὶ
555 2862 922 2917 ἁποδιαστῶσι
946 2865 1045 2936 τῆς
1076 2866 1181 2919 τῶν
1203 2867 1490 2939 βαρϐάρων
1530 2887 1789 2942 περικρα-

199 2951 433 3019 τήσεως,
460 2954 697 3023 πόλεμον
726 2957 1043 3028 άναίρεσθαι
1076 2960 1212 3028 πρὸς
1264 2960 1491 3023 αὐτούς’
1522 2963 1570 3013 εί
1606 2963 1662 3016 δὲ
1691 2981 1785 3033 με-

198 3047 473 3110 ταγνοίεν,
502 3048 657 3117 φησι,
714 3050 807 3101 καὶ
837 3049 1201 3120 θρησκεύουσι
1232 3052 1331 3122 τὴν
1379 3053 1548 3106 αὑτοῦ
1597 3055 1785 3109 δυσσέ-

199 3135 369 3203 ϐειαν,
398 3138 667 3207 ἀδελφοὺς
702 3141 895 3204 αὐτοὺς
936 3142 1492 3213 προσλαμϐάνεσθαι·
1529 3150 1786 3217 παραινεῖ

198 3221 288 3280 οὖν
317 3231 434 3291 τοῖς
480 3231 835 3299 Χριστιανοῖς
878 3232 960 3285 ὅτι
1011 3234 1231 3288 κάλλιόν
1284 3237 1399 3290 ἐστι
1445 3243 1782 3310 μετανοῆσαι
1810 3256 1854 3317 c

199 3317 291 3369 καὶ
318 3319 445 3389 ζῇν,
477 3320 509 3389 ἢ
536 3322 1011 3389 Χριστιανίζοντας
1066 3325 1433 3397 ἀποθνήσκειν
1458 3345 1471 3359 '
1527 3331 1684 3395 αὖθίς
1727 3350 1785 3386 τε

197 3412 431 3475 ἀναιδῶς
484 3417 792 3467 κατατυπεῖ
839 3417 965 3479 τοὺς
1020 3417 1237 3482 ἀθλίους
1287 3420 1595 3491 βαρϐάρους
1643 3424 1699 3476 ἐν
1726 3441 1786 3477 τε

196 3500 449 3566 ἀπειλαῖς
500 3504 599 3556 καὶ
646 3505 889 3574 ἐλέγχοις
922 3507 1018 3560 καὶ
1054 3508 1312 3563 ὀνείδεσιν
1363 3511 1438 3574 ὡς
1470 3514 1781 3585 καταρᾳθυ-

196 3592 433 3661 μοῦντας
473 3595 571 3647 τοῦ
628 3595 972 3667 σεϐάσματος
1020 3598 1184 3651 αὐτοῦ
1213 3614 1226 3628 ·
1282 3606 1378 3654 καλ⁵
1436 3604 1529 3656 ἐπὶ
1575 3606 1786 3670 τούτοις

193 3684 335 3737 κατά
390 3685 454 3737 τὸ
494 3688 763 3757 πρότερον
800 3689 1091 3759 εἰρημένον
1152 3692 1521 3764 πανούργημα
1578 3696 1636 3749 ὲν
1702 3698 1785 3749 ὲνὶ

193 3778 400 3849 ἐλέγχῳ
464 3781 811 3851 ἀμφοτέρους
867 3786 1123 3854 πειρᾶται
1184 3787 1594 3857 ἐπιστομίζειν,
1652 3793 1783 3845 ’1ου-

192 3870 371 3937 δαίους
399 3890 461 3925 τε
498 3873 595 3925 καὶ
626 3875 987 3944 Χριστιανοὺς
1014 3875 1155 3929 οὕτω
1185 3878 1512 3947 παραλαλιῖω
1545 3897 1559 3910 ο

260 3962 322 4028 ξ’.
363 3983 382 4016 ι
422 3965 694 4032 Λέγουσιν
733 3965 975 4019 Ἰουδαῖοι
1035 3966 1147 4036 (96)
1198 3967 1278 4019 ὃτι
1335 3970 1364 4021 6
1428 3969 1644 4041 Ἰσραήλ
1669 3972 1781 4041 (97)

192 4055 335 4105 ἐστιν
371 4056 492 4117 υίὸς
524 4053 663 4107 Θεοῦ
690 4071 706 4087 ο
760 4057 851 4108 καὶ
897 4056 1145 4124 λέγουσιν
1198 4058 1248 4110 οί
1299 4059 1612 4129 Χριστιανοὶ
1642 4063 1722 4114 ὅτι
1754 4065 1784 4116 ό

190 4144 425 4211 Χριστός
460 4146 613 4198 ἐστιν
650 4148 678 4198 6
710 4144 833 4209 Υἱὸς
860 4146 952 4199 τοῦ
982 4148 1117 4200 Θεοῦ
1141 4165 1156 4181 ο
1189 4148 1352 4203 τοῦτό
1381 4152 1527 4204 ἐστιν
1563 4155 1592 4205 ό
1628 4153 1783 4221 λόγος

191 4232 368 4286 αὐτῶν
394 4234 489 4287 διά
528 4233 640 4286 τῶν
692 4236 974 4305 στομάτων
1020 4238 1240 4293 αὐτῶν·
1295 4241 1614 4309 ίσοφωνοῦσι
1670 4247 1781 4309 τοῖς

190 4322 364 4389 λόγοις
396 4324 513 4376 τῶν
542 4325 940 4395 ἀρνησαμένων
974 4328 1039 4381 ὲκ
1087 4330 1216 4397 πρίν
1240 4348 1253 4361 ’
1297 4332 1548 4400 φονεύσει
1582 4334 1780 4397 αὐτοὺς

189 4420 215 4470 6
242 4420 395 4484 Θεὸς,
427 4420 627 4473 ἕνεκεν
654 4420 764 4473 τῶν
791 4420 1077 4491 ἀρνοῦνται
1099 4438 1111 4451 ·
1149 4424 1478 4478 ἐπελάϐοντο
1494 4428 1617 4490 τοὺς
1644 4429 1778 4481 ἁπο-

192 4510 408 4573 στόλους
438 4509 628 4563 αὐτῶν
662 4510 900 4574 καὶτοὺς
929 4513 1091 4582 ἱερεῖς
1123 4514 1344 4583 κυρίους
1386 4516 1563 4586 πάρεξ
1604 4517 1739 4570 Θεοῦ
1759 4534 1775 4550 ·

1902 681 2069 735 barus
2145 685 2488 741 occasionem
2566 687 2695 742 hinc
2754 689 2986 757 arripuit
3046 688 3462 758 blasphemandi

1899 769 2098 826 Christi
2136 791 2149 835 ;
2185 774 2493 845 nullamque
2519 779 2679 832 aliam
2710 780 2780 833 ob
2820 794 3040 834 causam
3084 795 3187 835 nos
3230 780 3465 835 traditos

1897 860 2029 915 dicit
2060 864 2272 919 illorum
2307 869 2578 935 manibus,
2612 871 2717 926 nisi
2757 870 2885 940 quia
2910 886 3284 927 consessorem
3315 870 3461 926 Patri

1897 957 2177 1013 Christum
2223 960 2563 1017 conﬁtemur.
2599 965 2722 1019 Ideo
2750 972 3063 1019 constanter
3092 965 3285 1019 en‘atur
3313 980 3460 1020 :non

1898 1048 2044 1102 enim
2092 1049 2278 1120 dirigit
2326 1050 2468 1108 Deus
2502 1056 2756 1123 populum
2808 1065 3174 1127 peccatorem.
3223 1057 3461 1113 Multil‘a—

1899 1140 2035 1193 riam
2101 1157 2228 1197 vero
2291 1159 2586 1213 possumus
2635 1146 2779 1203 hunc
2839 1164 2936 1203 ceu
2994 1158 3460 1219 argumentantem

1899 1240 2146 1294 perverse
2224 1246 2540 1301 coarguere,
2615 1244 2727 1289 tum
2811 1246 3016 1293 natura:
3076 1240 3284 1295 scilicet
3349 1250 3462 1295 tum

1900 1314 2194 1385 Scriptura:
2229 1322 2573 1377 testimoniis.
2606 1324 2759 1393 Apud
2799 1324 3135 1395 Scripturam
3156 1329 3399 1397 quidem,
3434 1347 3465 1384 a

1897 1407 1988 1476 pio
2024 1407 2225 1463 Jacobo
2265 1419 2319 1465 et
2363 1410 2506 1468 Esau
2550 1430 2803 1483 nequam,
2836 1417 2906 1471 ab
2934 1416 3171 1487 Josepho
3214 1429 3269 1473 et
3314 1419 3465 1474 Puti—

1898 1500 2087 1567 phare,
2120 1517 2149 1555 ιι
2185 1502 2384 1557 Davide
2406 1513 2461 1557 et
2507 1504 2722 1573 ingrato
2752 1507 2934 1574 Saule,
2963 1524 2993 1563 a
3024 1509 3463 1565 Nabuchodono-

1896 1604 2024 1644 soro
2063 1601 2118 1645 et
2148 1592 2431 1662 prophetis
2467 1596 2718 1664 captivis,
2764 1606 2818 1652 et
2872 1599 3144 1655 similibus
3178 1600 3302 1655 aliis
3344 1600 3465 1669 plu-

1897 1680 2068 1737 rimis.
2106 1683 2183 1737 Ex
2225 1696 2420 1739 natura
2458 1695 2663 1753 autem,
2708 1688 2780 1743 ab
2806 1689 2998 1745 ovibus
3026 1699 3081 1744 et
3118 1692 3463 1747 silvestribus

1896 1770 2045 1838 feris,
2082 1784 2133 1829 et
2166 1776 2479 1844 huiusmodi
2511 1778 2670 1834 aliis:
2702 1796 2821 1851 qua:
2853 1797 2989 1837 sane
3028 1781 3171 1837 haud
3203 1794 3462 1853 tanquam

1896 1864 2131 1933 pejores,
2162 1876 2217 1920 et
2249 1868 2430 1924 minus
2455 1880 2669 1939 gratum
2700 1888 2826 1943 erga
2857 1873 3027 1927 Deum
3067 1876 3313 1930 animum
3368 1890 3464 1945 ge-

1895 1965 2076 2010 rentes
2105 1957 2329 2013 exitium
2363 1960 2432 2014 ah
2472 1961 2595 2017 aliis
2628 1964 3007 2032 perpetiuntur
3034 1988 3045 2021 :
3074 1964 3170 2020 sed
3198 1966 3268 2021 ob
3295 1964 3458 2021 aliam

1893 2048 2238 2105 secretiorem
2272 2066 2493 2108 causam
2524 2053 2598 2108 ita
2629 2052 2732 2109 fuit
2760 2056 3143 2112 constitutum.

2367 2312 2805 2371 CONFUTATIO
2851 2314 2982 2371 VIII.

1959 2402 2048 2458 59.
2066 2401 2271 2458 Octava
2292 2419 2323 2458 a
2340 2403 2653 2460 Mobamede
2672 2405 2855 2462 fabula
2874 2407 3185 2463 inscribitur
3201 2408 3461 2465 Parumn-

1890 2496 1987 2548 tia.
2006 2494 2274 2550 Admonet
2299 2507 2480 2552 autem
2499 2497 2782 2563 barbaros,
2805 2508 2865 2551 ut
2884 2498 3164 2553 deﬁnitum
3188 2498 3460 2568 quoddam

1891 2596 2103 2658 tempus
2134 2589 2425 2645 observent
2452 2605 2578 2660 erga
2604 2590 2972 2655 Christianos,
3008 2590 3054 2645 si
3088 2591 3143 2646 bi
3172 2592 3340 2647 velint
3374 2607 3461 2648 res

1889 2695 2020 2735 suas
2052 2690 2302 2737 tractare.
2337 2683 2493 2750 Quod
2529 2684 2576 2737 si
2598 2683 2679 2737 illi
2711 2692 2995 2753 compotes
3022 2684 3107 2739 sui
3128 2684 3456 2752 elﬁciantur,

1888 2781 1943 2827 et
1973 2789 2002 2827 a
2044 2773 2399 2829 barbarorum
2458 2775 2690 2843 imperio
2719 2774 3023 2839 discedant,
3074 2786 3200 2832 tunc
3257 2776 3455 2831 bellum

1888 2876 2074 2919 contra
2117 2880 2212 2920 eos
2260 2866 2692 2936 suscipiendum.
2742 2866 2835 2921 Sin
2886 2882 3037 2933 vero,
3090 2868 3288 2938 inquit,
3330 2869 3456 2923 illos

1887 2958 2221 3027 pomituerit,
2265 2968 2320 3014 et
2361 2960 2583 3029 impiam
2620 2960 2740 3029 ejus
2779 2969 2985 3015 sectam
3032 2961 3455 3030 amplectantur,

1886 3050 1941 3102 in
1997 3048 2228 3103 fratrum
2290 3050 2411 3105 loco
2464 3065 2561 3105 eos
2617 3050 2943 3120 suscipiant.
2996 3050 3269 3107 Admonet
3322 3066 3455 3121 ergo

1886 3138 2252 3204 Christianos,
2284 3140 2486 3197 melius
2518 3155 2644 3196 esse
2678 3143 2940 3211 paenitere
2972 3156 3037 3197 ac
3063 3145 3262 3207 vivere,
3290 3158 3457 3213 quam

1888 3229 1940 3283 in
1971 3230 2398 3287 Christianismo
2429 3243 2736 3302 perstantes
2770 3235 2935 3291 mori.
2961 3232 3085 3290 Mox
3110 3235 3457 3304 impudenter

1889 3323 2066 3390 pulsat
2098 3321 2345 3377 infelices
2393 3323 2693 3388 barbaros,
2746 3325 2945 3390 minis,
2992 3324 3458 3394 increpationibus

1887 3424 1941 3469 et
1970 3416 2252 3479 conviciis,
2282 3424 2544 3485 tanquam
2575 3418 2628 3471 in
2658 3418 2805 3472 cultu
2829 3432 2930 3472 suo
2957 3420 3233 3473 socordes.
3260 3416 3457 3474 Postea

1886 3506 2099 3571 eodem,
2149 3522 2309 3576 quem
2361 3518 2519 3561 antea
2568 3508 2831 3575 diximus,
2878 3516 2999 3563 astu
3051 3510 3244 3563 ambos
3293 3510 3456 3563 unica

1887 3600 2311 3667 reprehensione
2331 3600 2579 3655 inhibere
2615 3611 2869 3667 conatur,
2894 3601 2961 3658 de
2985 3599 3191 3658 Judais
3214 3601 3379 3656 simul
3402 3609 3458 3655 et

1883 3692 2211 3749 Christianis
2237 3692 2466 3750 [utiliter
2492 3694 2679 3751 dicens
2716 3713 2732 3749 :

1956 3961 2045 4016 60.
2087 3980 2105 4013 ι
2148 3960 2349 4017 Dicunt
2396 3960 2570 4016 Judaei
2628 3960 2884 4015 lsraelem
2931 3973 3054 4015 esse
3107 3960 3278 4014 ﬁlium
3334 3960 3449 4017 Dei.

1884 4054 2181 4109 Christiani
2231 4053 2485 4109 similiter
2538 4052 2727 4108 dicunt
2763 4052 3041 4107 Christum
3080 4066 3202 4107 esse
3245 4052 3339 4106 Dei
3364 4052 3452 4107 Fi-

1884 4145 2040 4200 lium.
2076 4145 2173 4199 llic
2218 4144 2325 4200 illis
2365 4159 2547 4199 sermo
2592 4143 2649 4198 in
2689 4157 2785 4198 ore
2811 4152 3083 4197 versatur.
3134 4143 3455 4198 Consonant

1883 4250 2007 4289 cum
2037 4234 2249 4288 illorum
2292 4234 2638 4289 sermonibus
2679 4234 2773 4303 qui
2810 4234 3052 4289 infideles
3096 4234 3164 4290 ab
3185 4245 3310 4290 ante
3335 4233 3454 4290 fue-

1883 4335 2031 4380 runt.
2084 4324 2378 4385 lnterﬁciet
2405 4324 2528 4380 illos
2559 4323 2705 4380 Deus
2736 4332 2963 4394 propter
2991 4338 3055 4379 ea
3087 4338 3208 4393 qua:
3232 4335 3449 4394 negant.

1884 4416 2260 4487 Susceperunt
2291 4416 2570 4486 apostolos
2611 4430 2743 4471 suos
2781 4424 2835 4469 et
2880 4414 3195 4469 sacerdotes
3229 4428 3360 4469 suos
3395 4415 3451 4467 in

1881 4508 2133 4562 dominos
2159 4507 2281 4563 loco
2312 4507 2425 4572 Dei,
2459 4520 2672 4561 necnon
2719 4504 2999 4559 Christum
3050 4504 3219 4559 tilium
3244 4503 3446 4559 Mariae.

190 4601 277 4651 καὶ
300 4601 394 4652 τὸν
424 4600 672 4669 Χριστὸν
706 4599 821 4652 υίὸν
843 4602 943 4669 τῆς
967 4600 1201 4664 Μαρίας·
1223 4602 1314 4653 καὶ
1335 4603 1432 4655 οὐκ
1455 4603 1779 4675 ἐκελεύσθη-

1889 4600 2048 4669 Atqui
2085 4615 2193 4654 non
2226 4599 2403 4653 fuerat
2441 4598 2549 4653 illis
2586 4598 2901 4652 mandatum
2952 4604 3013 4651 ut
3053 4596 3221 4650 alium
3253 4595 3451 4651 adora-

192 4706 285 4744 σαν
312 4692 601 4747 δουλεύειν
628 4694 676 4746 εί
703 4692 777 4763 μὴ
798 4691 933 4745 Θεοῦ
968 4693 1107 4757 ἑνός.
1134 4713 1152 4745 ι
1176 4694 1408 4758 Δύσνους
1428 4698 1456 4747 6
1482 4696 1776 4767 βάρϐαρος,

192 4787 308 4839 ἐπεὶ
338 4786 575 4856 ἀμαθὴς
605 4787 699 4838 καὶ
750 4786 1106 4849 ἀπαίδευτοςο
1156 4788 1204 4839 εί
1252 4789 1359 4856 γὰρ
1388 4788 1525 4851 ὅλως
1572 4790 1779 4859 προσῆν

191 4878 333 4948 αὑτῷ
361 4878 571 4945 λογικὴ
596 4877 829 4942 σύνεσις,
865 4879 970 4932 εδει
993 4880 1060 4933 τά
1095 4879 1230 4950 πρὸς
1254 4878 1488 4949 τοῦνομα
1530 4880 1625 4933 τοῦ
1657 4882 1774 4934 υἱοῦ

192 4973 581 5041 σημαινόμενα
611 4970 747 5039 πρὸς
778 4971 1011 5042 θατέραν
1060 4971 1220 5036 δόξαν
1258 4972 1367 5027 τῶν
1433 4971 1604 5027 ἐθνῶν
1638 4990 1773 5042 προ-

193 5066 575 5136 αναφωνῆσαι,
594 5064 687 5116 καὶ
717 5066 829 5127 τοῖς
862 5081 924 5132 γε
942 5064 1077 5135 πρὸς
1104 5065 1264 5118 αὑτὸν
1295 5066 1370 5135 μὴ
1394 5066 1597 5135 σφόδρα
1618 5067 1775 5119 ἐναν-

192 5158 313 5220 τίως
346 5158 682 5229 φερομένοις
704 5156 1048 5228 όμαλώτερον
1072 5159 1395 5229 ἐπιτιμῆσαι
1421 5176 1436 5190 ·
1468 5159 1778 5213 τούναντίον

193 5248 243 5301 δὲ
269 5254 374 5312 τοῖς
414 5249 489 5302 τὰ
520 5248 760 5318 μάλιστα
804 5248 950 5317 αὐτῷ
980 5248 1400 5318 διαμαχομένοις
1423 5262 1438 5277 ’
1476 5248 1613 5301 οἵτε
1668 5248 1775 5317 γὰρ

208 5339 443 5395 Ἰουδαῖοι
500 5341 570 5395 οὐ
598 5340 823 5409 γνήσιον
870 5339 981 5392 υἱὸν
1021 5339 1156 5392 Θεοῦ
1195 5340 1287 5391 τὸν
1327 5339 1543 5411 Ἰσραὴλ
1572 5340 1775 5410 ὀνομά-

200 5435 388 5499 ζουσιν,
424 5432 550 5487 ἀλλ’
580 5434 615 5501 ἢ
667 5432 790 5483 ὅσον
839 5428 1117 5493 ἀποδεῖξαι
1170 5432 1267 5500 τὴν
1318 5430 1447 5500 περὶ
1474 5430 1652 5485 αὐτῶν
1680 5430 1775 5483 τοῦ

198 5526 323 5580 Θεοῦ
362 5523 781 5595 ὑπερκειμένην
843 5522 977 5593 πρὸς
1015 5521 1085 5574 τὰ
1117 5522 1279 5575 λοιπὰ
1326 5521 1454 5590 ἔθνη
1511 5520 1601 5574 διὰ
1653 5522 1779 5584 τοὺς

203 5620 434 5688 πατέρας
468 5614 713 5684 στοργήν
739 5627 753 5642 ⁸
790 5612 907 5675 πῶς
950 5612 1042 5667 οὖν
1072 5613 1101 5665 6
1136 5606 1251 5676 υίὸς
1287 5610 1383 5665 τοῦ
1427 5612 1633 5682 πατρὸς
1682 5607 1775 5663 τοῦ

270 5829 379 5899 (95>
418 5824 741 5899 sur-1.3.1
776 5843 893 5899 seq.

272 5831 358 5897 (95
418 5831 551 5881 Sur.
588 5831 687 5890 lx,
719 5831 741 5880 l
776 5844 788 5882 ι

272 5831 381 5969 (96;
410 5897 544 5953 Sur.
573 5895 669 5959 IX,
699 5898 788 5951 5|.

530 5993 811 6054 Ρηιιοι..
850 5991 962 6052 Gn.
998 5990 1121 6052 CV.

1886 4703 2021 4757 rent,
2055 4702 2245 4762 praeter
2266 4689 2435 4745 Deum
2470 4706 2659 4745 unum.
2694 4708 2713 4742 ι
2746 4688 2895 4743 Mala:
2921 4689 3121 4743 mentis
3158 4687 3448 4750 barbarus.

1885 4794 2242 4854 praeterquam
2280 4782 2425 4852 quod
2458 4782 2712 4838 indoctus
2757 4790 2811 4835 et
2840 4781 3171 4836 ineruditus.
3212 4779 3351 4833 Nam
3403 4781 3449 4833 si

1881 4875 2170 4929 rationalis
2210 4872 2260 4928 ei
2295 4874 2601 4929 intellectus
2634 4874 2858 4938 inesset,
2901 4872 3177 4927 debuisset
3211 4870 3453 4925 nominis

1883 4968 1981 5021 lilii
2008 4967 2287 5020 notionem
2317 4966 2613 5021 secundum
2644 4966 2918 5019 diversam
2945 4964 3178 5018 duarum
3202 4962 3452 5032 gentium

1884 5058 2255 5130 acceptionem
2295 5058 2631 5127 proclamare
2661 5075 2675 5111 :
2707 5068 2759 5111 et
2784 5058 2905 5111 illos
2936 5055 3157 5125 quidem
3180 5053 3275 5125 qui
3305 5052 3451 5107 haud

1886 5164 2264 5219 magnoperea
2292 5148 2488 5219 placito
2521 5148 2641 5218 ejus
2681 5147 2990 5211 discedunt,
3040 5146 3228 5201 mitius
3269 5143 3453 5214 objur-

1884 5258 2013 5311 gare
2047 5259 2061 5307 ;
2092 5257 2252 5297 secus
2290 5253 2470 5295 autem
2512 5240 2636 5295 illos
2682 5240 2775 5309 qui
2816 5240 3052 5293 maxime
3098 5236 3206 5306 ipsi
3261 5237 3454 5290 adver-

1885 5343 2096 5389 santur.
2150 5332 2285 5386 Nam
2330 5330 2501 5386 Judaei
2539 5344 2881 5400 nequaquam
2926 5329 3223 5398 genuinum
3258 5325 3351 5381 Dei
3386 5325 3455 5379 ii-

1882 5426 2015 5479 lium
2042 5422 2293 5479 lsraelem
2339 5424 2559 5488 dicunt;
2590 5422 2684 5477 sed
2718 5421 2995 5485 illatenus,
3049 5428 3109 5473 ut
3136 5418 3451 5482 ostendant,

1881 5517 1977 5572 Dei
2022 5531 2265 5571 amorem
2310 5531 2435 5585 erga
2477 5513 2599 5568 illos
2645 5522 2905 5583 praestare
2943 5510 3117 5566 amori
3164 5509 3303 5580 patri
3359 5507 3454 5577 qui

1881 5609 2022 5679 apud
2050 5619 2275 5663 caeteras
2302 5616 2492 5678 gentes
2528 5619 2649 5659 esse
2686 5605 2842 5659 solet.
2880 5600 3165 5669 Quomodo
3206 5600 3296 5655 hic
3322 5610 3455 5667 ergo

1962 5820 2075 5890 (97)
2106 5820 2181 5876 lta
2214 5820 2433 5874 Graecus
2460 5814 2654 5872 codex.
2687 5812 2869 5869 Alcor.
2898 5808 3066 5865 Arab.
3104 5805 3290 5863 Ozat'r.

3010 5961 3089 6026 24
