  <div class='ocr_page' id='page_1' title='image "/cluster/home/n/w/nwhite01/storage/ocr_20150623/105/nnc1.0046980105/381.png"; bbox 0 0 4168 6450; ppageno 0'>
   <div class='ocr_carea' id='block_1_1' title="bbox 697 396 800 462">
    <p class='ocr_par' dir='ltr' id='par_1_1' title="bbox 697 396 800 462">
     <span class='ocr_line' id='line_1_1' title="bbox 697 396 800 462; baseline 0.049 -6"><span class='ocrx_word' id='word_1_1' title='bbox 697 396 800 462; x_wconf 65' lang='grc' dir='ltr'><strong>’ΞΠ</strong></span> 
     </span>
    </p>
   </div>
   <div class='ocr_carea' id='block_1_2' title="bbox 1936 394 2669 459">
    <p class='ocr_par' dir='ltr' id='par_1_2' title="bbox 1936 394 2669 459">
     <span class='ocr_line' id='line_1_2' title="bbox 1936 394 2669 459; baseline -0.003 -1"><span class='ocrx_word' id='word_1_2' title='bbox 1936 396 2227 459; x_wconf 76' lang='lat' dir='ltr'><strong>NICET/E</strong></span> <span class='ocrx_word' id='word_1_3' title='bbox 2263 394 2669 457; x_wconf 69' lang='lat' dir='ltr'><strong>BYZANTINI</strong></span> 
     </span>
    </p>
   </div>
   <div class='ocr_carea' id='block_1_3' title="bbox 3843 395 3950 457">
    <p class='ocr_par' dir='ltr' id='par_1_3' title="bbox 3843 395 3950 457">
     <span class='ocr_line' id='line_1_3' title="bbox 3843 395 3950 457; baseline 0.019 -2"><span class='ocrx_word' id='word_1_4' title='bbox 3843 395 3950 457; x_wconf 66' lang='lat' dir='ltr'><strong>“iis</strong></span> 
     </span>
    </p>
   </div>
   <div class='ocr_carea' id='block_1_4' title="bbox 707 503 2281 579">
    <p class='ocr_par' dir='ltr' id='par_1_4' title="bbox 707 506 2261 579">
     <span class='ocr_line' id='line_1_4' title="bbox 707 506 2261 579; baseline -0.005 -15"><span class='ocrx_word' id='word_1_5' title='bbox 707 512 773 565; x_wconf 86' lang='lat' dir='ltr'><strong>de</strong></span> <span class='ocrx_word' id='word_1_6' title='bbox 824 518 979 579; x_wconf 86' lang='lat' dir='ltr'><strong>patre</strong></span> <span class='ocrx_word' id='word_1_7' title='bbox 1030 508 1296 565; x_wconf 76' lang='lat' dir='ltr'><strong>mendacii</strong></span> <span class='ocrx_word' id='word_1_8' title='bbox 1345 517 1526 573; x_wconf 90' lang='lat' dir='ltr'><strong>natus,</strong></span> <span class='ocrx_word' id='word_1_9' title='bbox 1590 507 1665 561; x_wconf 91' lang='lat' dir='ltr'><strong>ait</strong></span> <span class='ocrx_word' id='word_1_10' title='bbox 1708 507 1926 563; x_wconf 67' lang='lat' dir='ltr'><strong>.lndrens</strong></span> <span class='ocrx_word' id='word_1_11' title='bbox 1978 506 2261 559; x_wconf 90' lang='lat' dir='ltr'><strong>dominum</strong></span> 
     </span>
    </p>
   </div>
   <div class='ocr_carea' id='block_1_5' title="bbox 2384 503 3949 579">
    <p class='ocr_par' dir='ltr' id='par_1_5' title="bbox 2384 503 3949 579">
     <span class='ocr_line' id='line_1_5' title="bbox 2384 503 3949 579; baseline 0.005 -25"><span class='ocrx_word' id='word_1_12' title='bbox 2384 504 2595 572; x_wconf 60' lang='grc' dir='ltr'>ζιεύδους</span> <span class='ocrx_word' id='word_1_13' title='bbox 2648 506 2848 573; x_wconf 75' lang='grc' dir='ltr'>φάσκει</span> <span class='ocrx_word' id='word_1_14' title='bbox 2876 504 3071 567; x_wconf 74' lang='grc' dir='ltr'>αὐτοὺς</span> <span class='ocrx_word' id='word_1_15' title='bbox 3131 503 3319 575; x_wconf 76' lang='grc' dir='ltr'>κύριον</span> <span class='ocrx_word' id='word_1_16' title='bbox 3356 507 3563 561; x_wconf 78' lang='grc' dir='ltr'>ἑαυτῶν</span> <span class='ocrx_word' id='word_1_17' title='bbox 3589 507 3680 561; x_wconf 60' lang='grc' dir='ltr'><strong>τὸν</strong></span> <span class='ocrx_word' id='word_1_18' title='bbox 3722 510 3949 579; x_wconf 71' lang='grc' dir='ltr'>Ἰσραὴλ</span> 
     </span>
    </p>
   </div>
   <div class='ocr_carea' id='block_1_6' title="bbox 699 600 2269 670">
    <p class='ocr_par' dir='ltr' id='par_1_6' title="bbox 699 600 2269 670">
     <span class='ocr_line' id='line_1_6' title="bbox 699 600 2269 670; baseline -0.004 -15"><span class='ocrx_word' id='word_1_19' title='bbox 699 618 861 656; x_wconf 90' lang='lat' dir='ltr'><strong>suum</strong></span> <span class='ocrx_word' id='word_1_20' title='bbox 918 601 1174 657; x_wconf 91' lang='lat' dir='ltr'><strong>lsraelcm</strong></span> <span class='ocrx_word' id='word_1_21' title='bbox 1239 601 1344 656; x_wconf 85' lang='lat' dir='ltr'><strong>sibi</strong></span> <span class='ocrx_word' id='word_1_22' title='bbox 1396 600 1715 670; x_wconf 87' lang='lat' dir='ltr'><strong>sumpsisse,</strong></span> <span class='ocrx_word' id='word_1_23' title='bbox 1784 610 1978 670; x_wconf 74' lang='lat' dir='ltr'><strong>prmtcr</strong></span> <span class='ocrx_word' id='word_1_24' title='bbox 2037 600 2269 655; x_wconf 81' lang='lat' dir='ltr'><strong>Deum?</strong></span> 
     </span>
    </p>
   </div>
   <div class='ocr_carea' id='block_1_7' title="bbox 699 690 2270 761">
    <p class='ocr_par' dir='ltr' id='par_1_7' title="bbox 699 690 2270 761">
     <span class='ocr_line' id='line_1_7' title="bbox 699 690 2270 761; baseline 0 -16"><span class='ocrx_word' id='word_1_25' title='bbox 699 692 1110 761; x_wconf 75' lang='lat' dir='ltr'><strong>lnterrogentur</strong></span> <span class='ocrx_word' id='word_1_26' title='bbox 1158 691 1327 747; x_wconf 71' lang='lat' dir='ltr'><strong>Judaei</strong></span> <span class='ocrx_word' id='word_1_27' title='bbox 1380 701 1559 745; x_wconf 91' lang='lat' dir='ltr'><strong>utrum</strong></span> <span class='ocrx_word' id='word_1_28' title='bbox 1616 692 1669 745; x_wconf 90' lang='lat' dir='ltr'><strong>id</strong></span> <span class='ocrx_word' id='word_1_29' title='bbox 1726 690 2021 761; x_wconf 85' lang='lat' dir='ltr'><strong>aliquando</strong></span> <span class='ocrx_word' id='word_1_30' title='bbox 2086 690 2270 745; x_wconf 82' lang='lat' dir='ltr'><strong>animo</strong></span> 
     </span>
    </p>
   </div>
   <div class='ocr_carea' id='block_1_8' title="bbox 701 783 2268 853">
    <p class='ocr_par' dir='ltr' id='par_1_8' title="bbox 701 783 2268 853">
     <span class='ocr_line' id='line_1_8' title="bbox 701 783 2268 853; baseline 0 -18"><span class='ocrx_word' id='word_1_31' title='bbox 701 783 1044 853; x_wconf 81' lang='lat' dir='ltr'><strong>agitaverint,</strong></span> <span class='ocrx_word' id='word_1_32' title='bbox 1084 783 1167 837; x_wconf 88' lang='lat' dir='ltr'><strong>vel</strong></span> <span class='ocrx_word' id='word_1_33' title='bbox 1198 785 1250 838; x_wconf 90' lang='lat' dir='ltr'><strong>in</strong></span> <span class='ocrx_word' id='word_1_34' title='bbox 1294 785 1511 837; x_wconf 90' lang='lat' dir='ltr'><strong>illorum</strong></span> <span class='ocrx_word' id='word_1_35' title='bbox 1542 784 1844 851; x_wconf 85' lang='lat' dir='ltr'><strong>Scripturis</strong></span> <span class='ocrx_word' id='word_1_36' title='bbox 1885 792 2139 837; x_wconf 85' lang='lat' dir='ltr'><strong>occurrat</strong></span> <span class='ocrx_word' id='word_1_37' title='bbox 2174 784 2268 837; x_wconf 88' lang='lat' dir='ltr'><strong>do-</strong></span> 
     </span>
    </p>
   </div>
   <div class='ocr_carea' id='block_1_9' title="bbox 702 874 2267 945">
    <p class='ocr_par' dir='ltr' id='par_1_9' title="bbox 702 874 2267 945">
     <span class='ocr_line' id='line_1_9' title="bbox 702 874 2267 945; baseline -0.002 -17"><span class='ocrx_word' id='word_1_38' title='bbox 702 876 881 928; x_wconf 90' lang='lat' dir='ltr'><strong>minus</strong></span> <span class='ocrx_word' id='word_1_39' title='bbox 943 874 1189 945; x_wconf 91' lang='lat' dir='ltr'><strong>ipsorum</strong></span> <span class='ocrx_word' id='word_1_40' title='bbox 1252 874 1438 930; x_wconf 89' lang='lat' dir='ltr'><strong>Israel.</strong></span> <span class='ocrx_word' id='word_1_41' title='bbox 1502 874 1795 928; x_wconf 86' lang='lat' dir='ltr'><strong>Christiani</strong></span> <span class='ocrx_word' id='word_1_42' title='bbox 1847 882 2026 926; x_wconf 89' lang='lat' dir='ltr'><strong>autem</strong></span> <span class='ocrx_word' id='word_1_43' title='bbox 2078 887 2267 927; x_wconf 92' lang='lat' dir='ltr'><strong>verum</strong></span> 
     </span>
    </p>
   </div>
   <div class='ocr_carea' id='block_1_10' title="bbox 701 964 2269 1036">
    <p class='ocr_par' dir='ltr' id='par_1_10' title="bbox 701 964 2269 1036">
     <span class='ocr_line' id='line_1_10' title="bbox 701 964 2269 1036; baseline -0.001 -16"><span class='ocrx_word' id='word_1_44' title='bbox 701 980 916 1034; x_wconf 89' lang='lat' dir='ltr'><strong>reapse,</strong></span> <span class='ocrx_word' id='word_1_45' title='bbox 964 976 1128 1035; x_wconf 87' lang='lat' dir='ltr'><strong>prout</strong></span> <span class='ocrx_word' id='word_1_46' title='bbox 1166 967 1337 1028; x_wconf 84' lang='lat' dir='ltr'><strong>decet,</strong></span> <span class='ocrx_word' id='word_1_47' title='bbox 1373 968 1668 1036; x_wconf 81' lang='lat' dir='ltr'><strong>genuinum</strong></span> <span class='ocrx_word' id='word_1_48' title='bbox 1699 964 1895 1019; x_wconf 86' lang='lat' dir='ltr'><strong>Filium</strong></span> <span class='ocrx_word' id='word_1_49' title='bbox 1931 979 2054 1019; x_wconf 89' lang='lat' dir='ltr'><strong>esse</strong></span> <span class='ocrx_word' id='word_1_50' title='bbox 2096 966 2269 1019; x_wconf 83' lang='lat' dir='ltr'><strong>conii-</strong></span> 
     </span>
    </p>
   </div>
   <div class='ocr_carea' id='block_1_11' title="bbox 698 1057 2268 1124">
    <p class='ocr_par' dir='ltr' id='par_1_11' title="bbox 698 1057 2268 1124">
     <span class='ocr_line' id='line_1_11' title="bbox 698 1057 2268 1124; baseline -0.001 -12"><span class='ocrx_word' id='word_1_51' title='bbox 698 1068 882 1113; x_wconf 89' lang='lat' dir='ltr'><strong>tentur</strong></span> <span class='ocrx_word' id='word_1_52' title='bbox 909 1058 1210 1124; x_wconf 84' lang='lat' dir='ltr'><strong>Christum,</strong></span> <span class='ocrx_word' id='word_1_53' title='bbox 1248 1076 1314 1113; x_wconf 80' lang='lat' dir='ltr'><strong>ex</strong></span> <span class='ocrx_word' id='word_1_54' title='bbox 1358 1061 1548 1115; x_wconf 86' lang='lat' dir='ltr'><strong>eadem</strong></span> <span class='ocrx_word' id='word_1_55' title='bbox 1591 1059 1768 1115; x_wconf 82' lang='lat' dir='ltr'><strong>Patris</strong></span> <span class='ocrx_word' id='word_1_56' title='bbox 1802 1057 1894 1112; x_wconf 88' lang='lat' dir='ltr'><strong>Dei</strong></span> <span class='ocrx_word' id='word_1_57' title='bbox 1927 1058 2113 1111; x_wconf 89' lang='lat' dir='ltr'><strong>divina</strong></span> <span class='ocrx_word' id='word_1_58' title='bbox 2144 1057 2268 1111; x_wconf 85' lang='lat' dir='ltr'><strong>sub-</strong></span> 
     </span>
    </p>
   </div>
   <div class='ocr_carea' id='block_1_12' title="bbox 704 1150 2272 1221">
    <p class='ocr_par' dir='ltr' id='par_1_12' title="bbox 704 1150 2272 1221">
     <span class='ocr_line' id='line_1_12' title="bbox 704 1150 2272 1221; baseline -0.004 -14"><span class='ocrx_word' id='word_1_59' title='bbox 704 1151 961 1218; x_wconf 89' lang='lat' dir='ltr'><strong>stantia;</strong></span> <span class='ocrx_word' id='word_1_60' title='bbox 1000 1160 1164 1221; x_wconf 86' lang='lat' dir='ltr'><strong>prout</strong></span> <span class='ocrx_word' id='word_1_61' title='bbox 1226 1162 1309 1206; x_wconf 89' lang='lat' dir='ltr'><strong>est</strong></span> <span class='ocrx_word' id='word_1_62' title='bbox 1384 1152 1439 1206; x_wconf 89' lang='lat' dir='ltr'><strong>in</strong></span> <span class='ocrx_word' id='word_1_63' title='bbox 1482 1167 1544 1206; x_wconf 90' lang='lat' dir='ltr'><strong>ea</strong></span> <span class='ocrx_word' id='word_1_64' title='bbox 1590 1152 1864 1220; x_wconf 83' lang='lat' dir='ltr'><strong>Scriptura</strong></span> <span class='ocrx_word' id='word_1_65' title='bbox 1940 1165 2105 1219; x_wconf 89' lang='lat' dir='ltr'><strong>quam</strong></span> <span class='ocrx_word' id='word_1_66' title='bbox 2158 1150 2272 1219; x_wconf 88' lang='lat' dir='ltr'><strong>ipse</strong></span> 
     </span>
    </p>
   </div>
   <div class='ocr_carea' id='block_1_13' title="bbox 700 1240 2271 1310">
    <p class='ocr_par' dir='ltr' id='par_1_13' title="bbox 700 1240 2271 1310">
     <span class='ocr_line' id='line_1_13' title="bbox 700 1240 2271 1310; baseline -0.003 -15"><span class='ocrx_word' id='word_1_67' title='bbox 700 1240 968 1296; x_wconf 89' lang='lat' dir='ltr'><strong>barbarus</strong></span> <span class='ocrx_word' id='word_1_68' title='bbox 1007 1240 1208 1296; x_wconf 81' lang='lat' dir='ltr'><strong>fatetur</strong></span> <span class='ocrx_word' id='word_1_69' title='bbox 1237 1257 1267 1295; x_wconf 92' lang='lat' dir='ltr'><strong>a</strong></span> <span class='ocrx_word' id='word_1_70' title='bbox 1313 1243 1420 1295; x_wconf 86' lang='lat' dir='ltr'><strong>Deo</strong></span> <span class='ocrx_word' id='word_1_71' title='bbox 1468 1241 1745 1306; x_wconf 87' lang='lat' dir='ltr'><strong>traditam,</strong></span> <span class='ocrx_word' id='word_1_72' title='bbox 1787 1256 1981 1310; x_wconf 89' lang='lat' dir='ltr'><strong>nempe</strong></span> <span class='ocrx_word' id='word_1_73' title='bbox 2010 1244 2063 1293; x_wconf 91' lang='lat' dir='ltr'><strong>in</strong></span> <span class='ocrx_word' id='word_1_74' title='bbox 2095 1241 2271 1294; x_wconf 85' lang='lat' dir='ltr'><strong>Evan-</strong></span> 
     </span>
    </p>
   </div>
   <div class='ocr_carea' id='block_1_14' title="bbox 697 1330 2271 1402">
    <p class='ocr_par' dir='ltr' id='par_1_14' title="bbox 697 1330 2271 1402">
     <span class='ocr_line' id='line_1_14' title="bbox 697 1330 2271 1402; baseline -0.003 -16"><span class='ocrx_word' id='word_1_75' title='bbox 697 1335 861 1402; x_wconf 81' lang='lat' dir='ltr'><strong>gelio.</strong></span> <span class='ocrx_word' id='word_1_76' title='bbox 913 1332 1046 1389; x_wconf 88' lang='lat' dir='ltr'><strong>Nam</strong></span> <span class='ocrx_word' id='word_1_77' title='bbox 1094 1336 1165 1397; x_wconf 89' lang='lat' dir='ltr'><strong>si,</strong></span> <span class='ocrx_word' id='word_1_78' title='bbox 1217 1346 1277 1388; x_wconf 91' lang='lat' dir='ltr'><strong>ut</strong></span> <span class='ocrx_word' id='word_1_79' title='bbox 1328 1334 1556 1396; x_wconf 80' lang='lat' dir='ltr'><strong>fatetur,</strong></span> <span class='ocrx_word' id='word_1_80' title='bbox 1618 1333 1878 1388; x_wconf 90' lang='lat' dir='ltr'><strong>divinitus</strong></span> <span class='ocrx_word' id='word_1_81' title='bbox 1938 1334 2121 1386; x_wconf 86' lang='lat' dir='ltr'><strong>datum</strong></span> <span class='ocrx_word' id='word_1_82' title='bbox 2170 1330 2271 1383; x_wconf 82' lang='lat' dir='ltr'><strong>fuit</strong></span> 
     </span>
    </p>
   </div>
   <div class='ocr_carea' id='block_1_15' title="bbox 697 1425 2268 1497">
    <p class='ocr_par' dir='ltr' id='par_1_15' title="bbox 697 1425 2268 1497">
     <span class='ocr_line' id='line_1_15' title="bbox 697 1425 2268 1497; baseline -0.004 -15"><span class='ocrx_word' id='word_1_83' title='bbox 697 1427 1051 1497; x_wconf 82' lang='lat' dir='ltr'><strong>Evangelium</strong></span> <span class='ocrx_word' id='word_1_84' title='bbox 1079 1445 1093 1491; x_wconf 85' lang='lat'><strong>;</strong></span> <span class='ocrx_word' id='word_1_85' title='bbox 1125 1429 1176 1481; x_wconf 94' lang='lat' dir='ltr'><strong>in</strong></span> <span class='ocrx_word' id='word_1_86' title='bbox 1210 1443 1275 1483; x_wconf 92' lang='lat' dir='ltr'><strong>eo</strong></span> <span class='ocrx_word' id='word_1_87' title='bbox 1319 1438 1499 1483; x_wconf 90' lang='lat' dir='ltr'><strong>autem</strong></span> <span class='ocrx_word' id='word_1_88' title='bbox 1543 1429 1807 1497; x_wconf 89' lang='lat' dir='ltr'><strong>scriptum</strong></span> <span class='ocrx_word' id='word_1_89' title='bbox 1849 1436 1953 1488; x_wconf 74' lang='grc' dir='ltr'>ρει,</span> <span class='ocrx_word' id='word_1_90' title='bbox 1988 1434 2069 1478; x_wconf 82' lang='lat' dir='ltr'><strong>ter</strong></span> <span class='ocrx_word' id='word_1_91' title='bbox 2102 1425 2268 1477; x_wconf 86' lang='lat' dir='ltr'><strong>Deum</strong></span> 
     </span>
    </p>
   </div>
   <div class='ocr_carea' id='block_1_16' title="bbox 696 1513 2271 1588">
    <p class='ocr_par' dir='ltr' id='par_1_16' title="bbox 696 1513 2271 1588">
     <span class='ocr_line' id='line_1_16' title="bbox 696 1513 2271 1588; baseline -0.001 -18"><span class='ocrx_word' id='word_1_92' title='bbox 696 1518 928 1586; x_wconf 89' lang='lat' dir='ltr'><strong>desuper</strong></span> <span class='ocrx_word' id='word_1_93' title='bbox 972 1533 1071 1588; x_wconf 90' lang='lat' dir='ltr'><strong>pro</strong></span> <span class='ocrx_word' id='word_1_94' title='bbox 1114 1518 1336 1575; x_wconf 86' lang='lat' dir='ltr'><strong>Christo</strong></span> <span class='ocrx_word' id='word_1_95' title='bbox 1384 1520 1695 1583; x_wconf 88' lang='lat' dir='ltr'><strong>clamasse;</strong></span> <span class='ocrx_word' id='word_1_96' title='bbox 1744 1519 1824 1571; x_wconf 88' lang='lat' dir='ltr'><strong>his</strong></span> <span class='ocrx_word' id='word_1_97' title='bbox 1865 1517 2083 1586; x_wconf 81' lang='lat' dir='ltr'><strong>quidem</strong></span> <span class='ocrx_word' id='word_1_98' title='bbox 2122 1534 2135 1569; x_wconf 84' lang='lat'><strong>:</strong></span> <span class='ocrx_word' id='word_1_99' title='bbox 2168 1513 2271 1568; x_wconf 86' lang='lat' dir='ltr'><strong>llic</strong></span> 
     </span>
    </p>
   </div>
   <div class='ocr_carea' id='block_1_17' title="bbox 694 1606 2272 1675">
    <p class='ocr_par' dir='ltr' id='par_1_17' title="bbox 694 1606 2272 1675">
     <span class='ocr_line' id='line_1_17' title="bbox 694 1606 2272 1675; baseline 0 -15"><span class='ocrx_word' id='word_1_100' title='bbox 694 1616 768 1660; x_wconf 86' lang='lat' dir='ltr'><strong>est</strong></span> <span class='ocrx_word' id='word_1_101' title='bbox 804 1606 980 1663; x_wconf 85' lang='lat' dir='ltr'><strong>Filius</strong></span> <span class='ocrx_word' id='word_1_102' title='bbox 1022 1626 1167 1663; x_wconf 84' lang='lat' dir='ltr'><strong>meus</strong></span> <span class='ocrx_word' id='word_1_103' title='bbox 1207 1610 1429 1664; x_wconf 81' lang='lat' dir='ltr'><strong>dilectus</strong></span> <span class='ocrx_word' id='word_1_104' title='bbox 1451 1612 1471 1641; x_wconf 84' lang='grc'><strong>⁹</strong></span> <span class='ocrx_word' id='word_1_105' title='bbox 1503 1628 1515 1675; x_wconf 91' lang='grc'><strong>;</strong></span> <span class='ocrx_word' id='word_1_106' title='bbox 1550 1610 1717 1663; x_wconf 85' lang='lat' dir='ltr'><strong>semel</strong></span> <span class='ocrx_word' id='word_1_107' title='bbox 1746 1617 1927 1661; x_wconf 88' lang='lat' dir='ltr'><strong>autem</strong></span> <span class='ocrx_word' id='word_1_108' title='bbox 1968 1626 1981 1661; x_wconf 91' lang='lat'><strong>:</strong></span> <span class='ocrx_word' id='word_1_109' title='bbox 2014 1606 2080 1659; x_wconf 86' lang='lat' dir='ltr'><strong>Et</strong></span> <span class='ocrx_word' id='word_1_110' title='bbox 2108 1608 2272 1660; x_wconf 89' lang='lat' dir='ltr'><strong>clari-</strong></span> 
     </span>
    </p>
   </div>
   <div class='ocr_carea' id='block_1_18' title="bbox 694 1698 2271 1769">
    <p class='ocr_par' dir='ltr' id='par_1_18' title="bbox 694 1698 2271 1769">
     <span class='ocr_line' id='line_1_18' title="bbox 694 1698 2271 1769; baseline -0.001 -19"><span class='ocrx_word' id='word_1_111' title='bbox 694 1698 872 1765; x_wconf 77' lang='lat' dir='ltr'><strong>ficavi,</strong></span> <span class='ocrx_word' id='word_1_112' title='bbox 899 1709 947 1752; x_wconf 87' lang='lat' dir='ltr'><strong>et</strong></span> <span class='ocrx_word' id='word_1_113' title='bbox 970 1701 1159 1754; x_wconf 80' lang='lat' dir='ltr'><strong>iterum</strong></span> <span class='ocrx_word' id='word_1_114' title='bbox 1195 1700 1500 1769; x_wconf 81' lang='lat' dir='ltr'><strong>clariﬁcabo</strong></span> <span class='ocrx_word' id='word_1_115' title='bbox 1530 1701 1572 1731; x_wconf 86' lang='grc'><strong>¹⁰</strong></span> <span class='ocrx_word' id='word_1_116' title='bbox 1592 1716 1609 1764; x_wconf 87' lang='grc'><strong><em>;</em></strong></span> <span class='ocrx_word' id='word_1_117' title='bbox 1632 1700 1760 1768; x_wconf 89' lang='lat' dir='ltr'><strong>quid</strong></span> <span class='ocrx_word' id='word_1_118' title='bbox 1790 1699 2083 1752; x_wconf 89' lang='lat' dir='ltr'><strong>absurdum</strong></span> <span class='ocrx_word' id='word_1_119' title='bbox 2117 1714 2271 1766; x_wconf 83' lang='lat' dir='ltr'><strong>pcre-</strong></span> 
     </span>
    </p>
   </div>
   <div class='ocr_carea' id='block_1_19' title="bbox 695 1782 2269 1853">
    <p class='ocr_par' dir='ltr' id='par_1_19' title="bbox 695 1782 2269 1853">
     <span class='ocr_line' id='line_1_19' title="bbox 695 1782 2269 1853; baseline -0.004 -14"><span class='ocrx_word' id='word_1_120' title='bbox 695 1788 983 1853; x_wconf 69' lang='lat' dir='ltr'><strong>grinumve</strong></span> <span class='ocrx_word' id='word_1_121' title='bbox 1030 1788 1235 1842; x_wconf 81' lang='lat' dir='ltr'><strong>faciunt</strong></span> <span class='ocrx_word' id='word_1_122' title='bbox 1267 1788 1591 1852; x_wconf 88' lang='lat' dir='ltr'><strong>Christiani,</strong></span> <span class='ocrx_word' id='word_1_123' title='bbox 1626 1788 1796 1840; x_wconf 89' lang='lat' dir='ltr'><strong>Deum</strong></span> <span class='ocrx_word' id='word_1_124' title='bbox 1842 1801 1905 1839; x_wconf 88' lang='lat' dir='ltr'><strong>ac</strong></span> <span class='ocrx_word' id='word_1_125' title='bbox 1947 1784 2040 1837; x_wconf 87' lang='lat' dir='ltr'><strong>Dei</strong></span> <span class='ocrx_word' id='word_1_126' title='bbox 2075 1782 2269 1836; x_wconf 89' lang='lat' dir='ltr'><strong>Filium</strong></span> 
     </span>
    </p>
   </div>
   <div class='ocr_carea' id='block_1_20' title="bbox 2372 595 3953 668">
    <p class='ocr_par' dir='ltr' id='par_1_20' title="bbox 2372 595 3953 668">
     <span class='ocr_line' id='line_1_20' title="bbox 2372 595 3953 668; baseline 0.005 -21"><span class='ocrx_word' id='word_1_127' title='bbox 2372 595 2724 648; x_wconf 76' lang='grc' dir='ltr'>ἐπιλαϐέσθαι</span> <span class='ocrx_word' id='word_1_128' title='bbox 2751 595 2923 665; x_wconf 81' lang='grc' dir='ltr'>πάρεξ</span> <span class='ocrx_word' id='word_1_129' title='bbox 2957 596 3122 663; x_wconf 88' lang='grc' dir='ltr'>Θεοῦ;</span> <span class='ocrx_word' id='word_1_130' title='bbox 3152 598 3547 668; x_wconf 84' lang='grc' dir='ltr'>ἐρωτάσΟωσαν</span> <span class='ocrx_word' id='word_1_131' title='bbox 3594 600 3839 654; x_wconf 85' lang='grc' dir='ltr'>Ἰουδαῖοι</span> <span class='ocrx_word' id='word_1_132' title='bbox 3868 607 3953 655; x_wconf 76' lang='grc' dir='ltr'><strong>εἶ-</strong></span> 
     </span>
    </p>
   </div>
   <div class='ocr_carea' id='block_1_21' title="bbox 2372 685 3952 762">
    <p class='ocr_par' dir='ltr' id='par_1_21' title="bbox 2372 685 3952 762">
     <span class='ocr_line' id='line_1_21' title="bbox 2372 685 3952 762; baseline 0.003 -23"><span class='ocrx_word' id='word_1_133' title='bbox 2372 704 2501 739; x_wconf 87' lang='grc' dir='ltr'>ποτε</span> <span class='ocrx_word' id='word_1_134' title='bbox 2532 685 2692 740; x_wconf 85' lang='grc' dir='ltr'>τοῦτο</span> <span class='ocrx_word' id='word_1_135' title='bbox 2720 687 3130 758; x_wconf 87' lang='grc' dir='ltr'>ἐντεθύμηνται,</span> <span class='ocrx_word' id='word_1_136' title='bbox 3162 688 3194 759; x_wconf 79' lang='grc' dir='ltr'>ἢ</span> <span class='ocrx_word' id='word_1_137' title='bbox 3227 689 3284 741; x_wconf 88' lang='grc' dir='ltr'><strong>ἐν</strong></span> <span class='ocrx_word' id='word_1_138' title='bbox 3313 690 3555 759; x_wconf 80' lang='grc' dir='ltr'>Γραφαῖς</span> <span class='ocrx_word' id='word_1_139' title='bbox 3579 692 3757 745; x_wconf 81' lang='grc' dir='ltr'>αὐτῶν</span> <span class='ocrx_word' id='word_1_140' title='bbox 3794 695 3952 762; x_wconf 68' lang='grc' dir='ltr'>εῐρηι</span> 
     </span>
    </p>
   </div>
   <div class='ocr_carea' id='block_1_22' title="bbox 2368 777 3951 852">
    <p class='ocr_par' dir='ltr' id='par_1_22' title="bbox 2368 777 3951 852">
     <span class='ocr_line' id='line_1_22' title="bbox 2368 777 3951 852; baseline 0.001 -22"><span class='ocrx_word' id='word_1_141' title='bbox 2368 795 2461 832; x_wconf 88' lang='grc' dir='ltr'><strong>ται</strong></span> <span class='ocrx_word' id='word_1_142' title='bbox 2499 777 2685 847; x_wconf 76' lang='grc' dir='ltr'>κύριος</span> <span class='ocrx_word' id='word_1_143' title='bbox 2715 778 2893 831; x_wconf 82' lang='grc' dir='ltr'>αὐτῶν</span> <span class='ocrx_word' id='word_1_144' title='bbox 2922 780 2949 831; x_wconf 99' lang='lat'><strong>6</strong></span> <span class='ocrx_word' id='word_1_145' title='bbox 2990 778 3205 850; x_wconf 85' lang='grc' dir='ltr'>Ἰσραήλ</span> <span class='ocrx_word' id='word_1_146' title='bbox 3226 795 3237 807; x_wconf 85' lang='lat'><strong>&#39;</strong></span> <span class='ocrx_word' id='word_1_147' title='bbox 3274 781 3321 832; x_wconf 81' lang='grc' dir='ltr'><strong>εί</strong></span> <span class='ocrx_word' id='word_1_148' title='bbox 3349 779 3404 831; x_wconf 91' lang='grc' dir='ltr'><strong>δέ</strong></span> <span class='ocrx_word' id='word_1_149' title='bbox 3435 799 3497 849; x_wconf 88' lang='grc' dir='ltr'><strong>γε</strong></span> <span class='ocrx_word' id='word_1_150' title='bbox 3525 783 3846 851; x_wconf 75' lang='grc' dir='ltr'>Χριστιανοὶ</span> <span class='ocrx_word' id='word_1_151' title='bbox 3870 782 3951 852; x_wconf 78' lang='grc' dir='ltr'><strong>τῷ</strong></span> 
     </span>
    </p>
   </div>
   <div class='ocr_carea' id='block_1_23' title="bbox 2368 870 3953 944">
    <p class='ocr_par' dir='ltr' id='par_1_23' title="bbox 2368 870 3953 944">
     <span class='ocr_line' id='line_1_23' title="bbox 2368 870 3953 944; baseline 0.002 -21"><span class='ocrx_word' id='word_1_152' title='bbox 2368 870 2483 923; x_wconf 74' lang='grc' dir='ltr'>ὄντι</span> <span class='ocrx_word' id='word_1_153' title='bbox 2513 870 2724 941; x_wconf 84' lang='grc' dir='ltr'>ἀληθῶς</span> <span class='ocrx_word' id='word_1_154' title='bbox 2758 872 2877 925; x_wconf 81' lang='grc' dir='ltr'>καθ’</span> <span class='ocrx_word' id='word_1_155' title='bbox 2908 871 2937 925; x_wconf 83' lang='grc' dir='ltr'><strong>ὃ</strong></span> <span class='ocrx_word' id='word_1_156' title='bbox 2966 874 3174 943; x_wconf 87' lang='grc' dir='ltr'>πρέπον</span> <span class='ocrx_word' id='word_1_157' title='bbox 3203 872 3320 943; x_wconf 86' lang='grc' dir='ltr'><strong>Θεῷ</strong></span> <span class='ocrx_word' id='word_1_158' title='bbox 3371 875 3595 944; x_wconf 81' lang='grc' dir='ltr'>γνήσιον</span> <span class='ocrx_word' id='word_1_159' title='bbox 3652 876 3796 939; x_wconf 75' lang='grc' dir='ltr'>Υἱδν,</span> <span class='ocrx_word' id='word_1_160' title='bbox 3854 877 3953 929; x_wconf 72' lang='grc' dir='ltr'><strong>καὶ</strong></span> 
     </span>
    </p>
   </div>
   <div class='ocr_carea' id='block_1_24' title="bbox 2369 961 3953 1037">
    <p class='ocr_par' dir='ltr' id='par_1_24' title="bbox 2369 961 3953 1037">
     <span class='ocr_line' id='line_1_24' title="bbox 2369 961 3953 1037; baseline 0.004 -23"><span class='ocrx_word' id='word_1_161' title='bbox 2369 961 2470 1030; x_wconf 81' lang='grc' dir='ltr'>τῆς</span> <span class='ocrx_word' id='word_1_162' title='bbox 2500 963 2668 1033; x_wconf 82' lang='grc' dir='ltr'>αὐτῆς</span> <span class='ocrx_word' id='word_1_163' title='bbox 2692 962 2787 1015; x_wconf 87' lang='grc' dir='ltr'><strong>τοῦ</strong></span> <span class='ocrx_word' id='word_1_164' title='bbox 2817 963 2951 1017; x_wconf 90' lang='grc' dir='ltr'>Θεοῦ</span> <span class='ocrx_word' id='word_1_165' title='bbox 2986 966 3080 1018; x_wconf 79' lang='grc' dir='ltr'>καὶ</span> <span class='ocrx_word' id='word_1_166' title='bbox 3118 964 3332 1036; x_wconf 80' lang='grc' dir='ltr'>Πατρδς</span> <span class='ocrx_word' id='word_1_167' title='bbox 3364 966 3551 1029; x_wconf 77' lang='grc' dir='ltr'>οὐσίας</span> <span class='ocrx_word' id='word_1_168' title='bbox 3584 968 3674 1019; x_wconf 75' lang='grc' dir='ltr'>τὸν</span> <span class='ocrx_word' id='word_1_169' title='bbox 3710 968 3953 1037; x_wconf 77' lang='grc' dir='ltr'>Χριστὸν</span> 
     </span>
    </p>
   </div>
   <div class='ocr_carea' id='block_1_25' title="bbox 2372 1054 3953 1132">
    <p class='ocr_par' dir='ltr' id='par_1_25' title="bbox 2372 1054 3953 1132">
     <span class='ocr_line' id='line_1_25' title="bbox 2372 1054 3953 1132; baseline 0.006 -27"><span class='ocrx_word' id='word_1_170' title='bbox 2372 1054 2728 1124; x_wconf 79' lang='grc' dir='ltr'><strong>ὁμολογοῦσιν</strong></span> <span class='ocrx_word' id='word_1_171' title='bbox 2756 1058 2821 1127; x_wconf 79' lang='grc' dir='ltr'>τῇ</span> <span class='ocrx_word' id='word_1_172' title='bbox 2853 1056 3005 1129; x_wconf 80' lang='grc' dir='ltr'>θεῖκῇ</span> <span class='ocrx_word' id='word_1_173' title='bbox 3042 1058 3219 1128; x_wconf 71' lang='grc' dir='ltr'>οὐσίᾳ,</span> <span class='ocrx_word' id='word_1_174' title='bbox 3253 1060 3392 1112; x_wconf 83' lang='grc' dir='ltr'><strong>κατά</strong></span> <span class='ocrx_word' id='word_1_175' title='bbox 3425 1058 3523 1129; x_wconf 82' lang='grc' dir='ltr'>τὴν</span> <span class='ocrx_word' id='word_1_176' title='bbox 3556 1062 3649 1113; x_wconf 70' lang='grc' dir='ltr'>καὶ</span> <span class='ocrx_word' id='word_1_177' title='bbox 3677 1062 3808 1132; x_wconf 80' lang='grc' dir='ltr'>παρ’</span> <span class='ocrx_word' id='word_1_178' title='bbox 3850 1063 3953 1114; x_wconf 76' lang='grc' dir='ltr'>αὑ-</span> 
     </span>
    </p>
   </div>
   <div class='ocr_carea' id='block_1_26' title="bbox 2371 1146 3956 1221">
    <p class='ocr_par' dir='ltr' id='par_1_26' title="bbox 2371 1146 3956 1221">
     <span class='ocr_line' id='line_1_26' title="bbox 2371 1146 3956 1221; baseline 0.006 -22"><span class='ocrx_word' id='word_1_179' title='bbox 2371 1146 2464 1199; x_wconf 83' lang='grc' dir='ltr'><strong>τοῦ</strong></span> <span class='ocrx_word' id='word_1_180' title='bbox 2490 1147 2582 1199; x_wconf 81' lang='grc' dir='ltr'><strong>τοῦ</strong></span> <span class='ocrx_word' id='word_1_181' title='bbox 2620 1148 2892 1219; x_wconf 75' lang='grc' dir='ltr'>βαρϐάρου</span> <span class='ocrx_word' id='word_1_182' title='bbox 2936 1151 3371 1221; x_wconf 75' lang='grc' dir='ltr'>ὁμολογουμένην</span> <span class='ocrx_word' id='word_1_183' title='bbox 3426 1154 3490 1205; x_wconf 87' lang='grc' dir='ltr'><strong>ἐκ</strong></span> <span class='ocrx_word' id='word_1_184' title='bbox 3523 1152 3656 1205; x_wconf 84' lang='grc' dir='ltr'>Θεοῦ</span> <span class='ocrx_word' id='word_1_185' title='bbox 3698 1155 3956 1208; x_wconf 78' lang='grc' dir='ltr'>δεδόσθαι</span> 
     </span>
    </p>
   </div>
   <div class='ocr_carea' id='block_1_27' title="bbox 2371 1239 3958 1315">
    <p class='ocr_par' dir='ltr' id='par_1_27' title="bbox 2371 1239 3958 1315">
     <span class='ocr_line' id='line_1_27' title="bbox 2371 1239 3958 1315; baseline 0.006 -26"><span class='ocrx_word' id='word_1_186' title='bbox 2371 1240 2585 1309; x_wconf 78' lang='grc' dir='ltr'>γραφὴν</span> <span class='ocrx_word' id='word_1_187' title='bbox 2616 1239 2709 1293; x_wconf 90' lang='grc' dir='ltr'><strong>τοῦ</strong></span> <span class='ocrx_word' id='word_1_188' title='bbox 2746 1239 3097 1309; x_wconf 75' lang='grc' dir='ltr'>Εὑαγγελίου.</span> <span class='ocrx_word' id='word_1_189' title='bbox 3125 1243 3186 1295; x_wconf 86' lang='lat' dir='ltr'><strong>El</strong></span> <span class='ocrx_word' id='word_1_190' title='bbox 3217 1243 3344 1313; x_wconf 68' lang='grc' dir='ltr'>γὰρ,</span> <span class='ocrx_word' id='word_1_191' title='bbox 3376 1245 3451 1307; x_wconf 85' lang='grc' dir='ltr'>ὠς</span> <span class='ocrx_word' id='word_1_192' title='bbox 3478 1245 3745 1315; x_wconf 84' lang='grc' dir='ltr'>ὁμολογεῖ,</span> <span class='ocrx_word' id='word_1_193' title='bbox 3769 1246 3958 1299; x_wconf 77' lang='grc' dir='ltr'>θεόθεν</span> 
     </span>
    </p>
   </div>
   <div class='ocr_carea' id='block_1_28' title="bbox 2371 1329 3959 1408">
    <p class='ocr_par' dir='ltr' id='par_1_28' title="bbox 2371 1329 3959 1408">
     <span class='ocr_line' id='line_1_28' title="bbox 2371 1329 3959 1408; baseline 0.006 -27"><span class='ocrx_word' id='word_1_194' title='bbox 2371 1329 2579 1383; x_wconf 72' lang='grc' dir='ltr'>δέδοται</span> <span class='ocrx_word' id='word_1_195' title='bbox 2607 1332 2665 1384; x_wconf 79' lang='grc' dir='ltr'><strong>τὸ</strong></span> <span class='ocrx_word' id='word_1_196' title='bbox 2702 1332 3052 1401; x_wconf 82' lang='grc' dir='ltr'>Εὑαγγέλιον,</span> <span class='ocrx_word' id='word_1_197' title='bbox 3092 1337 3149 1387; x_wconf 92' lang='grc' dir='ltr'><strong>ἐν</strong></span> <span class='ocrx_word' id='word_1_198' title='bbox 3193 1334 3342 1406; x_wconf 74' lang='grc' dir='ltr'>αὐτῷ</span> <span class='ocrx_word' id='word_1_199' title='bbox 3382 1336 3438 1388; x_wconf 83' lang='grc' dir='ltr'><strong>δέ</strong></span> <span class='ocrx_word' id='word_1_200' title='bbox 3496 1338 3823 1408; x_wconf 85' lang='grc' dir='ltr'>γέγραπται,</span> <span class='ocrx_word' id='word_1_201' title='bbox 3874 1340 3959 1391; x_wconf 86' lang='grc' dir='ltr'>ὅτι</span> 
     </span>
    </p>
   </div>
   <div class='ocr_carea' id='block_1_29' title="bbox 2371 1422 3957 1501">
    <p class='ocr_par' dir='ltr' id='par_1_29' title="bbox 2371 1422 3957 1501">
     <span class='ocr_line' id='line_1_29' title="bbox 2371 1422 3957 1501; baseline 0.005 -27"><span class='ocrx_word' id='word_1_202' title='bbox 2371 1423 2553 1492; x_wconf 85' lang='grc' dir='ltr'>τρίτον</span> <span class='ocrx_word' id='word_1_203' title='bbox 2584 1422 2789 1477; x_wconf 84' lang='grc' dir='ltr'>ἄνωθεν</span> <span class='ocrx_word' id='word_1_204' title='bbox 2817 1426 2845 1477; x_wconf 94' lang='lat'><strong>6</strong></span> <span class='ocrx_word' id='word_1_205' title='bbox 2873 1424 3004 1490; x_wconf 79' lang='grc' dir='ltr'>Θεὸς</span> <span class='ocrx_word' id='word_1_206' title='bbox 3034 1426 3177 1496; x_wconf 73' lang='grc' dir='ltr'>ὑπὲρ</span> <span class='ocrx_word' id='word_1_207' title='bbox 3214 1427 3450 1498; x_wconf 86' lang='grc' dir='ltr'>Χριστοῦ</span> <span class='ocrx_word' id='word_1_208' title='bbox 3484 1430 3784 1500; x_wconf 77' lang='grc' dir='ltr'>ἐπεϐόησεν</span> <span class='ocrx_word' id='word_1_209' title='bbox 3807 1447 3820 1460; x_wconf 84' lang='lat'><strong><em>°</em></strong></span> <span class='ocrx_word' id='word_1_210' title='bbox 3876 1431 3957 1501; x_wconf 81' lang='grc' dir='ltr'>πῆ</span> 
     </span>
    </p>
   </div>
   <div class='ocr_carea' id='block_1_30' title="bbox 2377 1510 3960 1593">
    <p class='ocr_par' dir='ltr' id='par_1_30' title="bbox 2377 1510 3960 1593">
     <span class='ocr_line' id='line_1_30' title="bbox 2377 1510 3960 1593; baseline 0.006 -28"><span class='ocrx_word' id='word_1_211' title='bbox 2377 1514 2493 1584; x_wconf 84' lang='grc' dir='ltr'>μὲν,</span> <span class='ocrx_word' id='word_1_212' title='bbox 2533 1510 2717 1580; x_wconf 84' lang='grc' dir='ltr'>Οὗτός</span> <span class='ocrx_word' id='word_1_213' title='bbox 2757 1517 2927 1571; x_wconf 83' lang='grc' dir='ltr'>ἐστιν</span> <span class='ocrx_word' id='word_1_214' title='bbox 2964 1519 2997 1571; x_wconf 82' lang='grc' dir='ltr'><strong><em>ὁ</em></strong></span> <span class='ocrx_word' id='word_1_215' title='bbox 3024 1519 3154 1584; x_wconf 79' lang='grc' dir='ltr'><em>Υἱός</em></span> <span class='ocrx_word' id='word_1_216' title='bbox 3182 1537 3302 1586; x_wconf 81' lang='grc' dir='ltr'><strong>μου</strong></span> <span class='ocrx_word' id='word_1_217' title='bbox 3344 1524 3375 1573; x_wconf 89' lang='lat' dir='ltr'><strong>o&#39;</strong></span> <span class='ocrx_word' id='word_1_218' title='bbox 3395 1520 3739 1589; x_wconf 49' lang='grc' dir='ltr'>ἀγαπητός</span> <span class='ocrx_word' id='word_1_219' title='bbox 3767 1522 3845 1593; x_wconf 82' lang='grc' dir='ltr'><strong>πῆ</strong></span> <span class='ocrx_word' id='word_1_220' title='bbox 3876 1523 3960 1587; x_wconf 80' lang='grc' dir='ltr'><strong>δὲ,</strong></span> 
     </span>
    </p>
   </div>
   <div class='ocr_carea' id='block_1_31' title="bbox 2374 1605 3964 1675">
    <p class='ocr_par' dir='ltr' id='par_1_31' title="bbox 2374 1605 3964 1675">
     <span class='ocr_line' id='line_1_31' title="bbox 2374 1605 3964 1675; baseline 0.005 -18"><span class='ocrx_word' id='word_1_221' title='bbox 2374 1606 2478 1657; x_wconf 80' lang='grc' dir='ltr'><strong>Καὶ</strong></span> <span class='ocrx_word' id='word_1_222' title='bbox 2504 1605 2787 1673; x_wconf 80' lang='grc' dir='ltr'>ἐδόξασα,</span> <span class='ocrx_word' id='word_1_223' title='bbox 2820 1608 2918 1661; x_wconf 80' lang='grc' dir='ltr'>καὶ</span> <span class='ocrx_word' id='word_1_224' title='bbox 2962 1608 3149 1662; x_wconf 77' lang='grc' dir='ltr'>πάλιν</span> <span class='ocrx_word' id='word_1_225' title='bbox 3182 1609 3470 1675; x_wconf 74' lang='grc' dir='ltr'>δοξάσως</span> <span class='ocrx_word' id='word_1_226' title='bbox 3523 1611 3575 1664; x_wconf 88' lang='grc' dir='ltr'><strong>τί</strong></span> <span class='ocrx_word' id='word_1_227' title='bbox 3625 1612 3825 1665; x_wconf 78' lang='grc' dir='ltr'>ἄτοπον</span> <span class='ocrx_word' id='word_1_228' title='bbox 3867 1615 3964 1666; x_wconf 75' lang='grc' dir='ltr'>καὶ</span> 
     </span>
    </p>
   </div>
   <div class='ocr_carea' id='block_1_32' title="bbox 2375 1693 3965 1766">
    <p class='ocr_par' dir='ltr' id='par_1_32' title="bbox 2375 1693 3965 1766">
     <span class='ocr_line' id='line_1_32' title="bbox 2375 1693 3965 1766; baseline 0.005 -19"><span class='ocrx_word' id='word_1_229' title='bbox 2375 1693 2522 1757; x_wconf 80' lang='grc' dir='ltr'>ξένον</span> <span class='ocrx_word' id='word_1_230' title='bbox 2548 1696 2790 1749; x_wconf 81' lang='grc' dir='ltr'>ποιοῦσιν</span> <span class='ocrx_word' id='word_1_231' title='bbox 2812 1697 2860 1749; x_wconf 85' lang='grc' dir='ltr'>οἱ</span> <span class='ocrx_word' id='word_1_232' title='bbox 2889 1698 3223 1766; x_wconf 75' lang='grc' dir='ltr'>Χριστιανοὶ,</span> <span class='ocrx_word' id='word_1_233' title='bbox 3260 1699 3390 1752; x_wconf 81' lang='grc' dir='ltr'>Θεὸν</span> <span class='ocrx_word' id='word_1_234' title='bbox 3423 1700 3517 1754; x_wconf 74' lang='grc' dir='ltr'>καὶ</span> <span class='ocrx_word' id='word_1_235' title='bbox 3544 1700 3677 1754; x_wconf 86' lang='grc' dir='ltr'>Θεοῦ</span> <span class='ocrx_word' id='word_1_236' title='bbox 3714 1702 3845 1754; x_wconf 74' lang='grc' dir='ltr'>Υἱον</span> <span class='ocrx_word' id='word_1_237' title='bbox 3870 1705 3965 1756; x_wconf 75' lang='grc' dir='ltr'><strong>τὸν</strong></span> 
     </span>
    </p>
   </div>
   <div class='ocr_carea' id='block_1_33' title="bbox 2372 1782 3964 1861">
    <p class='ocr_par' dir='ltr' id='par_1_33' title="bbox 2372 1782 3964 1861">
     <span class='ocr_line' id='line_1_33' title="bbox 2372 1782 3964 1861; baseline 0.007 -28"><span class='ocrx_word' id='word_1_238' title='bbox 2372 1782 2606 1852; x_wconf 78' lang='grc' dir='ltr'>Χριστδν</span> <span class='ocrx_word' id='word_1_239' title='bbox 2640 1784 3063 1853; x_wconf 84' lang='grc' dir='ltr'>ὁμολογοῦντες;</span> <span class='ocrx_word' id='word_1_240' title='bbox 3095 1787 3189 1839; x_wconf 90' lang='grc' dir='ltr'><strong>τοῦ</strong></span> <span class='ocrx_word' id='word_1_241' title='bbox 3221 1787 3355 1839; x_wconf 84' lang='grc' dir='ltr'>Θεοῦ</span> <span class='ocrx_word' id='word_1_242' title='bbox 3392 1789 3522 1841; x_wconf 79' lang='grc' dir='ltr'>αὐτὸ</span> <span class='ocrx_word' id='word_1_243' title='bbox 3549 1790 3707 1842; x_wconf 84' lang='grc' dir='ltr'>τοῦτο</span> <span class='ocrx_word' id='word_1_244' title='bbox 3742 1808 3964 1861; x_wconf 85' lang='grc' dir='ltr'>μαρτυ-</span> 
     </span>
    </p>
   </div>
   <div class='ocr_carea' id='block_1_34' title="bbox 695 1872 2281 1953">
    <p class='ocr_par' dir='ltr' id='par_1_34' title="bbox 695 1877 2273 1939">
     <span class='ocr_line' id='line_1_34' title="bbox 695 1877 2273 1939; baseline -0.004 -7"><span class='ocrx_word' id='word_1_245' title='bbox 695 1878 975 1932; x_wconf 90' lang='lat' dir='ltr'><strong>Christum</strong></span> <span class='ocrx_word' id='word_1_246' title='bbox 1029 1880 1354 1933; x_wconf 84' lang='lat' dir='ltr'><strong>contitentes</strong></span> <span class='ocrx_word' id='word_1_247' title='bbox 1385 1880 1407 1933; x_wconf 92' lang='lat'><strong>?</strong></span> <span class='ocrx_word' id='word_1_248' title='bbox 1437 1879 1547 1934; x_wconf 90' lang='lat' dir='ltr'><strong>Deo</strong></span> <span class='ocrx_word' id='word_1_249' title='bbox 1593 1879 1697 1932; x_wconf 90' lang='lat' dir='ltr'><strong>hoc</strong></span> <span class='ocrx_word' id='word_1_250' title='bbox 1739 1877 1881 1931; x_wconf 91' lang='lat' dir='ltr'><strong>idem</strong></span> <span class='ocrx_word' id='word_1_251' title='bbox 1923 1883 2176 1939; x_wconf 89' lang='lat' dir='ltr'><strong>testante,</strong></span> <span class='ocrx_word' id='word_1_252' title='bbox 2221 1882 2273 1926; x_wconf 91' lang='lat' dir='ltr'><strong>et</strong></span> 
     </span>
    </p>
   </div>
   <div class='ocr_carea' id='block_1_35' title="bbox 2384 1872 3966 1953">
    <p class='ocr_par' dir='ltr' id='par_1_35' title="bbox 2384 1874 3966 1953">
     <span class='ocr_line' id='line_1_35' title="bbox 2384 1874 3966 1953; baseline 0.007 -28"><span class='ocrx_word' id='word_1_253' title='bbox 2384 1874 2621 1945; x_wconf 83' lang='grc' dir='ltr'>ροῦντος,</span> <span class='ocrx_word' id='word_1_254' title='bbox 2659 1878 2752 1929; x_wconf 74' lang='grc' dir='ltr'><strong>καὶ</strong></span> <span class='ocrx_word' id='word_1_255' title='bbox 2786 1878 2943 1930; x_wconf 85' lang='grc' dir='ltr'>τοῦτο</span> <span class='ocrx_word' id='word_1_256' title='bbox 2972 1878 3071 1945; x_wconf 86' lang='grc' dir='ltr'>μὲν</span> <span class='ocrx_word' id='word_1_257' title='bbox 3118 1881 3181 1932; x_wconf 90' lang='grc' dir='ltr'><strong>ἐκ</strong></span> <span class='ocrx_word' id='word_1_258' title='bbox 3225 1881 3323 1950; x_wconf 79' lang='grc' dir='ltr'>τῆς</span> <span class='ocrx_word' id='word_1_259' title='bbox 3378 1883 3784 1951; x_wconf 80' lang='grc' dir='ltr'>ἐπαινουμένης</span> <span class='ocrx_word' id='word_1_260' title='bbox 3824 1883 3966 1953; x_wconf 81' lang='grc' dir='ltr'>παρ’</span> 
     </span>
    </p>
   </div>
   <div class='ocr_carea' id='block_1_36' title="bbox 695 1966 2270 2042">
    <p class='ocr_par' dir='ltr' id='par_1_36' title="bbox 695 1966 2270 2042">
     <span class='ocr_line' id='line_1_36' title="bbox 695 1966 2270 2042; baseline -0.005 -18"><span class='ocrx_word' id='word_1_261' title='bbox 695 1970 917 2039; x_wconf 78' lang='lat' dir='ltr'><strong>quidem</strong></span> <span class='ocrx_word' id='word_1_262' title='bbox 945 1970 998 2023; x_wconf 91' lang='lat' dir='ltr'><strong>in</strong></span> <span class='ocrx_word' id='word_1_263' title='bbox 1028 1970 1246 2026; x_wconf 86' lang='lat' dir='ltr'><strong>laudato</strong></span> <span class='ocrx_word' id='word_1_264' title='bbox 1268 1973 1337 2026; x_wconf 91' lang='lat' dir='ltr'><strong>ab</strong></span> <span class='ocrx_word' id='word_1_265' title='bbox 1368 1970 1487 2042; x_wconf 91' lang='lat' dir='ltr'><strong>ipso</strong></span> <span class='ocrx_word' id='word_1_266' title='bbox 1524 1969 1841 2025; x_wconf 83' lang='lat' dir='ltr'><strong>Mobamede</strong></span> <span class='ocrx_word' id='word_1_267' title='bbox 1880 1968 2040 2021; x_wconf 88' lang='lat' dir='ltr'><strong>libro.</strong></span> <span class='ocrx_word' id='word_1_268' title='bbox 2085 1966 2270 2031; x_wconf 85' lang='lat' dir='ltr'><strong>Quan-</strong></span> 
     </span>
    </p>
   </div>
   <div class='ocr_carea' id='block_1_37' title="bbox 695 2056 2275 2133">
    <p class='ocr_par' dir='ltr' id='par_1_37' title="bbox 695 2056 2275 2133">
     <span class='ocr_line' id='line_1_37' title="bbox 695 2056 2275 2133; baseline -0.003 -19"><span class='ocrx_word' id='word_1_269' title='bbox 695 2076 859 2130; x_wconf 86' lang='lat' dir='ltr'><strong>quam</strong></span> <span class='ocrx_word' id='word_1_270' title='bbox 891 2062 1130 2116; x_wconf 87' lang='lat' dir='ltr'><strong>arbitror</strong></span> <span class='ocrx_word' id='word_1_271' title='bbox 1162 2078 1440 2133; x_wconf 86' lang='lat' dir='ltr'><strong>nunquam</strong></span> <span class='ocrx_word' id='word_1_272' title='bbox 1477 2063 1672 2117; x_wconf 89' lang='lat' dir='ltr'><strong>lectam</strong></span> <span class='ocrx_word' id='word_1_273' title='bbox 1700 2061 2010 2115; x_wconf 77' lang='lat' dir='ltr'><strong>divinorum</strong></span> <span class='ocrx_word' id='word_1_274' title='bbox 2038 2056 2275 2127; x_wconf 80' lang='lat' dir='ltr'><strong>Evange-</strong></span> 
     </span>
    </p>
   </div>
   <div class='ocr_carea' id='block_1_38' title="bbox 695 2152 2272 2223">
    <p class='ocr_par' dir='ltr' id='par_1_38' title="bbox 695 2152 2272 2223">
     <span class='ocr_line' id='line_1_38' title="bbox 695 2152 2272 2223; baseline -0.003 -17"><span class='ocrx_word' id='word_1_275' title='bbox 695 2154 891 2209; x_wconf 91' lang='lat' dir='ltr'><strong>liorum</strong></span> <span class='ocrx_word' id='word_1_276' title='bbox 924 2169 954 2208; x_wconf 91' lang='lat' dir='ltr'><strong>a</strong></span> <span class='ocrx_word' id='word_1_277' title='bbox 994 2154 1230 2207; x_wconf 91' lang='lat' dir='ltr'><strong>barbaro</strong></span> <span class='ocrx_word' id='word_1_278' title='bbox 1288 2154 1644 2223; x_wconf 77' lang='lat' dir='ltr'><strong>scripturam,</strong></span> <span class='ocrx_word' id='word_1_279' title='bbox 1679 2152 1773 2207; x_wconf 90' lang='lat' dir='ltr'><strong>sed</strong></span> <span class='ocrx_word' id='word_1_280' title='bbox 1811 2152 2026 2205; x_wconf 91' lang='lat' dir='ltr'><strong>illorum</strong></span> <span class='ocrx_word' id='word_1_281' title='bbox 2062 2158 2272 2203; x_wconf 92' lang='lat' dir='ltr'><strong>tantum</strong></span> 
     </span>
    </p>
   </div>
   <div class='ocr_carea' id='block_1_39' title="bbox 696 2242 2274 2315">
    <p class='ocr_par' dir='ltr' id='par_1_39' title="bbox 696 2242 2274 2315">
     <span class='ocr_line' id='line_1_39' title="bbox 696 2242 2274 2315; baseline -0.004 -14"><span class='ocrx_word' id='word_1_282' title='bbox 696 2247 919 2301; x_wconf 88' lang='lat' dir='ltr'><strong>nomine</strong></span> <span class='ocrx_word' id='word_1_283' title='bbox 956 2246 1162 2307; x_wconf 86' lang='lat' dir='ltr'><strong>audito,</strong></span> <span class='ocrx_word' id='word_1_284' title='bbox 1192 2245 1487 2309; x_wconf 83' lang='lat' dir='ltr'><strong>laudasse;</strong></span> <span class='ocrx_word' id='word_1_285' title='bbox 1520 2244 1653 2315; x_wconf 91' lang='lat' dir='ltr'><strong>quin</strong></span> <span class='ocrx_word' id='word_1_286' title='bbox 1700 2254 1881 2298; x_wconf 89' lang='lat' dir='ltr'><strong>tamen</strong></span> <span class='ocrx_word' id='word_1_287' title='bbox 1932 2244 2099 2299; x_wconf 90' lang='lat' dir='ltr'><strong>sciret</strong></span> <span class='ocrx_word' id='word_1_288' title='bbox 2137 2242 2274 2297; x_wconf 86' lang='lat' dir='ltr'><strong>scri—</strong></span> 
     </span>
    </p>
   </div>
   <div class='ocr_carea' id='block_1_40' title="bbox 696 2328 2057 2409">
    <p class='ocr_par' dir='ltr' id='par_1_40' title="bbox 696 2328 2057 2409">
     <span class='ocr_line' id='line_1_40' title="bbox 696 2328 2057 2409; baseline -0.004 -16"><span class='ocrx_word' id='word_1_289' title='bbox 696 2348 850 2409; x_wconf 89' lang='lat' dir='ltr'><strong>ptum</strong></span> <span class='ocrx_word' id='word_1_290' title='bbox 884 2328 962 2392; x_wconf 85' lang='lat' dir='ltr'><strong>ibi</strong></span> <span class='ocrx_word' id='word_1_291' title='bbox 992 2336 1141 2408; x_wconf 87' lang='lat' dir='ltr'><strong>quod</strong></span> <span class='ocrx_word' id='word_1_292' title='bbox 1179 2352 1307 2392; x_wconf 84' lang='lat' dir='ltr'><strong>vere</strong></span> <span class='ocrx_word' id='word_1_293' title='bbox 1343 2336 1434 2391; x_wconf 87' lang='lat' dir='ltr'><strong>Dei</strong></span> <span class='ocrx_word' id='word_1_294' title='bbox 1467 2336 1640 2391; x_wconf 90' lang='lat' dir='ltr'><strong>Filius</strong></span> <span class='ocrx_word' id='word_1_295' title='bbox 1667 2336 1922 2392; x_wconf 81' lang='lat' dir='ltr'><strong>Christus</strong></span> <span class='ocrx_word' id='word_1_296' title='bbox 1964 2338 2057 2391; x_wconf 89' lang='lat' dir='ltr'><strong>sit.</strong></span> 
     </span>
    </p>
   </div>
   <div class='ocr_carea' id='block_1_41' title="bbox 696 2428 2276 2499">
    <p class='ocr_par' dir='ltr' id='par_1_41' title="bbox 696 2428 2276 2499">
     <span class='ocr_line' id='line_1_41' title="bbox 696 2428 2276 2499; baseline 0 -14"><span class='ocrx_word' id='word_1_297' title='bbox 696 2494 699 2495; x_wconf 20' lang='grc' dir='ltr'><strong>ν</strong></span> <span class='ocrx_word' id='word_1_298' title='bbox 767 2430 855 2485; x_wconf 85' lang='lat' dir='ltr'><strong>6t.</strong></span> <span class='ocrx_word' id='word_1_299' title='bbox 893 2428 1049 2497; x_wconf 86' lang='lat' dir='ltr'><strong>Quod</strong></span> <span class='ocrx_word' id='word_1_300' title='bbox 1082 2439 1259 2483; x_wconf 90' lang='lat' dir='ltr'><strong>tamen</strong></span> <span class='ocrx_word' id='word_1_301' title='bbox 1288 2444 1351 2484; x_wconf 86' lang='lat' dir='ltr'><strong>ex</strong></span> <span class='ocrx_word' id='word_1_302' title='bbox 1382 2428 1691 2499; x_wconf 88' lang='lat' dir='ltr'><strong>antiquiore</strong></span> <span class='ocrx_word' id='word_1_303' title='bbox 1724 2428 1885 2482; x_wconf 91' lang='lat' dir='ltr'><strong>etiam</strong></span> <span class='ocrx_word' id='word_1_304' title='bbox 1919 2431 2276 2499; x_wconf 77' lang='lat' dir='ltr'><strong>mysticorum</strong></span> 
     </span>
    </p>
   </div>
   <div class='ocr_carea' id='block_1_42' title="bbox 698 2518 2280 2591">
    <p class='ocr_par' dir='ltr' id='par_1_42' title="bbox 698 2518 2280 2591">
     <span class='ocr_line' id='line_1_42' title="bbox 698 2518 2280 2591; baseline 0.001 -17"><span class='ocrx_word' id='word_1_305' title='bbox 698 2537 761 2574; x_wconf 91' lang='lat' dir='ltr'><strong>ac</strong></span> <span class='ocrx_word' id='word_1_306' title='bbox 782 2522 1172 2591; x_wconf 88' lang='lat' dir='ltr'><strong>prophetarum</strong></span> <span class='ocrx_word' id='word_1_307' title='bbox 1198 2519 1483 2589; x_wconf 79' lang='lat' dir='ltr'><strong>Scriptura</strong></span> <span class='ocrx_word' id='word_1_308' title='bbox 1514 2518 1855 2588; x_wconf 88' lang='lat' dir='ltr'><strong>exploratum</strong></span> <span class='ocrx_word' id='word_1_309' title='bbox 1884 2529 1987 2574; x_wconf 89' lang='lat' dir='ltr'><strong>est.</strong></span> <span class='ocrx_word' id='word_1_310' title='bbox 2020 2520 2153 2575; x_wconf 80' lang='lat' dir='ltr'><strong>Nam</strong></span> <span class='ocrx_word' id='word_1_311' title='bbox 2185 2538 2280 2591; x_wconf 86' lang='lat' dir='ltr'><strong>pa-</strong></span> 
     </span>
    </p>
   </div>
   <div class='ocr_carea' id='block_1_43' title="bbox 700 2612 2283 2679">
    <p class='ocr_par' dir='ltr' id='par_1_43' title="bbox 700 2612 2283 2679">
     <span class='ocr_line' id='line_1_43' title="bbox 700 2612 2283 2679; baseline 0.002 -14"><span class='ocrx_word' id='word_1_312' title='bbox 700 2628 785 2667; x_wconf 87' lang='lat' dir='ltr'><strong>res</strong></span> <span class='ocrx_word' id='word_1_313' title='bbox 845 2612 1127 2666; x_wconf 80' lang='lat' dir='ltr'><strong>stellarum</strong></span> <span class='ocrx_word' id='word_1_314' title='bbox 1182 2627 1411 2667; x_wconf 90' lang='lat' dir='ltr'><strong>numero</strong></span> <span class='ocrx_word' id='word_1_315' title='bbox 1440 2612 1685 2666; x_wconf 78' lang='lat' dir='ltr'><strong>invenies</strong></span> <span class='ocrx_word' id='word_1_316' title='bbox 1730 2612 1808 2665; x_wconf 90' lang='lat' dir='ltr'><strong>rei</strong></span> <span class='ocrx_word' id='word_1_317' title='bbox 1848 2612 2010 2679; x_wconf 89' lang='lat' dir='ltr'><strong>hujus</strong></span> <span class='ocrx_word' id='word_1_318' title='bbox 2051 2615 2283 2668; x_wconf 84' lang='lat' dir='ltr'><strong>demon-</strong></span> 
     </span>
    </p>
   </div>
   <div class='ocr_carea' id='block_1_44' title="bbox 700 2704 2281 2777">
    <p class='ocr_par' dir='ltr' id='par_1_44' title="bbox 700 2704 2281 2777">
     <span class='ocr_line' id='line_1_44' title="bbox 700 2704 2281 2777; baseline 0 -18"><span class='ocrx_word' id='word_1_319' title='bbox 700 2705 1013 2768; x_wconf 88' lang='lat' dir='ltr'><strong>strationes,</strong></span> <span class='ocrx_word' id='word_1_320' title='bbox 1045 2704 1157 2774; x_wconf 87' lang='lat' dir='ltr'><strong>jam</strong></span> <span class='ocrx_word' id='word_1_321' title='bbox 1199 2705 1323 2760; x_wconf 90' lang='lat' dir='ltr'><strong>inde</strong></span> <span class='ocrx_word' id='word_1_322' title='bbox 1346 2720 1375 2759; x_wconf 91' lang='lat' dir='ltr'><strong>a</strong></span> <span class='ocrx_word' id='word_1_323' title='bbox 1406 2705 1585 2775; x_wconf 91' lang='lat' dir='ltr'><strong>primo</strong></span> <span class='ocrx_word' id='word_1_324' title='bbox 1611 2704 1853 2759; x_wconf 86' lang='lat' dir='ltr'><strong>omnium</strong></span> <span class='ocrx_word' id='word_1_325' title='bbox 1888 2706 2025 2759; x_wconf 90' lang='lat' dir='ltr'><strong>libro</strong></span> <span class='ocrx_word' id='word_1_326' title='bbox 2059 2705 2281 2777; x_wconf 82' lang='lat' dir='ltr'><strong>Mo_vsis,</strong></span> 
     </span>
    </p>
   </div>
   <div class='ocr_carea' id='block_1_45' title="bbox 701 2796 2282 2869">
    <p class='ocr_par' dir='ltr' id='par_1_45' title="bbox 701 2796 2282 2869">
     <span class='ocr_line' id='line_1_45' title="bbox 701 2796 2282 2869; baseline 0.001 -18"><span class='ocrx_word' id='word_1_327' title='bbox 701 2814 875 2869; x_wconf 90' lang='lat' dir='ltr'><strong>usque</strong></span> <span class='ocrx_word' id='word_1_328' title='bbox 897 2798 962 2852; x_wconf 91' lang='lat' dir='ltr'><strong>ad</strong></span> <span class='ocrx_word' id='word_1_329' title='bbox 990 2798 1265 2852; x_wconf 90' lang='lat' dir='ltr'><strong>Danielem</strong></span> <span class='ocrx_word' id='word_1_330' title='bbox 1282 2798 1602 2867; x_wconf 88' lang='lat' dir='ltr'><strong>prophetam</strong></span> <span class='ocrx_word' id='word_1_331' title='bbox 1621 2807 1673 2851; x_wconf 90' lang='lat' dir='ltr'><strong>et</strong></span> <span class='ocrx_word' id='word_1_332' title='bbox 1695 2799 1951 2866; x_wconf 84' lang='lat' dir='ltr'><strong>reliquos.</strong></span> <span class='ocrx_word' id='word_1_333' title='bbox 1973 2796 2127 2865; x_wconf 85' lang='lat' dir='ltr'><strong>Quod</strong></span> <span class='ocrx_word' id='word_1_334' title='bbox 2157 2803 2282 2869; x_wconf 79' lang='lat' dir='ltr'><strong>qni-</strong></span> 
     </span>
    </p>
   </div>
   <div class='ocr_carea' id='block_1_46' title="bbox 698 2888 2286 2961">
    <p class='ocr_par' dir='ltr' id='par_1_46' title="bbox 698 2888 2286 2961">
     <span class='ocr_line' id='line_1_46' title="bbox 698 2888 2286 2961; baseline 0.002 -18"><span class='ocrx_word' id='word_1_335' title='bbox 698 2891 819 2943; x_wconf 87' lang='lat' dir='ltr'><strong>dem</strong></span> <span class='ocrx_word' id='word_1_336' title='bbox 842 2888 1052 2960; x_wconf 80' lang='lat' dir='ltr'><strong>Moyses</strong></span> <span class='ocrx_word' id='word_1_337' title='bbox 1079 2900 1259 2943; x_wconf 88' lang='lat' dir='ltr'><strong>nosset</strong></span> <span class='ocrx_word' id='word_1_338' title='bbox 1286 2888 1378 2942; x_wconf 90' lang='lat' dir='ltr'><strong>Dei</strong></span> <span class='ocrx_word' id='word_1_339' title='bbox 1403 2889 1663 2942; x_wconf 88' lang='lat' dir='ltr'><strong>unitatem</strong></span> <span class='ocrx_word' id='word_1_340' title='bbox 1691 2898 1921 2956; x_wconf 70' lang='lat' dir='ltr'><strong>naturze,</strong></span> <span class='ocrx_word' id='word_1_341' title='bbox 1948 2900 2002 2945; x_wconf 92' lang='lat' dir='ltr'><strong>et</strong></span> <span class='ocrx_word' id='word_1_342' title='bbox 2036 2898 2286 2961; x_wconf 81' lang='lat' dir='ltr'><strong>proprie-</strong></span> 
     </span>
    </p>
   </div>
   <div class='ocr_carea' id='block_1_47' title="bbox 699 2979 2286 3050">
    <p class='ocr_par' dir='ltr' id='par_1_47' title="bbox 699 2979 2286 3050">
     <span class='ocr_line' id='line_1_47' title="bbox 699 2979 2286 3050; baseline 0.003 -17"><span class='ocrx_word' id='word_1_343' title='bbox 699 2989 872 3034; x_wconf 89' lang='lat' dir='ltr'><strong>tatum</strong></span> <span class='ocrx_word' id='word_1_344' title='bbox 901 2981 952 3035; x_wconf 89' lang='lat' dir='ltr'><strong>id</strong></span> <span class='ocrx_word' id='word_1_345' title='bbox 978 2990 1061 3035; x_wconf 89' lang='lat' dir='ltr'><strong>est</strong></span> <span class='ocrx_word' id='word_1_346' title='bbox 1100 2994 1455 3049; x_wconf 89' lang='lat' dir='ltr'><strong>personarum</strong></span> <span class='ocrx_word' id='word_1_347' title='bbox 1489 2979 1869 3044; x_wconf 70' lang='lat' dir='ltr'><strong>diﬂ‘erentiain,</strong></span> <span class='ocrx_word' id='word_1_348' title='bbox 1888 2982 2062 3050; x_wconf 85' lang='lat' dir='ltr'><strong>palam</strong></span> <span class='ocrx_word' id='word_1_349' title='bbox 2085 2983 2286 3038; x_wconf 80' lang='lat' dir='ltr'><strong>factum</strong></span> 
     </span>
    </p>
   </div>
   <div class='ocr_carea' id='block_1_48' title="bbox 699 3069 2288 3143">
    <p class='ocr_par' dir='ltr' id='par_1_48' title="bbox 699 3069 2288 3143">
     <span class='ocr_line' id='line_1_48' title="bbox 699 3069 2288 3143; baseline 0.001 -17"><span class='ocrx_word' id='word_1_350' title='bbox 699 3081 784 3127; x_wconf 89' lang='lat' dir='ltr'><strong>est</strong></span> <span class='ocrx_word' id='word_1_351' title='bbox 807 3088 931 3127; x_wconf 89' lang='lat' dir='ltr'><strong>cum</strong></span> <span class='ocrx_word' id='word_1_352' title='bbox 973 3072 1235 3141; x_wconf 86' lang='lat' dir='ltr'><strong>scripsit:</strong></span> <span class='ocrx_word' id='word_1_353' title='bbox 1274 3069 1562 3124; x_wconf 78' lang='lat' dir='ltr'><strong>Faciamus</strong></span> <span class='ocrx_word' id='word_1_354' title='bbox 1606 3071 1869 3125; x_wconf 75' lang='lat' dir='ltr'><strong>hominem</strong></span> <span class='ocrx_word' id='word_1_355' title='bbox 1900 3074 1969 3125; x_wconf 84' lang='lat' dir='ltr'><strong>ad</strong></span> <span class='ocrx_word' id='word_1_356' title='bbox 2006 3076 2288 3143; x_wconf 81' lang='lat' dir='ltr'><strong>imaginem</strong></span> 
     </span>
    </p>
   </div>
   <div class='ocr_carea' id='block_1_49' title="bbox 700 3160 2288 3219">
    <p class='ocr_par' dir='ltr' id='par_1_49' title="bbox 700 3160 2288 3219">
     <span class='ocr_line' id='line_1_49' title="bbox 700 3160 2288 3219; baseline 0.001 -2"><span class='ocrx_word' id='word_1_357' title='bbox 700 3182 764 3217; x_wconf 87' lang='lat' dir='ltr'><strong>ac</strong></span> <span class='ocrx_word' id='word_1_358' title='bbox 787 3164 1189 3218; x_wconf 81' lang='lat' dir='ltr'><strong>similitudinem</strong></span> <span class='ocrx_word' id='word_1_359' title='bbox 1220 3172 1454 3217; x_wconf 84' lang='lat' dir='ltr'><strong>nostram</strong></span> <span class='ocrx_word' id='word_1_360' title='bbox 1483 3163 1546 3217; x_wconf 84' lang='lat'><strong>“.</strong></span> <span class='ocrx_word' id='word_1_361' title='bbox 1582 3160 1715 3216; x_wconf 88' lang='lat' dir='ltr'><strong>Item</strong></span> <span class='ocrx_word' id='word_1_362' title='bbox 1745 3164 1914 3217; x_wconf 91' lang='lat' dir='ltr'><strong>dixit:</strong></span> <span class='ocrx_word' id='word_1_363' title='bbox 1948 3163 2081 3219; x_wconf 83' lang='lat' dir='ltr'><strong>Ecce</strong></span> <span class='ocrx_word' id='word_1_364' title='bbox 2117 3166 2288 3219; x_wconf 83' lang='lat' dir='ltr'><strong>Adam</strong></span> 
     </span>
    </p>
   </div>
   <div class='ocr_carea' id='block_1_50' title="bbox 699 3255 2281 3326">
    <p class='ocr_par' dir='ltr' id='par_1_50' title="bbox 699 3255 2281 3326">
     <span class='ocr_line' id='line_1_50' title="bbox 699 3255 2281 3326; baseline -0.001 -16"><span class='ocrx_word' id='word_1_365' title='bbox 699 3258 853 3326; x_wconf 76' lang='lat' dir='ltr'><strong>quasi</strong></span> <span class='ocrx_word' id='word_1_366' title='bbox 880 3273 1015 3309; x_wconf 84' lang='lat' dir='ltr'><strong>unus</strong></span> <span class='ocrx_word' id='word_1_367' title='bbox 1039 3271 1103 3309; x_wconf 76' lang='lat' dir='ltr'><strong>ex</strong></span> <span class='ocrx_word' id='word_1_368' title='bbox 1136 3256 1283 3309; x_wconf 85' lang='lat' dir='ltr'><strong>nobis</strong></span> <span class='ocrx_word' id='word_1_369' title='bbox 1320 3255 1492 3323; x_wconf 79' lang='lat' dir='ltr'><strong>factus</strong></span> <span class='ocrx_word' id='word_1_370' title='bbox 1514 3263 1588 3306; x_wconf 87' lang='lat' dir='ltr'><strong>est</strong></span> <span class='ocrx_word' id='word_1_371' title='bbox 1615 3255 1680 3307; x_wconf 84' lang='grc'><strong>¹¹.</strong></span> <span class='ocrx_word' id='word_1_372' title='bbox 1724 3255 1964 3325; x_wconf 89' lang='lat' dir='ltr'><strong>Denique</strong></span> <span class='ocrx_word' id='word_1_373' title='bbox 1988 3272 2110 3310; x_wconf 90' lang='lat' dir='ltr'><strong>cum</strong></span> <span class='ocrx_word' id='word_1_374' title='bbox 2142 3257 2281 3311; x_wconf 91' lang='lat' dir='ltr'><strong>scri-</strong></span> 
     </span>
    </p>
   </div>
   <div class='ocr_carea' id='block_1_51' title="bbox 700 3346 2281 3419">
    <p class='ocr_par' dir='ltr' id='par_1_51' title="bbox 700 3346 2281 3419">
     <span class='ocr_line' id='line_1_51' title="bbox 700 3346 2281 3419; baseline -0.001 -17"><span class='ocrx_word' id='word_1_375' title='bbox 700 3348 847 3419; x_wconf 86' lang='lat' dir='ltr'><strong>psit:</strong></span> <span class='ocrx_word' id='word_1_376' title='bbox 884 3349 1047 3413; x_wconf 84' lang='lat' dir='ltr'><strong>Audi,</strong></span> <span class='ocrx_word' id='word_1_377' title='bbox 1100 3347 1289 3411; x_wconf 86' lang='lat' dir='ltr'><strong>lsrael,</strong></span> <span class='ocrx_word' id='word_1_378' title='bbox 1326 3346 1583 3399; x_wconf 77' lang='lat' dir='ltr'><strong>Dominus</strong></span> <span class='ocrx_word' id='word_1_379' title='bbox 1639 3346 1779 3399; x_wconf 82' lang='lat' dir='ltr'><strong>Deus</strong></span> <span class='ocrx_word' id='word_1_380' title='bbox 1836 3358 1980 3409; x_wconf 88' lang='lat' dir='ltr'><strong>tuus,</strong></span> <span class='ocrx_word' id='word_1_381' title='bbox 2026 3347 2281 3401; x_wconf 81' lang='lat' dir='ltr'><strong>Dominus</strong></span> 
     </span>
    </p>
   </div>
   <div class='ocr_carea' id='block_1_52' title="bbox 701 3441 2286 3497">
    <p class='ocr_par' dir='ltr' id='par_1_52' title="bbox 701 3441 2286 3497">
     <span class='ocr_line' id='line_1_52' title="bbox 701 3441 2286 3497; baseline 0 0"><span class='ocrx_word' id='word_1_382' title='bbox 701 3460 838 3497; x_wconf 85' lang='lat' dir='ltr'><strong>unus</strong></span> <span class='ocrx_word' id='word_1_383' title='bbox 869 3453 945 3497; x_wconf 86' lang='lat' dir='ltr'><strong>est</strong></span> <span class='ocrx_word' id='word_1_384' title='bbox 978 3444 1041 3497; x_wconf 80' lang='lat'><strong>“.</strong></span> <span class='ocrx_word' id='word_1_385' title='bbox 1076 3442 1138 3496; x_wconf 87' lang='lat' dir='ltr'><strong>Vi</strong></span> <span class='ocrx_word' id='word_1_386' title='bbox 1177 3442 1455 3497; x_wconf 88' lang='lat' dir='ltr'><strong>causativa</strong></span> <span class='ocrx_word' id='word_1_387' title='bbox 1512 3441 1771 3495; x_wconf 90' lang='lat' dir='ltr'><strong>nimirum</strong></span> <span class='ocrx_word' id='word_1_388' title='bbox 1812 3451 1868 3497; x_wconf 91' lang='lat' dir='ltr'><strong>et</strong></span> <span class='ocrx_word' id='word_1_389' title='bbox 1896 3442 2199 3497; x_wconf 88' lang='lat' dir='ltr'><strong>substantia</strong></span> <span class='ocrx_word' id='word_1_390' title='bbox 2232 3455 2286 3497; x_wconf 89' lang='lat' dir='ltr'><strong>et</strong></span> 
     </span>
    </p>
   </div>
   <div class='ocr_carea' id='block_1_53' title="bbox 703 3532 2282 3605">
    <p class='ocr_par' dir='ltr' id='par_1_53' title="bbox 703 3532 2282 3605">
     <span class='ocr_line' id='line_1_53' title="bbox 703 3532 2282 3605; baseline 0 -16"><span class='ocrx_word' id='word_1_391' title='bbox 703 3535 1111 3605; x_wconf 88' lang='lat' dir='ltr'><strong>conspiratione</strong></span> <span class='ocrx_word' id='word_1_392' title='bbox 1142 3534 1351 3588; x_wconf 81' lang='lat' dir='ltr'><strong>unitatn</strong></span> <span class='ocrx_word' id='word_1_393' title='bbox 1394 3548 1516 3589; x_wconf 83' lang='lat' dir='ltr'><strong>esse</strong></span> <span class='ocrx_word' id='word_1_394' title='bbox 1551 3532 1897 3599; x_wconf 88' lang='lat' dir='ltr'><strong>Trinitatem,</strong></span> <span class='ocrx_word' id='word_1_395' title='bbox 1932 3534 2282 3589; x_wconf 81' lang='lat' dir='ltr'><strong>manifestum</strong></span> 
     </span>
    </p>
   </div>
   <div class='ocr_carea' id='block_1_54' title="bbox 701 3625 2284 3695">
    <p class='ocr_par' dir='ltr' id='par_1_54' title="bbox 701 3625 2284 3695">
     <span class='ocr_line' id='line_1_54' title="bbox 701 3625 2284 3695; baseline -0.001 -13"><span class='ocrx_word' id='word_1_396' title='bbox 701 3638 824 3683; x_wconf 77' lang='lat' dir='ltr'><strong>est:</strong></span> <span class='ocrx_word' id='word_1_397' title='bbox 857 3642 1021 3682; x_wconf 86' lang='lat' dir='ltr'><strong>secus</strong></span> <span class='ocrx_word' id='word_1_398' title='bbox 1060 3626 1205 3681; x_wconf 88' lang='lat' dir='ltr'><strong>enim</strong></span> <span class='ocrx_word' id='word_1_399' title='bbox 1246 3625 1519 3680; x_wconf 87' lang='lat' dir='ltr'><strong>contraria</strong></span> <span class='ocrx_word' id='word_1_400' title='bbox 1539 3626 1641 3680; x_wconf 88' lang='lat' dir='ltr'><strong>sibi</strong></span> <span class='ocrx_word' id='word_1_401' title='bbox 1668 3625 1999 3695; x_wconf 90' lang='lat' dir='ltr'><strong>scripsisset,</strong></span> <span class='ocrx_word' id='word_1_402' title='bbox 2035 3627 2284 3693; x_wconf 85' lang='lat' dir='ltr'><strong>superius</strong></span> 
     </span>
    </p>
   </div>
   <div class='ocr_carea' id='block_1_55' title="bbox 703 3715 2282 3788">
    <p class='ocr_par' dir='ltr' id='par_1_55' title="bbox 703 3715 2282 3788">
     <span class='ocr_line' id='line_1_55' title="bbox 703 3715 2282 3788; baseline -0.001 -16"><span class='ocrx_word' id='word_1_403' title='bbox 703 3718 921 3788; x_wconf 90' lang='lat' dir='ltr'><strong>quidem</strong></span> <span class='ocrx_word' id='word_1_404' title='bbox 971 3717 1165 3787; x_wconf 91' lang='lat' dir='ltr'><strong>positis</strong></span> <span class='ocrx_word' id='word_1_405' title='bbox 1216 3716 1449 3770; x_wconf 79' lang='lat' dir='ltr'><strong>diversis</strong></span> <span class='ocrx_word' id='word_1_406' title='bbox 1492 3716 1746 3785; x_wconf 89' lang='lat' dir='ltr'><strong>personis</strong></span> <span class='ocrx_word' id='word_1_407' title='bbox 1805 3715 2282 3784; x_wconf 89' lang='lat' dir='ltr'><strong>colloquentibus;</strong></span> 
     </span>
    </p>
   </div>
   <div class='ocr_carea' id='block_1_56' title="bbox 704 3807 2281 3879">
    <p class='ocr_par' dir='ltr' id='par_1_56' title="bbox 704 3807 2281 3879">
     <span class='ocr_line' id='line_1_56' title="bbox 704 3807 2281 3879; baseline -0.001 -16"><span class='ocrx_word' id='word_1_408' title='bbox 704 3811 898 3866; x_wconf 79' lang='lat' dir='ltr'><strong>deinde</strong></span> <span class='ocrx_word' id='word_1_409' title='bbox 930 3825 1095 3864; x_wconf 87' lang='lat' dir='ltr'><strong>unam</strong></span> <span class='ocrx_word' id='word_1_410' title='bbox 1154 3824 1447 3879; x_wconf 90' lang='lat' dir='ltr'><strong>personam</strong></span> <span class='ocrx_word' id='word_1_411' title='bbox 1481 3808 1749 3863; x_wconf 87' lang='lat' dir='ltr'><strong>inducens</strong></span> <span class='ocrx_word' id='word_1_412' title='bbox 1813 3807 2145 3877; x_wconf 87' lang='lat' dir='ltr'><strong>loquentem,</strong></span> <span class='ocrx_word' id='word_1_413' title='bbox 2184 3823 2281 3861; x_wconf 86' lang='lat' dir='ltr'><strong>au-</strong></span> 
     </span>
    </p>
   </div>
   <div class='ocr_carea' id='block_1_57' title="bbox 704 3897 2287 3971">
    <p class='ocr_par' dir='ltr' id='par_1_57' title="bbox 704 3897 2287 3971">
     <span class='ocr_line' id='line_1_57' title="bbox 704 3897 2287 3971; baseline -0.001 -14"><span class='ocrx_word' id='word_1_414' title='bbox 704 3904 940 3958; x_wconf 86' lang='lat' dir='ltr'><strong>dientem</strong></span> <span class='ocrx_word' id='word_1_415' title='bbox 989 3912 1152 3971; x_wconf 84' lang='lat' dir='ltr'><strong>atque</strong></span> <span class='ocrx_word' id='word_1_416' title='bbox 1205 3901 1517 3956; x_wconf 81' lang='lat' dir='ltr'><strong>facientem.</strong></span> <span class='ocrx_word' id='word_1_417' title='bbox 1547 3900 1705 3966; x_wconf 88' lang='lat' dir='ltr'><strong>Quod</strong></span> <span class='ocrx_word' id='word_1_418' title='bbox 1753 3898 1907 3955; x_wconf 82' lang='lat' dir='ltr'><strong>nefas</strong></span> <span class='ocrx_word' id='word_1_419' title='bbox 1937 3908 2040 3955; x_wconf 92' lang='lat' dir='ltr'><strong>est.</strong></span> <span class='ocrx_word' id='word_1_420' title='bbox 2066 3897 2203 3954; x_wconf 91' lang='lat' dir='ltr'><strong>Tum</strong></span> <span class='ocrx_word' id='word_1_421' title='bbox 2233 3908 2287 3955; x_wconf 88' lang='lat' dir='ltr'><strong>et</strong></span> 
     </span>
    </p>
   </div>
   <div class='ocr_carea' id='block_1_58' title="bbox 705 3990 2285 4062">
    <p class='ocr_par' dir='ltr' id='par_1_58' title="bbox 705 3990 2285 4062">
     <span class='ocr_line' id='line_1_58' title="bbox 705 3990 2285 4062; baseline -0.002 -14"><span class='ocrx_word' id='word_1_422' title='bbox 705 3994 949 4048; x_wconf 90' lang='lat' dir='ltr'><strong>omnium</strong></span> <span class='ocrx_word' id='word_1_423' title='bbox 978 4002 1224 4047; x_wconf 87' lang='lat' dir='ltr'><strong>veterum</strong></span> <span class='ocrx_word' id='word_1_424' title='bbox 1260 3993 1649 4062; x_wconf 89' lang='lat' dir='ltr'><strong>prophetarum</strong></span> <span class='ocrx_word' id='word_1_425' title='bbox 1682 3990 2148 4045; x_wconf 89' lang='lat' dir='ltr'><strong>luculentissimus</strong></span> <span class='ocrx_word' id='word_1_426' title='bbox 2179 3990 2285 4045; x_wconf 89' lang='lat' dir='ltr'><strong>Da-</strong></span> 
     </span>
    </p>
   </div>
   <div class='ocr_carea' id='block_1_59' title="bbox 704 4081 2285 4155">
    <p class='ocr_par' dir='ltr' id='par_1_59' title="bbox 704 4081 2285 4155">
     <span class='ocr_line' id='line_1_59' title="bbox 704 4081 2285 4155; baseline -0.002 -16"><span class='ocrx_word' id='word_1_427' title='bbox 704 4086 831 4151; x_wconf 89' lang='lat' dir='ltr'><strong>niel,</strong></span> <span class='ocrx_word' id='word_1_428' title='bbox 857 4086 1146 4155; x_wconf 82' lang='lat' dir='ltr'><strong>perspicue</strong></span> <span class='ocrx_word' id='word_1_429' title='bbox 1178 4092 1394 4154; x_wconf 90' lang='lat' dir='ltr'><strong>tempus</strong></span> <span class='ocrx_word' id='word_1_430' title='bbox 1426 4096 1646 4153; x_wconf 88' lang='lat' dir='ltr'><strong>quoque</strong></span> <span class='ocrx_word' id='word_1_431' title='bbox 1685 4081 2056 4137; x_wconf 81' lang='lat' dir='ltr'><strong>manifestavit</strong></span> <span class='ocrx_word' id='word_1_432' title='bbox 2081 4081 2285 4138; x_wconf 88' lang='lat' dir='ltr'><strong>Christi</strong></span> 
     </span>
    </p>
   </div>
   <div class='ocr_carea' id='block_1_60' title="bbox 703 4175 2283 4246">
    <p class='ocr_par' dir='ltr' id='par_1_60' title="bbox 703 4175 2283 4246">
     <span class='ocr_line' id='line_1_60' title="bbox 703 4175 2283 4246; baseline -0.003 -13"><span class='ocrx_word' id='word_1_433' title='bbox 703 4179 992 4243; x_wconf 83' lang='lat' dir='ltr'><strong>adventus,</strong></span> <span class='ocrx_word' id='word_1_434' title='bbox 1036 4176 1392 4246; x_wconf 88' lang='lat' dir='ltr'><strong>ejusdemque</strong></span> <span class='ocrx_word' id='word_1_435' title='bbox 1434 4175 1752 4245; x_wconf 76' lang='lat' dir='ltr'><strong>dignitatem</strong></span> <span class='ocrx_word' id='word_1_436' title='bbox 1804 4175 2149 4245; x_wconf 78' lang='lat' dir='ltr'><strong>signiﬁcavit,</strong></span> <span class='ocrx_word' id='word_1_437' title='bbox 2196 4176 2283 4228; x_wconf 83' lang='lat' dir='ltr'><strong>di-</strong></span> 
     </span>
    </p>
   </div>
   <div class='ocr_carea' id='block_1_61' title="bbox 704 4267 2284 4337">
    <p class='ocr_par' dir='ltr' id='par_1_61' title="bbox 704 4267 2284 4337">
     <span class='ocr_line' id='line_1_61' title="bbox 704 4267 2284 4337; baseline -0.004 -11"><span class='ocrx_word' id='word_1_438' title='bbox 704 4286 831 4326; x_wconf 91' lang='lat' dir='ltr'><strong>cens</strong></span> <span class='ocrx_word' id='word_1_439' title='bbox 865 4286 879 4322; x_wconf 90' lang='lat'><strong>:</strong></span> <span class='ocrx_word' id='word_1_440' title='bbox 913 4269 1274 4337; x_wconf 82' lang='lat' dir='ltr'><strong>Aspiciebam,</strong></span> <span class='ocrx_word' id='word_1_441' title='bbox 1312 4279 1359 4323; x_wconf 88' lang='lat' dir='ltr'><strong>et</strong></span> <span class='ocrx_word' id='word_1_442' title='bbox 1384 4284 1500 4322; x_wconf 87' lang='lat' dir='ltr'><strong>ecce</strong></span> <span class='ocrx_word' id='word_1_443' title='bbox 1526 4269 1580 4320; x_wconf 89' lang='lat' dir='ltr'><strong>in</strong></span> <span class='ocrx_word' id='word_1_444' title='bbox 1612 4267 1834 4320; x_wconf 84' lang='lat' dir='ltr'><strong>nubibus</strong></span> <span class='ocrx_word' id='word_1_445' title='bbox 1860 4268 1996 4331; x_wconf 67' lang='lat' dir='ltr'><strong>caeli,</strong></span> <span class='ocrx_word' id='word_1_446' title='bbox 2034 4276 2284 4336; x_wconf 84' lang='lat' dir='ltr'><strong>tanquam</strong></span> 
     </span>
    </p>
   </div>
   <div class='ocr_carea' id='block_1_62' title="bbox 704 4358 2280 4431">
    <p class='ocr_par' dir='ltr' id='par_1_62' title="bbox 704 4358 2280 4431">
     <span class='ocr_line' id='line_1_62' title="bbox 704 4358 2280 4431; baseline -0.006 -13"><span class='ocrx_word' id='word_1_447' title='bbox 704 4363 883 4418; x_wconf 82' lang='lat' dir='ltr'><strong>Filius</strong></span> <span class='ocrx_word' id='word_1_448' title='bbox 917 4364 1186 4427; x_wconf 84' lang='lat' dir='ltr'><strong>hominis;</strong></span> <span class='ocrx_word' id='word_1_449' title='bbox 1217 4363 1362 4431; x_wconf 86' lang='lat' dir='ltr'><strong>eique</strong></span> <span class='ocrx_word' id='word_1_450' title='bbox 1391 4361 1548 4413; x_wconf 87' lang='lat' dir='ltr'><strong>datus</strong></span> <span class='ocrx_word' id='word_1_451' title='bbox 1584 4367 1659 4413; x_wconf 84' lang='lat' dir='ltr'><strong>est</strong></span> <span class='ocrx_word' id='word_1_452' title='bbox 1696 4360 1881 4423; x_wconf 83' lang='lat' dir='ltr'><strong>honor,</strong></span> <span class='ocrx_word' id='word_1_453' title='bbox 1916 4369 1963 4413; x_wconf 83' lang='lat' dir='ltr'><strong>et</strong></span> <span class='ocrx_word' id='word_1_454' title='bbox 1996 4358 2280 4421; x_wconf 86' lang='lat' dir='ltr'><strong>veneratio,</strong></span> 
     </span>
    </p>
   </div>
   <div class='ocr_carea' id='block_1_63' title="bbox 705 4446 2285 4525">
    <p class='ocr_par' dir='ltr' id='par_1_63' title="bbox 705 4446 2285 4525">
     <span class='ocr_line' id='line_1_63' title="bbox 705 4446 2285 4525; baseline -0.008 -14"><span class='ocrx_word' id='word_1_455' title='bbox 705 4466 757 4512; x_wconf 93' lang='lat' dir='ltr'><strong>et</strong></span> <span class='ocrx_word' id='word_1_456' title='bbox 785 4456 1017 4525; x_wconf 90' lang='lat' dir='ltr'><strong>reliqua.</strong></span> <span class='ocrx_word' id='word_1_457' title='bbox 1047 4453 1113 4507; x_wconf 86' lang='lat' dir='ltr'><strong>Et</strong></span> <span class='ocrx_word' id='word_1_458' title='bbox 1143 4452 1362 4523; x_wconf 90' lang='lat' dir='ltr'><strong>quidem</strong></span> <span class='ocrx_word' id='word_1_459' title='bbox 1420 4450 1587 4505; x_wconf 90' lang='lat' dir='ltr'><strong>etiam</strong></span> <span class='ocrx_word' id='word_1_460' title='bbox 1646 4448 1947 4518; x_wconf 86' lang='lat' dir='ltr'><strong>Antiquum</strong></span> <span class='ocrx_word' id='word_1_461' title='bbox 1975 4446 2184 4501; x_wconf 88' lang='lat' dir='ltr'><strong>dierum</strong></span> <span class='ocrx_word' id='word_1_462' title='bbox 2230 4447 2285 4499; x_wconf 93' lang='lat' dir='ltr'><strong>in</strong></span> 
     </span>
    </p>
   </div>
   <div class='ocr_carea' id='block_1_64' title="bbox 706 4542 1388 4603">
    <p class='ocr_par' dir='ltr' id='par_1_64' title="bbox 706 4542 1388 4603">
     <span class='ocr_line' id='line_1_64' title="bbox 706 4542 1388 4603; baseline -0.012 0"><span class='ocrx_word' id='word_1_463' title='bbox 706 4551 760 4603; x_wconf 93' lang='lat' dir='ltr'><strong>in</strong></span> <span class='ocrx_word' id='word_1_464' title='bbox 790 4550 988 4602; x_wconf 89' lang='lat' dir='ltr'><strong>throno</strong></span> <span class='ocrx_word' id='word_1_465' title='bbox 1014 4546 1291 4601; x_wconf 87' lang='lat' dir='ltr'><strong>sedentem</strong></span> <span class='ocrx_word' id='word_1_466' title='bbox 1324 4542 1388 4595; x_wconf 70' lang='grc' dir='ltr'><strong>ν’.</strong></span> 
     </span>
    </p>
   </div>
   <div class='ocr_carea' id='block_1_65' title="bbox 777 4629 2288 4702">
    <p class='ocr_par' dir='ltr' id='par_1_65' title="bbox 777 4629 2288 4702">
     <span class='ocr_line' id='line_1_65' title="bbox 777 4629 2288 4702; baseline -0.009 -6"><span class='ocrx_word' id='word_1_467' title='bbox 777 4640 867 4695; x_wconf 79' lang='grc'><strong>62.</strong></span> <span class='ocrx_word' id='word_1_468' title='bbox 907 4639 1012 4694; x_wconf 90' lang='lat' dir='ltr'><strong>Sed</strong></span> <span class='ocrx_word' id='word_1_469' title='bbox 1042 4648 1251 4698; x_wconf 86' lang='lat' dir='ltr'><strong>veteres</strong></span> <span class='ocrx_word' id='word_1_470' title='bbox 1299 4634 1618 4690; x_wconf 91' lang='lat' dir='ltr'><strong>omittamus</strong></span> <span class='ocrx_word' id='word_1_471' title='bbox 1664 4632 1995 4702; x_wconf 90' lang='lat' dir='ltr'><strong>Scripturas.</strong></span> <span class='ocrx_word' id='word_1_472' title='bbox 2041 4629 2121 4685; x_wconf 88' lang='lat' dir='ltr'><strong>Ex</strong></span> <span class='ocrx_word' id='word_1_473' title='bbox 2155 4629 2288 4698; x_wconf 89' lang='lat' dir='ltr'><strong>ipsis</strong></span> 
     </span>
    </p>
   </div>
   <div class='ocr_carea' id='block_1_66' title="bbox 709 4723 2289 4800">
    <p class='ocr_par' dir='ltr' id='par_1_66' title="bbox 709 4723 2289 4800">
     <span class='ocr_line' id='line_1_66' title="bbox 709 4723 2289 4800; baseline -0.008 -13"><span class='ocrx_word' id='word_1_474' title='bbox 709 4732 913 4788; x_wconf 89' lang='lat' dir='ltr'><strong>Christi</strong></span> <span class='ocrx_word' id='word_1_475' title='bbox 967 4728 1434 4800; x_wconf 64' lang='lat' dir='ltr'><strong>praadictionibus,</strong></span> <span class='ocrx_word' id='word_1_476' title='bbox 1481 4726 1788 4792; x_wconf 88' lang='lat' dir='ltr'><strong>harumque</strong></span> <span class='ocrx_word' id='word_1_477' title='bbox 1836 4723 2008 4788; x_wconf 76' lang='lat' dir='ltr'><strong>exitu,</strong></span> <span class='ocrx_word' id='word_1_478' title='bbox 2052 4723 2098 4777; x_wconf 92' lang='lat' dir='ltr'><strong>si</strong></span> <span class='ocrx_word' id='word_1_479' title='bbox 2140 4730 2289 4775; x_wconf 87' lang='lat' dir='ltr'><strong>certe</strong></span> 
     </span>
    </p>
   </div>
   <div class='ocr_carea' id='block_1_67' title="bbox 709 4814 2287 4889">
    <p class='ocr_par' dir='ltr' id='par_1_67' title="bbox 709 4814 2287 4889">
     <span class='ocr_line' id='line_1_67' title="bbox 709 4814 2287 4889; baseline -0.009 -9"><span class='ocrx_word' id='word_1_480' title='bbox 709 4825 910 4880; x_wconf 90' lang='lat' dir='ltr'><strong>stultus</strong></span> <span class='ocrx_word' id='word_1_481' title='bbox 940 4820 1290 4877; x_wconf 86' lang='lat' dir='ltr'><strong>Mohamedes</strong></span> <span class='ocrx_word' id='word_1_482' title='bbox 1332 4833 1521 4889; x_wconf 80' lang='lat' dir='ltr'><strong>sapere</strong></span> <span class='ocrx_word' id='word_1_483' title='bbox 1549 4816 1753 4886; x_wconf 88' lang='lat' dir='ltr'><strong>aliquid</strong></span> <span class='ocrx_word' id='word_1_484' title='bbox 1789 4822 2017 4884; x_wconf 90' lang='lat' dir='ltr'><strong>poterat,</strong></span> <span class='ocrx_word' id='word_1_485' title='bbox 2046 4814 2287 4869; x_wconf 89' lang='lat' dir='ltr'><strong>divinam</strong></span> 
     </span>
    </p>
   </div>
   <div class='ocr_carea' id='block_1_68' title="bbox 710 4901 2291 4981">
    <p class='ocr_par' dir='ltr' id='par_1_68' title="bbox 710 4901 2291 4981">
     <span class='ocr_line' id='line_1_68' title="bbox 710 4901 2291 4981; baseline -0.01 -11"><span class='ocrx_word' id='word_1_486' title='bbox 710 4914 859 4971; x_wconf 90' lang='lat' dir='ltr'><strong>illius</strong></span> <span class='ocrx_word' id='word_1_487' title='bbox 911 4913 1230 4981; x_wconf 69' lang='lat' dir='ltr'><strong>dignitatem</strong></span> <span class='ocrx_word' id='word_1_488' title='bbox 1290 4909 1667 4969; x_wconf 84' lang='lat' dir='ltr'><strong>intellexisset,</strong></span> <span class='ocrx_word' id='word_1_489' title='bbox 1713 4920 1922 4959; x_wconf 90' lang='lat' dir='ltr'><strong>necnon</strong></span> <span class='ocrx_word' id='word_1_490' title='bbox 1980 4903 2076 4957; x_wconf 87' lang='lat' dir='ltr'><strong>abs</strong></span> <span class='ocrx_word' id='word_1_491' title='bbox 2123 4901 2291 4956; x_wconf 86' lang='lat' dir='ltr'><strong>Joan-</strong></span> 
     </span>
    </p>
   </div>
   <div class='ocr_carea' id='block_1_69' title="bbox 709 4998 2286 5073">
    <p class='ocr_par' dir='ltr' id='par_1_69' title="bbox 709 4998 2286 5073">
     <span class='ocr_line' id='line_1_69' title="bbox 709 4998 2286 5073; baseline -0.009 -11"><span class='ocrx_word' id='word_1_492' title='bbox 709 5010 793 5062; x_wconf 87' lang='lat' dir='ltr'><strong>nis</strong></span> <span class='ocrx_word' id='word_1_493' title='bbox 835 5005 1172 5069; x_wconf 86' lang='lat' dir='ltr'><strong>testimonio,</strong></span> <span class='ocrx_word' id='word_1_494' title='bbox 1210 5019 1372 5073; x_wconf 89' lang='lat' dir='ltr'><strong>quem</strong></span> <span class='ocrx_word' id='word_1_495' title='bbox 1406 5003 1522 5073; x_wconf 88' lang='lat' dir='ltr'><strong>ipse</strong></span> <span class='ocrx_word' id='word_1_496' title='bbox 1556 5012 1609 5055; x_wconf 92' lang='lat' dir='ltr'><strong>et</strong></span> <span class='ocrx_word' id='word_1_497' title='bbox 1646 5000 1965 5069; x_wconf 88' lang='lat' dir='ltr'><strong>prophetam</strong></span> <span class='ocrx_word' id='word_1_498' title='bbox 2005 4998 2286 5067; x_wconf 85' lang='lat' dir='ltr'><strong>etjustum</strong></span> 
     </span>
    </p>
   </div>
   <div class='ocr_carea' id='block_1_70' title="bbox 708 5090 2289 5161">
    <p class='ocr_par' dir='ltr' id='par_1_70' title="bbox 708 5090 2289 5161">
     <span class='ocr_line' id='line_1_70' title="bbox 708 5090 2289 5161; baseline -0.008 -7"><span class='ocrx_word' id='word_1_499' title='bbox 708 5100 984 5154; x_wconf 90' lang='lat' dir='ltr'><strong>hominem</strong></span> <span class='ocrx_word' id='word_1_500' title='bbox 1018 5100 1232 5161; x_wconf 90' lang='lat' dir='ltr'><strong>dicens,</strong></span> <span class='ocrx_word' id='word_1_501' title='bbox 1268 5096 1523 5151; x_wconf 90' lang='lat' dir='ltr'><strong>admittit.</strong></span> <span class='ocrx_word' id='word_1_502' title='bbox 1553 5094 1684 5149; x_wconf 88' lang='lat' dir='ltr'><strong>Item</strong></span> <span class='ocrx_word' id='word_1_503' title='bbox 1715 5109 1745 5148; x_wconf 91' lang='lat' dir='ltr'><strong>a</strong></span> <span class='ocrx_word' id='word_1_504' title='bbox 1776 5091 1979 5148; x_wconf 88' lang='lat' dir='ltr'><strong>Christi</strong></span> <span class='ocrx_word' id='word_1_505' title='bbox 2010 5090 2289 5143; x_wconf 87' lang='lat' dir='ltr'><strong>miraculis</strong></span> 
     </span>
    </p>
   </div>
   <div class='ocr_carea' id='block_1_71' title="bbox 708 5185 2289 5264">
    <p class='ocr_par' dir='ltr' id='par_1_71' title="bbox 708 5185 2289 5264">
     <span class='ocr_line' id='line_1_71' title="bbox 708 5185 2289 5264; baseline -0.009 -16"><span class='ocrx_word' id='word_1_506' title='bbox 708 5210 802 5264; x_wconf 89' lang='lat' dir='ltr'><strong>por</strong></span> <span class='ocrx_word' id='word_1_507' title='bbox 828 5194 1071 5263; x_wconf 89' lang='lat' dir='ltr'><strong>ejusdem</strong></span> <span class='ocrx_word' id='word_1_508' title='bbox 1108 5191 1353 5260; x_wconf 78' lang='lat' dir='ltr'><strong>symbola</strong></span> <span class='ocrx_word' id='word_1_509' title='bbox 1380 5190 1629 5259; x_wconf 88' lang='lat' dir='ltr'><strong>patratis,</strong></span> <span class='ocrx_word' id='word_1_510' title='bbox 1660 5202 1688 5240; x_wconf 92' lang='lat' dir='ltr'><strong>a</strong></span> <span class='ocrx_word' id='word_1_511' title='bbox 1714 5185 1994 5256; x_wconf 89' lang='lat' dir='ltr'><strong>sepultura</strong></span> <span class='ocrx_word' id='word_1_512' title='bbox 2027 5192 2081 5237; x_wconf 91' lang='lat' dir='ltr'><strong>et</strong></span> <span class='ocrx_word' id='word_1_513' title='bbox 2108 5198 2289 5237; x_wconf 82' lang='lat' dir='ltr'><strong>resur-</strong></span> 
     </span>
    </p>
   </div>
   <div class='ocr_carea' id='block_1_72' title="bbox 708 5273 2287 5345">
    <p class='ocr_par' dir='ltr' id='par_1_72' title="bbox 708 5273 2287 5345">
     <span class='ocr_line' id='line_1_72' title="bbox 708 5273 2287 5345; baseline -0.008 -6"><span class='ocrx_word' id='word_1_514' title='bbox 708 5286 970 5339; x_wconf 87' lang='lat' dir='ltr'><strong>rectione.</strong></span> <span class='ocrx_word' id='word_1_515' title='bbox 1002 5284 1105 5337; x_wconf 88' lang='lat' dir='ltr'><strong>Sed</strong></span> <span class='ocrx_word' id='word_1_516' title='bbox 1140 5284 1275 5337; x_wconf 88' lang='lat' dir='ltr'><strong>nihil</strong></span> <span class='ocrx_word' id='word_1_517' title='bbox 1302 5284 1497 5337; x_wconf 86' lang='lat' dir='ltr'><strong>horum</strong></span> <span class='ocrx_word' id='word_1_518' title='bbox 1527 5290 1709 5334; x_wconf 92' lang='lat' dir='ltr'><strong>mente</strong></span> <span class='ocrx_word' id='word_1_519' title='bbox 1740 5292 1839 5334; x_wconf 87' lang='lat' dir='ltr'><strong>sua</strong></span> <span class='ocrx_word' id='word_1_520' title='bbox 1873 5273 2287 5345; x_wconf 89' lang='lat' dir='ltr'><strong>comprehendit</strong></span> 
     </span>
    </p>
   </div>
   <div class='ocr_carea' id='block_1_73' title="bbox 707 5361 2284 5442">
    <p class='ocr_par' dir='ltr' id='par_1_73' title="bbox 707 5361 2284 5442">
     <span class='ocr_line' id='line_1_73' title="bbox 707 5361 2284 5442; baseline -0.009 -13"><span class='ocrx_word' id='word_1_521' title='bbox 707 5375 797 5429; x_wconf 88' lang='lat' dir='ltr'><strong>hic</strong></span> <span class='ocrx_word' id='word_1_522' title='bbox 821 5376 1095 5430; x_wconf 91' lang='lat' dir='ltr'><strong>latronum</strong></span> <span class='ocrx_word' id='word_1_523' title='bbox 1128 5374 1238 5428; x_wconf 79' lang='lat' dir='ltr'><strong>dux</strong></span> <span class='ocrx_word' id='word_1_524' title='bbox 1269 5388 1282 5423; x_wconf 85' lang='lat'>:</span> <span class='ocrx_word' id='word_1_525' title='bbox 1317 5389 1488 5442; x_wconf 90' lang='lat' dir='ltr'><strong>neque</strong></span> <span class='ocrx_word' id='word_1_526' title='bbox 1520 5372 1568 5425; x_wconf 92' lang='lat' dir='ltr'><strong>ei</strong></span> <span class='ocrx_word' id='word_1_527' title='bbox 1607 5369 1758 5424; x_wconf 91' lang='lat' dir='ltr'><strong>cordi</strong></span> <span class='ocrx_word' id='word_1_528' title='bbox 1785 5382 2022 5435; x_wconf 86' lang='lat' dir='ltr'><strong>unquam</strong></span> <span class='ocrx_word' id='word_1_529' title='bbox 2059 5363 2161 5418; x_wconf 82' lang='lat' dir='ltr'><strong>fuit</strong></span> <span class='ocrx_word' id='word_1_530' title='bbox 2193 5361 2284 5415; x_wconf 74' lang='grc' dir='ltr'><strong>1)νί</strong></span> 
     </span>
    </p>
   </div>
   <div class='ocr_carea' id='block_1_74' title="bbox 708 5454 2287 5536">
    <p class='ocr_par' dir='ltr' id='par_1_74' title="bbox 708 5454 2287 5536">
     <span class='ocr_line' id='line_1_74' title="bbox 708 5454 2287 5536; baseline -0.009 -16"><span class='ocrx_word' id='word_1_531' title='bbox 708 5468 958 5521; x_wconf 83' lang='lat' dir='ltr'><strong>notitiam</strong></span> <span class='ocrx_word' id='word_1_532' title='bbox 988 5467 1233 5536; x_wconf 86' lang='lat' dir='ltr'><strong>assequi,</strong></span> <span class='ocrx_word' id='word_1_533' title='bbox 1287 5465 1381 5519; x_wconf 88' lang='lat' dir='ltr'><strong>sed</strong></span> <span class='ocrx_word' id='word_1_534' title='bbox 1412 5461 1750 5532; x_wconf 87' lang='lat' dir='ltr'><strong>decipiendis</strong></span> <span class='ocrx_word' id='word_1_535' title='bbox 1778 5469 1989 5513; x_wconf 90' lang='lat' dir='ltr'><strong>tantum</strong></span> <span class='ocrx_word' id='word_1_536' title='bbox 2020 5454 2287 5511; x_wconf 80' lang='lat' dir='ltr'><strong>auditori-</strong></span> 
     </span>
    </p>
   </div>
   <div class='ocr_carea' id='block_1_75' title="bbox 780 5594 2362 5673">
    <p class='ocr_par' dir='ltr' id='par_1_75' title="bbox 780 5594 2362 5673">
     <span class='ocr_line' id='line_1_75' title="bbox 780 5594 2362 5673; baseline -0.006 -17"><span class='ocrx_word' id='word_1_537' title='bbox 780 5608 801 5638; x_wconf 72' lang='grc' dir='ltr'>θ</span> <span class='ocrx_word' id='word_1_538' title='bbox 834 5605 1024 5659; x_wconf 72' lang='lat' dir='ltr'><strong>Matth.</strong></span> <span class='ocrx_word' id='word_1_539' title='bbox 1069 5621 1151 5665; x_wconf 85' lang='grc' dir='ltr'>ιιι,</span> <span class='ocrx_word' id='word_1_540' title='bbox 1190 5605 1290 5671; x_wconf 80' lang='lat' dir='ltr'><strong>l7;</strong></span> <span class='ocrx_word' id='word_1_541' title='bbox 1342 5604 1476 5664; x_wconf 85' lang='lat' dir='ltr'><strong>Luc.</strong></span> <span class='ocrx_word' id='word_1_542' title='bbox 1537 5620 1615 5673; x_wconf 81' lang='lat' dir='ltr'><strong>Ix,</strong></span> <span class='ocrx_word' id='word_1_543' title='bbox 1668 5602 1757 5657; x_wconf 73' lang='grc'><strong>55.</strong></span> <span class='ocrx_word' id='word_1_544' title='bbox 1837 5602 1880 5633; x_wconf 83' lang='grc'><strong>¹⁰</strong></span> <span class='ocrx_word' id='word_1_545' title='bbox 1916 5599 2073 5656; x_wconf 82' lang='lat' dir='ltr'><strong>Joan.</strong></span> <span class='ocrx_word' id='word_1_546' title='bbox 2135 5612 2231 5661; x_wconf 80' lang='lat' dir='ltr'><strong>xit,</strong></span> <span class='ocrx_word' id='word_1_547' title='bbox 2271 5594 2362 5649; x_wconf 71' lang='lat'><strong>28.</strong></span> 
     </span>
    </p>
   </div>
   <div class='ocr_carea' id='block_1_76' title="bbox 711 5676 1177 5741">
    <p class='ocr_par' dir='ltr' id='par_1_76' title="bbox 711 5676 1177 5741">
     <span class='ocr_line' id='line_1_76' title="bbox 711 5676 1177 5741; baseline -0.004 -12"><span class='ocrx_word' id='word_1_548' title='bbox 711 5678 755 5710; x_wconf 75' lang='lat'>“</span> <span class='ocrx_word' id='word_1_549' title='bbox 782 5676 918 5733; x_wconf 87' lang='lat' dir='ltr'><strong>Dan.</strong></span> <span class='ocrx_word' id='word_1_550' title='bbox 950 5692 1047 5741; x_wconf 84' lang='lat' dir='ltr'><strong>vn,</strong></span> <span class='ocrx_word' id='word_1_551' title='bbox 1088 5676 1177 5729; x_wconf 80' lang='grc'><strong>15.</strong></span> 
     </span>
    </p>
   </div>
   <div class='ocr_carea' id='block_1_77' title="bbox 784 5812 1293 5887">
    <p class='ocr_par' dir='ltr' id='par_1_77' title="bbox 784 5812 1293 5887">
     <span class='ocr_line' id='line_1_77' title="bbox 784 5812 1293 5887; baseline -0.016 -15"><span class='ocrx_word' id='word_1_552' title='bbox 784 5817 894 5887; x_wconf 59' lang='lat'><strong>998)</strong></span> <span class='ocrx_word' id='word_1_553' title='bbox 928 5816 1054 5870; x_wconf 89' lang='lat' dir='ltr'><strong>Sur.</strong></span> <span class='ocrx_word' id='word_1_554' title='bbox 1084 5812 1175 5880; x_wconf 85' lang='grc' dir='ltr'><strong>ΙΙΙ,</strong></span> <span class='ocrx_word' id='word_1_555' title='bbox 1206 5812 1293 5867; x_wconf 79' lang='grc'><strong>59.</strong></span> 
     </span>
    </p>
   </div>
   <div class='ocr_carea' id='block_1_78' title="bbox 2375 1965 3968 2042">
    <p class='ocr_par' dir='ltr' id='par_1_78' title="bbox 2375 1965 3968 2042">
     <span class='ocr_line' id='line_1_78' title="bbox 2375 1965 3968 2042; baseline 0.005 -23"><span class='ocrx_word' id='word_1_556' title='bbox 2375 1966 2521 2036; x_wconf 68' lang='grc' dir='ltr'>αὐτῷ</span> <span class='ocrx_word' id='word_1_557' title='bbox 2573 1965 2755 2036; x_wconf 80' lang='grc' dir='ltr'>βίϐλου</span> <span class='ocrx_word' id='word_1_558' title='bbox 2816 1968 2923 2021; x_wconf 83' lang='grc' dir='ltr'><strong>τῶν</strong></span> <span class='ocrx_word' id='word_1_559' title='bbox 2989 1968 3373 2038; x_wconf 77' lang='grc' dir='ltr'>Εὐαγγελίων·</span> <span class='ocrx_word' id='word_1_560' title='bbox 3436 1973 3572 2037; x_wconf 85' lang='grc' dir='ltr'>ἀλλ’,</span> <span class='ocrx_word' id='word_1_561' title='bbox 3620 1969 3816 2042; x_wconf 72' lang='grc' dir='ltr'>οἶμαι,</span> <span class='ocrx_word' id='word_1_562' title='bbox 3862 1977 3968 2028; x_wconf 73' lang='grc' dir='ltr'><strong>οὐκ</strong></span> 
     </span>
    </p>
   </div>
   <div class='ocr_carea' id='block_1_79' title="bbox 2375 2058 3959 2136">
    <p class='ocr_par' dir='ltr' id='par_1_79' title="bbox 2375 2058 3959 2136">
     <span class='ocr_line' id='line_1_79' title="bbox 2375 2058 3959 2136; baseline 0.006 -28"><span class='ocrx_word' id='word_1_563' title='bbox 2375 2058 2583 2125; x_wconf 88' lang='grc' dir='ltr'>ἀνέγνω</span> <span class='ocrx_word' id='word_1_564' title='bbox 2614 2058 2832 2112; x_wconf 83' lang='grc' dir='ltr'>πώποτε</span> <span class='ocrx_word' id='word_1_565' title='bbox 2870 2062 2969 2129; x_wconf 85' lang='grc' dir='ltr'><strong>τὴν</strong></span> <span class='ocrx_word' id='word_1_566' title='bbox 3000 2062 3105 2114; x_wconf 83' lang='grc' dir='ltr'><strong>τῶν</strong></span> <span class='ocrx_word' id='word_1_567' title='bbox 3147 2062 3303 2114; x_wconf 84' lang='grc' dir='ltr'>θείων</span> <span class='ocrx_word' id='word_1_568' title='bbox 3346 2064 3694 2132; x_wconf 72' lang='grc' dir='ltr'>Εὑαγγελίων</span> <span class='ocrx_word' id='word_1_569' title='bbox 3732 2066 3959 2136; x_wconf 78' lang='grc' dir='ltr'>γραφὴν</span> 
     </span>
    </p>
   </div>
   <div class='ocr_carea' id='block_1_80' title="bbox 2374 2149 3971 2226">
    <p class='ocr_par' dir='ltr' id='par_1_80' title="bbox 2374 2149 3971 2226">
     <span class='ocr_line' id='line_1_80' title="bbox 2374 2149 3971 2226; baseline 0.006 -27"><span class='ocrx_word' id='word_1_570' title='bbox 2374 2151 2402 2200; x_wconf 88' lang='lat'><strong>6</strong></span> <span class='ocrx_word' id='word_1_571' title='bbox 2429 2149 2722 2219; x_wconf 77' lang='grc' dir='ltr'>βάρϐαρος,</span> <span class='ocrx_word' id='word_1_572' title='bbox 2749 2151 2915 2221; x_wconf 83' lang='grc' dir='ltr'>μόνην</span> <span class='ocrx_word' id='word_1_573' title='bbox 2937 2152 2993 2204; x_wconf 85' lang='grc' dir='ltr'><strong>δέ</strong></span> <span class='ocrx_word' id='word_1_574' title='bbox 3024 2153 3201 2205; x_wconf 71' lang='grc' dir='ltr'>αὐτῶν</span> <span class='ocrx_word' id='word_1_575' title='bbox 3224 2154 3321 2223; x_wconf 81' lang='grc' dir='ltr'>τὴν</span> <span class='ocrx_word' id='word_1_576' title='bbox 3349 2158 3722 2226; x_wconf 76' lang='grc' dir='ltr'>προσηγορίαν</span> <span class='ocrx_word' id='word_1_577' title='bbox 3744 2157 3971 2210; x_wconf 80' lang='grc' dir='ltr'>ἀκούων</span> 
     </span>
    </p>
   </div>
   <div class='ocr_carea' id='block_1_81' title="bbox 2378 2240 3968 2318">
    <p class='ocr_par' dir='ltr' id='par_1_81' title="bbox 2378 2240 3968 2318">
     <span class='ocr_line' id='line_1_81' title="bbox 2378 2240 3968 2318; baseline 0.008 -28"><span class='ocrx_word' id='word_1_578' title='bbox 2378 2240 2648 2306; x_wconf 76' lang='grc' dir='ltr'>ἐξεθείαζε</span> <span class='ocrx_word' id='word_1_579' title='bbox 2672 2259 2684 2270; x_wconf 89' lang='grc'>·</span> <span class='ocrx_word' id='word_1_580' title='bbox 2712 2245 2829 2298; x_wconf 70' lang='grc' dir='ltr'><strong>καὶ</strong></span> <span class='ocrx_word' id='word_1_581' title='bbox 2884 2244 2983 2297; x_wconf 80' lang='grc' dir='ltr'><strong>οὐκ</strong></span> <span class='ocrx_word' id='word_1_582' title='bbox 3036 2246 3174 2315; x_wconf 77' lang='grc' dir='ltr'>ῷετο</span> <span class='ocrx_word' id='word_1_583' title='bbox 3203 2248 3259 2299; x_wconf 86' lang='grc' dir='ltr'><strong>ἐν</strong></span> <span class='ocrx_word' id='word_1_584' title='bbox 3305 2248 3487 2311; x_wconf 78' lang='grc' dir='ltr'>αὐτοῖς</span> <span class='ocrx_word' id='word_1_585' title='bbox 3536 2249 3851 2318; x_wconf 72' lang='grc' dir='ltr'>γεγράφθαι</span> <span class='ocrx_word' id='word_1_586' title='bbox 3880 2252 3968 2303; x_wconf 84' lang='grc' dir='ltr'><strong>ὅτι</strong></span> 
     </span>
    </p>
   </div>
   <div class='ocr_carea' id='block_1_82' title="bbox 2377 2333 3461 2410">
    <p class='ocr_par' dir='ltr' id='par_1_82' title="bbox 2377 2333 3461 2410">
     <span class='ocr_line' id='line_1_82' title="bbox 2377 2333 3461 2410; baseline 0.006 -23"><span class='ocrx_word' id='word_1_587' title='bbox 2377 2333 2593 2403; x_wconf 82' lang='grc' dir='ltr'>ἀληθῶς</span> <span class='ocrx_word' id='word_1_588' title='bbox 2628 2335 2754 2399; x_wconf 72' lang='grc' dir='ltr'>Υἱὸς</span> <span class='ocrx_word' id='word_1_589' title='bbox 2786 2336 2921 2389; x_wconf 88' lang='grc' dir='ltr'>Θεοῦ</span> <span class='ocrx_word' id='word_1_590' title='bbox 2956 2338 3105 2391; x_wconf 79' lang='grc' dir='ltr'>ἐστιν</span> <span class='ocrx_word' id='word_1_591' title='bbox 3136 2341 3163 2391; x_wconf 95' lang='lat'><strong>6</strong></span> <span class='ocrx_word' id='word_1_592' title='bbox 3200 2340 3461 2410; x_wconf 80' lang='grc' dir='ltr'>Χριστός.</span> 
     </span>
    </p>
   </div>
   <div class='ocr_carea' id='block_1_83' title="bbox 2455 2425 3973 2502">
    <p class='ocr_par' dir='ltr' id='par_1_83' title="bbox 2455 2425 3973 2502">
     <span class='ocr_line' id='line_1_83' title="bbox 2455 2425 3973 2502; baseline 0.005 -24"><span class='ocrx_word' id='word_1_593' title='bbox 2455 2425 2550 2489; x_wconf 80' lang='grc' dir='ltr'>ξα’.</span> <span class='ocrx_word' id='word_1_594' title='bbox 2591 2427 2684 2479; x_wconf 87' lang='grc' dir='ltr'>Ἐκ</span> <span class='ocrx_word' id='word_1_595' title='bbox 2717 2427 2773 2481; x_wconf 80' lang='grc' dir='ltr'>δὲ</span> <span class='ocrx_word' id='word_1_596' title='bbox 2809 2428 2917 2483; x_wconf 80' lang='grc' dir='ltr'><strong>τῶν</strong></span> <span class='ocrx_word' id='word_1_597' title='bbox 2972 2431 3213 2500; x_wconf 80' lang='grc' dir='ltr'>ἀπείρων</span> <span class='ocrx_word' id='word_1_598' title='bbox 3242 2431 3343 2499; x_wconf 81' lang='grc' dir='ltr'><strong>τῆς</strong></span> <span class='ocrx_word' id='word_1_599' title='bbox 3395 2432 3828 2502; x_wconf 82' lang='grc' dir='ltr'>προγενεστέρας</span> <span class='ocrx_word' id='word_1_600' title='bbox 3854 2434 3973 2485; x_wconf 81' lang='grc' dir='ltr'>τῶν</span> 
     </span>
    </p>
   </div>
   <div class='ocr_carea' id='block_1_84' title="bbox 2382 2515 3975 2591">
    <p class='ocr_par' dir='ltr' id='par_1_84' title="bbox 2382 2515 3975 2591">
     <span class='ocr_line' id='line_1_84' title="bbox 2382 2515 3975 2591; baseline 0.004 -24"><span class='ocrx_word' id='word_1_601' title='bbox 2382 2515 2684 2569; x_wconf 85' lang='grc' dir='ltr'>θεοπτικῶν</span> <span class='ocrx_word' id='word_1_602' title='bbox 2732 2518 2826 2569; x_wconf 71' lang='grc' dir='ltr'><strong>καὶ</strong></span> <span class='ocrx_word' id='word_1_603' title='bbox 2861 2520 3214 2586; x_wconf 78' lang='grc' dir='ltr'>προφητικῶν</span> <span class='ocrx_word' id='word_1_604' title='bbox 3266 2519 3519 2591; x_wconf 72' lang='grc' dir='ltr'>Γραφῆς’</span> <span class='ocrx_word' id='word_1_605' title='bbox 3554 2523 3803 2590; x_wconf 76' lang='grc' dir='ltr'>ἀστέρων</span> <span class='ocrx_word' id='word_1_606' title='bbox 3858 2523 3975 2591; x_wconf 76' lang='grc' dir='ltr'>γάρ</span> 
     </span>
    </p>
   </div>
   <div class='ocr_carea' id='block_1_85' title="bbox 2382 2608 3979 2683">
    <p class='ocr_par' dir='ltr' id='par_1_85' title="bbox 2382 2608 3979 2683">
     <span class='ocr_line' id='line_1_85' title="bbox 2382 2608 3979 2683; baseline 0.005 -24"><span class='ocrx_word' id='word_1_607' title='bbox 2382 2626 2465 2670; x_wconf 85' lang='grc' dir='ltr'><strong>τις</strong></span> <span class='ocrx_word' id='word_1_608' title='bbox 2520 2608 2736 2679; x_wconf 83' lang='grc' dir='ltr'>ἀριθμῷ</span> <span class='ocrx_word' id='word_1_609' title='bbox 2770 2611 2951 2679; x_wconf 71' lang='grc' dir='ltr'>σχεδὸν</span> <span class='ocrx_word' id='word_1_610' title='bbox 3003 2611 3391 2681; x_wconf 78' lang='grc' dir='ltr'>ἁμιλλωμένας</span> <span class='ocrx_word' id='word_1_611' title='bbox 3426 2613 3649 2683; x_wconf 77' lang='grc' dir='ltr'>εὑρήσει</span> <span class='ocrx_word' id='word_1_612' title='bbox 3682 2614 3782 2677; x_wconf 73' lang='grc' dir='ltr'><strong>τὰς</strong></span> <span class='ocrx_word' id='word_1_613' title='bbox 3834 2617 3979 2667; x_wconf 57' lang='grc' dir='ltr'>ἀπο.</span> 
     </span>
    </p>
   </div>
   <div class='ocr_carea' id='block_1_86' title="bbox 2384 2700 3979 2775">
    <p class='ocr_par' dir='ltr' id='par_1_86' title="bbox 2384 2700 3979 2775">
     <span class='ocr_line' id='line_1_86' title="bbox 2384 2700 3979 2775; baseline 0.005 -23"><span class='ocrx_word' id='word_1_614' title='bbox 2384 2700 2598 2767; x_wconf 81' lang='grc' dir='ltr'>δείξεις,</span> <span class='ocrx_word' id='word_1_615' title='bbox 2634 2702 2729 2754; x_wconf 85' lang='grc' dir='ltr'>ἀπ’</span> <span class='ocrx_word' id='word_1_616' title='bbox 2778 2703 2947 2773; x_wconf 73' lang='grc' dir='ltr'>αὐτῆς</span> <span class='ocrx_word' id='word_1_617' title='bbox 2980 2706 3078 2773; x_wconf 81' lang='grc' dir='ltr'><strong>τῆς</strong></span> <span class='ocrx_word' id='word_1_618' title='bbox 3125 2706 3527 2775; x_wconf 70' lang='grc' dir='ltr'>πρωτογράφου</span> <span class='ocrx_word' id='word_1_619' title='bbox 3565 2706 3750 2775; x_wconf 75' lang='grc' dir='ltr'>βίϐλου</span> <span class='ocrx_word' id='word_1_620' title='bbox 3803 2708 3979 2760; x_wconf 82' lang='grc' dir='ltr'>Μωῦ-</span> 
     </span>
    </p>
   </div>
   <div class='ocr_carea' id='block_1_87' title="bbox 2388 2793 3978 2865">
    <p class='ocr_par' dir='ltr' id='par_1_87' title="bbox 2388 2793 3978 2865">
     <span class='ocr_line' id='line_1_87' title="bbox 2388 2793 3978 2865; baseline 0.004 -19"><span class='ocrx_word' id='word_1_621' title='bbox 2388 2793 2524 2859; x_wconf 86' lang='grc' dir='ltr'>σέως</span> <span class='ocrx_word' id='word_1_622' title='bbox 2554 2794 2656 2855; x_wconf 76' lang='grc' dir='ltr'>ἕως</span> <span class='ocrx_word' id='word_1_623' title='bbox 2690 2794 2886 2864; x_wconf 77' lang='grc' dir='ltr'>Δανιὴλ</span> <span class='ocrx_word' id='word_1_624' title='bbox 2912 2795 3006 2847; x_wconf 88' lang='grc' dir='ltr'><strong>τοῦ</strong></span> <span class='ocrx_word' id='word_1_625' title='bbox 3038 2797 3319 2865; x_wconf 78' lang='grc' dir='ltr'>προφήτου</span> <span class='ocrx_word' id='word_1_626' title='bbox 3358 2798 3451 2849; x_wconf 75' lang='grc' dir='ltr'><strong>καὶ</strong></span> <span class='ocrx_word' id='word_1_627' title='bbox 3478 2798 3584 2851; x_wconf 76' lang='grc' dir='ltr'>τῶν</span> <span class='ocrx_word' id='word_1_628' title='bbox 3611 2799 3978 2852; x_wconf 78' lang='grc' dir='ltr'>λοιπῶν.”οτι</span> 
     </span>
    </p>
   </div>
   <div class='ocr_carea' id='block_1_88' title="bbox 2386 2885 3974 2959">
    <p class='ocr_par' dir='ltr' id='par_1_88' title="bbox 2386 2885 3974 2959">
     <span class='ocr_line' id='line_1_88' title="bbox 2386 2885 3974 2959; baseline 0.006 -24"><span class='ocrx_word' id='word_1_629' title='bbox 2386 2885 2494 2954; x_wconf 74' lang='grc' dir='ltr'><strong>γὰρ</strong></span> <span class='ocrx_word' id='word_1_630' title='bbox 2520 2885 2758 2954; x_wconf 77' lang='grc' dir='ltr'>Μωῦσῆς</span> <span class='ocrx_word' id='word_1_631' title='bbox 2785 2887 2899 2955; x_wconf 73' lang='grc' dir='ltr'>ᾔδει</span> <span class='ocrx_word' id='word_1_632' title='bbox 2953 2886 3043 2939; x_wconf 85' lang='grc' dir='ltr'><strong>τοῦ</strong></span> <span class='ocrx_word' id='word_1_633' title='bbox 3076 2886 3234 2939; x_wconf 87' lang='grc' dir='ltr'>Θείου</span> <span class='ocrx_word' id='word_1_634' title='bbox 3264 2888 3323 2940; x_wconf 83' lang='grc' dir='ltr'><strong>τὸ</strong></span> <span class='ocrx_word' id='word_1_635' title='bbox 3352 2892 3449 2958; x_wconf 79' lang='grc' dir='ltr'><strong>τῆς</strong></span> <span class='ocrx_word' id='word_1_636' title='bbox 3484 2889 3697 2955; x_wconf 83' lang='grc' dir='ltr'>φύσεως</span> <span class='ocrx_word' id='word_1_637' title='bbox 3745 2891 3974 2959; x_wconf 82' lang='grc' dir='ltr'>μοναδι-</span> 
     </span>
    </p>
   </div>
   <div class='ocr_carea' id='block_1_89' title="bbox 2389 2975 3981 3049">
    <p class='ocr_par' dir='ltr' id='par_1_89' title="bbox 2389 2975 3981 3049">
     <span class='ocr_line' id='line_1_89' title="bbox 2389 2975 3981 3049; baseline 0.004 -22"><span class='ocrx_word' id='word_1_638' title='bbox 2389 2975 2505 3041; x_wconf 76' lang='grc' dir='ltr'>κὸν,</span> <span class='ocrx_word' id='word_1_639' title='bbox 2540 2976 2769 3028; x_wconf 74' lang='grc' dir='ltr'>καὶτῶν</span> <span class='ocrx_word' id='word_1_640' title='bbox 2806 2978 3108 3047; x_wconf 83' lang='grc' dir='ltr'>ἰδιοτήτων,</span> <span class='ocrx_word' id='word_1_641' title='bbox 3168 2980 3338 3049; x_wconf 79' lang='grc' dir='ltr'>ῆγουν</span> <span class='ocrx_word' id='word_1_642' title='bbox 3366 2982 3475 3032; x_wconf 85' lang='grc' dir='ltr'><strong>τῶν</strong></span> <span class='ocrx_word' id='word_1_643' title='bbox 3506 2981 3882 3045; x_wconf 79' lang='grc' dir='ltr'>ὑποστάσεων,</span> <span class='ocrx_word' id='word_1_644' title='bbox 3916 2983 3981 3033; x_wconf 77' lang='grc' dir='ltr'>τὸ</span> 
     </span>
    </p>
   </div>
   <div class='ocr_carea' id='block_1_90' title="bbox 2388 3067 3980 3141">
    <p class='ocr_par' dir='ltr' id='par_1_90' title="bbox 2388 3067 3980 3141">
     <span class='ocr_line' id='line_1_90' title="bbox 2388 3067 3980 3141; baseline 0.002 -21"><span class='ocrx_word' id='word_1_645' title='bbox 2388 3067 2664 3137; x_wconf 79' lang='grc' dir='ltr'>διάφορον.</span> <span class='ocrx_word' id='word_1_646' title='bbox 2698 3070 2930 3137; x_wconf 85' lang='grc' dir='ltr'>φανερόν</span> <span class='ocrx_word' id='word_1_647' title='bbox 2955 3085 2967 3098; x_wconf 78' lang='grc' dir='ltr'><strong>ο</strong></span> <span class='ocrx_word' id='word_1_648' title='bbox 3019 3070 3181 3138; x_wconf 79' lang='grc' dir='ltr'>ἡνίκα</span> <span class='ocrx_word' id='word_1_649' title='bbox 3211 3070 3439 3141; x_wconf 76' lang='grc' dir='ltr'>ἔγραφε,</span> <span class='ocrx_word' id='word_1_650' title='bbox 3492 3070 3845 3140; x_wconf 79' lang='grc' dir='ltr'>Ποιήσωμεν</span> <span class='ocrx_word' id='word_1_651' title='bbox 3869 3072 3980 3123; x_wconf 82' lang='grc' dir='ltr'><strong>ἇν-</strong></span> 
     </span>
    </p>
   </div>
   <div class='ocr_carea' id='block_1_91' title="bbox 2394 3159 3979 3231">
    <p class='ocr_par' dir='ltr' id='par_1_91' title="bbox 2394 3159 3979 3231">
     <span class='ocr_line' id='line_1_91' title="bbox 2394 3159 3979 3231; baseline 0.004 -21"><span class='ocrx_word' id='word_1_652' title='bbox 2394 3161 2627 3225; x_wconf 79' lang='grc' dir='ltr'>θρωπον</span> <span class='ocrx_word' id='word_1_653' title='bbox 2658 3159 2783 3211; x_wconf 78' lang='grc' dir='ltr'>κατ’</span> <span class='ocrx_word' id='word_1_654' title='bbox 2819 3163 3024 3215; x_wconf 79' lang='grc' dir='ltr'><strong>εἰκόνα</strong></span> <span class='ocrx_word' id='word_1_655' title='bbox 3053 3162 3349 3229; x_wconf 74' lang='grc' dir='ltr'><strong>ἡμετέραν</strong></span> <span class='ocrx_word' id='word_1_656' title='bbox 3382 3162 3480 3215; x_wconf 79' lang='grc' dir='ltr'>καὶ</span> <span class='ocrx_word' id='word_1_657' title='bbox 3510 3164 3815 3231; x_wconf 76' lang='grc' dir='ltr'>ὅμοίωσιν.</span> <span class='ocrx_word' id='word_1_658' title='bbox 3862 3164 3979 3217; x_wconf 79' lang='grc' dir='ltr'><strong>Καὶ</strong></span> 
     </span>
    </p>
   </div>
   <div class='ocr_carea' id='block_1_92' title="bbox 2392 3249 3975 3325">
    <p class='ocr_par' dir='ltr' id='par_1_92' title="bbox 2392 3249 3975 3325">
     <span class='ocr_line' id='line_1_92' title="bbox 2392 3249 3975 3325; baseline 0.006 -24"><span class='ocrx_word' id='word_1_659' title='bbox 2392 3250 2480 3301; x_wconf 81' lang='grc' dir='ltr'>ὅτε</span> <span class='ocrx_word' id='word_1_660' title='bbox 2510 3249 2768 3317; x_wconf 75' lang='grc' dir='ltr'>ἔφασκεν,</span> <span class='ocrx_word' id='word_1_661' title='bbox 2808 3251 2953 3305; x_wconf 82' lang='grc' dir='ltr'>Ἰδοὺ</span> <span class='ocrx_word' id='word_1_662' title='bbox 2990 3253 3238 3322; x_wconf 75' lang='grc' dir='ltr'>γέγονεν</span> <span class='ocrx_word' id='word_1_663' title='bbox 3268 3255 3448 3323; x_wconf 79' lang='grc' dir='ltr'>Ἀδὰμ</span> <span class='ocrx_word' id='word_1_664' title='bbox 3477 3256 3555 3319; x_wconf 80' lang='grc' dir='ltr'>ὡς</span> <span class='ocrx_word' id='word_1_665' title='bbox 3584 3249 3671 3319; x_wconf 83' lang='grc' dir='ltr'><strong>εἷς</strong></span> <span class='ocrx_word' id='word_1_666' title='bbox 3692 3256 3760 3319; x_wconf 81' lang='grc' dir='ltr'>ἐξ</span> <span class='ocrx_word' id='word_1_667' title='bbox 3778 3255 3975 3325; x_wconf 70' lang='grc' dir='ltr'><strong>ἡμῶν.</strong></span> 
     </span>
    </p>
   </div>
   <div class='ocr_carea' id='block_1_93' title="bbox 2405 3341 3979 3414">
    <p class='ocr_par' dir='ltr' id='par_1_93' title="bbox 2405 3341 3979 3414">
     <span class='ocr_line' id='line_1_93' title="bbox 2405 3341 3979 3414; baseline 0.004 -21"><span class='ocrx_word' id='word_1_668' title='bbox 2405 3341 2563 3394; x_wconf 82' lang='grc' dir='ltr'>’Λλλά</span> <span class='ocrx_word' id='word_1_669' title='bbox 2604 3342 2698 3393; x_wconf 84' lang='grc' dir='ltr'>καὶ</span> <span class='ocrx_word' id='word_1_670' title='bbox 2735 3343 2824 3395; x_wconf 78' lang='grc' dir='ltr'><strong>ὅτε</strong></span> <span class='ocrx_word' id='word_1_671' title='bbox 2860 3342 3114 3412; x_wconf 77' lang='grc' dir='ltr'>ἔγραφεν,</span> <span class='ocrx_word' id='word_1_672' title='bbox 3154 3346 3395 3410; x_wconf 54' lang='lat' dir='ltr'><strong>&quot;Aecus,</strong></span> <span class='ocrx_word' id='word_1_673' title='bbox 3435 3344 3705 3411; x_wconf 75' lang='grc' dir='ltr'>Ἰσραὴλ,</span> <span class='ocrx_word' id='word_1_674' title='bbox 3756 3348 3979 3414; x_wconf 78' lang='grc' dir='ltr'>Κύριος</span> 
     </span>
    </p>
   </div>
   <div class='ocr_carea' id='block_1_94' title="bbox 2392 3428 3979 3501">
    <p class='ocr_par' dir='ltr' id='par_1_94' title="bbox 2392 3428 3979 3501">
     <span class='ocr_line' id='line_1_94' title="bbox 2392 3428 3979 3501; baseline -0.001 -17"><span class='ocrx_word' id='word_1_675' title='bbox 2392 3433 2425 3484; x_wconf 85' lang='grc' dir='ltr'><strong><em>ό</em></strong></span> <span class='ocrx_word' id='word_1_676' title='bbox 2464 3433 2609 3497; x_wconf 83' lang='grc' dir='ltr'><strong>Θεός</strong></span> <span class='ocrx_word' id='word_1_677' title='bbox 2649 3445 2785 3496; x_wconf 83' lang='grc' dir='ltr'>σου,</span> <span class='ocrx_word' id='word_1_678' title='bbox 2826 3432 3038 3501; x_wconf 82' lang='grc' dir='ltr'>Κύριος</span> <span class='ocrx_word' id='word_1_679' title='bbox 3069 3428 3155 3497; x_wconf 81' lang='grc' dir='ltr'>εἷς</span> <span class='ocrx_word' id='word_1_680' title='bbox 3179 3432 3309 3485; x_wconf 85' lang='grc' dir='ltr'>ἐστι</span> <span class='ocrx_word' id='word_1_681' title='bbox 3333 3448 3346 3461; x_wconf 75' lang='grc' dir='ltr'><strong><em>ο</em></strong></span> <span class='ocrx_word' id='word_1_682' title='bbox 3380 3431 3456 3501; x_wconf 81' lang='grc' dir='ltr'><strong>τῷ</strong></span> <span class='ocrx_word' id='word_1_683' title='bbox 3482 3432 3638 3500; x_wconf 77' lang='grc' dir='ltr'>αἰτίῳ</span> <span class='ocrx_word' id='word_1_684' title='bbox 3666 3432 3759 3485; x_wconf 80' lang='grc' dir='ltr'>καὶ</span> <span class='ocrx_word' id='word_1_685' title='bbox 3783 3435 3846 3501; x_wconf 83' lang='grc' dir='ltr'>τῇ</span> <span class='ocrx_word' id='word_1_686' title='bbox 3881 3433 3979 3483; x_wconf 68' lang='grc' dir='ltr'>οῦ-</span> 
     </span>
    </p>
   </div>
   <div class='ocr_carea' id='block_1_95' title="bbox 2394 3522 3975 3595">
    <p class='ocr_par' dir='ltr' id='par_1_95' title="bbox 2394 3522 3975 3595">
     <span class='ocr_line' id='line_1_95' title="bbox 2394 3522 3975 3595; baseline 0.001 -21"><span class='ocrx_word' id='word_1_687' title='bbox 2394 3523 2486 3592; x_wconf 69' lang='grc' dir='ltr'>σίᾳ</span> <span class='ocrx_word' id='word_1_688' title='bbox 2516 3523 2611 3575; x_wconf 74' lang='grc' dir='ltr'>καὶ</span> <span class='ocrx_word' id='word_1_689' title='bbox 2671 3524 2946 3593; x_wconf 71' lang='grc' dir='ltr'>συμπνοία</span> <span class='ocrx_word' id='word_1_690' title='bbox 2991 3524 3311 3595; x_wconf 79' lang='grc' dir='ltr'>ἐνιζομένην</span> <span class='ocrx_word' id='word_1_691' title='bbox 3343 3524 3610 3593; x_wconf 76' lang='grc' dir='ltr'>ἐγίνωσκε</span> <span class='ocrx_word' id='word_1_692' title='bbox 3638 3522 3736 3592; x_wconf 81' lang='grc' dir='ltr'>τὴν</span> <span class='ocrx_word' id='word_1_693' title='bbox 3763 3523 3975 3592; x_wconf 80' lang='grc' dir='ltr'>Τριάδα</span> 
     </span>
    </p>
   </div>
   <div class='ocr_carea' id='block_1_96' title="bbox 2393 3612 3981 3685">
    <p class='ocr_par' dir='ltr' id='par_1_96' title="bbox 2393 3612 3981 3685">
     <span class='ocr_line' id='line_1_96' title="bbox 2393 3612 3981 3685; baseline -0.002 -18"><span class='ocrx_word' id='word_1_694' title='bbox 2393 3614 2655 3685; x_wconf 83' lang='grc' dir='ltr'>φανερόν·</span> <span class='ocrx_word' id='word_1_695' title='bbox 2682 3615 2713 3685; x_wconf 84' lang='grc' dir='ltr'>ἢ</span> <span class='ocrx_word' id='word_1_696' title='bbox 2738 3615 2845 3683; x_wconf 83' lang='grc' dir='ltr'>γὰρ</span> <span class='ocrx_word' id='word_1_697' title='bbox 2872 3615 3087 3668; x_wconf 79' lang='grc' dir='ltr'>ἐναντία</span> <span class='ocrx_word' id='word_1_698' title='bbox 3120 3616 3300 3685; x_wconf 86' lang='grc' dir='ltr'>ἐαυτῷ</span> <span class='ocrx_word' id='word_1_699' title='bbox 3339 3615 3598 3685; x_wconf 81' lang='grc' dir='ltr'>ἔγραφεν,</span> <span class='ocrx_word' id='word_1_700' title='bbox 3628 3615 3738 3667; x_wconf 76' lang='grc' dir='ltr'>ἄνω</span> <span class='ocrx_word' id='word_1_701' title='bbox 3770 3612 3870 3681; x_wconf 82' lang='grc' dir='ltr'>μὲν</span> <span class='ocrx_word' id='word_1_702' title='bbox 3897 3630 3981 3666; x_wconf 80' lang='grc' dir='ltr'>τι-</span> 
     </span>
    </p>
   </div>
   <div class='ocr_carea' id='block_1_97' title="bbox 2393 3698 3980 3775">
    <p class='ocr_par' dir='ltr' id='par_1_97' title="bbox 2393 3698 3980 3775">
     <span class='ocr_line' id='line_1_97' title="bbox 2393 3698 3980 3775; baseline -0.003 -19"><span class='ocrx_word' id='word_1_703' title='bbox 2393 3704 2506 3768; x_wconf 74' lang='grc' dir='ltr'>θεὶς</span> <span class='ocrx_word' id='word_1_704' title='bbox 2538 3704 2769 3775; x_wconf 78' lang='grc' dir='ltr'>διάφορα</span> <span class='ocrx_word' id='word_1_705' title='bbox 2802 3703 3067 3773; x_wconf 76' lang='grc' dir='ltr'>πρόσωπα</span> <span class='ocrx_word' id='word_1_706' title='bbox 3096 3703 3498 3772; x_wconf 83' lang='grc' dir='ltr'>διαλεγόμενος,</span> <span class='ocrx_word' id='word_1_707' title='bbox 3522 3701 3814 3770; x_wconf 76' lang='grc' dir='ltr'>μετέπειτα</span> <span class='ocrx_word' id='word_1_708' title='bbox 3836 3698 3893 3751; x_wconf 79' lang='grc' dir='ltr'>δὲ</span> <span class='ocrx_word' id='word_1_709' title='bbox 3918 3700 3980 3751; x_wconf 82' lang='grc' dir='ltr'>ἓν</span> 
     </span>
    </p>
   </div>
   <div class='ocr_carea' id='block_1_98' title="bbox 2398 3790 3979 3866">
    <p class='ocr_par' dir='ltr' id='par_1_98' title="bbox 2398 3790 3979 3866">
     <span class='ocr_line' id='line_1_98' title="bbox 2398 3790 3979 3866; baseline -0.004 -17"><span class='ocrx_word' id='word_1_710' title='bbox 2398 3796 2555 3865; x_wconf 83' lang='grc' dir='ltr'>μόνον</span> <span class='ocrx_word' id='word_1_711' title='bbox 2608 3797 2904 3865; x_wconf 76' lang='grc' dir='ltr'>ἐκήρυττεν</span> <span class='ocrx_word' id='word_1_712' title='bbox 2933 3790 3074 3847; x_wconf 76' lang='grc' dir='ltr'>εἶναι</span> <span class='ocrx_word' id='word_1_713' title='bbox 3109 3795 3401 3866; x_wconf 85' lang='grc' dir='ltr'>πρόσωπον</span> <span class='ocrx_word' id='word_1_714' title='bbox 3460 3792 3523 3845; x_wconf 75' lang='grc' dir='ltr'>τό</span> <span class='ocrx_word' id='word_1_715' title='bbox 3578 3810 3636 3844; x_wconf 89' lang='grc' dir='ltr'><strong>τε</strong></span> <span class='ocrx_word' id='word_1_716' title='bbox 3670 3792 3827 3859; x_wconf 87' lang='grc' dir='ltr'>λέγον</span> <span class='ocrx_word' id='word_1_717' title='bbox 3878 3792 3979 3843; x_wconf 79' lang='grc' dir='ltr'><strong>καὶ</strong></span> 
     </span>
    </p>
   </div>
   <div class='ocr_carea' id='block_1_99' title="bbox 2395 3883 3979 3958">
    <p class='ocr_par' dir='ltr' id='par_1_99' title="bbox 2395 3883 3979 3958">
     <span class='ocr_line' id='line_1_99' title="bbox 2395 3883 3979 3958; baseline -0.004 -18"><span class='ocrx_word' id='word_1_718' title='bbox 2395 3885 2591 3940; x_wconf 87' lang='grc' dir='ltr'>ἀκοῦον</span> <span class='ocrx_word' id='word_1_719' title='bbox 2621 3887 2715 3938; x_wconf 74' lang='grc' dir='ltr'><strong>καὶ</strong></span> <span class='ocrx_word' id='word_1_720' title='bbox 2743 3886 2963 3941; x_wconf 78' lang='grc' dir='ltr'>ποιοῦνο</span> <span class='ocrx_word' id='word_1_721' title='bbox 2994 3888 3129 3958; x_wconf 82' lang='grc' dir='ltr'>ὅπερ</span> <span class='ocrx_word' id='word_1_722' title='bbox 3153 3887 3429 3956; x_wconf 85' lang='grc' dir='ltr'>ἀθέμιτον.</span> <span class='ocrx_word' id='word_1_723' title='bbox 3465 3885 3573 3939; x_wconf 77' lang='grc' dir='ltr'>Καὶ</span> <span class='ocrx_word' id='word_1_724' title='bbox 3615 3884 3643 3937; x_wconf 92' lang='lat'><strong>6</strong></span> <span class='ocrx_word' id='word_1_725' title='bbox 3674 3884 3893 3937; x_wconf 75' lang='grc' dir='ltr'>πάντων</span> <span class='ocrx_word' id='word_1_726' title='bbox 3918 3883 3979 3934; x_wconf 78' lang='grc' dir='ltr'><strong>δὲ</strong></span> 
     </span>
    </p>
   </div>
   <div class='ocr_carea' id='block_1_100' title="bbox 2394 3976 3981 4049">
    <p class='ocr_par' dir='ltr' id='par_1_100' title="bbox 2394 3976 3981 4049">
     <span class='ocr_line' id='line_1_100' title="bbox 2394 3976 3981 4049; baseline -0.004 -19"><span class='ocrx_word' id='word_1_727' title='bbox 2394 3978 2503 4030; x_wconf 86' lang='grc' dir='ltr'><strong>τῶν</strong></span> <span class='ocrx_word' id='word_1_728' title='bbox 2536 3978 2702 4031; x_wconf 81' lang='grc' dir='ltr'>πάλαι</span> <span class='ocrx_word' id='word_1_729' title='bbox 2736 3979 3029 4049; x_wconf 85' lang='grc' dir='ltr'>προφητῶν</span> <span class='ocrx_word' id='word_1_730' title='bbox 3067 3978 3543 4047; x_wconf 77' lang='grc' dir='ltr'>ἐμφαντικώτατος</span> <span class='ocrx_word' id='word_1_731' title='bbox 3592 3976 3809 4047; x_wconf 75' lang='grc' dir='ltr'>Δανιὴλ,</span> <span class='ocrx_word' id='word_1_732' title='bbox 3843 3991 3981 4043; x_wconf 79' lang='grc' dir='ltr'>τρι-</span> 
     </span>
    </p>
   </div>
   <div class='ocr_carea' id='block_1_101' title="bbox 2395 4063 3975 4139">
    <p class='ocr_par' dir='ltr' id='par_1_101' title="bbox 2395 4063 3975 4139">
     <span class='ocr_line' id='line_1_101' title="bbox 2395 4063 3975 4139; baseline -0.007 -17"><span class='ocrx_word' id='word_1_733' title='bbox 2395 4068 2499 4131; x_wconf 84' lang='grc' dir='ltr'>νῶς</span> <span class='ocrx_word' id='word_1_734' title='bbox 2516 4071 2610 4121; x_wconf 84' lang='grc' dir='ltr'>καὶ</span> <span class='ocrx_word' id='word_1_735' title='bbox 2647 4069 2737 4121; x_wconf 82' lang='grc' dir='ltr'><strong>τὸν</strong></span> <span class='ocrx_word' id='word_1_736' title='bbox 2767 4070 2953 4139; x_wconf 81' lang='grc' dir='ltr'>χρόνον</span> <span class='ocrx_word' id='word_1_737' title='bbox 2984 4068 3251 4137; x_wconf 84' lang='grc' dir='ltr'>ἐδήλωσεν</span> <span class='ocrx_word' id='word_1_738' title='bbox 3290 4068 3384 4137; x_wconf 79' lang='grc' dir='ltr'>τῆς</span> <span class='ocrx_word' id='word_1_739' title='bbox 3414 4064 3652 4136; x_wconf 85' lang='grc' dir='ltr'>Χριστοῦ</span> <span class='ocrx_word' id='word_1_740' title='bbox 3682 4063 3975 4125; x_wconf 84' lang='grc' dir='ltr'>ἐλεύσεως,</span> 
     </span>
    </p>
   </div>
   <div class='ocr_carea' id='block_1_102' title="bbox 2395 4152 3977 4231">
    <p class='ocr_par' dir='ltr' id='par_1_102' title="bbox 2395 4152 3977 4231">
     <span class='ocr_line' id='line_1_102' title="bbox 2395 4152 3977 4231; baseline -0.006 -18"><span class='ocrx_word' id='word_1_741' title='bbox 2395 4162 2490 4213; x_wconf 74' lang='grc' dir='ltr'><strong>καὶ</strong></span> <span class='ocrx_word' id='word_1_742' title='bbox 2509 4160 2607 4231; x_wconf 83' lang='grc' dir='ltr'><strong>τὴν</strong></span> <span class='ocrx_word' id='word_1_743' title='bbox 2644 4161 2809 4215; x_wconf 80' lang='grc' dir='ltr'>αὐτοῦ</span> <span class='ocrx_word' id='word_1_744' title='bbox 2840 4161 2994 4225; x_wconf 80' lang='grc' dir='ltr'>ἀξίαν</span> <span class='ocrx_word' id='word_1_745' title='bbox 3026 4161 3321 4230; x_wconf 76' lang='grc' dir='ltr'>ἐσήμανεν,</span> <span class='ocrx_word' id='word_1_746' title='bbox 3359 4159 3523 4227; x_wconf 76' lang='grc' dir='ltr'>ἡνίκα</span> <span class='ocrx_word' id='word_1_747' title='bbox 3554 4155 3721 4223; x_wconf 80' lang='grc' dir='ltr'>λέγει’</span> <span class='ocrx_word' id='word_1_748' title='bbox 3766 4152 3977 4205; x_wconf 81' lang='grc' dir='ltr'>Ἐθεώ-</span> 
     </span>
    </p>
   </div>
   <div class='ocr_carea' id='block_1_103' title="bbox 2386 4242 3976 4319">
    <p class='ocr_par' dir='ltr' id='par_1_103' title="bbox 2386 4242 3976 4319">
     <span class='ocr_line' id='line_1_103' title="bbox 2386 4242 3976 4319; baseline -0.007 -15"><span class='ocrx_word' id='word_1_749' title='bbox 2386 4268 2559 4319; x_wconf 85' lang='grc' dir='ltr'>ρουν,</span> <span class='ocrx_word' id='word_1_750' title='bbox 2591 4248 2686 4303; x_wconf 71' lang='grc' dir='ltr'>καὶ</span> <span class='ocrx_word' id='word_1_751' title='bbox 2718 4250 2847 4303; x_wconf 75' lang='grc' dir='ltr'>ἰδοὺ</span> <span class='ocrx_word' id='word_1_752' title='bbox 2880 4249 3123 4303; x_wconf 79' lang='grc' dir='ltr'>ἐπὶτῶν</span> <span class='ocrx_word' id='word_1_753' title='bbox 3151 4248 3424 4317; x_wconf 64' lang='grc' dir='ltr'>νεφελῶν</span> <span class='ocrx_word' id='word_1_754' title='bbox 3464 4246 3571 4301; x_wconf 83' lang='grc' dir='ltr'><strong>τοῦ</strong></span> <span class='ocrx_word' id='word_1_755' title='bbox 3602 4242 3862 4312; x_wconf 73' lang='grc' dir='ltr'>οὐρανοῦ</span> <span class='ocrx_word' id='word_1_756' title='bbox 3894 4244 3976 4308; x_wconf 82' lang='grc' dir='ltr'><strong>ὡς</strong></span> 
     </span>
    </p>
   </div>
   <div class='ocr_carea' id='block_1_104' title="bbox 2394 4337 3977 4408">
    <p class='ocr_par' dir='ltr' id='par_1_104' title="bbox 2394 4337 3977 4408">
     <span class='ocr_line' id='line_1_104' title="bbox 2394 4337 3977 4408; baseline -0.004 -14"><span class='ocrx_word' id='word_1_757' title='bbox 2394 4343 2525 4407; x_wconf 82' lang='grc' dir='ltr'>υίὸς</span> <span class='ocrx_word' id='word_1_758' title='bbox 2544 4340 2857 4408; x_wconf 82' lang='grc' dir='ltr'>ἀνθρώπου</span> <span class='ocrx_word' id='word_1_759' title='bbox 2884 4356 2897 4370; x_wconf 77' lang='grc'><strong><em>³</em></strong></span> <span class='ocrx_word' id='word_1_760' title='bbox 2954 4342 3051 4394; x_wconf 80' lang='grc' dir='ltr'>καὶ</span> <span class='ocrx_word' id='word_1_761' title='bbox 3084 4340 3243 4405; x_wconf 81' lang='grc' dir='ltr'>αὐτῷ</span> <span class='ocrx_word' id='word_1_762' title='bbox 3287 4340 3462 4407; x_wconf 83' lang='grc' dir='ltr'>ἐδόθη</span> <span class='ocrx_word' id='word_1_763' title='bbox 3484 4342 3533 4407; x_wconf 81' lang='grc' dir='ltr'><strong>-ή</strong></span> <span class='ocrx_word' id='word_1_764' title='bbox 3575 4337 3733 4406; x_wconf 76' lang='grc' dir='ltr'>τιμὴ.</span> <span class='ocrx_word' id='word_1_765' title='bbox 3786 4337 3882 4389; x_wconf 72' lang='grc' dir='ltr'>καὶ</span> <span class='ocrx_word' id='word_1_766' title='bbox 3938 4339 3977 4403; x_wconf 78' lang='grc' dir='ltr'><strong><em>ἠ</em></strong></span> 
     </span>
    </p>
   </div>
   <div class='ocr_carea' id='block_1_105' title="bbox 2394 4431 3978 4507">
    <p class='ocr_par' dir='ltr' id='par_1_105' title="bbox 2394 4431 3978 4507">
     <span class='ocr_line' id='line_1_105' title="bbox 2394 4431 3978 4507; baseline -0.004 -18"><span class='ocrx_word' id='word_1_767' title='bbox 2394 4438 2831 4505; x_wconf 79' lang='grc' dir='ltr'>προσκύνησις,</span> <span class='ocrx_word' id='word_1_768' title='bbox 2874 4438 2967 4490; x_wconf 73' lang='lat' dir='ltr'><strong>ml.</strong></span> <span class='ocrx_word' id='word_1_769' title='bbox 3025 4438 3090 4493; x_wconf 73' lang='grc' dir='ltr'>τὰ</span> <span class='ocrx_word' id='word_1_770' title='bbox 3145 4437 3307 4507; x_wconf 79' lang='grc' dir='ltr'>ἑξῆς·</span> <span class='ocrx_word' id='word_1_771' title='bbox 3368 4436 3543 4489; x_wconf 88' lang='grc' dir='ltr'>καίτοι</span> <span class='ocrx_word' id='word_1_772' title='bbox 3584 4434 3676 4487; x_wconf 88' lang='grc' dir='ltr'><strong>τοῦ</strong></span> <span class='ocrx_word' id='word_1_773' title='bbox 3730 4431 3978 4487; x_wconf 80' lang='grc' dir='ltr'>Παλαιοῦ</span> 
     </span>
    </p>
   </div>
   <div class='ocr_carea' id='block_1_106' title="bbox 2394 4528 3630 4599">
    <p class='ocr_par' dir='ltr' id='par_1_106' title="bbox 2394 4528 3630 4599">
     <span class='ocr_line' id='line_1_106' title="bbox 2394 4528 3630 4599; baseline -0.002 -18"><span class='ocrx_word' id='word_1_774' title='bbox 2394 4530 2503 4581; x_wconf 85' lang='grc' dir='ltr'><strong>τῶν</strong></span> <span class='ocrx_word' id='word_1_775' title='bbox 2530 4529 2753 4599; x_wconf 77' lang='grc' dir='ltr'>ἡμερῶν</span> <span class='ocrx_word' id='word_1_776' title='bbox 2780 4528 3145 4598; x_wconf 76' lang='grc' dir='ltr'>καθεζομένου</span> <span class='ocrx_word' id='word_1_777' title='bbox 3174 4530 3266 4581; x_wconf 78' lang='grc' dir='ltr'><strong>ἐπὶ</strong></span> <span class='ocrx_word' id='word_1_778' title='bbox 3299 4528 3392 4581; x_wconf 84' lang='grc' dir='ltr'><strong>τοῦ</strong></span> <span class='ocrx_word' id='word_1_779' title='bbox 3420 4528 3630 4598; x_wconf 76' lang='grc' dir='ltr'>θρόνου.</span> 
     </span>
    </p>
   </div>
   <div class='ocr_carea' id='block_1_107' title="bbox 2464 4616 3976 4693">
    <p class='ocr_par' dir='ltr' id='par_1_107' title="bbox 2464 4616 3976 4693">
     <span class='ocr_line' id='line_1_107' title="bbox 2464 4616 3976 4693; baseline -0.008 -16"><span class='ocrx_word' id='word_1_780' title='bbox 2464 4620 2562 4693; x_wconf 81' lang='grc' dir='ltr'><strong>ξβ’.</strong></span> <span class='ocrx_word' id='word_1_781' title='bbox 2615 4621 2754 4675; x_wconf 77' lang='grc' dir='ltr'>Ἀλλ’</span> <span class='ocrx_word' id='word_1_782' title='bbox 2781 4621 3024 4690; x_wconf 83' lang='grc' dir='ltr'>ἀφείσθω</span> <span class='ocrx_word' id='word_1_783' title='bbox 3051 4620 3117 4673; x_wconf 78' lang='grc' dir='ltr'>τὰ</span> <span class='ocrx_word' id='word_1_784' title='bbox 3145 4620 3252 4674; x_wconf 77' lang='grc' dir='ltr'><strong>ἀπὸ</strong></span> <span class='ocrx_word' id='word_1_785' title='bbox 3290 4619 3397 4673; x_wconf 86' lang='grc' dir='ltr'><strong>τῶν</strong></span> <span class='ocrx_word' id='word_1_786' title='bbox 3425 4616 3670 4688; x_wconf 83' lang='grc' dir='ltr'>ἀρχαίων</span> <span class='ocrx_word' id='word_1_787' title='bbox 3698 4616 3935 4687; x_wconf 79' lang='grc' dir='ltr'>Γραφῶν</span> <span class='ocrx_word' id='word_1_788' title='bbox 3961 4630 3976 4643; x_wconf 89' lang='grc'><strong>·</strong></span> 
     </span>
    </p>
   </div>
   <div class='ocr_carea' id='block_1_108' title="bbox 2391 4707 3982 4784">
    <p class='ocr_par' dir='ltr' id='par_1_108' title="bbox 2391 4707 3982 4784">
     <span class='ocr_line' id='line_1_108' title="bbox 2391 4707 3982 4784; baseline -0.008 -14"><span class='ocrx_word' id='word_1_789' title='bbox 2391 4717 2484 4770; x_wconf 81' lang='grc' dir='ltr'>ἀπ’</span> <span class='ocrx_word' id='word_1_790' title='bbox 2510 4714 2691 4768; x_wconf 80' lang='grc' dir='ltr'>αὐτῶν</span> <span class='ocrx_word' id='word_1_791' title='bbox 2717 4713 2822 4767; x_wconf 83' lang='grc' dir='ltr'><strong>τῶν</strong></span> <span class='ocrx_word' id='word_1_792' title='bbox 2871 4712 2962 4765; x_wconf 89' lang='grc' dir='ltr'><strong>τοῦ</strong></span> <span class='ocrx_word' id='word_1_793' title='bbox 3010 4711 3249 4784; x_wconf 86' lang='grc' dir='ltr'>Χριστοῦ</span> <span class='ocrx_word' id='word_1_794' title='bbox 3306 4712 3687 4781; x_wconf 75' lang='grc' dir='ltr'>προρρήσεων,</span> <span class='ocrx_word' id='word_1_795' title='bbox 3742 4707 3982 4760; x_wconf 78' lang='grc' dir='ltr'>καὶτῶν</span> 
     </span>
    </p>
   </div>
   <div class='ocr_carea' id='block_1_109' title="bbox 2389 4800 3980 4873">
    <p class='ocr_par' dir='ltr' id='par_1_109' title="bbox 2389 4800 3980 4873">
     <span class='ocr_line' id='line_1_109' title="bbox 2389 4800 3980 4873; baseline -0.006 -13"><span class='ocrx_word' id='word_1_796' title='bbox 2389 4808 2579 4861; x_wconf 87' lang='grc' dir='ltr'>τούτου</span> <span class='ocrx_word' id='word_1_797' title='bbox 2607 4807 2905 4870; x_wconf 75' lang='grc' dir='ltr'>ἐκδάσεων,</span> <span class='ocrx_word' id='word_1_798' title='bbox 2934 4805 2987 4857; x_wconf 76' lang='grc' dir='ltr'>εἴ</span> <span class='ocrx_word' id='word_1_799' title='bbox 3012 4822 3074 4872; x_wconf 89' lang='grc' dir='ltr'><strong>γε</strong></span> <span class='ocrx_word' id='word_1_800' title='bbox 3112 4804 3350 4859; x_wconf 78' lang='grc' dir='ltr'>συνιέναι</span> <span class='ocrx_word' id='word_1_801' title='bbox 3379 4806 3405 4857; x_wconf 95' lang='lat'><strong>6</strong></span> <span class='ocrx_word' id='word_1_802' title='bbox 3442 4804 3670 4873; x_wconf 82' lang='grc' dir='ltr'>μάταιος</span> <span class='ocrx_word' id='word_1_803' title='bbox 3712 4803 3889 4870; x_wconf 81' lang='grc' dir='ltr'>ῐσχυε,</span> <span class='ocrx_word' id='word_1_804' title='bbox 3916 4800 3980 4852; x_wconf 79' lang='grc' dir='ltr'>τὸ</span> 
     </span>
    </p>
   </div>
   <div class='ocr_carea' id='block_1_110' title="bbox 2391 4898 3981 4973">
    <p class='ocr_par' dir='ltr' id='par_1_110' title="bbox 2391 4898 3981 4973">
     <span class='ocr_line' id='line_1_110' title="bbox 2391 4898 3981 4973; baseline -0.005 -17"><span class='ocrx_word' id='word_1_805' title='bbox 2391 4905 2487 4973; x_wconf 84' lang='grc' dir='ltr'>τῆς</span> <span class='ocrx_word' id='word_1_806' title='bbox 2518 4904 2769 4973; x_wconf 79' lang='grc' dir='ltr'>θεότητος</span> <span class='ocrx_word' id='word_1_807' title='bbox 2798 4901 2964 4956; x_wconf 83' lang='grc' dir='ltr'>αὐτοῦ</span> <span class='ocrx_word' id='word_1_808' title='bbox 2996 4900 3158 4963; x_wconf 75' lang='grc' dir='ltr'>σέϐας</span> <span class='ocrx_word' id='word_1_809' title='bbox 3193 4900 3490 4954; x_wconf 81' lang='grc' dir='ltr'>κατέλαϐεν</span> <span class='ocrx_word' id='word_1_810' title='bbox 3525 4900 3592 4953; x_wconf 85' lang='grc' dir='ltr'><strong>ἂν</strong></span> <span class='ocrx_word' id='word_1_811' title='bbox 3616 4899 3710 4951; x_wconf 66' lang='grc' dir='ltr'>καὶ</span> <span class='ocrx_word' id='word_1_812' title='bbox 3743 4898 3854 4951; x_wconf 74' lang='grc' dir='ltr'><strong>ἀπὸ</strong></span> <span class='ocrx_word' id='word_1_813' title='bbox 3874 4898 3981 4966; x_wconf 80' lang='grc' dir='ltr'>τῆς</span> 
     </span>
    </p>
   </div>
   <div class='ocr_carea' id='block_1_111' title="bbox 2392 4988 3977 5065">
    <p class='ocr_par' dir='ltr' id='par_1_111' title="bbox 2392 4988 3977 5065">
     <span class='ocr_line' id='line_1_111' title="bbox 2392 4988 3977 5065; baseline -0.005 -18"><span class='ocrx_word' id='word_1_814' title='bbox 2392 4995 2485 5047; x_wconf 88' lang='grc' dir='ltr'><strong>τοῦ</strong></span> <span class='ocrx_word' id='word_1_815' title='bbox 2530 4996 2779 5048; x_wconf 70' lang='grc' dir='ltr'>Ἰωάννου</span> <span class='ocrx_word' id='word_1_816' title='bbox 2811 4994 3137 5065; x_wconf 82' lang='grc' dir='ltr'>μαρτυρίας,</span> <span class='ocrx_word' id='word_1_817' title='bbox 3172 4994 3231 5046; x_wconf 80' lang='grc' dir='ltr'>ὃν</span> <span class='ocrx_word' id='word_1_818' title='bbox 3266 4993 3549 5063; x_wconf 83' lang='grc' dir='ltr'>προφήτην</span> <span class='ocrx_word' id='word_1_819' title='bbox 3580 4991 3673 5043; x_wconf 76' lang='grc' dir='ltr'><strong>καὶ</strong></span> <span class='ocrx_word' id='word_1_820' title='bbox 3698 4989 3863 5059; x_wconf 77' lang='grc' dir='ltr'>ἄνδρα</span> <span class='ocrx_word' id='word_1_821' title='bbox 3894 4988 3977 5039; x_wconf 83' lang='grc' dir='ltr'>δί-</span> 
     </span>
    </p>
   </div>
   <div class='ocr_carea' id='block_1_112' title="bbox 2393 5081 3978 5153">
    <p class='ocr_par' dir='ltr' id='par_1_112' title="bbox 2393 5081 3978 5153">
     <span class='ocr_line' id='line_1_112' title="bbox 2393 5081 3978 5153; baseline -0.004 -16"><span class='ocrx_word' id='word_1_822' title='bbox 2393 5103 2545 5138; x_wconf 88' lang='grc' dir='ltr'>καιον</span> <span class='ocrx_word' id='word_1_823' title='bbox 2574 5086 2735 5149; x_wconf 72' lang='grc' dir='ltr'>αὐτὸς</span> <span class='ocrx_word' id='word_1_824' title='bbox 2774 5087 3157 5153; x_wconf 81' lang='grc' dir='ltr'>καταγγέλλων</span> <span class='ocrx_word' id='word_1_825' title='bbox 3192 5085 3542 5138; x_wconf 83' lang='grc' dir='ltr'>ἀποδέδεκται</span> <span class='ocrx_word' id='word_1_826' title='bbox 3600 5082 3710 5148; x_wconf 83' lang='grc'><strong>(93)</strong></span> <span class='ocrx_word' id='word_1_827' title='bbox 3742 5097 3753 5107; x_wconf 72' lang='grc'><strong><em>⁸</em></strong></span> <span class='ocrx_word' id='word_1_828' title='bbox 3813 5081 3844 5149; x_wconf 75' lang='grc' dir='ltr'>ἢ</span> <span class='ocrx_word' id='word_1_829' title='bbox 3878 5081 3978 5132; x_wconf 73' lang='grc' dir='ltr'><strong>καὶ</strong></span> 
     </span>
    </p>
   </div>
   <div class='ocr_carea' id='block_1_113' title="bbox 2392 5168 3976 5247">
    <p class='ocr_par' dir='ltr' id='par_1_113' title="bbox 2392 5168 3976 5247">
     <span class='ocr_line' id='line_1_113' title="bbox 2392 5168 3976 5247; baseline -0.006 -17"><span class='ocrx_word' id='word_1_830' title='bbox 2392 5177 2499 5230; x_wconf 82' lang='grc' dir='ltr'><strong>ἀπὸ</strong></span> <span class='ocrx_word' id='word_1_831' title='bbox 2520 5176 2629 5229; x_wconf 80' lang='grc' dir='ltr'>τῶν</span> <span class='ocrx_word' id='word_1_832' title='bbox 2661 5176 3115 5247; x_wconf 83' lang='grc' dir='ltr'>θαυματουργιῶν</span> <span class='ocrx_word' id='word_1_833' title='bbox 3168 5176 3275 5228; x_wconf 85' lang='grc' dir='ltr'><strong>τῶν</strong></span> <span class='ocrx_word' id='word_1_834' title='bbox 3331 5173 3496 5229; x_wconf 82' lang='grc' dir='ltr'>αὐτοῦ</span> <span class='ocrx_word' id='word_1_835' title='bbox 3532 5171 3839 5241; x_wconf 68' lang='grc' dir='ltr'>ωμὸόλων,</span> <span class='ocrx_word' id='word_1_836' title='bbox 3873 5168 3976 5221; x_wconf 83' lang='grc' dir='ltr'><strong>τοῦ</strong></span> 
     </span>
    </p>
   </div>
   <div class='ocr_carea' id='block_1_114' title="bbox 2394 5263 3978 5340">
    <p class='ocr_par' dir='ltr' id='par_1_114' title="bbox 2394 5263 3978 5340">
     <span class='ocr_line' id='line_1_114' title="bbox 2394 5263 3978 5340; baseline -0.006 -18"><span class='ocrx_word' id='word_1_837' title='bbox 2394 5271 2587 5338; x_wconf 80' lang='grc' dir='ltr'>τάφου,</span> <span class='ocrx_word' id='word_1_838' title='bbox 2619 5271 2783 5340; x_wconf 69' lang='grc' dir='ltr'>φημὶ,</span> <span class='ocrx_word' id='word_1_839' title='bbox 2820 5271 2914 5322; x_wconf 72' lang='grc' dir='ltr'><strong>καὶ</strong></span> <span class='ocrx_word' id='word_1_840' title='bbox 2957 5270 3053 5337; x_wconf 83' lang='grc' dir='ltr'>τῆς</span> <span class='ocrx_word' id='word_1_841' title='bbox 3085 5268 3433 5330; x_wconf 81' lang='grc' dir='ltr'>ἀναστάσεως</span> <span class='ocrx_word' id='word_1_842' title='bbox 3459 5282 3473 5295; x_wconf 85' lang='grc'><em>’</em></span> <span class='ocrx_word' id='word_1_843' title='bbox 3506 5266 3622 5319; x_wconf 85' lang='grc' dir='ltr'>ἀλλ’</span> <span class='ocrx_word' id='word_1_844' title='bbox 3652 5264 3805 5316; x_wconf 79' lang='grc' dir='ltr'>οὐδὲν</span> <span class='ocrx_word' id='word_1_845' title='bbox 3851 5263 3978 5313; x_wconf 80' lang='grc' dir='ltr'>τού-</span> 
     </span>
    </p>
   </div>
   <div class='ocr_carea' id='block_1_115' title="bbox 2392 5352 3977 5431">
    <p class='ocr_par' dir='ltr' id='par_1_115' title="bbox 2392 5352 3977 5431">
     <span class='ocr_line' id='line_1_115' title="bbox 2392 5352 3977 5431; baseline -0.005 -19"><span class='ocrx_word' id='word_1_846' title='bbox 2392 5378 2499 5415; x_wconf 86' lang='grc' dir='ltr'><strong>των</strong></span> <span class='ocrx_word' id='word_1_847' title='bbox 2530 5362 2877 5431; x_wconf 58' lang='grc' dir='ltr'>συνευὸρακεν</span> <span class='ocrx_word' id='word_1_848' title='bbox 2937 5362 2965 5413; x_wconf 93' lang='lat'><strong>6</strong></span> <span class='ocrx_word' id='word_1_849' title='bbox 3014 5361 3357 5430; x_wconf 85' lang='grc' dir='ltr'>λοχαγωγός·</span> <span class='ocrx_word' id='word_1_850' title='bbox 3409 5358 3529 5411; x_wconf 72' lang='grc' dir='ltr'>οὐδὲ</span> <span class='ocrx_word' id='word_1_851' title='bbox 3565 5357 3672 5425; x_wconf 79' lang='grc' dir='ltr'>γὰρ</span> <span class='ocrx_word' id='word_1_852' title='bbox 3714 5352 3782 5425; x_wconf 80' lang='grc' dir='ltr'>ἦν</span> <span class='ocrx_word' id='word_1_853' title='bbox 3823 5353 3977 5422; x_wconf 81' lang='grc' dir='ltr'><strong>αὖτῷ</strong></span> 
     </span>
    </p>
   </div>
   <div class='ocr_carea' id='block_1_116' title="bbox 2394 5445 3977 5521">
    <p class='ocr_par' dir='ltr' id='par_1_116' title="bbox 2394 5445 3977 5521">
     <span class='ocr_line' id='line_1_116' title="bbox 2394 5445 3977 5521; baseline -0.004 -18"><span class='ocrx_word' id='word_1_854' title='bbox 2394 5451 2541 5514; x_wconf 89' lang='grc' dir='ltr'>θείας</span> <span class='ocrx_word' id='word_1_855' title='bbox 2571 5452 2790 5521; x_wconf 71' lang='grc' dir='ltr'>φροντὶς</span> <span class='ocrx_word' id='word_1_856' title='bbox 2848 5451 3193 5520; x_wconf 73' lang='grc' dir='ltr'>ἐπιγνώσεως</span> <span class='ocrx_word' id='word_1_857' title='bbox 3248 5451 3493 5517; x_wconf 86' lang='grc' dir='ltr'>πώποτε,</span> <span class='ocrx_word' id='word_1_858' title='bbox 3542 5450 3678 5520; x_wconf 81' lang='grc' dir='ltr'>πλὴν</span> <span class='ocrx_word' id='word_1_859' title='bbox 3723 5449 3847 5500; x_wconf 81' lang='grc' dir='ltr'>ὅσον</span> <span class='ocrx_word' id='word_1_860' title='bbox 3877 5445 3977 5499; x_wconf 77' lang='grc' dir='ltr'><strong>τοῦ</strong></span> 
     </span>
    </p>
   </div>
   <div class='ocr_carea' id='block_1_117' title="bbox 2455 5590 3970 5659">
    <p class='ocr_par' dir='ltr' id='par_1_117' title="bbox 2455 5590 3970 5659">
     <span class='ocr_line' id='line_1_117' title="bbox 2455 5590 3970 5659; baseline -0.001 -14"><span class='ocrx_word' id='word_1_861' title='bbox 2455 5594 2493 5625; x_wconf 70' lang='grc' dir='ltr'><strong>τι</strong></span> <span class='ocrx_word' id='word_1_862' title='bbox 2528 5590 2664 5647; x_wconf 86' lang='lat' dir='ltr'><strong>Gen.</strong></span> <span class='ocrx_word' id='word_1_863' title='bbox 2717 5608 2752 5657; x_wconf 88' lang='grc' dir='ltr'><strong>ι,</strong></span> <span class='ocrx_word' id='word_1_864' title='bbox 2800 5592 2891 5647; x_wconf 76' lang='lat'><strong>26.</strong></span> <span class='ocrx_word' id='word_1_865' title='bbox 2969 5594 3171 5649; x_wconf 84' lang='lat' dir='ltr'><strong>“Gen.</strong></span> <span class='ocrx_word' id='word_1_866' title='bbox 3221 5610 3306 5659; x_wconf 86' lang='lat' dir='ltr'><strong>nt,</strong></span> <span class='ocrx_word' id='word_1_867' title='bbox 3357 5593 3448 5648; x_wconf 77' lang='lat'><strong>22.</strong></span> <span class='ocrx_word' id='word_1_868' title='bbox 3528 5593 3571 5625; x_wconf 90' lang='grc'><strong>¹³</strong></span> <span class='ocrx_word' id='word_1_869' title='bbox 3603 5592 3759 5647; x_wconf 92' lang='lat' dir='ltr'><strong>Deut.</strong></span> <span class='ocrx_word' id='word_1_870' title='bbox 3802 5606 3878 5656; x_wconf 80' lang='lat' dir='ltr'><strong>vi,</strong></span> <span class='ocrx_word' id='word_1_871' title='bbox 3916 5591 3970 5645; x_wconf 73' lang='grc' dir='ltr'><strong>ι.</strong></span> 
     </span>
    </p>
   </div>
  </div>
