  <div class='ocr_page' id='page_1' title='image "/cluster/home/n/w/nwhite01/storage/ocr_20150623/105/nnc1.0046980105/382.png"; bbox 0 0 4168 6450; ppageno 0'>
   <div class='ocr_carea' id='block_1_1' title="bbox 205 449 310 510">
    <p class='ocr_par' dir='ltr' id='par_1_1' title="bbox 205 449 310 510">
     <span class='ocr_line' id='line_1_1' title="bbox 205 449 310 510; baseline 0.038 -4"><span class='ocrx_word' id='word_1_1' title='bbox 205 449 310 510; x_wconf 64' lang='grc' dir='ltr'><strong>τω</strong></span> 
     </span>
    </p>
   </div>
   <div class='ocr_carea' id='block_1_2' title="bbox 200 558 727 629">
    <p class='ocr_par' dir='ltr' id='par_1_2' title="bbox 200 558 727 629">
     <span class='ocr_line' id='line_1_2' title="bbox 200 558 727 629; baseline 0.004 -18"><span class='ocrx_word' id='word_1_2' title='bbox 200 558 437 629; x_wconf 71' lang='grc' dir='ltr'>θηρᾶσαι</span> <span class='ocrx_word' id='word_1_3' title='bbox 488 558 573 611; x_wconf 74' lang='grc' dir='ltr'>διὰ</span> <span class='ocrx_word' id='word_1_4' title='bbox 630 559 727 627; x_wconf 67' lang='grc' dir='ltr'>τῆς</span> 
     </span>
    </p>
   </div>
   <div class='ocr_carea' id='block_1_3' title="bbox 198 650 1762 722">
    <p class='ocr_par' dir='ltr' id='par_1_3' title="bbox 198 650 1762 722">
     <span class='ocr_line' id='line_1_3' title="bbox 198 650 1762 722; baseline -0.003 -18"><span class='ocrx_word' id='word_1_5' title='bbox 198 651 515 713; x_wconf 77' lang='grc' dir='ltr'>ἀκούοντας.</span> <span class='ocrx_word' id='word_1_6' title='bbox 545 650 610 702; x_wconf 93' lang='grc' dir='ltr'>Τί</span> <span class='ocrx_word' id='word_1_7' title='bbox 647 650 774 722; x_wconf 80' lang='grc' dir='ltr'>γὰρ,</span> <span class='ocrx_word' id='word_1_8' title='bbox 800 652 929 720; x_wconf 80' lang='grc' dir='ltr'>φέρε</span> <span class='ocrx_word' id='word_1_9' title='bbox 953 654 1145 716; x_wconf 75' lang='grc' dir='ltr'>εἰπεῖν,</span> <span class='ocrx_word' id='word_1_10' title='bbox 1165 650 1379 720; x_wconf 78' lang='grc' dir='ltr'>ἀληθῶς</span> <span class='ocrx_word' id='word_1_11' title='bbox 1408 651 1580 719; x_wconf 79' lang='grc' dir='ltr'>λέγων</span> <span class='ocrx_word' id='word_1_12' title='bbox 1620 667 1762 701; x_wconf 69' lang='grc' dir='ltr'>στοις</span> 
     </span>
    </p>
   </div>
   <div class='ocr_carea' id='block_1_4' title="bbox 1361 447 2288 511">
    <p class='ocr_par' dir='ltr' id='par_1_4' title="bbox 1361 447 2288 511">
     <span class='ocr_line' id='line_1_4' title="bbox 1361 447 2288 511; baseline 0.002 -5"><span class='ocrx_word' id='word_1_13' title='bbox 1361 447 1789 508; x_wconf 73' lang='lat' dir='ltr'><strong>REFUTATIO</strong></span> <span class='ocrx_word' id='word_1_14' title='bbox 1824 449 2288 511; x_wconf 69' lang='lat' dir='ltr'><strong>MOHAMEDIS.</strong></span> 
     </span>
    </p>
   </div>
   <div class='ocr_carea' id='block_1_5' title="bbox 780 559 1786 633">
    <p class='ocr_par' dir='ltr' id='par_1_5' title="bbox 780 559 1771 630">
     <span class='ocr_line' id='line_1_5' title="bbox 780 559 1771 630; baseline 0 -20"><span class='ocrx_word' id='word_1_15' title='bbox 780 560 1146 630; x_wconf 77' lang='grc' dir='ltr'>προσηγορίας</span> <span class='ocrx_word' id='word_1_16' title='bbox 1202 559 1309 612; x_wconf 83' lang='grc' dir='ltr'><strong>τῶν</strong></span> <span class='ocrx_word' id='word_1_17' title='bbox 1361 560 1590 630; x_wconf 69' lang='grc' dir='ltr'>Γραῳῶν</span> <span class='ocrx_word' id='word_1_18' title='bbox 1649 561 1771 622; x_wconf 71' lang='grc' dir='ltr'>τοὺς</span> 
     </span>
    </p>
   </div>
   <div class='ocr_carea' id='block_1_6' title="bbox 1891 559 3430 633">
    <p class='ocr_par' dir='ltr' id='par_1_6' title="bbox 1891 564 3430 633">
     <span class='ocr_line' id='line_1_6' title="bbox 1891 564 3430 633; baseline 0.008 -20"><span class='ocrx_word' id='word_1_19' title='bbox 1891 577 1976 615; x_wconf 78' lang='grc' dir='ltr'>ιιιε</span> <span class='ocrx_word' id='word_1_20' title='bbox 2005 564 2519 619; x_wconf 74' lang='lat' dir='ltr'><strong>commemoratione</strong></span> <span class='ocrx_word' id='word_1_21' title='bbox 2557 566 2960 633; x_wconf 68' lang='lat' dir='ltr'><strong>Scripturarum</strong></span> <span class='ocrx_word' id='word_1_22' title='bbox 3002 567 3272 623; x_wconf 77' lang='lat' dir='ltr'><strong>studebat.</strong></span> <span class='ocrx_word' id='word_1_23' title='bbox 3297 569 3430 625; x_wconf 79' lang='lat' dir='ltr'><strong>Nam</strong></span> 
     </span>
    </p>
   </div>
   <div class='ocr_carea' id='block_1_7' title="bbox 1868 657 3437 730">
    <p class='ocr_par' dir='ltr' id='par_1_7' title="bbox 1868 657 3437 730">
     <span class='ocr_line' id='line_1_7' title="bbox 1868 657 3437 730; baseline 0.008 -26"><span class='ocrx_word' id='word_1_24' title='bbox 1868 657 2161 721; x_wconf 87' lang='lat' dir='ltr'><strong>quomodo,</strong></span> <span class='ocrx_word' id='word_1_25' title='bbox 2198 670 2318 717; x_wconf 91' lang='lat' dir='ltr'><strong>oro,</strong></span> <span class='ocrx_word' id='word_1_26' title='bbox 2350 657 2459 708; x_wconf 83' lang='lat' dir='ltr'><strong>veri</strong></span> <span class='ocrx_word' id='word_1_27' title='bbox 2506 658 2709 725; x_wconf 79' lang='lat' dir='ltr'><strong>aliquid</strong></span> <span class='ocrx_word' id='word_1_28' title='bbox 2738 658 2959 725; x_wconf 75' lang='lat' dir='ltr'><strong>diceret,</strong></span> <span class='ocrx_word' id='word_1_29' title='bbox 2989 661 3082 728; x_wconf 90' lang='lat' dir='ltr'><strong>qui</strong></span> <span class='ocrx_word' id='word_1_30' title='bbox 3116 676 3176 716; x_wconf 90' lang='lat' dir='ltr'><strong>se</strong></span> <span class='ocrx_word' id='word_1_31' title='bbox 3203 664 3437 730; x_wconf 86' lang='lat' dir='ltr'><strong>sponde-</strong></span> 
     </span>
    </p>
   </div>
   <div class='ocr_carea' id='block_1_8' title="bbox 3329 462 3432 521">
    <p class='ocr_par' dir='ltr' id='par_1_8' title="bbox 3329 462 3432 521">
     <span class='ocr_line' id='line_1_8' title="bbox 3329 462 3432 521; baseline -0.019 0"><span class='ocrx_word' id='word_1_32' title='bbox 3329 462 3432 521; x_wconf 73' lang='lat' dir='ltr'><strong>7m</strong></span> 
     </span>
    </p>
   </div>
   <div class='ocr_carea' id='block_1_9' title="bbox 200 741 1786 822">
    <p class='ocr_par' dir='ltr' id='par_1_9' title="bbox 200 741 1767 812">
     <span class='ocr_line' id='line_1_9' title="bbox 200 741 1767 812; baseline -0.001 -17"><span class='ocrx_word' id='word_1_33' title='bbox 200 746 312 811; x_wconf 78' lang='grc' dir='ltr'>χεῖν</span> <span class='ocrx_word' id='word_1_34' title='bbox 337 744 426 797; x_wconf 76' lang='grc' dir='ltr'><strong>τὸν</strong></span> <span class='ocrx_word' id='word_1_35' title='bbox 461 744 555 796; x_wconf 76' lang='grc' dir='ltr'>τοῦ</span> <span class='ocrx_word' id='word_1_36' title='bbox 587 743 739 811; x_wconf 80' lang='grc' dir='ltr'>φίλου</span> <span class='ocrx_word' id='word_1_37' title='bbox 774 745 937 796; x_wconf 74' lang='grc' dir='ltr'>αὑτοῦ</span> <span class='ocrx_word' id='word_1_38' title='bbox 970 743 1129 811; x_wconf 86' lang='grc' dir='ltr'>λόγον</span> <span class='ocrx_word' id='word_1_39' title='bbox 1170 744 1259 796; x_wconf 73' lang='grc' dir='ltr'>ἐπὶ</span> <span class='ocrx_word' id='word_1_40' title='bbox 1288 742 1575 812; x_wconf 78' lang='grc' dir='ltr'>βεϐαιώσει</span> <span class='ocrx_word' id='word_1_41' title='bbox 1605 741 1767 795; x_wconf 84' lang='grc' dir='ltr'>τινὼν</span> 
     </span>
    </p>
   </div>
   <div class='ocr_carea' id='block_1_10' title="bbox 1891 741 3435 822">
    <p class='ocr_par' dir='ltr' id='par_1_10' title="bbox 1891 746 3435 822">
     <span class='ocr_line' id='line_1_10' title="bbox 1891 746 3435 822; baseline 0.007 -24"><span class='ocrx_word' id='word_1_42' title='bbox 1891 754 1952 798; x_wconf 70' lang='grc' dir='ltr'><strong>ὀἱ</strong></span> <span class='ocrx_word' id='word_1_43' title='bbox 1977 746 2133 801; x_wconf 86' lang='lat' dir='ltr'><strong>amici</strong></span> <span class='ocrx_word' id='word_1_44' title='bbox 2163 747 2485 801; x_wconf 87' lang='lat' dir='ltr'><strong>sententiam</strong></span> <span class='ocrx_word' id='word_1_45' title='bbox 2513 750 2665 817; x_wconf 85' lang='lat' dir='ltr'><strong>sequi</strong></span> <span class='ocrx_word' id='word_1_46' title='bbox 2691 750 2761 804; x_wconf 86' lang='lat' dir='ltr'><strong>ob</strong></span> <span class='ocrx_word' id='word_1_47' title='bbox 2779 750 2853 804; x_wconf 89' lang='lat' dir='ltr'><strong>rei</strong></span> <span class='ocrx_word' id='word_1_48' title='bbox 2879 751 3110 822; x_wconf 82' lang='lat' dir='ltr'><strong>alicujus</strong></span> <span class='ocrx_word' id='word_1_49' title='bbox 3140 754 3435 809; x_wconf 86' lang='lat' dir='ltr'><strong>conﬁrma-</strong></span> 
     </span>
    </p>
   </div>
   <div class='ocr_carea' id='block_1_11' title="bbox 198 833 1786 913">
    <p class='ocr_par' dir='ltr' id='par_1_11' title="bbox 198 833 1767 905">
     <span class='ocr_line' id='line_1_11' title="bbox 198 833 1767 905; baseline -0.001 -20"><span class='ocrx_word' id='word_1_50' title='bbox 198 835 539 903; x_wconf 72' lang='grc' dir='ltr'><strong>πραγμάτων</strong></span> <span class='ocrx_word' id='word_1_51' title='bbox 602 834 987 904; x_wconf 82' lang='grc' dir='ltr'>διηρνημένην,</span> <span class='ocrx_word' id='word_1_52' title='bbox 1052 836 1142 888; x_wconf 71' lang='grc' dir='ltr'>ἐπὶ</span> <span class='ocrx_word' id='word_1_53' title='bbox 1200 834 1344 905; x_wconf 76' lang='grc' dir='ltr'>ἔργῳ</span> <span class='ocrx_word' id='word_1_54' title='bbox 1400 833 1605 887; x_wconf 79' lang='grc' dir='ltr'>τίθεται</span> <span class='ocrx_word' id='word_1_55' title='bbox 1672 834 1767 901; x_wconf 78' lang='grc' dir='ltr'>τὴν</span> 
     </span>
    </p>
   </div>
   <div class='ocr_carea' id='block_1_12' title="bbox 1891 833 3438 913">
    <p class='ocr_par' dir='ltr' id='par_1_12' title="bbox 1896 836 3438 913">
     <span class='ocr_line' id='line_1_12' title="bbox 1896 836 3438 913; baseline 0.008 -26"><span class='ocrx_word' id='word_1_56' title='bbox 1896 836 2096 900; x_wconf 88' lang='lat' dir='ltr'><strong>ionem,</strong></span> <span class='ocrx_word' id='word_1_57' title='bbox 2126 849 2179 891; x_wconf 86' lang='lat' dir='ltr'><strong>et</strong></span> <span class='ocrx_word' id='word_1_58' title='bbox 2208 849 2387 893; x_wconf 88' lang='lat' dir='ltr'><strong>tamen</strong></span> <span class='ocrx_word' id='word_1_59' title='bbox 2416 850 2664 908; x_wconf 75' lang='lat' dir='ltr'><strong>negatam</strong></span> <span class='ocrx_word' id='word_1_60' title='bbox 2698 841 2844 896; x_wconf 89' lang='lat' dir='ltr'><strong>circa</strong></span> <span class='ocrx_word' id='word_1_61' title='bbox 2879 842 2930 895; x_wconf 89' lang='lat' dir='ltr'><strong>id</strong></span> <span class='ocrx_word' id='word_1_62' title='bbox 2973 847 3250 913; x_wconf 77' lang='lat' dir='ltr'><strong>negotium</strong></span> <span class='ocrx_word' id='word_1_63' title='bbox 3290 846 3438 901; x_wconf 90' lang='lat' dir='ltr'><strong>illius</strong></span> 
     </span>
    </p>
   </div>
   <div class='ocr_carea' id='block_1_13' title="bbox 197 923 1766 996">
    <p class='ocr_par' dir='ltr' id='par_1_13' title="bbox 197 923 1766 996">
     <span class='ocr_line' id='line_1_13' title="bbox 197 923 1766 996; baseline -0.001 -18"><span class='ocrx_word' id='word_1_64' title='bbox 197 926 402 978; x_wconf 77' lang='grc' dir='ltr'>ἐκείνου</span> <span class='ocrx_word' id='word_1_65' title='bbox 433 924 643 990; x_wconf 83' lang='grc' dir='ltr'>πίστιν;</span> <span class='ocrx_word' id='word_1_66' title='bbox 670 927 733 981; x_wconf 84' lang='grc' dir='ltr'>Εἰ</span> <span class='ocrx_word' id='word_1_67' title='bbox 762 928 817 979; x_wconf 88' lang='grc' dir='ltr'>δὲ</span> <span class='ocrx_word' id='word_1_68' title='bbox 848 926 940 979; x_wconf 89' lang='grc' dir='ltr'><strong>καί</strong></span> <span class='ocrx_word' id='word_1_69' title='bbox 970 927 1049 989; x_wconf 88' lang='grc' dir='ltr'><strong>τίς</strong></span> <span class='ocrx_word' id='word_1_70' title='bbox 1074 945 1174 979; x_wconf 84' lang='grc' dir='ltr'><strong>που</strong></span> <span class='ocrx_word' id='word_1_71' title='bbox 1198 927 1446 996; x_wconf 75' lang='grc' dir='ltr'>εὑρεθείη</span> <span class='ocrx_word' id='word_1_72' title='bbox 1480 923 1766 989; x_wconf 71' lang='grc' dir='ltr'>τοοιοῖηος,</span> 
     </span>
    </p>
   </div>
   <div class='ocr_carea' id='block_1_14' title="bbox 198 1014 1768 1087">
    <p class='ocr_par' dir='ltr' id='par_1_14' title="bbox 198 1014 1768 1087">
     <span class='ocr_line' id='line_1_14' title="bbox 198 1014 1768 1087; baseline -0.002 -18"><span class='ocrx_word' id='word_1_73' title='bbox 198 1015 302 1069; x_wconf 82' lang='grc' dir='ltr'><strong>ὑπὸ</strong></span> <span class='ocrx_word' id='word_1_74' title='bbox 328 1016 575 1086; x_wconf 82' lang='grc' dir='ltr'><strong>κατάραν</strong></span> <span class='ocrx_word' id='word_1_75' title='bbox 624 1019 760 1080; x_wconf 62' lang='grc' dir='ltr'>ἐστὶ,</span> <span class='ocrx_word' id='word_1_76' title='bbox 804 1017 943 1069; x_wconf 77' lang='grc' dir='ltr'>κατά</span> <span class='ocrx_word' id='word_1_77' title='bbox 995 1019 1093 1085; x_wconf 76' lang='grc' dir='ltr'><strong>τὴν</strong></span> <span class='ocrx_word' id='word_1_78' title='bbox 1134 1017 1395 1087; x_wconf 69' lang='grc' dir='ltr'>Γραφήν·</span> <span class='ocrx_word' id='word_1_79' title='bbox 1444 1014 1589 1068; x_wconf 72' lang='grc' dir='ltr'><strong>Οὐαὶ</strong></span> <span class='ocrx_word' id='word_1_80' title='bbox 1637 1014 1768 1083; x_wconf 73' lang='grc' dir='ltr'>γὰρ,</span> 
     </span>
    </p>
   </div>
   <div class='ocr_carea' id='block_1_15' title="bbox 195 1104 1772 1175">
    <p class='ocr_par' dir='ltr' id='par_1_15' title="bbox 195 1104 1772 1175">
     <span class='ocr_line' id='line_1_15' title="bbox 195 1104 1772 1175; baseline -0.001 -18"><span class='ocrx_word' id='word_1_81' title='bbox 195 1109 382 1175; x_wconf 76' lang='grc' dir='ltr'>φησὶν,</span> <span class='ocrx_word' id='word_1_82' title='bbox 432 1106 755 1174; x_wconf 72' lang='grc' dir='ltr'>ἁμαρτωλῷ</span> <span class='ocrx_word' id='word_1_83' title='bbox 778 1106 876 1160; x_wconf 77' lang='grc' dir='ltr'><strong>ἐπὶ</strong></span> <span class='ocrx_word' id='word_1_84' title='bbox 924 1106 1033 1161; x_wconf 80' lang='grc' dir='ltr'>δύο</span> <span class='ocrx_word' id='word_1_85' title='bbox 1073 1107 1309 1174; x_wconf 71' lang='grc' dir='ltr'>τρίϐους</span> <span class='ocrx_word' id='word_1_86' title='bbox 1362 1104 1772 1173; x_wconf 68' lang='grc' dir='ltr'>πορειιομένῳί</span> 
     </span>
    </p>
   </div>
   <div class='ocr_carea' id='block_1_16' title="bbox 194 1193 1769 1268">
    <p class='ocr_par' dir='ltr' id='par_1_16' title="bbox 194 1193 1769 1268">
     <span class='ocr_line' id='line_1_16' title="bbox 194 1193 1769 1268; baseline 0.002 -21"><span class='ocrx_word' id='word_1_87' title='bbox 194 1196 387 1265; x_wconf 80' lang='grc' dir='ltr'>ὥσπερ</span> <span class='ocrx_word' id='word_1_88' title='bbox 412 1196 476 1267; x_wconf 84' lang='grc' dir='ltr'>δὴ</span> <span class='ocrx_word' id='word_1_89' title='bbox 501 1199 595 1250; x_wconf 70' lang='grc' dir='ltr'><strong>καὶ</strong></span> <span class='ocrx_word' id='word_1_90' title='bbox 619 1193 770 1260; x_wconf 77' lang='grc' dir='ltr'>οὗτος</span> <span class='ocrx_word' id='word_1_91' title='bbox 800 1198 827 1249; x_wconf 86' lang='grc' dir='ltr'><strong>ὁ</strong></span> <span class='ocrx_word' id='word_1_92' title='bbox 858 1198 1045 1268; x_wconf 71' lang='grc' dir='ltr'>ἄφρων</span> <span class='ocrx_word' id='word_1_93' title='bbox 1075 1214 1133 1250; x_wconf 81' lang='grc' dir='ltr'><strong>τε</strong></span> <span class='ocrx_word' id='word_1_94' title='bbox 1164 1199 1256 1250; x_wconf 71' lang='grc' dir='ltr'>καὶ</span> <span class='ocrx_word' id='word_1_95' title='bbox 1280 1198 1646 1267; x_wconf 77' lang='grc' dir='ltr'><strong>ἀπάνθρωπος</strong></span> <span class='ocrx_word' id='word_1_96' title='bbox 1672 1210 1685 1223; x_wconf 91' lang='grc'><strong>·</strong></span> <span class='ocrx_word' id='word_1_97' title='bbox 1719 1198 1769 1250; x_wconf 81' lang='grc' dir='ltr'>οἱ</span> 
     </span>
    </p>
   </div>
   <div class='ocr_carea' id='block_1_17' title="bbox 198 1285 1771 1359">
    <p class='ocr_par' dir='ltr' id='par_1_17' title="bbox 198 1285 1771 1359">
     <span class='ocr_line' id='line_1_17' title="bbox 198 1285 1771 1359; baseline -0.001 -19"><span class='ocrx_word' id='word_1_98' title='bbox 198 1289 297 1357; x_wconf 82' lang='grc' dir='ltr'>μέν</span> <span class='ocrx_word' id='word_1_99' title='bbox 319 1306 482 1356; x_wconf 79' lang='grc' dir='ltr'>φασιν</span> <span class='ocrx_word' id='word_1_100' title='bbox 510 1285 647 1341; x_wconf 77' lang='grc' dir='ltr'>εἷναι</span> <span class='ocrx_word' id='word_1_101' title='bbox 673 1290 764 1341; x_wconf 66' lang='grc' dir='ltr'><strong>τὸν</strong></span> <span class='ocrx_word' id='word_1_102' title='bbox 806 1289 1019 1359; x_wconf 78' lang='grc' dir='ltr'>Ἰσραὴλ</span> <span class='ocrx_word' id='word_1_103' title='bbox 1042 1289 1154 1341; x_wconf 72' lang='grc' dir='ltr'>υἱὸν</span> <span class='ocrx_word' id='word_1_104' title='bbox 1183 1288 1339 1348; x_wconf 72' lang='grc' dir='ltr'>Θεοό.</span> <span class='ocrx_word' id='word_1_105' title='bbox 1372 1289 1420 1339; x_wconf 80' lang='grc' dir='ltr'>οἱ</span> <span class='ocrx_word' id='word_1_106' title='bbox 1447 1287 1501 1340; x_wconf 68' lang='grc' dir='ltr'>δὲ</span> <span class='ocrx_word' id='word_1_107' title='bbox 1532 1287 1619 1339; x_wconf 73' lang='grc' dir='ltr'>τὸν</span> <span class='ocrx_word' id='word_1_108' title='bbox 1643 1288 1771 1357; x_wconf 89' lang='grc' dir='ltr'>Χρι-</span> 
     </span>
    </p>
   </div>
   <div class='ocr_carea' id='block_1_18' title="bbox 197 1376 1772 1451">
    <p class='ocr_par' dir='ltr' id='par_1_18' title="bbox 197 1376 1772 1451">
     <span class='ocr_line' id='line_1_18' title="bbox 197 1376 1772 1451; baseline 0 -20"><span class='ocrx_word' id='word_1_109' title='bbox 197 1380 344 1434; x_wconf 87' lang='grc' dir='ltr'>στόν.</span> <span class='ocrx_word' id='word_1_110' title='bbox 383 1381 448 1433; x_wconf 85' lang='grc' dir='ltr'>Τί</span> <span class='ocrx_word' id='word_1_111' title='bbox 480 1376 573 1433; x_wconf 81' lang='grc' dir='ltr'><strong>οὖν</strong></span> <span class='ocrx_word' id='word_1_112' title='bbox 593 1381 751 1434; x_wconf 78' lang='grc' dir='ltr'>τοῦτο</span> <span class='ocrx_word' id='word_1_113' title='bbox 777 1382 1003 1450; x_wconf 79' lang='grc' dir='ltr'>ἐναργὲς</span> <span class='ocrx_word' id='word_1_114' title='bbox 1036 1384 1255 1451; x_wconf 82' lang='grc' dir='ltr'>σημεῖον</span> <span class='ocrx_word' id='word_1_115' title='bbox 1276 1381 1503 1449; x_wconf 78' lang='grc' dir='ltr'>ψεύδους</span> <span class='ocrx_word' id='word_1_116' title='bbox 1540 1381 1627 1433; x_wconf 76' lang='grc' dir='ltr'>ἀεὶ</span> <span class='ocrx_word' id='word_1_117' title='bbox 1653 1380 1772 1451; x_wconf 86' lang='grc' dir='ltr'>κρί-</span> 
     </span>
    </p>
   </div>
   <div class='ocr_carea' id='block_1_19' title="bbox 194 1471 1773 1545">
    <p class='ocr_par' dir='ltr' id='par_1_19' title="bbox 194 1471 1773 1545">
     <span class='ocr_line' id='line_1_19' title="bbox 194 1471 1773 1545; baseline 0.001 -22"><span class='ocrx_word' id='word_1_118' title='bbox 194 1490 325 1535; x_wconf 84' lang='grc' dir='ltr'>νεις,</span> <span class='ocrx_word' id='word_1_119' title='bbox 370 1473 430 1526; x_wconf 73' lang='grc' dir='ltr'>τὸ</span> <span class='ocrx_word' id='word_1_120' title='bbox 457 1473 730 1544; x_wconf 79' lang='grc' dir='ltr'>διαφόρων</span> <span class='ocrx_word' id='word_1_121' title='bbox 783 1474 1093 1545; x_wconf 79' lang='grc' dir='ltr'><strong>προσώπων</strong></span> <span class='ocrx_word' id='word_1_122' title='bbox 1150 1471 1599 1545; x_wconf 75' lang='grc' dir='ltr'>ἀμφιδαλλόντων</span> <span class='ocrx_word' id='word_1_123' title='bbox 1648 1473 1773 1543; x_wconf 86' lang='grc' dir='ltr'>περί</span> 
     </span>
    </p>
   </div>
   <div class='ocr_carea' id='block_1_20' title="bbox 193 1566 1775 1638">
    <p class='ocr_par' dir='ltr' id='par_1_20' title="bbox 193 1566 1775 1638">
     <span class='ocr_line' id='line_1_20' title="bbox 193 1566 1775 1638; baseline 0.001 -22"><span class='ocrx_word' id='word_1_124' title='bbox 193 1582 339 1626; x_wconf 83' lang='grc' dir='ltr'>τινος</span> <span class='ocrx_word' id='word_1_125' title='bbox 372 1566 445 1637; x_wconf 77' lang='grc' dir='ltr'>μὴ</span> <span class='ocrx_word' id='word_1_126' title='bbox 476 1570 786 1635; x_wconf 71' lang='grc' dir='ltr'><strong>συμφωνεῖν</strong></span> <span class='ocrx_word' id='word_1_127' title='bbox 815 1566 1191 1637; x_wconf 83' lang='grc' dir='ltr'>ἁμφοτὲρους;</span> <span class='ocrx_word' id='word_1_128' title='bbox 1244 1567 1337 1620; x_wconf 75' lang='grc' dir='ltr'><strong>καὶ</strong></span> <span class='ocrx_word' id='word_1_129' title='bbox 1373 1566 1653 1638; x_wconf 81' lang='grc' dir='ltr'>ἀναίρεσιν</span> <span class='ocrx_word' id='word_1_130' title='bbox 1673 1566 1775 1619; x_wconf 86' lang='grc' dir='ltr'>οῐει</span> 
     </span>
    </p>
   </div>
   <div class='ocr_carea' id='block_1_21' title="bbox 193 1658 1776 1728">
    <p class='ocr_par' dir='ltr' id='par_1_21' title="bbox 193 1658 1776 1728">
     <span class='ocr_line' id='line_1_21' title="bbox 193 1658 1776 1728; baseline 0.001 -20"><span class='ocrx_word' id='word_1_131' title='bbox 193 1658 289 1708; x_wconf 79' lang='grc' dir='ltr'><strong>τοῦ</strong></span> <span class='ocrx_word' id='word_1_132' title='bbox 323 1660 646 1727; x_wconf 78' lang='grc' dir='ltr'>πράγματος</span> <span class='ocrx_word' id='word_1_133' title='bbox 687 1658 923 1725; x_wconf 81' lang='grc' dir='ltr'>παντελῆ</span> <span class='ocrx_word' id='word_1_134' title='bbox 950 1658 1193 1726; x_wconf 84' lang='grc' dir='ltr'>γίνεσθαι</span> <span class='ocrx_word' id='word_1_135' title='bbox 1219 1658 1454 1728; x_wconf 78' lang='grc' dir='ltr'><strong>ὁπηνίκα</strong></span> <span class='ocrx_word' id='word_1_136' title='bbox 1481 1659 1621 1721; x_wconf 81' lang='grc' dir='ltr'>τινὲς</span> <span class='ocrx_word' id='word_1_137' title='bbox 1647 1658 1776 1727; x_wconf 75' lang='grc' dir='ltr'>περὶ</span> 
     </span>
    </p>
   </div>
   <div class='ocr_carea' id='block_1_22' title="bbox 194 1748 1777 1821">
    <p class='ocr_par' dir='ltr' id='par_1_22' title="bbox 194 1748 1777 1821">
     <span class='ocr_line' id='line_1_22' title="bbox 194 1748 1777 1821; baseline 0.001 -20"><span class='ocrx_word' id='word_1_138' title='bbox 194 1748 359 1801; x_wconf 83' lang='grc' dir='ltr'>αὐτοῦ</span> <span class='ocrx_word' id='word_1_139' title='bbox 414 1750 704 1819; x_wconf 73' lang='grc' dir='ltr'>διαφόρους</span> <span class='ocrx_word' id='word_1_140' title='bbox 734 1751 897 1820; x_wconf 73' lang='grc' dir='ltr'>ἔχωσι</span> <span class='ocrx_word' id='word_1_141' title='bbox 949 1749 1126 1815; x_wconf 78' lang='grc' dir='ltr'>δόξας,</span> <span class='ocrx_word' id='word_1_142' title='bbox 1180 1749 1275 1803; x_wconf 75' lang='grc' dir='ltr'><strong>καὶ</strong></span> <span class='ocrx_word' id='word_1_143' title='bbox 1312 1752 1377 1820; x_wconf 84' lang='grc' dir='ltr'>τῇ</span> <span class='ocrx_word' id='word_1_144' title='bbox 1432 1749 1537 1802; x_wconf 85' lang='grc' dir='ltr'><strong>τῶν</strong></span> <span class='ocrx_word' id='word_1_145' title='bbox 1573 1751 1777 1821; x_wconf 81' lang='grc' dir='ltr'>ἐτέρων</span> 
     </span>
    </p>
   </div>
   <div class='ocr_carea' id='block_1_23' title="bbox 196 1843 1776 1916">
    <p class='ocr_par' dir='ltr' id='par_1_23' title="bbox 196 1843 1776 1916">
     <span class='ocr_line' id='line_1_23' title="bbox 196 1843 1776 1916; baseline 0.002 -24"><span class='ocrx_word' id='word_1_146' title='bbox 196 1843 382 1912; x_wconf 81' lang='grc' dir='ltr'>μερῶν</span> <span class='ocrx_word' id='word_1_147' title='bbox 409 1843 710 1911; x_wconf 54' lang='lat' dir='ltr'><strong>timeant;</strong></span> <span class='ocrx_word' id='word_1_148' title='bbox 740 1844 772 1913; x_wconf 80' lang='grc' dir='ltr'><strong>ἦ</strong></span> <span class='ocrx_word' id='word_1_149' title='bbox 798 1845 1079 1916; x_wconf 51' lang='grc' dir='ltr'>ονῦδέτερον</span> <span class='ocrx_word' id='word_1_150' title='bbox 1110 1844 1338 1907; x_wconf 77' lang='grc' dir='ltr'>τούτων,</span> <span class='ocrx_word' id='word_1_151' title='bbox 1372 1845 1404 1911; x_wconf 70' lang='grc' dir='ltr'>ἢ</span> <span class='ocrx_word' id='word_1_152' title='bbox 1430 1844 1776 1897; x_wconf 87' lang='grc' dir='ltr'>παντάπασιν</span> 
     </span>
    </p>
   </div>
   <div class='ocr_carea' id='block_1_24' title="bbox 1870 928 3440 1007">
    <p class='ocr_par' dir='ltr' id='par_1_24' title="bbox 1870 928 3440 1007">
     <span class='ocr_line' id='line_1_24' title="bbox 1870 928 3440 1007; baseline 0.008 -26"><span class='ocrx_word' id='word_1_153' title='bbox 1870 928 2028 981; x_wconf 83' lang='lat' dir='ltr'><strong>ﬁdem</strong></span> <span class='ocrx_word' id='word_1_154' title='bbox 2059 932 2306 984; x_wconf 79' lang='lat' dir='ltr'><strong>recitaret</strong></span> <span class='ocrx_word' id='word_1_155' title='bbox 2329 930 2351 983; x_wconf 80' lang='lat'><strong>?</strong></span> <span class='ocrx_word' id='word_1_156' title='bbox 2376 931 2532 996; x_wconf 84' lang='lat' dir='ltr'><strong>Quod</strong></span> <span class='ocrx_word' id='word_1_157' title='bbox 2581 932 2625 985; x_wconf 88' lang='lat' dir='ltr'><strong>si</strong></span> <span class='ocrx_word' id='word_1_158' title='bbox 2657 935 2779 1003; x_wconf 90' lang='lat' dir='ltr'><strong>quis</strong></span> <span class='ocrx_word' id='word_1_159' title='bbox 2816 936 3128 1005; x_wconf 88' lang='lat' dir='ltr'><strong>hujusmodi</strong></span> <span class='ocrx_word' id='word_1_160' title='bbox 3170 942 3440 1007; x_wconf 80' lang='lat' dir='ltr'><strong>reperire-</strong></span> 
     </span>
    </p>
   </div>
   <div class='ocr_carea' id='block_1_25' title="bbox 1874 1020 3437 1094">
    <p class='ocr_par' dir='ltr' id='par_1_25' title="bbox 1874 1020 3437 1094">
     <span class='ocr_line' id='line_1_25' title="bbox 1874 1020 3437 1094; baseline 0.006 -23"><span class='ocrx_word' id='word_1_161' title='bbox 1874 1030 1981 1083; x_wconf 89' lang='lat' dir='ltr'><strong>tur,</strong></span> <span class='ocrx_word' id='word_1_162' title='bbox 2019 1020 2071 1073; x_wconf 90' lang='lat' dir='ltr'><strong>in</strong></span> <span class='ocrx_word' id='word_1_163' title='bbox 2097 1022 2529 1077; x_wconf 88' lang='lat' dir='ltr'><strong>maledictionem</strong></span> <span class='ocrx_word' id='word_1_164' title='bbox 2550 1039 2577 1076; x_wconf 92' lang='lat' dir='ltr'><strong>a</strong></span> <span class='ocrx_word' id='word_1_165' title='bbox 2597 1022 2875 1094; x_wconf 84' lang='lat' dir='ltr'><strong>Scriptura</strong></span> <span class='ocrx_word' id='word_1_166' title='bbox 2897 1028 3126 1082; x_wconf 83' lang='lat' dir='ltr'><strong>edictam</strong></span> <span class='ocrx_word' id='word_1_167' title='bbox 3148 1029 3437 1086; x_wconf 86' lang='lat' dir='ltr'><strong>incideret:</strong></span> 
     </span>
    </p>
   </div>
   <div class='ocr_carea' id='block_1_26' title="bbox 1882 1109 3440 1190">
    <p class='ocr_par' dir='ltr' id='par_1_26' title="bbox 1882 1109 3440 1190">
     <span class='ocr_line' id='line_1_26' title="bbox 1882 1109 3440 1190; baseline 0.009 -27"><span class='ocrx_word' id='word_1_168' title='bbox 1882 1109 1972 1163; x_wconf 74' lang='lat' dir='ltr'><em>Vw</em></span> <span class='ocrx_word' id='word_1_169' title='bbox 1992 1113 2148 1177; x_wconf 82' lang='lat' dir='ltr'><strong>enim,</strong></span> <span class='ocrx_word' id='word_1_170' title='bbox 2176 1113 2372 1183; x_wconf 88' lang='lat' dir='ltr'><strong>inquit,</strong></span> <span class='ocrx_word' id='word_1_171' title='bbox 2393 1116 2656 1180; x_wconf 83' lang='lat' dir='ltr'><strong>peccatori</strong></span> <span class='ocrx_word' id='word_1_172' title='bbox 2672 1117 2971 1185; x_wconf 83' lang='lat' dir='ltr'><strong>quiduplici</strong></span> <span class='ocrx_word' id='word_1_173' title='bbox 2990 1123 3072 1174; x_wconf 86' lang='lat' dir='ltr'><strong>via</strong></span> <span class='ocrx_word' id='word_1_174' title='bbox 3093 1121 3340 1190; x_wconf 83' lang='lat' dir='ltr'><strong>graditur</strong></span> <span class='ocrx_word' id='word_1_175' title='bbox 3358 1125 3401 1155; x_wconf 84' lang='grc'>¹⁸</span> <span class='ocrx_word' id='word_1_176' title='bbox 3427 1142 3440 1178; x_wconf 90' lang='lat'>:</span> 
     </span>
    </p>
   </div>
   <div class='ocr_carea' id='block_1_27' title="bbox 1871 1200 3445 1273">
    <p class='ocr_par' dir='ltr' id='par_1_27' title="bbox 1871 1200 3445 1273">
     <span class='ocr_line' id='line_1_27' title="bbox 1871 1200 3445 1273; baseline 0.009 -19"><span class='ocrx_word' id='word_1_177' title='bbox 1871 1200 2038 1255; x_wconf 71' lang='lat' dir='ltr'><strong>veluti</strong></span> <span class='ocrx_word' id='word_1_178' title='bbox 2088 1219 2277 1273; x_wconf 86' lang='lat' dir='ltr'><strong>reapse</strong></span> <span class='ocrx_word' id='word_1_179' title='bbox 2311 1206 2439 1258; x_wconf 79' lang='lat' dir='ltr'><strong>facit</strong></span> <span class='ocrx_word' id='word_1_180' title='bbox 2494 1206 2579 1259; x_wconf 90' lang='lat' dir='ltr'><strong>hic</strong></span> <span class='ocrx_word' id='word_1_181' title='bbox 2614 1208 2776 1260; x_wconf 90' lang='lat' dir='ltr'><strong>etiam</strong></span> <span class='ocrx_word' id='word_1_182' title='bbox 2815 1224 3049 1265; x_wconf 80' lang='lat' dir='ltr'><strong>vesanus</strong></span> <span class='ocrx_word' id='word_1_183' title='bbox 3094 1222 3148 1266; x_wconf 91' lang='lat' dir='ltr'><strong>et</strong></span> <span class='ocrx_word' id='word_1_184' title='bbox 3187 1213 3445 1267; x_wconf 86' lang='lat' dir='ltr'><strong>inhuma-</strong></span> 
     </span>
    </p>
   </div>
   <div class='ocr_carea' id='block_1_28' title="bbox 1874 1291 3449 1369">
    <p class='ocr_par' dir='ltr' id='par_1_28' title="bbox 1874 1291 3449 1369">
     <span class='ocr_line' id='line_1_28' title="bbox 1874 1291 3449 1369; baseline 0.008 -23"><span class='ocrx_word' id='word_1_185' title='bbox 1874 1291 2180 1350; x_wconf 72' lang='lat' dir='ltr'><strong>nusJudaai</strong></span> <span class='ocrx_word' id='word_1_186' title='bbox 2201 1297 2419 1365; x_wconf 85' lang='lat' dir='ltr'><strong>quidem</strong></span> <span class='ocrx_word' id='word_1_187' title='bbox 2450 1297 2617 1351; x_wconf 91' lang='lat' dir='ltr'><strong>lilium</strong></span> <span class='ocrx_word' id='word_1_188' title='bbox 2644 1297 2735 1352; x_wconf 93' lang='lat' dir='ltr'><strong>Dei</strong></span> <span class='ocrx_word' id='word_1_189' title='bbox 2756 1298 3007 1354; x_wconf 84' lang='lat' dir='ltr'><strong>lsraelem</strong></span> <span class='ocrx_word' id='word_1_190' title='bbox 3027 1302 3251 1369; x_wconf 88' lang='lat' dir='ltr'><strong>dicunt;</strong></span> <span class='ocrx_word' id='word_1_191' title='bbox 3290 1304 3449 1358; x_wconf 81' lang='lat' dir='ltr'><strong>Chri-</strong></span> 
     </span>
    </p>
   </div>
   <div class='ocr_carea' id='block_1_29' title="bbox 1874 1386 3448 1462">
    <p class='ocr_par' dir='ltr' id='par_1_29' title="bbox 1874 1386 3448 1462">
     <span class='ocr_line' id='line_1_29' title="bbox 1874 1386 3448 1462; baseline 0.008 -24"><span class='ocrx_word' id='word_1_192' title='bbox 1874 1386 2035 1439; x_wconf 87' lang='lat' dir='ltr'><strong>stiani</strong></span> <span class='ocrx_word' id='word_1_193' title='bbox 2084 1396 2288 1453; x_wconf 87' lang='lat' dir='ltr'><strong>autem,</strong></span> <span class='ocrx_word' id='word_1_194' title='bbox 2323 1387 2623 1444; x_wconf 87' lang='lat' dir='ltr'><strong>Christum.</strong></span> <span class='ocrx_word' id='word_1_195' title='bbox 2676 1391 2788 1445; x_wconf 88' lang='lat' dir='ltr'><strong>Cur</strong></span> <span class='ocrx_word' id='word_1_196' title='bbox 2827 1401 2883 1445; x_wconf 93' lang='lat' dir='ltr'><strong>tu</strong></span> <span class='ocrx_word' id='word_1_197' title='bbox 2911 1408 3077 1462; x_wconf 87' lang='lat' dir='ltr'><strong>porro</strong></span> <span class='ocrx_word' id='word_1_198' title='bbox 3107 1395 3205 1449; x_wconf 91' lang='lat' dir='ltr'><strong>hoc</strong></span> <span class='ocrx_word' id='word_1_199' title='bbox 3224 1396 3448 1451; x_wconf 80' lang='lat' dir='ltr'><strong>evidens</strong></span> 
     </span>
    </p>
   </div>
   <div class='ocr_carea' id='block_1_30' title="bbox 1875 1482 3449 1556">
    <p class='ocr_par' dir='ltr' id='par_1_30' title="bbox 1875 1482 3449 1556">
     <span class='ocr_line' id='line_1_30' title="bbox 1875 1482 3449 1556; baseline 0.007 -23"><span class='ocrx_word' id='word_1_200' title='bbox 1875 1482 2323 1549; x_wconf 79' lang='lat' dir='ltr'><strong>sempcrjudicas</strong></span> <span class='ocrx_word' id='word_1_201' title='bbox 2376 1483 2645 1537; x_wconf 85' lang='lat' dir='ltr'><strong>mendacii</strong></span> <span class='ocrx_word' id='word_1_202' title='bbox 2705 1484 2986 1551; x_wconf 91' lang='lat' dir='ltr'><strong>indicium,</strong></span> <span class='ocrx_word' id='word_1_203' title='bbox 3040 1488 3169 1556; x_wconf 87' lang='lat' dir='ltr'><strong>quia</strong></span> <span class='ocrx_word' id='word_1_204' title='bbox 3219 1488 3449 1543; x_wconf 70' lang='lat' dir='ltr'><strong>diversa:</strong></span> 
     </span>
    </p>
   </div>
   <div class='ocr_carea' id='block_1_31' title="bbox 1876 1572 3449 1642">
    <p class='ocr_par' dir='ltr' id='par_1_31' title="bbox 1876 1572 3449 1642">
     <span class='ocr_line' id='line_1_31' title="bbox 1876 1572 3449 1642; baseline 0.005 -17"><span class='ocrx_word' id='word_1_205' title='bbox 1876 1584 2121 1640; x_wconf 59' lang='lat' dir='ltr'><strong>personae</strong></span> <span class='ocrx_word' id='word_1_206' title='bbox 2154 1573 2221 1626; x_wconf 89' lang='lat' dir='ltr'><strong>de</strong></span> <span class='ocrx_word' id='word_1_207' title='bbox 2275 1587 2334 1627; x_wconf 91' lang='lat' dir='ltr'><strong>re</strong></span> <span class='ocrx_word' id='word_1_208' title='bbox 2387 1572 2568 1642; x_wconf 85' lang='lat' dir='ltr'><strong>aliqua</strong></span> <span class='ocrx_word' id='word_1_209' title='bbox 2606 1573 2763 1628; x_wconf 83' lang='lat' dir='ltr'><strong>aliter</strong></span> <span class='ocrx_word' id='word_1_210' title='bbox 2795 1577 3109 1642; x_wconf 87' lang='lat' dir='ltr'><strong>sentientes,</strong></span> <span class='ocrx_word' id='word_1_211' title='bbox 3163 1578 3449 1634; x_wconf 85' lang='lat' dir='ltr'><strong>sententiis</strong></span> 
     </span>
    </p>
   </div>
   <div class='ocr_carea' id='block_1_32' title="bbox 1878 1664 3450 1737">
    <p class='ocr_par' dir='ltr' id='par_1_32' title="bbox 1878 1664 3450 1737">
     <span class='ocr_line' id='line_1_32' title="bbox 1878 1664 3450 1737; baseline 0.006 -22"><span class='ocrx_word' id='word_1_212' title='bbox 1878 1678 1984 1715; x_wconf 87' lang='lat' dir='ltr'><strong>non</strong></span> <span class='ocrx_word' id='word_1_213' title='bbox 2042 1664 2397 1732; x_wconf 83' lang='lat' dir='ltr'><strong>conspirant?</strong></span> <span class='ocrx_word' id='word_1_214' title='bbox 2430 1664 2822 1734; x_wconf 78' lang='lat' dir='ltr'><strong>existimasque</strong></span> <span class='ocrx_word' id='word_1_215' title='bbox 2853 1667 3044 1737; x_wconf 89' lang='lat' dir='ltr'><strong>perimi</strong></span> <span class='ocrx_word' id='word_1_216' title='bbox 3077 1671 3299 1725; x_wconf 88' lang='lat' dir='ltr'><strong>omnino</strong></span> <span class='ocrx_word' id='word_1_217' title='bbox 3335 1686 3450 1725; x_wconf 89' lang='lat' dir='ltr'><strong>rem</strong></span> 
     </span>
    </p>
   </div>
   <div class='ocr_carea' id='block_1_33' title="bbox 1878 1751 3452 1821">
    <p class='ocr_par' dir='ltr' id='par_1_33' title="bbox 1878 1751 3452 1821">
     <span class='ocr_line' id='line_1_33' title="bbox 1878 1751 3452 1821; baseline 0.006 -17"><span class='ocrx_word' id='word_1_218' title='bbox 1878 1751 2136 1821; x_wconf 87' lang='lat' dir='ltr'><strong>aliquam,</strong></span> <span class='ocrx_word' id='word_1_219' title='bbox 2169 1753 2216 1807; x_wconf 91' lang='lat' dir='ltr'><strong>si</strong></span> <span class='ocrx_word' id='word_1_220' title='bbox 2248 1752 2388 1806; x_wconf 78' lang='lat' dir='ltr'><strong>forte</strong></span> <span class='ocrx_word' id='word_1_221' title='bbox 2434 1754 2681 1808; x_wconf 89' lang='lat' dir='ltr'><strong>nonnulli</strong></span> <span class='ocrx_word' id='word_1_222' title='bbox 2710 1755 2980 1810; x_wconf 80' lang='lat' dir='ltr'><strong>diversam</strong></span> <span class='ocrx_word' id='word_1_223' title='bbox 3006 1755 3073 1811; x_wconf 92' lang='lat' dir='ltr'><strong>de</strong></span> <span class='ocrx_word' id='word_1_224' title='bbox 3109 1759 3200 1812; x_wconf 89' lang='lat' dir='ltr'><strong>illa</strong></span> <span class='ocrx_word' id='word_1_225' title='bbox 3230 1770 3452 1814; x_wconf 89' lang='lat' dir='ltr'><strong>senten-</strong></span> 
     </span>
    </p>
   </div>
   <div class='ocr_carea' id='block_1_34' title="bbox 1879 1842 3448 1917">
    <p class='ocr_par' dir='ltr' id='par_1_34' title="bbox 1879 1842 3448 1917">
     <span class='ocr_line' id='line_1_34' title="bbox 1879 1842 3448 1917; baseline 0.004 -23"><span class='ocrx_word' id='word_1_226' title='bbox 1879 1843 2010 1895; x_wconf 87' lang='lat' dir='ltr'><strong>tiam</strong></span> <span class='ocrx_word' id='word_1_227' title='bbox 2035 1850 2229 1911; x_wconf 80' lang='lat' dir='ltr'><strong>gerant</strong></span> <span class='ocrx_word' id='word_1_228' title='bbox 2254 1842 2276 1894; x_wconf 93' lang='lat'><strong>?</strong></span> <span class='ocrx_word' id='word_1_229' title='bbox 2304 1842 2371 1896; x_wconf 87' lang='lat' dir='ltr'><strong>Et</strong></span> <span class='ocrx_word' id='word_1_230' title='bbox 2418 1842 2489 1897; x_wconf 83' lang='lat' dir='ltr'><strong>ob</strong></span> <span class='ocrx_word' id='word_1_231' title='bbox 2529 1844 2841 1899; x_wconf 89' lang='lat' dir='ltr'><strong>alterutrius</strong></span> <span class='ocrx_word' id='word_1_232' title='bbox 2873 1846 3042 1913; x_wconf 85' lang='lat' dir='ltr'><strong>partis</strong></span> <span class='ocrx_word' id='word_1_233' title='bbox 3089 1849 3448 1917; x_wconf 77' lang='lat' dir='ltr'><strong>negationem,</strong></span> 
     </span>
    </p>
   </div>
   <div class='ocr_carea' id='block_1_35' title="bbox 193 1927 1786 2010">
    <p class='ocr_par' dir='ltr' id='par_1_35' title="bbox 193 1934 1780 2006">
     <span class='ocr_line' id='line_1_35' title="bbox 193 1934 1780 2006; baseline 0 -19"><span class='ocrx_word' id='word_1_234' title='bbox 193 1937 295 1988; x_wconf 76' lang='grc' dir='ltr'><strong>οὐκ</strong></span> <span class='ocrx_word' id='word_1_235' title='bbox 347 1934 422 1987; x_wconf 83' lang='grc' dir='ltr'>ὣν</span> <span class='ocrx_word' id='word_1_236' title='bbox 453 1935 847 2005; x_wconf 80' lang='grc' dir='ltr'>ἀπελέγχεσοαι</span> <span class='ocrx_word' id='word_1_237' title='bbox 896 1937 1176 2006; x_wconf 74' lang='grc' dir='ltr'>νομίζεις;</span> <span class='ocrx_word' id='word_1_238' title='bbox 1236 1935 1505 2005; x_wconf 74' lang='grc' dir='ltr'><strong>ὑπέρευγέ</strong></span> <span class='ocrx_word' id='word_1_239' title='bbox 1548 1954 1640 1989; x_wconf 89' lang='grc' dir='ltr'><strong>σου</strong></span> <span class='ocrx_word' id='word_1_240' title='bbox 1682 1936 1780 2004; x_wconf 85' lang='grc' dir='ltr'>τῆς</span> 
     </span>
    </p>
   </div>
   <div class='ocr_carea' id='block_1_36' title="bbox 1891 1927 3454 2010">
    <p class='ocr_par' dir='ltr' id='par_1_36' title="bbox 1891 1934 3454 2010">
     <span class='ocr_line' id='line_1_36' title="bbox 1891 1934 3454 2010; baseline 0.006 -25"><span class='ocrx_word' id='word_1_241' title='bbox 1891 1934 1967 1987; x_wconf 71' lang='lat' dir='ltr'><strong>vel</strong></span> <span class='ocrx_word' id='word_1_242' title='bbox 2010 1934 2144 1987; x_wconf 87' lang='lat' dir='ltr'><strong>nihil</strong></span> <span class='ocrx_word' id='word_1_243' title='bbox 2190 1934 2503 2003; x_wconf 89' lang='lat' dir='ltr'><strong>hujusmodi</strong></span> <span class='ocrx_word' id='word_1_244' title='bbox 2566 1945 2731 2001; x_wconf 82' lang='lat' dir='ltr'><strong>stare,</strong></span> <span class='ocrx_word' id='word_1_245' title='bbox 2792 1936 2875 1991; x_wconf 85' lang='lat' dir='ltr'><strong>vel</strong></span> <span class='ocrx_word' id='word_1_246' title='bbox 2930 1938 3153 1992; x_wconf 84' lang='lat' dir='ltr'><strong>omuinu</strong></span> <span class='ocrx_word' id='word_1_247' title='bbox 3212 1956 3454 2010; x_wconf 84' lang='lat' dir='ltr'><strong>unquam</strong></span> 
     </span>
    </p>
   </div>
   <div class='ocr_carea' id='block_1_37' title="bbox 194 2028 1780 2100">
    <p class='ocr_par' dir='ltr' id='par_1_37' title="bbox 194 2028 1780 2100">
     <span class='ocr_line' id='line_1_37' title="bbox 194 2028 1780 2100; baseline -0.002 -19"><span class='ocrx_word' id='word_1_248' title='bbox 194 2028 526 2100; x_wconf 74' lang='grc' dir='ltr'><strong>φιλαλήθους</strong></span> <span class='ocrx_word' id='word_1_249' title='bbox 557 2032 842 2097; x_wconf 79' lang='grc' dir='ltr'>γνώσεως’</span> <span class='ocrx_word' id='word_1_250' title='bbox 875 2030 928 2081; x_wconf 83' lang='grc' dir='ltr'><strong>τί</strong></span> <span class='ocrx_word' id='word_1_251' title='bbox 968 2029 1061 2082; x_wconf 77' lang='grc' dir='ltr'>οὖν</span> <span class='ocrx_word' id='word_1_252' title='bbox 1096 2031 1349 2099; x_wconf 76' lang='grc' dir='ltr'><strong>ποιήσεις</strong></span> <span class='ocrx_word' id='word_1_253' title='bbox 1383 2029 1541 2098; x_wconf 78' lang='grc' dir='ltr'>ἡμῶν</span> <span class='ocrx_word' id='word_1_254' title='bbox 1593 2028 1670 2098; x_wconf 81' lang='grc' dir='ltr'>μὴ</span> <span class='ocrx_word' id='word_1_255' title='bbox 1694 2044 1780 2079; x_wconf 87' lang='grc' dir='ltr'><strong>πι-</strong></span> 
     </span>
    </p>
   </div>
   <div class='ocr_carea' id='block_1_38' title="bbox 195 2116 1779 2191">
    <p class='ocr_par' dir='ltr' id='par_1_38' title="bbox 195 2116 1779 2191">
     <span class='ocr_line' id='line_1_38' title="bbox 195 2116 1779 2191; baseline -0.001 -20"><span class='ocrx_word' id='word_1_256' title='bbox 195 2120 497 2173; x_wconf 78' lang='grc' dir='ltr'>στευόντων</span> <span class='ocrx_word' id='word_1_257' title='bbox 525 2120 603 2189; x_wconf 84' lang='grc' dir='ltr'>τῷ</span> <span class='ocrx_word' id='word_1_258' title='bbox 624 2119 743 2191; x_wconf 83' lang='grc' dir='ltr'>Θεῷ</span> <span class='ocrx_word' id='word_1_259' title='bbox 784 2137 899 2184; x_wconf 90' lang='grc' dir='ltr'>σου,</span> <span class='ocrx_word' id='word_1_260' title='bbox 932 2119 1066 2173; x_wconf 74' lang='grc' dir='ltr'>ἀλλὰ</span> <span class='ocrx_word' id='word_1_261' title='bbox 1097 2120 1175 2190; x_wconf 85' lang='grc' dir='ltr'>τῷ</span> <span class='ocrx_word' id='word_1_262' title='bbox 1208 2119 1325 2189; x_wconf 86' lang='grc' dir='ltr'><strong>Θεῷ</strong></span> <span class='ocrx_word' id='word_1_263' title='bbox 1359 2119 1537 2190; x_wconf 78' lang='grc' dir='ltr'>ἡμῶν,</span> <span class='ocrx_word' id='word_1_264' title='bbox 1565 2120 1658 2171; x_wconf 76' lang='grc' dir='ltr'>καὶ</span> <span class='ocrx_word' id='word_1_265' title='bbox 1687 2116 1779 2169; x_wconf 86' lang='grc' dir='ltr'>σοῦ</span> 
     </span>
    </p>
   </div>
   <div class='ocr_carea' id='block_1_39' title="bbox 193 2209 1782 2283">
    <p class='ocr_par' dir='ltr' id='par_1_39' title="bbox 193 2209 1782 2283">
     <span class='ocr_line' id='line_1_39' title="bbox 193 2209 1782 2283; baseline 0 -21"><span class='ocrx_word' id='word_1_266' title='bbox 193 2212 269 2281; x_wconf 75' lang='grc' dir='ltr'>τῷ</span> <span class='ocrx_word' id='word_1_267' title='bbox 305 2214 651 2283; x_wconf 77' lang='grc' dir='ltr'><strong>νομιζομένῳ</strong></span> <span class='ocrx_word' id='word_1_268' title='bbox 684 2212 802 2282; x_wconf 87' lang='grc' dir='ltr'><strong>Θεῷ</strong></span> <span class='ocrx_word' id='word_1_269' title='bbox 850 2229 941 2266; x_wconf 86' lang='grc' dir='ltr'><strong>σου</strong></span> <span class='ocrx_word' id='word_1_270' title='bbox 977 2212 1346 2277; x_wconf 83' lang='grc' dir='ltr'>πιστεύοντος,</span> <span class='ocrx_word' id='word_1_271' title='bbox 1405 2213 1519 2266; x_wconf 76' lang='grc' dir='ltr'>ἀλλ’</span> <span class='ocrx_word' id='word_1_272' title='bbox 1549 2211 1673 2281; x_wconf 74' lang='grc' dir='ltr'>οὐχὶ</span> <span class='ocrx_word' id='word_1_273' title='bbox 1705 2209 1782 2283; x_wconf 76' lang='grc' dir='ltr'>τῷ</span> 
     </span>
    </p>
   </div>
   <div class='ocr_carea' id='block_1_40' title="bbox 194 2302 1780 2373">
    <p class='ocr_par' dir='ltr' id='par_1_40' title="bbox 194 2302 1780 2373">
     <span class='ocr_line' id='line_1_40' title="bbox 194 2302 1780 2373; baseline 0 -20"><span class='ocrx_word' id='word_1_274' title='bbox 194 2303 313 2372; x_wconf 73' lang='grc' dir='ltr'>θεῷ</span> <span class='ocrx_word' id='word_1_275' title='bbox 346 2303 527 2373; x_wconf 85' lang='grc' dir='ltr'>ήμῶν.</span> <span class='ocrx_word' id='word_1_276' title='bbox 557 2303 680 2357; x_wconf 74' lang='grc' dir='ltr'>εἰπέ</span> <span class='ocrx_word' id='word_1_277' title='bbox 707 2320 722 2367; x_wconf 91' lang='grc'>;</span> <span class='ocrx_word' id='word_1_278' title='bbox 752 2302 853 2355; x_wconf 79' lang='grc' dir='ltr'><strong>Σοῦ</strong></span> <span class='ocrx_word' id='word_1_279' title='bbox 895 2302 1001 2373; x_wconf 83' lang='grc' dir='ltr'><strong>γάρ</strong></span> <span class='ocrx_word' id='word_1_280' title='bbox 1042 2304 1156 2356; x_wconf 75' lang='grc' dir='ltr'>ἐστι</span> <span class='ocrx_word' id='word_1_281' title='bbox 1198 2303 1339 2356; x_wconf 76' lang='grc' dir='ltr'>κατὰ</span> <span class='ocrx_word' id='word_1_282' title='bbox 1365 2303 1454 2354; x_wconf 83' lang='grc' dir='ltr'><strong>τὸν</strong></span> <span class='ocrx_word' id='word_1_283' title='bbox 1496 2302 1780 2371; x_wconf 59' lang='grc' dir='ltr'>προφήτην</span> 
     </span>
    </p>
   </div>
   <div class='ocr_carea' id='block_1_41' title="bbox 194 2393 1780 2464">
    <p class='ocr_par' dir='ltr' id='par_1_41' title="bbox 194 2393 1780 2464">
     <span class='ocr_line' id='line_1_41' title="bbox 194 2393 1780 2464; baseline -0.003 -16"><span class='ocrx_word' id='word_1_284' title='bbox 194 2394 450 2464; x_wconf 67' lang='grc' dir='ltr'>ἀφρόνως</span> <span class='ocrx_word' id='word_1_285' title='bbox 503 2395 699 2456; x_wconf 83' lang='grc' dir='ltr'>είπεῖν,</span> <span class='ocrx_word' id='word_1_286' title='bbox 732 2396 851 2446; x_wconf 78' lang='grc' dir='ltr'><strong>Οὐκ</strong></span> <span class='ocrx_word' id='word_1_287' title='bbox 901 2394 1034 2447; x_wconf 84' lang='grc' dir='ltr'>ἐστι</span> <span class='ocrx_word' id='word_1_288' title='bbox 1075 2394 1255 2457; x_wconf 83' lang='grc' dir='ltr'>Θεός·</span> <span class='ocrx_word' id='word_1_289' title='bbox 1315 2395 1362 2444; x_wconf 81' lang='grc' dir='ltr'>εἰ</span> <span class='ocrx_word' id='word_1_290' title='bbox 1413 2393 1601 2461; x_wconf 71' lang='grc' dir='ltr'>ἕτερος</span> <span class='ocrx_word' id='word_1_291' title='bbox 1651 2393 1780 2461; x_wconf 87' lang='grc' dir='ltr'>παρ’</span> 
     </span>
    </p>
   </div>
   <div class='ocr_carea' id='block_1_42' title="bbox 194 2484 1779 2556">
    <p class='ocr_par' dir='ltr' id='par_1_42' title="bbox 194 2484 1779 2556">
     <span class='ocr_line' id='line_1_42' title="bbox 194 2484 1779 2556; baseline 0 -20"><span class='ocrx_word' id='word_1_292' title='bbox 194 2485 474 2556; x_wconf 74' lang='grc' dir='ltr'><strong>ἑκατέρων</strong></span> <span class='ocrx_word' id='word_1_293' title='bbox 499 2486 653 2550; x_wconf 78' lang='grc' dir='ltr'>Θεὸς,</span> <span class='ocrx_word' id='word_1_294' title='bbox 699 2486 775 2541; x_wconf 83' lang='grc' dir='ltr'>τδε</span> <span class='ocrx_word' id='word_1_295' title='bbox 829 2484 933 2538; x_wconf 81' lang='grc' dir='ltr'>ποῦ</span> <span class='ocrx_word' id='word_1_296' title='bbox 983 2484 1131 2554; x_wconf 78' lang='grc' dir='ltr'>αὑτῷ</span> <span class='ocrx_word' id='word_1_297' title='bbox 1181 2485 1208 2536; x_wconf 87' lang='grc' dir='ltr'><strong>ό</strong></span> <span class='ocrx_word' id='word_1_298' title='bbox 1247 2484 1506 2554; x_wconf 67' lang='grc' dir='ltr'>κραταιὸς</span> <span class='ocrx_word' id='word_1_299' title='bbox 1562 2484 1779 2553; x_wconf 76' lang='grc' dir='ltr'>ἔλεγχος</span> 
     </span>
    </p>
   </div>
   <div class='ocr_carea' id='block_1_43' title="bbox 193 2573 1782 2648">
    <p class='ocr_par' dir='ltr' id='par_1_43' title="bbox 193 2573 1782 2648">
     <span class='ocr_line' id='line_1_43' title="bbox 193 2573 1782 2648; baseline 0.001 -20"><span class='ocrx_word' id='word_1_300' title='bbox 193 2577 358 2630; x_wconf 75' lang='grc' dir='ltr'>αὐτοῦ</span> <span class='ocrx_word' id='word_1_301' title='bbox 389 2578 782 2648; x_wconf 73' lang='grc' dir='ltr'><strong>ιιατέςιτρατιτε⁸</strong></span> <span class='ocrx_word' id='word_1_302' title='bbox 806 2576 1012 2638; x_wconf 88' lang='grc' dir='ltr'>Ὀντως</span> <span class='ocrx_word' id='word_1_303' title='bbox 1032 2573 1378 2643; x_wconf 74' lang='grc' dir='ltr'><strong>ἐπιστρέψει</strong></span> <span class='ocrx_word' id='word_1_304' title='bbox 1411 2578 1443 2629; x_wconf 85' lang='grc' dir='ltr'><strong>ό</strong></span> <span class='ocrx_word' id='word_1_305' title='bbox 1466 2576 1653 2640; x_wconf 79' lang='grc' dir='ltr'>πόνος</span> <span class='ocrx_word' id='word_1_306' title='bbox 1674 2576 1782 2629; x_wconf 79' lang='grc' dir='ltr'><strong>αὐ-</strong></span> 
     </span>
    </p>
   </div>
   <div class='ocr_carea' id='block_1_44' title="bbox 194 2666 1781 2739">
    <p class='ocr_par' dir='ltr' id='par_1_44' title="bbox 194 2666 1781 2739">
     <span class='ocr_line' id='line_1_44' title="bbox 194 2666 1781 2739; baseline -0.001 -19"><span class='ocrx_word' id='word_1_307' title='bbox 194 2670 298 2722; x_wconf 76' lang='grc' dir='ltr'>τοῦ</span> <span class='ocrx_word' id='word_1_308' title='bbox 318 2670 412 2738; x_wconf 80' lang='grc' dir='ltr'><strong>είς</strong></span> <span class='ocrx_word' id='word_1_309' title='bbox 442 2670 720 2739; x_wconf 71' lang='grc' dir='ltr'><strong>κεφαλὴν</strong></span> <span class='ocrx_word' id='word_1_310' title='bbox 748 2667 955 2732; x_wconf 84' lang='grc' dir='ltr'>αὑτοῦ,</span> <span class='ocrx_word' id='word_1_311' title='bbox 988 2666 1087 2720; x_wconf 77' lang='grc' dir='ltr'><em>καὶ</em></span> <span class='ocrx_word' id='word_1_312' title='bbox 1110 2667 1208 2721; x_wconf 77' lang='grc' dir='ltr'><strong>ἐπὶ</strong></span> <span class='ocrx_word' id='word_1_313' title='bbox 1238 2666 1514 2735; x_wconf 71' lang='grc' dir='ltr'>κορυφὴν</span> <span class='ocrx_word' id='word_1_314' title='bbox 1538 2666 1725 2721; x_wconf 84' lang='grc' dir='ltr'>αὐτοῦ</span> <span class='ocrx_word' id='word_1_315' title='bbox 1743 2667 1781 2733; x_wconf 72' lang='grc' dir='ltr'>ἢ</span> 
     </span>
    </p>
   </div>
   <div class='ocr_carea' id='block_1_45' title="bbox 188 2756 1783 2829">
    <p class='ocr_par' dir='ltr' id='par_1_45' title="bbox 188 2756 1783 2829">
     <span class='ocr_line' id='line_1_45' title="bbox 188 2756 1783 2829; baseline -0.004 -14"><span class='ocrx_word' id='word_1_316' title='bbox 188 2761 562 2829; x_wconf 64' lang='grc' dir='ltr'>,ϐλασφημία</span> <span class='ocrx_word' id='word_1_317' title='bbox 582 2758 772 2814; x_wconf 82' lang='grc' dir='ltr'>αὐτοῦ</span> <span class='ocrx_word' id='word_1_318' title='bbox 794 2758 1227 2825; x_wconf 77' lang='grc' dir='ltr'>καταϐήσεται·</span> <span class='ocrx_word' id='word_1_319' title='bbox 1261 2757 1500 2826; x_wconf 78' lang='grc' dir='ltr'><strong>εὐλόγως</strong></span> <span class='ocrx_word' id='word_1_320' title='bbox 1534 2756 1590 2810; x_wconf 80' lang='grc' dir='ltr'>δὲ</span> <span class='ocrx_word' id='word_1_321' title='bbox 1631 2758 1727 2811; x_wconf 75' lang='grc' dir='ltr'>καὶ</span> <span class='ocrx_word' id='word_1_322' title='bbox 1756 2758 1783 2808; x_wconf 89' lang='grc' dir='ltr'><strong>ό</strong></span> 
     </span>
    </p>
   </div>
   <div class='ocr_carea' id='block_1_46' title="bbox 192 2848 1777 2924">
    <p class='ocr_par' dir='ltr' id='par_1_46' title="bbox 192 2848 1777 2924">
     <span class='ocr_line' id='line_1_46' title="bbox 192 2848 1777 2924; baseline -0.004 -16"><span class='ocrx_word' id='word_1_323' title='bbox 192 2856 290 2924; x_wconf 75' lang='grc' dir='ltr'>’τῆς</span> <span class='ocrx_word' id='word_1_324' title='bbox 314 2854 609 2923; x_wconf 71' lang='grc' dir='ltr'>παιδίσκης</span> <span class='ocrx_word' id='word_1_325' title='bbox 634 2852 749 2915; x_wconf 83' lang='grc' dir='ltr'>υίὸς</span> <span class='ocrx_word' id='word_1_326' title='bbox 776 2851 907 2923; x_wconf 82' lang='lat'><strong>(99),</strong></span> <span class='ocrx_word' id='word_1_327' title='bbox 944 2850 1101 2921; x_wconf 70' lang='grc' dir='ltr'>φύσει</span> <span class='ocrx_word' id='word_1_328' title='bbox 1124 2848 1409 2914; x_wconf 80' lang='grc' dir='ltr'>δοῦλος,ἱ’ν’</span> <span class='ocrx_word' id='word_1_329' title='bbox 1426 2849 1597 2911; x_wconf 76' lang='grc' dir='ltr'>οὕτως</span> <span class='ocrx_word' id='word_1_330' title='bbox 1620 2850 1777 2913; x_wconf 76' lang='grc' dir='ltr'>εἴπω,</span> 
     </span>
    </p>
   </div>
   <div class='ocr_carea' id='block_1_47' title="bbox 192 2940 1775 3015">
    <p class='ocr_par' dir='ltr' id='par_1_47' title="bbox 192 2940 1775 3015">
     <span class='ocr_line' id='line_1_47' title="bbox 192 2940 1775 3015; baseline -0.004 -17"><span class='ocrx_word' id='word_1_331' title='bbox 192 2947 504 3015; x_wconf 71' lang='grc' dir='ltr'>τυγχάνων,</span> <span class='ocrx_word' id='word_1_332' title='bbox 534 2945 632 3015; x_wconf 79' lang='grc' dir='ltr'>τὴν</span> <span class='ocrx_word' id='word_1_333' title='bbox 652 2942 746 2997; x_wconf 73' lang='grc' dir='ltr'>τοῦ</span> <span class='ocrx_word' id='word_1_334' title='bbox 777 2942 891 2995; x_wconf 73' lang='grc' dir='ltr'>υἱοῦ</span> <span class='ocrx_word' id='word_1_335' title='bbox 926 2941 1321 3012; x_wconf 81' lang='grc' dir='ltr'>προσηγορίαν,</span> <span class='ocrx_word' id='word_1_336' title='bbox 1352 2940 1471 2994; x_wconf 72' lang='grc' dir='ltr'>οὐδὲ</span> <span class='ocrx_word' id='word_1_337' title='bbox 1502 2940 1643 2993; x_wconf 80' lang='grc' dir='ltr'>κατᾶ</span> <span class='ocrx_word' id='word_1_338' title='bbox 1674 2940 1775 3010; x_wconf 83' lang='grc' dir='ltr'>χά-</span> 
     </span>
    </p>
   </div>
   <div class='ocr_carea' id='block_1_48' title="bbox 194 3032 1781 3108">
    <p class='ocr_par' dir='ltr' id='par_1_48' title="bbox 194 3032 1781 3108">
     <span class='ocr_line' id='line_1_48' title="bbox 194 3032 1781 3108; baseline -0.003 -19"><span class='ocrx_word' id='word_1_339' title='bbox 194 3054 278 3108; x_wconf 87' lang='grc' dir='ltr'><strong>ριν</strong></span> <span class='ocrx_word' id='word_1_340' title='bbox 303 3038 449 3090; x_wconf 79' lang='grc' dir='ltr'>κατὰ</span> <span class='ocrx_word' id='word_1_341' title='bbox 470 3037 563 3089; x_wconf 75' lang='grc' dir='ltr'><strong>τὸν</strong></span> <span class='ocrx_word' id='word_1_342' title='bbox 598 3032 815 3106; x_wconf 64' lang='grc' dir='ltr'>Ἰσραὴλ</span> <span class='ocrx_word' id='word_1_343' title='bbox 845 3033 1216 3105; x_wconf 72' lang='grc' dir='ltr'><strong>φαντασθῆναι</strong></span> <span class='ocrx_word' id='word_1_344' title='bbox 1249 3034 1422 3103; x_wconf 74' lang='grc' dir='ltr'>ἰσχύει</span> <span class='ocrx_word' id='word_1_345' title='bbox 1447 3050 1459 3063; x_wconf 92' lang='grc'><strong>·</strong></span> <span class='ocrx_word' id='word_1_346' title='bbox 1489 3033 1781 3103; x_wconf 79' lang='grc' dir='ltr'>δουλοπρε-</span> 
     </span>
    </p>
   </div>
   <div class='ocr_carea' id='block_1_49' title="bbox 193 3125 1784 3198">
    <p class='ocr_par' dir='ltr' id='par_1_49' title="bbox 193 3125 1784 3198">
     <span class='ocr_line' id='line_1_49' title="bbox 193 3125 1784 3198; baseline -0.001 -18"><span class='ocrx_word' id='word_1_347' title='bbox 193 3128 310 3191; x_wconf 82' lang='grc' dir='ltr'>πῶς</span> <span class='ocrx_word' id='word_1_348' title='bbox 334 3129 730 3198; x_wconf 77' lang='grc' dir='ltr'>ἁνηνεγμένος,</span> <span class='ocrx_word' id='word_1_349' title='bbox 748 3127 842 3185; x_wconf 70' lang='grc' dir='ltr'><strong>καὶ</strong></span> <span class='ocrx_word' id='word_1_350' title='bbox 878 3125 1259 3197; x_wconf 85' lang='grc' dir='ltr'>δουλοπρεπῶς</span> <span class='ocrx_word' id='word_1_351' title='bbox 1285 3127 1656 3195; x_wconf 79' lang='grc' dir='ltr'><strong>μεμυημένος,</strong></span> <span class='ocrx_word' id='word_1_352' title='bbox 1690 3127 1784 3179; x_wconf 85' lang='grc' dir='ltr'><strong>καί</strong></span> 
     </span>
    </p>
   </div>
   <div class='ocr_carea' id='block_1_50' title="bbox 190 3218 786 3275">
    <p class='ocr_par' dir='ltr' id='par_1_50' title="bbox 190 3218 786 3275">
     <span class='ocr_line' id='line_1_50' title="bbox 190 3218 786 3275; baseline 0 -3"><span class='ocrx_word' id='word_1_353' title='bbox 190 3221 389 3275; x_wconf 81' lang='grc' dir='ltr'>τούτου</span> <span class='ocrx_word' id='word_1_354' title='bbox 423 3219 585 3273; x_wconf 81' lang='grc' dir='ltr'>πλέον</span> <span class='ocrx_word' id='word_1_355' title='bbox 616 3218 786 3272; x_wconf 78' lang='grc' dir='ltr'>οὐδέν.</span> 
     </span>
    </p>
   </div>
   <div class='ocr_carea' id='block_1_51' title="bbox 1882 2021 3457 2092">
    <p class='ocr_par' dir='ltr' id='par_1_51' title="bbox 1882 2021 3457 2092">
     <span class='ocr_line' id='line_1_51' title="bbox 1882 2021 3457 2092; baseline 0.006 -16"><span class='ocrx_word' id='word_1_356' title='bbox 1882 2023 2159 2077; x_wconf 71' lang='lat' dir='ltr'><strong>exstitisse</strong></span> <span class='ocrx_word' id='word_1_357' title='bbox 2197 2023 2447 2092; x_wconf 82' lang='lat' dir='ltr'><strong>judicas?</strong></span> <span class='ocrx_word' id='word_1_358' title='bbox 2471 2021 2643 2080; x_wconf 80' lang='lat' dir='ltr'><strong>Macte</strong></span> <span class='ocrx_word' id='word_1_359' title='bbox 2665 2025 2767 2079; x_wconf 90' lang='lat' dir='ltr'><strong>ista</strong></span> <span class='ocrx_word' id='word_1_360' title='bbox 2798 2027 3044 2083; x_wconf 83' lang='lat' dir='ltr'><strong>veritatis</strong></span> <span class='ocrx_word' id='word_1_361' title='bbox 3070 2030 3245 2085; x_wconf 90' lang='lat' dir='ltr'><strong>amica</strong></span> <span class='ocrx_word' id='word_1_362' title='bbox 3275 2041 3457 2085; x_wconf 87' lang='lat' dir='ltr'><strong>mente</strong></span> 
     </span>
    </p>
   </div>
   <div class='ocr_carea' id='block_1_52' title="bbox 1882 2114 3455 2186">
    <p class='ocr_par' dir='ltr' id='par_1_52' title="bbox 1882 2114 3455 2186">
     <span class='ocr_line' id='line_1_52' title="bbox 1882 2114 3455 2186; baseline 0.005 -17"><span class='ocrx_word' id='word_1_363' title='bbox 1882 2123 1975 2170; x_wconf 88' lang='lat' dir='ltr'><strong>tua</strong></span> <span class='ocrx_word' id='word_1_364' title='bbox 2008 2117 2020 2170; x_wconf 81' lang='grc' dir='ltr'><strong>ι</strong></span> <span class='ocrx_word' id='word_1_365' title='bbox 2057 2114 2197 2183; x_wconf 84' lang='lat' dir='ltr'><strong>Quid</strong></span> <span class='ocrx_word' id='word_1_366' title='bbox 2224 2131 2352 2186; x_wconf 80' lang='lat' dir='ltr'><strong>ergo</strong></span> <span class='ocrx_word' id='word_1_367' title='bbox 2393 2114 2582 2181; x_wconf 82' lang='lat' dir='ltr'><strong>facies,</strong></span> <span class='ocrx_word' id='word_1_368' title='bbox 2633 2119 2794 2174; x_wconf 88' lang='lat' dir='ltr'><strong>nobis</strong></span> <span class='ocrx_word' id='word_1_369' title='bbox 2828 2134 2932 2173; x_wconf 91' lang='lat' dir='ltr'><strong>non</strong></span> <span class='ocrx_word' id='word_1_370' title='bbox 2974 2121 3319 2185; x_wconf 84' lang='lat' dir='ltr'><strong>credentibus</strong></span> <span class='ocrx_word' id='word_1_371' title='bbox 3347 2123 3455 2177; x_wconf 90' lang='lat' dir='ltr'><strong>Deo</strong></span> 
     </span>
    </p>
   </div>
   <div class='ocr_carea' id='block_1_53' title="bbox 1884 2209 3455 2280">
    <p class='ocr_par' dir='ltr' id='par_1_53' title="bbox 1884 2209 3455 2280">
     <span class='ocr_line' id='line_1_53' title="bbox 1884 2209 3455 2280; baseline 0.005 -19"><span class='ocrx_word' id='word_1_372' title='bbox 1884 2217 1996 2273; x_wconf 92' lang='lat' dir='ltr'><strong>tuo,</strong></span> <span class='ocrx_word' id='word_1_373' title='bbox 2024 2211 2118 2264; x_wconf 86' lang='lat' dir='ltr'><strong>sed</strong></span> <span class='ocrx_word' id='word_1_374' title='bbox 2143 2209 2376 2264; x_wconf 85' lang='lat' dir='ltr'><strong>nostro?</strong></span> <span class='ocrx_word' id='word_1_375' title='bbox 2418 2217 2470 2263; x_wconf 90' lang='lat' dir='ltr'><strong>te</strong></span> <span class='ocrx_word' id='word_1_376' title='bbox 2493 2218 2673 2264; x_wconf 89' lang='lat' dir='ltr'><strong>autem</strong></span> <span class='ocrx_word' id='word_1_377' title='bbox 2700 2218 2889 2280; x_wconf 89' lang='lat' dir='ltr'><strong>putato</strong></span> <span class='ocrx_word' id='word_1_378' title='bbox 2917 2221 3012 2267; x_wconf 91' lang='lat' dir='ltr'><strong>tuo</strong></span> <span class='ocrx_word' id='word_1_379' title='bbox 3043 2211 3153 2268; x_wconf 88' lang='lat' dir='ltr'><strong>Deo</strong></span> <span class='ocrx_word' id='word_1_380' title='bbox 3179 2215 3455 2279; x_wconf 87' lang='lat' dir='ltr'><strong>credente,</strong></span> 
     </span>
    </p>
   </div>
   <div class='ocr_carea' id='block_1_54' title="bbox 1882 2300 3459 2377">
    <p class='ocr_par' dir='ltr' id='par_1_54' title="bbox 1882 2300 3459 2377">
     <span class='ocr_line' id='line_1_54' title="bbox 1882 2300 3459 2377; baseline 0.004 -23"><span class='ocrx_word' id='word_1_381' title='bbox 1882 2316 1989 2354; x_wconf 81' lang='lat' dir='ltr'><strong>nun</strong></span> <span class='ocrx_word' id='word_1_382' title='bbox 2023 2311 2203 2355; x_wconf 89' lang='lat' dir='ltr'><strong>autem</strong></span> <span class='ocrx_word' id='word_1_383' title='bbox 2228 2302 2449 2357; x_wconf 89' lang='lat' dir='ltr'><strong>nostro?</strong></span> <span class='ocrx_word' id='word_1_384' title='bbox 2481 2302 2592 2367; x_wconf 86' lang='lat' dir='ltr'><strong>Dic,</strong></span> <span class='ocrx_word' id='word_1_385' title='bbox 2617 2303 2798 2358; x_wconf 85' lang='lat' dir='ltr'><strong>sodes.</strong></span> <span class='ocrx_word' id='word_1_386' title='bbox 2826 2300 3085 2374; x_wconf 89' lang='lat' dir='ltr'><strong>Superest</strong></span> <span class='ocrx_word' id='word_1_387' title='bbox 3106 2307 3221 2371; x_wconf 89' lang='lat' dir='ltr'><strong>tibi,</strong></span> <span class='ocrx_word' id='word_1_388' title='bbox 3253 2316 3311 2361; x_wconf 92' lang='lat' dir='ltr'><strong>ut</strong></span> <span class='ocrx_word' id='word_1_389' title='bbox 3330 2322 3459 2377; x_wconf 88' lang='lat' dir='ltr'><strong>pro-</strong></span> 
     </span>
    </p>
   </div>
   <div class='ocr_carea' id='block_1_55' title="bbox 1881 2392 3455 2468">
    <p class='ocr_par' dir='ltr' id='par_1_55' title="bbox 1881 2392 3455 2468">
     <span class='ocr_line' id='line_1_55' title="bbox 1881 2392 3455 2468; baseline 0.006 -23"><span class='ocrx_word' id='word_1_390' title='bbox 1881 2394 2057 2463; x_wconf 63' lang='lat' dir='ltr'><strong>phetae</strong></span> <span class='ocrx_word' id='word_1_391' title='bbox 2087 2393 2269 2448; x_wconf 76' lang='lat' dir='ltr'><strong>verbis</strong></span> <span class='ocrx_word' id='word_1_392' title='bbox 2298 2392 2448 2450; x_wconf 90' lang='lat' dir='ltr'><strong>dicas</strong></span> <span class='ocrx_word' id='word_1_393' title='bbox 2484 2412 2497 2447; x_wconf 87' lang='lat'><strong>:</strong></span> <span class='ocrx_word' id='word_1_394' title='bbox 2524 2393 2649 2447; x_wconf 82' lang='lat' dir='ltr'><strong>Non</strong></span> <span class='ocrx_word' id='word_1_395' title='bbox 2686 2404 2761 2450; x_wconf 83' lang='lat' dir='ltr'><strong>est</strong></span> <span class='ocrx_word' id='word_1_396' title='bbox 2806 2396 2947 2452; x_wconf 82' lang='lat' dir='ltr'><strong>Deus</strong></span> <span class='ocrx_word' id='word_1_397' title='bbox 2978 2397 3044 2462; x_wconf 84' lang='lat'><strong>“,</strong></span> <span class='ocrx_word' id='word_1_398' title='bbox 3078 2399 3339 2468; x_wconf 84' lang='lat' dir='ltr'><strong>quoniam</strong></span> <span class='ocrx_word' id='word_1_399' title='bbox 3369 2400 3455 2454; x_wconf 87' lang='lat' dir='ltr'><strong>di-</strong></span> 
     </span>
    </p>
   </div>
   <div class='ocr_carea' id='block_1_56' title="bbox 1885 2484 3458 2559">
    <p class='ocr_par' dir='ltr' id='par_1_56' title="bbox 1885 2484 3458 2559">
     <span class='ocr_line' id='line_1_56' title="bbox 1885 2484 3458 2559; baseline 0.003 -20"><span class='ocrx_word' id='word_1_400' title='bbox 1885 2500 2078 2540; x_wconf 81' lang='lat' dir='ltr'><strong>versus</strong></span> <span class='ocrx_word' id='word_1_401' title='bbox 2103 2494 2188 2539; x_wconf 88' lang='lat' dir='ltr'><strong>est</strong></span> <span class='ocrx_word' id='word_1_402' title='bbox 2218 2484 2361 2554; x_wconf 86' lang='lat' dir='ltr'><strong>apud</strong></span> <span class='ocrx_word' id='word_1_403' title='bbox 2415 2486 2607 2541; x_wconf 87' lang='lat' dir='ltr'><strong>ambos</strong></span> <span class='ocrx_word' id='word_1_404' title='bbox 2662 2485 2829 2542; x_wconf 87' lang='lat' dir='ltr'><strong>Deus.</strong></span> <span class='ocrx_word' id='word_1_405' title='bbox 2859 2485 3025 2543; x_wconf 76' lang='lat' dir='ltr'><strong>Vid‘es</strong></span> <span class='ocrx_word' id='word_1_406' title='bbox 3054 2504 3165 2559; x_wconf 92' lang='lat' dir='ltr'><strong>quo</strong></span> <span class='ocrx_word' id='word_1_407' title='bbox 3221 2490 3458 2546; x_wconf 84' lang='lat' dir='ltr'><strong>validum</strong></span> 
     </span>
    </p>
   </div>
   <div class='ocr_carea' id='block_1_57' title="bbox 1883 2576 3463 2647">
    <p class='ocr_par' dir='ltr' id='par_1_57' title="bbox 1883 2576 3463 2647">
     <span class='ocr_line' id='line_1_57' title="bbox 1883 2576 3463 2647; baseline 0.006 -18"><span class='ocrx_word' id='word_1_408' title='bbox 1883 2576 2006 2645; x_wconf 88' lang='lat' dir='ltr'><strong>ejus</strong></span> <span class='ocrx_word' id='word_1_409' title='bbox 2028 2584 2414 2644; x_wconf 83' lang='lat' dir='ltr'><strong>argumentum</strong></span> <span class='ocrx_word' id='word_1_410' title='bbox 2454 2584 2710 2647; x_wconf 87' lang='lat' dir='ltr'><strong>tanquam</strong></span> <span class='ocrx_word' id='word_1_411' title='bbox 2763 2576 2971 2634; x_wconf 72' lang='lat' dir='ltr'><strong>fulmen</strong></span> <span class='ocrx_word' id='word_1_412' title='bbox 3002 2580 3285 2637; x_wconf 74' lang='lat' dir='ltr'><strong>deciderit.</strong></span> <span class='ocrx_word' id='word_1_413' title='bbox 3322 2580 3463 2638; x_wconf 81' lang='lat' dir='ltr'><strong>Vere</strong></span> 
     </span>
    </p>
   </div>
   <div class='ocr_carea' id='block_1_58' title="bbox 1886 2666 3461 2737">
    <p class='ocr_par' dir='ltr' id='par_1_58' title="bbox 1886 2666 3461 2737">
     <span class='ocr_line' id='line_1_58' title="bbox 1886 2666 3461 2737; baseline 0.004 -18"><span class='ocrx_word' id='word_1_414' title='bbox 1886 2678 2209 2721; x_wconf 83' lang='lat' dir='ltr'><strong>convertetur</strong></span> <span class='ocrx_word' id='word_1_415' title='bbox 2231 2667 2379 2721; x_wconf 87' lang='lat' dir='ltr'><strong>labor</strong></span> <span class='ocrx_word' id='word_1_416' title='bbox 2425 2666 2538 2735; x_wconf 76' lang='lat' dir='ltr'><strong>ejus</strong></span> <span class='ocrx_word' id='word_1_417' title='bbox 2561 2668 2615 2721; x_wconf 86' lang='lat' dir='ltr'><strong>in</strong></span> <span class='ocrx_word' id='word_1_418' title='bbox 2649 2678 2808 2737; x_wconf 85' lang='lat' dir='ltr'><strong>caput</strong></span> <span class='ocrx_word' id='word_1_419' title='bbox 2841 2671 3097 2734; x_wconf 79' lang='lat' dir='ltr'><strong>eiusdem,</strong></span> <span class='ocrx_word' id='word_1_420' title='bbox 3127 2682 3174 2725; x_wconf 86' lang='lat' dir='ltr'><strong>et</strong></span> <span class='ocrx_word' id='word_1_421' title='bbox 3206 2672 3263 2725; x_wconf 86' lang='lat' dir='ltr'><strong>in</strong></span> <span class='ocrx_word' id='word_1_422' title='bbox 3297 2674 3461 2727; x_wconf 74' lang='lat' dir='ltr'><strong>uerti-</strong></span> 
     </span>
    </p>
   </div>
   <div class='ocr_carea' id='block_1_59' title="bbox 1886 2757 3462 2828">
    <p class='ocr_par' dir='ltr' id='par_1_59' title="bbox 1886 2757 3462 2828">
     <span class='ocr_line' id='line_1_59' title="bbox 1886 2757 3462 2828; baseline 0.006 -18"><span class='ocrx_word' id='word_1_423' title='bbox 1886 2775 1994 2812; x_wconf 85' lang='lat' dir='ltr'><strong>cem</strong></span> <span class='ocrx_word' id='word_1_424' title='bbox 2017 2759 2181 2828; x_wconf 77' lang='lat' dir='ltr'><strong>ipsius</strong></span> <span class='ocrx_word' id='word_1_425' title='bbox 2211 2757 2538 2828; x_wconf 75' lang='lat' dir='ltr'><strong>blasphemia</strong></span> <span class='ocrx_word' id='word_1_426' title='bbox 2574 2760 2788 2828; x_wconf 86' lang='lat' dir='ltr'><strong>propria</strong></span> <span class='ocrx_word' id='word_1_427' title='bbox 2807 2762 3080 2815; x_wconf 73' lang='lat' dir='ltr'><strong>descendet</strong></span> <span class='ocrx_word' id='word_1_428' title='bbox 3104 2764 3169 2815; x_wconf 82' lang='lat'><strong>”.</strong></span> <span class='ocrx_word' id='word_1_429' title='bbox 3199 2763 3462 2819; x_wconf 60' lang='lat' dir='ltr'><strong>Praeclare</strong></span> 
     </span>
    </p>
   </div>
   <div class='ocr_carea' id='block_1_60' title="bbox 1888 2850 3459 2921">
    <p class='ocr_par' dir='ltr' id='par_1_60' title="bbox 1888 2850 3459 2921">
     <span class='ocr_line' id='line_1_60' title="bbox 1888 2850 3459 2921; baseline 0.006 -19"><span class='ocrx_word' id='word_1_430' title='bbox 1888 2850 2108 2903; x_wconf 68' lang='lat' dir='ltr'><strong>famulae</strong></span> <span class='ocrx_word' id='word_1_431' title='bbox 2177 2850 2357 2915; x_wconf 87' lang='lat' dir='ltr'><strong>ﬁlius,</strong></span> <span class='ocrx_word' id='word_1_432' title='bbox 2410 2851 2731 2905; x_wconf 88' lang='lat' dir='ltr'><strong>naturaliter</strong></span> <span class='ocrx_word' id='word_1_433' title='bbox 2775 2861 2835 2906; x_wconf 83' lang='lat' dir='ltr'><strong>ut</strong></span> <span class='ocrx_word' id='word_1_434' title='bbox 2882 2854 2954 2907; x_wconf 85' lang='lat' dir='ltr'><strong>ita</strong></span> <span class='ocrx_word' id='word_1_435' title='bbox 2995 2852 3175 2908; x_wconf 90' lang='lat' dir='ltr'><strong>dicam</strong></span> <span class='ocrx_word' id='word_1_436' title='bbox 3227 2870 3459 2921; x_wconf 82' lang='lat' dir='ltr'><strong>servus,</strong></span> 
     </span>
    </p>
   </div>
   <div class='ocr_carea' id='block_1_61' title="bbox 1887 2941 3464 3017">
    <p class='ocr_par' dir='ltr' id='par_1_61' title="bbox 1887 2941 3464 3017">
     <span class='ocr_line' id='line_1_61' title="bbox 1887 2941 3464 3017; baseline 0.004 -22"><span class='ocrx_word' id='word_1_437' title='bbox 1887 2941 1984 2995; x_wconf 92' lang='lat' dir='ltr'><strong>ﬁlii</strong></span> <span class='ocrx_word' id='word_1_438' title='bbox 2029 2943 2446 3011; x_wconf 87' lang='lat' dir='ltr'><strong>appellationem</strong></span> <span class='ocrx_word' id='word_1_439' title='bbox 2515 2957 2583 2998; x_wconf 89' lang='lat' dir='ltr'><strong>ne</strong></span> <span class='ocrx_word' id='word_1_440' title='bbox 2627 2944 2924 2999; x_wconf 87' lang='lat' dir='ltr'><strong>secundum</strong></span> <span class='ocrx_word' id='word_1_441' title='bbox 2970 2948 3196 3014; x_wconf 78' lang='lat' dir='ltr'><strong>gratiam</strong></span> <span class='ocrx_word' id='word_1_442' title='bbox 3242 2948 3464 3017; x_wconf 87' lang='lat' dir='ltr'><strong>quidem</strong></span> 
     </span>
    </p>
   </div>
   <div class='ocr_carea' id='block_1_62' title="bbox 1890 3033 3462 3107">
    <p class='ocr_par' dir='ltr' id='par_1_62' title="bbox 1890 3033 3462 3107">
     <span class='ocr_line' id='line_1_62' title="bbox 1890 3033 3462 3107; baseline 0.006 -22"><span class='ocrx_word' id='word_1_443' title='bbox 1890 3033 2176 3103; x_wconf 80' lang='lat' dir='ltr'><strong>imaginari</strong></span> <span class='ocrx_word' id='word_1_444' title='bbox 2211 3036 2372 3100; x_wconf 83' lang='lat' dir='ltr'><strong>valet,</strong></span> <span class='ocrx_word' id='word_1_445' title='bbox 2409 3050 2534 3089; x_wconf 92' lang='lat' dir='ltr'><strong>cum</strong></span> <span class='ocrx_word' id='word_1_446' title='bbox 2572 3036 2687 3104; x_wconf 89' lang='lat' dir='ltr'><strong>ipse</strong></span> <span class='ocrx_word' id='word_1_447' title='bbox 2726 3037 2995 3090; x_wconf 78' lang='lat' dir='ltr'><strong>serviliter</strong></span> <span class='ocrx_word' id='word_1_448' title='bbox 3026 3038 3099 3092; x_wconf 89' lang='lat' dir='ltr'><strong>sit</strong></span> <span class='ocrx_word' id='word_1_449' title='bbox 3132 3048 3313 3107; x_wconf 88' lang='lat' dir='ltr'><strong>natus,</strong></span> <span class='ocrx_word' id='word_1_450' title='bbox 3344 3054 3462 3095; x_wconf 85' lang='lat' dir='ltr'><strong>ser-</strong></span> 
     </span>
    </p>
   </div>
   <div class='ocr_carea' id='block_1_63' title="bbox 1892 3126 3117 3199">
    <p class='ocr_par' dir='ltr' id='par_1_63' title="bbox 1892 3126 3117 3199">
     <span class='ocr_line' id='line_1_63' title="bbox 1892 3126 3117 3199; baseline 0.005 -19"><span class='ocrx_word' id='word_1_451' title='bbox 1892 3126 2077 3181; x_wconf 80' lang='lat' dir='ltr'><strong>viliter</strong></span> <span class='ocrx_word' id='word_1_452' title='bbox 2106 3126 2280 3183; x_wconf 87' lang='lat' dir='ltr'><strong>sacris</strong></span> <span class='ocrx_word' id='word_1_453' title='bbox 2316 3128 2582 3192; x_wconf 91' lang='lat' dir='ltr'><strong>initiatus,</strong></span> <span class='ocrx_word' id='word_1_454' title='bbox 2612 3136 2665 3183; x_wconf 88' lang='lat' dir='ltr'><strong>et</strong></span> <span class='ocrx_word' id='word_1_455' title='bbox 2695 3128 2830 3182; x_wconf 86' lang='lat' dir='ltr'><strong>nihil</strong></span> <span class='ocrx_word' id='word_1_456' title='bbox 2861 3128 3117 3199; x_wconf 88' lang='lat' dir='ltr'><strong>amplius.</strong></span> 
     </span>
    </p>
   </div>
   <div class='ocr_carea' id='block_1_64' title="bbox 261 3276 1786 3382">
    <p class='ocr_par' dir='ltr' id='par_1_64' title="bbox 261 3306 1777 3382">
     <span class='ocr_line' id='line_1_64' title="bbox 261 3306 1777 3382; baseline -0.003 -18"><span class='ocrx_word' id='word_1_457' title='bbox 261 3309 365 3377; x_wconf 82' lang='grc' dir='ltr'><strong>ξγ’.</strong></span> <span class='ocrx_word' id='word_1_458' title='bbox 414 3306 639 3382; x_wconf 71' lang='grc' dir='ltr'>Ἐφεξῆς</span> <span class='ocrx_word' id='word_1_459' title='bbox 662 3309 717 3361; x_wconf 81' lang='grc' dir='ltr'>δὲ</span> <span class='ocrx_word' id='word_1_460' title='bbox 740 3309 800 3362; x_wconf 68' lang='grc' dir='ltr'>τὸ</span> <span class='ocrx_word' id='word_1_461' title='bbox 828 3325 893 3360; x_wconf 87' lang='grc' dir='ltr'><strong>πε</strong></span> <span class='ocrx_word' id='word_1_462' title='bbox 902 3309 955 3378; x_wconf 59' lang='lat' dir='ltr'><strong>pl.</strong></span> <span class='ocrx_word' id='word_1_463' title='bbox 979 3308 1070 3362; x_wconf 77' lang='grc' dir='ltr'><strong>τὸν</strong></span> <span class='ocrx_word' id='word_1_464' title='bbox 1105 3308 1469 3377; x_wconf 81' lang='grc' dir='ltr'>’Λντίχριστον</span> <span class='ocrx_word' id='word_1_465' title='bbox 1490 3307 1777 3378; x_wconf 78' lang='grc' dir='ltr'>εἰρημένον</span> 
     </span>
    </p>
   </div>
   <div class='ocr_carea' id='block_1_65' title="bbox 1891 3276 3469 3382">
    <p class='ocr_par' dir='ltr' id='par_1_65' title="bbox 1959 3304 3469 3376">
     <span class='ocr_line' id='line_1_65' title="bbox 1959 3304 3469 3376; baseline 0.004 -17"><span class='ocrx_word' id='word_1_466' title='bbox 1959 3305 2048 3359; x_wconf 77' lang='lat'><strong>63.</strong></span> <span class='ocrx_word' id='word_1_467' title='bbox 2080 3304 2283 3360; x_wconf 87' lang='lat' dir='ltr'><strong>Deinde</strong></span> <span class='ocrx_word' id='word_1_468' title='bbox 2338 3305 2544 3360; x_wconf 69' lang='lat' dir='ltr'><strong>dictum</strong></span> <span class='ocrx_word' id='word_1_469' title='bbox 2596 3307 2666 3360; x_wconf 83' lang='lat' dir='ltr'><strong>ab</strong></span> <span class='ocrx_word' id='word_1_470' title='bbox 2715 3308 2975 3376; x_wconf 77' lang='lat' dir='ltr'><strong>Apostolo</strong></span> <span class='ocrx_word' id='word_1_471' title='bbox 3017 3308 3085 3363; x_wconf 92' lang='lat' dir='ltr'><strong>de</strong></span> <span class='ocrx_word' id='word_1_472' title='bbox 3134 3311 3469 3367; x_wconf 80' lang='lat' dir='ltr'><strong>Antichristo</strong></span> 
     </span>
    </p>
   </div>
   <div class='ocr_carea' id='block_1_66' title="bbox 191 3399 1775 3472">
    <p class='ocr_par' dir='ltr' id='par_1_66' title="bbox 191 3399 1775 3472">
     <span class='ocr_line' id='line_1_66' title="bbox 191 3399 1775 3472; baseline 0.001 -19"><span class='ocrx_word' id='word_1_473' title='bbox 191 3406 427 3471; x_wconf 83' lang='grc' dir='ltr'>σημεῖον</span> <span class='ocrx_word' id='word_1_474' title='bbox 451 3401 529 3472; x_wconf 83' lang='grc' dir='ltr'><strong>τῷ</strong></span> <span class='ocrx_word' id='word_1_475' title='bbox 569 3401 897 3470; x_wconf 82' lang='grc' dir='ltr'>Ἀποστόλῳ,</span> <span class='ocrx_word' id='word_1_476' title='bbox 931 3399 1176 3471; x_wconf 73' lang='grc' dir='ltr'>ἐναργῶς</span> <span class='ocrx_word' id='word_1_477' title='bbox 1216 3400 1653 3471; x_wconf 35' lang='grc' dir='ltr'>ὲνκτούτῳιέστιν</span> <span class='ocrx_word' id='word_1_478' title='bbox 1683 3403 1775 3454; x_wconf 83' lang='grc' dir='ltr'>εὑ-</span> 
     </span>
    </p>
   </div>
   <div class='ocr_carea' id='block_1_67' title="bbox 191 3490 1780 3563">
    <p class='ocr_par' dir='ltr' id='par_1_67' title="bbox 191 3490 1780 3563">
     <span class='ocr_line' id='line_1_67' title="bbox 191 3490 1780 3563; baseline -0.001 -17"><span class='ocrx_word' id='word_1_479' title='bbox 191 3495 310 3563; x_wconf 80' lang='grc' dir='ltr'>ρεῖν</span> <span class='ocrx_word' id='word_1_480' title='bbox 338 3494 451 3563; x_wconf 82' lang='grc'><strong>(1)’</strong></span> <span class='ocrx_word' id='word_1_481' title='bbox 492 3511 512 3543; x_wconf 74' lang='grc' dir='ltr'><strong>ι</strong></span> <span class='ocrx_word' id='word_1_482' title='bbox 545 3492 665 3545; x_wconf 73' lang='grc' dir='ltr'><strong>Κᾶν</strong></span> <span class='ocrx_word' id='word_1_483' title='bbox 694 3491 872 3560; x_wconf 81' lang='grc' dir='ltr'>ἀηδῶς</span> <span class='ocrx_word' id='word_1_484' title='bbox 902 3490 1098 3560; x_wconf 77' lang='grc' dir='ltr'>ἔχωσιν</span> <span class='ocrx_word' id='word_1_485' title='bbox 1131 3491 1181 3542; x_wconf 80' lang='grc' dir='ltr'>οἱ</span> <span class='ocrx_word' id='word_1_486' title='bbox 1221 3491 1610 3561; x_wconf 78' lang='grc' dir='ltr'>ἀρνησάμενοι,</span> <span class='ocrx_word' id='word_1_487' title='bbox 1647 3492 1780 3556; x_wconf 88' lang='grc' dir='ltr'>Θεός</span> 
     </span>
    </p>
   </div>
   <div class='ocr_carea' id='block_1_68' title="bbox 190 3583 1779 3654">
    <p class='ocr_par' dir='ltr' id='par_1_68' title="bbox 190 3583 1779 3654">
     <span class='ocr_line' id='line_1_68' title="bbox 190 3583 1779 3654; baseline 0 -17"><span class='ocrx_word' id='word_1_488' title='bbox 190 3586 341 3638; x_wconf 69' lang='grc' dir='ltr'>ἔστιν</span> <span class='ocrx_word' id='word_1_489' title='bbox 372 3587 407 3639; x_wconf 87' lang='grc' dir='ltr'><strong>ὁ</strong></span> <span class='ocrx_word' id='word_1_490' title='bbox 436 3583 659 3653; x_wconf 77' lang='grc' dir='ltr'>πέμψας</span> <span class='ocrx_word' id='word_1_491' title='bbox 715 3585 806 3636; x_wconf 59' lang='grc' dir='ltr'>τὸν</span> <span class='ocrx_word' id='word_1_492' title='bbox 859 3583 1157 3637; x_wconf 79' lang='grc' dir='ltr'>ἀπόσοτλον</span> <span class='ocrx_word' id='word_1_493' title='bbox 1189 3583 1378 3649; x_wconf 71' lang='grc' dir='ltr'>αὐτοῦ,</span> <span class='ocrx_word' id='word_1_494' title='bbox 1411 3584 1488 3646; x_wconf 80' lang='grc' dir='ltr'><strong>είς</strong></span> <span class='ocrx_word' id='word_1_495' title='bbox 1522 3584 1779 3654; x_wconf 80' lang='grc' dir='ltr'>όδήγησιν</span> 
     </span>
    </p>
   </div>
   <div class='ocr_carea' id='block_1_69' title="bbox 191 3673 1781 3746">
    <p class='ocr_par' dir='ltr' id='par_1_69' title="bbox 191 3673 1781 3746">
     <span class='ocr_line' id='line_1_69' title="bbox 191 3673 1781 3746; baseline -0.001 -17"><span class='ocrx_word' id='word_1_496' title='bbox 191 3679 286 3730; x_wconf 79' lang='grc' dir='ltr'><strong>καὶ</strong></span> <span class='ocrx_word' id='word_1_497' title='bbox 314 3680 403 3741; x_wconf 83' lang='grc' dir='ltr'><strong>είς</strong></span> <span class='ocrx_word' id='word_1_498' title='bbox 436 3676 617 3729; x_wconf 87' lang='grc' dir='ltr'>πίστιν</span> <span class='ocrx_word' id='word_1_499' title='bbox 648 3674 930 3746; x_wconf 77' lang='grc' dir='ltr'>ἀληθινὴν,</span> <span class='ocrx_word' id='word_1_500' title='bbox 964 3673 1055 3727; x_wconf 84' lang='grc' dir='ltr'>τοῦ</span> <span class='ocrx_word' id='word_1_501' title='bbox 1096 3674 1378 3738; x_wconf 74' lang='grc' dir='ltr'>δεσπόζειν</span> <span class='ocrx_word' id='word_1_502' title='bbox 1406 3675 1567 3727; x_wconf 79' lang='grc' dir='ltr'>αὐτὸν</span> <span class='ocrx_word' id='word_1_503' title='bbox 1596 3676 1781 3728; x_wconf 81' lang='grc' dir='ltr'>ἐπάνω</span> 
     </span>
    </p>
   </div>
   <div class='ocr_carea' id='block_1_70' title="bbox 191 3750 1782 3841">
    <p class='ocr_par' dir='ltr' id='par_1_70' title="bbox 191 3766 1782 3841">
     <span class='ocr_line' id='line_1_70' title="bbox 191 3766 1782 3841; baseline -0.003 -16"><span class='ocrx_word' id='word_1_504' title='bbox 191 3771 379 3841; x_wconf 71' lang='grc' dir='ltr'>πάσης</span> <span class='ocrx_word' id='word_1_505' title='bbox 413 3770 674 3831; x_wconf 78' lang='grc' dir='ltr'>πίστεως.</span> <span class='ocrx_word' id='word_1_506' title='bbox 716 3786 736 3819; x_wconf 80' lang='grc' dir='ltr'><strong>ι</strong></span> <span class='ocrx_word' id='word_1_507' title='bbox 780 3767 951 3822; x_wconf 80' lang='grc' dir='ltr'>Τοῦτο</span> <span class='ocrx_word' id='word_1_508' title='bbox 976 3767 1172 3821; x_wconf 87' lang='grc' dir='ltr'>ταυτόν</span> <span class='ocrx_word' id='word_1_509' title='bbox 1214 3768 1329 3819; x_wconf 71' lang='grc' dir='ltr'>ἔστι</span> <span class='ocrx_word' id='word_1_510' title='bbox 1360 3766 1468 3837; x_wconf 79' lang='grc' dir='ltr'><strong>τῷ,</strong></span> <span class='ocrx_word' id='word_1_511' title='bbox 1513 3769 1782 3821; x_wconf 78' lang='grc' dir='ltr'>Ἀντικεί-</span> 
     </span>
    </p>
   </div>
   <div class='ocr_carea' id='block_1_71' title="bbox 187 3859 1785 3934">
    <p class='ocr_par' dir='ltr' id='par_1_71' title="bbox 187 3859 1785 3934">
     <span class='ocr_line' id='line_1_71' title="bbox 187 3859 1785 3934; baseline -0.001 -17"><span class='ocrx_word' id='word_1_512' title='bbox 187 3879 376 3934; x_wconf 79' lang='grc' dir='ltr'>μενος</span> <span class='ocrx_word' id='word_1_513' title='bbox 408 3862 508 3921; x_wconf 67' lang='grc' dir='ltr'><strong>καί</strong></span> <span class='ocrx_word' id='word_1_514' title='bbox 564 3862 1029 3929; x_wconf 75' lang='grc' dir='ltr'>ὑπεραιρόμενος</span> <span class='ocrx_word' id='word_1_515' title='bbox 1062 3859 1159 3912; x_wconf 78' lang='grc' dir='ltr'><strong>ἐπὶ</strong></span> <span class='ocrx_word' id='word_1_516' title='bbox 1218 3860 1413 3913; x_wconf 82' lang='grc' dir='ltr'>πάντα</span> <span class='ocrx_word' id='word_1_517' title='bbox 1455 3862 1785 3930; x_wconf 73' lang='grc' dir='ltr'>λεγόμενον</span> 
     </span>
    </p>
   </div>
   <div class='ocr_carea' id='block_1_72' title="bbox 195 3948 1786 4021">
    <p class='ocr_par' dir='ltr' id='par_1_72' title="bbox 195 3948 1786 4021">
     <span class='ocr_line' id='line_1_72' title="bbox 195 3948 1786 4021; baseline 0.002 -18"><span class='ocrx_word' id='word_1_518' title='bbox 195 3955 347 4007; x_wconf 71' lang='grc' dir='ltr'><em>Θεὸν</em></span> <span class='ocrx_word' id='word_1_519' title='bbox 368 3954 409 4021; x_wconf 82' lang='grc' dir='ltr'><em>ἢ</em></span> <span class='ocrx_word' id='word_1_520' title='bbox 437 3951 741 4021; x_wconf 77' lang='grc' dir='ltr'>σέϐασμα·</span> <span class='ocrx_word' id='word_1_521' title='bbox 770 3951 957 4014; x_wconf 81' lang='grc' dir='ltr'>ἁπλῶς</span> <span class='ocrx_word' id='word_1_522' title='bbox 985 3948 1079 4003; x_wconf 76' lang='grc' dir='ltr'>τοῦ</span> <span class='ocrx_word' id='word_1_523' title='bbox 1108 3950 1388 4014; x_wconf 73' lang='grc' dir='ltr'>δεσπόζειν</span> <span class='ocrx_word' id='word_1_524' title='bbox 1409 3952 1569 4006; x_wconf 76' lang='grc' dir='ltr'>αὑτὸν</span> <span class='ocrx_word' id='word_1_525' title='bbox 1600 3953 1786 4008; x_wconf 81' lang='grc' dir='ltr'>ὲπάνω</span> 
     </span>
    </p>
   </div>
   <div class='ocr_carea' id='block_1_73' title="bbox 193 4042 1786 4116">
    <p class='ocr_par' dir='ltr' id='par_1_73' title="bbox 193 4042 1786 4116">
     <span class='ocr_line' id='line_1_73' title="bbox 193 4042 1786 4116; baseline -0.001 -19"><span class='ocrx_word' id='word_1_526' title='bbox 193 4047 383 4116; x_wconf 80' lang='grc' dir='ltr'>πάσης</span> <span class='ocrx_word' id='word_1_527' title='bbox 417 4046 679 4106; x_wconf 67' lang='grc' dir='ltr'>πίστεως*</span> <span class='ocrx_word' id='word_1_528' title='bbox 713 4042 1015 4111; x_wconf 70' lang='grc' dir='ltr'>ὲφαυλίαοη</span> <span class='ocrx_word' id='word_1_529' title='bbox 1035 4042 1141 4112; x_wconf 78' lang='grc' dir='ltr'>ἄρα</span> <span class='ocrx_word' id='word_1_530' title='bbox 1175 4044 1303 4114; x_wconf 85' lang='grc' dir='ltr'>παρ’</span> <span class='ocrx_word' id='word_1_531' title='bbox 1332 4043 1478 4113; x_wconf 81' lang='grc' dir='ltr'><strong>αὐτῴ</strong></span> <span class='ocrx_word' id='word_1_532' title='bbox 1512 4044 1605 4097; x_wconf 76' lang='grc' dir='ltr'><strong>καὶ</strong></span> <span class='ocrx_word' id='word_1_533' title='bbox 1634 4046 1666 4113; x_wconf 81' lang='grc' dir='ltr'>ἡ</span> <span class='ocrx_word' id='word_1_534' title='bbox 1692 4042 1786 4096; x_wconf 81' lang='grc' dir='ltr'>τοῦ</span> 
     </span>
    </p>
   </div>
   <div class='ocr_carea' id='block_1_74' title="bbox 206 4133 1782 4207">
    <p class='ocr_par' dir='ltr' id='par_1_74' title="bbox 206 4133 1782 4207">
     <span class='ocr_line' id='line_1_74' title="bbox 206 4133 1782 4207; baseline -0.003 -18"><span class='ocrx_word' id='word_1_535' title='bbox 206 4135 471 4207; x_wconf 71' lang='grc' dir='ltr'><strong>’Δσραὰμ</strong></span> <span class='ocrx_word' id='word_1_536' title='bbox 524 4136 727 4201; x_wconf 79' lang='grc' dir='ltr'>πίστις,</span> <span class='ocrx_word' id='word_1_537' title='bbox 785 4134 905 4187; x_wconf 79' lang='grc' dir='ltr'>καθ’</span> <span class='ocrx_word' id='word_1_538' title='bbox 935 4135 1002 4204; x_wconf 75' lang='grc' dir='ltr'>ῆν</span> <span class='ocrx_word' id='word_1_539' title='bbox 1033 4134 1196 4196; x_wconf 83' lang='grc' dir='ltr'>αὐτὸς</span> <span class='ocrx_word' id='word_1_540' title='bbox 1225 4133 1499 4187; x_wconf 76' lang='grc' dir='ltr'>πιστεύειν</span> <span class='ocrx_word' id='word_1_541' title='bbox 1530 4134 1747 4202; x_wconf 72' lang='grc' dir='ltr'>ἐνόμιζε</span> <span class='ocrx_word' id='word_1_542' title='bbox 1770 4150 1782 4163; x_wconf 93' lang='grc'><strong>·</strong></span> 
     </span>
    </p>
   </div>
   <div class='ocr_carea' id='block_1_75' title="bbox 193 4224 1791 4301">
    <p class='ocr_par' dir='ltr' id='par_1_75' title="bbox 193 4224 1791 4301">
     <span class='ocr_line' id='line_1_75' title="bbox 193 4224 1791 4301; baseline -0.006 -16"><span class='ocrx_word' id='word_1_543' title='bbox 193 4232 289 4286; x_wconf 70' lang='grc' dir='ltr'><strong>καὶ</strong></span> <span class='ocrx_word' id='word_1_544' title='bbox 317 4233 424 4301; x_wconf 79' lang='grc' dir='ltr'><strong>οὐχ</strong></span> <span class='ocrx_word' id='word_1_545' title='bbox 451 4232 482 4284; x_wconf 84' lang='grc' dir='ltr'><strong>ό</strong></span> <span class='ocrx_word' id='word_1_546' title='bbox 529 4230 695 4299; x_wconf 86' lang='grc' dir='ltr'>νόμος</span> <span class='ocrx_word' id='word_1_547' title='bbox 747 4227 905 4298; x_wconf 84' lang='grc' dir='ltr'>μόνον</span> <span class='ocrx_word' id='word_1_548' title='bbox 937 4227 1059 4279; x_wconf 69' lang='grc' dir='ltr'>οὐδὲ</span> <span class='ocrx_word' id='word_1_549' title='bbox 1097 4226 1157 4277; x_wconf 85' lang='grc' dir='ltr'><strong>τδ</strong></span> <span class='ocrx_word' id='word_1_550' title='bbox 1209 4224 1534 4292; x_wconf 75' lang='grc' dir='ltr'>Εὑαγγέλιον</span> <span class='ocrx_word' id='word_1_551' title='bbox 1557 4240 1571 4253; x_wconf 89' lang='grc'><strong>·</strong></span> <span class='ocrx_word' id='word_1_552' title='bbox 1606 4224 1791 4276; x_wconf 73' lang='grc' dir='ltr'>ἐπάνω</span> 
     </span>
    </p>
   </div>
   <div class='ocr_carea' id='block_1_76' title="bbox 194 4317 1791 4397">
    <p class='ocr_par' dir='ltr' id='par_1_76' title="bbox 194 4317 1791 4397">
     <span class='ocr_line' id='line_1_76' title="bbox 194 4317 1791 4397; baseline -0.006 -21"><span class='ocrx_word' id='word_1_553' title='bbox 194 4322 306 4397; x_wconf 75' lang='grc' dir='ltr'><strong>γὰρ</strong></span> <span class='ocrx_word' id='word_1_554' title='bbox 340 4324 532 4395; x_wconf 77' lang='grc' dir='ltr'>πάσης</span> <span class='ocrx_word' id='word_1_555' title='bbox 566 4321 801 4385; x_wconf 77' lang='grc' dir='ltr'>πίστεώς</span> <span class='ocrx_word' id='word_1_556' title='bbox 825 4333 1009 4390; x_wconf 82' lang='grc' dir='ltr'>φησιν’</span> <span class='ocrx_word' id='word_1_557' title='bbox 1032 4318 1092 4371; x_wconf 75' lang='grc' dir='ltr'><strong>τὺ</strong></span> <span class='ocrx_word' id='word_1_558' title='bbox 1108 4317 1187 4383; x_wconf 80' lang='grc' dir='ltr'>δὲ,</span> <span class='ocrx_word' id='word_1_559' title='bbox 1205 4317 1523 4383; x_wconf 78' lang='grc' dir='ltr'>ἀληθινὴν,</span> <span class='ocrx_word' id='word_1_560' title='bbox 1554 4317 1791 4386; x_wconf 76' lang='grc' dir='ltr'>εἴρηται,</span> 
     </span>
    </p>
   </div>
   <div class='ocr_carea' id='block_1_77' title="bbox 195 4407 1790 4488">
    <p class='ocr_par' dir='ltr' id='par_1_77' title="bbox 195 4407 1790 4488">
     <span class='ocr_line' id='line_1_77' title="bbox 195 4407 1790 4488; baseline -0.008 -17"><span class='ocrx_word' id='word_1_561' title='bbox 195 4420 270 4481; x_wconf 83' lang='grc' dir='ltr'>ὡς</span> <span class='ocrx_word' id='word_1_562' title='bbox 292 4418 442 4488; x_wconf 76' lang='grc' dir='ltr'>πρὸς</span> <span class='ocrx_word' id='word_1_563' title='bbox 471 4414 572 4477; x_wconf 67' lang='grc' dir='ltr'><strong>τὰς</strong></span> <span class='ocrx_word' id='word_1_564' title='bbox 604 4412 793 4477; x_wconf 82' lang='grc' dir='ltr'>λοιπάς</span> <span class='ocrx_word' id='word_1_565' title='bbox 812 4430 826 4445; x_wconf 68' lang='grc' dir='ltr'><em>α</em></span> <span class='ocrx_word' id='word_1_566' title='bbox 856 4413 958 4465; x_wconf 80' lang='grc' dir='ltr'><strong>οὐκ</strong></span> <span class='ocrx_word' id='word_1_567' title='bbox 989 4409 1132 4465; x_wconf 81' lang='grc' dir='ltr'>ὀκνῶ</span> <span class='ocrx_word' id='word_1_568' title='bbox 1170 4408 1263 4462; x_wconf 78' lang='grc' dir='ltr'>τοῦ</span> <span class='ocrx_word' id='word_1_569' title='bbox 1305 4407 1495 4462; x_wconf 83' lang='grc' dir='ltr'>λοιποῦ</span> <span class='ocrx_word' id='word_1_570' title='bbox 1530 4409 1660 4476; x_wconf 75' lang='grc' dir='ltr'>περὶ</span> <span class='ocrx_word' id='word_1_571' title='bbox 1689 4407 1790 4459; x_wconf 84' lang='grc' dir='ltr'>αὐ-</span> 
     </span>
    </p>
   </div>
   <div class='ocr_carea' id='block_1_78' title="bbox 195 4499 1797 4576">
    <p class='ocr_par' dir='ltr' id='par_1_78' title="bbox 195 4499 1797 4576">
     <span class='ocr_line' id='line_1_78' title="bbox 195 4499 1797 4576; baseline -0.006 -15"><span class='ocrx_word' id='word_1_572' title='bbox 195 4507 290 4560; x_wconf 72' lang='grc' dir='ltr'>τοῦ</span> <span class='ocrx_word' id='word_1_573' title='bbox 323 4504 760 4576; x_wconf 75' lang='grc' dir='ltr'>ἐντεθυμῆσθαι,</span> <span class='ocrx_word' id='word_1_574' title='bbox 814 4503 895 4557; x_wconf 83' lang='grc' dir='ltr'><strong>ὅτι</strong></span> <span class='ocrx_word' id='word_1_575' title='bbox 930 4506 1022 4555; x_wconf 78' lang='grc' dir='ltr'><strong>καὶ</strong></span> <span class='ocrx_word' id='word_1_576' title='bbox 1048 4501 1203 4563; x_wconf 81' lang='grc' dir='ltr'>οὗτος</span> <span class='ocrx_word' id='word_1_577' title='bbox 1243 4499 1604 4570; x_wconf 81' lang='grc' dir='ltr'>Ἀντίχριστός</span> <span class='ocrx_word' id='word_1_578' title='bbox 1650 4500 1797 4551; x_wconf 73' lang='grc' dir='ltr'>ἐστιν</span> 
     </span>
    </p>
   </div>
   <div class='ocr_carea' id='block_1_79' title="bbox 198 4588 1873 4679">
    <p class='ocr_par' dir='ltr' id='par_1_79' title="bbox 198 4588 1873 4679">
     <span class='ocr_line' id='line_1_79' title="bbox 198 4588 1873 4679; baseline -0.006 -29"><span class='ocrx_word' id='word_1_579' title='bbox 198 4596 423 4668; x_wconf 79' lang='grc' dir='ltr'>ἀληθῶς</span> <span class='ocrx_word' id='word_1_580' title='bbox 450 4613 467 4629; x_wconf 75' lang='grc' dir='ltr'><strong>ο</strong></span> <span class='ocrx_word' id='word_1_581' title='bbox 502 4598 622 4667; x_wconf 81' lang='grc' dir='ltr'>μετ’</span> <span class='ocrx_word' id='word_1_582' title='bbox 675 4595 852 4663; x_wconf 84' lang='grc' dir='ltr'>ὀλίγον</span> <span class='ocrx_word' id='word_1_583' title='bbox 883 4594 927 4646; x_wconf 84' lang='grc' dir='ltr'>δ’</span> <span class='ocrx_word' id='word_1_584' title='bbox 958 4595 1081 4647; x_wconf 84' lang='grc' dir='ltr'>ὅποι</span> <span class='ocrx_word' id='word_1_585' title='bbox 1112 4593 1339 4662; x_wconf 80' lang='grc' dir='ltr'>φέρεται</span> <span class='ocrx_word' id='word_1_586' title='bbox 1365 4592 1394 4643; x_wconf 85' lang='grc' dir='ltr'>ὁ</span> <span class='ocrx_word' id='word_1_587' title='bbox 1427 4589 1648 4658; x_wconf 89' lang='grc' dir='ltr'>σύμπας</span> <span class='ocrx_word' id='word_1_588' title='bbox 1696 4588 1797 4679; x_wconf 78' lang='grc' dir='ltr'><strong>τῆς</strong></span> <span class='ocrx_word' id='word_1_589' title='bbox 1832 4625 1873 4679; x_wconf 68' lang='lat' dir='ltr'><strong>D</strong></span> 
     </span>
    </p>
   </div>
   <div class='ocr_carea' id='block_1_80' title="bbox 198 4677 1801 4760">
    <p class='ocr_par' dir='ltr' id='par_1_80' title="bbox 198 4677 1801 4760">
     <span class='ocr_line' id='line_1_80' title="bbox 198 4677 1801 4760; baseline -0.009 -15"><span class='ocrx_word' id='word_1_590' title='bbox 198 4689 511 4760; x_wconf 70' lang='grc' dir='ltr'>θεομαχίας</span> <span class='ocrx_word' id='word_1_591' title='bbox 542 4688 764 4754; x_wconf 72' lang='grc' dir='ltr'>σκοπὸς,</span> <span class='ocrx_word' id='word_1_592' title='bbox 813 4684 1035 4755; x_wconf 71' lang='grc' dir='ltr'>ἔκδηλος</span> <span class='ocrx_word' id='word_1_593' title='bbox 1087 4684 1331 4752; x_wconf 73' lang='grc' dir='ltr'>γίνεται*</span> <span class='ocrx_word' id='word_1_594' title='bbox 1386 4682 1414 4734; x_wconf 85' lang='grc' dir='ltr'><strong>ό</strong></span> <span class='ocrx_word' id='word_1_595' title='bbox 1446 4682 1558 4751; x_wconf 87' lang='grc' dir='ltr'><strong>γάρ</strong></span> <span class='ocrx_word' id='word_1_596' title='bbox 1586 4695 1668 4732; x_wconf 91' lang='grc' dir='ltr'><strong>τοι</strong></span> <span class='ocrx_word' id='word_1_597' title='bbox 1694 4677 1801 4743; x_wconf 79' lang='grc' dir='ltr'>ἓως</span> 
     </span>
    </p>
   </div>
   <div class='ocr_carea' id='block_1_81' title="bbox 198 4771 1803 4848">
    <p class='ocr_par' dir='ltr' id='par_1_81' title="bbox 198 4771 1803 4848">
     <span class='ocr_line' id='line_1_81' title="bbox 198 4771 1803 4848; baseline -0.007 -14"><span class='ocrx_word' id='word_1_598' title='bbox 198 4780 294 4838; x_wconf 79' lang='grc' dir='ltr'>τοῦ</span> <span class='ocrx_word' id='word_1_599' title='bbox 327 4777 431 4835; x_wconf 81' lang='grc' dir='ltr'>νῦν</span> <span class='ocrx_word' id='word_1_600' title='bbox 486 4778 956 4848; x_wconf 74' lang='grc' dir='ltr'>διισχυριζόμενος</span> <span class='ocrx_word' id='word_1_601' title='bbox 1011 4776 1093 4829; x_wconf 86' lang='grc' dir='ltr'><strong>ὅτι</strong></span> <span class='ocrx_word' id='word_1_602' title='bbox 1139 4774 1269 4836; x_wconf 76' lang='grc' dir='ltr'>Θεὸς</span> <span class='ocrx_word' id='word_1_603' title='bbox 1300 4772 1427 4827; x_wconf 82' lang='grc' dir='ltr'>Υἱδν</span> <span class='ocrx_word' id='word_1_604' title='bbox 1453 4773 1552 4826; x_wconf 85' lang='grc' dir='ltr'>οὐκ</span> <span class='ocrx_word' id='word_1_605' title='bbox 1578 4771 1710 4840; x_wconf 78' lang='grc' dir='ltr'>ἔχει,</span> <span class='ocrx_word' id='word_1_606' title='bbox 1742 4772 1803 4824; x_wconf 83' lang='grc' dir='ltr'>οὐ</span> 
     </span>
    </p>
   </div>
   <div class='ocr_carea' id='block_1_82' title="bbox 202 4862 1807 4945">
    <p class='ocr_par' dir='ltr' id='par_1_82' title="bbox 202 4862 1807 4945">
     <span class='ocr_line' id='line_1_82' title="bbox 202 4862 1807 4945; baseline -0.007 -19"><span class='ocrx_word' id='word_1_607' title='bbox 202 4871 430 4945; x_wconf 78' lang='grc' dir='ltr'>θαρῤὦν</span> <span class='ocrx_word' id='word_1_608' title='bbox 468 4870 649 4939; x_wconf 78' lang='grc' dir='ltr'>ἐαυτῷ</span> <span class='ocrx_word' id='word_1_609' title='bbox 670 4869 842 4922; x_wconf 74' lang='grc' dir='ltr'>ταῦτα</span> <span class='ocrx_word' id='word_1_610' title='bbox 874 4865 1292 4936; x_wconf 83' lang='grc' dir='ltr'>φιλονεικοῦντι,</span> <span class='ocrx_word' id='word_1_611' title='bbox 1326 4862 1463 4917; x_wconf 84' lang='grc' dir='ltr'>ἀλλὰ</span> <span class='ocrx_word' id='word_1_612' title='bbox 1500 4862 1807 4929; x_wconf 78' lang='grc' dir='ltr'>διαλογισά-</span> 
     </span>
    </p>
   </div>
   <div class='ocr_carea' id='block_1_83' title="bbox 204 4955 1806 5035">
    <p class='ocr_par' dir='ltr' id='par_1_83' title="bbox 204 4955 1806 5035">
     <span class='ocr_line' id='line_1_83' title="bbox 204 4955 1806 5035; baseline -0.007 -16"><span class='ocrx_word' id='word_1_613' title='bbox 204 4982 367 5035; x_wconf 78' lang='grc' dir='ltr'>μενος</span> <span class='ocrx_word' id='word_1_614' title='bbox 398 4967 490 5017; x_wconf 77' lang='grc' dir='ltr'><strong>ὅτι</strong></span> <span class='ocrx_word' id='word_1_615' title='bbox 522 4963 685 5031; x_wconf 76' lang='grc' dir='ltr'>τυχὸν</span> <span class='ocrx_word' id='word_1_616' title='bbox 711 4961 809 5015; x_wconf 79' lang='grc' dir='ltr'><strong>καὶ</strong></span> <span class='ocrx_word' id='word_1_617' title='bbox 837 4961 972 5030; x_wconf 80' lang='grc' dir='ltr'>ἔχει,</span> <span class='ocrx_word' id='word_1_618' title='bbox 1001 4960 1103 5013; x_wconf 77' lang='grc' dir='ltr'><strong>οὐκ</strong></span> <span class='ocrx_word' id='word_1_619' title='bbox 1131 4958 1422 5013; x_wconf 78' lang='grc' dir='ltr'>ἀναδύεται</span> <span class='ocrx_word' id='word_1_620' title='bbox 1450 4956 1629 5024; x_wconf 80' lang='grc' dir='ltr'>ἐαυτῷ</span> <span class='ocrx_word' id='word_1_621' title='bbox 1647 4955 1806 5007; x_wconf 79' lang='grc' dir='ltr'>τοῦτο</span> 
     </span>
    </p>
   </div>
   <div class='ocr_carea' id='block_1_84' title="bbox 204 5049 1808 5130">
    <p class='ocr_par' dir='ltr' id='par_1_84' title="bbox 204 5049 1808 5130">
     <span class='ocr_line' id='line_1_84' title="bbox 204 5049 1808 5130; baseline -0.005 -19"><span class='ocrx_word' id='word_1_622' title='bbox 204 5058 495 5130; x_wconf 61' lang='grc' dir='ltr'>προσάψαι</span> <span class='ocrx_word' id='word_1_623' title='bbox 539 5056 599 5107; x_wconf 78' lang='grc' dir='ltr'>τὺ</span> <span class='ocrx_word' id='word_1_624' title='bbox 661 5055 985 5127; x_wconf 86' lang='grc' dir='ltr'>πρόσωπον·</span> <span class='ocrx_word' id='word_1_625' title='bbox 1048 5055 1094 5105; x_wconf 83' lang='grc' dir='ltr'>εἰ</span> <span class='ocrx_word' id='word_1_626' title='bbox 1130 5053 1225 5106; x_wconf 71' lang='grc' dir='ltr'>καὶ</span> <span class='ocrx_word' id='word_1_627' title='bbox 1257 5053 1320 5105; x_wconf 80' lang='grc' dir='ltr'><strong>ὲκ</strong></span> <span class='ocrx_word' id='word_1_628' title='bbox 1372 5051 1597 5119; x_wconf 80' lang='grc' dir='ltr'>πλαγίου</span> <span class='ocrx_word' id='word_1_629' title='bbox 1652 5049 1808 5103; x_wconf 80' lang='grc' dir='ltr'>τοῦτο</span> 
     </span>
    </p>
   </div>
   <div class='ocr_carea' id='block_1_85' title="bbox 203 5142 1810 5223">
    <p class='ocr_par' dir='ltr' id='par_1_85' title="bbox 203 5142 1810 5223">
     <span class='ocr_line' id='line_1_85' title="bbox 203 5142 1810 5223; baseline -0.005 -22"><span class='ocrx_word' id='word_1_630' title='bbox 203 5151 523 5223; x_wconf 74' lang='grc' dir='ltr'>ἐπήγαγεν,</span> <span class='ocrx_word' id='word_1_631' title='bbox 583 5148 676 5200; x_wconf 76' lang='grc' dir='ltr'>καὶ</span> <span class='ocrx_word' id='word_1_632' title='bbox 731 5148 1113 5217; x_wconf 85' lang='grc' dir='ltr'>προσποιεῖται</span> <span class='ocrx_word' id='word_1_633' title='bbox 1145 5144 1308 5195; x_wconf 74' lang='grc' dir='ltr'>οἱονεὶ</span> <span class='ocrx_word' id='word_1_634' title='bbox 1370 5142 1810 5212; x_wconf 76' lang='grc' dir='ltr'>σχηματίζεσθαι</span> 
     </span>
    </p>
   </div>
   <div class='ocr_carea' id='block_1_86' title="bbox 209 5234 1810 5308">
    <p class='ocr_par' dir='ltr' id='par_1_86' title="bbox 209 5234 1810 5308">
     <span class='ocr_line' id='line_1_86' title="bbox 209 5234 1810 5308; baseline -0.002 -19"><span class='ocrx_word' id='word_1_635' title='bbox 209 5241 442 5308; x_wconf 65' lang='grc' dir='ltr'>βλακίαν</span> <span class='ocrx_word' id='word_1_636' title='bbox 477 5239 624 5292; x_wconf 67' lang='grc' dir='ltr'>πάνυ</span> <span class='ocrx_word' id='word_1_637' title='bbox 676 5238 930 5307; x_wconf 67' lang='grc' dir='ltr'>αἰσχρὰν,</span> <span class='ocrx_word' id='word_1_638' title='bbox 958 5234 1052 5289; x_wconf 86' lang='grc' dir='ltr'><strong>καί</strong></span> <span class='ocrx_word' id='word_1_639' title='bbox 1083 5252 1247 5308; x_wconf 79' lang='grc' dir='ltr'>φησιν</span> <span class='ocrx_word' id='word_1_640' title='bbox 1280 5234 1357 5305; x_wconf 71' lang='grc'>(2)</span> <span class='ocrx_word' id='word_1_641' title='bbox 1384 5250 1400 5265; x_wconf 76' lang='grc' dir='ltr'><strong><em>ο</em></strong></span> <span class='ocrx_word' id='word_1_642' title='bbox 1468 5234 1622 5296; x_wconf 82' lang='grc' dir='ltr'>Τινὲς</span> <span class='ocrx_word' id='word_1_643' title='bbox 1676 5251 1810 5301; x_wconf 86' lang='grc' dir='ltr'>συη-</span> 
     </span>
    </p>
   </div>
   <div class='ocr_carea' id='block_1_87' title="bbox 206 5325 1813 5404">
    <p class='ocr_par' dir='ltr' id='par_1_87' title="bbox 206 5325 1813 5404">
     <span class='ocr_line' id='line_1_87' title="bbox 206 5325 1813 5404; baseline -0.004 -21"><span class='ocrx_word' id='word_1_644' title='bbox 206 5330 358 5384; x_wconf 81' lang='grc' dir='ltr'><strong>νοῦσι</strong></span> <span class='ocrx_word' id='word_1_645' title='bbox 391 5329 549 5404; x_wconf 84' lang='lat' dir='ltr'><strong>[cod.</strong></span> <span class='ocrx_word' id='word_1_646' title='bbox 583 5327 872 5402; x_wconf 82' lang='grc' dir='ltr'>σιαίνουσι]</span> <span class='ocrx_word' id='word_1_647' title='bbox 919 5328 1011 5382; x_wconf 66' lang='grc' dir='ltr'><strong>τὸν</strong></span> <span class='ocrx_word' id='word_1_648' title='bbox 1055 5328 1359 5397; x_wconf 78' lang='grc' dir='ltr'>προφήτην,</span> <span class='ocrx_word' id='word_1_649' title='bbox 1418 5325 1515 5377; x_wconf 77' lang='grc' dir='ltr'>καὶ</span> <span class='ocrx_word' id='word_1_650' title='bbox 1562 5325 1813 5392; x_wconf 85' lang='grc' dir='ltr'>λέγουσιν</span> 
     </span>
    </p>
   </div>
   <div class='ocr_carea' id='block_1_88' title="bbox 208 5411 1811 5493">
    <p class='ocr_par' dir='ltr' id='par_1_88' title="bbox 208 5411 1811 5493">
     <span class='ocr_line' id='line_1_88' title="bbox 208 5411 1811 5493; baseline -0.004 -16"><span class='ocrx_word' id='word_1_651' title='bbox 208 5426 288 5477; x_wconf 81' lang='grc' dir='ltr'>ὅτι</span> <span class='ocrx_word' id='word_1_652' title='bbox 320 5424 492 5486; x_wconf 76' lang='grc' dir='ltr'>αὐτὸς</span> <span class='ocrx_word' id='word_1_653' title='bbox 527 5422 656 5485; x_wconf 81' lang='grc' dir='ltr'>Υἱὸς</span> <span class='ocrx_word' id='word_1_654' title='bbox 688 5422 766 5493; x_wconf 75' lang='grc'><strong>(5)</strong></span> <span class='ocrx_word' id='word_1_655' title='bbox 802 5418 945 5475; x_wconf 78' lang='grc' dir='ltr'>Θεοῦ</span> <span class='ocrx_word' id='word_1_656' title='bbox 980 5422 1117 5474; x_wconf 75' lang='grc' dir='ltr'>ἐστι.</span> <span class='ocrx_word' id='word_1_657' title='bbox 1162 5438 1179 5470; x_wconf 84' lang='grc' dir='ltr'><strong>ι</strong></span> <span class='ocrx_word' id='word_1_658' title='bbox 1220 5420 1329 5472; x_wconf 78' lang='grc' dir='ltr'>Καὶ</span> <span class='ocrx_word' id='word_1_659' title='bbox 1363 5416 1462 5470; x_wconf 76' lang='grc' dir='ltr'><strong>οὐκ</strong></span> <span class='ocrx_word' id='word_1_660' title='bbox 1497 5411 1652 5469; x_wconf 77' lang='grc' dir='ltr'>εἶπεν</span> <span class='ocrx_word' id='word_1_661' title='bbox 1674 5416 1757 5469; x_wconf 82' lang='grc' dir='ltr'><strong>ὅτι</strong></span> <span class='ocrx_word' id='word_1_662' title='bbox 1783 5418 1811 5470; x_wconf 87' lang='grc' dir='ltr'><strong>ό</strong></span> 
     </span>
    </p>
   </div>
   <div class='ocr_carea' id='block_1_89' title="bbox 282 5535 1835 5607">
    <p class='ocr_par' dir='ltr' id='par_1_89' title="bbox 282 5535 1835 5607">
     <span class='ocr_line' id='line_1_89' title="bbox 282 5535 1835 5607; baseline -0.008 -7"><span class='ocrx_word' id='word_1_663' title='bbox 282 5543 327 5577; x_wconf 78' lang='grc'>⁸⁸</span> <span class='ocrx_word' id='word_1_664' title='bbox 363 5541 549 5599; x_wconf 76' lang='lat' dir='ltr'><strong>Eccli.</strong></span> <span class='ocrx_word' id='word_1_665' title='bbox 582 5555 644 5607; x_wconf 87' lang='grc' dir='ltr'><strong>ιι,</strong></span> <span class='ocrx_word' id='word_1_666' title='bbox 683 5540 769 5596; x_wconf 65' lang='lat' dir='ltr'><strong>IL.</strong></span> <span class='ocrx_word' id='word_1_667' title='bbox 850 5539 893 5573; x_wconf 81' lang='lat'>&quot;</span> <span class='ocrx_word' id='word_1_668' title='bbox 918 5539 1061 5595; x_wconf 84' lang='lat' dir='ltr'><strong>Psal.</strong></span> <span class='ocrx_word' id='word_1_669' title='bbox 1097 5553 1211 5603; x_wconf 82' lang='lat' dir='ltr'><strong>xm,</strong></span> <span class='ocrx_word' id='word_1_670' title='bbox 1248 5539 1298 5591; x_wconf 77' lang='grc'><strong>1.</strong></span> <span class='ocrx_word' id='word_1_671' title='bbox 1362 5537 1403 5567; x_wconf 79' lang='grc'>³⁸</span> <span class='ocrx_word' id='word_1_672' title='bbox 1427 5535 1571 5590; x_wconf 83' lang='lat' dir='ltr'><strong>Psal.</strong></span> <span class='ocrx_word' id='word_1_673' title='bbox 1617 5551 1713 5600; x_wconf 78' lang='lat' dir='ltr'><strong>vn,</strong></span> <span class='ocrx_word' id='word_1_674' title='bbox 1748 5535 1835 5589; x_wconf 76' lang='grc'><strong>17.</strong></span> 
     </span>
    </p>
   </div>
   <div class='ocr_carea' id='block_1_90' title="bbox 284 5653 1062 5730">
    <p class='ocr_par' dir='ltr' id='par_1_90' title="bbox 284 5653 1062 5730">
     <span class='ocr_line' id='line_1_90' title="bbox 284 5653 1062 5730; baseline -0.01 -14"><span class='ocrx_word' id='word_1_675' title='bbox 284 5659 398 5730; x_wconf 84' lang='lat'><strong>(99)</strong></span> <span class='ocrx_word' id='word_1_676' title='bbox 430 5656 649 5730; x_wconf 76' lang='lat' dir='ltr'><strong>Nempe</strong></span> <span class='ocrx_word' id='word_1_677' title='bbox 675 5656 871 5730; x_wconf 51' lang='lat' dir='ltr'><strong>Agaris</strong></span> <span class='ocrx_word' id='word_1_678' title='bbox 896 5653 1062 5710; x_wconf 86' lang='lat' dir='ltr'><strong>ﬁlius.</strong></span> 
     </span>
    </p>
   </div>
   <div class='ocr_carea' id='block_1_91' title="bbox 288 5726 788 5802">
    <p class='ocr_par' dir='ltr' id='par_1_91' title="bbox 288 5726 788 5802">
     <span class='ocr_line' id='line_1_91' title="bbox 288 5726 788 5802; baseline -0.016 -16"><span class='ocrx_word' id='word_1_679' title='bbox 288 5726 546 5802; x_wconf 73' lang='lat' dir='ltr'><strong>(n&#39;sur.</strong></span> <span class='ocrx_word' id='word_1_680' title='bbox 565 5726 668 5802; x_wconf 60' lang='grc' dir='ltr'>ιιι,</span> 
     </span>
    </p>
   </div>
   <div class='ocr_carea' id='block_1_92' title="bbox 290 5793 1391 5871">
    <p class='ocr_par' dir='ltr' id='par_1_92' title="bbox 290 5793 1391 5871">
     <span class='ocr_line' id='line_1_92' title="bbox 290 5793 1391 5871; baseline -0.006 -15"><span class='ocrx_word' id='word_1_681' title='bbox 290 5793 370 5871; x_wconf 64' lang='grc' dir='ltr'><strong>(ἰ)</strong></span> <span class='ocrx_word' id='word_1_682' title='bbox 400 5793 895 5871; x_wconf 38' lang='grc' dir='ltr'><strong>δημιχηβὸλῖ.</strong></span> <span class='ocrx_word' id='word_1_683' title='bbox 1078 5870 1085 5871; x_wconf 14' lang='lat'><em>7</em></span> <span class='ocrx_word' id='word_1_684' title='bbox 1148 5861 1245 5871; x_wconf 46' lang='grc' dir='ltr'><strong>ω.</strong></span> 
     </span>
    </p>
   </div>
   <div class='ocr_carea' id='block_1_93' title="bbox 292 5808 1810 5943">
    <p class='ocr_par' dir='ltr' id='par_1_93' title="bbox 292 5808 1810 5943">
     <span class='ocr_line' id='line_1_93' title="bbox 292 5808 1391 5871; baseline -0.014 -14"><span class='ocrx_word' id='word_1_685' title='bbox 292 5808 349 5871; x_wconf 64' lang='grc' dir='ltr'><strong>ιε</strong></span> <span class='ocrx_word' id='word_1_686' title='bbox 400 5808 542 5854; x_wconf 76' lang='lat' dir='ltr'><strong>Sur.</strong></span> <span class='ocrx_word' id='word_1_687' title='bbox 566 5808 658 5862; x_wconf 67' lang='grc' dir='ltr'>ιλ,</span> <span class='ocrx_word' id='word_1_688' title='bbox 688 5808 780 5860; x_wconf 69' lang='grc' dir='ltr'><strong>δῖ),</strong></span> <span class='ocrx_word' id='word_1_689' title='bbox 803 5808 895 5850; x_wconf 75' lang='lat' dir='ltr'><strong>7&#39;s.</strong></span> <span class='ocrx_word' id='word_1_690' title='bbox 1384 5862 1391 5869; x_wconf 31' lang='lat'><em>.</em></span> 
     </span>
     <span class='ocr_line' id='line_1_94' title="bbox 292 5808 1810 5943; baseline -0.01 -16"><span class='ocrx_word' id='word_1_691' title='bbox 292 5808 371 5943; x_wconf 48' lang='lat' dir='ltr'><strong>(Si</strong></span> <span class='ocrx_word' id='word_1_692' title='bbox 394 5870 475 5926; x_wconf 79' lang='lat' dir='ltr'><strong>Ita</strong></span> <span class='ocrx_word' id='word_1_693' title='bbox 493 5867 558 5922; x_wconf 77' lang='lat' dir='ltr'><strong>in</strong></span> <span class='ocrx_word' id='word_1_694' title='bbox 588 5867 772 5923; x_wconf 85' lang='lat' dir='ltr'><strong>codice</strong></span> <span class='ocrx_word' id='word_1_695' title='bbox 794 5865 986 5921; x_wconf 57' lang='lat' dir='ltr'><strong>Graeco</strong></span> <span class='ocrx_word' id='word_1_696' title='bbox 1011 5870 1116 5929; x_wconf 88' lang='lat' dir='ltr'><strong>est,</strong></span> <span class='ocrx_word' id='word_1_697' title='bbox 1148 5861 1298 5927; x_wconf 87' lang='grc' dir='ltr'>Υἱός,</span> <span class='ocrx_word' id='word_1_698' title='bbox 1331 5860 1524 5916; x_wconf 78' lang='lat' dir='ltr'><strong>Filius.</strong></span> <span class='ocrx_word' id='word_1_699' title='bbox 1552 5862 1620 5916; x_wconf 81' lang='lat' dir='ltr'><strong>At</strong></span> <span class='ocrx_word' id='word_1_700' title='bbox 1648 5859 1810 5915; x_wconf 78' lang='lat' dir='ltr'><strong>Arah.</strong></span> 
     </span>
    </p>
   </div>
   <div class='ocr_carea' id='block_1_94' title="bbox 1887 3396 3467 3469">
    <p class='ocr_par' dir='ltr' id='par_1_94' title="bbox 1887 3396 3467 3469">
     <span class='ocr_line' id='line_1_95' title="bbox 1887 3396 3467 3469; baseline 0.005 -19"><span class='ocrx_word' id='word_1_701' title='bbox 1887 3396 2127 3465; x_wconf 86' lang='lat' dir='ltr'><strong>signum,</strong></span> <span class='ocrx_word' id='word_1_702' title='bbox 2159 3396 2442 3465; x_wconf 89' lang='lat' dir='ltr'><strong>perspicue</strong></span> <span class='ocrx_word' id='word_1_703' title='bbox 2486 3396 2539 3450; x_wconf 90' lang='lat' dir='ltr'><strong>in</strong></span> <span class='ocrx_word' id='word_1_704' title='bbox 2599 3396 2919 3453; x_wconf 81' lang='lat' dir='ltr'><strong>Mohamede</strong></span> <span class='ocrx_word' id='word_1_705' title='bbox 2964 3401 3284 3469; x_wconf 87' lang='lat' dir='ltr'><strong>conspicere</strong></span> <span class='ocrx_word' id='word_1_706' title='bbox 3321 3402 3467 3458; x_wconf 91' lang='lat' dir='ltr'><strong>licet.</strong></span> 
     </span>
    </p>
   </div>
   <div class='ocr_carea' id='block_1_95' title="bbox 1887 3487 3470 3563">
    <p class='ocr_par' dir='ltr' id='par_1_95' title="bbox 1887 3487 3470 3563">
     <span class='ocr_line' id='line_1_96' title="bbox 1887 3487 3470 3563; baseline 0.005 -22"><span class='ocrx_word' id='word_1_707' title='bbox 1887 3488 1977 3541; x_wconf 84' lang='lat' dir='ltr'><strong>Ait</strong></span> <span class='ocrx_word' id='word_1_708' title='bbox 2024 3488 2169 3541; x_wconf 87' lang='lat' dir='ltr'><strong>enim</strong></span> <span class='ocrx_word' id='word_1_709' title='bbox 2222 3504 2236 3539; x_wconf 89' lang='lat'><strong>:</strong></span> <span class='ocrx_word' id='word_1_710' title='bbox 2288 3504 2306 3538; x_wconf 74' lang='grc' dir='ltr'><strong>ι</strong></span> <span class='ocrx_word' id='word_1_711' title='bbox 2354 3487 2580 3541; x_wconf 85' lang='lat' dir='ltr'><strong>Etiamsi</strong></span> <span class='ocrx_word' id='word_1_712' title='bbox 2636 3488 2867 3542; x_wconf 86' lang='lat' dir='ltr'><strong>moleste</strong></span> <span class='ocrx_word' id='word_1_713' title='bbox 2945 3490 3124 3545; x_wconf 83' lang='lat' dir='ltr'><strong>ferant</strong></span> <span class='ocrx_word' id='word_1_714' title='bbox 3183 3502 3470 3563; x_wconf 82' lang='lat' dir='ltr'><strong>negantes,</strong></span> 
     </span>
    </p>
   </div>
   <div class='ocr_carea' id='block_1_96' title="bbox 1890 3579 3465 3649">
    <p class='ocr_par' dir='ltr' id='par_1_96' title="bbox 1890 3579 3465 3649">
     <span class='ocr_line' id='line_1_97' title="bbox 1890 3579 3465 3649; baseline 0.006 -17"><span class='ocrx_word' id='word_1_715' title='bbox 1890 3579 2031 3634; x_wconf 86' lang='lat' dir='ltr'><strong>D&#39;cns</strong></span> <span class='ocrx_word' id='word_1_716' title='bbox 2053 3588 2136 3634; x_wconf 80' lang='lat' dir='ltr'><strong>est</strong></span> <span class='ocrx_word' id='word_1_717' title='bbox 2167 3579 2259 3648; x_wconf 89' lang='lat' dir='ltr'><strong>qui</strong></span> <span class='ocrx_word' id='word_1_718' title='bbox 2320 3580 2470 3633; x_wconf 90' lang='lat' dir='ltr'><strong>misit</strong></span> <span class='ocrx_word' id='word_1_719' title='bbox 2517 3580 2750 3649; x_wconf 75' lang='lat' dir='ltr'><strong>legatum</strong></span> <span class='ocrx_word' id='word_1_720' title='bbox 2785 3597 2971 3646; x_wconf 87' lang='lat' dir='ltr'><strong>suum,</strong></span> <span class='ocrx_word' id='word_1_721' title='bbox 3006 3584 3077 3637; x_wconf 88' lang='lat' dir='ltr'><strong>ob</strong></span> <span class='ocrx_word' id='word_1_722' title='bbox 3102 3583 3465 3641; x_wconf 83' lang='lat' dir='ltr'><strong>directionem</strong></span> 
     </span>
    </p>
   </div>
   <div class='ocr_carea' id='block_1_97' title="bbox 1892 3671 3466 3742">
    <p class='ocr_par' dir='ltr' id='par_1_97' title="bbox 1892 3671 3466 3742">
     <span class='ocr_line' id='line_1_98' title="bbox 1892 3671 3466 3742; baseline 0.004 -19"><span class='ocrx_word' id='word_1_723' title='bbox 1892 3688 2185 3742; x_wconf 70' lang='lat' dir='ltr'><strong>veramque</strong></span> <span class='ocrx_word' id='word_1_724' title='bbox 2215 3671 2587 3741; x_wconf 85' lang='lat' dir='ltr'><strong>tidem,atque</strong></span> <span class='ocrx_word' id='word_1_725' title='bbox 2616 3680 2675 3727; x_wconf 90' lang='lat' dir='ltr'><strong>ut</strong></span> <span class='ocrx_word' id='word_1_726' title='bbox 2697 3673 3011 3729; x_wconf 90' lang='lat' dir='ltr'><strong>dominetur</strong></span> <span class='ocrx_word' id='word_1_727' title='bbox 3028 3677 3249 3731; x_wconf 87' lang='lat' dir='ltr'><strong>cuilibet</strong></span> <span class='ocrx_word' id='word_1_728' title='bbox 3267 3678 3411 3733; x_wconf 87' lang='lat' dir='ltr'><strong>ﬁdei.</strong></span> <span class='ocrx_word' id='word_1_729' title='bbox 3446 3700 3466 3730; x_wconf 75' lang='grc' dir='ltr'><strong>ι</strong></span> 
     </span>
    </p>
   </div>
   <div class='ocr_carea' id='block_1_98' title="bbox 1891 3764 3472 3834">
    <p class='ocr_par' dir='ltr' id='par_1_98' title="bbox 1891 3764 3472 3834">
     <span class='ocr_line' id='line_1_99' title="bbox 1891 3764 3472 3834; baseline 0.003 -15"><span class='ocrx_word' id='word_1_730' title='bbox 1891 3764 2006 3820; x_wconf 88' lang='lat' dir='ltr'><strong>lloc</strong></span> <span class='ocrx_word' id='word_1_731' title='bbox 2062 3764 2290 3834; x_wconf 89' lang='lat' dir='ltr'><strong>perinde</strong></span> <span class='ocrx_word' id='word_1_732' title='bbox 2344 3773 2429 3819; x_wconf 90' lang='lat' dir='ltr'><strong>est</strong></span> <span class='ocrx_word' id='word_1_733' title='bbox 2462 3776 2627 3834; x_wconf 88' lang='lat' dir='ltr'><strong>atque</strong></span> <span class='ocrx_word' id='word_1_734' title='bbox 2680 3765 2808 3819; x_wconf 89' lang='lat' dir='ltr'><strong>illud</strong></span> <span class='ocrx_word' id='word_1_735' title='bbox 2850 3784 2863 3819; x_wconf 90' lang='lat'><strong>:</strong></span> <span class='ocrx_word' id='word_1_736' title='bbox 2905 3765 3008 3831; x_wconf 81' lang='lat' dir='ltr'><strong>Qui</strong></span> <span class='ocrx_word' id='word_1_737' title='bbox 3063 3768 3376 3822; x_wconf 70' lang='lat' dir='ltr'><strong>adversatur</strong></span> <span class='ocrx_word' id='word_1_738' title='bbox 3422 3781 3472 3823; x_wconf 82' lang='lat' dir='ltr'><strong>et</strong></span> 
     </span>
    </p>
   </div>
   <div class='ocr_carea' id='block_1_99' title="bbox 1894 3855 3475 3930">
    <p class='ocr_par' dir='ltr' id='par_1_99' title="bbox 1894 3855 3475 3930">
     <span class='ocr_line' id='line_1_100' title="bbox 1894 3855 3475 3930; baseline 0.002 -21"><span class='ocrx_word' id='word_1_739' title='bbox 1894 3855 2172 3909; x_wconf 74' lang='lat' dir='ltr'><strong>extollitur</strong></span> <span class='ocrx_word' id='word_1_740' title='bbox 2206 3871 2370 3923; x_wconf 80' lang='lat' dir='ltr'><strong>supra</strong></span> <span class='ocrx_word' id='word_1_741' title='bbox 2426 3872 2577 3908; x_wconf 87' lang='lat' dir='ltr'><strong>omne</strong></span> <span class='ocrx_word' id='word_1_742' title='bbox 2604 3859 2741 3926; x_wconf 86' lang='lat' dir='ltr'><strong>quod</strong></span> <span class='ocrx_word' id='word_1_743' title='bbox 2771 3856 2969 3910; x_wconf 85' lang='lat' dir='ltr'><strong>dicitur</strong></span> <span class='ocrx_word' id='word_1_744' title='bbox 3003 3857 3165 3923; x_wconf 86' lang='lat' dir='ltr'><strong>Deus,</strong></span> <span class='ocrx_word' id='word_1_745' title='bbox 3196 3869 3289 3911; x_wconf 85' lang='lat' dir='ltr'><strong>aut</strong></span> <span class='ocrx_word' id='word_1_746' title='bbox 3335 3862 3475 3930; x_wconf 84' lang='lat' dir='ltr'><strong>quod</strong></span> 
     </span>
    </p>
   </div>
   <div class='ocr_carea' id='block_1_100' title="bbox 1895 3948 3478 4016">
    <p class='ocr_par' dir='ltr' id='par_1_100' title="bbox 1895 3948 3478 4016">
     <span class='ocr_line' id='line_1_101' title="bbox 1895 3948 3478 4016; baseline 0.001 -13"><span class='ocrx_word' id='word_1_747' title='bbox 1895 3950 2087 4003; x_wconf 81' lang='lat' dir='ltr'><strong>colitur</strong></span> <span class='ocrx_word' id='word_1_748' title='bbox 2120 3949 2183 4013; x_wconf 73' lang='grc'><strong>³⁸,</strong></span> <span class='ocrx_word' id='word_1_749' title='bbox 2242 3949 2292 4003; x_wconf 91' lang='lat' dir='ltr'><strong>id</strong></span> <span class='ocrx_word' id='word_1_750' title='bbox 2329 3958 2431 4012; x_wconf 87' lang='lat' dir='ltr'><strong>est,</strong></span> <span class='ocrx_word' id='word_1_751' title='bbox 2484 3948 2630 4016; x_wconf 90' lang='lat' dir='ltr'><strong>quod</strong></span> <span class='ocrx_word' id='word_1_752' title='bbox 2671 3964 2899 4016; x_wconf 83' lang='lat' dir='ltr'><strong>prorsus</strong></span> <span class='ocrx_word' id='word_1_753' title='bbox 2950 3948 3174 4003; x_wconf 88' lang='lat' dir='ltr'><strong>cuilibet</strong></span> <span class='ocrx_word' id='word_1_754' title='bbox 3208 3950 3332 4004; x_wconf 88' lang='lat' dir='ltr'><strong>ﬁdei</strong></span> <span class='ocrx_word' id='word_1_755' title='bbox 3377 3951 3478 4005; x_wconf 92' lang='lat' dir='ltr'><strong>do-</strong></span> 
     </span>
    </p>
   </div>
   <div class='ocr_carea' id='block_1_101' title="bbox 1896 4040 3473 4111">
    <p class='ocr_par' dir='ltr' id='par_1_101' title="bbox 1896 4040 3473 4111">
     <span class='ocr_line' id='line_1_102' title="bbox 1896 4040 3473 4111; baseline 0 -15"><span class='ocrx_word' id='word_1_756' title='bbox 1896 4045 2159 4096; x_wconf 89' lang='lat' dir='ltr'><strong>minatur.</strong></span> <span class='ocrx_word' id='word_1_757' title='bbox 2221 4040 2364 4111; x_wconf 82' lang='lat' dir='ltr'><strong>Ergo</strong></span> <span class='ocrx_word' id='word_1_758' title='bbox 2422 4040 2565 4109; x_wconf 90' lang='lat' dir='ltr'><strong>apud</strong></span> <span class='ocrx_word' id='word_1_759' title='bbox 2622 4041 2768 4094; x_wconf 85' lang='lat' dir='ltr'><strong>hunc</strong></span> <span class='ocrx_word' id='word_1_760' title='bbox 2817 4040 3121 4110; x_wconf 85' lang='lat' dir='ltr'><strong>despicatui</strong></span> <span class='ocrx_word' id='word_1_761' title='bbox 3176 4049 3261 4096; x_wconf 89' lang='lat' dir='ltr'><strong>est</strong></span> <span class='ocrx_word' id='word_1_762' title='bbox 3309 4042 3473 4096; x_wconf 87' lang='lat' dir='ltr'><strong>etiam</strong></span> 
     </span>
    </p>
   </div>
   <div class='ocr_carea' id='block_1_102' title="bbox 1898 4133 3475 4203">
    <p class='ocr_par' dir='ltr' id='par_1_102' title="bbox 1898 4133 3475 4203">
     <span class='ocr_line' id='line_1_103' title="bbox 1898 4133 3475 4203; baseline 0 -14"><span class='ocrx_word' id='word_1_763' title='bbox 1898 4134 2034 4189; x_wconf 84' lang='lat' dir='ltr'><strong>ﬁdes</strong></span> <span class='ocrx_word' id='word_1_764' title='bbox 2063 4133 2385 4197; x_wconf 84' lang='lat' dir='ltr'><strong>Abrahami,</strong></span> <span class='ocrx_word' id='word_1_765' title='bbox 2415 4134 2481 4186; x_wconf 89' lang='lat' dir='ltr'><strong>ad</strong></span> <span class='ocrx_word' id='word_1_766' title='bbox 2508 4133 2667 4201; x_wconf 86' lang='lat' dir='ltr'><strong>cujus</strong></span> <span class='ocrx_word' id='word_1_767' title='bbox 2697 4148 2947 4185; x_wconf 86' lang='lat' dir='ltr'><strong>normam</strong></span> <span class='ocrx_word' id='word_1_768' title='bbox 2989 4146 3049 4187; x_wconf 91' lang='lat' dir='ltr'><strong>se</strong></span> <span class='ocrx_word' id='word_1_769' title='bbox 3093 4148 3313 4203; x_wconf 88' lang='lat' dir='ltr'><strong>quoque</strong></span> <span class='ocrx_word' id='word_1_770' title='bbox 3354 4149 3475 4190; x_wconf 89' lang='lat' dir='ltr'><strong>cre-</strong></span> 
     </span>
    </p>
   </div>
   <div class='ocr_carea' id='block_1_103' title="bbox 1900 4223 3476 4291">
    <p class='ocr_par' dir='ltr' id='par_1_103' title="bbox 1900 4223 3476 4291">
     <span class='ocr_line' id='line_1_104' title="bbox 1900 4223 3476 4291; baseline 0 -13"><span class='ocrx_word' id='word_1_771' title='bbox 1900 4224 2030 4279; x_wconf 83' lang='lat' dir='ltr'><strong>dere</strong></span> <span class='ocrx_word' id='word_1_772' title='bbox 2061 4224 2445 4279; x_wconf 73' lang='lat' dir='ltr'><strong>existimabat:</strong></span> <span class='ocrx_word' id='word_1_773' title='bbox 2485 4230 2650 4291; x_wconf 89' lang='lat' dir='ltr'><strong>atque</strong></span> <span class='ocrx_word' id='word_1_774' title='bbox 2697 4223 2947 4276; x_wconf 77' lang='lat' dir='ltr'><strong>exsulllat</strong></span> <span class='ocrx_word' id='word_1_775' title='bbox 3007 4238 3116 4277; x_wconf 89' lang='lat' dir='ltr'><strong>non</strong></span> <span class='ocrx_word' id='word_1_776' title='bbox 3150 4224 3323 4290; x_wconf 76' lang='lat' dir='ltr'><strong>legem</strong></span> <span class='ocrx_word' id='word_1_777' title='bbox 3354 4233 3476 4279; x_wconf 89' lang='lat' dir='ltr'><strong>tan-</strong></span> 
     </span>
    </p>
   </div>
   <div class='ocr_carea' id='block_1_104' title="bbox 1904 4314 3476 4385">
    <p class='ocr_par' dir='ltr' id='par_1_104' title="bbox 1904 4314 3476 4385">
     <span class='ocr_line' id='line_1_105' title="bbox 1904 4314 3476 4385; baseline -0.003 -11"><span class='ocrx_word' id='word_1_778' title='bbox 1904 4319 2189 4374; x_wconf 89' lang='lat' dir='ltr'><strong>tummodo</strong></span> <span class='ocrx_word' id='word_1_779' title='bbox 2242 4326 2296 4372; x_wconf 88' lang='lat' dir='ltr'><strong>et</strong></span> <span class='ocrx_word' id='word_1_780' title='bbox 2356 4314 2751 4385; x_wconf 82' lang='lat' dir='ltr'><strong>Evangelium;</strong></span> <span class='ocrx_word' id='word_1_781' title='bbox 2799 4331 2858 4370; x_wconf 90' lang='lat' dir='ltr'><strong>se</strong></span> <span class='ocrx_word' id='word_1_782' title='bbox 2881 4317 3027 4369; x_wconf 84' lang='lat' dir='ltr'><strong>enim</strong></span> <span class='ocrx_word' id='word_1_783' title='bbox 3081 4316 3307 4371; x_wconf 80' lang='lat' dir='ltr'><strong>cuilibet</strong></span> <span class='ocrx_word' id='word_1_784' title='bbox 3354 4316 3476 4371; x_wconf 86' lang='lat' dir='ltr'><strong>ﬁdci</strong></span> 
     </span>
    </p>
   </div>
   <div class='ocr_carea' id='block_1_105' title="bbox 1905 4404 3480 4479">
    <p class='ocr_par' dir='ltr' id='par_1_105' title="bbox 1905 4404 3480 4479">
     <span class='ocr_line' id='line_1_106' title="bbox 1905 4404 3480 4479; baseline -0.001 -15"><span class='ocrx_word' id='word_1_785' title='bbox 1905 4410 2245 4479; x_wconf 87' lang='lat' dir='ltr'><strong>superiorem</strong></span> <span class='ocrx_word' id='word_1_786' title='bbox 2273 4408 2441 4474; x_wconf 89' lang='lat' dir='ltr'><strong>dicit;</strong></span> <span class='ocrx_word' id='word_1_787' title='bbox 2485 4422 2752 4475; x_wconf 86' lang='lat' dir='ltr'><strong>suamque</strong></span> <span class='ocrx_word' id='word_1_788' title='bbox 2784 4422 2967 4460; x_wconf 75' lang='lat' dir='ltr'><strong>veram</strong></span> <span class='ocrx_word' id='word_1_789' title='bbox 2997 4404 3228 4461; x_wconf 81' lang='lat' dir='ltr'><strong>aﬂirmat</strong></span> <span class='ocrx_word' id='word_1_790' title='bbox 3253 4408 3480 4477; x_wconf 86' lang='lat' dir='ltr'><strong>reliquis</strong></span> 
     </span>
    </p>
   </div>
   <div class='ocr_carea' id='block_1_106' title="bbox 1906 4496 3479 4568">
    <p class='ocr_par' dir='ltr' id='par_1_106' title="bbox 1906 4496 3479 4568">
     <span class='ocr_line' id='line_1_107' title="bbox 1906 4496 3479 4568; baseline -0.003 -13"><span class='ocrx_word' id='word_1_791' title='bbox 1906 4509 2303 4568; x_wconf 87' lang='lat' dir='ltr'><strong>comparatam.</strong></span> <span class='ocrx_word' id='word_1_792' title='bbox 2339 4496 2569 4567; x_wconf 88' lang='lat' dir='ltr'><strong>Jamque</strong></span> <span class='ocrx_word' id='word_1_793' title='bbox 2591 4512 2692 4567; x_wconf 78' lang='lat' dir='ltr'><strong>ego</strong></span> <span class='ocrx_word' id='word_1_794' title='bbox 2722 4513 2828 4551; x_wconf 90' lang='lat' dir='ltr'><strong>non</strong></span> <span class='ocrx_word' id='word_1_795' title='bbox 2863 4498 3101 4566; x_wconf 80' lang='lat' dir='ltr'><strong>ambigo,</strong></span> <span class='ocrx_word' id='word_1_796' title='bbox 3145 4498 3292 4551; x_wconf 84' lang='lat' dir='ltr'><strong>hunc</strong></span> <span class='ocrx_word' id='word_1_797' title='bbox 3323 4498 3479 4552; x_wconf 85' lang='lat' dir='ltr'><strong>dein-</strong></span> 
     </span>
    </p>
   </div>
   <div class='ocr_carea' id='block_1_107' title="bbox 1908 4587 3477 4659">
    <p class='ocr_par' dir='ltr' id='par_1_107' title="bbox 1908 4587 3477 4659">
     <span class='ocr_line' id='line_1_108' title="bbox 1908 4587 3477 4659; baseline -0.004 -15"><span class='ocrx_word' id='word_1_798' title='bbox 1908 4606 2036 4659; x_wconf 73' lang='lat' dir='ltr'><strong>ceps</strong></span> <span class='ocrx_word' id='word_1_799' title='bbox 2094 4589 2494 4643; x_wconf 81' lang='lat' dir='ltr'><strong>Autichristum</strong></span> <span class='ocrx_word' id='word_1_800' title='bbox 2521 4587 2796 4656; x_wconf 85' lang='lat' dir='ltr'><strong>judicare,</strong></span> <span class='ocrx_word' id='word_1_801' title='bbox 2824 4587 3135 4655; x_wconf 88' lang='lat' dir='ltr'><strong>cujusmodi</strong></span> <span class='ocrx_word' id='word_1_802' title='bbox 3163 4602 3352 4656; x_wconf 89' lang='lat' dir='ltr'><strong>reapse</strong></span> <span class='ocrx_word' id='word_1_803' title='bbox 3372 4596 3477 4642; x_wconf 88' lang='lat' dir='ltr'><strong>est.</strong></span> 
     </span>
    </p>
   </div>
   <div class='ocr_carea' id='block_1_108' title="bbox 1908 4678 3482 4748">
    <p class='ocr_par' dir='ltr' id='par_1_108' title="bbox 1908 4678 3482 4748">
     <span class='ocr_line' id='line_1_109' title="bbox 1908 4678 3482 4748; baseline -0.002 -13"><span class='ocrx_word' id='word_1_804' title='bbox 1908 4681 2077 4735; x_wconf 87' lang='lat' dir='ltr'><strong>Paulo</strong></span> <span class='ocrx_word' id='word_1_805' title='bbox 2112 4688 2292 4733; x_wconf 87' lang='lat' dir='ltr'><strong>autem</strong></span> <span class='ocrx_word' id='word_1_806' title='bbox 2326 4688 2446 4748; x_wconf 89' lang='lat' dir='ltr'><strong>post</strong></span> <span class='ocrx_word' id='word_1_807' title='bbox 2464 4688 2811 4747; x_wconf 79' lang='lat' dir='ltr'><strong>apparetqua</strong></span> <span class='ocrx_word' id='word_1_808' title='bbox 2835 4686 2983 4732; x_wconf 92' lang='lat' dir='ltr'><strong>totus</strong></span> <span class='ocrx_word' id='word_1_809' title='bbox 3008 4678 3127 4746; x_wconf 86' lang='lat' dir='ltr'><strong>ejus</strong></span> <span class='ocrx_word' id='word_1_810' title='bbox 3159 4679 3482 4733; x_wconf 79' lang='lat' dir='ltr'><strong>adversandi</strong></span> 
     </span>
    </p>
   </div>
   <div class='ocr_carea' id='block_1_109' title="bbox 1904 4769 3481 4839">
    <p class='ocr_par' dir='ltr' id='par_1_109' title="bbox 1904 4769 3481 4839">
     <span class='ocr_line' id='line_1_110' title="bbox 1904 4769 3481 4839; baseline -0.001 -15"><span class='ocrx_word' id='word_1_811' title='bbox 1904 4771 2015 4826; x_wconf 89' lang='lat' dir='ltr'><strong>Deo</strong></span> <span class='ocrx_word' id='word_1_812' title='bbox 2070 4786 2268 4839; x_wconf 86' lang='lat' dir='ltr'><strong>scopus</strong></span> <span class='ocrx_word' id='word_1_813' title='bbox 2331 4771 2708 4823; x_wconf 80' lang='lat' dir='ltr'><strong>tendat:nam</strong></span> <span class='ocrx_word' id='word_1_814' title='bbox 2756 4771 2848 4839; x_wconf 91' lang='lat' dir='ltr'><strong>qui</strong></span> <span class='ocrx_word' id='word_1_815' title='bbox 2911 4769 3179 4823; x_wconf 89' lang='lat' dir='ltr'><strong>hactenus</strong></span> <span class='ocrx_word' id='word_1_816' title='bbox 3229 4770 3339 4823; x_wconf 90' lang='lat' dir='ltr'><strong>Deo</strong></span> <span class='ocrx_word' id='word_1_817' title='bbox 3376 4786 3481 4824; x_wconf 90' lang='lat' dir='ltr'><strong>non</strong></span> 
     </span>
    </p>
   </div>
   <div class='ocr_carea' id='block_1_110' title="bbox 1903 4862 3487 4927">
    <p class='ocr_par' dir='ltr' id='par_1_110' title="bbox 1903 4862 3487 4927">
     <span class='ocr_line' id='line_1_111' title="bbox 1903 4862 3487 4927; baseline -0.002 -7"><span class='ocrx_word' id='word_1_818' title='bbox 1903 4882 2023 4920; x_wconf 89' lang='lat' dir='ltr'><strong>esse</strong></span> <span class='ocrx_word' id='word_1_819' title='bbox 2053 4864 2249 4918; x_wconf 86' lang='lat' dir='ltr'><strong>Filium</strong></span> <span class='ocrx_word' id='word_1_820' title='bbox 2282 4863 2658 4927; x_wconf 90' lang='lat' dir='ltr'><strong>contenderat,</strong></span> <span class='ocrx_word' id='word_1_821' title='bbox 2695 4862 2840 4916; x_wconf 90' lang='lat' dir='ltr'><strong>haud</strong></span> <span class='ocrx_word' id='word_1_822' title='bbox 2896 4863 2999 4916; x_wconf 87' lang='lat' dir='ltr'><strong>sibi</strong></span> <span class='ocrx_word' id='word_1_823' title='bbox 3048 4864 3327 4917; x_wconf 87' lang='lat' dir='ltr'><strong>conlidens</strong></span> <span class='ocrx_word' id='word_1_824' title='bbox 3359 4862 3487 4917; x_wconf 76' lang='lat' dir='ltr'><strong>talia</strong></span> 
     </span>
    </p>
   </div>
   <div class='ocr_carea' id='block_1_111' title="bbox 1907 4953 3483 5023">
    <p class='ocr_par' dir='ltr' id='par_1_111' title="bbox 1907 4953 3483 5023">
     <span class='ocr_line' id='line_1_112' title="bbox 1907 4953 3483 5023; baseline 0 -16"><span class='ocrx_word' id='word_1_825' title='bbox 1907 4959 2085 5012; x_wconf 77' lang='lat' dir='ltr'><strong>verbis</strong></span> <span class='ocrx_word' id='word_1_826' title='bbox 2149 4957 2447 5019; x_wconf 85' lang='lat' dir='ltr'><strong>vindicare,</strong></span> <span class='ocrx_word' id='word_1_827' title='bbox 2503 4964 2762 5023; x_wconf 87' lang='lat' dir='ltr'><strong>reputans</strong></span> <span class='ocrx_word' id='word_1_828' title='bbox 2824 4964 3008 5009; x_wconf 88' lang='lat' dir='ltr'><strong>tamen</strong></span> <span class='ocrx_word' id='word_1_829' title='bbox 3072 4953 3305 5009; x_wconf 82' lang='lat' dir='ltr'><strong>for:asse</strong></span> <span class='ocrx_word' id='word_1_830' title='bbox 3369 4954 3483 5023; x_wconf 85' lang='lat' dir='ltr'><strong>jam</strong></span> 
     </span>
    </p>
   </div>
   <div class='ocr_carea' id='block_1_112' title="bbox 1907 5047 3485 5116">
    <p class='ocr_par' dir='ltr' id='par_1_112' title="bbox 1907 5047 3485 5116">
     <span class='ocr_line' id='line_1_113' title="bbox 1907 5047 3485 5116; baseline 0 -15"><span class='ocrx_word' id='word_1_831' title='bbox 1907 5049 2129 5112; x_wconf 86' lang='lat' dir='ltr'><strong>habere,</strong></span> <span class='ocrx_word' id='word_1_832' title='bbox 2164 5048 2304 5102; x_wconf 90' lang='lat' dir='ltr'><strong>hanc</strong></span> <span class='ocrx_word' id='word_1_833' title='bbox 2331 5048 2439 5101; x_wconf 86' lang='lat' dir='ltr'><strong>sibi</strong></span> <span class='ocrx_word' id='word_1_834' title='bbox 2474 5061 2765 5116; x_wconf 87' lang='lat' dir='ltr'><strong>personam</strong></span> <span class='ocrx_word' id='word_1_835' title='bbox 2799 5063 2905 5101; x_wconf 88' lang='lat' dir='ltr'><strong>non</strong></span> <span class='ocrx_word' id='word_1_836' title='bbox 2937 5047 3134 5110; x_wconf 85' lang='lat' dir='ltr'><strong>induit,</strong></span> <span class='ocrx_word' id='word_1_837' title='bbox 3169 5056 3485 5116; x_wconf 89' lang='lat' dir='ltr'><strong>quanquam</strong></span> 
     </span>
    </p>
   </div>
   <div class='ocr_carea' id='block_1_113' title="bbox 1909 5138 3485 5209">
    <p class='ocr_par' dir='ltr' id='par_1_113' title="bbox 1909 5138 3485 5209">
     <span class='ocr_line' id='line_1_114' title="bbox 1909 5138 3485 5209; baseline -0.002 -14"><span class='ocrx_word' id='word_1_838' title='bbox 1909 5141 2125 5209; x_wconf 84' lang='lat' dir='ltr'><strong>oblique</strong></span> <span class='ocrx_word' id='word_1_839' title='bbox 2154 5140 2205 5193; x_wconf 90' lang='lat' dir='ltr'><strong>id</strong></span> <span class='ocrx_word' id='word_1_840' title='bbox 2231 5140 2342 5209; x_wconf 78' lang='lat' dir='ltr'><strong>agit</strong></span> <span class='ocrx_word' id='word_1_841' title='bbox 2379 5158 2391 5193; x_wconf 90' lang='lat'><strong>:</strong></span> <span class='ocrx_word' id='word_1_842' title='bbox 2425 5138 2649 5193; x_wconf 88' lang='lat' dir='ltr'><strong>simulat</strong></span> <span class='ocrx_word' id='word_1_843' title='bbox 2679 5138 2864 5208; x_wconf 85' lang='lat' dir='ltr'><strong>itaque</strong></span> <span class='ocrx_word' id='word_1_844' title='bbox 2892 5147 2946 5193; x_wconf 90' lang='lat' dir='ltr'><strong>et</strong></span> <span class='ocrx_word' id='word_1_845' title='bbox 2972 5138 3229 5209; x_wconf 87' lang='lat' dir='ltr'><strong>conﬁngit</strong></span> <span class='ocrx_word' id='word_1_846' title='bbox 3272 5149 3485 5208; x_wconf 90' lang='lat' dir='ltr'><strong>turpem</strong></span> 
     </span>
    </p>
   </div>
   <div class='ocr_carea' id='block_1_114' title="bbox 1912 5230 3490 5301">
    <p class='ocr_par' dir='ltr' id='par_1_114' title="bbox 1912 5230 3490 5301">
     <span class='ocr_line' id='line_1_115' title="bbox 1912 5230 3490 5301; baseline -0.001 -16"><span class='ocrx_word' id='word_1_847' title='bbox 1912 5234 2205 5287; x_wconf 85' lang='lat' dir='ltr'><strong>admodum</strong></span> <span class='ocrx_word' id='word_1_848' title='bbox 2236 5233 2615 5295; x_wconf 86' lang='lat' dir='ltr'><strong>stoliditatem,</strong></span> <span class='ocrx_word' id='word_1_849' title='bbox 2652 5231 2837 5301; x_wconf 89' lang='lat' dir='ltr'><strong>aitque</strong></span> <span class='ocrx_word' id='word_1_850' title='bbox 2890 5249 2903 5284; x_wconf 93' lang='lat'>:</span> <span class='ocrx_word' id='word_1_851' title='bbox 2945 5249 2963 5282; x_wconf 70' lang='grc' dir='ltr'><strong>ι</strong></span> <span class='ocrx_word' id='word_1_852' title='bbox 2998 5230 3253 5285; x_wconf 89' lang='lat' dir='ltr'><strong>Nonnulli</strong></span> <span class='ocrx_word' id='word_1_853' title='bbox 3287 5232 3490 5285; x_wconf 67' lang='lat' dir='ltr'><strong>laedunt</strong></span> 
     </span>
    </p>
   </div>
   <div class='ocr_carea' id='block_1_115' title="bbox 1921 5322 3492 5396">
    <p class='ocr_par' dir='ltr' id='par_1_115' title="bbox 1921 5322 3492 5396">
     <span class='ocr_line' id='line_1_116' title="bbox 1921 5322 3492 5396; baseline -0.001 -20"><span class='ocrx_word' id='word_1_854' title='bbox 1921 5326 2265 5396; x_wconf 88' lang='lat' dir='ltr'><strong>prophetam,</strong></span> <span class='ocrx_word' id='word_1_855' title='bbox 2294 5325 2592 5392; x_wconf 89' lang='lat' dir='ltr'><strong>dicuntque</strong></span> <span class='ocrx_word' id='word_1_856' title='bbox 2620 5324 2796 5393; x_wconf 88' lang='lat' dir='ltr'><strong>ipsum</strong></span> <span class='ocrx_word' id='word_1_857' title='bbox 2827 5338 2948 5379; x_wconf 85' lang='lat' dir='ltr'><strong>esse</strong></span> <span class='ocrx_word' id='word_1_858' title='bbox 2980 5322 3178 5377; x_wconf 82' lang='lat' dir='ltr'><strong>Filium</strong></span> <span class='ocrx_word' id='word_1_859' title='bbox 3211 5322 3326 5376; x_wconf 87' lang='lat' dir='ltr'><strong>Dei.</strong></span> <span class='ocrx_word' id='word_1_860' title='bbox 3367 5342 3385 5374; x_wconf 82' lang='grc' dir='ltr'><strong>ι</strong></span> <span class='ocrx_word' id='word_1_861' title='bbox 3427 5323 3492 5376; x_wconf 66' lang='lat' dir='ltr'><strong>lit</strong></span> 
     </span>
    </p>
   </div>
   <div class='ocr_carea' id='block_1_116' title="bbox 1919 5414 3486 5481">
    <p class='ocr_par' dir='ltr' id='par_1_116' title="bbox 1919 5414 3486 5481">
     <span class='ocr_line' id='line_1_117' title="bbox 1919 5414 3486 5481; baseline -0.001 -12"><span class='ocrx_word' id='word_1_862' title='bbox 1919 5431 2029 5470; x_wconf 90' lang='lat' dir='ltr'><strong>non</strong></span> <span class='ocrx_word' id='word_1_863' title='bbox 2092 5417 2225 5471; x_wconf 79' lang='lat' dir='ltr'><strong>dixit</strong></span> <span class='ocrx_word' id='word_1_864' title='bbox 2260 5415 2542 5471; x_wconf 76' lang='lat' dir='ltr'><strong>exclusivo</strong></span> <span class='ocrx_word' id='word_1_865' title='bbox 2575 5430 2742 5471; x_wconf 87' lang='lat' dir='ltr'><strong>sensu</strong></span> <span class='ocrx_word' id='word_1_866' title='bbox 2782 5424 2836 5470; x_wconf 92' lang='lat' dir='ltr'><strong>et</strong></span> <span class='ocrx_word' id='word_1_867' title='bbox 2864 5416 3084 5470; x_wconf 93' lang='lat' dir='ltr'><strong>unicum</strong></span> <span class='ocrx_word' id='word_1_868' title='bbox 3120 5414 3317 5469; x_wconf 82' lang='lat' dir='ltr'><strong>Filium</strong></span> <span class='ocrx_word' id='word_1_869' title='bbox 3371 5415 3486 5481; x_wconf 86' lang='lat' dir='ltr'><strong>Dci,</strong></span> 
     </span>
    </p>
   </div>
   <div class='ocr_carea' id='block_1_117' title="bbox 1916 5534 2429 5599">
    <p class='ocr_par' dir='ltr' id='par_1_117' title="bbox 1916 5534 2429 5599">
     <span class='ocr_line' id='line_1_118' title="bbox 1916 5534 2429 5599; baseline 0.006 -14"><span class='ocrx_word' id='word_1_870' title='bbox 1916 5535 1959 5566; x_wconf 76' lang='grc'>³⁸</span> <span class='ocrx_word' id='word_1_871' title='bbox 1991 5534 2031 5586; x_wconf 88' lang='lat' dir='ltr'><strong>ll</strong></span> <span class='ocrx_word' id='word_1_872' title='bbox 2065 5534 2257 5590; x_wconf 87' lang='lat' dir='ltr'><strong>Thess.</strong></span> <span class='ocrx_word' id='word_1_873' title='bbox 2287 5550 2348 5599; x_wconf 89' lang='grc' dir='ltr'><strong>ιι,</strong></span> <span class='ocrx_word' id='word_1_874' title='bbox 2377 5537 2429 5589; x_wconf 70' lang='grc'><strong>4.</strong></span> 
     </span>
    </p>
   </div>
   <div class='ocr_carea' id='block_1_118' title="bbox 1907 5647 3493 5718">
    <p class='ocr_par' dir='ltr' id='par_1_118' title="bbox 1907 5647 3493 5718">
     <span class='ocr_line' id='line_1_119' title="bbox 1907 5647 3493 5718; baseline -0.002 -16"><span class='ocrx_word' id='word_1_875' title='bbox 1907 5651 2078 5718; x_wconf 66' lang='lat' dir='ltr'><strong>auris,</strong></span> <span class='ocrx_word' id='word_1_876' title='bbox 2148 5649 2390 5703; x_wconf 90' lang='lat' dir='ltr'><strong>Dicerem</strong></span> <span class='ocrx_word' id='word_1_877' title='bbox 2451 5648 2738 5718; x_wconf 68' lang='lat' dir='ltr'><strong>scriptura;</strong></span> <span class='ocrx_word' id='word_1_878' title='bbox 2800 5648 3002 5702; x_wconf 61' lang='lat' dir='ltr'><strong>Graecae</strong></span> <span class='ocrx_word' id='word_1_879' title='bbox 3030 5647 3318 5718; x_wconf 85' lang='lat' dir='ltr'><strong>_mcndum</strong></span> <span class='ocrx_word' id='word_1_880' title='bbox 3380 5651 3493 5709; x_wconf 67' lang='grc' dir='ltr'>δὶιις</span> 
     </span>
    </p>
   </div>
   <div class='ocr_carea' id='block_1_119' title="bbox 1908 5716 3491 5788">
    <p class='ocr_par' dir='ltr' id='par_1_119' title="bbox 1908 5716 3491 5788">
     <span class='ocr_line' id='line_1_120' title="bbox 1908 5716 3491 5788; baseline 0.002 -16"><span class='ocrx_word' id='word_1_881' title='bbox 1908 5736 2009 5788; x_wconf 88' lang='lat' dir='ltr'><strong>pro</strong></span> <span class='ocrx_word' id='word_1_882' title='bbox 2030 5717 2144 5782; x_wconf 83' lang='grc' dir='ltr'>οὖς,</span> <span class='ocrx_word' id='word_1_883' title='bbox 2190 5719 2357 5779; x_wconf 87' lang='lat' dir='ltr'><strong>auris,</strong></span> <span class='ocrx_word' id='word_1_884' title='bbox 2392 5719 2496 5775; x_wconf 86' lang='lat' dir='ltr'><strong>nisi</strong></span> <span class='ocrx_word' id='word_1_885' title='bbox 2539 5716 2664 5774; x_wconf 80' lang='lat' dir='ltr'><strong>mox</strong></span> <span class='ocrx_word' id='word_1_886' title='bbox 2687 5716 2906 5774; x_wconf 86' lang='lat' dir='ltr'><strong>Nicetas</strong></span> <span class='ocrx_word' id='word_1_887' title='bbox 2940 5720 3006 5773; x_wconf 85' lang='lat' dir='ltr'><strong>de</strong></span> <span class='ocrx_word' id='word_1_888' title='bbox 3027 5716 3165 5771; x_wconf 80' lang='lat' dir='ltr'><strong>Filio</strong></span> <span class='ocrx_word' id='word_1_889' title='bbox 3194 5733 3385 5788; x_wconf 85' lang='lat' dir='ltr'><strong>reapse</strong></span> <span class='ocrx_word' id='word_1_890' title='bbox 3410 5722 3491 5775; x_wconf 82' lang='lat' dir='ltr'><strong>lo-</strong></span> 
     </span>
    </p>
   </div>
   <div class='ocr_carea' id='block_1_120' title="bbox 1918 5801 2198 5859">
    <p class='ocr_par' dir='ltr' id='par_1_120' title="bbox 1918 5801 2198 5859">
     <span class='ocr_line' id='line_1_121' title="bbox 1918 5801 2198 5859; baseline 0.007 -19"><span class='ocrx_word' id='word_1_891' title='bbox 1918 5801 2198 5859; x_wconf 77' lang='lat' dir='ltr'><strong>queretur.</strong></span> 
     </span>
    </p>
   </div>
  </div>
