  <div class='ocr_page' id='page_1' title='image "/cluster/home/n/w/nwhite01/storage/ocr_20150623/105/nnc1.0046980105/383.png"; bbox 0 0 4168 6450; ppageno 0'>
   <div class='ocr_carea' id='block_1_1' title="bbox 736 331 2298 403">
    <p class='ocr_par' dir='ltr' id='par_1_1' title="bbox 736 331 2272 403">
     <span class='ocr_line' id='line_1_1' title="bbox 736 331 2272 403; baseline -0.007 -1"><span class='ocrx_word' id='word_1_1' title='bbox 736 336 831 403; x_wconf 72' lang='grc'><strong>’751</strong></span> <span class='ocrx_word' id='word_1_2' title='bbox 1972 331 2272 392; x_wconf 78' lang='lat' dir='ltr'><strong>NICET/E</strong></span> 
     </span>
    </p>
   </div>
   <div class='ocr_carea' id='block_1_2' title="bbox 2400 331 2715 403">
    <p class='ocr_par' dir='ltr' id='par_1_2' title="bbox 2405 332 2715 393">
     <span class='ocr_line' id='line_1_2' title="bbox 2405 332 2715 393; baseline 0 -1"><span class='ocrx_word' id='word_1_3' title='bbox 2405 332 2715 393; x_wconf 83' lang='lat' dir='ltr'><strong>ZANTINI</strong></span> 
     </span>
    </p>
   </div>
   <div class='ocr_carea' id='block_1_3' title="bbox 3887 333 4003 394">
    <p class='ocr_par' dir='ltr' id='par_1_3' title="bbox 3887 333 4003 394">
     <span class='ocr_line' id='line_1_3' title="bbox 3887 333 4003 394; baseline 0.017 -2"><span class='ocrx_word' id='word_1_4' title='bbox 3887 333 4003 394; x_wconf 79' lang='grc'><strong>752</strong></span> 
     </span>
    </p>
   </div>
   <div class='ocr_carea' id='block_1_4' title="bbox 734 435 2298 513">
    <p class='ocr_par' dir='ltr' id='par_1_4' title="bbox 734 435 2298 513">
     <span class='ocr_line' id='line_1_4' title="bbox 734 435 2298 513; baseline -0.007 -14"><span class='ocrx_word' id='word_1_5' title='bbox 734 450 800 499; x_wconf 65' lang='lat' dir='ltr'><strong>th:</strong></span> <span class='ocrx_word' id='word_1_6' title='bbox 830 447 920 499; x_wconf 76' lang='lat' dir='ltr'><strong>illo</strong></span> <span class='ocrx_word' id='word_1_7' title='bbox 942 444 1186 513; x_wconf 81' lang='lat' dir='ltr'><strong>cogitans</strong></span> <span class='ocrx_word' id='word_1_8' title='bbox 1214 452 1374 508; x_wconf 90' lang='lat' dir='ltr'><strong>quem</strong></span> <span class='ocrx_word' id='word_1_9' title='bbox 1412 435 1691 492; x_wconf 82' lang='lat' dir='ltr'><strong>contendit</strong></span> <span class='ocrx_word' id='word_1_10' title='bbox 1718 436 1999 491; x_wconf 88' lang='lat' dir='ltr'><strong>destruere</strong></span> <span class='ocrx_word' id='word_1_11' title='bbox 2025 453 2039 501; x_wconf 92' lang='lat'><strong>;</strong></span> <span class='ocrx_word' id='word_1_12' title='bbox 2071 453 2137 492; x_wconf 92' lang='lat' dir='ltr'><strong>ne</strong></span> <span class='ocrx_word' id='word_1_13' title='bbox 2155 438 2298 491; x_wconf 91' lang='lat' dir='ltr'><strong>omni</strong></span> 
     </span>
    </p>
   </div>
   <div class='ocr_carea' id='block_1_5' title="bbox 2400 435 4000 513">
    <p class='ocr_par' dir='ltr' id='par_1_5' title="bbox 2410 438 4000 510">
     <span class='ocr_line' id='line_1_5' title="bbox 2410 438 4000 510; baseline 0.001 -17"><span class='ocrx_word' id='word_1_14' title='bbox 2410 442 2535 505; x_wconf 80' lang='grc' dir='ltr'>Υἱός</span> <span class='ocrx_word' id='word_1_15' title='bbox 2562 442 2728 502; x_wconf 77' lang='grc' dir='ltr'>ἐστιν,</span> <span class='ocrx_word' id='word_1_16' title='bbox 2774 438 3116 510; x_wconf 76' lang='grc' dir='ltr'><strong>λογιζόμενος</strong></span> <span class='ocrx_word' id='word_1_17' title='bbox 3146 438 3205 492; x_wconf 81' lang='grc' dir='ltr'>ὃν</span> <span class='ocrx_word' id='word_1_18' title='bbox 3254 440 3461 493; x_wconf 76' lang='grc' dir='ltr'>ἀνελεῖν</span> <span class='ocrx_word' id='word_1_19' title='bbox 3509 440 3864 509; x_wconf 81' lang='grc' dir='ltr'>ἀγωνίζεται,</span> <span class='ocrx_word' id='word_1_20' title='bbox 3904 445 4000 497; x_wconf 67' lang='grc' dir='ltr'><strong>ἵνα</strong></span> 
     </span>
    </p>
   </div>
   <div class='ocr_carea' id='block_1_6' title="bbox 735 529 2307 594">
    <p class='ocr_par' dir='ltr' id='par_1_6' title="bbox 735 529 2307 594">
     <span class='ocr_line' id='line_1_6' title="bbox 735 529 2307 594; baseline -0.008 -2"><span class='ocrx_word' id='word_1_21' title='bbox 735 554 837 592; x_wconf 83' lang='lat' dir='ltr'><strong>suo</strong></span> <span class='ocrx_word' id='word_1_22' title='bbox 894 538 1019 591; x_wconf 83' lang='lat' dir='ltr'><strong>dolo</strong></span> <span class='ocrx_word' id='word_1_23' title='bbox 1054 535 1313 594; x_wconf 76' lang='lat' dir='ltr'><strong>nudatus,</strong></span> <span class='ocrx_word' id='word_1_24' title='bbox 1367 547 1473 584; x_wconf 86' lang='lat' dir='ltr'><strong>una</strong></span> <span class='ocrx_word' id='word_1_25' title='bbox 1523 544 1646 583; x_wconf 83' lang='lat' dir='ltr'><strong>cum</strong></span> <span class='ocrx_word' id='word_1_26' title='bbox 1694 530 1785 583; x_wconf 88' lang='lat' dir='ltr'><strong>illo</strong></span> <span class='ocrx_word' id='word_1_27' title='bbox 1843 540 2142 585; x_wconf 85' lang='lat' dir='ltr'><strong>corrueret.</strong></span> <span class='ocrx_word' id='word_1_28' title='bbox 2201 529 2307 581; x_wconf 80' lang='lat' dir='ltr'><strong>Sed</strong></span> 
     </span>
    </p>
   </div>
   <div class='ocr_carea' id='block_1_7' title="bbox 732 620 2302 692">
    <p class='ocr_par' dir='ltr' id='par_1_7' title="bbox 732 620 2302 692">
     <span class='ocr_line' id='line_1_7' title="bbox 732 620 2302 692; baseline -0.006 -9"><span class='ocrx_word' id='word_1_29' title='bbox 732 630 945 689; x_wconf 82' lang='lat' dir='ltr'><strong>dicunt.</strong></span> <span class='ocrx_word' id='word_1_30' title='bbox 979 629 1075 689; x_wconf 89' lang='lat' dir='ltr'><strong>ait,</strong></span> <span class='ocrx_word' id='word_1_31' title='bbox 1112 625 1288 692; x_wconf 87' lang='lat' dir='ltr'><strong>ipsum</strong></span> <span class='ocrx_word' id='word_1_32' title='bbox 1319 637 1440 677; x_wconf 89' lang='lat' dir='ltr'><strong>esse</strong></span> <span class='ocrx_word' id='word_1_33' title='bbox 1492 620 1693 675; x_wconf 75' lang='lat' dir='ltr'><strong>Filium</strong></span> <span class='ocrx_word' id='word_1_34' title='bbox 1728 621 1820 675; x_wconf 89' lang='lat' dir='ltr'><strong>Dei</strong></span> <span class='ocrx_word' id='word_1_35' title='bbox 1874 636 1886 671; x_wconf 91' lang='lat'>:</span> <span class='ocrx_word' id='word_1_36' title='bbox 1923 622 2076 689; x_wconf 91' lang='lat' dir='ltr'><strong>quasi</strong></span> <span class='ocrx_word' id='word_1_37' title='bbox 2114 622 2258 675; x_wconf 82' lang='lat' dir='ltr'><strong>dicat</strong></span> <span class='ocrx_word' id='word_1_38' title='bbox 2292 639 2302 673; x_wconf 96' lang='lat'>:</span> 
     </span>
    </p>
   </div>
   <div class='ocr_carea' id='block_1_8' title="bbox 737 712 2309 784">
    <p class='ocr_par' dir='ltr' id='par_1_8' title="bbox 737 712 2309 784">
     <span class='ocr_line' id='line_1_8' title="bbox 737 712 2309 784; baseline -0.004 -12"><span class='ocrx_word' id='word_1_39' title='bbox 737 720 793 774; x_wconf 88' lang='lat' dir='ltr'><strong>Si</strong></span> <span class='ocrx_word' id='word_1_40' title='bbox 822 736 907 772; x_wconf 87' lang='lat' dir='ltr'><strong>me</strong></span> <span class='ocrx_word' id='word_1_41' title='bbox 936 717 1096 770; x_wconf 82' lang='lat' dir='ltr'><strong>vultis</strong></span> <span class='ocrx_word' id='word_1_42' title='bbox 1120 715 1311 769; x_wconf 76' lang='lat' dir='ltr'><strong>Filium</strong></span> <span class='ocrx_word' id='word_1_43' title='bbox 1326 712 1591 779; x_wconf 84' lang='lat' dir='ltr'><strong>conﬁteri,</strong></span> <span class='ocrx_word' id='word_1_44' title='bbox 1615 728 1714 784; x_wconf 85' lang='lat' dir='ltr'><strong>ego</strong></span> <span class='ocrx_word' id='word_1_45' title='bbox 1734 712 1993 782; x_wconf 50' lang='lat' dir='ltr'><strong>praedicto</strong></span> <span class='ocrx_word' id='word_1_46' title='bbox 2013 712 2309 782; x_wconf 84' lang='lat' dir='ltr'><strong>proximior</strong></span> 
     </span>
    </p>
   </div>
   <div class='ocr_carea' id='block_1_9' title="bbox 737 804 2307 873">
    <p class='ocr_par' dir='ltr' id='par_1_9' title="bbox 737 804 2307 873">
     <span class='ocr_line' id='line_1_9' title="bbox 737 804 2307 873; baseline -0.006 -8"><span class='ocrx_word' id='word_1_47' title='bbox 737 828 878 865; x_wconf 87' lang='lat' dir='ltr'><strong>sum.</strong></span> <span class='ocrx_word' id='word_1_48' title='bbox 936 809 1128 862; x_wconf 84' lang='lat' dir='ltr'><strong>Postea</strong></span> <span class='ocrx_word' id='word_1_49' title='bbox 1182 806 1441 860; x_wconf 92' lang='lat' dir='ltr'><strong>nonnulla</strong></span> <span class='ocrx_word' id='word_1_50' title='bbox 1507 806 1759 859; x_wconf 85' lang='lat' dir='ltr'><strong>indecore</strong></span> <span class='ocrx_word' id='word_1_51' title='bbox 1808 804 2307 873; x_wconf 82' lang='lat' dir='ltr'><strong>blaterans,nuga-</strong></span> 
     </span>
    </p>
   </div>
   <div class='ocr_carea' id='block_1_10' title="bbox 736 895 2308 971">
    <p class='ocr_par' dir='ltr' id='par_1_10' title="bbox 736 895 2308 971">
     <span class='ocr_line' id='line_1_10' title="bbox 736 895 2308 971; baseline -0.004 -16"><span class='ocrx_word' id='word_1_52' title='bbox 736 917 969 971; x_wconf 86' lang='lat' dir='ltr'><strong>rumque</strong></span> <span class='ocrx_word' id='word_1_53' title='bbox 1008 915 1230 955; x_wconf 88' lang='lat' dir='ltr'><strong>suarum</strong></span> <span class='ocrx_word' id='word_1_54' title='bbox 1274 898 1577 969; x_wconf 84' lang='lat' dir='ltr'><strong>nugacibus</strong></span> <span class='ocrx_word' id='word_1_55' title='bbox 1599 895 2155 952; x_wconf 86' lang='lat' dir='ltr'><strong>demonstrationibns</strong></span> <span class='ocrx_word' id='word_1_56' title='bbox 2219 898 2308 948; x_wconf 88' lang='lat' dir='ltr'><strong>llr-</strong></span> 
     </span>
    </p>
   </div>
   <div class='ocr_carea' id='block_1_11' title="bbox 733 987 2305 1063">
    <p class='ocr_par' dir='ltr' id='par_1_11' title="bbox 733 987 2305 1063">
     <span class='ocr_line' id='line_1_11' title="bbox 733 987 2305 1063; baseline -0.003 -17"><span class='ocrx_word' id='word_1_57' title='bbox 733 1010 883 1047; x_wconf 83' lang='lat' dir='ltr'><strong>mare</strong></span> <span class='ocrx_word' id='word_1_58' title='bbox 905 995 1177 1063; x_wconf 85' lang='lat' dir='ltr'><strong>jactitans,</strong></span> <span class='ocrx_word' id='word_1_59' title='bbox 1199 992 1449 1045; x_wconf 83' lang='lat' dir='ltr'><strong>nominat</strong></span> <span class='ocrx_word' id='word_1_60' title='bbox 1475 990 1741 1060; x_wconf 89' lang='lat' dir='ltr'><strong>quosdam</strong></span> <span class='ocrx_word' id='word_1_61' title='bbox 1762 989 1997 1044; x_wconf 90' lang='lat' dir='ltr'><strong>Thamut</strong></span> <span class='ocrx_word' id='word_1_62' title='bbox 2018 999 2069 1043; x_wconf 90' lang='lat' dir='ltr'><strong>et</strong></span> <span class='ocrx_word' id='word_1_63' title='bbox 2092 987 2305 1043; x_wconf 85' lang='lat' dir='ltr'><strong>Madian</strong></span> 
     </span>
    </p>
   </div>
   <div class='ocr_carea' id='block_1_12' title="bbox 732 1082 2307 1153">
    <p class='ocr_par' dir='ltr' id='par_1_12' title="bbox 732 1082 2307 1153">
     <span class='ocr_line' id='line_1_12' title="bbox 732 1082 2307 1153; baseline -0.003 -14"><span class='ocrx_word' id='word_1_64' title='bbox 732 1087 1231 1149; x_wconf 82' lang='lat' dir='ltr'><strong>etMateuchamat,</strong></span> <span class='ocrx_word' id='word_1_65' title='bbox 1280 1084 1345 1138; x_wconf 89' lang='lat' dir='ltr'><strong>ad</strong></span> <span class='ocrx_word' id='word_1_66' title='bbox 1403 1098 1565 1153; x_wconf 89' lang='lat' dir='ltr'><strong>quos,</strong></span> <span class='ocrx_word' id='word_1_67' title='bbox 1624 1083 1820 1152; x_wconf 88' lang='lat' dir='ltr'><strong>inquit,</strong></span> <span class='ocrx_word' id='word_1_68' title='bbox 1881 1082 2039 1151; x_wconf 83' lang='lat' dir='ltr'><strong>legati</strong></span> <span class='ocrx_word' id='word_1_69' title='bbox 2100 1082 2307 1135; x_wconf 84' lang='lat' dir='ltr'><strong>revela-</strong></span> 
     </span>
    </p>
   </div>
   <div class='ocr_carea' id='block_1_13' title="bbox 734 1173 2307 1233">
    <p class='ocr_par' dir='ltr' id='par_1_13' title="bbox 734 1173 2307 1233">
     <span class='ocr_line' id='line_1_13' title="bbox 734 1173 2307 1233; baseline -0.005 -1"><span class='ocrx_word' id='word_1_70' title='bbox 734 1181 936 1233; x_wconf 87' lang='lat' dir='ltr'><strong>tionem</strong></span> <span class='ocrx_word' id='word_1_71' title='bbox 977 1193 1132 1231; x_wconf 81' lang='lat' dir='ltr'><strong>suam</strong></span> <span class='ocrx_word' id='word_1_72' title='bbox 1190 1175 1528 1232; x_wconf 84' lang='lat' dir='ltr'><strong>deferebant.</strong></span> <span class='ocrx_word' id='word_1_73' title='bbox 1587 1175 1820 1230; x_wconf 84' lang='lat' dir='ltr'><strong>Prorsus</strong></span> <span class='ocrx_word' id='word_1_74' title='bbox 1849 1184 2031 1228; x_wconf 90' lang='lat' dir='ltr'><strong>autem</strong></span> <span class='ocrx_word' id='word_1_75' title='bbox 2068 1173 2121 1226; x_wconf 93' lang='lat' dir='ltr'><strong>hi</strong></span> <span class='ocrx_word' id='word_1_76' title='bbox 2180 1181 2307 1227; x_wconf 89' lang='lat' dir='ltr'><strong>sunt</strong></span> 
     </span>
    </p>
   </div>
   <div class='ocr_carea' id='block_1_14' title="bbox 732 1264 2303 1339">
    <p class='ocr_par' dir='ltr' id='par_1_14' title="bbox 732 1264 2303 1339">
     <span class='ocr_line' id='line_1_14' title="bbox 732 1264 2303 1339; baseline -0.005 -16"><span class='ocrx_word' id='word_1_77' title='bbox 732 1269 1018 1339; x_wconf 82' lang='lat' dir='ltr'><strong>incogniti,</strong></span> <span class='ocrx_word' id='word_1_78' title='bbox 1049 1278 1103 1323; x_wconf 89' lang='lat' dir='ltr'><strong>et</strong></span> <span class='ocrx_word' id='word_1_79' title='bbox 1125 1269 1241 1323; x_wconf 88' lang='lat' dir='ltr'><strong>sine</strong></span> <span class='ocrx_word' id='word_1_80' title='bbox 1278 1268 1385 1322; x_wconf 85' lang='lat' dir='ltr'><strong>ulla</strong></span> <span class='ocrx_word' id='word_1_81' title='bbox 1418 1266 1757 1335; x_wconf 81' lang='lat' dir='ltr'><strong>probatione,</strong></span> <span class='ocrx_word' id='word_1_82' title='bbox 1786 1272 1947 1334; x_wconf 91' lang='lat' dir='ltr'><strong>prout</strong></span> <span class='ocrx_word' id='word_1_83' title='bbox 1968 1272 2024 1318; x_wconf 85' lang='lat' dir='ltr'><strong>et</strong></span> <span class='ocrx_word' id='word_1_84' title='bbox 2060 1264 2175 1333; x_wconf 91' lang='lat' dir='ltr'><strong>ipse</strong></span> <span class='ocrx_word' id='word_1_85' title='bbox 2203 1272 2303 1316; x_wconf 90' lang='lat' dir='ltr'><strong>est.</strong></span> 
     </span>
    </p>
   </div>
   <div class='ocr_carea' id='block_1_15' title="bbox 732 1357 2304 1427">
    <p class='ocr_par' dir='ltr' id='par_1_15' title="bbox 732 1357 2304 1427">
     <span class='ocr_line' id='line_1_15' title="bbox 732 1357 2304 1427; baseline -0.003 -13"><span class='ocrx_word' id='word_1_86' title='bbox 732 1362 883 1415; x_wconf 87' lang='lat' dir='ltr'><strong>lllico</strong></span> <span class='ocrx_word' id='word_1_87' title='bbox 904 1370 1085 1416; x_wconf 90' lang='lat' dir='ltr'><strong>autem</strong></span> <span class='ocrx_word' id='word_1_88' title='bbox 1113 1360 1377 1413; x_wconf 89' lang='lat' dir='ltr'><strong>barbaros</strong></span> <span class='ocrx_word' id='word_1_89' title='bbox 1403 1366 1594 1413; x_wconf 90' lang='lat' dir='ltr'><strong>contra</strong></span> <span class='ocrx_word' id='word_1_90' title='bbox 1620 1373 1720 1414; x_wconf 92' lang='lat' dir='ltr'><strong>nos</strong></span> <span class='ocrx_word' id='word_1_91' title='bbox 1756 1358 1810 1411; x_wconf 91' lang='lat' dir='ltr'><strong>in</strong></span> <span class='ocrx_word' id='word_1_92' title='bbox 1843 1358 2089 1427; x_wconf 76' lang='lat' dir='ltr'><strong>praelium</strong></span> <span class='ocrx_word' id='word_1_93' title='bbox 2120 1357 2304 1420; x_wconf 88' lang='lat' dir='ltr'><strong>mittit,</strong></span> 
     </span>
    </p>
   </div>
   <div class='ocr_carea' id='block_1_16' title="bbox 730 1446 2306 1521">
    <p class='ocr_par' dir='ltr' id='par_1_16' title="bbox 730 1446 2306 1521">
     <span class='ocr_line' id='line_1_16' title="bbox 730 1446 2306 1521; baseline -0.005 -14"><span class='ocrx_word' id='word_1_94' title='bbox 730 1462 785 1507; x_wconf 84' lang='lat' dir='ltr'><strong>et</strong></span> <span class='ocrx_word' id='word_1_95' title='bbox 811 1468 933 1521; x_wconf 79' lang='lat' dir='ltr'><strong>quae</strong></span> <span class='ocrx_word' id='word_1_96' title='bbox 963 1452 1029 1505; x_wconf 92' lang='lat' dir='ltr'><strong>ad</strong></span> <span class='ocrx_word' id='word_1_97' title='bbox 1055 1451 1104 1504; x_wconf 89' lang='lat' dir='ltr'><strong>id</strong></span> <span class='ocrx_word' id='word_1_98' title='bbox 1135 1451 1414 1505; x_wconf 89' lang='lat' dir='ltr'><strong>concitare</strong></span> <span class='ocrx_word' id='word_1_99' title='bbox 1436 1450 1617 1505; x_wconf 82' lang='lat' dir='ltr'><strong>valeat</strong></span> <span class='ocrx_word' id='word_1_100' title='bbox 1661 1449 1946 1514; x_wconf 90' lang='lat' dir='ltr'><strong>allatrans,</strong></span> <span class='ocrx_word' id='word_1_101' title='bbox 1988 1462 2183 1502; x_wconf 88' lang='lat' dir='ltr'><strong>vanam</strong></span> <span class='ocrx_word' id='word_1_102' title='bbox 2229 1446 2306 1500; x_wconf 84' lang='lat' dir='ltr'><strong>fa-</strong></span> 
     </span>
    </p>
   </div>
   <div class='ocr_carea' id='block_1_17' title="bbox 732 1542 1238 1598">
    <p class='ocr_par' dir='ltr' id='par_1_17' title="bbox 732 1542 1238 1598">
     <span class='ocr_line' id='line_1_17' title="bbox 732 1542 1238 1598; baseline 0.002 -2"><span class='ocrx_word' id='word_1_103' title='bbox 732 1544 916 1598; x_wconf 83' lang='lat' dir='ltr'><strong>bulam</strong></span> <span class='ocrx_word' id='word_1_104' title='bbox 938 1542 1238 1598; x_wconf 88' lang='lat' dir='ltr'><strong>concludit.</strong></span> 
     </span>
    </p>
   </div>
   <div class='ocr_carea' id='block_1_18' title="bbox 1223 1629 1797 1687">
    <p class='ocr_par' dir='ltr' id='par_1_18' title="bbox 1223 1629 1797 1687">
     <span class='ocr_line' id='line_1_18' title="bbox 1223 1629 1797 1687; baseline -0.005 0"><span class='ocrx_word' id='word_1_105' title='bbox 1223 1630 1664 1687; x_wconf 77' lang='lat' dir='ltr'><strong>CONFUTATIO</strong></span> <span class='ocrx_word' id='word_1_106' title='bbox 1705 1629 1797 1685; x_wconf 84' lang='lat' dir='ltr'><strong>IX.</strong></span> 
     </span>
    </p>
   </div>
   <div class='ocr_carea' id='block_1_19' title="bbox 800 1718 2304 1786">
    <p class='ocr_par' dir='ltr' id='par_1_19' title="bbox 800 1718 2304 1786">
     <span class='ocr_line' id='line_1_19' title="bbox 800 1718 2304 1786; baseline -0.002 -8"><span class='ocrx_word' id='word_1_107' title='bbox 800 1726 888 1779; x_wconf 67' lang='grc'><strong>64.</strong></span> <span class='ocrx_word' id='word_1_108' title='bbox 920 1723 1072 1779; x_wconf 92' lang='lat' dir='ltr'><strong>Nona</strong></span> <span class='ocrx_word' id='word_1_109' title='bbox 1096 1739 1126 1779; x_wconf 91' lang='lat' dir='ltr'><strong>a</strong></span> <span class='ocrx_word' id='word_1_110' title='bbox 1151 1722 1471 1778; x_wconf 88' lang='lat' dir='ltr'><strong>Mohamede</strong></span> <span class='ocrx_word' id='word_1_111' title='bbox 1515 1722 1701 1777; x_wconf 80' lang='lat' dir='ltr'><strong>fabula</strong></span> <span class='ocrx_word' id='word_1_112' title='bbox 1760 1720 2085 1777; x_wconf 65' lang='lat' dir='ltr'><strong>inscribitur</strong></span> <span class='ocrx_word' id='word_1_113' title='bbox 2111 1718 2304 1786; x_wconf 80' lang='lat' dir='ltr'><strong>Jonas,</strong></span> 
     </span>
    </p>
   </div>
   <div class='ocr_carea' id='block_1_20' title="bbox 732 1812 2306 1873">
    <p class='ocr_par' dir='ltr' id='par_1_20' title="bbox 732 1812 2306 1873">
     <span class='ocr_line' id='line_1_20' title="bbox 732 1812 2306 1873; baseline -0.003 -2"><span class='ocrx_word' id='word_1_114' title='bbox 732 1818 864 1871; x_wconf 81' lang='lat' dir='ltr'><strong>nihil</strong></span> <span class='ocrx_word' id='word_1_115' title='bbox 895 1828 1076 1873; x_wconf 88' lang='lat' dir='ltr'><strong>tamen</strong></span> <span class='ocrx_word' id='word_1_116' title='bbox 1124 1816 1191 1871; x_wconf 89' lang='lat' dir='ltr'><strong>de</strong></span> <span class='ocrx_word' id='word_1_117' title='bbox 1228 1814 1366 1871; x_wconf 86' lang='lat' dir='ltr'><strong>Jona</strong></span> <span class='ocrx_word' id='word_1_118' title='bbox 1400 1815 1453 1869; x_wconf 93' lang='lat' dir='ltr'><strong>in</strong></span> <span class='ocrx_word' id='word_1_119' title='bbox 1484 1829 1546 1869; x_wconf 89' lang='lat' dir='ltr'><strong>ea</strong></span> <span class='ocrx_word' id='word_1_120' title='bbox 1581 1815 1843 1869; x_wconf 91' lang='lat' dir='ltr'><strong>occurrit.</strong></span> <span class='ocrx_word' id='word_1_121' title='bbox 1884 1812 1989 1869; x_wconf 89' lang='lat' dir='ltr'><strong>Sed</strong></span> <span class='ocrx_word' id='word_1_122' title='bbox 2024 1815 2205 1869; x_wconf 78' lang='lat' dir='ltr'><strong>Statim</strong></span> <span class='ocrx_word' id='word_1_123' title='bbox 2238 1814 2306 1867; x_wconf 90' lang='lat' dir='ltr'><strong>ab</strong></span> 
     </span>
    </p>
   </div>
   <div class='ocr_carea' id='block_1_21' title="bbox 728 1905 2304 1978">
    <p class='ocr_par' dir='ltr' id='par_1_21' title="bbox 728 1905 2304 1978">
     <span class='ocr_line' id='line_1_21' title="bbox 728 1905 2304 1978; baseline -0.003 -14"><span class='ocrx_word' id='word_1_124' title='bbox 728 1910 954 1964; x_wconf 76' lang='lat' dir='ltr'><strong>exordio</strong></span> <span class='ocrx_word' id='word_1_125' title='bbox 989 1919 1247 1978; x_wconf 89' lang='lat' dir='ltr'><strong>tanquam</strong></span> <span class='ocrx_word' id='word_1_126' title='bbox 1276 1924 1523 1978; x_wconf 79' lang='lat' dir='ltr'><strong>pugnans</strong></span> <span class='ocrx_word' id='word_1_127' title='bbox 1549 1917 1603 1962; x_wconf 92' lang='lat' dir='ltr'><strong>et</strong></span> <span class='ocrx_word' id='word_1_128' title='bbox 1634 1908 2037 1977; x_wconf 86' lang='lat' dir='ltr'><strong>reprehendens</strong></span> <span class='ocrx_word' id='word_1_129' title='bbox 2062 1905 2304 1962; x_wconf 86' lang='lat' dir='ltr'><strong>etironia</strong></span> 
     </span>
    </p>
   </div>
   <div class='ocr_carea' id='block_1_22' title="bbox 727 1998 2303 2071">
    <p class='ocr_par' dir='ltr' id='par_1_22' title="bbox 727 1998 2303 2071">
     <span class='ocr_line' id='line_1_22' title="bbox 727 1998 2303 2071; baseline -0.003 -16"><span class='ocrx_word' id='word_1_130' title='bbox 727 2002 962 2071; x_wconf 87' lang='lat' dir='ltr'><strong>quadam</strong></span> <span class='ocrx_word' id='word_1_131' title='bbox 994 2011 1178 2066; x_wconf 86' lang='lat' dir='ltr'><strong>utens,</strong></span> <span class='ocrx_word' id='word_1_132' title='bbox 1218 2002 1349 2065; x_wconf 68' lang='lat' dir='ltr'><strong>«An,</strong></span> <span class='ocrx_word' id='word_1_133' title='bbox 1384 1999 1580 2068; x_wconf 90' lang='lat' dir='ltr'><strong>inquit,</strong></span> <span class='ocrx_word' id='word_1_134' title='bbox 1621 2013 1827 2053; x_wconf 91' lang='lat' dir='ltr'><strong>novum</strong></span> <span class='ocrx_word' id='word_1_135' title='bbox 1848 2006 1931 2053; x_wconf 90' lang='lat' dir='ltr'><strong>est</strong></span> <span class='ocrx_word' id='word_1_136' title='bbox 1966 1998 2303 2062; x_wconf 88' lang='lat' dir='ltr'><strong>hominibus,</strong></span> 
     </span>
    </p>
   </div>
   <div class='ocr_carea' id='block_1_23' title="bbox 728 2088 2305 2159">
    <p class='ocr_par' dir='ltr' id='par_1_23' title="bbox 728 2088 2305 2159">
     <span class='ocr_line' id='line_1_23' title="bbox 728 2088 2305 2159; baseline -0.002 -16"><span class='ocrx_word' id='word_1_137' title='bbox 728 2092 873 2159; x_wconf 82' lang='lat' dir='ltr'><strong>quod</strong></span> <span class='ocrx_word' id='word_1_138' title='bbox 906 2092 1048 2145; x_wconf 89' lang='lat' dir='ltr'><strong>Deus</strong></span> <span class='ocrx_word' id='word_1_139' title='bbox 1079 2091 1244 2145; x_wconf 90' lang='lat' dir='ltr'><strong>alicui</strong></span> <span class='ocrx_word' id='word_1_140' title='bbox 1276 2089 1483 2145; x_wconf 91' lang='lat' dir='ltr'><strong>homini</strong></span> <span class='ocrx_word' id='word_1_141' title='bbox 1510 2103 1577 2143; x_wconf 79' lang='lat' dir='ltr'><strong>ex</strong></span> <span class='ocrx_word' id='word_1_142' title='bbox 1609 2088 1827 2144; x_wconf 90' lang='lat' dir='ltr'><strong>illorum</strong></span> <span class='ocrx_word' id='word_1_143' title='bbox 1848 2102 2077 2143; x_wconf 88' lang='lat' dir='ltr'><strong>numero</strong></span> <span class='ocrx_word' id='word_1_144' title='bbox 2098 2088 2305 2142; x_wconf 79' lang='lat' dir='ltr'><strong>revela-</strong></span> 
     </span>
    </p>
   </div>
   <div class='ocr_carea' id='block_1_24' title="bbox 730 2179 2325 2251">
    <p class='ocr_par' dir='ltr' id='par_1_24' title="bbox 730 2179 2325 2251">
     <span class='ocr_line' id='line_1_24' title="bbox 730 2179 2325 2251; baseline -0.003 -14"><span class='ocrx_word' id='word_1_145' title='bbox 730 2184 867 2238; x_wconf 83' lang='lat' dir='ltr'><strong>verit</strong></span> <span class='ocrx_word' id='word_1_146' title='bbox 906 2183 1093 2237; x_wconf 89' lang='lat' dir='ltr'><strong>testari</strong></span> <span class='ocrx_word' id='word_1_147' title='bbox 1113 2182 1427 2239; x_wconf 88' lang='lat' dir='ltr'><strong>hominibus</strong></span> <span class='ocrx_word' id='word_1_148' title='bbox 1453 2188 1507 2235; x_wconf 89' lang='lat' dir='ltr'><strong>et</strong></span> <span class='ocrx_word' id='word_1_149' title='bbox 1531 2182 1913 2251; x_wconf 85' lang='lat' dir='ltr'><strong>evangelizare</strong></span> <span class='ocrx_word' id='word_1_150' title='bbox 1934 2179 2325 2242; x_wconf 80' lang='lat' dir='ltr'><strong>credentibus,‘</strong></span> 
     </span>
    </p>
   </div>
   <div class='ocr_carea' id='block_1_25' title="bbox 728 2270 2302 2343">
    <p class='ocr_par' dir='ltr' id='par_1_25' title="bbox 728 2270 2302 2343">
     <span class='ocr_line' id='line_1_25' title="bbox 728 2270 2302 2343; baseline -0.003 -17"><span class='ocrx_word' id='word_1_151' title='bbox 728 2276 873 2343; x_wconf 89' lang='lat' dir='ltr'><strong>quod</strong></span> <span class='ocrx_word' id='word_1_152' title='bbox 906 2274 1041 2343; x_wconf 84' lang='lat' dir='ltr'><strong>ipsis</strong></span> <span class='ocrx_word' id='word_1_153' title='bbox 1071 2281 1156 2328; x_wconf 88' lang='lat' dir='ltr'><strong>est</strong></span> <span class='ocrx_word' id='word_1_154' title='bbox 1197 2273 1599 2328; x_wconf 88' lang='lat' dir='ltr'><strong>incrementum</strong></span> <span class='ocrx_word' id='word_1_155' title='bbox 1631 2285 1817 2326; x_wconf 89' lang='lat' dir='ltr'><strong>verum</strong></span> <span class='ocrx_word' id='word_1_156' title='bbox 1848 2286 1879 2325; x_wconf 91' lang='lat' dir='ltr'><strong>a</strong></span> <span class='ocrx_word' id='word_1_157' title='bbox 1935 2270 2169 2325; x_wconf 92' lang='lat' dir='ltr'><strong>Domino</strong></span> <span class='ocrx_word' id='word_1_158' title='bbox 2220 2270 2302 2339; x_wconf 81' lang='lat' dir='ltr'><strong>ip-</strong></span> 
     </span>
    </p>
   </div>
   <div class='ocr_carea' id='block_1_26' title="bbox 730 2362 2299 2433">
    <p class='ocr_par' dir='ltr' id='par_1_26' title="bbox 730 2362 2299 2433">
     <span class='ocr_line' id='line_1_26' title="bbox 730 2362 2299 2433; baseline -0.004 -13"><span class='ocrx_word' id='word_1_159' title='bbox 730 2365 958 2420; x_wconf 79' lang='lat' dir='ltr'><strong>sarum?</strong></span> <span class='ocrx_word' id='word_1_160' title='bbox 1005 2384 1025 2420; x_wconf 70' lang='grc' dir='ltr'><strong>ο</strong></span> <span class='ocrx_word' id='word_1_161' title='bbox 1063 2365 1191 2420; x_wconf 61' lang='lat' dir='ltr'><strong>Haec</strong></span> <span class='ocrx_word' id='word_1_162' title='bbox 1218 2364 1429 2420; x_wconf 80' lang='lat' dir='ltr'><strong>scilicet</strong></span> <span class='ocrx_word' id='word_1_163' title='bbox 1457 2373 1717 2433; x_wconf 90' lang='lat' dir='ltr'><strong>tanquam</strong></span> <span class='ocrx_word' id='word_1_164' title='bbox 1754 2377 1822 2418; x_wconf 66' lang='lat' dir='ltr'><strong>ex</strong></span> <span class='ocrx_word' id='word_1_165' title='bbox 1849 2362 1943 2418; x_wconf 86' lang='lat' dir='ltr'><strong>Dei</strong></span> <span class='ocrx_word' id='word_1_166' title='bbox 1972 2375 2207 2433; x_wconf 89' lang='lat' dir='ltr'><strong>persona</strong></span> <span class='ocrx_word' id='word_1_167' title='bbox 2233 2362 2299 2415; x_wconf 90' lang='lat' dir='ltr'><strong>de</strong></span> 
     </span>
    </p>
   </div>
   <div class='ocr_carea' id='block_1_27' title="bbox 729 2454 2296 2528">
    <p class='ocr_par' dir='ltr' id='par_1_27' title="bbox 729 2454 2296 2528">
     <span class='ocr_line' id='line_1_27' title="bbox 729 2454 2296 2528; baseline -0.004 -15"><span class='ocrx_word' id='word_1_168' title='bbox 729 2474 789 2514; x_wconf 88' lang='lat' dir='ltr'><strong>se</strong></span> <span class='ocrx_word' id='word_1_169' title='bbox 848 2460 968 2528; x_wconf 88' lang='lat' dir='ltr'><strong>ipso</strong></span> <span class='ocrx_word' id='word_1_170' title='bbox 1004 2459 1098 2513; x_wconf 84' lang='lat' dir='ltr'><strong>ait.</strong></span> <span class='ocrx_word' id='word_1_171' title='bbox 1148 2456 1353 2512; x_wconf 86' lang='lat' dir='ltr'><strong>Deinde</strong></span> <span class='ocrx_word' id='word_1_172' title='bbox 1403 2456 1614 2510; x_wconf 88' lang='lat' dir='ltr'><strong>inducit</strong></span> <span class='ocrx_word' id='word_1_173' title='bbox 1670 2455 1925 2509; x_wconf 89' lang='lat' dir='ltr'><strong>homines</strong></span> <span class='ocrx_word' id='word_1_174' title='bbox 1963 2454 2161 2508; x_wconf 91' lang='lat' dir='ltr'><strong>merito</strong></span> <span class='ocrx_word' id='word_1_175' title='bbox 2189 2467 2296 2508; x_wconf 91' lang='lat' dir='ltr'><strong>non</strong></span> 
     </span>
    </p>
   </div>
   <div class='ocr_carea' id='block_1_28' title="bbox 729 2543 2303 2618">
    <p class='ocr_par' dir='ltr' id='par_1_28' title="bbox 729 2543 2303 2618">
     <span class='ocr_line' id='line_1_28' title="bbox 729 2543 2303 2618; baseline -0.004 -14"><span class='ocrx_word' id='word_1_176' title='bbox 729 2549 1038 2613; x_wconf 83' lang='lat' dir='ltr'><strong>credentes,</strong></span> <span class='ocrx_word' id='word_1_177' title='bbox 1073 2549 1427 2618; x_wconf 85' lang='lat' dir='ltr'><strong>dicentesque</strong></span> <span class='ocrx_word' id='word_1_178' title='bbox 1469 2565 1483 2601; x_wconf 91' lang='lat'><strong>:</strong></span> <span class='ocrx_word' id='word_1_179' title='bbox 1526 2546 1716 2617; x_wconf 80' lang='lat' dir='ltr'><strong>Magus</strong></span> <span class='ocrx_word' id='word_1_180' title='bbox 1768 2546 1859 2600; x_wconf 90' lang='lat' dir='ltr'><strong>hic</strong></span> <span class='ocrx_word' id='word_1_181' title='bbox 1887 2555 1991 2600; x_wconf 90' lang='lat' dir='ltr'><strong>est.</strong></span> <span class='ocrx_word' id='word_1_182' title='bbox 2025 2543 2140 2600; x_wconf 80' lang='lat' dir='ltr'><strong>Hoc</strong></span> <span class='ocrx_word' id='word_1_183' title='bbox 2188 2544 2303 2613; x_wconf 92' lang='lat' dir='ltr'><strong>ipse</strong></span> 
     </span>
    </p>
   </div>
   <div class='ocr_carea' id='block_1_29' title="bbox 726 2636 2300 2711">
    <p class='ocr_par' dir='ltr' id='par_1_29' title="bbox 726 2636 2300 2711">
     <span class='ocr_line' id='line_1_29' title="bbox 726 2636 2300 2711; baseline -0.004 -14"><span class='ocrx_word' id='word_1_184' title='bbox 726 2644 795 2699; x_wconf 90' lang='lat' dir='ltr'><strong>de</strong></span> <span class='ocrx_word' id='word_1_185' title='bbox 826 2659 904 2700; x_wconf 88' lang='lat' dir='ltr'><strong>se.</strong></span> <span class='ocrx_word' id='word_1_186' title='bbox 941 2642 1053 2698; x_wconf 85' lang='lat' dir='ltr'><strong>Nos</strong></span> <span class='ocrx_word' id='word_1_187' title='bbox 1078 2657 1209 2697; x_wconf 89' lang='lat' dir='ltr'><strong>vero</strong></span> <span class='ocrx_word' id='word_1_188' title='bbox 1236 2643 1303 2696; x_wconf 90' lang='lat' dir='ltr'><strong>ad</strong></span> <span class='ocrx_word' id='word_1_189' title='bbox 1334 2642 1572 2711; x_wconf 85' lang='lat' dir='ltr'><strong>priorem</strong></span> <span class='ocrx_word' id='word_1_190' title='bbox 1597 2639 1869 2697; x_wconf 85' lang='lat' dir='ltr'><strong>sermonis</strong></span> <span class='ocrx_word' id='word_1_191' title='bbox 1914 2647 2125 2709; x_wconf 89' lang='lat' dir='ltr'><strong>partem</strong></span> <span class='ocrx_word' id='word_1_192' title='bbox 2163 2636 2300 2692; x_wconf 90' lang='lat' dir='ltr'><strong>dici-</strong></span> 
     </span>
    </p>
   </div>
   <div class='ocr_carea' id='block_1_30' title="bbox 728 2729 2300 2801">
    <p class='ocr_par' dir='ltr' id='par_1_30' title="bbox 728 2729 2300 2801">
     <span class='ocr_line' id='line_1_30' title="bbox 728 2729 2300 2801; baseline -0.003 -13"><span class='ocrx_word' id='word_1_193' title='bbox 728 2749 874 2799; x_wconf 89' lang='lat' dir='ltr'><strong>mus,</strong></span> <span class='ocrx_word' id='word_1_194' title='bbox 908 2734 1050 2787; x_wconf 87' lang='lat' dir='ltr'><strong>haud</strong></span> <span class='ocrx_word' id='word_1_195' title='bbox 1083 2747 1215 2788; x_wconf 88' lang='lat' dir='ltr'><strong>sane</strong></span> <span class='ocrx_word' id='word_1_196' title='bbox 1247 2747 1446 2788; x_wconf 90' lang='lat' dir='ltr'><strong>novum</strong></span> <span class='ocrx_word' id='word_1_197' title='bbox 1479 2746 1619 2797; x_wconf 89' lang='lat' dir='ltr'><strong>esse,</strong></span> <span class='ocrx_word' id='word_1_198' title='bbox 1652 2731 1797 2801; x_wconf 91' lang='lat' dir='ltr'><strong>quod</strong></span> <span class='ocrx_word' id='word_1_199' title='bbox 1828 2745 1891 2784; x_wconf 83' lang='lat' dir='ltr'><strong>ex</strong></span> <span class='ocrx_word' id='word_1_200' title='bbox 1935 2730 2046 2785; x_wconf 89' lang='lat' dir='ltr'><strong>Deo</strong></span> <span class='ocrx_word' id='word_1_201' title='bbox 2096 2729 2300 2783; x_wconf 86' lang='lat' dir='ltr'><strong>revele-</strong></span> 
     </span>
    </p>
   </div>
   <div class='ocr_carea' id='block_1_31' title="bbox 729 2821 2300 2897">
    <p class='ocr_par' dir='ltr' id='par_1_31' title="bbox 729 2821 2300 2897">
     <span class='ocr_line' id='line_1_31' title="bbox 729 2821 2300 2897; baseline -0.004 -16"><span class='ocrx_word' id='word_1_202' title='bbox 729 2839 819 2881; x_wconf 87' lang='lat' dir='ltr'><strong>tur</strong></span> <span class='ocrx_word' id='word_1_203' title='bbox 842 2826 1045 2897; x_wconf 81' lang='lat' dir='ltr'><strong>aliquid</strong></span> <span class='ocrx_word' id='word_1_204' title='bbox 1079 2834 1134 2880; x_wconf 91' lang='lat' dir='ltr'><strong>et</strong></span> <span class='ocrx_word' id='word_1_205' title='bbox 1157 2824 1562 2896; x_wconf 82' lang='lat' dir='ltr'><strong>evangelizetur</strong></span> <span class='ocrx_word' id='word_1_206' title='bbox 1620 2823 1994 2887; x_wconf 87' lang='lat' dir='ltr'><strong>credentibus,</strong></span> <span class='ocrx_word' id='word_1_207' title='bbox 2018 2821 2148 2891; x_wconf 89' lang='lat' dir='ltr'><strong>quia</strong></span> <span class='ocrx_word' id='word_1_208' title='bbox 2180 2821 2300 2876; x_wconf 87' lang='lat' dir='ltr'><strong>sine</strong></span> 
     </span>
    </p>
   </div>
   <div class='ocr_carea' id='block_1_32' title="bbox 726 2913 2297 2981">
    <p class='ocr_par' dir='ltr' id='par_1_32' title="bbox 726 2913 2297 2981">
     <span class='ocr_line' id='line_1_32' title="bbox 726 2913 2297 2981; baseline -0.004 -8"><span class='ocrx_word' id='word_1_209' title='bbox 726 2919 894 2973; x_wconf 88' lang='lat' dir='ltr'><strong>dubio</strong></span> <span class='ocrx_word' id='word_1_210' title='bbox 926 2918 1328 2972; x_wconf 87' lang='lat' dir='ltr'><strong>incrementum</strong></span> <span class='ocrx_word' id='word_1_211' title='bbox 1365 2916 1473 2971; x_wconf 90' lang='lat' dir='ltr'><strong>illis</strong></span> <span class='ocrx_word' id='word_1_212' title='bbox 1499 2915 1559 2969; x_wconf 85' lang='lat' dir='ltr'><strong>lit</strong></span> <span class='ocrx_word' id='word_1_213' title='bbox 1594 2930 1624 2969; x_wconf 91' lang='lat' dir='ltr'><strong>a</strong></span> <span class='ocrx_word' id='word_1_214' title='bbox 1647 2913 1779 2970; x_wconf 88' lang='lat' dir='ltr'><strong>Deo.</strong></span> <span class='ocrx_word' id='word_1_215' title='bbox 1812 2913 1967 2981; x_wconf 84' lang='lat' dir='ltr'><strong>Quod</strong></span> <span class='ocrx_word' id='word_1_216' title='bbox 1993 2924 2173 2968; x_wconf 88' lang='lat' dir='ltr'><strong>tamen</strong></span> <span class='ocrx_word' id='word_1_217' title='bbox 2204 2928 2297 2967; x_wconf 89' lang='lat' dir='ltr'><strong>ve-</strong></span> 
     </span>
    </p>
   </div>
   <div class='ocr_carea' id='block_1_33' title="bbox 726 3002 2298 3072">
    <p class='ocr_par' dir='ltr' id='par_1_33' title="bbox 726 3002 2298 3072">
     <span class='ocr_line' id='line_1_33' title="bbox 726 3002 2298 3072; baseline -0.003 -13"><span class='ocrx_word' id='word_1_218' title='bbox 726 3024 848 3062; x_wconf 89' lang='lat' dir='ltr'><strong>rum</strong></span> <span class='ocrx_word' id='word_1_219' title='bbox 885 3008 1278 3072; x_wconf 88' lang='lat' dir='ltr'><strong>incrementum</strong></span> <span class='ocrx_word' id='word_1_220' title='bbox 1303 3006 1449 3061; x_wconf 87' lang='lat' dir='ltr'><strong>circa</strong></span> <span class='ocrx_word' id='word_1_221' title='bbox 1470 3003 1846 3059; x_wconf 83' lang='lat' dir='ltr'><strong>Mohamedem</strong></span> <span class='ocrx_word' id='word_1_222' title='bbox 1880 3003 2083 3058; x_wconf 83' lang='lat' dir='ltr'><strong>factum</strong></span> <span class='ocrx_word' id='word_1_223' title='bbox 2114 3004 2207 3068; x_wconf 89' lang='lat' dir='ltr'><strong>sit,</strong></span> <span class='ocrx_word' id='word_1_224' title='bbox 2244 3002 2298 3056; x_wconf 89' lang='lat' dir='ltr'><strong>id</strong></span> 
     </span>
    </p>
   </div>
   <div class='ocr_carea' id='block_1_34' title="bbox 725 3094 2296 3167">
    <p class='ocr_par' dir='ltr' id='par_1_34' title="bbox 725 3094 2296 3167">
     <span class='ocr_line' id='line_1_34' title="bbox 725 3094 2296 3167; baseline -0.003 -15"><span class='ocrx_word' id='word_1_225' title='bbox 725 3114 849 3153; x_wconf 90' lang='lat' dir='ltr'><strong>cum</strong></span> <span class='ocrx_word' id='word_1_226' title='bbox 892 3107 1088 3167; x_wconf 90' lang='lat' dir='ltr'><strong>putum</strong></span> <span class='ocrx_word' id='word_1_227' title='bbox 1140 3098 1484 3153; x_wconf 88' lang='lat' dir='ltr'><strong>mendacium</strong></span> <span class='ocrx_word' id='word_1_228' title='bbox 1540 3104 1827 3166; x_wconf 85' lang='lat' dir='ltr'><strong>appareat;</strong></span> <span class='ocrx_word' id='word_1_229' title='bbox 1870 3095 2145 3149; x_wconf 87' lang='lat' dir='ltr'><strong>hominem</strong></span> <span class='ocrx_word' id='word_1_230' title='bbox 2200 3094 2296 3164; x_wconf 89' lang='lat' dir='ltr'><strong>qui</strong></span> 
     </span>
    </p>
   </div>
   <div class='ocr_carea' id='block_1_35' title="bbox 727 3187 2300 3256">
    <p class='ocr_par' dir='ltr' id='par_1_35' title="bbox 727 3187 2300 3256">
     <span class='ocr_line' id='line_1_35' title="bbox 727 3187 2300 3256; baseline -0.001 -13"><span class='ocrx_word' id='word_1_231' title='bbox 727 3191 833 3244; x_wconf 93' lang='lat' dir='ltr'><strong>hoc</strong></span> <span class='ocrx_word' id='word_1_232' title='bbox 880 3191 985 3245; x_wconf 88' lang='lat' dir='ltr'><strong>sibi</strong></span> <span class='ocrx_word' id='word_1_233' title='bbox 1042 3191 1341 3246; x_wconf 86' lang='lat' dir='ltr'><strong>revelatum</strong></span> <span class='ocrx_word' id='word_1_234' title='bbox 1388 3188 1544 3256; x_wconf 90' lang='lat' dir='ltr'><strong>dicit,</strong></span> <span class='ocrx_word' id='word_1_235' title='bbox 1570 3203 1669 3242; x_wconf 91' lang='lat' dir='ltr'><strong>ceu</strong></span> <span class='ocrx_word' id='word_1_236' title='bbox 1703 3202 1831 3242; x_wconf 84' lang='lat' dir='ltr'><strong>vere</strong></span> <span class='ocrx_word' id='word_1_237' title='bbox 1862 3187 2175 3251; x_wconf 90' lang='lat' dir='ltr'><strong>scelestum,</strong></span> <span class='ocrx_word' id='word_1_238' title='bbox 2217 3197 2300 3242; x_wconf 90' lang='lat' dir='ltr'><strong>at-</strong></span> 
     </span>
    </p>
   </div>
   <div class='ocr_carea' id='block_1_36' title="bbox 724 3279 2298 3353">
    <p class='ocr_par' dir='ltr' id='par_1_36' title="bbox 724 3279 2298 3353">
     <span class='ocr_line' id='line_1_36' title="bbox 724 3279 2298 3353; baseline -0.002 -17"><span class='ocrx_word' id='word_1_239' title='bbox 724 3298 831 3353; x_wconf 91' lang='lat' dir='ltr'><strong>que</strong></span> <span class='ocrx_word' id='word_1_240' title='bbox 857 3292 918 3338; x_wconf 90' lang='lat' dir='ltr'><strong>ut</strong></span> <span class='ocrx_word' id='word_1_241' title='bbox 960 3283 1076 3353; x_wconf 91' lang='lat' dir='ltr'><strong>ipse</strong></span> <span class='ocrx_word' id='word_1_242' title='bbox 1124 3282 1201 3336; x_wconf 88' lang='lat' dir='ltr'><strong>ait</strong></span> <span class='ocrx_word' id='word_1_243' title='bbox 1255 3296 1498 3353; x_wconf 88' lang='lat' dir='ltr'><strong>magum,</strong></span> <span class='ocrx_word' id='word_1_244' title='bbox 1544 3280 1951 3334; x_wconf 90' lang='lat' dir='ltr'><strong>abominamur.</strong></span> <span class='ocrx_word' id='word_1_245' title='bbox 1981 3279 2298 3333; x_wconf 87' lang='lat' dir='ltr'><strong>Abrahamo</strong></span> 
     </span>
    </p>
   </div>
   <div class='ocr_carea' id='block_1_37' title="bbox 725 3371 2297 3443">
    <p class='ocr_par' dir='ltr' id='par_1_37' title="bbox 725 3371 2297 3443">
     <span class='ocr_line' id='line_1_37' title="bbox 725 3371 2297 3443; baseline -0.003 -14"><span class='ocrx_word' id='word_1_246' title='bbox 725 3377 799 3429; x_wconf 90' lang='lat' dir='ltr'><strong>ita</strong></span> <span class='ocrx_word' id='word_1_247' title='bbox 847 3376 1049 3430; x_wconf 82' lang='lat' dir='ltr'><strong>factum</strong></span> <span class='ocrx_word' id='word_1_248' title='bbox 1109 3376 1337 3438; x_wconf 89' lang='lat' dir='ltr'><strong>scimus,</strong></span> <span class='ocrx_word' id='word_1_249' title='bbox 1394 3388 1572 3443; x_wconf 89' lang='lat' dir='ltr'><strong>neque</strong></span> <span class='ocrx_word' id='word_1_250' title='bbox 1624 3374 1938 3427; x_wconf 89' lang='lat' dir='ltr'><strong>miramur:</strong></span> <span class='ocrx_word' id='word_1_251' title='bbox 1982 3371 2105 3425; x_wconf 83' lang='lat' dir='ltr'><strong>Vult</strong></span> <span class='ocrx_word' id='word_1_252' title='bbox 2159 3372 2297 3425; x_wconf 82' lang='lat' dir='ltr'><strong>enim</strong></span> 
     </span>
    </p>
   </div>
   <div class='ocr_carea' id='block_1_38' title="bbox 724 3465 2297 3535">
    <p class='ocr_par' dir='ltr' id='par_1_38' title="bbox 724 3465 2297 3535">
     <span class='ocr_line' id='line_1_38' title="bbox 724 3465 2297 3535; baseline -0.003 -14"><span class='ocrx_word' id='word_1_253' title='bbox 724 3468 866 3522; x_wconf 81' lang='lat' dir='ltr'><strong>Deus</strong></span> <span class='ocrx_word' id='word_1_254' title='bbox 894 3484 1069 3521; x_wconf 75' lang='lat' dir='ltr'><strong>omnes</strong></span> <span class='ocrx_word' id='word_1_255' title='bbox 1103 3468 1339 3521; x_wconf 77' lang='lat' dir='ltr'><strong>homines</strong></span> <span class='ocrx_word' id='word_1_256' title='bbox 1371 3466 1598 3529; x_wconf 78' lang='lat' dir='ltr'><strong>salvare,</strong></span> <span class='ocrx_word' id='word_1_257' title='bbox 1632 3474 1680 3520; x_wconf 78' lang='lat' dir='ltr'><strong>et</strong></span> <span class='ocrx_word' id='word_1_258' title='bbox 1712 3465 1779 3518; x_wconf 88' lang='lat' dir='ltr'><strong>ad</strong></span> <span class='ocrx_word' id='word_1_259' title='bbox 1813 3466 2135 3535; x_wconf 82' lang='lat' dir='ltr'><strong>agnitionem</strong></span> <span class='ocrx_word' id='word_1_260' title='bbox 2164 3465 2297 3517; x_wconf 80' lang='lat' dir='ltr'><strong>veri-</strong></span> 
     </span>
    </p>
   </div>
   <div class='ocr_carea' id='block_1_39' title="bbox 725 3554 2295 3623">
    <p class='ocr_par' dir='ltr' id='par_1_39' title="bbox 725 3554 2295 3623">
     <span class='ocr_line' id='line_1_39' title="bbox 725 3554 2295 3623; baseline -0.003 -11"><span class='ocrx_word' id='word_1_261' title='bbox 725 3561 851 3612; x_wconf 78' lang='lat' dir='ltr'><strong>tatis</strong></span> <span class='ocrx_word' id='word_1_262' title='bbox 879 3560 1051 3613; x_wconf 80' lang='lat' dir='ltr'><strong>venire</strong></span> <span class='ocrx_word' id='word_1_263' title='bbox 1090 3560 1152 3613; x_wconf 67' lang='lat'><strong>’9.</strong></span> <span class='ocrx_word' id='word_1_264' title='bbox 1187 3557 1401 3614; x_wconf 88' lang='lat' dir='ltr'><strong>Etenim</strong></span> <span class='ocrx_word' id='word_1_265' title='bbox 1430 3574 1496 3613; x_wconf 79' lang='lat' dir='ltr'><strong>ex</strong></span> <span class='ocrx_word' id='word_1_266' title='bbox 1548 3558 1888 3612; x_wconf 91' lang='lat' dir='ltr'><strong>idololatrica</strong></span> <span class='ocrx_word' id='word_1_267' title='bbox 1919 3554 2140 3610; x_wconf 89' lang='lat' dir='ltr'><strong>inscitia</strong></span> <span class='ocrx_word' id='word_1_268' title='bbox 2168 3568 2295 3623; x_wconf 79' lang='lat' dir='ltr'><strong>pro-</strong></span> 
     </span>
    </p>
   </div>
   <div class='ocr_carea' id='block_1_40' title="bbox 721 3646 2300 3705">
    <p class='ocr_par' dir='ltr' id='par_1_40' title="bbox 721 3646 2300 3705">
     <span class='ocr_line' id='line_1_40' title="bbox 721 3646 2300 3705; baseline -0.003 -1"><span class='ocrx_word' id='word_1_269' title='bbox 721 3650 886 3705; x_wconf 84' lang='lat' dir='ltr'><strong>cessit</strong></span> <span class='ocrx_word' id='word_1_270' title='bbox 912 3650 1253 3705; x_wconf 84' lang='lat' dir='ltr'><strong>Abrahamus</strong></span> <span class='ocrx_word' id='word_1_271' title='bbox 1276 3651 1327 3703; x_wconf 92' lang='lat' dir='ltr'><strong>in</strong></span> <span class='ocrx_word' id='word_1_272' title='bbox 1345 3651 1744 3704; x_wconf 88' lang='lat' dir='ltr'><strong>incrementum</strong></span> <span class='ocrx_word' id='word_1_273' title='bbox 1767 3661 1952 3702; x_wconf 91' lang='lat' dir='ltr'><strong>verum</strong></span> <span class='ocrx_word' id='word_1_274' title='bbox 1986 3646 2182 3701; x_wconf 72' lang='lat' dir='ltr'><strong>divina:</strong></span> <span class='ocrx_word' id='word_1_275' title='bbox 2201 3660 2300 3699; x_wconf 88' lang='lat' dir='ltr'><strong>no-</strong></span> 
     </span>
    </p>
   </div>
   <div class='ocr_carea' id='block_1_41' title="bbox 723 3738 2294 3811">
    <p class='ocr_par' dir='ltr' id='par_1_41' title="bbox 723 3738 2294 3811">
     <span class='ocr_line' id='line_1_41' title="bbox 723 3738 2294 3811; baseline -0.003 -16"><span class='ocrx_word' id='word_1_276' title='bbox 723 3741 875 3807; x_wconf 65' lang='lat' dir='ltr'><strong>titiae,</strong></span> <span class='ocrx_word' id='word_1_277' title='bbox 900 3741 1027 3811; x_wconf 89' lang='lat' dir='ltr'><strong>quia</strong></span> <span class='ocrx_word' id='word_1_278' title='bbox 1052 3742 1168 3795; x_wconf 62' lang='lat' dir='ltr'><strong>haec</strong></span> <span class='ocrx_word' id='word_1_279' title='bbox 1191 3742 1239 3795; x_wconf 93' lang='lat' dir='ltr'><strong>ei</strong></span> <span class='ocrx_word' id='word_1_280' title='bbox 1273 3741 1511 3796; x_wconf 84' lang='lat' dir='ltr'><strong>revelata</strong></span> <span class='ocrx_word' id='word_1_281' title='bbox 1543 3754 1571 3793; x_wconf 92' lang='lat' dir='ltr'><strong>a</strong></span> <span class='ocrx_word' id='word_1_282' title='bbox 1598 3738 1708 3794; x_wconf 88' lang='lat' dir='ltr'><strong>Deo</strong></span> <span class='ocrx_word' id='word_1_283' title='bbox 1735 3738 1874 3803; x_wconf 79' lang='lat' dir='ltr'><strong>fuit;</strong></span> <span class='ocrx_word' id='word_1_284' title='bbox 1906 3748 1961 3792; x_wconf 91' lang='lat' dir='ltr'><strong>et</strong></span> <span class='ocrx_word' id='word_1_285' title='bbox 1984 3750 2107 3791; x_wconf 79' lang='lat' dir='ltr'><strong>mox</strong></span> <span class='ocrx_word' id='word_1_286' title='bbox 2129 3751 2294 3805; x_wconf 81' lang='lat' dir='ltr'><strong>Opera</strong></span> 
     </span>
    </p>
   </div>
   <div class='ocr_carea' id='block_1_42' title="bbox 720 3828 2292 3902">
    <p class='ocr_par' dir='ltr' id='par_1_42' title="bbox 720 3828 2292 3902">
     <span class='ocr_line' id='line_1_42' title="bbox 720 3828 2292 3902; baseline -0.004 -16"><span class='ocrx_word' id='word_1_287' title='bbox 720 3833 841 3902; x_wconf 79' lang='lat' dir='ltr'><strong>ejus</strong></span> <span class='ocrx_word' id='word_1_288' title='bbox 872 3831 1123 3902; x_wconf 87' lang='lat' dir='ltr'><strong>religiosa</strong></span> <span class='ocrx_word' id='word_1_289' title='bbox 1164 3830 1537 3886; x_wconf 84' lang='lat' dir='ltr'><strong>manifestiora</strong></span> <span class='ocrx_word' id='word_1_290' title='bbox 1568 3838 1881 3894; x_wconf 86' lang='lat' dir='ltr'><strong>evaserunt,</strong></span> <span class='ocrx_word' id='word_1_291' title='bbox 1916 3828 2166 3883; x_wconf 84' lang='lat' dir='ltr'><strong>veritatis</strong></span> <span class='ocrx_word' id='word_1_292' title='bbox 2197 3842 2292 3881; x_wconf 92' lang='lat' dir='ltr'><strong>co-</strong></span> 
     </span>
    </p>
   </div>
   <div class='ocr_carea' id='block_1_43' title="bbox 721 3919 2294 3993">
    <p class='ocr_par' dir='ltr' id='par_1_43' title="bbox 721 3919 2294 3993">
     <span class='ocr_line' id='line_1_43' title="bbox 721 3919 2294 3993; baseline -0.002 -17"><span class='ocrx_word' id='word_1_293' title='bbox 721 3924 1021 3993; x_wconf 81' lang='lat' dir='ltr'><strong>gnitioncm</strong></span> <span class='ocrx_word' id='word_1_294' title='bbox 1074 3922 1369 3977; x_wconf 88' lang='lat' dir='ltr'><strong>lirmantia.</strong></span> <span class='ocrx_word' id='word_1_295' title='bbox 1411 3921 1541 3976; x_wconf 84' lang='lat' dir='ltr'><strong>Post</strong></span> <span class='ocrx_word' id='word_1_296' title='bbox 1585 3922 1741 3974; x_wconf 86' lang='lat' dir='ltr'><strong>illum</strong></span> <span class='ocrx_word' id='word_1_297' title='bbox 1802 3920 1983 3973; x_wconf 90' lang='lat' dir='ltr'><strong>denuo</strong></span> <span class='ocrx_word' id='word_1_298' title='bbox 2039 3919 2294 3973; x_wconf 89' lang='lat' dir='ltr'><strong>novimus</strong></span> 
     </span>
    </p>
   </div>
   <div class='ocr_carea' id='block_1_44' title="bbox 720 4012 2296 4086">
    <p class='ocr_par' dir='ltr' id='par_1_44' title="bbox 720 4012 2296 4086">
     <span class='ocr_line' id='line_1_44' title="bbox 720 4012 2296 4086; baseline -0.003 -17"><span class='ocrx_word' id='word_1_299' title='bbox 720 4016 963 4086; x_wconf 79' lang='lat' dir='ltr'><strong>Moyscm</strong></span> <span class='ocrx_word' id='word_1_300' title='bbox 990 4016 1359 4069; x_wconf 89' lang='lat' dir='ltr'><strong>illnminatum</strong></span> <span class='ocrx_word' id='word_1_301' title='bbox 1402 4030 1431 4069; x_wconf 91' lang='lat' dir='ltr'><strong>a</strong></span> <span class='ocrx_word' id='word_1_302' title='bbox 1488 4013 1621 4078; x_wconf 88' lang='lat' dir='ltr'><strong>Deo,</strong></span> <span class='ocrx_word' id='word_1_303' title='bbox 1659 4013 1731 4068; x_wconf 88' lang='lat' dir='ltr'><strong>ob</strong></span> <span class='ocrx_word' id='word_1_304' title='bbox 1760 4012 2072 4068; x_wconf 87' lang='lat' dir='ltr'><strong>testandum</strong></span> <span class='ocrx_word' id='word_1_305' title='bbox 2118 4012 2296 4066; x_wconf 83' lang='lat' dir='ltr'><strong>homi-</strong></span> 
     </span>
    </p>
   </div>
   <div class='ocr_carea' id='block_1_45' title="bbox 722 4103 2293 4177">
    <p class='ocr_par' dir='ltr' id='par_1_45' title="bbox 722 4103 2293 4177">
     <span class='ocr_line' id='line_1_45' title="bbox 722 4103 2293 4177; baseline -0.004 -15"><span class='ocrx_word' id='word_1_306' title='bbox 722 4108 906 4171; x_wconf 88' lang='lat' dir='ltr'><strong>nibus,</strong></span> <span class='ocrx_word' id='word_1_307' title='bbox 929 4107 1071 4177; x_wconf 88' lang='lat' dir='ltr'><strong>quod</strong></span> <span class='ocrx_word' id='word_1_308' title='bbox 1104 4106 1237 4174; x_wconf 90' lang='lat' dir='ltr'><strong>ipsis</strong></span> <span class='ocrx_word' id='word_1_309' title='bbox 1266 4105 1615 4160; x_wconf 89' lang='lat' dir='ltr'><strong>credentibus</strong></span> <span class='ocrx_word' id='word_1_310' title='bbox 1644 4103 2152 4158; x_wconf 86' lang='lat' dir='ltr'><strong>liatincrementum</strong></span> <span class='ocrx_word' id='word_1_311' title='bbox 2200 4117 2293 4156; x_wconf 91' lang='lat' dir='ltr'><strong>ve-</strong></span> 
     </span>
    </p>
   </div>
   <div class='ocr_carea' id='block_1_46' title="bbox 723 4196 2293 4266">
    <p class='ocr_par' dir='ltr' id='par_1_46' title="bbox 723 4196 2293 4266">
     <span class='ocr_line' id='line_1_46' title="bbox 723 4196 2293 4266; baseline -0.002 -13"><span class='ocrx_word' id='word_1_312' title='bbox 723 4214 846 4253; x_wconf 86' lang='lat' dir='ltr'><strong>rum</strong></span> <span class='ocrx_word' id='word_1_313' title='bbox 887 4214 915 4252; x_wconf 92' lang='lat' dir='ltr'><strong>a</strong></span> <span class='ocrx_word' id='word_1_314' title='bbox 963 4198 1199 4252; x_wconf 87' lang='lat' dir='ltr'><strong>Domino</strong></span> <span class='ocrx_word' id='word_1_315' title='bbox 1258 4196 1529 4266; x_wconf 90' lang='lat' dir='ltr'><strong>ipsorum.</strong></span> <span class='ocrx_word' id='word_1_316' title='bbox 1555 4198 1737 4265; x_wconf 80' lang='lat' dir='ltr'><strong>Atque</strong></span> <span class='ocrx_word' id='word_1_317' title='bbox 1768 4196 1842 4249; x_wconf 91' lang='lat' dir='ltr'><strong>ita</strong></span> <span class='ocrx_word' id='word_1_318' title='bbox 1873 4211 2065 4264; x_wconf 87' lang='lat' dir='ltr'><strong>reapse</strong></span> <span class='ocrx_word' id='word_1_319' title='bbox 2093 4196 2293 4250; x_wconf 88' lang='lat' dir='ltr'><strong>evenit.</strong></span> 
     </span>
    </p>
   </div>
   <div class='ocr_carea' id='block_1_47' title="bbox 722 4285 2294 4359">
    <p class='ocr_par' dir='ltr' id='par_1_47' title="bbox 722 4285 2294 4359">
     <span class='ocr_line' id='line_1_47' title="bbox 722 4285 2294 4359; baseline -0.003 -16"><span class='ocrx_word' id='word_1_320' title='bbox 722 4288 970 4359; x_wconf 84' lang='lat' dir='ltr'><strong>Namque</strong></span> <span class='ocrx_word' id='word_1_321' title='bbox 1000 4289 1068 4343; x_wconf 89' lang='lat' dir='ltr'><strong>ab</strong></span> <span class='ocrx_word' id='word_1_322' title='bbox 1108 4287 1401 4343; x_wconf 74' lang='lat' dir='ltr'><strong>Abrahami</strong></span> <span class='ocrx_word' id='word_1_323' title='bbox 1428 4287 1604 4341; x_wconf 87' lang='lat' dir='ltr'><strong>adhuc</strong></span> <span class='ocrx_word' id='word_1_324' title='bbox 1625 4286 1943 4356; x_wconf 89' lang='lat' dir='ltr'><strong>impertecta</strong></span> <span class='ocrx_word' id='word_1_325' title='bbox 1981 4285 2073 4340; x_wconf 87' lang='lat' dir='ltr'><strong>Dei</strong></span> <span class='ocrx_word' id='word_1_326' title='bbox 2102 4286 2294 4340; x_wconf 92' lang='lat' dir='ltr'><strong>notitia</strong></span> 
     </span>
    </p>
   </div>
   <div class='ocr_carea' id='block_1_48' title="bbox 720 4377 2295 4448">
    <p class='ocr_par' dir='ltr' id='par_1_48' title="bbox 720 4377 2295 4448">
     <span class='ocr_line' id='line_1_48' title="bbox 720 4377 2295 4448; baseline -0.003 -13"><span class='ocrx_word' id='word_1_327' title='bbox 720 4391 775 4436; x_wconf 90' lang='lat' dir='ltr'><strong>et</strong></span> <span class='ocrx_word' id='word_1_328' title='bbox 805 4382 931 4435; x_wconf 72' lang='lat' dir='ltr'><strong>vita:</strong></span> <span class='ocrx_word' id='word_1_329' title='bbox 972 4381 1242 4445; x_wconf 89' lang='lat' dir='ltr'><strong>instituto,</strong></span> <span class='ocrx_word' id='word_1_330' title='bbox 1278 4379 1347 4433; x_wconf 92' lang='lat' dir='ltr'><strong>ad</strong></span> <span class='ocrx_word' id='word_1_331' title='bbox 1393 4377 1777 4448; x_wconf 81' lang='lat' dir='ltr'><strong>perfectiorem</strong></span> <span class='ocrx_word' id='word_1_332' title='bbox 1828 4377 2067 4431; x_wconf 92' lang='lat' dir='ltr'><strong>divinam</strong></span> <span class='ocrx_word' id='word_1_333' title='bbox 2120 4377 2295 4433; x_wconf 87' lang='lat' dir='ltr'><strong>scien-</strong></span> 
     </span>
    </p>
   </div>
   <div class='ocr_carea' id='block_1_49' title="bbox 2412 531 3996 603">
    <p class='ocr_par' dir='ltr' id='par_1_49' title="bbox 2412 531 3996 603">
     <span class='ocr_line' id='line_1_49' title="bbox 2412 531 3996 603; baseline 0.001 -19"><span class='ocrx_word' id='word_1_334' title='bbox 2412 534 2485 603; x_wconf 85' lang='grc' dir='ltr'><strong>μὴ</strong></span> <span class='ocrx_word' id='word_1_335' title='bbox 2536 534 2737 600; x_wconf 71' lang='grc' dir='ltr'>γυμνὸς</span> <span class='ocrx_word' id='word_1_336' title='bbox 2768 531 3045 594; x_wconf 82' lang='grc' dir='ltr'>παντελῶς</span> <span class='ocrx_word' id='word_1_337' title='bbox 3077 532 3170 585; x_wconf 88' lang='grc' dir='ltr'><strong>τοῦ</strong></span> <span class='ocrx_word' id='word_1_338' title='bbox 3239 531 3425 585; x_wconf 84' lang='grc' dir='ltr'>δούλου</span> <span class='ocrx_word' id='word_1_339' title='bbox 3480 534 3855 601; x_wconf 77' lang='grc' dir='ltr'>καταληφθεὶς</span> <span class='ocrx_word' id='word_1_340' title='bbox 3897 552 3996 586; x_wconf 88' lang='grc' dir='ltr'>συ-</span> 
     </span>
    </p>
   </div>
   <div class='ocr_carea' id='block_1_50' title="bbox 2410 621 3997 691">
    <p class='ocr_par' dir='ltr' id='par_1_50' title="bbox 2410 621 3997 691">
     <span class='ocr_line' id='line_1_50' title="bbox 2410 621 3997 691; baseline 0 -16"><span class='ocrx_word' id='word_1_341' title='bbox 2410 623 2661 691; x_wconf 83' lang='grc' dir='ltr'>σκελισθῇ</span> <span class='ocrx_word' id='word_1_342' title='bbox 2685 665 2697 683; x_wconf 91' lang='grc'><strong>,</strong></span> <span class='ocrx_word' id='word_1_343' title='bbox 2731 622 2843 674; x_wconf 83' lang='grc' dir='ltr'>ἀλλ’</span> <span class='ocrx_word' id='word_1_344' title='bbox 2881 624 2959 674; x_wconf 81' lang='grc' dir='ltr'><strong>ὅτι</strong></span> <span class='ocrx_word' id='word_1_345' title='bbox 2988 622 3149 684; x_wconf 79' lang='grc' dir='ltr'>αὐτὸς</span> <span class='ocrx_word' id='word_1_346' title='bbox 3187 621 3314 683; x_wconf 80' lang='grc' dir='ltr'>Υἱός</span> <span class='ocrx_word' id='word_1_347' title='bbox 3346 623 3493 674; x_wconf 82' lang='grc' dir='ltr'>ἐστιν</span> <span class='ocrx_word' id='word_1_348' title='bbox 3516 640 3530 653; x_wconf 88' lang='grc'><strong>·</strong></span> <span class='ocrx_word' id='word_1_349' title='bbox 3563 625 3638 685; x_wconf 83' lang='grc' dir='ltr'>ὡς</span> <span class='ocrx_word' id='word_1_350' title='bbox 3667 623 3732 674; x_wconf 84' lang='grc' dir='ltr'><strong>ἂν</strong></span> <span class='ocrx_word' id='word_1_351' title='bbox 3781 625 3833 675; x_wconf 78' lang='grc' dir='ltr'><strong>εί</strong></span> <span class='ocrx_word' id='word_1_352' title='bbox 3873 624 3997 675; x_wconf 63' lang='grc' dir='ltr'>ἕλευ</span> 
     </span>
    </p>
   </div>
   <div class='ocr_carea' id='block_1_51' title="bbox 2384 695 3999 780">
    <p class='ocr_par' dir='ltr' id='par_1_51' title="bbox 2384 695 3999 780">
     <span class='ocr_line' id='line_1_51' title="bbox 2384 695 3999 780; baseline -0.001 -17"><span class='ocrx_word' id='word_1_353' title='bbox 2384 695 2522 779; x_wconf 63' lang='grc' dir='ltr'>’γεν,</span> <span class='ocrx_word' id='word_1_354' title='bbox 2554 712 2632 763; x_wconf 86' lang='grc' dir='ltr'>ὅτι</span> <span class='ocrx_word' id='word_1_355' title='bbox 2664 709 2726 762; x_wconf 83' lang='grc' dir='ltr'><strong>ΕΞ</strong></span> <span class='ocrx_word' id='word_1_356' title='bbox 2756 711 2938 763; x_wconf 78' lang='grc' dir='ltr'>Θέλετε</span> <span class='ocrx_word' id='word_1_357' title='bbox 2964 710 3093 762; x_wconf 77' lang='grc' dir='ltr'>Υἱδν</span> <span class='ocrx_word' id='word_1_358' title='bbox 3117 710 3253 765; x_wconf 86' lang='grc' dir='ltr'>Θεοῦ</span> <span class='ocrx_word' id='word_1_359' title='bbox 3282 710 3585 780; x_wconf 76' lang='grc' dir='ltr'>ὁμολογεῖν,</span> <span class='ocrx_word' id='word_1_360' title='bbox 3617 713 3729 780; x_wconf 80' lang='grc' dir='ltr'>ἐγὼ</span> <span class='ocrx_word' id='word_1_361' title='bbox 3763 711 3863 764; x_wconf 74' lang='grc' dir='ltr'><strong>τοῦ</strong></span> <span class='ocrx_word' id='word_1_362' title='bbox 3894 712 3999 762; x_wconf 80' lang='grc' dir='ltr'>λα·-</span> 
     </span>
    </p>
   </div>
   <div class='ocr_carea' id='block_1_52' title="bbox 2408 798 3997 874">
    <p class='ocr_par' dir='ltr' id='par_1_52' title="bbox 2408 798 3997 874">
     <span class='ocr_line' id='line_1_52' title="bbox 2408 798 3997 874; baseline 0.002 -21"><span class='ocrx_word' id='word_1_363' title='bbox 2408 802 2666 871; x_wconf 79' lang='grc' dir='ltr'>λουμένου</span> <span class='ocrx_word' id='word_1_364' title='bbox 2710 801 3038 874; x_wconf 71' lang='grc' dir='ltr'>ἐγγύτερονο</span> <span class='ocrx_word' id='word_1_365' title='bbox 3094 798 3211 854; x_wconf 81' lang='grc' dir='ltr'>εἶτα</span> <span class='ocrx_word' id='word_1_366' title='bbox 3257 803 3656 874; x_wconf 84' lang='grc' dir='ltr'>βαττολογήσας</span> <span class='ocrx_word' id='word_1_367' title='bbox 3700 805 3821 857; x_wconf 66' lang='grc' dir='ltr'>τινὰ</span> <span class='ocrx_word' id='word_1_368' title='bbox 3859 805 3997 856; x_wconf 79' lang='grc' dir='ltr'>ἀσέ-</span> 
     </span>
    </p>
   </div>
   <div class='ocr_carea' id='block_1_53' title="bbox 2411 896 3997 970">
    <p class='ocr_par' dir='ltr' id='par_1_53' title="bbox 2411 896 3997 970">
     <span class='ocr_line' id='line_1_53' title="bbox 2411 896 3997 970; baseline 0.001 -21"><span class='ocrx_word' id='word_1_369' title='bbox 2411 914 2576 965; x_wconf 86' lang='grc' dir='ltr'>μνως,</span> <span class='ocrx_word' id='word_1_370' title='bbox 2623 896 2851 949; x_wconf 78' lang='grc' dir='ltr'>καὶτῶν</span> <span class='ocrx_word' id='word_1_371' title='bbox 2896 896 3061 949; x_wconf 80' lang='grc' dir='ltr'>αὑτοῦ</span> <span class='ocrx_word' id='word_1_372' title='bbox 3114 897 3392 967; x_wconf 86' lang='grc' dir='ltr'>φλυαριῶν</span> <span class='ocrx_word' id='word_1_373' title='bbox 3448 897 3535 951; x_wconf 87' lang='grc' dir='ltr'><strong>διά</strong></span> <span class='ocrx_word' id='word_1_374' title='bbox 3568 900 3840 970; x_wconf 80' lang='grc' dir='ltr'>φλυαρίας</span> <span class='ocrx_word' id='word_1_375' title='bbox 3891 900 3997 961; x_wconf 69' lang='grc' dir='ltr'>τὰς</span> 
     </span>
    </p>
   </div>
   <div class='ocr_carea' id='block_1_54' title="bbox 2406 989 3996 1061">
    <p class='ocr_par' dir='ltr' id='par_1_54' title="bbox 2406 989 3996 1061">
     <span class='ocr_line' id='line_1_54' title="bbox 2406 989 3996 1061; baseline 0 -20"><span class='ocrx_word' id='word_1_376' title='bbox 2406 989 2707 1053; x_wconf 75' lang='grc' dir='ltr'>ἀποδείξεις</span> <span class='ocrx_word' id='word_1_377' title='bbox 2739 989 3058 1042; x_wconf 75' lang='grc' dir='ltr'><strong>πιστοῦσθαι</strong></span> <span class='ocrx_word' id='word_1_378' title='bbox 3093 989 3481 1058; x_wconf 63' lang='grc' dir='ltr'>ἀϐρυνόμενοςη</span> <span class='ocrx_word' id='word_1_379' title='bbox 3514 990 3789 1061; x_wconf 78' lang='grc' dir='ltr'>μέμνηταί</span> <span class='ocrx_word' id='word_1_380' title='bbox 3824 1008 3996 1043; x_wconf 82' lang='grc' dir='ltr'>τινων</span> 
     </span>
    </p>
   </div>
   <div class='ocr_carea' id='block_1_55' title="bbox 2406 1080 3997 1152">
    <p class='ocr_par' dir='ltr' id='par_1_55' title="bbox 2406 1080 3997 1152">
     <span class='ocr_line' id='line_1_55' title="bbox 2406 1080 3997 1152; baseline 0.001 -19"><span class='ocrx_word' id='word_1_381' title='bbox 2406 1082 2649 1149; x_wconf 67' lang='grc' dir='ltr'>Θαμοῦτ,</span> <span class='ocrx_word' id='word_1_382' title='bbox 2698 1083 2789 1136; x_wconf 76' lang='grc' dir='ltr'><strong>καὶ</strong></span> <span class='ocrx_word' id='word_1_383' title='bbox 2822 1080 3065 1150; x_wconf 81' lang='grc' dir='ltr'>Μαδιάμ,</span> <span class='ocrx_word' id='word_1_384' title='bbox 3122 1082 3213 1134; x_wconf 72' lang='grc' dir='ltr'><strong>καὶ</strong></span> <span class='ocrx_word' id='word_1_385' title='bbox 3272 1082 3646 1152; x_wconf 79' lang='grc' dir='ltr'>Ματευχαμάτ</span> <span class='ocrx_word' id='word_1_386' title='bbox 3698 1082 3799 1151; x_wconf 72' lang='grc'><strong>(4),</strong></span> <span class='ocrx_word' id='word_1_387' title='bbox 3852 1083 3997 1151; x_wconf 83' lang='grc' dir='ltr'>πρὸς</span> 
     </span>
    </p>
   </div>
   <div class='ocr_carea' id='block_1_56' title="bbox 2407 1172 3989 1243">
    <p class='ocr_par' dir='ltr' id='par_1_56' title="bbox 2407 1172 3989 1243">
     <span class='ocr_line' id='line_1_56' title="bbox 2407 1172 3989 1243; baseline 0 -18"><span class='ocrx_word' id='word_1_388' title='bbox 2407 1172 2499 1236; x_wconf 84' lang='grc' dir='ltr'><strong>οὓς</strong></span> <span class='ocrx_word' id='word_1_389' title='bbox 2530 1173 2743 1242; x_wconf 64' lang='grc' dir='ltr'>ἔφερον,</span> <span class='ocrx_word' id='word_1_390' title='bbox 2779 1172 2963 1243; x_wconf 73' lang='grc' dir='ltr'>φησὶν,</span> <span class='ocrx_word' id='word_1_391' title='bbox 2996 1174 3042 1224; x_wconf 87' lang='grc' dir='ltr'>οἱ</span> <span class='ocrx_word' id='word_1_392' title='bbox 3074 1172 3360 1226; x_wconf 75' lang='grc' dir='ltr'>ἀπόστολοι</span> <span class='ocrx_word' id='word_1_393' title='bbox 3387 1174 3566 1225; x_wconf 84' lang='grc' dir='ltr'>αὐτῶν</span> <span class='ocrx_word' id='word_1_394' title='bbox 3607 1174 3705 1242; x_wconf 78' lang='grc' dir='ltr'><strong>τὴν</strong></span> <span class='ocrx_word' id='word_1_395' title='bbox 3731 1174 3989 1241; x_wconf 77' lang='grc' dir='ltr'>φανέρωο</span> 
     </span>
    </p>
   </div>
   <div class='ocr_carea' id='block_1_57' title="bbox 2409 1263 3994 1331">
    <p class='ocr_par' dir='ltr' id='par_1_57' title="bbox 2409 1263 3994 1331">
     <span class='ocr_line' id='line_1_57' title="bbox 2409 1263 3994 1331; baseline -0.001 -15"><span class='ocrx_word' id='word_1_396' title='bbox 2409 1281 2510 1327; x_wconf 89' lang='grc' dir='ltr'>σιν,</span> <span class='ocrx_word' id='word_1_397' title='bbox 2538 1263 2747 1331; x_wconf 73' lang='grc' dir='ltr'>ἀδήλων</span> <span class='ocrx_word' id='word_1_398' title='bbox 2772 1264 2939 1316; x_wconf 74' lang='grc' dir='ltr'>ὄντων</span> <span class='ocrx_word' id='word_1_399' title='bbox 2971 1263 3176 1315; x_wconf 85' lang='grc' dir='ltr'>τούτων</span> <span class='ocrx_word' id='word_1_400' title='bbox 3211 1265 3303 1318; x_wconf 69' lang='grc' dir='ltr'><strong>καὶ</strong></span> <span class='ocrx_word' id='word_1_401' title='bbox 3332 1265 3759 1329; x_wconf 79' lang='grc' dir='ltr'>ἀναποδείκτων,</span> <span class='ocrx_word' id='word_1_402' title='bbox 3794 1263 3994 1331; x_wconf 74' lang='grc' dir='ltr'>ὥσπερ</span> 
     </span>
    </p>
   </div>
   <div class='ocr_carea' id='block_1_58' title="bbox 2405 1352 3995 1424">
    <p class='ocr_par' dir='ltr' id='par_1_58' title="bbox 2405 1352 3995 1424">
     <span class='ocr_line' id='line_1_58' title="bbox 2405 1352 3995 1424; baseline -0.002 -17"><span class='ocrx_word' id='word_1_403' title='bbox 2405 1354 2469 1423; x_wconf 84' lang='grc' dir='ltr'>δὴ</span> <span class='ocrx_word' id='word_1_404' title='bbox 2500 1355 2591 1405; x_wconf 79' lang='grc' dir='ltr'>καὶ</span> <span class='ocrx_word' id='word_1_405' title='bbox 2624 1353 2785 1417; x_wconf 84' lang='grc' dir='ltr'>αύτός</span> <span class='ocrx_word' id='word_1_406' title='bbox 2808 1371 2820 1384; x_wconf 77' lang='grc' dir='ltr'><strong>ο</strong></span> <span class='ocrx_word' id='word_1_407' title='bbox 2880 1354 2974 1407; x_wconf 74' lang='grc' dir='ltr'><strong>καὶ</strong></span> <span class='ocrx_word' id='word_1_408' title='bbox 3023 1352 3225 1417; x_wconf 80' lang='grc' dir='ltr'>εὐθέως</span> <span class='ocrx_word' id='word_1_409' title='bbox 3268 1353 3623 1424; x_wconf 81' lang='grc' dir='ltr'>ὲκστρατεύει</span> <span class='ocrx_word' id='word_1_410' title='bbox 3661 1353 3788 1407; x_wconf 80' lang='grc' dir='ltr'>καθ’</span> <span class='ocrx_word' id='word_1_411' title='bbox 3822 1354 3995 1422; x_wconf 82' lang='grc' dir='ltr'>ἡμῶν</span> 
     </span>
    </p>
   </div>
   <div class='ocr_carea' id='block_1_59' title="bbox 2405 1444 3994 1516">
    <p class='ocr_par' dir='ltr' id='par_1_59' title="bbox 2405 1444 3994 1516">
     <span class='ocr_line' id='line_1_59' title="bbox 2405 1444 3994 1516; baseline 0 -19"><span class='ocrx_word' id='word_1_412' title='bbox 2405 1447 2530 1508; x_wconf 79' lang='grc' dir='ltr'>τοὺς</span> <span class='ocrx_word' id='word_1_413' title='bbox 2561 1445 2888 1516; x_wconf 83' lang='grc' dir='ltr'>βαρϐάρους,</span> <span class='ocrx_word' id='word_1_414' title='bbox 2918 1445 3100 1500; x_wconf 70' lang='grc' dir='ltr'>καὶ·τά</span> <span class='ocrx_word' id='word_1_415' title='bbox 3132 1445 3211 1508; x_wconf 89' lang='grc' dir='ltr'><strong>είς</strong></span> <span class='ocrx_word' id='word_1_416' title='bbox 3241 1445 3398 1499; x_wconf 85' lang='grc' dir='ltr'>τοῦτο</span> <span class='ocrx_word' id='word_1_417' title='bbox 3444 1446 3639 1508; x_wconf 78' lang='grc' dir='ltr'>αὐτοὺς</span> <span class='ocrx_word' id='word_1_418' title='bbox 3669 1444 3994 1516; x_wconf 77' lang='grc' dir='ltr'>ὲρεθίζοντα</span> 
     </span>
    </p>
   </div>
   <div class='ocr_carea' id='block_1_60' title="bbox 2407 1536 3640 1608">
    <p class='ocr_par' dir='ltr' id='par_1_60' title="bbox 2407 1536 3640 1608">
     <span class='ocr_line' id='line_1_60' title="bbox 2407 1536 3640 1608; baseline 0.002 -19"><span class='ocrx_word' id='word_1_419' title='bbox 2407 1536 2851 1606; x_wconf 78' lang='grc' dir='ltr'>καθυλακτήσας,</span> <span class='ocrx_word' id='word_1_420' title='bbox 2881 1539 3185 1592; x_wconf 85' lang='grc' dir='ltr'>ἀποκόπτει</span> <span class='ocrx_word' id='word_1_421' title='bbox 3214 1536 3304 1589; x_wconf 87' lang='grc' dir='ltr'>τὸν</span> <span class='ocrx_word' id='word_1_422' title='bbox 3339 1536 3640 1608; x_wconf 81' lang='grc' dir='ltr'>φλήναφον.</span> 
     </span>
    </p>
   </div>
   <div class='ocr_carea' id='block_1_61' title="bbox 2918 1629 3486 1685">
    <p class='ocr_par' dir='ltr' id='par_1_61' title="bbox 2918 1629 3486 1685">
     <span class='ocr_line' id='line_1_61' title="bbox 2918 1629 3486 1685; baseline 0.004 -3"><span class='ocrx_word' id='word_1_423' title='bbox 2918 1629 3356 1683; x_wconf 82' lang='grc' dir='ltr'><strong>ΕΛΕΓΚΤΙΚΟΣ</strong></span> <span class='ocrx_word' id='word_1_424' title='bbox 3407 1629 3486 1685; x_wconf 89' lang='grc' dir='ltr'><strong>Θ¹.</strong></span> 
     </span>
    </p>
   </div>
   <div class='ocr_carea' id='block_1_62' title="bbox 2480 1720 3993 1793">
    <p class='ocr_par' dir='ltr' id='par_1_62' title="bbox 2480 1720 3993 1793">
     <span class='ocr_line' id='line_1_62' title="bbox 2480 1720 3993 1793; baseline -0.001 -18"><span class='ocrx_word' id='word_1_425' title='bbox 2480 1722 2571 1786; x_wconf 83' lang='grc' dir='ltr'><strong>ξδ’.</strong></span> <span class='ocrx_word' id='word_1_426' title='bbox 2610 1721 2674 1777; x_wconf 79' lang='grc' dir='ltr'><strong>Ὀ</strong></span> <span class='ocrx_word' id='word_1_427' title='bbox 2713 1722 2899 1784; x_wconf 81' lang='grc' dir='ltr'>ἔνατος</span> <span class='ocrx_word' id='word_1_428' title='bbox 2943 1722 3020 1791; x_wconf 84' lang='grc' dir='ltr'>τῷ</span> <span class='ocrx_word' id='word_1_429' title='bbox 3076 1722 3322 1792; x_wconf 83' lang='grc' dir='ltr'>Μωάμετ</span> <span class='ocrx_word' id='word_1_430' title='bbox 3357 1720 3525 1791; x_wconf 90' lang='grc' dir='ltr'>μῦθος</span> <span class='ocrx_word' id='word_1_431' title='bbox 3576 1721 3993 1793; x_wconf 78' lang='grc' dir='ltr'>ἐπιγέγραπται</span> 
     </span>
    </p>
   </div>
   <div class='ocr_carea' id='block_1_63' title="bbox 2416 1813 3994 1886">
    <p class='ocr_par' dir='ltr' id='par_1_63' title="bbox 2416 1813 3994 1886">
     <span class='ocr_line' id='line_1_63' title="bbox 2416 1813 3994 1886; baseline -0.003 -18"><span class='ocrx_word' id='word_1_432' title='bbox 2416 1817 2514 1886; x_wconf 78' lang='grc' dir='ltr'><strong>μὲν</strong></span> <span class='ocrx_word' id='word_1_433' title='bbox 2532 1817 2634 1882; x_wconf 71' lang='grc' dir='ltr'><strong>Εἰς</strong></span> <span class='ocrx_word' id='word_1_434' title='bbox 2678 1816 2785 1870; x_wconf 85' lang='grc' dir='ltr'><strong>τὸν</strong></span> <span class='ocrx_word' id='word_1_435' title='bbox 2827 1814 3050 1879; x_wconf 77' lang='grc' dir='ltr'><strong>Ἰωνᾶν,</strong></span> <span class='ocrx_word' id='word_1_436' title='bbox 3090 1815 3246 1869; x_wconf 79' lang='grc' dir='ltr'>οὐδὲν</span> <span class='ocrx_word' id='word_1_437' title='bbox 3302 1815 3358 1867; x_wconf 81' lang='grc' dir='ltr'>δὲ</span> <span class='ocrx_word' id='word_1_438' title='bbox 3385 1813 3479 1867; x_wconf 89' lang='grc' dir='ltr'><strong>τοῦ</strong></span> <span class='ocrx_word' id='word_1_439' title='bbox 3525 1815 3677 1868; x_wconf 73' lang='grc' dir='ltr'>Ἰωνᾶ</span> <span class='ocrx_word' id='word_1_440' title='bbox 3723 1818 3783 1868; x_wconf 81' lang='grc' dir='ltr'>ὲν</span> <span class='ocrx_word' id='word_1_441' title='bbox 3832 1817 3994 1885; x_wconf 73' lang='grc' dir='ltr'>αὐτῷ</span> 
     </span>
    </p>
   </div>
   <div class='ocr_carea' id='block_1_64' title="bbox 2413 1905 3995 1977">
    <p class='ocr_par' dir='ltr' id='par_1_64' title="bbox 2413 1905 3995 1977">
     <span class='ocr_line' id='line_1_64' title="bbox 2413 1905 3995 1977; baseline -0.001 -17"><span class='ocrx_word' id='word_1_442' title='bbox 2413 1908 2673 1977; x_wconf 83' lang='grc' dir='ltr'>φέρεται·</span> <span class='ocrx_word' id='word_1_443' title='bbox 2706 1907 2822 1960; x_wconf 86' lang='grc' dir='ltr'>ἀλλ’</span> <span class='ocrx_word' id='word_1_444' title='bbox 2857 1905 3056 1969; x_wconf 85' lang='grc' dir='ltr'>εύθέως</span> <span class='ocrx_word' id='word_1_445' title='bbox 3108 1907 3173 1959; x_wconf 84' lang='grc' dir='ltr'>ὲκ</span> <span class='ocrx_word' id='word_1_446' title='bbox 3229 1906 3527 1977; x_wconf 79' lang='grc' dir='ltr'>προοιμίων</span> <span class='ocrx_word' id='word_1_447' title='bbox 3558 1905 3633 1977; x_wconf 78' lang='grc'><strong>(5)</strong></span> <span class='ocrx_word' id='word_1_448' title='bbox 3660 1905 3849 1976; x_wconf 81' lang='grc' dir='ltr'>ὥσπερ</span> <span class='ocrx_word' id='word_1_449' title='bbox 3884 1924 3995 1977; x_wconf 82' lang='grc' dir='ltr'>μα-</span> 
     </span>
    </p>
   </div>
   <div class='ocr_carea' id='block_1_65' title="bbox 2412 1999 3995 2072">
    <p class='ocr_par' dir='ltr' id='par_1_65' title="bbox 2412 1999 3995 2072">
     <span class='ocr_line' id='line_1_65' title="bbox 2412 1999 3995 2072; baseline -0.001 -18"><span class='ocrx_word' id='word_1_450' title='bbox 2412 2003 2641 2072; x_wconf 86' lang='grc' dir='ltr'>χόμενος</span> <span class='ocrx_word' id='word_1_451' title='bbox 2671 2001 2764 2053; x_wconf 79' lang='grc' dir='ltr'><strong>καὶ</strong></span> <span class='ocrx_word' id='word_1_452' title='bbox 2799 1999 3048 2068; x_wconf 77' lang='grc' dir='ltr'>ἐγκαλῶν</span> <span class='ocrx_word' id='word_1_453' title='bbox 3082 2001 3113 2071; x_wconf 76' lang='grc' dir='ltr'>ἦ</span> <span class='ocrx_word' id='word_1_454' title='bbox 3150 2002 3572 2072; x_wconf 77' lang='grc' dir='ltr'>εἰρωνευόμενος</span> <span class='ocrx_word' id='word_1_455' title='bbox 3603 2002 3995 2070; x_wconf 74' lang='grc' dir='ltr'>ἐπεισέρχεται</span> 
     </span>
    </p>
   </div>
   <div class='ocr_carea' id='block_1_66' title="bbox 2411 2088 3999 2165">
    <p class='ocr_par' dir='ltr' id='par_1_66' title="bbox 2411 2088 3999 2165">
     <span class='ocr_line' id='line_1_66' title="bbox 2411 2088 3999 2165; baseline -0.001 -17"><span class='ocrx_word' id='word_1_456' title='bbox 2411 2095 2582 2162; x_wconf 82' lang='grc' dir='ltr'>λέγων</span> <span class='ocrx_word' id='word_1_457' title='bbox 2603 2111 2616 2125; x_wconf 77' lang='grc' dir='ltr'><strong>ο</strong></span> <span class='ocrx_word' id='word_1_458' title='bbox 2655 2113 2673 2145; x_wconf 80' lang='grc' dir='ltr'><strong>ι</strong></span> <span class='ocrx_word' id='word_1_459' title='bbox 2703 2088 2847 2165; x_wconf 64' lang='grc' dir='ltr'>*Αρα</span> <span class='ocrx_word' id='word_1_460' title='bbox 2870 2091 2938 2165; x_wconf 85' lang='grc' dir='ltr'>ἦν</span> <span class='ocrx_word' id='word_1_461' title='bbox 2972 2097 3084 2156; x_wconf 86' lang='grc' dir='ltr'>τοῖς</span> <span class='ocrx_word' id='word_1_462' title='bbox 3123 2091 3428 2164; x_wconf 80' lang='grc' dir='ltr'>ἀνθρώποις</span> <span class='ocrx_word' id='word_1_463' title='bbox 3463 2093 3613 2159; x_wconf 83' lang='grc' dir='ltr'>ξένον</span> <span class='ocrx_word' id='word_1_464' title='bbox 3662 2097 3745 2147; x_wconf 83' lang='grc' dir='ltr'>ὅτι</span> <span class='ocrx_word' id='word_1_465' title='bbox 3774 2093 3999 2146; x_wconf 61' lang='lat' dir='ltr'><strong>arrexi-</strong></span> 
     </span>
    </p>
   </div>
   <div class='ocr_carea' id='block_1_67' title="bbox 2409 2182 3998 2253">
    <p class='ocr_par' dir='ltr' id='par_1_67' title="bbox 2409 2182 3998 2253">
     <span class='ocr_line' id='line_1_67' title="bbox 2409 2182 3998 2253; baseline 0.001 -18"><span class='ocrx_word' id='word_1_466' title='bbox 2409 2183 2576 2252; x_wconf 61' lang='grc' dir='ltr'>λυψεν</span> <span class='ocrx_word' id='word_1_467' title='bbox 2604 2186 2631 2237; x_wconf 87' lang='grc' dir='ltr'>ὁ</span> <span class='ocrx_word' id='word_1_468' title='bbox 2659 2183 2790 2245; x_wconf 83' lang='grc' dir='ltr'>Θεὸς</span> <span class='ocrx_word' id='word_1_469' title='bbox 2822 2184 2959 2253; x_wconf 65' lang='grc' dir='ltr'>πρὸς</span> <span class='ocrx_word' id='word_1_470' title='bbox 3012 2183 3299 2253; x_wconf 84' lang='grc' dir='ltr'>ἄνθρωπον</span> <span class='ocrx_word' id='word_1_471' title='bbox 3333 2182 3391 2246; x_wconf 72' lang='grc' dir='ltr'>ἐξ</span> <span class='ocrx_word' id='word_1_472' title='bbox 3418 2183 3595 2236; x_wconf 79' lang='grc' dir='ltr'>αὐτῶν</span> <span class='ocrx_word' id='word_1_473' title='bbox 3628 2182 3720 2235; x_wconf 78' lang='grc' dir='ltr'><strong>τοῦ</strong></span> <span class='ocrx_word' id='word_1_474' title='bbox 3747 2183 3998 2252; x_wconf 85' lang='grc' dir='ltr'>διαμαρ-</span> 
     </span>
    </p>
   </div>
   <div class='ocr_carea' id='block_1_68' title="bbox 2411 2271 3998 2344">
    <p class='ocr_par' dir='ltr' id='par_1_68' title="bbox 2411 2271 3998 2344">
     <span class='ocr_line' id='line_1_68' title="bbox 2411 2271 3998 2344; baseline -0.003 -18"><span class='ocrx_word' id='word_1_475' title='bbox 2411 2274 2680 2344; x_wconf 78' lang='grc' dir='ltr'>τύρασθαι</span> <span class='ocrx_word' id='word_1_476' title='bbox 2732 2274 2841 2337; x_wconf 83' lang='grc' dir='ltr'>τοῖς</span> <span class='ocrx_word' id='word_1_477' title='bbox 2900 2271 3209 2343; x_wconf 83' lang='grc' dir='ltr'>ἀνθρώποις</span> <span class='ocrx_word' id='word_1_478' title='bbox 3261 2272 3351 2325; x_wconf 72' lang='grc' dir='ltr'><strong>καὶ</strong></span> <span class='ocrx_word' id='word_1_479' title='bbox 3378 2272 3839 2340; x_wconf 83' lang='grc' dir='ltr'>εὐαγγελίσασθαι</span> <span class='ocrx_word' id='word_1_480' title='bbox 3876 2277 3998 2335; x_wconf 78' lang='grc' dir='ltr'>τοῖς</span> 
     </span>
    </p>
   </div>
   <div class='ocr_carea' id='block_1_69' title="bbox 2414 2364 3995 2435">
    <p class='ocr_par' dir='ltr' id='par_1_69' title="bbox 2414 2364 3995 2435">
     <span class='ocr_line' id='line_1_69' title="bbox 2414 2364 3995 2435; baseline 0.001 -17"><span class='ocrx_word' id='word_1_481' title='bbox 2414 2364 2769 2419; x_wconf 83' lang='grc' dir='ltr'>πιστεύσασιν</span> <span class='ocrx_word' id='word_1_482' title='bbox 2791 2367 2870 2419; x_wconf 86' lang='grc' dir='ltr'>ὄτι</span> <span class='ocrx_word' id='word_1_483' title='bbox 2900 2366 3046 2417; x_wconf 81' lang='grc' dir='ltr'>ἔστιν</span> <span class='ocrx_word' id='word_1_484' title='bbox 3076 2365 3259 2427; x_wconf 83' lang='grc' dir='ltr'>αὐτοῖς</span> <span class='ocrx_word' id='word_1_485' title='bbox 3290 2365 3546 2435; x_wconf 83' lang='grc' dir='ltr'>προκοπὴ</span> <span class='ocrx_word' id='word_1_486' title='bbox 3577 2366 3805 2435; x_wconf 75' lang='grc' dir='ltr'>ἀληθινὴ</span> <span class='ocrx_word' id='word_1_487' title='bbox 3836 2370 3995 2433; x_wconf 68' lang='grc' dir='ltr'><strong>παρὰ</strong></span> 
     </span>
    </p>
   </div>
   <div class='ocr_carea' id='block_1_70' title="bbox 2412 2457 3994 2528">
    <p class='ocr_par' dir='ltr' id='par_1_70' title="bbox 2412 2457 3994 2528">
     <span class='ocr_line' id='line_1_70' title="bbox 2412 2457 3994 2528; baseline 0.001 -18"><span class='ocrx_word' id='word_1_488' title='bbox 2412 2457 2504 2511; x_wconf 90' lang='grc' dir='ltr'><strong>τοῦ</strong></span> <span class='ocrx_word' id='word_1_489' title='bbox 2534 2458 2739 2528; x_wconf 83' lang='grc' dir='ltr'>Κυρίου</span> <span class='ocrx_word' id='word_1_490' title='bbox 2763 2457 2973 2522; x_wconf 82' lang='grc' dir='ltr'>αὑτῶν;</span> <span class='ocrx_word' id='word_1_491' title='bbox 3010 2476 3028 2507; x_wconf 85' lang='grc'><strong>›</strong></span> <span class='ocrx_word' id='word_1_492' title='bbox 3066 2457 3238 2511; x_wconf 88' lang='grc' dir='ltr'>ταῦτα</span> <span class='ocrx_word' id='word_1_493' title='bbox 3267 2458 3321 2510; x_wconf 84' lang='grc' dir='ltr'>δὲ</span> <span class='ocrx_word' id='word_1_494' title='bbox 3348 2458 3423 2520; x_wconf 83' lang='grc' dir='ltr'><strong>ὡς</strong></span> <span class='ocrx_word' id='word_1_495' title='bbox 3456 2458 3519 2510; x_wconf 83' lang='grc' dir='ltr'>ὲκ</span> <span class='ocrx_word' id='word_1_496' title='bbox 3569 2459 3865 2527; x_wconf 78' lang='grc' dir='ltr'>προσώπου</span> <span class='ocrx_word' id='word_1_497' title='bbox 3892 2460 3994 2528; x_wconf 76' lang='grc' dir='ltr'><strong>δῆ-</strong></span> 
     </span>
    </p>
   </div>
   <div class='ocr_carea' id='block_1_71' title="bbox 2410 2543 3994 2618">
    <p class='ocr_par' dir='ltr' id='par_1_71' title="bbox 2410 2543 3994 2618">
     <span class='ocr_line' id='line_1_71' title="bbox 2410 2543 3994 2618; baseline 0 -17"><span class='ocrx_word' id='word_1_498' title='bbox 2410 2547 2502 2601; x_wconf 87' lang='grc' dir='ltr'><strong>θεν</strong></span> <span class='ocrx_word' id='word_1_499' title='bbox 2535 2548 2670 2601; x_wconf 83' lang='grc' dir='ltr'>Θεοῦ</span> <span class='ocrx_word' id='word_1_500' title='bbox 2699 2548 2847 2615; x_wconf 78' lang='grc' dir='ltr'>λέγει</span> <span class='ocrx_word' id='word_1_501' title='bbox 2880 2548 3007 2618; x_wconf 76' lang='grc' dir='ltr'>περὶ</span> <span class='ocrx_word' id='word_1_502' title='bbox 3040 2548 3232 2601; x_wconf 86' lang='grc' dir='ltr'>αὑτοῦ·</span> <span class='ocrx_word' id='word_1_503' title='bbox 3273 2543 3391 2602; x_wconf 78' lang='grc' dir='ltr'>εἷτα</span> <span class='ocrx_word' id='word_1_504' title='bbox 3433 2549 3644 2618; x_wconf 76' lang='grc' dir='ltr'>εἰσάγει</span> <span class='ocrx_word' id='word_1_505' title='bbox 3693 2552 3818 2613; x_wconf 85' lang='grc' dir='ltr'>τοὺς</span> <span class='ocrx_word' id='word_1_506' title='bbox 3868 2553 3994 2613; x_wconf 71' lang='grc' dir='ltr'>καὶ,</span> 
     </span>
    </p>
   </div>
   <div class='ocr_carea' id='block_1_72' title="bbox 2409 2638 3998 2708">
    <p class='ocr_par' dir='ltr' id='par_1_72' title="bbox 2409 2638 3998 2708">
     <span class='ocr_line' id='line_1_72' title="bbox 2409 2638 3998 2708; baseline 0.001 -17"><span class='ocrx_word' id='word_1_507' title='bbox 2409 2639 2551 2691; x_wconf 85' lang='grc' dir='ltr'>κατὰ</span> <span class='ocrx_word' id='word_1_508' title='bbox 2575 2638 2633 2691; x_wconf 82' lang='grc' dir='ltr'><strong>τὸ</strong></span> <span class='ocrx_word' id='word_1_509' title='bbox 2658 2639 2825 2705; x_wconf 76' lang='grc' dir='ltr'>εἰκὸς,</span> <span class='ocrx_word' id='word_1_510' title='bbox 2856 2638 3270 2703; x_wconf 87' lang='grc' dir='ltr'>διαπιστοῦντας</span> <span class='ocrx_word' id='word_1_511' title='bbox 3290 2639 3382 2693; x_wconf 77' lang='grc' dir='ltr'>καὶ</span> <span class='ocrx_word' id='word_1_512' title='bbox 3402 2640 3679 2708; x_wconf 86' lang='grc' dir='ltr'>λέγοντας,</span> <span class='ocrx_word' id='word_1_513' title='bbox 3706 2642 3788 2694; x_wconf 79' lang='grc' dir='ltr'>ὅτι</span> <span class='ocrx_word' id='word_1_514' title='bbox 3818 2638 3998 2704; x_wconf 73' lang='grc' dir='ltr'>Οὗτος</span> 
     </span>
    </p>
   </div>
   <div class='ocr_carea' id='block_1_73' title="bbox 2409 2730 3997 2802">
    <p class='ocr_par' dir='ltr' id='par_1_73' title="bbox 2409 2730 3997 2802">
     <span class='ocr_line' id='line_1_73' title="bbox 2409 2730 3997 2802; baseline 0.002 -21"><span class='ocrx_word' id='word_1_515' title='bbox 2409 2730 2693 2800; x_wconf 79' lang='grc' dir='ltr'>φαρμακός</span> <span class='ocrx_word' id='word_1_516' title='bbox 2724 2731 2907 2783; x_wconf 72' lang='grc' dir='ltr'><strong>ἐστιν⁸</strong></span> <span class='ocrx_word' id='word_1_517' title='bbox 2951 2730 3109 2783; x_wconf 73' lang='grc' dir='ltr'>τοῦτο</span> <span class='ocrx_word' id='word_1_518' title='bbox 3154 2731 3317 2794; x_wconf 80' lang='grc' dir='ltr'>αὐτὸς</span> <span class='ocrx_word' id='word_1_519' title='bbox 3349 2731 3490 2802; x_wconf 82' lang='grc' dir='ltr'>ὑπὲρ</span> <span class='ocrx_word' id='word_1_520' title='bbox 3531 2733 3747 2787; x_wconf 79' lang='grc' dir='ltr'>ἑαυτοῦ.</span> <span class='ocrx_word' id='word_1_521' title='bbox 3793 2734 3997 2801; x_wconf 74' lang='grc' dir='ltr'>Ἡμεῖς</span> 
     </span>
    </p>
   </div>
   <div class='ocr_carea' id='block_1_74' title="bbox 2406 2821 3997 2894">
    <p class='ocr_par' dir='ltr' id='par_1_74' title="bbox 2406 2821 3997 2894">
     <span class='ocr_line' id='line_1_74' title="bbox 2406 2821 3997 2894; baseline 0.003 -19"><span class='ocrx_word' id='word_1_522' title='bbox 2406 2822 2462 2875; x_wconf 86' lang='grc' dir='ltr'>δὲ</span> <span class='ocrx_word' id='word_1_523' title='bbox 2487 2822 2623 2892; x_wconf 85' lang='grc' dir='ltr'>πρὸς</span> <span class='ocrx_word' id='word_1_524' title='bbox 2670 2822 2760 2874; x_wconf 78' lang='grc' dir='ltr'>τὸν</span> <span class='ocrx_word' id='word_1_525' title='bbox 2795 2821 3011 2891; x_wconf 83' lang='grc' dir='ltr'>πρῶτον</span> <span class='ocrx_word' id='word_1_526' title='bbox 3068 2822 3224 2892; x_wconf 88' lang='grc' dir='ltr'>λόγον</span> <span class='ocrx_word' id='word_1_527' title='bbox 3260 2824 3322 2876; x_wconf 82' lang='grc' dir='ltr'><strong>ού</strong></span> <span class='ocrx_word' id='word_1_528' title='bbox 3370 2823 3512 2877; x_wconf 85' lang='grc' dir='ltr'>πάνυ</span> <span class='ocrx_word' id='word_1_529' title='bbox 3539 2827 3718 2894; x_wconf 78' lang='grc' dir='ltr'>φαμὲν</span> <span class='ocrx_word' id='word_1_530' title='bbox 3747 2826 3901 2891; x_wconf 79' lang='grc' dir='ltr'>ξένον</span> <span class='ocrx_word' id='word_1_531' title='bbox 3928 2830 3997 2880; x_wconf 79' lang='grc' dir='ltr'>τὸ</span> 
     </span>
    </p>
   </div>
   <div class='ocr_carea' id='block_1_75' title="bbox 2408 2913 3993 2985">
    <p class='ocr_par' dir='ltr' id='par_1_75' title="bbox 2408 2913 3993 2985">
     <span class='ocr_line' id='line_1_75' title="bbox 2408 2913 3993 2985; baseline 0.003 -18"><span class='ocrx_word' id='word_1_532' title='bbox 2408 2914 2558 2985; x_wconf 74' lang='grc' dir='ltr'>παρὰ</span> <span class='ocrx_word' id='word_1_533' title='bbox 2588 2913 2722 2967; x_wconf 86' lang='grc' dir='ltr'>Θεοῦ</span> <span class='ocrx_word' id='word_1_534' title='bbox 2755 2914 3205 2984; x_wconf 81' lang='grc' dir='ltr'>ἀποκαλυφθῆναι</span> <span class='ocrx_word' id='word_1_535' title='bbox 3261 2917 3354 2970; x_wconf 83' lang='grc' dir='ltr'><strong>καὶ</strong></span> <span class='ocrx_word' id='word_1_536' title='bbox 3385 2918 3839 2985; x_wconf 82' lang='grc' dir='ltr'>εύαγγελισθῆναι</span> <span class='ocrx_word' id='word_1_537' title='bbox 3872 2923 3993 2981; x_wconf 80' lang='grc' dir='ltr'>τοῖς</span> 
     </span>
    </p>
   </div>
   <div class='ocr_carea' id='block_1_76' title="bbox 2407 3005 3994 3082">
    <p class='ocr_par' dir='ltr' id='par_1_76' title="bbox 2407 3005 3994 3082">
     <span class='ocr_line' id='line_1_76' title="bbox 2407 3005 3994 3082; baseline 0.004 -23"><span class='ocrx_word' id='word_1_538' title='bbox 2407 3006 2772 3071; x_wconf 78' lang='grc' dir='ltr'>πιστεύουσιν,</span> <span class='ocrx_word' id='word_1_539' title='bbox 2804 3007 2885 3059; x_wconf 83' lang='grc' dir='ltr'>ὅτι</span> <span class='ocrx_word' id='word_1_540' title='bbox 2916 3005 3062 3058; x_wconf 76' lang='grc' dir='ltr'>ἐστιν</span> <span class='ocrx_word' id='word_1_541' title='bbox 3099 3008 3282 3071; x_wconf 81' lang='grc' dir='ltr'>αὐτοῖς</span> <span class='ocrx_word' id='word_1_542' title='bbox 3310 3008 3562 3079; x_wconf 83' lang='grc' dir='ltr'>προκοπὴ</span> <span class='ocrx_word' id='word_1_543' title='bbox 3597 3009 3822 3081; x_wconf 84' lang='grc' dir='ltr'>ἀληθινὴ</span> <span class='ocrx_word' id='word_1_544' title='bbox 3854 3014 3994 3082; x_wconf 77' lang='grc' dir='ltr'>παρ’</span> 
     </span>
    </p>
   </div>
   <div class='ocr_carea' id='block_1_77' title="bbox 2327 3100 3997 3191">
    <p class='ocr_par' dir='ltr' id='par_1_77' title="bbox 2327 3100 3997 3191">
     <span class='ocr_line' id='line_1_77' title="bbox 2327 3100 3997 3191; baseline 0.003 -39"><span class='ocrx_word' id='word_1_545' title='bbox 2327 3131 2369 3191; x_wconf 74' lang='lat' dir='ltr'><strong><em>C</em></strong></span> <span class='ocrx_word' id='word_1_546' title='bbox 2405 3100 2572 3153; x_wconf 81' lang='grc' dir='ltr'>αὐτοῦ</span> <span class='ocrx_word' id='word_1_547' title='bbox 2596 3117 2610 3131; x_wconf 83' lang='lat'><strong><em>°</em></strong></span> <span class='ocrx_word' id='word_1_548' title='bbox 2636 3100 2740 3163; x_wconf 71' lang='grc' dir='ltr'>ἕως</span> <span class='ocrx_word' id='word_1_549' title='bbox 2767 3100 2812 3153; x_wconf 85' lang='grc' dir='ltr'>δ’</span> <span class='ocrx_word' id='word_1_550' title='bbox 2840 3100 2904 3154; x_wconf 83' lang='grc' dir='ltr'><strong>ἂν</strong></span> <span class='ocrx_word' id='word_1_551' title='bbox 2926 3101 3167 3173; x_wconf 78' lang='grc' dir='ltr'>ἀληθεύῃ</span> <span class='ocrx_word' id='word_1_552' title='bbox 3194 3104 3276 3166; x_wconf 80' lang='grc' dir='ltr'><strong>τὸ,</strong></span> <span class='ocrx_word' id='word_1_553' title='bbox 3307 3103 3556 3173; x_wconf 80' lang='grc' dir='ltr'>προκοπὴ</span> <span class='ocrx_word' id='word_1_554' title='bbox 3582 3103 3834 3174; x_wconf 79' lang='grc' dir='ltr'>ἀληθινὴ,</span> <span class='ocrx_word' id='word_1_555' title='bbox 3858 3107 3997 3175; x_wconf 77' lang='grc' dir='ltr'>περὶ</span> 
     </span>
    </p>
   </div>
   <div class='ocr_carea' id='block_1_78' title="bbox 2401 3190 3993 3266">
    <p class='ocr_par' dir='ltr' id='par_1_78' title="bbox 2401 3190 3993 3266">
     <span class='ocr_line' id='line_1_78' title="bbox 2401 3190 3993 3266; baseline 0.003 -20"><span class='ocrx_word' id='word_1_556' title='bbox 2401 3190 2566 3246; x_wconf 79' lang='grc' dir='ltr'>αὑτοῦ</span> <span class='ocrx_word' id='word_1_557' title='bbox 2605 3210 2620 3224; x_wconf 81' lang='grc' dir='ltr'><strong>ο</strong></span> <span class='ocrx_word' id='word_1_558' title='bbox 2650 3193 2840 3246; x_wconf 83' lang='grc' dir='ltr'>τούτου</span> <span class='ocrx_word' id='word_1_559' title='bbox 2893 3193 2950 3246; x_wconf 83' lang='grc' dir='ltr'><strong>δὲ</strong></span> <span class='ocrx_word' id='word_1_560' title='bbox 2990 3194 3216 3263; x_wconf 83' lang='grc' dir='ltr'>ψεύδους</span> <span class='ocrx_word' id='word_1_561' title='bbox 3240 3196 3562 3264; x_wconf 80' lang='grc' dir='ltr'>πεφηνότος,</span> <span class='ocrx_word' id='word_1_562' title='bbox 3620 3196 3711 3249; x_wconf 81' lang='grc' dir='ltr'><strong>τὸν</strong></span> <span class='ocrx_word' id='word_1_563' title='bbox 3758 3196 3993 3266; x_wconf 83' lang='grc' dir='ltr'>λέγοντα</span> 
     </span>
    </p>
   </div>
   <div class='ocr_carea' id='block_1_79' title="bbox 2400 3283 3992 3357">
    <p class='ocr_par' dir='ltr' id='par_1_79' title="bbox 2400 3283 3992 3357">
     <span class='ocr_line' id='line_1_79' title="bbox 2400 3283 3992 3357; baseline 0.003 -20"><span class='ocrx_word' id='word_1_564' title='bbox 2400 3283 2848 3353; x_wconf 71' lang='grc' dir='ltr'>ἀποκεκαλύιρθαι</span> <span class='ocrx_word' id='word_1_565' title='bbox 2875 3302 2927 3336; x_wconf 85' lang='grc' dir='ltr'><strong>τι</strong></span> <span class='ocrx_word' id='word_1_566' title='bbox 2959 3283 3221 3348; x_wconf 85' lang='grc' dir='ltr'>τοιοῦτον,</span> <span class='ocrx_word' id='word_1_567' title='bbox 3251 3284 3327 3348; x_wconf 87' lang='grc' dir='ltr'>ὡς</span> <span class='ocrx_word' id='word_1_568' title='bbox 3356 3286 3556 3357; x_wconf 83' lang='grc' dir='ltr'>ἄνομον</span> <span class='ocrx_word' id='word_1_569' title='bbox 3588 3287 3825 3356; x_wconf 83' lang='grc' dir='ltr'>ἀληθῶς,</span> <span class='ocrx_word' id='word_1_570' title='bbox 3867 3294 3992 3353; x_wconf 80' lang='grc' dir='ltr'>καὶ,</span> 
     </span>
    </p>
   </div>
   <div class='ocr_carea' id='block_1_80' title="bbox 2399 3373 3993 3445">
    <p class='ocr_par' dir='ltr' id='par_1_80' title="bbox 2399 3373 3993 3445">
     <span class='ocr_line' id='line_1_80' title="bbox 2399 3373 3993 3445; baseline 0.004 -19"><span class='ocrx_word' id='word_1_571' title='bbox 2399 3373 2474 3437; x_wconf 86' lang='grc' dir='ltr'>ὼς</span> <span class='ocrx_word' id='word_1_572' title='bbox 2504 3373 2665 3436; x_wconf 80' lang='grc' dir='ltr'>αὐτός</span> <span class='ocrx_word' id='word_1_573' title='bbox 2697 3390 2852 3443; x_wconf 82' lang='grc' dir='ltr'>φησι,</span> <span class='ocrx_word' id='word_1_574' title='bbox 2908 3373 3199 3443; x_wconf 80' lang='grc' dir='ltr'>φαρμακὸν</span> <span class='ocrx_word' id='word_1_575' title='bbox 3247 3375 3744 3445; x_wconf 78' lang='grc' dir='ltr'>ἀποστρεφόμεθα·</span> <span class='ocrx_word' id='word_1_576' title='bbox 3793 3379 3889 3430; x_wconf 77' lang='grc' dir='ltr'><strong>τόν</strong></span> <span class='ocrx_word' id='word_1_577' title='bbox 3929 3398 3993 3432; x_wconf 83' lang='grc' dir='ltr'><strong>τε</strong></span> 
     </span>
    </p>
   </div>
   <div class='ocr_carea' id='block_1_81' title="bbox 2399 3464 3991 3538">
    <p class='ocr_par' dir='ltr' id='par_1_81' title="bbox 2399 3464 3991 3538">
     <span class='ocr_line' id='line_1_81' title="bbox 2399 3464 3991 3538; baseline 0.003 -21"><span class='ocrx_word' id='word_1_578' title='bbox 2399 3465 2507 3535; x_wconf 91' lang='grc' dir='ltr'><strong>γάρ</strong></span> <span class='ocrx_word' id='word_1_579' title='bbox 2550 3464 2803 3535; x_wconf 84' lang='grc' dir='ltr'>Ἀϐραὰμ</span> <span class='ocrx_word' id='word_1_580' title='bbox 2830 3464 3070 3518; x_wconf 83' lang='grc' dir='ltr'>τοιοῦτον</span> <span class='ocrx_word' id='word_1_581' title='bbox 3101 3465 3367 3535; x_wconf 78' lang='grc' dir='ltr'>ἔγνωμεν,</span> <span class='ocrx_word' id='word_1_582' title='bbox 3404 3468 3497 3520; x_wconf 76' lang='grc' dir='ltr'><strong>καὶ</strong></span> <span class='ocrx_word' id='word_1_583' title='bbox 3535 3469 3597 3520; x_wconf 83' lang='grc' dir='ltr'><strong>ού</strong></span> <span class='ocrx_word' id='word_1_584' title='bbox 3628 3467 3991 3538; x_wconf 76' lang='grc' dir='ltr'>ξενιζόμεθαο</span> 
     </span>
    </p>
   </div>
   <div class='ocr_carea' id='block_1_82' title="bbox 2401 3560 3990 3630">
    <p class='ocr_par' dir='ltr' id='par_1_82' title="bbox 2401 3560 3990 3630">
     <span class='ocr_line' id='line_1_82' title="bbox 2401 3560 3990 3630; baseline 0.004 -19"><span class='ocrx_word' id='word_1_585' title='bbox 2401 3560 2573 3612; x_wconf 77' lang='grc' dir='ltr'>Θέλει</span> <span class='ocrx_word' id='word_1_586' title='bbox 2598 3560 2709 3627; x_wconf 75' lang='grc' dir='ltr'>γὰρ</span> <span class='ocrx_word' id='word_1_587' title='bbox 2736 3562 2768 3613; x_wconf 88' lang='grc' dir='ltr'><strong>ό</strong></span> <span class='ocrx_word' id='word_1_588' title='bbox 2812 3560 2957 3627; x_wconf 82' lang='grc' dir='ltr'>Θεὸς</span> <span class='ocrx_word' id='word_1_589' title='bbox 2986 3560 3219 3627; x_wconf 80' lang='grc' dir='ltr'>πάντας</span> <span class='ocrx_word' id='word_1_590' title='bbox 3258 3562 3611 3630; x_wconf 72' lang='grc' dir='ltr'>ἀνθρώπους</span> <span class='ocrx_word' id='word_1_591' title='bbox 3636 3564 3854 3629; x_wconf 82' lang='grc' dir='ltr'>σῶσαι,</span> <span class='ocrx_word' id='word_1_592' title='bbox 3886 3566 3990 3622; x_wconf 79' lang='grc' dir='ltr'>καὶ</span> 
     </span>
    </p>
   </div>
   <div class='ocr_carea' id='block_1_83' title="bbox 2402 3649 3993 3725">
    <p class='ocr_par' dir='ltr' id='par_1_83' title="bbox 2402 3649 3993 3725">
     <span class='ocr_line' id='line_1_83' title="bbox 2402 3649 3993 3725; baseline 0.003 -22"><span class='ocrx_word' id='word_1_593' title='bbox 2402 3652 2489 3715; x_wconf 83' lang='grc' dir='ltr'><strong>είς</strong></span> <span class='ocrx_word' id='word_1_594' title='bbox 2512 3649 2612 3701; x_wconf 85' lang='grc' dir='ltr'>ἐπί</span> <span class='ocrx_word' id='word_1_595' title='bbox 2618 3665 2846 3717; x_wconf 69' lang='grc' dir='ltr'>γνωσιν</span> <span class='ocrx_word' id='word_1_596' title='bbox 2859 3649 3149 3717; x_wconf 74' lang='grc' dir='ltr'>ἀληθείας</span> <span class='ocrx_word' id='word_1_597' title='bbox 3172 3651 3395 3706; x_wconf 72' lang='grc' dir='ltr'><strong>ἐλθεῖν·</strong></span> <span class='ocrx_word' id='word_1_598' title='bbox 3425 3654 3488 3706; x_wconf 84' lang='grc' dir='ltr'>ὲκ</span> <span class='ocrx_word' id='word_1_599' title='bbox 3510 3653 3618 3721; x_wconf 82' lang='grc' dir='ltr'>γὰρ</span> <span class='ocrx_word' id='word_1_600' title='bbox 3638 3656 3735 3725; x_wconf 83' lang='grc' dir='ltr'><strong>τῆς</strong></span> <span class='ocrx_word' id='word_1_601' title='bbox 3750 3656 3993 3708; x_wconf 75' lang='grc' dir='ltr'>εἰδώλων</span> 
     </span>
    </p>
   </div>
   <div class='ocr_carea' id='block_1_84' title="bbox 2397 3740 3991 3820">
    <p class='ocr_par' dir='ltr' id='par_1_84' title="bbox 2397 3740 3991 3820">
     <span class='ocr_line' id='line_1_84' title="bbox 2397 3740 3991 3820; baseline 0.005 -27"><span class='ocrx_word' id='word_1_602' title='bbox 2397 3740 2672 3807; x_wconf 84' lang='grc' dir='ltr'>ἀγνωσίας</span> <span class='ocrx_word' id='word_1_603' title='bbox 2699 3741 2904 3812; x_wconf 82' lang='grc' dir='ltr'>προέϐη</span> <span class='ocrx_word' id='word_1_604' title='bbox 2930 3741 2958 3793; x_wconf 80' lang='grc' dir='ltr'><strong>ὁ</strong></span> <span class='ocrx_word' id='word_1_605' title='bbox 2998 3741 3247 3813; x_wconf 83' lang='grc' dir='ltr'>’Λϐραὰμ</span> <span class='ocrx_word' id='word_1_606' title='bbox 3277 3744 3357 3806; x_wconf 85' lang='grc' dir='ltr'><strong>είς</strong></span> <span class='ocrx_word' id='word_1_607' title='bbox 3384 3746 3668 3815; x_wconf 83' lang='grc' dir='ltr'>προκοπὴν</span> <span class='ocrx_word' id='word_1_608' title='bbox 3719 3747 3991 3820; x_wconf 67' lang='grc' dir='ltr'>ἀληθινὴν</span> 
     </span>
    </p>
   </div>
   <div class='ocr_carea' id='block_1_85' title="bbox 2397 3830 3990 3910">
    <p class='ocr_par' dir='ltr' id='par_1_85' title="bbox 2397 3830 3990 3910">
     <span class='ocr_line' id='line_1_85' title="bbox 2397 3830 3990 3910; baseline 0.008 -27"><span class='ocrx_word' id='word_1_609' title='bbox 2397 3830 2748 3898; x_wconf 80' lang='grc' dir='ltr'>θεογνωσίας,</span> <span class='ocrx_word' id='word_1_610' title='bbox 2773 3831 2861 3884; x_wconf 83' lang='grc' dir='ltr'><strong>διὰ</strong></span> <span class='ocrx_word' id='word_1_611' title='bbox 2888 3831 2948 3884; x_wconf 76' lang='grc' dir='ltr'>τὸ</span> <span class='ocrx_word' id='word_1_612' title='bbox 2974 3832 3435 3903; x_wconf 79' lang='grc' dir='ltr'>ἀποκαλυφθῆναι</span> <span class='ocrx_word' id='word_1_613' title='bbox 3465 3836 3613 3905; x_wconf 86' lang='grc' dir='ltr'>αύτῷ</span> <span class='ocrx_word' id='word_1_614' title='bbox 3652 3837 3811 3891; x_wconf 85' lang='grc' dir='ltr'>τοῦτο</span> <span class='ocrx_word' id='word_1_615' title='bbox 3830 3842 3990 3910; x_wconf 73' lang='grc' dir='ltr'>παρὰ</span> 
     </span>
    </p>
   </div>
   <div class='ocr_carea' id='block_1_86' title="bbox 2394 3922 3990 4004">
    <p class='ocr_par' dir='ltr' id='par_1_86' title="bbox 2394 3922 3990 4004">
     <span class='ocr_line' id='line_1_86' title="bbox 2394 3922 3990 4004; baseline 0.008 -30"><span class='ocrx_word' id='word_1_616' title='bbox 2394 3922 2531 3975; x_wconf 89' lang='grc' dir='ltr'>Θεοῦ</span> <span class='ocrx_word' id='word_1_617' title='bbox 2559 3938 2574 3953; x_wconf 86' lang='grc'>⁶</span> <span class='ocrx_word' id='word_1_618' title='bbox 2608 3924 2701 3975; x_wconf 77' lang='grc' dir='ltr'><strong>καὶ</strong></span> <span class='ocrx_word' id='word_1_619' title='bbox 2727 3923 2794 3976; x_wconf 85' lang='grc' dir='ltr'>τὰ</span> <span class='ocrx_word' id='word_1_620' title='bbox 2825 3924 2962 3993; x_wconf 81' lang='grc' dir='ltr'>ἔργα</span> <span class='ocrx_word' id='word_1_621' title='bbox 2997 3925 3146 3996; x_wconf 86' lang='grc' dir='ltr'>αύτῷ</span> <span class='ocrx_word' id='word_1_622' title='bbox 3183 3927 3285 3996; x_wconf 83' lang='grc' dir='ltr'>τῆς</span> <span class='ocrx_word' id='word_1_623' title='bbox 3310 3926 3621 3993; x_wconf 83' lang='grc' dir='ltr'>θεοσεϐείας</span> <span class='ocrx_word' id='word_1_624' title='bbox 3655 3931 3990 4004; x_wconf 82' lang='grc' dir='ltr'>ὲκδηλότερα</span> 
     </span>
    </p>
   </div>
   <div class='ocr_carea' id='block_1_87' title="bbox 2396 4013 3987 4089">
    <p class='ocr_par' dir='ltr' id='par_1_87' title="bbox 2396 4013 3987 4089">
     <span class='ocr_line' id='line_1_87' title="bbox 2396 4013 3987 4089; baseline 0.009 -25"><span class='ocrx_word' id='word_1_625' title='bbox 2396 4013 2587 4082; x_wconf 85' lang='grc' dir='ltr'>γέγονε</span> <span class='ocrx_word' id='word_1_626' title='bbox 2620 4013 2939 4082; x_wconf 85' lang='grc' dir='ltr'>βεϐαιοῦντα</span> <span class='ocrx_word' id='word_1_627' title='bbox 2960 4017 3058 4087; x_wconf 86' lang='grc' dir='ltr'>τὴν</span> <span class='ocrx_word' id='word_1_628' title='bbox 3086 4020 3183 4088; x_wconf 85' lang='grc' dir='ltr'><strong>τῆς</strong></span> <span class='ocrx_word' id='word_1_629' title='bbox 3211 4018 3467 4089; x_wconf 77' lang='grc' dir='ltr'>ἀληθείας</span> <span class='ocrx_word' id='word_1_630' title='bbox 3499 4021 3815 4089; x_wconf 73' lang='grc' dir='ltr'>ἐπίγνωσιν.</span> <span class='ocrx_word' id='word_1_631' title='bbox 3846 4025 3987 4078; x_wconf 79' lang='grc' dir='ltr'>Μετ’</span> 
     </span>
    </p>
   </div>
   <div class='ocr_carea' id='block_1_88' title="bbox 2395 4106 3989 4192">
    <p class='ocr_par' dir='ltr' id='par_1_88' title="bbox 2395 4106 3989 4192">
     <span class='ocr_line' id='line_1_88' title="bbox 2395 4106 3989 4192; baseline 0.008 -34"><span class='ocrx_word' id='word_1_632' title='bbox 2395 4107 2602 4159; x_wconf 75' lang='grc' dir='ltr'>ἐκεῖνον</span> <span class='ocrx_word' id='word_1_633' title='bbox 2633 4106 2792 4192; x_wconf 79' lang='grc' dir='ltr'>πάλιν</span> <span class='ocrx_word' id='word_1_634' title='bbox 2827 4107 3073 4179; x_wconf 73' lang='grc' dir='ltr'>ἔγνωμεν</span> <span class='ocrx_word' id='word_1_635' title='bbox 3086 4110 3325 4163; x_wconf 84' lang='grc' dir='ltr'>Μωῦσέα</span> <span class='ocrx_word' id='word_1_636' title='bbox 3348 4112 3802 4183; x_wconf 77' lang='grc' dir='ltr'>ἀποκαλυφθέντα</span> <span class='ocrx_word' id='word_1_637' title='bbox 3830 4120 3989 4189; x_wconf 82' lang='grc' dir='ltr'><strong>παρά</strong></span> 
     </span>
    </p>
   </div>
   <div class='ocr_carea' id='block_1_89' title="bbox 2395 4198 3989 4273">
    <p class='ocr_par' dir='ltr' id='par_1_89' title="bbox 2395 4198 3989 4273">
     <span class='ocr_line' id='line_1_89' title="bbox 2395 4198 3989 4273; baseline 0.008 -23"><span class='ocrx_word' id='word_1_638' title='bbox 2395 4198 2531 4251; x_wconf 90' lang='grc' dir='ltr'>Θεοῦ</span> <span class='ocrx_word' id='word_1_639' title='bbox 2561 4199 3036 4271; x_wconf 87' lang='grc' dir='ltr'>διαμαρτύρασθαι</span> <span class='ocrx_word' id='word_1_640' title='bbox 3070 4204 3182 4261; x_wconf 82' lang='grc' dir='ltr'>τοῖς</span> <span class='ocrx_word' id='word_1_641' title='bbox 3217 4204 3550 4273; x_wconf 80' lang='grc' dir='ltr'>ἀνθρώποις,</span> <span class='ocrx_word' id='word_1_642' title='bbox 3584 4206 3663 4259; x_wconf 59' lang='grc' dir='ltr'><strong>δτι</strong></span> <span class='ocrx_word' id='word_1_643' title='bbox 3697 4207 3847 4259; x_wconf 77' lang='grc' dir='ltr'>ἔστιν</span> <span class='ocrx_word' id='word_1_644' title='bbox 3883 4211 3989 4263; x_wconf 83' lang='grc' dir='ltr'><strong>αὐ-</strong></span> 
     </span>
    </p>
   </div>
   <div class='ocr_carea' id='block_1_90' title="bbox 2394 4292 3983 4369">
    <p class='ocr_par' dir='ltr' id='par_1_90' title="bbox 2394 4292 3983 4369">
     <span class='ocr_line' id='line_1_90' title="bbox 2394 4292 3983 4369; baseline 0.008 -27"><span class='ocrx_word' id='word_1_645' title='bbox 2394 4292 2507 4354; x_wconf 89' lang='grc' dir='ltr'>τοῖς</span> <span class='ocrx_word' id='word_1_646' title='bbox 2542 4293 2794 4363; x_wconf 81' lang='grc' dir='ltr'>προκοπὴ</span> <span class='ocrx_word' id='word_1_647' title='bbox 2845 4292 3075 4365; x_wconf 84' lang='grc' dir='ltr'>ἀληθινὴ</span> <span class='ocrx_word' id='word_1_648' title='bbox 3102 4297 3422 4350; x_wconf 86' lang='grc' dir='ltr'>πιστεύουσι</span> <span class='ocrx_word' id='word_1_649' title='bbox 3459 4298 3609 4368; x_wconf 80' lang='grc' dir='ltr'><strong>παρά</strong></span> <span class='ocrx_word' id='word_1_650' title='bbox 3642 4299 3736 4352; x_wconf 89' lang='grc' dir='ltr'><strong>τοῦ</strong></span> <span class='ocrx_word' id='word_1_651' title='bbox 3767 4301 3983 4369; x_wconf 78' lang='grc' dir='ltr'>Κυρίου</span> 
     </span>
    </p>
   </div>
   <div class='ocr_carea' id='block_1_91' title="bbox 2395 4383 3986 4463">
    <p class='ocr_par' dir='ltr' id='par_1_91' title="bbox 2395 4383 3986 4463">
     <span class='ocr_line' id='line_1_91' title="bbox 2395 4383 3986 4463; baseline 0.007 -27"><span class='ocrx_word' id='word_1_652' title='bbox 2395 4383 2575 4436; x_wconf 82' lang='grc' dir='ltr'>αὐτῶν</span> <span class='ocrx_word' id='word_1_653' title='bbox 2597 4400 2612 4415; x_wconf 69' lang='grc' dir='ltr'>θ</span> <span class='ocrx_word' id='word_1_654' title='bbox 2638 4385 2732 4437; x_wconf 81' lang='grc' dir='ltr'>καὶ</span> <span class='ocrx_word' id='word_1_655' title='bbox 2766 4386 2984 4453; x_wconf 79' lang='grc' dir='ltr'>ἐγένετο</span> <span class='ocrx_word' id='word_1_656' title='bbox 3040 4387 3198 4441; x_wconf 90' lang='grc' dir='ltr'>τοῦτο</span> <span class='ocrx_word' id='word_1_657' title='bbox 3224 4405 3238 4418; x_wconf 75' lang='grc' dir='ltr'><strong>ο</strong></span> <span class='ocrx_word' id='word_1_658' title='bbox 3282 4390 3390 4442; x_wconf 87' lang='grc' dir='ltr'><strong>ἀπὸ</strong></span> <span class='ocrx_word' id='word_1_659' title='bbox 3423 4392 3528 4463; x_wconf 82' lang='grc' dir='ltr'><strong>γὰρ</strong></span> <span class='ocrx_word' id='word_1_660' title='bbox 3560 4391 3662 4461; x_wconf 83' lang='grc' dir='ltr'><strong>τῆς</strong></span> <span class='ocrx_word' id='word_1_661' title='bbox 3714 4395 3843 4463; x_wconf 79' lang='grc' dir='ltr'>περὶ</span> <span class='ocrx_word' id='word_1_662' title='bbox 3886 4394 3986 4447; x_wconf 78' lang='grc' dir='ltr'><strong>τὸν</strong></span> 
     </span>
    </p>
   </div>
   <div class='ocr_carea' id='block_1_92' title="bbox 722 4467 2298 4553">
    <p class='ocr_par' dir='ltr' id='par_1_92' title="bbox 722 4467 2290 4539">
     <span class='ocr_line' id='line_1_92' title="bbox 722 4467 2290 4539; baseline -0.002 -15"><span class='ocrx_word' id='word_1_663' title='bbox 722 4471 853 4525; x_wconf 86' lang='lat' dir='ltr'><strong>tiam</strong></span> <span class='ocrx_word' id='word_1_664' title='bbox 915 4484 1204 4539; x_wconf 88' lang='lat' dir='ltr'><strong>moresque</strong></span> <span class='ocrx_word' id='word_1_665' title='bbox 1243 4469 1470 4523; x_wconf 84' lang='lat' dir='ltr'><strong>deduxit</strong></span> <span class='ocrx_word' id='word_1_666' title='bbox 1526 4468 1672 4523; x_wconf 90' lang='lat' dir='ltr'><strong>illius</strong></span> <span class='ocrx_word' id='word_1_667' title='bbox 1725 4478 1979 4538; x_wconf 91' lang='lat' dir='ltr'><strong>posteros</strong></span> <span class='ocrx_word' id='word_1_668' title='bbox 2035 4469 2142 4522; x_wconf 80' lang='lat' dir='ltr'><strong>lex.</strong></span> <span class='ocrx_word' id='word_1_669' title='bbox 2174 4467 2290 4521; x_wconf 89' lang='lat' dir='ltr'><strong>Nisi</strong></span> 
     </span>
    </p>
   </div>
   <div class='ocr_carea' id='block_1_93' title="bbox 2400 4467 3983 4553">
    <p class='ocr_par' dir='ltr' id='par_1_93' title="bbox 2409 4475 3983 4549">
     <span class='ocr_line' id='line_1_93' title="bbox 2409 4475 3983 4549; baseline 0.006 -22"><span class='ocrx_word' id='word_1_670' title='bbox 2409 4475 2660 4545; x_wconf 79' lang='grc' dir='ltr'>Ἀϐραὰμ</span> <span class='ocrx_word' id='word_1_671' title='bbox 2715 4476 2796 4528; x_wconf 80' lang='grc' dir='ltr'>ἔτι</span> <span class='ocrx_word' id='word_1_672' title='bbox 2844 4476 3068 4541; x_wconf 89' lang='grc' dir='ltr'>ἀτελοῦς</span> <span class='ocrx_word' id='word_1_673' title='bbox 3114 4478 3280 4548; x_wconf 77' lang='grc' dir='ltr'>οὔσης</span> <span class='ocrx_word' id='word_1_674' title='bbox 3328 4481 3656 4549; x_wconf 83' lang='grc' dir='ltr'>θεογνωσίας</span> <span class='ocrx_word' id='word_1_675' title='bbox 3700 4485 3793 4537; x_wconf 84' lang='grc' dir='ltr'><strong>καὶ</strong></span> <span class='ocrx_word' id='word_1_676' title='bbox 3822 4486 3983 4537; x_wconf 80' lang='grc' dir='ltr'>πολι-</span> 
     </span>
    </p>
   </div>
   <div class='ocr_carea' id='block_1_94' title="bbox 719 4557 2288 4628">
    <p class='ocr_par' dir='ltr' id='par_1_94' title="bbox 719 4557 2288 4628">
     <span class='ocr_line' id='line_1_94' title="bbox 719 4557 2288 4628; baseline -0.001 -14"><span class='ocrx_word' id='word_1_677' title='bbox 719 4560 866 4615; x_wconf 91' lang='lat' dir='ltr'><strong>enim</strong></span> <span class='ocrx_word' id='word_1_678' title='bbox 929 4560 1033 4613; x_wconf 88' lang='lat' dir='ltr'><strong>hoc</strong></span> <span class='ocrx_word' id='word_1_679' title='bbox 1081 4558 1435 4626; x_wconf 88' lang='lat' dir='ltr'><strong>concedatur,</strong></span> <span class='ocrx_word' id='word_1_680' title='bbox 1499 4572 1904 4628; x_wconf 89' lang='lat' dir='ltr'><strong>supervacanea</strong></span> <span class='ocrx_word' id='word_1_681' title='bbox 1970 4557 2189 4613; x_wconf 82' lang='lat' dir='ltr'><strong>fuerunt</strong></span> <span class='ocrx_word' id='word_1_682' title='bbox 2233 4566 2288 4612; x_wconf 86' lang='lat' dir='ltr'><strong>et</strong></span> 
     </span>
    </p>
   </div>
   <div class='ocr_carea' id='block_1_95' title="bbox 720 4650 2288 4721">
    <p class='ocr_par' dir='ltr' id='par_1_95' title="bbox 720 4650 2288 4721">
     <span class='ocr_line' id='line_1_95' title="bbox 720 4650 2288 4721; baseline 0.002 -16"><span class='ocrx_word' id='word_1_683' title='bbox 720 4652 1032 4721; x_wconf 89' lang='lat' dir='ltr'><strong>importuna</strong></span> <span class='ocrx_word' id='word_1_684' title='bbox 1055 4650 1241 4705; x_wconf 86' lang='lat' dir='ltr'><strong>omnia</strong></span> <span class='ocrx_word' id='word_1_685' title='bbox 1282 4651 1417 4721; x_wconf 86' lang='lat' dir='ltr'><strong>legis</strong></span> <span class='ocrx_word' id='word_1_686' title='bbox 1448 4651 1722 4717; x_wconf 88' lang='lat' dir='ltr'><strong>instituta,</strong></span> <span class='ocrx_word' id='word_1_687' title='bbox 1758 4659 1813 4706; x_wconf 91' lang='lat' dir='ltr'><strong>et</strong></span> <span class='ocrx_word' id='word_1_688' title='bbox 1861 4650 2182 4718; x_wconf 89' lang='lat' dir='ltr'><strong>Sabbatum,</strong></span> <span class='ocrx_word' id='word_1_689' title='bbox 2234 4661 2288 4708; x_wconf 92' lang='lat' dir='ltr'><strong>et</strong></span> 
     </span>
    </p>
   </div>
   <div class='ocr_carea' id='block_1_96' title="bbox 721 4739 2287 4810">
    <p class='ocr_par' dir='ltr' id='par_1_96' title="bbox 721 4739 2287 4810">
     <span class='ocr_line' id='line_1_96' title="bbox 721 4739 2287 4810; baseline 0.001 -16"><span class='ocrx_word' id='word_1_690' title='bbox 721 4740 833 4796; x_wconf 91' lang='lat' dir='ltr'><strong>Deo</strong></span> <span class='ocrx_word' id='word_1_691' title='bbox 882 4740 1243 4810; x_wconf 88' lang='lat' dir='ltr'><strong>acccptabiles</strong></span> <span class='ocrx_word' id='word_1_692' title='bbox 1297 4739 1511 4806; x_wconf 76' lang='lat' dir='ltr'><strong>hostias,</strong></span> <span class='ocrx_word' id='word_1_693' title='bbox 1567 4756 1689 4810; x_wconf 61' lang='lat' dir='ltr'><strong>quae</strong></span> <span class='ocrx_word' id='word_1_694' title='bbox 1745 4742 1933 4795; x_wconf 90' lang='lat' dir='ltr'><strong>omnia</strong></span> <span class='ocrx_word' id='word_1_695' title='bbox 1967 4742 2287 4797; x_wconf 85' lang='lat' dir='ltr'><strong>Abrahamo</strong></span> 
     </span>
    </p>
   </div>
   <div class='ocr_carea' id='block_1_97' title="bbox 722 4831 2283 4903">
    <p class='ocr_par' dir='ltr' id='par_1_97' title="bbox 722 4831 2283 4903">
     <span class='ocr_line' id='line_1_97' title="bbox 722 4831 2283 4903; baseline 0.001 -19"><span class='ocrx_word' id='word_1_696' title='bbox 722 4832 871 4885; x_wconf 82' lang='lat' dir='ltr'><strong>luere</strong></span> <span class='ocrx_word' id='word_1_697' title='bbox 892 4832 1167 4901; x_wconf 81' lang='lat' dir='ltr'><strong>incognita</strong></span> <span class='ocrx_word' id='word_1_698' title='bbox 1188 4849 1201 4898; x_wconf 93' lang='lat'><strong>;</strong></span> <span class='ocrx_word' id='word_1_699' title='bbox 1225 4832 1369 4901; x_wconf 90' lang='lat' dir='ltr'><strong>quod</strong></span> <span class='ocrx_word' id='word_1_700' title='bbox 1393 4831 1729 4901; x_wconf 89' lang='lat' dir='ltr'><strong>impossibile</strong></span> <span class='ocrx_word' id='word_1_701' title='bbox 1747 4842 1850 4889; x_wconf 90' lang='lat' dir='ltr'><strong>est.</strong></span> <span class='ocrx_word' id='word_1_702' title='bbox 1877 4831 2006 4889; x_wconf 91' lang='lat' dir='ltr'><strong>Post</strong></span> <span class='ocrx_word' id='word_1_703' title='bbox 2024 4833 2283 4903; x_wconf 78' lang='lat' dir='ltr'><strong>Moysem,</strong></span> 
     </span>
    </p>
   </div>
   <div class='ocr_carea' id='block_1_98' title="bbox 720 4923 2281 4994">
    <p class='ocr_par' dir='ltr' id='par_1_98' title="bbox 720 4923 2281 4994">
     <span class='ocr_line' id='line_1_98' title="bbox 720 4923 2281 4994; baseline 0 -17"><span class='ocrx_word' id='word_1_704' title='bbox 720 4932 780 4977; x_wconf 92' lang='lat' dir='ltr'><strong>ut</strong></span> <span class='ocrx_word' id='word_1_705' title='bbox 817 4938 1034 4994; x_wconf 80' lang='lat' dir='ltr'><strong>pergam</strong></span> <span class='ocrx_word' id='word_1_706' title='bbox 1079 4924 1157 4977; x_wconf 93' lang='lat' dir='ltr'><strong>uti</strong></span> <span class='ocrx_word' id='word_1_707' title='bbox 1207 4923 1552 4977; x_wconf 86' lang='lat' dir='ltr'><strong>revelationis</strong></span> <span class='ocrx_word' id='word_1_708' title='bbox 1610 4925 1856 4989; x_wconf 90' lang='lat' dir='ltr'><strong>nomine,</strong></span> <span class='ocrx_word' id='word_1_709' title='bbox 1890 4924 2067 4979; x_wconf 89' lang='lat' dir='ltr'><strong>donec</strong></span> <span class='ocrx_word' id='word_1_710' title='bbox 2098 4926 2281 4979; x_wconf 80' lang='lat' dir='ltr'><strong>exitus</strong></span> 
     </span>
    </p>
   </div>
   <div class='ocr_carea' id='block_1_99' title="bbox 717 5012 2287 5084">
    <p class='ocr_par' dir='ltr' id='par_1_99' title="bbox 717 5012 2287 5084">
     <span class='ocr_line' id='line_1_99' title="bbox 717 5012 2287 5084; baseline 0.001 -18"><span class='ocrx_word' id='word_1_711' title='bbox 717 5012 905 5067; x_wconf 90' lang='lat' dir='ltr'><strong>omnia</strong></span> <span class='ocrx_word' id='word_1_712' title='bbox 936 5012 1268 5080; x_wconf 82' lang='lat' dir='ltr'><strong>manifestet,</strong></span> <span class='ocrx_word' id='word_1_713' title='bbox 1325 5013 1586 5068; x_wconf 82' lang='lat' dir='ltr'><strong>revelavit</strong></span> <span class='ocrx_word' id='word_1_714' title='bbox 1624 5014 1769 5069; x_wconf 88' lang='lat' dir='ltr'><strong>Deus</strong></span> <span class='ocrx_word' id='word_1_715' title='bbox 1810 5030 1906 5084; x_wconf 85' lang='lat' dir='ltr'><strong>per</strong></span> <span class='ocrx_word' id='word_1_716' title='bbox 1922 5013 2103 5069; x_wconf 87' lang='lat' dir='ltr'><strong>Jesum</strong></span> <span class='ocrx_word' id='word_1_717' title='bbox 2129 5015 2287 5069; x_wconf 88' lang='lat' dir='ltr'><strong>Chri-</strong></span> 
     </span>
    </p>
   </div>
   <div class='ocr_carea' id='block_1_100' title="bbox 719 5104 2288 5175">
    <p class='ocr_par' dir='ltr' id='par_1_100' title="bbox 719 5104 2288 5175">
     <span class='ocr_line' id='line_1_100' title="bbox 719 5104 2288 5175; baseline 0.001 -15"><span class='ocrx_word' id='word_1_718' title='bbox 719 5114 864 5161; x_wconf 89' lang='lat' dir='ltr'><strong>stum</strong></span> <span class='ocrx_word' id='word_1_719' title='bbox 898 5105 1242 5170; x_wconf 89' lang='lat' dir='ltr'><strong>bominibus,</strong></span> <span class='ocrx_word' id='word_1_720' title='bbox 1291 5106 1434 5175; x_wconf 88' lang='lat' dir='ltr'><strong>quod</strong></span> <span class='ocrx_word' id='word_1_721' title='bbox 1470 5104 1531 5158; x_wconf 84' lang='lat' dir='ltr'><strong>ﬁt</strong></span> <span class='ocrx_word' id='word_1_722' title='bbox 1579 5105 1708 5175; x_wconf 88' lang='lat' dir='ltr'><strong>ipsis</strong></span> <span class='ocrx_word' id='word_1_723' title='bbox 1753 5107 2146 5162; x_wconf 86' lang='lat' dir='ltr'><strong>incrementum</strong></span> <span class='ocrx_word' id='word_1_724' title='bbox 2199 5123 2288 5162; x_wconf 84' lang='lat' dir='ltr'><strong>ve-</strong></span> 
     </span>
    </p>
   </div>
   <div class='ocr_carea' id='block_1_101' title="bbox 724 5195 2285 5269">
    <p class='ocr_par' dir='ltr' id='par_1_101' title="bbox 724 5195 2285 5269">
     <span class='ocr_line' id='line_1_101' title="bbox 724 5195 2285 5269; baseline 0.003 -21"><span class='ocrx_word' id='word_1_725' title='bbox 724 5210 869 5261; x_wconf 87' lang='lat' dir='ltr'><strong>rum,</strong></span> <span class='ocrx_word' id='word_1_726' title='bbox 908 5195 1258 5251; x_wconf 86' lang='lat' dir='ltr'><strong>credentibus</strong></span> <span class='ocrx_word' id='word_1_727' title='bbox 1287 5195 1512 5261; x_wconf 87' lang='lat' dir='ltr'><strong>scilicet,</strong></span> <span class='ocrx_word' id='word_1_728' title='bbox 1541 5211 1571 5250; x_wconf 91' lang='lat' dir='ltr'><strong>a</strong></span> <span class='ocrx_word' id='word_1_729' title='bbox 1607 5195 1867 5262; x_wconf 92' lang='lat' dir='ltr'><strong>Domino;</strong></span> <span class='ocrx_word' id='word_1_730' title='bbox 1927 5199 2203 5269; x_wconf 88' lang='lat' dir='ltr'><strong>verbaque</strong></span> <span class='ocrx_word' id='word_1_731' title='bbox 2231 5200 2285 5253; x_wconf 91' lang='lat' dir='ltr'><strong>in</strong></span> 
     </span>
    </p>
   </div>
   <div class='ocr_carea' id='block_1_102' title="bbox 719 5288 2283 5358">
    <p class='ocr_par' dir='ltr' id='par_1_102' title="bbox 719 5288 2283 5358">
     <span class='ocr_line' id='line_1_102' title="bbox 719 5288 2283 5358; baseline 0.002 -16"><span class='ocrx_word' id='word_1_732' title='bbox 719 5305 834 5343; x_wconf 87' lang='lat' dir='ltr'><strong>rem</strong></span> <span class='ocrx_word' id='word_1_733' title='bbox 874 5288 1071 5344; x_wconf 90' lang='lat' dir='ltr'><strong>collata</strong></span> <span class='ocrx_word' id='word_1_734' title='bbox 1126 5288 1277 5345; x_wconf 79' lang='lat' dir='ltr'><strong>fuere</strong></span> <span class='ocrx_word' id='word_1_735' title='bbox 1302 5304 1316 5340; x_wconf 88' lang='lat'><strong>:</strong></span> <span class='ocrx_word' id='word_1_736' title='bbox 1343 5303 1468 5342; x_wconf 90' lang='lat' dir='ltr'><strong>nam</strong></span> <span class='ocrx_word' id='word_1_737' title='bbox 1502 5297 1556 5342; x_wconf 89' lang='lat' dir='ltr'><strong>et</strong></span> <span class='ocrx_word' id='word_1_738' title='bbox 1591 5290 1681 5344; x_wconf 91' lang='lat' dir='ltr'><strong>Dei</strong></span> <span class='ocrx_word' id='word_1_739' title='bbox 1713 5289 1952 5358; x_wconf 83' lang='lat' dir='ltr'><strong>cognitio</strong></span> <span class='ocrx_word' id='word_1_740' title='bbox 1976 5290 2194 5356; x_wconf 87' lang='lat' dir='ltr'><strong>clarior,</strong></span> <span class='ocrx_word' id='word_1_741' title='bbox 2228 5301 2283 5346; x_wconf 91' lang='lat' dir='ltr'><strong>et</strong></span> 
     </span>
    </p>
   </div>
   <div class='ocr_carea' id='block_1_103' title="bbox 716 5380 2281 5452">
    <p class='ocr_par' dir='ltr' id='par_1_103' title="bbox 716 5380 2281 5452">
     <span class='ocr_line' id='line_1_103' title="bbox 716 5380 2281 5452; baseline 0.003 -17"><span class='ocrx_word' id='word_1_742' title='bbox 716 5384 838 5438; x_wconf 62' lang='lat' dir='ltr'><strong>vitm</strong></span> <span class='ocrx_word' id='word_1_743' title='bbox 861 5396 981 5436; x_wconf 86' lang='lat' dir='ltr'><strong>mos</strong></span> <span class='ocrx_word' id='word_1_744' title='bbox 1012 5380 1320 5436; x_wconf 88' lang='lat' dir='ltr'><strong>accuratior</strong></span> <span class='ocrx_word' id='word_1_745' title='bbox 1344 5380 1570 5437; x_wconf 79' lang='lat' dir='ltr'><strong>exstitit.</strong></span> <span class='ocrx_word' id='word_1_746' title='bbox 1594 5380 1758 5452; x_wconf 86' lang='lat' dir='ltr'><strong>quue</strong></span> <span class='ocrx_word' id='word_1_747' title='bbox 1788 5383 1871 5439; x_wconf 86' lang='lat' dir='ltr'><strong>vel</strong></span> <span class='ocrx_word' id='word_1_748' title='bbox 1892 5384 2015 5440; x_wconf 91' lang='lat' dir='ltr'><strong>inde</strong></span> <span class='ocrx_word' id='word_1_749' title='bbox 2046 5396 2281 5452; x_wconf 84' lang='lat' dir='ltr'><strong>constat,</strong></span> 
     </span>
    </p>
   </div>
   <div class='ocr_carea' id='block_1_104' title="bbox 789 5565 1238 5635">
    <p class='ocr_par' dir='ltr' id='par_1_104' title="bbox 789 5565 1238 5635">
     <span class='ocr_line' id='line_1_104' title="bbox 789 5565 1238 5635; baseline 0.007 -16"><span class='ocrx_word' id='word_1_750' title='bbox 789 5565 831 5596; x_wconf 83' lang='lat'>&quot;</span> <span class='ocrx_word' id='word_1_751' title='bbox 863 5567 883 5619; x_wconf 87' lang='grc' dir='ltr'>Ι</span> <span class='ocrx_word' id='word_1_752' title='bbox 913 5565 1054 5624; x_wconf 90' lang='lat' dir='ltr'><strong>Tim.</strong></span> <span class='ocrx_word' id='word_1_753' title='bbox 1084 5583 1145 5635; x_wconf 85' lang='lat' dir='ltr'><strong>II,</strong></span> <span class='ocrx_word' id='word_1_754' title='bbox 1181 5569 1238 5622; x_wconf 71' lang='grc'><strong>4.</strong></span> 
     </span>
    </p>
   </div>
   <div class='ocr_carea' id='block_1_105' title="bbox 787 5729 1866 5802">
    <p class='ocr_par' dir='ltr' id='par_1_105' title="bbox 787 5729 1866 5802">
     <span class='ocr_line' id='line_1_105' title="bbox 787 5729 1866 5802; baseline 0.009 -21"><span class='ocrx_word' id='word_1_755' title='bbox 787 5729 863 5799; x_wconf 68' lang='grc'><strong>(4)</strong></span> <span class='ocrx_word' id='word_1_756' title='bbox 893 5729 1062 5791; x_wconf 80' lang='lat' dir='ltr'><strong>Aliter</strong></span> <span class='ocrx_word' id='word_1_757' title='bbox 1078 5730 1167 5789; x_wconf 81' lang='lat' dir='ltr'><strong>hic</strong></span> <span class='ocrx_word' id='word_1_758' title='bbox 1181 5731 1327 5788; x_wconf 87' lang='lat' dir='ltr'><strong>vides</strong></span> <span class='ocrx_word' id='word_1_759' title='bbox 1355 5731 1496 5802; x_wconf 84' lang='lat' dir='ltr'><strong>apud</strong></span> <span class='ocrx_word' id='word_1_760' title='bbox 1517 5732 1866 5791; x_wconf 80' lang='lat' dir='ltr'><strong>Maraccium.</strong></span> 
     </span>
    </p>
   </div>
   <div class='ocr_carea' id='block_1_106' title="bbox 2393 4566 3983 4640">
    <p class='ocr_par' dir='ltr' id='par_1_106' title="bbox 2393 4566 3983 4640">
     <span class='ocr_line' id='line_1_106' title="bbox 2393 4566 3983 4640; baseline 0.004 -22"><span class='ocrx_word' id='word_1_761' title='bbox 2393 4566 2564 4633; x_wconf 83' lang='grc' dir='ltr'>τείας,</span> <span class='ocrx_word' id='word_1_762' title='bbox 2600 4566 2693 4619; x_wconf 73' lang='grc' dir='ltr'>ἐπὶ</span> <span class='ocrx_word' id='word_1_763' title='bbox 2719 4566 2816 4638; x_wconf 82' lang='grc' dir='ltr'><strong>τὴν</strong></span> <span class='ocrx_word' id='word_1_764' title='bbox 2855 4568 3055 4637; x_wconf 80' lang='grc' dir='ltr'>μᾶλλον</span> <span class='ocrx_word' id='word_1_765' title='bbox 3098 4569 3309 4624; x_wconf 82' lang='grc' dir='ltr'>τελείαν</span> <span class='ocrx_word' id='word_1_766' title='bbox 3336 4570 3665 4640; x_wconf 85' lang='grc' dir='ltr'>θεογνωσίαν</span> <span class='ocrx_word' id='word_1_767' title='bbox 3692 4575 3786 4627; x_wconf 78' lang='grc' dir='ltr'><strong>καὶ</strong></span> <span class='ocrx_word' id='word_1_768' title='bbox 3821 4577 3983 4628; x_wconf 83' lang='grc' dir='ltr'>πολι-</span> 
     </span>
    </p>
   </div>
   <div class='ocr_carea' id='block_1_107' title="bbox 2393 4658 3978 4739">
    <p class='ocr_par' dir='ltr' id='par_1_107' title="bbox 2393 4658 3978 4739">
     <span class='ocr_line' id='line_1_107' title="bbox 2393 4658 3978 4739; baseline 0.007 -28"><span class='ocrx_word' id='word_1_769' title='bbox 2393 4658 2543 4711; x_wconf 83' lang='grc' dir='ltr'>τείαν</span> <span class='ocrx_word' id='word_1_770' title='bbox 2570 4658 2771 4729; x_wconf 81' lang='grc' dir='ltr'>ἀνῆγεν</span> <span class='ocrx_word' id='word_1_771' title='bbox 2800 4660 2926 4723; x_wconf 81' lang='grc' dir='ltr'>τοὺς</span> <span class='ocrx_word' id='word_1_772' title='bbox 2955 4659 3119 4714; x_wconf 81' lang='grc' dir='ltr'>αὑτοῦ</span> <span class='ocrx_word' id='word_1_773' title='bbox 3148 4663 3405 4731; x_wconf 76' lang='grc' dir='ltr'>ἐκγόνους</span> <span class='ocrx_word' id='word_1_774' title='bbox 3441 4665 3470 4715; x_wconf 82' lang='grc' dir='ltr'><strong>ὁ</strong></span> <span class='ocrx_word' id='word_1_775' title='bbox 3498 4665 3593 4719; x_wconf 84' lang='grc' dir='ltr'><strong>τοῦ</strong></span> <span class='ocrx_word' id='word_1_776' title='bbox 3611 4666 3747 4720; x_wconf 91' lang='grc' dir='ltr'>Θεοῦ</span> <span class='ocrx_word' id='word_1_777' title='bbox 3776 4670 3978 4739; x_wconf 76' lang='grc' dir='ltr'>νόμοςο</span> 
     </span>
    </p>
   </div>
   <div class='ocr_carea' id='block_1_108' title="bbox 2393 4749 3981 4829">
    <p class='ocr_par' dir='ltr' id='par_1_108' title="bbox 2393 4749 3981 4829">
     <span class='ocr_line' id='line_1_108' title="bbox 2393 4749 3981 4829; baseline 0.008 -28"><span class='ocrx_word' id='word_1_778' title='bbox 2393 4751 2442 4802; x_wconf 86' lang='grc' dir='ltr'><strong>εί</strong></span> <span class='ocrx_word' id='word_1_779' title='bbox 2476 4749 2584 4819; x_wconf 85' lang='grc' dir='ltr'>γὰρ</span> <span class='ocrx_word' id='word_1_780' title='bbox 2614 4750 2690 4820; x_wconf 78' lang='grc' dir='ltr'>μὴ</span> <span class='ocrx_word' id='word_1_781' title='bbox 2717 4749 2874 4804; x_wconf 86' lang='grc' dir='ltr'>τοῦτο</span> <span class='ocrx_word' id='word_1_782' title='bbox 2901 4751 3050 4824; x_wconf 78' lang='grc' dir='ltr'>δοθῇ,</span> <span class='ocrx_word' id='word_1_783' title='bbox 3076 4756 3307 4823; x_wconf 86' lang='grc' dir='ltr'>περιττά</span> <span class='ocrx_word' id='word_1_784' title='bbox 3332 4757 3425 4810; x_wconf 81' lang='grc' dir='ltr'>καὶ</span> <span class='ocrx_word' id='word_1_785' title='bbox 3456 4757 3661 4829; x_wconf 82' lang='grc' dir='ltr'>ἀκαιρα</span> <span class='ocrx_word' id='word_1_786' title='bbox 3698 4761 3876 4814; x_wconf 82' lang='grc' dir='ltr'>πάντα</span> <span class='ocrx_word' id='word_1_787' title='bbox 3908 4767 3981 4825; x_wconf 72' lang='grc' dir='ltr'>τὰ</span> 
     </span>
    </p>
   </div>
   <div class='ocr_carea' id='block_1_109' title="bbox 2393 4840 3981 4918">
    <p class='ocr_par' dir='ltr' id='par_1_109' title="bbox 2393 4840 3981 4918">
     <span class='ocr_line' id='line_1_109' title="bbox 2393 4840 3981 4918; baseline 0.008 -23"><span class='ocrx_word' id='word_1_788' title='bbox 2393 4840 2487 4895; x_wconf 81' lang='grc' dir='ltr'><strong>τοῦ</strong></span> <span class='ocrx_word' id='word_1_789' title='bbox 2520 4842 2709 4910; x_wconf 85' lang='grc' dir='ltr'>νόμου,</span> <span class='ocrx_word' id='word_1_790' title='bbox 2736 4843 2798 4895; x_wconf 89' lang='grc' dir='ltr'><strong>τό</strong></span> <span class='ocrx_word' id='word_1_791' title='bbox 2828 4861 2885 4896; x_wconf 89' lang='grc' dir='ltr'><strong>τε</strong></span> <span class='ocrx_word' id='word_1_792' title='bbox 2919 4845 3188 4899; x_wconf 79' lang='grc' dir='ltr'>σάϐϐατον</span> <span class='ocrx_word' id='word_1_793' title='bbox 3220 4849 3315 4900; x_wconf 75' lang='grc' dir='ltr'><strong>καὶ</strong></span> <span class='ocrx_word' id='word_1_794' title='bbox 3349 4849 3407 4901; x_wconf 80' lang='grc' dir='ltr'>αἱ</span> <span class='ocrx_word' id='word_1_795' title='bbox 3444 4850 3714 4905; x_wconf 88' lang='grc' dir='ltr'>θεόδεκτοι</span> <span class='ocrx_word' id='word_1_796' title='bbox 3766 4853 3981 4918; x_wconf 82' lang='grc' dir='ltr'>θυσίαι,</span> 
     </span>
    </p>
   </div>
   <div class='ocr_carea' id='block_1_110' title="bbox 2386 4933 3982 5010">
    <p class='ocr_par' dir='ltr' id='par_1_110' title="bbox 2386 4933 3982 5010">
     <span class='ocr_line' id='line_1_110' title="bbox 2386 4933 3982 5010; baseline 0.008 -23"><span class='ocrx_word' id='word_1_797' title='bbox 2386 4933 2542 4987; x_wconf 78' lang='grc' dir='ltr'>ἅτινα</span> <span class='ocrx_word' id='word_1_798' title='bbox 2577 4934 2829 5005; x_wconf 79' lang='grc' dir='ltr'>’Δϐραάμ</span> <span class='ocrx_word' id='word_1_799' title='bbox 2860 4936 2959 4990; x_wconf 77' lang='grc' dir='ltr'><strong>οὐκ</strong></span> <span class='ocrx_word' id='word_1_800' title='bbox 2983 4937 3121 5008; x_wconf 72' lang='grc' dir='ltr'>ᾔδει,</span> <span class='ocrx_word' id='word_1_801' title='bbox 3145 4940 3284 5010; x_wconf 86' lang='grc' dir='ltr'>ὅπερ</span> <span class='ocrx_word' id='word_1_802' title='bbox 3314 4940 3598 4996; x_wconf 89' lang='grc' dir='ltr'>ἀδύνατον.</span> <span class='ocrx_word' id='word_1_803' title='bbox 3627 4943 3783 4997; x_wconf 82' lang='grc' dir='ltr'>Μετά</span> <span class='ocrx_word' id='word_1_804' title='bbox 3807 4946 3982 4999; x_wconf 65' lang='lat' dir='ltr'><strong>Muni-</strong></span> 
     </span>
    </p>
   </div>
   <div class='ocr_carea' id='block_1_111' title="bbox 2388 5022 3978 5101">
    <p class='ocr_par' dir='ltr' id='par_1_111' title="bbox 2388 5022 3978 5101">
     <span class='ocr_line' id='line_1_111' title="bbox 2388 5022 3978 5101; baseline 0.009 -27"><span class='ocrx_word' id='word_1_805' title='bbox 2388 5022 2504 5088; x_wconf 84' lang='grc' dir='ltr'>σέα,</span> <span class='ocrx_word' id='word_1_806' title='bbox 2540 5023 2626 5076; x_wconf 84' lang='grc' dir='ltr'>ἵνα</span> <span class='ocrx_word' id='word_1_807' title='bbox 2684 5027 3123 5096; x_wconf 84' lang='grc' dir='ltr'>καταχρήσωμαι</span> <span class='ocrx_word' id='word_1_808' title='bbox 3159 5028 3237 5099; x_wconf 83' lang='grc' dir='ltr'>τῷ</span> <span class='ocrx_word' id='word_1_809' title='bbox 3270 5030 3368 5098; x_wconf 82' lang='grc' dir='ltr'>τῆς</span> <span class='ocrx_word' id='word_1_810' title='bbox 3417 5031 3821 5101; x_wconf 78' lang='grc' dir='ltr'>ἀποκαλύψεως</span> <span class='ocrx_word' id='word_1_811' title='bbox 3853 5036 3978 5088; x_wconf 80' lang='grc' dir='ltr'>ὀνό-</span> 
     </span>
    </p>
   </div>
   <div class='ocr_carea' id='block_1_112' title="bbox 2388 5116 3978 5196">
    <p class='ocr_par' dir='ltr' id='par_1_112' title="bbox 2388 5116 3978 5196">
     <span class='ocr_line' id='line_1_112' title="bbox 2388 5116 3978 5196; baseline 0.008 -29"><span class='ocrx_word' id='word_1_812' title='bbox 2388 5132 2537 5185; x_wconf 86' lang='grc' dir='ltr'>ματι,</span> <span class='ocrx_word' id='word_1_813' title='bbox 2565 5116 2672 5179; x_wconf 81' lang='grc' dir='ltr'>ἓως</span> <span class='ocrx_word' id='word_1_814' title='bbox 2695 5116 2761 5170; x_wconf 81' lang='grc' dir='ltr'><strong>ἂν</strong></span> <span class='ocrx_word' id='word_1_815' title='bbox 2790 5119 2824 5189; x_wconf 84' lang='grc' dir='ltr'>ὴ</span> <span class='ocrx_word' id='word_1_816' title='bbox 2866 5118 3093 5184; x_wconf 77' lang='grc' dir='ltr'>ἔκϐασις</span> <span class='ocrx_word' id='word_1_817' title='bbox 3122 5121 3183 5173; x_wconf 86' lang='grc' dir='ltr'><strong>τὸ</strong></span> <span class='ocrx_word' id='word_1_818' title='bbox 3212 5123 3319 5175; x_wconf 79' lang='grc' dir='ltr'><strong>πᾶν</strong></span> <span class='ocrx_word' id='word_1_819' title='bbox 3350 5122 3588 5195; x_wconf 80' lang='grc' dir='ltr'>δηλώσῃ,</span> <span class='ocrx_word' id='word_1_820' title='bbox 3616 5125 3978 5196; x_wconf 78' lang='grc' dir='ltr'>ἀπεκάλυψεν</span> 
     </span>
    </p>
   </div>
   <div class='ocr_carea' id='block_1_113' title="bbox 2385 5206 3976 5285">
    <p class='ocr_par' dir='ltr' id='par_1_113' title="bbox 2385 5206 3976 5285">
     <span class='ocr_line' id='line_1_113' title="bbox 2385 5206 3976 5285; baseline 0.009 -27"><span class='ocrx_word' id='word_1_821' title='bbox 2385 5208 2413 5258; x_wconf 87' lang='grc' dir='ltr'>ὁ</span> <span class='ocrx_word' id='word_1_822' title='bbox 2438 5206 2569 5270; x_wconf 73' lang='grc' dir='ltr'>Θεὸς</span> <span class='ocrx_word' id='word_1_823' title='bbox 2590 5207 2678 5261; x_wconf 73' lang='grc' dir='ltr'>διὰ</span> <span class='ocrx_word' id='word_1_824' title='bbox 2719 5206 2892 5278; x_wconf 90' lang='grc' dir='ltr'>Ἰησοῦ</span> <span class='ocrx_word' id='word_1_825' title='bbox 2928 5210 3165 5281; x_wconf 84' lang='grc' dir='ltr'>Χριστοῦ</span> <span class='ocrx_word' id='word_1_826' title='bbox 3192 5215 3306 5276; x_wconf 84' lang='grc' dir='ltr'>τοῖς</span> <span class='ocrx_word' id='word_1_827' title='bbox 3338 5214 3669 5285; x_wconf 87' lang='grc' dir='ltr'>ἀνθρώποις,</span> <span class='ocrx_word' id='word_1_828' title='bbox 3712 5218 3794 5271; x_wconf 82' lang='grc' dir='ltr'>ὅτι</span> <span class='ocrx_word' id='word_1_829' title='bbox 3821 5218 3976 5273; x_wconf 74' lang='grc' dir='ltr'>ἐστιν</span> 
     </span>
    </p>
   </div>
   <div class='ocr_carea' id='block_1_114' title="bbox 2391 5294 3972 5377">
    <p class='ocr_par' dir='ltr' id='par_1_114' title="bbox 2391 5294 3972 5377">
     <span class='ocr_line' id='line_1_114' title="bbox 2391 5294 3972 5377; baseline 0.009 -31"><span class='ocrx_word' id='word_1_830' title='bbox 2391 5294 2574 5358; x_wconf 75' lang='grc' dir='ltr'>αὐτοῖς</span> <span class='ocrx_word' id='word_1_831' title='bbox 2593 5296 2844 5368; x_wconf 83' lang='grc' dir='ltr'>προκοπὴ</span> <span class='ocrx_word' id='word_1_832' title='bbox 2866 5298 3093 5370; x_wconf 81' lang='grc' dir='ltr'>ἀληθινὴ</span> <span class='ocrx_word' id='word_1_833' title='bbox 3106 5300 3216 5364; x_wconf 84' lang='grc' dir='ltr'>τοῖς</span> <span class='ocrx_word' id='word_1_834' title='bbox 3237 5301 3548 5356; x_wconf 86' lang='grc' dir='ltr'>πιστεύουσι</span> <span class='ocrx_word' id='word_1_835' title='bbox 3576 5307 3723 5373; x_wconf 87' lang='grc' dir='ltr'><strong>παρά</strong></span> <span class='ocrx_word' id='word_1_836' title='bbox 3737 5307 3972 5377; x_wconf 65' lang='grc' dir='ltr'>Κυρίοω</span> 
     </span>
    </p>
   </div>
   <div class='ocr_carea' id='block_1_115' title="bbox 2392 5386 3971 5468">
    <p class='ocr_par' dir='ltr' id='par_1_115' title="bbox 2392 5386 3971 5468">
     <span class='ocr_line' id='line_1_115' title="bbox 2392 5386 3971 5468; baseline 0.009 -30"><span class='ocrx_word' id='word_1_837' title='bbox 2392 5386 2486 5440; x_wconf 79' lang='grc' dir='ltr'>καὶ</span> <span class='ocrx_word' id='word_1_838' title='bbox 2514 5386 2669 5457; x_wconf 82' lang='grc' dir='ltr'>ἔσχεν</span> <span class='ocrx_word' id='word_1_839' title='bbox 2697 5389 2725 5441; x_wconf 83' lang='grc' dir='ltr'>ὁ</span> <span class='ocrx_word' id='word_1_840' title='bbox 2745 5388 2902 5458; x_wconf 87' lang='grc' dir='ltr'>λόγος</span> <span class='ocrx_word' id='word_1_841' title='bbox 2927 5390 2985 5444; x_wconf 80' lang='grc' dir='ltr'><strong>τὸ</strong></span> <span class='ocrx_word' id='word_1_842' title='bbox 3010 5391 3171 5463; x_wconf 75' lang='grc' dir='ltr'>ἔργον</span> <span class='ocrx_word' id='word_1_843' title='bbox 3198 5392 3371 5464; x_wconf 85' lang='grc' dir='ltr'>πέρας</span> <span class='ocrx_word' id='word_1_844' title='bbox 3396 5410 3411 5426; x_wconf 69' lang='grc' dir='ltr'>θ</span> <span class='ocrx_word' id='word_1_845' title='bbox 3445 5396 3480 5465; x_wconf 79' lang='grc' dir='ltr'><strong>ἦ</strong></span> <span class='ocrx_word' id='word_1_846' title='bbox 3510 5412 3570 5449; x_wconf 90' lang='grc' dir='ltr'><strong>τε</strong></span> <span class='ocrx_word' id='word_1_847' title='bbox 3598 5398 3704 5468; x_wconf 82' lang='grc' dir='ltr'>γὰρ</span> <span class='ocrx_word' id='word_1_848' title='bbox 3735 5396 3971 5467; x_wconf 79' lang='grc' dir='ltr'>Θεογνω-</span> 
     </span>
    </p>
   </div>
   <div class='ocr_carea' id='block_1_116' title="bbox 2468 5740 2883 5811">
    <p class='ocr_par' dir='ltr' id='par_1_116' title="bbox 2468 5740 2883 5811">
     <span class='ocr_line' id='line_1_116' title="bbox 2468 5740 2883 5811; baseline -0.002 -15"><span class='ocrx_word' id='word_1_849' title='bbox 2468 5742 2547 5811; x_wconf 81' lang='grc'><strong>(5)</strong></span> <span class='ocrx_word' id='word_1_850' title='bbox 2573 5740 2696 5798; x_wconf 86' lang='lat' dir='ltr'><strong>Sur.</strong></span> <span class='ocrx_word' id='word_1_851' title='bbox 2729 5741 2797 5810; x_wconf 83' lang='grc' dir='ltr'>Χ,</span> <span class='ocrx_word' id='word_1_852' title='bbox 2832 5743 2883 5796; x_wconf 86' lang='grc'><strong>5.</strong></span> 
     </span>
    </p>
   </div>
  </div>
