4168 6450
245 414 353 477 753

1409 422 1837 483 REFUTATIO
1862 400 2343 485 MOIIAMEDIS.

3376 430 3479 491 751

242 526 335 578 σία
385 528 716 597 τρανοτέρα,
753 530 845 581 καὶ
898 531 928 599 ἡ
983 530 1227 585 πολιτεία
1282 533 1644 605 ἀκριϐεστέρα
1678 533 1781 587 καθ

1912 533 2056 602 quod
2118 534 2359 602 antiquis
2392 532 2598 588 dictum
2627 532 2749 598 fuit,
2794 532 2876 591 Ne
2923 536 3177 592 occideris
3208 539 3289 607 '°;
3324 541 3477 598 nobis

236 621 437 689 ἔστηκε
460 635 477 651 ⁸
510 621 603 672 καὶ
630 622 787 687 δῆλον
808 623 865 674 ἐν
918 622 993 692 τῷ
1037 624 1265 687 ἐκείνοις
1299 626 1396 693 μὲν
1426 625 1700 693 λέγεσθαι,
1735 625 1807 694 μὴ

231 710 533 778 φονεῦσαι
560 728 573 740 ο
606 714 736 780 ἡμῖν
764 712 840 776 δὲ,
866 713 952 781 μὴ
985 714 1354 782 ὀργισθῆναι.

306 800 398 864 ξε’.
446 804 597 854 Ἐπεὶ
630 803 721 855 οὖν
777 806 1026 875 προκοπὴ
1061 806 1286 876 ἀληθινὴ
1337 807 1655 876 καθορᾶται,
1714 809 1807 861 ἐπὶ

236 896 333 963 μὲν
379 897 627 965 Ἀϐραὰμ
656 898 763 949 ἀπὸ
805 897 913 950 τῶν
956 898 1191 950 εἰδώλων
1227 896 1499 966 ἀγνωσίας
1544 898 1678 951 Θεοῦ
1715 901 1806 953 ἐπὶ

228 988 384 1057 Θεῴ·
424 988 517 1039 καὶ
573 989 783 1058 μάρτυς
813 990 842 1042 ὁ
879 988 991 1059 βίος
1038 989 1205 1043 αὐτοῦ
1230 1007 1244 1021 °
1280 992 1387 1044 ἀπὸ
1435 990 1684 1060 ’Δϐραάμ
1713 993 1805 1045 ἐπὶ

224 1081 320 1132 τὸν
349 1082 514 1149 νόμον
549 1082 801 1152 προκοπὴ
835 1082 1058 1153 ἀληθινή
1086 1100 1099 1115 ο
1140 1084 1232 1136 καὶ
1287 1081 1554 1154 μαρτῦρεί
1580 1086 1611 1154 ἡ
1640 1085 1803 1139 εὐτα-

227 1172 317 1235 ξία
343 1175 441 1241 τῆς
468 1174 790 1243 νομοθεσίας
814 1192 826 1203 ·
856 1176 963 1228 ἀπὸ
1014 1175 1069 1227 δὲ
1104 1175 1199 1228 τοῦ
1231 1177 1397 1245 νόμου
1432 1177 1525 1229 ἐπὶ
1550 1177 1641 1229 τὸν
1690 1178 1804 1231 Κύ-

224 1280 345 1333 ριον
374 1264 533 1334 ἡμῶν
583 1266 789 1335 Ἰησοῦν
843 1266 1079 1337 Χριστὸν
1110 1269 1362 1338 προκοπὴ
1394 1268 1624 1339 ἀληθινή
1655 1285 1668 1298 ο
1707 1269 1802 1322 καὶ

224 1356 497 1420 μαρτυρεῖ
534 1352 592 1404 τὸ
644 1354 871 1423 ἀκριϐὲς
919 1358 1017 1425 τῆς
1064 1357 1424 1427 εὐαγγελικῆς
1491 1359 1795 1421 πολιτείας’

219 1445 320 1495 οὐκ
352 1444 465 1522 ἐστι
516 1444 665 1510 ξένον
710 1449 824 1505 τοῖς
879 1446 1204 1517 ἀνθρώποις,
1236 1450 1318 1501 ὅτι
1371 1450 1717 1517 ἀπεκάλυψεν
1771 1452 1799 1503 ὁ

218 1536 352 1597 Θεὸς
380 1535 516 1605 πρὸς
553 1536 839 1606 ἄνθρωπον
872 1538 931 1605 ἐξ
986 1540 1167 1593 αὐτῶν
1202 1540 1295 1593 τοῦ
1322 1541 1797 1611 διαμαρτύρασθαι

218 1627 314 1676 καὶ
358 1625 813 1693 εὐαγγελίσασθαι
865 1632 976 1692 τοῖς
1007 1628 1351 1701 πιστεύουσιν
1403 1633 1485 1684 ὅτι
1516 1631 1629 1683 ἔστι
1666 1648 1797 1701 προ-

215 1717 363 1789 κοπὴ
393 1719 640 1789 ἀληθινή.
678 1720 917 1791 Εἴδωμεν
951 1720 1133 1773 λοιπὸν
1156 1722 1203 1774 εί
1223 1724 1312 1775 καὶ
1334 1724 1425 1776 ἐπὶ
1447 1724 1539 1776 τοῦ
1552 1725 1795 1794 Μωάμετ

212 1809 375 1862 τοῦτο
406 1812 625 1878 γεγονὸς
656 1811 883 1882 εὕρηται
904 1832 915 1843 ·
943 1814 1093 1866 δοκεί
1120 1816 1227 1885 γὰρ
1264 1816 1551 1884 σεμνύνειν
1578 1818 1670 1869 καὶ
1694 1817 1793 1887 τὴν

1912 635 2114 691 autem,
2150 627 2225 681 Ne
2250 627 2554 681 irascamini
2585 628 2652 683 ¹¹.

1980 802 2068 857 65.
2113 804 2312 859 Verum
2353 819 2480 873 ergo
2514 806 2910 860 incrementum
2960 806 3340 876 conspicitur;
3379 808 3480 863 sub

1910 893 2223 949 Abrahamo
2251 895 2469 965 quidem
2513 896 2580 950 ad
2633 896 2979 950 idololatrica
3007 900 3223 953 inscitia
3266 899 3379 965 Dei,
3415 901 3483 954 ad

1908 980 2076 1036 Deum
2110 984 2327 1053 ipsum;
2360 984 2520 1052 cujus
2545 985 2619 1037 rei
2643 985 2796 1039 testis
2831 985 2938 1038 vita
2968 985 3160 1053 ipsius.
3194 988 3275 1041 Ab
3307 989 3483 1043 Abra-

1907 1074 2070 1130 hamo
2107 1076 2174 1130 ad
2221 1077 2393 1145 legem
2456 1076 2851 1131 incrementum
2908 1092 3121 1143 verum,
3160 1094 3324 1147 quam
3366 1096 3482 1135 rem

1907 1173 2136 1219 testatur
2161 1167 2519 1235 legislationis
2541 1177 2688 1221 recta
2721 1168 3014 1223 ordinatio.
3034 1169 3079 1221 A
3108 1169 3223 1240 lege
3244 1169 3481 1239 denique

1904 1256 1970 1311 ad
1999 1257 2287 1311 Dominum
2350 1267 2597 1314 nostrum
2631 1256 2817 1312 Jesum
2852 1258 3128 1313 Christum
3173 1261 3482 1316 incremen-

1907 1356 2018 1402 tum
2050 1364 2258 1415 vernm,
2287 1360 2447 1419 prout
2475 1352 2893 1407 demonstratur
2922 1368 2951 1405 a
2977 1351 3216 1421 perfecto
3248 1368 3483 1425 evange-

1904 1439 2020 1495 lica:
2082 1441 2206 1495 vitae
2260 1456 2474 1515 genere.
2528 1442 2644 1498 Non
2697 1454 2780 1498 est
2811 1458 2939 1513 ergo
2969 1459 3171 1497 novum
3203 1445 3345 1498 inter-
3382 1445 3479 1498 ho-

1901 1532 2098 1595 mines,
2132 1531 2277 1601 quod
2306 1532 2449 1588 Deus
2487 1534 2686 1588 revolet
2713 1535 2874 1589 alicui
2907 1550 2973 1588 ex
3008 1549 3200 1590 eorum
3228 1550 3477 1601 numero,

1901 1634 1960 1679 ut
2000 1635 2234 1678 testetur
2292 1635 2458 1695 atque
2504 1626 2840 1696 evangelizet
2892 1628 3240 1683 credentibus
3291 1642 3481 1683 verum

1901 1716 2016 1770 ﬁeri
2039 1716 2454 1771 incrementum.
2489 1717 2749 1788 Superest
2775 1718 3135 1774 utvidcamus
3164 1731 3345 1773 utrum
3376 1720 3481 1774 sub

1902 1806 2222 1863 Mohamede
2277 1808 2330 1863 id
2383 1809 2679 1879 contigisse
2731 1809 3122 1880 eomperiatur.
3189 1810 3400 1865 Etenim
3437 1813 3483 1867 is

226 1875 833 1971 Ἀϐραάμ-πίστινίκαὶ
862 1904 951 1957 τὸν
980 1875 1163 1974 νόμον,
1197 1875 1300 1960 ’καὶ
1329 1875 1403 1959 ’τὸ
1434 1875 1788 1976 Εὑαγγέλιον·

1900 1900 2146 1954 venerari
2195 1900 2409 1956 videtur
2466 1875 2766 1956 Ab'rahami
2827 1875 3007 1969 tidem,
3060 1912 3114 1958 et
3170 1903 3366 1974 legem,
3424 1907 3481 1960 et

211 1994 310 2044 xu‘:
330 1993 427 2044 τὸν
456 1994 553 2062 μὲν
594 1995 844 2066 Ἀϐραὰμ
870 1995 964 2049 καὶ
994 1997 1084 2050 τὸν
1111 1998 1296 2067 νόμον,
1327 1998 1489 2061 αὐτὸς
1521 2001 1620 2053 οὐκ
1649 2000 1795 2069 ὸφεί-
1820 2030 1823 2037 ι

209 2083 293 2135 λει
327 2085 697 2154 παραυξῆσαι,
737 2087 797 2139 τὸ
847 2087 1030 2157 μέντοι
1063 2090 1393 2159 Εὐαγγέλιον
1438 2092 1496 2156 ἐξ
1526 2092 1791 2162 ἀνάγκης.

219 2176 682 2247 Ἐπισκεψώμεθα
712 2174 806 2232 οῦν
847 2180 968 2233 τίνα
993 2181 1100 2234 τῶν
1155 2181 1384 2235 ἐντολῶν
1414 2183 1505 2236 τοῦ
1552 2182 1793 2252 Χριστοῦ

206 2268 520 2337 ἐπηύξησεν
541 2288 554 2301 ·
592 2267 703 2340 ἆρά
733 2288 796 2339 γε
830 2272 899 2325 τὰ
924 2274 1053 2343 περὶ
1098 2275 1197 2344 τῆς
1224 2276 1647 2346 ἀκτημοσύνης;
1685 2271 1795 2347 ἇρά

205 2378 269 2427 γε
306 2362 373 2413 τά
408 2366 536 2432 περὶ
566 2364 955 2436 σωφροσύνης;
986 2362 1094 2436 ἆρά
1118 2384 1181 2434 γε
1208 2368 1275 2421 τὰ
1298 2368 1426 2439 περὶ
1461 2369 1789 2439 ἀοργησίας;

204 2452 325 2505 ἀλλ’
344 2456 497 2508 οὐδὲν
525 2455 729 2511 τούτων
758 2458 891 2529 παρ’
920 2460 1082 2513 αὐτοῦ
1108 2460 1407 2531 καθορᾶται
1431 2473 1445 2488 ⁶
1473 2461 1671 2531 μᾶλλον
1694 2463 1793 2530 μὲν

202 2543 299 2599 οὖν
356 2548 451 2601 καὶ
502 2549 801 2603 ἀπεναντία
850 2551 1060 2615 τούτοις
1117 2555 1281 2604 πᾶσιν
1338 2553 1545 2623 ἔγραψέ
1594 2571 1651 2607 τε
1697 2555 1792 2607 καὶ

203 2638 401 2708 ἔδρασε
421 2655 437 2670 ο
466 2639 708 2694 λείπεται
738 2642 846 2711 ἀρα
875 2645 1076 2696 ἐννοεῖν
1104 2643 1164 2707 ἐξ
1192 2643 1435 2716 ἀνάγκης
1460 2644 1535 2715 μὴ
1563 2646 1627 2699 ὲκ
1655 2645 1790 2699 Θεοῦ

204 2731 370 2782 αὑτὸν
415 2732 906 2803 ἀποκαλυφθῆναι*
965 2735 999 2803 ἥ
1032 2734 1108 2798 ὡς
1161 2736 1235 2806 μὴ
1280 2735 1793 2808 διαμαρτυράμενον

202 2823 317 2884 τοῖς
372 2822 717 2893 ἀνθρώποις,
778 2825 913 2894 μηδὲ
974 2826 1476 2898 εὐαγγελισάμενον
1530 2832 1642 2889 τοίς
1702 2846 1793 2881 πι-

204 2914 460 2967 στεύουσι
486 2920 769 2986 προκοπὴν
799 2916 1081 2988 ἀληθινὴν,
1111 2919 1224 2971 ἀλλ’
1255 2920 1622 2990 ἀναστροφὴν,
1665 2922 1795 2990 μᾶλ-

199 3006 291 3059 λον
314 3007 375 3059 δὲ
416 3008 802 3080 καταστροφὴν
833 3011 928 3063 καὶ
976 3010 1286 3065 ἀπώλειαν·
1343 3013 1452 3065 ίδοὺ
1500 3012 1563 3081 δὴ
1595 3013 1685 3065 τὸν
1712 3015 1790 3066 ol-

200 3100 351 3151 κεῖον
387 3099 556 3153 αὑτοῦ
606 3100 782 3169 λόγον,
836 3101 1097 3171 γνώμονα
1139 3104 1234 3157 καὶ
1280 3104 1480 3157 κανόνα
1512 3105 1789 3169 λαϐόντες,

1896 1989 2266 2063 Evangelium.
2296 1991 2363 2048 Ει
2406 1992 2780 2047 Abrahamum
2812 1994 3037 2063 quidem
3084 2002 3252 2064 atque
3308 1995 3479 2066 legem

1898 2082 1945 2138 is
1981 2098 2086 2137 non
2110 2084 2271 2139 debet
2301 2099 2498 2154 augere
2526 2102 2540 2151 ;
2576 2085 2895 2140 necessarie
2919 2101 3048 2139 vero
3101 2086 3474 2155 Evangelium.

1852 2170 2216 2243 ’Spectemus
2273 2174 2479 2244 itaque,
2534 2175 2811 2245 quodnam
2846 2175 2913 2230 de
2962 2176 3165 2231 Christi
3204 2177 3478 2232 mandatis
3574 2217 3583 2241 ι

1892 2267 2137 2330 auxerit;
2174 2282 2302 2319 num
2365 2266 2495 2321 illud
2531 2268 2597 2321 de
2642 2283 2749 2322 non
2795 2268 3166 2339 possidendo?
3224 2284 3353 2322 num
3413 2269 3481 2325 de

1894 2358 2206 2430 pudicitia?
2248 2375 2377 2413 num
2411 2359 2479 2414 de
2511 2360 2980 2415 mansuetudine?
3006 2360 3171 2426 Atqui
3204 2360 3341 2414 nihil
3374 2361 3477 2414 ho-

1893 2466 2016 2505 rum
2073 2452 2214 2520 apud
2256 2451 2633 2506 Mohamedem
2683 2452 3061 2522 conspicitur;
3117 2454 3227 2506 imo
3294 2454 3477 2507 omnia

1897 2545 1985 2599 his
2014 2546 2289 2599 contraria
2349 2545 2571 2615 scripsit
2600 2546 2841 2616 egitque.
2879 2546 3171 2617 Reliquum
3218 2560 3348 2614 ergo
3371 2555 3476 2611 cst,

1896 2644 1955 2690 ut
1986 2637 2291 2692 necessario
2328 2646 2583 2707 putemus
2616 2638 2752 2691 nihil
2797 2653 2825 2691 a
2864 2637 2973 2692 Deo
3007 2638 3110 2706 ipsi
3137 2636 3474 2704 revelatum;

1897 2726 1990 2782 sed
2031 2742 2205 2796 neque
2261 2726 2581 2783 hominibus
2618 2728 2923 2797 quidquam
2959 2737 3240 2793 testatum,
3298 2743 3477 2797 neque

1894 2832 2083 2871 verum
2124 2818 2524 2873 incrementum
2549 2818 2900 2874 credentibus
2929 2820 3350 2889 evangelizasse,
3382 2820 3477 2874 sed

1894 2910 2307 2964 decrementum
2346 2910 2531 2978 potius
2566 2918 2620 2964 et
2671 2911 3087 2965 subversioncm
3139 2919 3302 2980 atque
3353 2910 3474 2963 exi-

1897 3000 2057 3057 tiuzn.
2090 3002 2228 3056 Ercc
2285 3002 2428 3057 enim
2464 3003 2687 3073 propria
2729 3005 2875 3059 illius
2907 3004 3073 3058 verba
3105 3019 3203 3059 ceu
3249 3018 3477 3074 gnomo-

1898 3106 2022 3145 nem
2079 3093 2431 3163 regulamque
2479 3095 2680 3157 secuti,
2737 3095 2913 3166 ipsum
2975 3110 3070 3165 per
3123 3096 3475 3166 semetipsum

198 3191 265 3243 δι’
326 3191 497 3244 αὐτοῦ
548 3191 710 3245 αὐτὸν
765 3193 1155 3263 ἀπηλέγξαμεν
1209 3194 1284 3265 μὴ
1340 3196 1791 3265 ἀποκαλυφθέντα

1897 3185 2254 3249 convicimus,
2285 3187 2490 3242 nullam
2520 3204 2549 3241 a
2580 3188 2690 3243 Deo
2748 3188 3137 3243 revelationem
3174 3189 3471 3258 accepisse.

199 3284 354 3351 παρὰ
390 3281 528 3335 Θεοῦ
551 3299 563 3313 ·
594 3284 711 3336 ἀλλ’
736 3285 813 3347 ὼς
838 3286 999 3347 αὐτὸς
1022 3286 1121 3355 μὲν
1147 3286 1276 3357 ἔφη,
1308 3290 1600 3359 φαρμακδς
1628 3291 1787 3356 ἔστω,

197 3373 246 3423 εἰ
280 3371 534 3441 βούλοιτο
560 3389 574 3402 ·
608 3372 750 3443 πλήν
780 3391 843 3442 γε
896 3374 1081 3429 θεόθεν
1107 3376 1260 3430 οὐδὲν
1284 3378 1445 3431 ἔλαϐε
1473 3395 1485 3407 ·
1513 3379 1705 3433 τούτου
1733 3380 1791 3432 δὲ

196 3462 475 3528 ἐκπεσὼν,
502 3462 623 3517 ὅποι
651 3463 715 3535 δὴ
771 3465 865 3518 καὶ
919 3464 1226 3532 τετάξεται,
1275 3468 1377 3521 οὐκ
1406 3469 1603 3539 ἄδηλον
1627 3486 1639 3499 ·
1695 3472 1791 3525 καὶ

196 3553 493 3622 ἀληθεύσει
533 3555 561 3607 ὁ
590 3555 851 3626 εἰρηκὼς,
896 3557 1235 3612 Πεσοῦνται
1261 3558 1331 3611 ἐν
1356 3560 1790 3630 ἀμφιϐλήστρῳ

195 3643 401 3697 αὐτῶν
447 3646 502 3698 οι
531 3646 897 3714 ἁμαρτωλοί·
947 3646 1158 3702 τούτων
1213 3648 1377 3703 αὑτοῦ
1407 3650 1515 3704 τῶν
1549 3653 1790 3721 ἀφαυρο-

193 3738 375 3790 τάτων
411 3736 628 3804 λογίων,
664 3736 744 3790 ἔτι
775 3736 1080 3809 σαθρότερα
1117 3738 1366 3808 ρησείδια
1398 3739 1785 3810 ὑποτιθέμενα,

194 3827 281 3881 διὰ
309 3828 416 3899 τὴν
446 3828 683 3897 παντελῆ
739 3827 1013 3898 χαύνωσιν
1064 3831 1161 3883 καὶ
1204 3830 1514 3902 ἀδράνειαν,
1566 3830 1787 3899 εὔλογον

195 3922 451 3991 παριδεῖν
480 3920 778 3991 ἐκρίναμεν
803 3937 817 3951 °
845 3923 1063 3991 φύσεως
1103 3922 1202 3992 μὲν
1233 3923 1341 3993 γὰρ
1380 3922 1455 3993 τῷ
1492 3923 1605 3977 ὄντι
1628 3940 1787 3994 πονη-

198 4016 294 4082 ρᾶς
324 4014 427 4066 καὶ
468 4013 793 4079 πλυλάλου,
830 4016 1031 4086 μᾶλλον
1075 4015 1132 4069 δὲ
1168 4015 1410 4086 φλυάρου
1470 4016 1566 4069 καὶ
1616 4033 1786 4084 γραο-

196 4102 448 4172 πρεποῦς
503 4104 800 4175 ἐτύγχανεν
825 4120 838 4134 '
888 4106 967 4157 ἐτι
1005 4104 1063 4158 δὲ
1096 4108 1190 4159 καὶ
1218 4105 1402 4175 δειλῆς
1443 4107 1538 4159 καὶ
1566 4108 1785 4177 ὀργίλου

194 4198 287 4249 καὶ
315 4193 559 4248 ὑπούλου
591 4196 685 4250 καὶ
740 4196 1189 4269 μεγαλορήμονος
1214 4214 1228 4230 ·
1276 4197 1372 4252 καὶ
1404 4199 1504 4252 οὐκ
1552 4195 1649 4253 οἵδ’
1676 4201 1704 4254 ὃ
1732 4218 1785 4254 τι

196 4288 366 4340 κακὸν
420 4287 642 4341 ἐνέλιπε
690 4288 769 4359 τῷ
820 4288 1053 4360 διαϐόλῳ
1092 4290 1231 4360 ὅπερ
1266 4290 1414 4360 αὺτῷ
1444 4291 1503 4343 οὐ
1537 4293 1777 4362 προσῆν·

194 4377 359 4447 ὀρθῆς
386 4377 447 4431 δὲ
475 4378 711 4447 κρίσεως
748 4379 844 4433 καὶ
876 4378 1113 4443 διανοίας
1142 4380 1403 4450 εὑστόχου
1437 4384 1785 4435 παντάπασιν

195 4472 422 4541 ἄμοιρος
446 4469 615 4523 αὐτοῦ
646 4471 675 4522 ὁ
703 4472 811 4534 πᾶς
832 4470 989 4539 λόγος
1012 4471 1273 4540 τυγχάνει
1298 4488 1313 4502 ο
1341 4472 1419 4525 διὸ
1452 4473 1616 4527 αὐτὸν
1642 4490 1783 4543 παρ-

1898 3277 2025 3343 Sed,
2059 3287 2117 3333 ut
2153 3278 2382 3348 ipsemet
2415 3280 2576 3345 dixit,
2610 3291 2728 3336 esto
2761 3282 2966 3351 utique,
3008 3282 3052 3336 si
3086 3281 3225 3346 vult,
3258 3297 3474 3351 magns,

1894 3372 1989 3426 sed
2052 3382 2199 3428 certe
2252 3372 2503 3427 divinum
2562 3373 2697 3427 nihil
2738 3375 2967 3444 accepit.
3032 3375 3115 3427 Ab
3150 3374 3254 3428 hoc
3297 3374 3470 3443 gradu

1893 3464 2164 3529 deiectus,
2194 3466 2418 3520 ubinam
2451 3467 2524 3521 sit
2554 3466 2929 3535 reponendus,
2963 3474 3110 3536 patet
3138 3481 3151 3518 :
3197 3481 3477 3535 veraxque

1890 3556 1996 3611 erit
2054 3557 2143 3611 ille
2199 3558 2294 3627 qui
2349 3557 2531 3613 dixit:
2573 3556 2817 3612 Incidenl
2867 3560 2922 3613 in
2962 3558 3279 3612 retiaculum
3321 3573 3477 3613 suum

1889 3654 2188 3715 peccatores
2221 3649 2290 3700 ".
2351 3645 2449 3703 His
2507 3646 2904 3703 inlirmissimis
2959 3648 3080 3718 ejus
3128 3648 3476 3703 sermonibus

1888 3739 2245 3794 marcidiores
2301 3739 2482 3794 adhuc
2536 3739 2902 3796 dictiunculas
2969 3740 3039 3795 ab
3114 3756 3180 3794 eo
3241 3738 3476 3809 subjun-

1888 3842 2023 3896 ctas,
2060 3842 2281 3902 propter
2325 3831 2641 3886 [utilitatem
2693 3832 2934 3903 ipsarum
2992 3841 3049 3887 et
3094 3832 3473 3896 inutilitatem,

1888 3924 2085 3979 merito
2165 3938 2197 3978 a
2265 3939 2354 3979 me
2420 3926 2750 3981 omittendas
2814 3924 3079 3995 iudicavi.
3144 3923 3269 3978 Fuit
3326 3924 3473 3977 enim

1888 4015 2233 4072 Mohamedes
2282 4017 2463 4072 indole
2510 4034 2700 4089 prava,
2748 4018 3003 4088 loquace,
3055 4016 3139 4070 vel
3172 4016 3352 4085 potius
3380 4030 3473 4069 vc-

1889 4107 2126 4162 tularum
2190 4123 2343 4164 more
2391 4124 2624 4180 nugace;
2676 4108 3029 4164 formidolosa
3078 4110 3322 4178 insuper,
3363 4107 3473 4161 ira-

1887 4199 2088 4261 cunda,
2172 4198 2455 4268 suspicace
2529 4206 2583 4254 et
2688 4208 2977 4267 arrogante
3029 4214 3042 4251 :
3094 4205 3258 4266 atque
3322 4198 3469 4251 haud

1887 4291 2004 4344 scio
2032 4304 2101 4343 an
2158 4290 2289 4359 quid
2334 4290 2487 4359 pravi
2525 4289 2746 4345 diabolo
2777 4290 2934 4353 resit,
2979 4305 3087 4358 quo
3122 4288 3470 4344 Mohamedes

1885 4379 2141 4435 caruerit.
2206 4381 2376 4436 Recto
2436 4388 2616 4435 autem
2661 4380 2870 4449 judicio
2934 4395 2998 4434 ac
3058 4379 3243 4433 solerti
3292 4390 3471 4434 mente

1889 4471 2069 4527 omnis
2097 4471 2214 4541 eius
2252 4486 2436 4527 sermo
2467 4487 2692 4541 prorsus
2720 4480 2804 4526 est
2848 4485 3061 4540 expers.
3099 4469 3468 4536 Quamobrem

195 4564 402 4632 ήσομεν
458 4565 518 4616 ὲν
542 4562 753 4626 τούτοις
784 4561 1179 4634 ἀδολεσχοῦντα
1204 4563 1509 4620 καταλῦσαι
1535 4565 1626 4619 τὸν
1651 4566 1787 4637 φλήο

1895 4563 2071 4632 ipsum
2111 4562 2357 4618 sinemus
2390 4576 2512 4617 cum
2543 4561 2629 4617 his
2654 4559 3217 4633 joeularibus_l‘abulae
3237 4576 3350 4617 sua:
3374 4576 3469 4616 co-

196 4671 386 4723 ναφον.

734 4746 1173 4801 ΕΛΕΓΚΤΙΚΟΣ
1210 4745 1268 4802 ι’.

264 4838 373 4903 ξς’.
413 4838 477 4891 '(l
500 4836 729 4901 δέκατος
759 4836 928 4907 μῦθος
954 4836 1034 4908 τῷ
1060 4837 1330 4909 Μωάμετ,
1369 4840 1563 4910 Λόγος
1603 4840 1784 4909 Χοῦδ,

199 4930 610 4999 ἐπιγέγραπται
635 4927 734 4997 (6),
771 4928 868 4981 καὶ
895 4928 955 4981 τὸ
982 4928 1269 5000 προοίμιον
1300 4933 1624 5001 καυχήσεως
1684 4951 1780 4986 πε-

200 5022 483 5092 πλήρωται
519 5019 758 5089 κομψῆς,
812 5020 914 5085 ὅτι,
957 5019 1146 5091 φησὶν,
1215 5019 1320 5073 ὑπὸ
1378 5021 1543 5091 σοφοῦ
1589 5023 1782 5094 ἀνδρὸς

199 5111 459 5181 ἑσοφίσθη
486 5109 582 5163 καὶ
603 5109 823 5180 ἐστίχθη
850 5108 946 5163 καὶ
972 5109 1217 5192 διεκρίθη
1253 5127 1266 5140 ·
1296 5111 1433 5175 τέως
1470 5095 1655 5182 μέντοι
1681 5114 1779 5184 τῆς

200 5202 344 5273 παρά
356 5199 668 5271 ἀνθρώπων
684 5198 933 5269 γνώσεως
951 5200 1139 5271 ἐπιδεῆ
1154 5201 1406 5284 ὁμολογεί
1420 5203 1520 5272 τὴν
1534 5202 1628 5256 τοῦ
1645 5203 1781 5256 Θεοῦ

202 5294 359 5347 αὐτοῦ
391 5293 629 5364 Γραφήν
662 5308 676 5321 ’
706 5293 936 5362 ἄρχεται
966 5292 1023 5346 δὲ
1060 5291 1221 5346 πάλιν
1239 5292 1638 5365 καταπλήττειν
1659 5297 1784 5359 τοὺς

204 5380 549 5453 βαρϐάρους,
582 5382 664 5434 ὅτι
696 5380 761 5451 δὴ
782 5381 918 5435 Θεοῦ
950 5384 1090 5436 εἰσιν
1119 5382 1436 5453 νομοθεσίαι
1464 5385 1533 5439 τά
1560 5385 1785 5439 τοιαῦτα

204 5474 422 5544 παίγνια
442 5490 456 5503 ·
494 5473 593 5527 καὶ
619 5473 915 5543 καταφοϐεἰ
934 5475 1150 5543 αὐτοὺς,
1172 5476 1219 5528 εί
1246 5474 1323 5547 μὴ
1352 5475 1641 5545 πείθοιντο,
1674 5479 1783 5532 ἀπό

270 5652 317 5685 ⁸⁸
341 5651 527 5709 Exod.
562 5667 653 5718 xx,
686 5650 769 5707 l5.
845 5651 890 5683 ¹¹
932 5650 1123 5707 Matth.
1155 5667 1209 5719 v,
1238 5650 1330 5706 2‘2.

278 5832 353 5900 (li)
374 5831 508 5887 Sur.
538 5829 633 5899 XI,
664 5830 721 5899 Ξ,
752 5831 807 5899 -ι,
836 5831 1035 5901 26,40,
1076 5832 1167 5897 4‘2,
1198 5830 1287 5887 49.

1888 4652 2137 4708 ronidem
2171 4653 2241 4707 im
2251 4668 2474 4723 ponere.

2399 4741 2844 4800 CONFUTATIO
2884 4741 2953 4796 Χ.

1957 4836 2047 4891 66.
2080 4836 2298 4892 Decima
2328 4852 2357 4893 a
2385 4834 2705 4891 Mohamede
2728 4834 2909 4889 fabula
2940 4835 3254 4891 inscribitur
3280 4834 3465 4889 Sermo

1885 4929 2074 4985 Claudi.
2107 4931 2439 4986 Prooemium
2466 4930 2680 5001 egregia
2704 4928 3030 4999 gloriatione
3048 4928 3311 4993 abundat,
3337 4928 3465 4997 quia

1886 5022 2017 5076 dicit
2057 5022 2199 5077 hunc
2230 5038 2541 5079 sermonem
2575 5037 2607 5076 a
2638 5021 2884 5090 sapiente
2912 5021 3029 5074 viro
3062 5022 3338 5089 sapienter
3355 5020 3469 5072 ela-

1889 5114 2166 5180 boratum,
2202 5113 2642 5185 dispositumque
2668 5112 2912 5184 periodis
2938 5122 2991 5168 et
3011 5113 3352 5168 distinctum.
3388 5111 3469 5164 ln-

1890 5209 2047 5261 terim
2103 5223 2234 5263 sane
2263 5208 2502 5262 humana
2530 5207 2726 5277 peritia
2758 5216 3006 5279 egentem
3048 5205 3340 5260 conﬁtetur
3372 5203 3465 5258 Dei

1894 5298 2066 5368 ipsius
2121 5297 2483 5368 Scripturam.
2534 5297 2745 5351 Rursus
2786 5307 2968 5352 autem
3007 5294 3493 5382 ineipittimorcm'

1891 5387 2141 5443 barbaris
2195 5388 2463 5453 incutere,
2504 5387 2650 5457 quod
2708 5387 2805 5443 Dei
2849 5388 2995 5459 leges
3050 5386 3179 5452 sint,
3220 5385 3335 5439 haec
3370 5398 3465 5437 sua

1902 5479 2114 5536 ludicra
2148 5499 2166 5537 :
2204 5482 2523 5550 territatque
2555 5481 2702 5549 illos,
2757 5480 2863 5538 nisi
2893 5477 3256 5546 crediderint,
3286 5475 3468 5532 futura

1513 5656 1558 5687 ²⁹
1579 5654 1725 5713 Psal.
1756 5671 1878 5725 cu,
1914 5654 2001 5711 l0.
