4168 6450
708 433 817 497 ’155

1950 413 2243 475 ΝῙΟΕΤᾹΞ
2275 411 2680 474 BYZANTINI

3842 415 3951 477 756

704 541 1012 612 punitione,
1032 538 1162 591 etiis
1182 550 1301 605 qua:
1318 544 1513 605 prmler
1532 530 1990 602 exspectationem
2018 530 2270 586 accidunt

2402 546 2432 581 ἐ
2462 529 2557 597 τῆς
2591 526 2888 597 μελλούσης
2922 527 3213 593 κολάσεως,
3253 528 3362 582 ἀπό
3386 546 3442 583 τε
3471 529 3578 582 τῶν
3629 528 3951 600 συμϐαινόν-

708 636 961 688 humanze
994 631 1117 683 vitae
1147 628 1437 682 molestiis.
1462 622 1595 677 Nam
1627 623 1673 678 si
1703 620 1855 692 quid,
1892 620 2088 689 inquit,
2117 618 2274 672 vobis

705 729 920 782 eveniet
973 734 1111 777 terra
1146 722 1375 786 marive,
1400 720 1449 772 id
1484 717 1671 785 utique
1696 723 1915 785 propter
1950 723 2185 767 vestram
2219 713 2271 764 in

705 820 796 874 his
842 816 1274 872 incredulitatem
1337 810 1639 883 patiemini.
1688 807 2026 874 Adducitque
2084 813 2273 857 testem

709 910 1031 981 prophetam
1062 908 1409 977 legatumque
1441 900 1572 966 Noe,
1603 900 1687 955 cui
1738 914 1863 952 cum
1891 911 2083 951 omnes
2116 895 2274 948 tidem

704 1003 1059 1070 denegarcnt.
1094 1012 1287 1052 omnes
1337 993 1613 1064 perierunt
1648 1009 1660 1045 :
1691 990 1910 1059 etquod
1941 1004 2081 1042 unus
2134 985 2277 1040 ﬁlio-

706 1109 828 1148 rum
866 1094 986 1162 ejus
1037 1088 1376 1152 incredulus,
1409 1086 1567 1156 aquis
1595 1082 1887 1139 suﬂocatus
1928 1079 2109 1141 fuerit,
2147 1092 2279 1131 sene

707 1192 988 1253 Spectante
1054 1200 1067 1235 :
1127 1191 1181 1236 et
1241 1179 1385 1249 quod
1446 1192 1511 1231 ex
1577 1186 1901 1243 unaquaque
1962 1167 2277 1224 animalium

711 1279 893 1347 specie
951 1276 1093 1329 haud
1129 1283 1335 1344 septem
1392 1286 1455 1327 ac
1485 1271 1595 1325 duo
1625 1267 1800 1338 paria,
1827 1265 1920 1320 sed
1954 1276 2121 1319 unum
2151 1270 2277 1314 tan-

708 1371 993 1425 tummodo
1045 1383 1144 1438 par
1191 1381 1375 1435 secum
1411 1362 1681 1418 detulerit.
1713 1357 1982 1427 Additque
2021 1364 2278 1421 tauquam

710 1464 895 1533 aliquo
941 1463 990 1517 ei
1026 1462 1304 1532 aspirante
1334 1478 1346 1513 :
1381 1457 1504 1512 Hmc
1535 1472 1600 1511 ex
1668 1452 1911 1508 historiis
1944 1456 2279 1503 remotorum

710 1559 804 1612 tibi
840 1566 967 1611 nota
1004 1556 1260 1616 facimus,
1292 1568 1413 1621 qua:
1464 1561 1518 1605 tu
1556 1549 1869 1620 ignorabas,
1935 1542 2282 1614 populusque

712 1664 837 1707 tuus
866 1661 988 1705 ante
1020 1651 1123 1704 hoc
1153 1657 1391 1717 tempus.
1450 1644 1589 1699 Ecce
1627 1653 1806 1697 autem
1845 1642 1960 1710 ipse
1984 1636 2278 1690 Mosaicam

713 1745 1051 1814 Scripturam
1112 1757 1170 1797 se
1204 1757 1311 1795 non
1348 1738 1546 1809 legisse
1572 1736 1895 1797 confitetur;
1930 1730 2282 1801 quandoqui-

708 1840 829 1891 dem
867 1838 1011 1891 illam
1046 1836 1185 1891 haud
1217 1844 1361 1889 recte
1393 1832 1607 1896 recitat,
1631 1829 1723 1884 sed
1758 1841 2013 1897 perverse
2037 1824 2282 1888 omnino,

709 1940 765 1986 cl
823 1932 929 1987 sibi
997 1928 1483 1985 contradicentem.
1547 1923 1686 1978 llinc
1748 1930 1989 1983 constat,
2026 1934 2149 1973 cum
2190 1916 2281 1987 qui

712 2027 860 2080 illam
892 2024 1176 2079 historiam
1213 2020 1455 2085 dictavit,
1479 2018 1622 2072 haud
1650 2030 1796 2071 nunc
1813 2029 1934 2067 cum
1967 2009 2287 2065 Mohamede

711 2119 885 2188 loqui.
944 2116 1046 2171 Sed
1110 2114 1225 2183 ejus
1276 2114 1457 2183 potius
1507 2111 1803 2180 δατήριοι-τε
1858 2103 2076 2160 falsatio
2109 2104 2189 2157 vel
2219 2102 2288 2155 ab

713 2210 932 2265 homine
984 2207 1283 2263 Manichmo
1333 2213 1470 2268 erat,
1507 2204 1587 2256 vel
1634 2218 1663 2257 a
1715 2201 1996 2264 daemone;
2028 2196 2109 2251 vel
2177 2196 2290 2265 ipse

712 2300 1062 2356 Mohamedes
1097 2298 1276 2353 dedita
1316 2310 1479 2366 opera
1536 2292 1849 2347 malitiosus
1880 2298 1982 2351 est,
2018 2287 2206 2341 volens
2232 2298 2290 2340 se

714 2408 880 2461 supra
940 2390 1179 2462 Moysem
1209 2389 1458 2443 evehere.
1485 2384 1755 2439 Prmterea
1772 2381 2056 2435 Zalcthum
2084 2376 2293 2431 inducit

715 2484 1062 2553 prophetam,
1122 2479 1293 2551 ignoti
1357 2477 1539 2548 populi
1570 2474 1928 2544 magistrum;
1978 2480 2031 2526 et
2065 2469 2209 2536 quod
2248 2469 2292 2521 is

718 2576 794 2631 illi
837 2574 1198 2637 mandaverit,
1230 2572 1529 2641 quominus
1556 2568 1767 2623 camelo
1797 2565 2012 2619 cuidam
2078 2560 2293 2614 [culinae

719 2677 981 2724 nocerent
1010 2668 1062 2720 in
1103 2665 1245 2735 agris
1274 2662 1515 2734 paseenti
1555 2670 1641 2715 τοι
1672 2661 1814 2729 q-:od
1848 2657 1924 2711 illi
1960 2652 2291 2724 immorigeri

723 2762 869 2816 illam
940 2758 1264 2818 occiderint,
1329 2756 1559 2823 ideoque
1622 2750 1802 2806 traditi
1879 2749 1990 2803 sint
2074 2754 2295 2816 propter

722 2855 997 2910 canit-lum
1026 2854 1118 2906 irae
1148 2851 1239 2905 Dei
1268 2850 1323 2904 in
1359 2845 1790 2902 habitationibus
1818 2842 1934 2897 suis
1993 2838 2292 2899 maledicti,

721 2947 815 3018 qui
865 2956 918 3001 et
951 2958 1221 3013 nusquam
1274 2939 1647 3011 apparuerint.
1705 2932 1973 2988 Terribile
2005 2946 2031 2985 a
2060 2928 2296 2984 barbaro

722 3036 1027 3106 exemplum
1059 3034 1261 3102 ubique
1291 3031 1649 3102 proponitur;
1682 3027 1775 3081 sed
1795 3034 1973 3079 tamen
2002 3023 2078 3077 rei
2098 3021 2298 3076 veritas

723 3128 873 3184 nulla
908 3134 1149 3199 apparet.
1188 3122 1452 3176 Memorat
1475 3119 1637 3172 etiam
1668 3114 1964 3171 Abrahami
1996 3113 2048 3166 in
2072 3109 2300 3165 meridie

724 3220 1018 3281 visionem,
1097 3216 1335 3282 itemque
1386 3210 1627 3271 Lotum;
1690 3214 2063 3261 verumtamen
2114 3200 2296 3255 omnia

2375 638 2483 673 των
2512 620 2660 691 παρὰ
2685 619 3013 688 προσδοκίαν
3049 620 3291 691 ἀνιαρῶν
3341 624 3452 685 τοῖς
3506 621 3813 692 ἀνθρώποις
3843 639 3857 652 ⁸
3903 624 3958 675 εῐ

2374 730 2425 763 τι
2450 714 2494 765 δ’
2526 713 2590 765 ἂν
2618 712 2748 782 γὰρ,
2781 713 2935 781 φησὶ,
2982 713 3253 784 συμϐαίνῃ
3288 713 3440 782 ὑμῖν,
3476 715 3529 767 εῖ
3553 732 3613 768 τε
3637 716 3695 767 ἐν
3720 718 3792 783 γῇ
3839 714 3952 767 εἴτε

2377 805 2435 854 ἐν
2472 804 2736 874 θαλάσσῃ,
2765 802 2854 857 διά
2879 804 2976 873 τὴν
3008 804 3135 874 περὶ
3167 805 3340 858 ταῦτα
3369 805 3627 859 ἀπιστίαν
3655 804 3911 857 πείσεσθε
3936 820 3951 833 ’

2378 899 2471 949 καὶ
2502 898 2736 967 παράγει
2766 898 2845 960 εἰς
2873 898 3179 967 μαρτυρίαν
3206 899 3492 970 προφήτην
3516 900 3610 951 καὶ
3653 898 3955 952 ἀπόστολον

2379 991 2640 1057 γεγονότα
2667 990 2758 1043 τὸν
2796 989 2918 1043 Νῶε
2943 1007 2955 1020 ·
2993 990 3088 1044 καὶ
3139 991 3219 1043 δτι
3273 992 3492 1045 πάντων
3537 992 3955 1062 ἀρνησαμένων,

2379 1084 2428 1135 cl
2457 1083 2656 1147 πάντες
2677 1081 2957 1136 ἀπώλοντο
2988 1102 3002 1115 ·
3028 1086 3123 1137 καὶ
3153 1085 3234 1138 ὅτι
3262 1080 3341 1149 εἷς
3375 1085 3485 1139 τῶν
3514 1085 3676 1139 αὑτοῦ
3707 1085 3842 1136 υἱῶν
3882 1086 3958 1155 μὴ

2382 1174 2678 1239 πιστεύσας
2704 1176 2978 1247 ἀπεπνίγη
3002 1177 3234 1249 ὁρῶντος
3255 1177 3348 1232 τοῦ
3377 1179 3633 1250 γέροντος
3664 1194 3677 1206 ·
3716 1179 3811 1231 καὶ
3876 1178 3959 1230 ὅτι

2383 1268 2440 1333 ἐξ
2487 1268 2719 1322 ἐκάστου
2758 1270 2931 1331 εῖδους
2989 1269 3166 1335 ζώων,
3213 1271 3309 1340 οὐχ
3338 1271 3477 1324 ἐτττά
3505 1272 3598 1323 καὶ
3639 1268 3733 1321 δύο
3762 1267 3962 1336 ζυγάς,

2384 1358 2499 1411 ἀλλ’
2532 1357 2635 1410 ἀνὰ
2668 1358 2795 1429 μίαν
2838 1359 3005 1429 μόνην
3051 1360 3220 1431 ζυγὴν
3243 1361 3359 1431 μετ’
3383 1360 3549 1413 αὑτοῦ
3589 1358 3747 1412 ἔλαϐε
3783 1375 3796 1389 ·
3867 1357 3967 1409 καὶ

2386 1450 2740 1521 προστίθησιν
2769 1450 2845 1514 ὡς
2871 1453 2935 1505 ἐκ
2964 1450 3057 1505 τοῦ
3091 1452 3230 1523 πρὸς
3278 1453 3441 1505 αὑτὸν
3487 1451 3647 1521 δῆθεν
3700 1448 3970 1519 ἐμπνέον-

2384 1560 2495 1606 τος,
2525 1544 2606 1597 ὅτι
2648 1543 2742 1597 Ἐκ
2768 1544 2877 1596 τῶν
2910 1544 3221 1615 ἐξηγήσεων
3244 1544 3350 1601 τῶν
3372 1546 3617 1599 ἀπόντων
3650 1540 3971 1612 δηλοποιοῦο

2390 1653 2490 1706 μεν
2518 1636 2691 1691 ταῦτα
2717 1636 2851 1707 πρὸς
2885 1639 2975 1690 σέ*
3002 1639 3101 1691 οὐκ
3131 1634 3199 1709 ἧς
3230 1637 3519 1704 γινώσκων
3549 1636 3688 1690 αὐτὰ
3724 1636 3788 1687 σύ
3822 1652 3837 1666 ο
3870 1635 3970 1688 οὖ-

2387 1746 2445 1783 τε
2466 1731 2494 1783 ό
2518 1728 2645 1794 λαός
2676 1747 2769 1783 σου
2793 1729 2897 1801 πρό
2925 1730 3117 1785 τούτου
3139 1748 3152 1762 ·
3191 1731 3297 1784 ίδοὺ
3321 1731 3377 1783 δὲ
3408 1731 3573 1792 αὐτὸς
3619 1728 3749 1800 περὶ
3798 1728 3971 1781 αὑτοῦ

2388 1822 2640 1892 ὁμολογεῖ
2697 1823 2779 1876 ὃτι
2825 1823 2923 1892 τὴν
2958 1824 3259 1894 Μωσαῖκὴν
3316 1824 3541 1895 Γραφὴν
3577 1823 3679 1875 οὐκ
3730 1821 3973 1887 ἀνέγνω,

2321 1912 2361 1967 Β
2386 1913 2572 1982 ἐπειδὴ
2600 1912 2774 1982 αὐτὴν
2800 1914 2861 1967 οὐ
2892 1913 3156 1984 προφέρει
3183 1912 3381 1983 ὀρθῶς,
3418 1911 3555 1965 ἀλλά
3612 1911 3756 1963 πάνυ
3792 1908 3975 1961 ἐνδια-

2392 2006 2637 2075 στρόφως
2668 2005 2763 2058 καὶ
2788 2005 3180 2075 ἀκαταλλήλως
3229 2006 3363 2073 πρὸς
3391 2006 3592 2073 ἑαυτήν
3626 2020 3641 2034 -
3706 1999 3979 2070 πρόδηλον

2389 2100 2471 2151 ὅτι
2511 2098 2571 2151 οὐ
2602 2097 2696 2150 τοῦ
2718 2098 3193 2170 ύπαγορεύσαντος
3229 2098 3399 2160 αὑτήν
3426 2098 3575 2149 ἐστιν
3614 2097 3645 2163 ἡ
3688 2093 3821 2164 πρὸς
3878 2091 3981 2143 αὖ·

2391 2188 2482 2241 τὸν
2509 2189 2717 2259 ὁμιλία,
2744 2190 2839 2242 καὶ
2864 2192 2897 2261 ἡ
2925 2190 3025 2259 τῆς
3059 2189 3283 2261 Γραφῆς
3313 2188 3580 2252 νόθευσις,
3624 2185 3738 2239 ἀλλ’
3793 2185 3826 2254 ἦ
3863 2201 3976 2235 πα-

2393 2282 2462 2351 ρὰ
2480 2281 2673 2351 ἀνδρὸς
2697 2282 3025 2352 Μανιχαίου,
3067 2280 3099 2351 ἦ
3128 2281 3279 2352 παρά
3300 2280 3572 2349 δαίμονος,
3625 2278 3656 2349 ἦ
3690 2278 3829 2347 τάχα
3877 2278 3981 2329 καὶ

2392 2373 2673 2442 ἐθελοντὴς
2702 2376 3020 2447 κακουργεῖ,
3073 2373 3213 2443 ὑπὲρ
3257 2372 3498 2425 Μωῦσέα
3542 2369 3735 2423 ἐαυτὸν
3768 2368 3982 2436 ἐπᾶραι

2394 2465 2584 2519 θέλων.
2608 2465 2719 2517 Καὶ
2747 2464 2882 2535 πρὸς
2915 2465 3127 2527 τούτοις
3157 2465 3246 2517 τὸν
3273 2463 3441 2517 Ζάλεθ
3486 2464 3790 2531 εἰσηγεῖται
3836 2476 3982 2529 προ-

2396 2558 2575 2628 φήτην
2603 2558 2678 2625 ('7)
2705 2556 2801 2610 καλ⁵
2828 2556 3149 2608 διδάσκαλον
3186 2554 3316 2607 λαοῦ
3369 2552 3651 2622 ἀγνώστου
3682 2570 3696 2584 ·
3746 2553 3841 2605 καὶ
3896 2552 3987 2604 ὅτι

2393 2649 2725 2703 διεστείλατο
2756 2649 2935 2710 αὐτοῖς
2960 2646 3053 2700 τοῦ
3082 2647 3156 2717 μὴ
3200 2646 3401 2716 βλάψαι
3431 2645 3676 2714 κάμηλόν
3716 2661 3837 2697 τινα
3890 2660 3984 2694 νε-

2401 2738 2643 2809 μομένην
2697 2739 2756 2791 ἐν
2799 2737 3029 2807 ἀγροῖς·
3088 2737 3181 2788 καὶ
3234 2736 3317 2788 ὅτι
3357 2738 3552 2788 ἐκεῖνοι
3606 2732 3984 2803 παραϐάντες,

2398 2831 2691 2899 ἐφόνευσαν
2721 2829 2910 2899 αὐτὴν,
2930 2830 3023 2882 καὶ
3050 2825 3486 2895 κατελείφθησαν
3546 2824 3632 2877 διὰ
3663 2824 3761 2892 τὴν
3794 2822 3989 2891 κάμη-

2398 2924 2488 2977 λον
2513 2924 2570 2977 ἐν
2595 2923 2733 2995 ὀργῇ
2764 2920 2901 2975 Θεοῦ
2932 2922 3013 2984 είς
3060 2920 3158 2981 τάς
3184 2916 3356 2982 αύλάς
3414 2916 3594 2970 αὐτῶν
3639 2914 3988 2985 ἐξαρώμενοι

2396 3018 2471 3082 ὡς
2527 3017 2601 3087 μὴ
2666 3016 2973 3085 φανέντεςο
3034 3012 3266 3083 φοϐερὸν
3317 3007 3497 3064 τὸτοῦ
3538 3009 3815 3079 βαρϐάρου
3846 3006 3991 3059 61:6-

2400 3112 2601 3180 δειγμα
2632 3110 2690 3162 ἐν
2716 3108 2871 3169 πᾶσι,
2934 3105 3075 3177 πλὴν
3123 3104 3184 3158 τὸ
3244 3102 3439 3171 ἀληθὲς
3484 3101 3782 3172 πεφηνέναι
3818 3115 3833 3129 ·
3892 3098 3993 3166 μέ-

2406 3219 2605 3273 μνηται
2639 3201 2694 3255 δέ
2712 3200 2807 3255 καὶ
2835 3200 2933 3269 τῆς
2956 3198 3085 3268 περὶ
3107 3196 3200 3249 τὸν
3242 3193 3493 3265 Ἀϐραὰμ
3544 3191 3686 3245 κατά
3740 3190 3841 3259 τὴν
3888 3190 3993 3257 τῆς

733 3259 1018 3281 ..ο.ν..ν...,
1097 3259 1335 3282 .-.,...,,--
1386 3259 1578 3265 _--_---
1615 3259 1627 3271 ,
1736 3259 1749 3261 _
1799 3259 1809 3261 -

726 3311 1028 3379 corrumpit
1056 3318 1217 3377 atque
1242 3304 1544 3360 confundit.
1570 3300 1747 3356 Simul
1771 3309 1822 3354 et
1865 3299 2166 3352 immissam
2194 3292 2297 3348 So-

2406 3259 2757 3365 .pecinpdplag
2781 3259 3069 3353 ὀπτασίαν,
3097 3288 3191 3342 καὶ
3220 3286 3315 3341 τοῦ
3493 3300 3507 3313 ο
3540 3282 3635 3336 καὶ
3660 3279 3994 3351 παρασολοι-

726 3406 907 3461 domis
941 3405 1075 3459 iram
1104 3401 1275 3470 ponit,
1303 3407 1357 3453 et
1386 3394 1643 3468 incogniti
1667 3390 1949 3462 cujusdam
1978 3386 2160 3456 Soaipi
2186 3382 2302 3438 Ma-

727 3494 946 3548 dianitze
980 3489 1311 3545 mentionem
1351 3485 1497 3549 facit,
1548 3486 1593 3539 sl
1627 3483 1714 3537 hic
1752 3494 1991 3549 unquam
2028 3477 2168 3530 inter
2206 3474 2304 3527 ho-

728 3587 905 3639 mines
935 3583 1053 3637 fuit.
1071 3580 1178 3637 Res
1201 3593 1418 3650 quoque
1443 3574 1746 3631 Pharaonis
1771 3570 2008 3639 attingit,
2030 3566 2305 3635 nectitque

731 3681 798 3733 iis
815 3678 1035 3733 stultam
1054 3690 1210 3732 suam
1234 3669 1700 3744 praedicationem,
1723 3678 1892 3735 seque
1914 3662 2021 3717 illis
2041 3658 2303 3729 aequalem

731 3771 889 3839 facit;
922 3773 988 3827 Et
1020 3784 1193 3830 meos,
1212 3766 1408 3838 inquit,
1432 3776 1712 3820 sermones
1728 3757 2016 3814 admittite.
2039 3755 2212 3823 Atque
2233 3753 2307 3806 ita

735 3863 1088 3934 nugatorium
1138 3862 1245 3916 hoc
1297 3855 1594 3927 capitulum
1645 3850 1871 3908 claudit.
1911 3848 2135 3918 Oportet
2180 3860 2309 3901 vero

742 3968 1011 4012 summam
1038 3949 1256 4007 barbari
1307 3944 1739 4003 animadvertere
1792 3936 2307 3994 inconsiderantiam

736 4050 829 4119 qui
861 4056 969 4100 tam
997 4044 1165 4099 libere
1213 4052 1474 4111 personas
1520 4036 1758 4090 illustres
1778 4038 2063 4093 memorat,
2102 4037 2313 4084 contra-

738 4142 879 4195 rium
901 4148 1077 4191 tamen
1096 4134 1200 4188 illis
1215 4133 1337 4188 vitae
1350 4130 1657 4186 institutum
1683 4133 1941 4182 sectatur.
1958 4123 2095 4193 Ergo
2108 4121 2312 4175 alteru-

741 4243 882 4288 trmn
920 4238 1143 4300 peccat;
1176 4226 1257 4280 vel
1288 4224 1433 4279 cnim
1466 4237 1523 4277 se
1548 4218 2022 4291 praevaricatorem
2056 4227 2177 4268 esse
2204 4226 2312 4265 non

742 4321 1018 4391 intelligit,
1054 4319 1135 4373 vel
1172 4317 1221 4372 id
1254 4329 1447 4371 omnes
1501 4313 1672 4366 latere
1718 4307 1997 4363 existimat
2032 4322 2046 4358 :
2079 4317 2312 4373 quorum

742 4415 969 4468 alterum
996 4425 1225 4466 summa:
1253 4403 1545 4462 dementia:
1571 4410 1676 4467 est,
1704 4398 1939 4455 alterum
1969 4397 2210 4451 vesania:
2264 4404 2317 4449 et

745 4502 1114 4574 impudentia}.

1240 4670 1684 4733 CONFUTATIO
1728 4670 1820 4724 XI.

818 4780 907 4830 (S7.
955 4773 1251 4828 Undecima
1306 4786 1334 4823 a
1384 4764 1698 4822 Mobamcde
1752 4762 1930 4817 fabula
2008 4758 2323 4814 inscribitur

750 4869 981 4934 Juat'ph,‘
1011 4874 1196 4920 narrat
1228 4872 1407 4918 autem
1447 4875 1533 4914 res
1558 4857 1736 4927 pudici
1769 4854 1992 4924 Joscphi
2034 4854 2194 4907 mo-Jo
2216 4852 2321 4905 im-

753 4962 1012 5031 perfecte,
1056 4959 1221 5012 modo
1252 4954 1606 5023 interpolatas
1650 4961 1704 5005 et
1757 4956 2031 5009 extensas,
2073 4942 2322 5014 qumdam

752 5056 913 5111 etiam
950 5050 1177 5107 ridicula
1211 5058 1265 5102 et
1319 5045 1519 5115 turpia,
1563 5062 1581 5095 ι
1617 5053 1670 5098 et
1726 5040 1869 5111 quod
1906 5036 2105 5092 Rachel
2136 5036 2199 5090 ad
2230 5050 2324 5105 pe-

753 5148 848 5202 des
878 5147 997 5216 ejus
1050 5139 1404 5214 procubuerit
1477 5153 1601 5195 eum
1655 5134 1851 5189 israele
1883 5142 2034 5201 patre
2081 5129 2229 5184 illius
2270 5128 2325 5181 in

754 5240 1037 5310 ﬁ‘IgyptOJ
1074 5232 1237 5302 Atqui
1270 5230 1478 5296 Moyses
1511 5229 1641 5283 dicit
1662 5228 1833 5295 ipsam
1855 5232 2243 5293 prmmortuam
2273 5220 2325 5273 in

756 5341 910 5401 partu
934 5324 1253 5394 Benjamini.
1283 5324 1431 5378 Adeo
1464 5335 1677 5390 semper
1723 5316 1899 5372 studet
1945 5314 2186 5368 fallacem
2234 5312 2316 5365 de-

761 5433 1065 5478 monstrare
1090 5419 1269 5474 virum
1309 5417 1518 5472 visione
1546 5414 1639 5468 Dei
1674 5413 1934 5465 donatum
1974 5409 1986 5459 !
2022 5406 2327 5472 Additque:

765 5536 783 5567 ι
819 5519 991 5585 Atque
1045 5515 1161 5569 inec
1216 5528 1281 5567 ex
1329 5509 1570 5564 historiis
1613 5505 1961 5572 antiquorum
2028 5498 2119 5551 tibi
2183 5513 2331 5552 reve-

764 5607 939 5660 Iamus
969 5603 1216 5657 Arabicis
1244 5600 1463 5654 litteris.
1503 5616 1521 5649 ι
1580 5596 1742 5663 Atqui
1774 5592 1900 5646 alibi
1931 5588 2082 5649 dicit,
2117 5603 2175 5643 se
2214 5588 2331 5643 sine

765 5700 969 5767 sznipto
1001 5697 1101 5749 has
1134 5694 1361 5762 ineptias
1406 5705 1535 5746 suas
1567 5689 1851 5756 recepisse.
1886 5684 1974 5741 Est
2006 5690 2184 5740 autem
2214 5698 2331 5739 vcr-

844 5876 916 5947 t?)
942 5879 1060 5932 Set.
1104 5876 1187 5945 Χῖ,
1219 5878 1278 5931 6i
1347 5877 1429 5943 δῖ)Γ
1467 5878 1549 5935 ’ἔῖ⁸,
1596 5872 1657 5925 7'5
1692 5890 1783 5942 :C-‘i
1842 5870 1928 5933 ὃὸ,
1957 5872 2041 5923 ὶδδ.

2410 3385 2553 3450 κίζει
2616 3384 2795 3439 πάντα
2845 3382 2940 3436 καὶ
2989 3382 3225 3448 συγχεῖ·
3285 3379 3436 3445 ὅμως
3484 3373 3585 3445 τὴν
3628 3376 3720 3427 ἐπὶ
3775 3372 3989 3437 Σόδομα

2412 3476 2827 3548 κατενεχθεῖσαν
2858 3472 3030 3545 ὀργὴν
3061 3471 3280 3536 ἐξέθετο
3323 3486 3337 3501 ο
3372 3468 3536 3521 πάλιν
3568 3466 3625 3519 δὲ
3663 3462 3757 3518 τοῦ
3784 3461 3993 3529 ἀδήλου

2413 3568 2618 3637 Σωαὴπ
2664 3566 2938 3637 μέμνηται
2981 3562 3073 3615 τοῦ
3120 3558 3474 3617 Μαδιανίτου,
3520 3553 3572 3607 εἴ
3627 3570 3711 3615 τις
3748 3553 3853 3621 ἀρα
3890 3551 3994 3602 καὶ

2413 3659 2679 3729 ἐγεγόνει,
2715 3656 2941 3712 καὶτῶν
2981 3653 3073 3707 ἐπὶ
3094 3649 3293 3723 Φαραώ
3318 3667 3332 3682 ο
3364 3651 3456 3702 καὶ
3483 3645 3858 3701 ἐπισυνάπτει,
3899 3642 3999 3695 καὶ

2412 3754 2513 3825 τὴν
2546 3749 2713 3807 αὐτοῦ
2760 3745 3246 3821 ματαιοκηρυξίαν,
3291 3745 3371 3797 ὅτι
3411 3741 3562 3803 Ἐνός
3600 3756 3745 3800 τινος
3774 3735 3989 3789 τούτων

2418 3845 2554 3907 ῐσον,
2592 3845 2684 3896 καὶ
2720 3842 2847 3902 τοὺς
2883 3840 3050 3909 ἐμοὺς
3079 3833 3452 3908 παραδέξασθε
3494 3832 3685 3899 λόγους
3720 3846 3735 3860 ·
3792 3826 3891 3880 καὶ
3938 3827 4002 3877 ἐν

2415 3937 2629 3999 τούτοις
2657 3934 2748 3987 τδν
2773 3933 3051 4003 φλήναφον
3083 3928 3382 3997 ἐπετέμετο
3411 3941 3426 3955 ·
3465 3923 3687 3977 σκοπεῖν
3715 3920 3771 3973 δέ
3807 3919 3889 3971 δεῖ
3936 3917 4005 3970 τὸ

2417 4029 2510 4085 τοῦ
2545 4028 2821 4099 βαρϐάρου
2850 4024 3131 4092 ἀλόγιστον
3165 4023 3221 4073 ἐν
3242 4021 3355 4081 τοῖς
3374 4016 3635 4077 τοιούτοις
3662 4011 3825 4067 αὐτοῦ
3860 4011 4005 4063 ὐπο-

2418 4122 2731 4191 δείγμασιν,
2788 4118 2870 4170 ὅτι
2914 4116 3023 4168 τῶν
3056 4112 3152 4183 μέν
3181 4108 3407 4174 ἐνδόξων
3470 4104 3776 4178 προσώπων
3824 4101 4006 4164 ἀδεῶς

2422 4213 2847 4284 ἐμνημόνευσεν,
2877 4207 2975 4278 τὴν
3009 4205 3258 4261 ἐναντίαν
3286 4203 3343 4256 δὲ
3372 4202 3555 4262 αὐτοῖς
3609 4197 4005 4269 πορευόμενος,

2422 4309 2566 4361 δυοῖν
2595 4300 2823 4373 θάτερον
2861 4301 3131 4368 ἔπασχενο
3168 4298 3201 4366 ἢ
3253 4294 3359 4365 γὰρ
3394 4294 3454 4346 ού
3490 4290 3660 4344 συνίει
3706 4288 3866 4341 τοῦτο
3898 4303 4007 4337 πε-

2425 4398 2657 4462 πονθὼς,
2692 4399 2727 4465 ἣ
2754 4393 2937 4448 λαθεῖν
2969 4392 3185 4451 πάντως
3209 4389 3458 4456 ἐνόμισεν
3491 4401 3515 4428 ἠ
3547 4382 3662 4435 ἔστι
3694 4381 3749 4433 δὲ
3807 4379 3867 4430 τὺ
3903 4377 4007 4445 μὲν

2425 4488 2639 4560 πρῶτον
2686 4484 2872 4547 ἀνοίας
2922 4481 3129 4544 ἁπλῶς,
3190 4479 3251 4532 τὸ
3300 4477 3355 4530 δέ
3412 4475 3660 4540 δεύτερον
3702 4469 4010 4541 παρανοίας

2353 4611 2396 4668 D
2429 4583 2523 4637 καὶ
2544 4576 2961 4649 ἀναισχυντίας.

2912 4664 3350 4720 ΕΛΕΓΚἸΊΚΟΣ
3405 4658 3507 4716 1Λ’.

2490 4763 2587 4831 ξζθ.
2633 4762 2691 4815 Ὀ
2742 4759 3023 4819 ἑνδέκατος
3070 4755 3237 4825 μῦθος
3288 4752 3365 4822 τῷ
3414 4749 3661 4817 Βίωάξιετ
3706 4744 4013 4813 ἐπιγέγρα-

2422 4874 2553 4911 πται
2585 4855 2684 4925 μὲν
2710 4855 2812 4917 Είς
2831 4851 2938 4903 τὸν
2975 4847 3209 4915 Ἰωσὴφ,
3243 4846 3510 4913 διηγεῖται
3553 4842 3608 4894 δὲ
3638 4839 3706 4892 τά
3737 4839 3864 4906 περὶ
3910 4836 4012 4889 τοῧ

2424 4945 2698 5015 σώφρονος
2732 4939 2953 5009 Ἰωσὴφ,
2988 4937 3062 5006 πῆ
3094 4937 3190 5007 μὲν
3223 4933 3443 5001 ἐλλιπῆ,
3497 4931 3576 4999 πῆ
3624 4930 3680 4983 δὲ
3724 4926 4015 4997 παρεμϐε-

2429 5036 2674 5108 ϐλημένα
2702 5029 3141 5099 καῖέκτεταμένα
3162 5024 3525 5095 καὶγελοιώδη
3553 5022 3648 5075 καὶ
3675 5020 3876 5091 αἰσχρά
3906 5019 4011 5086 t8)-

2439 5150 2457 5184 ι
2502 5130 2611 5183 Καὶ
2641 5127 2742 5189 ὅτι,
2775 5124 2961 5193 φησὶν,
2995 5124 3028 5193 ὴ
3069 5119 3271 5189 Ῥαχὴλ
3293 5117 3487 5171 ἔπεσεν
3524 5116 3603 5178 εις
3653 5113 3780 5174 τοὺς
3830 5111 4013 5174 πόδας

2434 5220 2598 5276 αὐτοῦ
2622 5221 2721 5272 σὺν
2762 5213 2977 5286 Ἰσραὴλ
3004 5212 3083 5282 τῷ
3129 5210 3295 5280 πατρὶ
3346 5207 3512 5261 αὐτοῦ
3561 5208 3618 5258 ἐν
3660 5203 3947 5271 Αἰγύπτῳ.
3984 5220 4005 5250 ι

2436 5314 2694 5379 Καίτοιγε
2744 5312 2771 5361 ὁ
2807 5308 3043 5378 Μωῡσῆς
3098 5302 3523 5375 προτελευτῆσαι
3576 5297 3743 5367 αὐτὴν
3772 5294 3924 5361 λέγει
3956 5295 4018 5345 ἐν

2435 5405 2514 5475 τῷ
2541 5403 2685 5471 τόκῳ
2710 5398 2969 5468 Βενιαμίν
2993 5413 3007 5429 ·
3048 5395 3221 5457 οὕτως
3252 5393 3337 5445 ἀεὶ
3385 5389 3712 5459 ψευδόμενον
3768 5383 4016 5453 φιλονει-

2440 5498 2526 5550 κεῖ
2551 5494 2822 5547 δεικνύναι
2864 5491 2954 5542 τὸν
3010 5486 3245 5553 θεόπτην
3279 5501 3293 5515 ο
3339 5483 3433 5535 καὶ
3484 5478 3859 5549 προστίθησιν,
3928 5476 4013 5529 ὅτι

2435 5607 2452 5639 ι
2495 5585 2666 5639 Τοῦτο
2692 5586 2756 5635 ὲκ
2800 5581 2906 5635 τῶν
2948 5580 3255 5649 διηγήσεων
3290 5575 3397 5628 τῶν
3428 5574 3675 5627 ἀπόντων
3728 5565 4014 5625 ἀποκαλύ-

2430 5696 2637 5748 πτομεν
2654 5676 2823 5729 ταῦτα
2862 5673 2997 5743 πρὸς
3030 5674 3087 5725 σε
3115 5669 3204 5723 διὰ
3248 5664 3554 5739 ’Δραϐικῶν
3586 5660 3955 5733 γραμμάτων·
3985 5676 4010 5709 ι

2513 5862 2584 5926 t8)
2614 5861 2736 5915 Sun.
2782 5857 2897 5922 Xlt,
2940 5857 3055 5911 lt“).
