4168 6450
699 370 806 433 759

1962 366 2257 429 NICE'I‘zE
2291 365 2696 427 BYZANTINI

3847 355 3954 419 760

702 479 870 535 animi
905 477 1176 540 timorem,
1206 491 1271 530 ne
1302 475 1441 533 forte
1469 478 1517 532 ei
1546 476 1887 532 diseredatur
1907 516 1922 540 ,
1958 477 2094 530 satis
2160 476 2271 544 agit

2381 472 2624 542 ηὐλίσθη,
2651 472 2793 525 κατά
2818 473 2909 526 τὸν
2935 471 3273 542 Σολομῶντα,
3290 472 3347 524 ὲν
3369 469 3554 530 τόποις
3575 468 3666 530 οὓς
3696 467 3796 519 οὐκ
3831 470 3956 518 ἐπι-

700 583 754 624 ει
794 570 913 625 ait:
966 588 984 621 ι
1027 569 1222 623 Dicunt
1253 575 1512 636 negantes
1544 606 1559 630 ,
1601 563 1719 620 Non
1757 581 1817 621 es
1865 566 2096 636 legatus.
2138 564 2266 618 Dic:

702 663 900 718 sufficit
933 662 1066 716 mihi
1100 660 1254 716 testis
1288 660 1588 715 Deusinter
1604 676 1690 715 me
1716 674 1778 714 ae
1796 674 1924 725 vos;
1972 669 2023 713 et
2055 659 2100 713 is
2131 656 2272 727 apud

702 767 864 821 quem
895 760 978 806 est
1022 752 1250 806 scientia
1286 751 1601 820 Scripturae.
1634 771 1652 804 ι
1695 750 1861 805 Deum
1910 751 2159 820 producit
2189 758 2269 802 te-

701 852 836 897 stem
872 841 1158 911 legationis
1189 857 1329 906 suae;
1365 841 1570 894 nullum
1600 840 1886 909 caeteroqui
1915 842 2022 894 Deo
2048 840 2271 908 dignum

702 927 910 996 profert
939 930 1223 992 indicium,
1258 946 1363 983 non
1403 931 1747 992 miraculum,
1775 944 1878 984 non
1911 929 2272 999 prophetiam,

702 1036 810 1074 non
867 1023 1030 1076 vitam
1064 1025 1354 1078 virtutibus
1384 1026 1693 1088 exercitam,
1723 1040 1823 1080 nec
1858 1026 2017 1080 aliam
2080 1025 2272 1078 saltem

700 1111 985 1167 scientiam
1020 1132 1035 1180 ;
1077 1115 1168 1169 sed
1220 1115 1427 1183 absque
1458 1117 1564 1171 ulla
1598 1118 2078 1183 demonstratione,
2111 1116 2273 1181 Deus,

702 1205 905 1276 inquit,
936 1209 1093 1264 testis
1127 1217 1233 1265 est.
1289 1209 1494 1265 Deinde
1546 1225 1851 1280 agnoscens
1901 1227 2054 1266 suam
2087 1219 2276 1266 contra

701 1294 872 1350 Deum
899 1298 1251 1363 calumniam,
1297 1315 1567 1369 suumque
1604 1301 1950 1356 mendacium
1985 1343 1998 1366 ,
2033 1303 2279 1371 quando-

703 1390 921 1458 quidem
956 1392 1284 1447 confirmare
1313 1393 1519 1447 dictum
1557 1393 1865 1448 nullatenus
1895 1403 2128 1464 poterat,
2153 1410 2280 1448 eon-

700 1481 839 1552 fugit
869 1485 935 1538 ad
969 1484 1088 1540 illos
1119 1487 1206 1554 qni
1240 1485 1538 1555 Scriptura:
1570 1486 1854 1541 scientiam
1898 1485 2136 1549 habent;
2170 1499 2280 1554 quo

702 1574 850 1630 dicto
879 1576 1054 1630 illudit
1077 1577 1332 1634 barbaris
1360 1587 1489 1632 tunc
1523 1579 1826 1632 litterarum
1861 1578 2085 1647 ignaris,
2121 1578 2192 1631 ita
2223 1587 2283 1633 ut

709 1665 955 1721 fraudem
982 1683 1134 1722 suam
1173 1669 1351 1724 celare
1386 1670 1577 1724 valeat.
1633 1667 1698 1722 Et
1744 1671 2056 1739 quicunque
2098 1669 2280 1736 habet,

702 1758 900 1829 inquit,
941 1762 1237 1830 Scriptum
1274 1762 1579 1816 scientiam.
1635 1761 1808 1828 Quam
1840 1761 1978 1816 dicis
2036 1762 2277 1830 scriptu-

703 1866 820 1903 ram
855 1851 877 1904 ?
907 1849 1036 1906 Sine
1057 1853 1222 1906 dubio
1246 1853 1532 1907 existimas
1562 1868 1744 1908 veram
1781 1866 1904 1908 esse
1945 1853 2089 1906 illam
2127 1852 2278 1906 Scri-

702 1955 919 2014 pturam
977 1961 1098 2014 qua:
1127 1947 1192 2000 de
1243 1954 1294 2000 te
1345 1955 1595 2001 testatur.
1658 1945 1798 2015 Ergo
1845 1944 2064 2000 effatum
2122 1945 2274 2010 illud,

703 2038 1042 2090 Abominatio
1088 2039 1436 2094 desolatiom‘s
1469 2041 1538 2102 ",
1577 2042 1644 2094 de
1691 2049 1741 2094 te
1766 2040 1968 2093 dictum
1994 2039 2115 2094 fuit.
2138 2038 2278 2092 Nihil

704 2128 850 2181 aliud
879 2130 1119 2184 cordatis
1148 2139 1397 2199 superest
1433 2131 1499 2184 de
1527 2139 1578 2183 te
1612 2131 1870 2199 cogitare.
1903 2129 2056 2196 Quod
2089 2131 2133 2184 si
2164 2128 2280 2183 Mo-

705 2219 965 2276 bamedcs
1007 2237 1113 2276 non
1146 2231 1231 2277 est
1260 2237 1328 2277 eo
1363 2228 1676 2285 contentus,
1734 2232 1788 2277 et
1829 2223 2119 2277 sublimius
2180 2220 2280 2274 ali-

704 2314 836 2380 quid
881 2314 1157 2382 postulat;
1187 2330 1283 2369 vos
1322 2315 1539 2384 quidem
1571 2315 1767 2368 divinae
1819 2314 2116 2382 Scripturae
2165 2323 2282 2368 stu-

703 2405 869 2470 diosi,
897 2405 1066 2475 probe
1096 2406 1250 2462 scitis
1267 2421 1530 2476 quasnam
1559 2406 1630 2460 ibi
1658 2406 1724 2459 de
1758 2404 2076 2460 Mobamede
2106 2405 2283 2474 legato

705 2499 1086 2567 praedictiones
1122 2499 1263 2553 Deus
1298 2498 1599 2566 scripserit.
1631 2507 1684 2552 et
1713 2499 1778 2552 de
1799 2498 1971 2566 ipsius
2001 2507 2284 2565 exspecta-

705 2592 872 2645 tione.
914 2590 1028 2643 lmo
1057 2597 1109 2644 et
1145 2589 1198 2644 in
1259 2590 1419 2644 istius
1459 2589 1598 2643 libro
1647 2589 1928 2643 iuvenictis
1953 2603 2164 2658 sumpta
2215 2605 2282 2643 ex

705 2682 878 2736 sacris
912 2679 1213 2749 Scripturis
1241 2680 1573 2744 testimonia,
1602 2688 1963 2747 congruenter
2001 2680 2121 2747 ejus
2152 2682 2284 2747 dog-

706 2773 945 2828 matibus
968 2771 1220 2841 applicita
1251 2813 1266 2838 ,
1298 2787 1362 2825 ex
1399 2771 1534 2841 lege,
1579 2771 1883 2840 prophetis,
1913 2779 2074 2837 atque
2102 2770 2283 2822 Evan-

706 2865 868 2935 gelio,
895 2879 1031 2935 quos
1078 2864 1248 2919 libros
1309 2864 1426 2934 ipse
1469 2863 1682 2916 divinos
1731 2861 1978 2931 judicare
2029 2861 2282 2914 videtur:

705 2972 937 3026 quorum
962 2970 1060 3011 ceu
1087 2956 1190 3012 sibi
1209 2966 1461 3012 notorum
1496 2964 1758 3026 praetextu
1793 2954 2061 3009 barbaros
2086 2952 2283 3016 latens,

706 3048 904 3105 fabula:
929 3047 1091 3111 linem
1117 3047 1267 3106 facit.
2267 3049 2273 3054 ”

1205 3312 1643 3371 CONFUTATIO
1673 3314 1811 3369 XIII.

778 3409 867 3463 70.
909 3407 1090 3462 Tertia
1124 3407 1332 3463 decima
1361 3423 1390 3460 a
1415 3406 1736 3462 Mobamcde
1763 3405 1943 3460 fabula
1974 3404 2288 3461 inscribitur

709 3503 1018 3566 Abraham;
1061 3499 1195 3554 nihil
1228 3507 1410 3555 tamen
1442 3499 1583 3570 frugi
1613 3501 1678 3554 de
1701 3500 1803 3554 boe
1828 3499 2049 3553 homine
2073 3507 2285 3565 narrat;

708 3596 802 3650 sed
839 3604 1000 3665 prout
1032 3595 1197 3648 etiam
1230 3594 1282 3647 in
1312 3594 1594 3664 superiore
1623 3591 1802 3646 fabula
1826 3631 1840 3657 ,
1875 3592 2111 3647 breviter
2137 3592 2203 3647 de
2227 3606 2286 3646 re

708 3701 891 3745 creata
924 3689 1163 3754 locutus,
1214 3703 1380 3758 quam
1430 3703 1460 3741 a
1513 3687 1701 3742 divino
1752 3684 1955 3756 Spiritu
1991 3685 2099 3755 rcgi
2131 3684 2281 3749 dicit,

709 3781 894 3837 subdit
956 3779 1245 3835 ministerii
1319 3779 1401 3834 sui
1475 3777 1787 3848 negotium,
1856 3789 2285 3848 eonsuetamque

707 3872 1102 3940 blasphemiam
1131 3869 1325 3934 etl‘utit,
1364 3869 1509 3938 quod
1547 3869 1690 3923 Deus
1738 3884 1900 3938 quem
1945 3869 2060 3922 vult
2097 3883 2284 3923 errare

707 3963 860 4028 facit,
917 3963 1268 4032 vicissimque
1322 3977 1483 4031 quem
1538 3960 1655 4015 vult
1704 3961 1907 4030 dirigit.
1964 3959 2284 4030 Rursusque

707 4053 954 4108 meminit
985 4052 1253 4108 Thamudi
1282 4061 1337 4107 et
1379 4051 1538 4115 Aadi,
1584 4051 1739 4120 juxta
1793 4053 2035 4121 priscum
2082 4051 2283 4105 delira-

709 4156 954 4200 mentum
1011 4161 1171 4200 suum
1214 4163 1228 4199 :
1273 4154 1328 4200 et
1381 4145 1526 4214 quod
1578 4152 1862 4213 pr0pterea
1914 4143 2017 4199 sibi
2067 4158 2285 4214 quoque

707 4242 856 4296 credi
888 4241 1082 4295 debeat
1115 4251 1174 4295 ut
1212 4239 1307 4293 Dei
1339 4239 1533 4310 legato.
1583 4239 1757 4309 Hujus
1788 4247 1968 4293 autem
2001 4239 2286 4309 legationis

706 4349 824 4390 sua:
850 4333 955 4389 boc
983 4333 1112 4388 dicit
1141 4331 1420 4397 indicium,
1464 4331 1607 4402 quod
1664 4330 1831 4385 futuri
1884 4340 2014 4386 sunt
2046 4333 2098 4386 in
2128 4347 2285 4399 para-

2375 564 2902 632 σκοπεῖὸ”Υψιστος
2936 583 2949 596 ·
2991 565 3151 618 πάλιν
3202 563 3258 616 δὲ
3315 561 3416 631 τῆς
3464 559 3746 631 περιδεοῦς
3805 556 3958 624 αύτῷ

2373 659 2682 723 ὑποθέσεως
2731 656 2824 712 τοῦ
2855 657 2930 728 μὴ
2957 655 3322 727 ἀπιστηθῆναι
3350 652 3656 722 ἀντέχεται,
3703 649 3796 703 καί
3850 666 3961 717 φη-

2375 771 2426 806 σι
2451 752 2560 822 (12)
2588 770 2602 782 ·
2641 771 2660 805 ι
2692 753 2957 819 Λέγουσιν
2989 752 3038 805 οί
3065 749 3453 820 ἀρνησάμενοι,
3490 748 3605 798 οὐκ
3639 740 3688 796 εί
3717 743 3958 798 ἀπόστο-

2374 845 2461 908 λος
2484 860 2499 876 ’
2536 844 2679 897 εἰπέ·
2731 843 2995 915 Ἀρκεσθῇ
3023 861 3112 913 μοι
3145 843 3173 894 ὁ
3203 842 3333 904 Θεὸς
3366 841 3574 911 μάρτυς
3600 835 3800 907 μεταξύ
3847 831 3958 906 [τε]

2375 936 2509 1005 ἐμοῦ
2540 953 2598 988 τε
2636 937 2730 988 καὶ
2761 935 2914 1005 ὑμῶν
2940 950 2956 965 ο
2984 937 3077 988 καὶ.
3106 936 3252 995 ὅστις
3277 932 3424 984 ἐστὶν
3481 931 3611 1001 παρ’
3664 926 3829 980 αὑτοῦ
3883 927 3962 978 εῖ-

2376 1030 2530 1099 δησις
2552 1028 2650 1094 τῆς
2677 1028 2922 1098 Γραφῆς.
2965 1046 2983 1078 ι
3014 1026 3146 1078 Θεὸν
3178 1023 3537 1095 προϐάλλεται
3574 1020 3827 1091 μάρτυρα
3864 1018 3962 1085 τῆς

2378 1121 2541 1176 αὑτοῦ
2572 1121 2872 1190 ἀποστολῆς
2904 1137 2918 1152 ⁸
2945 1118 3080 1173 Θεοῦ
3117 1118 3172 1170 δὲ
3214 1118 3367 1171 οὐδέν
3418 1134 3468 1168 τι
3502 1115 3650 1179 ἀξιον
3705 1113 3966 1180 επιφέρε-

2378 1233 2465 1267 ται
2500 1212 2785 1281 σύμϐολον,
2812 1213 2870 1264 οὗ
2897 1209 3364 1280 θαυματουργίαν,
3399 1208 3459 1260 ού
3489 1204 3848 1278 προφητείαν,
3901 1202 3964 1254 οὗ

2383 1307 2494 1376 βίον
2525 1305 2916 1376 ἐξησκημένον,
2944 1303 3064 1356 οὐδὲ
3097 1302 3283 1364 ἁπλῶς
3307 1300 3510 1368 γνῶσιν
3544 1316 3556 1328 ·
3586 1298 3702 1351 ἀλλ’
3757 1296 3968 1347 ἀναπο-

2381 1401 2626 1464 δείκτως,
2662 1398 2794 1461 Θεὸς
2834 1400 3068 1468 μάρτυς,
3102 1396 3267 1468 φησίν
3304 1412 3317 1424 ⁵
3355 1391 3475 1447 εἶτα
3505 1392 3830 1461 αίσθόμενος
3862 1387 3968 1456 τῆς

2391 1491 2531 1545 κατά
2557 1490 2693 1543 Θεοῦ
2719 1491 3106 1557 συκοφαντίας,
3135 1490 3228 1541 καὶ
3255 1487 3348 1540 τοῦ
3385 1484 3581 1539 ἑαυτοῦ
3608 1483 3835 1551 ψεύδους
3885 1479 3968 1548 (ού

2385 1585 2491 1655 γὰρ
2516 1579 2804 1654 εἶχετοῦτο
2838 1583 3005 1634 πόθεν
3068 1578 3446 1648 πιστώσεται),
3495 1575 3833 1644 καταφεύγει
3890 1573 3972 1634 είς

2384 1678 2508 1739 τοὺς
2543 1675 2750 1737 εἰδότας
2783 1673 2885 1743 τὴν
2911 1672 3157 1742 Γραφὴν,
3187 1672 3243 1723 ὲν
3279 1670 3356 1740 τῷ
3405 1669 3544 1731 τέως
3580 1672 3704 1730 τοὺς
3755 1665 3972 1736 βαρϐά-

2390 1784 2515 1837 ρους
2545 1766 2856 1834 ἀγνώστους
2886 1764 3046 1825 ὄντας
3066 1763 3348 1827 διαπαίξαι
3370 1763 3464 1814 καὶ
3498 1760 3680 1814 λαθεῖν
3718 1757 3968 1827 ίσχύσας·

2383 1858 2493 1911 Ka‘t
2523 1858 2669 1920 ὅστις
2699 1857 2818 1909 ἐστὶ
2844 1855 2971 1926 παρ’
2989 1853 3173 1917 αὑτοῦ,
3209 1853 3395 1922 φησὶν,
3431 1853 3638 1920 εἴδησις
3686 1851 3784 1918 τῆς
3818 1850 3973 1918 Γρα-

2381 1951 2487 2020 φῆς
2522 1966 2536 1981 °
2569 1949 2727 2012 ποίας
2751 1950 3020 2020 Γραφῆς-;
3052 1949 3184 2009 ὅλως
3209 1948 3319 2016 γὰρ
3349 1946 3413 2016 δὴ
3471 1946 3574 1998 οῖει
3630 1943 3812 2013 ἀληθῆ
3874 1941 3975 2010 τὴν

2380 2043 2605 2115 Γραφὴν
2631 2037 2770 2095 εἶναι
2796 2040 3038 2111 καὶπερὶ
3070 2039 3164 2092 σοῦ
3221 2038 3608 2110 μαρτυροῦσαν
3646 2053 3660 2066 ⁸
3714 2036 3861 2096 εἰκὸς
3907 2034 3975 2087 τὰ

2382 2134 2510 2203 περὶ
2533 2134 2638 2186 τοῦ
2662 2133 3088 2200 βδελύγματος
3112 2133 3222 2199 τῆς
3247 2131 3597 2198 ἐρημώσεως
3627 2129 3749 2198 περὶ
3775 2128 3870 2180 σοῦ
3901 2127 3977 2179 εῖ-

2385 2243 2546 2296 ρηται
2578 2242 2591 2256 ·
2626 2225 2760 2278 ἀλλά
2794 2224 2900 2294 γὰρ
2939 2225 3093 2276 οὐδὲν
3135 2223 3515 2292 περιλείπεται
3569 2223 3681 2282 τοῖς
3729 2220 3975 2272 συνιοῦσι

2382 2318 2710 2371 διανοεῖσθαι
2738 2317 2866 2386 περὶ
2896 2316 2989 2369 σοῦ
3023 2335 3037 2348 ·
3068 2319 3115 2368 εί
3147 2315 3201 2368 δὲ
3238 2315 3312 2385 μὴ
3342 2315 3501 2366 τοῦτο
3549 2314 3708 2375 αὐτὸς
3759 2312 3977 2380 ἀνέχοι-

2382 2426 2471 2472 το,
2528 2409 2642 2462 ἀλλ’
2702 2409 2890 2477 ἕτερόν
2936 2426 2988 2462 τι
3035 2409 3244 2478 ὑψηλὸν
3286 2409 3530 2469 ἀπαιτεῖ,
3587 2408 3699 2456 ὅσοι
3723 2404 3822 2468 τὴν
3858 2403 3980 2454 656-

2386 2517 2650 2553 πνευστον
2687 2499 2949 2570 μελετᾶτε
2984 2498 3231 2569 Γραφῆν,
3291 2497 3444 2550 αὐτοὶ
3490 2493 3783 2546 ἐπίστασθε
3843 2492 3980 2552 ὅσας

2385 2592 2758 2663 προαγγελίας
2787 2593 2915 2661 περὶ
2965 2591 3211 2660 Μωὰμετ
3245 2587 3542 2642 ἀποστόλου
3567 2588 3593 2638 ὁ
3623 2586 3754 2647 Θεὸς
3806 2583 3980 2653 ἔγρα-

2384 2685 2473 2754 ψε,
2511 2687 2605 2737 καὶ
2636 2685 2732 2753 τῆς
2763 2683 2951 2736 τούτου
2977 2681 3310 2753 προσδοκίας
3339 2698 3353 2711 ο
3379 2681 3642 2748 εὑρήσετε
3692 2676 3746 2729 δὲ
3772 2677 3867 2728 καὶ
3923 2677 3981 2728 ἐν

2385 2781 2451 2847 τῇ
2483 2776 2671 2829 τούτου
2709 2778 3004 2846 συγγραφῇ
3035 2773 3132 2837 τὰς
3162 2775 3226 2826 ἐκ
3254 2775 3354 2840 τῆς
3405 2770 3554 2828 Θείας
3586 2767 3807 2837 Γραφῆς
3839 2782 3983 2834 μαρ-

2384 2869 2576 2940 τυρίας
2611 2868 2882 2938 εὐστόχως
2915 2869 2971 2918 ἐν
2998 2868 3113 2928 τοῖς
3139 2864 3303 2918 αὐτοῦ
3337 2863 3599 2930 δόγμασιν
3641 2858 3984 2926 ἐξαγομένας

2387 2961 2497 3013 ἀπό
2523 2977 2581 3012 τε
2611 2959 2777 3029 νόμου
2815 2957 2909 3010 καὶ
2943 2957 3239 3027 προφητῶν
3270 2955 3362 3007 καὶ
3405 2952 3498 3004 τοῦ
3536 2951 3897 3017 Εὐαγγελίου,
3948 2946 3987 3000 ἃ.

2387 3051 2693 3115 ὲκθειάζειν
2717 3051 2881 3116 δοκεῖ,
2925 3050 3021 3103 καὶ
3045 3043 3119 3102 ὧν
3149 3049 3252 3101 ὑπὸ
3278 3047 3373 3117 τὴν
3404 3046 3678 3115 πρόφασιν
3736 3045 3833 3111 τῆς
3902 3043 3984 3093 εί-

2310 3162 2352 3218 ε
2386 3148 2591 3216 δήσεως
2630 3145 2755 3208 τοὺς
2791 3142 3101 3215 βαρϐάρους
3139 3140 3341 3206 λαθὼν,
3373 3138 3761 3210 τὸνξφλήναφον
3807 3135 3985 3188 ἔπαυ-

2394 3257 2486 3293 σεν

2888 3326 3327 3381 ΕΛΕΓΚΤΙΚΟΣ
3380 3322 3480 3378 II".

2459 3424 2520 3478 o'.
2555 3424 2627 3477 Τὸ
2656 3421 3104 3494 τρισκαιδέκατον
3144 3417 3255 3488 (I3)
3311 3417 3574 3486 μυθάριον
3616 3413 3692 3482 τῷ
3725 3413 3979 3481 Μωάμετ

2389 3520 2490 3584 Eli;
2530 3517 2626 3588 μὲν
2666 3515 2773 3568 τὸν
2811 3511 3057 3580 Ἀϐραὰμ
3087 3511 3511 3580 ἐπιγέγραπται,
3552 3507 3702 3560 οὐδὲν
3741 3505 3796 3557 δὲ
3831 3505 3989 3568 ἄξιον

2387 3608 2544 3676 λόγου
2580 3606 2709 3676 περὶ
2739 3604 2831 3657 τοῦ
2863 3602 3058 3672 ἀνδρὸς
3099 3599 3396 3669 ἐξηγεῖται,
3423 3599 3556 3652 ἀλλά
3583 3596 3724 3650 κατά
3746 3596 3837 3648 τὸν
3868 3595 3980 3664 πρὸ

2384 3698 2575 3751 τούτου
2611 3696 2777 3766 μῦθον
2798 3694 2954 3762 ὀλίγα
2980 3693 3107 3764 περὶ
3133 3693 3231 3761 τῆς
3257 3692 3487 3752 κτίσεως
3544 3687 3850 3753 καταλέξας
3897 3687 3990 3742 ὅτι

2387 3789 2518 3861 θείῳ
2549 3787 2829 3858 Πνεύματι
2861 3787 3163 3848 διοικεῖται,
3204 3784 3401 3852 ἐπάγει
3451 3783 3516 3836 τα
3548 3781 3986 3851 οἰκονομούμενα

2387 3863 2516 3958 παρλ
2552 3884 2718 3938 αὐτοῦ
2754 3900 2767 3913 ο
2805 3882 2897 3936 καί
2929 3898 3061 3950 φησι
3095 3880 3195 3948 τὴν
3229 3876 3434 3945 συνήθη
3477 3875 3845 3944 βλασφημίαν,
3899 3873 3987 3923 ὅτι

2383 3978 2412 4029 ὁ
2441 3977 2572 4038 Θεὸς
2593 3975 2652 4028 ὂν
2680 3973 2824 4026 θέλει
2855 3971 3053 4041 πλανᾷ,
3079 3969 3169 4021 καὶ
3195 3967 3254 4019 ὃν
3279 3967 3422 4018 θέλει
3443 3966 3634 4033 ὁδηγεῖ
3656 3981 3668 3993 ο
3705 3964 3800 4014 καὶ
3822 3960 3986 4024 αὖθις

2393 4066 2666 4138 μέμνηται
2682 4061 2901 4132 Θαμοὺδ
2923 4061 3016 4113 καὶ
3051 4059 3200 4123 Ἀἀδ,
3221 4057 3362 4110 κατὰ
3383 4058 3475 4109 τὸν
3494 4055 3660 4108 παλαι
3702 4053 3764 4120 λῆ
3775 4054 3988 4120 ροναύο

2389 4156 2484 4210 τοῦ
2503 4172 2515 4184 ·
2543 4155 2635 4208 καὶ
2655 4156 2736 4227 δτι
2757 4155 2856 4205 Διὰ
2876 4151 3033 4206 τοῦτο
3064 4151 3218 4217 κάγὼ
3257 4147 3458 4216 ὀφείλω
3518 4145 3858 4213 πιστωθῆναι
3907 4145 3987 4205 ὼς

2384 4246 2519 4302 Θεοῦ
2538 4245 2831 4308 ἀπόστολος
2849 4262 2864 4274 ο
2883 4245 2982 4313 τῆς
3016 4243 3071 4296 δὲ
3095 4241 3288 4294 τούτου
3335 4238 3645 4305 ἀποστολῆς
3691 4236 3987 4306 γνώρισμα

2385 4340 2542 4394 τοῦτό
2562 4355 2745 4410 φησιν’
2769 4338 2851 4392 ὅτι
2870 4337 3144 4396 Ἔσονται,
3164 4336 3348 4404 φησὶν,
3369 4335 3414 4386 οἱ
3432 4333 3611 4386 πιστοὶ
3637 4335 3694 4385 ἐν
3709 4330 3782 4400 τῷ
3798 4348 3987 4398 παρα-

705 4423 829 4476 diso
853 4421 1159 4484 credentes,
1219 4434 1344 4474 eum
1407 4418 1670 4473 uxoribus
1712 4419 1829 4473 suis
1868 4428 1920 4472 et
1959 4419 2085 4473 ﬁliis
2121 4419 2279 4474 simul

2386 4433 2552 4503 δείσῳ
2591 4433 2713 4494 ταῖς
2733 4431 2941 4485 ἑαυτῶν
2964 4429 3178 4498 γυναιξί
3199 4445 3256 4481 τε
3287 4427 3382 4480 καὶ
3414 4429 3624 4487 τέκνοις
3656 4441 3989 4491 συνευφραι-

706 4514 1066 4580 deliciantes;
1098 4512 1345 4568 infideles
1373 4521 1580 4576 autem,
1611 4511 1662 4564 in
1709 4512 1940 4580 judicio.
1980 4531 1998 4563 ι
2031 4511 2277 4568 lnterulaz

2382 4527 2596 4597 νόμενοι
2621 4517 2735 4596 (Η)
2758 4541 2771 4554 ·
2821 4526 2870 4578 οί
2895 4524 2951 4576 δὲ
2972 4523 3214 4586 ἄπιστοι,
3232 4522 3423 4590 φησὶν,
3443 4523 3500 4572 ἐν
3523 4521 3588 4589 τῇ
3619 4518 3796 4588 κρίσει
3815 4533 3828 4546 ·
3865 4535 3884 4566 ι
3915 4516 3989 4569 τὰ

705 4621 899 4662 eorum
931 4619 995 4660 ex
1033 4605 1151 4675 pice
1183 4603 1425 4665 cedrina,
1485 4610 1540 4657 et
1562 4602 1838 4671 cooperiet
1873 4602 2054 4657 vultus
2089 4617 2278 4657 eorum

2385 4619 2634 4689 καμήσια
2653 4617 2834 4670 αὐτῶν
2857 4616 2966 4670 ἀπὸ
2994 4615 3237 4685 κεδρίας,
3273 4614 3366 4666 κα)⁸
3405 4611 3666 4664 καλύπτει
3715 4611 3781 4662 τὰ
3813 4610 3988 4679 πρόσ-

705 4699 902 4769 ίςιιὶε.»
935 4697 1110 4767 Atque
1141 4696 1215 4750 ita
1245 4693 1582 4749 tremendum
1601 4694 1742 4748 diem
1763 4691 2020 4758 irridens,
2048 4694 2279 4749 fabulari

2384 4727 2508 4762 ωπα
2537 4707 2721 4762 αὐτῶν
2759 4707 2819 4759 τὸ
2855 4705 2964 4776 πῦρ
2998 4724 3010 4738 ο
3060 4725 3076 4756 ι
3117 4707 3210 4758 xal.
3257 4703 3432 4764 οὕτως
3476 4700 3832 4763 καταπαίζων
3879 4702 3986 4768 τῆς

704 4789 927 4844 desinit.
957 4787 1509 4842 Animadvertendum
1555 4795 1639 4841 est
1684 4801 1889 4841 morem
1928 4801 2052 4841 esse
2078 4787 2279 4856 impro-

2385 4801 2622 4870 φοϐερᾶς
2645 4800 2879 4870 ἡμέρας,
2916 4797 3010 4852 τοῦ
3038 4798 3322 4866 φληνάφου
3360 4795 3594 4864 ἀπέστη.
3654 4791 3986 4861 Ἑπιστῆσαι

705 4883 899 4938 borum
925 4881 1208 4935 hominum
1233 4879 1379 4934 haud
1403 4879 1546 4934 nuda
1575 4880 1812 4950 objicere
1845 4880 2013 4946 retia;
2041 4880 2279 4952 alioquin

2383 4891 2441 4945 δὲ
2469 4891 2550 4945 δεῖ
2573 4893 2654 4944 ὅτι
2689 4890 2907 4943 ἐπὶτῶν
2927 4888 3381 4957 κακουργούντων
3415 4887 3544 4938 ἴδιον
3573 4887 3632 4937 τὸ
3661 4886 3734 4954 μὴ
3759 4886 3986 4952 γυμνὰς

708 4977 811 5049 ipsi
845 4979 1027 5048 potius
1059 4977 1253 5047 prada
1287 4975 1486 5031 forent.
1537 4974 1654 5030 Non
1683 4985 1766 5032 est
1810 4992 1941 5048 ergo
1973 4977 2279 5031 mirandum

2391 4982 2705 5056 προτιθέναι
2733 4983 2830 5044 τας
2861 4983 3035 5053 ἄρκυς
3064 4997 3078 5011 '
3103 4981 3135 5051 ἢ
3164 4979 3271 5050 γὰρ
3297 4977 3363 5032 ἂν
3390 4977 3544 5031 αὐτοὶ
3577 4977 3778 5046 μᾶλλον
3806 4975 3988 5029 ἑαλω-

707 5073 754 5127 si
791 5086 897 5141 qua
929 5071 1202 5125 interdum
1233 5071 1372 5140 apud
1407 5085 1529 5124 eum
1557 5079 1686 5125 sunt
1712 5071 2020 5125 laudabilia.
2049 5069 2279 5125 Verum-

2392 5093 2491 5129 σαν
2524 5092 2537 5105 ·
2572 5076 2632 5128 οὐ
2658 5075 2762 5146 χρὴ
2792 5075 3114 5139 ξενίζεσθαι,
3151 5076 3200 5126 εί
3242 5075 3336 5125 καὶ
3378 5074 3509 5141 παρ’
3569 5069 3718 5139 αὐτῷ
3763 5087 3817 5120 τι
3867 5071 3987 5122 τῶν

708 5173 890 5218 tamen
917 5163 1004 5216 illa
1031 5172 1244 5232 oportet
1272 5163 1555 5233 explorare
1586 5177 1708 5231 quae
1732 5163 1939 5218 noviter
1967 5163 2082 5232 ipse
2107 5163 2279 5233 ponit,

2388 5167 2797 5238 ἐπαινουμένων
2822 5167 3126 5239 θεωρηθείη
3157 5183 3170 5197 ·
3200 5165 3338 5220 ἀλλά
3370 5165 3438 5218 τὰ
3484 5163 3613 5234 παρ’
3657 5162 3822 5216 αὐτοῦ
3860 5180 3988 5214 και⁴

707 5263 1040 5324 quantopere
1073 5253 1292 5309 fraudes
1331 5254 1448 5323 ejus
1486 5253 1706 5324 dolique
1739 5255 2094 5313 adversentur
2139 5256 2279 5313 divi-

2387 5260 2648 5330 νιξόμενα
2684 5258 2970 5330 βασανίσαι
3009 5259 3128 5312 δεῖ·
3157 5260 3208 5311 εῖ
3232 5274 3294 5326 γε
3327 5256 3402 5327 μὴ
3448 5256 3657 5324 σφόδρα
3712 5254 3987 5324 διαμάχεο

705 5346 814 5412 nis,
847 5361 876 5400 a
900 5347 1101 5417 quibus
1129 5346 1177 5402 is
1203 5345 1465 5418 decerpit,
1499 5345 1730 5418 legibus.

2387 5368 2476 5405 ται
2507 5353 2619 5415 τοῖς
2647 5351 2707 5417 ἐξ
2743 5345 2818 5405 ὧν
2867 5351 3183 5423 ἐλήφθησαν
3213 5349 3381 5404 αὐτοῦ
3408 5348 3476 5403 τὰ
3525 5347 3752 5400 δελέατα
3784 5346 3880 5400 καὶ
3922 5347 3984 5400 al

2387 5444 2594 5498 ἀπάται
2624 5443 2949 5514 θεογράφοις
2986 5443 3193 5513 νόμοις.

777 5613 824 5646 ³⁸
853 5611 991 5666 Dan.
1022 5626 1098 5675 ιι,
1124 5610 1216 5664 27.

777 5752 892 5820 (I2)
922 5752 1048 5807 Sur.
1077 5751 1216 5812 XIII.
1250 5755 1342 5808 45.

779 5753 892 5820 (I2)
922 5753 1048 5807 Sur.
1077 5753 1216 5812 XIII.
1250 5755 1342 5808 45.

779 5825 891 5895 (15)
925 5822 1050 5879 Sur.
1086 5822 1225 5890 XIV,
1262 5826 1347 5880 10.

2463 5753 2572 5826 (ιιι)
2603 5755 2728 5810 Sur.
2763 5753 2898 5820 xw,
2937 5753 3023 5809 ta.
