4168 6450
202 382 296 446 761

685 499 1124 559 ΕΛΕΓΚἸΊΚΟΣ
1177 506 1274 563 1Δ’.

256 590 358 644 οα’.
380 592 453 644 Τὸ
464 598 1047 663 τεσσαρεσκαιδέκατον
1073 602 1339 674 μυθάριον
1360 607 1763 678 ἐπιγέγραπται

192 684 289 752 μὲν
330 688 437 751 Εις
465 687 569 741 τὸν
605 691 792 758 Νόγερ
823 693 933 762 (15)
960 712 974 726 ο
1011 696 1283 764 μέμνηται
1319 699 1374 752 δὲ
1417 701 1583 754 αὑτοῦ
1626 703 1762 772 πρὸς

186 778 262 844 τῷ
313 779 457 834 τέλει
506 782 601 834 τοῦ
671 783 840 852 μύθου
900 787 980 839 ὅτι
1035 788 1245 858 ἐταίρος
1284 786 1352 860 ἦν
1401 792 1509 843 τῶν
1534 794 1758 861 Σοδομι-

187 869 292 920 τῶν
347 871 459 941 (16)
496 888 508 902 '
538 875 566 926 ὁ
608 877 715 938 πᾶς
745 876 800 928 δὲ
851 877 1050 942 σκοπὸς
1079 880 1269 933 τούτου
1298 881 1388 934 τοῦ
1427 883 1597 952 μύθου
1629 887 1757 956 περὶ

185 961 274 1012 τοῦ
306 962 382 1030 μὴ
411 964 830 1037 διαπιστηθῆναι
855 969 1016 1023 αὐτόν
1042 989 1055 1003 ·
1098 972 1191 1024 καί
1223 991 1406 1043 φησιν,
1429 976 1510 1028 ὅτι
1533 977 1756 1041 Πάντως

184 1051 366 1120 ἐροῦσί
387 1071 468 1106 σοι
498 1056 578 1108 ὅτι
606 1055 942 1130 δαιμονιάρις
1000 1058 1054 1114 εἴ
1102 1063 1369 1130 λέγωνέκ
1412 1066 1545 1118 Θεοῦ
1596 1066 1749 1131 δέξα-

185 1145 308 1198 σθαι
340 1149 513 1202 ταῦτα
544 1151 655 1219 (17)
690 1167 703 1180 ·
735 1154 782 1204 εί
831 1155 938 1223 γὰρ
971 1151 1038 1225 ἧς
1074 1157 1343 1227 ἀληθινὸς,
1407 1160 1636 1228 ἄγγελον
1687 1161 1754 1216 ἂν

183 1241 442 1310 κατῆγες.
470 1245 660 1307 Ᾱίτίας
692 1245 746 1299 δὲ
773 1247 958 1318 τίθησι
986 1248 1078 1303 τοῦ
1114 1251 1187 1320 μὴ
1213 1252 1322 1304 δεῖν
1356 1252 1612 1324 ἔρχεσθαι
1645 1256 1749 1324 ἄγ-

182 1333 360 1399 γελον,
389 1335 482 1387 δύο
516 1351 531 1365 ·
557 1338 641 1390 ὅτι
661 1356 720 1391 τε
757 1340 863 1392 εἰσί
895 1358 1038 1404 τινες
1056 1342 1121 1394 δι’
1147 1342 1238 1406 οὒς
1263 1344 1420 1400 τοῦτο
1454 1347 1745 1402 κωλύεται·

181 1425 268 1476 καὶ
297 1427 379 1478 ὅτι
411 1428 637 1482 ἐκείνων
671 1431 953 1496 ἐλθόντων,
981 1432 1040 1486 τὸ
1070 1434 1189 1487 ὅλον
1225 1437 1472 1506 ἧνυσται.
1510 1440 1614 1493 Καὶ
1663 1442 1749 1504 τίς

178 1519 332 1588 χάρις
362 1523 474 1586 τοῖς
498 1523 843 1594 ἀνθρώποις;
878 1527 938 1580 Εἰ
959 1525 1014 1579 δὲ
1045 1528 1139 1580 καὶ
1168 1530 1258 1582 τὸν
1289 1531 1534 1600 οὐρανὸν,
1561 1535 1744 1603 φησὶν,

175 1610 485 1679 ἠνοὶξαμεν,
521 1615 740 1669 ἵσταντο
763 1618 827 1670 ἂν
872 1620 920 1672 οί
945 1619 1177 1690 ὁρῶντες
1223 1621 1387 1674 αὐτὸν
1429 1623 1693 1694 ἔκθαμϐοι
1730 1641 1743 1654 ·

175 1705 257 1758 διὰ
280 1706 440 1759 τοῦτο
474 1708 629 1760 οὐδὲν
657 1709 861 1763 τούτων
894 1713 1105 1778 γίνεται
1134 1730 1147 1744 ·
1192 1713 1308 1766 ἀλλ’
1352 1716 1473 1769 ἀντὶ
1514 1717 1742 1782 τούτων,

1389 398 1820 463 REFUTATIO
1860 405 2330 474 MOIIAMEDIS.

1800 518 1846 572 Δ
2352 519 2792 579 CONFUTATIO
2829 527 2971 584 XIV.

3341 432 3450 494 769

1929 605 2018 658 71.
2061 604 2265 672 Quarta
2342 611 2551 667 decima
2614 613 2796 670 fabula
2863 619 3179 674 inscribitur
3235 621 3446 692 Noger,

1861 699 2017 768 cujus
2048 701 2294 755 meminit
2356 705 2500 761 circa
2556 707 2755 763 fabula:
2795 711 2963 779 ipsius
3019 713 3203 778 finem,
3256 733 3449 786 nempe

1860 793 2006 861 quod
2066 795 2272 850 sodalis
2339 797 2748 856 Sodomitarum
2805 803 2988 860 fuerit.
3039 805 3208 864 Tutus
3261 817 3444 864 autem

1859 885 2021 952 hujus
2061 887 2253 943 fabulae
2303 905 2504 960 scopus
2557 903 2660 960 est,
2695 910 2764 949 ne
2819 895 2948 950 fides
2999 901 3046 953 ei
3097 900 3440 971 donegetur;

1859 975 2061 1028 idcirco
2089 979 2163 1032 ait
2200 999 2212 1033 :
2249 979 2440 1036 Dicent
2490 985 2732 1051 omnino,
2765 986 3140 1045 Darmoniacus
3188 1008 3268 1054 es.
3325 995 3368 1048 si
3399 1012 3428 1050 a

1857 1061 1965 1115 Deo
1998 1065 2113 1118 haec
2169 1070 2443 1136 accepisse
2484 1069 2746 1129 affirmas.
2795 1073 2928 1128 Nam
2981 1077 3028 1152 si
3071 1093 3226 1132 verax
3267 1096 3437 1146 esses,

1868 1152 2091 1222 angelos
2126 1156 2468 1215 adduxisses.
2511 1159 2629 1216 Jam
2668 1162 2782 1232 ipse
2832 1181 3049 1232 causas,
3080 1173 3434 1238 quamobrem

1860 1246 2110 1314 angelum
2159 1251 2341 1305 venire
2395 1268 2501 1307 non
2563 1264 2831 1324 oporteat,
2885 1259 3038 1327 ponit
3090 1260 3262 1324 duas;
3321 1271 3432 1315 tum

1857 1336 1983 1404 quia
2046 1339 2096 1392 id
2145 1354 2174 1392 a
2229 1341 2557 1408 quibusdam
2624 1346 2976 1414 prohibetur;
3014 1358 3124 1403 tum
3167 1351 3292 1417 quia
3327 1353 3434 1408 illis

1856 1423 2289 1492 advenientibus,
2321 1439 2514 1484 cuncta
2542 1436 3087 1490 consummahuntur.
3112 1439 3242 1503 Qum
3269 1456 3433 1509 porro

1855 1518 2028 1585 gratia
2063 1519 2168 1572 crit
2223 1519 2575 1577 hominibus?
2614 1543 2631 1574 ι
2670 1525 2826 1590 Quod
2883 1527 2926 1582 si
2988 1529 3188 1582 caelum
3224 1531 3424 1598 ipsum,

1855 1605 2048 1676 inquit,
2081 1609 2439 1677 aperiremns,
2487 1612 2731 1682 profecto
2780 1616 3164 1671 admirabuudi
3210 1631 3428 1688 specta-

1853 1707 1994 1752 rent.
2037 1718 2055 1750 ι
2092 1699 2214 1753 Ideo
2245 1702 2379 1756 nihil
2435 1704 2629 1758 horum
2689 1705 2765 1759 fit.
2811 1707 2912 1762 Sed
2951 1726 3138 1766 eorum
3161 1714 3304 1775 loco.
3349 1716 3435 1768 in-

176 1800 325 1867 ςησὶ,
361 1799 538 1863 καλῶς
563 1802 720 1866 εἰδὼς
746 1803 814 1856 τὰ
845 1804 1094 1876 μετέωρα
1115 1821 1128 1834 ·
1171 1808 1370 1860 «Ἴδετε
1403 1810 1460 1862 τὸ
1493 1809 1624 1877 ὕψος
1648 1808 1742 1863 τοῦ

1850 1793 1989 1858 quit,
2016 1792 2272 1859 przeclare
2313 1795 2490 1850 sciens
2530 1799 2797 1861 caelestia,
2858 1818 2875 1850 ι
2907 1800 3094 1857 Videte
3121 1806 3245 1859 εωιὶ
3273 1807 3434 1860 celsi-

173 1892 402 1962 οὺρανοῦ
452 1895 544 1947 καὶ
589 1896 716 1959 τοὺς
780 1897 1039 1966 ἀστέρας,
1093 1898 1188 1951 καὶ
1239 1901 1338 1964 τὰς
1393 1903 1746 1971 ἀστροτοξίας

173 1987 477 2055 γινομένας,
509 1989 746 2057 ὁπηνίκα
775 1990 1054 2045 ἀναϐαίνει
1099 1993 1128 2044 ὁ
1156 1994 1401 2058 Σατανᾶς
1427 2000 1748 2066 παρακροᾶ-

175 2080 291 2133 σθαι
344 2081 514 2134 θέλων
577 2082 645 2136 τὰ
685 2085 742 2135 ἐν
767 2085 846 2155 τῷ
891 2085 1103 2156 οὐρανῷ
1159 2085 1462 2157 λαλούμενα
1487 2105 1500 2119 ⁸
1540 2090 1631 2142 καὶ
1659 2090 1746 2143 διὰ

171 2173 320 2226 τοῦτο
358 2175 688 2229 πιστεύσατε
753 2178 832 2230 ὅτι
887 2178 1184 2242 ἀπόστολος
1229 2182 1347 2250 ειμι
1377 2197 1390 2210 ·
1448 2181 1606 2245 ἄλλος
1633 2183 1742 2254 γάρ

169 2266 318 2318 τοῦτο
341 2269 448 2338 πρὸ
480 2269 612 2338 ἐμοῦ
644 2272 742 2324 οὐκ
776 2273 1030 2339 ἐδίδαξεν.
1067 2294 1084 2326 ι
1126 2270 1261 2328 Εἶτα
1321 2276 1482 2330 πάλιν
1529 2278 1740 2349 μέμνη-

166 2375 248 2410 ται
275 2359 380 2428 τῆς
400 2360 494 2413 τοῦ
540 2363 713 2432 Ἀδὰμ
747 2366 1016 2432 πλάσεως,
1040 2367 1132 2420 καὶ
1168 2369 1267 2439 τῆς
1325 2370 1592 2437 γενέσεως
1645 2372 1738 2424 τοῦ

167 2448 381 2522 Βελίαρ,
420 2455 636 2524 καὶτῆς
670 2458 834 2512 αὐτοῦ
883 2460 1190 2527 ἀπειθείας,
1219 2464 1310 2516 καὶ
1337 2462 1432 2517 τοῦ
1462 2464 1737 2535 Ἀϐρααμ,

165 2544 372 2614 καὶτῆς
410 2547 653 2618 ἱστορίας
687 2555 786 2621 τῆς
816 2553 959 2606 κατά
989 2554 1078 2607 τὸν
1106 2556 1228 2608 Λώτ
1247 2575 1259 2586 ·
1323 2559 1416 2610 καὶ
1446 2561 1736 2629 παρεμϐα-

161 2633 260 2688 λὼν
281 2655 406 2691 τινα
437 2641 636 2706 ἔξωθεν
670 2644 852 2712 ἕτερα,
886 2648 1242 2719 κατορθώσας
1274 2669 1331 2703 τε
1375 2656 1438 2706 ἐκ
1476 2654 1572 2724 τῆς
1599 2655 1736 2708 τού-

163 2744 265 2780 των
304 2730 646 2800 ἐξηγήσεως,
679 2736 754 2800 ὡς
806 2739 1045 2808 ἐνόμιζε,
1094 2743 1154 2796 τὸ
1191 2746 1548 2815 πιστωθῆναι,
1599 2750 1732 2803 καθ-

160 2819 379 2875 άπτεται
416 2824 599 2878 λυιπδν
629 2831 736 2882 τῶν
766 2833 1021 2887 τιθέντων
1051 2838 1304 2892 κοινωνὸν
1327 2839 1445 2910 Θεῷ
1480 2841 1613 2914 (13)·
1639 2844 1732 2896 καὶ

159 2913 212 2963 ἐν
238 2916 450 2981 τούτοις
480 2919 556 2989 τῷ
588 2921 854 2993 φληνάφῳ
883 2926 1036 2989 τέλος
1067 2928 1298 2996 τίθησιν.

643 3012 1086 3070 ΕΛΕΓΚΊΊΚΟΣ
1137 3017 1234 3073 ΙΕ’.

219 3097 310 3168 οβ’.
346 3101 421 3153 Τὸ
453 3105 948 3161 πεντεκαιδέκατον
982 3109 1250 3181 μυθάριον
1281 3113 1392 3182 (19)
1423 3115 1725 3188 ἐπιγέγρα-

158 3207 273 3244 πται
305 3194 402 3252 μὲν
436 3197 542 3261 Είς
580 3196 653 3249 τὰ
684 3200 974 3265 pel/(rata
999 3218 1011 3230 ·
1073 3203 1346 3274 μέμνηται
1371 3207 1426 3260 δὲ
1460 3210 1568 3261 τῶν
1622 3229 1721 3281 με·
1748 3190 1790 3248 C

156 3282 339 3338 λισσῶν
363 3288 497 3355 περὶ
525 3289 593 3340 τὰ
631 3290 771 3359 μέσα
801 3291 893 3344 τοῦ
919 3292 1110 3362 μύθου,
1155 3297 1234 3350 ὅτι
1267 3299 1586 3367 ἐργάζονται
1619 3322 1722 3374 κη-

157 3375 239 3442 ρὸν
264 3379 352 3429 καὶ
384 3379 510 3447 μέλι
539 3397 550 3409 ·
584 3383 909 3453 προστίθησι
936 3385 993 3437 δὲ
1038 3387 1137 3457 τὴν
1167 3388 1380 3461 ἀπάτην
1411 3394 1597 3462 αὑτοῦ,
1638 3397 1717 3449 ὅτι

155 3467 210 3537 δὴ
258 3471 318 3522 ἐκ
368 3471 509 3524 Θεοῦ
553 3472 725 3525 ταῦτα
755 3473 998 3529 δέδεκται
1029 3495 1043 3509 ’
1105 3482 1198 3532 καὶ
1235 3484 1543 3553 ἐπιτρέχειν
1572 3487 1720 3542 δοκεῖ

151 3561 238 3624 τὰς
260 3562 315 3613 ὲν
336 3567 401 3633 τῇ
437 3564 614 3617 κτίσει
644 3566 738 3618 τοῦ
768 3568 899 3620 Θεοῦ
921 3571 1236 3635 δυναστείας
1265 3591 1278 3604 ·
1310 3578 1403 3626 καὶ
1427 3579 1506 3630 ὅτι
1531 3580 1717 3651 ἐποίηο

153 3655 435 3718 σενὸΘεδς
459 3657 529 3708 τά
581 3659 774 3729 κτήνη,
841 3663 935 3713 καὶ
991 3658 1182 3716 διοικεῖ
1215 3665 1423 3720 πάντα’
1489 3670 1579 3722 καὶ
1629 3671 1714 3738 ἐξ·

151 3747 362 3813 όμνυται
388 3751 556 3820 ὅρκον
572 3753 799 3820 φρικτὸν
826 3755 963 3806 κατά
991 3757 1082 3809 τοῦ
1111 3758 1372 3826 ὀνόματος
1416 3761 1509 3814 τοῦ
1553 3763 1709 3828 Θεοῦ,

149 3835 218 3886 ὅτι
237 3839 344 3890 ὅσοι
379 3839 632 3908 λέγουσιν
661 3842 803 3910 ἔχειν
831 3843 920 3896 τὸν
940 3844 1072 3921 Θεον
1098 3845 1400 3919 θυγατέρας
1425 3851 1708 3921 ἀγγέλους,

149 3931 618 4001 τιμωρηθήσονται
653 3949 665 3963 ο
694 3935 792 4004 τὴν
819 3936 872 3988 δέ
896 3920 1109 3990 τελείαν
1130 3941 1424 4011 σαφήνειαν
1450 3944 1544 3996 τοῦ
1574 3963 1707 4014 προ-

147 4023 522 4094 χρηματισμοῦ
568 4025 780 4087 τούτου,
831 4029 886 4078 ἐν
943 4028 1020 4098 τῷ
1069 4032 1276 4085 ἐπιόντι
1325 4035 1489 4088 αὐτοῦ
1556 4038 1708 4109 μύθῳ

148 4113 379 4182 ὀψόμενοι
437 4118 877 4188 ἐκπλαγήσεσθε.
921 4122 1212 4192 Μέμνηται
1250 4126 1304 4179 δὲ
1366 4129 1525 4182 πάλιν
1578 4131 1706 4200 περὶ

150 4204 384 4272 βρώσεως
410 4209 617 4280 κρεῶν,
642 4213 731 4263 καί
765 4230 895 4282 φησι
929 4230 942 4243 ·
1011 4233 1029 4265 ι
1062 4217 1153 4288 Μὴ
1191 4218 1378 4288 εἴπητε
1414 4221 1494 4274 ὅτι
1548 4221 1705 4275 τοῦτό

147 4297 248 4348 ἐστι
279 4298 602 4370 λελυμένον,
661 4304 943 4359 καὶτοῦτο
985 4310 1361 4380 κεκωλυμένον
1404 4313 1497 4366 τοῦ
1541 4314 1704 4385 βλασ-

148 4389 328 4455 φημεῖν
358 4391 549 4443 ἐπάνω
577 4391 671 4442 τοῦ
705 4393 839 4445 Θεοῦ
861 4395 1080 4466 ψεῦσμα
1106 4415 1118 4426 ·
1165 4419 1181 4450 ι
1211 4400 1558 4472 βλασφημίαν
1609 4405 1702 4457 καὶ

146 4477 342 4548 ψεῦσμα
381 4483 568 4534 καλῶν
586 4484 679 4536 τὸν
719 4485 880 4556 νόμον
919 4488 1012 4541 τοῦ
1044 4489 1178 4543 Θεοῦ
1211 4508 1224 4520 '
1287 4494 1382 4546 καὶ
1440 4500 1701 4566 παραινεῖ
1733 4528 1775 4583 D

147 4573 201 4638 τῇ
227 4573 393 4625 πίστει
433 4573 689 4644 Ἀϐραὰμ
721 4579 1022 4650 μοναρχίαν
1051 4583 1145 4634 τοῦ
1169 4588 1442 4640 πιστεύειν
1467 4606 1479 4618 ·
1539 4591 1698 4647 Ἐθε-

148 4771 236 4806 των
262 4761 334 4820 είς
358 4759 526 4813 αὐτόν
557 4776 572 4791 ·
603 4762 845 4828 καίτοιγε
874 4768 973 4820 οὐκ
997 4771 1263 4838 ἐγίνωσκε
1326 4778 1695 4852 σαθϐατισμὸν

159 4844 382 4919 Ἀϐρααμ
403 4867 417 4882 ο
452 4853 531 4916 ὠς
568 4854 633 4905 ἐκ
659 4855 848 4910 τούτου
882 4862 1269 4930 στοχάσασθαι,
1305 4869 1388 4922 ὅτι
1439 4875 1530 4926 καὶ
1558 4844 1692 4928 σαϐ-

151 4935 360 5002 ϐατίζειν
394 4944 654 4998 ἐϐούλετο
681 4949 807 5010 τοὺς
842 4950 1148 5026 βαρϐάρους
1173 4975 1186 4988 ·
1219 4961 1333 5014 ἀλλ’
1400 4965 1525 5029 ἴσως
1595 4972 1693 5023 οὐκ

149 5029 402 5099 ἀκουσθείς
431 5037 490 5089 ὲν
523 5038 609 5109 τῷ
637 5040 778 5112 λόγῳ
800 5044 994 5117 τούτῳ,
1022 5050 1120 5103 οὐκ
1142 5052 1405 5125 ἐτόλμησε
1433 5062 1559 5129 περὶ
1595 5065 1693 5115 αύ-

147 5123 222 5174 τςῦ
245 5142 290 5177 τι
320 5130 641 5198 προσθεῖναι
668 5148 681 5162 ·
719 5136 816 5189 καὶ
845 5138 903 5192 ἐν
922 5141 1134 5207 τούτοις
1172 5145 1200 5198 ὁ
1230 5147 1508 5221 φλήναφος
1546 5155 1693 5226 αὐτῷ

150 5217 406 5294 περιέστη.

625 5318 1060 5381 ΕΛΕΓΚἹΊΚΟΣ
1094 5329 1203 5399 [εῖν.

205 5399 289 5467 οἵ.
320 5405 388 5458 Τὸ
436 5409 833 5468 ἑκκαιδέκατον
881 5420 1143 5492 μυθάριον
1185 5424 1298 5497 (20)
1347 5430 1422 5501 τῷ
1451 5433 1694 5506 Μωάμετ

207 5559 646 5658 {liful-Alemannis
699 5573 965 5658 Alrabicus
1023 5581 1480 5658 licgruquuam
1531 5593 1682 5648 Gelal

154 5635 266 5722 aliud
301 5636 626 5720 Maraccium
653 5647 834 5722 vallem
864 5651 1012 5722 d_i'_cit.

155 5709 853 5791 ηιιειμολξὶδιιηιέι..δεξιοί-ΠΜ
882 5719 1079 5791 Noger.

210 5773 302 5838 (16)
328 5777 443 5834 Sur.
467 5782 504 5834 Χ
522 5783 583 5843 ν,
623 5785 709 5839 79.

223 5845 610 5918 (17)διιτ.);ν,
657 5856 705 5922 τι,
733 5857 819 5926 is,
849 5859 936 5927 ετ,
958 5861 1046 5919 58.

1782 1853 1824 1908 Β

1801 4544 1859 4586 ιιι
1903 4532 2272 4590 Abrahamqu
2338 4540 2500 4594 unius

1802 4624 2003 4680 Statuit
2038 4628 2206 4692 enim,
2250 4630 2447 4699 inquit,
2479 4630 2772 4688 Sabbatum
2825 4653 2989 4705 super
3015 4639 3294 4692 discordes
3324 4639 3391 4693 de

1670 4720 1695 4734 '
1797 4715 2836 4784 eo.AlqnisabbatismumAbrahamus
2865 4728 3152 4801 ignoravit.
3189 4729 3386 4795 Quam-

1797 4807 1983 4861 obrem
2015 4825 2080 4863 ex
2114 4811 2219 4867 hoc
2259 4815 2514 4884 conjicite
2550 4819 2694 4885 quod
2733 4820 2895 4873 etiam
2925 4822 3264 4876 sabbatizare
3293 4839 3385 4876 vo-

1800 4897 1992 4954 luisset
2042 4902 2339 4969 liarbaros;
2399 4908 2490 4962 sed
2555 4925 2679 4964 cum
2733 4913 2782 4965 ei
2837 4912 3068 4967 fortasse
3131 4915 3380 4970 suadenti

1789 5681 1933 5724 Cium
1971 5678 2051 5728 w-l

1854 1884 2094 1937 tudinem
2144 1894 2309 1955 atque
2357 1887 2558 1951 sidera,
2619 1900 2673 1945 et
2737 1892 2980 1947 siderum
3031 1895 3424 1963 jacnlalioncs,

1851 1989 1961 2044 quo
2014 1984 2256 2045 tempore
2313 1981 2561 2035 ascendit
2599 1981 2830 2039 Satanas
2881 1985 3135 2040 audiendi
3199 1988 3430 2056 cupidus

1849 2081 1971 2134 qure
2001 2067 2054 2120 in
2083 2069 2221 2122 cmlo
2271 2069 2612 2128 dicebantur.
2667 2073 2876 2130 Idcirco
2929 2078 3132 2132 credite
3177 2096 3261 2133 me
3308 2095 3431 2134 esse

1848 2157 2084 2227 legatum
2119 2179 2131 2214 :
2170 2162 2271 2215 hoc
2308 2164 2453 2217 enim
2483 2176 2609 2220 ante
2637 2182 2723 2220 me
2747 2183 2907 2221 nemo
2929 2169 3134 2224 docuit.
3172 2189 3189 2220 ι
3225 2171 3428 2227 Deinde

1848 2251 2096 2303 meminit
2152 2267 2346 2308 rursus
2422 2259 2717 2314 creatiouis
2794 2261 3027 2326 Adami,
3090 2271 3144 2317 et
3197 2266 3426 2331 originis

1846 2337 2033 2400 Belial.
2074 2350 2238 2409 atque
2269 2343 2389 2411 ejus
2433 2351 2820 2413 contumacia;
2873 2353 3164 2406 Abrahami
3217 2357 3342 2410 item
3372 2370 3426 2412 ct

1843 2429 2081 2487 historia:
2111 2432 2252 2488 Loti.
2278 2434 2415 2490 Tum
2448 2440 2774 2507 quibusdam
2797 2443 3019 2500 insertis
3056 2448 3295 2502 exterius
3325 2451 3421 2503 dc-

1840 2525 2110 2594 sumptis,
2165 2537 2327 2596 atque
2398 2530 2499 2584 hac
2560 2535 2870 2588 narratione
2926 2537 3247 2593 existimans
3316 2543 3417 2596 sibi

1838 2616 1996 2670 fidem
2059 2619 2385 2677 conciliasse
2461 2624 2816 2691 reprehendit
2904 2628 3025 2684 illos
3090 2643 3276 2697 postea
3323 2635 3417 2702 qui

1837 2707 2047 2761 socium
2082 2708 2189 2764 Deo
2222 2710 2370 2765 dant.
2429 2713 2603 2784 Atque
2664 2716 2740 2770 ita
2793 2717 2954 2774 finem
3019 2737 3169 2775 vanas
3222 2724 3419 2779 fabula:

1836 2797 2087 2869 imponit.

2322 3066 2761 3128 CONFUTATIO
2797 3076 2911 3132 XV.

1897 3157 1988 3210 72.
2027 3157 2230 3224 Quinta
2258 3161 2468 3216 decima
2503 3163 2682 3219 fabula
2721 3169 3039 3226 inscribitur
3073 3174 3207 3242 Apes
3237 3217 3251 3240 ,
3289 3190 3409 3231 me-

1824 3259 2109 3319 moratque
2137 3267 2325 3321 reapse
2377 3270 2507 3324 apes
2557 3259 2699 3313 circa
2733 3259 2927 3317 fabulae
2985 3267 3249 3330 medium,
3277 3271 3405 3338 quia

1821 3356 2000 3395 ceram
2037 3353 2092 3398 et
2145 3347 2249 3399 mel
2277 3346 2547 3403 fabricant
2580 3372 2592 3406 :
2629 3353 2778 3408 addit
2814 3365 2992 3432 tamen
3043 3373 3408 3416 commentum

1821 3447 2004 3498 suum,
2040 3449 2232 3506 nempe
2264 3439 2409 3506 quod
2440 3456 2467 3494 a
2503 3442 2612 3497 Deo
2642 3445 2753 3499 haec
2778 3447 2882 3501 sibi
2921 3451 3114 3505 tradita
3148 3452 3392 3508 fuerunt.

1818 3524 1885 3580 Et
1921 3527 2163 3583 delibare
2197 3530 2412 3585 videtur
2458 3533 2548 3588 Dei
2604 3536 2656 3589 in
2707 3540 2943 3594 creando
2999 3546 3314 3611 potentiam,
3349 3558 3404 3601 et

1817 3620 1963 3686 quod
2000 3618 2408 3691 Deusjumenta
2442 3624 2652 3692 fecerit,
2680 3639 2843 3698 atque
2889 3635 3070 3688 omnia
3111 3648 3261 3705 regat
3289 3638 3405 3707 :ju-

1813 3721 2004 3780 ratque
2080 3729 2337 3783 magnum
2407 3716 2795 3786 jusjurandum
2845 3739 2941 3792 per
3015 3726 3107 3780 Dei
3179 3744 3398 3795 nomen,

1812 3804 1956 3872 quod
1992 3820 2179 3874 pmuas
2206 3807 2359 3861 luent
2387 3811 2703 3881 quicunque
2737 3815 2903 3868 Deum
2957 3817 3156 3872 habere
3215 3822 3402 3874 dicunt

1813 3893 1951 3947 filias
2003 3895 2245 3963 angelos.
2293 3898 2512 3953 Plenam
2572 3912 2755 3956 autem
2822 3907 3187 3973 praedictionis
3239 3911 3400 3978 hujus

1810 3985 2230 4041 declarationem
2271 3988 2322 4041 in
2357 3991 2726 4061 subsequente
2755 3993 2936 4050 fabula
3000 4014 3107 4052 non
3141 4000 3259 4054 sine
3284 4011 3399 4053 stn-

1809 4089 1938 4143 pore
1972 4075 2242 4131 videbitis.
2277 4076 2466 4133 Denuo
2511 4083 2756 4136 carnium
2786 4099 2940 4140 esum
2994 4099 3264 4142 memorat
3309 4090 3397 4142 di-

1808 4181 1985 4221 cens:
2024 4184 2042 4218 ι
2083 4166 2262 4223 Nolite
2318 4170 2501 4226 dicere
2549 4175 2649 4228 hoc
2681 4192 2801 4230 esse
2860 4193 3207 4241 concessum,
3262 4182 3393 4244 illud

1806 4271 1935 4312 vero
1975 4259 2333 4326 prohibitum,
2384 4277 2451 4317 ne
2488 4264 2865 4334 blasphemum
2928 4271 3189 4323 adversus
3229 4270 3394 4324 Deum

1804 4349 2145 4405 mendacium
2171 4351 2462 4421 proferatis
2495 4375 2506 4410 :
2551 4376 2568 4407 ι
2602 4357 2993 4428 blasphemiam
3023 4361 3273 4417 videlicet
3301 4379 3394 4431 ap-

1804 4441 2012 4510 pellans
2043 4454 2206 4512 atque
2249 4448 2596 4504 mendacium
2635 4450 2802 4519 legem
2862 4452 2991 4516 Dei;
3035 4453 3394 4522 hortaturque

2563 4541 2656 4596 Dei
2709 4544 3028 4599 credulitate
3088 4545 3384 4599 imitentur.

1800 5007 1907 5046 non
1961 4996 2383 5064 auscultaretur,
2433 5001 2566 5055 nihil
2611 5004 2755 5058 circa
2807 5006 2936 5059 illud
2999 5022 3223 5089 ιιιιειιηιΧ
3260 5023 3380 5062 esse

1799 5087 2151 5144 constituere.
2189 5092 2364 5161 Atque
2395 5094 2448 5147 iu
2482 5094 2568 5150 his
2594 5097 2710 5164 ejus
2737 5098 2919 5154 fabula
2954 5103 3200 5171 cxplicit.

2283 5359 2506 5418 CONFU
2519 5362 2725 5419 TATIO
2755 5365 2797 5419 X
2811 5365 2893 5419 Vl.

1872 5444 1960 5500 73.
2000 5445 2161 5504 Sexta
2195 5449 2402 5507 decima
2433 5469 2462 5508 a
2493 5455 2810 5512 Moliamede
2839 5458 3018 5513 fabula
3056 5457 3373 5513 inscribitur

1825 5599 1971 5698 ἶ(18)
1995 5605 2334 5698 Christianos
2375 5613 2645 5698 designat,
2669 5613 2760 5698 qni
2794 5611 3076 5698 De‘oDPatri
3105 5616 3241 5674 dant
3273 5633 3368 5674 so-

2092 5693 2268 5747 potius
2295 5686 2809 5736 consubstantialem
2842 5684 3060 5738 Filium.

2092 5765 2133 5800 r.
2171 5749 2310 5809 XVI,
2347 5753 2436 5809 68.
2471 5754 2559 5809 56.
2597 5753 2686 5809 57.
2725 5753 2845 5809 HG.
2890 5757 3006 5809 121.

1867 5743 1981 5811 (nn
2012 5743 2133 5800 Sur.
2171 5749 2310 5810 xw,
2347 5753 2436 5814 68,
2471 5754 2559 5812 εδδ.
2597 5753 2686 5815 57,
2725 5753 2845 5819 ne,
2890 5757 3006 5811 ist.

1855 5813 1968 5887 (ιο)
2005 5815 2128 5875 Sui.
2161 5819 2320 5888 xvu,
2349 5823 2403 5889 ε,
2439 5823 2522 5889 15,
2564 5824 2646 5890 ns,
2682 5825 2770 5879 ιο.
