4168 6450
196 440 305 507 785

1356 431 1791 495 REFUTATIO
1826 428 2300 493 MOHAMEDIS.

3325 432 3431 498 766

197 557 309 607 όντι
371 551 650 621 κεφαλαίῳ
678 550 957 604 διαπίπτει
1002 549 1168 605 αὑτοῦ
1201 550 1350 602 πᾶσα
1377 551 1558 615 ἐλπίςο
1591 567 1757 620 φανε-
1787 592 1795 614 Α

1901 545 2042 615 loyse
2076 546 2212 602 ﬁlios
2257 544 2350 599 Dei
2395 544 2705 601 nominante
2730 586 2745 611 ,
2781 544 3084 602 Mohamedi
3113 545 3264 600 cordi
3296 560 3441 612 erat,

203 645 310 714 ρῶς
331 644 426 698 τοῦ
459 644 735 706 Μωῦσέως
792 644 943 706 υἱοὺς
967 643 1101 697 Θεοῦ
1122 642 1476 712 ὀνομάζοντος
1499 661 1515 675 ο
1543 642 1692 711 αύτῴ
1712 641 1767 693 δὲ

196 734 264 807 ἦν
292 742 324 807 ἡ
350 736 553 806 σπουδὴ
587 736 786 806 μηδένα
816 735 964 807 αύτῷ
989 735 1384 807 παραχωρῆσαι
1412 752 1426 768 ο
1464 737 1557 788 καὶ
1583 733 1769 805 ὥσπερ

197 832 553 891 ὲνθουσιάςας
579 828 897 898 ἀνταμείῦει
926 830 1052 893 τοὺς
1083 829 1437 900 χαρακτῆρας
1466 831 1573 881 τῶν
1604 847 1771 900 προσ.

197 922 366 975 ὠπων
396 922 488 973 καὶ
510 922 575 974 τὰ
601 921 716 989 εἴδη
735 934 748 947 ·
786 921 881 972 καὶ
914 921 1025 973 τῶν
1084 920 1399 991 θυγατέρων
1430 920 1539 972 τῶν
1565 921 1771 992 ἀνθρὼ-

198 1030 318 1064 πων
353 1012 683 1066 ἀναπλάττει
705 1012 926 1082 θηλείας
950 1011 1216 1081 ἀγγέλους
1249 1012 1390 1065 κατὰ
1411 1012 1503 1065 τὸν
1536 1013 1772 1085 Ἕλληνα

205 1105 374 1176 μῦθον
395 1121 409 1135 ’

348 1197 445 1255 Ιρις
470 1195 510 1243 δ’
532 1193 592 1242 αὖ
627 1193 792 1256 Ἑλένη
816 1185 1094 1257 λευκωλένῳ
1124 1193 1322 1255 ἄγγελος
1348 1192 1512 1253 ἦλθεν·
1540 1193 1643 1257 (22)

206 1345 327 1396 ὀντὶ
351 1342 407 1396 δὲ
441 1342 549 1394 τῶν
570 1340 703 1393 υίῶν
728 1339 820 1393 τοῦ
847 1341 983 1394 Θεοῦ
1009 1339 1426 1410 παραλαμϐάνει
1465 1341 1592 1403 τοὺς
1627 1341 1771 1405 υἱοὺς

203 1433 311 1485 τῶν
341 1430 645 1501 ἀνθρώπων
669 1446 685 1461 ⁸
743 1430 835 1483 καὶ
862 1428 1006 1482 οὕτω
1058 1429 1127 1483 τὰ
1164 1428 1285 1483 ἕδνα
1318 1430 1417 1499 τῆς
1448 1428 1613 1483 αὑτοῦ
1655 1430 1776 1483 άλοο

204 1524 331 1591 Tia;
355 1525 446 1575 καὶ
474 1521 781 1591 δυσφημίας
824 1523 939 1578 τοῖς
985 1518 1189 1585 ἀθλίοις
1218 1520 1513 1593 βαρϐάροις
1564 1521 1775 1591 προικί-

240 1630 309 1666 ει.

240 1630 309 1666 ει.

207 1613 237 1677 ζ
278 1704 370 1758 σε’.
413 1705 486 1758 Τὸ
525 1704 581 1758 δὲ
631 1705 847 1758 πάντων
896 1703 1272 1772 ἐλεεινότερον,
1325 1703 1409 1757 δτι
1463 1702 1613 1774 παρά
1641 1702 1776 1757 Θεοῦ

205 1801 365 1854 τοῦτο
400 1800 648 1869 γενέσθαι
683 1798 1065 1866 καταγγέλλει.
1094 1818 1113 1850 ι
1152 1797 1473 1862 Ἐπελέξατο
1508 1798 1615 1868 γὰρ
1649 1798 1779 1867 ύμῖν

1871 638 2078 691 nullum
2102 639 2327 691 omnino
2357 638 2523 692 lilium
2547 638 2654 694 Deo
2678 638 2974 693 concedere
3009 657 3021 693 :
3062 638 3288 707 ideoque
3321 649 3442 693 tau-

1870 745 2032 801 quam
2069 741 2236 786 (nstro
2264 730 2521 799 percitus,
2553 746 2904 801 personarum
2938 731 3140 787 formas
3162 740 3217 785 et
3246 748 3440 801 genera

1872 825 2123 878 immutat
2143 843 2157 890 ;
2175 834 2229 878 et
2254 839 2349 895 pro
2375 824 2584 879 ﬁliabus
2600 824 2905 884 hominum.
2930 824 3189 894 conﬁngit
3211 823 3442 878 feminas

1871 920 2112 988 angelos,
2138 918 2289 987 juxta
2317 916 2559 972 Graecam
2581 917 2818 973 fabulam
2849 934 2864 971 :

1935 1207 2026 1258 Iris
2064 1220 2181 1258 vero
2231 1209 2289 1258 ad
2330 1207 2571 1259 Helenam
2608 1206 2828 1257 candidis
2864 1207 2995 1269 ulnis
3027 1204 3279 1269 praeditam
3311 1206 3449 1269 venit

2965 1268 3178 1333 [nuncia
3205 1268 3443 1329 (angeia).

1874 1349 2029 1405 Filiis
2071 1361 2254 1405 autem
2284 1349 2377 1404 Dei
2422 1351 2562 1406 ﬁlios
2606 1350 2888 1404 hominum
2924 1350 3224 1404 substituit.
3271 1351 3449 1418 Atque

1876 1441 1949 1494 ita
1980 1443 2136 1511 quasi
2160 1441 2414 1510 sponsale
2434 1442 2676 1497 stultitia:
2706 1458 2817 1497 sua:
2840 1457 3039 1496 munus
3080 1442 3293 1499 miseris
3324 1441 3450 1496 bar-

1877 1532 2025 1589 baris
2063 1532 2305 1589 exhibet.

1948 1711 2038 1765 75.
2073 1708 2228 1776 Quod
2268 1722 2396 1764 vero
2434 1723 2541 1778 pra:
2586 1707 2797 1763 ca-teris
2837 1706 3227 1776 deplorandum
3274 1717 3377 1773 est,
3422 1724 3451 1761 a

1878 1801 1988 1858 Deo
2018 1803 2120 1856 hoc
2159 1802 2358 1856 factum
2399 1799 2628 1853 afﬁrmat
2659 1816 2673 1853 :
2718 1818 2733 1850 ι
2760 1797 2933 1869 Elegit
2957 1801 3097 1852 enim
3128 1800 3280 1854 vobis
3313 1800 3454 1854 Deus

205 1897 233 1946 ὁ
256 1894 457 1964 Κύριος
486 1892 641 1963 ήμῶν
669 1891 836 1944 τέκνα
854 1906 867 1921 ·
902 1892 993 1944 καὶ
1012 1890 1307 1944 ἐπελάϐετο
1330 1891 1392 1943 ὲκ
1408 1889 1513 1942 τῶν
1536 1890 1782 1957 ἀγγέλων

1901 1906 2066 1953 noster
2102 1896 2263 1956 ﬁlios.
2310 1894 2644 1963 sumpsitque
2683 1908 2749 1948 ex
2810 1892 3016 1963 angelis
3062 1891 3309 1945 feminas.
3345 1889 3456 1945 Vos

204 1988 424 2055 θηλείας
450 2004 464 2019 ·
499 1988 657 2054 ὑμεῖς
684 1984 739 2037 δὲ
784 1984 971 2053 λέγετε
999 1984 1194 2052 λόγους
1248 1982 1535 2052 μεγάλους.
1566 2000 1584 2033 ι
1642 1983 1781 2047 Τοὺς

205 2081 338 2149 περὶ
364 2079 459 2132 τοῦ
488 2077 623 2131 Θεοῦ
655 2096 841 2148 φησιν,
875 2078 957 2131 ὅτι
978 2076 1044 2144 δὴ
1082 2075 1346 2148 φημίζετε
1378 2076 1456 2145 τῷ
1486 2075 1605 2146 Θεῷ
1634 2076 1783 2135 υἱοὺς

205 2170 372 2237 ἔχειν,
409 2170 501 2222 καὶ
520 2169 739 2231 τούτους
761 2166 1117 2236 πεποιηκέναι
1139 2166 1421 2236 γαμϐροὺς
1446 2165 1747 2236 ἀνθρώπων
1765 2181 1779 2195 ο

206 2258 413 2325 μᾶλλον
440 2259 539 2328 μὲν
562 2253 653 2311 οὖν
669 2258 934 2325 ἀγγέλους
961 2255 1177 2325 θηλείας
1203 2255 1420 2326 νύμφας
1448 2255 1644 2309 δέδωκε
1668 2258 1783 2321 τοῖς

206 2354 345 2413 υἱοῖς
374 2352 484 2403 τῶν
506 2351 602 2403 ἀνθ
612 2350 830 2421 ρώπων*
855 2350 930 2413 ὡς
948 2348 1039 2400 ἐπὶ
1059 2347 1337 2417 διορθώσει
1355 2348 1462 2400 τῶν
1478 2349 1782 2403 Μωσαῖκῶν

205 2442 435 2494 τοιαῦτα
493 2442 749 2508 φάσκωνο
794 2432 983 2492 τούτου
1022 2439 1181 2509 χάριν
1226 2440 1283 2491 ὲν
1332 2438 1409 2509 τῷ
1457 2441 1561 2510 πρὸ
1592 2440 1782 2493 τούτου

210 2534 371 2604 μύθῳ
410 2532 696 2603 ἐξόμνυται
722 2534 802 2586 ὃτι
826 2534 881 2586 ai
909 2531 1119 2602 θήλειαι
1146 2530 1367 2598 ἄγγελοι
1388 2533 1485 2585 οὐκ
1522 2533 1631 2585 εἰσὶ
1650 2532 1784 2585 Θεοῦ

208 2627 544 2695 θυγατέρες
588 2626 727 2694 πλὴν
756 2628 834 2679 ὅτι
866 2625 1073 2694 θήλειαι
1107 2628 1210 2679 εἰσι
1261 2624 1535 2694 κραταιῶς
1591 2624 1788 2692 ἀγωνί-

209 2716 364 2781 ζεται
390 2719 501 2786 (25)
529 2736 541 2750 ·
565 2718 680 2770 ἀλλ’
707 2718 853 2785 οἶμοι
876 2717 954 2785 τῷ
988 2716 1428 2788 άμαρτωλοτέρῳ
1456 2713 1635 2783 πάσης
1659 2730 1790 2783 σαρ-

208 2812 305 2873 κός
331 2812 344 2863 !
382 2811 465 2863 ὅτι
498 2807 877 2877 ἀναγκάζομαι
905 2808 1073 2862 θέλων
1104 2808 1322 2875 ἐλέγξαι
1356 2807 1446 2859 τὸν
1479 2805 1672 2876 ἐχθρὸν
1694 2804 1789 2858 τοῦ

209 2903 346 2956 θεοῦ
367 2945 382 2966 ,
416 2901 588 2955 ταῦτα
622 2901 715 2953 καὶ
746 2900 813 2953 τά
850 2899 1076 2954 τοιαῦτα
1125 2899 1336 2952 λαλεῖν
1367 2897 1418 2950 τί
1465 2897 1558 2950 οῦν
1603 2896 1791 2949 λοιπὸν

210 2996 351 3064 πρὸς
377 2992 553 3046 ταῦτα
607 2991 823 3061 ἐροῦσιν
851 2992 900 3043 οἱ
931 2989 1243 3059 ἁρνησίθεοι
1298 2988 1631 3057 Σαρακηνοί;
1682 2983 1792 3057 ἆρα

212 3086 653 3155 φιλονεικήσουσι
683 3083 819 3152 μετά
845 3081 1283 3151 ταῦτα,θεόπτην
1308 3080 1548 3149 Μωάμετ
1572 3080 1791 3144 καλεῖνς

1882 1999 2060 2045 autem
2110 1987 2288 2042 dicitis
2336 1987 2567 2055 grandes
2618 2000 2949 2046 sermones,»
2982 1998 3175 2051 nempe
3229 1982 3297 2037 de
3325 1980 3454 2046 Deo,

1880 2081 2318 2155 quandoquidem
2359 2081 2521 2134 Deum
2558 2078 2697 2133 ﬁlios
2736 2078 2935 2132 habere
2960 2077 3242 2141 dictitatis,
3293 2085 3458 2146 atque

1882 2176 1985 2231 bos
2028 2174 2311 2228 hominum
2361 2171 2555 2227 fecisse
2582 2184 2812 2240 generos
2844 2186 2859 2236 ;
2891 2184 3014 2223 cum
3054 2179 3244 2222 contra
3277 2166 3460 2235 potius

1882 2268 2104 2340 angelos
2121 2266 2351 2322 feminas
2374 2265 2499 2321 ﬁliis
2523 2264 2802 2320 hominum
2829 2277 3028 2318 uxores
3060 2261 3273 2317 dederit
3296 2277 3309 2313 :
3339 2274 3463 2328 qua:

1884 2361 2090 2416 scilicet
2135 2359 2198 2414 ad
2242 2357 2493 2413 Mosaicae
2540 2356 2782 2411 historia:
2826 2354 3259 2410 emendationem
3306 2350 3460 2405 dicit.

1885 2453 2173 2523 Propterea
2196 2451 2249 2505 in
2282 2449 2618 2520 praecedente
2645 2447 2826 2503 fabula
2850 2446 3075 2517 juravit,
3104 2444 3335 2498 feminas
3362 2457 3463 2495 an-

1887 2546 2036 2615 gelos
2065 2558 2171 2599 non
2212 2556 2335 2598 esse
2376 2541 2469 2595 Dei
2505 2541 2643 2596 tilias
2677 2557 2691 2596 :
2746 2548 2801 2596 et
2846 2538 3198 2594 nihilominus
3245 2535 3467 2606 angelos

1888 2650 2011 2692 esse
2034 2633 2262 2690 feminas
2286 2631 2563 2688 mordicus
2591 2631 2888 2709 contendit.
2929 2630 3032 2685 Sed
3064 2632 3167 2684 heu
3196 2628 3325 2682 mihi
3359 2642 3469 2696 prae

1890 2729 2143 2784 universa
2167 2742 2329 2782 carne
2360 2727 2654 2795 peccatori,
2681 2724 2773 2794 qui
2804 2738 2990 2794 cogor,
3022 2718 3465 2792 quandoquidem

1892 2822 1985 2875 Dei
2017 2821 2228 2874 hostem
2252 2818 2377 2872 volo
2403 2816 2708 2878 confutare,
2747 2824 2825 2869 tot
2856 2815 3093 2883 taliaque
3124 2812 3272 2880 loqui
3302 2812 3316 2865 l
3353 2808 3470 2864 Ca:-

1896 2910 2105 2979 teroqui
2135 2908 2266 2978 quid
2294 2906 2361 2961 ad
2389 2907 2502 2961 haec
2531 2906 2715 2961 dicent
2742 2904 2832 2959 Dei
2857 2913 3140 2975 negatores
3165 2900 3420 2956 Saraceni
3447 2901 3471 2953 ἲ

1893 3002 2034 3058 Num
2058 3000 2313 3071 posthaec
2335 2999 2515 3053 volent
2536 2998 2715 3053 adhuc
2741 2994 3467 3067 pertinaciterMoluamedem

1898 3094 2168 3164 appellare
2213 3092 2305 3147 Dei
2336 3090 2680 3153 familiarem,
2713 3099 2767 3144 et
2806 3104 2913 3142 non
2955 3087 3135 3157 potius
3169 3085 3470 3156 praestigia-

211 3179 243 3249 ἢ
277 3178 490 3247 μᾶλλον
536 3175 785 3227 ὲπαοιδὸν
834 3174 931 3227 καὶ
961 3173 1133 3244 γόητα
1164 3174 1257 3225 καὶ
1312 3170 1601 3223 ἀπατεῶνα
1637 3168 1795 3222 αὑτὸν

1901 3200 2070 3242 torem
2111 3197 2166 3239 et
2196 3183 2457 3253 magum?
2483 3198 2580 3237 nec
2601 3197 2724 3237 eum
2753 3182 2930 3247 potius
2963 3190 3021 3233 ut
3045 3177 3329 3232 manifeste
3362 3178 3473 3245 pla-

211 3245 501 3344 saevam
525 3271 882 3334 διαπτύουσι;
919 3266 1318 3337 βαττολογήσας
1364 3263 1419 3315 δὲ
1452 3263 1546 3314 καὶ
1591 3261 1793 3330 δυσφη-

1901 3297 2031 3336 num
2064 3278 2372 3333 convictum
2408 3275 2712 3343 despuent?
2736 3274 3016 3327 Blaterans
3045 3280 3225 3324 autem
3248 3309 3261 3329 ,
3294 3278 3349 3321 et
3389 3267 3475 3321 his

214 3369 400 3435 μήαας
429 3362 642 3423 τούτοις
668 3361 826 3430 ὅμοια
854 3359 1099 3421 πλείονα,
1122 3356 1311 3424 ὥσπερ
1341 3354 1439 3425 ἤδη
1473 3354 1663 3421 σαφεῖς
1703 3352 1795 3404 καὶ

211 3457 650 3525 ἀναντιρρήτως
673 3454 736 3505 ὲκ
786 3452 989 3505 τούτων
1030 3449 1127 3513 τὰς
1161 3447 1463 3512 ἀποδείξεις
1491 3443 1797 3513 ποιησάμε-

210 3565 301 3610 νος
328 3547 532 3613 ἐπάγει
554 3562 568 3576 ·
607 3564 623 3593 ι
659 3544 765 3595 Καὶ
787 3543 931 3595 εἰπέο
981 3538 1304 3610 Εὐχαριατῶ
1351 3537 1429 3606 τῷ
1453 3535 1573 3606 Θεῷ
1615 3534 1690 3603 τῷ
1724 3533 1798 3603 μὴ

210 3637 534 3692 ἑπιλαϐόντι
563 3635 700 3688 υἱόν.
726 3654 743 3685 ι
780 3633 891 3687 Καὶ
916 3635 974 3687 ὲν
992 3633 1201 3694 τούτοις
1234 3628 1311 3701 τῷ
1337 3627 1598 3698 φληνάφῳ
1624 3627 1799 3693 πέρας

210 3731 459 3797 τίθησιν.

731 3810 1172 3868 ΕΛΕΓΚΤΙΚΟΣ
1218 3806 1312 3862 ΙΖ’.

280 3911 401 3975 ος’.
437 3909 508 3962 Τὸ
542 3907 998 3962 ἑπτακαιδέκατον
1036 3902 1294 3975 μυθάριον
1320 3900 1430 3970 (24)
1464 3899 1542 3971 τῷ
1558 3898 1803 3968 Μωάμετ

211 4003 639 4072 ἐπιγέγραπται
698 3997 818 4067 μὲν,
855 3998 957 4061 Εἰς
1009 3993 1153 4060 τοὺς
1192 3994 1463 4061 ἑταίρους
1512 3990 1617 4045 τοῦ
1651 4006 1806 4056 σπη-

211 4098 427 4156 λαίου.
457 4093 753 4162 ἀφηγεῖται
800 4089 858 4142 δὲ
908 4086 1006 4157 τὴν
1061 4083 1172 4137 τῶν
1200 4083 1372 4151 άγίων
1410 4080 1553 4134 ἑπτὰ
1596 4080 1805 4133 παίδων

210 4190 324 4242 τῶν
360 4190 428 4241 ὲν
465 4184 679 4252 Ἐφέσῳ
705 4180 844 4234 κατὰ
867 4180 929 4232 τὸ
959 4175 1217 4248 σπήλαιον
1244 4174 1441 4245 φυγὴν,
1466 4171 1672 4227 καὶτὸν
1707 4170 1804 4224 θά-

215 4295 407 4342 νατον,
443 4276 544 4328 καὶ
571 4276 671 4343 τὴν
697 4271 991 4325 ἀνάστασιν
1010 4285 1024 4298 ·
1059 4266 1265 4321 τούτων
1294 4266 1350 4319 δὲ
1399 4265 1808 4334 ἐμνημόνευσεν

213 4374 244 4425 ὁ
276 4370 507 4439 ἰδιώτης
532 4368 629 4420 καὶ
667 4363 937 4437 βάρϐαρος
984 4359 1126 4414 κατά
1149 4360 1382 4430 τρόπους
1419 4357 1533 4422 δύο,
1567 4356 1665 4409 ἕνα
1709 4355 1809 4426 μὲν

212 4465 309 4517 τοῦ
333 4463 495 4527 δόξαι
525 4457 751 4528 γραφῶν
779 4456 987 4511 πολλῶν
1019 4454 1281 4524 ἔμπειρος
1336 4447 1497 4517 εἶναι,
1530 4452 1715 4521 ἓτερον
1752 4449 1812 4503 δὲ

212 4556 310 4610 τοῦ
343 4553 679 4623 σφετερίσαι
709 4552 788 4613 είς
813 4550 874 4602 τὸ
906 4546 1098 4601 ἑαυτοῦ
1127 4546 1305 4614 δόγμα
1354 4545 1415 4597 τὸ
1465 4545 1586 4597 κατ’
1612 4543 1810 4606 αὐτοὺς

215 4651 447 4719 θαῦμα·
486 4644 677 4714 ἐπειδὴ
716 4644 773 4697 δὲ
818 4642 1005 4711 σαφῶς
1049 4639 1164 4711 ἤδει
1207 4639 1571 4709 Χριστιανοὺς
1611 4637 1809 4699 αὐτοὺς

215 4742 381 4803 bna;
410 4739 515 4794 καὶ
553 4736 891 4805 σωζομένους
928 4731 1219 4802 ἀκεραίους
1249 4728 1385 4798 μετὰ
1410 4728 1657 4793 θάνατον,
1679 4727 1814 4781 ὲτῶν

216 4835 497 4888 πλειόνων
556 4830 992 4899 προσεποιήσατο
1050 4824 1272 4893 άγνοιαν
1323 4824 1613 4891 ἐπαινετὴν
1641 4837 1654 4852 ·
1718 4819 1817 4874 καὶ

218 4924 718 4999 σχηματισάμενος
760 4921 1041 4976 ἀκίνδυνον
1094 4916 1361 4986 ὑπόληψιν
1397 4916 1524 4987 περὶ
1575 4914 1709 4969 Θεοῦ
1735 4916 1815 4969 ὃτι

217 5023 382 5085 αὐτὸς
406 5015 565 5075 οἶδεν
591 5017 689 5070 ὅσα
722 5016 888 5077 ποιεῖ,
919 5010 1152 5075 καὶπῶς
1176 5010 1315 5064 αὐτὰ
1338 5011 1502 5076 ποιεῖ,
1529 5008 1817 5085 ἐκφεύγειν

218 5118 394 5171 οἴεται
426 5112 539 5184 τὴν
572 5110 679 5163 τῶν
728 5107 936 5161 πολλῶν
968 5105 1308 5177 πραγμάτων
1338 5076 1595 5173 ἔρευνανῖ
1610 5104 1675 5173 ἣν
1700 5101 1820 5155 οὐδὲ

221 5214 394 5265 θέλων
426 5207 707 5276 ἐγίνωσκε
730 5219 742 5232 ·
782 5201 924 5270 πλὴν
984 5200 1168 5269 μέντοι
1199 5196 1307 5251 οὐδ’
1340 5196 1537 5259 αὐτοὺς
1574 5194 1821 5264 παρῆλθε

221 5306 343 5376 δίχα
365 5304 585 5372 ψόγου·
618 5299 749 5367 φησί
770 5295 907 5365 γάρ·
944 5312 961 5345 ι
1000 5294 1258 5364 Νομίζεις
1291 5291 1485 5352 αὐτοὺς
1516 5287 1820 5359 ἐγρηγορό-

222 5415 341 5461 τας,
371 5395 478 5449 καὶ
507 5389 669 5445 αὐτοὶ
697 5387 996 5458 κοιμῶνται
1023 5402 1038 5416 ’
1070 5386 1431 5458 ἀναστρέφεις
1478 5383 1674 5444 αὐτοὺς
1730 5381 1824 5433 ἐπὶ

224 5492 400 5560 δεξιὸν
433 5488 541 5543 καὶ
574 5484 666 5538 ἐπὶ
710 5483 770 5538 τὸ
800 5481 1110 5554 ἀριστερὸν,
1154 5481 1251 5534 καὶ
1280 5480 1339 5534 τὸ
1367 5478 1552 5533 σκυλ“ιν
1590 5477 1702 5548 (25)
1732 5476 1825 5529 αύ-

297 5632 414 5701 (se)
446 5629 622 5701 "om.
654 5624 828 5701 nica.
863 5622 952 5685 Ill,
986 5622 1110 5677 iet.

290 5690 408 5773 (9.5)
447 5698 745 5773 uelandus
771 5697 825 5749 in
858 5708 1020 5773 opere
1050 5690 1394 5773 saepeJcitato
1433 5699 1573 5773 part.
1613 5702 1824 5773 II,_cap.

239 5759 320 5837 l'p‘,
367 5759 545 5842 negat
578 5782 609 5820 a
643 5759 1051 5821 Mohamedanis
1072 5759 1368 5819 existimari
1414 5765 1634 5832 angelos
1674 5759 1826 5814 femi-

234 5862 354 5900 IN“.

304 5915 418 5985 (ις)
456 5912 597 5968 Sur.
622 5904 811 5971 X'i'lll,
854 5904 1017 5974 3,17,
1050 5905 1141 5971 es,
1176 5905 1263 5970 δι,
1307 5904 1390 5968 tu,
1428 5902 1515 5968 6-2.,
1550 5904 1632 5956 sv.

1900 3371 2055 3441 plura
2081 3370 2278 3424 similia
2305 3366 2706 3436 blasphemans,
2724 3364 2881 3434 quasi
2916 3361 3229 3417 manifestas
3258 3369 3311 3411 et
3337 3358 3472 3411 irre-

1900 3461 2151 3518 futabiles
2175 3459 2390 3515 fecisset
2422 3456 2931 3517 demonstrationes,
2959 3454 3109 3507 addit
3141 3470 3153 3504 :
3189 3470 3205 3502 ι
3241 3450 3307 3503 Et
3352 3448 3475 3503 dic;

1900 3550 2046 3605 Laus
2078 3550 2187 3605 Deo
2212 3549 2303 3619 qui
2334 3549 2501 3603 lilium
2524 3563 2627 3602 non
2664 3546 2927 3616 suscepit!
2956 3563 2973 3595 ι
3001 3546 3175 3613 Atque
3192 3541 3277 3597 his
3296 3540 3478 3602 dictis,

1901 3638 2098 3695 fabulae
2130 3654 2241 3694 sure
2264 3638 2424 3693 ﬁnem
2458 3637 2707 3708 imponit.

2363 3812 2807 3874 CONFUTATIO
2846 3812 3011 3869 XVII.

1978 3913 2063 3968 76.
2100 3912 2317 3967 Decima
2341 3911 2568 3980 septima
2585 3925 2612 3961 a
2638 3908 2952 3963 llohamede
2970 3906 3150 3961 fabula
3167 3902 3485 3959 inscribitur

1907 4004 2129 4060 Sodales
2159 4003 2417 4071 spelunca
2446 4016 2464 4055 :
2495 4011 2682 4055 narrat
2714 4009 2894 4055 autem
2928 4006 3245 4054 sanctorum
3274 4005 3482 4065 septem

1907 4094 2335 4151 adolescentium
2365 4092 2560 4163 Ephesi
2585 4091 2651 4146 ad
2680 4092 2995 4159 speluncam
3024 4088 3229 4159 fugam,
3248 4094 3303 4142 et
3334 4102 3486 4141 mor-

1909 4196 2016 4242 tem
2068 4196 2121 4241 et
2173 4185 2649 4240 resurrectionem.
2690 4181 2801 4238 Hos
2844 4197 2974 4237 vero
3013 4189 3280 4235 memorat
3317 4179 3487 4233 idiota

1910 4279 2177 4335 barbarus
2208 4277 2411 4347 duplici
2437 4292 2503 4331 ex
2533 4290 2697 4331 causa
2725 4292 2741 4340 ;
2775 4288 2880 4328 una
2905 4273 3124 4343 quidem
3158 4280 3217 4326 ut
3240 4272 3489 4325 videatur

1910 4373 2203 4428 multarum
2238 4370 2630 4439 scripturarum
2675 4382 2879 4436 Gnarus
2907 4383 2923 4432 ;
2954 4366 3121 4419 altera
3151 4372 3209 4417 ut
3238 4363 3323 4418 sui
3355 4362 3489 4431 dog-

1912 4464 2074 4519 matis
2100 4462 2377 4531 proprium
2419 4457 2582 4513 faciat
2609 4457 2753 4527 quod
2787 4457 2893 4510 illis
2931 4454 3111 4509 evenit
3143 4453 3487 4507 miraculum.

1914 4554 2052 4622 Quia
2082 4568 2209 4607 vero
2244 4550 2408 4621 probe
2436 4549 2639 4604 sciebat
2661 4547 2829 4602 fuisse
2858 4546 2979 4600 illos
3008 4543 3369 4605 Christianos,
3404 4551 3492 4595 at-

1919 4664 2027 4719 que
2066 4646 2367 4701 incolumes
2419 4651 2539 4711 post
2590 4649 2819 4696 mortem
2877 4647 3143 4700 servatos,
3195 4636 3489 4691 multorum

1921 4755 2188 4795 annorum
2213 4737 2492 4792 simulavit
2523 4733 2882 4804 ignorantiam
2906 4728 3251 4789 laudabilem.
3272 4742 3494 4798 praeque

1922 4849 1982 4891 se
2006 4832 2186 4887 ferens
2229 4843 2478 4885 securam
2509 4826 2577 4881 de
2611 4824 2720 4879 Deo
2751 4823 3085 4894 opinionem,
3123 4833 3316 4888 nempe
3353 4817 3501 4871 scire

1923 4941 2047 4982 eum
2086 4940 2205 4994 qua:
2242 4922 2389 4981 facit,
2428 4930 2481 4975 et
2518 4917 2791 4987 quomodo
2818 4930 2879 4970 ea
2919 4912 3077 4978 facit,
3113 4912 3387 4967 declinare
3414 4908 3498 4963 sic

1924 5022 2078 5087 putat
2111 5013 2402 5068 multarum
2439 5024 2620 5064 rerum
2662 5006 3099 5076 vestigationem,
3147 5016 3312 5073 quam
3346 5014 3414 5053 ne
3448 4997 3497 5053 si

1921 5108 2079 5163 vellet
2101 5105 2317 5175 quidem
2342 5107 2750 5171 assequeretur.
2772 5098 3017 5152 Attamen
3051 5110 3118 5150 ne
3149 5095 3248 5149 hos
3274 5092 3496 5161 quidem

1922 5199 2039 5255 sine
2057 5194 2451 5265 vituperatione
2471 5207 2591 5246 esse
2622 5190 2777 5246 sinit.
2809 5187 3057 5242 Aitenim
3093 5204 3105 5239 :
3156 5203 3173 5238 ι
3202 5181 3502 5239 Existimas

1923 5292 2043 5345 illos
2064 5287 2369 5356 vigilantes,
2402 5295 2456 5337 at
2503 5282 2604 5351 ipsi
2638 5277 2918 5335 dormiunt
2949 5292 2964 5331 :
3013 5288 3201 5329 Versas
3242 5287 3337 5327 eos
3367 5271 3503 5325 dex-

1926 5392 2161 5439 trorsum
2187 5388 2240 5434 et
2263 5378 2637 5432 sinistrorsum
2676 5390 2688 5427 :
2720 5381 2773 5427 et
2805 5374 2957 5425 canis
2984 5384 3174 5424 eorum
3204 5365 3503 5421 extendens

1926 5473 2148 5531 brachia
2195 5485 2293 5529 sua
2328 5469 2383 5523 in
2429 5468 2668 5537 pulvere.
2715 5463 2983 5519 Dominus
3027 5462 3130 5516 scit
3171 5473 3260 5513 res
3288 5470 3501 5511 eorum.

2007 5611 2117 5682 (9.5)
2149 5609 2203 5664 lu
2231 5610 2501 5664 Alcorano
2528 5603 2692 5658 Arab.
2716 5603 2901 5682 cunis;
2930 5599 3114 5682 itaque
3133 5595 3213 5651 sic
3241 5595 3504 5682 interpr-2:

1934 5660 2639 5739 torivN'i-celaminostrum,
2670 5675 2761 5743 qni
2794 5660 2909 5743 cur
2931 5660 3121 5737 legerit
3168 5665 3372 5743 σκυλίν.
3397 5660 3505 5743 ‘alii

1932 5731 2208 5821 quadra}:
2224 5731 2475 5821 Fortasse
2493 5731 2771 5821 proprium
2791 5731 3165 5821 eanis_n'ome_n
3183 5736 3282 5790 fuit
3298 5731 3508 5821 scylicf

1932 5800 2380 5877 léi'iiisia'ésai's’
2402 5800 2880 5889 ita'appellabatur
2915 5810 2986 5868 ob
3019 5809 3237 5865 mistum
3286 5800 3507 5862 ex’albo

1934 5895 2206 5963 rubroque
2232 5892 2487 5947 colorem.
