4168 6450
713 372 814 434 767

1955 385 2246 446 ΝΙΟΕΤΕ
2285 389 2685 452 BYZANTINI

3839 394 3942 458 768

714 486 908 538 l-iicunt
950 483 1024 538 illi
1058 484 1148 554 qui
1190 488 1583 553 prmvaluerunt
1615 490 1667 543 in
1720 494 1936 562 negotio
1984 494 2222 563 ipsorum
2256 515 2267 549 :

2395 502 2478 552 τῶν
2510 501 2692 555 άπλῶν
2730 500 2867 572 [εοά.
2897 502 3168 569 ἁπλῶνον]
3213 503 3337 566 τοὺς
3367 504 3653 574 βραχίονας
3676 505 3838 560 αὑτοῦ
3866 510 3945 560 είῖ

714 576 1111 628 t‘onstituimus
1159 591 1320 644 super
1342 594 1436 632 eos
1477 582 1794 636 oratorium.
1841 583 2051 638 Ilahent
2095 587 2274 640 dicere

713 663 881 716 fuisse
925 674 1052 725 tres,
1103 675 1358 733 quartum
1409 669 1649 736 ipsorum
1681 687 1868 727 canem
1895 713 1909 738 ,
1941 684 1994 726 et
2025 675 2272 730 abstrusa

713 771 935 808 narrare
969 755 1220 810 videntur
1247 775 1261 823 ;
1293 769 1344 812 et
1374 760 1494 819 hoc,
1528 760 1722 830 inquit,
1757 779 1928 832 usque
1953 764 2019 817 ad
2048 775 2272 833 septem.

714 845 973 899 Dominus
1009 847 1109 900 scit
1139 864 1446 902 mensuram
1475 852 1844 923 (numerum)
1879 855 2092 909 illorum
2129 876 2143 923 ;
2181 874 2279 913 nec

712 936 815 988 nisi
859 937 1015 1004 pauci
1057 941 1236 993 sciunt
1273 957 1386 994 eos.
1420 960 1437 992 ι
1464 941 1663 998 Deinde
1703 946 1973 1001 nonnullis
2017 948 2139 1002 aliis
2183 951 2280 1002 ah-

711 1026 892 1080 surdis
919 1027 1239 1093 ioculariter
1263 1032 1444 1096 dictis,
1475 1036 1802 1090 mentionem
1831 1037 1993 1092 infert
2015 1040 2274 1106 paradisi,

710 1117 936 1186 ejusque
966 1122 1329 1175 conditionem
1361 1126 1585 1192 exponit
1609 1127 1687 1180 sic
1714 1145 1727 1178 :
1763 1126 1902 1183 «Nos
1943 1130 2082 1183 haud
2114 1131 2277 1185 omit—

712 1217 890 1261 temus
929 1210 1231 1263 mercedem
1278 1211 1515 1277 illorum,
1558 1216 1650 1284 qui
1691 1215 1826 1270 bene
1865 1219 2092 1287 egerint.
2129 1216 2281 1288 Ipsos

713 1310 892 1352 manet
938 1301 1220 1368 paradisus
1254 1303 1322 1376 in.
1357 1304 1500 1358 Eden
1539 1324 1550 1358 :
1590 1307 1777 1361 subter
1817 1322 1943 1361 eum
1987 1308 2282 1365 decurrunt

714 1390 878 1444 ﬂuvii.
909 1390 1018 1445 Illic
1051 1403 1317 1447 ornantur
1351 1396 1581 1450 armillis
1614 1397 1817 1462 aureis,
1867 1398 2167 1454 induuntur
2192 1416 2281 1454 ve-

714 1483 885 1536 stibus
916 1499 977 1536 ex
1007 1484 1233 1538 sindone
1257 1488 1468 1553 prasina
1499 1496 1592 1540 aut
1614 1489 1884 1557 styracina
1911 1506 1926 1554 ;
1959 1491 2282 1544 accumben-

716 1585 794 1627 tes
821 1575 892 1628 ibi
921 1576 971 1628 in
995 1576 1166 1630 lectis.
1191 1576 1336 1630 Bona
1357 1578 1660 1642 retributio,
1680 1581 1972 1648 etpulchra
1995 1582 2216 1636 fruitiol
2259 1601 2276 1633 ι

715 1667 907 1722 I'ostca
937 1669 1251 1734 deblaterat,
1283 1680 1444 1738 prout
1471 1672 1633 1725 etiam
1667 1683 1849 1736 antea,
1894 1674 1960 1727 de
1998 1686 2150 1743 patre
2185 1689 2284 1728 suo

715 1760 899 1823 llelial,
935 1769 988 1812 et
1021 1761 1086 1814 de
1127 1760 1334 1814 Adamo
1381 1776 1442 1814 ac
1490 1760 1671 1830 Moyse
1711 1761 1992 1830 peregrina
2037 1764 2280 1831 quadam

713 1862 874 1921 atque
905 1853 1096 1906 delira.
1124 1851 1256 1905 Exin
1288 1852 1353 1905 de
1377 1823 1687 1906 Alexandro
1712 1823 2006 1907 Macedone
2038 1823 2281 1922 loquitur
2311 1823 2358 1881 Β

715 1947 795 2000 sic
823 1966 834 1998 ;
875 1965 893 1996 ‹
927 1943 1068 2013 quod
1102 1958 1291 2012 nempe
1325 1943 1516 1997 abierit
1548 1958 1720 2012 usque
1749 1943 1814 1997 ad
1847 1944 2278 2014 solisoccasum,

717 2039 992 2105 siilemque
1016 2036 1339 2103 compererit
1361 2035 1412 2087 in
1438 2035 1668 2088 calidam
1701 2050 1896 2104 aquam
1923 2035 2192 2105 demergi:
2230 2049 2284 2091 et

715 2131 858 2198 quod
892 2144 1108 2183 murum
1142 2129 1244 2183 sub
1275 2129 1526 2196 aquilone
1557 2127 1847 2181 muniverit
1879 2138 2061 2182 contra
2089 2129 2204 2197 Gog
2230 2137 2284 2182 et

717 2223 905 2294 Magog
941 2239 954 2275 :
990 2231 1044 2275 et
1075 2229 1218 2290 quod
1252 2220 1341 2274 Dei
1378 2220 1540 2274 unius
1562 2219 1737 2274 cultor
1769 2220 1929 2274 fuerit
1955 2220 2282 2285 Alexander,

716 2329 868 2379 :vque
886 2329 948 2366 ac
973 2312 1334 2376 Ahrahamus,
1355 2321 1408 2364 et
1425 2310 1646 2364 minime
1666 2311 1938 2366 ethnicus.
1966 2312 2234 2380 Additque
2268 2329 2282 2366 :

717 2401 828 2456 Nos
846 2417 1132 2455 narramus
1150 2402 1214 2455 de
1236 2401 1328 2454 illo
1348 2400 1626 2454 historiam
1647 2414 1771 2454 cum
1794 2402 2038 2456 veritate.
2061 2422 2080 2454 ι
2101 2402 2287 2468 Qualis

717 2503 898 2548 autem
932 2496 1004 2548 sit
1034 2493 1195 2562 hujus
1221 2493 1294 2546 rei
1333 2493 1549 2556 veritas,
1579 2493 1761 2545 cuncti
1799 2493 1878 2546 vel
1905 2495 2062 2548 nobis
2101 2505 2288 2548 tacen-

721 2587 863 2640 uibus
893 2585 1090 2640 sciunt.
1132 2585 1371 2654 Denique
1405 2600 1527 2638 cum
1574 2585 1847 2640 consuetis
1884 2585 1986 2641 sibi
2033 2587 2290 2642 marcidis

721 2675 966 2730 lormulis
993 2675 1228 2728 fabulam
1262 2674 1484 2728 claudit.

2377 593 2466 643 τὸν
2495 593 2652 660 χοῦν·
2683 595 2713 645 ὁ
2737 593 2938 664 Κύριος
2969 589 3077 646 οἶδε
3097 597 3164 648 τά
3195 595 3322 665 περί
3339 595 3534 658 αὐτούς
3554 615 3566 626 ·
3591 598 3840 664 λέγουσιν
3868 599 3944 650 οἴ-

2378 697 2516 742 τινες
2563 680 2816 749 ἐνίκησαν
2865 682 3050 735 ἐπάνω
3088 683 3182 735 τοῦ
3210 686 3528 754 πράγματος
3557 687 3734 738 αὐτῶν
3760 703 3772 716 ·
3817 688 3949 740 Ἐπ-

2352 770 2640 840 .ελά6ομεν
2695 772 2880 827 ἐπάνω
2931 774 3108 827 αὐτῶν
3173 779 3675 848 προσκυνητήριον·
3734 780 3950 848 ἔχουσιν

2377 863 2549 913 εἰπεῖν
2607 864 2790 933 τρετς’
2837 865 3094 936 τέταρτος
3156 865 3334 919 αὐτῶν
3381 869 3442 921 τὸ
3499 869 3683 920 σκυλὶν
3731 872 3943 922 αὐτῶν·

2377 953 2660 1018 δοκοῦντες
2707 956 2776 1008 τὰ
2833 957 3040 1010 ἀπόντα
3094 957 3303 1026 λέγειν·
3364 962 3460 1012 καὶ
3517 961 3694 1025 τοῦτο,
3763 965 3949 1030 φησιν,

2379 1042 2481 1103 ἕως
2500 1043 2608 1094 τῶν
2635 1046 2795 1098 ἑπτά·
2812 1048 2839 1099 ὁ
2856 1045 3061 1115 Κύριος
3090 1044 3195 1100 οἶδε
3213 1047 3273 1100 τὸ
3296 1048 3492 1119 μέτρον
3519 1049 3717 1110 αὐτῶν,
3745 1051 3951 1103 καὶούκ

2380 1131 2580 1184 οἴδασιν
2611 1135 2868 1197 αὐτοὺςεί
2901 1136 2975 1206 μὴ
2999 1136 3188 1203 ὀλίγοι.
3222 1155 3240 1188 ι
3283 1137 3410 1190 Εἶτα
3448 1138 3763 1208 φλυαρήσας
3789 1140 3956 1208 ἕτερά

2381 1241 2500 1277 τινα
2546 1224 2826 1291 αλλόκοτα,
2863 1228 3192 1298 μνημονεύει
3221 1229 3317 1283 τοῦ
3353 1231 3703 1302 παραδείσου,
3737 1233 3834 1284 καὶ
3862 1236 3955 1284 ἐκ·

2383 1317 2576 1383 φράζει
2611 1318 2681 1369 τὰ
2715 1320 2843 1388 περὶ
2881 1321 3048 1373 αὐτοῦ
3095 1323 3268 1390 λέγων
3319 1322 3492 1386 οὕτως
3515 1340 3529 1352 ³
3561 1342 3580 1374 ι
3630 1325 3818 1393 Ἡμεῖς
3857 1327 3959 1376 οὐκ

2382 1406 2794 1478 άπορρίπτομεν
2843 1409 2934 1461 τὸν
2970 1411 3160 1477 μισθὸν
3187 1412 3280 1465 τοῦ
3313 1411 3492 1476 καλῶς
3536 1413 3955 1484 ἐργασαμένου·

2383 1496 2610 1560 ἐκείνοις
2651 1499 2766 1552 ἐστι
2800 1501 3126 1570 παράδεισος
3172 1505 3230 1556 έν
3275 1504 3456 1574 Ἐδὲμ,
3496 1506 3778 1575 τρέχονται
3825 1506 3963 1558 ὑπο-

2384 1587 2534 1640 κάτω
2565 1589 2728 1642 αύτδν
2759 1593 3031 1662 ποταμοί·
3068 1593 3381 1664 ὀρνεύονται
3430 1598 3487 1648 ὲν
3521 1596 3669 1663 αὐτῷ
3698 1598 3762 1649 ὲκ
3819 1597 3961 1666 βρα-

2386 1677 2600 1747 χιολίων
2637 1685 2901 1751 χρυσέων,
2937 1683 3190 1755 φοροῦσιν
3216 1685 3405 1753 ἱμάτια
3427 1689 3663 1757 πράσινα
3695 1688 3803 1739 ἀπὺ
3844 1705 3964 1740 σιν-

2386 1767 2596 1838 δόνοςῆ
2648 1773 2948 1840 σταυράκιν
3019 1774 3443 1844 ἀκουμὸίξοντες
3485 1778 3543 1828 ὲν
3578 1775 3724 1845 αὐτῷ
3775 1776 3968 1828 ἐπάνω

2387 1860 2776 1932 ἀνακλιτορίων
2795 1879 2808 1892 ·
2839 1865 3019 1936 ἀγαθὴ
3050 1867 3422 1932 ἀνταπόδοσις,
3455 1867 3550 1920 καὶ
3589 1867 3726 1937 καλὴ
3760 1867 3792 1936 ἡ
3818 1866 3962 1916 ἀπό-

2387 1952 2595 2016 λαυσις.
2625 1973 2642 2006 ι
2706 1955 2932 2025 Ἐφεξῆς
2963 1958 3019 2010 δὲ
3065 1958 3294 2028 φλυαρεῖ
3321 1957 3355 2011 ά
3399 1959 3490 2010 καὶ
3522 1960 3784 2029 πρότερον
3832 1959 3969 2026 περὶ

2387 2043 2481 2096 τοῦ
2507 2045 2712 2114 πατρὸς
2753 2046 2920 2100 αὑτοῦ
2976 2049 3170 2121 Βελίαρ
3201 2051 3293 2103 καὶ
3340 2049 3508 2120 ’Λδὰμ
3534 2051 3630 2103 καὶ
3661 2050 3962 2112 Μωῦσέως,

2389 2131 2514 2195 ξένα
2547 2135 2667 2186 τινὰ
2688 2137 2779 2188 καὶ
2803 2138 3096 2209 παράφορα
3121 2158 3134 2170 ·
3168 2137 3284 2194 εἷτα
3305 2141 3578 2210 μέμνηται
3618 2141 3971 2210 Ἀλεξάνδρου

2388 2223 2484 2277 τοῦ
2514 2227 2840 2293 Μακεδόνος,
2870 2229 2963 2282 καί
2993 2249 3177 2302 φησιν,
3212 2235 3292 2286 ὅτι
3365 2252 3384 2285 ‹
3435 2233 3703 2300 Ἀπῆλθεν
3741 2234 3843 2296 ἕως
3876 2233 3974 2284 δυ-

2393 2316 2546 2383 σμῶν
2579 2318 2752 2386 ἡλίου,
2800 2322 2895 2374 καὶ
2928 2318 3050 2393 εὗρε
3085 2323 3176 2376 τὸν
3212 2325 3363 2394 ἥλιον
3391 2326 3621 2379 δύναντα
3651 2327 3727 2389 είς
3761 2325 3974 2393 Οερμδν

2393 2406 2569 2478 ὕδωρ·
2600 2413 2692 2463 καὶ
2719 2412 2800 2464 ὅτι
2826 2417 2905 2477 εἰς
2936 2415 3026 2468 τὸν
3049 2415 3248 2487 βορρᾶν
3276 2417 3586 2487 ἀπετείχισε
3616 2418 3707 2469 τὸν
3738 2418 3838 2484 Ὢγ
3868 2415 3971 2468 καὶ

2394 2499 2606 2568 Μάγωγ
2629 2518 2642 2531 ·
2676 2503 2766 2555 καὶ
2789 2505 2870 2558 ὅτι
2896 2507 3225 2578 μοναρχίτης
3247 2502 3314 2577 ἦν
3333 2508 3394 2560 τὸ
3418 2509 3580 2570 σέϐας
3595 2508 3973 2575 Ἀλέξανδρος,

2396 2591 2536 2646 κατὰ
2560 2593 2650 2645 τὸν
2668 2594 2935 2664 Ἀϐραάμ,
2961 2599 3054 2650 καὶ
3087 2599 3182 2669 οὑχ
3198 2598 3418 2670 Ἕλλην.
3456 2602 3565 2654 Καὶ
3596 2601 3975 2671 προστξοησιν,

2395 2679 2478 2732 ὃτι
2513 2681 2700 2750 Ἡμεῖς
2733 2687 3067 2758 διηγούμεθα
3095 2690 3278 2744 ἐπάνω
3315 2709 3406 2744 σου
3438 2691 3535 2762 τὴν
3560 2691 3819 2762 ἐξήγησιν
3843 2691 3981 2743 ταύ-

718 2783 819 2834 την
846 2766 904 2819 ὲν
928 2764 1173 2834 ἀληθεία.
1204 2782 1223 2814 ι
1266 2763 1454 2816 Ὀποία
1479 2763 1536 2816 δὲ
1587 2763 1644 2816 ἐν
1667 2761 1876 2825 τούτοις
1903 2762 2128 2832 ἀλήθεια
2159 2765 2470 2836 πρόσεστιν,
2505 2773 2600 2826 καὶ
2649 2778 2680 2846 ή
2693 2777 2807 2846 μῶν
2840 2779 2914 2849 μὴ
2946 2779 3214 2848 λεγόντων
3289 2761 3497 2845 πάντες)
3550 2761 3723 2835 (sum?
3797 2782 3864 2834 ﬁ
3918 2781 3980 2834 δὲ

721 2859 924 2930 συνήθη
951 2857 1098 2926 αύτῷ
1126 2857 1560 2924 σαπρολαγήσας,
1593 2856 1720 2924 ἔστη
1743 2854 1835 2906 τοῦ
1867 2853 2060 2924 μύθου.

944 2949 1130 3004 XVIII.
1178 2946 1623 3005 CONFU'I‘ATIO
1668 2945 2060 3002 GENEIIALIS

723 3044 1063 3114 Reliquarum
1091 3046 1331 3114 omnium
1349 3040 1670 3114 fabularum,
1689 3055 1802 3114 cum
1826 3041 2148 3114 expositione
2173 3057 2304 3110 pra:-

1003 3115 1282 3181 cipuarnm
1315 3113 1369 3162 in
1406 3111 1514 3164 illis
1555 3109 2020 3178 blasphemiarum.

792 3203 884 3258 77.
918 3202 1048 3270 Quae
1069 3211 1196 3256 sunt
1213 3219 1239 3254 a
1256 3199 1462 3254 decima
1477 3208 1666 3253 octava
1687 3215 1858 3268 usque
1879 3200 1943 3253 ad
1969 3199 2299 3269 trigesimam

725 3309 931 3354 sextam
971 3296 1227 3359 fabulam,
1266 3303 1451 3362 utpote
1485 3293 1640 3362 plena
1681 3300 1958 3346 consuetae
1993 3291 2298 3347 Mohamedi

727 3389 1058 3458 garrulitatis
1089 3396 1142 3441 et
1174 3385 1588 3456 prmstigiarum,
1627 3384 1737 3438 imo
1769 3400 1895 3439 vero
1926 3385 2296 3440 conviciorum

727 3489 888 3548 atque
918 3478 1212 3541 mendacii,
1248 3477 1730 3547 praetermittimus.
1773 3476 1911 3530 Sunt
1939 3478 2083 3532 enim
2114 3479 2299 3532 omnia

728 3586 982 3638 perversa
1009 3580 1061 3623 et
1090 3570 1345 3630 absurda,
1385 3577 1491 3621 tam
1518 3582 1638 3636 qua:
1668 3581 1731 3619 ex
1769 3565 1962 3620 Vetere
1991 3582 2152 3635 quam
2183 3582 2301 3635 qua:

728 3679 793 3714 ex
850 3661 1001 3716 Novo
1045 3661 1390 3715 Testamento
1430 3659 1744 3729 joeulariter
1796 3667 2002 3711 narrat.
2059 3657 2303 3726 Namque

729 3753 954 3807 Mariam
1000 3752 1150 3822 juxta
1211 3753 1442 3820 palmam
1484 3752 1616 3806 dicit
1667 3750 1936 3819 peperisse
1978 3742 2254 3804 Christum
2285 3788 2300 3813 ,

729 3845 853 3898 vitae
899 3860 1010 3898 sua:
1058 3853 1338 3907 pertmsam
1382 3861 1396 3897 :
1436 3852 1489 3896 et
1543 3859 1606 3897 ex
1649 3853 1806 3896 utero
1853 3842 1972 3909 ejus
2027 3841 2302 3894 Christum

732 3935 1130 4004 proclamasse,
1173 3942 1232 3987 ut
1281 3934 1513 4002 palmam
1559 3939 1888 3996 concuteret,
1928 3931 2205 4000 colligeret
2251 3942 2304 3985 et

735 4024 1084 4096 manducaret
1128 4025 1425 4092 palmarum
1474 4021 1706 4076 fructum
1754 4021 2002 4074 viridem.
2047 4021 2304 4074 Davidem

733 4129 796 4166 ac
829 4111 1173 4166 Salomonem
1200 4128 1322 4164 eum
1360 4111 1552 4164 avibus
1577 4121 1628 4165 et
1657 4111 1987 4165 animalibus
2019 4111 2305 4180 loquentes

736 4203 1044 4272 prodigiose
1087 4201 1238 4255 facit.
1281 4201 1558 4255 Daemones
1594 4201 1870 4254 Salomoni
1908 4202 2222 4263 auxiliares,
2255 4208 2308 4254 et

737 4294 942 4359 gltudas
991 4295 1172 4348 nescio
1197 4309 1333 4362 quos
1369 4293 1608 4347 adfuisse
1647 4294 1820 4356 dicit,
1855 4303 1908 4347 et
1946 4294 2121 4348 ventis
2157 4295 2306 4347 illum

739 4386 1086 4453 imperavisse
1135 4401 1198 4440 ac
1247 4385 1598 4439 formicarum
1653 4386 1909 4456 mysteria
1945 4386 2208 4440 novisse:
2256 4394 2310 4439 et

738 4492 937 4531 saevum
966 4477 1253 4546 quemdam
1287 4477 1487 4546 gallum
1521 4479 1838 4544 magistrum
1871 4478 1989 4545 ejus
2018 4495 2032 4531 :
2057 4487 2110 4531 et
2141 4476 2308 4531 solem

737 4579 899 4635 atque
925 4564 1106 4621 lun'am
1136 4569 1379 4637 equitare
1406 4588 1418 4621 :
1451 4579 1503 4623 et
1532 4568 1806 4622 thoracem
1837 4568 2072 4622 ferreum
2103 4584 2131 4621 a
2151 4567 2309 4620 Davi-

2753 2954 2858 3008 IH'.
2893 2954 3330 3008 ΕΛΕΓΚΤΙΚΟΣ
3371 2955 3586 3026 ΚΟΙΝῌ

2400 3040 2646 3095 Πάντων
2680 3040 2797 3094 τῶν
2823 3042 3046 3110 ἐφεξῆς
3072 3042 3378 3110 μυθαρίων
3410 3041 3486 3094 δι’
3514 3041 3804 3108 ἐκθέσεως
3852 3043 3982 3097 τῶν

2634 3111 3108 3179 προκεκριμένων
3138 3111 3342 3176 αὐτοῖς
3362 3111 3734 3180 δυσφημιῶν.

2469 3205 2567 3267 οξ.
2608 3203 2689 3256 Τὰ
2723 3203 2926 3273 μεταξῦ
2963 3203 3056 3256 τοῦ
3081 3203 3546 3257 ὀκτωκαιδεκάτου
3581 3204 3843 3274 μυοαρίου
3877 3209 3980 3258 καὶ

2399 3293 2493 3346 τοῦ
2521 3291 2846 3362 τριακοστοῦ
2871 3293 3030 3346 ἕκτου
3064 3294 3234 3362 μεστά
3258 3293 3386 3346 ὄντα
3415 3296 3514 3362 τῆς
3548 3295 3808 3365 συνήθους
3826 3297 3983 3366 αὐτῷ

2400 3383 2715 3453 ἀδολεσχίας
2737 3401 2794 3437 τε
2825 3385 2918 3436 καὶ
2947 3383 3252 3454 τερθρείας,
3280 3383 3478 3453 μᾶλλον
3501 3385 3557 3437 δὲ
3586 3385 3897 3456 δυσφημίας
3919 3405 3984 3439 τε

2403 3478 2494 3528 καὶ
2515 3476 2898 3545 ψευδηγορίας,
2931 3477 3258 3545 παρήκαμεν
3276 3493 3290 3507 ·
3327 3477 3502 3529 πάντα
3518 3478 3626 3547 γὰρ
3649 3479 3988 3547 ἀνατετραμ-

2407 3568 2541 3637 μένα
2568 3567 2660 3619 καὶ
2691 3568 2994 3636 παράλογα.
3032 3567 3100 3620 τά
3133 3584 3192 3619 τε
3219 3567 3327 3620 ἀπὸ
3376 3567 3473 3636 τῆς
3508 3569 3768 3633 Παλαιᾶς,
3819 3572 3890 3622 τά
3922 3588 3985 3623 τε

2401 3658 2510 3710 ἀπὸ
2543 3657 2641 3726 τῆς
2672 3657 2814 3721 Νέας
2841 3657 3117 3727 Διαοήλης
3154 3659 3527 3727 καταφλυαρεί
3561 3659 3671 3727 (26)
3695 3675 3711 3688 ο
3742 3660 3840 3728 τὴν
3871 3663 3989 3729 γὰρ

2403 3749 2623 3817 Μαρίαν
2649 3747 2797 3818 παρὰ
2831 3749 3046 3817 φοίνικά
3076 3765 3209 3818 φησι
3240 3753 3419 3801 τεκεῖν
3447 3748 3538 3802 τὸν
3562 3751 3817 3819 Χριστὸν,
3841 3752 3989 3802 ἁπο-

2403 3841 2700 3911 λεγομένην
2745 3841 2842 3911 τὴν
2890 3839 3088 3907 ἑαυτῆς
3119 3839 3295 3910 ψυχήν
3316 3857 3331 3870 ο
3361 3841 3455 3894 καὶ
3484 3841 3574 3893 τὸν
3605 3841 3838 3912 Χριστὸν
3866 3842 3989 3910 ('27)

2405 3933 2512 3985 ἀπὸ
2558 3932 2657 4000 τῆς
2703 3931 2938 4000 γαστρὸς
2987 3932 3154 4000 αὐτῆς
3211 3934 3756 4002 προσπεφωνηκέναι,
3787 3933 3860 3995 ὠς
3900 3936 3989 3986 -Ξν

2408 4024 2576 4076 σείσοι
2606 4024 2698 4076 τὸν
2729 4025 2941 4091 φοίνικα
2966 4023 3057 4075 καὶ
3083 4023 3508 4089 κατενέγκοικαὶ
3538 4025 3700 4092 φάγοι
3727 4025 3993 4092 φοινίκων

2405 4113 2616 4184 καρπὸν
2649 4113 2856 4182 χλωρόν
2897 4113 3031 4181 (28).
3085 4113 3191 4166 Τὸν
3220 4113 3276 4167 δὲ
3316 4114 3479 4165 Δαϐὶδ
3523 4115 3616 4166 καὶ
3667 4114 3994 4182 Σολομῶντα

2411 4204 2548 4274 μετὰ
2584 4203 2694 4268 τῶν
2742 4203 2944 4272 ὀρνέων
2976 4203 3069 4257 καὶ
3104 4205 3315 4271 άλόγων
3369 4204 3784 4273 διαλεγομένους
3822 4222 3985 4271 τεραο

2407 4294 2622 4348 τεύεται
2671 4295 2813 4366 (Ξ9)’
2867 4295 3127 4365 δαίμονάς
3183 4313 3241 4348 τε
3275 4295 3503 4365 βοηθοὺς
3531 4294 3609 4364 τῷ
3659 4294 3994 4362 Σολομῶντι,

2409 4388 2506 4441 καὶ
2535 4387 2760 4452 γουνδάς
2784 4404 2935 4449 τινας
2966 4390 3220 4457 παρεῖναι
3252 4385 3398 4453 λέγει
3434 4379 3567 4454 (50),
3602 4385 3697 4437 καὶ
3724 4385 3829 4437 τῶν
3860 4387 3997 4438 ἀνέ-

2413 4497 2530 4548 μων
2567 4480 2753 4549 άρχειν
2779 4520 2792 4543 ,
2831 4478 2928 4530 κα)Ι
2982 4477 3092 4530 τῶν
3148 4480 3455 4548 μυρμήκων
3505 4478 3780 4544 μυστήρια
3815 4495 3998 4529 κατα-

2411 4572 2549 4625 νοεῖν
2570 4611 2585 4635 ,
2613 4572 2709 4623 καὶ
2738 4569 2928 4639 ἄγριόν
2977 4587 3096 4621 τινα
3127 4569 3396 4638 ἀλέκτορα
3427 4567 3614 4620 τούτου
3646 4567 3995 4627 διδάσκαλον,

738 4659 805 4712 de
831 4659 961 4712 dicit
991 4660 1164 4728 primo
1195 4661 1472 4714 inventum
1501 4679 1514 4713 :
1565 4675 1730 4730 seque
1767 4660 2005 4726 judieem
2045 4675 2168 4714 cum
2199 4659 2294 4714 Dec

2413 4657 2621 4709 καὶτὸν
2648 4657 2797 4724 ἦλιον
2815 4658 2909 4708 καὶ
2924 4655 3021 4725 τὴν
3051 4657 3280 4726 σελήνην
3304 4655 3668 4724 καόαλαρίους
3697 4651 3833 4708 εἶναι
3853 4658 3940 4723 (51
3957 4661 3998 4722 )·

741 4748 856 4803 fore
873 4750 1002 4802 dicit
1028 4751 1286 4803 lllIllltIUlll
1311 4753 1652 4819 judicaturo:
1688 4751 1789 4804 alia
1809 4751 2042 4820 denique
2068 4751 2308 4820 turpiora

738 4849 901 4910 atque
930 4841 1227 4906 insaniora,
1255 4842 1363 4894 imo
1397 4844 1564 4913 magis
1593 4843 1856 4897 diabolica
1885 4851 2140 4911 nugatur,

2419 4748 2630 4801 καὶτὸν
2686 4749 2911 4817 θώρακα
2957 4748 3014 4800 δὲ
3060 4748 3152 4800 τὸν
3194 4748 3444 4818 σιδηροῦν
3490 4748 3641 4816 παρᾶ
3689 4747 3784 4800 τοῦ
3829 4751 4004 4803 Δαϐὶδ

2419 4841 2634 4913 πρῶτον
2679 4841 2824 4909 λέγει
2873 4840 2984 4911 (52)
3033 4839 3430 4910 ἑφευρεθῆναιο
3476 4841 3664 4892 ἑαυτόν
3693 4857 3750 4891 τε
3802 4843 4003 4911 κριτὴν

742 4932 878 5000 μετὰ
927 4930 1016 4982 τοῦ
1051 4929 1183 4982 Θεοῦ
1217 4931 1439 5000 φημίζει
1486 4930 1795 5001 κρινοῦντος
1822 4931 1921 5001 τὴν
1943 4929 2300 5000 οἰκουμένην·
2343 4931 2436 4984 καὶ
2469 4931 2631 5001 ἕτερα
2661 4931 2994 5001 αἰσχρότερα
3023 4929 3134 5001 (55)
3163 4930 3257 4982 καὶ
3305 4928 3640 4999 άλογὼτερα,
3670 4931 3871 5000 μᾶλλον
3940 4935 4002 4990 δὲ

737 5022 1224 5092 δαιμονιωδέστερα
1250 5023 1641 5092 καταφλυαρεῖ.

813 5113 897 5167 78.
931 5111 1050 5165 Jam
1092 5114 1143 5166 in
1173 5112 1444 5183 trigesima
1481 5122 1631 5168 sexta
1668 5110 1848 5166 fabula
1890 5111 2098 5166 inducit
2144 5111 2306 5168 Deum

810 5307 1379 5382 essu-amur»-
1450 5375 1497 5382 -_
1556 5375 1567 5382 .
1776 5373 1786 5382 .
1865 5371 1878 5382 .
2131 5370 2175 5382 ..
2248 5371 2257 5382 .

814 5370 924 5445 (‘27)
955 5370 1284 5441 Galu-io-lem,
1311 5394 1414 5430 non
1443 5375 1738 5436 Christum,
1775 5371 2097 5445 inclamasse
2129 5370 2311 5424 Maria:

740 5443 1226 5513 pIItat‘Maraceius
1259 5465 1272 5509 ;
1307 5447 1398 5499 sed
1434 5458 1611 5498 utrum
1645 5453 1807 5504 recte,
1846 5443 2180 5509 nonjudieu.

815 5512 924 5585 (28)
954 5517 1078 5642 835.
1108 5517 1250 5580 XXI,
1272 5518 1356 5574 79.
1383 5515 1579 5577 Confer
1601 5513 1899 5570 Iielandum
1922 5528 2014 5582 οι).
2048 5514 2139 5565 cit.
2174 5521 2310 5580 part.

840 5603 960 5642 can.
1034 5607 1084 5642 λ.

747 5599 806 5648 tl,
840 5603 960 5648 Cap.
992 5591 1084 5642 23.

817 5604 1084 5726 (illisi:
1114 5655 1324 5718 xxvu,
1357 5658 1420 5710 ιο
1450 5672 1558 5723 ειι..
1589 5654 1677 5708 81.

819 5726 931 5789 (Ἇο)
963 5729 1085 5782 Sur.
1125 5726 1364 5787 XXXIV,
1398 5729 1486 5784 19..
1513 5726 1602 5780 25.

823 5796 934 5858 (51)
964 5797 1102 5854 I'uto
1130 5800 1183 5854 in
1217 5797 1369 5853 SIII’IS
1400 5796 1588 5862 XXXI,
1617 5796 1707 5862 ‘29,
1730 5791 1941 5857 XXXV,
1974 5793 2054 5860 I5,
2089 5793 2177 5847 ubi
2201 5809 2317 5847 ver-

2491 5104 2593 5178 οη’.
2633 5105 2718 5157 Ἐν
2751 5105 2934 5174 μέντοι
2957 5104 3033 5176 τῷ
3067 5104 3375 5178 τριακοστῷ
3403 5103 3546 5173 ’έκτῳ
3593 5103 3704 5172 (SI)
3744 5103 4005 5173 μυοαρὲῳ

2416 5301 2544 5354 hum
2586 5298 2751 5351 Arah.
2777 5296 3046 5364 significat
3082 5291 3134 5364 in
3168 5289 3189 5342 I
3230 5289 3611 5361 conjugatione
3645 5308 3850 5364 currere
3885 5307 3903 5348 ;
3948 5291 4003 5344 in

2416 5373 2451 5424 2
2477 5382 2654 5422 autem
2687 5371 2753 5419 ad
2780 5362 2989 5418 cursum
3010 5363 3252 5425 incitare,
3284 5376 3378 5414 seu
3414 5377 3600 5429 equum
3626 5362 3860 5431 adigere.

2490 5439 2602 5508 (52)
2636 5438 2760 5490 Sur.
2899 5434 2963 5509 _X|

2491 5499 2602 5574 (55)
2625 5509 2755 5560 l’uta
2797 5508 2848 5558 in
2882 5507 3008 5559 Sur.
3041 5499 3276 5574 XXXIII,
3297 5501 3350 5564 4,
3369 5501 3456 5552 ubi
3483 5499 4005 5574 IIohaiucdescum

2421 5570 2567 5635 cedit
2590 5570 2834 5631 'uxorum
2882 5575 3184 5642 repudium.
3227 5572 3358 5642 Item
3398 5586 3447 5622 ν.
3481 5572 3583 5633 56,
3617 5572 3705 5624 ubi
3747 5571 3815 5622 de
3848 5570 4005 5624 Zl'Itli

2426 5666 2614 5709 uxore,
2647 5663 2811 5716 quam
2850 5641 3042 5700 callida
3093 5641 3363 5710 hypocrisi
3418 5642 3519 5696 sibi
3552 5641 3834 5712 improbus
3878 5643 4006 5694 vin~

2427 5722 2646 5776 dicavit.
2678 5718 2806 5771 Item
2841 5733 2890 5767 ν.
2915 5717 2981 5769 48
3012 5731 3095 5782 sq.

2503 5792 2614 5859 (si)
2641 5789 2770 5843 Sttt.
2803 5786 3064 5851 xxxv",
3095 5785 3141 5838 ι.
