4168 6450
225 391 322 455 763

1407 381 1839 443 REFUTA’I‘IO
1877 382 2346 444 MOIIAMEDIS.

3363 386 3469 449 770

222 500 432 565 εἰσάγει
456 496 547 549 τὸν
574 495 707 548 Θεὸν
734 491 898 548 αὐτοῦ
935 492 1176 563 Μωάμετ
1231 492 1591 563 ἐξομνύμενον
1630 494 1784 563 ὅρκον

1892 507 2048 547 suum
2071 492 2698 561 Mohamedesjurantcm
2720 493 3104 563 jusjurandum
3129 494 3466 565 huiusmodi:

221 588 408 642 τοῦτον
427 605 442 620 ·
481 607 498 638 ι
519 588 611 642 Μὰ
638 588 704 639 τὰ
735 585 907 654 φολκῆ
938 584 1046 637 τῶν
1064 584 1298 652 φολκῶν,
1319 584 1412 635 καὶ
1434 585 1796 653 προσθήματα

221 680 624 751 προσθημάτων
644 679 776 747 (55),
804 677 898 728 καὶ
937 675 1376 745 ἐντυγχανόμενα
1417 677 1604 746 μνήμῃ
1629 691 1641 704 ⁸
1667 674 1797 738 Θεὸς

220 773 325 842 γὰρ
352 772 506 841 ύμῶν
529 773 673 824 ἐστιν
702 764 780 828 εἷς
804 768 1005 838 Κύριος
1028 768 1136 820 τῶν
1168 767 1413 837 οὐρανῶν
1442 768 1534 820 καὶ
1551 767 1647 835 τῆς
1671 765 1795 835 γῆς,

221 868 307 918 καὶ
335 866 444 917 τῶν
497 865 638 933 μέσα
681 862 860 915 αὐτῶν
882 881 894 893 ·
930 862 1021 914 καὶ
1051 860 1256 929 Κύριος
1291 862 1397 913 τῶν
1426 859 1698 915 ἀνατολῶν
1721 879 1733 892 ’
1771 880 1789 912 ι

219 955 335 1008 εἶτα
377 955 736 1022 ἀποφαίνεται
759 953 832 1015 ὡς
868 955 930 1005 ὲκ
959 951 1252 1020 προσώπου
1285 952 1494 1004 πολλῶν
1536 950 1677 1005 οὓτω
1705 954 1794 1006 λέ-

218 1064 357 1112 γων·
393 1064 411 1096 ι
465 1046 653 1113 Ἡμεῖς
705 1044 1091 1112 ἐκοσμήσαμεν
1133 1042 1222 1096 τὸν
1256 1041 1482 1112 οὐρανὸν
1520 1042 1609 1094 τὸν
1642 1042 1797 1110 ὲγγί-

219 1139 380 1201 ζοντα
431 1136 844 1205 διακοσμήσεως
897 1136 1288 1205 ἀστέρων-καὶ
1343 1136 1689 1205 ἐτηρήσαμεν
1735 1134 1793 1200 ἐξ

220 1234 451 1285 ἑκάστου
500 1233 711 1284 Σατανᾶ
754 1230 1084 1299 ὲκστασίμου
1107 1247 1119 1260 ·
1149 1228 1249 1281 οὐκ
1284 1229 1537 1281 ἀκούουσι
1566 1228 1700 1299 πρὸς
1725 1228 1793 1281 τὰ

216 1323 345 1392 ὀχλη
376 1323 441 1373 τὰ
474 1321 672 1391 ὑψηλά,
703 1322 798 1373 καὶ
829 1320 1200 1384 ἁκοντίζονται
1228 1319 1287 1383 ἐξ
1321 1320 1553 1373 ἑκάστου
1588 1320 1790 1389 μέρους

217 1411 534 1481 ὠθούμενοι.
561 1430 579 1461 ι
624 1410 728 1462 Τὸν
769 1411 825 1463 δὲ
866 1410 1193 1480 παράδεισον
1229 1410 1340 1478 (56)
1379 1409 1649 1479 τέσσαρας
1697 1428 1792 1463 πο-

216 1503 422 1570 ταμοὺς
447 1500 594 1566 λέγει
630 1498 771 1568 ἔχειν
800 1500 858 1565 ἐξ
890 1500 1079 1562 ὓδατος
1112 1498 1382 1552 άθολώτου
1403 1499 1495 1551 καὶ
1524 1501 1792 1567 γάλακτος

217 1594 306 1645 καὶ
336 1590 740 1661 άλλασσομένου
767 1591 860 1643 τοῦ
885 1590 1071 1643 νόστου
1117 1590 1304 1653 αὑτοῦ,
1334 1589 1426 1643 καὶ
1440 1588 1583 1644 οἴνου
1615 1591 1789 1661 ήδέος,

218 1684 307 1734 καὶ
347 1681 563 1751 μέλιτος
596 1680 809 1733 ύλιστοῦ
832 1695 845 1707 ·
883 1682 939 1732 ὲν
964 1679 1173 1743 τούτοις
1214 1680 1426 1751 πρόεισι
1481 1683 1641 1755 μέχρι
1693 1681 1787 1735 τοῦ

216 1772 601 1842 πεντηκοστοῦ.
661 1774 749 1825 Ἐν
782 1771 836 1824 δὲ
867 1771 943 1842 τῷ
997 1772 1349 1841 πεντηκοστῷ
1386 1773 1540 1843 μύθῳ
1562 1812 1577 1838 ,
1612 1773 1785 1837 οὕτως

1906 605 1924 638 ι
1962 585 2064 638 Per
2092 587 2303 641 Strabos
2332 586 2635 641 straborum
2657 626 2671 649 ,
2708 594 2762 639 et
2789 603 2882 655 per
2918 589 3251 642 incrementa
3297 590 3472 643 incre-

1898 686 2228 742 mentorum,
2261 685 2314 731 et
2344 692 2463 745 quae
2495 678 2770 732 memorize
2802 690 3120 735 occurrunt.
3151 680 3294 736 Deus
3323 681 3471 736 enim

1896 776 2074 822 vester
2098 784 2237 823 unus
2271 768 2529 822 Dominus
2556 769 2839 832 caelorum,
2871 778 2924 822 et
2949 778 3123 835 terrm,
3152 778 3206 826 et
3225 773 3467 826 omnium

1897 876 2078 913 rerum
2114 861 2197 915 his
2237 860 2640 929 interjectarum
2674 880 2688 928 ;
2719 870 2772 915 et
2805 862 3065 918 Dominus
3100 866 3417 920 orientium.
3446 883 3464 917 ο

1898 950 2104 1005 Deinde
2147 954 2449 1021 proclamat
2492 962 2745 1023 tanquam
2781 972 2847 1010 ex
2898 971 3127 1024 persona
3174 959 3468 1014 multorum

1895 1039 1965 1092 ita
2010 1039 2191 1093 dicens
2227 1058 2239 1093 :
2288 1059 2307 1090 ‹
2344 1041 2458 1094 Nos
2488 1044 2804 1099 ornavimus
2851 1046 3049 1100 coelum
3106 1050 3467 1117 pr0pinquum

1894 1142 2209 1185 Ornamento
2258 1134 2539 1187 stellarum
2588 1153 2603 1189 :
2648 1144 2701 1189 et
2752 1138 3150 1196 custodit-imus
3206 1140 3470 1196 adversus

1893 1236 2335 1293 unumquemque
2388 1225 2646 1280 Satanam
2713 1230 2986 1286 rebellem.
3047 1231 3166 1286 Non
3239 1233 3473 1287 audiunt

1893 1315 2165 1367 exercitus
2198 1317 2465 1382 excelsos,
2500 1327 2554 1372 et
2595 1321 2808 1389 sagittis
2839 1332 3187 1391 appetuntur,
3218 1338 3283 1377 ex
3313 1332 3470 1379 utro-

1892 1421 1997 1475 que
2050 1406 2215 1461 latere
2257 1409 2479 1478 repulsi.
2535 1430 2551 1461 ι
2598 1410 2918 1467 Paradisum
2970 1425 3206 1483 quatuor
3246 1415 3467 1471 ﬂumina

1895 1499 2091 1553 habere
2120 1500 2267 1565 dicit,
2296 1517 2361 1555 ex
2387 1517 2523 1572 aqua
2558 1518 2715 1571 pura,
2746 1504 2880 1558 lacte
2902 1506 3060 1575 cujus
3086 1521 3193 1561 non
3224 1516 3468 1563 mutatur

1893 1605 2073 1658 sapor,
2118 1592 2241 1645 \‘iuu
2285 1595 2458 1656 suavi,
2488 1603 2541 1647 et
2574 1595 2731 1647 melle
2765 1595 3039 1651 defaecato.
3086 1596 3210 1652 Haec
3249 1599 3468 1668 scripti-

1892 1691 2013 1736 tans
2050 1684 2294 1752 pervenit
2330 1698 2504 1752 usque
2552 1684 2618 1738 ad
2663 1685 2897 1739 fabulam
2937 1690 3466 1760 quinquagesimam.

1892 1774 1949 1827 In
2002 1775 2453 1844 quinquagesima
2497 1785 2678 1830 autem
2741 1776 2925 1832 fabula
2980 1780 3052 1834 ita
3108 1780 3275 1835 Deum
3334 1779 3469 1835 facit

215 1867 421 1934 εἰσάγει
468 1868 561 1918 τὸν
588 1865 709 1919 θεὸν
753 1864 918 1919 αὐτοῦ
948 1865 1310 1934 ἑξομνύμενον
1339 1866 1448 1935 (37)
1476 1882 1491 1897 ·
1548 1884 1567 1917 ι
1601 1866 1693 1919 Μά
1726 1864 1784 1917 τὰ

1888 1866 2164 1934 jurantem
2200 1883 2214 1920 :
2267 1885 2285 1917 ι
2324 1866 2428 1922 Per
2464 1870 2723 1941 lingentia
2772 1870 3056 1939 lingendo,
3099 1881 3153 1927 et
3193 1882 3467 1943 gestantes

214 1957 509 2027 λιχμοῠντα
538 1957 728 2027 λιχμδν
764 1958 896 2028 (58),
934 1958 1027 2009 καὶ
1062 1955 1431 2026 βαστάζουσαι
1453 1956 1679 2026 γόμους,
1700 1957 1792 2009 καὶ

210 2051 502 2119 τρέχουσαι
527 2049 759 2111 εὐθείας,
788 2049 882 2101 καὶ
912 2048 978 2101 τά
1003 2048 1293 2119 μερίζοντα
1312 2048 1637 2117 πράγματα,
1686 2049 1791 2101 ύπ-

214 2140 529 2210 ισχνύεσθαι
560 2141 668 2209 γὰρ
705 2139 766 2193 τὸ
796 2139 1023 2211 ἀληθές·
1064 2140 1157 2192 καὶ
1186 2140 1319 2209 ὁτιή
1363 2139 1545 2209 κρίσις
1584 2140 1789 2209 φθάσαι

1890 1974 2079 2024 onera,
2109 1969 2161 2014 et
2199 1972 2478 2017 currentes
2527 1974 2696 2028 recta,
2733 1975 2787 2019 et
2819 1965 3200 2033 dispertientes
3231 1969 3465 2036 negotia,

1882 2050 2070 2120 jurare
2109 2052 2316 2107 scilicet
2356 2070 2567 2119 verum,
2598 2063 2652 2109 et
2678 2057 2821 2125 quod
2861 2056 3129 2125 judicium
3174 2068 3465 2113 venturum

1886 2142 1977 2195 sit.
2023 2161 2041 2192 ι
2099 2140 2155 2195 In
2219 2145 2669 2213 quinquagesima
2722 2157 2902 2200 autem
2945 2148 3118 2216 prima
3165 2148 3346 2203 fabula
3386 2151 3466 2205 sic

210 2233 338 2301 ἔχει.
381 2251 400 2282 ι
451 2234 539 2286 Ἐν
569 2233 625 2285 δὲ
672 2232 751 2302 τῷ
779 2231 1130 2301 πεντηκοστῷ
1178 2229 1379 2299 πρώτῳ
1417 2231 1570 2302 μύθῳ
1616 2232 1784 2296 οὕτως

1887 2232 2032 2303 jurat
2063 2252 2077 2289 :
2123 2252 2140 2285 ι
2176 2233 2277 2289 Per
2301 2247 2560 2304 montem,
2590 2245 2642 2292 ct
2682 2238 3010 2307 scripturam
3046 2239 3098 2293 in
3129 2240 3464 2297 membranis

209 2323 496 2393 ἐξόμνυται
518 2325 627 2395 (59)
651 2341 664 2354 ·
706 2342 725 2374 ι
751 2324 842 2376 Μὰ
857 2325 918 2375 τὸ
947 2323 1093 2391 ὅρος,
1112 2324 1207 2374 καὶ
1228 2322 1445 2391 γραφὴν
1478 2323 1785 2392 στιχιζομέ-

208 2432 301 2483 νην
326 2420 388 2469 ὲν
413 2416 715 2486 μεμϐράνῳ
746 2413 896 2484 λιτῷ,
940 2415 1034 2466 καὶ
1070 2415 1130 2466 τὸ
1157 2415 1369 2466 όσπίτιν
1406 2414 1468 2465 τὸ
1498 2414 1782 2482 ᾠκοδομη-

1887 2334 2164 2379 exaratam
2204 2327 2495 2382 subtilibus
2516 2366 2532 2390 ,
2560 2338 2613 2382 et
2643 2343 2735 2398 per
2769 2328 3064 2398 hospitium
3113 2332 3463 2400 aediﬁcatum,

1888 2425 1941 2469 et
1972 2433 2119 2471 mare
2148 2418 2357 2481 datum,
2394 2420 2525 2473 ultio
2555 2419 2763 2473 Domini
2788 2421 2986 2474 veniet.
3029 2440 3048 2472 ι

209 2504 387 2571 μένον,
420 2504 514 2556 καὶ
536 2502 597 2555 τὸ
630 2503 818 2570 στέγος
844 2501 903 2554 τὸ
935 2501 1290 2571 σηκούμενον,
1332 2500 1426 2552 καὶ
1450 2499 1549 2570 τήν
1576 2500 1849 2554 θάλασσαν
1880 2502 1977 2574 τήν
2012 2503 2305 2575 δεδομένην
2350 2506 2485 2576 (40),
2554 2508 2634 2561 ὅτι
2724 2510 2757 2579 ή
2842 2510 3063 2573 κόλασις
3118 2509 3212 2564 τοῦ
3253 2512 3464 2583 Κυρίου

205 2594 508 2647 ἐλεύσεται.
533 2613 552 2646 t

269 2709 365 2765 00'.
410 2709 497 2761 Ἐν
523 2708 579 2759 δὲ
610 2707 689 2778 τῷ
722 2703 1073 2775 πεντηκοστῷ
1098 2704 1335 2776 δευτέρῳ
1371 2704 1524 2775 μύθῳ
1556 2706 1634 2774 τῷ
1666 2708 1785 2758 ἐπι-

203 2805 490 2873 γράφοντι,
510 2802 613 2865 Εἰς
629 2800 734 2852 τὸν
753 2799 999 2865 ἀστέρα,
1017 2796 1187 2860 οὕτως
1203 2797 1489 2865 ἐξόμνυται
1513 2798 1646 2867 πρὸς
1663 2799 1787 2860 τοὺς

205 2894 455 2963 ’Ἄραϐας
488 2892 629 2960 ὑπὲρ
656 2888 751 2941 τοῦ
773 2888 1018 2957 Μωάμετ
1055 2887 1166 2958 (41)
1188 2904 1202 2918 ·
1254 2906 1273 2940 ι
1296 2887 1390 2941 Μὰ
1418 2887 1478 2939 τὸ
1498 2886 1697 2953 ἄστρον
1724 2886 1785 2940 τὸ

200 2986 462 3056 δυόμενον
481 3000 495 3012 ’
532 2982 631 3034 οὐκ
656 2979 932 3049 ἐπλανήθη
948 2981 976 3032 ό
1000 2980 1214 3048 ἑταῖρος
1236 2978 1411 3047 ὑμῶν,
1436 2979 1558 3030 οὐδὲ
1582 2978 1785 3047 ὴνόμη-

201 3091 321 3128 σευ·
352 3077 459 3128 οὐκ
491 3070 794 3141 ἐφθέγξατο
846 3072 910 3123 ἐκ
940 3068 1248 3140 θελήματος
1269 3085 1283 3099 ⁶
1315 3070 1415 3121 οὐκ
1458 3068 1601 3120 ἐστιν
1636 3067 1785 3138 αύτῷ

200 3169 246 3219 εἰ
291 3168 367 3237 μὴ
400 3163 749 3231 ἀποκάλυψις
801 3159 1277 3228 ἀποκαλυφθεῖσαυ
1334 3158 1533 3223 ἔδειξεν
1578 3159 1725 3229 αὐτῷ
1756 3160 1785 3211 ὀ

202 3258 419 3327 ίσχυρδς
443 3257 528 3318 είς
554 3254 782 3323 δύναμιν
806 3251 940 3321 (42),
960 3252 987 3304 ό
1015 3250 1352 3320 εὐθεώρητος
1369 3266 1382 3280 ·
1417 3250 1511 3303 καὶ
1537 3250 1780 3303 ικάθισε·

1958 2706 2048 2760 79.
2086 2705 2224 2759 Tum
2254 2706 2415 2759 etiam
2443 2705 2496 2759 in
2518 2708 2972 2778 quinquagesima
2996 2714 3234 2767 secunda
3255 2714 3460 2782 fabula,

1887 2814 2007 2869 anc
2063 2800 2377 2853 inscribitur
2437 2798 2627 2862 Stella,
2664 2803 2743 2857 sic
2787 2803 2937 2871 jurat
2988 2806 3056 2860 ad
3104 2808 3310 2864 Arabes
3363 2826 3463 2880 pro

1888 2890 2246 2945 Monamede:
2287 2908 2305 2940 ι
2346 2889 2448 2945 Per
2495 2893 2705 2946 stellam
2743 2896 3057 2959 occiduam,
3093 2909 3315 2954 nonest
3363 2902 3461 2955 de-

1888 2985 2078 3048 ceptus
2110 2981 2295 3035 socius
2331 2990 2528 3045 vester,
2568 2999 2744 3052 neque
2774 3000 2802 3038 a
2828 2988 3013 3056 regula
3048 2989 3321 3055 discessit,
3352 3008 3458 3046 non

1886 3082 1971 3126 est
2002 3073 2223 3125 loeutus
2254 3073 2472 3141 propria
2504 3074 2807 3138 voluntate,
2838 3076 2974 3129 nihil
3007 3087 3091 3132 est
3135 3079 3187 3132 in
3233 3095 3299 3134 eo
3353 3081 3460 3135 nisi

1888 3163 2167 3217 revelatio.
2202 3162 2610 3218 Delnonstravit
2641 3165 2689 3218 ei
2719 3166 2813 3234 qui
2844 3168 3057 3223 validus
3111 3169 3320 3225 viribus
3350 3181 3455 3234 est,

1887 3255 1979 3323 qui
2014 3254 2172 3309 facile
2211 3255 2465 3321 videtur;
2497 3264 2551 3310 et
2580 3256 2741 3310 sedit.
2782 3257 2899 3325 Ipse
2930 3258 3087 3311 estin
3108 3259 3455 3315 ﬁrmamento

198 3350 289 3402 καὶ
320 3347 489 3410 αὐτός
526 3347 673 3398 ἐστιν
693 3347 751 3396 ἐν
778 3342 855 3413 τῷ
884 3339 1223 3411 στερεώματι
1251 3340 1331 3410 τῷ
1372 3340 1655 3410 ἀνωτέρω·
1693 3340 1784 3394 καὶ

1890 3343 2171 3413 superiore
2202 3361 2215 3398 :
2245 3354 2297 3397 et
2342 3343 2604 3407 accessit,
2650 3352 2705 3397 et
2742 3359 3043 3413 suspensus
3092 3354 3215 3400 est:
3248 3356 3304 3402 et
3355 3348 3459 3403 fuit

194 3442 412 3509 ήγγισε,
446 3439 539 3491 καὶ
564 3436 902 3506 ἐκρεμάσθη,
928 3435 1023 3487 καὶ
1045 3434 1261 3502 ἐγένετο
1288 3433 1485 3503 μέτρον
1503 3432 1596 3485 δύο
1613 3432 1782 3498 τόξων

196 3532 226 3603 ἢ
256 3532 592 3600 ὲγγύτερον’
626 3529 721 3582 καὶ
747 3527 1065 3595 ἀπεκάλυψε
1096 3524 1232 3594 πρὸς
1259 3523 1351 3576 τὸν
1384 3524 1569 3577 δοῦλον
1614 3522 1779 3576 αὑτοῦ

194 3622 222 3674 ὃ
252 3620 643 3689 ἀπεκάλυψεν
669 3618 770 3671 οὐκ
800 3617 1067 3685 ἐψεύσατο
1100 3615 1169 3668 τά
1192 3615 1342 3676 ἐντὸς
1382 3613 1443 3666 τὸ
1474 3611 1612 3666 εἶδεν
1635 3629 1649 3644 ο
1687 3616 1781 3667 καὶ

194 3712 298 3783 γάρ
325 3710 473 3765 εἶδεν
512 3709 645 3762 αὐτό
665 3725 679 3739 ·
706 3706 1007 3761 κατάϐασιν
1033 3705 1201 3773 ἄλλην
1248 3704 1413 3772 ἐγγὺς
1443 3702 1538 3755 τοῦ
1561 3703 1779 3773 δένδρου

192 3808 280 3860 τοῦ
331 3805 618 3877 σῶηρίτου
661 3802 923 3856 ἐνέδωκε·
960 3820 979 3852 ι
1014 3799 1108 3852 καὶ
1142 3798 1258 3868 μετ’
1279 3798 1459 3866 ὀλίγον
1482 3798 1781 3866 ἀποφαίνει

190 3914 276 3951 ται
332 3894 733 3964 καταγγέλλων
759 3892 900 3945 οὕτω
928 3893 1122 3959 λέγων*
1153 3908 1171 3941 ι
1199 3891 1308 3942 Καὶ
1334 3888 1450 3952 πῶς
1478 3890 1526 3941 οἱ
1562 3888 1781 3957 ἄγγελοί

192 3991 324 4041 εἰσιν
346 3991 431 4051 εἰς
462 3987 592 4047 τοὺς
620 3984 907 4053 οὐρανοὺς,
946 3981 1019 4051 μὴ
1060 3979 1347 4049 ὠφελοῦσα
1377 3978 1779 4049 ήπαράκλησις

187 4080 362 4133 αὐτῶν
387 4079 442 4132 τί
479 4093 613 4131 ποτε
640 4093 655 4141 ;
695 4093 713 4127 ι
753 4073 840 4127 Ἐν
856 4074 913 4126 δὲ
939 4072 1017 4143 τῷ
1046 4070 1397 4141 πεντηκοστῷ
1426 4070 1592 4141 τρίτῳ
1626 4070 1780 4140 μύθῳ

190 4169 477 4240 βουληθεὶς
508 4169 686 4221 είπεῖν
734 4166 863 4235 περὶ
897 4164 1004 4217 τῶν
1031 4163 1132 4233 τῆς
1164 4162 1393 4233 σελήνης
1442 4162 1653 4229 παθῶν,
1686 4164 1778 4216 καὶ

190 4263 264 4329 μὴ
284 4261 445 4321 εἰδὼς
476 4260 563 4312 ὅτι
590 4258 655 4310 ὲκ
685 4256 777 4309 τοῦ
806 4255 1253 4323 ἀποσκιάσματος
1285 4254 1382 4323 τῆς
1407 4254 1511 4323 γῆς
1537 4253 1779 4317 σκοτίζε-

187 4367 299 4414 ται,
333 4350 507 4421 φησίν
539 4348 676 4417 (45)’
709 4365 727 4397 ί
765 4347 1031 4413 Ἤγγικεν
1051 4346 1085 4414 ή
1109 4343 1229 4414 ὥρα
1246 4345 1338 4397 καὶ
1365 4343 1592 4413 ἐσχίσθη
1620 4345 1652 4413 ή
1687 4360 1778 4395 σε-

187 4439 318 4510 λήνη
354 4439 475 4509 (44)
494 4454 509 4467 ⁸
541 4437 639 4491 καὶ
663 4435 759 4488 ἐὰν
782 4434 1027 4505 θεωρῶσι
1056 4436 1299 4503 σημεῖον,
1314 4432 1775 4503 ἀποστρέφονται,

186 4534 277 4584 καὶ
304 4532 536 4600 λέγουσι
559 4547 573 4561 ·
598 4527 925 4598 Φαρμακεία
948 4526 1065 4578 ἐστ)⁸
1096 4525 1468 4595 παρεχομένη,
1500 4526 1593 4578 καὶ
1614 4526 1777 4595 ἐψευ-

1884 3432 2222 3487 intervallum
2256 3434 2487 3488 duorum
2516 3448 2770 3498 arcuum,
2829 3443 2924 3487 aut
2967 3437 3323 3505 propinquius
3353 3456 3366 3492 :
3403 3449 3458 3492 et

1882 3525 2318 3579 revelavitservo
2351 3539 2452 3578 suo
2487 3524 2631 3593 quod
2670 3525 2967 3590 revelavit;
3005 3542 3110 3580 non
3152 3537 3235 3582 est
3258 3531 3457 3583 menti-

1881 3626 1971 3670 tus
2002 3615 2145 3685 quod
2177 3616 2319 3668 intra
2353 3615 2522 3668 vidit:
2555 3630 2791 3683 namque
2835 3614 2889 3668 id
2920 3616 3074 3671 vidit.
3120 3616 3453 3673 Dcscensum

1882 3707 2046 3760 alium
2078 3707 2234 3775 juxta
2263 3706 2499 3775 plantam
2553 3706 2800 3760 sideritin
2852 3707 3095 3761 tradidit.
3138 3726 3157 3760 ι
3194 3708 3258 3762 Et
3292 3711 3455 3777 paulo

1882 3805 2006 3866 post
2036 3796 2224 3849 delinit
2250 3796 2450 3849 diserte
2476 3794 2663 3850 dicens
2693 3811 2705 3848 :
2743 3813 2761 3846 ‹
2799 3796 3080 3862 Quomodo
3114 3798 3291 3867 angeli
3325 3807 3453 3852 sunt

1881 3886 1937 3940 in
1963 3885 2121 3949 crelo,
2148 3900 2270 3938 cum
2294 3884 2509 3939 illorum
2530 3884 2850 3939 intercessio
2878 3900 3159 3955 nunquam
3183 3887 3396 3955 prosit?
3427 3907 3445 3937 ι

1879 3977 1939 4031 ln
1973 3978 2423 4047 quinquagesima
2479 3979 2635 4033 tertia
2687 3977 2868 4032 fabula
2921 3978 3104 4033 dicere
3153 3977 3342 4032 volens
3385 3978 3453 4031 de

1880 4066 2023 4122 luna:
2082 4069 2477 4138 passionibus,
2544 4069 2915 4138 ignoransque
2989 4068 3269 4123 obscurari
3330 4084 3449 4122 eam

1881 4169 2041 4214 terra:
2065 4161 2278 4224 umbra,
2306 4162 2379 4214 ait
2414 4178 2426 4213 :
2463 4178 2480 4211 ι
2512 4161 2984 4229 Appropinquavit
3009 4161 3163 4225 hora,
3189 4170 3244 4215 et
3273 4161 3447 4218 scissa

1879 4262 1966 4309 est
2015 4254 2167 4307 luna.
2206 4252 2361 4317 Quod
2394 4252 2439 4306 si
2485 4251 2722 4307 viderint
2768 4252 3006 4320 signum,
3064 4260 3313 4306 avertunt
3367 4266 3445 4316 se,

1878 4344 2174 4412 dicuntque
2227 4360 2241 4396 :
2295 4340 2633 4410 Praastigium
2683 4352 2767 4396 est
2824 4342 2967 4410 quod
3019 4341 3327 4403 exhibetur,
3394 4350 3449 4394 et

1880 4435 2210 4490 mendaciter
2239 4433 2509 4488 fecerunt.
2550 4452 2568 4483 ι
2614 4431 2798 4500 Atque
2828 4432 2902 4486 ita
2952 4431 3291 4485 ludibundus
3321 4446 3446 4499 per-

1879 4528 1955 4599 git
1977 4540 2148 4595 usque
2167 4524 2232 4578 ad
2269 4524 2659 4594 sexagesimam
2694 4522 2956 4577 fabulam.
2992 4521 3051 4576 In
3105 4522 3445 4592 sexagesima

185 4624 503 4694 δοποίησαν.
532 4640 555 4673 ι
589 4622 698 4672 Καὶ
716 4618 889 4682 οὕτως
918 4617 1220 4687 ἀδολεσχῶν
1254 4618 1498 4687 πρόεισιν
1520 4618 1623 4681 ἕως
1647 4620 1774 4688 ἑξη-

1887 4628 2062 4673 autem
2081 4617 2261 4671 fabula
2278 4615 2525 4684 operiens
2542 4614 2699 4685 quasi
2719 4614 2958 4669 tenebris
2977 4614 3292 4681 ignorantiae
3306 4623 3357 4665 et
3375 4612 3445 4667 fa-

186 4714 373 4768 κοστοῦ
406 4713 617 4782 μύθου.
666 4710 755 4763 Ἑν
791 4709 849 4762 δὲ
876 4708 954 4777 τῷ
984 4708 1262 4778 ἑξηκοστῷ
1315 4708 1469 4779 μύθῳ
1503 4711 1773 4777 συγκαλυ-

185 4806 419 4873 ψάμενος
444 4805 647 4872 ὥσπερ
686 4801 863 4871 σκότῳ
888 4799 967 4869 τῷ
997 4800 1093 4869 τῆς
1128 4799 1312 4864 ἀνοίας
1340 4800 1374 4870 ἢ
1413 4798 1773 4870 ἀναισθησίας

250 5001 362 5069 (35)
403 5000 600 5053 Alium
626 4997 1055 5069 planesensum
1085 4991 1297 5069 habent
1347 4990 1509 5069 verba
1544 4991 1772 5069 Qrabica

186 5060 445 5123 ordinavit
473 5087 493 5133 ;
540 5060 788 5136 agitavit.
815 5064 883 5119 Et
908 5062 1175 5136 sichabet
1201 5060 1525 5136 Maraccius.
1552 5061 1773 5116 Graecus

186 5149 358 5193 autem
409 5130 633 5201 noster,
680 5136 812 5206 quid
853 5134 1083 5188 Arabice
1124 5131 1335 5199 legerit,
1380 5130 1626 5185 divinare
1662 5145 1773 5184 non

192 5224 381 5346 “(5533'
398 5277 539 5332 Sur.
564 5273 797 5346 _x_Lvn,
833 5273 921 5330 16.

255 5343 363 5417 (57)
396 5343 655 5417 δυηιιι,
683 5346 732 5397 1.

253 5408 636 5487 (38jArabiee
668 5424 753 5487 est
790 5412 1040 5473 verbum.
1091 5410 1312 5481 sparsit.
1367 5408 1567 5465 Noster
1611 5408 1770 5465 aliter

188 5483 308 5555 legit
338 5483 421 5540 vel
451 5483 757 5555 intellexit.

252 5552 359 5626 (39;
386 5555 519 5610 Sur.
558 5552 677 5617 LII,
711 5554 763 5606 ι.

252 5616 360 5694 (40)
394 5616 918 5694 Arabi_ce_yerbum,
958 5618 1213 5688 implevit.
1249 5617 1445 5672 Noster
1472 5616 1652 5671 aliter.

252 5628 303 5694 (ιι
394 5626 643 5679 Arabice
667 5626 918 5686 verbum,
958 5626 1213 5688 implevit.
1250 5626 1445 5672 Noster
1472 5626 1652 5671 aliter.

1212 5758 1225 5769 .
1491 5758 1523 5769 ,μ
1621 5755 1631 5766 .
1717 5756 1728 5767 .

256 5758 364 5837 (42)
418 5761 691 5833 Intelligit
730 5760 1046 5826 Gabrietem,
1083 5758 1228 5828 quod
1260 5771 1459 5814 nomen
1490 5758 1563 5812 ita
1590 5758 1764 5824 signi-

1886 4708 2100 4763 tuilati‘s
2135 4705 2366 4760 infelicis
2397 4705 2595 4758 anima:
2619 4718 2730 4758 suae
2758 4702 2969 4763 oculos,
2995 4702 3087 4755 dat
3119 4716 3177 4755 se
3201 4701 3444 4769 praecipi-

1880 4807 1988 4854 tem
2020 4798 2075 4853 in
2099 4795 2367 4852 mendacii
2392 4793 2627 4849 inauditi
2654 4792 3001 4855 barathrum,
3032 4799 3195 4861 atque
3234 4790 3309 4844 ita
3345 4790 3443 4845 de-

1875 4991 2021 5046 (icat.

1970 5056 2536 5131 43)ξιιιο.1ι1γ,1.⁸
2633 5125 2701 5131 __
2817 5123 2831 5131 Α
2991 5124 3000 5131 θ
3095 5124 3107 5131 _
3246 5090 3319 5131 ,ν

1967 5123 2057 5198 44)
2087 5128 2264 5184 Locus
2285 5126 2540 5183 Alcorani
2569 5123 3169 5198 celeberrimu_s,fquia_
3180 5124 3434 5198 refertur,

1876 5194 2118 5255 ut‘multi
2155 5202 2405 5261 credunt,
2441 5198 2507 5251 ad
2545 5194 2836 5249 ridiculum
2888 5194 3225 5249 Mohamedis
3271 5195 3439 5248 mira-

1877 5270 2061 5325 culum
2089 5269 2272 5322 lunam
2297 5266 2613 5322 scindentis.
2646 5265 2750 5333 Alii
2782 5273 2958 5317 tamen
2984 5264 3294 5333 intelligunt
3322 5281 3439 5319 ser-

1879 5354 2095 5393 monem
2152 5353 2275 5393 esse
2331 5337 2399 5390 de
2448 5336 2536 5389 die
2591 5332 2784 5403 jndicii
2849 5334 3103 5403 extremi.
3155 5332 3266 5401 quo
3308 5334 3438 5387 luna

1877 5408 2173 5463 scindetur.
2217 5406 2330 5462 Hac
2356 5419 2520 5473 super
2543 5401 2604 5458 re
2632 5403 2837 5456 multus
2863 5411 2949 5456 est
2987 5401 3287 5473 Maraceius
3320 5412 3435 5473 tum

1876 5479 1981 5532 hoc
2007 5479 2148 5541 loco,
2173 5484 2289 5529 tum
2327 5476 2378 5529 in
2404 5472 2696 5544 prodi-omo
2726 5480 2867 5537 part.
2902 5485 2959 5533 η,
2996 5485 3116 5537 cap.
3151 5472 3205 5535 4,
3244 5485 3298 5544 p.
3345 5472 3432 5525 16.

1876 5546 2013 5601 Hinc
2036 5555 2182 5601 certe
2212 5541 2587 5599 Mohamedani
2626 5556 2832 5596 morem
2869 5550 3222 5607 sumpserunt
3247 5541 3434 5593 lunam

1875 5617 2104 5671 scissam
2137 5631 2232 5671 seu
2264 5614 2602 5668 dimidiatam
2626 5611 2823 5682 ubique
2847 5610 2902 5665 in
2935 5610 3053 5666 suis
3082 5609 3431 5665 emblemati-

1876 5688 1977 5743 bus
2004 5684 2329 5742 ostentandi.
