4168 6450
197 472 293 533 ΤΠ

1312 454 1743 520 BEFUTATIO
1795 453 2268 514 MOHAMEDIS.

3329 453 3434 516 778

192 593 266 651 εἰς
311 585 410 656 τὴν
457 583 607 637 θείαν
647 579 872 654 Γραφὴν
912 578 1261 649 παρῴνησεν,
1292 571 1368 629 ὧν
1413 593 1468 628 τε
1505 571 1644 627 κατὰ
1673 570 1769 640 τῆς

1879 577 1988 621 tum
2036 571 2163 638 quia
2219 567 2487 623 adversus
2543 583 2753 623 sacram
2807 569 3145 641 Scripturam
3191 571 3432 639 insaniit,

192 679 342 746 δόξης
363 675 458 728 τοῦ
482 675 616 728 Θεοῦ
635 674 921 744 ἠσέϐησεν,
947 664 1024 724 ὧν
1053 687 1112 723 τε
1159 668 1298 722 κατὰ
1325 668 1433 720 τῶν
1463 667 1635 733 ἁγίων
1667 663 1762 717 αύ-

192 771 282 824 τοῦ
336 769 584 838 ἀγγέλων
641 767 1010 836 ὲδυσφήμησε,
1067 764 1164 834 τῆς
1212 779 1272 815 τε
1325 761 1545 831 βαθείας
1599 755 1762 809 αὐτοῦ

195 863 487 931 ἀγνωσίας,
518 860 612 912 καὶ
652 859 856 923 ἁπλῶς,
909 858 985 920 ὡς
1015 856 1172 927 ἔφην,
1203 854 1341 924 ιδίχα
1389 852 1529 915 τινὸς
1578 849 1763 918 ἑτέρου

197 955 417 1023 ἐλέγχου
448 951 718 1024 ἀριδήλως
760 948 1234 1018 κτισματολάτρης
1286 945 1380 998 καὶ
1417 939 1765 1009 δεισιδαίμων

197 1046 454 1114 ὑπάρχων
499 1040 1013 1110 καταλαμϐάνεται*
1051 1039 1147 1093 καὶ
1181 1038 1354 1108 μάτην
1393 1031 1764 1105 μεγαλαυχού-

197 1155 276 1189 σιν
313 1138 362 1189 οἱ
399 1137 615 1203 ἀνόητοι
656 1133 982 1202 Σαρακηνοὶ,
1040 1130 1132 1184 ἐπὶ
1181 1129 1258 1200 τῷ
1287 1128 1442 1196 γόητι
1495 1127 1670 1194 τούτῳ
1693 1122 1767 1186 ὼς

195 1228 452 1298 ἀληθινὴν
479 1225 678 1289 αὐτοὺς
711 1225 1042 1293 θεογνωσίαν
1069 1222 1370 1287 διδάξαντι·
1397 1218 1768 1290 προκάλυμμα

196 1322 301 1388 γάρ
346 1319 505 1388 μόνον
558 1317 618 1370 τὸ
651 1317 744 1368 τοῦ
784 1315 946 1386 μόνου
977 1314 1110 1366 Θεοῦ
1168 1311 1521 1381 περιεϐάλετο
1560 1309 1763 1376 ὄνομα·

199 1413 336 1464 κατὰ
361 1411 419 1462 δὲ
461 1409 521 1462 τὸ
556 1407 780 1476 λεληθὸς
823 1405 1350 1476 κτισματολατρείαν
1387 1403 1480 1455 καὶ
1524 1400 1769 1468 Ἐλληνι-

199 1505 332 1574 σμὸν
365 1504 546 1563 αὐτοῖς
586 1502 913 1570 εἰσηγήσατο
931 1514 943 1526 ·
977 1499 1070 1550 καὶ
1091 1497 1270 1566 δῆλον,
1303 1496 1376 1558 ὼς
1401 1494 1553 1564 ἔφην,
1573 1496 1636 1546 ὲκ
1663 1491 1770 1543 τῶν

196 1595 453 1649 τοιούτων
509 1594 672 1646 αὐτοῦ
710 1593 927 1660 ὅρκωνο
985 1591 1103 1652 πῶς
1148 1589 1256 1659 γὰρ
1307 1583 1374 1658 ἦν
1407 1585 1630 1640 δυνατὸν
1679 1583 1771 1635 τὸν

199 1688 372 1758 ἁληθῆ
407 1686 540 1738 Θεὸν
570 1684 808 1754 ὀμνύντα
841 1682 982 1736 κατὰ
1012 1682 1173 1742 κυνὸς
1199 1679 1486 1750 δρομικοῦ,
1519 1678 1611 1731 καὶ
1647 1675 1771 1730 σκό-

197 1795 319 1841 τους
365 1774 680 1848 νυκτερινοῦ
706 1816 720 1838 ,
758 1775 850 1828 καὶ
891 1773 999 1826 τῶν
1052 1771 1239 1824 τούτου
1273 1771 1568 1840 χειρόνων;
1631 1765 1772 1821 ’Λλλ⁹

200 1870 386 1938 ἐπειδὴ
445 1867 703 1939 φορτικὸς
734 1862 800 1936 ἦν
835 1865 1016 1927 αὐτοῖς
1056 1863 1152 1916 καὶ
1183 1863 1561 1934 ἁπαράδεκτος
1601 1859 1660 1924 ἐξ
1686 1859 1772 1912 εύ-

201 1961 348 2022 Οείας
373 1959 815 2030 προτρεπόμενος
841 1957 1037 2019 αὐτοὺς
1073 1954 1354 2025 λατρεύειν
1384 1957 1448 2025 τῇ
1476 1954 1650 2006 κτίσει
1682 1954 1774 2005 καὶ

200 2054 307 2114 τοῖς
331 2051 602 2120 δαίμοσιν,
640 2049 1058 2120 προοιμιάζεται
1089 2049 1186 2117 μὲν
1225 2047 1341 2110 tuo;
1387 2045 1522 2099 Θεοῦ
1553 2047 1771 2114 γνῶσιν,

198 2142 269 2205 ὡς
296 2143 365 2195 ἂν
387 2143 476 2196 διὰ
492 2142 682 2194 τούτου
714 2141 942 2208 ἐκφύγοι
964 2140 1060 2208 τὴν
1083 2140 1180 2208 τῆς
1204 2137 1493 2200 πολυϐεἳας
1519 2135 1772 2206 ὑποψίανθ

202 2234 362 2287 πάλιν
385 2234 442 2285 δὲ
469 2233 677 2286 τούτων
700 2233 797 2285 οὐκ
823 2233 1047 2301 ἁναίδην
1077 2232 1172 2305 καὶ
1212 2231 1366 2292 Θεοὺς
1395 2229 1535 2299 ἔχειν
1568 2229 1634 2281 τὰ
1662 2230 1775 2282 κτίο

203 2342 389 2392 σματα
439 2325 699 2393 ἐκφωνεῖέ
755 2323 890 2377 ἀλλὰ
945 2323 1043 2394 τὴν
1093 2323 1463 2393 προσηγορίαν
1511 2320 1603 2372 τοῦ
1640 2319 1776 2372 Θεοῦ

202 2421 522 2490 ἁποσιωπᾷ’
572 2420 634 2472 τὸ
670 2420 728 2472 δὲ
762 2419 1004 2489 καθῆκον
1033 2421 1161 2488 περὶ
1183 2417 1316 2471 Θεοῦ
1349 2419 1534 2482 σέϐας,
1569 2417 1630 2469 τὸ
1656 2416 1775 2468 κατ’

201 2510 366 2563 αὑτὸν
399 2512 567 2580 ὅρκῳ,
596 2513 760 2581 φημὶ,
793 2511 1100 2582 προσάπτει
1135 2511 1283 2580 αὐτῷ
1308 2527 1321 2540 ’
1351 2510 1492 2564 ὥστε
1520 2510 1579 2575 ἐξ
1607 2510 1777 2578 ἀνάγ-

200 2617 300 2666 κης
332 2599 621 2668 συμϐαίνει
644 2603 754 2662 τοῖς
785 2600 863 2668 τῷ
896 2597 1003 2668 0εῷ
1039 2598 1131 2651 τοῦ
1167 2600 1411 2667 Μωάμετ
1434 2595 1776 2665 λατρεύουσι,

200 2689 286 2742 διὰ
347 2691 516 2759 μέσου
574 2690 766 2742 τούτου
802 2692 868 2759 τῇ
921 2690 1094 2742 κτίσει
1125 2689 1216 2741 καὶ
1261 2691 1370 2749 τοῖς
1419 2687 1632 2756 δαίμοσι
1687 2686 1778 2738 λα-

200 2782 448 2852 τμύειν·
486 2780 576 2834 τὸν
601 2783 653 2836 δ⁴ε
682 2781 814 2835 Θεὸν
844 2781 936 2835 τοῦ
987 2782 1236 2852 Ἀϐραὰμ
1263 2780 1491 2852 ὀμνύναι
1539 2781 1778 2851 Μωῦσῆς

205 2879 301 2942 μὲν
347 2874 582 2940 εἰσάγει,
616 2875 675 2926 ού
710 2874 828 2926 κατ’
859 2874 1020 2927 ἄλλου
1075 2874 1130 2926 δέ
1180 2890 1322 2934 τινος
1353 2872 1581 2942 ὀμνύναι
1610 2872 1776 2938 λέγει,

198 2967 336 3019 ἀλλὰ
361 2966 489 3019 καθ’
519 2967 713 3018 ἑαυτοῦ
738 2982 751 2995 ’
792 2966 929 3018 Κατ’
960 2965 1220 3034 ἐμαυτοῦ
1257 2966 1382 3034 γάρ,
1423 2964 1606 3032 φησὶν,
1635 2962 1782 3030 ὠμο-

199 3072 281 3109 σα
307 3073 318 3084 '
355 3059 500 3110 ὥστε
522 3061 550 3110 ὁ
583 3059 673 3110 τὸν
703 3057 836 3109 Θεὸν
859 3059 952 3110 τοῦ
985 3058 1231 3129 Ἀϐραὰμ
1257 3059 1450 3119 σέϐων,
1470 3057 1570 3124 οὐχ
1594 3055 1781 3124 ἕτερὸν

197 3166 319 3201 τινα
349 3149 485 3201 Θεὸν
509 3149 598 3202 διὰ
635 3149 801 3219 μέσου
836 3149 1000 3204 αὐτοῦ
1028 3149 1196 3210 σέϐει,
1219 3150 1332 3202 ἁλλ’
1355 3149 1519 3202 αὐτὸν
1549 3150 1776 3200 ἐκεῖνον’

1867 671 1978 714 tum
2037 660 2165 729 quia
2199 662 2468 715 adversus
2521 658 2615 712 Dei
2661 663 2997 730 majestatem
3032 661 3294 732 peccavit,
3321 673 3433 718 tum

1865 753 1992 823 quia
2054 753 2119 806 de
2168 753 2373 806 sanctis
2422 752 2842 821 blasphemavit.
2906 755 3055 809 Adde
3110 753 3432 823 profundam

1865 843 2110 914 ejusdem
2167 842 2462 898 inscitiam.
2499 842 2738 898 Omnino
2766 844 3038 899 evidenter
3083 847 3286 915 absque
3331 845 3437 898 alio

1865 940 2060 1006 quovis
2090 945 2412 1006 argutuento
2434 945 2808 990 creaturarum
2851 937 3107 991 adorator
3161 949 3215 992 et
3241 952 3436 1007 super-

1867 1029 2111 1083 stitiosus
2183 1027 2547 1083 convincitur.
2612 1028 2838 1084 Temere
2893 1029 3076 1099 itaque
3137 1031 3437 1099 gloriantur

1867 1120 2049 1174 stolidi
2103 1118 2361 1173 Saraceni
2399 1119 2465 1173 de
2517 1119 2622 1174 hoc
2685 1121 3000 1190 impostore,
3042 1121 3201 1191 quasi
3253 1140 3434 1178 veram

1869 1213 2016 1282 ipsos
2071 1211 2161 1266 Dei
2215 1213 2463 1267 notitiam
2512 1212 2779 1266 docuerit.
2848 1212 3092 1284 Namque
3143 1223 3439 1284 prmtextus

1871 1306 2250 1360 tantummodo
2309 1321 2496 1368 causa,
2551 1306 2642 1361 Dei
2701 1307 2864 1361 unius
2899 1324 3005 1376 pra:
3038 1324 3095 1363 se
3133 1309 3303 1363 tendit
3340 1324 3437 1362 no-

1871 1415 2025 1465 men;
2051 1399 2276 1452 latruter
2309 1415 2436 1452 vero
2461 1399 2820 1454 idololatrian
2853 1410 2904 1454 et
2926 1401 3310 1456 ethnicismnm
3334 1403 3438 1455 illis

1873 1493 2102 1544 invexit.
2161 1489 2326 1559 quue
2385 1501 2620 1553 constat.
2678 1501 2735 1546 ut
2808 1492 2941 1557 dixi,
2997 1508 3064 1547 cx
3128 1493 3438 1562 hnjusmodi

1867 1584 2195 1653 iuramentis
2251 1584 2391 1652 cjns.
2443 1581 2577 1637 Nam
2619 1586 2708 1654 qui
2764 1585 2876 1639 fieri
2915 1595 3130 1655 poterat
3177 1595 3234 1640 ut
3281 1603 3440 1640 verus

1874 1677 2017 1731 Dens
2072 1692 2166 1746 per
2195 1693 2385 1732 canent
2419 1677 2664 1732 velocem
2733 1677 2963 1745 jnrarct,
2993 1694 3088 1748 per
3144 1687 3442 1732 nocturnas

1873 1768 2146 1831 tenebras,
2182 1778 2234 1822 et
2256 1784 2352 1838 per
2387 1770 2471 1824 his
2520 1769 2826 1823 deteriora?
2866 1770 2970 1823 Sed
3007 1770 3135 1839 quia
3178 1770 3442 1823 molestus

1877 1859 2072 1916 fuisset
2135 1862 2242 1915 illis
2299 1859 2644 1915 Mohamedes
2690 1872 2742 1915 et
2802 1861 3025 1916 minime
3067 1862 3364 1925 credibilis,
3399 1863 3442 1914 si

1880 1963 2021 2006 recta
2052 1967 2147 2007 eos
2185 1953 2250 2006 ad
2285 1964 2551 2007 creaturae
2577 1954 2999 2022 daitnonumque
3027 1954 3232 2008 cultum
3268 1955 3444 2024 impu-

1879 2045 2063 2107 lisset;
2099 2043 2259 2097 initio
2286 2043 2504 2113 quidem
2537 2046 2699 2100 unius
2731 2045 2821 2098 Dei
2866 2047 3120 2101 notitiam
3161 2047 3347 2109 tradit,
3388 2057 3447 2101 ιιι

1877 2139 1958 2193 sic
1989 2137 2331 2207 polythcismi
2355 2136 2719 2206 suspicionem
2752 2139 2900 2192 vitet.
2942 2139 3074 2192 Item
3103 2141 3242 2192 haud
3267 2139 3443 2208 impu-

1877 2228 2066 2282 denter
2097 2237 2156 2282 ut
2180 2237 2460 2282 creaturas
2490 2228 2665 2282 instar
2694 2229 2785 2283 Dei
2818 2230 3074 2294 habeant,
3108 2230 3326 2293 clamat,
3352 2230 3444 2283 sed

1882 2321 1974 2375 Dei
2009 2336 2208 2374 nomen
2240 2323 2463 2385 retlcet;
2496 2322 2853 2377 nihilominus
2885 2323 3301 2377 convenientem
3336 2319 3446 2374 Deo

1881 2413 2165 2469 honorem.
2225 2414 2317 2481 qui
2361 2428 2455 2481 per
2484 2413 2882 2483 'jusjurandum
2947 2414 3128 2476 datur,
3164 2415 3330 2477 hune,
3365 2414 3449 2465 in-

1879 2521 2066 2574 quam,
2101 2505 2369 2559 creaturis
2410 2514 2667 2574 tanquam
2703 2503 2810 2558 Deo
2850 2505 2962 2558 dat.
3006 2505 3079 2558 Ex
3112 2521 3221 2573 quo
3257 2519 3450 2558 neces-

1882 2598 2029 2652 sario
2059 2598 2435 2667 consequitur,
2464 2609 2522 2651 ut
2549 2598 2638 2668 qui
2676 2597 3011 2652 Mohamedis
3051 2597 3211 2651 deum
3240 2598 3448 2660 colunt,

1883 2689 1986 2742 hoc
2012 2690 2355 2752 intermedio,
2394 2698 2507 2742 tum
2540 2699 2818 2744 creaturas
2848 2701 2960 2744 tum
2988 2689 3150 2745 etiam
3177 2691 3451 2746 daemones

1881 2782 2083 2836 colant.
2109 2780 2403 2834 Abrahami
2433 2795 2563 2834 sane
2587 2781 2752 2834 Deum
2780 2781 2987 2835 inducit
3008 2781 3279 2850 jurantem
3303 2782 3452 2854 Moy-

1889 2890 2000 2937 ses,
2031 2874 2122 2927 sed
2153 2889 2247 2942 per
2279 2875 2439 2926 aliam
2477 2887 2588 2926 rem
2641 2873 2843 2926 nullam
2888 2875 2992 2928 nisi
3027 2889 3122 2942 per
3153 2889 3210 2928 se
3232 2875 3405 2942 ipsum
3436 2888 3450 2926 :

1885 2963 1990 3018 Per
2039 2963 2597 3032 memetipsumjuravi
2625 2964 2689 3028 ⁸⁷,
2729 2965 2924 3032 inquit.
2962 2964 3320 3028 Quamobrem
3358 2964 3452 3033 qui

1885 3056 2052 3108 Deum
2074 3055 2366 3109 Abraliami
2403 3056 2551 3118 colit,
2591 3055 2756 3109 alium
2790 3056 2954 3108 Deum
2986 3057 3308 3112 intermedio
3335 3057 3454 3126 ipso

1887 3164 1992 3202 non
2039 3150 2190 3213 colit,
2229 3149 2322 3202 sed
2384 3148 2534 3202 illum
2592 3147 2794 3216 ipsmn.
2846 3146 3228 3203 Mohamedani
3268 3160 3450 3203 autem

199 3244 248 3293 oi
287 3243 344 3294 δὲ
375 3241 456 3311 τῷ
495 3241 589 3294 τοῦ
632 3243 876 3312 Μιωάμετ
930 3242 1279 3312 λατρεύοντες
1319 3240 1458 3309 Θεῷ,
1491 3242 1557 3293 δι’
1609 3237 1770 3291 αὑτοῦ

1879 3246 2005 3294 ιΙιιιη
2065 3240 2232 3294 Deum
2269 3241 2478 3305 colunt,
2528 3240 2852 3295 intermedio
2917 3241 3106 3294 eodem
3161 3252 3350 3296 noctes
3400 3251 3454 3296 ct

197 3334 417 3384 ἐκείνου
452 3331 651 3394 νύκτας
698 3349 757 3383 τε
807 3335 900 3384 καὶ
934 3331 1098 3393 κύνας
1141 3333 1235 3383 καὶ
1269 3332 1436 3392 συκᾶς
1471 3333 1563 3382 καὶ
1595 3329 1779 3390 ἐλαίας

197 3427 292 3478 καὶ
319 3425 505 3476 πάντα
525 3425 594 3476 τὰ
616 3423 987 3494 προειρημένα
1009 3423 1332 3492 μυθεύματα
1360 3420 1775 3492 προσκυνοῦσιν’

197 3514 280 3568 διὸ
335 3515 406 3584 δὴ
438 3514 537 3585 τὴν
592 3515 801 3584 πλάνην
835 3516 1291 3584 κατανοήσαντες,
1345 3514 1436 3566 καὶ
1494 3513 1586 3566 τὸν
1633 3512 1780 3564 δόλον

196 3608 507 3669 συνιέντες,
539 3607 954 3675 ἀποστήτωσαν,
990 3608 1038 3658 εί
1090 3605 1380 3675 βούλοιντο,
1414 3604 1514 3674 τῆς
1543 3603 1636 3656 τοῦ
1675 3622 1779 3674 μα-

193 3700 352 3752 ταίου
382 3697 579 3752 τούτου
607 3699 974 3768 παροδηγία;’
1013 3697 1107 3751 καὶ
1161 3698 1296 3768 μόνῃ
1334 3699 1398 3766 τῇ
1435 3695 1553 3765 θείᾳ
1592 3697 1630 3747 Γ
1638 3697 1778 3765 ροιφῇ

195 3791 615 3858 στοιχήσαντες,
667 3788 799 3856 παρ’
848 3786 1018 3857 αὐτῆς
1067 3786 1166 3856 τὴν
1217 3785 1431 3838 τελείαν
1487 3786 1581 3838 καὶ
1613 3785 1781 3856 μόνην

189 3878 376 3948 ἁληθῆ
404 3878 738 3945 Θεογνωσίαν
763 3877 1198 3948 διδαχθήτωσανο
1227 3878 1364 3947 πρὸς
1384 3880 1448 3949 ἢν
1465 3878 1534 3931 τὰ
1554 3879 1783 3948 κίϐδηλα

189 3970 394 4023 τούτου
455 3968 696 4039 μυθάρια
755 3970 1182 4040 συγκρινόμενα,
1232 3970 1331 4039 τὴν
1383 3970 1505 4023 ὅσον
1550 3970 1781 4040 κοπρίαν

191 4064 334 4132 πρὸς
393 4061 631 4132 ὖϐρυζον
679 4063 881 4134 χρυσὸν
918 4062 1415 4135 παραϐαλλομένην
1465 4063 1784 4119 ἀπόπτωσιν

191 4156 489 4225 πάσχοντα
519 4156 905 4226 ἁπελέγχεται.

732 4250 1128 4304 ΔΠΑΝΤΗΣΙΣ
1157 4251 1256 4304 ΙΘ’.

189 4340 352 4408 Πρὸς
383 4340 501 4394 τὸν
538 4341 786 4409 Μωάμετ
841 4340 1034 4408 ψιλῶς
1093 4341 1618 4410 ἐκλαμϐανόμενον
1669 4343 1785 4411 τὴν

257 4415 470 4466 Λόγος
501 4411 609 4466 (89)
642 4411 849 4466 φωνὴν
869 4411 968 4465 ἐπὶ
1001 4411 1107 4465 τοῦ
1149 4411 1566 4466 ἐνυποστάτου
1590 4415 1782 4466 Λόγου

257 4415 470 4478 Λόγος
501 4415 609 4479 ('89)
639 4415 849 4479 φωνὴν
869 4415 968 4465 ἐπὶ
1001 4415 1107 4465 τοῦ
1149 4415 1566 4466 ἐνυποστάτου
1590 4415 1782 4483 Λόγου

259 4483 367 4534 καὶ
405 4481 550 4533 Υίοῡ
581 4481 686 4535 τοῦ
716 4481 884 4536 Θεοῦ.

1881 3348 2043 3386 canes
2065 3342 2117 3386 et
2161 3335 2296 3386 licus
2324 3342 2376 3386 et
2403 3333 2566 3399 oleas,
2586 3342 2638 3386 et
2657 3334 2907 3402 praedicta
2937 3333 3117 3385 omnia
3150 3343 3454 3388 commenta

1882 3429 2133 3480 adorant.
2198 3425 2366 3496 igitur
2419 3441 2606 3481 errore
2654 3427 2870 3481 demum
2927 3428 3164 3496 cognito,
3223 3429 3456 3498 doloque

1883 3520 2177 3581 intellecto‘,
2213 3519 2496 3580 recedant,
2526 3519 2570 3571 si
2605 3526 2753 3572 certe
2792 3519 3006 3580 Volunt,
3037 3520 3104 3574 ab
3128 3520 3290 3588 hujus
3307 3522 3457 3575 stulti

1881 3625 2113 3664 erronco
2156 3611 2354 3663 ducatu
2407 3611 2655 3679 :uniqtte
2713 3611 2906 3665 divinae
2935 3610 3233 3680 Scriptura:
3272 3614 3428 3667 adha-

1882 3711 2082 3765 rentes,
2110 3702 2176 3754 ab
2199 3701 2385 3755 cadent
2411 3701 2709 3770 perfectum
2731 3702 3020 3772 solumque
3043 3719 3226 3757 rerum
3249 3704 3454 3758 cultum

1883 3792 2130 3857 discant;
2194 3806 2318 3845 cum
2360 3808 2466 3861 qua
2533 3793 2716 3846 divina
2774 3792 3053 3862 Scriptura
3082 3808 3250 3848 cassat
3293 3794 3457 3864 hujus

1885 3883 2123 3938 hominis
2168 3883 2537 3938 fabulationes
2591 3895 2938 3954 comparatae.
3001 3901 3100 3940 ceu
3142 3885 3188 3940 si
3243 3895 3459 3941 stercus

1883 3988 2007 4027 cum
2039 3988 2173 4027 auro
2204 3973 2394 4028 obrizo
2426 3972 2764 4041 conferatur,
2809 3976 2964 4029 ruina
3003 3975 3204 4031 diaboli
3233 3991 3456 4046 compeo

1883 4067 2110 4122 rientur.

2323 4248 2826 4306 CONTRADICTIO
2864 4249 2980 4303 XIX
2993 4289 3006 4304 .

1883 4341 2142 4395 Adversus
2159 4339 2516 4394 Mahamedem
2529 4383 2541 4402 .
2555 4343 2644 4411 qui
2665 4342 2969 4396 vocabulum
2989 4340 3208 4396 Vanum!
3229 4343 3456 4408 simplici

1956 4414 2166 4536 zotioue
2213 4412 2461 4481 intelligit
2489 4414 2962 4482 inenhypostatico
3006 4412 3170 4466 Verbo
3219 4422 3267 4465 et
3309 4413 3456 4467 Filio

2005 4500 2074 4536 ei.

2005 4500 2074 4536 ει.

258 4573 374 4627 τπδ’.
413 4567 522 4626 Ἦν
572 4575 628 4626 αἱ
674 4572 852 4626 οὐσίαι
899 4573 1062 4644 ἦτουν
1084 4573 1140 4626 αἱ
1171 4573 1362 4643 φύσεις
1387 4573 1656 4647 διάφοροι,
1686 4577 1777 4631 καὶ

1955 4573 2048 4628 84.
2095 4571 2340 4640 Quorum
2378 4572 2718 4635 substantiae,
2769 4573 2821 4627 id
2850 4583 2935 4628 est
2969 4583 3197 4640 naturai,
3229 4577 3460 4632 diversae

186 4669 331 4721 αὐτὰ
374 4669 605 4728 πάντως
626 4665 748 4719 κατ’
781 4666 970 4719 οὐσίαν
999 4666 1233 4740 διάφορα
1255 4682 1270 4696 ο
1298 4665 1333 4720 ἆ
1365 4667 1422 4719 δὲ
1452 4666 1624 4730 οὕτως
1654 4670 1788 4739 πρὸς

183 4761 404 4831 ἄλληλα
436 4758 712 4827 διαφέρει,
753 4758 850 4811 καὶ
898 4759 997 4821 τὰς
1052 4757 1331 4821 ούσιὼδεις
1376 4758 1641 4830 ίδιότητας
1683 4761 1790 4813 τῶν

185 4851 416 4920 φύσεων
447 4849 743 4917 διαφόρους
777 4849 870 4900 καὶ
920 4849 1211 4917 ἀνομοίους
1255 4848 1367 4920 ἔχει
1392 4867 1406 4882 ·
1457 4845 1530 4905 ὧν
1561 4847 1652 4906 οὖν
1681 4854 1789 4923 ἄρα

183 4941 240 4995 αι
270 4939 474 4995 οὐσίαι
496 4938 661 5008 ῆτουν
695 4938 752 4990 αἱ
788 4939 982 5006 φύσεις
1008 4938 1277 5010 διάφοροι,
1313 4941 1409 4995 καὶ
1435 4943 1487 4995 αί
1514 4942 1790 5006 οὖσιώδεις

182 5032 373 5086 αὐτῶν
414 5031 692 5100 ίδιότητες
719 5028 828 5082 τῶν
863 5030 1081 5098 φύσεων
1111 5030 1359 5103 διάφοροι
1409 5033 1504 5087 καὶ
1525 5033 1787 5104 ἀνόμοιοι.

183 5126 244 5178 Εἰ
277 5120 380 5178 οὖν
425 5123 568 5185 Θεὸς
617 5123 712 5176 καὶ
760 5123 991 5190 ἄγγελος
1049 5123 1144 5176 καὶ
1179 5123 1464 5195 ἄνθρωπος
1504 5127 1791 5198 διαφόρους

181 5218 297 5288 ἔχει
349 5215 464 5279 τὰς
500 5214 713 5278 οὐσίας,
769 5216 867 5269 καὶ
923 5216 1078 5269 αὐτοὶ
1111 5216 1360 5288 διάφοροι
1420 5219 1486 5273 ἂν
1515 5215 1625 5273 εἷεν
1655 5222 1790 5291 πρὸς

181 5308 422 5370 ἑαυτούς
449 5323 465 5338 ’
506 5309 556 5360 εί
593 5306 650 5359 δὲ
679 5307 999 5378 διαφέρουσι
1032 5308 1168 5379 πρὸς
1193 5310 1443 5376 ἑαυτοὺς,
1480 5311 1574 5364 καὶ
1603 5313 1658 5365 αἱ
1694 5314 1788 5365 ού-

183 5402 408 5465 σιὼδεις
462 5397 651 5451 αὐτῶν
711 5398 971 5468 ἰδιότητες
1016 5399 1124 5454 τῶν
1171 5401 1386 5471 φύσεων
1421 5402 1668 5474 διάφοροι
1696 5405 1788 5458 καὶ

181 5495 448 5564 ἀνόμοιοι
479 5490 671 5544 τέλεον
702 5492 914 5544 ἔσονται
945 5493 1079 5562 πρὸς
1105 5494 1305 5558 ἑαυτάς
1331 5511 1346 5529 ο
1377 5495 1573 5550 οὐκοῦν
1599 5497 1784 5568 ἕτερον

179 5587 316 5643 Θεοῦ
371 5585 480 5641 καὶ
539 5583 790 5652 ἀγγέλων
850 5585 942 5638 καὶ
968 5585 1272 5657 ἀνθρώπων
1320 5588 1381 5641 τὸ
1410 5587 1626 5657 λογικὸν
1656 5592 1793 5661 πρὸς

249 5703 296 5736 ³⁷
322 5702 481 5758 Gen.
524 5713 662 5763 χιιι,
692 5698 780 5753 16.

1888 4680 2034 4734 sunt,
2070 4684 2136 4722 ea
2177 4667 2294 4736 ipsa
2323 4667 2542 4722 omnino
2579 4667 3011 4723 substantialiter
3041 4669 3252 4724 diversa
3281 4680 3409 4724 sunt
3443 4689 3456 4724 :

1888 4777 2010 4832 quae
2042 4771 2223 4814 autent
2289 4761 2520 4815 invicem
2553 4761 2632 4814 sic
2669 4759 2947 4826 differunt,
2975 4775 3036 4815 ea
3067 4761 3458 4816 substantiales

1887 4867 2108 4923 quoque
2139 4861 2455 4906 naturarum
2491 4851 2849 4922 proprietates
2875 4853 3118 4908 diversas
3137 4854 3458 4908 dissimiles-

1890 4963 1995 5016 que
2025 4945 2245 5000 habent.
2279 4944 2449 5014 Igitur
2487 4959 2722 5013 quorum
2754 4945 3093 5010 substantia‘,
3122 4947 3175 5001 id
3223 4955 3306 5001 est
3360 4963 3460 5000 na-

1891 5051 2047 5106 tura,
2080 5037 2358 5102 diﬂ‘erunt,
2420 5035 2740 5091 corumdem
2785 5037 3177 5094 substantiales
3243 5055 3460 5110 quoque

1888 5141 2207 5187 naturarum
2239 5128 2598 5199 proprietates
2624 5129 2852 5184 diversae
2880 5139 3197 5200 suntatque
3219 5131 3459 5186 dissimi-

1889 5223 1988 5278 les.
2023 5221 2080 5277 Si
2115 5238 2247 5291 ergo
2308 5219 2452 5274 Deus
2473 5229 2525 5274 ct
2557 5219 2784 5291 angelus
2818 5229 2870 5273 et
2894 5219 3058 5274 homo
3088 5220 3330 5277 diversas
3365 5223 3462 5275 ha-

1889 5317 2016 5372 bent
2046 5313 2402 5381 substantias,
2432 5312 2533 5382 ipsi
2556 5327 2776 5383 qnoque
2797 5312 2998 5367 diversi
3034 5322 3194 5368 erunt
3218 5314 3358 5369 inter
3380 5331 3458 5370 sc.

1895 5409 2051 5476 Quod
2087 5409 2131 5464 si
2161 5407 2217 5462 hi
2241 5405 2495 5461 diﬂ'erunt
2525 5406 2666 5460 inter
2695 5420 2773 5469 se,
2801 5406 3190 5461 substantiales
3243 5421 3463 5476 quoque

1892 5501 2034 5570 apud
2071 5515 2164 5556 eos
2221 5511 2539 5552 naturarum
2578 5497 2938 5567 proprietates
2963 5495 3190 5551 diversa:
3218 5497 3462 5551 dissimi-

1889 5593 2079 5663 lesque
2107 5604 2336 5662 prorsus
2385 5596 2549 5646 erunt
2598 5588 2739 5644 inter
2783 5603 2860 5643 se.
2894 5587 3084 5658 Itaque
3122 5589 3334 5645 diversa
3379 5601 3462 5645 cst

247 5823 676 5900 (89)‘Cliristus
713 5820 939 5876 Verbum
969 5819 1066 5875 Dei
1102 5821 1181 5876 vel
1218 5835 1283 5876 ea:
1313 5820 1443 5891 Deo,
1472 5823 1776 5895 appellatur
1814 5837 1843 5879 a
1879 5821 2199 5881 Mohamede
2251 5820 2378 5879 Sur.
2408 5820 2498 5890 lll,
2531 5822 2620 5879 45.
2673 5821 2872 5883 Recole
2926 5833 3108 5881 autem
3160 5823 3302 5895 apud
3364 5838 3462 5878 nos

179 5898 285 5956 col.
325 5898 460 5954 729.

574 5991 842 6052 PATROL.
887 5989 1002 6051 Gn.
1049 5989 1168 6051 CV.

3035 5988 3111 6047 25
