4168 6450
700 384 809 450 779

1935 385 2227 447 NICETIE
2283 386 2689 450 BYZANTINI

3855 400 3969 464 780

699 500 932 554 invicem
966 497 1058 553 Dei
1094 507 1146 555 et
1176 496 1495 569 angelorum
1557 508 1611 554 et
1661 498 1943 554 hominum
1996 502 2250 556 rationali

2387 503 2612 574 ἄλληλα,
2652 503 2715 556 οὐ
2749 502 2910 574 μόνον
2938 503 3013 567 ὼς
3040 503 3268 576 ποιητοῦ
3305 506 3443 577 πρὸς
3475 507 3711 580 ποίημα,
3734 509 3854 563 οὐδὲ
3890 513 3971 575 ὡς

697 590 951 655 facultas,
984 607 1089 646 non
1147 592 1321 644 solum
1358 600 1617 662 tanquam
1647 590 1925 648 Creatoris
1968 608 2095 663 erga
2130 608 2285 648 crea-

696 695 896 747 turam,
925 696 973 739 ct
1008 683 1385 738 immaterialis
1407 699 1531 753 erga
1557 685 1855 749 materiale,
1891 685 1983 740 sed
2010 696 2284 752 quatenus

697 777 750 830 in
784 792 891 831 uno
912 786 995 831 cst
1027 776 1253 830 verbum
1287 776 1661 831 tantummodo
1687 779 1960 832 intermun
1984 795 1998 842 ;
2023 779 2074 830 in
2110 779 2283 831 altero

693 869 857 920 etiam
918 866 1317 921 enuntiativum
1346 884 1359 931 ;
1404 866 1457 919 in
1489 866 1651 920 tertio
1683 867 1919 937 denique
1950 866 2072 936 plus
2116 882 2281 936 quant

691 960 964 1013 internum
983 966 1037 1013 et
1064 958 1479 1012 enuntiativum.
1499 956 1563 1010 Et
1589 973 1712 1012 cum
1737 958 1950 1011 illorum
1986 957 2129 1010 haud
2144 958 2277 1011 sub—

691 1050 942 1106 stantialc
969 1051 1039 1105 sit
1068 1050 1315 1115 verbum,
1336 1065 1444 1105 non
1475 1050 1788 1104 cnimcxtra
1812 1049 1942 1103 illud
1987 1049 2040 1103 in
2063 1065 2172 1120 quo
2202 1057 2284 1103 est

688 1142 951 1210 procedit,
974 1145 1097 1206 quia
1119 1142 1439 1196 naturaliter
1455 1150 1831 1211 comparatum
1853 1147 1936 1195 est
1971 1150 2030 1194 ut
2055 1141 2276 1195 verbum

687 1237 741 1292 in
770 1235 1035 1290 creaturis
1073 1251 1101 1289 a
1147 1236 1395 1305 subjecto
1424 1252 1523 1293 suo
1552 1252 1659 1289 non
1690 1236 1955 1301 discedat,
1986 1239 2077 1292 sed
2128 1238 2180 1291 in
2211 1252 2277 1292 eo

686 1328 991 1394 subsident;
1023 1328 1115 1383 Dei
1140 1339 1318 1382 tamen
1338 1328 1693 1384 substantiale
1710 1338 1793 1384 est
1817 1330 2054 1385 Verbum
2072 1338 2126 1384 et
2152 1329 2286 1383 insi-

685 1431 821 1486 tum,
838 1437 1146 1491 quanquam
1164 1420 1492 1475 indivisibile
1507 1436 1570 1475 ac
1590 1422 1951 1492 inseparabile
1971 1423 2040 1476 ab
2057 1435 2122 1476 eo
2140 1422 2284 1477 unde

685 1513 950 1583 procedit,
979 1523 1031 1568 et
1050 1514 1135 1567 cui
1162 1513 1301 1568 inest
1321 1513 1483 1583 ;quia
1505 1522 1559 1567 et
1576 1514 1875 1568 increatnm
1899 1522 2048 1568 estet
2073 1514 2284 1584 ingeni-

683 1617 822 1659 tum.
845 1605 980 1658 Male
999 1606 1160 1675 igitur
1186 1606 1442 1662 indoctus
1464 1605 1829 1670 Moltamcdes,
1851 1622 2087 1677 quorum
2103 1608 2283 1663 diver-

681 1694 741 1754 15a
755 1699 1055 1754 substantia
1069 1709 1171 1764 est,
1191 1715 1296 1754 una
1306 1716 1352 1753 ιιι
1370 1702 1725 1769 eamdemque
1742 1702 1947 1770 putavit
1960 1711 2279 1756 naturarum

678 1806 802 1847 esse
845 1792 1231 1862 proprietatem
1261 1809 1274 1845 :
1307 1802 1361 1847 et
1386 1793 1667 1847 hominum
1701 1794 1870 1849 verbo
1899 1780 2042 1863 quod
2071 1795 2265 1849 dilabi-

680 1899 768 1943 tur
800 1903 863 1942 ac
884 1888 1200 1957 dissipatur,
1233 1888 1410 1942 simile
1437 1902 1559 1942 esse
1589 1887 1683 1942 Dei
1709 1887 1964 1953 Verbum,
1998 1890 2141 1958 quod
2170 1904 2266 1960 per

679 1996 735 2035 se
754 1980 999 2035 subsistit
1025 1980 1293 2051 habetque
1321 1980 1721 2045 exsistcntiam,
1745 1982 2046 2035 atlirmavit.

675 2072 795 2127 XX.
830 2072 1097 2127 Adversus
1145 2073 1381 2127 eumdem
1436 2076 1715 2135 dicentem,
1764 2072 1933 2126 Deum
1997 2073 2261 2128 malorum

1005 2160 1149 2212 teque
1180 2160 1243 2197 ac
1268 2145 1521 2197 bonorum
1554 2159 1666 2197 esse
1697 2160 1936 2196 causam.

744 2235 832 2290 85.
864 2235 1087 2289 illorum
1120 2251 1240 2305 quze
1274 2235 1648 2289 involuntarie
1678 2244 2002 2304 operantur,
2036 2236 2140 2290 alia
2164 2252 2260 2306 per

676 2345 733 2384 se
754 2339 1070 2398 operantur,
1099 2329 1202 2382 alia
1232 2343 1327 2399 per
1362 2328 1646 2384 accidens.
1676 2326 1854 2383 Veluti
1880 2329 2024 2397 ignis
2056 2345 2149 2399 per
2197 2346 2257 2385 se

674 2422 891 2489 quidem
956 2419 1239 2486 calefacit;
1300 2435 1397 2490 per
1447 2420 1703 2475 accidens
1758 2432 1961 2487 autem,
2035 2431 2259 2491 propter

673 2515 1008 2569 contrariam
1033 2514 1532 2580 circumstantiam,
1566 2512 1841 2583 frigefacit
1870 2531 1883 2580 ;
1916 2514 2041 2569 item
2075 2531 2171 2584 per
2196 2531 2256 2572 se

674 2605 898 2676 quidem
943 2606 1240 2671 illuminat,
1274 2614 1499 2677 propter
1526 2605 1758 2677 alicujus
1794 2616 1975 2662 autem
2005 2608 2254 2678 corporis

672 2694 1133 2759 obstructionem,
1168 2694 1424 2750 tenebras
1454 2695 1619 2764 parit.
1649 2696 1913 2750 Similiter
1944 2696 1998 2750 in
2038 2698 2253 2752 caeteris

673 2785 955 2847 omnibus,
1008 2786 1347 2854 operationis
1376 2786 1684 2855 analogiam
1743 2787 1868 2857 quis
1928 2787 2251 2855 observans,

674 2890 788 2931 rem
818 2876 893 2930 ita
915 2891 973 2931 se
993 2876 1197 2932 habere
1227 2878 1547 2948 comperiet.
1574 2878 1645 2933 At
1685 2879 1773 2933 illa
1796 2895 1920 2950 quae
1948 2880 2254 2937 voluntarie

671 2978 857 3039 agunt,
885 2968 1237 3025 frustratione
1258 2981 1508 3041 excepta,
1542 2982 1736 3027 cuncta
1765 2988 1861 3043 per
1889 2987 1948 3028 se
1976 2983 2163 3044 agunt.
2193 2973 2250 3029 Si

672 3062 835 3134 igitur
852 3062 996 3120 Deus
1011 3077 1244 3133 operans
1266 3062 1669 3121 frustrationem
1692 3080 1799 3120 non
1814 3067 2038 3135 patitur,
2067 3067 2255 3138 utique

671 3170 766 3225 per
792 3169 850 3209 se
866 3164 1145 3225 operatur.
1166 3153 1270 3210 Per
1292 3170 1351 3211 se
1366 3163 1546 3210 autem
1578 3171 1833 3226 operans,
1854 3157 1997 3212 bona
2014 3173 2169 3229 asque
2189 3174 2254 3216 ac

2387 594 2553 646 ἀΰλου
2592 593 2687 647 καὶ
2718 594 2927 660 ὲνύλου,
2967 596 3082 648 ἀλλ’
3113 598 3189 661 ὼς
3245 601 3338 652 τοῦ
3393 600 3494 669 μὲν
3522 601 3612 654 τὸν
3661 603 3974 657 ἐνδιάθετον

2385 687 2602 753 ἔχοντος
2635 688 2795 757 μόνον
2822 688 2999 757 λόγον,
3030 690 3125 741 τοῦ
3154 691 3210 742 δὲ
3243 691 3444 744 καὶτὸν
3482 696 3833 764 προφορικόψ
3871 698 3971 750 τοῦ

2383 780 2460 841 δὲ,
2490 780 2628 852 ὑπὲρ
2652 781 2741 835 τὸν
2758 782 3063 835 ἐνδιάθετον
3084 786 3177 836 καὶ
3205 787 3540 856 προφορικόν
3561 808 3573 818 ·
3604 789 3697 840 καὶ
3724 790 3832 841 τῶν
3864 791 3972 859 μὲν

2384 874 2632 939 ἀνούσιος
2678 875 2753 928 ὢν
2800 875 3011 944 ὀ¹λόγος
3033 892 3070 932 ⁸.
3105 877 3168 928 οὐ
3212 877 3321 950 γάρ
3351 878 3511 942 ἐκτὸς
3538 880 3634 933 τοῦ
3664 882 3721 934 ὲν
3742 873 3787 949 ᾧ
3816 882 3970 933 ἐστιν

2385 966 2712 1034 ὑρίστασθαι
2738 970 2766 1022 6
2794 969 2950 1035 λόγος
2977 971 3088 1031 τοῖς
3116 969 3379 1039 κτίσμασι
3416 971 3681 1041 πέφυκεν,
3718 974 3833 1026 ἀλλ’
3888 974 3969 1037 ὡς

2384 1058 2443 1109 ὲν
2475 1058 2852 1133 ὑποκειμένῳ·
2909 1062 3004 1115 τοῦ
3066 1063 3121 1116 δὲ
3167 1063 3407 1116 ἑνουσίου
3466 1064 3619 1127 δντος
3668 1064 3828 1133 λόγου
3866 1067 3971 1119 καὶ

2385 1150 2775 1220 ἐνυπάίικτου,
2865 1154 2913 1207 εί
2998 1156 3095 1209 καὶ
3170 1155 3559 1228 ἀνεκφοίτητος
3653 1157 3747 1210 καὶ
3818 1157 3969 1229 ἀχώ-

2386 1259 2585 1312 ριστςς.
2644 1245 2735 1297 τοῦ
2784 1246 2842 1311 ἐξ
2896 1237 2957 1299 οὗ
2994 1248 3264 1319 προῆλθεν
3299 1245 3416 1317 ἃμα
3464 1249 3560 1301 καῖ⁷
3608 1251 3667 1301 ἐν
3721 1242 3767 1316 ᾧ
3812 1250 3968 1304 ἐστιν

2386 1335 2784 1404 ύφιστιμένου·
2866 1339 2990 1391 ἐπεὶ
3049 1341 3141 1392 καὶ
3182 1340 3436 1403 άκτιστος
3476 1342 3571 1395 καὶ
3630 1340 3963 1410 άγέννητος·

2385 1427 2568 1489 κακῶς
2590 1422 2684 1481 οὖν
2711 1427 2819 1499 ἄρα
2851 1430 2880 1481 6
2908 1430 3127 1500 ἀμαθὴς
3181 1431 3447 1500 Μωάμετ,
3482 1431 3591 1484 τῶν
3621 1431 3740 1486 κατ’
3769 1430 3966 1485 οὐσίαν

2382 1520 2766 1591 διαφερόντων,
2802 1521 2932 1592 μίαν
2956 1522 3051 1574 καὶ
3083 1522 3181 1592 τὴν
3215 1522 3381 1594 αὐτὴν
3428 1522 3696 1577 ὑπέλαϐεν
3723 1524 3964 1593 οὖσι-ὔδη

2386 1612 2619 1682 ἰδιότητα
2682 1612 2789 1666 τῶν
2832 1614 3047 1682 φύσεων
3071 1629 3086 1645 ο
3141 1615 3237 1668 καὶ
3262 1614 3340 1684 τῷ
3370 1613 3648 1684 σκεδαστῷ
3679 1616 3770 1667 καὶ
3801 1616 3964 1687 διαρ-

2383 1705 2557 1774 ρέοντι
2581 1704 2689 1758 τῶν
2712 1704 3012 1776 ἀνθρώπων
3033 1704 3194 1775 λόγῳ,
3223 1708 3417 1760 ταυτδν
3440 1701 3579 1761 εἶναι
3601 1708 3678 1778 τῷ
3703 1708 3797 1761 τοῦ
3818 1708 3960 1762 Θεοῦ

2382 1795 2541 1866 Λόγῳ
2567 1794 2643 1866 τῷ
2671 1794 2791 1849 καθ’
2809 1796 2971 1851 ἑαυτὸ
2991 1797 3364 1870 ὑφισταμένη),
3385 1799 3479 1852 καὶ⁴
3501 1801 3565 1853 τὸ
3588 1794 3726 1854 εἶναι
3754 1799 3959 1871 ἔχοντι,

2301 1865 2340 1920 Β
2370 1888 2814 1961 άνωμολόγησεν.

2370 2070 2452 2126 Κ’.
2490 2071 2645 2140 Πρὸς
2668 2074 2775 2127 τὸν
2794 2073 2982 2127 αὐτὸν
2999 2073 3259 2142 λέγοντα
3276 2073 3382 2127 τὸν
3409 2075 3557 2128 Θεὸν
3582 2076 3777 2128 altior
3798 2071 3957 2131 εἶναι

2460 2142 2581 2195 τῶν
2619 2142 2820 2197 κακῶν
2851 2145 3062 2213 ὥσπερ
3090 2144 3166 2212 δὴ
3198 2146 3295 2198 καί
3328 2144 3443 2198 τῶν
3458 2146 3697 2215 ἀγαθῶν
3722 2146 3856 2216 (90).

2439 2242 2543 2289 πε’.
2581 2235 2702 2289 Τῶν
2754 2236 3034 2307 άθελήτως
3063 2236 3430 2308 ἐνεργούντων
3458 2236 3493 2289 ἃ
3526 2237 3625 2306 μὲν
3655 2238 3776 2291 καθ’
3821 2238 3958 2291 αὐτὸ

2367 2330 2601 2400 ἐνεργεῖ,
2632 2327 2669 2383 ἃ
2718 2327 2774 2381 δὲ
2830 2329 2973 2382 κατὰ
3005 2328 3352 2399 συμϐεϐηκός
3374 2346 3389 2360 ο
3438 2322 3549 2382 οἷον
3581 2329 3641 2382 τὸ
3689 2328 3801 2399 πῦρ
3828 2330 3956 2385 καθ’

2364 2420 2497 2474 αὐτὸ
2554 2420 2653 2488 μὲν
2710 2419 3017 2491 θερμαίνει,
3071 2421 3212 2473 κατὰ
3246 2419 3590 2492 συμϐεϐηκὸς
3635 2420 3691 2473 δὲ
3730 2421 3819 2475 διὰ
3849 2421 3956 2492 τὴν

2362 2511 2809 2580 ἀντιπερίστασιν
2832 2510 3026 2582 ψύχεν
3051 2513 3145 2565 καὶ
3173 2511 3337 2565 πάλιν
3376 2511 3498 2565 καθ’
3532 2512 3666 2566 αὐτὸ
3695 2512 3794 2581 μὲν
3831 2530 3954 2582 φω-

2360 2602 2525 2669 τίζει,
2566 2602 2638 2657 δι’
2696 2605 3077 2676 ἀντιφράσεως
3126 2604 3183 2658 δέ
3250 2622 3395 2669 τινος
3452 2604 3705 2676 σώματος
3756 2607 3955 2670 σκότος

2362 2697 2541 2749 ποιεῖ·
2576 2696 2837 2759 ὡσαύτως
2869 2696 2924 2750 δὲ
2953 2698 3047 2750 καὶ
3064 2697 3156 2751 ἐπὶ
3179 2697 3287 2751 τῶν
3313 2696 3489 2751 ἄλλων
3510 2698 3795 2765 ἁπάντων,
3816 2699 3956 2751 άνα-

2362 2787 2536 2856 λόγως
2568 2792 2635 2861 τῇ
2692 2788 2942 2860 ἐνεργείᾳ
2976 2806 3061 2854 τις
3113 2788 3448 2854 ἀκολουθῶν.
3496 2790 3723 2860 εὑρήσει
3773 2788 3954 2853 οὕτως

2362 2878 2486 2949 ἔχον
2510 2896 2525 2911 ·
2556 2879 2664 2933 τῶν
2693 2878 2749 2932 δὲ
2788 2878 3031 2949 θελητῶς
3053 2876 3420 2949 ἐνεργούντων
3445 2878 3587 2949 πλὴν
3620 2879 3951 2950 ἀποτυχίας,

2360 2971 2542 3024 πάντα
2570 2969 2695 3023 καθ’
2716 2969 2847 3023 αὐτὸ
2866 2972 2951 3022 ὲνε
2963 2971 3101 3040 ργεῖ.
3135 2970 3198 3023 Εἰ
3227 2964 3320 3024 οὖν
3357 2968 3489 3032 Θεὸς
3513 2968 3756 3040 ἐνεργῶν
3801 2971 3950 3022 ἁπο-

2360 3061 2554 3132 τυχίας
2604 3060 2852 3125 ἄδεκτος,
2899 3060 3075 3114 πάντα
3103 3059 3211 3131 ἄρα
3242 3060 3365 3114 καθ’
3387 3060 3518 3114 αὐτὸ
3542 3060 3756 3130 ἐνεργεῖ
3775 3076 3790 3089 ·
3822 3059 3949 3113 καθ’

2361 3153 2494 3209 αὐτὸ
2517 3152 2573 3206 δὲ
2603 3152 2867 3222 ἐνεργῶν,
2890 3153 2961 3206 τὰ
2990 3150 3172 3221 ἀγαθά
3196 3153 3289 3205 καὶ
3314 3150 3384 3205 τά
3413 3151 3559 3206 κακὰ
3589 3150 3708 3205 κατ’
3735 3152 3951 3205 ἐκεῖνον

670 3244 812 3298 mala
835 3244 1138 3299 secundum
1173 3242 1549 3300 Mohamedem
1571 3254 1849 3316 operatur.
1879 3240 2021 3318 Ergo
2040 3227 2256 3304 contra-

2363 3248 2610 3316 ἐνεργεῖ·
2658 3245 2917 3300 τάναντία
2975 3245 3083 3316 ἄρα
3110 3245 3253 3299 κατὰ
3278 3244 3370 3299 τὸν
3416 3246 3662 3315 Μωάμετ
3691 3246 3948 3315 ἐνεργεῖθ

668 3336 749 3388 ria
771 3334 925 3404 juxta
950 3335 1195 3404 ejusdem
1219 3337 1546 3390 sententiam
1560 3346 1819 3405 operatur
1849 3355 1863 3392 :
1895 3336 1970 3393 ita
1990 3348 2048 3393 ut
2070 3355 2135 3394 ex
2160 3354 2254 3394 ea-

667 3428 789 3481 dem
814 3442 1001 3491 causa,
1027 3427 1169 3481 mala
1187 3442 1340 3495 aeque
1362 3442 1425 3481 ac
1445 3428 1587 3481 bona
1621 3428 1939 3497 procedant.
1978 3430 2143 3499 Atqui
2189 3444 2254 3485 ea

668 3535 790 3589 quae
818 3535 913 3589 per
939 3534 998 3574 se
1026 3534 1089 3573 cx
1127 3533 1232 3572 una
1265 3533 1427 3573 causa
1451 3520 1771 3588 procedunt,
1799 3520 2074 3574 contraria
2117 3520 2256 3574 inter

669 3628 727 3666 se
760 3626 1015 3666 essenon
1080 3619 1333 3679 possunt,
1362 3625 1429 3665 ne
1464 3625 1654 3677 causa,
1707 3626 1775 3665 ex
1808 3626 1918 3681 qua
1978 3612 2253 3667 contraria

667 3706 994 3774 procedunt,
1064 3703 1207 3757 mala
1262 3704 1428 3758 simul
1485 3704 1736 3771 bonaque
1786 3717 1911 3758 esse
1961 3696 2251 3771 videatur;

666 3796 810 3866 quod
839 3795 1216 3864 blasphemum
1267 3803 1429 3849 estet
1462 3793 1821 3863 inexpiabile;
1865 3808 1995 3863 ergo
2019 3808 2087 3848 ex
2138 3792 2250 3848 Deo

666 3888 810 3942 mala
871 3901 981 3941 non
1033 3895 1203 3940 sunt:
1238 3884 1380 3939 mala
1414 3896 1594 3939 autem
1656 3893 1877 3954 peccata
1910 3886 2061 3952 dico,
2128 3899 2253 3956 qua:

665 3991 718 4035 ct
749 3994 1033 4050 poenarum
1082 3979 1359 4034 causativa
1391 3987 1539 4033 sunt.
1577 3976 1752 4033 Prave
1802 3978 1968 4048 igitur
2025 3994 2249 4036 causam

663 4073 869 4143 peccati
898 4071 1069 4126 Deum
1107 4086 1227 4126 esse
1255 4071 1391 4126 dixit
1416 4071 1617 4141 impius
1645 4069 2015 4127 Mohamedes.

669 4166 814 4221 XXI.
858 4166 1123 4221 Adversus
1151 4166 1395 4219 eumdem
1428 4180 1589 4233 prave
1619 4164 1898 4230 dicentem,
1932 4166 2169 4221 homines
2191 4167 2249 4221 in

924 4236 1176 4307 paradiso
1209 4236 1543 4306 conjugalem
1569 4237 1732 4289 vitam
1764 4246 2000 4289 acturos.

735 4328 826 4386 86.
852 4328 1045 4383 Omnis
1068 4327 1344 4383 sensualis
1377 4335 1577 4382 natura
1601 4326 1964 4382 materialiter
1987 4341 2245 4397 operans,

665 4439 892 4494 scopmn
932 4423 1093 4477 habet
1123 4420 1458 4491 operationis
1488 4436 1752 4476 sensuum
1786 4436 2036 4487 suorum,
2086 4422 2245 4489 juxta

664 4515 1027 4570 matcrialium
1058 4528 1240 4568 rerum
1266 4512 1644 4579 affectionem;
1675 4514 1834 4568 linem
1860 4527 1990 4567 vero
2016 4528 2246 4582 genera-

2361 3336 2504 3391 ὥστε
2554 3337 2619 3389 ὲκ
2649 3335 2752 3406 τῆς
2781 3335 2954 3404 αὐτῆς
3004 3334 3184 3398 αἰτίας
3226 3334 3294 3388 τὰ
3339 3334 3523 3403 ἀγαθὰ
3561 3336 3655 3388 καὶ
3693 3335 3765 3389 τὰ
3797 3334 3951 3389 κακὰ

2361 3426 2695 3501 προέρχεται
2720 3441 2734 3456 ⁸
2761 3425 2833 3478 τὰ
2860 3425 2917 3478 δὲ
2952 3424 3075 3479 καθ’
3102 3425 3245 3479 αὐτὰ
3274 3426 3338 3479 ὲκ
3374 3425 3505 3496 μιᾶς
3533 3424 3713 3488 αίτίας
3743 3440 3950 3495 προερ-

2360 3519 2588 3589 χόμενα,
2617 3518 2676 3571 ού
2709 3518 2959 3572 δύνανται
3007 3518 3229 3573 ἐναντία
3264 3516 3516 3588 ἀλλήλοις
3547 3510 3710 3583 εἶναι,
3741 3516 3833 3571 ἵνα
3864 3516 3945 3588 μὴ

2359 3614 2421 3665 τὸ
2449 3612 2643 3677 αἴτιον,
2680 3611 2739 3676 ἐξ
2754 3606 2814 3666 οὗ
2848 3611 2916 3664 τὰ
2944 3609 3160 3664 ἐναντία
3193 3609 3461 3680 πρόεισιν,
3502 3609 3620 3680 ἅμα
3646 3608 3816 3663 κακὸν
3845 3614 3948 3663 καὶ

2358 3702 2560 3773 ἀγαθὸν
2608 3702 2792 3774 δειχθῇ
2850 3697 3012 3758 εἶναι.
3050 3702 3113 3755 Εἰ
3151 3700 3208 3755 δὲ
3259 3700 3418 3755 τοῦτο
3473 3701 3793 3771 βλάσφημον
3846 3704 3948 3755 καί

2360 3798 2601 3864 ἀνίατον,
2637 3797 2737 3849 οὐκ
2763 3796 2870 3866 ἄρα
2893 3797 2956 3849 ὲκ
2978 3794 3073 3848 τοῦ
3096 3793 3229 3849 Θεοῦ
3252 3794 3322 3848 τὰ
3345 3794 3493 3848 κακά
3510 3813 3523 3826 ·
3550 3796 3696 3848 κακὰ
3715 3795 3772 3847 δὲ
3794 3794 3947 3863 λέγω

2356 3889 2426 3942 τὰ
2453 3889 2849 3960 ἁμαρτήματα,
2882 3889 3026 3957 άπερ
3050 3888 3157 3940 εἰσὶ
3184 3887 3275 3941 καὶ
3303 3886 3413 3940 τῶν
3434 3888 3715 3957 τιμωριῶν
3736 3888 3946 3958 παραί-

2356 3980 2464 4035 τία.
2514 3978 2712 4043 Κακῶς
2757 3975 2850 4033 οὖν
2900 3979 3009 4051 ἄρα
3039 3979 3211 4033 αἴτιον
3237 3978 3337 4049 τῆς
3378 3979 3651 4049 ἁμαρτίας
3683 3982 3775 4032 τὸν
3804 3978 3945 4034 Θεὸν

2356 4074 2385 4126 6
2410 4070 2613 4143 ἀσεϐὴς
2637 4072 2742 4140 ἔφη
2766 4072 3034 4140 Μωάμετ.

2356 4165 2489 4219 KA'.
2523 4164 2680 4232 Πρὸς
2717 4164 2824 4217 τὸν
2859 4162 3048 4219 αὐτὸν
3075 4162 3272 4229 κακῶς
3291 4165 3549 4233 λέγοντα
3585 4164 3737 4217 κατὰ
3756 4163 3943 4224 συζυ-

2461 4235 2593 4305 γίας
2615 4233 2807 4288 πάλιν
2830 4235 2902 4288 ἐν
2929 4234 3271 4303 παραδείσῳ
3300 4232 3639 4289 διαιτᾶσθαι
3668 4234 3827 4305 (90‘).

2426 4325 2548 4391 υπς’.
2582 4326 2740 4379 Πᾶσα
2770 4327 2803 4396 ή
2848 4325 3144 4397 αἰσθητικὴ
3198 4325 3360 4396 φύσις
3383 4324 3583 4388 ὲνύλως
3613 4325 3939 4397 ἐνεργοῦσα,

2357 4420 2559 4473 σκοπὸν
2591 4418 2818 4489 ἔχειτοῦ
2858 4420 3100 4490 ἐνεργεῖν
3129 4419 3241 4481 τοῖς
3264 4417 3643 4489 αἰσθητηρίοις
3672 4417 3815 4473 κατὰ
3832 4421 3940 4489 τὴν

2353 4511 2463 4566 τῶν
2486 4511 2685 4565 ύλικῶν
2716 4511 3055 4580 πραγμάτων
3094 4510 3472 4579 προσπάθειαν
3492 4528 3506 4542 ·
3550 4509 3702 4573 τέλος
3731 4510 3809 4575 δὲ,
3833 4512 3941 4582 τὴν

664 4610 889 4663 tionem.
928 4606 1031 4661 Sed
1061 4605 1188 4675 quia
1212 4604 1362 4660 omni
1401 4605 1693 4659 mutationi
1715 4620 1779 4660 ac
1797 4606 1971 4659 motui
2004 4619 2243 4677 congrua

2363 4604 2605 4674 γέννησιν
2630 4620 2644 4634 ’
2668 4602 2785 4657 ἀλλ’
2810 4600 3000 4672 ἐπειδὴ
3031 4601 3180 4674 πάσῃ
3218 4599 3490 4671 μεταϐολῇ
3523 4600 3555 4670 ἢ
3599 4600 3693 4653 καὶ
3717 4602 3936 4673 κινήσει

662 4709 748 4757 est
795 4698 988 4769 quies;
1023 4696 1255 4751 mutatio
1300 4694 1383 4749 vel
1427 4705 1632 4760 motus,
1664 4710 1863 4762 secus;
1920 4693 1993 4748 ita
2017 4710 2247 4764 genera-

663 4792 797 4849 tioni
840 4790 1117 4846 contraria
1167 4796 1253 4844 est
1304 4788 1607 4858 corruptio.
1640 4786 1708 4841 Et
1756 4802 1787 4842 a
1815 4786 1997 4843 divina
2023 4788 2243 4858 quidem

662 4887 946 4957 Scriptura
992 4884 1333 4955 promittitur
1374 4883 1749 4949 resurrectio;
1790 4882 1883 4938 sed
1916 4897 2022 4937 non
2047 4898 2241 4949 quem-

660 4980 953 5035 admodum
1000 4994 1029 5033 a
1079 4979 1431 5049 generatione
1489 4976 1687 5031 transit
1722 4976 1890 5031 homo
1924 4974 1991 5030 ad
2042 4991 2237 5031 corru-

659 5072 926 5141 ptionem,
958 5070 1030 5125 ita
1057 5069 1259 5140 pariter
1299 5082 1330 5121 a
1360 5067 1715 5137 corruptione
1750 5067 1815 5121 ad
1848 5066 2134 5137 pristinam
2151 5081 2239 5122 re-

660 5173 902 5221 vertetur
961 5162 1366 5232 generationem
1411 5179 1425 5216 :
1483 5161 1683 5215 etenim
1769 5174 1948 5230 neque
2017 5158 2241 5230 copulas

660 5269 836 5325 neque
886 5253 1213 5309 concubitus
1272 5266 1447 5322 neque
1492 5260 1682 5321 partus
1731 5252 2014 5323 corruptio
2066 5253 2238 5306 novit.

655 5348 872 5419 Alioqui
905 5348 949 5403 si
979 5347 1093 5401 haec
1112 5346 1230 5401 fieri
1258 5345 1670 5413 concederetur,
1700 5360 1839 5415 opus
1865 5343 2005 5401 foret
2031 5346 2241 5400 discer-

658 5456 787 5496 nere
837 5440 1244 5508 corruptionem
1301 5438 1355 5492 in
1400 5438 1701 5493 masculum
1726 5446 1889 5508 atque
1940 5436 2235 5501 feminam;

657 5534 799 5606 quod
828 5541 912 5588 est
954 5531 1308 5601 impossibile.
1366 5528 1486 5587 Non
1508 5532 1694 5601 itaque
1725 5540 1785 5586 ut
1829 5532 2112 5602 generatio
2139 5530 2234 5586 ho-

729 5728 840 5797 (90)
872 5728 995 5782 Sor.
1032 5728 1093 5793 ll,
1127 5728 1180 5782 7.
1204 5736 1257 5781 et
1286 5741 1428 5796 smpe
1456 5727 1607 5781 alibi.
1640 5727 1810 5783 Porro
1856 5728 1925 5781 ab
1956 5727 2057 5781 hac
2087 5742 2225 5796 quo-

657 5796 762 5867 que
787 5796 1139 5853 achsatione
1167 5806 1401 5851 conatur
1430 5797 1759 5852 Alcoranum
1795 5798 2087 5852 defendere
2118 5796 2222 5849 lle-

658 5866 850 5927 lamlus
891 5887 979 5939 op.
1022 5870 1115 5927 cit.
1150 5877 1291 5939 part.
1316 5866 1378 5923 ll.
1407 5883 1525 5938 cap.
1564 5870 1628 5935 ις
1654 5884 1762 5939 quo
1797 5878 1972 5925 tamen
2000 5870 2123 5939 jure
2146 5868 2228 5923 vel

2349 4697 2658 4767 πρόσφορος
2715 4695 2939 4765 ἠρεμία,
3001 4690 3340 4764 ήμεταϐολὴ
3392 4693 3423 4763 ἢ
3467 4693 3676 4759 κίνησις
3709 4694 3937 4749 ἐναντία

2345 4789 2523 4843 ἐστίν⁸
2563 4787 2658 4841 καὶ
2711 4790 2778 4858 τῇ
2806 4785 3017 4854 γενέσει
3047 4785 3156 4856 ἄρα
3208 4784 3427 4838 ἐναντία
3480 4783 3689 4855 φθορά’
3741 4785 3936 4855 ἐπειδὴ

2346 4882 2437 4934 καὶ
2463 4879 2758 4942 ἀναϐίωσις
2782 4879 2917 4950 πρὸς
2939 4880 3004 4949 τῇ
3032 4877 3152 4949 θείᾳ
3183 4878 3373 4948 Γραφῇ
3409 4877 3842 4946 ἐπαγγέλλεται·
3866 4878 3934 4931 οὐ

2339 4972 2462 5027 καθ’
2488 4972 2515 5025 6
2531 4970 2728 5037 νῦνδιὰ
2745 4971 3045 5040 γεννήσεως
3058 4970 3137 5032 είς
3159 4968 3363 5039 φθοράν
3384 4967 3480 5023 ἄνθ
3487 4984 3667 5039 ρωπος
3684 4968 3932 5038 ἔρχεται,

2339 5062 2481 5117 οὕτω
2511 5062 2604 5114 καὶ
2636 5061 2743 5114 ἀπὸ
2765 5059 2973 5132 φθορᾶς
3012 5055 3169 5122 αὖθις
3210 5058 3351 5111 κατὰ
3385 5058 3484 5127 τὴν
3517 5056 3743 5128 πρώτην
3768 5063 3936 5111 ἐπαγ.

2340 5153 2458 5226 ήξει
2482 5154 2735 5224 γέννησιν
2758 5168 2773 5183 '
2793 5152 2918 5204 ἐπεὶ
2938 5152 3072 5222 μηδὲ
3102 5150 3277 5221 μίξεις
3299 5150 3395 5203 καὶ
3414 5149 3698 5214 συνουσίας
3718 5152 3813 5203 καὶ
3837 5154 3933 5204 τό-

2339 5265 2466 5311 κους
2489 5249 2521 5317 ή
2546 5246 2720 5317 φθορὰ
2749 5242 2907 5299 οἶδεν·
2946 5246 2978 5317 ἢ
3007 5245 3116 5316 γὰρ
3135 5245 3199 5297 ἂν
3214 5243 3446 5297 δεδόσθω
3461 5243 3636 5297 ταῦτα
3650 5242 3818 5314 ἔχειν,
3836 5247 3933 5298 καὶ

2338 5338 2654 5409 διαιρείσθω
2688 5340 2721 5410 ἠ
2759 5336 2934 5410 φθορὰ
2960 5339 3038 5401 είς
3060 5338 3225 5407 ἄρσεν
3255 5337 3349 5389 καὶ
3380 5336 3513 5407 θῆλυ
3539 5353 3551 5367 ·
3582 5336 3701 5390 ἀλλ’
3730 5336 3935 5389 ἀδύνα-

2344 5452 2434 5487 τον
2457 5452 2470 5465 ·
2503 5434 2603 5487 οὐκ
2632 5433 2740 5503 ἄρα
2769 5432 2845 5494 ὡς
2878 5432 2910 5502 ὴ
2949 5430 3199 5499 γέννησις
3232 5429 3463 5499 προάγει
3500 5428 3591 5482 τὸν
3616 5427 3929 5497 ἄνθρωπον,

2343 5527 2486 5581 οὕτω
2516 5528 2606 5580 καὶ
2633 5529 2665 5596 ἡ
2699 5524 2874 5595 φθορὰ
2895 5524 2981 5577 διὰ
3016 5524 3322 5593 γεννήσεως
3366 5519 3795 5584 πολυπλασιάζει
3827 5523 3929 5573 αὖ-

2338 5741 2501 5799 quant
2535 5725 2691 5799 bene,
2724 5724 2814 5799 a_l_ii
2839 5722 3103 5799 judicent.
3518 5798 3521 5799 ν
3599 5788 3633 5799 _,
3681 5787 3693 5799 ,

2355 5788 2368 5795 ’
2410 5794 2705 5918 (ἰιίνζῗιιγ.
2740 5794 2808 5861 ll,
2836 5793 2927 5859 23,
2977 5802 3029 5845 et
3069 5806 3211 5859 smpe
3256 5790 3422 5856 alibi,
3473 5798 3532 5843 ut
3581 5788 3695 5842 dixi
3751 5804 3921 5856 supra

2342 5884 2427 5936 tu;
2460 5906 2470 5917 .
2506 5868 2565 5919 7.
2615 5870 2654 5933 ).
3588 5886 3591 5891 ί
