4168 6450
174 464 269 529 781

172 586 252 637 τόν
274 599 286 611 ⁹

175 676 470 745 ἀμήχανον.
506 671 566 722 Ei
592 667 687 722 οὖν
708 664 848 719 κατὰ
874 663 1126 731 γέννησιν
1154 657 1213 709 οὐ
1246 654 1572 726 προέρχεται
1597 655 1654 705 ὲν
1676 653 1745 721 τῇ

177 765 461 819 ἀναστάσει
484 764 510 816 ὁ
541 761 637 816 ἄνθ
648 774 849 829 ρωπος,
880 754 999 808 οὐδὲ
1036 754 1134 806 ὅσα
1154 750 1253 819 τῆς
1277 745 1583 818 γεννήσεως
1605 746 1748 797 ἐστιν

176 858 449 925 ἐνεργήσει
473 870 488 885 σ
537 851 661 904 ἐπεὶ
715 847 847 919 μηδὲ
885 845 1089 916 φθορὰν
1140 842 1302 896 πάλιν
1341 834 1583 900 ὲλπίζει’
1616 834 1750 887 εἰδὲ

175 952 262 1002 ὅσα
291 950 391 1018 τῆς
429 942 736 1015 γεννήσεώς
765 942 913 994 ἐστιν
937 940 1038 991 οὐκ
1076 936 1305 1005 ἐνεργεῖ,
1339 931 1481 992 τίνος
1507 930 1691 982 ἕνεκεν
1713 928 1747 998 ἡ

176 1038 256 1093 τοῦ
293 1040 523 1111 ἄρρενος
561 1038 651 1090 καὶ
704 1034 801 1105 τῆς
866 1029 1086 1100 θηλείας
1149 1025 1290 1082 κατὰ
1354 1019 1751 1089 συνουσιασμὸν

180 1133 352 1202 μίξις;
384 1130 571 1191 τέλους
619 1128 729 1197 γὰρ
780 1125 854 1196 μὴ
886 1121 1271 1194 προκειμένου,
1321 1116 1605 1188 ἀποίχεται
1656 1112 1752 1165 καὶ

179 1222 393 1287 σκοπός.
452 1222 514 1274 Ei
568 1221 625 1275 δὲ
680 1217 907 1288 οὐδεμία
933 1215 1093 1288 χρεία
1124 1212 1352 1284 ἄρρενος
1407 1210 1501 1265 καὶ
1529 1204 1750 1277 θηλείας

182 1313 370 1383 μίξεως
403 1312 540 1382 μετὰ
574 1309 675 1379 τὴν
704 1309 1021 1372 ἀνάστασιν,
1072 1305 1123 1357 τί
1154 1303 1297 1356 εἴποι
1328 1300 1422 1355 καὶ
1448 1300 1502 1352 τί
1535 1297 1751 1365 ποιήσει

177 1405 202 1455 ὁ
234 1401 561 1473 καμηλώδης
587 1398 853 1469 Μωάμετ,
881 1399 959 1460 είς
981 1396 1217 1467 ἄρρενας
1243 1394 1334 1446 καὶ
1362 1389 1584 1463 θηλείας
1611 1388 1750 1441 διαι-

182 1496 428 1565 ρεθέεηας
459 1491 951 1564 ἰοῦς’ἀνθρώπους
990 1487 1132 1542 κατὰ
1169 1485 1430 1553 συζυγίας
1481 1482 1539 1534 ὲν
1572 1497 1746 1551 παρα-

177 1588 329 1657 δείσῳ
360 1585 671 1639 διαιτᾶσθαι
698 1582 971 1646 κελεύωνς
1010 1581 1057 1632 εί
1093 1579 1149 1633 δέ
1200 1596 1281 1642 τις
1324 1573 1619 1646 προϐάλλει
1652 1573 1751 1643 τὴν

178 1685 237 1735 ἐκ
262 1682 361 1751 γῆς
384 1682 479 1734 τοῦ
518 1680 691 1748 Ἀδὰμ
718 1676 938 1741 πλάσιν,
972 1676 1065 1729 καὶ
1095 1675 1184 1728 τὸν
1212 1673 1347 1744 μετά
1371 1669 1541 1724 ταῦτα
1569 1669 1749 1731 τόκον,

180 1774 301 1826 farm
332 1773 415 1825 ὅτι
451 1774 568 1824 ἐκεῖ
597 1772 695 1840 μὲν
717 1768 811 1822 τοῦ
848 1767 922 1839 μὴ
954 1767 1109 1829 ὄντος
1147 1767 1226 1828 είς
1258 1764 1317 1817 τὸ
1347 1756 1486 1815 εἶναι
1515 1755 1582 1831 ἧν
1613 1759 1750 1829 πρό-

176 1865 303 1928 οδος,
333 1864 431 1919 καὶ
466 1863 554 1916 διὰ
583 1862 641 1915 τὸ
669 1861 974 1933 τηρηθῆναι
1015 1860 1074 1912 τὸ
1104 1856 1440 1928 ἀνθρώπειον
1480 1855 1636 1924 γένος
1664 1852 1751 1906 διὰ

1262 444 1699 510 ΠΕΡΗΤΑΤΙΟ
1757 440 2229 503 MOHAMEDIS.

346 580 469 634 ἐπεὶ
526 574 724 630 ταυτὸν
757 571 909 626 ἔσται
940 566 1195 637 γέννησις
1221 565 1313 616 καὶ
1352 559 1551 643 φθορὰ,
1604 561 1743 628 ὅπερ

1858 554 2046 607 minem
2079 549 2350 623 producit,
2375 550 2456 605 sic
2484 549 2647 605 etiam
2683 550 2965 623 corruptio
2996 566 3091 622 per
3112 558 3418 624 generatio-

3312 442 3420 504 782

1852 661 1972 701 nem
1999 660 2124 699 eum
2150 643 2500 712 multiplicat.
2520 643 2776 713 Alioquin
2802 647 2945 700 idem
2970 657 3118 701 esset
3142 652 3419 717 generatio

1848 748 1903 793 et
1929 736 2246 805 corruptio;
2278 736 2421 804 quod
2478 745 2561 797 est
2610 736 2969 806 impossibile.
3016 737 3073 791 Si
3108 754 3235 809 ergo
3278 741 3421 798 haud

1850 831 2201 900 generatione
2258 828 2579 897 producitur
2615 830 2667 883 in
2706 834 3107 887 resurrectione
3157 836 3339 900 homo,
3379 837 3425 889 is

1850 940 1918 979 ne
1944 925 2034 979 illa
2065 922 2283 993 quidem
2321 935 2504 991 postea
2540 925 2857 993 operabitur
2883 940 3006 993 quae
3035 938 3160 981 sunt
3205 930 3423 997 propria

1848 1014 2257 1087 generationis;
2293 1029 2418 1068 nam
2461 1030 2637 1085 neque
2664 1016 3081 1085 corruptionem
3114 1019 3293 1073 denuo
3329 1037 3425 1073 ex-

1850 1120 2079 1185 spectat.
2100 1089 2168 1163 .Si
2198 1123 2326 1177 ergo
2358 1121 2480 1177 quae
2511 1116 2638 1160 sunt
2670 1106 3038 1176 generationis
3074 1109 3291 1177 prepria
3312 1111 3425 1178 jam

1852 1222 1959 1262 non
1988 1204 2117 1271 agit,
2152 1216 2251 1256 cur
2276 1202 2387 1270 jam
2422 1198 2651 1252 masculi
2689 1213 2751 1251 ae
2805 1199 3020 1253 femina:
3048 1216 3144 1270 per
3171 1201 3429 1254 concubi-

1848 1311 1965 1355 tum
1997 1295 2178 1350 mistio
2210 1294 2339 1348 fiat?
2361 1292 2494 1346 Nam
2531 1291 2635 1346 fine
2677 1306 2783 1344 non
2811 1294 3109 1361 preposito,
3146 1295 3223 1346 rei
3254 1308 3432 1363 perse-

1850 1390 1999 1445 cutio
2052 1388 2272 1443 desinit.
2316 1384 2469 1451 Quod
2503 1385 2550 1439 si
2578 1384 2760 1438 nullus
2789 1384 2899 1453 jam
2939 1395 3071 1439 uSus
3094 1388 3197 1439 erit
3221 1402 3427 1440 concu-

1851 1483 2001 1537 bitus
2065 1479 2295 1535 masculi
2355 1493 2421 1531 ac
2479 1477 2695 1531 feminre
2743 1486 2864 1548 post
2921 1479 3428 1542 ressurrectionem,

1851 1572 1993 1643 quid,
2030 1570 2165 1625 dicit
2213 1578 2307 1623 aut
2355 1568 2485 1637 quid
2516 1567 2645 1622 facit
2687 1568 3015 1624 camelarius
3062 1568 3429 1633 Moliamcdcs,

1851 1666 1979 1719 dum
2028 1664 2082 1717 iu
2117 1661 2392 1717 masculos
2447 1675 2510 1715 ac
2569 1660 2801 1716 feminas
2849 1663 3138 1718 distinctos
3183 1663 3433 1715 homines

1853 1754 2169 1810 conditione
2216 1750 2490 1820 coniugali
2548 1751 2729 1804 vivere
2790 1751 2842 1803 in
2902 1754 3156 1821 paradiso
3205 1753 3434 1806 statuit?

1851 1847 2005 1914 Quod
2034 1846 2080 1901 si
2121 1844 2246 1916 quis
2295 1843 2521 1913 objiciat
2562 1843 2754 1896 Adami
2791 1859 2855 1896 ev
2896 1842 3119 1912 pulvere
3152 1842 3430 1897 formatio-

177 1956 266 2026 τὴν
301 1956 602 2009 ἔκπτωσιν.
638 1950 770 2008 Ὧδέ
797 1970 859 2021 γε
890 1953 997 2023 μὴν
1022 1951 1181 2021 χρεία
1221 1948 1314 2002 τοῦ
1348 1947 1564 2019 πρώτου
1595 1946 1754 1999 οὐδα-

1862 1957 2004 2003 nem,
2039 1949 2091 1994 et
2124 1947 2310 2009 postea
2345 1937 2772 2007 generationem,
2799 1936 2885 1990 hic
2918 1936 3054 1990 sciat
3105 1947 3232 1990 tunc
3264 1936 3433 1990 fuisse

180 2047 408 2116 μῶς,ὃτι
439 2046 532 2099 καὶ
559 2045 698 2116 ὑπὲρ
728 2045 788 2097 τὺ
826 2042 1047 2115 πρῶτον
1067 2059 1080 2072 ·
1116 2042 1321 2112 φθορᾶς
1353 2040 1486 2110 γὰρ,
1523 2037 1616 2091 καὶ
1643 2037 1750 2089 τῶν

1858 2051 1883 2091 a
1926 2049 2033 2089 non
2061 2034 2360 2088 exsistente
2403 2032 2468 2085 ad
2505 2032 2878 2085 exsistentiam
2921 2031 3235 2098 transitum,
3270 2042 3433 2099 atque

175 2142 267 2208 τῆς
295 2140 503 2207 φθορᾶς
529 2138 718 2191 αἰτίων
742 2134 932 2189 παθῶν
960 2132 1253 2201 ἀπαλλαγή
1285 2134 1432 2184 ἐστιν
1463 2129 1750 2200 ήάνάστα-

1858 2138 1913 2182 ιιι
1963 2135 2384 2181 conservaretur
2422 2134 2543 2194 post
2597 2126 2807 2194 lapsum
2868 2140 3040 2194 genus
3107 2125 3430 2178 humanum.

181 2247 276 2294 σις,
308 2232 430 2299 ἦτοι
473 2228 799 2295 ἀνάπλασις,
842 2227 959 2281 ἀλλ’
1006 2226 1127 2296 οὐχὶ
1152 2224 1407 2293 γέννησις
1458 2223 1551 2276 καὶ
1603 2223 1748 2294 πάθη

1858 2220 2008 2275 Nunc
2038 2229 2218 2273 autem
2246 2218 2397 2272 nulla
2434 2227 2519 2272 est
2566 2218 2864 2272 necessitas
2912 2217 3111 2287 prioris
3161 2218 3261 2282 rei,
3304 2219 3432 2287 quia

178 2323 497 2392 γεννήσεως,
529 2321 734 2391 φθορᾶς
756 2319 1144 2391 προηγούμενα
1170 2312 1252 2381 οἷς
1273 2315 1410 2386 αὐτὴ
1436 2314 1749 2383 ἀναγκαίως

177 2413 378 2482 ἕψεται.

1854 2325 2094 2380 praesens
2140 2317 2316 2363 status
2348 2311 2578 2377 priorem
2625 2318 2845 2378 superat
2885 2309 3127 2379 :quippe
3174 2311 3300 2378 quia
3349 2325 3416 2364 ei

1853 2405 2192 2474 ruptionem,
2239 2412 2293 2457 et
2327 2403 2696 2471 corruptionis
2736 2418 2958 2456 causam
2998 2405 3302 2473 passiones,
3345 2422 3434 2460 re-

178 2509 437 2563 surrectio
470 2506 736 2572 destruit;
771 2520 893 2576 qua:
910 2503 1127 2576 quidem
1160 2501 1482 2559 reformatio
1509 2509 1614 2564 est,
1645 2515 1751 2554 ιιοιι
1791 2507 1972 2553 tamen
2032 2497 2332 2568 generatio,
2375 2509 2552 2565 neque
2612 2495 2982 2567 generationis
3048 2499 3253 2567 passio,
3314 2514 3435 2569 qua:

177 2601 510 2671 corruptioni
545 2610 811 2671 praeeunt,
839 2610 895 2655 et
921 2615 1058 2670 quas
1083 2600 1199 2669 ipsa
1242 2599 1526 2667 corruptio
1576 2596 1890 2651 necessario
1917 2594 2294 2664 subsequitur.

176 2696 295 2751 KB'.
320 2698 482 2765 Πρὸς
510 2697 619 2751 τὸν
641 2697 829 2765 αὑτὸν
851 2696 1089 2765 ἀμαθῶς
1114 2695 1235 2765 ἅμα
1262 2695 1361 2749 καὶ
1392 2692 1624 2760 ἀσεϐῶς
1651 2695 1753 2746 λέ-

240 2763 422 2837 τονέα
454 2769 702 2833 θηλείας
754 2763 908 2837 εἶναι
952 2763 1253 2837 ἀγγέλους
1276 2808 1291 2831 ,
1358 2767 1473 2837 καὶ,
1500 2765 1756 2837 ταύταις

240 2835 565 2891 συνελθεῖν
593 2837 735 2901 τοὺς
753 2836 853 2889 ἐπὶ
883 2835 1012 2891 Νῶε
1041 2835 1394 2905 ἀνθρώπους
1429 2835 1563 2905 (9i).

239 2929 558 2993 πζ¹.11ἀντα
587 2930 655 2983 τά
681 2929 741 2993 ἐξ
776 2928 1094 2999 ἑτεροειδῶν
1134 2929 1275 2981 κατά
1307 2929 1562 2997 γέννησιν
1587 2925 1753 2995 ἀλλή-

177 3021 281 3084 λοις
309 3021 630 3091 συνιόντα,ἢ
658 3020 791 3075 ἀλλο
815 3038 869 3074 τι
889 3022 1064 3092 πάντη
1095 3021 1245 3091 παρὰ
1261 3020 1330 3074 τά
1353 3019 1413 3084 ἐξ
1431 3014 1505 3073 ὧν
1527 3019 1753 3089 προεληο

175 3113 339 3178 λύθει,
373 3114 406 3186 ἢ
439 3113 515 3183 πῆ
557 3114 656 3184 μὲν
703 3114 884 3167 αὐτῶν
915 3114 1156 3184 μετέχει,
1203 3115 1280 3183 πῆ
1314 3111 1371 3166 δὲ
1397 3111 1492 3165 καί⁵
1516 3111 1755 3180 διενηνοο

177 3207 300 3274 χότα
336 3205 554 3277 πρόεισι
578 3221 595 3236 ο
625 3206 720 3258 καὶ
749 3206 782 3275 ἢ
812 3206 1044 3275 κρείττω
1064 3204 1213 3258 ἐστὶν
1245 3202 1356 3256 τῶν
1384 3204 1754 3273 προαγόντων,

176 3294 206 3364 ἢ
230 3296 415 3365 χείρω.
444 3295 505 3347 Εἰ
532 3295 627 3349 οὖν
654 3299 719 3349 ὲκ
743 3297 985 3360 συνόδου,
1003 3295 1079 3357 ὡς
1109 3292 1461 3366 τερατεύεται
1484 3294 1753 3363 Μωάμετ,

176 3388 477 3460 ἀνθρώπων
508 3389 602 3442 καὶ
630 3388 878 3457 ἀγγέλων
909 3387 1219 3459 προήρχετό
1244 3404 1370 3441 τινα
1411 3389 1751 3457 γεννήματα,

1853 2692 2016 2747 XXII.
2050 2692 2307 2745 Adversus
2344 2690 2582 2744 eumdem
2608 2690 2919 2756 insipienter
2958 2691 3118 2745 simul
3170 2700 3219 2744 et
3278 2692 3436 2760 impie

1923 2765 2180 2816 dicentem
2221 2763 2434 2831 angelos
2458 2777 2567 2814 esse
2596 2762 2843 2828 feminas,
2884 2771 2932 2813 et
2989 2778 3108 2814 cum
3129 2764 3211 2814 Itis
3242 2778 3435 2815 concu-

1923 2836 2092 2888 buisse
2116 2831 2232 2886 Noe
2259 2830 2579 2899 temporibus
2611 2830 2863 2885 homines.

1920 2926 2007 2980 87.
2064 2924 2415 2995 Qumcunque
2460 2938 2524 2978 ex
2575 2923 2950 2993 heterogeneis
3000 2940 3097 2994 per
3131 2926 3438 2996 generatio-

1852 3034 1973 3072 nem
2005 3019 2235 3071 invicem
2270 3017 2623 3080 conveniunt,
2663 3018 2747 3071 vel
2791 3016 3070 3071 diversum
3129 3019 3259 3087 quid
3306 3036 3436 3073 eva-

1856 3108 1995 3162 dunt
2043 3109 2111 3161 ab
2156 3107 2261 3161 illis
2315 3109 2458 3162 unde
2516 3108 2866 3177 procedunt,
2923 3110 3005 3163 vel
3061 3111 3253 3179 partim
3314 3112 3439 3165 inde

1856 3201 2204 3272 participant,
2229 3202 2425 3270 partim
2443 3201 2731 3256 dissimilia
2760 3201 3059 3271 procedunt
3082 3221 3095 3270 ;
3121 3214 3175 3257 et
3203 3204 3283 3258 vel
3311 3218 3440 3260 sunt

1858 3296 2084 3350 meliora
2120 3293 2422 3348 factoribus
2454 3294 2571 3349 suis
2615 3294 2697 3347 vel
2741 3295 3036 3349 deteriora.
3074 3296 3131 3351 Si
3187 3314 3318 3367 ergo
3371 3315 3438 3353 ex

1858 3389 2071 3458 copula,
2102 3386 2631 3454 utmonstrosedicit
2656 3385 3021 3453 Multamedes,
3067 3390 3347 3445 hominum
3386 3402 3441 3446 et

178 3480 353 3548 ἣᾶλλο
382 3498 437 3534 τι
471 3480 692 3544 πάντως
727 3480 855 3550 παρ’
889 3481 1127 3550 ἑκάτερα
1166 3479 1272 3533 ἔδει
1293 3475 1465 3532 εἶναι·
1493 3479 1588 3532 καὶ
1615 3478 1756 3531 ἔστω

1858 3479 2174 3549 angelorum
2206 3478 2469 3549 geniturae
2492 3478 2688 3546 aliqua:
2710 3478 2897 3530 tierent
2920 3496 2935 3544 ;
2961 3494 3046 3531 res
3085 3489 3211 3534 nata
3256 3481 3337 3535 vel
3360 3483 3445 3536 di-

176 3576 569 3643 τὸτικτὸμενον
598 3574 659 3639 ἐξ
679 3573 857 3628 αὐτῶν
881 3572 1004 3627 οὔτε
1039 3572 1267 3641 ἄγγελος
1295 3572 1419 3626 οὔτε
1446 3573 1752 3643 ἄνθρωπος,

175 3665 451 3718 τουτέστιν
480 3664 605 3719 οὔτε
633 3664 825 3734 θνητὸν
850 3663 975 3718 οὔτε
1006 3665 1296 3730 ἀθάνατον,
1332 3664 1455 3721 οὔτε
1486 3664 1757 3736 σαρκοφό-

180 3773 267 3823 ρον
287 3756 413 3810 οὔτε
435 3756 752 3826 ἀσώματον,
770 3757 959 3828 ὥσπερ
988 3757 1235 3827 ἡμίονος,
1256 3755 1379 3811 οὔτε
1401 3774 1757 3827 χρεμετιστι-

177 3848 268 3900 κόν
289 3850 460 3915 ἐστιν,
500 3847 626 3901 οὔτε
670 3848 1081 3919 ὀγκηθμητικόν
1104 3864 1117 3878 ·
1151 3848 1265 3902 ἀλλ’
1288 3849 1409 3902 οὐδὲ
1435 3850 1599 3919 μέσον
1631 3850 1757 3920 θνη-

177 3938 263 3990 τοῦ
288 3941 381 3992 καὶ
432 3939 733 4004 ἀθανάτου,
792 3940 914 3995 οὐδὲ
946 3940 1136 3994 ένύλου
1175 3942 1271 3995 καὶ
1324 3942 1523 3995 ἀΰ).ου’
1576 3943 1626 3995 οἱ
1647 3943 1756 4015 γὰρ

176 4029 425 4097 γίγαντες
464 4033 564 4086 καὶ
591 4031 909 4098 ἐτελεύτων,
938 4035 1032 4087 καὶ
1057 4032 1233 4087 ἐνυλοι
1262 4033 1510 4104 ὑπῆρχον
1548 4034 1757 4106 ἀνθρω-

180 4138 285 4177 ποι.
317 4127 434 4179 Οὐκ
456 4125 570 4197 ἀρα
590 4126 729 4179 κατά
752 4128 1009 4197 γέννησιν
1030 4127 1240 4198 ἀνδρῶν
1263 4128 1518 4196 ἀγγέλοις
1548 4128 1755 4181 συνιόν-

178 4233 300 4284 των,
330 4218 464 4273 ἆλλο
494 4234 549 4272 τι
582 4219 827 4274 ἐτίκτετο
864 4221 896 4292 ἦ
945 4222 1062 4276 ἐστι
1090 4222 1158 4275 τὰ
1187 4223 1514 4291 τικτόμενα,
1550 4222 1627 4291 πῆ
1659 4222 1758 4293 μὲν

178 4306 283 4359 τῶν
311 4308 614 4362 τικτόντων
647 4309 966 4380 μετέχοντα,
996 4314 1070 4382 πῆ
1091 4311 1148 4365 δὲ
1166 4311 1569 4366 διαλλάττοντα.
1605 4314 1758 4365 Διαλ-

179 4396 415 4453 ὶαττέτω
433 4398 531 4453 οὖν
549 4401 691 4455 κατὰ
703 4401 763 4454 τὸ
783 4402 974 4471 θνητὸν
990 4402 1085 4456 τοῦ
1104 4402 1412 4473 ἀνθρώπου,
1434 4404 1466 4475 ἢ
1486 4406 1758 4477 μετεχέτω

181 4490 315 4543 κατά
343 4491 407 4543 τὸ
440 4489 663 4544 ἐνυλον·
714 4491 1076 4546 διαλλαττέτω
1123 4495 1286 4548 πάλιν
1338 4496 1574 4564 ἀγγέλου
1615 4498 1759 4551 κατὰ

179 4581 235 4633 τὸ
257 4580 556 4647 ἀθάνατον,
599 4581 695 4636 καὶ
725 4583 1003 4652 μετεχέτω
1042 4585 1183 4638 κατὰ
1212 4584 1271 4637 τὸ
1300 4583 1591 4655 ἀσώματον
1617 4600 1632 4614 ’
1666 4588 1760 4640 καὶ

180 4672 313 4727 ἔστω
335 4675 558 4746 θνητὸν,
583 4675 850 4729 ἀθάνατον
868 4693 881 4707 σ
915 4676 1009 4729 καὶ
1033 4676 1236 4741 ἔνυλον,
1260 4677 1579 4747 ἀσώματον·
1621 4680 1761 4733 ἀλλὰ

180 4766 435 4823 ἀδύνατον
468 4785 481 4800 ·
519 4768 697 4822 ἔνυλοι
748 4769 858 4840 γὰρ
899 4771 1076 4838 μόνως
1105 4771 1199 4823 καὶ
1246 4770 1433 4839 θνητοὶ
1482 4772 1757 4842 ἅνθρωποι

183 4861 349 4929 μόνως
370 4858 517 4932 ἦσαν
543 4863 596 4914 οἱ
624 4863 883 4930 γίγαντες
904 4879 919 4895 ο
961 4863 1061 4915 οὐκ
1108 4863 1217 4935 ἄρα
1261 4864 1473 4934 ἀνδρῶν
1505 4866 1760 4933 ἀγγέλοις
1794 4847 1837 4903 θ

182 4954 489 5021 συνιόντων,
519 4953 599 5022 πῆ
625 4954 725 5025 μὲν
757 4954 826 5007 τὰ
854 4955 1149 5024 τικτόμενα
1175 4956 1379 5009 τούτων
1408 4960 1644 5027 μετεῖχε,
1682 4960 1757 5030 πῆ

180 5043 233 5097 δὲ
259 5045 613 5116 διήλλαττενο
647 5046 782 5099 ἀλλά
803 5045 1093 5113 δέδεικται,
1121 5048 1203 5100 ὅτι
1229 5047 1513 5119 οὐδέτερόν
1532 5065 1584 5100 τι
1609 5050 1760 5119 παρά

180 5140 367 5194 ταῦτα.
430 5141 554 5194 οὐκ
605 5140 712 5209 ἀρα
744 5141 823 5211 ίὲκ
852 5140 1083 5194 συνόδων
1127 5139 1338 5210 ἀνδρῶν
1371 5142 1466 5195 καὶ
1512 5141 1763 5210 ἀγγέλων

178 5228 397 5285 δυνατόν
443 5251 501 5285 τι
562 5232 852 5301 τεχθῆναι·
888 5233 972 5285 ὅτι
1012 5232 1146 5303 μηδὲ
1194 5234 1343 5303 ποιρά
1375 5233 1445 5286 τά
1492 5235 1762 5304 εἰρημένα

182 5324 431 5396 τεχθῆναί
462 5344 522 5380 τι
552 5326 776 5380 δύναται
825 5326 885 5390 ἐξ
906 5327 1222 5398 ἑτεροειδῶν
1247 5341 1259 5356 ⁶
1301 5328 1415 5380 ἀλλ’
1448 5329 1568 5381 οὐδὲ
1605 5330 1768 5397 φύσιν

186 5414 288 5485 ἔχει
322 5419 381 5469 τὸ
405 5420 669 5487 πρᾶγμα.
714 5418 775 5470 Εἰ
805 5419 912 5485 γὰρ
960 5419 1053 5470 καὶ
1085 5418 1234 5487 δοθῇ,
1284 5418 1422 5487 ὅπερ
1460 5418 1763 5489 ἀμήχανον,

188 5509 333 5579 ἀνδρὶ
363 5510 732 5579 συγγενέσθαι
771 5511 1021 5580 ἀγγέλῳ,
1063 5511 1121 5561 ὲν
1167 5511 1294 5581 ποίᾳ
1333 5512 1517 5581 μήτρᾳ
1560 5511 1769 5577 συνέξει

190 5602 275 5653 καὶ
312 5603 531 5664 ζωώσει
567 5602 624 5656 τὸ
653 5605 948 5675 ἀσώματον
1006 5604 1067 5658 τὸ
1104 5606 1296 5674 σῶμα;
1348 5605 1477 5675 ποίᾳ
1509 5605 1565 5658 δὲ
1608 5607 1770 5677 ὁμοίᾳ

258 5786 370 5857 (9i)
397 5787 581 5857 Negat
610 5788 756 5842 hunc
784 5804 906 5843 esse
951 5787 1471 5845 Moliamcdanorum
1526 5804 1768 5844 errorem

192 5855 595 5929 lielan'dusop.
624 5860 712 5913 cit.
741 5859 836 5914 lib.
874 5876 932 5925 ιι,
963 5860 1049 5923 l5,
1082 5861 1470 5929 eontenditque
1502 5862 1677 5915 locum
1704 5876 1768 5913 ex

194 5875 469 5913 notandus
499 5875 535 5910 ο
582 5901 595 5913 .
624 5875 712 5913 cu.
741 5875 836 5914 ιιι).
874 5876 932 5925 ιι,
963 5875 1049 5923 τι),
1082 5875 1470 5929 centendttque
1502 5875 1677 5915 locum
1704 5876 1764 5913 ex

194 5927 323 5984 Sura
366 5875 647 5996 xxxiii,
677 5930 801 5997 150,
835 5933 1173 5986 contrarium
1216 5932 1399 6001 potius
1440 5931 1764 6001 significare.

1858 3583 2013 3623 versa
2036 3583 2261 3637 prorsus
2279 3582 2308 3621 a
2332 3567 2577 3636 pariente
2600 3566 2769 3631 fieret,
2795 3578 2964 3636 atque
2984 3569 3059 3623 ita
3092 3586 3193 3626 nec
3218 3573 3442 3643 angelus

1858 3669 2003 3717 esset
2020 3660 2295 3715 necbomo
2314 3675 2329 3725 ;
2346 3659 2397 3714 id
2412 3667 2515 3725 est,
2542 3673 2719 3728 neque
2742 3660 2989 3714 mortalis
3006 3677 3182 3732 neque
3214 3664 3439 3719 immor-

1859 3752 2008 3818 talis,
2030 3767 2206 3822 neque
2230 3751 2464 3806 carnalis
2490 3765 2665 3820 neque
2690 3752 3079 3821 incorporalis;
3103 3755 3231 3809 muli
3248 3756 3438 3823 instar,

1859 3845 1950 3915 qui
1974 3860 2149 3915 neque
2171 3844 2449 3899 hinniendi
2475 3859 2651 3914 neque
2677 3844 2905 3900 rudendi
2926 3844 3237 3904 facultatem
3260 3850 3441 3908 habet.

1859 3937 1963 3993 Sed
2022 3952 2199 4007 neque
2228 3951 2317 3993 res
2358 3938 2533 3992 media
2571 3946 2716 3993 esset
2756 3938 2898 3994 inter
2950 3942 3235 3995 mortalem
3264 3950 3318 3997 et
3341 3944 3443 3997 im-

1859 4030 2164 4095 mortalem,
2181 4041 2235 4086 et
2256 4031 2397 4085 inter
2414 4030 2751 4085 materialem
2774 4040 2827 4086 et
2850 4031 3281 4089 immaterialem.
3302 4035 3439 4091 Nam

1860 4121 2107 4191 gigantes
2126 4131 2273 4176 certe
2291 4130 2345 4175 et
2366 4123 2567 4175 mortui
2604 4131 2751 4184 sunt,
2778 4131 2832 4177 et
2864 4125 3174 4181 materiales
3195 4126 3444 4182 homines

1861 4214 2101 4268 fuerunt.
2128 4211 2247 4267 Non
2296 4214 2479 4283 itaque
2498 4228 2563 4268 ex
2614 4212 2744 4270 viris
2795 4215 3111 4286 angelisque
3149 4221 3443 4287 generandi

1861 4321 2025 4362 causa
2084 4308 2441 4373 coeuntibus,
2483 4307 2722 4376 genitum
2767 4310 3063 4380 quidquam
3114 4310 3307 4367 fuisset
3359 4314 3446 4367 di.

1858 4411 2075 4450 versum
2108 4412 2137 4450 a
2162 4397 2527 4467 gignentibus,
2561 4396 2706 4466 quod
2761 4399 2957 4466 partim
2990 4400 3210 4455 eosdem
3265 4403 3439 4471 parti-

1860 4489 2085 4557 ciparet,
2113 4490 2307 4557 partim
2338 4488 2694 4558 discreparet.
2729 4491 2857 4545 Esto
2885 4490 3049 4559 igitur
3079 4493 3207 4547 illud
3240 4494 3443 4548 discre-

1861 4596 1997 4651 pans
2020 4582 2087 4635 ab
2114 4582 2333 4637 homine
2357 4622 2371 4647 ,
2408 4591 2679 4652 quatenus
2722 4584 2809 4639 hic
2846 4594 2931 4639 est
2993 4586 3240 4641 mortalis
3279 4603 3446 4652 ;eon—

1862 4683 2021 4741 gruat
2054 4684 2259 4737 autem,
2293 4687 2564 4745 quatenus
2626 4677 2763 4732 idem
2809 4689 2895 4733 est
2938 4679 3256 4734 materialis.
3314 4681 3445 4736 Esto

1862 4766 1978 4822 vice
2008 4782 2163 4821 versa
2200 4768 2517 4837 discrepans
2548 4771 2615 4824 ab
2650 4771 2862 4842 angelo,
2899 4784 3170 4843 quatenus
3231 4774 3319 4829 hic
3363 4785 3448 4829 est

1868 4859 2230 4927 immortalis;
2275 4872 2542 4931 congruat
2580 4874 2802 4929 autem,
2862 4875 3133 4934 quatenus
3168 4866 3308 4921 idem
3363 4846 3447 4922 est

1868 4952 2241 5020 incorporeus.
2307 4953 2483 5023 Atque
2538 4955 2611 5008 ita
2675 4957 2928 5022 mortale,
2973 4958 3043 5010 sit
3097 4958 3444 5023 immortale;

1868 5045 2167 5107 materiale,
2200 5046 2272 5099 sit
2299 5047 2671 5115 incorporeum
2706 5066 2719 5113 ;
2766 5051 2912 5119 quod
2948 5059 3032 5105 est
3082 5052 3439 5121 impossibile.

1869 5135 2003 5191 Nam
2035 5137 2280 5208 gigantes
2330 5140 2465 5194 nihil
2528 5142 2673 5195 aliud
2711 5141 2930 5197 fuerunt
2984 5160 3147 5213 quam
3188 5145 3443 5200 materia-

1870 5232 1948 5286 les
1980 5233 2347 5300 mortalesque
2377 5235 2646 5290 homines.
2678 5234 2793 5290 Non
2821 5252 2952 5308 ergo
3001 5253 3066 5293 ex
3103 5238 3343 5292 virorum
3396 5251 3450 5293 et

1870 5327 2186 5397 angelorum
2222 5328 2512 5383 concubitu
2542 5330 2839 5399 quidquam
2864 5331 3005 5400 gigni
3038 5341 3215 5401 potest
3247 5350 3260 5398 ;
3296 5333 3446 5401 quia,

1870 5428 2067 5490 praeter
2113 5421 2281 5484 dicta,
2315 5422 2448 5475 nihil
2501 5437 2565 5477 ex
2618 5424 2995 5493 heterogeneis
3046 5422 3209 5495 gigui'
3249 5438 3445 5495 potest.

1872 5512 2057 5583 Neque
2091 5513 2231 5568 hanc
2261 5523 2451 5568 natura
2499 5529 2609 5569 rem
2644 5516 2865 5584 patitur.
2900 5514 3033 5569 Nam
3065 5519 3107 5570 si
3140 5517 3278 5571 forte
3319 5532 3452 5571 con-

1874 5608 2118 5673 cedatur,
2169 5609 2220 5662 id
2272 5610 2417 5677 quod
2477 5609 2590 5663 fieri
2632 5610 2843 5680 nequit,
2904 5612 3021 5664 viro
3077 5627 3200 5665 cum
3256 5610 3450 5681 angelo

1884 5789 2085 5864 {iecole
2129 5789 2234 5864 col.
2278 5789 2378 5845 765
2420 5807 2542 5847 eum
2582 5790 2845 5864 adnJam
2884 5808 3003 5862 quae
3030 5793 3356 5864 Eutliymius
3397 5794 3450 5848 in

1884 5860 2140 5931 I'anopliu
2161 5862 2312 5929 dicit,
2345 5879 2409 5919 ea
2444 5881 2509 5919 ex
2543 5874 2729 5920 nostro
2758 5860 2946 5921 Hiceta
2979 5866 3179 5921 haurit.
