4168 6450
707 399 809 461 733
1965 394 2256 457 NICETJZ
2324 396 2725 458 BYZANTINI
3857 408 3971 473 rat

704 514 871 570 t-oire,
915 524 1149 577 quanam
1194 509 1241 562 in
1306 508 1460 562 vulva
1505 510 1859 579 incorporeus
1912 512 2184 581 concipiet
2220 520 2263 565 et

2382 512 2477 563 καὶ
2505 512 2827 584 καταλλήλῳ
2869 513 2965 584 ὕλῃ
2998 515 3225 587 αὐξήσει
3253 516 3345 568 τὸν
3378 517 3572 586 δγκον;
3621 520 3735 584 πῶς
3764 521 3820 575 δὲ
3869 525 3971 576 καὶ⁵

701 600 997 653 viviiieabit
1032 614 1230 667 corpus
1290 599 1557 668 aliquod?
1619 615 1857 668 quanam
1925 599 2089 654 simili
2144 618 2263 653 con-

2383 604 2726 673 ἐγγαστρίως
2760 606 3012 674 περιάξει
3050 624 3064 671 ;
3130 607 3246 670 πῶς
3300 608 3355 660 δὲ
3397 611 3491 661 καὶ
3529 610 3856 683 γαλουχήσει
3909 614 3975 666 τὸ

698 708 944 762 gruaque
974 693 1197 745 materia
1218 692 1435 761 augebit
1466 692 1713 761 concepti
1750 694 1941 746 molem
1963 692 1985 744 ?
2007 694 2263 762 quomodt

2384 696 2590 764 χυμοὺς
2624 693 2952 765 θρεπτικοὺς
2984 696 3174 760 εἰωθὸς
3193 698 3532 752 ἐπισπᾶσθαι
3564 698 3702 763 ζῶον
3749 703 3781 772 ἡ
3812 703 3974 756 ἀναιο

698 788 751 840 in
788 795 944 838 utero
984 783 1333 838 circumferet
1363 784 1683 853 ?quomodo
1709 784 1931 839 lactabit
1957 785 1979 838 ?
2007 786 2263 849 quomodt

2387 802 2486 855 μος
2532 788 2624 840 καὶ
2650 786 2812 850 ἀῦλος
2844 788 3034 857 φύσις;
3091 790 3193 842 οὒκ
3223 790 3330 861 ἀρα
3364 790 3693 861 συλλήψεται
3735 793 3974 859 ἄγγελος

697 877 986 930 nutritivos
1018 876 1278 931 humores
1306 891 1495 945 sugere
1530 876 1694 929 solito
1732 875 1957 930 animali
2023 877 2263 946 suppedi

2384 875 2443 940 ἐξ
2476 878 2702 949 ἀνδρός·
2742 880 2855 933 ἀλλ’
2902 881 3024 935 οὐδὲ
3080 882 3305 936 δυνατὸν
3355 884 3509 953 ἀνδρὶ
3562 882 3778 953 ἀγγέλῳ
3834 886 3975 956 πρὸς

696 968 825 1019 tabit
852 969 1144 1038 exsanguis
1165 978 1217 1021 et
1249 967 1622 1023 immaterialis
1655 967 1890 1023 natura?
1923 968 2064 1039 Ergo
2118 985 2263 1041 anget

2386 973 2674 1025 συνουσίαν
2699 973 2874 1027 ὲλθεῖν
2894 991 2907 1006 ·
2953 976 3124 1031 ἁπτὸν
3164 975 3262 1046 μὲν
3291 975 3400 1048 γὰρ
3428 976 3488 1030 τὸ
3513 978 3621 1029 τῶν
3656 975 3973 1047 ἀνθρώπων

696 1061 776 1113 'ns
811 1076 872 1113 ex
909 1062 1022 1114 viro
1062 1077 1167 1113 non
1225 1060 1515 1129 concipiet.
1562 1060 1667 1116 Sed
1710 1076 1885 1131 neque
1936 1062 2051 1115 lieri
2104 1071 2257 1131 potes

2383 1062 2562 1132 σῶμα,
2592 1064 2802 1136 ἀναφὴς
2825 1065 2879 1118 δὲ
2904 1068 2932 1119 ὁ
2961 1068 3191 1137 ἄγγελος
3212 1085 3225 1099 ·
3277 1062 3323 1137 ᾧ
3376 1069 3433 1122 δὲ
3467 1072 3578 1141 ἀφῇ
3615 1070 3712 1141 οὐχ
3765 1071 3972 1125 ὑποπί-

694 1162 750 1205 ut
778 1154 857 1206 vir
888 1153 953 1206 ad
983 1152 1155 1219 angeli
1199 1153 1553 1207 concubitum
1588 1154 1769 1208 veniat
1796 1172 1806 1207 :
1846 1153 2054 1224 quippe
2097 1154 2263 1207 homi.

2380 1173 2526 1222 πτει,
2555 1158 2675 1213 υῦδὲ
2728 1160 3015 1231 μετέχεται
3052 1164 3183 1233 παρ’
3220 1163 3414 1216 αὐτοῦ·
3455 1166 3503 1216 εἰ
3537 1164 3593 1217 δὲ
3644 1165 3971 1236 μετέχεσθαι

691 1260 819 1296 Imm
886 1242 1145 1310 tangibile
1198 1258 1401 1313 corpus
1456 1252 1575 1305 est,
1632 1243 1972 1313 intangibilis
2026 1243 2263 1313 angelus.

2378 1250 2508 1321 παρ’
2539 1251 2703 1304 αὑτοῦ
2732 1255 2792 1307 ού
2821 1254 3043 1307 δύναται
3065 1254 3317 1324 ἀγγελος,
3350 1255 3468 1308 οὐδὲ
3497 1256 3637 1309 κατά
3671 1258 3968 1311 συνουσίαν

690 1336 842 1400 Quod
872 1345 1053 1389 autem
1091 1336 1194 1390 sub
1251 1346 1454 1390 tactum
1512 1349 1620 1388 non
1658 1336 1826 1398 cadit,
1883 1336 2059 1391 eidem
2110 1337 2263 1391 homc

2375 1342 2532 1414 ἀνδρὶ
2587 1347 3020 1417 συνεισέρχεται.
3080 1348 3283 1413 Κακῶς
3341 1348 3432 1402 οὖν
3471 1349 3581 1420 ἀρα
3629 1350 3722 1402 καὶ
3752 1350 3973 1414 ἀσεϐῶς

690 1444 796 1482 non
828 1430 1217 1489 communicat,
1248 1427 1365 1481 Jam
1405 1427 1451 1481 si
1483 1428 1712 1496 angelus
1747 1428 1814 1482 ad
1847 1443 1967 1483 eam
2020 1442 2263 1482 commu-

2378 1435 2621 1504 Μωάμετ
2653 1436 2871 1507 θηλείας
2899 1438 3252 1511 τερατεύεται
3282 1441 3574 1510 ἀγγέλους,
3605 1441 3700 1493 καὶ
3741 1442 3973 1504 ταύταις

688 1522 904 1575 nionem
934 1521 1071 1575 trahi
1110 1522 1317 1588 nequit,
1352 1535 1418 1574 ne
1451 1520 1555 1575 viri
1595 1521 1815 1590 quidem
1852 1520 2062 1589 copula:
2103 1519 2263 1574 obno-

2380 1525 2702 1597 ἀνθρώπους
2726 1530 3005 1585 συνελθεῖν
3041 1530 3375 1601 βλασφημεῖ.

689 1618 811 1672 aius
844 1618 967 1673 erit.
998 1616 1132 1671 Male
1178 1616 1345 1685 igitur
1396 1616 1667 1686 impieque
1693 1614 2045 1669 Mohamedes
2072 1615 2331 1688 contingit
2367 1618 2601 1678 feminas
2627 1625 2868 1695 angelos,
2900 1636 3103 1681 etcum
3150 1625 3237 1681 his
3268 1623 3513 1695 capulari
3540 1623 3790 1681 homines
3818 1624 3971 1683 blas—

687 1716 925 1783 phemat.

694 1810 879 1865 XXIII.
918 1811 1176 1866 Adversus
1207 1808 1441 1862 eumdem
1473 1806 1729 1879 dicentem
1757 1807 1889 1860 nihil
1925 1804 2095 1860 valere
2138 1822 2263 1879 san-

2368 1806 2495 1862 KI".
2525 1809 2680 1876 Πρὸς
2703 1809 2812 1863 τόν
2838 1809 3028 1864 αὑτὸν
3046 1810 3306 1879 λέγοντα
3330 1808 3526 1877 μηδὲν
3558 1809 3798 1877 ἰσχύειν
3848 1807 3970 1879 τὴν

756 1892 961 1936 ctortlm
1016 1883 1103 1952 qui
1141 1884 1194 1934 in
1228 1880 1355 1933 cwlo
1387 1887 1545 1943 sunt,
1582 1878 1885 1949 angelorum
1937 1878 2263 1930 intercessio-

2439 1882 2765 1946 πρεσϐείαν
2826 1880 2947 1935 τῶν
3025 1882 3098 1935 ἐν
3129 1877 3447 1949 ρύρανοῖς
3525 1881 3712 1950 ἁγίων
3786 1877 3969 1948 ἀπ·τὲ-

758 1972 788 2005 ΙΙ
795 1971 875 2006 ιἠι
886 1993 898 2006 .

2439 1954 2567 2004 λων
2598 1952 2737 2020 (92).

754 2044 841 2097 88.
870 2042 981 2097 Nisi
1001 2041 1348 2097 Mohamedes
1381 2038 1669 2097 confessus
1702 2038 1899 2094 fuisset
1940 2038 2264 2108 angelorum

685 2135 1171 2197 intercessionem,
1208 2132 1563 2202 qnazrendum
1618 2129 1759 2183 l‘oret
1791 2143 1918 2182 num
1978 2127 2094 2197 ipse
2144 2143 2266 2182 eam

686 2227 796 2279 tieri
838 2240 993 2293 posse
1050 2223 1410 2276 existimaret.
1469 2220 1575 2274 Sed
1636 2219 1765 2288 quia
1807 2218 1946 2273 hanc
1994 2218 2265 2285 concedit,

681 2316 774 2371 sed
812 2316 1054 2369 inutilem
1088 2313 1316 2368 aﬂirtnat
1364 2329 1379 2379 ;
1413 2311 1767 2383 quaerendum
1812 2318 2081 2380 superest,
2114 2324 2266 2379 quae-

684 2428 808 2465 nam
841 2412 1005 2481 hujus
1042 2408 1412 2464 l'rustrationis
1445 2401 1625 2462 causa'
1642 2406 1734 2459 sit.
1759 2403 1896 2458 Nam
1931 2404 1974 2457 si
2005 2404 2119 2458 haec
2147 2402 2273 2473 qui-

683 2508 805 2558 dem
842 2505 966 2557 talis
1001 2512 1103 2571 est,
1142 2501 1195 2555 id
1232 2501 1291 2555 lit
1320 2500 1403 2553 vel
1437 2497 1564 2568 quia
1602 2496 1746 2550 Deus
1800 2493 2161 2564 implacabilis
2189 2502 2273 2549 est

683 2613 844 2667 prece
873 2597 1115 2666 qualibet
1150 2613 1164 2661 ;
1210 2594 1295 2648 vel
1334 2594 1462 2663 quia
1500 2590 1678 2662 angeli
1735 2587 2031 2658 improprie
2078 2596 2270 2656 postu-

682 2690 817 2743 lant.
850 2688 1005 2743 Nunc
1036 2688 1165 2758 quia
1215 2688 1369 2756 prius
1418 2684 1555 2739 illud
1617 2697 1684 2737 ne
1722 2680 2098 2735 Mohamedem
2147 2680 2271 2750 qui-

681 2786 803 2837 dem
834 2783 1122 2837 admittere
1149 2789 1368 2836 constat
1412 2795 1478 2835 ex
1515 2778 1637 2848 ejus
1673 2777 1740 2832 ad
1796 2792 1987 2847 preces
2016 2777 2273 2831 adhorta~

682 2876 946 2939 tionibus,
980 2881 1227 2943 superest
1254 2880 1313 2927 ut
1370 2879 1648 2941 putemus,
1682 2869 1927 2939 angelos,
1983 2876 2273 2938 propterea

680 2967 823 3036 quod
864 2966 1000 3020 male
1020 2972 1229 3033 petunt,
1249 2978 1355 3017 non
1386 2962 1652 3017 exaudiri.
1676 2961 1843 3031 Atqui
1882 2960 2023 3015 male
2068 2971 2271 3029 petere,

682 3063 694 3114 i
723 3063 823 3124 !etn
856 3070 939 3114 est
988 3075 1049 3117 ac
1080 3058 1219 3113 male
1248 3057 1421 3111 velle:
1446 3064 1576 3111 sunt
1620 3069 1750 3123 ergo
1777 3052 1955 3123 angeli
1991 3051 2269 3107 malevoli.

2438 2040 2554 2112 πη’.
2590 2044 2653 2097 Ei
2687 2044 2785 2114 μὲν
2812 2042 2974 2109 αὐτὸς
3004 2044 3103 2114 οὐχ
3133 2043 3402 2115 ὡμολόγει
3432 2042 3730 2113 πρεσϐείαν
3787 2041 3965 2109 ἀγγέ-

2369 2132 2497 2198 λων,
2525 2133 2771 2201 ἐζητεῖτο
2797 2135 2862 2189 ἂν
2904 2137 2953 2189 εί
2981 2136 3089 2207 ἄρα
3123 2137 3275 2189 ἐστὶν
3306 2134 3455 2205 αὑτῴ
3490 2132 3784 2198 δοξαστόν
3810 2134 3969 2185 ἐπει-

2369 2224 2433 2294 δὴ
2458 2225 2515 2277 δὲ
2537 2223 2696 2277 τοῦτο
2723 2226 2906 2279 δίδωσι
2937 2226 3058 2292 μὲν,
3092 2227 3353 2297 ἀνόνητον
3385 2228 3442 2280 δὲ
3467 2227 3635 2295 αὐτὴν
3670 2224 3969 2293 ἀποφαίνε-

2370 2333 2480 2381 ται,
2524 2316 2792 2386 ζητείσθω
2822 2318 3010 2372 λοιπὸν
3044 2320 3127 2382 τίς
3157 2322 3191 2387 ἠ
3229 2320 3378 2373 αἰτία
3403 2319 3500 2389 τῆς
3530 2318 3830 2388 ἀποτυχίας
3861 2318 3967 2370 αύ-

2370 2410 2473 2479 τῆς
2491 2426 2506 2443 ·
2532 2413 2581 2463 εἰ
2604 2411 2712 2481 ἀρα
2746 2411 2839 2464 καὶ
2865 2411 3020 2465 ἔσται
3040 2429 3053 2442 ·
3086 2414 3204 2483 ἦτοι
3230 2413 3328 2483 μὲν
3350 2411 3460 2483 γὰρ
3477 2411 3791 2482 ἀμείλικτός
3812 2412 3967 2463 ἐστιν

2370 2498 2399 2551 δ
2424 2497 2557 2560 Θεὸς
2583 2499 2675 2552 ἐπὶ
2696 2500 2845 2570 πάσῃ
2870 2501 3119 2571 αἰτήσει,
3153 2501 3185 2572 ἢ
3217 2501 3437 2570 ἄγγελοι
3466 2500 3753 2564 ἀνοικείως
3774 2500 3966 2552 αἰτοῦ-

2375 2605 2477 2641 σιν.
2510 2589 2667 2643 Ἑπεὶ
2687 2591 2743 2644 δὲ
2771 2593 2832 2644 τὸ
2860 2591 3078 2661 πρῶτον
3101 2593 3222 2646 οὐδὲ
3250 2592 3415 2655 αὐτὸς
3433 2591 3777 2661 ἀποδέχεται,
3801 2591 3966 2662 δῆλον

2374 2683 2439 2735 ὲκ
2469 2681 2563 2735 τοῦ
2599 2687 2899 2753 παραινεῖν⁵
2926 2684 3179 2756 εὔχεσθαι
3202 2701 3213 2714 ’
3262 2683 3509 2738 λείπεται
3550 2684 3660 2755 ἀρα
3708 2687 3823 2747 τοῖς
3858 2686 3967 2752 ἀγα

2374 2776 2552 2844 γέλοις
2575 2776 2783 2831 οίεσθαι
2832 2778 3017 2843 κακῶς
3050 2779 3291 2832 αἰτοῦσιν
3320 2779 3396 2851 μὴ
3435 2777 3731 2832 ἀκούεσθαι
3756 2794 3769 2806 ·
3805 2779 3867 2830 τὸ
3901 2778 3962 2830 δὲ

2376 2870 2561 2934 κακῶς
2606 2871 2894 2936 αἰτεῖσθαι,
2950 2872 3145 2926 ταυτὸν
3202 2871 3281 2943 τῷ
3332 2872 3517 2934 κακῶς
3550 2871 3726 2924 θέλειν
3771 2870 3959 2924 ἐστίν·

2373 2960 2516 3014 ὥστε
2548 2962 2690 3015 κατά
2727 2964 2925 3017 ταυτὸν
2976 2963 3297 3027 κακοθελεῖς
3337 2965 3385 3017 οἱ
3420 2964 3644 3031 ἀγγελοι
3671 2980 3687 2996 ο
3721 2962 3965 3016 κακοθε.

2374 3050 2471 3120 λὴς
2492 3051 2547 3104 δέ
2580 3050 2693 3105 ὲστί
2722 3069 2805 3115 τις
2854 3052 2888 3122 ἢ
2917 3052 2976 3117 ἐξ
3003 3052 3222 3121 ἀγνοίας
3244 3092 3259 3116 ,
3291 3052 3324 3123 ἢ
3364 3054 3427 3105 ὲκ
3466 3053 3802 3123 μοχθηρίας·
3841 3052 3967 3116 πῶς

679 3152 975 3207 Malevolus
1024 3160 1205 3205 autem
1237 3149 1437 3219 aliquis
1464 3156 1568 3213 est,
1598 3147 1684 3202 vel
1715 3162 1781 3201 ex
1814 3145 2050 3208 inscitia,
2093 3144 2176 3199 vel
2207 3160 2263 3200 ex

2377 3144 2433 3197 δέ
2462 3162 2545 3207 τις
2571 3143 2708 3207 ὅλως
2731 3144 2889 3214 οἰηθῇ
2914 3144 3022 3198 τῶν
3049 3144 3454 3215 εὐφρονούντων
3500 3146 3557 3197 ἐν
3592 3144 3786 3216 ἀγνοίᾳ
3820 3139 3966 3198 εἶναι

690 3246 1056 3315 improbitate.
1089 3242 1477 3297 Verumtamen
1503 3240 1627 3310 quis
1660 3239 1917 3295 cordatus
1965 3237 2264 3302 existimet,

682 3342 732 3393 in
782 3334 1086 3406 ignorantia
1140 3333 1269 3386 boni
1330 3330 1537 3386 versari
1586 3330 1710 3384 illos
1740 3328 1834 3399 qui
1897 3328 2000 3398 ipsi
2059 3328 2267 3380 innata:

679 3427 959 3497 sapientize
986 3423 1208 3479 astant?
1234 3420 1511 3492 quomodo
1536 3420 1664 3474 item
1718 3418 1893 3473 malos
1924 3433 2017 3474 eos
2048 3416 2268 3488 judica-

680 3518 777 3582 bit,
819 3518 910 3585 qui
940 3522 1156 3570 sutnmo
1208 3512 1574 3582 bonojugiter
1632 3509 2000 3565 saturantur?
2036 3506 2193 3573 Quod
2222 3506 2269 3561 si

680 3612 793 3664 lzrec
819 3607 1181 3678 impossibilia
1213 3615 1361 3668 sunt,
1399 3603 1660 3657 mentitur
1686 3602 1806 3657 sine
1850 3602 2017 3657 dubio
2072 3599 2266 3655 Moha—

682 3702 864 3755 medcs
894 3718 909 3766 ;
951 3701 1059 3753 imo
1102 3713 1230 3753 vero
1262 3697 1627 3767 blasphemat,
1657 3696 1879 3751 inutiles
1908 3695 2098 3751 dicens
2140 3708 2269 3749 san-

680 3804 890 3845 ttorum
919 3791 1237 3859 angelorum
1270 3788 1716 3842 intercessiones.

682 3883 872 3940 .‘LXIV.
910 3885 1171 3938 Adversus
1223 3882 1459 3962 eumdem
1502 3880 1781 3945 dicentem,
1829 3880 1997 3962 peum
2038 3881 2268 3936 solidum

825 3973 971 4017 esse;
998 3965 1045 4008 et
1071 3969 1230 4023 neque
1258 3953 1522 4017 genuisse,
1548 3967 1709 4021 neque
1731 3953 1963 4021 genitum
1993 3969 2124 4007 esse.

748 4113 838 4166 89.
858 4110 959 4175 Qui
982 4108 1164 4163 omnia
1184 4105 1442 4178 produxit
1480 4105 1559 4175 ex}
1584 4104 1774 4169 nihilo,
1801 4106 1964 4160 rebus
1982 4119 2011 4159 a
2030 4119 2088 4161 se
2111 4104 2269 4160 factis

680 4217 907 4271 prorsus
958 4210 1012 4256 et
1052 4200 1265 4255 inﬁnite
1295 4198 1453 4253 debet
1493 4212 1589 4267 per
1628 4196 1813 4252 omnia
1860 4212 1982 4252 esse
2032 4197 2226 4251 melior
2251 4237 2266 4263 ,

684 4292 1016 4357 substantia,
1044 4291 1269 4357 viribus,
1290 4286 1985 4357 voluntate,perpetuitate,
2010 4285 2264 4341 elIicacia.

676 4386 830 4450 Quod
854 4385 897 4437 si
919 4385 989 4437 ita
1009 4398 1115 4438 non
1136 4392 1237 4447 est,
1256 4398 1322 4436 ne
1336 4382 1597 4452 produxit
1616 4381 1834 4450 quidem
1854 4380 1975 4435 illas
1989 4395 2053 4435 ex
2073 4380 2262 4435 nihilo.

2374 3229 2467 3283 τοῦ
2498 3230 2703 3301 ἀγαθοῦ
2739 3234 2864 3294 τοὺς
2909 3232 3263 3302 παρεστῶτας
3281 3236 3346 3305 τῇ
3383 3234 3707 3306 αὑτοσοφίᾳς
3743 3234 3860 3295 πῶς
3904 3232 3965 3287 δὲ

2373 3319 2468 3372 καὶ
2490 3320 2797 3391 μοχθηροὺς
2822 3320 2949 3384 τοὺς
2978 3322 3039 3374 τὸ
3070 3322 3274 3391 ἀγαθὸν
3316 3323 3530 3386 ἀενάως
3589 3323 3959 3394 ἑμπιπλωμέο

2370 3429 2533 3480 νους;
2568 3414 2629 3467 Ei
2660 3414 2716 3468 δὲ
2753 3414 2928 3470 ταῦτα
2956 3415 3214 3488 ἀδύνατα,
3264 3415 3523 3486 ψεύδεται
3555 3418 3663 3488 ἀρα
3691 3417 3965 3487 Μωάμετ,

2377 3506 2577 3575 μᾶλλον
2637 3506 2695 3559 δὲ
2759 3486 3094 3579 βλασφημεῖ,
3154 3509 3451 3578 ἀνωφελεῖς
3496 3486 3604 3574 τάςή
3639 3510 3747 3563 τῶν
3788 3486 3965 3581 ἁγίων

2373 3597 2620 3667 ἀγγέλων
2648 3598 2947 3670 πρεσϐείας
2970 3601 3428 3672 ἀποφαινόμενος.

2371 3877 2497 3932 KA'.
2536 3875 2691 3943 Πρὸς
2716 3876 2823 3930 τὸν
2860 3875 3048 3930 αὐτὸν
3074 3875 3331 3944 λέγοντα
3356 3891 3369 3905 ο
3418 3875 3482 3928 '0
3514 3876 3659 3941 Θεὸς
3685 3877 3964 3945 όλόσφυ-

2586 3946 2697 4016 (95)
2758 3948 2965 4000 ἐστιν’
3022 3948 3135 4000 οὐκ
3192 3944 3561 4015 ἐγέννησεν,
3622 3948 3734 4001 οὐκ
3790 3944 3963 4017 ἐγεγ-

2439 4033 2516 4071 νη
2558 4034 2616 4071 η.

2439 4033 2616 4085 νηση.

2442 4107 2550 4163 πθ’.
2597 4108 2655 4161 'O
2672 4108 2850 4163 πάντα
2884 4107 3225 4179 παραγαγὼν
3252 4107 3311 4173 ἐξ
3341 4108 3442 4161 οὐκ
3467 4106 3655 4174 ὄντων,
3691 4110 3962 4178 κρείττων

2369 4198 2663 4269 ἀπειράκις
2693 4200 2803 4253 τῶν
2841 4200 3195 4273 πραχθέντων
3241 4200 3305 4251 ὲκ
3355 4198 3557 4262 παντὸς
3586 4198 3651 4252 ἀν
3684 4202 3770 4269 εἴη
3815 4201 3962 4255 κατά

2370 4290 2569 4355 πάντα,
2604 4290 2783 4362 οὐσίᾳ,
2809 4290 3059 4360 δυνάμει,
3089 4292 3328 4362 θελήσει,
3364 4293 3649 4364 ἀῖδιότητι,
3679 4294 3773 4347 καὶ
3796 4296 3959 4366 ἐνερ-

2368 4381 2524 4452 γείᾳ·
2554 4383 2601 4433 εί
2625 4381 2734 4451 γὰρ
2773 4381 2871 4451 μὴ,
2908 4382 3028 4435 οὐδὲ
3062 4380 3121 4447 ἐξ
3148 4383 3250 4436 οὐκ
3278 4370 3467 4438 ὄντων’
3498 4385 3637 4439 αὑτά
3668 4387 3911 4455 παράγει
3940 4402 3955 4416 ο

676 4478 828 4544 Quod
872 4478 1041 4531 sinon
1076 4476 1352 4545 produxit,
1386 4474 1574 4529 eadem
1614 4488 1677 4527 ac
1714 4473 1803 4528 ille
1830 4472 2263 4543 sempiternitate

2368 4476 2416 4527 εί
2447 4475 2501 4526 δὲ
2532 4474 2608 4545 μὴ
2652 4475 2899 4547 παράγῃ.
2936 4476 3033 4547 τῆς
3060 4476 3232 4547 αὐτῆς
3258 4478 3354 4531 τοῦ
3393 4479 3566 4532 ἀῖδίου
3595 4480 3689 4533 καὶ
3714 4481 3960 4551 ἀνάρχου

674 4581 725 4624 «ιι
759 4572 874 4624 siue
906 4568 1176 4639 principio
1206 4568 1377 4639 gloria
1411 4575 1623 4623 cunctae
1665 4581 1751 4621 res
1801 4574 1931 4620 sunt
1975 4564 2211 4634 praeditas
2243 4582 2257 4618 :

674 4680 803 4733 ergo
827 4666 987 4718 etiam
1031 4663 1237 4718 viribus
1289 4676 1449 4732 pares
1496 4670 1643 4727 sunt,
1694 4668 1749 4716 et
1806 4660 1957 4714 illum
1991 4661 2085 4730 qui
2139 4659 2261 4715 sine

675 4755 832 4807 initio
860 4763 942 4809 est
962 4762 1269 4823 exaequant.
1303 4752 1460 4819 Quod
1494 4752 1538 4806 si
1571 4766 1730 4821 pares
1771 4751 1973 4805 habent
2012 4750 2181 4816 vires,
2212 4750 2259 4805 is

673 4848 888 4914 quidem
938 4846 1030 4914 qui
1081 4844 1288 4914 absque
1329 4842 1484 4897 initio
1532 4850 1651 4905 est,
1685 4841 1825 4895 idem
1864 4849 1947 4895 est
1988 4840 2133 4909 quod
2170 4854 2257 4895 res

673 4949 883 4993 t'urtet‘a:
942 4952 1153 4991 omnes.
1212 4937 1375 5006 Atqui
1414 4937 1660 4989 videmus
1701 4934 1844 4988 haud
1896 4933 2076 4986 omnia
2130 4947 2257 5001 qua-

674 5045 828 5087 tenus
876 5033 1095 5095 omnia,
1147 5031 1239 5085 sed
1303 5038 1562 5098 tanquam
1612 5041 1781 5081 unum
1840 5026 2023 5079 omnia
2071 5040 2258 5081 move-

673 5128 755 5191 ri;
794 5126 895 5180 etsi
931 5125 1177 5194 quaedam
1235 5124 1376 5177 inter
1428 5120 1632 5186 omnia,
1691 5119 1917 5174 meliora
1978 5119 2252 5183 videntur,

670 5218 918 5287 qua-dam
952 5231 1080 5270 vero
1116 5214 1410 5269 deteriora.
1450 5212 1555 5268 Sed
1580 5212 1715 5267 nihil
1757 5226 1946 5266 eorum
1996 5211 2257 5265 immuta-

672 5310 777 5363 bile
802 5309 990 5363 estvel
1018 5308 1295 5361 immobile
1330 5325 1342 5360 :
1381 5306 1517 5361 adeo
1553 5315 1611 5360 ut
1659 5305 1705 5361 si
1732 5304 1918 5359 omnia
1959 5305 2254 5369 alternant,

671 5415 771 5454 nec
805 5404 1078 5469 quamnus
1130 5398 1315 5451 omnia
1345 5406 1494 5462 sunt,
1522 5404 1835 5460 moventur,
1866 5395 1958 5450 sed
1996 5404 2257 5465 tanquam

670 5508 861 5557 unum,
891 5506 996 5546 non
1028 5499 1156 5546 sunt
1183 5491 1365 5546 omnia
1400 5488 1550 5560 paria
1578 5490 1627 5545 ei
1659 5490 1752 5558 qui
1785 5488 1901 5543 sine
1939 5487 2096 5542 initio
2125 5496 2241 5543 est:

740 5691 851 5760 (9'2)
878 5689 1001 5744 Sur.
1026 5687 1171 5753 XXI,
1199 5689 1292 5747 28.

741 5758 853 5830 (‘93)
884 5760 1016 5814 Cod.
1046 5760 1368 5830 ὀλόσφαιρος
1401 5760 1490 5815 hic
1518 5767 1572 5814 et
1594 5758 1765 5830 inl‘ra.
1806 5758 2059 5813 Attamen
2115 5773 2250 5815 con-

669 5843 771 5888 stat
803 5828 1152 5887 srribeudum
1188 5828 1356 5887 fuisse
1388 5832 1707 5902 ὁλόσφυρος.
1739 5828 1858 5885 Jam
1890 5844 2017 5886 vero
2060 5839 2113 5886 ct
2156 5845 2249 5887 su-

2364 4567 2638 4632 εὐκλείας,
2666 4567 2736 4621 τὰ
2766 4570 2943 4622 πάντα
2994 4570 3255 4640 τυγχάνει
3281 4588 3294 4601 ”
3330 4570 3526 4625 οὐκοῦν
3557 4573 3653 4625 καὶ
3682 4573 3957 4643 ίσοσθενῆ,

2360 4659 2456 4711 καὶ
2484 4661 2931 4713 συνεπεκτείνετο
2964 4659 3030 4715 ἂν
3078 4660 3158 4729 τῷ
3192 4661 3416 4733 ἀνάρχῳ
3437 4678 3451 4693 ·
3485 4664 3534 4715 εί
3560 4663 3617 4716 δὲ
3665 4663 3955 4728 ίσοσθενεί,

2359 4749 2513 4803 ἔσται
2545 4751 2641 4805 καὶ
2677 4752 2705 4804 ὁ
2756 4751 2993 4824 ἄναρχος
3043 4752 3237 4818 ταυτδς
3276 4758 3389 4817 τοῖς
3424 4756 3611 4810 πᾶσιν.
3652 4755 3815 4809 Ἀλλά
3846 4755 3960 4827 μὴν

2356 4842 2573 4915 δρῶμεν
2606 4844 2704 4915 οὐχ
2725 4844 2800 4908 ὡς
2826 4844 3005 4898 πάντα
3036 4844 3104 4898 τὰ
3124 4846 3324 4911 πάντα,
3358 4846 3473 4900 ἀλλ’
3491 4846 3565 4910 ὡς
3594 4846 3653 4898 ἒν
3680 4846 3750 4900 τά
3775 4850 3959 4901 πάντα

2358 4935 2637 5006 ἀγόμενα·
2676 4936 2855 4990 καίτοι
2895 4936 2932 4990 ἀ
2960 4937 3058 5007 μὲν
3083 4938 3143 4990 ὲν
3176 4940 3289 5002 τοῖς
3335 4940 3471 4992 πᾶσι
3521 4940 3760 5009 κρείττω
3808 4939 3963 4992 δοκεῖ

2358 5027 2524 5096 εἶναι,
2552 5030 2588 5085 ἀ
2621 5030 2677 5083 δὲ
2703 5031 2872 5102 χείρω
2892 5048 2906 5062 ο
2938 5031 3052 5084 ἀλλ’
3082 5031 3237 5085 οὐδὲν
3264 5032 3445 5085 αὐτῶν
3476 5032 3836 5085 ἀναλλοίωτον
3862 5036 3960 5085 καὶ

2358 5121 2795 5194 ἀμετακίνητον·
2832 5122 2971 5176 ὥστε
3012 5124 3062 5176 εί
3100 5123 3170 5176 τά
3212 5123 3393 5177 πάντα
3433 5124 3678 5193 ἀμείϐει,
3713 5125 3809 5175 καὶ
3856 5126 3959 5195 οὐχ

2358 5214 2435 5278 ὡς
2470 5215 2649 5268 πάντα
2671 5215 2885 5282 ἀγεται,
2914 5215 3029 5268 ἀλλ’
3052 5215 3127 5279 ὡς
3156 5215 3235 5282 ἓν,
3265 5216 3365 5269 οὐκ
3400 5216 3649 5286 ίσοσθενῆ
3676 5218 3745 5270 τὰ
3774 5220 3956 5269 πάντα

2358 5304 2437 5376 τῷ
2468 5305 2690 5377 ἀνάρχῳ
2711 5322 2724 5336 ·
2750 5307 2798 5358 εἰ
2828 5305 2885 5358 δὲ
2925 5306 3001 5378 μὴ
3032 5305 3305 5377 ίσοσθενῆ.
3354 5307 3472 5360 οὐδὲ
3512 5307 3782 5360 ωναῖδια·
3823 5312 3872 5360 εἰ
3898 5310 3958 5361 δὲ

2368 5398 2443 5469 μὴ
2476 5397 2745 5463 συναϊδια,
2776 5399 2904 5451 ὄντα
2934 5397 3012 5466 δὲ,
3060 5398 3212 5470 παρὰ
3263 5397 3357 5452 τοῦ
3409 5399 3651 5470 ἀνάρχου
3708 5398 3957 5466 δηλονότι

2358 5490 2608 5562 προήχθη
2630 5507 2643 5522 ’
2680 5491 2730 5544 εἰ
2760 5490 2816 5544 δὲ
2844 5490 3004 5556 αὐτὸς
3032 5490 3210 5547 πάντα
3240 5492 3501 5563 παράγει,
3553 5492 3818 5562 κρείττων
3848 5494 3959 5563 ἄρα

2363 5690 2549 5760 perius
2569 5691 2700 5763 (col.
2726 5691 2878 5763 776),
2903 5700 2957 5746 et
2981 5692 3085 5747 hoc
3110 5692 3272 5747 etiam
3295 5689 3778 5763 Ioco,palinod_iam
3808 5692 3956 5745 canit

2360 5762 2793 5835 auctorillorum
2825 5761 2945 5835 quae
2990 5778 3269 5835 perperam
3319 5761 3615 5835 scripserat
3658 5761 3789 5833 (col.
3825 5763 3954 5834 708)

2360 5831 2427 5887 de
2456 5832 2677 5889 Arabici
2704 5831 2947 5890 vocabuli
2977 5831 3304 5906 Signiﬁcatu.
