4168 6450
191 420 298 484 785

1291 422 1723 483 REFUTATIO
1764 423 2213 485 MOHAMEDIS

3349 431 3451 492 786

190 530 482 601 ἀπειράκις
511 528 618 584 τῶν
646 529 1035 600 παραχθέντων
1159 532 1356 596 παντὸς
1402 534 1469 587 ἂν
1500 534 1585 602 εἴη
1622 534 1754 587 κατᾶ

1867 536 2005 605 quod
2035 536 2081 589 si
2118 536 2344 604 imparia
2370 534 2597 600 viribus,
2638 551 2705 592 ne
2739 545 3006 592 coaeterna
3037 536 3254 607 quidem
3283 553 3404 594 sunt
3436 562 3449 596 :

190 622 387 686 πάντα,
414 622 593 692 οὐσίᾳ,
629 621 878 691 δυνάμει,
911 622 1192 691 ἀῖδιότητι,
1227 623 1464 694 θελήσει,
1499 627 1594 679 καὶ
1622 629 1771 697 ἐνερ-

189 715 335 784 γείᾳ.
384 712 601 784 Ἐπειδὴ
628 712 684 766 δὲ
712 714 840 783 τρία
873 714 986 779 εἴδη
1012 714 1142 784 γένη
1170 716 1269 785 τῆς
1291 717 1501 783 οὐσίας,
1521 718 1682 789 σῶμά
1711 735 1771 771 τε

188 804 281 857 καὶ
309 804 602 874 ἀσώματον
633 806 727 859 καὶ
758 807 819 859 τὸ
843 808 906 859 ἐκ
929 805 1135 860 τούτων
1169 808 1359 877 μικτόν
1386 825 1400 841 ·
1437 811 1772 882 γνωριστικά

186 894 262 955 δὲ,
292 894 545 963 σώματος
574 895 694 965 μὲν,
726 897 788 949 τὸ
810 897 971 967 τριχῆ
991 896 1292 963 διαστατὸν,
1326 899 1386 951 τὸ
1418 901 1644 963 πυκνὸν,
1678 903 1771 956 καὶ

186 986 244 1038 τὸ
270 988 472 1054 μανόν·
511 988 812 1057 ἀσωμάτου
846 989 926 1054 δέ,
968 990 1031 1043 τὸ
1059 991 1135 1060 μὴ
1174 992 1453 1063 πανταχοῦ
1487 996 1767 1064 παρεῖναι,

185 1077 280 1129 καὶ
322 1079 397 1146 μὴ
442 1078 583 1148 ὑπὲρ
610 1079 669 1131 τὸ
700 1080 829 1143 πᾶν,
860 1081 907 1133 εί
937 1082 1030 1134 καὶ
1077 1080 1391 1152 ἀσώματον,
1421 1083 1559 1137 ἀλλὰ
1611 1102 1770 1155 περι-

184 1168 427 1235 γραπτὸν
450 1168 544 1220 καὶ
572 1167 706 1221 αὐτὸ
734 1168 950 1233 πάντως
968 1169 1047 1223 δν.
1091 1170 1212 1223 Ἐπὶ
1227 1172 1284 1224 δὲ
1312 1174 1411 1242 τῆς
1433 1173 1768 1245 δημιουργοῦ

183 1259 393 1324 οὐσίας,
422 1260 475 1313 τί
502 1259 782 1330 δώσομενς
825 1262 1027 1332 μᾶλλον
1055 1262 1111 1317 δέ
1142 1264 1278 1335 πρὸς
1308 1264 1487 1331 τοῦτο,
1520 1269 1568 1319 εί
1597 1270 1769 1323 ταῦτα

182 1349 337 1402 οὐσία
366 1350 617 1419 λέγονταί
636 1369 697 1405 τε
726 1354 821 1407 καὶ
844 1353 973 1418 είσὶ,
1015 1354 1076 1408 τὸ
1106 1355 1283 1410 ταῦτα
1315 1360 1639 1426 πεποιηκὸς,
1694 1360 1769 1421 ὡς

180 1444 468 1507 δέδεικται,
503 1446 558 1498 τί
583 1446 759 1511 ἔσται,
812 1448 907 1500 καὶ
927 1448 979 1501 τί
1006 1450 1139 1504 αὐτὸ
1188 1451 1567 1522 όνομάσομεν;
1615 1454 1769 1506 οὐδὲν

183 1535 283 1603 μὲν
312 1537 419 1607 γὰρ
445 1536 639 1607 ἕξομεν
680 1540 971 1608 ὁριστικῶς
996 1558 1009 1569 ·
1058 1542 1117 1608 ἐξ
1170 1542 1516 1612 ὑπερθέσεως
1547 1544 1605 1597 δέ
1641 1544 1768 1597 τού-

180 1640 286 1677 των
325 1628 841 1698 προσαγορεύσομεν
893 1631 1239 1701 ὑπερούσιον.
1298 1635 1359 1687 Ei
1394 1634 1488 1688 οὖν
1537 1635 1768 1705 ὑπερθύ-

182 1720 345 1781 σιοςό
389 1722 754 1791 Δημιουργὺς,
811 1725 1032 1794 μακρὰν
1082 1725 1248 1779 αὑτοῦ
1286 1728 1661 1798 ἀποδήσεσται
1707 1728 1768 1783 τὸ

182 1813 349 1879 μανὸν
379 1816 473 1866 καὶ
506 1816 565 1867 τὸ
610 1817 809 1870 πυκνὸν
859 1817 955 1870 καὶ
1000 1817 1062 1871 τὸ
1108 1820 1267 1890 τριχῆ
1309 1820 1596 1875 διαστατόν
1621 1838 1633 1852 ·
1670 1823 1761 1875 καὶ

1878 630 2021 699 quod
2055 629 2099 683 si
2133 644 2237 683 non
2262 639 2533 684 coasterna
2570 638 2715 695 sunt,
2743 641 2795 685 et
2827 640 3009 685 tamen
3047 630 3342 697 exsistunt,
3366 648 3453 685 se-

1881 724 2070 794 quitur
2105 730 2165 775 ut
2194 721 2262 775 ab
2289 737 2354 777 eo
2384 722 2477 793 qui
2510 722 2629 777 sine
2659 722 2813 777 initio
2836 732 2919 779 est
2949 723 3210 794 producta
3236 722 3452 778 fuerint.

1870 813 2028 882 Quod
2051 813 2097 868 si
2116 813 2203 868 hic
2222 814 2402 868 omnia
2422 812 2693 884 producit,
2709 816 2931 870 omnino
2959 815 3277 887 infiniteque
3296 816 3422 871 rebn
3442 796 3478 863 ς’

1870 920 1898 960 a
1922 918 1982 960 se
2009 902 2287 973 productis
2308 902 2496 957 melior
2515 904 2637 966 erit,
2657 903 2987 968 substantia,
3007 907 3233 969 viribus,
3261 921 3456 976 perpe-

1870 998 2087 1060 tuitate,
2110 997 2388 1052 voluntate
2441 1003 2601 1065 atque
2625 995 2886 1051 efficacia.
2909 997 3176 1063 Quoniam
3197 1014 3324 1053 vero
3348 1000 3449 1052 tria

1869 1096 2001 1145 sunt
2021 1096 2218 1142 creatae
2246 1087 2565 1144 substantia:
2596 1102 2815 1158 genera,
2838 1101 3184 1157 corporeum,
3204 1087 3455 1157 incorpo-

1870 1195 2023 1235 reum
2063 1188 2117 1234 et
2146 1195 2211 1235 ex
2264 1188 2501 1248 utroque
2534 1179 2791 1243 mistum;
2828 1188 2882 1233 et
2919 1179 3178 1249 quoniam
3210 1181 3456 1248 corporis

1869 1270 2087 1339 quidem
2116 1269 2544 1325 demonstrativa
2581 1277 2727 1335 sunt,
2748 1270 2937 1339 triplex
2966 1271 3231 1334 extensio,
3250 1270 3457 1325 etden-

1870 1364 2029 1429 sitas,
2063 1379 2126 1420 ac
2160 1365 2358 1419 raritas
2387 1383 2401 1431 ;
2437 1364 2745 1433 incorporei
2784 1373 2985 1427 autem,
3018 1374 3077 1419 ut
3131 1380 3308 1434 neque
3338 1365 3458 1418 ubi-

1870 1471 1975 1527 que
2004 1459 2095 1523 sit,
2126 1472 2303 1527 neque
2334 1473 2500 1527 super
2531 1460 2715 1514 omnia
2747 1469 2797 1512 et
2828 1472 3141 1527 quanquam
3172 1458 3245 1512 sit
3269 1458 3452 1512 incor-

1869 1563 2114 1618 poreum,
2145 1548 2505 1604 nihilominus
2542 1550 2681 1604 idem
2714 1551 2784 1605 sit
2816 1548 3322 1617 circumscriptum.
3385 1548 3457 1602 De

1868 1640 2146 1697 Creatoris
2207 1650 2387 1695 autem
2427 1643 2734 1698 substantia
2769 1641 2899 1712 quid
2954 1650 3259 1696 statuemus
3293 1641 3315 1693 ’Ξ
3348 1640 3459 1694 lnzo

1871 1749 2019 1796 vero,
2049 1734 2095 1787 si
2158 1734 2263 1787 illie
2318 1748 2403 1789 res
2451 1735 2758 1789 substantia
2786 1743 2913 1788 sunt
2949 1744 3003 1788 et
3057 1733 3332 1796 dicuntur,
3380 1733 3466 1786 uti-

1870 1824 2304 1879 demonstratum
2340 1832 2442 1887 est,
2476 1825 2604 1893 quid
2632 1825 2759 1888 erit,
2793 1833 2886 1877 aut
2917 1824 3047 1892 quid
3101 1824 3459 1893 appellabitur

178 1905 423 1959 ἀπόλωλε
474 1909 720 1979 Μωάμετ
758 1910 818 1963 τὸ
868 1911 1188 1982 ὁλόσφυρον,
1242 1914 1621 1984 πεφοϐημένος
1668 1916 1754 1986 rip

1871 1915 1985 1983 ipse
2017 1913 2294 1970 Creator?
2342 1916 2544 1970 nullam
2586 1916 2732 1970 enim
2793 1918 3130 1986 reperiemus
3178 1915 3449 1971 (ιρῐῑηίιὶοο

178 1996 408 2052 κένωσιν
436 1999 521 2053 διὰ
541 2001 639 2072 τὴν
674 2002 901 2072 πρόοδον
930 2002 1023 2056 τοῦ
1074 2005 1202 2058 Υἱοῦ
1228 2006 1321 2058 καὶ
1350 2005 1547 2072 Λόγου.
1596 2005 1754 2060 Τοῦτ(

1865 2004 2115 2059 nem.Ut
2175 2014 2357 2058 autem
2407 2018 2570 2073 Supra
2625 2004 2749 2059 illas
2803 2005 3121 2068 extollatur,
3162 2002 3468 2072 appellabi-

173 2089 235 2159 δὴ
267 2093 363 2145 καὶ
395 2095 485 2145 ἐπὶ
538 2093 817 2163 δυνάμεως
852 2096 947 2149 καὶ
979 2098 1251 2168 κινήσεως
1293 2097 1391 2151 καὶ
1439 2098 1754 2169 ἐνεργείας·

1866 2113 1989 2151 mus
2029 2112 2153 2150 eum
2225 2096 2828 2165 supersubstantialem.
2868 2097 2925 2149 Si
2967 2110 3098 2165 ergo
3156 2095 3455 2163 supersubo

171 2182 229 2233 τὸ
254 2183 395 2254 ὑπὲρ
431 2185 663 2254 κίνησιν,
697 2186 837 2257 ὑπὲρ
860 2187 1108 2258 δύναμιν,
1168 2189 1263 2241 καὶ
1293 2189 1433 2260 ὑπὲρ
1480 2191 1754 2260 ἐνέργειαν

1863 2189 2134 2243 stantialis
2182 2198 2264 2242 est
2305 2188 2551 2249 Creator,
2600 2187 2789 2256 procul
2851 2201 2916 2240 eo
2965 2188 3069 2242 erit
3130 2188 3330 2242 raritas
3401 2198 3457 2241 et

172 2276 385 2345 ἀνάγκη
422 2276 666 2358 δοξάζειν
686 2297 699 2310 ι
727 2281 773 2332 εξ
812 2282 867 2333 δὲ
894 2280 1067 2333 ταῦτα
1084 2279 1256 2344 οὕτως
1286 2280 1416 2351 ἔχει,
1446 2281 1520 2352 μὴ
1550 2281 1754 2353 φοϐηθῇ

1860 2282 2121 2346 densitas,
2149 2292 2216 2337 et
2254 2281 2445 2350 triplex
2475 2280 2767 2345 dimensio,
2809 2282 3056 2350 peritque
3114 2279 3455 2335 Mohamedis

170 2367 417 2438 Μωάμετ
446 2371 536 2423 τὸν
564 2374 785 2442 συμφυῆ
812 2373 904 2426 καὶ
930 2373 1196 2426 συναῖδιον
1218 2372 1311 2425 τοῦ
1332 2373 1543 2443 [ἰατρὸς
1562 2374 1754 2441 Λόγον,

170 2459 387 2514 ἀκούων
432 2464 777 2533 Δημιουργὸν
811 2464 941 2518 ὄντα
975 2465 1154 2536 πάσης
1195 2466 1448 2529 κτίσεως,
1505 2466 1595 2518 καὶ
1626 2466 1756 2518 ἀνα-

169 2556 475 2626 καινιστὴν,
515 2560 609 2609 καὶ
642 2558 763 2610 Υίδν
798 2558 871 2621 ὡς
897 2558 959 2611 ἐκ
980 2561 1299 2627 γεννήτορος
1324 2557 1419 2609 τοῦ
1440 2557 1532 2610 νοῦ
1558 2556 1755 2625 προελ-

169 2644 325 2699 θόντα
345 2662 359 2675 ·
392 2649 799 2718 ἀνεκφοιτήτως
835 2652 942 2720 γὰρ
988 2648 1365 2722 προεληλύθει,
1396 2650 1491 2701 καὶ
1517 2648 1667 2718 μένει
1695 2651 1753 2701 ἐν

168 2738 345 2808 ἐαυτῷ
376 2740 488 2809 (94)
534 2742 593 2793 οὐ
630 2741 771 2794 κατά
804 2743 1010 2812 σχέσιν,
1037 2744 1099 2795 ού
1131 2743 1273 2797 κατά
1314 2741 1634 2810 συνάφειαν,
1688 2742 1749 2794 οὐ

166 2829 306 2882 κατά
346 2831 573 2902 μνήμην
597 2872 611 2896 ,
650 2832 762 2886 ἀλλ’
818 2832 961 2903 ὑπὲρ
993 2834 1167 2886 ταῦτα
1193 2850 1207 2865 ο
1244 2832 1569 2905 ύπερούσιος
1614 2834 1745 2903 γὰρ,

166 2919 245 2972 ὅτι
279 2921 340 2984 ἐξ
363 2924 692 2992 ύπερουσίου
727 2924 821 2976 καὶ
845 2924 1209 2994 ὑπερουσίως.

1865 2376 2123 2437 solidum,
2168 2374 2547 2442 cujuscemodi
2597 2389 2721 2428 eum
2783 2374 3075 2442 appellavit
3107 2373 3327 2438 timens,
3387 2388 3455 2429 nc

1866 2470 2019 2521 fieret
2055 2466 2301 2521 vacuitas
2334 2476 2553 2536 propter
2575 2465 2694 2520 Filii
2726 2474 2781 2521 et
2826 2465 2988 2520 Verbi
3012 2466 3449 2535 productionem.

1864 2558 2123 2611 Similiter
2147 2556 2433 2611 dicendum
2459 2564 2541 2611 est
2559 2557 2624 2610 de
2639 2556 2914 2610 attributis
2939 2557 3213 2625 potentize,
3239 2566 3453 2623 motus;

1858 2662 1909 2702 et
1935 2647 2191 2702 efficaciae
2237 2662 2432 2716 nempe
2460 2646 2765 2701 credendus
2791 2656 2876 2702 est
2901 2647 3153 2716 superior
3182 2649 3332 2702 omni
3360 2664 3454 2717 po-

1857 2738 2059 2799 tentiae,
2097 2737 2266 2790 motui
2296 2745 2348 2790 et
2384 2736 2655 2791 efﬁcaciae.
2694 2736 2828 2803 Quae
2870 2736 2917 2791 si
2944 2737 3014 2792 ita
3042 2752 3101 2793 se
3137 2737 3361 2803 habent,
3389 2753 3456 2791 ne

1855 2840 2183 2899 expavescat
2204 2830 2550 2885 Mohamedes
2572 2830 2700 2885 dum
2722 2831 3134 2886 connaturalem
3152 2841 3208 2885 et
3231 2840 3455 2884 coaeter-

1854 2939 1981 2976 nuui
2014 2921 2158 2976 Patri
2194 2921 2425 2976 Verbum
2456 2923 2610 2977 audit
2648 2937 2770 2978 esse
2794 2922 3055 2977 factorem
3092 2923 3272 2977 omnis
3304 2937 3459 2977 crea-

167 3017 297 3065 tura:
327 3029 395 3067 ac
423 3015 866 3080 instauratorem,
893 3030 948 3071 et
970 3016 1166 3070 Filium
1195 3025 1378 3086 utpote
1398 3033 1462 3073 ex
1488 3018 1798 3087 generantis
1816 3025 1997 3071 mente
2028 3031 2400 3086 progressum.
2423 3016 2632 3071 Etenim
2652 3016 2770 3072 sine
2787 3017 3129 3087 separatione
3159 3018 3422 3085 processit
3439 3057 3454 3079 .

167 3121 458 3179 manetque
489 3110 541 3162 in
570 3124 629 3165 se
660 3110 781 3181 ipso
814 3127 920 3166 non
950 3113 1250 3167 secundum
1285 3114 1632 3177 relationem,
1670 3128 1777 3166 non
1807 3112 2108 3167 secundum
2160 3112 2634 3182 coniunctionem,
2675 3127 2855 3183 neque
2898 3112 3202 3168 secundum
3243 3126 3455 3166 meme..-

166 3205 322 3269 riam,
367 3204 464 3261 sed
532 3206 694 3260 modo
740 3206 827 3262 his
896 3208 1154 3263 omnibus
1198 3207 1564 3263 sublimiore:
1601 3217 1685 3264 est
1714 3207 1859 3264 enim
1896 3208 2473 3278 supersubstantialis,
2529 3208 2657 3280 quia
2690 3218 2773 3264 est
2828 3223 2892 3264 ex
2943 3209 3453 3280 supersubstantiah

164 3309 212 3354 et
242 3301 868 3368 supersubstantialiter.

231 3393 280 3454 ι(
302 3432 314 3443 .
354 3390 448 3461 Μὴ
472 3387 566 3444 οὖν
593 3390 817 3459 λεγέτω,
840 3390 902 3443 Εἰ
936 3390 1038 3444 οὐκ
1069 3391 1353 3464 ἐγεννήθη,
1385 3394 1504 3448 ούδέ
1526 3395 1747 3465 ἐγέννη-
1780 3400 1822 3458 C

164 3497 253 3534 σεν
276 3498 291 3512 δ
326 3483 440 3534 ίδοὺ
468 3482 578 3550 γὰρ
607 3482 822 3552 ὁρῶμεν
845 3482 928 3535 ὅτι
951 3481 1140 3551 ὥσπερ
1175 3484 1276 3537 οὐκ
1309 3487 1600 3557 ἐγεννήθη,
1626 3488 1748 3541 οὐδὲ

164 3572 604 3643 ἐδημιουργὴθη·
631 3573 725 3626 δύο
747 3574 856 3645 γὰρ
884 3574 1058 3628 ταῦτα
1099 3576 1414 3644 ἀναγκαίως
1456 3579 1483 3630 6
1514 3579 1747 3648 ἄναρχος

163 3662 293 3733 ἔχει.
317 3663 489 3719 Ἀλλά
517 3666 628 3736 μὴν
655 3666 871 3737 ὁρῶμεν
892 3666 975 3718 ὅτι
1005 3668 1051 3719 εί
1078 3666 1173 3720 καὶ
1206 3666 1281 3737 μὴ
1312 3667 1744 3742 ἐδημιουργήθη,

162 3756 274 3809 ἀλλ’
303 3758 764 3828 ἐδημιούργησεν.
826 3758 889 3811 Εί
938 3759 1031 3812 οὖν
1078 3760 1139 3813 τὸ
1183 3760 1241 3815 ἓν
1271 3760 1488 3815 δίδωσιν
1542 3762 1749 3826 ἐκεῖνος

161 3847 549 3918 ἐνηργηκέναι,
576 3850 668 3900 καὶ
698 3848 855 3901 τοῦτο
890 3849 1039 3919 αύτῷ
1068 3849 1216 3915 δόξα,
1257 3851 1350 3905 τοῦ
1379 3852 1582 3923 ἐτέρου,
1604 3854 1748 3916 τίνος

160 3940 346 3993 ἕνεκεν
374 3940 704 4011 ἐστέρηται;
738 3942 918 3993 καίτοι
943 3958 1007 4009 γε
1039 3942 1100 3993 οὐ
1135 3942 1373 4014 τοσαύτη
1430 3944 1581 4014 αὐτῷ
1612 3947 1644 4015 ή
1682 3947 1745 3997 ἐκ

160 4031 254 4102 τῆς
282 4032 516 4095 κτίσεως
549 4033 940 4103 προσαγομένη
972 4033 1123 4100 δόξα,
1154 4034 1252 4105 ὅση
1279 4036 1313 4105 ἡ
1354 4035 1442 4089 διά
1476 4036 1566 4088 τὸν
1588 4036 1742 4088 Υίόν·

161 4124 337 4195 πολλῴ
354 4124 464 4195 γάρ
496 4126 678 4176 πλεῖον
706 4125 827 4176 ὅσον
857 4125 949 4177 καὶ
974 4126 1007 4194 ἡ
1036 4124 1223 4177 τούτου
1248 4124 1349 4194 τῆς
1396 4126 1623 4178 ἐκείνων
1652 4127 1747 4178 οὐ·

162 4217 278 4280 σίας
301 4216 648 4287 ὑπέρκειται.
674 4217 834 4268 Ὥστε
863 4216 1129 4286 κρείττων
1149 4218 1293 4271 κατά
1312 4217 1471 4271 τοῦτο
1490 4219 1585 4271 καὶ
1610 4220 1748 4289 μᾶλ-

159 4309 246 4362 λον
274 4304 344 4379 ἦν
402 4309 565 4363 αὑτὸν
590 4309 790 4376 λέγειν,
819 4310 871 4361 εί
902 4326 965 4377 γε
1023 4310 1287 4380 συνῆκεν,
1330 4312 1412 4364 ὅτι
1457 4311 1614 4366 Ἐπεὶ
1647 4314 1746 4369 οὐκ

158 4403 445 4475 ἐγεννήθη,
501 4403 590 4461 διὰ
617 4402 772 4456 τοῦτο
807 4403 1007 4471 μᾶλλον
1050 4405 1343 4475 ἐγέννησεν
1370 4420 1383 4434 ⁸
1434 4404 1625 4477 ὥσπερ
1655 4408 1747 4459 καὶ

162 4494 233 4563 μὴ
262 4494 325 4565 δη
334 4494 711 4564 μιουργηθεὶς,
734 4492 1137 4563 ἐδημιούργησε
1158 4511 1171 4523 ·
1201 4496 1293 4548 καὶ
1322 4496 1513 4549 τούτου
1532 4497 1746 4550 ἀπόδει-

160 4582 234 4648 ξις
264 4586 345 4638 ὃτι
376 4587 405 4637 ὁ
439 4585 673 4655 Χριστὸς
710 4585 836 4645 Υίὸς
883 4586 978 4639 καὶ
1030 4587 1199 4655 Λόγος
1246 4587 1529 4657 όμοούσιός
1557 4603 1616 4641 τε
1669 4589 1746 4659 τῷ

158 4676 271 4746 Θεῷ
294 4679 390 4730 καὶ
429 4680 622 4749 Πατρὶ,
655 4679 688 4749 ἡ
719 4678 886 4733 αὐτοῦ
918 4681 1130 4734 ἐκείνου
1176 4678 1475 4751 παρουσία·
1509 4680 1607 4749 τῆς
1639 4683 1747 4753 γὰρ

1931 3393 2020 3449 90.
2055 3391 2130 3447 Ne
2164 3392 2349 3462 itaque
2371 3391 2607 3448 ulterius
2644 3392 2791 3448 dicat
2823 3410 2835 3446 :
2872 3391 2928 3445 Si
2962 3406 3069 3446 non
3104 3402 3188 3448 est
3217 3394 3453 3464 genitus,

1850 3502 1919 3542 ne
1970 3486 2156 3557 genuit
2187 3484 2432 3556 quidem.
2477 3484 2617 3540 Ecce
2647 3486 2791 3540 enim
2828 3486 3111 3541 cernimus
3135 3524 3150 3546 ,
3186 3486 3331 3549 quod
3376 3487 3450 3540 si-

1849 3578 1959 3632 cuti
2015 3591 2120 3629 non
2152 3584 2236 3629 est
2270 3574 2510 3644 genitus,
2555 3574 2631 3628 ita
2664 3590 2732 3628 ne
2762 3586 2980 3629 creatus
3010 3574 3230 3651 quidem
3272 3592 3285 3628 :
3341 3574 3458 3629 hanc

1850 3670 1995 3724 enim
2024 3668 2131 3720 duo
2151 3666 2461 3719 necessario
2485 3665 2672 3729 habet,
2697 3665 2789 3735 qui
2822 3666 2940 3720 sine
2961 3666 3116 3719 initio
3142 3678 3244 3721 est.
3279 3666 3441 3735 Atqui

1850 3763 2011 3831 plane
2042 3762 2339 3826 cernimus,
2377 3759 2521 3826 quod
2566 3758 2665 3813 etsi
2700 3773 2806 3813 non
2856 3757 2955 3811 fuit
2984 3771 3222 3821 creatus,
3265 3768 3448 3815 tamen

1850 3851 2074 3912 creavit.
2112 3850 2170 3904 Si
2216 3864 2347 3921 ergo
2372 3865 2539 3904 unum
2594 3848 2847 3903 concedit
2894 3847 3245 3905 Mohamedes
3288 3851 3358 3904 ab
3389 3865 3454 3905 eo

1849 3950 2152 4011 peractum,
2182 3952 2343 4011 atque
2380 3942 2482 3996 hoc
2518 3949 2661 3995 tenet
2689 3939 3057 4009 (rreationis)
3105 3942 3326 4011 dogma,
3356 3956 3455 3996 cur

1849 4036 2020 4089 altero
2053 4034 2314 4088 attribute
2349 4033 2518 4088 Deum
2557 4032 2796 4102 spoliat?
2826 4032 2887 4085 Et
2911 4033 3129 4102 quidem
3164 4049 3271 4087 non
3331 4046 3449 4088 tan.

1851 4138 1962 4181 tam
2012 4126 2175 4179 habet
2204 4141 2231 4178 a
2264 4126 2537 4179 creatione
2569 4124 2795 4193 gloriam
2824 4164 2837 4187 ,
2879 4132 3141 4193 quantam
3177 4139 3206 4177 a
3254 4124 3391 4179 Filio
3438 4140 3450 4181 ;

1851 4218 2020 4273 multo
2078 4218 2224 4272 enim
2292 4216 2465 4286 magis
2519 4216 2737 4270 excellit
2764 4215 2887 4270 Filii
2932 4215 3236 4271 substantia
3278 4230 3446 4285 quam

1849 4320 2248 4366 creaturarum.
2280 4307 2623 4377 Quapropter
2652 4308 2699 4363 si
2734 4318 2882 4363 recte
2914 4323 3148 4377 saperet,
3171 4309 3351 4378 potius
3379 4309 3448 4362 ab

1849 4418 1913 4457 eo
1940 4401 2047 4457 dici
2080 4401 2369 4470 oportebat
2398 4417 2411 4452 :
2451 4398 2724 4465 Quoniam
2763 4399 2904 4454 Deus
2936 4414 3043 4452 non
3090 4408 3175 4453 est
3205 4400 3392 4469 genitu
3414 4432 3444 4463 ι,

1851 4495 2053 4548 idcirco
2080 4492 2252 4562 magis
2288 4490 2514 4561 genuit;
2548 4489 2707 4555 sicut,
2735 4491 2994 4559 quoniam
3038 4505 3146 4543 non
3181 4499 3265 4545 est
3294 4506 3415 4544 erca
3439 4526 3451 4536 .

1855 4597 1965 4649 tus,
2004 4585 2233 4640 creavit.
2261 4584 2415 4648 Quod
2439 4591 2619 4638 autem
2656 4583 2906 4638 Christus
2932 4622 2946 4648 ,
2982 4584 3152 4638 Filius
3184 4583 3449 4638 Verbum-

1851 4694 1981 4747 que,
2016 4677 2499 4733 consubstantialis
2533 4676 2645 4730 Deo
2686 4676 2831 4731 Patri
2858 4677 2949 4741 sit,
2984 4677 3036 4730 id
3061 4677 3307 4747 ejusdem
3346 4678 3409 4731 ad

158 4745 457 4839 παρουσίας
488 4745 655 4821 αύτοῦ
678 4745 834 4838 ⁷μετά
870 4771 1068 4835 πολλὰς
1100 4745 1436 4841 προφητείας
1466 4745 1748 4825 καὶ-τούτο

1858 4745 2052 4827 ventus
2100 4770 2513 4825 demonstravit.
2571 4769 2785 4823 Etenim
2835 4745 3104 4825 adventus
3153 4771 3272 4839 ejus
3325 4783 3447 4841 post

158 4859 561 4929 ἀναμφίλεκτον
591 4864 837 4930 σημεῖον,
886 4864 919 4932 ή
967 4864 1105 4934 πρὸς
1153 4864 1214 4916 τὸ
1239 4864 1490 4933 κρεῖττον
1516 4863 1623 4915 τῶν
1647 4865 1742 4916 ἀν-

159 4951 390 5020 θρώπων
432 4954 743 5022 μετάθεσις,
784 4955 844 5007 ού
880 4954 1041 5024 μόνον
1099 4954 1393 5025 βαρϐάρων
1424 4957 1522 5010 καὶ
1559 4956 1744 5028 Ἐλλή-

159 5060 280 5108 νων,
308 5043 451 5097 ἀλλά
481 5047 579 5097 καὶ
632 5045 741 5098 τῶν
774 5047 866 5099 ὑπ’
915 5048 1079 5100 αὐτὸν
1126 5048 1217 5100 τὸν
1266 5049 1494 5103 παλαιὸν
1541 5049 1735 5119 νόμον

159 5133 289 5201 πρὸς
329 5137 431 5203 μὲν
463 5134 556 5187 τὸν
582 5136 767 5204 νόμον,
798 5137 1053 5191 τοσοῦτον
1083 5138 1140 5191 τὸ
1177 5139 1341 5208 μέσον
1365 5141 1462 5210 τῆς
1491 5141 1737 5212 χάριτος,

159 5224 253 5295 ὅση
288 5228 429 5297 πρὸς
467 5228 679 5281 παιδίον
719 5230 961 5300 ὑπεροχὴ
1015 5233 1354 5301 πρεσϐύτου·
1394 5234 1531 5304 πρὸς
1569 5236 1625 5289 δὲ
1678 5236 1745 5288 τὰ

160 5315 314 5372 λοιπά
342 5319 498 5389 ἔθνη,
541 5321 665 5372 ὅσον
696 5323 725 5374 ό
762 5321 921 5389 φύσει
958 5322 1246 5393 ἄνθρωπος
1286 5324 1381 5377 τοῦ
1425 5326 1586 5393 φύσει
1626 5328 1743 5381 ἀλό-

160 5426 248 5476 γου
269 5426 281 5438 ·
316 5411 428 5465 ἔδει
462 5412 574 5482 γὰρ
604 5414 698 5465 καὶ
731 5413 946 5478 φύσεως
989 5417 1081 5468 καὶ
1108 5416 1267 5484 λόγου
1301 5416 1463 5480 ψιλοῦ
1493 5418 1739 5491 ἀνώτερα

161 5501 442 5555 παιδεῦσαι
473 5504 568 5556 καί
594 5506 934 5576 συμπρᾶξαι,
974 5506 1047 5570 ὠς
1079 5508 1243 5560 αὑτὸν
1273 5509 1484 5562 ἐκεῖνον
1518 5509 1741 5565 ἐλθόντα

160 5593 243 5646 τόν
272 5594 410 5648 Θεοῦ
440 5597 637 5663 Λόγον.
673 5597 783 5650 Καὶ
807 5600 943 5669 προς
972 5599 1179 5663 τούτοις
1203 5604 1428 5669 σημεῖον
1450 5601 1655 5672 ἕτερον,
1682 5603 1741 5655 τὸ

160 5683 251 5754 τὴν
277 5684 434 5739 θείαν
465 5688 561 5741 καὶ
595 5688 822 5761 νομικὴν
844 5690 1100 5763 λατρείαν
1136 5694 1226 5746 καὶ
1264 5694 1585 5765 ἱερωσύνην,
1642 5696 1735 5748 καὶ

1855 4863 2023 4917 multa
2054 4862 2333 4927 vaticinia,
2364 4862 2468 4916 hoc
2493 4877 2713 4931 quoque
2739 4861 3021 4915 indubium
3050 4863 3308 4917 indicium
3341 4875 3445 4927 est,

1852 4968 2048 5023 nempe
2096 4953 2376 5008 hominum
2416 4954 2483 5006 ad
2538 4953 2817 5007 meliorem
2871 4953 3081 5024 frugem
3134 4957 3443 5017 conversio,

1849 5059 2029 5114 neque
2067 5045 2424 5099 barbarorum
2455 5044 2858 5108 tantummodo,
2883 5059 3069 5096 verum
3098 5044 3262 5098 etiam
3295 5044 3445 5098 Grie-

1846 5151 2060 5199 eorum,
2078 5151 2177 5191 nec
2198 5151 2307 5190 non
2338 5137 2555 5189 illorum
2581 5136 2672 5206 qui
2706 5137 2808 5191 sub
2827 5145 3004 5192 vetere
3029 5136 3146 5206 lege
3168 5138 3442 5192 vivebant.

1852 5227 1919 5282 Et
1951 5228 2170 5297 quidem
2196 5228 2396 5282 Christi
2435 5228 2605 5297 gratia
2636 5236 2949 5297 comparata
2991 5243 3117 5283 cum
3152 5229 3289 5300 lege,
3315 5244 3441 5298 per—

1850 5321 1976 5375 inde
2012 5331 2096 5376 est
2135 5336 2199 5375 ac
2239 5320 2541 5389 proceritas
2575 5321 2773 5375 maturi
2822 5321 2922 5375 viri
2954 5322 3021 5376 ad
3061 5330 3275 5377 {etatem
3310 5338 3442 5393 pue-

1846 5413 2002 5469 rilem
2036 5431 2048 5467 :
2091 5429 2214 5467 cum
2242 5412 2454 5467 caeteris
2483 5422 2664 5467 autem
2696 5413 2932 5469 ethnicis
2967 5414 3188 5479 collata,
3218 5415 3442 5485 perinde

1847 5516 1932 5561 est
1958 5522 2022 5561 ac
2053 5515 2243 5559 natura
2279 5504 2541 5569 hominis,
2575 5505 2642 5560 ad
2681 5517 2929 5561 naturam
2965 5510 3263 5562 animantis
3305 5510 3443 5562 irra-

1846 5599 2088 5653 tionalis.
2117 5596 2413 5665 Oportebat
2433 5598 2580 5651 enim
2604 5605 2659 5652 et
2685 5607 2875 5652 natura
2903 5608 2955 5653 et
2983 5600 3215 5669 simplici
3240 5602 3440 5659 oratio.

1844 5692 1930 5747 nis
1976 5693 2025 5745 vi
2078 5690 2381 5745 excelsiora
2424 5690 2617 5746 docere
2665 5701 2719 5746 et
2772 5693 2974 5757 facere,
3034 5704 3195 5763 prout
3247 5711 3435 5765 reapse

229 5865 337 5934 illi)
367 5865 447 5922 lla
474 5867 593 5923 cod.
635 5867 739 5924 Sed
773 5870 818 5925 si
842 5871 1051 5927 scribas
1081 5872 1244 5943 αὐτῷ,
1276 5872 1653 5946 intclligasqne
1692 5873 1930 5940 Patrem,
1965 5875 2111 5931 dices
2144 5873 2331 5932 Latine
2370 5885 2639 5944 manetque
2682 5875 2732 5928 in
2770 5874 2899 5943 ipsa,
2957 5874 3009 5929 id
3040 5885 3122 5933 cst
3155 5876 3206 5930 in
3249 5874 3427 5930 Patre.
