4168 6450
711 414 814 477 787

711 527 842 583 iecit
897 525 1029 582 illud
1069 543 1192 583 cum
1235 526 1383 581 venit
1428 526 1519 581 Dei
1550 525 1809 580 '\'et:bnm
1862 545 1876 581 τ

709 621 929 689 signum
962 620 1194 675 alterum
1234 619 1515 683 exhibere,
1539 619 1588 673 id
1624 630 1726 682 est,
1763 619 2008 673 divinum
2045 617 2299 687 legalem-

708 726 816 785 que
846 715 1047 770 cultum
1068 731 1129 768 ae
1156 713 1547 775 sacerdotium,
1599 730 1809 769 necnon
1839 712 2013 781 regale
2034 711 2297 777 chrisma,

711 807 1011 861 transferre
1039 806 1103 857 ad
1152 806 1403 875 gratiam.
1438 805 1552 859 Non
1583 807 1725 859 enim
1758 808 1871 862 hate
1907 806 2038 859 levis
2066 804 2297 858 deumn-

710 902 903 954 stratio
959 907 1081 961 est,
1134 904 1280 969 quod
1336 900 1510 953 Patris
1563 909 1933 953 creaturarum
1996 899 2168 951 haeres
2228 896 2300 949 sit

719 989 909 1043 Filius.
943 990 1098 1055 Quod
1126 991 1170 1045 si
1206 992 1318 1045 haec
1353 990 1656 1044 Mohamedi
1686 993 1878 1059 exigua
1908 989 2180 1049 videnlur,
2205 986 2297 1054 qui

712 1082 1091 1137 incredulitate
1128 1092 1178 1137 et
1213 1083 1493 1136 barbarica
1517 1098 1639 1136 eum
1676 1082 1839 1137 feroci
1870 1080 2053 1135 animo
2084 1078 2299 1134 inscitia

711 1164 923 1227 laborat
957 1191 973 1238 ;
1005 1185 1132 1228 tunc
1166 1176 1291 1227 velit
1320 1176 1455 1229 nolit
1500 1191 1694 1244 magna
1729 1175 1840 1228 haec
1867 1190 1988 1228 esse
2015 1170 2298 1226 conﬁtebi-

708 1274 818 1329 tur,
851 1282 973 1320 rum
1020 1265 1195 1321 Patris
1239 1268 1445 1322 dictum
1488 1269 1553 1322 ad
1608 1268 1832 1333 Filium,
1865 1282 1960 1320 ore
1989 1265 2141 1320 Isaize
2173 1278 2320 1333 pro-‘

707 1358 882 1427 pheta:
928 1358 1233 1427 prolatum,
1291 1360 1617 1429 emnpletum
1657 1366 1845 1413 cernet
1881 1375 1893 1411 :
1942 1356 2205 1421 Quoniam
2249 1363 2299 1408 et

707 1454 897 1504 arietes
950 1450 1191 1505 Nabeol/t
1222 1452 1291 1504 ad
1327 1463 1375 1506 te
1419 1452 1615 1505 venient
1644 1451 1709 1513 ",
1760 1465 1859 1503 ceu
1911 1450 2002 1519 qui
2042 1448 2298 1501 nimirum

708 1557 852 1595 nunc
884 1543 934 1596 ei
971 1545 1190 1597 obedire
1225 1559 1328 1597 non
1365 1543 1636 1597 sustinent
1672 1560 1687 1608 ;
1739 1542 2006 1611 siquidem
2058 1538 2296 1593 Nebroth

707 1639 1087 1706 primogenita;
1150 1636 1400 1692 lsmnelis
1430 1640 1474 1670 ²⁹
1526 1638 1864 1707 intelligitur.
1904 1635 2023 1690 Jam
2068 1635 2114 1689 si
2166 1632 2297 1687 nihil

707 1730 1089 1783 vaticininrum
1125 1730 1277 1785 Isaiae
1322 1747 1561 1800 unquam
1596 1732 1798 1784 exitum
1844 1728 2031 1783 habuit
2056 1768 2068 1789 ,
2103 1742 2169 1781 ne
2198 1727 2302 1781 huc

705 1820 925 1887 quidem
962 1820 1323 1889 enmplebitur
1354 1840 1367 1874 :
1410 1820 1492 1874 sin
1528 1830 1741 1882 eastern,
1775 1819 1877 1873 hoe
1910 1816 2134 1887 perinde
2170 1830 2295 1872 eve-

706 1913 835 1964 niet.
874 1909 1025 1964 Tunc
1050 1914 1291 1975 demum,
1318 1910 1462 1981 quod
1494 1925 1637 1965 nunc
1668 1911 1769 1965 iste
1792 1910 1857 1965 de
1885 1910 2042 1964 nobis
2062 1907 2296 1963 absurde

705 2002 1069 2072 blasphemat,
1099 2014 1245 2058 recte
1269 2012 1457 2057 contra
1482 2018 1540 2059 se
1564 2002 1743 2072 ipsum
1774 2002 1878 2056 dici
1901 2000 2117 2056 audiet:
2153 1998 2299 2069 quod

707 2109 900 2161 nempe
936 2093 1080 2149 Deus
1122 2110 1228 2149 non
1258 2094 1446 2165 dirigit
1476 2096 1735 2165 pupulum
1776 2103 2072 2148 errantem.

704 2186 873 2242 XXV.
908 2186 1299 2241 Demonstratio
1329 2189 1466 2256 quod
1516 2188 1720 2241 alienus
1760 2198 2146 2253 extraneusqne
2166 2185 2234 2239 sit
2268 2202 2301 2237 α

782 2259 877 2331 Dei
928 2260 1385 2331 [wdercpopulus
1417 2258 1827 2331 _Ismael_ilicus,
1872 2258 2161 2331 secundum
2204 2256 2301 2331 Dei

746 2329 943 2389 ipsius
991 2327 1370 2381 testimonium.
1408 2327 1474 2381 Et
1514 2329 1651 2397 quod
1680 2344 1831 2397 quem
1868 2328 2049 2380 dicunt
2086 2327 2150 2381 de
2171 2327 2300 2379 cwto

776 2401 1038 2521 gregique
1067 2399 1297 2479 .tibrum,
1329 2400 1374 2452 is
1419 2416 1452 2451 α
1498 2403 1628 2453 duce
1666 2400 1907 2467 ipsorum
1953 2399 2191 2452 dwmone
2238 2413 2302 2450 ac

818 2488 866 2521 ια
910 2491 934 2521 υ
963 2486 991 2521 ο
1031 2480 1122 2521 διι.

818 2480 991 2522 tabula
1031 2480 1122 2522 stt.

772 2629 861 2683 9|.
911 2624 1047 2683 Cum
1096 2626 1240 2681 Deus
1292 2627 1665 2682 Abrahamum
1713 2625 2150 2681 circumcisionis
2196 2625 2303 2697 legi

711 2722 967 2787 initiavit,
1014 2721 1293 2790 liliumque
1322 2720 1372 2774 ei
1406 2736 1473 2775 ex
1503 2720 1668 2774 Sarra
1701 2720 1870 2774 libera
1889 2720 2136 2775 lsaacum
2166 2736 2296 2788 pro-

710 2817 879 2880 misit,
910 2815 1237 2870 miraculum
1261 2814 1573 2868 Abrahamo
1604 2814 1655 2868 id
1685 2815 1861 2869 visum
1880 2823 1964 2869 est
1986 2825 2041 2869 et
2062 2822 2286 2884 stupore

711 2910 953 2978 plenum,
986 2907 1133 2978 quod
1180 2922 1329 2961 anno
1375 2921 1479 2962 suo
1502 2907 1825 2971 centesimo,
1885 2906 2064 2961 Sarra:
2115 2914 2296 2961 autem

721 3002 1099 3071 nonagesimo,
1162 2998 1331 3054 tilium
1376 3000 1724 3070 susciperet:
1766 3001 1952 3071 itaque
1984 3001 2149 3056 etiam
2192 3016 2305 3071 pra;

714 3094 996 3148 hilaritate
1029 3092 1173 3147 risit.
1205 3092 1347 3147 Ante
1383 3100 1566 3146 tamen
1628 3092 1780 3145 illum
1842 3092 2303 3162 promissionibus

1977 412 2269 474 ΝΠΙΕΤΛΞ
2307 413 2670 476 BYZANTIN
2680 414 2704 474 Ι

1937 535 2303 595 prmtereaque

2407 525 2463 578 τὸ
2493 527 2593 598 τῆς
2623 526 2900 597 βασιλείας
2931 531 3138 600 χρίσμα
3172 528 3486 599 μεταθεῖναι
3525 526 3616 581 ἐπὶ
3654 527 3752 597 τὴν
3777 528 3943 597 χάριν
3967 546 3984 565 ι

3874 418 3988 480 788

2405 619 2466 672 06
2494 620 2688 689 μικρὸν
2720 619 2827 691 γὰρ
2853 620 3011 674 τοῦτο
3048 621 3375 685 ἀποδείξεως
3402 621 3678 691 ἐνέχυρον,
3721 618 3816 671 106
3848 618 3987 688 κληο

2404 712 2631 783 ρονὸμον
2659 713 2767 767 τῶν
2801 710 2893 766 τοῦ
2944 713 3155 783 Πατρὸς
3182 713 3498 783 κτισμάτων
3529 715 3618 766 τὸν
3647 711 3794 764 Υἰὸν.
3829 711 3893 764 Et
3924 710 3984 763 δέ

2405 805 2577 876 μικρὰ
2607 805 2756 876 αὐτῷ
2781 805 2876 859 νῦν
2904 805 3077 860 ταῦτα
3101 805 3370 875 φαίνεται,
3406 805 3690 859 ἀπείθειαν
3719 805 3813 858 καὶ
3842 805 3983 877 βιρ-

2402 898 2637 969 δαρικὴν
2666 899 2765 951 σὺν
2799 898 3099 969 θρασύτητι
3127 898 3399 968 ἀμάθειαν
3430 897 3699 963 νοσοῦντι,
3729 896 3851 949 τότε
3883 898 3985 949 καὶ

2404 992 2479 1062 μὴ
2513 991 2832 1063 βουλόμενος
2879 992 3090 1062 μεγάλα.
3139 991 3311 1043 ταῦτα
3366 988 3853 1059 ἀνομολογήσειενο
3888 987 3983 1039 ὅτε

2402 1084 2496 1136 καὶ
2526 1084 2588 1137 τὸ
2610 1084 2760 1153 ῥῆμα
2784 1082 2879 1136 τοῦ
2931 1082 3139 1153 Πατρδς
3174 1082 3312 1152 πρὸς
3344 1080 3436 1134 τὸν
3465 1081 3591 1133 Υιδν
3620 1080 3706 1133 διὰ
3756 1080 3983 1132 Ἡσαΐου

2400 1177 2495 1231 τοῦ
2529 1179 2810 1249 προφήτου
2860 1177 3313 1247 προλελεγμένον,
3347 1174 3724 1247 πληρούμενον
3748 1173 3942 1241 ὄψεται
3966 1190 3979 1203 ·

2402 1268 2521 1320 Ὅτι
2546 1269 2642 1321 καὶ
2675 1268 2826 1337 κριοὶ
2854 1269 3091 1322 Ναόεὼθ
3120 1268 3343 1335 ἥξουσί
3376 1282 3477 1321 σοι
3503 1282 3518 1297 ⁸
3549 1266 3623 1328 ὡς
3663 1263 3755 1317 νῦν
3776 1264 3983 1334 δηλαῗὴ

2399 1356 2499 1409 οὐκ
2523 1358 2866 1427 ἀνεχομένων
2894 1356 3046 1428 αὐτῷ
3081 1358 3298 1423 ὑπεῖξαι
3328 1373 3343 1388 '
3384 1357 3438 1410 ετ
3458 1374 3519 1425 γε
3549 1354 3778 1429 Ναϐεὼθ
3824 1371 3984 1421 apos-

2399 1450 2644 1514 τότοκος
2687 1450 2937 1519 Ἰσραὴλ
2986 1449 3386 1521 ἑρμηνεύεται.
3426 1449 3490 1503 Et
3524 1448 3621 1519 μὲν
3653 1448 3761 1518 γὰρ
3810 1446 3985 1516 μηδὲν

2400 1541 2621 1596 πώποτε
2647 1536 2811 1612 ἦλθεν
2838 1544 2918 1604 είς
2956 1545 3127 1613 πέρας
3152 1542 3262 1595 τῶν
3298 1542 3522 1596 Ἡσαΐου
3550 1540 3833 1612 ῥημάτων,
3860 1539 3982 1591 οὐδὲ

2403 1633 2555 1688 τοῦτο
2574 1634 2854 1688 ἐλεύσεται
2874 1652 2887 1666 ·
2923 1636 2972 1688 εἰ
2998 1636 3055 1689 δὲ
3081 1636 3147 1689 τὰ
3176 1632 3360 1700 λοιπὰ,
3385 1635 3479 1688 καὶ
3504 1632 3664 1687 τοῦτο
3686 1648 3700 1662 ⁸
3738 1632 3833 1685 καὶ
3856 1632 3981 1683 τότε

2401 1728 2460 1781 τὸ
2490 1732 2611 1785 καθ’
2638 1730 2794 1801 ήμῶν
2823 1729 2971 1800 αὐτῷ
3002 1728 3454 1800 δυσφημούμενον
3508 1724 3858 1797 παραλόγως,
3889 1724 3983 1775 εὑ-

2401 1827 2575 1897 λόγως
2600 1827 2722 1881 κατ’
2746 1821 2911 1879 06106
2942 1822 3326 1886 ἐπακούσεται,
3360 1820 3441 1874 ὅτι
3474 1818 3574 1890 οὐχ
3596 1819 3779 1889 ὁδηγεί
3806 1815 3982 1878 ὀΘεὸς

2400 1923 2492 1977 τὸν
2519 1919 2650 1975 λαὸν
2684 1918 2774 1973 τὸν
2800 1915 3176 1986 πλανώμενον.

2402 2196 2532 2253 κε’.
2570 2194 2905 2260 Ἀπόδειξις
2935 2194 3025 2247 ὅτι
3073 2188 3639 2259 ἀπηλλοτριωμένους
3660 2185 3773 2260 Axat
3803 2183 3983 2260 ξέκος

2474 2269 2579 2337 τῆς
2639 2266 2746 2320 τοῦ
2790 2256 2939 2319 Θεοῦ
2981 2256 3273 2328 διαθήκης
3302 2256 3359 2313 ὀί
3388 2258 3775 2327 ἰσμαηλίτης
3807 2256 3983 2319 λαὸς,

2474 2339 2625 2377 anni:
2652 2336 2767 2377 τὴν
2800 2334 2987 2377 1ιῦτηῦ
3022 2333 3128 2377 rm"
3165 2330 3317 2377 Θροῦ
3343 2330 3671 2377 uantvolar
3693 2343 3705 2354 '
3754 2328 3847 2377 καὶ
3892 2325 3982 2377 ὅτι

2473 2330 2625 2393 κάξά
2652 2336 2767 2403 τὴν
2799 2334 2987 2389 αὐτοῦ
3022 2333 3128 2386 τοῦ
3165 2330 3317 2385 Θεοῦ
3337 2330 3671 2400 μαρτυρίαν
3693 2343 3705 2354 ·
3754 2330 3847 2378 καὶ
3892 2330 3981 2377 ὅτι

2475 2409 2579 2490 ἢν.
2611 2404 3027 2487 timent“
3074 2400 3335 2490 οῠρεινρέῖ
3389 2397 3981 2490 ἐξηφέξξξξὲἔίτλξῐς

2474 2462 3093 2604 ἕοῦόἕέρατηγοῦνέος
3132 2462 3338 2537 ἆὺτοῒς
3379 2462 3839 2538 ἐστι’δαίμονος
3882 2462 3984 2518 καὶ

2516 2566 2572 2604 ια
2688 2565 2783 2601 ου.

2477 2644 2587 2707 ια’.
2644 2636 2753 2690 T06
2786 2634 2923 2689 Θεοῦ
2971 2634 3063 2687 τὶν
3108 2632 3210 2703 τῆς
3247 2630 3551 2703 περιτομῆς
3598 2628 3691 2682 τὸν
3730 2624 3986 2697 Ἀϐραὰμ

2411 2731 2678 2803 μυοῦντος
2713 2728 2899 2798 νόμον,
2935 2726 3032 2779 καὶ
3078 2724 3247 2779 παῖδα
3290 2722 3442 2791 αὺτῷ
3468 2724 3533 2775 ἐκ
3556 2720 3657 2789 τῆς
3690 2718 3984 2787 ἐλευθέρας

2405 2822 2622 2891 Σάρῤας
2640 2819 2731 2871 τὸν
2767 2816 2953 2871 Ἰσαὰκ
2981 2813 3409 2883 ὑπισχνουμένου
3436 2851 3450 2876 ,
3500 2812 3580 2874 είς
3613 2808 3896 2879 θαύματος
3923 2823 3985 2858 τε

2408 2914 2500 2967 καὶ
2526 2910 2840 2981 ἐκπλήξεως
2873 2908 3028 2977 λόγον
3062 2906 3207 2973 ἔδοξε
3236 2905 3315 2975 τῷ
3338 2904 3589 2977 Ἀϐραὰμ
3614 2905 3646 2970 ἡ
3679 2904 3737 2955 ἐν
3762 2903 3828 2971 τῇ
3854 2901 3987 2954 ἐκα-

2406 3004 2691 3076 τονταετίᾳ
2713 3003 2812 3073 τῆς
2860 3000 3026 3056 06106
3075 2999 3222 3068 ζωῆς
3242 3038 3258 3063 ,
3308 2998 3403 3051 καὶ
3432 2999 3499 3067 τῇ
3531 2992 3988 3064 ἐνενηκονταετίτ.

2405 3101 2503 3169 τῆς
2518 3099 2753 3168 Σάῤῥας,
2782 3092 3114 3155 παιδοποιία,
3137 3093 3214 3156 ὠς
3239 3091 3334 3143 καὶ
3361 3087 3591 3157 γελάσαι
3616 3088 3779 3142 αὐτὸν
3797 3087 3863 3138 ἐκ
3886 3085 3989 3153 τὴς

712 3186 1026 3239 nuntiatum
1064 3182 1334 3246 isaaeum,
1370 3198 1466 3253 pro
1506 3183 1757 3247 Ismaele,
1784 3182 1879 3251 qui
1916 3183 2027 3250 jam
2061 3192 2223 3237 natus
2245 3182 2295 3236 ei

2410 3188 2806 3262 περιχαρείας·
2850 3185 2956 3256 πρὸ
3008 3184 3064 3237 δέ
3098 3182 3192 3237 τοῦ
3230 3183 3289 3235 ἐν
3329 3179 3686 3249 ἐπαγγελίαις
3731 3178 3987 3247 κειμένου

712 3288 850 3344 erat,
908 3279 1152 3332 oravisse
1190 3277 1563 3330 Abrahamum
1600 3285 1764 3345 atque
1828 3279 1899 3329 ita
1933 3276 2140 3330 dixisse
2190 3276 2299 3331 sci-

716 3387 837 3425 tnus
870 3391 882 3424 :
916 3370 1134 3424 Utinam
1164 3368 1361 3423 Ismaet
1387 3370 1471 3421 hic
1489 3370 1625 3421 vivat
1654 3385 1834 3421 coram
1862 3368 1948 3423 te!
1992 3369 2079 3422 Ait
2121 3378 2299 3422 autent

2415 3284 2624 3347 Ἰσαὰκ,
2659 3279 2788 3350 περὶ
2820 3278 2916 3331 106
2956 3279 3014 3330 ἐν
3037 3274 3198 3347 χερσὶ
3222 3276 3360 3337 τέως
3390 3271 3733 3334 καθεστῶτος
3757 3269 3987 3339 Ἰσμαὴλ

2399 3377 2623 3447 αἰτῆσαι
2680 3372 2775 3427 καὶ
2826 3370 2999 3433 οὕτως
3027 3369 3235 3438 φάναι·
3304 3366 3552 3437 ἰσμαὴλ
3611 3361 3790 3431 οὗτος
3839 3362 3989 3427 ζήτω

716 3464 1013 3517 Abraltamo
1037 3462 1175 3515 Deus
1208 3480 1219 3515 :
1250 3460 1458 3529 Utique,
1484 3477 1543 3515 en
1568 3458 1734 3514 Sarra
1756 3477 1889 3515 uxor
1906 3472 1996 3514 tua
2014 3465 2183 3529 pariet
2205 3461 2300 3514 tibi

2407 3469 2677 3524 ἐναντίον
2731 3482 2873 3520 σου.
2909 3459 3059 3518 Et“
3106 3464 3175 3517 δὲ
3209 3462 3243 3514 ό
3282 3461 3426 3527 Θεὸς
3475 3460 3626 3529 πρὸς
3686 3458 3983 3526 Ἀϐραάμο

718 3557 913 3618 filiutn,
948 3548 1259 3624 vo’cabisque
1290 3569 1475 3606 nomen
1504 3552 1618 3621 ejus
1654 3551 1903 3605 lsaacum
1930 3552 1997 3615 ”,
2026 3560 2294 3606 statuam-

716 3664 823 3718 que
857 3649 1035 3703 fmdus
1061 3663 1240 3701 meum
1277 3662 1402 3700 cum
1437 3644 1819 3713 lsaaro,quem
1848 3644 1942 3698 tibi
1964 3644 2127 3698 Sarra
2154 3645 2298 3699 circa

722 3746 825 3797 hoc
846 3744 1021 3812 ipsum
1054 3749 1268 3809 tempus
1288 3739 1462 3808 pariet
1485 3739 1659 3792 altero
1686 3753 1850 3792 anno.
1876 3736 1921 3791 0
1946 3753 2110 3806 quam
2135 3752 2300 3791 aecu-

720 3842 833 3887 rate
857 3833 969 3886 haec
1005 3831 1167 3884 verba
1193 3829 1587 3898 vigilanterque
1612 3828 1819 3898 prolata
1854 3827 2071 3881 luerunt
2099 3828 2112 3879 l
2148 3844 2165 3877 ι
2198 3826 2299 3892 Ειι,

722 3924 923 3992 inquit,
957 3922 1120 3975 Sarra
1159 3936 1296 3973 uxor
1334 3928 1449 3973 tua.
1481 3938 1496 3967 ι
1531 3919 1697 3989 Atqui
1740 3918 1904 3972 Sarra
1932 3929 2160 3972 eatenus
2195 3927 2301 3973 ste-

725 4018 841 4072 rilis
870 4015 1065 4081 fuerat,
1116 4013 1189 4067 ita
1224 4024 1281 4068 ut
1309 4020 1585 4081 oporteret
1634 4014 1865 4082 Agarem
1907 4012 2089 4081 potius
2118 4011 2303 4080 appel-

725 4110 826 4163 lari
847 4123 1073 4163 uxorem
1094 4106 1236 4175 ejus,
1259 4120 1381 4174 qua:
1415 4105 1527 4173 jam
1560 4104 1843 4158 lstunelem
1864 4115 2166 4175 pepererat.
2196 4105 2301 4159 Sed

724 4202 870 4257 enim
908 4201 1092 4255 eat-nis
1145 4198 1262 4263 lilii,
1297 4214 1402 4252 non
1454 4206 1585 4252 sunt
1619 4196 1914 4251 Abrahami
1947 4197 2041 4251 ﬁlii
2074 4216 2088 4252 ;
2127 4213 2304 4267 neque

725 4312 854 4351 caro
887 4294 1210 4362 simpliciter
1242 4301 1326 4344 est
1356 4291 1650 4345 Abrahauti
1692 4305 1849 4343 uxor.
1903 4306 1922 4339 ι
1961 4289 2068 4354 Εη,
2100 4290 2300 4359 inquit,

726 4394 890 4446 Sarra
916 4403 1053 4441 uxor
1076 4397 1191 4441 tua.
1226 4405 1245 4438 ι
1286 4386 1342 4440 Si
1378 4384 1542 4438 Sarra
1572 4399 1707 4438 uxor
1730 4394 1820 4439 tua
1845 4392 1947 4448 est,
1968 4399 2077 4438 non
2101 4392 2183 4439 est
2210 4396 2303 4439 tua

728 4498 866 4538 uxor
892 4482 1058 4549 Agar.
1088 4479 1354 4534 Praeclare
1387 4478 1517 4532 item
1550 4476 1754 4532 dictum
1786 4495 1801 4532 :
1836 4477 2007 4546 pariet
2040 4476 2154 4541 tibi,
2180 4492 2299 4544 pro,

2398 3561 2533 3623 Nai,
2567 3557 2696 3613 ἰδοὺ
2730 3556 2929 3625 Σάῤῥα
2956 3556 2995 3622 ἠ
3054 3550 3207 3621 γυνή
3248 3569 3365 3607 σου
3410 3551 3641 3616 τέξεταί
3676 3564 3778 3604 σοι
3830 3548 3987 3613 υἱὸν,

2408 3654 2510 3709 καὶ
2546 3650 2830 3717 καλέσεις
2874 3649 2942 3704 τὸ
2967 3647 3157 3718 ὄνομα
3179 3645 3368 3702 αὐτοῦ
3408 3646 3645 3700 Ἰσαάκ·
3683 3644 3778 3699 καὶ
3805 3644 3992 3712 στήσω

2400 3747 2501 3819 τὴν
2526 3744 2790 3815 διαθήκην
2820 3759 2923 3813 μου
2950 3740 3087 3813 πρὸς
3121 3739 3331 3803 Ἰσαὰκ,
3366 3739 3426 3793 ὃν
3450 3736 3668 3803 τέξεται
3693 3753 3775 3789 σοι
3801 3736 3994 3805 Σάρρα

2402 3844 2483 3907 είς
2513 3842 2605 3896 τὸν
2634 3839 2827 3909 καιρὸν
2858 3836 3071 3900 τοῦτον,
3107 3836 3167 3890 ἐν
3200 3834 3282 3907 τῷ
3308 3829 3543 3901 ἐνιαυτῷ
3571 3830 3649 3900 τῷ
3685 3829 3881 3899 ἑτέρῳ·
3914 3828 3993 3887 ὡς

2402 3936 2524 3991 λίαν
2571 3934 2630 3987 δὲ
2667 3931 2764 3987 καὶ
2811 3930 2951 3985 αὐτὰ
2994 3929 3065 3981 τὰ
3117 3928 3239 3983 θεῖα
3273 3926 3413 3997 ῥητὰ
3436 3922 3725 3995 ἀκριϐείας
3766 3919 3993 3985 ἁπάσης

2405 4027 2713 4099 ὑπερϐολὴν
2732 4022 3100 4096 παρελαύνειῑ
3139 4039 3156 4071 ι
3198 4020 3355 4081 Ἰδοὺ,
3382 4017 3537 4087 φησὶ,
3568 4018 3754 4086 Σάρρα
3785 4015 3817 4080 ή
3845 4013 3985 4081 γυνὴ

2406 4136 2567 4175 σουῚ
2599 4118 2778 4172 καίτοι
2816 4117 2986 4178 ἄπαις
3017 4114 3154 4176 τέως
3184 4114 3480 4181 ἐτύγχανεν
3505 4111 3539 4180 ή
3567 4109 3770 4178 Σάρρα·
3795 4106 3904 4158 ἔδει
3935 4105 3995 4155 δὲ

2409 4214 2611 4286 μᾶλλον
2646 4211 2746 4283 τὴν
2779 4212 2960 4279 Ἀγαρ
2986 4205 3150 4262 αὐτοῦ
3176 4204 3463 4258 καλεῖσθαι
3502 4204 3738 4271 γυναῖκα
3762 4199 3998 4265 τεξαμέ-

2405 4325 2503 4376 νην
2532 4304 2682 4375 αὐτῷ
2714 4303 2805 4355 τὸν
2842 4299 3068 4370 Ἰσμαήλ
3088 4314 3102 4328 ·
3136 4298 3250 4351 ἀλλ’
3279 4297 3341 4349 06
3359 4296 3428 4349 τὰ
3450 4296 3617 4347 τέκνα
3642 4293 3738 4362 τῆς
3769 4291 3996 4362 σαρκὸς,

2404 4398 2577 4453 ταῦτα
2604 4399 2772 4451 τέκνα
2796 4394 2890 4447 τοῦ
2931 4391 3218 4462 Ἀϐραάμο
3252 4389 3416 4459 οὐδ”ή
3443 4384 3630 4450 ἁπλῶς
3660 4384 3818 4456 σὰρξ,
3852 4382 3999 4452 αὕτη

2406 4492 2545 4560 γυνὴ
2571 4490 2665 4543 τοῦ
2682 4487 2951 4558 Ἀϐραάμ.
2980 4504 2997 4537 ι
3023 4486 3180 4551 Ἰδοὺ,
3210 4484 3364 4553 φησὶ,
3398 4481 3583 4551 Σάρῤα
3607 4482 3640 4546 ἡ
3670 4481 3806 4547 γυνή
3830 4494 3924 4529 σου
3945 4493 3958 4504 ·
3978 4496 3997 4526 ι

728 4573 957 4628 similem
983 4571 1101 4628 tibi.
1137 4590 1155 4621 ι
1194 4568 1537 4637 Vocabisque
1562 4582 1759 4622 nomen
1794 4568 1914 4637 ejus
1942 4566 2185 4621 lsaacum
2226 4586 2238 4621 :
2276 4584 2294 4616 ι

2408 4588 2455 4637 εἰ
2482 4586 2514 4654 ή
2545 4584 2729 4654 Σάρρα
2757 4582 2891 4649 γυνή
2942 4597 3058 4641 σου,
3086 4578 3147 4631 οὑ
3176 4578 3313 4645 γυνή
3351 4592 3444 4628 σου
3491 4576 3523 4643 ή
3565 4574 3767 4641 Ἅγαρ.
3802 4569 4003 4630 Καλῶς

726 4666 1202 4737 ergodivinonutu
1226 4677 1603 4730 nomenpuero
1623 4660 1961 4730 impositum.
1987 4678 2005 4710 ι
2029 4658 2302 4713 Statuam-

729 4776 835 4829 que
866 4759 1044 4814 fwdus
1080 4772 1258 4811 meum
1283 4771 1406 4809 cum
1443 4756 1583 4823 ipso.
1614 4773 1633 4806 ι
1662 4755 1775 4809 Huc
1804 4764 1887 4808 est
1922 4754 2308 4809 inritiliaritatis

732 4869 859 4907 cum
895 4852 1004 4905 Deo
1047 4852 1283 4921 signum.
1320 4848 1542 4902 Addidit
1593 4846 1758 4901 etiam
1811 4862 1869 4901 se
1931 4848 2174 4901 futurum
2233 4848 2307 4901 illi

735 4946 927 5011 Deum,
952 4945 1179 5014 ejusque
1211 4951 1335 5011 post
1362 4941 1537 5010 ipsum
1572 4941 1788 4994 semini.
1822 4940 2041 5009 Quippe
2092 4955 2313 5007 separa-

733 5041 801 5095 tis
830 5055 927 5092 nee
956 5037 1137 5107 dignis
1165 5032 1366 5089 habitis
1412 5032 1505 5087 Dei
1541 5031 1768 5095 foedere,
1816 5045 1872 5085 et
1907 5032 1995 5085 illa
2030 5031 2149 5101 ejus
2185 5048 2307 5087 eum

734 5133 919 5186 lsaaco
974 5128 1345 5184 familiaritate
1376 5141 1440 5181 ac
1498 5125 1671 5189 cultu,
1729 5124 2039 5179 lsmaelitis.
2088 5125 2312 5180 Addidit

731 5226 876 5279 enim
899 5244 915 5279 :
954 5241 973 5274 ι
998 5224 1066 5277 de
1094 5222 1325 5277 Ismaele
1353 5227 1557 5272 autem.
1582 5237 1600 5269 ι
1630 5216 1770 5281 Quid
1794 5217 2040 5271 esthoc?
2072 5233 2201 5272 num
2224 5218 2312 5273 hic

736 5318 961 5372 alterius
994 5317 1093 5370 viri
1131 5330 1316 5371 semen
1348 5326 1455 5380 est,
1494 5323 1548 5369 et
1595 5327 1706 5367 non
1750 5313 1935 5382 potius
1990 5312 2176 5367 famuli
2235 5313 2314 5368 tui

737 5409 1031 5466 Abrahatni
1056 5409 1079 5458 ’ἶ

809 5588 900 5644 92.
950 5607 968 5639 ι
1004 5588 1077 5644 De
1106 5589 1329 5644 Ismaele
1353 5599 1555 5644 autem.
1592 5608 1609 5640 ι
1652 5588 1891 5645 Alterius
1920 5589 2023 5645 hoc
2054 5590 2308 5659 proposi-

2412 4679 2469 4732 δὲ
2502 4677 2622 4743 καὶ,
2663 4673 2895 4739 τέξεταί
2942 4688 3063 4735 σοι,
3101 4671 3221 4723 ἀντὶ
3270 4668 3386 4733 106,
3442 4666 3631 4737 ὅμοιόν
3668 4681 3771 4719 σοι.
3826 4682 3845 4713 ι
3890 4664 4004 4715 Καὶ

2412 4769 2662 4831 καλέσεις
2684 4767 2745 4820 τὸ
2772 4767 2944 4836 ὄνομα.
2974 4762 3144 4819 06106
3186 4762 3373 4817 Ἰσαάκ
3392 4778 3406 4790 ·
3448 4779 3467 4813 ι
3512 4758 3805 4827 θεόκλητος
3830 4760 3943 4827 ἄρα
3973 4759 4005 4808 ὁ

2417 4862 2566 4925 παῖς.
2619 4878 2637 4911 ι
2658 4859 2767 4913 Καὶ
2801 4860 2988 4928 στήσω
3010 4858 3108 4928 τὴν
3133 4856 3403 4927 διαθήκην
3432 4872 3535 4924 μου
3579 4853 3715 4924 πρὸς
3745 4851 3934 4905 αὐτόν.
3981 4870 4000 4901 ι

2415 4951 2587 5005 Τοῦτο
2606 4950 2705 5019 τῆς
2730 4950 2810 5013 εἰς
2834 4948 2966 5001 Θεὸν
2988 4947 3314 5007 οίκειώσεως
3330 4947 3584 5015 σημεῖον
3614 4945 3864 5013 ἐπήγαγε
3894 4942 4006 5011 γὰρ

2418 5040 2558 5097 εἶναι
2604 5041 2770 5099 06106
2800 5041 2951 5105 Θεὸς,
2987 5040 3081 5094 καὶ
3110 5040 3187 5109 τῷ
3219 5040 3493 5110 σπέρματι
3532 5036 3698 5090 06106
3751 5036 3871 5105 μετ’
3903 5036 4004 5088 06-

2420 5138 2538 5191 τὸν⁶
2567 5136 2643 5196 ὡς
2686 5134 3155 5205 ἁντιδιῃρημένων
3184 5133 3279 5186 καὶ
3309 5132 3384 5201 μὴ
3432 5129 3877 5199 καταξιουμὲνων
3903 5130 4007 5198 τῆς

2421 5230 2559 5299 πρὸς
2588 5228 2780 5288 αὐτοὺς
2814 5227 2909 5281 τοῦ
2937 5227 3073 5281 Θεοῦ
3120 5226 3405 5297 διαθήκης,
3440 5222 3769 5286 οίκειώσεὼς
3802 5240 3860 5275 τε
3910 5224 4009 5275 καὶ

2420 5322 2678 5393 λατρείας
2705 5320 2815 5373 τῶν
2853 5320 3211 5391 Ἰσμαηλιτῶν
3238 5334 3253 5349 ⁸
3285 5320 3533 5389 ἐπήγαγε
3565 5318 3696 5386 γὰρ,
3733 5335 3753 5368 ι
3786 5317 3922 5386 Περὶ
3947 5317 4008 5369 δὲ

2436 5413 2680 5484 Ἰσμαήλ.
2720 5432 2738 5464 ι
2798 5414 2864 5465 Τί
2912 5412 3101 5479 τοῦτο;
3155 5412 3344 5482 ἐτέρου
3402 5405 3559 5474 οὗτός
3605 5413 3755 5464 ἐστιν
3808 5409 4009 5479 ἀνδρὸς

2429 5506 2670 5573 σπέρμα,
2693 5504 2808 5557 ἁλλ’
2832 5502 2955 5573 οὐχὶ
2983 5504 3078 5556 106
3108 5504 3201 5556 σοῦ
3232 5503 3563 5574 θεράποντος
3610 5502 3898 5573 ’Δδραάμς

2493 5594 2603 5667 ὶιβ’·
2646 5615 2663 5648 ι
2702 5598 2833 5668 Περὶ
2860 5598 2919 5652 δὲ
2964 5598 3185 5670 Ἰσμαήλ
3208 5614 3220 5629 ’
3256 5617 3274 5650 ι
3314 5598 3480 5669 ἄλλης
3515 5597 3829 5659 ὑποθέσεως
3859 5597 4009 5667 ἀρχή

814 5701 862 5733 ’⁸
890 5700 1123 5766 'lsa.t.x,
1150 5702 1199 5756 7.
1276 5704 1318 5734 '9
1344 5702 1479 5756 Gen.
1514 5692 1639 5768 xxv,
1672 5702 1751 5756 l5.
1820 5702 1865 5733 ³⁰
1890 5701 2026 5757 Gen.
2065 5720 2197 5770 xw,
2235 5704 2318 5772 l7,
2350 5724 2430 5778 sq.

813 5859 923 5930 (es)
957 5862 1082 5918 Sun“.
1122 5860 1183 5928 ιι,
1214 5858 1340 5929 259,
1372 5862 1495 5919 aus.
