4168 6450
183 451 279 515 789

1348 447 1780 508 REFUTATIO
1814 448 2288 512 MOHAMEDIS.

3322 447 3431 512 790

183 562 475 635 διῃρημένη
506 562 606 632 τῆς
661 561 799 615 κατᾶ
850 562 947 633 τὴν
988 563 1216 633 πρώτην
1255 561 1578 615 ἀκολουθίαν
1622 579 1749 614 συν-

1884 564 2021 621 ionis
2075 568 2296 622 initium
2358 576 2461 633 est,
2500 582 2527 621 a
2561 565 2862 638 superioris
2913 571 3204 620 contextus
3253 564 3429 619 conti-

185 659 389 727 εχείαςο
418 656 450 724 ἠ
481 655 537 707 δὲ
566 654 863 708 ἀκολουθία
890 657 990 723 τὴν
1021 655 1084 706 ὲκ
1117 656 1213 723 τῆς
1258 653 1521 723 διαθήκης
1561 654 1755 705 οἰκειό-

185 767 316 818 τητα
348 748 633 801 ἀπέσωσεν
664 747 751 810 ἂν,
784 748 830 798 εί
866 746 945 816 μὴ
973 746 1201 809 διεκόπη
1232 745 1395 812 ἑτέρα
1418 746 1558 816 ἀρχή
1587 762 1599 774 ·
1628 745 1677 797 τί
1701 745 1757 797 δὲ

188 844 281 910 φὴς
318 840 455 903 ὅλως
486 840 615 909 *περ’ι
649 840 910 909 Ἰσμαήλς
952 856 969 889 σ
1012 839 1143 909 Περὶ
1186 838 1241 889 δὲ
1293 838 1535 906 "clm?"
1570 839 1755 905 φησῖνν

192 935 291 987 ἰδοὺ
353 934 634 1001 εῦλὸγηκα
687 932 873 995 αὐτὸν,
926 931 1014 984 καὶ
1070 930 1287 994 αὔξανῶ
1343 931 1503 984 αὑτὸν
1551 930 1758 999 σφόδρα

189 1026 406 1094 σφόδρα.
434 1044 451 1076 ι
485 1024 644 1076 Ἀλλά
672 1022 877 1092 ταύτην
907 1022 1002 1093 τὴν
1028 1022 1296 1089 εὐλογίαν,
1314 1023 1406 1074 καὶ
1440 1022 1507 1073 τὰ
1539 1022 1761 1074 πετεινὰ

186 1113 269 1165 τοῦ
318 1112 551 1181 οὐρανοῦ
585 1112 679 1164 καὶ
711 1113 840 1173 τοὺς
878 1111 1069 1182 ἰχθύας
1098 1114 1195 1182 τῆς
1227 1111 1505 1179 θαλάσσης
1539 1112 1761 1183 εὐλόγη-

190 1221 308 1265 σας·
343 1204 495 1257 οῦπω
518 1204 574 1257 δὲ
604 1201 742 1274 αὕτη
777 1203 922 1267 ἰδίως
957 1204 1261 1275 ἀνθρώπων
1286 1205 1412 1268 ἀξία
1446 1206 1478 1273 ἠ
1512 1205 1759 1274 εὐλογίαο

195 1318 210 1350 ι
240 1298 458 1351 Δώδεκα
501 1298 627 1368 ἔθνη
659 1299 948 1369 γεννήσει·
982 1316 999 1347 ι
1028 1298 1121 1350 καὶ
1151 1300 1201 1351 τί
1239 1299 1426 1360 τοῦτο,
1462 1299 1538 1351 ὅτ’
1560 1299 1625 1351 ἂν
1662 1297 1763 1365 τῆς

191 1389 328 1453 θείας
372 1390 657 1458 εὐμενείας
694 1392 975 1460 ἀλλότριος
1029 1392 1317 1461 τυγχάνῃς
1360 1390 1498 1443 ὥστε
1538 1392 1646 1443 οὐδ’
1695 1392 1763 1444 ἂν

190 1482 273 1550 τὴν
301 1484 383 1543 εἰς
419 1481 623 1549 πλῆθος
648 1481 876 1551 αὔξησιν
920 1482 1097 1552 ἔσχεν,
1147 1484 1195 1535 εί
1243 1481 1318 1552 μὴ
1355 1482 1603 1553 Ἀϐραὰμ
1630 1484 1765 1552 ᾐτή-

192 1589 312 1623 σατο
333 1588 347 1602 υ
393 1592 410 1623 ι
435 1573 566 1626 Ἰδοὺ
594 1574 728 1642 γὰρ,
756 1573 943 1644 φησὶν,
979 1574 1261 1643 ἐπήκουσά
1294 1591 1385 1626 σου
1408 1591 1420 1603 ο
1456 1594 1474 1626 ι
1508 1574 1683 1637 ἄλλως
1705 1592 1764 1627 τε

192 1664 275 1715 τοῦ
318 1666 452 1734 Χάμ
479 1665 611 1718 πολὺ
648 1666 886 1720 ἐλάττων
934 1666 1272 1735 καθέστηκεν
1315 1668 1565 1737 Ἰσμαήλ.
1597 1668 1663 1720 Τί
1708 1668 1765 1721 δὲ

193 1758 262 1818 εἰς
289 1758 465 1825 μάτην
498 1758 592 1809 καὶ
620 1755 681 1809 τὺ
710 1756 934 1825 πλῆθος,
955 1757 1028 1810 ὅτ’
1052 1756 1118 1810 ἂν
1144 1758 1416 1829 ἄχρηστον
1449 1757 1515 1833 ᾖς
1544 1759 1766 1822 εἰκότως

194 1849 291 1919 γὰρ
324 1849 391 1902 ἂν
418 1849 591 1921 ἀκούῃ
622 1850 771 1919 παρά
795 1850 890 1902 τοῦ
934 1850 1163 1902 Ἡσαΐου
1188 1867 1201 1882 ο
1244 1871 1261 1901 ι
1287 1850 1648 1921 Ἐγεννήθητέ
1676 1868 1766 1920 μοι

1862 659 2126 713 nuatione
2192 660 2539 716 distinctum.
2595 660 2893 715 Contextus
2951 668 3152 721 autem,
3211 655 3432 712 fmderis

1859 750 2138 806 vinculum
2172 753 2359 822 utique
2389 761 2788 817 conservasset,
2822 752 2923 806 nisi
2950 750 3181 804 alterum
3216 748 3427 802 initium

1860 844 2167 913 sejunetnm
2219 846 2429 902 fuisset.
2488 845 2593 900 Sed
2641 844 2772 914 quid
2824 843 3043 898 demum
3094 842 3161 896 de
3210 840 3436 895 lsmaele

1860 935 1978 989 ais?
1998 954 2013 985 ι
2039 935 2191 1001 Quod
2213 938 2403 991 attinet
2428 937 2493 991 ad
2519 935 2824 998 lsmaelem,
2849 934 3043 1002 inquit,
3075 948 3202 988 ecce
3233 942 3286 986 et
3310 931 3439 985 huic

1861 1027 2136 1091 benedixi,
2164 1029 2479 1099 augeboque
2507 1029 2656 1083 illum
2686 1043 2849 1099 quam
2877 1029 3126 1080 maxime.
3155 1046 3172 1078 ι
3202 1026 3440 1081 Caetero-

1861 1120 1992 1190 quin
2050 1120 2367 1192 bujusmodi
2414 1120 2793 1175 benedictione
2843 1118 3163 1174 volucribus
3219 1132 3437 1187 quoque

1865 1212 1987 1267 coeli
2038 1224 2093 1267 et
2138 1212 2309 1268 maris
2374 1211 2618 1283 piscibus
2668 1210 2993 1265 ltcnedixisti
3044 1228 3057 1273 ;
3103 1224 3278 1278 neque
3324 1210 3438 1262 lucc

1864 1302 2177 1359 hominibus
2211 1304 2341 1359 satis
2368 1305 2529 1373 digna
2584 1302 2890 1357 benedictio
2944 1314 3045 1357 est.
3086 1324 3101 1351 ι
3140 1299 3440 1354 Duodecim

1864 1396 2092 1463 pOpulos
2136 1395 2342 1463 gignet.
2383 1414 2401 1444 ι
2436 1393 2540 1447 Sed
2570 1394 2699 1463 quid
2739 1394 2841 1445 hoc
2877 1391 3093 1445 demum
3125 1398 3234 1451 est,
3272 1389 3316 1442 si
3358 1388 3443 1443 di-

1864 1486 1989 1539 vina
2017 1486 2395 1539 benevolentia
2421 1486 2631 1539 alienus
2660 1486 2806 1539 erit?
2837 1485 2950 1538 ltno
2975 1497 3042 1536 ne
3074 1481 3442 1536 multitudinis

1867 1578 2087 1647 quidem
2144 1577 2544 1631 incrementum
2596 1576 2895 1640 habuisset,
2949 1575 3053 1628 nisi
3099 1574 3445 1628 Abrahamus

1871 1684 1973 1739 pro
2002 1668 2093 1721 illo
2118 1677 2351 1723 orasset.
2381 1689 2398 1718 ‹
2428 1668 2563 1721 Ecce
2591 1667 2759 1729 enim,
2785 1666 2959 1737 inquit
2992 1665 3159 1728 Deus,
3193 1662 3446 1718 cxaudivi

1870 1765 1942 1813 tc.
1988 1777 2006 1809 ›
2039 1757 2345 1827 thteroqui
2382 1758 2589 1812 Chamo
2624 1756 2794 1811 multo
2845 1758 3023 1810 minor
3074 1754 3176 1809 fuit
3226 1753 3443 1809 lsmael.

1867 1850 1968 1906 Cui
1998 1852 2137 1907 bono
2183 1861 2364 1906 autem
2412 1850 2725 1914 multitudo,
2758 1851 2801 1905 si
2844 1849 3064 1920 quidem
3115 1848 3256 1903 haud
3296 1861 3450 1901 com-

194 1942 266 2001 είς
294 1939 635 2009 πλησμονήν.
674 1959 692 1993 ι
735 1941 798 1992 Ὢ
820 1940 921 2009 τῆς
947 1940 1040 1992 τοῦ
1069 1940 1204 1993 Θεοῦ
1239 1942 1635 2010 προγνώσεωςί
1685 1942 1766 1994 ὅτι

1884 1945 2033 1999 notia
2094 1943 2346 1999 evadet?
2390 1942 2582 1998 Merito
2648 1942 2795 1998 enim
2867 1941 3059 1996 audies
3120 1942 3187 1994 ab
3248 1938 3447 1994 Isaia:

196 2032 282 2083 καὶ
303 2032 397 2085 τοῦ
414 2031 666 2103 Ἀδραὰμ
688 2031 821 2084 Θεὸν
848 2032 1221 2097 λιτανεύοντος
1244 2034 1382 2104 ὑπὲρ
1409 2032 1502 2087 τοῦ
1521 2033 1764 2104 Ἰσμαὴλ,

195 2124 285 2191 τὴν
311 2126 393 2186 εἰς
422 2124 625 2193 πλῆθος
658 2122 887 2194 αῦξησιν
921 2125 1016 2177 καὶ
1051 2124 1211 2194 μόνον
1245 2125 1532 2193 κομίζεται
1556 2143 1566 2155 ·
1588 2124 1684 2194 τῆς
1712 2124 1769 2178 δὲ

195 2214 453 2283 διαθήκης
482 2215 574 2266 τοῦ
615 2214 751 2267 Θεοῦ
790 2216 939 2280 ξένος
998 2215 1092 2268 καὶ
1135 2216 1413 2287 ἀλλότριος
1467 2216 1557 2269 ὑπ’
1606 2216 1770 2269 αὑτοῦ

196 2304 282 2355 τοῦ
314 2304 453 2357 Θεοῦ
492 2306 977 2360 ἀποδιαστέλλεται
1001 2348 1016 2372 ,
1069 2306 1144 2369 ὡς
1181 2307 1365 2361 Ἰσαὰκ
1418 2309 1578 2378 μόνον
1620 2310 1772 2372 ὄντος

196 2396 338 2459 ἀξίου
364 2397 568 2468 ταύτην
597 2397 979 2466 κληρονομεῖν.
1007 2397 1093 2451 διὰ
1116 2398 1206 2455 τὸν
1226 2398 1282 2463 ἐξ
1314 2400 1478 2452 αὑτοῦ
1512 2400 1774 2469 μέλλοντα

198 2490 554 2561 προέρχεσθαι
600 2490 967 2561 εὐλογημένον
1021 2492 1257 2562 Χριστὸν
1305 2495 1398 2545 καὶ
1454 2492 1608 2545 Θεὸν.
1664 2495 1775 2546 Καὶ

198 2582 348 2634 τοῦτο
383 2583 442 2635 δὲ
485 2582 760 2651 θαυμάσαι
788 2583 937 2636 ἐστιν
998 2584 1081 2637 ὅτι
1121 2585 1251 2653 περὶ
1287 2585 1383 2652 μὲν
1412 2585 1631 2637 πάντων
1666 2585 1773 2637 τῶν

196 2673 357 2724 ἐθνῶν
393 2674 610 2743 εἴρηται
654 2678 719 2744 τῇ
774 2676 1120 2745 προφητείᾳ,
1174 2676 1249 2739 ὡς
1302 2676 1773 2745 Μιηρσθήσονται

197 2768 286 2819 καί
319 2768 882 2837 ἑπιστραρήσοντιιι
918 2771 1068 2837 πρὸς
1095 2771 1316 2838 Κύριον
1342 2771 1538 2825 πάντα
1565 2772 1638 2824 τὰ
1664 2769 1773 2823 πέ-

190 2876 334 2925 pata
357 2859 470 2927 τῆς
496 2861 622 2930 γῆς.
649 2862 885 2924 Τούτους
911 2862 968 2915 δὲ
999 2864 1297 2932 ἀμετόχονς
1320 2864 1419 2933 τῆς
1448 2864 1614 2916 αὐτοῦ
1656 2863 1771 2914 δια-

198 2952 366 3020 θήκης
417 2954 579 3015 αὐτὸς
614 2954 801 3017 ὀΘεὸς
856 2954 1092 3024 ἔκρινεν,
1150 2958 1365 3019 πάντως
1427 2958 1513 3009 διὰ
1572 2958 1633 3011 τὸ
1685 2958 1777 3011 τὸν

197 3043 571 3113 ἀντικείμενον
597 3046 893 3116 λεγόμενον
916 3048 1145 3117 δαίμονα
1176 3048 1527 3119 θεραπεύειν.

263 3141 370 3203 ιγ’.
417 3138 480 3189 El
514 3137 607 3190 οῦν
653 3140 817 3203 αὐτὸς
844 3141 871 3192 ὁ
897 3139 1031 3202 Θεὸς
1064 3138 1406 3209 ἀμεθὲκτους
1437 3140 1634 3202 αὐτοὺς
1667 3141 1767 3211 τῆς

200 3225 359 3279 αὑτοῦ
415 3227 687 3298 διαθήκης
741 3230 990 3300 ἐποίησε,
1043 3230 1329 3285 καὶτοῦτο
1380 3231 1536 3302 δῆλον
1570 3234 1633 3285 ἐκ
1683 3231 1778 3284 τοῦ

202 3321 361 3391 μέχρι
391 3324 490 3375 καὶ
516 3322 610 3374 νῦν
645 3322 719 3393 μὴ
750 3322 1143 3393 καταδέχεσθαι
1171 3324 1369 3387 αὐτοὺς
1397 3326 1463 3395 τῇ
1494 3308 1780 3394 ἐσαγγελῐᾲ

202 3411 296 3480 τῆς
323 3412 477 3475 θείας
503 3413 728 3484 Γραφῆς
755 3414 1181 3485 μαθητεύεσθαι·
1206 3415 1369 3468 πόθεν
1400 3416 1428 3467 ὁ
1455 3415 1785 3485 καμηλώδης

199 3503 327 3572 γόης
359 3506 572 3569 ἐκεῖνος
602 3505 700 3570 τὴν
725 3506 915 3575 τρίτην
950 3506 1215 3576 διαθήκην
1247 3506 1523 3576 ἐκόμισεν,
1555 3507 1785 3570 ἀναιδῶς

200 3594 289 3647 τοῦ
320 3595 461 3649 Θεοῦ
496 3597 985 3667 καταψευσάμενος
1015 3597 1308 3669 οὐρανόθεν
1335 3598 1535 3667 λήρους
1561 3599 1653 3650 καὶ
1680 3595 1783 3667 μύ-

202 3688 324 3751 θους
353 3691 450 3741 καὶ
481 3690 753 3752 ἀσωτείας
780 3690 875 3742 καὶ
919 3690 1189 3761 φλυαρίας
1224 3691 1497 3758 ἀγνωσίας
1519 3707 1577 3742 τε
1606 3691 1787 3760 πάσης

201 3781 290 3831 καὶ
320 3781 598 3849 ἀμαθείας
645 3782 1047 3852 μεμεστωμένα
1102 3780 1352 3851 δέχεσθαι
1382 3782 1787 3849 ἀλαζονευόμε-

202 3887 321 3936 voc;
352 3872 433 3925 ὅτ’
462 3872 529 3926 ἂν
561 3873 706 3943 λέγῃ·
727 3873 946 3944 Μαρίαν
976 3874 1074 3941 τὴν
1108 3873 1388 3936 Μωῦσέως
1418 3874 1656 3942 ἀδελφὴν
1696 3874 1788 3925 τὸν

203 3961 441 4031 Χριστὸν
479 3965 738 4033 γεννῆσαι
762 3963 895 4034 (96),
918 3961 1027 4036 ἆρα
1060 3965 1445 4017 ὑπολέλειπται
1480 3964 1790 4035 ἀφροσύνης

205 4054 507 4127 ὑπερϐολὴ,
563 4058 655 4108 καὶ
702 4058 975 4125 ἀγνωσίας
1028 4058 1292 4128 ὑπεροχὴ.
1360 4059 1424 4128 ἢν
1474 4056 1634 4120 αὐτὸς
1669 4056 1791 4109 καθ’

204 4148 398 4202 ἑαυτοῦ
430 4153 459 4203 ό
496 4149 825 4221 μαινόμενος
854 4144 1009 4213 οὗτος
1032 4151 1092 4203 οὐ
1130 4166 1259 4202 κατε
1267 4148 1453 4219 χέετος
1488 4150 1651 4201 πόσον
1683 4150 1793 4222 γὰρ

209 4236 271 4289 ἂν
308 4238 479 4292 αὐτὸν
509 4238 687 4292 οἴεσθε
719 4238 1126 4307 καταγελᾶσθαι
1173 4241 1237 4292 ὲκ
1277 4240 1467 4291 τούτου
1500 4241 1648 4310 παρά
1686 4242 1795 4295 τῶν

216 4328 517 4396 Ἰουδαίων,
572 4331 724 4402 παρὰ
772 4330 879 4385 τῶν
934 4330 1311 4402 Σαμαρειτῶν,
1366 4330 1521 4403 παρᾶ
1572 4333 1792 4386 πάντων

208 4422 393 4486 ἁπλῶς
409 4423 526 4477 τῶν
558 4424 850 4493 μετιόντων
874 4425 971 4495 τὴν
1002 4424 1243 4478 Παλαιὰν
1277 4424 1308 4494 ἢ
1339 4425 1431 4478 καὶ
1458 4425 1556 4497 τήν
1586 4426 1795 4497 Καινὴν

204 4516 530 4588 Διαθήκην;
569 4515 738 4568 Πόθεν
772 4516 885 4581 οῦν,
931 4519 1117 4587 φησὶν,
1153 4517 1457 4589 ἐθάρρησεν
1502 4518 1672 4591 αὐτὴν
1703 4520 1795 4572 οὺ-

1880 2057 1898 2091 t
1927 2038 2105 2093 Geniti
2140 2038 2271 2091 mihi
2296 2037 2427 2091 estis
2450 2038 2516 2092 ad
2547 2052 2805 2091 nauseam
2841 2034 2905 2087 ³¹.
2933 2053 2951 2087 ι
2979 2032 3023 2087 Ο
3044 2032 3131 2107 Dei
3161 2032 3451 2103 prmscien-

1873 2131 2003 2185 tiam
2040 2131 2052 2183 !
2088 2130 2434 2184 Abrahamus
2467 2128 2636 2183 Deum
2681 2144 2778 2197 pro
2809 2127 3039 2182 lsmaele
3086 2139 3271 2188 orans,
3317 2122 3452 2176 nihil

1879 2222 2027 2277 aliud
2073 2223 2328 2290 impetrat
2366 2235 2531 2290 quam
2579 2218 2762 2288 populi
2804 2219 3197 2272 incrementum
3232 2232 3244 2268 :
3283 2230 3311 2267 a
3349 2214 3453 2267 lin-

1872 2315 1999 2368 dere
2023 2322 2203 2366 autem
2234 2311 2324 2366 Dei
2354 2312 2563 2365 alienus
2593 2321 2644 2363 et
2664 2318 2979 2370 extrauetts,
3000 2308 3120 2376 ipso
3143 2305 3232 2359 Dei
3253 2320 3348 2357 ore
3364 2304 3453 2356 ltic

1876 2406 2255 2469 constituitur,
2318 2419 2417 2458 cett
2468 2404 2513 2456 si
2573 2402 2722 2458 solus
2768 2402 2921 2457 Isaac
2974 2399 3169 2470 dignus
3220 2408 3364 2452 esset
3401 2398 3451 2451 i.l

1878 2498 2183 2566 possidere,
2232 2502 2454 2564 propter
2498 2494 2765 2546 oriturum
2818 2506 2882 2545 ex
2934 2490 3051 2559 ipso
3108 2488 3451 2542 benedictum

1876 2589 2155 2644 Christum
2200 2602 2264 2640 ac
2312 2584 2503 2639 Deum.
2560 2584 2739 2652 Atque
2766 2584 2867 2638 hoc
2902 2582 3147 2636 miraltile
3174 2589 3275 2644 est,
3312 2580 3455 2648 quod

1890 2680 1957 2734 de
1981 2677 2191 2732 ueteris
2214 2678 2429 2732 cunctis
2450 2677 2703 2747 gentibus
2734 2675 2940 2729 dictum
2969 2684 3048 2728 est
3085 2689 3112 2727 a
3149 2672 3456 2741 prophetia,

1881 2769 1996 2825 fore
2029 2779 2088 2823 ut
2133 2769 2543 2821 reminiscantur
2580 2776 2628 2819 et
2659 2775 3036 2819 convertamur
3072 2765 3140 2817 ad
3172 2763 3457 2817 Dominum

1880 2863 2108 2916 universi
2138 2862 2267 2930 ﬁnes
2300 2869 2452 2914 terra:
2480 2860 2545 2911 ³⁸.
2590 2858 2893 2913 lsmaelitas
2926 2866 3107 2911 autem
3158 2858 3299 2909 haud
3344 2854 3460 2909 fore

1882 2953 2179 3025 participes
2267 2951 2513 3015 fmderis,
2586 2953 2701 3020 ipse
2766 2948 2909 3004 Deus
2970 2948 3273 3018 judicavit,
3339 2947 3461 3002 ideo

1882 3060 2111 3115 prorsus
2151 3044 2280 3115 quia
2335 3042 2711 3098 adversarium
2760 3040 2876 3108 ejus
2912 3041 3217 3095 ὼεηιοιιειη
3254 3030 3460 3093 colunt.

1960 3134 2151 3191 93.~Si
2198 3152 2329 3206 ergo
2377 3135 2493 3205 ipse
2541 3134 2684 3189 Deus
2735 3132 2943 3188 itetlere
3000 3147 3101 3186 suo
3154 3131 3459 3186 lsmaelitas

1886 3230 2136 3293 exclusit,
2193 3228 2356 3297 idque
2400 3226 2524 3281 inde
2582 3236 2824 3291 constat,
2862 3225 2992 3295 quia
3025 3240 3196 3295 usque
3228 3225 3291 3278 ad
3324 3226 3464 3280 hanc

1887 3322 2033 3377 diem
2082 3320 2375 3375 noluerunt
2412 3335 2441 3374 a
2480 3319 2678 3373 divina:
2728 3317 3026 3389 Scriptura:
3076 3318 3321 3386 angelica
3369 3318 3466 3369 du-

1889 3414 2066 3470 ctrina
2106 3413 2312 3467 erudiri
2344 3432 2357 3479 ;
2387 3413 2658 3468 undenam
2708 3412 3036 3467 camelarius
3076 3412 3336 3480 deceptor
3378 3411 3467 3464 ille

1889 3504 2110 3560 tertium
2151 3502 2329 3558 ftedus
2362 3502 2711 3571 impudenter
2741 3500 2957 3564 detulit,
2991 3500 3321 3553 calumniam
3355 3497 3466 3551 Deo

1895 3596 2103 3651 fat-iens
2134 3596 2407 3666 jactanter
2440 3593 2691 3656 dicendo,
2741 3608 2797 3648 sc
2832 3592 2899 3646 de
2934 3592 3074 3647 caelo
3119 3607 3292 3661 nugas
3340 3607 3469 3646 suas

1890 3700 1943 3745 et
1976 3689 2190 3743 fabulas
2224 3698 2277 3742 et
2308 3687 2542 3757 ineptias
2572 3685 2791 3740 inscitia
2821 3685 3250 3754 insipientiaque
3284 3684 3469 3753 plenas

1891 3781 2187 3851 accipere?
2218 3780 2320 3845 Qui
2375 3780 2451 3833 ait
2484 3778 2711 3831 Mariam
2751 3777 2954 3848 Moysis
3004 3793 3251 3831 sororem
3304 3776 3468 3829 Citri-

1894 3881 2036 3924 stum
2090 3872 2389 3939 peperisse,
2441 3884 2509 3921 an
2562 3883 2833 3921 summam
2879 3866 3121 3936 aliquam
3182 3866 3468 3919 stultitiam

1893 3964 2334 4032 exquisitatnque
2369 3961 2643 4015 inscitiam
2679 3961 2885 4023 omisit,
2919 3974 3084 4027 quam
3120 3960 3351 4011 insanus
3389 3957 3474 4011 hic

1896 4055 1949 4110 in
1989 4063 2154 4124 caput
2180 4054 2463 4123 preprium
2496 4066 2602 4104 non
2636 4051 3300 4119 ell‘uderit?Quantopere
3329 4050 3474 4103 hunc

1895 4161 1924 4198 a
1970 4142 2173 4197 Judteis
2205 4143 2274 4197 0b
2324 4142 2376 4195 itl
2421 4140 2637 4195 irrideri
2682 4142 2904 4210 putatis,
2940 4148 2994 4194 et
3030 4156 3057 4193 a
3090 4138 3474 4203 Samaritattis,

1897 4249 2063 4306 atque
2089 4238 2158 4291 ab
2176 4236 2433 4289 omnibus
2464 4244 2733 4304 quotquot
2760 4232 2924 4287 Vetus
2941 4233 3263 4301 Noruntque
3290 4232 3478 4285 'l‘cstn-

1899 4341 2143 4387 mentum
2172 4328 2482 4384 noverunt?
2513 4327 2797 4394 Quomodo
2830 4328 2997 4397 igitur
3018 4343 3183 4381 ausus
3205 4338 3308 4390 est,
3333 4328 3478 4380 dicet

1898 4424 2115 4493 aliquis,
2150 4422 2348 4476 librum
2402 4420 2556 4474 illum
2603 4419 2875 4489 appellare
2916 4419 3194 4474 εωιοδιειη
3226 4416 3478 4486 ῩΝυιηρθ

1900 4516 2027 4587 quia
2068 4516 2367 4585 inspiratus
2404 4512 2507 4567 fuit
2540 4512 2608 4566 ab
2638 4527 2704 4566 eo
2742 4511 2834 4581 qui
2866 4512 3001 4564 dixit
3031 4529 3043 4565 :
3078 4510 3285 4563 Ponant
3328 4510 3478 4562 (ltro-

209 4607 397 4675 ρανίαν
429 4606 665 4661 καλέσαι
689 4607 901 4678 βίϐλονς
945 4608 1040 4660 Ἐκ
1072 4606 1167 4661 τοῦ
1198 4607 1608 4677 ἐμπνευσθῆναι
1634 4609 1780 4661 αῦτὸι

1902 4626 2025 4663 num
2056 4624 2225 4662 meum
2259 4608 2314 4660 in
2346 4605 2567 4660 nubibus
2598 4604 2736 4670 caeli,
2773 4604 2966 4657 similis
2998 4620 3087 4657 ero
3115 4605 3385 4657 Altissimo
3412 4604 3479 4663 ³³,

208 4700 356 4770 παρά
389 4700 488 4753 τοῦ
526 4701 841 4770 εἰρηκότος·
891 4701 1067 4767 Θήσω
1108 4700 1216 4754 τὸν
1264 4700 1483 4768 θρόνον
1531 4718 1652 4769 μου
1698 4701 1797 4755 ἐπὶ

208 4787 325 4842 τῶν
354 4790 643 4859 νεφελῶν
677 4791 783 4844 τοῦ
820 4791 1105 4859 οὐρανοῦ,
1128 4792 1227 4845 καὶ
1263 4792 1477 4861 ἔσομαι
1502 4791 1704 4861 ὅμοιος
1722 4791 1799 4858 τῷ

219 4876 515 4947 ’Υψίστῳ,
550 4878 647 4931 τοῦ
673 4880 825 4943 ὄντος
852 4880 947 4933 καὶ
981 4880 1275 4949 λεγομένου
1305 4881 1507 4951 πατρὸς
1530 4882 1624 4933 τοῦ
1664 4881 1797 4951 ψεῦ-

210 4969 345 5034 δους.
380 4972 480 5034 Τίς
510 4972 623 5041 γὰρ
657 4971 721 5025 ἂν
767 4974 899 5035 ὅλως
924 4973 1162 5041 ἐντυχὼν
1210 4976 1275 5043 τῇ
1309 4973 1430 5043 θεία
1478 4974 1665 5044 Γραφῇ
1698 4974 1799 5028 οὐκ

211 5064 460 5137 ὲκπλαγή
474 5082 631 5118 σεται
662 5064 739 5134 τῷ
774 5065 993 5134 μεγέθει
1043 5064 1136 5117 τοῦ
1170 5066 1419 5134 ψεύδους,
1452 5066 1529 5119 ὅτ’
1557 5064 1622 5118 ἂν
1667 5066 1799 5138 λέγῃ

211 5156 445 5225 Χριστὸν
480 5160 551 5210 ἐκ
580 5156 799 5226 Μαρίας
827 5158 922 5227 τῆς
960 5158 1193 5228 ἀδελφῆς
1225 5156 1504 5221 Μωῡσέως
1536 5159 1798 5227 γεγεννῆ-

216 5248 367 5317 σθαι;
403 5252 470 5303 ’Ὠ
493 5252 597 5304 τοῦ
620 5250 831 5320 μακροῦ
846 5254 1029 5322 γήρως
1059 5253 1156 5322 τῆς
1186 5252 1460 5322 Παρθένου
1482 5253 1493 5305 l
1517 5253 1795 5321 δισχιλίων

215 5342 317 5412 γάρ
354 5363 475 5407 πως
509 5346 704 5413 σχεδὸν
741 5345 875 5397 ὲτῶν
904 5345 1183 5414 περιόδους
1223 5344 1587 5415 παρεληλύθει
1641 5346 1801 5415 μέχρι

216 5433 451 5505 Χριστοῦ
485 5438 824 5505 γεννήσεως,
862 5436 955 5505 ἀφ’
994 5432 1056 5490 οὒ
1107 5437 1297 5506 Μαρία
1323 5439 1391 5490 τὰ
1416 5436 1667 5506 κύμϐαλα
1704 5439 1799 5488 ἁν-

288 5633 333 5668 ³¹
365 5634 476 5691 lsa.
515 5651 560 5702 ι,
596 5634 682 5690 14.

759 5635 804 5666 ³⁸
836 5632 981 5691 Psal.
1020 5636 1250 5700 xxt,28.
1331 5638 1376 5669 ³³
1422 5636 1524 5693 lsa.
1569 5654 1680 5697 xlv.
1714 5639 1796 5693 li.

1905 4701 1973 4755 ab
2010 4715 2094 4766 eo,
2145 4700 2391 4769 inquam,
2429 4700 2520 4767 qui
2548 4706 2633 4751 est
2662 4705 2715 4749 et
2742 4695 2945 4749 dicitur
2993 4695 3262 4748 mendacii
3302 4703 3479 4763 pater.

1903 4794 2036 4861 Quis
2083 4794 2229 4848 enim
2270 4793 2466 4846 divinae
2503 4791 2800 4859 Scriptura}
2838 4792 3061 4860 peritus,
3101 4805 3207 4842 non
3242 4789 3485 4858 stupebit

1903 4884 2175 4941 mendacii
2199 4884 2595 4938 immanitatem
2633 4924 2646 4948 ,
2686 4899 2810 4937 cum
2845 4886 2919 4936 ait
2946 4881 3294 4935 Mohamedes
3324 4883 3484 4933 Citri—

1904 4993 2048 5034 Stum
2091 4994 2156 5032 ex
2182 4976 2350 5030 Mat-ia
2393 4977 2593 5046 Moysis
2630 4993 2820 5029 sorore
2858 4987 3045 5029 natutn
3076 4975 3153 5027 ?o
3186 4976 3481 5042 longaevam

1906 5070 2134 5142 virginis
2165 5080 2502 5125 senectutem
2536 5072 2547 5123 ί
2582 5070 2779 5123 etenim
2819 5071 2901 5123 bis
2933 5070 3079 5123 inille
3108 5068 3480 5143 ferme‘anno-

1909 5180 2029 5218 rum
2076 5162 2447 5217 revolutiOnes
2495 5162 2924 5215 intercesserunt
2960 5176 3134 5229 usque
3175 5160 3241 5212 ad
3279 5158 3481 5212 Christi

1911 5256 2273 5319 nativitatem,
2313 5270 2378 5308 ex
2408 5268 2516 5323 quo
2565 5252 2730 5306 Maria
2782 5252 3091 5321 cymbalum
3139 5248 3376 5317 pulsavit
3416 5248 3479 5300 ³⁸.

1909 5350 2173 5403 Prteclare
2215 5348 2341 5402 hinc
2365 5363 2495 5402 sane
2520 5347 2982 5401 demonstrahitur
3022 5360 3089 5399 ex
3134 5343 3332 5396 Davide
3362 5341 3483 5395 Jes-

1910 5440 2002 5493 szei
2073 5440 2183 5493 lilio
2251 5445 2583 5507 propagatus
2640 5436 2941 5491 Christus!
2991 5433 3242 5488 llaecciue
3303 5432 3482 5484 divina

1874 5638 1918 5670 ³⁸⁵
1946 5640 2119 5693 Exod.
2153 5655 2241 5703 xv,
2280 5640 2370 5691 ‘20.

289 5814 593 5890 (εομιεο
622 5814 687 5890 de
716 5830 775 5870 re
803 5816 1042 5890 diximus
1074 5817 1184 5890 iam
1234 5815 1499 5890 φοι-108.
1532 5816 1659 5871 adn.
1696 5820 1777 5881 l9,
1811 5828 1863 5872 et
1886 5821 1991 5877 col.
2018 5820 2285 5886 727,adn.
2320 5820 2390 5874 69
2417 5833 2764 5890 ;quanquam
2800 5817 2959 5890 paulo
2990 5815 3152 5872 latius
3198 5813 3324 5871 iacit
3356 5814 3488 5869 illud

231 5888 495 5960 temporis
527 5886 770 5957 spatium
805 5886 1042 5944 Nit-etas.
1080 5886 1293 5943 Videsis
1316 5888 1534 5943 Eusebii
1560 5890 1880 5945 cltrouicon.
