4168 6450
736 356 836 420 791
1997 361 2292 421 NICET/E
2335 363 2736 424 DYZANTINI
3538 443 3558 470 ρ
3871 383 3980 445 792

729 473 1012 540 Scriptura
1065 484 1148 528 est
1189 474 1210 527 ?
1252 476 1335 530 hic
1370 476 1607 533 ccelestis
1671 477 1805 532 liber
1836 480 1858 532 ?
1895 477 1938 533 Ο
1971 478 2237 535 inscitiam

2366 482 2718 551 _sxpo6:ato.
2767 485 2981 558 Σφόδρα
3015 488 3192 543 δὲκαὶ
3233 493 3399 548 Δαϐὶδ
3451 495 3564 558 υἱὸς
3611 499 3704 550 τοῦ
3751 500 3976 567 Ἰεσσαὶ,

729 577 762 615 o
794 562 1093 618 infelicium
1125 566 1476 622 barbarorum
1515 571 1840 624 dementiam
1885 574 1896 625 !

2404 575 2468 627 ἐκ
2502 576 2694 628 τούτου
2723 577 2777 630 δὲ
2809 579 2837 630 6
2869 579 3102 649 Χριστὸς
3136 586 3505 655 καταγόμενος
3551 589 3975 645 ἀποδείκνυται·

727 652 885 706 τοῦτο
922 654 1042 708 θεία
1069 656 1288 732 Γραφῇ
1339 660 1494 714 τοῦτο
1519 662 1767 732 οὐράνιον
1815 664 2050 735 βιϐλίον;
2109 663 2154 715 ῶ
2192 664 2297 718 ἀπὸ
2335 663 2432 735 τῆς
2465 667 2715 736 ἀλογίαςί
2777 670 2822 723 ὢ
2852 672 2959 724 ἀπὸ
3021 675 3120 744 τῆς
3185 652 3371 742 ἀνοίας
3424 680 3534 734 τῶν
3581 681 3782 736 ἀθλίων
3843 684 3965 754 βαρ-

729 753 910 823 ϐάρων
933 761 944 810 !

799 853 884 906 ΕΗ.
930 854 1098 924 Igitur
1137 865 1248 912 tum
1286 858 1409 926 quia
1444 872 1472 911 a
1517 857 1715 913 divinte
1765 857 2062 926 Scriptura:
2109 867 2291 912 mente

725 945 934 1000 alienus
982 963 1209 1014 prorsus
1255 959 1305 1003 et
1349 957 1644 1004 extraneus
1689 960 1773 1006 est
1826 953 1914 1005 hic
1968 951 2291 1007 maledictus

724 1036 965 1102 ipsorum
1020 1039 1154 1093 liber
1191 1057 1204 1104 ;
1236 1051 1345 1093 tuin
1389 1043 1514 1111 quia
1553 1040 1692 1097 Deus
1735 1044 1846 1113 ipse
1878 1043 2126 1113 indignos
2171 1044 2291 1100 illos

723 1127 924 1183 fmdere
955 1145 1055 1184 suo
1095 1131 1354 1200 judicavit
1392 1150 1406 1198 ;
1441 1135 1572 1190 satis
1613 1149 1936 1204 cognoscere
1976 1147 2286 1203 possumus,

720 1219 1045 1272 camelinum
1097 1220 1238 1274 liiine
1271 1222 1468 1276 librum
1509 1225 1707 1277 habere
1751 1232 2026 1277 auctorem
2076 1223 2284 1278 dzemo--

720 1324 839 1361 nem
891 1311 984 1380 qui
1036 1311 1102 1365 de
1158 1314 1296 1367 cmlo
1335 1315 1555 1368 excidit.
1607 1313 1818 1384 Quippe
1862 1315 2126 1385 quidquid
2179 1316 2288 1372 Deo

717 1401 1081 1470 abalienatur,
1113 1405 1163 1458 in
1191 1406 1517 1460 contrariam
1543 1405 1807 1460 daemonis
1825 1417 2035 1476 partem
2063 1407 2281 1477 migrat.

714 1491 850 1548 Nam
884 1496 929 1550 si
959 1495 1050 1551 Dei
1081 1512 1202 1551 esse
1231 1496 1496 1565 lsaacum,
1530 1499 1665 1564 veri,
1708 1500 1952 1569 inquam,
1995 1498 2111 1564 Dei,
2146 1499 2285 1552 indi-

715 1586 859 1641 cium
894 1587 1240 1642 manifestum
1272 1599 1376 1653 est,
1425 1591 1567 1660 quod
1601 1591 1943 1645 constituerit
1990 1605 2113 1644 eum
2164 1589 2282 1656 ipso

714 1677 892 1735 fmdus
922 1696 936 1745 ;
976 1698 996 1731 ι
1029 1679 1297 1747 Statuam,
1337 1682 1530 1751 inquit,
1557 1681 1733 1736 foedus
1782 1697 1960 1737 meum
1990 1697 2113 1737 cum
2142 1683 2278 1751 ipso,

716 1781 774 1824 iit
793 1771 894 1824 sim
921 1772 1041 1843 ejus
1069 1774 1228 1840 Deus,
1251 1791 1458 1830 necnon
1486 1776 1709 1830 seminis
1729 1776 1847 1844 ejus
1872 1786 1993 1844 post
2012 1777 2222 1846 ipsum;
2256 1795 2274 1829 ι

713 1865 976 1921 indicium
1010 1869 1248 1924 vicissim
1277 1879 1361 1924 est
1395 1886 1498 1923 non
1533 1886 1652 1924 esse
1685 1869 2080 1925 lsiiiaelitarum
2111 1871 2278 1926 Deum

713 1961 1062 2027 peculiarem,
1094 1977 1407 2031 quanquam
1434 1965 1644 2018 ratione
1683 1965 1974 2018 ereationis
2001 1965 2071 2019 sit
2098 1982 2113 2030 ;
2150 1966 2276 2029 hoc,

709 2051 948 2118 inquam,
981 2051 1054 2104 rei
1096 2052 1216 2118 ejus
1248 2051 1508 2107 indicium
1547 2061 1651 2116 est,
1699 2051 1842 2120 quod
1880 2059 2121 2106 statuere
2151 2066 2273 2106 cuin

709 2141 815 2196 illis
868 2142 1046 2198 fiediis
1114 2144 1256 2197 Deus
1317 2145 1570 2197 noluerit.
1625 2143 1884 2198 Diabolus
1949 2144 2130 2212 itaque
2193 2149 2277 2197 est

708 2233 922 2286 illorum
971 2235 1125 2296 deus,
1169 2235 1259 2304 qui
1308 2233 1474 2288 Deum
1516 2237 1773 2290 slmulat:
1811 2251 2125 2305 quanquam
2157 2251 2273 2290 me-

705 2334 867 2380 tuens
889 2342 954 2379 ne
985 2327 1074 2380 tali
1105 2342 1272 2395 scopo
1303 2343 1402 2382 suo
1432 2328 1666 2392 excidat,
1707 2328 1893 2382 dolose
1926 2342 2121 2381 nomen
2148 2343 2273 2396 pro.

705 2418 884 2486 prium
925 2420 1132 2484 reticet,
1183 2421 1326 2488 quod
1362 2421 1498 2489 apud
1547 2435 1737 2475 omnes
1785 2421 2031 2474 homines
2063 2420 2267 2474 infame

705 2520 808 2574 est,
867 2511 1085 2579 verique
1123 2513 1303 2580 potius
1344 2512 1433 2565 Dei
1466 2513 1879 2581 appellationem
1913 2528 2021 2582 prae
2056 2528 2112 2567 se
2145 2511 2268 2567 fert.

709 2602 801 2656 Est
828 2603 971 2655 enim
1002 2604 1104 2657 hoc
1138 2612 1460 2657 consuetum
1499 2605 1728 2674 improbi
1757 2605 1918 2674 hujus
1949 2605 2268 2660 artificium.

705 2692 761 2744 Si
807 2707 936 2761 ergo
984 2695 1141 2746 drum
1178 2708 1336 2748 suum
1379 2695 1578 2748 habere
1627 2695 1920 2748 Abraliami
1955 2695 2122 2751 Deum
2167 2712 2266 2751 cu-

701 2787 859 2853 piunt
896 2785 948 2838 lii
986 2785 1224 2849 barbari,
1275 2787 1500 2853 impium
1551 2788 1702 2841 illum
1750 2787 2271 2860 fraiidiilentiimque

702 2879 923 2944 librum,
960 2878 1186 2948 ejusque
1233 2894 1458 2947 pravum
1491 2891 1790 2946 auctorem,
1825 2881 2054 2936 stultum
2087 2882 2268 2937 homi-

703 2987 849 3034 nrm,
890 2972 1123 3040 i-jureut,
1179 2974 1385 3042 unique
1440 2975 1815 3028 assentiamur
1864 2974 2065 3029 divinae
2117 2974 2272 3046 Sari-1

2469 857 2568 924 ιδ’.
2602 859 2900 929 Τοιγαροῦν
2931 861 3039 914 ἀπό
3079 878 3139 915 τε
3172 865 3270 934 τῆς
3303 865 3445 920 κατά
3479 867 3701 938 Γραφὴν
3725 869 3970 932 διανοίας

2399 943 2555 1014 ξένης
2581 949 2674 1000 καὶ
2703 947 2988 1018 ἀλλοτρίας
3019 952 3391 1024 τυγχανούσης
3413 955 3512 1025 τῆς
3547 958 3828 1027 ὲπαράτου
3869 961 3969 1011 αὺ-

2395 1037 2504 1089 τῶν
2536 1037 2718 1107 βίϐλου
2756 1040 2892 1109 πρὸς
2925 1042 3025 1110 τὴν
3053 1041 3200 1096 θείαν
3231 1044 3488 1114 Γραφὴν,
3524 1046 3632 1100 ἀπό
3660 1064 3718 1099 τε
3745 1048 3840 1101 τοῦ
3874 1049 3968 1102 τὸν

2397 1128 2528 1182 Θεὸν
2561 1130 2662 1197 τῆς
2698 1129 2862 1184 αὑτοῦ
2893 1131 3159 1205 διαθήκης
3211 1135 3469 1201 ἀναξίους
3520 1138 3715 1200 αὐτοὺς
3757 1141 3964 1209 κρῖναι,

2393 1225 2627 1279 συνιδεῖν
2657 1226 2806 1280 ἔστιν
2835 1229 2915 1281 ὅτι
2946 1229 3038 1282 τοῦ
3069 1230 3362 1299 οὐρανόθεν
3392 1234 3650 1297 πεσόντος
3677 1235 3793 1286 ἐστὶ
3843 1235 3964 1288 δαίς

2395 1332 2553 1383 μονος
2608 1315 2641 1385 ὴ
2691 1317 3069 1386 καμηλόθυτος
3128 1318 3311 1390 ὲκείνη
3344 1319 3556 1390 βίϐλος·
3593 1325 3702 1376 πᾶν
3736 1326 3846 1393 γὰρ
3905 1325 3965 1376 τὸ

2395 1403 2910 1476 ἀπηλλοτριωμένον
2942 1405 3097 1470 Θεοῦ,
3139 1407 3218 1470 είς
3251 1409 3349 1479 τὴν
3374 1410 3624 1463 ἐναντίαν
3654 1412 3746 1465 καὶ
3769 1413 3965 1483 δαιμο-

2389 1494 2552 1566 νιώδη
2581 1495 2937 1566 περιίσταται
2967 1498 3190 1567 μοῖραν·
3213 1499 3262 1550 εί
3292 1499 3399 1570 γὰρ
3425 1500 3519 1554 τοῦ
3547 1500 3680 1554 Θεοῦ
3707 1499 3847 1557 εἶναι
3869 1504 3963 1557 τὸν

2404 1585 2609 1652 Ἰσαὰκ,
2644 1586 2738 1641 τοῦ
2785 1587 2953 1650 ὅντως
2991 1589 3048 1642 δὲ
3103 1589 3239 1644 Θεοῦ
3292 1596 3518 1662 σημεῖον
3566 1596 3834 1665 ἐμφανὲς,
3899 1597 3963 1651 τὸ

2390 1679 2584 1749 στῆσαι
2614 1680 2776 1733 αὑτὸν
2809 1680 2945 1750 πρὸς
2974 1680 3124 1752 αὑτῷ
3152 1681 3250 1753 τὴν
3273 1684 3438 1736 αὑτοῦ
3472 1685 3737 1758 διαθήκην
3765 1689 3962 1759 (ιΣτή-

2386 1789 2462 1824 σω
2496 1772 2626 1842 γὰρ,
2661 1774 2813 1842 φησι,
2863 1774 2960 1843 τὴν
3007 1772 3270 1845 διαθήκην
3299 1794 3400 1846 μου
3430 1778 3566 1846 πρὸς
3597 1780 3779 1842 αὐτὸν,
3811 1776 3956 1833 εἶναι

2383 1863 2546 1918 αὑτοῦ
2576 1863 2707 1927 θεὸς
2741 1866 2833 1918 καὶ
2863 1865 2941 1936 τῷ
2989 1865 3263 1936 σπέρματι
3321 1869 3484 1941 αύτοῦ
3523 1872 3640 1939 μετ’
3667 1872 3830 1925 αὑτὸν
3860 1891 3878 1923 ι
3909 1874 3952 1941 ),

2383 1957 2604 2025 σημεῖον
2633 1954 2725 2007 τοῦ
2765 1955 2840 2026 μὴ
2872 1952 3011 2010 εἶναι
3068 1957 3199 2011 Θεὸν
3257 1936 3384 2014 τῶν’
3408 1962 3766 2032 Ἰσμαηλιτῶν
3828 1965 3953 2018 κατ’

2378 2048 2672 2111 οίκείωσιν,
2708 2050 2756 2101 εί
2782 2049 2876 2102 καὶ
2912 2050 2988 2120 τῷ
3013 2051 3387 2124 δημιουργικῷ
3412 2055 3554 2126 λόγῳ
3579 2057 3775 2122 ἔνεστι,
3792 2059 3850 2112 τὸ
3876 2061 3954 2130 μὴ

2375 2139 2643 2209 ἠξιῶσθαι
2668 2142 2858 2211 στῆναι
2892 2143 3026 2212 πρὸς
3049 2144 3247 2207 αὐτοὺς
3268 2144 3366 2215 τὴν
3390 2145 3483 2199 τοῦ
3501 2147 3635 2200 Θεοῦ
3660 2149 3951 2220 διαθήκην.

2388 2231 2445 2282 '0
2477 2229 2718 2295 διάϐολος
2766 2231 3024 2304 ἄραιθεὸς
3054 2235 3255 2299 αὐτῶν,
3282 2237 3310 2287 6
3343 2238 3435 2290 τοῦ
3457 2238 3590 2290 Θεοῦ
3615 2239 3952 2308 καταψευδό-

2378 2340 2572 2392 μενος·
2627 2326 2675 2377 εί
2707 2325 2801 2378 καὶ
2831 2325 2980 2396 φόϐῳ
3025 2325 3117 2378 τοῦ
3168 2327 3523 2382 ἐκπεσεῖσθαι
3580 2331 3671 2383 τοῦ
3705 2331 3950 2384 τοιούτου

2377 2415 2580 2468 σκοποῦ
2613 2416 2674 2468 τὸ
2699 2417 2892 2470 ἑαυτοῦ
2925 2418 3156 2488 δολερῶς
3201 2424 3599 2492 ἀποσιωπήσας
3628 2424 3819 2494 ὄνομα,
3860 2425 3952 2478 διὰ

2371 2509 2431 2561 τὸ
2460 2508 2560 2578 ήδη
2576 2508 2962 2576 διαϐεϐλῆσθαι
2988 2512 3141 2582 παρὰ
3164 2515 3380 2568 πάντων
3405 2515 3500 2569 ἀνθ
3511 2515 3708 2586 ρώπων
3733 2518 3832 2587 τὴν
3854 2519 3949 2570 τοῦ

2371 2598 2523 2662 ὄντος
2556 2599 2690 2653 Θεοῦ
2725 2603 3096 2673 προσηγορίαν
3153 2605 3550 2674 προϐάλλεται·
3615 2607 3848 2676 σύνηθες
3887 2609 3946 2661 δὲ

2370 2691 2448 2761 τῷ
2499 2691 2720 2762 πονηρῷ
2776 2692 2952 2764 τούτῳ
2980 2695 3014 2764 ή
3052 2695 3275 2766 τοιαύτη
3304 2697 3542 2767 μεθοδία.
3594 2699 3654 2751 Et
3698 2694 3788 2752 οὖν
3825 2699 3948 2752 θεὸν

2371 2785 2582 2840 ἑαυτῶν
2628 2784 2773 2856 ἔχειν
2837 2787 2928 2840 τὸν
2981 2787 3077 2840 τοῦ
3119 2789 3373 2859 Ἀϐραὰμ
3421 2789 3553 2843 Θεδν
3592 2793 3640 2844 οἱ
3676 2791 3945 2862 βάρϐαροι

2370 2876 2709 2947 γλιχόμενοι,
2741 2876 2838 2948 τὴν
2868 2878 3128 2948 ἀθέμιτον
3173 2879 3389 2950 ἐκείνην
3423 2882 3517 2934 καὶ
3547 2883 3830 2952 ἀπατηλήν
3863 2883 3946 2952 βί-

2371 2967 2517 3029 ϐλον,
2580 2970 2672 3021 καὶ
2729 2969 2822 3022 τὸν
2882 2968 3085 3039 ταύτην
3143 2972 3663 3040 σκαιογραφήσαντα
3715 2972 3946 3040 μάταιον

701 3072 894 3131 plurar,
947 3071 1106 3132 atque
1135 3062 1254 3132 ejus
1306 3076 1497 3115 norma
1533 3071 1809 3132 regantur.
1845 3063 1948 3116 Aut
1988 3065 2032 3116 si
2081 3052 2263 3118 volunf

2372 3058 2655 3130 ἄνθρωπον
2712 3059 3166 3130 ὲξαρνείσθωσαν,
3200 3061 3294 3114 καὶ
3349 3063 3735 3131 στοιχείτωσαν
3801 3065 3940 3138 μόνῃ

698 3157 898 3208 librum
939 3170 1097 3209 suum
1133 3154 1261 3208 hiiie
1289 3164 1641 3223 anteponere,
1679 3162 1732 3207 et
1767 3153 2140 3208 adversarium
2171 3154 2266 3208 Dei

697 3246 994 3300 Abraliauii
1049 3247 1278 3300 adorare
1331 3263 1344 3309 ;
1392 3247 1597 3315 pudore
1661 3244 2070 3312 suffundantur,
2139 3247 2266 3316 quia

699 3340 918 3392 nomine
967 3348 1124 3392 tenus
1177 3337 1285 3392 Deo
1338 3338 1632 3392 Aliraliami
1695 3339 2118 3408 gloriantur;et
2176 3354 2264 3394 res

698 3441 858 3500 atque
908 3431 1217 3501 Script'iras
1279 3431 1710 3486 inconeiliabiles
1746 3431 1949 3486 frustra
2012 3432 2260 3501 proferre

696 3523 1113 3577 conriiicaiitur.
1163 3520 1409 3588 Namque
1442 3537 1471 3575 a
1501 3522 1748 3575 demente
1799 3521 1935 3574 nihil
1981 3521 2182 3582 differt,
2219 3525 2264 3577 is

695 3619 786 3686 qui
820 3618 950 3670 dii-it
975 3615 1311 3670 Pharaonem
1340 3625 1394 3669 et
1422 3614 1725 3685 Augustum
1753 3614 1942 3668 eadem
1987 3623 2144 3669 aetate
2175 3630 2261 3668 re-

695 3726 908 3781 gnasse.
936 3709 1046 3764 lloe
1069 3709 1210 3763 enim
1236 3708 1548 3763 necessario
1574 3709 1948 3777 consequitur,
1980 3707 2024 3760 si
2056 3706 2261 3777 Moysis

693 3817 849 3856 soror
882 3801 1157 3856 Christum
1203 3801 1411 3870 peperit
1440 3818 1452 3853 :
1485 3801 1555 3853 ita
1589 3808 1646 3852 ut
1673 3798 1926 3854 Christus
1975 3799 2056 3853 bis
2111 3799 2259 3853 mille

691 3911 866 3949 annos
906 3907 1089 3957 natus,
1147 3895 1238 3946 tali
1283 3908 1406 3947 cum
1450 3893 1603 3948 senio
1645 3901 1770 3945 ante
1819 3892 2048 3946 Pilatum
2095 3907 2262 3960 appa-

690 3989 857 4043 ruerii
893 3995 991 4055 ;et
1019 3987 1184 4041 Maria
1220 3975 1440 4041 totidem
1478 3997 1570 4040 aut
1617 3985 1777 4040 etiam
1827 3985 2011 4054 plures
2063 3984 2260 4039 vixerit

690 4095 884 4136 annos.

685 4276 873 4333 XXVI.
922 4277 1074 4340 Quod
1113 4275 1262 4328 nulla
1297 4276 1364 4328 sit
1403 4275 1612 4328 utilitas
1637 4273 1891 4342 Agarenis
1925 4289 1980 4325 se
2027 4273 2256 4325 circnm-

756 4349 1074 4405 cidentibus,
1122 4348 1336 4415 ideoque
1369 4347 1675 4411 palantibus
1707 4345 1854 4396 deum
1882 4359 2032 4415 suum
2069 4345 2256 4396 habere

753 4421 792 4470 Λ
804 4419 1041 4471 brahmni
1062 4417 1226 4468 Deum
1245 4414 1262 4477 ξ
1298 4426 1350 4467 ιιι
1381 4417 1498 4466 hinc
1518 4416 1868 4467 demonstrent
1889 4430 2000 4466 vere
2019 4414 2250 4480 ipsorum

756 4490 941 4553 Deum,
965 4504 1075 4540 esse
1104 4487 1268 4539 Deum
1290 4487 1600 4538 ;lbraliantt'.

753 4580 1014 4635 llerilium
1043 4591 1435 4650 ριαιςυριοι-υιη
1465 4579 1569 4632 alia
1609 4577 1672 4630 ad
1701 4576 1981 4630 utilitatem
2005 4575 2251 4630 subdito-

679 4689 800 4730 rum
830 4673 1152 4736 redundant,
1185 4671 1230 4725 si
1260 4672 1616 4725 observentur
1647 4687 1659 4732 ;
1691 4670 1792 4722 alia
1827 4670 1958 4722 hero
1987 4677 2247 4738 prosunt;

678 4769 782 4821 alia
804 4767 1072 4835 utrisque.
1092 4766 1353 4818 Similiter
1370 4773 1422 4817 et
1444 4763 1843 4825 inobedientize,
1860 4762 1976 4815 alia:
1994 4760 2248 4825 subditis,

677 4859 797 4913 alim
838 4858 1077 4912 dominis
1098 4895 1112 4918 ,
1146 4855 1264 4908 alia:
1297 4855 1541 4922 utrisque
1571 4852 1959 4906 thll'llllClllllm
1992 4850 2246 4904 atl‘eriint.

675 4951 898 5008 Cunctis
915 4963 1042 5004 vero
1059 4948 1394 5017 exploratum
1419 4955 1521 5009 est,
1542 4947 1682 5015 quod
1712 4946 1757 4999 si
1776 4945 1896 5014 quis
1919 4951 2246 5012 praeceptum

673 5042 892 5113 aliquod
929 5040 1138 5096 domini
1179 5039 1480 5100 violaverit,
1527 5051 1690 5105 seque
1725 5036 1924 5090 suimet
1965 5035 2245 5090 dominum

673 5135 1038 5198 constituerit,
1063 5134 1241 5187 adhuc
1266 5141 1443 5186 tamen
1463 5145 1610 5200 spem
1643 5129 1838 5183 retinet
1862 5127 1926 5181 ad
1958 5128 2243 5196 pristinam

674 5228 1096 5282 benevolentiam
1112 5225 1388 5278 dominum
1407 5239 1565 5278 suum
1586 5220 1849 5275 ﬂectendi.
1870 5218 2244 5272 Verumtamen

673 5317 719 5371 si
753 5318 918 5371 alium
941 5318 1163 5371 omnino
1196 5315 1474 5370 dominum
1494 5314 1594 5368 sibi
1628 5312 1904 5378 asciverit,
1933 5311 2246 5365 intolerabi-

673 5409 774 5464 lem
820 5409 921 5463 sibi
977 5409 1179 5462 domini
1224 5409 1307 5462 sui
1361 5408 1494 5461 iram
1533 5415 1814 5478 provocat,
1853 5406 2065 5460 etiamsi
2106 5405 2244 5459 forte

671 5509 865 5556 cuncta
919 5501 1064 5556 illius
1105 5501 1356 5554 mandata
1395 5501 1678 5568 diligenter
1724 5500 2006 5569 peregerit.
2057 5498 2242 5566 Neque

670 5601 954 5659 tantopere
984 5607 1175 5646 servus
1206 5593 1292 5645 ille
1325 5593 1599 5660 proprium
1632 5608 1688 5645 se
1720 5591 1924 5644 domini
1962 5590 2106 5643 illius
2146 5591 2241 5643 de-

667 5693 972 5750 monstrat,
1005 5687 1198 5755 placila
1234 5687 1473 5754 ejusdem
1503 5685 1870 5753 exsequendo,
1907 5693 2241 5753 quantopere

670 5778 904 5831 alienum
953 5793 1007 5832 se
1048 5779 1116 5832 ab
1152 5778 1243 5831 illo
1284 5778 1543 5844 declarat,
1587 5778 1749 5832 alium
1807 5777 1909 5834 sibi
1957 5776 2236 5831 dominum

2370 3153 2434 3222 τῇ
2470 3151 2588 3223 θεία
2635 3153 2849 3222 Γραφῇ,
2899 3153 2990 3204 καὶ
3036 3152 3128 3204 ὑπ’
3173 3153 3343 3222 αὐτῆς
3401 3153 3875 3222 ποδηγείσθωσαν·
3907 3156 3942 3228 ἢ

2369 3243 2585 3314 ἐκείνην
2612 3244 2813 3314 ταύτης
2863 3244 3278 3315 προκρίναντες,
3312 3247 3402 3299 τὸν
3438 3247 3812 3318 ἀντικείμενον
3846 3252 3944 3303 τοῦ

2367 3336 2504 3390 Θεοῦ
2551 3337 2645 3389 τοῦ
2685 3337 2935 3407 Ἀϐραὰμ
2983 3338 3446 3405 προσκυνοῦντες,
3483 3341 3942 3408 ὲγκαλυπτέσθω-

2369 3443 2490 3492 σαν,
2519 3428 2590 3491 ὠς
2615 3428 2756 3497 ψιλῷ
2782 3428 2859 3498 τῷ
2891 3429 2982 3482 τοῦ
3002 3429 3258 3500 Ἀϐραὰμ
3283 3431 3506 3501 ὀνόματι
3540 3433 3699 3502 μόνον
3729 3434 3944 3488 καλλω·

2366 3520 2649 3588 πιζόμενοι
2691 3519 2783 3573 καὶ
2806 3521 3153 3592 ἀκατάλληλα
3183 3524 3294 3585 τοῖς
3313 3524 3597 3594 πράγμασι
3623 3525 3716 3578 καὶ
3750 3529 3940 3596 γραμ-

2369 3632 2504 3685 μασι
2543 3615 3001 3684 κενοφωνοῦντες,
3036 3617 3540 3688 ἐξελεγχέσοωσαν·
3606 3623 3940 3690 μαινομένου

2365 3708 2472 3779 γὰρ
2505 3708 2657 3762 οὐδὲν
2685 3708 2989 3778 διενήνοχεν
3011 3710 3040 3760 6
3071 3710 3244 3779 λέγων
3268 3710 3358 3763 τὸν
3381 3711 3580 3782 Φαραὼ
3607 3713 3700 3765 καὶ
3723 3713 3941 3782 Αὔγου-

2365 3816 2488 3852 στον
2512 3801 2655 3854 κατὰ
2681 3800 2876 3854 ταυτὸν
2922 3802 3344 3871 συμϐασιλεύειν
3377 3804 3586 3873 χρόνον.
3615 3804 3786 3857 Τοῦτο
3825 3809 3939 3878 γὰρ

2362 3893 2590 3946 ἕπεσθαι
2646 3895 2860 3965 ἀνάγκη
2921 3895 3019 3964 τῆς
3073 3895 3309 3965 ἀδελφῆς
3376 3898 3652 3961 Μωῦσέως
3697 3899 3938 3968 Χριστὸν

2363 3981 2596 4048 κυούσης
2618 3997 2630 4011 ⁸
2659 3982 2690 4052 ἢ
2727 3983 2958 4054 Χριστὸν
3011 3985 3151 4053 μετὰ
3179 3984 3452 4054 δισχιλίων
3481 3987 3617 4039 ἐτῶν
3649 3988 3939 4056 περιόδους

2359 4071 2591 4141 γέροντα
2629 4070 2859 4140 ὀφθῆναι
2885 4071 2963 4140 τῷ
2993 4072 3209 4142 Πιλάτῳ
3229 4090 3242 4106 ·
3265 4073 3298 4143 ἢ
3326 4074 3424 4144 τὴν
3455 4075 3673 4146 Μαρίαν
3696 4076 3939 4131 τοσαῦτα

2359 4161 2680 4232 περιϐιῶναι
2711 4162 2744 4233 ἢ
2773 4163 2842 4216 τά
2872 4163 3096 4218 πλείονα
3123 4164 3240 4235 ἐτη.

2358 4274 2506 4340 κεῖν.
2546 4273 2679 4345 Ὅτι
2699 4273 2947 4342 οὐδεμία
2979 4274 3194 4345 ὄνησις
3217 4274 3340 4345 τοῖς
3386 4275 3734 4345 Ἀγαρηνοῐς
3775 4294 3932 4345 περι·

2429 4342 2832 4412 τεμνομένοις,
2871 4345 2967 4397 καὶ
3011 4343 3107 4397 διὰ
3167 4344 3343 4399 τοῦτο
3374 4342 3669 4412 οἰομένοις
3696 4342 3935 4400 ἑαυτῶν·

2283 4418 2326 4472 D
2425 4413 2564 4483 θεὸν
2620 4413 2785 4478 ἔχειν
2832 4415 2940 4467 τὸν
2969 4413 3074 4466 τοῦ
3116 4415 3372 4483 Ἀϐραὰμ
3429 4419 3597 4479 Θεὸν,
3649 4419 3798 4482 πρὸς
3863 4419 3931 4469 τὸ

2427 4482 2616 4545 δεῖξαι
2647 4483 2734 4536 ὅτι
2771 4483 3012 4551 ἀληθῶς
3038 4483 3237 4537 αὐτῶν
3267 4489 3300 4538 ό
3331 4482 3490 4552 ίΘεὸς
3517 4487 3622 4540 τοῦ
3650 4487 3928 4556 Ἀϐραάμ.

2423 4574 2524 4643 ιβ’.
2567 4575 2687 4628 Τῶν
2721 4574 3069 4629 δεσποτικῶν.
3097 4577 3536 4647 προσταγμάτων
3576 4578 3642 4632 τὰ
3692 4579 3792 4648 μὲν
3846 4582 3931 4643 είς

2351 4669 2477 4731 τοὺς
2519 4668 2793 4737 ὑπηκόους
2823 4667 2978 4739 φέρει
3009 4669 3069 4721 τὸ
3104 4669 3294 4739 κέρδος
3325 4671 3403 4724 ὅτ’
3446 4670 3514 4724 ἂν
3565 4671 3928 4740 φυλάττηται,

2352 4761 2420 4815 τά
2447 4761 2502 4813 δὲ
2529 4762 2608 4823 είς
2629 4761 2721 4814 τὸν
2749 4761 3034 4830 δεσπότην,
3067 4760 3138 4813 τα
3168 4761 3223 4814 δὲ
3251 4763 3339 4814 ἐπ’
3371 4763 3575 4833 ἀμφοῖν
3594 4778 3609 4793 ·
3645 4763 3831 4833 ὥσπερ
3861 4764 3928 4834 δὴ

2352 4853 2448 4906 καὶ
2461 4851 2902 4922 ἀποκρουόμενα,
2930 4851 2997 4903 τά
3015 4852 3115 4920 μὲν
3129 4853 3209 4915 είς
3223 4855 3349 4916 τοὺς
3366 4854 3662 4923 ὑπηκόους,
3683 4855 3749 4906 τά
3764 4855 3822 4906 δὲ
3844 4857 3928 4918 εἰς

2349 4947 2474 5008 τοὺς
2502 4945 2785 5010 δεσπότας,
2809 4944 2878 4998 τά
2901 4945 2958 4998 δὲ
2991 4947 3084 4997 καὶ
3115 4948 3193 5008 εἰς
3221 4947 3564 5018 ἀμφοτέρους
3590 4947 3688 5016 τὴν
3716 4948 3927 5016 ζημίαν

2351 5037 2570 5105 ἐπάγει.
2598 5037 2808 5100 Πάντες
2840 5032 2931 5090 οὖν
2956 5037 3114 5090 τοῦτο
3147 5039 3345 5102 ἴσασιν,
3378 5039 3458 5090 ὅτι
3497 5037 3599 5090 κᾶν
3620 5039 3811 5091 ὁποίαν
3839 5056 3926 5100 τις

2348 5129 2414 5184 ἂν
2467 5130 2552 5200 ε-ίη
2612 5127 2897 5199 ἢθετηκὼς
2939 5129 3034 5181 τοῦ
3063 5130 3321 5182 δεσπότου
3365 5129 3603 5199 ἐντολὴν,
3667 5128 3831 5182 αὐτὸν
3863 5129 3923 5182 δὲ

2348 5223 2541 5276 ἑαυτοῦ
2569 5223 2924 5292 ἐπιγράφοιτο
2962 5223 3187 5292 κύριον,
3243 5223 3355 5291 ἔχει
3404 5217 3560 5283 αὖθις
3610 5220 3799 5272 ἐλπίδα
3839 5223 3923 5282 εἰς

2345 5314 2444 5383 τὴν
2497 5313 2720 5383 πρώτην
2771 5311 2984 5365 εὔνοιαν
3028 5313 3436 5366 ἐπισπάσασθαι
3488 5312 3580 5364 τὸν
3610 5311 3917 5384 δεσπότην·

2345 5407 2530 5476 ἕτερον
2564 5405 2620 5456 δὲ
2657 5403 2853 5458 ἑαυτοῦ
2882 5405 3070 5473 κύριον
3101 5405 3559 5476 ἐπιγραφόμενος,
3588 5404 3920 5458 ἀνύποιστον

2345 5500 2444 5566 τὴν
2481 5498 2651 5568 ὀργὴν
2684 5497 2804 5550 καθ’
2831 5498 3024 5550 ἑαυτοῦ
3048 5499 3146 5568 τὴν
3175 5497 3270 5551 τοῦ
3299 5499 3562 5551 δεσπῧτου
3594 5497 3916 5564 ἐφέλκεται,

2346 5591 2447 5645 κᾶν
2490 5592 2664 5651 πάσας
2713 5591 2812 5653 τὰς
2864 5590 3078 5654 ἐντολὰς
3125 5590 3288 5644 αὑτοῦ
3324 5590 3624 5652 σπουδαίως
3658 5591 3913 5660 ἐπιτελῇ·

2344 5683 2438 5737 καὶ
2466 5683 2525 5734 ού
2561 5680 2816 5733 τοσοῦτον
2843 5683 2871 5734 6
2897 5681 3114 5750 οἰκέτης
3149 5682 3356 5744 ἐκεῖνος
3391 5680 3668 5750 γνώριμον
3699 5697 3759 5733 τε
3783 5683 3917 5734 ἐαυ-

2343 5774 2432 5827 τὸν
2469 5773 2755 5841 καθίστησι
2782 5772 2874 5826 τοῦ
2911 5775 3102 5830 ἑαυτοῦ
3129 5775 3389 5828 δεσπότου
3417 5773 3604 5827 δοῦλον
3637 5768 3802 5838 εἶναι,
3846 5776 3912 5828 ὲκ
