4168 6450
220 393 326 454 793

1390 393 1822 455 REFUTATIO
1857 394 2329 457 MOHAMEDIS.

3357 396 3459 459 794

222 502 317 555 τοῦ
349 501 417 555 τὰ
451 501 662 555 ἐκείνου
717 499 924 570 ἀρεστά
976 499 1267 570 ἐπιτελεῖν,
1319 505 1443 556 ὅσον
1506 504 1784 575 ἀλλότριος

1892 505 2532 572 asciscendo.Quodnam
2554 504 2695 559 enim
2729 508 2921 562 medici
2946 506 3182 562 famulus
3207 504 3462 559 indicium

217 593 595 659 ἀναφαίνεται,
628 594 691 645 ὲκ
724 592 819 645 τοῦ
852 592 1041 663 ἕτερον
1076 592 1267 657 ἑαυτοῦ
1304 594 1662 647 εἰσποιεῖσθαι
1701 595 1789 646 δε-

222 687 449 753 σπότην.
472 688 627 738 Ποῖον
653 686 759 757 γὰρ
792 688 1016 757 σημεῖον
1046 680 1265 757 οῑκέτης
1298 689 1482 758 ίατροῦ
1502 690 1791 755 ἐπάγεται,

216 776 311 828 τοῦ
346 773 485 829 εἶναι
535 779 697 831 αὐτὸν
727 779 918 849 κόριον
963 778 1055 832 νῦν
1087 779 1176 832 τὸν
1212 780 1427 850 ίατρόν;
1485 781 1562 833 ὅτ’
1608 779 1673 832 ἂν
1722 779 1792 832 τά

220 868 319 936 μὲν
372 869 470 933 τῆς
512 868 709 939 τέχνης
764 871 944 934 καλῶς
979 871 1239 939 γινώσκει
1295 873 1389 926 καὶ¹
1440 874 1670 942 πράττει
1716 872 1792 936 ώς

216 953 411 1006 ἑαυτοῦ
444 954 691 1023 βούλεται
722 956 1009 1025 δεσπότης,
1059 957 1246 1027 ἑτέρου
1286 958 1343 1011 δὲ
1388 958 1649 1011 δεσπότου
1680 958 1794 1011 δοῦ-

216 1045 307 1097 λον
347 1046 537 1099 ἐαυτὸν
574 1047 914 1119 ὑπογράφει;
963 1049 1116 1104 οὐδὲν
1156 1052 1263 1121 γάρ
1318 1052 1455 1103 εἰσιν
1493 1051 1679 1123 ’έτερον
1735 1054 1790 1105 αἱ

217 1137 403 1190 λοιπαὶ
427 1140 642 1193 ἐντολαὶ
686 1141 780 1193 τοῦ
819 1141 978 1208 Θεοῦ,
1011 1143 1184 1214 ἀλλ’ἢ
1227 1143 1409 1197 αὐτῶν
1444 1146 1654 1217 ἰατρεία
1697 1146 1793 1199 καὶ

216 1228 483 1297 ὠφέλεια·
514 1234 548 1302 ή
579 1232 633 1284 δὲ
676 1235 755 1296 εἰς
788 1232 921 1290 Θεὸν
956 1236 1161 1299 πίστις,
1200 1236 1281 1298 είς
1304 1234 1467 1289 αὐτὸν
1498 1237 1596 1307 τὴν
1633 1236 1792 1301 δόξαν

215 1320 567 1390 ἁποκομίζει,
597 1322 958 1393 βεϐαιούντων
984 1326 1140 1395 ἡμῶν
1157 1328 1239 1379 ὅτι
1269 1327 1400 1391 Θεὸς
1426 1328 1631 1398 ἀληθής
1652 1330 1789 1395 ἐστι,

217 1414 305 1466 καὶ
357 1414 441 1467 ὃτι
482 1418 517 1486 ἠ
546 1418 853 1489 Δεσποτικὴ
890 1418 1073 1488 σχέσις
1111 1419 1475 1484 ἀδιάσπαστος
1518 1425 1793 1493 συντηρεῖ-

215 1521 328 1558 ται.
363 1508 576 1579 Ὥσπερ
607 1506 699 1562 οῦν
728 1512 823 1564 καὶ
846 1512 901 1563 αἱ
934 1511 1221 1581 ἀθετήσεις
1255 1513 1365 1566 τῶν
1409 1514 1611 1567 λοιπῶν
1640 1517 1791 1569 ἐντο-

216 1595 521 1669 λῶν,ήμῶν
557 1600 657 1670 μὲν
680 1602 859 1656 αὐτῶν
894 1603 1137 1671 γίνονται
1167 1605 1408 1676 ὄλεθρος,
1438 1607 1471 1677 ἡ
1495 1607 1552 1659 δὲ
1574 1608 1671 1677 τῆς
1692 1609 1789 1662 αὑ-

215 1686 307 1740 τοῦ
334 1689 654 1756 δεσποτείας
671 1696 1007 1766 παραγραφὴ
1033 1697 1195 1751 αὑτὸν
1220 1697 1429 1769 ὑϐρίζει
1454 1698 1543 1751 τὸν
1565 1699 1786 1769 Κύριον

217 1781 347 1834 πότε
412 1783 504 1836 οῦν
555 1787 928 1858 σφοδροτέρως
994 1791 1117 1843 καθ’
1156 1790 1313 1861 ἡμῶν
1366 1791 1787 1862 ὀργισθήσεται;

1893 596 2132 663 exhibet,
2178 613 2336 652 suum
2376 612 2497 661 esse
2532 598 2810 652 dominum
2846 600 2938 669 qui
2986 614 3129 653 nunc
3166 598 3407 652 medetur
3448 614 3462 659 ;

1893 686 1935 741 si
1967 698 2137 741 artem
2165 687 2379 755 quidem
2410 690 2542 744 bene
2570 698 2759 744 noscat
2788 701 3165 761 exerceatque,
3193 697 3354 759 prout
3377 686 3465 742 sui

1891 778 2095 832 domini
2128 779 2378 833 voluntas
2407 788 2509 841 est,
2539 780 2712 835 nihilo
2734 790 2911 833 tamen
2946 781 3125 834 minus
3156 778 3381 834 alterius
3406 792 3467 831 se

1893 870 2095 925 domini
2143 887 2360 927 servum
2399 870 2611 926 faciat?
2648 871 2781 926 Nam
2835 872 3041 940 reliqua
3088 871 3179 924 Dei
3214 871 3465 924 mandata

1894 962 2027 1016 nihil
2061 963 2203 1016 aliud
2237 973 2384 1026 sunt,
2404 978 2567 1033 quam
2593 964 2869 1017 hominum
2898 961 3108 1017 medela
3139 969 3192 1016 et
3223 962 3463 1016 utilitas:

1896 1054 2026 1109 fides
2056 1055 2109 1108 in
2159 1054 2326 1110 Deum
2360 1065 2563 1121 tamen,
2603 1056 2668 1109 ad
2702 1055 2864 1124 hujus
2906 1055 3131 1126 gloriam
3179 1054 3464 1117 redundat,

1894 1147 2283 1203 affirmantibus
2326 1148 2508 1210 nobis,
2547 1148 2715 1202 Deum
2750 1162 2939 1202 revera
2979 1161 3117 1214 esse,
3161 1156 3214 1201 et
3243 1145 3467 1200 relatio-

1896 1254 2017 1294 nem
2071 1256 2191 1296 cum
2226 1240 2456 1295 Domino
2499 1256 2527 1294 a
2572 1240 2726 1295 nobis
2764 1239 3088 1295 incolumem
3128 1237 3464 1293 conservari.

1896 1332 2156 1387 Similiter
2184 1334 2519 1402 reliquorum
2539 1341 2931 1400 praeceptorum
2956 1331 3279 1386 violationes
3310 1329 3468 1384 nobis

1894 1425 2114 1494 quidem
2158 1424 2409 1481 exitiales
2453 1433 2603 1489 sunt,
2638 1426 2731 1480 sed
2750 1424 2932 1496 divini
2977 1423 3209 1478 dominii
3248 1422 3468 1493 negatio

1894 1518 1993 1588 ipsi
2029 1517 2256 1571 Domino
2287 1518 2675 1572 contumeliam
2709 1516 2853 1571 facit.
2893 1515 3251 1582 Quandonam
3285 1516 3468 1583 itaque

1892 1614 2113 1683 gravius
2147 1614 2302 1668 nobis
2332 1615 2598 1669 irascetur
2629 1613 2774 1669 Deus
2798 1613 2822 1667 ?
2844 1614 3048 1682 Nempe
3074 1627 3197 1667 cum
3230 1611 3276 1666 is
3307 1627 3335 1666 a
3366 1626 3467 1684 no—

1892 1704 1977 1759 bis
2021 1706 2326 1775 negabitur,
2359 1716 2418 1761 ut
2453 1721 2645 1761 omnes
2674 1706 2871 1762 sciunt.
2909 1703 3059 1759 Hanc
3082 1720 3228 1759 nunc
3259 1704 3327 1759 de
3358 1702 3467 1757 Deo

1893 1796 2193 1851 doctrinam
2238 1798 2383 1852 circa
2423 1797 2791 1851 Abrahamum
2835 1811 2897 1851 ac
2933 1794 3304 1851 Mohamedem
3345 1808 3467 1862 per.-

215 1873 595 1945 ἀῦετούμενος,
627 1873 804 1948 οἶμαι,
832 1880 860 1933 ὃ
894 1882 1097 1945 πάντες
1127 1882 1299 1935 ἴσασι.
1350 1883 1549 1937 Τοῦτον
1576 1883 1669 1937 οῦν
1699 1883 1784 1937 τὸν

1897 1898 2209 1944 tractemus.
2264 1889 2410 1943 Dixit
2444 1888 2585 1944 Deus
2634 1889 2943 1945 Abrahamo
2976 1905 2992 1943 :
3027 1908 3045 1940 (
3080 1858 3469 1942 Circumcidite

215 1964 369 2033 λόγον
398 1968 493 2021 ἐπί
522 1987 580 2023 τε
629 1972 881 2044 Ἀϐραὰμ
940 1976 1036 2029 καὶ
1066 1974 1308 2045 Μωάμετ
1359 1977 1488 2046 περὶ
1515 1976 1649 2030 Θεοῦ
1690 1993 1789 2043 γυ-

218 2062 387 2128 μνάσο
395 2079 519 2130 μεν.
540 2058 707 2118 Εἶπεν
741 2067 768 2118 ό
790 2065 923 2130 Θεὸς
946 2066 1024 2137 τῷ
1040 2066 1290 2138 Ἀϐραάμ
1308 2086 1320 2099 ο
1355 2087 1374 2120 ι
1396 2068 1787 2139 Περιτεμεῖσθε

212 2150 308 2222 τὴν
334 2156 711 2225 ἀκροϐυστίαν
752 2160 851 2229 τῆς
887 2160 1090 2230 σαρκὸς
1122 2161 1312 2229 ὑμῶν’
1352 2180 1370 2211 ι
1432 2162 1578 2213 ποιεῖ
1632 2161 1788 2213 τοῦτο

214 2247 301 2296 καὶ
326 2248 595 2317 Μωάμετ.
640 2247 809 2303 Εἶπεν
850 2253 879 2305 ό
929 2251 1062 2315 Θεὸς
1105 2254 1181 2323 τῷ
1216 2252 1492 2323 Ἀϐραάμ·
1534 2273 1551 2305 ι
1589 2253 1662 2305 Οὐ
1695 2254 1789 2305 λα-

213 2337 465 2405 τρεύσεις
498 2340 618 2410 Θεῷ
653 2342 846 2413 ἑτέρῳ,
885 2342 1024 2415 πλὴν
1054 2342 1259 2414 Κυρίου
1306 2342 1398 2395 τοῦ
1440 2342 1574 2396 Θεοῦ
1611 2359 1733 2395 σου·
1764 2362 1782 2395 ι

212 2427 367 2481 τοῦτο
395 2430 623 2499 ποιῆσαι
654 2434 901 2501 Μωάμετ
926 2435 1026 2487 οὐκ
1050 2435 1300 2504 ἀνέχεται
1323 2452 1337 2465 ·
1362 2436 1657 2503 προσκυνεῖ
1680 2434 1787 2505 γάρ

212 2522 285 2589 τῷ
306 2522 533 2594 Χουϐἀρ
563 2524 765 2596 εἰδώλῳ
793 2526 907 2578 όντι
943 2528 1294 2597 ἀρχαιοτάτῳ
1325 2529 1453 2597 περὶ
1476 2528 1573 2596 τὴν
1597 2527 1786 2598 Ἔθρι-

212 2612 300 2665 ϐον
327 2614 560 2685 ἔρημον,
600 2620 693 2671 καὶ
732 2616 811 2687 τῷ
856 2618 1059 2688 Μάκαχ
1088 2657 1103 2681 ,
1139 2620 1276 2689 ὅπερ
1308 2620 1474 2687 φασὶν
1501 2620 1581 2680 είς
1616 2617 1786 2671 τύπον

209 2704 305 2773 τῆς
349 2707 674 2780 ’Δφροδίτης
703 2709 1104 2781 διαγεγράφοαι
1135 2710 1248 2780 (97)
1271 2751 1284 2764 .
1335 2711 1411 2763 Οὐ
1442 2710 1661 2764 δύναται
1693 2709 1784 2763 οὖν

209 2798 336 2850 Θεὸν
366 2798 565 2852 ἑαυτοῦ
598 2800 742 2871 ἔχειν
780 2805 807 2856 ὁ
837 2804 1083 2873 Μωάμετ
1124 2803 1214 2856 τὸν
1246 2801 1380 2855 Θεὸν
1428 2802 1703 2874 Ἀϐραὰμ,
1734 2804 1783 2856 εἰ

211 2888 303 2940 καὶ
326 2887 599 2958 σύμϐολον
646 2892 867 2963 ἐντολῆς
897 2891 1065 2947 αὐτοῦ
1098 2894 1199 2965 τὴν
1232 2892 1537 2975 περιτομὴν
1579 2894 1785 2961 ἐπάγε-

208 2993 318 3043 ται,
348 2980 440 3033 διὰ
469 2981 528 3035 τὸ
553 2984 633 3046 είς
655 2984 841 3052 ἕτερον
865 2985 1055 3039 ἑαυτὸν
1085 2985 1404 3055 μεθιστάναι
1428 2984 1561 3039 Θεόν
1582 3003 1595 3016 υ
1621 2985 1784 3048 αὐτὸς

209 3072 310 3141 γὰρ
339 3075 561 3144 εἰρήκει
582 3089 598 3104 ⁶
641 3095 659 3127 ι
701 3076 845 3149 Πλὴν
880 3078 1083 3149 Κυρίου
1108 3077 1200 3131 τοῦ
1235 3076 1370 3131 Θεοῦ
1398 3095 1492 3130 σου
1515 3094 1528 3108 ·
1560 3096 1578 3129 ι
1609 3078 1642 3149 ἡ
1675 3077 1784 3148 γὰρ

208 3166 387 3231 ἀπλῶς
417 3171 714 3242 περιτομὴ,
750 3173 950 3242 σαρκὸς
988 3174 1123 3244 μόνη
1173 3175 1320 3226 ἐστὶν
1367 3174 1658 3244 ἀφαίρεσις
1687 3172 1779 3226 τοῦ
1808 3197 1851 3256 c

210 3261 694 3331 περιτεμνομένου,
750 3263 865 3317 ἀλλ’
894 3264 993 3317 οὐκ
1024 3264 1297 3331 ἀπόδειξις
1353 3265 1452 3335 τῆς
1493 3265 1634 3318 κατά
1678 3264 1778 3334 τὴν

207 3342 448 3400 δουλείαν
492 3349 585 3402 καὶ
634 3350 952 3404 δεσποτείαν
995 3354 1268 3422 σχέσεως·
1316 3353 1506 3424 ὥσπερ
1545 3354 1666 3407 οὐδὲ
1719 3354 1779 3407 τὸ

207 3438 504 3508 κεχρῆσθαι
529 3440 620 3493 τὸν
653 3443 719 3495 ἐκ
754 3442 848 3496 τοῦ
896 3444 1081 3514 ίατροῦ
1116 3444 1521 3515 δραπετεύοντα
1560 3445 1778 3517 οἰκέτην

205 3528 269 3581 τὰ
298 3531 397 3600 τῆς
430 3533 708 3604 ίατρικῆς,
752 3537 830 3599 είς
856 3536 1045 3608 ἕτερον
1082 3538 1547 3608 ἀνακεχωρηκότα
1576 3538 1773 3591 δεσπό-

206 3634 319 3688 την,
349 3621 443 3675 τοῦ
492 3618 633 3675 εἶναι
683 3624 847 3678 αὑτὸν
877 3626 970 3678 τοῦ
1014 3628 1199 3697 ἰατροῦ
1231 3628 1449 3698 οἰκέτην
1498 3628 1775 3693 ἀπόδειξις

206 3705 302 3770 ἦν·
352 3713 535 3783 μάτην
566 3714 674 3786 ἄρα
705 3716 827 3770 Θεὸν
858 3717 1037 3770 αὐτῶν
1076 3719 1370 3789 Ἀγαρηνοὶ
1417 3719 1633 3787 λέγουσι
1682 3720 1775 3772 τὸν

1892 1984 2213 2051 νγεῐνριιιὶυιη
2237 1980 2420 2035 carnis
2439 1988 2663 2035 vestrae:
2692 1999 2709 2032 ι
2742 1981 2845 2035 hoc
2861 1978 2989 2033 facit
3006 1979 3167 2033 etiam
3191 1977 3468 2031 Mohame—

1889 2072 2004 2127 des.
2047 2071 2193 2125 Dixit
2233 2070 2374 2126 Deus
2400 2071 2753 2126 Abrahamo:
2795 2090 2813 2123 ι
2845 2069 2963 2125 Non
3011 2069 3262 2124 adorabis
3294 2067 3463 2121 Dcum

1888 2172 2084 2232 praeter
2106 2162 2397 2218 Dominum
2424 2175 2573 2218 tuum
2602 2180 2614 2215 :
2640 2183 2658 2213 )
2693 2163 2794 2217 hoc
2824 2177 2981 2233 agere
3001 2160 3341 2215 Mohamedes
3358 2174 3465 2213 non

1888 2255 2127 2325 patitur;
2160 2256 2352 2310 adorat
2380 2256 2525 2310 enim
2552 2256 2753 2309 idolum
2780 2255 3000 2309 Cltubar
3020 2253 3464 2322 antiquissimum

1890 2346 1943 2398 in
1974 2345 2188 2400 deserto
2220 2344 2447 2399 Ethribo
2479 2363 2493 2410 ;
2534 2346 2770 2414 itemque
2801 2344 3044 2409 Macach,
3077 2342 3221 2412 quod
3257 2341 3322 2395 ad
3356 2339 3462 2394 Ve-

1888 2436 2033 2491 neris
2055 2437 2277 2507 figuram
2308 2436 2646 2489 elaboratum
2672 2436 2843 2489 aiunt.
2873 2435 3068 2503 Nequit
3089 2434 3270 2503 itaque
3292 2432 3459 2487 Deum

1887 2544 2044 2584 suum
2078 2529 2277 2584 habere
2311 2528 2658 2583 Mohamedes
2696 2528 2988 2582 Abrahami
3026 2528 3213 2589 Deum,
3245 2526 3458 2579 etiamsi

1886 2620 2193 2690 symbolum
2254 2621 2494 2674 mandati
2553 2624 2669 2689 ejus
2731 2620 3205 2675 circumcisioncm
3262 2619 3462 2685 gerit,

1886 2709 2325 2779 quandoquidem
2373 2711 2439 2764 ad
2493 2711 2656 2764 alium
2714 2727 2772 2767 se
2820 2709 2985 2764 Deum
3025 2709 3318 2763 transtulit.
3370 2707 3465 2761 Ille

1885 2810 2066 2855 autem
2105 2802 2347 2871 jusserat
2378 2822 2390 2857 :
2442 2821 2459 2852 ‹
2495 2800 2713 2855 Nullum
2746 2811 2937 2871 prmter
2971 2799 3260 2854 Dominum
3293 2798 3463 2852 Deum

1885 2900 2038 2947 tuum
2065 2894 2231 2948 coles.
2271 2911 2289 2943 ι
2320 2892 2456 2946 Nam
2485 2893 2712 2962 simplex
2747 2894 3113 2957 circumcisio,
3142 2891 3321 2944 carnis
3343 2888 3465 2958 qui-

1885 2986 2005 3039 dem
2038 2995 2117 3040 est
2149 2986 2351 3039 ablatio
2386 2985 2505 3055 ejus
2533 2988 2627 3054 qui
2655 2986 3097 3049 circumciditur,
3132 2998 3239 3036 non
3281 2991 3461 3035 tamen

1884 3078 2279 3132 demonstratio
2327 3078 2469 3131 inter
2499 3078 2814 3131 servitutem
2846 3088 2898 3131 et
2940 3076 3278 3131 dominatum
3317 3074 3462 3127 rela-

1885 3168 2089 3223 tionis:
2140 3168 2281 3223 sicut
2307 3170 2490 3234 etiam,
2524 3183 2633 3223 non
2677 3169 2795 3222 ideo
2824 3167 2953 3237 quia
2982 3181 3171 3221 servus
3198 3164 3460 3234 fugitivus

1884 3261 2092 3316 domini
2150 3263 2234 3317 sui
2292 3262 2486 3317 medici
2542 3271 2712 3316 artem
2752 3273 2989 3323 exercet,
3032 3273 3155 3311 cum
3194 3257 3260 3310 ad
3292 3256 3459 3309 alium

1884 3350 2190 3421 confugerit
2213 3352 2519 3417 dominum,
2551 3367 2655 3404 non
2683 3350 2822 3413 ideo,
2855 3350 3097 3418 inquam,
3120 3348 3461 3401 demonstrat

1884 3458 1943 3501 se
1986 3444 2181 3499 medici
2220 3459 2342 3498 esse
2384 3444 2669 3498 famulum.
2722 3443 2946 3496 Temere
2997 3441 3177 3507 itaque
3222 3437 3460 3506 Agareni

1887 3537 2048 3593 deum
2085 3553 2244 3592 suum
2278 3537 2466 3591 dicunt
2505 3536 2799 3589 Abrahami
2846 3534 3038 3587 Deum.
3074 3530 3208 3585 Nam
3241 3528 3460 3584 etiamsi

1875 3628 2005 3683 olim
2039 3628 2179 3683 forte
2212 3628 2395 3692 fuerit,
2427 3642 2571 3681 nunc
2592 3638 2738 3680 certe
2765 3641 2886 3680 cum
2913 3625 3168 3680 Chubare
3193 3632 3245 3677 et
3273 3621 3458 3675 Multa-

1852 3710 1858 3724 ’
1884 3720 2061 3783 mede,
2092 3720 2227 3775 deus
2254 3719 2498 3789 ipsorum
2531 3734 2637 3771 non
2668 3729 2770 3772 est.

205 3806 329 3860 Θεὸν
364 3810 460 3863 τοῦ
496 3810 779 3882 Ἁϐραάμ·
818 3812 1093 3883 ἐφάνησαν
1138 3814 1247 3885 γάρ
1294 3814 1634 3884 ψευδόμενοι.
1691 3816 1754 3868 Εἰ
1792 3812 1900 3886 γὰρ
1943 3816 2037 3869 καὶ
2065 3810 2131 3887 ἦν
2175 3814 2356 3869 αὐτῶν
2403 3831 2532 3866 ποτε
2580 3814 2736 3877 Θεὸς,
2811 3812 2947 3866 ἀλλὰ
2996 3810 3091 3864 νῦν
3161 3809 3297 3881 μετὰ
3365 3810 3459 3861 τοῦ

204 3893 413 3976 Χουϐἀρ
442 3906 540 3960 καὶ
573 3907 669 3960 τοῦ
693 3908 961 3979 Μωάμετ,
996 3910 1095 3963 οὐκ
1123 3909 1270 3963 ἔστιν
1292 3911 1470 3965 αὐτῶν
1495 3910 1637 3976 θεός.

581 4003 711 4059 KZ'.
756 4007 946 4059 ’Ἄλλο
976 4009 1063 4072 εἰς
1097 4008 1163 4060 τὸ
1192 4010 1363 4065 αὑτό.

266 4094 377 4161 ις’.
424 4096 543 4150 Πᾶν
591 4097 653 4150 τὸ
702 4096 760 4149 ὃν
809 4081 1047 4168 ἀληοῶξ,
1102 4099 1162 4163 εξ
1209 4101 1473 4169 ὀνόματος
1523 4101 1639 4170 ἅμα
1680 4099 1775 4154 και

204 4188 521 4258 πράγματος
551 4188 914 4260 γνωρίζεταιο
945 4192 992 4242 εί
1015 4191 1071 4243 δὲ
1104 4191 1365 4261 διαιροῖτο
1406 4193 1486 4255 είς
1535 4192 1649 4257 δύο,
1694 4192 1775 4257 εἴς

201 4291 256 4327 τε
282 4277 451 4347 ὄνομα
475 4279 657 4348 μόνον,
712 4279 807 4332 καὶ
835 4281 1067 4350 πρᾶγμα
1103 4282 1282 4350 μόνον,
1311 4281 1509 4352 πλανᾷ.
1561 4284 1771 4353 Ὀνομα

203 4364 252 4417 δὲ
278 4368 435 4435 μόνον
479 4368 632 4420 καλῶ
670 4369 731 4421 τὸ
772 4369 978 4440 ἔρημον
1019 4371 1113 4423 τοῦ
1146 4373 1346 4425 οἰκείου
1388 4372 1603 4443 ἀληθῶς
1629 4376 1771 4446 πρά-

203 4475 431 4528 γματος·
480 4463 716 4530 πρᾶγμα
758 4462 813 4515 δὲ
859 4462 1018 4532 μόνον
1052 4464 1112 4516 τὸ
1178 4463 1384 4534 ἔρημον
1431 4466 1525 4519 τοῦ
1568 4469 1768 4521 οίκείου

205 4552 410 4623 ἀληθῶς
442 4554 533 4608 όνό
542 4572 735 4623 ματος,
758 4555 873 4609 ἀλλ’
899 4558 1000 4609 οὐκ
1025 4555 1308 4627 ἀνώνυμον
1325 4573 1339 4588 ⁸
1359 4558 1418 4623 ὲξ
1441 4560 1643 4629 ἀμφοῖν
1668 4560 1768 4630 μὲν

2224 4002 2439 4057 XXVII.
2475 4001 2548 4056 De
2574 4002 2752 4054 eodem
2795 4006 3122 4068 argumento.

1952 4096 2041 4153 96.
2094 4100 2264 4151 Omne
2306 4096 2453 4165 quod
2499 4111 2624 4150 vere
2662 4092 2895 4159 exsistit,
2932 4107 2998 4145 ex
3036 4089 3259 4144 nomine
3293 4086 3458 4143 simul

1881 4200 1937 4246 et
1960 4206 2026 4245 ex
2054 4205 2112 4244 re
2152 4190 2518 4259 cognoscitur.
2566 4187 2620 4241 Si
2674 4196 2854 4240 autem
2905 4185 2958 4239 in
3009 4184 3119 4238 duo
3163 4182 3456 4245 dividatur,

1881 4298 2075 4352 nempe
2105 4282 2158 4336 in
2192 4296 2387 4335 nomen
2416 4281 2593 4335 solum
2626 4293 2851 4348 remque
2877 4276 3070 4339 solam,
3102 4275 3322 4344 decipit.
3350 4273 3458 4327 Νυ-

1880 4389 2004 4427 men
2048 4373 2224 4427 solum
2275 4381 2455 4425 autem
2499 4371 2735 4440 appello,
2770 4368 2917 4437 quod
2966 4367 3184 4437 propria
3237 4380 3359 4419 vere
3398 4379 3457 4417 re

1876 4475 2027 4522 caret
2051 4485 2065 4520 :
2099 4466 2449 4534 vicissimque
2472 4467 2642 4520 solam
2675 4478 2810 4528 rem,
2837 4478 2959 4531 quae
2984 4477 3085 4515 suo
3108 4474 3237 4513 vero
3270 4457 3450 4510 nomi-

1876 4575 1945 4614 ne
1973 4569 2142 4623 caret,
2176 4560 2269 4614 sed
2306 4566 2485 4611 tamen
2518 4572 2625 4612 non
2654 4566 2735 4611 est
2765 4568 3057 4625 anonynta.
3090 4553 3164 4606 Ex
3188 4550 3454 4605 ambobus

202 4645 283 4699 οῦν
309 4649 508 4715 γνῶσις
530 4648 739 4719 ἀληθὴς
768 4648 1105 4714 συνίσταται,
1131 4652 1194 4703 ὲκ
1218 4651 1277 4704 δὲ
1301 4651 1531 4723 Θατέρου
1561 4652 1768 4723 ἀπάτη·

1884 4667 2006 4706 vera
2032 4652 2272 4721 cognitio
2304 4651 2592 4707 coniicitur
2622 4666 2636 4714 ;
2669 4664 2731 4704 ex
2770 4649 3033 4701 alterutro
3064 4655 3243 4697 autem
3274 4658 3451 4696 error.

203 4743 287 4793 καὶ
309 4742 465 4796 τοῦτό
494 4746 616 4796 ἐστι
648 4743 707 4796 τὸ
756 4744 942 4798 ποιοῦν
976 4745 1221 4814 ὁμονοεῖν
1257 4761 1317 4798 τε
1343 4746 1440 4799 κα)⁵
1470 4746 1768 4818 ἀλλοτρίως

202 4833 332 4903 ἔχειν
362 4836 490 4906 περί
523 4854 577 4888 τι
614 4838 751 4907 πρὸς
788 4837 1017 4901 ἑαυτοὺς
1046 4840 1172 4899 τοὺς
1216 4837 1568 4908 ἀνθρώπουςο
1611 4840 1769 4911 διττὴ

200 4926 249 4979 δὲ
275 4930 363 4982 τοῦ
390 4930 559 5001 μόνου
588 4930 851 5000 ὀνόματος
876 4934 909 5002 ἡ
926 4933 1131 5004 ἀπάτη,
1158 4934 1234 4987 ὅτ’
1260 4933 1326 4987 ἂν
1346 4934 1516 5006 μηδὲν
1545 4935 1765 5007 μηδαμῆ

204 5022 447 5093 σημαίνῃ,
483 5022 583 5076 καὶ
609 5024 688 5076 ὅτ’
722 5022 787 5076 ἂν
821 5024 913 5077 τοῦ
950 5025 1151 5078 οίκείου
1186 5026 1481 5098 ἀφαιρεθὲν
1504 5028 1766 5099 πράγμα-

202 5126 282 5173 τος
306 5115 629 5183 προσκέοιτο
656 5115 735 5186 τῷ
761 5116 1040 5170 ἀπεοικότι
1056 5134 1071 5149 ·
1090 5118 1147 5171 τὸ
1166 5118 1221 5171 δὲ
1247 5122 1509 5189 σημαῖνον
1536 5119 1766 5190 διάφορα

202 5201 384 5273 ἀληθῆ,
410 5208 614 5260 οἰκεῖον
646 5207 712 5260 ἂν
744 5208 975 5262 ἑκάστου
1005 5211 1098 5262 καὶ
1129 5210 1265 5279 ὁμοῦ
1310 5210 1526 5264 καλοῖτο
1555 5212 1725 5281 ὄνομα
1748 5226 1762 5241 ’

205 5298 421 5365 πρᾶγμα
469 5299 527 5351 δὲ
557 5298 758 5369 ἀληθὲς
800 5298 916 5353 ἔστι
949 5301 1043 5353 καὶ
1085 5300 1429 5371 ὀνομάζεται,
1468 5302 1529 5354 τὸ
1552 5302 1659 5355 τῶν
1688 5304 1766 5356 οἰ-

207 5388 354 5441 κείων
375 5389 473 5459 τῆς
504 5391 697 5453 οὐσίας
724 5391 985 5455 ἀνενδεῶς
1022 5392 1117 5445 καὶ
1142 5393 1449 5463 ἁπερίττως
1471 5394 1645 5457 σῶζον
1674 5394 1765 5447 λό-

205 5496 289 5546 γον
308 5501 319 5512 ·
343 5485 514 5556 ὄνομα
540 5487 599 5539 δὲ
624 5487 848 5557 ἀληθὲς,
883 5490 1021 5559 ὅπερ
1073 5490 1102 5542 ό
1132 5488 1225 5542 τοῦ
1259 5490 1584 5561 πράγματος
1610 5490 1765 5557 λόγος

207 5577 471 5644 σημαίνειν
504 5579 776 5648 βούλεται.
797 5579 933 5634 Οῦτε
961 5581 1056 5636 οῦν
1081 5581 1142 5634 τὸ
1170 5585 1401 5655 πρᾶγμα
1430 5582 1504 5646 ὡς
1531 5584 1764 5653 πρᾶγμα

209 5667 369 5741 πλανᾷ
387 5689 399 5701 ο
432 5671 561 5726 οὔτε
584 5673 644 5726 τὸ
673 5674 863 5743 ὄνομα,
891 5675 963 5739 ὡς
990 5675 1160 5747 ὄνομα
1189 5678 1388 5730 οἰκείου
1420 5678 1762 5747 πράγματος,

1876 4743 2052 4814 Atque
2080 4744 2183 4797 hoc
2216 4751 2319 4807 est,
2348 4742 2493 4812 quod
2529 4740 2840 4797 consentire
2869 4738 2950 4792 vel
2979 4736 3271 4791 dissentire
3311 4735 3452 4787 inter

1877 4851 1937 4892 se
1966 4835 2212 4889 homines
2238 4834 2305 4888 de
2335 4834 2515 4901 aliqua
2550 4849 2609 4887 re
2639 4831 2790 4887 facit.
2821 4830 3026 4898 Duplex
3065 4842 3224 4896 porro
3256 4835 3337 4879 cst
3367 4841 3453 4878 so-

1876 4930 1982 4984 lius
2004 4928 2242 4981 nominis
2265 4927 2541 4995 dcccptio:
2566 4926 2783 4995 quando
2802 4923 3048 4978 videlicet
3069 4921 3202 4975 nihil
3228 4919 3452 4973 omnino

1876 5020 2165 5092 signiﬁcat,
2184 5029 2238 5074 et
2258 5020 2478 5089 quando
2499 5035 2527 5073 a
2558 5019 2774 5088 prepria
2802 5032 2860 5071 re
2879 5018 3235 5076 abstractum,
3258 5013 3451 5070 alit-me

1874 5114 2162 5169 addicitur.
2224 5112 2379 5179 Quod
2439 5113 2592 5181 plura
2653 5127 2777 5166 vera
2827 5111 3114 5179 signiﬁcat,
3168 5106 3447 5176 proprium

1874 5208 2306 5277 uniuscujusque
2343 5207 2615 5276 simulque
2647 5205 2844 5260 dicitur
2876 5219 3096 5258 nomen.
3130 5201 3237 5255 Res
3265 5210 3445 5254 autem

1870 5309 1925 5356 et
1952 5315 2076 5355 vera
2118 5308 2202 5356 est
2229 5312 2283 5354 et
2305 5299 2503 5352 dicitur
2526 5341 2540 5364 ,
2571 5314 2690 5368 qua:
2722 5299 2839 5351 sine
2869 5295 3083 5350 defectu
3126 5305 3181 5348 et
3211 5295 3330 5347 sine
3364 5308 3451 5344 rc-

1868 5392 2165 5448 dundantia
2193 5392 2579 5461 proprietatum
2610 5390 2927 5445 substantia:
2949 5388 3210 5442 rationem
3244 5393 3445 5438 servat.

1874 5485 2071 5541 Verum
2095 5486 2330 5555 denique
2353 5500 2547 5538 nomen
2576 5496 2678 5547 est,
2707 5484 2851 5553 quod
2873 5484 2948 5535 rei
2978 5483 3115 5535 ratio
3140 5478 3447 5547 significare

1866 5580 2000 5635 vult.
2038 5578 2223 5650 Neque
2275 5593 2382 5640 res,
2420 5587 2690 5647 quatenus
2722 5593 2810 5631 res
2838 5585 2940 5640 est,
2972 5575 3173 5643 decipit
3207 5592 3220 5626 :
3270 5586 3447 5641 neque

1866 5688 2087 5741 nomen,
2115 5682 2382 5744 quatenus
2415 5685 2607 5725 nomen
2637 5682 2718 5726 est
2742 5671 2972 5740 prOpriae
2998 5668 3098 5739 rei,
3124 5667 3180 5723 in
3202 5680 3443 5723 errorem

269 5846 372 5918 (97)
404 5849 601 5907 Recole
622 5868 741 5921 quzc
772 5853 1149 5911 annotavimus
1187 5856 1287 5911 col.
1309 5854 1429 5922 720,
1477 5872 1529 5910 n.
1570 5856 1652 5925 l7,
1681 5872 1801 5911 cum
1845 5855 2089 5913 Rclaudo
2118 5854 2255 5911 hunc
2288 5852 2650 5910 idololatriam
2684 5858 2931 5923 negante.
