4168 6450
680 397 785 459 ’795

1924 390 2218 452 NICET/E
2260 389 2669 451 BYZANTINI

3833 387 3953 450 τί)ξῖ

682 508 894 564 inducit
929 525 942 560 :
974 505 1066 562 sed
1099 513 1153 558 ut
1179 503 1405 559 alterius
1441 505 1516 559 rei
1551 505 1603 558 in
1646 504 1813 558 altera
1849 517 1905 557 re
1935 519 2154 566 nomen,
2192 512 2270 557 at-

2379 504 2592 573 ἀπατᾷ’
2629 503 2747 556 ἀλλ’
2781 503 2856 566 ὡς
2905 485 3067 556 ἄλλου
3116 503 3440 577 πράγματος
3492 505 3548 558 ὲν
3588 504 3758 575 ἑτέρῳ
3811 503 3961 573 πρά-

677 615 787 668 que
829 608 889 653 ut
925 597 1146 652 alterius
1192 598 1430 650 nominis
1489 597 1541 650 in
1587 596 1755 650 altero
1809 596 2030 650 nomine
2069 609 2172 660 res,
2208 595 2261 649 id

679 689 897 742 demum
932 689 985 741 in
1023 701 1264 741 errorem
1303 687 1486 740 trahit.
2099 705 2117 730 ο

749 781 838 834 97.
887 780 983 834 llis
1030 778 1102 831 ita
1148 793 1206 831 se
1256 778 1602 841 habentibus,
1650 776 1805 832 facile
1844 786 1923 832 est
1963 765 2259 831 barbarum

681 882 825 925 nunc
851 885 1147 939 coarguere
1172 870 1450 938 populum,
1477 870 1567 938 qui
1601 880 1804 924 temere
1835 869 1924 921 Dei
1962 869 2256 922 Ahrahami

679 963 1041 1031 appellatione
1089 963 1188 1016 sibi
1244 961 1426 1016 fucum
1462 961 1633 1016 facit:
1683 979 1857 1032 neque
1895 961 2039 1015 enim
2083 962 2169 1016 hic
2194 962 2261 1016 ab

620 1075 629 1081 ·
678 1054 943 1124 Agarenis
964 1070 1152 1122 reapse
1181 1054 1399 1118 colitur,
1426 1054 1640 1109 etiamsi
1673 1055 2029 1124 particulares
2049 1055 2262 1124 aliquas

679 1154 838 1199 notas
878 1145 1022 1199 illius
1056 1161 1166 1214 prae
1206 1161 1263 1200 se
1307 1145 1488 1201 ferunt
1523 1156 1573 1199 et
1610 1149 1943 1200 conlitentur
1967 1187 1982 1208 ,
2014 1147 2263 1200 videlicet

678 1236 1180 1301 circumcisionem,
1206 1245 1259 1290 et
1288 1238 1434 1306 quod
1460 1238 1571 1291 sint
1596 1238 1827 1307 populus
1853 1237 1942 1292 Dei
1964 1239 2260 1294 Ahrahami

674 1331 1013 1397 jactantiam.
1061 1328 1212 1383 Sicut
1251 1330 1397 1384 enim
1451 1331 1594 1385 haud
1645 1333 1777 1387 satis
1810 1341 1892 1387 est
1941 1332 2263 1388 exhibendae

683 1421 920 1476 hominis
948 1422 1174 1485 notitim,
1206 1423 1248 1476 si
1275 1422 1401 1491 quis
1425 1423 1570 1478 dicat
1606 1424 1853 1493 bipedem
1876 1435 1928 1478 ct
1953 1425 2258 1489 mortalem,

680 1529 1010 1583 quamquam
1044 1529 1231 1582 reapse
1261 1515 1416 1583 bipes
1449 1517 1808 1586 mortalisque
1834 1527 1917 1571 est
1940 1517 2138 1582 homo;
2167 1515 2260 1570 sed

682 1622 788 1660 non
825 1609 1084 1661 continuo
1115 1608 1228 1662 haec
1256 1607 1534 1662 hominem
1557 1608 1847 1673 detiniunt,
1881 1609 2008 1679 quia
2038 1625 2144 1662 non
2177 1609 2262 1663 di-

681 1707 812 1752 cunt
870 1700 1224 1769 principalem
1285 1711 1492 1755 natura:
1565 1700 1818 1754 humanm
1875 1702 2265 1770 propriamque

684 1802 867 1844 nolam
911 1809 926 1855 ;
963 1797 1034 1846 ita
1069 1807 1192 1846 cum
1234 1793 1323 1847 isti
1351 1792 1540 1846 dicunt
1565 1792 1725 1847 deum
1767 1808 1824 1847 se
1859 1792 2058 1847 habere
2094 1791 2260 1846 Deum

680 1885 1014 1950 Abrahami,
1061 1895 1115 1940 et
1162 1900 1383 1939 carnem
1429 1884 1828 1939 circmneidere
1857 1924 1871 1948 ,
1920 1900 2265 1954 nequaquam

682 1977 858 2045 ipsum
905 1978 1054 2030 illum
1091 1978 1308 2046 proprie
1345 1993 1580 2047 vereque
1627 1977 1796 2032 Deum
1832 1977 2211 2033 demonstrant
2246 1994 2262 2047 ;

680 2067 810 2135 quia
855 2066 1101 2136 symbola
1146 2066 1236 2120 illa
1291 2067 1577 2131 omittunt,
1622 2083 1742 2136 quae
1788 2069 1939 2122 illum
1993 2070 2265 2140 praecipue

682 2158 962 2212 denotant.
1003 2157 1138 2212 Nam
1183 2174 1305 2214 cum
1361 2161 1536 2231 gentis
1593 2176 1782 2214 eorum
1840 2160 1950 2214 dux
1991 2163 2266 2216 contraria

683 2248 783 2318 legi
840 2248 931 2302 Dei
978 2249 1271 2304 Abrahami
1307 2250 1572 2319 imperat,
1615 2264 1795 2302 nonne
1828 2249 2057 2303 alterum
2095 2248 2264 2304 Deum

682 2339 785 2393 sub
817 2339 962 2395 illius
989 2340 1212 2395 nomine
1243 2340 1492 2394 invehit?
1516 2340 1691 2408 Atque
1724 2339 1862 2393 hanc
1891 2337 2263 2408 deceptioncm

681 2450 922 2504 quanam
947 2451 1044 2490 nos
1069 2433 1868 2503 rationecontingeredicimus,
1885 2433 2267 2487 animadverti-

687 2537 757 2580 te.
796 2525 938 2580 Dixit
967 2526 1261 2580 Abrahami
1295 2524 1436 2580 Deus
1463 2527 1589 2579 tiliis
1621 2525 1738 2593 ejus
1772 2542 1784 2578 :
1822 2523 1937 2578 Non
1970 2523 2267 2579 adorabitis

687 2617 850 2670 ullam
884 2615 1156 2670 idolorum
1195 2616 1423 2682 iconem,
1455 2631 1629 2684 neque
1669 2615 1775 2670 illis
1806 2615 2013 2669 cultum
2043 2615 2266 2671 exhibe-

686 2708 835 2771 bitis,
863 2723 1057 2778 nempe
1077 2723 1175 2763 ceu
1196 2708 1326 2763 Deo.
1351 2707 1496 2761 Dixit
1519 2707 1659 2762 Deus
1691 2707 1973 2778 Agarenis,
2003 2715 2060 2760 ut
2092 2707 2264 2772 aiunt,

686 2818 781 2870 per
808 2802 1041 2872 legatum
1077 2817 1236 2857 suum
1273 2820 1285 2856 :
1314 2801 1551 2856 Adorate
1575 2799 1917 2865 Chubarum,
1948 2799 2037 2853 Dei
2071 2801 2266 2864 instar,

686 2893 830 2960 quod
865 2901 949 2947 est
980 2892 1184 2947 idolum
1219 2901 1272 2946 et
1303 2889 1534 2946 Veneris
1569 2891 1943 2945 simulacrum.
1975 2888 2268 2944 Videamus

686 2984 796 3054 iam
825 2984 956 3054 quid
994 2998 1283 3039 commune
1316 2983 1388 3040 sit
1421 2983 1736 3039 Abrahamo
1767 3000 1890 3039 cum
1928 2983 2266 3049 Mohamede,

686 3086 742 3131 et
767 3077 897 3146 quid
924 3077 1223 3132 diversum.
1251 3076 1547 3132 Videamus
1580 3077 1734 3141 item,
1770 3092 2020 3146 quaenam
2055 3077 2270 3146 potiora

689 3169 889 3224 indicia
941 3170 1072 3232 sint,
1103 3169 1304 3238 quibus
1350 3167 1491 3223 Deus
1520 3169 1589 3222 ab
1636 3169 1947 3224 hominibus
1977 3169 2118 3223 Deus
2148 3183 2270 3223 esse

2372 613 2540 664 γματι
2591 597 2783 666 ὄνομα,
2818 599 2909 649 καὶ
2938 596 3012 660 ὡς
3039 598 3200 650 ἄλλου
3242 597 3505 668 ὀνόματος
3536 601 3593 652 ἐν
3625 600 3797 669 ἑτέρῳ
3833 599 3966 650 ὀνόσ-

2373 706 2502 758 ματι
2529 691 2761 758 πρᾶγμα
2791 689 2823 756 ἡ
2855 689 3036 759 ἀπάτη
3069 691 3377 759 συμϐαίνει.

2440 779 2544 845 ιζ’.
2588 781 2806 832 Τούτων
2861 782 3034 844 οὕτως
3086 781 3321 852 ἐχόντων
3367 783 3548 855 ῥᾴδιον
3608 784 3826 850 ἐλέγξαι
3891 784 3964 836 τὸ

2372 872 2646 942 βάρϐαρον
2680 873 2837 926 τοῦτο
2869 875 3053 942 φῦλον,
3101 874 3177 938 ὡς
3217 878 3298 940 εἰς
3335 878 3510 947 μάτην
3553 879 3617 947 τῇ
3671 879 3762 930 τοῦ
3812 876 3959 930 θεοῦ

2383 965 2635 1033 Ἀϐραὰμ
2688 965 2879 1034 κλήσει
2926 967 3151 1030 ἑαυτοὺς
3211 967 3575 1034 ἐξαπατῶσιν,
3638 969 3736 1022 οὐκ
3781 969 3958 1022 αὑτοῦ

2370 1054 2582 1125 ἀληθῶς
2618 1057 2707 1109 ὑπ’
2737 1058 2915 1110 αὐτῶν
2946 1057 3361 1130 λατρευομὲνου,
3391 1059 3492 1113 κᾶν
3517 1063 3564 1113 εἰ
3599 1063 3803 1130 μερικά
3826 1079 3959 1116 τινα.

2371 1147 2727 1217 γνωρίσματα
2759 1146 2922 1200 αὐτοῦ
2956 1149 3306 1218 ἐπιφέρονταί
3353 1168 3413 1202 τε
3458 1149 3551 1204 καὶ
3599 1150 3953 1220 ὁμολογοῦσι,

2372 1240 2472 1308 τήν
2500 1255 2558 1289 τε
2589 1239 2891 1310 περιτομὴν
2912 1239 3005 1292 καὶ
3030 1239 3090 1292 τὸ
3114 1239 3292 1308 λέγειν
3315 1242 3510 1305 αὐτοὺς
3528 1241 3655 1294 λαὸν
3687 1238 3825 1294 εἶναι
3850 1241 3953 1295 τοῦ

2371 1330 2504 1384 Θεοῦ
2539 1331 2810 1400 Ἀϐραάμ.
2841 1331 2931 1394 Ὠς
2955 1335 3063 1402 γάρ
3092 1332 3190 1384 οὐκ
3221 1333 3384 1402 ἀρκεῖ
3413 1334 3510 1404 τήν
3539 1333 3631 1387 τοῦ
3655 1335 3951 1404 ἀνθρώπου

2370 1423 2571 1487 γνῶσιν
2613 1420 2960 1491 παραστῆσαι
2995 1423 3054 1474 τὸ
3080 1425 3255 1476 εἰπεῖν
3299 1423 3486 1476 δίπουν
3522 1424 3736 1495 θνητὸν,
3767 1427 3954 1478 καίτοι

2370 1511 2559 1564 δίπουν
2591 1513 2782 1583 θνητὸν
2825 1514 3038 1584 άληθῶς
3071 1517 3097 1567 ὁ
3128 1515 3414 1585 ἄνθρωπος
3437 1533 3450 1547 ⁸
3503 1516 3614 1569 ἀλλ’
3649 1519 3749 1571 οὐκ
3809 1519 3948 1572 εὐθὺ

2369 1603 2462 1657 ’τὸν
2487 1605 2775 1674 ἄνθρωπον
2797 1606 2972 1660 ταῦτα
3003 1607 3174 1676 δηλοῖ,
3205 1607 3293 1660 διὰ
3328 1609 3388 1663 τὸ
3422 1609 3496 1679 μή
3519 1610 3686 1678 φάναι
3711 1611 3808 1681 τὴν
3843 1629 3952 1664 κυ-

2377 1696 2508 1766 ρίως
2535 1697 2954 1767 παραστατικὴν
2982 1697 3080 1767 τῆς
3106 1699 3394 1769 ἀνθρώπου
3428 1700 3640 1769 φύσεως
3658 1701 3948 1772 διαφοράν·

2372 1784 2544 1848 οὕτως
2585 1786 2786 1840 οὐδὲτὸ
2814 1787 2976 1855 φάναι
3012 1789 3206 1863 αὐτοὺς
3250 1790 3372 1842 θεὸν
3398 1790 3541 1860 ἔχειν
3564 1791 3656 1843 τοῦ
3692 1791 3953 1862 Ἀϐραὰμ

2301 1865 2342 1926 Β
2372 1876 2462 1930 τὸν
2495 1877 2645 1936 Θεὸν,
2683 1877 2776 1931 καὶ
2806 1878 2904 1948 τὴν
2939 1879 3114 1948 σάρκα
3148 1881 3599 1951 περιτετμῆσϐαι,
3626 1881 3754 1934 Θεὸν
3782 1885 3952 1935 αὑτὸν

2373 1967 2612 2020 δείκνυσι
2635 1968 2724 2020 τὸν
2759 1971 2962 2038 κυρίως
2998 1970 3089 2023 καὶ
3121 1969 3357 2041 άληθῶς,
3383 1971 3492 2024 τῶν
3523 1973 3950 2044 χαρακτηρίζειν

2372 2056 2684 2127 δυναμένων
2709 2057 3453 2130 συμϐόλιυνπιρεωραμένων
3476 2061 3566 2113 ὑπ’
3595 2061 3797 2114 αὐτῶν.
3825 2062 3953 2115 ὐτ’

2375 2148 2439 2202 ἂν
2464 2150 2572 2219 γὰρ
2599 2153 2626 2204 ό
2649 2149 2742 2203 τοῦ
2766 2150 2955 2215 ἔθνους
2981 2151 3162 2204 αὐτῶν
3196 2153 3520 2224 προαγωγὸς
3566 2155 3787 2208 ἐναντία
3837 2155 3954 2207 τῶν

2372 2239 2466 2293 τοῦ
2495 2240 2630 2294 Θεοῦ
2669 2242 2918 2313 Ἀϐραάμ
2945 2243 3125 2313 νόμων
3155 2246 3491 2318 προστάσσῃ,
3519 2241 3608 2316 ἆρ’
3636 2247 3733 2316 οὐχ
3761 2247 3955 2316 ἕτερον

2373 2331 2506 2385 Θεὸν
2539 2335 2618 2397 είς
2648 2336 2707 2387 τὸ
2738 2335 2946 2389 ἐκείνου
2975 2338 3180 2406 εἰσάγει
3224 2338 3428 2409 δνομα;
3483 2340 3603 2393 καθ’
3645 2340 3704 2393 ὃν
3743 2341 3955 2411 τρόπον

2373 2427 2472 2495 τὴν
2504 2427 2718 2496 ἀπάτην
2761 2428 2996 2499 λέγομεν
3037 2431 3388 2500 συμϐαίνεινο
3435 2437 3688 2486 σκοπεῖτε
3711 2434 3821 2504 γὰρ
3857 2435 3949 2486 ὲνο

2374 2519 2595 2572 τεῦοεν·
2630 2517 2795 2574 Εἶπεν
2818 2523 2844 2575 ὁ
2873 2523 3003 2586 Θεὸς
3028 2525 3120 2576 τοῦ
3158 2524 3406 2595 Ἀϐραὰμ
3437 2527 3547 2588 τοῖς
3579 2526 3710 2588 υἱοῖς
3739 2527 3909 2581 αὐτοῦ
3937 2544 3953 2558 ·

2381 2627 2400 2661 ι
2431 2609 2508 2663 Οὐ
2551 2613 2958 2683 προσκυνήσετε
2991 2616 3098 2667 πᾶν
3143 2616 3413 2685 ὁμοίωμα,
3450 2616 3569 2668 οὐδὲ
3598 2615 3673 2686 μὴ
3715 2617 3958 2686 λατρεύ‹

2377 2718 2505 2769 σητε
2534 2703 2737 2767 αὐτοῖς,
2775 2722 2793 2756 ι
2824 2705 3102 2757 τουτέστιν
3131 2705 3204 2768 ὡς
3231 2706 3363 2759 Θεόν
3389 2706 3484 2778 [ita
3527 2706 3696 2778 cod.].
3730 2705 3902 2763 Εἶπεν
3929 2713 3960 2764 ὁ

2375 2794 2507 2858 Θεὸς
2542 2796 2884 2866 Ἀγαρηνοῖς,
2911 2796 2985 2860 ὥς
3011 2816 3163 2867 φασι,
3198 2798 3285 2852 διά
3312 2798 3401 2851 τοῦ
3434 2801 3733 2854 ἀποστόλου
3761 2803 3956 2856 αὐτοῦ’

2378 2888 2742 2958 Προσκυνείτε
2777 2888 2856 2959 τῷ
2912 2891 3133 2961 Χουϐἅρ
3182 2892 3258 2954 ὡς
3295 2892 3406 2964 θεῷ
3451 2893 3654 2965 εἰδώλῳ
3696 2895 3810 2947 δντι
3859 2897 3964 2948 καὶ

2375 2979 2682 3048 ὁμοιώματι
2740 2982 2838 3050 τῆς
2873 2981 3216 3053 Ἀφροδίτης.
3257 2983 3500 3053 Εἴδωμεν
3543 2981 3636 3040 οὖν
3666 2987 3720 3039 τί
3771 2988 3962 3040 κοινὸν

2377 3070 2489 3142 ἔχει
2531 3071 2784 3142 Ἀϐραάμ
2809 3073 2903 3127 καὶ
2932 3075 3200 3144 Μωάμετ,
3228 3077 3320 3129 καὶ
3347 3077 3400 3130 τί
3427 3078 3737 3150 διενήνοχεν
3757 3097 3770 3109 ·
3795 3080 3964 3133 εἴδω-

2383 3181 2480 3233 μεν
2503 3164 2559 3217 δὲ
2590 3163 2684 3217 καὶ
2713 3165 2770 3217 ὲν
2798 3166 2910 3218 τίσι
2965 3167 3166 3237 μᾶλλον
3214 3146 3681 3240 χαρακτηρίζεται
3730 3173 3758 3224 ὁ
3797 3171 3964 3234 Θεὸς,

689 3261 982 3316 denotatur
1007 3279 1020 3315 :
1046 3270 1098 3316 et
1113 3261 1462 3330 quandonam
1485 3260 1733 3314 videatur
1765 3260 2010 3324 quidem,
2038 3261 2135 3314 sed
2167 3275 2272 3313 non

2380 3227 2511 3319 Θεὸς
2542 3256 2692 3326 παρὰ
2741 3227 3043 3326 ἀνθρώπων
3099 3227 3553 3332 γνωριξόμενοςῖ
3599 3264 3695 3317 καὶ
3736 3265 3793 3316 ὲν

691 3354 806 3409 sit:
856 3354 1078 3425 quando
1116 3353 1244 3409 item
1296 3351 1479 3424 potius
1522 3356 1588 3407 ad
1632 3353 1970 3408 iracundiam
2014 3368 2278 3424 provoce-

691 3456 802 3503 tur.

764 3537 853 3591 98.
883 3537 962 3591 Ex
993 3537 1061 3592 iis
1086 3536 1367 3606 praeceptis
1399 3551 1517 3606 qum
1545 3535 1702 3590 nobis
1729 3543 1939 3590 tantum
1975 3534 2280 3604 sum-agan—

695 3639 804 3696 tur,
850 3632 1032 3685 minor
1086 3630 1487 3700 obscuriorque
1530 3631 1772 3699 exsurgit
1824 3629 2112 3683 indicativa
2152 3638 2276 3683 nota

698 3723 790 3776 Dei
829 3742 842 3778 :
875 3724 984 3778 imo
1012 3724 1157 3777 nulla
1188 3733 1273 3778 est
1305 3723 1599 3785 interdum,
1635 3737 1760 3776 cum
1790 3723 1840 3777 ei
1870 3739 1975 3776 non
2003 3721 2275 3776 obeditur.

696 3815 773 3871 Ex
801 3818 868 3870 iis
897 3827 1075 3872 autem
1109 3817 1413 3886 praeceptis,
1446 3817 1645 3887 quibus
1675 3815 1927 3885 majestas
1963 3815 2081 3885 ejus
2101 3824 2282 3870 osten-

600 3883 610 3903 ’
699 3909 860 3969 ditur,
893 3907 1075 3960 verior
1119 3907 1385 3976 longeque
1420 3907 1592 3975 major
1617 3906 1857 3972 emicat;
1907 3904 2050 3959 sicut
2086 3913 2140 3957 et
2167 3905 2281 3958 vice

699 4014 875 4052 versa.
913 3996 1168 4066 Suscepit
1197 3996 1544 4051 Abrahamus
1569 3994 2068 4060 circumcisionem,
2127 4004 2279 4064 post-

699 4105 862 4157 quam
891 4087 1057 4142 Deum
1085 4095 1380 4157 agnoverat
1403 4095 1457 4142 et.
1491 4087 1634 4141 idola
1668 4088 1838 4156 patris
1867 4087 1949 4142 sui
1987 4087 2279 4153 abiecerat.

700 4182 1060 4246 Quandonam
1109 4196 1238 4250 ergo
1267 4180 1313 4236 is
1346 4181 1453 4233 Deo
1487 4180 1658 4250 magis
1691 4181 1892 4248 placuit
1925 4181 1947 4232 ?
1983 4179 2284 4232 idolorum-

703 4291 770 4328 uc
800 4275 1104 4340 negatione,
1136 4289 1202 4327 an
1232 4272 1416 4328 carnis
1446 4272 1865 4327 circumcisione
1895 4273 1917 4325 ?
1959 4271 2135 4335 Patet,
2166 4270 2284 4324 ido-

703 4367 809 4420 Iico
841 4366 1022 4434 potius
1057 4367 1324 4436 abnegato
1359 4365 1549 4421 cultu:
1588 4381 1710 4418 nam
1754 4366 1970 4418 nonnisi
2021 4381 2118 4419 ceu
2162 4364 2282 4419 lidei

705 4460 919 4525 signum
972 4455 1212 4525 suscepit
1265 4454 1515 4525 przeputii
1566 4455 2065 4510 circumcisionem.
2118 4454 2286 4508 Ali‘ert

706 4547 1070 4616 praestigiator
1117 4548 1325 4617 legatus
1363 4547 1738 4617 Agarenorum
1780 4545 2280 4612 circumcisionem,
2316 4569 2357 4623 ι)

704 4639 800 4692 sed
830 4638 993 4692 simul
1038 4637 1418 4691 idololatriam.
1453 4635 1592 4690 Num
1647 4652 1776 4707 ergo
1814 4646 1866 4690 et
1908 4637 1994 4690 hic
2026 4648 2279 4706 tauquam

705 4731 1050 4784 Ahrahamus
1079 4728 1188 4783 Deo
1216 4731 1438 4798 placuit,
1464 4745 1530 4784 an
1563 4730 1900 4784 iracundiam
1935 4731 2111 4798 potius
2136 4745 2285 4784 eom-

709 4821 926 4874 tuovit?
977 4822 1056 4874 An
1089 4821 1342 4890 denique,
1377 4831 1434 4876 ut
1467 4822 1702 4886 videtur,
1740 4831 2034 4890 utrumque
2077 4822 2287 4890 [ιι-ωειὶ-

709 4912 824 4966 tit?
867 4912 1017 4977 Quod
1051 4913 1094 4966 si
1142 4912 1279 4968 forte
1305 4923 1616 4983 utrumque,
1669 4930 1798 4968 num
1835 4914 1944 4967 Deo
1987 4915 2187 4984 placuit
2228 4930 2286 4969 se

710 5005 1174 5072 circumcidendo,
1208 5023 1274 5060 an
1317 5008 1484 5061 multo
1517 5009 1695 5076 potius
1731 5007 1963 5061 irritavit
2011 5008 2148 5061 idola
2193 5023 2287 5061 co—

713 5097 914 5150 lendo?
961 5095 1132 5162 Patet,
1183 5098 1326 5168 quod
1355 5101 1534 5168 potius
1576 5100 1853 5155 irritavit:
1901 5116 2023 5153 nam
2053 5115 2286 5166 quorum

712 5190 1019 5243 observatio
1074 5191 1339 5259 gravioris
1379 5192 1636 5245 momenti
1676 5201 1780 5269 est,
1825 5193 2144 5246 eorumdem
2192 5208 2290 5262 par

716 5281 958 5335 violatio.
996 5283 1208 5343 Etenim
1253 5300 1437 5338 rerum
1483 5297 1676 5338 natura
1710 5286 1791 5339 vel
1831 5301 1895 5338 ex
1931 5286 2062 5351 ipsis
2090 5299 2289 5354 cogno-

718 5375 908 5441 scitur,
960 5377 1041 5429 Vel
1089 5393 1155 5432 ex
1197 5392 1384 5431 earum
1431 5379 1880 5433 circumstantiis.
1937 5377 2003 5432 Et
2051 5379 2289 5447 c0gnitio

718 5469 934 5536 quidem
961 5487 1023 5524 ex
1058 5471 1506 5534 ciicumstautiis,
1543 5471 1810 5525 inlirmior
1839 5489 1852 5538 ;
1888 5473 2056 5524 tutior
2083 5487 2210 5526 vero
2238 5480 2291 5525 ct

718 5561 984 5613 SJICL‘I‘iOl‘
1009 5575 1128 5628 quae
1159 5575 1225 5614 ex
1262 5561 1391 5630 ipsis
1422 5561 1583 5616 rebus
1615 5562 1862 5631 emergit.
1890 5560 1990 5615 l’er
2022 5576 2080 5615 se
2113 5562 2288 5630 ipsum

719 5655 938 5724 quidem
983 5653 1320 5707 demonstrat
1367 5651 1564 5722 aliquis
1610 5654 1881 5707 servitutis
1905 5665 1957 5706 et
1981 5653 2292 5709 dominatus

724 5753 1012 5804 naturam.
1061 5759 1183 5799 cum
1229 5745 1418 5800 relatio
1473 5745 1768 5800 immobilis
1815 5746 2099 5799 retinetur.
2137 5742 2291 5799 llaud

724 5854 817 5907 per
841 5854 898 5892 se
941 5837 1117 5907 ipsum
1149 5846 1350 5902 autem,
1381 5853 1504 5892 cum
1539 5837 1742 5907 aliquid
1773 5837 1834 5892 ad
1870 5852 1987 5892 eam
2021 5852 2132 5892 rem
2168 5853 2290 5906 per-

2378 3346 2525 3400 δοκεί
2575 3350 2695 3418 μὲν,
2748 3350 2848 3403 οὐκ
2884 3350 2998 3404 ἐστι
3040 3351 3126 3405 δέ·
3180 3353 3240 3406 ὲν
3291 3355 3402 3406 τίσι
3453 3355 3510 3408 δὲ
3560 3358 3968 3427 παροργίζεται

2382 3440 2604 3509 μᾶλλον.

2452 3531 2560 3604 ιιήῖ
2582 3534 2669 3587 Ἐν
2696 3531 2782 3598 αἷς
2813 3536 2909 3606 μὲν
2932 3533 3026 3591 οὖν
3055 3538 3298 3604 ἐντολαῖς
3326 3540 3504 3610 μόνως
3534 3541 3689 3595 αὐτοὶ
3720 3544 3968 3612 κοσμού-

2385 3624 2546 3694 μεθα,
2565 3626 2853 3698 ὲλάττωνή
2879 3628 3111 3699 δήλωσις
3133 3630 3227 3684 τοῦ
3245 3632 3404 3685 Θείου
3429 3633 3523 3685 καὶ
3549 3633 3787 3703 ἀμυδράο
3809 3635 3966 3688 ἐστιν

2381 3714 2436 3767 δὲ
2469 3717 2557 3769 ὅτε
2608 3717 2728 3771 οὐδὲ
2772 3718 3031 3786 ἐλάττων,
3079 3722 3243 3791 ἡνίκα
3275 3724 3438 3786 αὐτὸς
3472 3724 3865 3792 ἁποκρούοιτο·
3903 3728 3933 3777 ἐ.

2381 3801 2462 3870 οἷς
2494 3808 2551 3861 δὲ
2581 3810 2612 3879 ἠ
2643 3809 2810 3863 αὐτοῦ
2838 3812 2964 3876 δόξα
2997 3815 3332 3879 συνίσταται,
3358 3815 3566 3886 ἀληθὴς
3602 3819 3696 3870 καὶ
3753 3817 3964 3886 μείζων

2385 3899 2864 3970 ὑπερϐαλλόντως
2922 3905 3109 3976 ὥσπερ
3165 3906 3259 3960 καὶ
3315 3907 3374 3960 τὸ
3419 3909 3730 3961 ἀνάπαλινο
3765 3910 3968 3963 ἐλαϐεν

2397 3991 2646 4062 Ἁϐραάμ
2676 3995 2982 4064 περιτομὴν
3018 3999 3387 4065 προεπιγνοὺς
3420 4000 3509 4052 τὸν
3535 4000 3691 4061 Θεὸν,
3723 4001 3816 4054 καὶ
3850 4004 3968 4053 ἀπ-

2385 4081 2660 4149 ηρνήσατο
2706 4083 2775 4135 τὰ
2817 4081 3008 4134 εἴδωλα
3057 4084 3150 4136 τοῦ
3201 4086 3409 4157 πατρὸς
3441 4085 3632 4142 αὑτοῦ.
3699 4089 3836 4141 Πότε
3867 4089 3969 4142 οὖν

2389 4173 2591 4242 μᾶλλον
2613 4173 2731 4251 Θεῷ
2754 4175 3144 4245 εὐηρέστησεν,
3199 4179 3259 4230 ἐν
3305 4182 3370 4250 τῇ
3408 4181 3714 4251 άπαρνήσει
3749 4181 3856 4234 τῶν
3887 4185 3972 4234 si-

2385 4261 2591 4326 δὼλων,
2695 4267 2751 4317 ἐν
2780 4268 2847 4337 τῇ
2879 4271 3149 4338 περιτομῇ
3184 4269 3281 4337 τῆς
3313 4249 3545 4338 σαρκόςς
3579 4249 3848 4339 Πρόδηλον
3873 4272 3966 4324 ὅτι

2387 4357 2445 4405 ὲν
2469 4358 2535 4425 τῇ
2567 4357 2870 4427 άπαρνήσει
2919 4360 3017 4428 τῆς
3067 4359 3548 4429 είδωλολατρείας·
3598 4364 3821 4430 σημεῖον
3856 4364 3972 4433 γὰρ

2389 4444 2582 4498 ἔλαϐεν
2611 4447 2712 4515 τῆς
2745 4450 2984 4512 πίστεως
3005 4449 3105 4518 τῆς
3131 4452 3188 4502 ὲν
3222 4453 3288 4520 τῇ
3320 4450 3659 4522 ἀκροϐυστίᾳ
3684 4451 3783 4520 τὴν
3818 4469 3912 4522 πεε
3936 4485 3955 4500 .

2387 4539 2588 4607 τομήν.
2617 4537 2840 4606 Εεσάγει
2871 4543 2964 4593 καὶ
2984 4543 3012 4592 ὁ
3045 4541 3177 4610 γόης
3205 4543 3234 4593 ὁ
3260 4543 3555 4604 ἀπόστολος
3585 4542 3694 4594 τῶν
3729 4543 3975 4612 ’Δγαρη-

2386 4630 2492 4682 νῶν
2525 4635 2830 4702 περιτομήν
2852 4649 2864 4661 ·
2893 4632 3029 4686 ἀλλὰ
3070 4633 3163 4688 καὶ
3192 4633 3657 4704 εἰδωλολατρείαν.
3697 4629 3824 4703 Ἆρ’
3873 4634 3974 4688 οὖν

2387 4725 2482 4778 καὶ
2511 4725 2673 4788 αὐτὸς
2702 4725 2778 4788 ὡς
2816 4725 3068 4795 ’Δὸραάμ
3110 4726 3230 4797 Θεῷ
3271 4727 3670 4798 εὖηρὲστησεν;
3701 4727 3732 4798 ἦ
3765 4728 3975 4796 μᾶλλον

2390 4815 2776 4886 παρὼργισεν;
2808 4817 2838 4888 ἢ
2870 4818 2944 4881 ὡς
2973 4819 3137 4882 δοκεῖ,
3177 4820 3242 4873 τὰ
3270 4819 3555 4890 ἀμφότερα
3583 4837 3597 4885 ;
3634 4819 3750 4871 ἀλλ’
3777 4821 3825 4871 εἰ
3865 4819 3972 4888 μὲν

2387 4911 2453 4963 τὰ
2496 4909 2802 4980 ἀμφότερα,
2849 4907 2960 4981 ἆρα
2997 4911 3116 4981 Θεῷ
3153 4911 3488 4982 εὗηρέστήσε
3525 4910 3888 4982 περιτέμνων,
3934 4912 3971 4980 ἢ

2392 5002 2594 5072 μᾶλλον
2623 5002 2803 5072 πολλῷ
2830 5003 2992 5056 πλέον
3018 5003 3371 5075 παρώργισεν
3401 5004 3803 5072 εἰδωλολατρῶν
3825 5022 3841 5070 ;
3867 5004 3964 5056 Εὖ-

2389 5093 2547 5163 δηλον
2575 5096 2655 5147 ὅτι
2689 5094 2888 5164 μᾶλλον
2909 5095 3261 5166 παρώργισεν
3281 5113 3296 5126 ·
3330 5089 3404 5149 ὧν
3432 5097 3541 5166 γάρ
3567 5099 3600 5165 ή
3629 5096 3976 5168 κατόρθωσις

2394 5186 2620 5256 μείζων,
2650 5186 2855 5241 τούτων
2895 5188 3110 5251 πάντως
3158 5190 3252 5241 καὶ
3294 5191 3326 5258 ἡ
3372 5189 3690 5250 ἀπόπτωσις
3740 5191 3971 5258 μείζων.

2391 5279 2512 5331 Τῶν
2542 5279 2646 5348 γὰρ
2676 5280 3018 5350 πραγμάτων
3053 5281 3085 5349 ή
3124 5281 3287 5349 φύσις
3333 5282 3397 5333 ἐκ
3439 5281 3549 5334 τῶν
3589 5280 3712 5334 καθ’
3762 5282 3902 5334 αὐτᾶ
3936 5284 3972 5356 ἢ

2391 5370 2456 5422 ὲκ
2482 5369 2589 5421 τῶν
2621 5371 2750 5440 περὶ
2778 5370 2917 5423 αὑτά
2963 5370 3244 5441 δηλοῦται·
3277 5373 3370 5424 καὶ
3400 5375 3432 5442 ὴ
3477 5372 3575 5442 μὲν
3604 5373 3668 5424 ὲκ
3697 5371 3806 5424 τῶν
3843 5389 3907 5423 πε
3919 5376 3976 5440 pi.

2393 5461 2533 5514 αὑτά
2565 5461 2818 5532 δήλωσις,
2856 5464 2918 5516 οὐ
2962 5464 3186 5535 τοιαύτη
3209 5479 3221 5494 ·
3259 5467 3293 5536 ή
3330 5465 3388 5517 δὲ
3414 5467 3479 5518 ὲκ
3516 5464 3626 5518 τῶν
3650 5464 3774 5519 καθ’
3804 5466 3970 5529 αὐτὰ,

2392 5557 2641 5627 ἀσφαλής
2668 5573 2725 5608 τε
2758 5558 2851 5610 καὶ
2892 5557 3246 5626 ἁδιοὶψευστος
3277 5561 3497 5630 μᾶλλον.
3546 5560 3683 5613 Καθ’
3714 5561 3848 5612 αὐτό
3888 5578 3972 5624 τις

2393 5652 2490 5722 τὴν
2519 5651 2680 5721 φύσιν
2701 5651 2944 5715 δουλείας
2968 5655 3059 5706 καὶ
3083 5654 3401 5717 δεσποτείας
3429 5656 3550 5708 τότε
3585 5655 3757 5724 δηλοῖ,
3791 5655 3870 5708 ὅτ’
3904 5655 3974 5708 ἂν

2393 5745 2426 5812 ή
2460 5745 2642 5812 σχέσις
2673 5741 2932 5811 ἀκίνητος
2966 5746 3295 5814 συντήρῆται
3318 5763 3334 5778 ν
3361 5748 3423 5800 οὐ
3462 5748 3582 5800 καθ’
3617 5749 3751 5801 αὐτὸ
3781 5748 3859 5811 δὲ,
3890 5748 3971 5800 ὅτ’

2394 5837 2460 5892 ἂν
2492 5838 2581 5892 τὸν
2610 5836 2736 5906 περὶ
2768 5835 2831 5889 τὸ
2874 5837 3101 5908 πρᾶγμά
3135 5855 3250 5892 τινα
3285 5840 3544 5911 ὲμφαίνῃ,
3597 5840 3714 5896 ἀλλ’
3742 5841 3844 5894 οὐκ
3879 5840 3970 5894 αὑ-
