4168 6450
182 414 290 478 797

1385 419 1817 481 REFUTATIO
1847 420 2320 484 MOHAMEDIS.

3333 428 3441 491 798

178 527 279 594 τὴν
311 524 409 594 τὴν
436 521 624 593 σχέσιν
654 519 795 598 ἕχον.
836 522 900 576 'II
923 522 1016 577 οὖν
1044 528 1312 599 περιτομὴ
1360 530 1488 599 περὶ
1513 529 1611 599 τὴν
1641 531 1752 599 σχέ-

1868 530 2045 585 tinens
2082 533 2327 597 denotat,
2368 530 2460 586 sed
2486 504 2666 600 ipsam
2712 530 3033 587 relationem
3067 544 3174 584 non
3215 530 3443 589 habens.

180 636 268 671 σιν
302 620 402 689 τῆς
428 620 695 685 δουλείας,
733 621 847 673 ἀλλ’
876 621 937 673 οὐ
983 621 1103 673 κατ’
1132 621 1302 691 αὐτὴν
1330 622 1427 692 τὴν
1461 622 1643 690 σχέσιν
1664 640 1677 653 ο
1707 624 1757 675 εἰ

177 711 233 762 δὲ
259 712 694 782 εἰδωλολατρεὶα,
723 716 784 768 οὐ
821 714 982 784 μόνον
1008 715 1090 768 ὃτι
1119 715 1181 767 οὐ
1225 714 1334 767 τῶν
1382 713 1508 768 καθ’
1533 715 1664 768 αὑτό
1703 734 1756 769 τι

178 808 280 873 τῆς
306 809 455 871 θεέας
484 810 726 878 σχέσεώς
758 812 907 865 ἐστιν
933 853 948 877 ,
985 811 1018 881 ἢ
1050 811 1160 863 τῶν
1193 813 1319 881 περὶ
1374 811 1565 882 αὐτὴν,
1618 812 1757 866 ἀλλά

179 899 275 950 καὶ
307 900 425 953 κατ’
453 901 621 969 αὐτῆς
644 903 923 965 στασιάζει
945 902 1044 971 τῆς
1078 904 1317 972 σχέσεως
1348 903 1633 956 διασπῶσα
1660 904 1757 956 αὑ·-

176 991 303 1061 τήν.
345 994 628 1047 Ἐντεῦθεν
658 993 910 1064 δηλοῦται
936 994 1018 1059 τίς
1041 995 1174 1048 Θεοῦ
1198 996 1387 1063 ἐγγὺς,
1434 995 1683 1067 Ἀϐραὰμ
1721 996 1754 1067 ἢ

178 1084 428 1154 Meritis:
454 1102 466 1113 ·
503 1088 653 1149 ποῖος
690 1087 853 1157 νόμος
896 1086 987 1139 τὸν
1023 1088 1155 1141 Θεὸν
1205 1086 1299 1139 τοῦ
1341 1087 1591 1159 Ἀϐραὰμ
1636 1088 1753 1140 εἰσ-

180 1179 339 1245 ἀγει;
367 1182 395 1232 ὁ
414 1179 605 1246 λέγων,
641 1198 657 1231 ι
684 1181 758 1233 Οὐ
792 1180 1189 1252 προσκυνήσεις
1223 1179 1333 1248 θεῷ
1355 1180 1552 1250 ἑτέρῳ,
1572 1180 1686 1234 ἀλλ’
1720 1183 1754 1251 ἢ

178 1272 373 1342 Κυρίῳ
400 1271 475 1341 τῷ
498 1271 651 1342 Θεῷ;
689 1292 707 1323 ι
746 1272 779 1339 ἢ
801 1273 833 1322 ὁ
864 1272 1186 1341 προσκυνῶν
1211 1271 1286 1341 τῷ
1311 1272 1530 1341 Χουόἀρ
1553 1271 1755 1341 εἰδώλῳ

168 1364 292 1445 om.
325 1366 427 1432 τῆς
460 1364 811 1435 Ἀφροδίτηςς
850 1366 943 1434 Μὴ
982 1364 1047 1435 δὴ
1092 1364 1169 1434 τῷ
1212 1365 1439 1433 ὀνόματι
1490 1363 1584 1416 τοῦ
1618 1364 1753 1416 Θεοῦ

191 1456 447 1527 Ἀϐραὰμ
475 1458 886 1526 σεμνυνόμενοι,
920 1457 1253 1521 ἀπεναντίας
1277 1458 1353 1527 τῷ
1370 1456 1489 1527 Θεῷ
1506 1456 1755 1526 Ἀϐραὰμ

179 1549 505 1619 φρονοῦντες
532 1550 954 1615 ἀπατάσθωσαν,
977 1550 1053 1614 ὡς
1078 1550 1168 1604 τὸν
1199 1551 1331 1605 Θεὸν
1364 1549 1456 1604 τοῦ
1503 1548 1754 1621 Ἀϐραὰμ

177 1644 378 1694 οἰκεῖον
411 1644 501 1694 καὶ
528 1643 735 1713 εὐμενῆ
766 1644 985 1706 ἑαυτοῖς
1019 1643 1233 1713 ἔχοντες
1253 1659 1267 1674 ⁸
1325 1642 1751 1713 παρεδειγματί·

179 1732 385 1799 σθησαν
421 1733 529 1803 γὰρ
592 1734 764 1803 ὄνομα
813 1734 994 1802 μόνον,
1044 1734 1137 1787 τοῦ
1185 1737 1510 1806 πράγματος
1558 1734 1747 1803 χωρὶς,

179 1823 350 1893 ἑτέρῳ
379 1825 661 1878 ἀπεοικὸτι
710 1824 1028 1896 τεθειμένον
1083 1826 1296 1896 ψευδῶς
1334 1825 1614 1889 σέϐοντες·
1657 1827 1750 1879 καὶ

176 1916 241 1967 ὲκ
271 1916 386 1969 τῶν
420 1919 550 1987 περὶ
580 1918 642 1970 τὸ
682 1919 917 1989 πρᾶγμα
960 1919 1022 1972 τὸ
1052 1918 1327 1989 γνώριμον
1369 1917 1513 1988 ἔχειν
1544 1917 1750 1982 ἑξαπα-

175 2007 446 2078 τώμενοι⁶
474 2011 538 2062 ὲκ
568 2010 625 2065 δὲ
652 2011 762 2064 τῶν
796 2012 922 2066 καθ’
946 2011 1078 2066 αὐτὸ
1108 2012 1167 2065 τὸ
1208 2013 1440 2082 πρᾶγμα
1470 2012 1568 2083 τὴν
1598 2013 1755 2066 ἀλλο-

174 2103 403 2172 τρίωσιν
445 2103 679 2173 πάσχειν
734 2103 1177 2173 ἐξελεγχόμενοι·
1210 2105 1258 2155 ει
1308 2102 1383 2173 μὴ
1432 2104 1539 2173 ἄρα
1594 2104 1754 2173 ἡμεῖς

178 2193 440 2264 φανῶμεν
503 2196 717 2259 ἑαυτοῖς
766 2195 1077 2267 βιαζόμενοι
1124 2196 1220 2250 ἕνα
1268 2196 1401 2249 Θεὸν
1454 2195 1628 2265 ἔχειν’
1662 2195 1754 2249 δύο

175 2284 402 2337 ἐκείνων
428 2286 836 2355 ὁμολογούντων
873 2288 1302 2350 ἐναντιωτάτους
1346 2287 1523 2350 θεοὺς,
1577 2288 1751 2358 ἀληθῆ

175 2378 500 2449 καὶψευδῆ·
543 2379 670 2450 ἢτό
713 2396 777 2448 γε
832 2378 1196 2451 ἀληθέστερον
1227 2379 1423 2445 εἰπεῖν,
1471 2379 1753 2451 οὐδέτερον

176 2476 428 2545 ἐχόντων.

175 2564 305 2621 κη’.
347 2564 673 2631 Ἀπόδειξις
708 2565 797 2618 ὅτι
822 2566 894 2618 οὐ
923 2563 1032 2617 τὸν
1068 2563 1252 2627 ὄντως
1283 2562 1578 2632 ἀληθινὸν
1605 2564 1755 2618 Θεὸν

238 2636 566 2703 εἰσηγεῖται
592 2639 625 2689 ό
658 2635 904 2703 Μωάμετ
931 2651 946 2666 ο
983 2633 1126 2689 οὐδὲ
1156 2633 1316 2698 αὐτῷ
1344 2637 1398 2687 οι
1446 2634 1754 2703 Ἀγαρηνοὶ

239 2709 649 2772 λατρεύουσιν
677 2748 691 2769 ,
748 2705 909 2759 ἀλλὰ
958 2705 1065 2758 τὸν
1088 2704 1441 2767 ἀποστάτην
1500 2704 1754 2772 δαίμονα

239 2774 755 2845 σφετερισάμενον
809 2776 896 2841 εις
946 2774 1167 2829 ἑαυτὸν
1223 2773 1337 2841 τὴν
1369 2772 1537 2827 θείαν
1568 2789 1753 2841 προσ-

389 2847 513 2900 ίαν.

389 2864 513 2900 ίαν.

238 2864 610 3002 ⁴ἰἷθγῖῗρῐιάντων
653 2934 759 2989 τῶν
789 2934 958 2988 ὄντων
987 2932 1334 3003 ὑπεροχικῶς
1369 2932 1667 3004 ἐξῃρῆσθαι
1692 2935 1752 2988 τὸ

175 3026 348 3091 Θεῖον,
378 3028 427 3079 εἰ
457 3028 552 3080 καί
574 3044 627 3079 τι
658 3026 787 3080 ἀλλο
812 3027 873 3078 τό
894 3041 959 3093 γε
983 3025 1341 3079 ἀναλλοίωτον
1365 3025 1460 3078 καὶ
1483 3026 1752 3096 ἄτρεπτον

176 3119 574 3190 χαρακτηρίζει
630 3117 839 3187 σαφῶς,
893 3116 1014 3171 κατ’
1064 3117 1197 3171 αὑτό
1249 3135 1309 3171 τε
1338 3116 1401 3171 τὸ
1454 3111 1617 3180 εἶναι,
1658 3119 1753 3171 καὶ

1860 620 2046 693 Itaque
2083 623 2432 679 circumcisio
2470 623 2617 679 circa
2653 622 2970 677 relationem
3010 632 3095 678 est
3137 622 3441 689 servitutis,

1858 718 1949 769 sed
1969 732 2073 786 non
2107 717 2221 785 ipsa
2251 715 2440 769 relatio
2468 725 2571 770 est.
2601 714 2667 769 At
2690 713 2997 769 idololatria
3022 731 3127 769 non
3151 715 3328 768 solum
3350 730 3447 783 per

1858 824 1916 864 se
1951 810 2111 865 habet
2136 810 2375 864 divinam
2407 809 2607 863 nullant
2640 807 2980 872 relationem,
3012 808 3103 861 sed
3142 808 3215 861 illi
3246 808 3444 860 adrer-

1856 912 2005 958 satur
2046 919 2214 973 seque
2254 902 2378 956 inde
2417 903 2620 957 avellit.
2677 902 2814 956 IIinc
2859 900 3032 954 elucet
3069 902 3191 968 quis
3225 901 3334 954 Deo
3366 900 3441 956 sit

1857 998 2163 1066 proximus,
2218 996 2636 1050 Abraltamusne
2679 1011 2745 1049 an
2781 994 3130 1049 Mohamedcs
3163 1011 3177 1047 :
3205 994 3439 1061 quaz'lex

1858 1086 2024 1141 Dettm
2057 1085 2350 1140 Abraltami
2374 1085 2656 1151 exhibeat;
2690 1101 2817 1139 num
2844 1085 2931 1139 illa
2959 1099 3082 1154 quae
3116 1084 3191 1138 ait
3224 1102 3238 1137 :
3274 1102 3291 1134 ι
3324 1082 3438 1137 Non

1856 1181 2109 1236 adorabis
2139 1179 2303 1234 Deum
2325 1178 2513 1239 alium,
2536 1178 2640 1232 nisi
2672 1178 2960 1232 Dominum
2997 1177 3162 1230 Deum
3195 1184 3383 1239 tuum;
3414 1191 3433 1223 ι

1855 1288 1922 1328 an
1959 1278 2069 1329 haec
2100 1289 2221 1343 qua:
2249 1272 2475 1327 adorare
2491 1270 2646 1341 jubet
2670 1270 2980 1325 Cltubarem
3005 1268 3231 1322 Veneris
3261 1268 3437 1321 sium-

1857 1368 2084 1423 lacrum.
2109 1366 2207 1427 Ne.
2224 1381 2430 1435 quaso,
2452 1367 2672 1419 nomine
2690 1362 2781 1417 Dei
2797 1360 3091 1417 Abrahami
3112 1359 3434 1430 glorientur,

1853 1461 1980 1515 dum
2009 1459 2283 1515 contraria
2315 1457 2421 1513 Deo
2443 1457 2735 1512 Abrahami
2766 1457 3018 1519 credunt,
3044 1460 3207 1520 atque
3236 1450 3307 1501 ita
3331 1449 3435 1501 Ial-

1853 1552 2036 1606 lantur
2060 1564 2158 1604 ceu
2188 1548 2232 1603 si
2255 1547 2551 1601 Abrahami
2580 1545 2747 1600 Deum
2769 1544 3004 1597 habeant
3029 1541 3131 1595 sibi
3155 1539 3433 1610 proprium

1853 1656 1907 1699 et
1940 1642 2285 1698 benevolum.
2315 1640 2532 1696 lactant
2563 1639 2707 1693 enim
2742 1652 2941 1691 nomen
2988 1634 3189 1696 solum,
3229 1632 3439 1698 absque

1853 1753 1934 1803 re,
1971 1746 2025 1790 et
2062 1736 2311 1790 dissimili
2363 1734 2520 1788 alteri
2574 1732 2625 1786 id
2662 1734 3001 1801 imponentes
3046 1727 3183 1782 falso
3224 1728 3434 1781 colunt.

1854 1830 2059 1900 Nempe
2080 1848 2142 1886 ex
2171 1828 2599 1887 circumstantiis
2622 1826 2968 1882 iudicativam
3001 1832 3183 1877 notam
3215 1833 3439 1875 sumen-

1858 1934 1939 1980 tes
1972 1934 2156 1979 errant
2189 1942 2201 1976 :
2232 1922 2325 1976 sed
2355 1936 2421 1975 ex
2447 1935 2505 1975 re
2530 1920 2648 1989 ipsa
2688 1933 2716 1972 a
2752 1932 2877 1972 vero
2908 1914 3057 1969 cultu
3085 1911 3247 1967 alieni
3278 1926 3435 1964 coar-

1853 2028 2116 2090 guuntur.
2148 2014 2262 2070 Nisi
2292 2016 2429 2069 forte
2454 2028 2555 2068 nos
2585 2011 2828 2066 videmur
2857 2005 3029 2063 coacti
3064 2018 3231 2059 unum
3266 2002 3435 2055 Deum

1855 2112 2074 2175 habere,
2096 2108 2227 2164 dum
2252 2107 2328 2161 illi
2352 2105 2491 2160 duos
2509 2103 2836 2158 conﬁtentur
2859 2096 3165 2154 contrarios
3190 2094 3435 2164 apprime

1854 2204 2013 2265 Deos,
2058 2216 2247 2258 verum
2289 2210 2344 2255 et
2402 2198 2598 2253 falsum
2631 2213 2649 2261 ;
2683 2194 2767 2250 vel
2805 2192 2953 2265 quod
3002 2189 3175 2259 magis
3220 2184 3432 2242 veritati

1852 2304 2140 2362 consonat,
2172 2303 2425 2350 neutrum
2460 2290 2681 2345 habent.

1853 2559 2092 2616 XXVIII.
2160 2554 2550 2614 Demonstratio
2637 2549 2777 2621 quod
2850 2560 3174 2621 nequaquam
3224 2558 3430 2621 reruni

2150 2610 2353 2683 i—naaeit
2397 2610 2749 2683 Moltantea'es,
2780 2610 2941 2687 neque
2986 2610 3157 2688 ipsum
3204 2610 3435 2688 Agereni

1923 2684 2141 2764 colunt;
2181 2699 2271 2753 sed
2322 2704 2623 2765 apostatarn
2678 2684 3013 2753 daemonem,
3051 2685 3142 2755 qui
3200 2684 3434 2737 divinam

1923 2771 2328 2841 appellationem
2355 2764 2652 2833 usurpavit.

1921 2934 2011 2992 99.
2076 2934 2245 2988 Deum
2292 2929 2457 2983 rebus
2509 2922 2725 2981 cunctis
2773 2915 3163 2976 exsistentiltus
3218 2924 3435 2969 summe

1852 3026 2196 3099 praecellere,
2243 3018 2534 3075 manifeste
2590 3015 2969 3069 demonstrant
3016 3004 3433 3061 immutabilitas

1854 3096 1974 3191 ejus
2030 3126 2085 3173 et
2139 3110 2664 3174 inconvertibilitas;
2695 3115 2751 3161 et
2803 3102 2949 3174 quod
2985 3114 3080 3170 per
3134 3113 3193 3153 se
3248 3096 3342 3161 sit,
3376 3102 3434 3150 et

176 3211 232 3263 τὸ
258 3208 631 3273 διανοεῖσθαι,
682 3209 778 3261 καὶ
828 3207 1030 3277 λέγειν,
1063 3205 1211 3279 [καὶ]
1268 3209 1444 3261 ποιεῖν
1472 3222 1488 3239 ο
1546 3206 1621 3271 ὡς
1666 3206 1749 3271 τὸ,

1854 3213 2134 3276 deliberet,
2183 3216 2239 3264 et
2276 3206 2445 3271 dicat,
2473 3210 2528 3259 et
2560 3200 2742 3257 faciat.
2777 3194 2952 3253 Veluti
2982 3193 3248 3262 scriptum
3293 3198 3374 3243 est
3415 3204 3430 3241 :

177 3300 399 3365 Πάντες
424 3296 879 3368 ἀλλαγήσονται
897 3338 912 3363 ,
946 3296 1029 3352 σὺ
1059 3297 1126 3350 δὲ
1158 3300 1192 3351 ό
1220 3296 1402 3364 αὐτὸς
1426 3292 1510 3352 ει·
1544 3298 1639 3351 καὶ
1666 3297 1747 3363 τὸ,

186 3391 473 3459 Ἡβσυλὴ
512 3389 619 3443 τοῦ
669 3390 888 3457 Κυρίου
928 3390 1015 3455 εις
1053 3390 1162 3442 τὸν
1190 3386 1376 3443 αιῶνα
1413 3390 1583 3457 μένει
1608 3406 1623 3421 ο
1657 3390 1750 3443 καὶ

176 3484 252 3544 τὸ,
292 3484 395 3546 Εις
424 3482 535 3534 τὸν
569 3480 774 3543 αἰῶνα,
818 3480 1014 3547 Κύριε,
1045 3481 1079 3533 ό
1105 3480 1288 3546 λόγος
1316 3493 1434 3533 σου
1466 3479 1747 3549 διαμένεισ

180 3577 266 3626 καὶ
286 3574 365 3637 τὸ,
409 3573 615 3626 Πάντα
665 3570 739 3625 τὰ
789 3570 935 3640 ἔργα
982 3587 1098 3625 σου
1130 3571 1424 3638 ἀληθινάο
1461 3571 1751 3640 θειοτέρως

177 3666 408 3735 δηλονότι
466 3665 499 3735 ἢ
556 3662 1063 3736 ἀνθρωπινωτέρως
1126 3663 1338 3717 τούτων
1404 3664 1744 3733 νοουμένωνο

180 3760 537 3813 ἐπισκεπτέον
557 3758 653 3811 νῦν
674 3760 729 3811 εῖ
748 3775 811 3825 γε
834 3757 1009 3811 ταῦτα
1029 3756 1468 3828 συντετηρῆσθαι
1486 3757 1565 3827 τῷ
1585 3758 1749 3828 Θεςῳ,

180 3848 205 3899 ό
228 3848 559 3918 καμῃλώδης
584 3847 679 3901 τοῦ
712 3848 953 3917 πονηροῦ
992 3848 1290 3911 ἀπόστολος
1325 3853 1619 3920 συγχωρεῖ,
1653 3850 1751 3921 τὴν

179 3941 355 4010 τρίτην
388 3942 485 3993 καὶ
507 3940 777 4011 νεωτέραν
805 3939 1072 4010 διαθήκην
1096 3940 1579 4011 μυθολογούμενος.
1626 3994 1636 4002 .

246 4031 307 4101 ρ’.
342 4033 449 4085 Τοῦ
480 4031 645 4085 Θείου
676 4034 855 4085 τοίνυν
887 4018 1324 4102 ὁμολογουμένου
1371 4033 1549 4104 πάντη
1585 4035 1750 4089 ἀΰλου

182 4124 265 4174 καὶ
291 4123 611 4192 ἀσωμάτου,
632 4122 1009 4192 θεωρουμένου
1041 4122 1099 4175 δὲ
1134 4123 1414 4191 ἀναλόγως
1438 4126 1532 4177 καὶ
1556 4127 1618 4179 ὲκ
1642 4126 1752 4179 τῶν

181 4215 385 4267 οἰκείων
441 4215 643 4281 ἔργων,
680 4214 1181 4283 ὲπιγινωσκομὲνου
1219 4230 1279 4267 τε
1331 4217 1394 4269 ix
1449 4217 1560 4269 τῶν
1594 4217 1753 4273 θείων

180 4304 342 4371 λόγων
360 4307 439 4358 ὅτ’
464 4305 535 4358 ἂν
559 4307 823 4373 συμφωνῇ
841 4306 951 4364 τοῖς
980 4302 1161 4372 ἔργοις
1190 4303 1257 4357 τὰ
1281 4303 1521 4374 ῥήματα,
1551 4306 1754 4375 ὑμνου-

186 4396 335 4463 μένου
366 4414 425 4449 τε
455 4400 521 4449 ὲκ
554 4395 663 4447 τῶν
684 4395 1009 4466 θεοπρεπῶν
1033 4394 1356 4465 θελημάτων
1384 4411 1397 4425 ·
1424 4396 1502 4449 ὅτ’
1531 4398 1597 4450 ἂν
1624 4399 1753 4470 παρ’

184 4489 335 4541 αὐτοῦ
393 4487 829 4559 ἐμφανίζωνται,
885 4488 1163 4556 ἐχομένων
1210 4487 1411 4559 δηλαδὴ
1444 4489 1537 4542 καὶ
1570 4490 1751 4542 αὐτῶν

1854 3306 2044 3364 Omnes
2068 3299 2514 3359 immittebantur,
2532 3306 2588 3348 tu
2608 3302 2788 3347 autem
2812 3291 2950 3345 idem
2976 3287 3087 3355 ipse
3105 3300 3157 3338 es
3177 3283 3245 3337 ³⁸.
3263 3280 3394 3335 Item
3415 3295 3431 3333 :

1850 3396 2145 3454 Consilium
2184 3390 2395 3447 Domini
2453 3394 2625 3441 manet
2674 3385 2727 3439 in
2781 3391 3036 3438 aeternum
3056 3378 3123 3430 ³⁸.
3154 3376 3285 3429 Item
3321 3392 3334 3427 :
3365 3369 3433 3426 In

1850 3501 2123 3551 a'temum,
2163 3485 2402 3547 Domine,
2446 3485 2714 3549 permanet
2742 3474 2953 3529 verbum
2989 3480 3138 3524 tuum
3165 3466 3230 3521 ³⁷.
3256 3464 3384 3519 Item
3416 3478 3432 3516 :

1850 3582 2057 3639 Cuncta
2077 3594 2236 3649 opera
2254 3587 2347 3629 tua
2377 3590 2501 3628 vero
2517 3570 2599 3636 ⁸⁸;
2628 3571 2700 3623 ita
2727 3575 2906 3621 tamen
2930 3570 2989 3617 ut
3022 3562 3137 3616 haec
3163 3557 3434 3613 diviniore

1851 3676 2034 3747 potius
2084 3647 2247 3742 quam
2294 3666 2612 3722 humaniore
2655 3675 2818 3716 sensu
2877 3656 3201 3726 cogitentur.
3235 3647 3435 3705 Consi-

1851 3739 2150 3821 deraudnm
2200 3773 2366 3819 nunc,
2409 3771 2476 3810 an
2527 3756 2643 3808 hare
2673 3752 2727 3805 in
2756 3750 2865 3803 Deo
2910 3742 3133 3801 retineri
3163 3739 3435 3795 concedat

1851 3855 2175 3914 camelarius
2205 3850 2405 3907 diaboli
2448 3848 2678 3917 legatus,
2706 3842 2799 3914 qui
2835 3839 3054 3895 tertium
3092 3849 3157 3890 ac
3193 3829 3433 3888 neoteri-

1852 3964 1977 4005 cum
2014 3952 2402 4002 testamentum
2436 3937 2717 3995 continuit.

1934 4036 2058 4092 100.
2101 4035 2237 4089 Cum
2282 4032 2442 4102 plane
2490 4030 2542 4083 in
2573 4024 2824 4082 confesso
2852 4022 2922 4077 sit
2964 4019 3133 4074 Deum
3171 4029 3293 4071 esse
3330 4011 3434 4067 im-

1853 4127 2185 4185 materialem
2216 4133 2268 4179 et
2303 4124 2705 4191 incorporeum,
2748 4122 3049 4185 spectatum
3107 4118 3289 4163 tamen
3336 4121 3435 4176 per

1852 4217 2156 4288 analogiam
2204 4214 2258 4267 in
2290 4211 2410 4281 ejus
2443 4209 2722 4279 operibus,
2752 4220 2818 4261 ex
2848 4203 3079 4273 ejusque
3109 4198 3273 4255 simul
3316 4211 3433 4252 ser-

1854 4311 2108 4366 monibus
2146 4308 2571 4378 agnitum,-cum
2597 4299 2759 4355 verba
2806 4294 3064 4367 operibus
3096 4296 3429 4353 consonant;

1854 4404 2186 4460 celebratum
2220 4399 2442 4466 insuper
2470 4397 2539 4449 ab
2563 4393 2682 4464 ejus
2706 4388 3008 4461 magniﬁcis
3036 4382 3431 4445 voluntatibus,

1855 4510 1977 4551 cum
2010 4507 2087 4547 ea:
2121 4490 2189 4544 ab
2227 4488 2348 4558 ipso
2371 4482 2943 4549 manifestantur,qua:
2971 4475 3172 4547 pariter
3189 4480 3245 4526 et
3265 4470 3432 4525 verbo

184 4580 265 4632 τοῦ
296 4583 435 4634 κατὰ
462 4581 594 4641 τοὺς
619 4579 813 4646 λόγους
853 4579 945 4631 καὶ
973 4578 1040 4630 τὰ
1065 4577 1201 4648 ἔργα
1232 4581 1436 4632 σκοποῦ
1454 4598 1467 4610 ο
1495 4581 1572 4632 ὅτ’
1596 4581 1661 4634 ἂν
1686 4582 1745 4634 ἐν

1855 4596 1908 4642 et
1936 4599 2099 4655 opere
2134 4594 2355 4650 scopum
2411 4592 2570 4632 suum
2619 4578 3050 4644 persequuntur;
3080 4564 3125 4621 si
3158 4562 3289 4635 quid
3336 4562 3433 4615 ho-

182 4688 227 4722 τι
257 4672 456 4725 τούτων
485 4670 880 4738 ἀντικειμένως
914 4669 1110 4739 εὑρεθῇ
1153 4670 1274 4740 ἔχον
1296 4671 1433 4741 πρὸς
1460 4672 1529 4725 τά
1557 4671 1740 4741 λοιπὰ,

183 4763 271 4830 τῆς
303 4763 437 4831 πρὸς
494 4762 557 4814 τὸ
591 4760 744 4813 Θεῖον
776 4760 1133 4823 ὲκπεπτωκὸς
1178 4760 1245 4814 ἄν
1296 4762 1567 4832 ἐλέγχοιτο
1616 4764 1746 4817 ἀσε-

184 4852 341 4917 6εἰας,
379 4855 406 4905 ὁ
435 4851 643 4921 ταύτης
692 4851 1050 4921 ἀντεχόμενος
1081 4850 1183 4921 τῆς
1226 4852 1474 4924 ἀπάτης·
1522 4855 1745 4908 σκοπεί-

186 4945 285 4997 σῆω
309 4946 371 5014 δὴ
397 4940 492 4998 οὖν
523 4944 685 4997 τοῦτο
706 4944 798 4997 ἐπὶ
815 4944 905 4997 τοῦ
939 4944 1177 5014 Ἀραὸος
1203 4942 1315 5017 (98)
1340 4965 1352 4977 ·
1386 4948 1452 5001 τά
1484 4950 1623 5003 κατά
1654 4950 1745 5005 τὸν

184 5036 361 5106 Φαραὼ
405 5038 502 5091 καὶ
552 5037 651 5106 τὴν
695 5036 958 5107 Ἐρυθρὰν
996 5038 1293 5103 θάλασσαν,
1318 5041 1419 5094 οὐκ
1451 5038 1547 5095 οἷδ’
1574 5043 1741 5107 ὅπως,

186 5129 249 5190 ὡς
276 5130 326 5182 δέ
356 5146 415 5196 γε
472 5127 587 5195 ἐγὼ
620 5131 756 5180 νοεῖν
785 5128 1042 5199 δύναμαι,
1098 5130 1236 5183 κατά
1294 5132 1376 5197 τὸ,
1441 5132 1746 5201 Ἔμπεσεῖ-

187 5224 311 5277 adat
338 5222 415 5288 τῷ
442 5223 574 5289 ιόίῳ
602 5222 1032 5292 ἀμφιϐλήστρῳ
1079 5226 1220 5289 τοὺς
1245 5224 1630 5293 ἁμαρτωλοὺς
1663 5244 1742 5280 ει-

191 5317 425 5383 ρημένον,
455 5318 555 5370 καὶ
586 5315 747 5378 αὐτὸς
775 5315 1073 5382 ἀπεδέξατο
1099 5334 1110 5345 ·
1152 5317 1242 5369 τὸν
1285 5318 1339 5370 δὲ
1361 5318 1455 5370 τοῦ
1488 5321 1745 5389 τεμόντος

188 5408 240 5459 τὸ
273 5410 499 5476 πέλαγος
550 5408 739 5480 νόμον,
773 5408 848 5473 ὡς
874 5410 1028 5463 οὐδὲν
1057 5412 1467 5481 ἀποπέμπεται,
1502 5413 1745 5484 δηλονότι

192 5500 311 5564 μετά
350 5501 457 5553 τῶν
493 5500 695 5568 λόγων,
730 5503 826 5555 καὶ
876 5502 950 5556 τά
990 5502 1271 5573 θελήματα
1319 5506 1743 5575 ὲκποιούμενοςο

191 5592 403 5659 φανερὸν
440 5594 525 5647 ὅτι
552 5594 929 5667 χειροτόνητόν
969 5613 1087 5650 τινα
1118 5597 1296 5669 ἑαυτῷ
1333 5598 1454 5653 θεὸν
1486 5600 1745 5655 εἰσποιεῖ-

1852 4695 1972 4735 rum
2020 4673 2355 4732 contrarium
2420 4668 2632 4725 czeteris
2687 4664 3076 4737 eomperiatur,
3110 4664 3156 4718 is
3187 4660 3281 4731 qui
3305 4659 3431 4715 huic

1851 4769 2022 4827 errori
2050 4767 2343 4829 adhmreat,
2378 4778 2604 4832 prorsus
2634 4776 2664 4815 λ
2691 4770 2836 4815 recta
2869 4757 2961 4812 Dei
2999 4758 3255 4826 religione
3281 4754 3429 4809 exci-

1850 4865 1995 4919 disse
2034 4858 2326 4914 videbitur.
2360 4854 2517 4909 Nunc
2548 4853 2602 4909 id
2642 4854 2998 4908 observemus
3048 4850 3100 4902 in
3132 4847 3327 4911 Arabe,
3362 4846 3428 4900 de

1856 4956 2138 5010 Pharaone
2167 4950 2413 5017 marique
2438 4945 2623 4999 Rubro
2650 4951 2904 4998 narrante
2929 4959 2943 5007 ;
2969 4942 3152 4995 nescio
3180 4955 3295 5002 cur,
3322 4937 3425 4990 nisi

1851 5048 1991 5102 forte
2019 5053 2076 5099 ut
2118 5056 2244 5112 ergo
2289 5038 2546 5098 arbitror,
2574 5036 2778 5090 dictum
2810 5033 2939 5087 illud
2975 5049 2988 5085 :
3020 5030 3221 5086 Cadent
3246 5030 3310 5107 \in
3345 5043 3427 5080 τεο

1850 5135 2104 5191 tiaculum
2147 5147 2298 5185 suum
2339 5137 2635 5199 peccatores
2653 5126 2720 5191 ",
2745 5126 2860 5194 ipse
2901 5137 3119 5193 quoque
3168 5128 3426 5189 expertus

1849 5239 1951 5287 est.
1986 5226 2113 5296 Ejus
2142 5235 2347 5289 autem,
2385 5223 2479 5293 qui
2513 5236 2662 5275 mare
2711 5218 2919 5283 divisit,
2950 5216 3121 5285 legem
3177 5212 3364 5283 abjicit
3404 5228 3419 5264 :

1851 5323 2106 5379 nimirum
2152 5328 2276 5389 post
2315 5330 2617 5375 sermones,
2651 5313 2959 5366 voluntates
2993 5324 3211 5380 quoque
3255 5321 3421 5375 repn-

1850 5417 2027 5476 dians,
2061 5418 2247 5480 aperte
2301 5409 2465 5461 alium
2516 5404 2684 5459 Deum
2738 5402 2953 5473 prepria
3006 5400 3271 5455 electione
3319 5396 3421 5452 sibi

1851 5505 2153 5567 constituit,
2192 5517 2381 5557 verum
2437 5498 2606 5552 Deum
2666 5506 2844 5550 tatnen
2888 5506 3253 5563 nequaquam.
3287 5487 3422 5542 Nam

1853 5601 1943 5671 qui
2010 5614 2161 5652 mare
2216 5595 2345 5651 illud
2396 5591 2600 5655 divisit,
2654 5589 2856 5644 nullam
2890 5588 3050 5642 aliam
3089 5578 3159 5638 ob
3199 5595 3421 5637 causam

252 5744 289 5775 ³³
326 5746 463 5804 Psal.
494 5766 571 5811 ct.
597 5751 686 5807 9.8.
766 5752 810 5785 ³⁸
839 5750 1142 5823 Psal._sxn,
1170 5756 1253 5809 ll.
1332 5756 1375 5788 ³⁷
1403 5756 1540 5811 Psal.
1568 5774 1754 5823 cxvnt,
1786 5759 1876 5815 80.
1951 5757 1995 5789 ³⁸
2020 5754 2272 5813 I’sal.cx.
2309 5752 2338 5804 7
2438 5753 2483 5785 ’ν
2501 5749 2645 5808 Psal.
2679 5764 2805 5812 cu,
2838 5746 2928 5800 10.

254 5884 324 5956 (9)
353 5887 476 5945 Sur.
515 5888 549 5940 ι’
565 5890 602 5940 ll
