4168 6450
710 409 816 473 799

1985 409 2280 469 ΝΙΟΕΤΑΕ
2322 409 2724 471 ΒΥΖᾹΝΤΙΝΙ

3859 413 3973 475 800

712 525 858 586 fecit,
891 537 1055 592 quam
1089 529 1146 574 ut
1183 520 1352 590 ipsius
1377 522 1802 578 observarentur
1853 538 2157 578 sermones.
2190 523 2292 594 lg?—

2405 543 2503 587 ται,
2536 523 2652 576 ἀλλ’
2675 525 2796 595 οὐχὶ
2847 523 2938 578 τὸν
2964 523 3136 586 ὅντως
3175 524 3307 578 Θεόν
3337 542 3349 554 ·
3400 525 3428 577 6
3461 525 3567 594 γὰρ
3598 524 3774 578 ἐκεῖνο
3805 527 3984 596 ῥήξεις

710 626 799 670 tur
827 617 919 685 qui
946 617 1063 685 ejus
1097 631 1376 670 sermones
1413 616 1610 681 abolet,
1641 617 1815 686 ipsum
1845 625 2123 671 auctorem
2159 619 2290 671 abo-

707 708 782 762 let
810 728 821 762 :
847 710 934 778 qui
970 716 1244 762 auctorem
1275 709 1474 771 abolet,
1509 721 1668 779 negat
1734 710 1899 764 simul
1963 709 2164 764 factum
2223 709 2291 763 ab

709 803 894 854 eodem
932 799 1276 854 miraculum.
1307 799 1470 870 Atqui
1503 816 1626 855 cum
1658 802 2005 856 Mohamedes
2048 803 2289 855 miracu-

713 893 818 944 lum
871 891 1002 945 illud
1054 892 1398 956 conﬁteatur,
1443 893 1630 962 utique
1681 895 1748 950 ah
1799 895 1906 948 alio
1947 893 2056 948 Deo
2089 894 2288 948 factum

711 981 862 1046 dicit,
897 999 1004 1035 non
1041 984 1109 1036 ab
1139 983 1230 1035 illo
1264 983 1356 1052 qui
1388 995 1582 1038 auctor
1617 995 1700 1040 est
1727 1001 2065 1051 sermonum,
2091 987 2290 1054 quibus

714 1075 817 1128 hoc
881 1075 1202 1128 miraculum
1255 1075 1434 1145 ipsum
1491 1091 1764 1134 narratur.
1799 1080 2162 1146 Quamobrem
2195 1083 2292 1136 du-

712 1167 834 1235 plex
877 1175 958 1219 est
994 1165 1334 1223 Mohamedis
1382 1170 1653 1240 impietas,
1681 1172 1790 1225 imo
1826 1183 1878 1227 et
1901 1173 2131 1242 triplex;
2165 1173 2290 1242 quia

711 1258 821 1311 Deo
851 1257 1064 1311 auctori
1098 1259 1259 1328 eripit
1296 1261 1653 1326 miraculum;
1681 1271 1734 1315 et
1757 1263 1884 1331 quia
1917 1263 1991 1315 illi
2023 1263 2230 1328 tribuit,
2262 1279 2288 1317 a

709 1367 818 1419 quo
845 1366 951 1406 non
983 1355 1310 1410 estfactum.
1339 1355 1604 1420 Quisnam
1640 1370 1802 1424 porro
1836 1357 1904 1410 sit
1925 1355 2016 1425 qui
2037 1355 2149 1424 jam
2170 1356 2293 1410 inde

711 1444 781 1498 ab
817 1446 976 1500 initio
1013 1448 1278 1504 adversus
1300 1447 1539 1502 divinam
1567 1449 1795 1516 gloriam
1831 1464 1888 1503 se
1914 1450 2127 1515 extulit,
2161 1449 2293 1504 satis

712 1536 940 1591 scimus.
971 1536 1126 1593 llune
1155 1554 1287 1610 ergo
1326 1539 1430 1593 coli
1459 1554 1490 1593 a
1524 1538 1842 1594 Mohamede
1881 1539 1956 1594 ita
1999 1539 2292 1610 cogitante,

712 1643 932 1684 necesse
963 1639 1066 1685 est.
1097 1631 1192 1686 Vel
1224 1643 1367 1687 certe
1423 1633 1742 1686 immutatus
1778 1640 1861 1686 est
1893 1641 1948 1686 et
1975 1647 2291 1697 conversus,

711 1735 777 1773 ex
809 1720 1140 1778 Mohamedis
1167 1724 1459 1788 sententia,
1489 1723 1668 1786 Deus;
1706 1739 1881 1793 neque
1911 1725 2024 1794 jam
2057 1726 2110 1779 in
2137 1735 2294 1780 aeter-

715 1829 844 1867 num
873 1830 1053 1870 sermo
1084 1816 1201 1885 ejus
1229 1829 1531 1886 permanet,
1566 1833 1744 1886 neque
1761 1818 1946 1872 onmia
1979 1819 2100 1887 ejus
2130 1834 2292 1887 opera

2395 617 2452 668 τὸ
2507 616 2765 683 πέλαγος,
2803 616 2871 668 δι’
2905 616 3030 668 ἄλλο
3072 615 3283 687 οὑδένῆ
3315 616 3402 670 διὰ
3437 617 3496 668 τὸ
3519 619 3647 680 τοὺς
3682 617 3849 670 αὐτοῦ
3884 637 3984 686 φυ-

2394 707 2684 761 λάττεσθαι
2735 705 2924 774 λόγους
2953 707 3113 762 τοῦτο
3158 710 3481 779 πεποίηκεν.
3515 709 3575 762 Ὀ
3610 709 3740 776 γοῦν
3771 708 3987 762 ἀθετῶν

2394 801 2519 862 τοὺς
2550 799 2715 852 αὐτοῦ
2739 799 2953 866 λόγους,
2990 802 3254 869 πρότερον
3282 801 3444 854 αὐτον
3481 803 3664 855 ἀθετεῖ
3688 818 3703 834 ο
3735 801 3904 854 αὑτὸν
3928 801 3987 852 δὲ

2394 892 2624 956 ἀθετῶν,
2658 893 2755 944 καὶ
2801 892 2860 946 τὸ
2915 894 3046 962 παρ’
3092 893 3256 946 αὑτοῦ
3297 893 3631 963 γεγενῆσθαι
3681 893 3742 947 τὸ
3793 894 3987 962 θαῦμα

2394 982 2614 1036 ἀθετεῖ·
2674 984 3045 1055 γεγενημένον
3094 1002 3152 1037 τε
3184 985 3320 1048 ὅλως
3354 984 3415 1037 τὸ
3462 984 3646 1054 θαῦμα
3677 985 3988 1055 ὁμολογῶν,

2397 1074 2529 1142 παρ’
2559 1072 2718 1125 ἄλλου
2751 1073 2969 1137 πάντως
2999 1073 3131 1126 αὐτὸ
3160 1075 3494 1143 γεγενῆσθαι
3543 1076 3711 1145 λέγει,
3734 1077 3794 1128 οὐ
3828 1076 3991 1146 παρᾶ

2395 1167 2490 1219 τοῦ
2516 1168 2858 1236 γεγραφότος
2883 1170 3010 1231 τοὺς
3037 1167 3229 1236 λόγους
3267 1170 3327 1221 ἐν
3353 1163 3434 1233 οἷς
3464 1170 3556 1222 καὶ
3588 1169 3745 1223 τοῦτο
3777 1169 3960 1238 γέγρα

2399 1275 2532 1312 πται
2565 1262 2628 1312 τὸ
2655 1259 2839 1330 θαῦμα
2859 1277 2872 1290 ·
2897 1259 3039 1313 ῶστε
3073 1259 3225 1331 διττὴ
3254 1261 3420 1314 αὐτοῦ
3447 1262 3480 1331 ἡ
3504 1259 3748 1324 ἀσέϐεια,
3785 1260 3992 1329 μᾶλλον

2395 1352 2452 1406 δὲ
2489 1355 2584 1405 καὶ
2618 1352 2831 1425 τριττὴ,
2860 1354 2943 1406 ὅτι
2973 1370 3034 1406 τε
3088 1352 3444 1424 ἀφαιρεῖσθαι
3493 1352 3586 1406 τοῦ
3613 1352 3991 1420 πεποιηκότος

2394 1444 2531 1499 Θεοῦ
2556 1445 2616 1499 τδ
2646 1447 2832 1518 θαῦμα
2851 1462 2865 1476 ·
2891 1446 2985 1500 καὶ
3011 1447 3092 1500 ὅτι
3118 1447 3193 1517 μὴ
3219 1446 3297 1516 τῷ
3319 1446 3641 1515 πεποιηκότι
3673 1444 3986 1514 χαρίζεται.

2399 1535 2495 1600 Τίς
2520 1536 2577 1590 δέ
2607 1537 2758 1592 ἐστιν
2785 1539 2813 1592 6
2839 1537 2900 1603 ἐξ
2927 1537 3102 1609 ἀρχῆς
3137 1537 3282 1591 κο,τά
3309 1537 3410 1608 τῆς
3428 1535 3581 1600 θείας
3615 1536 3990 1607 ἐπαιρόμενος

2395 1627 2590 1696 δόξης,
2648 1628 2838 1695 σαφῶς
2896 1629 3152 1699 οἴδαμεν·
3205 1628 3398 1682 τοῦτον
3455 1625 3550 1681 οῦν
3601 1629 3708 1698 ἀρα
3763 1629 3988 1690 παντως

2396 1720 2608 1788 ἀνάγκη
2632 1720 2888 1774 σέϐεσθαι
2914 1720 3086 1776 ταῦτα
3113 1721 3416 1793 φρονοῦντα
3436 1738 3450 1752 ·
3481 1720 3514 1792 ἢ
3544 1720 3835 1791 ἠλλοίωται
3863 1721 3987 1772 κατ’

2395 1813 2556 1866 αὐτὸν
2585 1814 2647 1866 τὺ
2673 1813 2826 1867 Θεῖον
2847 1814 2944 1867 καὶ
2965 1813 3292 1884 τέτραπται,
3324 1813 3418 1867 καὶ
3442 1814 3542 1867 οὐκ
3571 1815 3650 1876 είς
3686 1813 3776 1866 τὸν
3806 1814 3987 1867 αἰῶνα

715 1919 862 1959 vera.
920 1882 1125 1962 Verum
1170 1882 1406 1976 jactetur
1444 1910 1495 1962 in
1542 1910 1716 1979 capita
1777 1911 2015 1965 sontium
2063 1911 2295 1966 absurda

2405 1905 2426 1957 ό
2457 1904 2613 1971 λόγος
2642 1904 2805 1958 αὐτοῦ
2829 1882 3095 1975 διαμένει,
3126 1906 3246 1958 οὐδὲ
3299 1903 3480 1957 πάντα
3528 1903 3596 1957 τὰ
3647 1903 3786 1974 ἔργα
3814 1905 3984 1957 αὑτοῦ

715 1998 1070 2067 blasphemia.
1115 2001 1266 2066 Quod
1305 2003 1350 2055 si
1383 2002 1812 2057 inconvertibilis
1853 2013 1906 2057 et
1946 2004 2298 2060 immutabilis

715 2088 856 2144 Deus
882 2100 1228 2159 perseverat;
1261 2091 1608 2148 Mohamedes
1636 2094 1818 2162 potius
1850 2109 2141 2162 pervorsus
2158 2105 2295 2160 esto,

713 2181 809 2250 qui
844 2192 1108 2238 mutatum
1140 2199 1580 2254 conversumque
1607 2186 1774 2240 Deum
1825 2189 1989 2258 impie
2042 2189 2298 2258 blasphe-

716 2283 848 2339 mat,
878 2275 1108 2344 ejusque
1156 2291 1436 2332 sermones
1478 2278 1639 2332 delet.
1678 2277 2071 2349 Participemus
2120 2289 2297 2334 autem

716 2381 818 2419 nos
873 2366 1069 2420 divina:
1107 2367 1378 2424 tirmitatis
1415 2371 1667 2438 gratiam,
1704 2371 1796 2440 qtti
1825 2374 2148 2427 miraculum
2181 2374 2300 2440 ejus

715 2458 1075 2522 admittimus,
1106 2460 1334 2528 ejusque
1363 2462 1508 2530 leges
1544 2463 1898 2518 observemus
1940 2475 1990 2519 et
2026 2482 2298 2532 exsequa-

717 2561 858 2609 mur,
885 2557 1046 2614 atque
1083 2547 1188 2602 Deo
1221 2550 1414 2619 dignas
1466 2551 1589 2604 inde
1639 2553 2024 2608 condiscamus
2047 2556 2300 2624 discipli-

717 2652 818 2690 nas
870 2653 932 2691 ac
968 2641 1218 2695 vaticinia
1256 2653 1307 2694 et
1337 2643 1402 2696 de
1440 2642 1662 2698 Christo
1689 2645 1836 2699 etde
1873 2647 2037 2701 rebus
2090 2647 2301 2702 cunctis

718 2731 1072 2796 praesentibus
1107 2749 1171 2787 ac
1202 2733 1417 2788 futuris.

790 2989 912 3044 101.
944 2989 1020 3044 Ex
1061 2991 1141 3046 his
1179 3007 1305 3061 ergo
1347 2995 1691 3050 concluditur
1742 2997 2112 3054 Mohamedem
2159 3018 2294 3056 con-

717 3082 859 3136 vinci
897 3085 1188 3147 dicentem,
1221 3095 1314 3138 aut
1338 3086 1504 3140 Deum
1540 3104 1644 3141 non
1681 3092 1969 3150 exsistere.
2004 3101 2102 3146 aut
2159 3105 2304 3150 certe

720 3175 995 3229 diversum
1048 3192 1169 3230 esse
1199 3179 1388 3244 deum;
1427 3189 1520 3233 aut
1551 3182 1594 3234 si
1627 3192 1729 3246 est,
1769 3183 1823 3236 in
1876 3193 2016 3238 statu
2053 3201 2155 3240 suo
2194 3203 2300 3240 non

727 3282 1067 3333 permanere,
1101 3269 1194 3321 sed
1231 3279 1284 3321 ut
1319 3270 1376 3322 tit
1410 3274 1757 3326 nascentibus
1789 3283 1842 3327 et
1896 3285 2076 3343 postea
2113 3293 2301 3332 corru—

727 3355 967 3423 ptionem
1003 3358 1360 3425 patientibus,
1396 3377 1424 3413 a
1458 3377 1558 3416 suo
1609 3363 1732 3416 vitae
1781 3365 1967 3418 habitu
2003 3366 2300 3434 discedere,

731 3455 977 3512 tempore
1030 3445 1375 3500 immutatmn
1428 3467 1440 3501 :
1490 3451 1648 3518 cujus
1695 3455 1978 3507 sententia:
2005 3469 2205 3523 quanta
2234 3460 2305 3514 sit

721 3534 971 3603 impietas
993 3527 1154 3590 facile
1175 3537 1531 3607 dignoscitur.
1563 3540 1674 3596 llae
1697 3545 1882 3613 itaque
1902 3547 2084 3614 regula
2115 3559 2300 3604 utatur

723 3626 972 3694 quisquis
1026 3629 1306 3683 veritatem
1365 3633 1608 3700 apprime
1642 3644 1788 3688 amat
1826 3654 1840 3690 ε
1874 3637 2090 3692 etiamsi
2119 3639 2304 3694 Moha-

724 3720 905 3772 medes
936 3720 1080 3772 aliud
1111 3722 1408 3791 quidquam
1444 3725 1696 3780 admittat
1730 3728 1844 3781 sive
1870 3728 2082 3786 Veteris
2109 3716 2302 3788 Testa-

728 3810 892 3862 menti
945 3811 1058 3866 sive
1087 3812 1256 3878 Novi;
1291 3817 1455 3870 audet
1496 3818 1638 3870 enim
1682 3819 1796 3887 ipse
1828 3836 2066 3891 quoque,
2099 3824 2304 3880 invitus

725 3901 871 3965 licet,
900 3904 1203 3973 virgineum
1229 3916 1441 3974 partum
1471 3908 1749 3975 conﬁteri;
1785 3925 1849 3965 ex
1908 3912 2022 3981 ipsa
2060 3913 2302 3982 ejusdem

724 3996 1068 4051 confessione
1121 3998 1264 4052 lnme
1316 4001 1625 4056 convincat.
1666 4000 1833 4058 Valde
1877 4005 2022 4059 enim
2054 4007 2304 4063 indoctus

723 4093 802 4138 est
834 4087 1098 4141 barbarus
1127 4097 1180 4141 et
1208 4089 1538 4147 ineruditus.

725 4175 915 4230 XXIX.
949 4177 1097 4232 Falli
1124 4197 1208 4255 eos
1242 4183 1330 4255 qui
1364 4183 1545 4255 dicunt
1579 4193 1779 4253 gentem
1813 4184 2170 4255 Agarenorum
2211 4191 2303 4244 Dei

1161 4250 1344 4306 Patris
1372 4250 1849 4308 cultunt'retincre.

798 4399 918 4453 10?...
958 4401 1091 4454 Cum
1119 4402 1383 4458 Dominus
1419 4415 1605 4461 noster
1639 4406 1797 4464 Jesus
1826 4409 2073 4465 Christus
2107 4414 2304 4468 veritas

727 4495 1025 4560 appelletur
1074 4504 1128 4548 et
1178 4497 1266 4562 sit,
1302 4513 1525 4553 necesse
1581 4509 1662 4554 est
1719 4504 1999 4557 credentes
2047 4506 2116 4567 ei,
2162 4507 2302 4560 haud

2402 1997 2657 2066 όιληθινά⁶
2691 1997 2808 2050 ἀλλ’
2863 1997 3191 2068 ἀπεῤῥίφθω
3245 1998 3326 2061 είς
3356 1996 3602 2065 κεφαλὰς
3654 1995 3764 2048 τῶν
3793 1997 3988 2049 αἰτίων

2399 2090 2499 2159 τῆς
2519 2087 2863 2159 βλασφημίας
2893 2089 2954 2141 τὸ
2978 2088 3200 2142 ἄτοπον.
3230 2089 3295 2142 Εἰ
3324 2089 3378 2141 δὲ
3409 2087 3676 2158 ἄτρεπτον
3704 2089 3797 2142 καὶ
3824 2089 3990 2142 ἀναλ-

2400 2181 2621 2235 λοίωτον
2653 2181 2898 2251 διαμένει
2926 2180 3184 2245 τὰΘεῖον,
3225 2181 3390 2245 αὐτὸς
3431 2181 3530 2251 μὲν
3569 2181 3990 2250 ἀνατετραμμέ-

2400 2291 2489 2334 νος
2527 2273 2758 2344 ὑπάρξει
2795 2274 2869 2337 th;
2891 2273 3155 2342 δυσσεϐὴς
3190 2272 3662 2343 μεταϐαλλόμενον
3693 2273 3787 2324 καί
3816 2289 3990 2340 μετα-

2401 2367 2736 2436 τρεπόμενον
2777 2366 3116 2435 βλασφημῶν
3170 2364 3232 2417 τὺ
3280 2365 3459 2430 Θεῖον,
3515 2365 3611 2417 καὶ
3651 2364 3780 2426 τοὺς
3819 2363 3988 2417 αὑτοῦ

2403 2457 2683 2528 ἡθετηκὼς
2710 2458 2903 2525 λόγους
2931 2475 2944 2490 ο
2987 2456 3284 2527 μεθέξομεν
3313 2456 3370 2509 δὲ
3399 2456 3498 2525 τῆς
3528 2455 3693 2508 αὑτοῦ
3721 2455 3992 2525 ἀτερψίας

2404 2551 2586 2619 χάριτι
2629 2551 2675 2601 οἱ
2716 2549 2812 2600 καὶ
2840 2549 2900 2601 τὸ
2952 2548 3139 2618 Θαῦμα
3191 2546 3667 2618 προσδεδεγμένοι,
3715 2549 3811 2599 καὶ
3862 2547 3994 2608 τοὺς

2404 2642 2599 2708 νόμους
2630 2638 2963 2709 πληροῦντες
2998 2640 3089 2690 καὶ
3123 2638 3478 2701 τελειοῦντες,
3501 2637 3595 2690 καὶ
3631 2637 3730 2698 τὰς
3755 2636 3991 2705 θεοπρε-

2405 2735 2526 2792 πείς
2551 2730 2611 2795 ἐξ
2641 2731 2821 2783 αὐτῶν
2849 2730 3233 2799 παιδευόμενοι
3278 2729 3578 2802 μαθητείας
3611 2746 3669 2781 τε
3726 2729 3821 2782 καὶ
3854 2746 3994 2798 προ-

2405 2823 2632 2891 φητείας
2667 2822 2794 2893 περί
2823 2839 2880 2875 τε
2911 2821 3149 2893 Χριστοῦ
3189 2823 3284 2876 καὶ
3313 2823 3532 2877 πάντων
3553 2823 3662 2876 τῶν
3696 2821 3868 2875 όντων
3894 2826 3996 2875 καὶ

2405 2913 2702 2983 ἐσομένων.

2478 3000 2581 3073 pa’.
2614 3001 2889 3070 Συνῆκται
2922 3003 3105 3056 τοίνυν
3137 3005 3200 3057 ὲκ
3222 3004 3430 3058 τούτων
3472 3004 3794 3073 φωραθῆναι
3825 3004 3995 3056 αὐτὸν

2407 3092 2652 3159 λέγοντα,
2677 3092 2710 3161 ἢ
2737 3093 2829 3144 τὸν
2855 3092 2988 3145 Θεὸν
3022 3093 3097 3164 μὴ
3125 3091 3267 3147 εἶναι
3294 3094 3448 3157 Θεὸν,
3483 3094 3599 3146 ἀλλ’
3629 3095 3715 3146 ἒτε
3727 3110 3817 3165 ρον
3850 3089 3996 3144 εἶναι

2410 3182 2563 3235 θεόν·
2607 3184 2639 3252 ἢ
2673 3183 2825 3246 ὄντα,
2877 3183 2951 3253 μὴ
2989 3183 3082 3235 τὸν
3123 3185 3286 3236 αὑτὸν
3316 3185 3404 3236 ἀεὶ
3426 3184 3706 3252 διαμένειν
3730 3183 3999 3246 ὡσαύτως

2409 3275 2602 3344 ἔχοντα
2655 3276 2792 3344 (99),
2826 3275 2962 3329 ἀλλὰ
2986 3275 3128 3328 κατά
3159 3275 3286 3339 τοὺς
3310 3277 3369 3328 ἐν
3407 3277 3621 3344 γενέσει
3672 3276 3764 3328 καὶ
3795 3274 3995 3344 φθορᾷ,

2406 3369 2504 3436 τῆς
2530 3367 2724 3420 ἑαυτοῦ
2753 3367 3109 3437 ἐξισταμένου
3137 3368 3326 3432 ἕξεως,
3349 3367 3427 3437 τῷ
3457 3368 3633 3439 χρόνῳ
3661 3367 3998 3436 μεταϐαλλό-

2411 3477 2570 3528 μενον
2590 3475 2603 3488 ’
2632 3454 2706 3512 ὧν
2727 3459 2786 3511 τὸ
2807 3459 3001 3522 ἀσεϐὲς
3022 3460 3242 3525 ὁπόσον,
3268 3460 3499 3513 συνιδεῖν
3523 3458 3767 3512 εὔκολον.
3805 3458 4002 3527 Τούτῳ

2407 3549 2500 3606 οὖν
2536 3552 2614 3622 τῷ
2663 3552 2846 3605 κανόνι
2880 3553 3222 3623 κεχρημένος
3281 3554 3387 3615 πᾶς
3419 3553 3566 3616 ὅστις
3601 3552 3667 3606 ἂν
3699 3551 3999 3621 φιλαληθέ-

2410 3659 2625 3704 στατος,
2657 3642 2761 3696 κᾶν
2789 3642 2915 3696 ἄλλο
2945 3661 2997 3696 τι
3025 3645 3124 3713 τῆς
3154 3644 3396 3708 Παλαιᾶς
3436 3643 3809 3716 παραδέξηται
3838 3644 3871 3710 ἧ
3903 3647 4002 3697 καὶ

2407 3733 2549 3795 Νέας
2572 3750 2584 3761 ·
2615 3733 2789 3803 τολμᾷ.
2822 3734 2931 3803 γὰρ
2963 3737 3058 3787 καὶ
3097 3735 3262 3798 αὐτὸς
3289 3735 3379 3789 τὸν
3429 3734 3762 3804 παρθενικὸν
3789 3734 3888 3786 καὶ
3917 3734 3996 3803 μὴ

2409 3826 2730 3896 βουλόμενος
2755 3825 3039 3896 ὁμολογεῖν
3064 3827 3242 3890 τόκον,
3277 3829 3340 3880 ἐκ
3363 3827 3463 3895 τῆς
3491 3825 3668 3893 ,αὐτοῦ
3701 3825 4001 3894 ὁμολογίας

2406 3917 2594 3969 τοῦτον
2648 3918 3065 3987 περιτρεπέτω·
3101 3916 3220 3970 λίαν
3246 3916 3357 3986 γὰρ
3413 3917 3631 3987 ἀμαθὴς
3653 3918 3680 3970 ὁ
3716 3915 3999 3986 βάρϐαρος

2408 4008 2506 4061 καὶ
2539 4009 2888 4071 ἀπαίδευτος.

2409 4187 2540 4242 ΚΘ’.
2579 4189 2701 4248 ’Ὁτι
2748 4188 3130 4256 σφάλλονται
3190 4192 3244 4242 οἱ
3275 4190 3559 4256 λέγοντες
3597 4190 3714 4256 τὴν
3758 4191 3848 4253 εις
3887 4190 4000 4244 τὸν

2482 4259 2630 4312 Θεὸν
2655 4259 2751 4312 καὶ
2778 4258 3011 4327 Πατέρα
3047 4257 3258 4319 σώζειν
3297 4260 3612 4314 εὐσέϐειαν
3636 4260 3702 4312 τὸ
3751 4262 3997 4330 Ἀγαμη-

2478 4328 2601 4381 νῶν
2636 4329 2831 4395 ἔθνος.

2483 4420 2582 4491 ρβ.
2630 4421 2910 4492 Ἀληθείας
2955 4423 3298 4495 κεκλημένου
3355 4423 3451 4476 καὶ
3507 4421 3847 4492 ὑπαρχοντος
3899 4422 4000 4474 τοῦ

2408 4513 2616 4583 Κυρίου
2679 4513 2836 4583 ἡμῶν
2905 4514 3080 4582 Ἰησοῦ
3140 4512 3403 4583 Χριστοῦ,
3450 4512 3664 4579 ἀνάγκη
3695 4513 3807 4572 τοῖς
3836 4511 4002 4565 τοῦτο

727 4585 1052 4649 concedere,
1088 4590 1233 4656 quod
1287 4591 1426 4646 Deus
1469 4592 1750 4656 Arahami,
1798 4604 1850 4650 et
1900 4598 2037 4650 Deus
2082 4598 2299 4670 Iloysis,

2412 4604 2826 4667 πεπιστευκόσι,
2882 4605 2957 4676 μὴ
3019 4605 3128 4658 δεῖν
3189 4604 3583 4658 κατατίθεσθαι
3611 4603 3686 4666 ὡς
3737 4604 3831 4656 τὸν
3860 4603 4002 4655 Θεδν

726 4675 944 4731 etDcus
977 4679 1241 4747 Aaronis,
1281 4682 1348 4736 ab
1401 4685 1702 4754 Agarcnica
1755 4698 1912 4758 gente
1956 4691 2188 4746 colatur.
2218 4694 2306 4748 Ait

725 4771 872 4822 cnim
912 4770 1205 4840 Dominus:
1233 4774 1338 4840 Qui
1365 4795 1465 4830 non
1494 4779 1810 4849 honori/icui
1853 4779 2074 4847 Filium,
2100 4801 2163 4839 ne
2194 4785 2304 4839 Pu~

731 4873 858 4915 (rem
876 4866 1084 4932 quidem
1115 4867 1430 4938 honori/Erat
1450 4871 1493 4902 "°
1523 4892 1535 4926 :
1565 4888 1663 4927 ceu
1687 4875 1868 4929 cuncti
1901 4876 2152 4931 videlicet
2173 4895 2304 4932 sau-

727 4953 800 5006 cti
832 4954 906 5007 illi
939 4958 1258 5024 patriarcha:
1293 4970 1344 5014 et
1377 4964 1665 5033 prophetze-
1705 4964 1899 5019 Filiqu
1942 4966 2030 5021 Dei
2062 4985 2306 5022 comme-

730 5047 1062 5101 moraverint
1093 5050 1474 5121 colueriutque
1510 5055 1925 5124 prmeognitum.
1973 5058 2308 5114 Abrahamns

729 5139 888 5202 cnim,
923 5139 1548 5213 inquitChristns,pater
1574 5161 1755 5212 vester,
1775 5150 2057 5204 exsultavit
2087 5164 2137 5206 ut
2172 5154 2312 5206 ride-

732 5241 808 5282 ret
830 5231 969 5283 diem
1009 5250 1210 5298 nteant;
1236 5237 1364 5290 vidit
1394 5249 1438 5291 et
1460 5240 1668 5307 gavisus
1696 5250 1773 5292 est
1817 5241 1886 5294 υ.
1919 5241 2126 5313 Moyses
2153 5247 2218 5299 de
2249 5263 2313 5302 eo

733 5323 979 5392 scripsit;
1032 5329 1510 5398 etsuhscqucntes
1570 5333 1845 5402 prephctze
1903 5338 2096 5404 partim
2152 5355 2314 5405 opere

736 5416 931 5482 partim
982 5421 1161 5474 verbis
1200 5425 1449 5477 eumdem
1485 5426 1713 5495 mystice
1749 5430 2131 5483 revelarnnt“.
2169 5431 2317 5496 Quo-

736 5508 898 5561 modo
925 5509 1086 5579 igitur
1133 5513 1298 5584 impia
1336 5516 1450 5571 hzec
1483 5534 1635 5589 gens,
1669 5535 1788 5588 qua:
1822 5522 1885 5574 ad
1924 5523 2308 5578 internecivum

809 5711 854 5744 ⁸³
880 5712 1037 5767 Joan.
1069 5732 1120 5781 v,
1147 5717 1238 5772 ‘25.
1316 5718 1358 5749 “
1391 5717 1548 5773 Joan.
1583 5737 1698 5783 vttt,
1733 5719 1819 5774 56.

805 5853 913 5922 (aa)
949 5852 1195 5920 5υ1·.111,
1239 5855 1328 5920 t7;
1360 5855 1497 5922 XXI,
1536 5857 1592 5909 at
1626 5856 1836 5924 μίγη,

2419 4697 2671 4766 Ἀϐραὰμ
2706 4699 2799 4750 καὶ
2832 4697 2964 4751 Θεὸν
3005 4698 3284 4760 Μωῡσέως
3340 4697 3443 4749 καὶ.
3477 4694 3688 4763 ’Λαρὼν
3713 4694 3863 4764 παρὰ
3899 4694 4000 4748 τοῦ

2419 4787 2720 4857 Ἀγαρηνοῦ
2753 4788 3108 4858 λατρεύεσθαι
3144 4789 3350 4852 ἔθνους.
3376 4790 3514 4858 Φησὶ
3550 4789 3660 4856 γὰρ
3707 4789 3735 4839 6
3766 4786 3997 4855 Κύριος

2425 4877 2477 4928 Ὁ
2499 4877 2583 4946 μὴ
2618 4876 2799 4947 τιμῶν
2827 4880 2932 4932 τὸν
2963 4880 3126 4945 -Υίὸν,
3159 4881 3301 4934 οὐδὲ
3322 4881 3426 4934 τὸν
3452 4882 3681 4948 Πατέρα
3711 4877 3849 4947 τιμᾷ
3873 4896 3887 4907 ·
3924 4879 4001 4941 ὡς

2414 4970 2630 5024 πάντων
2657 4971 2895 5039 δηλονότι
2917 4973 3022 5025 τῶν
3052 4972 3223 5041 ἁγίων
3257 4973 3481 5025 ἐκείνων
3518 4972 3875 5042 πατριαρχῶν
3905 4975 4003 5023 καὶ

2416 5065 2732 5133 προφητῶν,
2761 5067 2858 5134 τὴν
2883 5065 2979 5116 τοῦ
3012 5064 3143 5118 Υίοῦ
3188 5065 3281 5117 τοῦ
3322 5064 3462 5117 Θεοῦ
3498 5063 3868 5134 μεμνημένων
3901 5065 4002 5114 καὶ

2421 5156 2790 5210 σεϐασοέντων
2840 5156 3172 5225 ἐπίγνωσιν·
3239 5157 3484 5226 Ἀϐραὰμ
3537 5155 3683 5226 γὰρ.
3741 5156 3931 5224 φησὶν.
3971 5158 4003 5208 ό

2420 5249 2614 5316 πατὴρ
2668 5248 2833 5317 ὑμῶν
2879 5251 3313 5317 ἠγαλλιάσατο,
3345 5250 3444 5302 ἵνα
3473 5247 3569 5316 ἴδῃ
3624 5246 3740 5312 τὴν
3771 5245 4004 5314 ἡμέραν

2420 5360 2444 5394 τ
2462 5342 2534 5410 ἱιν
2556 5343 2728 5410 ἐμὴν,
2759 5342 2855 5395 καί
2880 5338 2998 5396 εἶδε
3023 5343 3118 5394 καὶ
3148 5342 3354 5410 ἐχάρη.
3380 5340 3624 5408 Μωῦσῆς
3656 5338 3885 5408 ἔγραψε,
3908 5340 4002 5390 καὶ

2421 5437 2467 5487 οἱ
2505 5433 2738 5503 καθεξῆς
2781 5436 3054 5504 προφῆται
3083 5436 3200 5504 ἦτοι
3241 5434 3388 5505 ἔργῳ
3438 5432 3639 5504 ἢλόγῳ
3668 5431 3798 5502 περὶ
3833 5428 3998 5481 αὑτοῦ

2424 5527 2701 5596 μυστικῶς
2755 5527 3116 5598 ἐνεφήναντο’
3156 5527 3272 5591 πῶς
3323 5521 3418 5579 οὖν
3467 5525 3528 5578 τὸ
3587 5521 3782 5586 ἀσεϐὲς
3839 5521 4002 5573 τοῦτο

1899 5722 1941 5753 ⁸³
2001 5723 2189 5778 Matth.
2237 5741 2384 5793 xnv,
2425 5728 2514 5782 '27.
