4168 6450
192 418 289 484 8'01

1359 411 1788 475 REFUTATIO
1830 409 2303 471 MOHAMEDIS.

3335 414 3440 475 802

189 532 340 595 ἔθνος
392 530 491 601 τὴν
545 528 779 598 παντελῆ
824 526 917 581 τοῦ
951 526 1080 579 Υίοῦ
1120 525 1398 594 ἀναίρεσιν
1434 525 1751 595 πρεσϐεῦον,

1867 520 1976 575 Filii
2009 523 2427 578 destructionem
2461 521 2700 584 anhelat,
2730 518 2941 575 Patrem
2967 521 3087 589 ejus
3130 521 3446 581 colat?Aut

188 625 277 675 τὸν
310 623 475 675 αὑτοῦ
504 621 723 691 Πατέρα
747 621 1065 686 σεϐἁζοιτος
1098 621 1129 690 ἢ
1161 619 1278 681 πῶς
1302 617 1368 670 ἂν
1398 620 1425 670 ὁ
1452 619 1608 680 αὐτὸς
1629 620 1763 671 ἀπο-

188 713 399 777 δέξαιτο
432 710 731 782 Πατὴρτδν
767 708 933 763 αὐτοῦ
964 709 1132 771 ὅντως
1164 710 1294 761 ὄντα
1324 708 1451 761 Υίὸν
1476 708 1568 762 καὶ
1591 709 1764 774 Λόγον

189 804 281 855 καὶ
306 802 452 859 ,Θεὸν
506 802 587 864 είς
630 802 728 854 ἀνυ
744 797 975 870 παρξίαν
1010 798 1102 852 ὑπ’
1129 797 1309 850 αὐτῶν
1342 797 1483 867 ὁρῶν
1520 798 1763 867 βλασφη⁶

194 892 495 963 μούμενον;
529 893 704 953 οὐδεὶς
738 892 920 961 πατὴρ
955 891 1108 959 φίλος
1140 890 1259 942 ἐστὶ
1286 890 1391 943 τῶν
1429 890 1639 961 ἐχθρῶν
1670 887 1762 940 τοῦ

193 984 512 1054 μονογενοῦς
540 983 739 1037 αὑτοῦ·
772 987 819 1037 εί
842 984 951 1052 γὰρ
976 983 1067 1035 τὸν
1105 984 1323 1054 Πατέρα
1367 983 1576 1045 ἔσεϐον,
1601 980 1762 1042 αὐτὸς

188 1075 249 1127 ἂν
279 1075 308 1126 ὁ
339 1077 527 1144 Πατὴρ
561 1074 742 1138 αὐτοῖς
770 1075 862 1126 τὸν
890 1073 1018 1127 Υίὸν
1046 1073 1384 1140 ἀπεκάλυψε.
1417 1072 1554 1138 Φησὶ
1598 1071 1707 1140 γὰρ
1737 1072 1765 1123 ὁ

188 1165 391 1237 Κύριος
414 1179 429 1195 ⁸
456 1164 666 1231 Οὐδείς
682 1164 958 1234 rte-citant
991 1165 1097 1219 τὸν
1121 1166 1278 1229 Υίὸν,
1297 1167 1348 1217 εί
1378 1162 1458 1232 μὴ
1486 1167 1518 1217 ὁ
1543 1162 1761 1232 Πατήρο

189 1256 283 1309 καὶ
321 1249 370 1322 ᾧ
400 1255 475 1309 ἄν
503 1256 687 1322 αὐτὸς
714 1256 1083 1324 ἀποκαλύψῃ
1107 1272 1119 1285 ο
1155 1257 1293 1323 ὅπερ
1323 1257 1415 1308 ἐπὶ
1458 1256 1566 1309 τῶν
1597 1257 1765 1310 πάλαι

186 1348 358 1416 ἁγίων
391 1348 615 1421 ὁρῶμεν
638 1348 1003 1418 γεγενημένον
1024 1364 1039 1378 ⁶
1076 1347 1126 1400 οἳ
1158 1348 1257 1418 τὴν
1286 1348 1492 1400 ἑαυτῶν
1519 1348 1646 1417 περὶ
1672 1346 1766 1399 τοῦ

188 1438 314 1490 Υίοῦ
351 1437 554 1505 γνῶσιν
601 1438 696 1491 καὶ
747 1437 949 1501 πίστιν,
986 1435 1081 1489 καὶ
1117 1437 1174 1489 ὲν
1230 1437 1554 1506 γράμμασιν
1597 1435 1673 1498 ὡς
1710 1436 1767 1488 ἐν

189 1530 411 1600 στήλαις
468 1528 802 1583 κατέλιπονο
843 1528 1021 1590 ἄλλως
1066 1544 1125 1580 τε
1154 1528 1268 1591 πῶς
1297 1527 1362 1580 ἂν
1392 1526 1639 1579 δύναιντο
1678 1527 1767 1580 τὸν

188 1621 407 1690 Πατέρα
454 1620 863 1688 ἐπιγινώσκειν,
923 1618 1001 1688 μὴ
1058 1620 1242 1682 αὐτοῖς
1290 1618 1767 1682 ἀποκαλύπτοντος

184 1710 276 1764 τοῦ
307 1710 477 1778 Υίοῦ;
536 1712 746 1778 Οὐδεὶς
790 1713 1071 1781 γινώσκει
1118 1712 1224 1764 τὸν
1264 1710 1498 1778 Πατέρα
1544 1712 1596 1764 sl
1621 1709 1705 1779 μὴ
1735 1713 1768 1763 ό

185 1803 313 1869 Υἱός
334 1819 349 1833 ·
380 1802 521 1857 ὥστε
546 1804 745 1866 πάντες
769 1804 818 1856 οἱ
849 1804 946 1875 τῆς
974 1803 1218 1867 Παλαιᾶς
1262 1802 1502 1873 ἔγκριτοι
1540 1804 1635 1856 καὶ
1684 1802 1763 1855 δί-

185 1912 326 1948 καιοι
361 1895 579 1966 ἄνδρες,
619 1897 710 1949 τὸν
756 1894 889 1948 Θεὸν
940 1895 1037 1949 καὶ
1086 1894 1305 1965 Πατέρα
1345 1894 1616 1958 σέϐοντες,
1667 1892 1765 1963 τὴν

184 1988 274 2041 τοῦ
309 1988 445 2042 Υίοῦ
468 1988 562 2043 τοῦ
592 1989 727 2043 Θεοῦ
763 1990 1112 2059 ἐμνήσθησαν
1136 1989 1230 2041 καὶ
1263 1987 1510 2058 ὲμύησαν
1538 1986 1759 2053 γνῶσιν.

254 2078 359 2150 py’.
390 2082 503 2134 Καὶ
553 2080 711 2135 τοῦτο
768 2081 996 2150 σημεῖον
1037 2080 1264 2151 ἐναργὲς
1304 2082 1333 2133 ὁ
1378 2079 1503 2142 Υίὸς
1533 2078 1762 2132 δέδωκεν

185 2174 361 2226 αὐτῶν
400 2191 463 2227 τε
496 2174 591 2227 καὶ
624 2174 733 2226 τῶν
772 2173 889 2241 μετ’
924 2171 1166 2235 ἐκείνους
1211 2170 1288 2241 τῷ
1322 2170 1497 2240 Πατρὶ
1526 2188 1763 2240 προσκυ-

184 2265 439 2327 νούντων,
462 2264 521 2318 τὸ
545 2266 637 2317 τὸν
656 2264 786 2317 Υἱὸν
818 2264 983 2333 τιμᾷν
1006 2279 1022 2295 θ
1054 2264 1150 2316 καὶ
1178 2263 1287 2331 γὰρ
1312 2260 1526 2329 ὁρῶμεν
1548 2259 1761 2329 ἀληθῶς

183 2358 355 2421 οὕτως
381 2358 508 2427 ἔχον
537 2357 595 2410 έν
633 2374 693 2410 τε
721 2357 869 2426 νόμῳ
896 2356 990 2408 καὶ
1026 2354 1231 2424 χάριτι.
1277 2351 1509 2423 Φανερὸν
1544 2352 1649 2422 ἄρα
1680 2353 1762 2404 ὅτι

183 2452 239 2503 οὐ
278 2451 372 2503 τὸν
419 2449 513 2502 τοῦ
552 2449 802 2519 ’Λϐραὰμ
828 2448 923 2500 καὶ
957 2447 1235 2509 Μωῦσέως
1258 2444 1391 2498 Θεὸν
1418 2444 1508 2497 τὸν
1540 2443 1762 2512 Πατέρα

184 2541 271 2594 τοῦ
324 2541 536 2611 Κυρίου
583 2540 740 2610 ἡμῶν
831 2535 1007 2609 Ἰησοῦ
1061 2535 1298 2607 Χριστοῦ
1365 2533 1762 2606 προσκυνοῦσιν

196 2634 508 2704 ’Δγαρηνοὶ,
532 2632 627 2685 καὶ
653 2633 752 2701 τὴν
777 2630 977 2699 γνῶσιν
1005 2630 1098 2683 τοῦ
1131 2628 1469 2697 Μονογενοῦς
1507 2626 1761 2697 ἐξαρνού-

188 2745 336 2798 μενοι
357 2743 369 2756 ·
403 2725 541 2779 ἀλλά
568 2724 659 2776 τδν
684 2725 896 2793 πατέρα
922 2720 1016 2775 τοῦ
1041 2720 1293 2791 ψεύδους,
1318 2719 1393 2783 ὼς
1421 2719 1480 2784 ἐξ
1516 2720 1760 2787 ἀνάγκης

184 2817 338 2871 τοῦτο
367 2814 816 2878 ἀκολουθοῦντος,
858 2813 947 2867 διὰ
980 2813 1041 2866 τὸ
1076 2814 1151 2883 μὴ
1184 2814 1511 2884 προσκυνεῖν
1544 2811 1635 2863 τὸν
1663 2813 1761 2881 τῆς

184 2909 445 2979 ἀληθείας
470 2909 712 2977 Πατέρα.
765 2908 823 2959 '0
851 2906 959 2977 γὰρ
987 2904 1215 2976 θατέρου
1253 2904 1515 2968 ἀποστὰς,
1549 2903 1761 2974 θατέρῳ

186 3000 543 3070 περιπίπτει·
569 2998 661 3050 καὶ
691 2996 930 3066 ἀψευδὴς
960 2997 1108 3049 ἐστιν
1136 2997 1172 3061 ,ὀ
1205 2994 1299 3047 τοῦ
1334 2994 1537 3065 Κυρίου
1582 2994 1758 3061 λόγος,

182 3092 258 3143 ὅτι
290 3091 344 3141 Ὀ
374 3088 465 3158 μὴ
494 3086 680 3157 τιμῶν
712 3087 819 3141 τὸν
852 3086 1008 3151 Υιὸν,
1041 3086 1183 3140 οὐδὲ
1211 3085 1317 3139 τὸν
1342 3085 1573 3153 Πατέρα
1600 3084 1757 3153 τιμᾷ·

1865 617 2139 684 quomodo
2187 615 2418 682 patictur
2449 616 2565 683 ipse
2598 612 2780 675 Pater,
2813 627 2972 667 suum
3002 631 3127 669 vere
3158 613 3357 669 Filium
3389 626 3446 670 et

1864 704 2101 759 Verbum
2128 718 2192 757 ac
2231 703 2395 758 Deum
2427 703 2496 756 ah
2520 702 2714 761 horum
2745 702 3060 771 hlasphcmo
3091 718 3185 758 ore
3216 702 3446 773 negari?

1862 795 2057 849 Nullus
2091 803 2237 849 certe
2263 804 2414 865 pater
2462 794 2807 848 inimicorum
2836 795 3096 862 unigeniti
3127 796 3209 850 sui
3231 796 3446 850 amicus

1864 897 1965 943 est.
2002 885 2206 939 Praeter
2250 902 2413 956 quam
2469 886 2614 954 quod
2650 887 2695 940 si
2722 886 2942 940 Patrem
2973 887 3077 941 rite
3105 887 3366 952 colerent,
3398 888 3447 941 is

1863 979 2069 1034 eisdem
2096 978 2290 1033 Filium
2315 995 2473 1034 suum
2506 979 2793 1034 revelaret.
2818 980 3120 1049 Aitquippe
3143 979 3442 1034 Dominus:

1869 1070 2037 1124 Nemo
2079 1073 2217 1125 novit
2264 1071 2468 1125 Filium
2496 1072 2603 1124 nisi
2654 1068 2899 1135 Pater,et
2928 1073 3010 1124 cui
3049 1073 3159 1140 ipse
3187 1070 3447 1124 revelave-

1868 1162 2023 1229 rit”;
2048 1165 2187 1231 quod
2212 1165 2485 1219 veteribus
2512 1163 2716 1218 sanctis
2739 1164 3033 1233 contigisse
3054 1165 3322 1228 videmus,
3351 1164 3447 1234 qui

1869 1269 2022 1307 suam
2056 1253 2177 1308 Filii
2221 1255 2473 1308 n0titiam
2508 1255 2779 1323 iidemque
2835 1255 2888 1308 in
2931 1255 3085 1308 libris
3129 1270 3349 1325 quoque
3392 1261 3450 1309 et

1867 1347 2021 1414 quasi
2071 1345 2246 1413 cippis
2289 1346 2550 1413 scriptam
2606 1346 2961 1416 reliquerunt.
3014 1344 3261 1415 Insuper,
3308 1359 3448 1415 quo-

1868 1436 2028 1490 modo
2079 1435 2294 1504 possint
2336 1436 2552 1491 Patrem
2603 1451 2963 1507 cognoscere,
3015 1435 3153 1491 Filio
3208 1437 3288 1490 eis
3335 1450 3447 1490 non

1869 1527 2177 1580 revelante?
2231 1524 2399 1579 Nemo
2453 1529 2593 1582 novit
2626 1528 2841 1583 Patrem
2906 1531 3010 1583 nisi
3063 1528 3449 1583 Filius:adeo

1870 1626 1929 1671 ut
1976 1618 2153 1671 cuncti
2199 1617 2412 1673 Veteris
2460 1619 2793 1675 Testamenti
2855 1622 3036 1691 inclyti
3067 1623 3311 1692 justique
3345 1622 3449 1677 ho-

1870 1707 2066 1773 mines,
2097 1706 2185 1762 Dei
2217 1708 2394 1764 Patris
2413 1709 2669 1776 cultores,
2695 1708 2816 1764 Filii
2840 1711 3004 1765 simul
3035 1713 3225 1768 notitia
3250 1712 3448 1770 imbuti

1872 1796 2095 1867 fuerint,
2127 1800 2373 1872 aliosque
2400 1801 2639 1856 vicissim
2680 1801 3000 1858 imbuerint.

1940 2086 2064 2140 105.
2095 2087 2269 2156 Atque
2292 2086 2396 2141 hoc
2418 2086 2564 2141 dedit
2597 2086 2767 2143 Filius
2799 2088 3013 2159 signum
3046 2089 3276 2145 evidens
3298 2091 3447 2161 quod

1869 2178 1945 2231 illi
1969 2186 2025 2232 et
2061 2178 2265 2247 posteri
2296 2194 2486 2233 eorum
2507 2178 2721 2234 Patrem
2744 2180 3003 2244 colerent,
3043 2182 3089 2235 si
3132 2197 3325 2251 nempe
3354 2182 3448 2236 Fi-

1868 2268 1999 2322 lium
2028 2268 2470 2325 honorilicarent.
2521 2272 2611 2326 Sic
2645 2276 2792 2328 enim
2845 2289 2960 2327 rem
3016 2276 3087 2328 ita
3133 2290 3193 2331 se
3247 2276 3448 2331 habere

1868 2359 2114 2413 videmus
2142 2370 2253 2413 tum
2281 2363 2332 2412 in
2377 2361 2495 2430 lege
2541 2371 2652 2414 tum
2681 2363 2843 2416 etiam
2881 2364 2932 2415 in
2958 2364 3150 2431 gratia.
3185 2364 3448 2434 Explora-

1868 2459 1984 2506 tum
2036 2451 2203 2521 igitur
2250 2462 2363 2516 est,
2417 2469 2756 2523 nequaquam
2805 2454 3098 2508 Abrahami
3152 2464 3206 2510 et
3250 2456 3448 2528 Moysis

1870 2546 2060 2609 Deum,
2092 2553 2299 2613 patrem
2345 2546 2557 2599 Domini
2606 2546 2775 2599 nostri
2803 2543 2933 2599 Jesu
2960 2546 3188 2612 Christi,
3212 2548 3282 2602 ah
3302 2548 3449 2616 Aga-

1867 2636 2012 2690 renis
2051 2636 2177 2699 coli,
2208 2635 2299 2703 qui
2333 2635 2684 2703 Unigenitum
2718 2650 3015 2703 agnoscere
3042 2646 3317 2703 renuunt;
3350 2636 3448 2692 sed

1866 2744 1961 2785 eos
1992 2728 2257 2782 mendacii
2287 2737 2488 2796 patrem
2533 2728 2709 2796 potius
2741 2730 3044 2784 necessaria
3076 2730 3294 2798 sequela
3318 2730 3449 2785 ado-

1870 2831 2010 2882 rare,
2048 2818 2307 2887 quoniam
2357 2816 2607 2870 veritatis
2655 2814 2871 2870 Patrem
2919 2832 3027 2870 non
3077 2818 3448 2873 colunt.Nam

1868 2912 1962 2981 qui
2008 2910 2072 2963 ab
2117 2910 2290 2964 altero
2338 2908 2592 2971 discedit,
2624 2908 2676 2961 in
2718 2908 2949 2962 alterum
2986 2908 3231 2963 oﬂeudit.
3261 2908 3449 2978 Neque

1868 3002 2003 3055 fallit
2025 3001 2145 3055 Filii
2171 3016 2374 3065 sermo,
2402 3015 2595 3068 nempe
2623 3015 2747 3054 eum
2780 3002 2872 3070 qui
2904 2999 3097 3053 Filium
3136 3016 3242 3055 non
3272 3002 3450 3056 hono-

1866 3090 2070 3153 riﬁcat,
2108 3106 2176 3144 ne
2214 3089 2429 3143 Patrem
2460 3088 2676 3157 quidem
2712 3090 3094 3146 lionorilicare.
3129 3089 3446 3145 Necessario

184 3180 395 3248 ἀνάγκη
429 3175 525 3232 οῦν
558 3181 670 3242 τοῖς
709 3178 784 3249 τῷ
810 3177 1033 3248 Χριστῷ
1055 3176 1399 3241 πιστεύουσι,
1454 3176 1529 3247 μὴ
1560 3177 1758 3240 ἐξεῖναι

1870 3184 2031 3255 igitur
2093 3184 2157 3237 iis
2205 3184 2297 3252 qui
2341 3181 2562 3236 Christo
2620 3182 2852 3236 credunt
2882 3182 3062 3236 dicere
3114 3197 3223 3235 non
3278 3183 3444 3245 licet,

182 3270 356 3339 λέγειν
387 3273 471 3323 ὅτι
493 3268 583 3323 τόν
609 3268 866 3340 ἀληθινὸν
900 3268 1031 3321 Θεὸν
1082 3267 1330 3322 σέϐονται
1371 3267 1658 3337 Ἀγαρηνοί
1683 3283 1696 3296 ·
1728 3267 1761 3338 ἢ

1870 3290 2056 3331 verum
2106 3275 2274 3328 Deum
2314 3274 2382 3327 ab
2423 3272 2688 3341 Agarenis
2734 3273 2979 3354 coli.Alut
3020 3273 3067 3328 si
3113 3274 3216 3328 hoc
3241 3273 3444 3339 dicent,

184 3364 334 3415 τοῦτο
384 3363 660 3428 λέγοντες,
720 3361 845 3423 τοὺς
895 3359 1025 3430 περὶ
1087 3358 1339 3429 Ἀϐραὰμ
1391 3360 1487 3412 καὶ
1527 3359 1766 3412 Μωῦσέα

184 3457 698 3525 ἀναγκασθήσονται
758 3456 936 3523 λέγειν
994 3454 1067 3525 μὴ
1115 3455 1205 3507 τὸν
1230 3456 1363 3508 Θεὸν
1398 3454 1490 3507 τὸν
1514 3454 1765 3524 ἀληθινὸν

186 3550 516 3620 προσκυνεῖν
536 3564 551 3580 ⁸
589 3548 796 3601 καὶτὸν
827 3547 1033 3617 Κύριον
1062 3546 1375 3616 ψεύδεσθαι,
1406 3547 1543 3616 ὅπερ
1570 3547 1766 3601 ἀδύνα-

184 3658 270 3694 τον
306 3642 408 3713 τὴν
434 3639 830 3711 αὑτοαλήθειαν
860 3638 1054 3693 παθεῖν
1079 3655 1091 3667 “
1130 3638 1227 3692 καὶ
1250 3639 1348 3710 τὴν
1377 3638 1486 3693 τῶν
1520 3639 1763 3694 παλαιῶν

186 3733 402 3804 Γραφὴν
439 3731 519 3803 μὴ
547 3731 941 3801 συσσημαίνειν
973 3730 1245 3800 διαφόρως
1276 3729 1354 3800 τῷ
1378 3731 1555 3801 Πατρὶ
1582 3732 1674 3784 καὶ
1703 3733 1762 3785 τὸ

184 3825 274 3877 τοῦ
318 3823 458 3878 Υίοῦ
510 3822 801 3893 πρόσωπον
852 3823 1035 3875 ὁποῖόν
1081 3822 1196 3873 ἐστι
1227 3820 1311 3886 τὸ,
1353 3822 1453 3876 Ἐκ
1502 3822 1763 3892 γαστρὸς

186 3917 292 3987 πρὸ
342 3915 662 3984 ἑωσφόρον
712 3912 1011 3982 ἐγέννησά
1041 3930 1131 3967 σε.
1175 3913 1288 3966 Καὶ
1321 3913 1401 3979 τὸ,
1460 3912 1522 3967 '0
1550 3916 1761 3982 θρόνος

187 4024 318 4074 σου,
362 4012 395 4062 ὀ
423 4007 596 4072 Θεὸς,
634 4009 720 4071 είς
746 4005 852 4058 τὸν
889 4004 1073 4057 αίῶνιι
1110 4004 1217 4058 τοῦ
1241 4002 1488 4071 αἰῶνοςο
1540 4006 1761 4074 ῥάϐδος

185 4102 534 4166 εὐθύτητος,
562 4099 602 4165 ἡ
620 4096 840 4165 ῥάϐδος
869 4094 980 4163 τῆς
994 4096 1317 4163 βασιλείας
1345 4112 1481 4151 σου.
1513 4096 1761 4166 Ἠγάπη-

186 4208 297 4258 σας
314 4189 722 4258 δικαιοσύνην
743 4188 841 4241 καί
861 4187 1160 4258 ἐμίσησας
1176 4186 1435 4243 ἀδικίαν
1466 4186 1565 4242 διὰ
1586 4189 1760 4243 τοῦτο

185 4281 387 4349 ἓχρισέ
421 4296 500 4333 σε
528 4280 673 4345 Θεὸς
703 4280 735 4333 ό
771 4280 915 4345 Θεός
954 4296 1070 4334 σου
1095 4279 1183 4344 εὶς
1208 4279 1314 4333 τὸν
1340 4278 1546 4343 αἰῶνα,
1577 4280 1761 4334 καὶτὰ

187 4373 362 4442 ὅμοια.
397 4373 462 4425 Εἰ
505 4372 564 4424 δὲ
593 4372 692 4442 τὴν
741 4370 1001 4440 ἀλήθειαν
1043 4370 1119 4440 μὴ
1147 4369 1459 4439 ψεύδεσθαι,
1510 4373 1604 4425 καὶ
1635 4372 1761 4436 τοὺς

188 4467 309 4534 περὶ
356 4465 618 4535 Ἀϐραὰμ
667 4462 937 4524 θεοσεϐεῖς
984 4461 1360 4532 ὁμολογοῦσιν,
1399 4461 1616 4527 ἀσεϐεῖς
1668 4464 1761 4517 καὶ

188 4557 372 4620 ἀθέους
402 4556 534 4617 τοὺς
576 4554 911 4623 Ἀγαρηνοὺς
941 4551 1159 4616 πάντως
1190 4552 1624 4623 ἀποφανοῦνται,
1656 4556 1772 4610 ἀλλ’
1804 4565 1848 4619 D

190 4646 305 4717 οὐχὶ
339 4646 624 4707 θεοσεϐεῖς
648 4642 912 4697 ὁπωσοῦν.

190 4735 262 4790 Δ’.
305 4737 683 4801 Ἀπάντησις
724 4735 872 4803 πρὸς
897 4732 1039 4806 τοὺς
1085 4731 1557 4806 δυσφημοῦντας
1600 4735 1768 4806 ‘Ara-

246 4809 481 4875 ρηνοὺς
543 4806 663 4873 τὴν
706 4804 960 4873 Χριστοῦ
1008 4803 1295 4875 θεότητα,“
1332 4803 1435 4875 καὶ
1466 4803 1768 4875 λέγοντας

252 4873 536 4947 ἀρρόγως
557 4890 573 4904 ⁸
615 4877 736 4929 Οὐκ
759 4875 890 4928 ἔστι
919 4873 1062 4947 Θεός
1080 4890 1103 4947 °_
1125 4873 1223 4947 κα)
1255 4873 1770 4947 διάᾂτοῦτοοὶομέ-

252 4942 396 5014 νὸὺς
444 4949 591 5035 τῂν
623 4943 997 5029 Χριστιανῶν
1037 4943 1242 5010 αὐτοῖς
1283 4942 1636 4999 ἐκδεδόσθαι
1665 4942 1768 5012 ᾔεις

254 5035 483 5086 προνομ
491 5032 574 5085 ην
607 5032 826 5086 χωραν.

259 5110 348 5178 96'.
380 5109 442 5160 Εἰ
473 5108 574 5160 καὶ
598 5105 956 5175 ἐπιτιμᾶσθαι
989 5104 1185 5167 αὐτοὺς
1216 5104 1362 5169 εἰκὸς
1394 5101 1461 5177 ἦν
1485 5106 1550 5160 ὲκ
1578 5124 1767 5177 προοι-

1867 3376 2131 3436 cogentur
2183 3366 2363 3422 dicere
2410 3365 2784 3419 Ahrahamum
2846 3380 2908 3420 ac
2964 3365 3203 3435 Moysem
3255 3381 3445 3420 verum

1868 3459 2037 3513 Dcum
2091 3474 2199 3513 non
2247 3458 2514 3522 coluisse;
2560 3464 2614 3510 et
2675 3456 2962 3510 Dominum
3012 3458 3265 3522 mentiri;
3300 3457 3445 3526 quod

1866 3552 1979 3605 lieri
2007 3551 2075 3604 ab
2107 3551 2289 3603 innata
2322 3552 2543 3604 veritate
2571 3550 2757 3619 nequit
2788 3566 2800 3601 :
2831 3565 3004 3619 neque
3034 3551 3159 3602 item
3189 3551 3446 3617 antiquas

1867 3640 2178 3710 Scripturas
2200 3640 2538 3709 plurifariam
2560 3639 2899 3709 signiﬁcasse
2921 3640 3109 3709 quales
3137 3641 3246 3693 sint
3270 3639 3446 3695 Patris

1864 3731 2092 3801 Filiique
2140 3746 2406 3801 persona}.
2440 3730 2616 3785 Veluti
2649 3749 2662 3785 :
2706 3730 2789 3783 Ex
2827 3740 2973 3783 utero
3016 3740 3136 3784 ante
3169 3731 3445 3799 luciferum

1863 3820 2080 3891 genuite
2099 3819 2166 3871 ⁸ο.
2188 3820 2320 3873 Item
2352 3836 2363 3871 :
2391 3817 2549 3872 Sedes
2578 3829 2689 3881 tua,
2720 3816 2876 3880 Deus,
2896 3818 2951 3870 in
2967 3818 3217 3871 steculum
3237 3817 3443 3873 sa’cnli.

1874 3913 2033 3983 Virga
2071 3914 2415 3977 directionis,
2447 3914 2594 3982 virga
2647 3913 2792 3982 regni
2839 3913 2938 3965 tui.
2992 3910 3246 3965 Ditexisti
3272 3911 3444 3979 justi-

1863 4006 2015 4069 tiam,
2051 4014 2097 4057 et
2137 4005 2298 4058 odisti
2326 4004 2696 4073 iniquitatem;
2725 4014 2999 4073 propterea
3024 4005 3177 4056 unxit
3212 4012 3260 4055 te
3294 4001 3435 4055 Deus

1861 4097 2001 4151 Deus
2042 4106 2160 4149 tuus
2182 4097 2234 4149 in
2261 4107 2514 4151 wternum
2533 4097 2603 4162 “;
2627 4106 2679 4150 et
2699 4096 2916 4151 similia.
2936 4097 3088 4162 Quod
3143 4094 3189 4149 si
3228 4094 3433 4157 ﬁdeles,

1860 4189 2139 4243 veritatem
2166 4205 2273 4243 non
2302 4205 2423 4245 esse
2455 4191 2756 4255 mentitam,
2790 4199 2845 4245 et
2873 4190 3238 4244 Ahrahamum
3282 4192 3429 4259 pium

1860 4275 2031 4333 fuisse
2070 4277 2322 4343 iateutur,
2370 4278 2425 4333 hi
2488 4279 2825 4349 irreligiosos
2879 4288 2933 4334 et
2980 4282 3172 4333 atheos
3202 4294 3430 4348 prorsus

1862 4368 2042 4425 dicent
2066 4386 2197 4426 esse
2222 4371 2522 4442 Agarenos,
2557 4386 2666 4426 non
2698 4382 2877 4428 autem
2925 4371 3132 4441 tedepol
3176 4372 3267 4427 Dei
3318 4372 3435 4426 cul-

1864 4474 2029 4520 lOI‘CS.

1873 4735 2047 4791 XXX.-
2077 4734 2340 4789 Adversus
2384 4733 2652 4802 Agarenos
2680 4732 2884 4787 Christi
2930 4732 3260 4784 divinitatem
3294 4729 3442 4783 blas-

1944 4808 2278 4876 phemantes,
2310 4806 2650 4876 Idicenlesque
2698 4804 3005 4876 insipienter
3031 4818 3149 4854 eum
3188 4817 3307 4876 non‘
3336 4816 3446 4876 esse

1951 4870 2152 4940 Deum;
2209 4893 2269 4928 ac
2310 4870 2602 4943 'proptere'a
2662 4870 2907 4942 putantes
2965 4872 3148 4924 datam
3209 4870 3336 4938 ipsis
3390 4870 3444 4922 in

1944 4946 2178 5015 praedam
2202 4947 2460 5017 regionem
2494 4943 2943 4998 Christianorum.

1949 5105 2071 5159 104.
2105 5103 2332 5159 Etiamsi
2368 5102 2549 5157 statim
2575 5100 2643 5154 ah
2670 5099 2826 5154 initio
2848 5099 3129 5168 increpare
3154 5096 3252 5150 hos
3276 5075 3443 5163 ⁴θροι-

196 5201 344 5268 μίων,
366 5200 537 5254 τοῦτο
573 5199 672 5268 μὲν
706 5196 1036 5270 παροπτέον,
1056 5197 1143 5251 διά
1169 5197 1228 5251 τὸ
1257 5192 1397 5250 εἶναι
1423 5198 1513 5252 τὸν
1544 5199 1768 5263 τούτους

1878 5206 2033 5263 teret,
2062 5197 2113 5250 id
2138 5196 2490 5250 nihilominus
2518 5191 2854 5255 omittemus,
2877 5189 3007 5259 quia
3042 5203 3148 5242 non
3172 5186 3321 5241 deest
3351 5185 3445 5253 qui

194 5292 345 5356 τείως
376 5291 786 5361 ἐπιτιμήσοντα
808 5305 821 5318 ·
857 5288 1042 5353 κοινὰς
1065 5289 1123 5343 δὲ
1166 5289 1525 5361 προλαϐόντες
1560 5292 1767 5355 ἑννοίας

193 5387 281 5452 τῆς
310 5386 520 5448 λύσεως
562 5383 661 5453 τῆς
688 5383 945 5453 τοιαύτης
974 5383 1228 5455 ἀπορίας,
1270 5386 1332 5437 ὲκ
1362 5383 1470 5437 τῶν
1502 5385 1632 5455 παρ’
1671 5386 1768 5439 αύ-

1874 5307 1970 5347 eos
2016 5305 2115 5360 pro
2166 5289 2361 5343 merito
2409 5284 2730 5355 increpabit.
2766 5282 2871 5337 Sed
2920 5294 3238 5335 communes
3286 5278 3442 5330 adhi-

1876 5379 2062 5434 bentes
2086 5376 2361 5439 notiones,
2388 5373 2459 5427 ob
2485 5372 2648 5442 hujus
2672 5368 3061 5425 controversiae
3091 5366 3441 5427 solutionem,

197 5480 298 5539 τοῑς
318 5475 780 5545 ὁμολογουμένων
801 5475 999 5537 αὐτοὺς
1024 5475 1418 5546 ἀπελέγξομεν,
1451 5474 1526 5539 ὡς
1554 5477 1610 5531 ἐν
1636 5478 1768 5530 πᾶσι

1870 5489 1935 5529 ex
1968 5470 2236 5526 confessis
2265 5465 2406 5538 apud
2436 5466 2556 5520 illos
2579 5477 2962 5534 coarguemus,
2992 5476 3106 5523 eos,
3144 5469 3202 5513 ut
3234 5459 3283 5511 in
3321 5457 3444 5510 aliis

196 5570 290 5622 xiv
327 5569 507 5640 τούτῳ
545 5567 736 5631 κακῶς
779 5566 1137 5639 φρονοῦντας
1167 5568 1229 5622 τὸ
1274 5568 1426 5623 Θεῖον
1464 5568 1574 5623 δεῖν
1610 5565 1768 5634 εἶναι,

200 5663 319 5732 παρ’
354 5661 521 5733 ἡμῶν
584 5650 871 5730 μαθόντες,
908 5659 1260 5731 ὁμολογοῦσιν
1313 5660 1537 5731 ἀγαθὸν,
1584 5660 1771 5731 φιλάν-

1871 5564 2150 5629 omnibus,
2197 5561 2249 5616 in
2305 5560 2407 5614 hoc
2469 5569 2688 5627 quoque
2739 5569 2906 5625 prave
2963 5550 3196 5623 opinari.
3246 5548 3440 5610 Deum,

1871 5658 2031 5714 nobis
2066 5652 2409 5721 docentibus,
2453 5650 2659 5709 bonum
2684 5661 2808 5706 esse
2841 5642 3442 5712 conﬁtentur,benevo-

263 5838 306 5870 “
335 5837 528 5896 hiatth.
555 5852 637 5907 ιι,
672 5836 762 5893 27.
843 5837 888 5869 “
914 5836 1059 5894 Psal.
1084 5852 1191 5903 cut,
1230 5838 1286 5895 5.
1361 5835 1405 5870 ⁵³
1437 5837 1579 5893 Psal.
1613 5851 1759 5904 sur,
1801 5835 1854 5901 7,
1880 5835 1931 5888 8.
