4168 6450
718 442 825 506 803

1954 428 2249 489 NICET/E
2289 427 2693 489 ΒῨΖΛΝΤΙΝΙ

3869 418 3985 485 εοά

713 556 827 608 lutn
857 564 981 620 erga
1009 545 1280 613 homines,
1304 545 1626 617 sapientem,
1654 544 1863 615 justum
1893 550 2055 613 atque
2093 551 2287 610 poten-

2407 540 2647 607 θρωπον,
2683 536 2776 591 καὶ
2801 533 2985 602 σοφὸν,
3024 534 3115 587 καί
3158 532 3365 585 δίκαιον
3386 532 3481 587 καὶ
3510 522 3765 585 δυνατόν·
3801 532 3849 585 εί
3889 532 3984 583 καὶ

712 650 860 709 lem;
891 640 1098 697 etiamsi
1133 638 1298 692 alium
1322 639 1423 693 sub
1443 637 1562 705 ejus
1604 635 1824 690 nomine
1856 636 2064 689 colunt.
2085 632 2290 699 Quate-

713 750 817 788 nus
867 746 996 800 ergo
1040 730 1215 782 bonus
1254 738 1354 792 est,
1386 727 1496 782 vult
1537 727 1823 781 animabus
1873 726 2081 779 nostris
2126 725 2291 778 bene-

714 827 911 887 laccre,
962 830 1120 888 prout
1158 821 1271 874 fieri
1309 827 1503 887 potest,
1559 830 1614 873 et
1670 818 2011 887 corporibus,
2055 818 2292 870 animam

712 919 781 970 ab
818 917 904 970 his
937 913 1290 969 sensibilibus
1321 914 1385 966 ad
1423 910 1805 966 intellectualia
1836 910 2104 962 excitans.
2148 905 2295 971 Qua-

713 1019 874 1063 tenus
903 1019 1052 1060 'vero
1100 1008 1319 1074 sapiens
1368 1019 1433 1057 ac
1474 1004 1656 1072 justus
1697 1012 1749 1056 et
1805 1013 2018 1071 petens,
2056 1001 2292 1053 animam

716 1110 929 1163 semper
984 1094 1201 1164 przefcrt
1258 1092 1495 1161 corpori.
1548 1092 1793 1160 Namque
1863 1090 2147 1143 hominum
2202 1087 2292 1141 alii

715 1196 844 1238 sunt
881 1185 1146 1253 religiosi,
1171 1184 1259 1236 alii
1315 1198 1496 1236 secus.
1525 1182 1588 1236 Et
1615 1182 1993 1250 religiosorum
2034 1180 2123 1233 alii
2168 1186 2297 1233 sunt

716 1277 866 1342 boni,
887 1278 975 1331 alii
997 1291 1245 1344 nequam.
1278 1273 1479 1328 llorum
1510 1285 1687 1329 autem
1731 1274 1820 1326 alii
1846 1271 2116 1328 sanabiles
2147 1277 2293 1331 sunt,

723 1372 814 1427 alii
835 1387 1011 1426 secus.
1032 1369 1315 1424 Sanahiles
1332 1384 1462 1423 vero
1491 1379 1616 1424 sunt
1633 1368 1721 1421 alii
1743 1365 2019 1431 felicitate,
2044 1364 2130 1418 alii
2155 1364 2298 1418 cala-

715 1463 925 1517 mitate.
950 1460 1157 1516 Rursus
1180 1462 1372 1529 partim
1399 1476 1516 1514 sese
1541 1460 1753 1528 ipsimet
1776 1465 1994 1520 sanant,
2016 1453 2207 1524 partim
2227 1452 2297 1507 ab

717 1556 840 1610 aliis
866 1555 1243 1610 emendantur.
1269 1553 1537 1607 Bonorum
1558 1558 1741 1604 autem
1763 1549 1851 1602 alii
1875 1548 2056 1617 quiete
2076 1544 2295 1599 salvan-

719 1656 829 1713 tur,
859 1646 949 1699 alii
973 1646 1248 1700 laboribus
1279 1645 1505 1715 gratiam
1542 1644 1951 1697 nauciscuntur.
1982 1638 2085 1693 Sed
2116 1652 2179 1691 ex
2212 1635 2297 1690 his

718 1739 809 1791 alii
862 1748 1081 1807 propter
1134 1752 1193 1792 se
1228 1738 1430 1799 dolent,
1483 1735 1571 1788 alii
1618 1744 1836 1804 propter
1883 1731 2037 1787 alios.
2088 1729 2192 1784 Alii
2244 1736 2298 1783 et

718 1843 943 1902 propter
974 1832 1131 1895 alios,
1180 1837 1232 1884 et
1276 1838 1500 1898 propter
1538 1843 1595 1883 se
1628 1827 1832 1889 dolent,
1872 1825 1953 1879 vel
1984 1822 2153 1877 futuri
2182 1837 2294 1875 me-

2396 628 2525 681 ἄλ).ο
2554 630 2634 690 είς
2654 629 2716 680 τὸ
2748 628 2957 680 ἐκείνου
2990 624 3241 677 σέϐουσιν
3262 623 3451 691 ὄνομα.
3482 621 3573 685 Ὠς
3600 620 3731 689 γοῦν
3752 622 3980 688 ἀγαθὸς,

2395 721 2539 775 θέλει
2572 718 2980 789 εὐεργετεῖσθαι
3012 716 3173 787 ἡμῶν
3204 716 3296 769 καὶ
3321 715 3418 775 τὰς
3444 713 3645 783 ψυχὰς,
3676 715 3724 766 εί
3756 708 3869 766 οἷόν
3896 730 3980 775 τε,

2396 811 2492 865 καὶ
2538 812 2606 862 τά
2643 807 2894 878 σώματα,
2942 804 3203 877 ἐρεθίζων
3244 808 3307 858 ἐκ
3334 805 3441 858 τῶν
3494 804 3768 875 αἰσθητῶν
3796 805 3879 865 είς
3910 804 3980 856 τα

2394 902 2561 973 νοητά
2585 900 2682 971 τὴν
2715 900 2896 970 ψυχήν
2914 917 2926 931 ·
2960 899 3035 962 ὡς
3062 898 3222 967 σοφὸς
3254 898 3310 950 δὲ
3338 900 3429 950 καὶ
3457 897 3659 959 δίκαιος
3704 897 3797 949 καὶ
3818 897 3986 950 δυνα-

2396 994 2508 1057 τὸς,
2540 995 2639 1065 τὴν
2664 994 2845 1062 ψυχὴν
2882 993 2969 1044 ἀεὶ
3000 990 3287 1062 προκρίνει
3309 989 3403 1042 τοῦ
3428 988 3678 1058 σώματος
3696 1005 3711 1021 ·
3735 988 3847 1042 τῶν
3876 991 3990 1059 γὰρ

2394 1086 2695 1155 ἀνθρώπων
2720 1088 2767 1138 οἱ
2802 1084 2903 1153 μέν
2947 1086 3055 1136 είσι
3095 1083 3388 1146 θεοσεϐεῖς,
3429 1084 3475 1134 οί
3502 1082 3558 1135 δὲ
3592 1082 3806 1144 ἀσεϐεῖς
3828 1098 3843 1112 ·

2393 1176 2501 1229 τῶν
2527 1176 2819 1240 θεοσεϐῶν,
2848 1176 2895 1228 oi
2928 1174 3027 1245 μὲν
3062 1172 3380 1244 εὐχρηστοι,
3415 1173 3463 1224 οἱ
3488 1172 3545 1224 δὲ
3573 1172 3860 1243 ἄχρηστοι·
3880 1172 3992 1223 πά-

2395 1272 2477 1324 λιν
2500 1272 2607 1323 τῶν
2634 1273 2942 1341 ἀχρήστων,
2968 1268 3018 1321 οἱ
3053 1267 3151 1338 μὲν
3185 1268 3413 1335 ίάσιμοι,
3440 1265 3489 1318 οί
3518 1264 3575 1316 δὲ
3600 1266 3844 1316 ἀνίατοι·
3874 1264 3989 1315 τῶν

2395 1365 2452 1418 δὲ
2483 1362 2712 1432 ίασίμων
2746 1401 2762 1427 ,
2797 1364 2844 1413 οί
2880 1362 2977 1430 μὲν
3024 1361 3091 1412 δι’
3139 1358 3450 1420 εὐπάθειαν,
3486 1357 3535 1409 ol
3566 1355 3625 1409 δὲ
3664 1356 3751 1408 διὰ
3779 1354 3992 1407 δυσπα-

2397 1459 2548 1510 θειαν
2584 1454 2768 1507 ίῶνται
2794 1470 2806 1483 ·
2836 1453 2952 1504 ἀλλ’
2977 1454 3025 1504 oi
3052 1450 3151 1519 μὲν
3176 1450 3245 1502 δι’
3274 1448 3454 1501 αὐτῶν
3491 1448 3698 1510 ἰῶνται,
3736 1448 3783 1498 οί
3815 1446 3871 1499 δὲ
3910 1445 3983 1498 δι’

2397 1548 2598 1619 ἐτέρων
2626 1543 3045 1615 νομοθετοῦνται
3070 1558 3085 1574 ·
3118 1542 3212 1596 καὶ
3236 1541 3349 1593 τῶν
3380 1542 3671 1610 ἀχρήστων
3697 1540 3771 1603 δὲ,
3808 1540 3855 1591 οί
3886 1539 3989 1606 μὲν

2397 1642 2633 1702 ἀνέσεως
2688 1638 2782 1701 οὒς
2836 1638 2989 1690 τοῦτο
3040 1636 3225 1700 σώζει,
3274 1637 3322 1687 οί
3358 1634 3414 1687 δὲ
3461 1634 3639 1685 πόνων
3674 1631 3989 1698 ἀξιοῦνται·

2395 1732 2532 1787 ἀλλὰ
2548 1731 2751 1784 τούτων
2779 1731 2826 1783 οί
2859 1730 2954 1799 μὲν
2984 1728 3124 1798 ὑπὲρ
3171 1728 3375 1781 ἐαυτῶν
3404 1726 3680 1787 ἀνιῶνται,
3713 1727 3763 1777 οἱ
3792 1725 3848 1777 δὲ
3892 1724 3993 1775 καὶ

2398 1820 2537 1890 ὑπὲρ
2574 1819 2752 1872 ἄλλων
2808 1820 2903 1870 καὶ
2959 1818 3102 1888 ὑπὲρ
3161 1817 3394 1882 ἑαυτῶν,
3431 1818 3462 1888 ἢ
3492 1817 3566 1879 ὡς
3595 1816 3989 1885 δοκιμωτέρων

3888 1084 3989 1134 καὶ

720 1924 907 1988 liores,
940 1923 1024 1977 vel
1082 1923 1259 1976 adhuc
1296 1921 1348 1974 in
1413 1919 1625 1975 defectu
1679 1923 1939 1986 jacentes.
1976 1917 2303 1985 lmpiorum-

2410 1914 2705 1983 ἐσομένων,
2734 1912 2766 1982 ἢ
2796 1913 2870 1974 ὼς
2899 1911 3164 1980 ἐλλείψεις
3192 1910 3271 1962 ἔτι
3301 1910 3532 1980 ἐχόντων
3558 1925 3572 1939 ·
3603 1907 3710 1961 τῶν
3739 1907 3795 1959 δὲ
3849 1909 3987 1958 ἀσε-

716 2024 898 2069 autem
932 2015 1020 2067 alii
1058 2028 1318 2084 prospere
1344 2021 1531 2081 agunt,
1558 2012 1645 2065 alii
1677 2010 1994 2065 calamitose
2023 2025 2035 2061 :
2062 2007 2298 2061 fortasse

718 2106 785 2161 iis
838 2107 929 2176 qui
988 2105 1134 2159 mala
1190 2115 1372 2159 mente
1422 2119 1527 2158 non
1585 2112 1731 2164 suttt,
1786 2104 2065 2156 subtracta
2113 2100 2298 2154 futura

717 2209 902 2265 poena,
944 2205 1165 2265 propter
1219 2204 1536 2264 prmsentem
1596 2192 1840 2247 dolorem
1887 2210 1901 2247 :
1942 2191 2025 2246 vel
2073 2200 2296 2261 propter

720 2296 1155 2343 consummatam
1220 2287 1480 2340 malitiam
1515 2286 1768 2356 utrinque
1810 2287 2129 2354 puniuntur.
2162 2283 2297 2338 Pro—

721 2392 879 2445 Spere
905 2391 1035 2431 vero
1055 2375 1255 2447 degunt
1274 2376 1449 2444 impii,
1469 2377 1617 2429 omni
1644 2376 1776 2446 ipsis
1793 2374 2295 2430 dilatione'sublata.

721 2467 886 2522 Dolor
916 2469 1096 2538 itaque
1124 2478 1178 2522 et
1202 2469 1459 2535 gaudium
1497 2484 1621 2522 cum
1656 2469 1799 2522 inter
1830 2484 1889 2522 se
1919 2467 2296 2533 adversentur,

719 2569 773 2613 ct
825 2570 1003 2613 tamen
1050 2559 1227 2614 eidem
1284 2560 1528 2613 humano
1574 2559 1757 2629 generi
1812 2559 2085 2623 accidant,
2111 2559 2299 2613 multis

718 2667 960 2707 errorem
997 2661 1275 2715 crearunt,
1310 2652 1468 2721 quasi
1523 2651 1771 2705 homines
1817 2650 1925 2707 Deo
1974 2651 2144 2715 chari,
2182 2648 2299 2705 suis

720 2744 860 2800 bene
898 2745 1095 2799 animis
1139 2744 1407 2809 habeant;
1446 2744 1557 2798 Deo
1613 2754 1793 2798 autem
1851 2744 2011 2798 invisi
2054 2743 2297 2799 doleant.

724 2838 826 2890 Sed
856 2852 965 2890 non
996 2836 1066 2890 ita
1100 2836 1446 2905 cogitandum
1480 2845 1595 2900 est;
1630 2836 1740 2889 imo
1767 2836 2073 2899 sciendum,
2098 2835 2299 2905 duplex

720 2940 844 2979 esse
901 2925 1085 2996 gaudii
1140 2941 1332 2997 genus,
1370 2927 1517 2981 aliud
1572 2927 1829 2983 sensibile
1875 2937 1927 2983 et
1976 2928 2294 2998 temporale,

722 3018 871 3074 aliud
912 3018 1276 3074 intellectuale
1317 3028 1481 3090 atque
1513 3029 1797 3076 mternum.
1851 3020 2161 3091 Eademque
2200 3021 2301 3077 do-

723 3110 856 3166 loris
884 3112 1020 3164 ratio
1048 3123 1152 3165 est.
1188 3109 1373 3181 Itaque
1402 3112 1638 3182 gaudent
1663 3115 1826 3167 etiam
1848 3113 2005 3183 justi,
2033 3121 2094 3167 ut
2124 3114 2297 3167 Abra-

724 3201 923 3255 hamus
954 3219 967 3254 :
1001 3202 1236 3271 gaudent
1274 3217 1492 3272 quoque
1515 3202 1728 3272 injusti,
1766 3212 1824 3257 ut
1857 3202 2089 3258 Pharao.
2120 3202 2299 3259 Vicis-

725 3290 830 3343 sim
875 3267 1058 3345 dolent
1102 3267 1361 3360 justi,‘ut
1404 3267 1641 3346 llacobus
1685 3292 1899 3363 fugiens
1953 3292 2213 3357 Esavum,
2252 3267 2375 3349 etc

727 3376 949 3433 Labano
1008 3378 1298 3435 famulans.
1351 3383 1480 3435 ltem
1530 3381 1717 3436 dolent
1768 3382 1932 3437 etiam
1985 3384 2198 3452 injusti,
2248 3392 2308 3438 ut

728 3470 951 3525 Amalec
974 3480 1028 3526 et
1057 3471 1321 3543 Egyptii.
1350 3472 1427 3527 En
1462 3488 1594 3545 ergo
1622 3475 1674 3529 in
1704 3490 1812 3530 uno
1855 3476 2153 3547 eodemque
2174 3478 2307 3547 justi

727 3562 965 3617 hominis
997 3578 1148 3617 more
1187 3563 1340 3618 dolor
1371 3573 1425 3618 et
1458 3566 1719 3619 maestitia
1752 3584 1765 3620 :
1796 3575 1850 3621 et
1874 3567 1927 3621 in
1955 3582 2065 3622 uno
2088 3568 2309 3623 eodem-

728 3670 835 3724 que
862 3656 1047 3725 injusti
1083 3656 1319 3712 hominis
1369 3666 1515 3713 statu
1554 3660 1712 3713 dolor
1743 3667 1798 3714 et
1842 3660 2125 3715 maestitia.
2157 3658 2309 3715 Dicet

728 3747 964 3803 fortasse
1008 3748 1207 3818 aliquis
1266 3767 1279 3803 :
1332 3748 1446 3806 Cur
1493 3753 1627 3817 haec,
1682 3761 1737 3807 et
1780 3754 1922 3807 unde
1974 3732 2311 3821 inmqualitas

729 3839 782 3891 iu
814 3840 1153 3908 aaqualibus?
1191 3840 1376 3912 Neque
1424 3844 1571 3899 enim
1620 3846 1673 3898 in
1710 3846 1831 3915 igne
1867 3845 2035 3916 frigus
2070 3847 2314 3902 simulet

730 3930 880 3984 calor
933 3933 1288 4003 conspicitur.
1351 3935 1605 3990 Concedo
1653 3938 1945 4007 equidem,
2001 3954 2108 3992 non
2166 3940 2311 3993 enim

725 4023 934 4092 justum
970 4026 1179 4094 mquale
1208 4026 1371 4080 simul
1400 4038 1482 4082 est
1525 4038 1578 4083 et
1612 4029 1914 4099 inaequale:
1941 4031 2033 4087 sed
2070 4031 2121 4085 iu
2148 4031 2313 4101 justi-

739 4114 826 4166 tize
855 4116 1169 4183 capacibus,
1199 4117 1358 4172 dolor
1390 4127 1444 4172 et
1477 4120 1732 4189 gaudium
1767 4123 2121 4192 comperitur.

805 4202 926 4256 105.
978 4204 1247 4269 Quoniam
1300 4206 1483 4277 itaque
1544 4209 1750 4264 dictum
1800 4220 1883 4265 est
1930 4212 2172 4267 dolorem
2232 4214 2312 4269 vel

730 4296 1084 4363 temporalem
1139 4312 1261 4352 esse
1314 4314 1377 4352 ac
1434 4301 1794 4368 tolerabilem,
1829 4303 1913 4359 vel
1959 4313 2220 4358 aeternum
2260 4316 2314 4362 et

732 4388 1168 4453 intolerabilem;
1198 4390 1435 4459 itemque
1461 4393 1715 4460 gaudium
1741 4395 1822 4449 vel
1842 4396 2135 4465 temporale
2167 4412 2309 4463 esse,

733 4493 801 4535 ac
842 4480 1078 4533 breviter
1107 4480 1407 4547 delectans,
1447 4484 1531 4538 vel
1564 4494 1828 4539 aeternum
1870 4497 1924 4540 et
1963 4487 2055 4541 diu
2098 4489 2309 4556 beans;

2406 2006 2516 2059 ϐῶν
2542 2007 2589 2059 οί
2625 2006 2721 2076 μὲν
2758 2003 3059 2057 εὐπαθοῦσι
3105 2002 3268 2072 τυχὸν
3320 2005 3433 2064 τοῖς
3461 2002 3522 2053 οὐ
3559 1999 3855 2071 μοχθηροῖς
3886 1999 3990 2064 τὴν

2405 2099 2653 2168 γνώμην,
2710 2096 3156 2166 ὐποτεμνομένης
3205 2094 3304 2164 τῆς
3337 2095 3520 2146 ἐκεῖσε
3572 2091 3865 2163 τιμωρίας,
3898 2090 3993 2143 διὰ

2405 2190 2503 2259 τῆς
2555 2189 2705 2243 ἔνθεν
2757 2187 2934 2250 ἀνίας,
2985 2186 3135 2257 ἢδιά
3167 2186 3268 2257 τῆς
3313 2184 3511 2248 κακίας
3556 2183 3988 2254 παμμόχθηρον,

2404 2284 2501 2334 καὶ
2526 2282 2646 2335 κατ’
2672 2281 2840 2351 ἄμφω
2860 2280 3157 2335 ὲκδίδονται
3179 2296 3192 2310 ·
3218 2278 3515 2331 εὐπαθοῦσι
3537 2277 3591 2330 δὲ
3608 2276 3823 2339 ἀσεϐεῖς
3842 2278 3990 2329 κατά

2405 2376 2587 2445 πάσης
2636 2376 2818 2435 αὐτοῖς
2871 2372 3331 2444 περιαιρουμένης
3388 2372 3737 2440 προφάσεως.
3792 2368 3988 2437 Θλίψις

2404 2467 2584 2520 τοίνυν
2640 2467 2734 2519 καὶ
2784 2465 3021 2537 θυμηδία
3062 2464 3281 2518 ἐναντία
3314 2462 3466 2526 ὄντα,
3530 2463 3659 2532 περὶ
3709 2462 3766 2514 ἒν
3799 2462 3895 2514 καὶ
3928 2463 3991 2513 τό

2407 2560 2538 2612 αὐτὸ
2585 2555 2925 2629 ἀνθρώπειον
2972 2556 3129 2623 γένος
3181 2552 3547 2624 συμϐαίνοντα
3598 2551 3725 2613 τοὺς
3756 2552 3992 2614 πολλοὺς

2407 2649 2770 2721 ἐξηπάτησεν·
2794 2647 2869 2710 ῶς
2894 2648 2941 2701 οί
2977 2647 3076 2715 μὲν
3102 2645 3390 2715 θεάρεστοι
3413 2642 3714 2713 εὐθυμοῦσι
3743 2644 3991 2706 πάντως,

2405 2745 2453 2796 oi
2480 2742 2536 2794 δὲ
2563 2740 3178 2808 θεοστυγεῖςίάνιῶνται.
3212 2736 3351 2790 Ἀλλ’
3372 2737 3470 2807 οὐχ
3495 2737 3636 2789 οὕτω
3660 2735 3995 2788 διανοεῖσθαι

2406 2843 2542 2914 χρή·
2584 2840 2783 2912 μᾶλλον
2810 2840 2865 2892 δὲ
2900 2838 3099 2892 εἰδέναι
3131 2836 3270 2901 δέον,
3294 2836 3377 2889 ὅτι
3409 2838 3442 2903 ἠ
3477 2835 3713 2903 εὐθυμία
3740 2834 3924 2905 διττή.
3958 2837 3994 2905 ἡ

2412 2934 2515 3005 μέν
2567 2950 2651 2995 τις
2701 2929 2933 3001 αἰσθητὴ
2985 2931 3079 2982 καὶ
3122 2927 3487 2998 πρόσκαιρος,
3528 2928 3562 2995 ἠ
3592 2926 3648 2978 δὲ
3702 2925 3867 2995 νοητὴ
3897 2927 3998 2977 καὶ

2407 3023 2621 3085 αίὼνιος
2642 3039 2655 3053 ·
2685 3022 2827 3091 καὶὴ
2854 3020 3032 3089 θλίψις
3063 3019 3345 3081 ὡσαύτως·
3366 3016 3660 3087 τοιγαροῦν
3689 3016 3997 3087 εὐθυμοῦσι

2412 3115 2517 3185 μέν
2547 3113 2641 3167 καὶ
2690 3112 2912 3175 δίκαιοι,
2945 3110 3018 3174 ὡς
3051 3112 3080 3163 ὁ
3126 3110 3408 3180 Ἀϐραάμ·
3441 3107 3737 3179 εὐθυμοῦσι
3790 3108 3848 3162 δὲ
3897 3109 3998 3161 καὶ

2407 3206 2601 3266 ἄδικοι,
2633 3204 2708 3266 ὼς
2756 3204 2806 3256 οί
2853 3200 2989 3274 [σοιί.
3030 3199 3167 3272 ὅσοι]
3207 3201 3350 3255 κατά
3395 3200 3488 3252 τὸν
3534 3198 3773 3268 Φαραώ·
3827 3199 3997 3252 πάλιν

2410 3297 2669 3352 ἀνιῶνται
2712 3297 2931 3359 δίκαιοι,
2997 3293 3073 3358 ὡς
3128 3293 3158 3345 ὁ
3198 3291 3391 3345 Ἰακὼϐ
3445 3291 3662 3360 φεύγων
3688 3291 3777 3343 τὸν
3818 3291 3995 3344 Ἡσαῦ

2410 3390 2506 3443 καὶ
2590 3387 2833 3459 θητεύων
2905 3386 3061 3457 παρά
3120 3383 3200 3455 τῷ
3254 3382 3462 3439 Δάϐαν·
3507 3383 3670 3437 πάλιν
3730 3382 3997 3436 ἀνιῶνται

2410 3485 2506 3538 καὶ
2542 3485 2719 3538 ἄδικοι
2738 3482 2813 3547 ὡς
2838 3482 2867 3535 ό
2905 3481 3154 3552 Ἀμαλὴκ
3187 3481 3283 3534 καὶ
3309 3479 3630 3548 Αἰγύπτιοι·
3672 3479 3780 3532 ἰδοὺ
3810 3480 3997 3530 τοίνυν

2410 3579 2541 3650 περὶ
2596 3578 2655 3632 ἓν
2692 3577 2786 3630 καὶ
2837 3575 2901 3629 τδ
2930 3575 3061 3628 αὐτὸ
3092 3569 3223 3645 ἦθος
3271 3574 3365 3626 τοῦ
3404 3572 3636 3634 δικαίου,
3668 3570 3845 3638 θλίψις
3897 3572 3997 3622 καὶ

2411 3668 2619 3739 ἀθυμία
2645 3684 2658 3698 ·
2691 3667 2783 3721 καὶ
2808 3667 2936 3738 περὶ
2967 3666 3097 3736 μίαν
3130 3668 3225 3719 καὶ
3256 3666 3355 3735 τὴν
3385 3663 3556 3735 αὐτὴν
3610 3664 3722 3730 ’ἐξιν
3748 3662 3843 3715 τοῦ
3870 3662 3997 3714 ἀδί-

2412 3780 2532 3825 κου,
2567 3760 2745 3831 θλίψις
2796 3776 2855 3813 τι
2909 3759 3004 3812 καὶ
3066 3756 3307 3825 ἀθυμία·
3340 3759 3458 3826 ἐρεῖ
3504 3772 3587 3819 τις
3634 3756 3796 3816 ἴσως·
3828 3754 3929 3815 Τίς
3957 3756 3992 3823 ἡ

2413 3855 2666 3923 ἀνισότης
2685 3852 2778 3905 ἐπὶ
2809 3851 2964 3915 ἴσοις,
3002 3852 3093 3902 καὶ
3123 3849 3319 3915 πόθεν;
3349 3847 3487 3903 Οὐδέ
3512 3847 3620 3917 γὰρ
3646 3846 3772 3914 περὶ
3799 3844 3858 3897 τὸ
3882 3844 3997 3915 πῦρ

2417 3946 2626 4017 κρυμὸς
2688 3944 2781 3997 καὶ
2833 3942 3035 4004 καῦσος
3069 3941 3371 4011 καθορᾶται
3393 3960 3405 3972 ·
3454 3942 3597 4009 φημὶ
3630 3937 3785 4006 κάγώ
3808 3954 3821 3964 ⁸
3855 3937 3997 3990 Οὐδὲ

2413 4040 2521 4110 γὰρ
2556 4039 2616 4090 τὸ
2643 4037 2845 4090 δίκαιον
2867 4036 2979 4087 ἴσον
2999 4035 3092 4087 καὶ
3120 4033 3324 4086 ἄνισον·
3358 4032 3492 4085 ἀλλὰ
3523 4033 3648 4100 περὶ
3674 4030 3742 4082 τά
3768 4029 3998 4081 δεκτικά

2417 4130 2762 4194 δικαιοσύνης
2796 4128 2891 4181 καὶ
2922 4127 3159 4191 ἀδικίας,
3202 4124 3379 4193 θλίψις
3419 4124 3512 4177 καὶ
3548 4123 3805 4193 θυμηδία.

2487 4218 2583 4293 ρε’.
2627 4220 2843 4289 Ἐπειδὴ
2885 4216 2941 4272 δὲ
3004 4219 3217 4287 εἴρηται
3241 4216 3323 4268 ὅτι
3369 4216 3403 4287 ἡ
3437 4214 3636 4283 θλίψις,
3677 4216 3794 4285 ἤτοι
3826 4215 3999 4279 πρόσ-

2414 4330 2608 4383 καιρος
2667 4312 2762 4365 καὶ
2823 4309 3201 4380 εὐφορωτάτη,
3239 4308 3357 4378 ἢτοι
3402 4306 3618 4368 αἰώνιος
3649 4307 3741 4358 καὶ
3767 4308 3996 4374 ἀφορῶ-

2412 4403 2585 4472 τάτη·
2627 4403 2721 4454 καὶ
2763 4400 2795 4468 ἠ
2834 4397 3162 4469 εὐφροσύνη,
3207 4398 3325 4465 ἦτοι
3364 4386 3700 4466 πρόσκαιρος
3730 4394 3825 4445 καὶ
3857 4392 3999 4463 βρα-

2414 4493 2708 4565 χυτερπὴς,
2738 4492 2856 4562 ἦτοι
2890 4490 3107 4553 αἰώνιος
3151 4490 3245 4542 καὶ
3293 4488 3707 4556 μεγαλοτερπής
3735 4502 3748 4515 ·
3773 4488 3802 4538 ὁ
3832 4487 3996 4553 φιλό-

733 4570 1040 4624 animarum
1077 4582 1386 4625 nostrarum
1438 4584 1648 4628 amator
1703 4575 1985 4644 Dominus,
2021 4579 2177 4649 cujus
2214 4581 2303 4635 be-

2412 4589 2580 4657 ψυχος
2635 4584 2861 4654 Κύριος,
2909 4581 3004 4634 καὶ
3056 4573 3115 4633 οὐ
3168 4580 3224 4632 αί
3281 4578 3483 4648 δωρεαὶ
3531 4578 3830 4647 ἀπόρρητοι
3898 4578 3999 4628 καὶ

732 4662 922 4729 tteficia
955 4677 1150 4716 arcana
1200 4674 1328 4717 sunt
1356 4675 1410 4719 et
1442 4676 1720 4735 perpetua,
1753 4669 2057 4724 alternatim
2088 4688 2184 4742 pro
2211 4689 2309 4729 sua

732 4753 997 4821 sapientia
1049 4753 1261 4821 singula
1308 4755 1573 4823 praebens,
1620 4772 1719 4827 pro
1766 4763 2047 4830 temporali
2094 4760 2309 4834 quidem

734 4846 935 4916 gaudio
992 4854 1255 4901 aeternum
1298 4849 1583 4916 dolorem,
1632 4866 1731 4921 pro
1783 4855 2069 4923 temporali
2128 4862 2307 4911 autem

732 4940 919 4993 dolore
954 4949 1215 4993 :Ltcrnum
1252 4942 1533 5010 gaudium,
1564 4945 1847 5015 deceptum
1883 4946 2310 5017 voluptateAda-

734 5047 882 5083 mum
917 5047 1023 5086 non
1054 5032 1313 5086 dubitavit
1357 5050 1388 5087 a
1436 5036 1632 5105 gaudio
1656 5038 1707 5091 in
1740 5040 1992 5108 gaudium
2018 5042 2305 5108 deducere;

734 5133 787 5176 et
829 5137 859 5177 a
907 5124 1090 5178 dolore.
1145 5126 1198 5179 itt
1254 5126 1493 5181 dolorem
1550 5131 1851 5199 propellere
1883 5131 2134 5187 Cainum.
2194 5133 2306 5191 lloc

735 5224 837 5279 est,
867 5216 1010 5283 quod
1043 5216 1291 5271 barbaris
1330 5220 1737 5288 perplexitatem
1791 5232 1959 5289 creat,
1993 5236 2305 5294 propterea-

736 5322 843 5375 que
878 5306 944 5360 ad
995 5308 1311 5377 insipienter
1361 5312 1693 5381 loquendum
1734 5314 1982 5385 impellit.
2016 5316 2129 5386 Age
2178 5333 2307 5372 vero

736 5401 877 5469 quod
905 5400 1197 5456 Christiani
1228 5405 1336 5458 sint
1365 5406 1623 5476 religiosi,
1651 5422 1995 5478 nequaquam
2036 5425 2066 5464 a
2107 5410 2306 5466 barba-

739 5494 812 5547 ris
845 5493 1163 5549 discendum
1197 5506 1311 5553 est:
1341 5500 1629 5555 mendaces
1658 5502 1802 5556 enim
1847 5503 1941 5558 lilii
1988 5505 2302 5560 hominum:

736 5596 790 5640 et
847 5589 1023 5642 omnis
1064 5589 1229 5643 homo
1273 5593 1544 5647 mendax:
1586 5594 1680 5649 sed
1728 5596 1796 5650 ab
1843 5596 2027 5653 innata
2079 5599 2312 5654 veritate

740 5680 834 5748 qui
865 5688 949 5733 est
986 5680 1262 5749 Christus,
1294 5694 1346 5739 et
1388 5701 1417 5741 a
1465 5685 1673 5757 Spiritu
1704 5691 1944 5746 veritatis
1971 5692 2062 5761 qui
2092 5709 2121 5747 a
2156 5693 2313 5749 Patre

738 5774 1006 5840 procedit,
1040 5776 1238 5845 quique
1272 5779 1375 5834 sub
1411 5780 1525 5850 lege
1555 5783 1848 5851 pr0phetas
1898 5786 2311 5855 alloquebatur;

743 5862 899 5918 etab
947 5864 1065 5933 ipsa
1113 5865 1346 5942 denique
1401 5870 1714 5939 perficiente
1764 5890 1865 5929 nos
1914 5878 2106 5945 gratia.
2160 5878 2315 5945 Quod

2413 4680 2594 4743 ἀΐδιοι,
2621 4676 2847 4742 ἐναλλὰξ
2875 4678 2931 4728 ἐν
2969 4673 3131 4743 σοφίᾳ.
3150 4671 3319 4733 τιθεὶς
3352 4670 3557 4723 ἕκαστα
3586 4670 3811 4733 τούτων,
3841 4670 3999 4738 παρὰ

2416 4771 2516 4842 μὲν
2555 4770 2653 4841 τὴν
2694 4768 3029 4838 πρόσκαιρον
3092 4764 3297 4835 χαράν,
3356 4761 3453 4831 τὴν
3503 4760 3719 4814 αἰώνιον
3772 4760 3993 4827 θλίψιν·

2411 4863 2564 4933 παρά
2592 4864 2647 4917 δὲ
2673 4861 2770 4932 τὴν
2818 4860 3155 4929 πρόσκαιρον
3178 4856 3378 4924 θλίψιν,
3412 4854 3511 4923 τὴν
3537 4852 3752 4905 αἰώνιον
3784 4852 3995 4921 εὐφρο-

2416 4958 2580 5027 σύνην
2608 4973 2622 4987 ·
2650 4955 2738 5009 διὰ
2766 4955 2865 5024 τὴν
2896 4951 3259 5020 ἀπατήσασαν
3314 4948 3406 5001 τὸν
3438 4947 3612 5016 Ἀδάμ
3659 4946 3854 5013 ἡδονὴν
3892 4948 3998 4999 οὐκ

2414 5052 2683 5121 ἠπόρησε,
2722 5047 2818 5101 καὶ
2874 5045 2941 5099 δι’
2973 5043 3307 5114 εὐφροσύνης
3356 5043 3434 5103 εἰς
3481 5038 3819 5109 εὐφροσύνην
3870 5039 4001 5092 ποδ-

2413 5146 2615 5213 ηγῆται
2636 5158 2651 5173 ·
2676 5140 2769 5193 καὶ
2813 5138 2921 5192 ἀπὸ
2951 5137 3178 5205 θλίψεως
3200 5137 3275 5198 είς
3309 5133 3487 5202 θλίψιν
3512 5132 3878 5201 παραπέμψαι
3914 5133 3999 5195 είς

2412 5236 2501 5289 τὸν
2532 5234 2669 5285 Κάῖν
2689 5248 2702 5260 ·
2735 5230 2829 5283 καὶ
2877 5229 3038 5282 τοῦτο
3079 5230 3139 5279 τὸ
3202 5223 3389 5278 ποιοῦν
3430 5225 3541 5286 τοῖς
3572 5221 3872 5293 βαρϐάροις
3895 5224 3999 5291 τὴν

2414 5326 2677 5395 ἀπορίαν·
2717 5324 2811 5376 καὶ
2844 5321 2934 5374 διὰ
2966 5319 3123 5373 τοῦτο
3146 5318 3353 5386 ἀλόγως
3388 5314 3783 5383 ἀποφαίνεσθαι
3812 5331 3997 5382 παρα-

2416 5417 2698 5483 σκευάζον.
2734 5417 2854 5468 ’Ότι
2903 5414 3000 5484 μὲν
3047 5407 3138 5465 οῦν
3170 5410 3441 5471 θεοσεϐεῖς
3476 5410 3522 5461 οί
3556 5408 3896 5478 Χριστιανοὶ,
3934 5407 3997 5459 οὐ

2413 5513 2538 5575 τούς
2569 5508 2878 5581 βαρϐάρους
2906 5504 3239 5578 ἐρωτητέον·
3276 5501 3492 5571 ψευδεῖς
3524 5500 3630 5570 γὰρ
3667 5501 3715 5551 οί
3745 5500 3856 5551 υἱοὶ
3885 5500 3997 5552 τῶν

2415 5603 2755 5673 ἀνθρώπων·
2799 5599 2933 5654 ἀλλά
2972 5600 3066 5651 καὶ
3121 5600 3226 5660 πᾶς
3257 5596 3543 5667 ἄνθρωπος
3582 5592 3858 5662 ψεύστης·
3892 5593 3996 5662 τὴν

2414 5697 2470 5750 δὲ
2514 5694 2907 5763 αὐτοαλήθειαν
2957 5694 3014 5755 ὃς
3051 5693 3166 5743 ἐστι
3211 5688 3464 5758 Χριστὸς,
3499 5688 3593 5739 καὶ
3645 5685 3708 5738 τὸ
3762 5683 3996 5754 Πνεῦμα

2416 5786 2516 5855 τῆς
2543 5783 2802 5855 ἀληθείας
2836 5784 2864 5835 ὃ
2894 5782 3045 5852 παρά
3076 5782 3170 5835 τοῦ
3200 5780 3411 5852 [ἰατρὸς
3438 5778 3815 5849 ἐκπορεύεται,
3847 5780 3909 5831 τὸ
3936 5779 3995 5830 ἐν

2425 5880 2573 5951 νόμῳ
2620 5878 2714 5931 καὶ
2763 5876 3070 5948 προφήταις
3124 5872 3387 5945 λαλῆσαν,
3426 5873 3535 5945 ικαὶ
3570 5873 3670 5943 τὴν
3704 5871 3869 5942 χάριν
3901 5886 3994 5923 τε-
