4168 6450
194 401 304 465 805

1364 397 1806 461 REFUTATIO
1837 397 2317 464 MOHAMEDIS.

3340 418 3447 482 806

186 511 417 568 λειῶσαν
440 528 454 544 ⁸
487 514 568 568 ὅτι
613 514 671 567 δὲ
719 516 917 571 ἐκεῖνοι
944 515 1185 582 ἀσεϐεῖς,
1211 517 1312 589 ἤδη
1340 518 1633 583 δέδεικται,
1662 518 1758 573 καὶ

1865 530 2000 572 vero
2052 516 2286 587 Agareni
2322 515 2432 572 sint
2482 516 2654 589 impii,
2699 518 2813 590 jam
2856 521 3286 581 demonstratum
3320 527 3446 584 fuit.

183 604 481 674 δείκνυται,
501 606 597 660 καὶ
612 606 980 679 δειχθήσεται.
1001 609 1142 662 Ἀλλ’
1161 610 1245 664 ὅτι
1270 610 1366 663 καὶ
1384 609 1539 681 ἡμῶν
1560 610 1759 675 αὐτῶν,

184 698 234 748 ci
272 698 373 767 μὲν
395 697 710 768 εὔχρηστοι,
767 701 816 752 oi
862 699 918 753 δὲ
953 702 1250 772 ἄχρηστοι,
1293 704 1452 772 ἡμεῖς
1483 704 1637 757 αὐτοὶ
1668 704 1762 757 καὶ

184 791 402 859 ὁρῶμεν
431 791 590 845 τοῦτο
635 794 730 847 καὶ
760 794 1134 865 ὁμολογοῦμεν
1157 812 1171 826 ’
1212 796 1317 849 ὑπὸ
1351 797 1484 866 γοῦν
1534 798 1635 869 τῆς
1668 798 1760 852 τοῦ

184 882 321 935 θεοῦ
350 883 544 951 σοφίας
577 885 672 937 καὶ
696 886 1030 957 άγαθὸτητος
1061 888 1172 941 τῶν
1206 888 1328 944 καθ’
1354 891 1501 961 ἡμᾶς
1526 891 1760 945 διοικου-

188 975 366 1042 μένων
400 977 483 1037 (οῠ
524 977 633 1048 γὰρ
671 979 844 1051 δήπου
899 981 967 1034 δι’
1003 982 1151 1051 ἡμᾶς
1195 984 1476 1055 ἀφῄρηται
1516 984 1577 1037 τὺ
1620 983 1761 1040 εἶναι

185 1066 391 1133 ἀγαθὸς
422 1068 514 1120 καὶ
549 1071 709 1139 σοφὸς
742 1072 837 1125 καὶ
867 1072 1073 1137 δίκαιος
1107 1077 1201 1128 καὶ
1232 1075 1456 1142 δυνατὸς
1483 1077 1561 1148 τῷ
1594 1079 1758 1150 λόγῳ,

185 1158 258 1220 ὡς
316 1161 656 1231 εἰρήκαμενο
707 1163 869 1216 τοῦτο
921 1165 1029 1237 γὰρ
1072 1169 1221 1220 πᾶσα
1261 1168 1296 1238 ἡ
1344 1168 1464 1223 θεία
1519 1171 1761 1226 διδάσκει

184 1252 435 1322 Γραφή)·
468 1253 587 1317 πῶς
620 1253 711 1308 οῦν
747 1257 797 1309 oi
841 1258 1110 1325 ἄγνωστοι
1141 1261 1235 1314 καὶ
1258 1260 1542 1332 βάρϐαροι,
1570 1264 1628 1317 ἓν
1661 1265 1761 1334 τῆς

182 1344 503 1416 διαιρέσεως
557 1347 713 1415 μόλις
777 1350 1176 1417 καταλαϐόντες
1227 1357 1421 1426 κρῖμα,
1460 1358 1555 1411 καὶ
1604 1357 1763 1413 τοῦτο

184 1437 519 1505 παναθλίως,
557 1441 636 1503 είς
680 1439 841 1494 τοῦτο
866 1443 964 1513 τὴν
1004 1444 1154 1498 θείαν
1184 1447 1413 1517 ἀμαθῶς
1447 1452 1761 1523 περιορίσαι

181 1530 508 1599 δυνήσονται
572 1532 785 1600 σοφίαν,
812 1534 887 1598 ὼς
920 1534 1077 1588 οῦδὲν
1115 1538 1276 1592 πλέον
1319 1541 1640 1613 Ἀγαρηνῶν
1664 1542 1760 1597 τοῦ

182 1621 319 1673 θεοῦ
359 1622 700 1689 ἑγνωκότος;
735 1624 797 1677 El
843 1623 937 1677 οῦν
997 1624 1269 1692 θεοσεϐεῖς
1321 1630 1370 1682 οἱ
1421 1631 1759 1703 Χριστιανοὶ,

183 1713 391 1766 τούτων
420 1714 474 1767 δὲ
507 1715 555 1768 οῖ
594 1716 693 1784 μὲν
736 1715 1048 1787 εῠχρηστοι,
1088 1721 1137 1772 oi
1159 1719 1213 1772 δὲ
1236 1720 1521 1793 ἄχρηστοι,
1545 1725 1679 1779 Θεοῦ
1706 1728 1763 1781 δὲ

182 1805 511 1874 ἀμφοτέρων
574 1804 977 1876 προμηθεῖσθαι
1027 1809 1125 1880 τὴν
1168 1812 1465 1882 σωτηρίαν,
1506 1816 1609 1870 οὐκ
1647 1818 1755 1889 ἀρα

1869 617 1924 663 et
1962 607 2388 673 demonstratur,
2440 624 2503 664 ac
2533 610 3013 668 demonstrabitur.
3058 614 3445 677 Verumtamen

1868 701 2013 771 quod
2048 710 2100 755 et
2131 717 2230 756 nos
2260 702 2458 771 partim
2493 701 2635 775 frugi
2668 704 2862 769 simus,
2896 708 3087 775 partim
3131 724 3312 777 secus,
3348 730 3445 767 nos

1867 792 1971 863 ipsi
2015 801 2068 848 et
2117 791 2395 848 cernimus
2441 802 2493 847 et
2544 795 2892 849 confitemur.
2928 796 3065 850 Cum
3109 813 3238 869 ergo
3287 815 3317 855 a
3352 792 3446 857 Dei

1866 884 2127 955 sapientia
2183 893 2237 939 et
2285 884 2527 939 bonitate
2581 901 2667 941 res
2718 896 2920 942 nostra!
2967 888 3440 957 administrentur,

1866 979 2010 1035 haud
2044 988 2190 1034 certe
2235 978 2408 1033 nostri
2459 993 2624 1033 causa
2663 980 2861 1035 desinit
2889 996 3011 1036 esse
3045 982 3220 1037 bonus
3249 994 3303 1039 et
3351 1001 3441 1040 sa-

1864 1071 2017 1143 piens
2060 1086 2124 1126 ac
2163 1070 2369 1140 justus,
2402 1079 2462 1126 ιιι
2503 1071 2617 1141 jam
2659 1071 2929 1139 diximus;
2965 1074 3068 1130 hoc
3114 1076 3260 1130 enim
3323 1079 3444 1131 uni-

1863 1180 2017 1219 versa
2061 1164 2228 1219 tradit
2275 1164 2457 1218 divina
2490 1163 2792 1232 Scriptura.
2847 1165 3132 1231 Quomodo
3185 1181 3316 1237 ergo
3354 1168 3448 1223 Isti

1867 1255 2039 1327 ignari
2075 1270 2137 1307 ac
2178 1254 2414 1320 barbari,
2445 1270 2554 1309 uno
2592 1255 2938 1310 discernendi
2978 1258 3206 1327 judicio,
3241 1268 3295 1313 et
3321 1261 3447 1330 qui-

1862 1350 1985 1404 dem
2039 1345 2326 1401 infeliciter
2373 1346 2608 1417 praediti,
2638 1346 2775 1401 adeo
2815 1346 3057 1402 divinam
3109 1351 3304 1407 inscite
3331 1353 3443 1407 cir-

1863 1437 2231 1495 cumscribere
2286 1437 2606 1507 sapientiam
2658 1446 2934 1507 poterunt,
2980 1448 3039 1493 ut
3085 1440 3258 1496 nihilo
3317 1443 3443 1513 plus

1864 1545 2026 1601 quam
2080 1528 2315 1599 Agareni
2365 1528 2511 1582 Deus
2550 1528 2730 1583 sciat?
2764 1527 2821 1583 Si
2850 1543 2983 1599 ergo
3014 1530 3253 1600 religiosi
3284 1533 3448 1587 Chri-

1864 1621 2029 1678 stiani
2081 1630 2253 1685 sunt;
2289 1620 2486 1673 horum
2535 1629 2718 1673 autem
2766 1620 2858 1674 alii
2914 1621 3077 1692 frugi,
3109 1621 3204 1677 alii
3253 1638 3447 1688 secus;

1867 1713 1958 1769 Dei
2014 1728 2143 1767 vero
2192 1710 2431 1766 ollicium
2478 1720 2563 1767 est
2622 1721 2982 1782 utrorumque
3036 1714 3203 1769 saluti
3242 1730 3448 1771 consu-

1864 1805 2008 1871 lere;
2042 1804 2184 1859 haud
2231 1803 2483 1873 equidem
2537 1813 2797 1874 tanquam
2852 1807 3045 1861 atheos
3084 1823 3185 1863 nos
3236 1809 3448 1879 deprae-

180 1896 252 1958 ὼς
302 1893 506 1958 ἀθέους
548 1897 697 1967 ᾑμᾶς
752 1875 1194 1969 καταληῖζονται,
1242 1875 1358 1953 ἀλλ’
1492 1904 1597 1957 ὑπὸ
1618 1875 1754 1958 Θεοῦ

1863 1899 2076 1963 dantur,
2124 1896 2219 1952 sed
2274 1907 2330 1951 ut
2382 1911 2411 1950 a
2464 1896 2572 1952 Deo
2620 1907 2841 1969 propter
2892 1875 3453 1969 contumaciam‘cor-

182 1988 605 2059 παιδευομένους
658 1988 1095 2061 ἀφηνιάζοντας,
1175 1994 1271 2047 καὶ
1330 1995 1754 2068 στηριζομένους

180 2080 567 2149 ἐκλυομένους,
608 2080 702 2133 καὶ
741 2081 1203 2152 συστελλομένους
1252 2085 1751 2158 ὑπερφρονοῦντας,

180 2170 271 2223 καὶ
333 2170 729 2241 ἐλεγχομένους
780 2174 846 2243 τῇ
902 2173 1274 2247 άκαταλήπτῳ
1326 2178 1494 2233 αὑτοῦ
1541 2183 1754 2238 συνέσει

182 2263 443 2328 ποικίλως
466 2281 527 2317 τε
572 2266 667 2318 καὶ
713 2264 1091 2336 πολυτρόπως.
1139 2270 1261 2322 Οὐδ’
1291 2266 1356 2325 αὖ
1384 2273 1546 2328 πάλιν
1572 2276 1756 2330 θεοσε-

182 2358 291 2418 6-ἰς
319 2359 522 2409 ἐκεῖνοι
580 2356 945 2423 εὐπαθοῦντες
997 2360 1347 2434 πρόσκαιρα·
1404 2366 1485 2419 ὅτι
1523 2369 1656 2439 μηδὲ
1706 2370 1756 2422 οἱ

180 2449 475 2516 Αἰγύπτιοι
499 2447 772 2514 θεοσεϐεῖς
804 2452 957 2516 ὄντες
989 2455 1115 2517 τοὺς
1140 2458 1412 2526 χρηστοὺς
1448 2460 1757 2514 ἐδουλοῦντο

181 2543 390 2612 Κυρίου
411 2558 424 2571 ·
458 2543 520 2596 οὐ
554 2544 664 2613 γάρ
690 2543 825 2597 διότι
847 2544 1064 2616 άληθῶς
1091 2565 1174 2612 τις
1193 2550 1329 2620 ἐρεῖ,
1362 2551 1464 2621 τὴν
1497 2554 1560 2606 ὲκ
1590 2554 1755 2608 τόπου

181 2640 257 2699 εἰς
279 2639 450 2691 τόπον
487 2638 789 2710 μετάϐασιν
819 2638 1033 2710 κίνησιν
1060 2637 1219 2706 εἶναι,
1247 2646 1342 2698 καὶ
1364 2645 1447 2699 ὅτι
1480 2646 1579 2700 οὐκ
1612 2646 1758 2702 ἔστιν

180 2730 313 2802 ωλη
339 2731 581 2800 κίνησις,
602 2730 1056 2801 πιστευθήσεται·
1080 2732 1253 2801 λέγων
1269 2734 1379 2806 γὰρ
1398 2736 1495 2799 τὰς
1521 2737 1756 2802 πλείους.

179 2823 277 2890 τῆς
315 2824 447 2893 μιᾶς
480 2820 912 2890 παραλέλοιπεν·
950 2823 1059 2877 οὐδ’
1096 2825 1178 2877 ὃτι
1206 2824 1271 2897 δὴ
1297 2824 1391 2881 οῦν
1434 2828 1526 2881 καὶ
1561 2830 1759 2883 δίκαιοι

179 2912 397 2966 ἀσεϐῶν
429 2913 874 2984 κατεκράτησαν,
907 2914 982 2979 ὡς
1015 2915 1235 2989 Ἰσραὴλ
1257 2918 1359 2989 τὴν
1392 2922 1497 2991 γῆν
1515 2921 1758 2990 Χαναὰν,

179 3007 273 3058 καὶ
302 3005 468 3077 ἡμῶν
498 3001 643 3060 οῦτοι
678 3005 755 3069 ὡς
784 3007 985 3061 ἐκεῖνοι
1015 3012 1238 3081 κρατεῖν
1260 3010 1514 3081 λέγοντες
1542 3030 1760 3068 πιστευο

180 3098 466 3167 θήσονται.
496 3096 770 3169 Εὕρηνται
803 3098 913 3169 γάρ
950 3099 1047 3154 καὶ
1078 3101 1296 3167 ἀσεϐεῖς
1331 3104 1574 3158 εὐσεϐῶν
1602 3106 1761 3177 χαλε-

1855 1998 2064 2060 reptos,
2094 1995 2151 2042 et
2203 1998 2427 2059 propter
2467 1988 2721 2044 fiduciam
2774 1990 3105 2060 infirmatos,
3139 2001 3192 2048 et
3244 1993 3318 2050 ob
3349 2010 3451 2050 su—

1854 2084 2100 2156 perbiam
2156 2084 2449 2149 cohibitus,
2507 2082 2656 2138 etab
2716 2084 3261 2155 incomprehensibili
3328 2087 3448 2156 ejus

1858 2177 2128 2247 sapientia
2176 2175 2325 2230 varie
2383 2189 2447 2229 ac
2499 2175 2852 2229 multifariam
2895 2177 3211 2248 castigatos.
3264 2176 3452 2248 Neque

1857 2262 2062 2321 ideirco
2121 2265 2195 2336 pii
2245 2272 2372 2319 sunt
2426 2266 2519 2335 qui
2572 2280 2836 2336 prospere
2892 2275 3101 2335 agunt;
3164 2282 3290 2321 nam
3352 2284 3452 2324 nec

1860 2357 2099 2429 Egyptii
2141 2358 2209 2428 pii
2244 2365 2421 2422 erant,
2462 2358 2554 2427 qui
2590 2365 2770 2412 tamen
2805 2358 2979 2413 bonos
3031 2358 3246 2413 Domini
3272 2357 3450 2413 famu-

1858 2453 1939 2508 los
1986 2452 2118 2523 jngo
2172 2438 2451 2505 servitutis
2493 2450 2835 2520 premebant.
2893 2450 3079 2522 Neque
3133 2452 3278 2506 enim
3319 2453 3447 2522 quia

1859 2543 2056 2612 aliquis
2118 2540 2382 2594 veraciter
2436 2541 2599 2604 dicet,
2654 2540 3031 2609 migrationem
3092 2541 3160 2596 de
3219 2541 3339 2596 loco
3391 2541 3447 2596 in

1859 2637 2007 2698 loco,
2069 2643 2275 2687 motum
2312 2647 2454 2697 esse,
2488 2632 2692 2687 ideirco
2727 2633 2980 2689 credetur
3009 2633 3057 2689 ei
3088 2634 3289 2690 dicenti
3326 2634 3447 2687 nul-

1862 2728 1974 2782 lum
2023 2726 2168 2779 aliud
2208 2736 2388 2779 motus
2422 2740 2595 2794 genus
2629 2739 2789 2779 esse:
2824 2741 2948 2779 nam
2999 2725 3148 2780 dicto
3188 2740 3319 2789 uno,
3359 2740 3448 2778 re-

1862 2820 2006 2889 liqua
2026 2819 2205 2872 omnia
2226 2832 2423 2889 genera
2457 2817 2663 2872 omisit.
2700 2816 2811 2874 Nec
2835 2817 2965 2889 quia
2988 2817 3124 2889 justi
3151 2817 3448 2889 aliquando

1864 2910 2044 2980 impiis
2100 2909 2256 2979 potiti
2310 2917 2459 2975 sunt,
2516 2910 2687 2965 veluti
2746 2908 2912 2965 Israel
2963 2920 3107 2966 terra
3161 2910 3445 2977 Chanaan,

1862 3002 2067 3057 idcirco
2111 3001 2167 3055 lii
2228 3001 2460 3070 Agat-eui
2500 3002 2692 3056 eodem
2725 3002 2889 3056 modo
2921 3002 3077 3057 nobis
3105 3016 3164 3058 se
3195 3017 3318 3057 esse
3352 3017 3448 3073 po-

1864 3095 1993 3150 titos
2042 3093 2468 3164 persuadebunt.
2514 3092 2855 3149 Exstiteruut
2887 3094 3030 3150 enim
3066 3094 3217 3164 impii
3255 3094 3444 3159 etiam,

178 3189 432 3261 πῶτερον
456 3193 1035 3262 κατακεκρατηκότεςο
1080 3195 1174 3248 καὶ
1199 3196 1411 3266 μάρτυς
1440 3199 1467 3250 ό
1489 3198 1721 3253 Ψάλλων
1739 3217 1754 3233 ·

1864 3189 1957 3259 qui
2011 3186 2117 3258 piis
2166 3186 2408 3241 atrocius
2465 3187 2620 3256 potiti
2672 3186 2844 3243 fuere.
2885 3186 3062 3243 Testis
3116 3186 3443 3243 Psalmista:

184 3277 248 3331 '0
278 3278 456 3345 Θεὸς,
476 3277 755 3347 ἦλθοσαν
776 3280 919 3347 ἔθνη
944 3282 1032 3347 είς
1055 3281 1171 3349 τὴν
1186 3286 1599 3354 κληρονομίαν
1619 3303 1757 3354 σου,

174 3372 440 3441 ἐμίαναν
495 3372 606 3425 τὸν
654 3374 809 3426 ναὸν
852 3373 963 3427 τὸν
1012 3372 1185 3442 ἅγιόν
1213 3389 1364 3429 σου·
1401 3377 1499 3430 οὐκ
1543 3379 1650 3449 ἄρα
1686 3378 1762 3444 ὡς

176 3466 364 3528 κακῶς
388 3464 498 3532 τὴν
524 3464 655 3534 περὶ
687 3465 748 3518 τὸ
803 3467 958 3520 θεῖον
990 3466 1149 3533 δόξαν
1202 3467 1424 3539 ἔχοντας
1455 3472 1581 3536 τοὺς
1622 3473 1761 3543 Χρι-

177 3556 433 3616 στιανοὺς
466 3554 567 3625 τὴν
599 3554 807 3607 τούτων
863 3554 1048 3627 χώραν
1100 3558 1228 3612 ποτὲ
1273 3560 1322 3611 οε
1362 3560 1425 3612 ἐκ
1450 3560 1550 3631 τῆς
1581 3561 1763 3632 ¹Ἀγαρ

175 3644 629 3711 καταληῖζονται,
659 3645 755 3698 καλ⁸
789 3648 869 3711 είς
910 3649 1189 3721 προνομὴν
1218 3650 1432 3716 τούτοις
1464 3652 1757 3721 ὲκδέδοται,

176 3737 309 3791 ἀλλά
339 3737 555 3809 μᾶλλον
579 3738 811 3810 τάληθὲς
849 3742 1046 3805 εἰπεῖν,
1093 3742 1167 3806 ὡς
1190 3744 1217 3795 ό
1255 3743 1354 3813 τῆς
1386 3745 1646 3815 ἀληθείας
1675 3746 1762 3800 λό-

175 3846 266 3895 γος
289 3831 668 3901 παρέστησεν,
692 3829 759 3884 δι’
790 3832 1064 3903 ἁμαρτίας
1099 3837 1544 3907 παιδευομένους.

242 3921 358 3993 ρς’.
390 3922 589 3977 Ταῦτα
620 3925 719 3993 μὲν
745 3923 839 3978 οὖν
867 3927 1025 3998 ἡμεῖς
1061 3930 1109 3982 οἱ
1140 3929 1386 3995 ἀσθενεῖς
1414 3931 1493 4002 τῷ
1531 3933 1760 4006 φιλαλή-

177 4015 253 4067 θει
281 4016 377 4068 καὶ
397 4013 763 4085 διελεγκτικῷ
793 4016 889 4069 τοῦ
919 4016 1146 4087 ψεύδους
1162 4018 1307 4091 λόγῳ
1340 4022 1617 4093 ἑπόμενοι,
1654 4026 1761 4079 οἱο-

176 4108 254 4157 νεὶ
300 4106 639 4175 ραπίσματά
679 4123 823 4173 τινα,
876 4109 1018 4163 κατά
1047 4109 1140 4163 τοῦ
1184 4111 1569 4167 ἀναιδεστάτου
1592 4133 1762 4188 προσ-

176 4196 324 4250 ώπου
364 4194 467 4250 τοῦ
508 4195 853 4265 ψευδηγόρου
904 4197 1065 4267 λόγου
1104 4200 1355 4272 Μωάμετ
1397 4203 1755 4276 καθήκαμεν

175 4284 253 4351 οἷς
283 4289 341 4341 δὲ
370 4288 585 4341 πλείων
617 4287 769 4357 ἰσχύς
794 4304 854 4341 τε
879 4290 973 4342 καὶ
1008 4292 1290 4363 παρρησία
1314 4294 1451 4365 πρὸς
1467 4295 1566 4366 τὴν
1591 4296 1762 4362 ϐντως

176 4378 436 4451 ἀλήθειαν
493 4377 781 4447 πρόσεστι,
833 4380 1048 4446 τούτοις
1103 4383 1322 4448 πάντως
1354 4388 1382 4439 ό
1420 4387 1760 4459 ἀπαραλόγι-

178 4490 296 4538 στος
324 4470 636 4543 προστάξει
667 4471 822 4539 λόγος
852 4473 1069 4543 μάστιξι
1108 4475 1205 4528 καὶ
1225 4475 1483 4546 βασάνοις
1522 4483 1761 4550 προσφό-

1866 3280 1910 3335 0
1942 3279 2100 3345 Deus,
2136 3290 2383 3334 venerunt
2422 3287 2599 3349 gentes
2637 3280 2692 3333 in
2734 3279 3096 3333 ha’reditalem
3125 3289 3295 3347 tuum,
3330 3279 3447 3349 pol-

1864 3372 2073 3426 luerunt
2114 3371 2364 3440 templum
2404 3379 2649 3425 sanctum
2681 3380 2830 3424 tuum
2860 3371 2926 3425 “.
2954 3369 3072 3425 Non
3115 3370 3316 3441 itaque,
3343 3386 3444 3426 ceu

1864 3463 1909 3518 si
1946 3477 2166 3531 pravam
2199 3462 2266 3516 de
2303 3461 2411 3515 Deo
2458 3461 2784 3516 sententiam
2830 3470 3077 3529 gererent
3121 3460 3444 3527 Christiani,

1864 3553 2058 3608 horum
2112 3552 2371 3606 ditionem
2421 3550 2654 3621 Agareui
2712 3551 3022 3616 devastant,
3078 3566 3253 3621 eaque
3301 3553 3446 3622 ipso-

1863 3660 1983 3700 rum
2036 3641 2326 3713 direptioni
2376 3642 2573 3698 tradita
2620 3652 2735 3705 est;
2785 3642 2877 3698 sed
2932 3651 2991 3696 ut
3055 3658 3216 3697 verus
3265 3658 3446 3699 sermo

1862 3736 2113 3803 allirmal,
2143 3743 2366 3806 prepter
2417 3746 2642 3804 peccata
2682 3749 2779 3789 sua
2832 3734 3225 3805 corripiuntur.

1934 3911 2057 3968 106.
2090 3909 2203 3966 Hos
2229 3911 2415 3981 igitur,
2447 3910 2649 3966 infirmi
2689 3928 2790 3967 nos
2832 3928 3085 3968 sermone
3125 3912 3362 3983 ingenuo
3390 3924 3447 3970 et

1862 4005 2153 4061 falsitatem
2210 4013 2544 4074 coarguente
2594 4015 2828 4070 utentes,
2875 4005 2998 4069 hos,
3053 4006 3298 4077 inquam,
3344 4023 3445 4062 ceu

1863 4099 2126 4169 colaphos
2178 4099 2467 4168 quosdam,
2494 4099 2984 4168 impudentissima:
3020 4100 3176 4156 faciei
3212 4100 3444 4156 falsidici

1863 4188 2201 4244 Mohainedis
2252 4188 2571 4245 infliximus.
2620 4189 2725 4257 Qui
2772 4201 2952 4247 autem
3006 4191 3241 4261 majores
3301 4193 3446 4249 vires

1864 4281 2228 4351 fiduciamque
2250 4281 2557 4349 habuerint,
2580 4283 2647 4338 ad
2668 4285 2910 4338 veritatis
2933 4284 3263 4341 soliditatem
3290 4300 3447 4340 mon-~

1864 4373 2167 4436 straudam,
2207 4373 2292 4428 his
2344 4374 2463 4429 sine
2518 4375 2686 4430 dubio
2738 4376 2941 4431 invicta
2993 4376 3261 4432 facundia:
3305 4378 3448 4432 ratio

1867 4462 2118 4517 suadebit
2152 4462 2471 4518 verberibus
2515 4464 2835 4538 idoneisque
2864 4466 3220 4528 cruciatibus,
3253 4465 3445 4522 Molia-

177 4580 305 4635 (θοις,
326 4564 440 4617 τῶν
476 4562 632 4633 αὐτῷ
661 4562 1534 4635 δυσφημηθέντωνκαθυποϐαλεῖν
1562 4571 1757 4636 ἀξίωςο

1868 4553 2041 4608 medis
2084 4554 2446 4625 blasphemius
2496 4557 2657 4627 digne
2703 4558 3009 4627 subjicere;
3038 4567 3315 4628 postremo
3351 4559 3446 4613 de-

177 4658 267 4709 καὶ
330 4658 395 4709 τὸ
462 4655 779 4709 τελευταῖον
846 4657 1038 4720 πέδαις
1096 4657 1315 4724 ἀλύτοις
1362 4662 1455 4714 καὶ
1497 4664 1762 4735 φρουραῖς

176 4750 505 4821 ἁπροσίτοις
524 4749 1008 4817 συγκατακλεῖσαι,
1025 4753 1120 4805 καὶ
1136 4752 1395 4824 ἀφθόγγῳ
1410 4758 1534 4826 σιγῇ
1552 4757 1766 4810 καταδι-

176 4847 338 4896 κάσαι
367 4859 381 4872 ·
406 4843 487 4907 ὡς
520 4841 590 4894 ἂν
612 4843 872 4912 πληρωθῇ
902 4843 965 4895 τὸ
989 4845 1301 4915 εἰρημένον,
1329 4846 1414 4901 ὅτι
1432 4845 1761 4919 Ἐνεφράγη

177 4938 366 5005 στόμα
393 4935 764 4990 λαλούντων
795 4934 989 4989 ἄδικα.

184 5027 356 5096 Tum;
395 5027 512 5082 τοῦ
553 5026 707 5081 κατὰ
769 5028 875 5083 τοῦ
913 5027 1256 5109 δυσςνεόοῦς
1301 5031 1551 5103 Μωάμετ
1590 5032 1761 5105 ἐλεγ-

858 5116 1085 5155 κτικου.

248 5304 292 5334 ⁸⁸
320 5304 468 5360 Psal.
508 5319 741 5370 unm,
780 5305 830 5359 l.
945 5304 989 5335 δ’
1014 5303 1161 5360 Psal.
1186 5319 1318 5370 un,
1349 5303 1440 5358 l2.

1869 4645 2035 4716 nique
2082 4647 2312 4700 vinculis
2361 4648 2744 4704 insolubilibus
2790 4657 2844 4704 et
2899 4650 3182 4705 inaccesso
3224 4664 3448 4704 carcere

1870 4737 2144 4801 cohibere,
2179 4747 2438 4808 mutoque
2464 4740 2681 4795 silentio
2725 4741 2996 4796 addicere.
3030 4740 3185 4795 Tunc
3210 4740 3353 4794 enim
3387 4741 3448 4792 il-

1870 4829 1961 4885 lud
1992 4830 2198 4885 dictum
2228 4832 2590 4901 complebitur
2623 4851 2637 4889 :
2670 4831 2989 4888 Obstruetur
3036 4850 3092 4888 οε
3124 4833 3446 4905 loquentium

1870 4926 2053 4997 iniqua
2085 4926 2149 4981 υ.

2264 5020 2494 5089 Explicit
2534 5021 2684 5090 impii
2715 5020 3039 5075 Moliamedia

2509 5114 2822 5183 confatalia.
