4168 6450
724 383 827 450 807

1926 384 2223 445 NlCET/E
2263 386 2665 451 BYZANTI‘NI

3854 406 3966 469 808

1784 517 1909 570 ΤΟΥ
1934 522 2159 574 ΑΥΤΟΥ
2191 523 2375 575 NII-LII
2387 526 2467 577 TA
2504 526 2905 579 ΒΥΖΑΝΤΙΟΥ

868 630 1138 691 Ἐκϋεσις
1164 630 1692 697 κατασκευαστικὴ
1717 632 1865 699 μετὰ
1896 632 2260 711 ἀποᾷςίξεῳς
2288 634 2407 711 toi)~
2423 637 2845 711 Xptqrtarmoi'r
2875 638 3273 709 δόγματοςνέκ
3296 641 3515 696 κοινῶν
3551 643 3825 711 ἐννοιῶν,

1939 703 2035 755 καὶ
2060 702 2444 773 διαλεκτικῆς
2467 707 2774 773 μεθόδουη

1096 770 1190 821 καὶ
1225 770 1512 852 φυσικῶν.
1540 772 2028 852 ἐπιχειψμὰζων,
2062 770 2679 852 καὶ-οςυλλορνιοντικῆς
2719 770 3123 852 πολυτεκνίας
3160 784 3538 852 προαγομένη
3569 798 3583 812 ·

1352 842 1448 894 καὶ
1482 842 1831 920 dre/35;?an
1864 842 1973 920 τῇς
2020 844 2292 920 Graii-itm

2397 842 2717 920 ἐπιστολῆς
2755 850 2821 901 ἐκ
2842 842 3334 920 τῶφῗἊτὶιρήνῶνξ

1716 914 1884 986 πρὸςΔ
1901 911 2142 986 Μιχαὴζλ
2168 912 2435 986 ,βασιλέα
2472 916 2607 968 υἱὸν
2631 911 2924 986 Θεοφίλου

1592 980 1689 1033 ἐπὶ
1751 982 2001 1051 διαϐολῇ
2056 981 2167 1049 τῆς
2203 981 2321 1036 τῶν
2364 980 2757 1050 Χριστιανῶν’
2792 990 3072 1056 πίστεως.

1669 1206 2069 1270 EIUSDEM
2112 1210 2461 1273 ΝΙΟΕΤίΕ
2508 1210 2992 1274 ΒΓΖΑΝΤΙΝΙ

1039 1330 1372 1407 Ea'positio
1424 1330 1917 1392 demonstrativa.
1949 1332 2300 1413 Christiani
2325 1334 2658 1413 dogmatis,
2700 1352 2780 1393 ex
2809 1331 3235 1393 communibus
3264 1333 3647 1407 notionibus,

1935 1420 1990 1471 et
2029 1412 2359 1473 dialectica
2388 1412 2701 1485 met/tudo,

1314 1506 1384 1546 ac
1414 1487 1812 1549 naturalibus
1842 1493 2250 1571 argumentis;
2291 1502 2345 1551 et
2368 1491 2750 1571 syllogistico
2788 1492 3059 1571 artiﬁcio
3108 1491 3396 1553 deducta.

1710 1570 1865 1649 Item
1896 1570 2198 1649 refutatio
2227 1570 2659 1647 Agarenorum
2686 1570 2959 1649 episton

722 1645 804 1705 ad
833 1644 1198 1705 Michaclem
1245 1648 1702 1724 imperatorem,
1756 1644 2325 1726 Theophiltﬁlium,
2388 1651 2588 1710 missa:
2632 1644 2735 1708 ob'
2763 1647 3173 1709 accusandam
3226 1648 3730 1711 Christianorum
3758 1652 3972 1730 ﬁdem.

795 1859 844 1911 ‘l.
887 1857 1123 1912 DitIicilis
1152 1856 1484 1911 inventionis
1510 1857 1784 1927 negotium
1813 1858 2035 1922 veritas,
2066 1868 2120 1914 et
2145 1861 2289 1929 quod

2464 1866 2534 1915 α’.
2570 1855 2918 1927 Δυσθήρατόν
2966 1876 3018 1911 τι
3055 1856 3243 1928 χρῆμα
3293 1856 3542 1925 ἀλήθεια,
3595 1858 3688 1910 καὶ
3739 1858 3865 1921 τούς
3910 1875 3973 1928 γε

719 1953 955 2021 lynweos
976 1965 1192 2019 quoque
1218 1949 1402 2003 oculos
1424 1949 1593 2002 latere
1611 1959 1785 2017 potest
1808 1968 1821 2016 ;
1867 1950 1971 2005 nisi
2003 1949 2143 2004 forte
2169 1966 2293 2005 cor-

719 2041 983 2111 poralium
1018 2041 1367 2094 tenebrarum
1408 2041 1731 2095 densitatem
1764 2042 1945 2095 anima
1986 2043 2288 2112 dissipans,

719 2140 774 2187 ct
797 2131 1091 2185 connivere
1143 2138 1237 2183 aut
1286 2129 1574 2197 quiescere
1634 2130 1887 2185 sensibus
1939 2132 2289 2200 persuadens,

720 2224 1003 2291 vestigium
1031 2222 1250 2290 aliquod
1287 2221 1463 2290 ipsius
1496 2222 1738 2276 veritatis
1767 2225 2019 2293 persequi
2044 2224 2290 2279 valuerit.

717 2319 877 2370 Certe
911 2315 1157 2384 quandiu
1213 2330 1396 2368 rerum
1436 2313 1802 2368 materialium
1837 2314 1989 2370 fumo
2044 2318 2290 2372 intelleco

723 2408 881 2461 malis
936 2407 1130 2461 oculus
1176 2407 1351 2461 adhuc
1394 2416 1717 2475 occupatur,
1772 2406 1817 2460 is
1874 2407 2087 2462 illarum
2136 2410 2294 2478 quasi

720 2499 1074 2551 acrimoniam
1110 2497 1348 2567 aliquam
1375 2498 1664 2566 experiens
1697 2496 2032 2567 passionem,
2074 2515 2141 2554 ne
2168 2510 2293 2555 ante

723 2590 885 2656 pedes
914 2590 1130 2656 quidem
1153 2589 1424 2657 jacentem
1448 2590 1729 2643 veritatem
1759 2588 1992 2646 fortasse
2013 2602 2289 2663 agnoscet,

723 2684 917 2735 nedum
957 2682 1156 2750 procul
1193 2680 1351 2734 valde
1386 2691 1691 2735 remotam:
1729 2690 1783 2735 et
1803 2690 2008 2751 quanto
2026 2683 2291 2738 acriorem

719 2760 958 2824 materiae
989 2771 1298 2839 experietur
1322 2784 1590 2835 amorem,
1639 2779 1788 2824 tanto
1843 2772 2173 2825 crassiorem
2201 2788 2293 2827 ve-

722 2862 894 2915 ritatis
927 2862 1285 2927 ignorantiam
1313 2856 1568 2926 patietur.
1624 2855 1758 2911 Cum
1801 2872 1929 2927 ergo
1981 2856 2179 2926 duplex
2224 2857 2295 2912 sit

718 2952 962 3005 veritatis
988 2952 1233 3014 scientia,
1281 2950 1449 3003 altera
1483 2949 1625 3003 circa
1681 2957 1987 3003 creaturam
2023 2958 2290 3017 spectata,

719 3046 886 3097 altera
924 3044 1064 3096 circa
1114 3042 1452 3104 Creatorem,
1494 3048 1759 3111 quantum
1792 3040 1933 3094 infra
1975 3040 2290 3095 Creatorem

720 3146 848 3189 sunt
872 3131 1156 3197 creaturae,
1193 3144 1398 3187 tantum
1429 3137 1745 3203 praeminet
1780 3133 2059 3189 Creatoris
2108 3136 2294 3204 Cogni-

2395 1955 2515 2009 λίαν
2540 1953 2920 2019 ὁξυωποῦντας
2953 1952 3135 2005 λαθεῖν
3170 1952 3489 2020 δυνάμενον,
3531 1953 3579 2003 εἰ
3620 1952 3693 2021 μή
3729 1969 3831 2004 που
3861 1952 3974 2020 ἄρα

2394 2051 2573 2105 τέλεον
2620 2050 2716 2103 τοῦ
2759 2046 3077 2119 σωματικοῦ
3107 2046 3259 2100 τοῦδε
3308 2045 3507 2115 γνόφου
3545 2046 3606 2097 τὸ
3654 2046 3824 2115 πάχος
3854 2047 3976 2099 δια-

2397 2145 2602 2215 σχοῦσα
2638 2144 2806 2214 ψυχὴ,
2837 2140 3005 2213 μῦσαι
3043 2142 3076 2211 ἢ
3103 2142 3343 2210 ἀργῆσαι
3371 2137 3467 2201 τὰς
3481 2138 3762 2207 αἰσθήσεις
3791 2155 3971 2191 κατα-

2409 2236 2665 2300 πείσασα,
2706 2236 2884 2305 ἴχνους
2919 2233 3063 2294 τινὸς
3096 2233 3263 2300 αὐτῆς
3297 2230 3581 2300 ἐφικέσθαι
3630 2230 3757 2298 δυνή
3771 2247 3934 2299 σηται
3958 2246 3975 2260 ο

2393 2329 2497 2392 ἓως
2525 2329 2707 2399 μέντοι
2735 2326 2828 2379 τοῦ
2879 2324 3087 2379 καπνοῦ
3127 2322 3235 2376 τῶν
3274 2324 3402 2393 περὶ
3439 2322 3535 2392 τὴν
3567 2321 3699 2391 ὓλην
3726 2324 3754 2375 ὁ
3781 2323 3976 2391 νοητὸς

2395 2421 2477 2473 ἔτι
2504 2419 2970 2489 ἀντιλαμϐάνηται
2998 2416 3296 2486 ὀφθαλμὸς,
3339 2416 3415 2479 ὡς
3442 2415 3692 2485 δρίμυξιν
3726 2415 3827 2483 τὴν
3847 2415 3979 2468 τού-

2393 2527 2502 2564 των
2528 2511 2814 2581 ὑπομένων
2863 2508 3259 2579 προσπαθειαν,
3283 2508 3423 2577 τάχα
3459 2508 3553 2560 καὶ
3594 2508 3700 2577 πρὸ
3732 2507 3842 2558 τῶν
3880 2523 3979 2558 πο·-

2393 2602 2499 2656 δῶν
2537 2602 2798 2673 κειμένην
2825 2602 2923 2654 οὐκ
2972 2599 3357 2667 ἐπιγνώσεται,
3398 2600 3592 2667 μήτιγε
3634 2598 3821 2668 πόρῤω
3870 2614 3979 2650 που

2393 2691 2510 2744 λίαν
2542 2691 2934 2761 ἀπῳκισμένην
2960 2708 2973 2719 ·
3006 2690 3097 2742 καὶ
3135 2691 3257 2741 ὅσον
3298 2689 3362 2741 ἂν
3406 2688 3603 2757 μᾶλλον
3632 2686 3979 2757 δριμυτέρας

2394 2785 2490 2855 τῆς
2520 2784 2722 2837 τούτων
2774 2783 3031 2852 αἴσθηται
3082 2778 3444 2849 ἀντιλήψεως,
3479 2779 3677 2848 μᾶλλον
3713 2782 3813 2843 τὴν
3847 2776 3980 2828 ταύ-

2394 2893 2493 2946 της
2521 2875 2887 2944 ύποστήσεται
2936 2872 3156 2939 ἄγνοιαν
3178 2887 3191 2900 ’
3233 2870 3415 2939 διττῆς
3442 2868 3734 2937 τοιγαροῦν
3764 2885 3977 2935 τυγχα-

2394 2964 2591 3035 νούσης
2619 2967 2810 3037 αύτῆς,
2842 2964 2933 3017 καὶ
2968 2963 3066 3031 τῆς
3093 2963 3191 3032 μὲν
3226 2963 3353 3031 περὶ¹
3381 2962 3479 3031 τὴν
3524 2960 3698 3012 κτίσιν
3734 2959 3981 3030 θεωρου-

2399 3058 2586 3126 μένης,
2648 3057 2745 3126 τῆς
2796 3056 2852 3107 δὲ
2902 3056 3030 3125 περὶ
3057 3055 3147 3106 τὸν
3180 3053 3458 3116 κτίσαντα,
3493 3052 3617 3104 ὅσον
3666 3049 3983 3119 ὑποεέῦηγε

2396 3149 2488 3201 τοῦ
2522 3148 2889 3218 Πεποιηκότος
2919 3148 2986 3199 τά
3015 3145 3324 3213 Κτίσματα,
3355 3141 3605 3196 τοσοῦτον
3640 3141 3983 3211 ύπερελὴλα-

721 3231 815 3281 tio.
850 3229 1027 3293 Quare
1063 3228 1157 3295 qui
1191 3226 1479 3280 ratiocinio
1524 3225 1900 3279 tantummodo
1930 3226 2291 3294 cognitionem

2402 3242 2551 3307 ταιὴ
2594 3210 2904 3309 ἀκραιφνὴς
2953 3237 3046 3291 τοῦ
3088 3210 3457 3306 ΙΙε-ποιηκότος
3489 3210 3815 3301 ἐπίγνωσις·
3852 3232 3983 3285 ὅθεν

722 3336 899 3374 rerum
936 3320 1268 3381 tribuerunt,
1296 3318 1456 3388 longe
1487 3318 1554 3371 ab
1579 3318 1668 3371 illa
1716 3318 2007 3371 recessisse
2029 3317 2299 3386 corniperti

717 3422 865 3468 sunt.
894 3413 960 3465 At
991 3413 1023 3465 ii
1048 3412 1140 3481 qui
1169 3412 1315 3465 omni
1342 3411 1463 3463 vitae
1479 3410 1819 3465 delectationi
1844 3408 2029 3464 nuntio
2048 3410 2298 3474 remisso,

721 3505 879 3559 unice
910 3504 1242 3573 vestigandis:
1279 3502 1522 3557 scientiae
1563 3509 1785 3563 vacant,
1817 3516 2040 3555 manum
2071 3500 2176 3555 illis
2199 3499 2298 3555 ad-

716 3598 969 3665 iutricem
1001 3596 1316 3666 porrigente
1346 3594 1477 3660 Deo,
1507 3603 1559 3649 et
1588 3594 1691 3663 ipsi
1721 3602 1868 3647 certe
1904 3607 2022 3647 eam
2049 3608 2294 3661 compre-

720 3691 1062 3755 liendunt,et
1102 3691 1243 3743 alios
1279 3690 1369 3758 qui
1410 3691 1653 3759 ipsorum
1715 3688 1941 3757 vestigia
2002 3697 2295 3753 sectantur,

718 3786 784 3836 ad
818 3785 1062 3837 eamdem
1092 3796 1239 3837 recto
1284 3798 1447 3836 cursu
1501 3782 1799 3836 deducunt.
1865 3780 2055 3835 Priore
2111 3782 2297 3851 itaque

719 3874 882 3927 modo
901 3875 1048 3927 circa
1082 3889 1177 3928 eos
1208 3875 1301 3943 qui
1330 3874 1514 3926 divina
1548 3879 1808 3927 enarrare
1836 3872 2026 3926 volunt
2056 3873 2295 3935 invento,

719 3964 1014 4017 sinedubio
1034 3965 1310 4017 secundus
1345 3977 1564 4033 quoque
1602 3962 1999 4032 subsequetur;
2032 3962 2298 4017 vicissim-

718 4071 826 4123 que
857 4056 945 4109 hic
982 4071 1087 4109 non
1116 4057 1507 4122 subsequetur,
1540 4054 1646 4107 nisi
1672 4055 1761 4108 ille
1779 4065 2090 4124 compertus
2113 4055 2293 4109 fuerit.

720 4145 777 4199 Si
816 4146 979 4214 igitur
1012 4146 1156 4210 illos,
1190 4146 1283 4213 qui
1311 4160 1434 4199 eum
1458 4145 1749 4199 terminum
1782 4146 2098 4214 attigerunt,
2119 4145 2174 4198 hi
2203 4147 2295 4215 qui

722 4239 1025 4306 ignorantia
1057 4247 1149 4289 aut
1182 4237 1390 4307 ignavia
1418 4246 1668 4291 tenentur
1684 4236 1874 4290 sectati
1902 4235 2130 4303 fuerint,
2152 4237 2293 4292 haud

720 4332 932 4381 minore
948 4344 1111 4397 quam
1132 4328 1205 4381 illi
1224 4328 1541 4382 excellentia
1568 4326 1841 4383 fruentur.
1870 4325 1976 4382 Sed
1992 4328 2127 4383 sine
2150 4328 2296 4384 hunc

721 4420 939 4488 quidem
987 4420 1285 4474 secundum
1327 4435 1570 4484 cursum,
1610 4421 1785 4490 primo
1824 4421 2054 4485 exclusi,
2112 4430 2295 4476 tenere

723 4513 1017 4580 patientur,
1047 4511 1190 4565 haud
1221 4512 1333 4580 jam
1360 4526 1587 4580 prorsus
1620 4512 1994 4580 improbitatis
2031 4514 2293 4567 crimina-

722 4606 925 4657 tionem
953 4605 1122 4659 vitare
1152 4614 1424 4673 poterunt.
1458 4602 1594 4658 Nam
1625 4606 1869 4673 sineque
1901 4605 2020 4659 vita:
2055 4622 2148 4675 per
2174 4622 2292 4659 om-

724 4711 845 4749 nem
884 4696 1136 4749 virtutem
1173 4696 1491 4749 exercendaa
1518 4712 1703 4750 curam
1741 4706 1959 4766 gerunt,
2016 4712 2123 4766 qua
2155 4714 2291 4768 opus

722 4788 860 4842 foret
884 4799 939 4841 ut
959 4789 1023 4841 ad
1051 4799 1252 4841 certam
1282 4788 1371 4842 Dei
1397 4789 1677 4842 scientiam
1704 4790 2081 4858 pervenirent;
2116 4804 2291 4859 neque

722 4880 812 4942 iis,
845 4879 938 4948 qui
967 4879 1111 4932 illam
1157 4880 1538 4943 obtinuerunt,
1576 4880 1988 4948 obtemperant;
2024 4882 2156 4933 solis
2191 4896 2291 4934 au-

724 4980 831 5023 tem
856 4970 968 5023 suis
994 4970 1504 5025 ratiocmationibus
1527 4972 1791 5035 nituntur,
1826 4972 1919 5041 qui
1952 4973 2063 5026 ﬁeri
2090 4983 2287 5042 potest,

725 5069 783 5113 ut
809 5062 951 5131 quod
988 5062 1092 5115 alia
1125 5063 1208 5115 via
1237 5063 1456 5127 incedit,
1491 5064 1593 5132 ipsi
1643 5064 1910 5119 diversam
1942 5066 2291 5119 decurrentes

723 5155 1224 5223 comprehendant?
1264 5154 1642 5209 Verumtamen
1678 5172 1801 5210 vcre
1823 5158 1929 5209 vim
1956 5171 2062 5210 non
2090 5158 2291 5226 patitur

725 5246 955 5299 liberum
981 5247 1290 5299 arbitrium.
1320 5246 1484 5315 Igitur
1508 5248 1633 5316 quia
1660 5257 1712 5299 tu
1735 5248 1906 5317 magis
1921 5258 2094 5315 optas,
2118 5248 2292 5301 erudi-

725 5341 933 5393 tissime
956 5340 1149 5403 amice,
1172 5355 1234 5393 ex
1256 5340 1599 5397 naturalibus
1622 5341 2148 5408 ratiocinationibus,
2172 5357 2293 5410 pro.

725 5433 1022 5500 positarum
1055 5433 1417 5502 quaestionum
1473 5432 2012 5498 demonstrationes;
2062 5434 2111 5486 id
2145 5435 2288 5487 enim

726 5523 1011 5578 manifeste
1037 5526 1267 5594 requirit
1298 5526 1349 5579 in
1385 5527 1503 5596 ipso
1554 5526 1779 5581 exordio
1809 5528 2068 5595 scriptum
2102 5536 2289 5595 tuum;

726 5629 1034 5683 quanquam
1072 5616 1171 5671 hoc
1205 5618 1345 5670 haud
1393 5618 1678 5687 principali
1732 5617 1853 5671 loco
1914 5618 2038 5673 ﬁdei
2094 5629 2296 5673 nostra:

729 5704 866 5758 ratio
916 5720 1037 5759 esse
1074 5707 1225 5772 sinit,
1268 5709 1395 5777 quia
1465 5723 1682 5762 onmem
1720 5718 1987 5771 mentem,
2047 5726 2153 5762 non
2197 5712 2294 5763 liu-

727 5809 943 5853 manant
977 5800 1378 5866 tantummodo,
1407 5815 1592 5855 verum
1627 5801 1788 5857 etiam
1813 5801 2112 5870 angelicam
2154 5800 2291 5855 Deus

2402 3334 2515 3385 ὅσοι
2548 3332 2828 3401 λογισμοῖς
2863 3331 3040 3401 μόνοις
3068 3330 3165 3401 τὴν
3199 3330 3416 3382 πάντων
3447 3328 3647 3394 γνῶσιν
3682 3326 3979 3389 ἀπέδοσαν,

2404 3422 2593 3493 πόρρω
2654 3439 2756 3474 που
2803 3421 3008 3492 ταύτης
3042 3420 3367 3491 ἐληλακότες
3413 3418 3716 3489 εὑρέθησαν
3738 3435 3750 3446 ·
3774 3418 3889 3470 ὅσοι
3919 3417 3981 3469 δὲ

2403 3515 2552 3585 πάσῃ
2582 3517 2647 3583 τῇ
2673 3512 2814 3566 κατά
2845 3513 2957 3582 βίον
2989 3512 3242 3585 ῥᾳστώνῃ
3294 3512 3505 3581 χαίρειν
3536 3510 3803 3572 εἰπόντες,
3838 3507 3981 3577 πρὸς

2405 3606 2572 3675 μόνην
2606 3606 2703 3675 τὴν
2727 3604 2927 3674 ταύτης
2960 3605 3187 3674 ἔρευναν
3220 3601 3649 3673 ἀπησχόληνται,
3681 3600 3781 3669 τῆς
3827 3598 3984 3661 θείας

2400 3700 2584 3760 αὐτοῖς
2647 3697 3029 3766 ὲπαμυνούσης
3115 3696 3315 3766 χειρὸς,
3384 3693 3536 3748 αύτοί
3596 3710 3655 3746 τε
3719 3691 3983 3760 ἀσφαλῶς

2400 3791 2800 3859 κατειλήφασι·
2861 3790 2955 3843 καὶ
2998 3790 3125 3852 τοὺς
3174 3788 3394 3842 ἐκείνων
3437 3784 3982 3846 κατακολουθοῦντας

2399 3884 2509 3945 τοῖς
2540 3883 2732 3951 ἴχνεσι,
2758 3881 2893 3951 πρὸς
2924 3879 3094 3949 αὐτὴν
3130 3879 3475 3950 εὐθυδρόμως
3502 3875 3980 3947 ὲχειραγώγησαν.

2399 3972 2507 4025 Τοῦ
2546 3974 2723 4025 τοίνυν
2781 3971 2997 4042 πρώτου
3061 3972 3264 4043 τρόπου
3320 3972 3450 4042 περὶ
3479 3972 3605 4033 τοὺς
3631 3971 3699 4023 τὰ
3728 3969 3847 4023 θεῖα
3908 3968 3983 4020 δια

2396 4064 2681 4133 αγορεύειν
2720 4062 3074 4134 βουλομένους
3124 4065 3545 4134 εὑρισκομένου,
3592 4061 3983 4131 ἀναμφιϐόλως

2398 4155 2494 4208 καὶ
2548 4156 2576 4207 ὁ
2626 4154 2876 4225 δεύτερος
2906 4156 3123 4224 ἕψεται·
3159 4156 3258 4225 οὐχ
3283 4155 3473 4225 ἕψεται
3501 4155 3575 4219 δὲ,
3616 4154 3690 4224 μὴ
3718 4153 3983 4220 φαινομέ-

2401 4262 2492 4299 νου
2515 4246 2744 4299 ὲκείνόυ.
2769 4247 2947 4316 Μέχρι
2981 4246 3078 4316 μὲν
3107 4246 3198 4299 οῦν
3227 4250 3339 4310 τοῖς
3377 4239 3479 4300 ὧδέ
3503 4263 3577 4316 πη
3613 4243 3984 4312 καταφθάσαο

2400 4354 2484 4391 σιν
2518 4337 2567 4389 οί
2602 4338 2794 4408 ἀγνοίᾳ
2832 4340 2929 4391 καὶ
2982 4338 3223 4408 ῥαθυμίᾳ
3269 4337 3670 4407 κεκρατημένοι
3703 4335 3983 4403 παρέπον-

2398 4446 2511 4495 ται,
2540 4428 2692 4481 οὐδὲν
2722 4423 2882 4499 ἧττον
2922 4431 3019 4497 τῆς
3056 4430 3228 4499 αὐτῆς
3278 4430 3505 4492 ἐκείνοις
3534 4428 3806 4496 θειότητος
3838 4432 3981 4481 ἁπο-

2401 4520 2719 4575 λαύσονται’
2787 4523 3021 4593 ὁπηνίκα
3074 4523 3129 4576 δὲ
3177 4523 3311 4594 μηδὲ
3373 4522 3466 4576 τὸν
3505 4522 3755 4592 δεύτερον
3782 4521 3980 4583 πλοῦν,

2398 4612 2794 4681 ἁναῦληθέντος
2825 4614 2918 4665 τοῦ
2960 4613 3198 4683 πρώτου,
3262 4614 3615 4684 μεταδιώκειν
3667 4613 3976 4680 ἀνέχονται,

2398 4704 2580 4757 οὐκέτι
2605 4723 2705 4757 που
2738 4706 2950 4768 πάντως
2984 4706 3043 4758 τὸ
3067 4706 3165 4775 τῆς
3197 4706 3533 4776 κακουργίας
3565 4706 3819 4775 ἔγκλημα
3851 4705 3977 4759 δια-

2402 4796 2598 4863 δρᾶναι
2627 4796 2967 4863 δυνήσονται.
3028 4799 3091 4850 Εί
3138 4799 3246 4868 γὰρ
3295 4799 3409 4868 βίου
3458 4800 3555 4869 μὲν
3595 4799 3977 4867 ἐξησκημένοι)

2399 4890 2658 4959 φροντίδα
2708 4892 2768 4944 ού
2833 4891 3095 4955 τίθενται,
3150 4893 3224 4956 ὡς
3269 4894 3333 4946 ἂν
3362 4894 3439 4956 εἰς
3474 4893 3535 4944 τὸ
3580 4894 3675 4960 τῆς
3700 4893 3977 4956 ἀπλανοῦς

2400 4981 2729 5050 θεογνωσίας
2759 4984 3151 5052 καταφθάσωσι
3206 4985 3424 5055 μέτρον,
3462 4988 3572 5048 τοῖς
3604 5003 3663 5037 τε
3713 4986 3979 5055 κατειλη-

2399 5074 2554 5141 φόσιν
2617 5076 2678 5126 ού
2741 5077 3186 5140 καταπείθονται,
3250 5080 3430 5146 μόνοις
3478 5078 3534 5131 δὲ
3584 5081 3691 5139 τοῖς
3752 5079 3979 5142 οἰκείοις

2399 5164 2769 5232 ἐπερείδονται
2819 5167 3122 5236 λογισμοῖς,
3171 5170 3335 5222 πόθεν
3383 5169 3474 5222 τοῦ
3530 5172 3596 5222 δι’
3637 5170 3803 5239 ἄλλης
3850 5171 3977 5224 (δδοῦ

2398 5252 2804 5323 λαμϐανομένου
2876 5258 3067 5326 ἑτέραν
3118 5260 3493 5328 ἐπιτρέχοντες
3526 5259 3973 5327 καταλήψονταις

2400 5344 2541 5412 πλὴν
2572 5345 2829 5397 ἁ6ίαστον
2854 5343 3067 5417 ἀληθῶς
3099 5349 3155 5400 ὲν
3188 5350 3323 5401 πᾶσι
3366 5350 3427 5402 τὸ
3458 5347 3821 5413 αὐτεξούσιον.
3853 5350 3975 5405 Τοι-

2398 5436 2602 5505 γαροῦν
2649 5439 2835 5509 ἐπειδὴ
2891 5443 3109 5511 φροντὶς
3169 5442 3368 5510 μᾶλλον
3420 5445 3484 5511 τῇ
3526 5443 3799 5513 λογιότητί
3851 5461 3971 5509 σου,

2398 5530 2825 5599 πολυπειρότατε
2854 5534 2996 5601 φίλε,
3034 5535 3146 5596 τοῖς
3195 5536 3258 5585 ἐκ
3297 5532 3511 5603 φύσεως
3556 5534 3838 5603 λογισμοῖς
3864 5537 3973 5589 τῶν

2396 5623 2630 5693 αἱρετῶν
2658 5625 2756 5687 τὰς
2815 5626 3118 5690 ἀποδείξεις
3166 5627 3602 5680 καθυποὸἁλλειν
3627 5644 3641 5657 ·
3672 5627 3833 5679 τοῦτο
3862 5629 3972 5698 γὰρ

2391 5715 2450 5765 τὸ
2484 5716 2574 5767 σὺν
2612 5717 2799 5784 σαφῶς
2840 5721 3173 5789 παρίστησιν
3208 5721 3263 5773 ἐν
3295 5720 3602 5790 προοιμίοις
3634 5722 3891 5791 γράμμα,
3923 5722 3971 5773 εί

2391 5807 2483 5859 καὶ
2541 5808 2615 5878 μὴ
2666 5809 2824 5864 τοῦτο
2864 5815 3295 5883 προηγουμένως
3337 5816 3364 5866 ὁ
3412 5814 3511 5883 τῆς
3548 5813 3668 5868 καθ’
3705 5816 3853 5883 ἡμᾶς
3883 5813 3971 5868 πί-
