4168 6450
245 414 358 484 809
1372 414 1801 476 REFUTATIO

1864 415 2338 477 MOHAMEDIS.

3375 418 3477 483 8l0

248 541 421 587 στεως
453 524 739 594 ἐπιτρέπει
771 527 929 596 λόγος
958 527 1047 581 διὰ
1076 525 1136 579 τὸ
1182 525 1359 597 πάσης
1385 528 1590 590 ἑννοίας
1613 528 1674 581 οὑ
1716 528 1787 596 μό

1923 527 2171 589 excedit;
2212 529 2287 581 tui
2317 536 2496 580 tamen
2525 527 2719 594 gratia,
2746 534 2872 579 ante
2901 528 3081 579 omnia
3118 541 3180 578 ev
3239 527 3341 582 hoc
3365 544 3481 579 ser-

243 634 332 666 νον
360 616 709 687 ἀνθρωπίνης
737 621 870 673 ἀλλὰ
902 620 997 673 καὶ⁹
1054 618 1354 689 ἀγγελικῆς
1388 620 1736 690 ὑπερϐαίνειν
1758 619 1818 673 τὸ

239 710 415 771 Θείον,
448 710 547 777 σῆς
599 710 761 764 ἕνεκα
808 714 1048 783 χάριτος,
1085 713 1300 784 πρῶτον
1342 711 1442 781 μὲν
1472 714 1535 765 ἐκ
1558 712 1815 766 τοιούτων

238 797 417 864 λόγων
444 804 985 866 κατασκευαστικῶς,
1016 804 1139 856 ὅσον
1189 803 1332 856 κατὰ.
1381 802 1441 856 τὸ
1467 802 1694 856 δυνατὸν
1717 802 1815 871 τὴν

237 904 305 938 πε
318 892 370 956 ρὶ
397 890 457 941 τὸ
479 891 632 944 Θεῖον
678 894 835 961 ήμῶν
873 893 1029 957 δόξαν
1081 894 1389 963 ὲκθέμενοι,
1414 895 1476 946 τὸ
1509 893 1810 963 τηνικαῦτα

234 980 345 1031 τῶν
385 982 496 1033 σῶν
523 984 927 1054 προϐλημάτων
964 988 1063 1055 τὴν
1110 987 1383 1057 ἡμετέραν
1417 986 1810 1038 διαϐαλλόντων

235 1072 538 1142 θρησκείαν
583 1076 993 1147 ἐπισκεψόμεθα
1019 1078 1117 1148 τὴν
1144 1078 1295 1147 ἰσχύν
1321 1092 1334 1105 ⁸
1365 1076 1601 1147 ἄρξομαι
1640 1075 1685 1127 δ’
1724 1078 1810 1129 εν-

230 1161 427 1216 τεῦθεν
457 1180 473 1193 ⁸

1929 620 2108 674 monis
2132 634 2354 687 genere.
2389 618 2813 673 demonstrative
2842 630 3104 686 quantum
3141 620 3252 672 ﬁeri
3308 630 3485 687 potest

1922 720 2161 765 nostram
2193 712 2260 765 ad
2320 710 2429 762 Deo
2480 711 2800 764 sententiam
2834 724 3168 779 exponemus
3206 728 3218 761 :
3253 727 3487 778 moxque

1921 810 2366 870 argumentorum
2395 810 2608 855 tuorum
2662 803 2976 872 religionem
3036 814 3270 856 nostram
3309 819 3484 871 oppu-

1920 894 2201 959 gnantium
2236 895 2343 947 vim
2399 894 2814 963 perpendemus.
2860 894 2998 950 llinc
3048 905 3228 950 autem
3264 898 3477 951 initium

1923 985 2138 1039 dicendi
2168 986 2381 1040 faciam.

319 1317 983 1395 Nicetas‘abhincrepetit
1021 1324 1402 1395 longautisttaut
1438 1323 1703 1393 religionis
1735 1323 2053 1395 Christiana:
2082 1324 2600 1387 demonstrationem,
2664 1342 2824 1390 quam
2856 1327 2908 1379 in
2950 1326 3272 1389 pm'cedente
3330 1342 3480 1394 opere

229 1392 518 1457 scripserat
553 1392 627 1459 (in
672 1394 1141 1465 editioue_nostra
1168 1394 1273 1465 col.
1328 1394 1432 1448 575
1452 1464 1459 1465 ί
1482 1392 1640 1461 usque
1666 1394 1746 1465 ad
1771 1395 1795 1447 7

1914 1412 1927 1458 ;
1964 1411 2141 1461 nempe
2175 1409 2194 1446 :
2232 1395 2294 1445 '0
2318 1394 2630 1464 πάνσοφος
2659 1397 2755 1450 καὶ
2794 1396 3120 1465 φιλάγηοος
3149 1415 3201 1449 κ.
3237 1413 3286 1449 τ.
3310 1392 3482 1448 λζδό-

228 1475 349 1534 γμα
379 1464 866 1534 κατεσκεύασενι
903 1461 1355 1531 Sapientissimus
1379 1475 1430 1517 et
1451 1464 1707 1534 bonitatis
1750 1476 1964 1518 amator
1998 1473 2129 1525 etc.,
2177 1465 2372 1534 dogma
2417 1461 2810 1534 comprobavit}
2850 1461 3187 1521 amittantur
3216 1477 3392 1520 tamen
3428 1469 3481 1522 in

228 1532 330 1581 hac
367 1533 669 1599 repetitione
698 1533 799 1586 loci
834 1533 938 1585 duo
959 1534 1153 1598 breves,
1182 1548 1361 1605 nempe
1385 1534 1455 1605 de
1482 1532 1787 1587 Mahamede
1817 1534 1921 1589 col.
1951 1536 2074 1605 689.
2110 1543 2158 1587 et
2201 1532 2334 1587 alter
2357 1538 2420 1587 de
2439 1532 2695 1605 Aga‘rcnis
2720 1537 2825 1590 col.
2858 1536 2995 1602 097,-
3023 1539 3177 1605 idque
3199 1538 3483 1603 cup/tentia,»

226 1617 432 1663 causa,
494 1613 566 1678 ut
603 1611 763 1678 puto,
810 1605 1121 1678 ue_anticus
1178 1601 1614 1678 Maltamedanus,
1673 1605 1743 1657 ad
1798 1621 1948 1678 quem
1978 1604 2199 1678 Nicetes
2235 1601 2902 1678 __scribit,'o/fenderetur.
2964 1601 3303 1678 Nos-itaque
3359 1616 3477 1666 uni-

226 1686 437 1747 reﬂant
504 1672 658 1726 illaut
702 1673 1019 1728 Christiania
1070 1673 1328 1745 analogiae
1371 1684 1574 1745 partem
1629 1672 1965 1744 repetendam
2015 1692 2116 1729 non
2141 1675 2525 1743 judicavimus,
2577 1672 2701 1745 quia
2749 1678 2862 1747 iam
2895 1678 2949 1730 in
2982 1672 3248 1733 volumine
3297 1690 3478 1735 nostra

222 1742 526 1809 proﬂabat.

300 1876 369 1948 β’.
410 1877 615 1947 Καιρδς
671 1877 775 1949 ήδη
827 1877 1014 1931 λοιπὸν
1062 1880 1158 1934 καὶ
1202 1878 1301 1945 τὰς
1348 1879 1407 1933 ὲν
1458 1879 1534 1951 τῷ
1561 1879 1639 1950 σῷ
1669 1895 1795 1948 συγ-

1974 1878 2030 1932 2.
2074 1877 2309 1947 Tempus
2334 1889 2413 1934 est
2441 1890 2500 1935 ut
2542 1880 2796 1951 deinceps
2829 1883 3238 1938 consideremus
3290 1901 3356 1938 an
3382 1901 3475 1939 ae-

218 1972 515 2042 γράμματι
548 1972 805 2036 διαϐολὰς
832 1973 973 2028 κατά
1002 1974 1103 2043 τῆς
1150 1974 1427 2044 ἡμετέρας
1458 1974 1715 2039 πίστεως,
1752 1974 1800 2028 εἰ

218 2065 531 2128 εὐθυϐόλως
584 2065 820 2135 ἔχουσιν,
868 2066 1308 2137 ὲπισκέψασθαν
1359 2068 1598 2139 ἄρξομαι
1629 2068 1685 2122 δὲ
1715 2070 1802 2122 ὲν-

218 2158 415 2210 τεῦθεν
442 2172 456 2185 ⁸
504 2158 657 2229 Ἔχει
703 2158 761 2212 τὺ
793 2159 886 2213 σὺν
906 2158 1144 2231 γράμμα
1171 2157 1343 2224 οὕτως
1369 2176 1381 2189 ⁸
1414 2178 1433 2211 ι
1462 2160 1571 2213 Καὶ
1603 2159 1802 2213 ἔδωκεν

216 2253 246 2303 ό
273 2252 411 2313 Θεὸς
441 2252 647 2318 αὐτοῖς,
673 2252 916 2322 δηλονότι
943 2254 1055 2315 τοῖς
1082 2252 1144 2324 δη
1155 2253 1567 2322 μιουργηθεῖσιν
1592 2252 1800 2322 ἀνθρὼ-

217 2360 367 2405 ποις,
403 2342 531 2395 νοῦν
560 2341 654 2397 τοῦ
706 2342 997 2411 γινώσκειν
1045 2344 1126 2397 ὅτι
1176 2347 1208 2413 ή
1264 2344 1594 2413 δημιουργία
1626 2361 1799 2413 κεχω-

217 2436 458 2505 ρισμένη
500 2435 642 2495 ἐστὶ,
679 2437 773 2489 καὶ
826 2437 1017 2509 πόρρω
1066 2437 1343 2505 ἀφέστηκε
1377 2437 1476 2505 τῆς
1528 2436 1661 2504 πρὸς
1709 2435 1800 2486 τὸν

216 2526 569 2596 Δημιουργδν
594 2526 914 2599 ὁμοιότητος
941 2544 957 2560 ⁸
1012 2527 1107 2580 καὶ
1139 2528 1223 2579 ὅτι
1255 2528 1362 2580 πᾶν
1390 2527 1605 2597 ποίημα
1622 2527 1800 2587 ἐνδεές

218 2620 338 2671 ἐστι
380 2618 478 2671 τοῦ
532 2620 880 2688 ποιήσαντος.
927 2638 944 2669 t
984 2618 1154 2671 Τοῦτο
1206 2618 1465 2689 σύμφημι
1514 2619 1689 2685 κάγὼ,
1719 2619 1798 2672 ὅτι

216 2713 327 2763 πᾶν
356 2712 767 2780 παραγόμενον,
802 2710 1086 2781 ἀλλότριόν
1109 2712 1226 2764 ἔστι
1256 2711 1358 2779 τῆς
1387 2708 1678 2774 οὐσιώδους
1701 2709 1797 2763 τοῦ

216 2804 565 2873 παράγοντος
594 2803 912 2872 ὁμοιότητος
942 2817 956 2832 ⁸
1004 2802 1085 2856 διὸ
1120 2804 1213 2855 καὶ
1246 2802 1320 2864 ὡς
1370 2801 1797 2871 ὡμολογημένον

215 2895 311 2948 καὶ
348 2895 482 2964 παρ’
515 2894 670 2965 ήμῶν
694 2894 936 2965 εἰλήφθω
956 2910 968 2923 ⁸
1026 2892 1147 2947 εἶτα
1199 2893 1261 2946 τὸ
1291 2893 1416 2964 ἑξῆς
1446 2893 1640 2947 τούτου
1676 2910 1798 2945 συν-

213 2987 527 3056 απτόμενον
555 2988 616 3040 τὸ
644 2987 822 3055 λέγον,
859 2988 941 3040 ὅτι
977 3006 995 3038 ι
1043 2985 1317 3050 Ἕκαστος
1350 2988 1631 3058 γεννήτωρ
1660 2986 1797 3056 πρό-

210 3082 373 3149 τερός
394 3082 510 3133 ἐστι
535 3078 630 3131 τοῦ
652 3078 855 3131 οἰκείου
886 3079 1251 3148 γεννήματος.
1288 3097 1307 3129 t
1360 3077 1487 3131 Ἐπί
1521 3093 1576 3129 τι
1606 3077 1707 3145 μὲν
1735 3078 1797 3130 τὸ

212 3170 417 3239 ἀληθὲς
449 3170 562 3239 ἔχει
603 3170 787 3233 ἁπλῶς
816 3169 1105 3239 τιθέμενον
1132 3186 1146 3201 ⁸
1188 3169 1283 3222 ἐπί
1309 3187 1360 3221 τι
1383 3170 1439 3222 δὲ
1472 3169 1533 3223 τὺ
1566 3168 1793 3238 ψεῦδος·

1910 1972 2221 2028 cusationes
2254 1988 2374 2043 quae
2414 1973 2467 2027 in
2501 1982 2594 2028 tuo
2612 1975 2815 2044 scripto
2864 1976 3129 2030 adversus
3191 1976 3348 2030 ﬁdem
3385 1994 3475 2030 no-

1910 2075 2080 2121 stram
2124 2067 2278 2129 ﬁunt,
2320 2075 2464 2122 recte
2495 2082 2553 2122 se
2590 2068 2845 2122 habeam.
2882 2068 3019 2123 llinc
3040 2085 3169 2139 ergo
3195 2072 3472 2125 exordiar.

1908 2158 1965 2212 In
1994 2156 2201 2227 scripto
2224 2170 2316 2212 tuo
2346 2159 2425 2213 sic
2454 2160 2649 2229 legitur
2680 2178 2693 2213 :
2726 2179 2743 2210 ι
2784 2160 2937 2214 Dedit
2964 2163 3029 2215 iis
3082 2162 3244 2225 Deus,
3286 2165 3337 2218 id
3390 2175 3475 2219 est

1907 2250 2107 2303 creatis
2130 2250 2462 2315 hominibus,
2490 2261 2720 2306 mentem
2744 2253 2807 2305 ad
2838 2256 3299 2323 «ignoscendum,
3320 2272 3473 2309 crea—

1908 2350 2083 2393 turam
2114 2340 2384 2394 diversam
2410 2358 2533 2397 esse
2558 2345 2856 2413 proculque
2908 2346 3112 2401 distare
3143 2363 3172 2402 a
3210 2350 3471 2404 similitu-

1907 2432 2034 2487 dine
2074 2448 2195 2487 cum
2250 2432 2546 2502 Creatorc;
2598 2448 2650 2490 et
2700 2453 2810 2491 rem
2863 2437 3060 2493 factam
3134 2441 3291 2511 longe
3352 2459 3475 2496 esse

1908 2522 2224 2578 inferiorem
2286 2523 2510 2581 factore.
2563 2546 2580 2578 ι
2616 2526 2729 2582 lloc
2776 2539 2829 2584 et
2859 2546 2960 2599 ego
3012 2532 3275 2593 concedo,
3328 2538 3472 2603 quod

1907 2632 2100 2687 nempe
2133 2618 2457 2686 productum
2491 2620 2760 2673 diversum
2793 2623 2919 2675 sita
2973 2622 3317 2678 substantia”
3356 2642 3475 2693 pro-

1904 2710 2158 2765 ducentis
2200 2710 2578 2765 similitudine.
2615 2712 2797 2777 Quare
2837 2713 2937 2767 hoc
2970 2725 3227 2783 tanquam
3258 2732 3287 2770 a
3317 2718 3474 2773 nobis

1906 2816 2125 2872 quoque
2149 2803 2459 2857 confessum
2512 2804 2792 2859 habeatur.
2827 2805 3031 2860 Deinde
3062 2807 3307 2875 Sequitur
3341 2825 3473 2863 con-

1906 2908 2045 2947 nexa
2076 2893 2347 2948 sententia
2385 2894 2464 2947 sic
2492 2911 2503 2945 :
2541 2911 2557 2942 ι
2594 2892 2788 2949 Omnis
2816 2895 3032 2965 genitor
3058 2897 3205 2968 prior
3227 2908 3306 2952 est
3344 2914 3472 2967 pro-

1905 2986 2025 3055 prio
2078 2986 2372 3055 genintine.
2433 3005 2451 3037 ι
2514 2985 2627 3039 lloc
2674 2986 2741 3041 de
2798 2988 2979 3057 aliqua
3039 3006 3096 3043 re
3146 2989 3469 3058 simpliciter

1904 3077 2136 3142 dictum,
2196 3092 2320 3130 vere
2377 3092 2436 3131 se
2495 3078 2656 3131 habet
2689 3096 2701 3130 :
2732 3078 2799 3132 de
2849 3079 2951 3131 alia
3011 3090 3189 3133 tamen
3238 3081 3469 3146 dictum,

1904 3165 2104 3220 falsum
2136 3176 2255 3221 est:
2292 3175 2345 3220 et
2367 3167 2493 3237 quia
2536 3168 2639 3221 hoc
2679 3166 2789 3222 Deo
2815 3178 3134 3224 extraneum
3166 3180 3270 3235 est,
3298 3188 3396 3225 nec
3417 3172 3468 3225 in

215 3264 312 3315 καὶ
336 3264 419 3315 ὅτι
445 3264 539 3314 ἐπὶ
559 3262 692 3315 Θεοῦ
726 3262 1004 3331 ἀλλότριόν
1037 3263 1153 3315 ἐστι
1181 3262 1277 3315 καλ⁸
1304 3260 1489 3331 χώραν
1527 3262 1627 3315 οὐκ
1660 3262 1793 3332 ἔχει,

1901 3272 1968 3313 eo
2020 3259 2199 3313 locum
2257 3260 2439 3326 habet,
2494 3261 2546 3314 id
2587 3276 2689 3329 ego
2738 3277 2913 3330 neque
2961 3262 3243 3317 admittam
3296 3279 3471 3333 neque

210 3354 337 3407 οὗτε
366 3354 724 3423 ἀποδέξομαι,
785 3353 906 3407 οὔτε
948 3354 1301 3424 ὁμολογήσω·
1351 3353 1557 3422 ἐλέγξω
1594 3354 1671 3419 δὲ,
1698 3356 1794 3407 καὶ

212 3450 268 3498 ἑν
299 3440 383 3507 οἷς
408 3444 595 3515 χώραν
625 3444 739 3514 ἔχει
787 3446 1130 3516 παραστήσω
1151 3462 1167 3477 ⁸
1194 3444 1356 3498 τοῦτο
1392 3440 1486 3498 οὖν
1519 3446 1583 3498 σὺ
1612 3442 1793 3499 λαϐὼν

210 3542 285 3606 ὡς
324 3545 774 3615 ὡμολογημένον,
824 3546 1000 3608 δοκεῖς
1034 3544 1134 3614 μὲν
1190 3545 1338 3615 ἡμᾶς
1384 3543 1789 3616 παρακρούειν,

210 3639 328 3706 ἦτοι
354 3640 431 3701 είς
467 3637 559 3689 τὸν
588 3638 687 3705 τῆς
740 3637 1154 3707 ὁμοουσιότητος
1182 3636 1362 3704 λόγον,
1398 3636 1431 3705 ἢ
1464 3639 1544 3699 είς
1567 3638 1669 3706 τὴν
1696 3634 1792 3687 τοῦ

208 3728 539 3794 γεννήτορος
597 3727 691 3778 καὶ¹
720 3726 1057 3793 γεννήματος
1086 3725 1301 3794 σχέσιν⁸
1352 3726 1448 3777 καὶ
1482 3723 1621 3787 πῶς,
1654 3724 1786 3794 ἐρῶ.

222 3818 415 3886 Ἥμῶν
444 3819 554 3885 γὰρ
596 3815 1007 3885 ὁμολογούντων
1045 3815 1441 3885 όμοουσιότητα
1467 3814 1563 3867 καὶ
1597 3814 1789 3867 ταυτόο

208 3927 347 3978 τητα
380 3907 476 3961 τοῦ
538 3925 595 3961 τε
655 3908 866 3977 Πατρὸς
897 3908 988 3960 καὶ
1027 3906 1179 3968 Υίοῦ,
1214 3908 1303 3959 καὶ
1336 3906 1428 3959 τὸν
1466 3906 1563 3977 μὲν
1603 3906 1676 3968 ὡς
1701 3922 1791 3974 γε-

212 4001 515 4068 γεννηκότα
545 3999 760 4063 Πατέρα
787 3999 1090 4063 καλεῖσθαι,
1128 3998 1219 4050 τὸν
1244 3998 1300 4051 δὲ
1353 3998 1428 4060 ὡς
1460 3997 1791 4067 γεγεννημέ-

210 4111 299 4145 νον
342 4093 494 4156 Υίδν,
561 4090 741 4143 λαῦὼν
773 4092 838 4143 σὺ
878 4092 942 4143 ὲκ
997 4090 1105 4142 τῶν
1153 4089 1275 4142 καθ’
1318 4091 1466 4159 ἡμᾶς
1490 4089 1709 4158 ἀξίωμα
1729 4088 1790 4139 τὸ

209 4186 391 4253 λέγον,
428 4186 508 4238 ὅτι
540 4201 557 4234 ι
599 4182 868 4244 ’Ἕκαστος
906 4182 1188 4251 γεννήτωρ
1236 4179 1497 4251 πρότερός
1533 4181 1649 4232 ἐστι
1693 4178 1789 4231 τοῦ

208 4278 410 4331 οἰκείου
428 4276 785 4344 γεννήματος·
812 4291 830 4324 t
856 4274 948 4326 ita).
979 4271 1136 4326 τοῦτο
1164 4272 1257 4324 ἐπὶ
1276 4273 1372 4341 τῆς
1401 4271 1549 4334 θείας
1572 4271 1787 4340 φύσεως

210 4369 400 4431 κακῶς
454 4367 811 4434 ὲπισυνάῲας.
843 4368 981 4436 ὅπερ
1026 4365 1227 4433 μᾶλλον
1283 4367 1375 4417 ἐπὶ
1419 4363 1658 4433 γενητῆς
1694 4364 1787 4417 καὶ

209 4461 436 4529 κτιστῆς
461 4459 673 4526 φύσεως
731 4456 912 4527 χώραν
942 4457 1075 4527 ἔχει,
1110 4456 1201 4510 ἐπὶ
1229 4455 1286 4509 δὲ
1312 4454 1447 4509 Θεοῦ
1480 4456 1580 4507 οὐκ
1611 4454 1785 4525 Eppu-

208 4571 295 4606 ται
328 4553 447 4621 (καὶ
476 4551 582 4620 γὰρ
614 4551 787 4603 πολλὰ
812 4551 936 4620 μὲν,
974 4552 1070 4602 καὶ
1102 4551 1151 4601 εί
1191 4548 1297 4619 χρὴ
1324 4547 1554 4617 τάληθὲς
1590 4547 1786 4610 εἰπεῖν,

209 4647 420 4714 ἄπειρα
448 4645 532 4713 ἐφ’
570 4644 730 4713 ήμῶν
757 4643 943 4713 χώραν
975 4645 1107 4711 ἔχει,
1144 4642 1235 4693 ἐπὶ
1256 4642 1312 4693 δὲ
1341 4640 1479 4693 Θεοῦ
1509 4638 1790 4701 παντελῶς

206 4735 467 4806 ἀλλότρια
493 4737 653 4804 ἐστι),
677 4736 835 4787 τοῦτο
860 4730 954 4787 οὖν
978 4734 1049 4787 ὼε
1080 4733 1277 4802 ἀληθὲς
1304 4733 1394 4785 ἐπὶ
1428 4731 1563 4783 Θεοῦ
1588 4729 1791 4796 λαὸὼν,

207 4820 309 4880 ὧδέ
342 4843 461 4888 πως
500 4826 750 4893 συνάγεις
775 4841 789 4855 ⁸
841 4825 903 4877 El
931 4824 1159 4891 ξκαστος
1210 4824 1489 4892 γεννήτωρ
1523 4822 1793 4891 πρότερός

209 4921 326 4972 ἐστι
350 4919 445 4971 τοῦ
475 4918 681 4970 οἰκείου
712 4918 1071 4987 γεννήματος,
1096 4916 1195 4967 οὐκ
1240 4914 1435 4966 {arato
1470 4915 1601 4984 παρ’
1635 4912 1795 4983 ήμῶν

214 5012 607 5079 πιστευόμενος
639 5010 767 5073 Υἱὸς
807 5009 885 5081 τῷ
926 5008 1099 5079 [la-cpi
1146 5006 1414 5068 συναΐδιός
1442 5022 1502 5058 τε
1532 5006 1626 5059 καὶ
1654 5007 1786 5076 όμο-

212 5105 406 5166 οῦσιος
437 5119 449 5131 ⁸
478 5103 528 5155 εί
574 5103 617 5154 δ’
667 5098 732 5155 αὖ
770 5102 930 5156 πάλιν
974 5098 1243 5162 συνατδιος
1279 5100 1307 5151 ό
1334 5098 1462 5160 Υἱὸς
1490 5097 1566 5167 τῷ
1590 5098 1786 5169 Πατρὶ,

212 5196 413 5267 ἀληθὲς
440 5194 500 5248 δὲ
552 5194 613 5247 τὸ
632 5193 810 5262 λέγον,
847 5211 866 5244 t
900 5192 1169 5255 Ἕκαστος
1197 5190 1481 5259 γεννήτωρ
1525 5188 1788 5259 πρότερός

211 5291 324 5343 ἐστι
378 5286 475 5341 τοῦ
504 5286 706 5340 οἰκείου
753 5284 1128 5355 γεννήματος,
1167 5302 1185 5335 t
1220 5282 1697 5352 καταναγκάζετᾳι
1753 5282 1787 5350 ή

214 5381 395 5451 σχέσις
427 5378 489 5442 ἐξ
522 5377 772 5447 ἀλλήλων
799 5374 1246 5445 διακεχωρίσθαι.

278 5469 352 5541 γ’.
387 5470 561 5523 Οὐδὲν
588 5468 757 5532 ξένον,
776 5462 821 5521 ὦ
858 5468 1122 5536 βέλτιστε,
1152 5466 1270 5529 ἐνδς
1295 5466 1494 5519 ἀτόπου
1525 5463 1789 5529 δοθέντος,

217 5563 390 5633 μυρία
409 5558 639 5630 ἕψεσθαι
673 5575 687 5588 ⁸
724 5560 818 5611 καὶ
843 5558 951 5629 γὰρ
979 5557 1032 5609 ετ
1069 5573 1153 5619 τις
1190 5557 1283 5610 τδν
1315 5555 1603 5625 ἄνθρωπον
1644 5554 1791 5608 λίθον

215 5658 495 5723 ἀξιώσειε,
522 5652 737 5715 πολλοῖς
772 5651 1011 5716 ἀτόποις,
1050 5650 1249 5721 μᾶλλον
1281 5650 1337 5703 δὲ
1383 5647 1632 5717 ἀπείροις
1686 5647 1788 5701 αὑ-

216 5750 306 5799 τὸν
335 5743 662 5812 ὲπισυνάῲει
695 5760 709 5773 ⁸
745 5743 986 5797 τοιοῦτόν
1016 5759 1068 5795 τι
1093 5741 1290 5804 καύτὸς
1333 5739 1643 5811 λημμάτιον
1696 5740 1790 5792 λα-

219 5843 327 5896 6ὼν
357 5843 450 5896 ἐπὶ
474 5840 609 5895 Θεοῦ
628 5842 688 5895 τὸ
708 5840 885 5907 λέγον,
911 5840 992 5892 ὅτι
1019 5857 1037 5890 ι
1068 5839 1338 5901 ’Ἕκαστος
1356 5836 1633 5906 γεννήτωρ
1661 5835 1794 5905 πρό-

502 5937 755 5996 PA'rnOL
832 5935 945 5994 GR.
982 5933 1107 5993 CV.

1902 3351 2221 3406 conﬁtebor.
2260 3352 2404 3418 Quin
2435 3352 2568 3407 adeo
2615 3352 2900 3419 refutabo;
2951 3367 3003 3409 et
3037 3356 3382 3423 quandouam
3416 3357 3467 3410 id

1901 3443 2138 3509 eveniat,
2180 3457 2472 3513 exponam.
2527 3444 2605 3497 Tn
2650 3460 2778 3497 vero
2826 3445 2877 3499 id
2935 3448 3093 3514 quasi
3140 3464 3465 3503 concessum

1900 3550 2143 3599 sumens,
2172 3536 2375 3591 videris
2398 3551 2497 3590 nos
2518 3539 2891 3605 supplantare,
2918 3536 3033 3591 sive
3082 3537 3227 3605 quod
3263 3548 3471 3605 spectat

1899 3629 1967 3683 ad
2030 3629 2619 3684 consubstantialitatis
2680 3630 2965 3689 rationem,
3034 3630 3147 3683 sive
3202 3632 3347 3699 quod
3400 3634 3466 3685 ad

1900 3719 2172 3791 gignentis
2203 3730 2256 3775 et
2291 3721 2456 3791 geniti
2499 3721 2845 3775 relationem.
2905 3720 3075 3787 Cujus
3116 3719 3192 3772 rei
3241 3722 3464 3775 modum

1895 3812 2008 3880 jam
2039 3813 2242 3868 dicam.
2289 3811 2460 3867 Nobis
2517 3812 2662 3865 enim
2712 3811 3100 3866 conﬁtentibus
3150 3807 3363 3866 Patrem
3406 3829 3469 3867 ac

1896 3906 2095 3961 Filium
2126 3922 2287 3961 uuam
2305 3905 2467 3962 simul
2488 3906 2684 3959 habere
2695 3906 3051 3974 eamdemque
3068 3907 3429 3961 substantiam
3454 3924 3467 3967 ;

1898 4008 1952 4053 et
1996 4000 2148 4052 illum
2202 3998 2420 4068 quidem
2476 4007 2533 4051 ut
2579 3999 2908 4067 gignentum,
2972 3999 3186 4052 Patrem
3239 3998 3460 4059 vocari;

1900 4093 2047 4145 hunc
2076 4100 2258 4144 autem
2293 4098 2480 4160 utpote
2510 4091 2775 4159 genitum,
2806 4089 3040 4152 Filium;
3083 4097 3136 4143 tu
3178 4088 3247 4143 ab
3273 4090 3465 4143 huma-

1899 4183 1985 4237 nis
2018 4183 2181 4236 rebus
2212 4183 2426 4236 axioma
2454 4182 2760 4251 sumpsisti,
2810 4181 2955 4251 quod
3000 4181 3095 4243 ait,
3124 4196 3340 4234 omnem
3373 4196 3466 4250 ge-

1898 4275 2135 4333 nitorem
2163 4275 2405 4345 priorem
2440 4289 2564 4328 esse
2598 4274 2820 4344 proprio
2856 4273 3162 4343 genimine;
3194 4272 3354 4341 idque
3400 4272 3467 4325 ad

1897 4368 2138 4422 divinam
2166 4379 2419 4421 naturam
2446 4366 2585 4421 male
2613 4365 2975 4428 transtulisti;
3009 4365 3152 4434 quod
3194 4369 3247 4417 in
3274 4374 3465 4417 natura

1895 4460 2080 4529 ponus
2110 4460 2289 4530 genita
2336 4469 2631 4529 crcataque
2680 4460 2951 4521 usuvenit.
3014 4459 3065 4511 in
3120 4457 3227 4510 Deo
3282 4465 3474 4511 autem‘

1898 4569 2007 4607 non
2038 4552 2196 4606 valet.
2233 4551 2367 4605 Nam
2397 4559 2452 4606 et
2495 4551 2697 4621 alioqui
2754 4551 2919 4605 multa
2951 4552 3191 4620 quidem,
3230 4551 3358 4613 imo,
3407 4538 3463 4603 u'i

1896 4657 2024 4697 vere
2052 4642 2248 4705 dicam,
2285 4642 2571 4696 innumera
2611 4642 2751 4711 apud
2796 4657 2895 4695 nos
2938 4640 3285 4701 usuveniunt,
3344 4656 3465 4707 qua:

1896 4749 1927 4788 a
1955 4733 2067 4789 Deo
2094 4749 2316 4804 prorsus
2349 4744 2477 4788 sunt
2524 4734 2723 4787 aliena.
2763 4732 2842 4786 Tu
2883 4748 3029 4797 vero,
3069 4733 3170 4785 hoc
3207 4743 3462 4800 tauquam

1893 4842 2085 4882 verum
2109 4828 2174 4881 de
2203 4826 2313 4881 Deo
2335 4841 2575 4891 sumens,
2611 4827 2693 4880 sic
2716 4824 2828 4880 fere
2855 4824 3139 4878 concludis
3166 4840 3179 4875 :
3207 4823 3260 4875 Si
3286 4823 3464 4876 omnis

1894 4918 2109 4988 genitor
2140 4918 2290 4987 prior
2330 4926 2414 4972 est
2441 4916 2662 4987 proprio
2717 4917 3013 4985 genimine,
3048 4915 3159 4983 jam
3198 4928 3305 4966 non
3363 4914 3467 4966 erit

1893 5010 2040 5079 quia
2074 5008 2232 5061 nobis
2254 5008 2495 5062 creditur
2534 5006 2705 5061 Filius
2730 5006 2875 5060 Patri
2909 5014 3212 5061 maternus
3253 5013 3307 5059 et
3336 5019 3466 5058 con-

1898 5098 2301 5155 substantialis.
2341 5096 2435 5151 Sin
2489 5099 2608 5153 vice
2639 5114 2797 5154 versa
2820 5111 3124 5153 coaeternus
3157 5106 3239 5151 est
3294 5095 3481 5169 Filius

1894 5188 2076 5256 Patri;
2140 5204 2301 5243 verax
2345 5198 2525 5243 autem
2579 5187 2797 5242 eﬁatum
2844 5195 2972 5241 est:
3010 5186 3201 5241 Omnis
3257 5186 3468 5254 genitor

1895 5282 2044 5351 prior
2074 5290 2157 5335 est
2187 5280 2410 5350 preprio
2437 5280 2749 5350 genimine;
2788 5278 3102 5335 necessario
3158 5287 3348 5332 mutua
3379 5292 3465 5331 rc-

1897 5374 2030 5428 lnth
2051 5388 2116 5426 ex
2151 5383 2385 5440 utroque
2415 5370 2738 5440 sejungitur.

1968 5467 2022 5519 5.
2066 5464 2177 5519 Nec
2228 5464 2426 5518 mirum
2476 5471 2583 5525 est,
2620 5477 2653 5517 ο
2684 5461 2910 5532 optime,
2959 5461 3004 5517 si
3061 5475 3172 5515 uno
3227 5459 3464 5514 absurdo

1894 5572 2182 5622 concesso,
2216 5566 2477 5612 sexcenta
2516 5555 2834 5625 huiusmodi
2868 5562 3296 5623 consequantur.
3330 5550 3463 5604 Nam

1893 5652 1939 5707 si
1972 5652 2105 5721 quis.
2127 5651 2404 5704 hominem
2450 5648 2771 5703 existimare
2813 5646 2940 5700 velit
2983 5646 3238 5713 lapidem,
3282 5643 3467 5696 multis

1899 5744 2044 5798 hunc
2072 5742 2352 5804 absurdis;
2386 5740 2493 5793 imo
2545 5739 2793 5807 inﬁnitis,
2826 5738 3123 5807 copulabi-t.
3179 5735 3299 5789 Pari
3356 5733 3466 5787 feto

1903 5838 2143 5891 modotu
2194 5848 2413 5904 quoque
2459 5831 2848 5887 dictiunculam
2911 5830 3053 5882 hanc
3105 5827 3172 5883 de
3201 5827 3306 5882 Deo
3336 5841 3465 5894 pro-

2987 5918 3063 5978 26
