4168 6450
719 393 821 455 8H

1991 389 2283 450 NICET/E
2319 388 2724 452 BYZANTINI

3866 396 3974 463 812

725 507 1007 572 nuntians,
1040 521 1160 576 qum
1198 517 1274 561 att
1315 526 1329 561 :
1371 528 1386 557 ι
1424 505 1613 561 Omnis
1640 506 1855 575 genitor
1879 506 2029 573 prior
2058 514 2141 557 est
2166 517 2290 570 pro-

2414 502 2549 571 τερός
2586 505 2705 556 ἐστι
2735 501 2829 557 τοῦ
2857 504 3061 558 οἰκείου
3095 506 3457 576 γεννήματος,
3485 523 3503 559 ι
3537 506 3628 559 τὸν
3668 508 3972 578 παραλογι-

724 604 841 668 ι.ι·ἰο
872 600 1166 671 genimine,
1218 619 1235 650 ι
1274 599 1696 669 paralogismum
1728 598 1987 653 insidiose
2018 596 2288 651 struxisti.

726 692 838 747 lloc
867 692 1030 760 igitur
1062 690 1366 755 confutata,
1402 692 1604 761 quippe
1637 691 1763 760 quia
1798 690 1864 743 de
1897 689 2007 741 Deo
2049 702 2294 758 pronun-

722 783 844 836 tiari
880 783 1091 851 nequit,
1122 793 1353 853 utroque
1379 798 1445 837 ex
1477 784 1645 838 latere
1668 781 2063 836 absurditatem
2100 778 2295 833 vitabi-

722 886 861 925 mus.
892 870 1025 926 Nam
1059 889 1299 942 praesens
1318 889 1507 934 causa,
1534 890 1561 927 a
1584 874 1860 928 contraria
1886 882 1964 924 est
1995 873 2211 924 absens.
2234 867 2293 923 Si

718 979 850 1032 ergo
881 964 1110 1030 dictum,
1145 966 1323 1021 omnis
1350 967 1582 1037 genitor,
1618 983 1644 1018 a
1674 975 1853 1017 creata
1908 972 2098 1017 natura
2134 976 2297 1030 prave

721 1064 1024 1124 sumptum,
1070 1057 1121 1108 in
1156 1056 1553 1110 absurditatem
1596 1055 1765 1109 trahit
1816 1055 2047 1106 dicentis
2082 1066 2294 1104 sermo-

722 1164 844 1201 nem
872 1190 884 1212 ,
921 1164 1044 1200 cum
1075 1148 1125 1201 id
1160 1149 1211 1200 in
1256 1149 1363 1201 l)eo
1416 1165 1521 1202 non
1587 1147 1900 1210 usuveniat,
1960 1146 2078 1198 sine
2130 1143 2297 1196 dubio

721 1240 1119 1293 absurditatem
1182 1240 1529 1304 vitabimus;
1589 1252 1641 1294 et
1697 1241 2085 1307 sempiternmn
2134 1244 2297 1303 atque

717 1328 1213 1390 l't)llsuitsllllli?|t‘,
1261 1340 1313 1381 ct
1371 1330 1719 1397 paternitatis
1756 1328 2106 1396 ﬁlietatisque
2156 1318 2307 1378 rela-'

722 1419 925 1473 tionem
957 1420 1268 1474 inviolatam
1290 1423 1680 1476 servabimusc
1705 1422 1894 1477 Omnis
1922 1422 2130 1491 genitor
2150 1419 2298 1489 prior

717 1520 801 1565 est
829 1513 1049 1581 proprio
1078 1512 1368 1582 genimine.
1408 1532 1426 1566 ι
1459 1514 1614 1582 νίψω
1651 1531 1762 1567 rem
1799 1514 2025 1567 miram!
2073 1527 2193 1582 quae
2239 1511 2291 1563 in

720 1620 807 1655 me
834 1605 1053 1670 quidem
1083 1614 1243 1673 teque
1278 1606 1397 1674 ipso
1432 1607 1594 1669 valet,
1634 1610 1723 1675 qui
1754 1606 2011 1659 facultate
2054 1605 2298 1658 homines

720 1711 934 1753 sumus.
967 1704 1061 1747 aut
1091 1697 1238 1750 aliud
1260 1699 1521 1766 quidvis;
1561 1699 1826 1751 ellit-imur
1852 1706 2034 1751 autem
2072 1696 2144 1758 vi,
2171 1703 2297 1765 puta

721 1788 992 1851 genitores
1022 1798 1115 1842 aut
1150 1790 1444 1858 sapientes.
1497 1791 1563 1843 At
1597 1790 1685 1843 ubi
1728 1788 2042 1859 hnjusmodi
2076 1788 2154 1841 vis
2191 1802 2296 1841 non

2396 594 2532 661 σμὺν
2570 594 3082 665 συνεσκευώρησας,
3107 597 3310 649 Τούτου
3344 593 3437 650 οὖν
3479 598 3841 669 ἐληλεγμένου
3884 603 3979 653 καὶ

2395 685 2578 755 χώραν
2614 684 2688 757 μὴ
2746 686 2959 757 ἔχοντος
2983 686 3044 739 rb
3083 690 3344 760 παράπαν
3397 690 3489 741 ἐπὶ
3518 689 3651 742 Θεοῦ
3699 690 3978 759 λέγεσθαι,

2395 777 2495 847 τὴν
2542 778 2622 839 εἰς
2676 778 2915 849 ἑκάτερα
2946 779 3177 833 ἀτοπίαν
3205 779 3578 849 ἐκφευξόμεθα
3612 800 3623 811 ·
3674 784 3769 835 καὶ
3823 784 3982 855 γάρό

2403 871 2578 940 παρὸν
2605 871 2797 933 αἴτιον,
2830 872 2969 926 ἀπὸν
3015 872 3108 926 τοῦ
3150 875 3390 929 ἐναντίου
3424 891 3439 907 ο
3472 878 3519 928 εἰ
3571 875 3663 929 οῦν
3712 875 3793 941 rb,
3851 876 3985 930 Exa-

2398 978 2521 1024 στος
2569 965 2871 1035 γεννήτωρ,
2925 966 3033 1019 ἀπὸ
3089 966 3183 1036 τῆς
3241 969 3465 1039 κτιστῆς
3512 968 3727 1035 φύσεως
3788 970 3981 1031 κακῶς

2396 1053 2825 1124 λαμϐανόμενον,
2858 1058 2938 1119 είς
2963 1058 3163 1112 ἀτοπον
3190 1059 3280 1112 τὸν
3310 1060 3467 1127 λόγον
3497 1062 3723 1128 ἀπάγει,
3786 1062 3983 1114 τούτου

2397 1144 2579 1215 χώραν
2627 1149 2720 1199 ἐπὶ
2775 1146 2911 1201 Θεοῦ
2959 1150 3033 1219 μὴ
3081 1150 3321 1221 ἔχοντος,
3373 1153 3531 1216 δῆλον
3562 1156 3644 1207 ὅτι
3684 1156 3781 1206 καὶ
3803 1156 3986 1207 ἄτοπα

2399 1235 2793 1305 ἐκφευξόμεθα,
2823 1239 2885 1291 τό
2911 1256 2969 1291 τε
3001 1242 3270 1295 συναῖδιον
3302 1244 3393 1295 καὶ
3417 1245 3723 1312 ὁμοούσιον,
3757 1248 3847 1297 καί
3883 1246 3985 1316 τὴν

2397 1329 2495 1396 τῆς
2527 1331 2862 1400 πατρότητος
2894 1334 2987 1386 καὶ
3015 1335 3263 1405 νεότητος
3309 1337 3514 1407 σχέσιν,
3569 1339 3811 1408 ἄτρωτον
3867 1339 3988 1392 δια-

2401 1417 2730 1489 φυλάξομεν.
2773 1441 2791 1472 ι
2834 1423 3101 1487 Ἕκαστος
3139 1430 3417 1499 γεννήτωρ
3453 1430 3712 1500 πρότερός
3741 1432 3857 1484 ἐστι
3893 1431 3986 1484 τοῦ

2399 1510 2599 1562 οἰκείου
2624 1513 3016 1583 γεννήματος.»
3048 1516 3220 1570 Βαὸαὶ
3242 1519 3335 1570 τοῦ
3363 1519 3639 1589 θαύματος
3667 1523 3679 1574 !
3718 1524 3851 1591 περ)⁸
3884 1522 3989 1590 ἐμὲ

2400 1602 2497 1654 καὶ
2526 1603 2583 1655 σὲ
2607 1603 2787 1666 τοῦτο,
2822 1606 2873 1659 οἳ
2910 1606 2972 1658 τὸ
3001 1610 3099 1678 μὲν
3118 1610 3367 1683 ἐνεργείᾳ
3398 1613 3567 1683 ἐσμὲν
3612 1613 3918 1683 ἀνθρωττοι,
3942 1614 3990 1665 εἰ

2400 1690 2578 1761 τύχοι,
2632 1692 2665 1764 ἣ
2701 1694 2830 1749 ἀλλο
2873 1714 2923 1751 τι
2951 1713 2966 1728 ο
3029 1698 3089 1751 rb
3127 1700 3184 1753 δὲ
3232 1702 3494 1773 γινόμεθα
3550 1704 3776 1775 δυνάμει
3810 1705 3988 1769 ὄντες,

2400 1778 2513 1837 οἷον
2537 1788 2857 1860 γεννήτορες
2885 1790 2918 1859 ἢ
2952 1791 3340 1863 ἐπιστήμονες,
3374 1796 3406 1867 ἢ
3428 1795 3556 1849 ἀλλο
3578 1813 3630 1849 τι
3656 1813 3670 1829 ο
3731 1799 3791 1849 ἐν
3818 1792 3903 1861 οἷς
3935 1798 3992 1850 δὲ

722 1882 999 1944 usuvcnit,
1047 1881 1157 1949 jam
1200 1891 1365 1950 patet,
1424 1884 1727 1952 prioratum
1782 1882 2043 1953 genitoris
2078 1882 2303 1937 relative

2414 1877 2464 1931 τὸ
2487 1878 2713 1947 δυνάμει
2738 1882 2926 1954 χώραν
2946 1884 3043 1956 οὐχ
3066 1886 3199 1953 ἕξει,
3231 1885 3391 1957 δῆλον
3412 1891 3494 1942 ὅτι
3540 1890 3601 1942 rb
3634 1890 3993 1961 προτερεύειν

720 1974 786 2027 ad
823 1975 1062 2041 genitum
1088 1990 1196 2028 non
1230 1974 1551 2031 subsistere.
1591 1976 1645 2029 Si
1676 1990 1805 2045 ergo
1827 1976 1908 2029 vis
1928 1992 1956 2030 a
1984 1975 2092 2031 Dco
2121 1974 2299 2031 aliena

720 2078 804 2119 est
850 2068 994 2133 (nam
1022 2068 1101 2122 vis
1155 2068 1410 2137 passione
1437 2084 1546 2122 non
1591 2078 1775 2135 caret;
1812 2070 1893 2123 vis
1930 2069 2114 2139 aliquo
2148 2078 2298 2123 exte-

721 2162 864 2212 riore
907 2161 1151 2229 indiget;
1196 2161 1277 2216 vis
1317 2170 1402 2215 est
1452 2162 1519 2216 de
1564 2176 1763 2229 genere
1809 2161 2298 2231 imperfectorum;

723 2250 865 2305 Deus
908 2265 1087 2305 autem
1139 2267 1303 2321 supra
1332 2252 1445 2306 lnec
1479 2252 1663 2305 omnia
1692 2252 1805 2320 est)
1867 2254 1999 2307 satis
2059 2261 2205 2321 patet
2234 2267 2302 2306 ne

722 2344 1019 2412 prioratum
1052 2345 1271 2413 quidem
1303 2347 1348 2399 ei
1383 2344 1698 2410 usuvenire,
1722 2344 1850 2415 quia
1880 2346 2155 2414 prioratus
2182 2344 2300 2398 sine

721 2436 903 2504 aliqua
935 2436 983 2489 vi
1020 2451 1126 2489 non
1163 2438 1240 2488 tit.
1281 2456 1298 2487 ι
1334 2436 1525 2491 Omnis
1554 2437 1767 2507 genitor
1800 2437 1947 2507 prior
1967 2444 2051 2491 est
2082 2435 2301 2505 proprio

723 2526 1015 2593 genimine.
1060 2544 1080 2578 ι
1118 2525 1229 2579 lloc
1256 2535 1450 2580 creata:
1492 2535 1719 2591 naturae,
1749 2526 1852 2581 hoc
1903 2526 2161 2595 genitura:
2205 2540 2302 2594 per

724 2621 952 2684 lluxum,
982 2620 1260 2689 proprium
1290 2629 1394 2672 est.
1424 2618 1555 2671 Nam
1583 2633 1819 2688 quorum
1844 2618 2165 2673 exsistentia
2202 2616 2293 2671 diu

723 2726 877 2764 versa
930 2721 1036 2775 est,
1090 2712 1282 2764 horum
1331 2725 1484 2779 aeque
1535 2710 1751 2765 diversa
1807 2708 2107 2780 generatio.
2162 2707 2303 2775 Ergo

724 2803 899 2857 tribus
922 2802 1217 2857 contrariis
1242 2803 1503 2870 sumptis,
1544 2810 1753 2866 creato,
1812 2801 2059 2870 inquam,
2122 2808 2177 2853 et
2218 2800 2303 2852 in-

720 2904 930 2958 creato,
959 2893 1207 2961 passibili
1254 2901 1307 2945 et
1348 2892 1692 2961 impassibili,
1730 2892 1916 2962 priore
1943 2906 2008 2946 ac
2050 2889 2304 2946 simulta-

726 3002 849 3049 nco,
879 2986 924 3040 si
957 3000 1287 3055 corporeum
1314 2985 1570 3054 passibile
1601 2993 1707 3048 est,
1739 2984 2096 3054 subsequitur
2120 2993 2302 3037 autem

729 3077 855 3129 huic
887 3074 1038 3143 prius
1061 3086 1113 3128 et
1146 3074 1438 3144 posterius,
1478 3082 1624 3144 patet
1674 3075 2060 3143 incorporeum
2100 3075 2304 3143 impas-

2406 1971 2497 2025 rbv
2516 1973 2818 2046 γεννήτορα
2848 1976 2944 2030 τοῦ
2978 1979 3314 2049 γεννήματος
3345 1981 3446 2034 οὐκ
3470 1980 3708 2053 ἔρρωται
3728 1996 3742 2009 ·
3798 1982 3850 2034 εἰ
3880 1983 3993 2034 τοί-

2408 2080 2503 2115 νυν
2532 2065 2624 2117 ἐπί
2659 2065 2797 2119 Θεοῦ
2824 2068 2884 2121 rb
2913 2068 3141 2137 δυνάμει
3176 2072 3454 2143 ἀλλότριον
3486 2073 3603 2143 (καὶ
3640 2075 3747 2145 γὰρ
3800 2074 3865 2127 rb
3897 2075 3991 2127 δυ-

2414 2155 2576 2225 νάμει
2602 2157 2741 2227 μετὰ
2770 2160 2997 2225 πάθους,
3015 2163 3075 2214 rb
3093 2162 3320 2231 δυνάμει
3347 2165 3455 2218 τῶν
3493 2164 3691 2229 ἔξωθεν
3733 2169 3992 2235 προσδεῖ-

2406 2260 2518 2307 ται,
2569 2248 2631 2299 rb
2673 2248 2902 2319 δυνάμει
2951 2253 3061 2303 τῶν
3090 2253 3297 2306 ἀτελῶν
3329 2271 3343 2285 ⁸
3374 2256 3403 2308 ό
3447 2255 3502 2308 δὲ
3530 2256 3660 2319 Θεὸς
3688 2256 3997 2327 ἀνῴκισται

2407 2337 2613 2391 τούτων
2645 2340 2907 2409 πάντων),
2930 2341 3086 2412 δῆλον
3115 2345 3198 2397 ὄτι
3226 2348 3322 2398 καὶ
3350 2347 3698 2417 προτερεύειν
3724 2349 3821 2419 οὐχ
3882 2350 3999 2417 ῑξει

2410 2428 2595 2499 χώραν
2646 2431 2735 2484 διὰ
2773 2431 2834 2485 rb
2898 2435 3027 2488 ἄνευ
3079 2435 3174 2489 τοῦ
3230 2437 3457 2508 δυνάμει
3500 2439 3659 2492 τοῦτο
3704 2440 3779 2511 μὴ
3828 2436 3995 2495 εῖναι.

2417 2522 2718 2588 «Ἕκαστος
2734 2527 3015 2597 γεννήτωρ
3033 2529 3297 2601 πρότερός
3319 2531 3435 2584 ἐστι
3461 2531 3555 2585 τοῦ
3580 2534 3778 2587 οἰκείου
3803 2537 4001 2606 γεννή-

2413 2630 2601 2682 ματος.
2636 2632 2655 2666 ι
2690 2615 2860 2669 Τοῦτο
2885 2617 2983 2687 τῆς
3009 2620 3234 2690 λτιστῆς
3261 2622 3495 2689 φύσεως,
3526 2624 3682 2677 τοῦτο
3731 2628 3834 2695 τῆς
3867 2629 4000 2697 ῥευ-

2413 2706 2542 2774 στῆς
2602 2711 2906 2776 γεννήσεως
2936 2726 2949 2740 ·
3006 2711 3103 2763 καὶ
3148 2712 3257 2784 γὰρ
3290 2705 3365 2767 ὧν
3413 2715 3474 2767 τὸ
3510 2709 3649 2769 εἶναι
3712 2716 4000 2789 διάφορον,

2410 2797 2620 2852 τούτων
2651 2800 2750 2853 καὶ
2780 2800 2842 2854 rb
2868 2804 3065 2873 γεννᾷν
3093 2803 3369 2876 διάφορον.
3404 2806 3585 2877 Τριῶν
3632 2804 3726 2862 οὖν
3778 2810 4002 2862 ἀντιθέ-

2414 2909 2553 2945 σεων
2586 2891 3038 2963 λαμϐανομένων,
3081 2898 3222 2967 φημὶ
3252 2898 3317 2967 δὴ
3348 2900 3569 2953 κτιστοῦ
3597 2917 3657 2954 τε
3707 2903 3799 2954 καὶ
3834 2903 4003 2955 ἀκτί-

2421 3000 2570 3049 στου,
2606 2984 2891 3052 ἐμπαθοῦς
2934 3004 2993 3038 τε
3024 2989 3115 3039 καὶ
3149 2988 3415 3053 ἀπαθοῦς,
3462 2994 3731 3063 προτέρου
3789 3011 3848 3047 τε
3904 2998 4007 3047 καὶ

2414 3072 2552 3142 ἅμα,
2598 3075 2645 3125 εἰ
2680 3074 3055 3144 ήένσὼματος
3087 3078 3307 3149 ἐμπαθῆ
3346 3120 3361 3142 ,
3393 3080 3579 3133 ἕπεται
3605 3082 3660 3135 δὲ
3702 3084 3879 3156 ταύτῃ
3936 3087 4005 3138 rb

726 3169 882 3222 sibile
904 3183 1022 3222 esse
1041 3183 1104 3222 ac
1126 3168 1541 3223 simultaneum.
1580 3169 1657 3222 Ita
1682 3168 1827 3222 enim
1857 3168 2045 3238 logica:
2065 3168 2303 3222 methodi

2414 3164 2677 3233 πρότερον
2736 3166 2831 3217 καὶ
2888 3165 3133 3237 ὕστερον,
3191 3173 3425 3241 φανερὸν
3476 3175 3555 3225 ὅτι
3603 3177 3633 3244 ή
3700 3176 4005 3244 ἀσώματος

727 3274 827 3315 nos
850 3260 1062 3315 docent.

800 3441 853 3495 4.
898 3458 915 3490 ι
946 3437 1137 3497 Omnis
1194 3440 1404 3510 genitor
1440 3440 1588 3507 prior
1610 3448 1687 3494 est
1719 3440 1938 3509 proprio
1973 3438 2301 3509 genimine.»

730 3533 845 3587 Hoc
877 3534 949 3587 ait
973 3533 1063 3603 qui
1099 3533 1270 3601 legem
1306 3534 1417 3586 vult
1447 3531 1555 3587 Deo
1578 3532 1934 3597 constituere,
1970 3547 2075 3584 non
2116 3540 2299 3584 autem

731 3627 823 3696 qui
865 3628 1146 3681 veritatem
1175 3626 1329 3681 dicit.
1380 3626 1548 3696 Igitur
1603 3625 1930 3679 vocabulum
1982 3625 2188 3700 genitor
2229 3625 2311 3677 vel

734 3728 816 3769 est
845 3716 910 3769 de
936 3732 1167 3770 nmnero
1196 3732 1386 3770 eorum
1413 3731 1535 3785 qua:
1566 3730 1663 3785 per
1694 3730 1751 3768 se
1784 3723 1930 3779 sunt,
1968 3713 2051 3767 vel
2084 3728 2207 3782 quae
2245 3714 2311 3767 ad

735 3808 969 3879 aliquid.
1008 3807 1170 3877 Atqui
1205 3822 1311 3861 non
1343 3814 1427 3861 est
1456 3823 1523 3861 ex
1560 3807 1627 3861 iis
1655 3822 1773 3875 qu:e
1801 3821 1895 3875 per
1918 3818 1977 3857 se
2004 3813 2134 3859 sunt
2167 3821 2312 3859 :non

733 3903 879 3955 mdm
933 3902 997 3955 ad
1038 3900 1290 3971 genimen
1325 3899 1644 3953 relationem
1679 3900 1939 3965 haberet;
1971 3913 2103 3967 ergo
2140 3909 2312 3953 estex

736 3997 800 4049 iis
829 4011 949 4065 quae
983 3995 1049 4048 ad
1082 3992 1286 4063 aliquid
1321 4003 1481 4057 sunt;
1519 4007 1640 4061 quae
1675 4000 1858 4045 autem
1920 4000 2042 4046 sunt
2099 3991 2165 4044 ad
2216 3990 2316 4043 ali-

734 4088 885 4158 quid,
913 4088 1243 4141 simultanea
1266 4094 1473 4138 natura:
1504 4094 1665 4144 sunt;
1694 4098 1816 4153 qua:
1839 4098 1967 4137 vero
1989 4083 2314 4137 simultanca

740 4190 967 4243 naturae,
1009 4187 1063 4232 et
1093 4177 1421 4232 simultanea
1458 4186 1585 4229 sunt
1611 4185 1665 4230 et
1714 4192 1819 4230 non
1875 4183 2037 4241 sunt;
2067 4191 2196 4246 ergo
2228 4191 2316 4245 ge-

738 4272 877 4324 nitor
905 4280 1177 4339 quatenus
1210 4270 1444 4339 genitor,
1482 4268 1547 4322 ad
1610 4267 1813 4338 aliquid
1867 4267 2143 4322 exsistens
2178 4267 2318 4321 rela-

744 4364 945 4417 tionem
982 4362 1177 4416 habet:
1206 4377 1375 4431 quare
1413 4360 1565 4430 prius
1604 4369 1657 4413 et
1699 4360 1973 4429 posterius
2006 4373 2112 4412 non
2153 4358 2318 4413 habe-

742 4455 837 4507 bit.
868 4453 924 4507 Si
955 4469 1086 4523 ergo
1110 4453 1321 4523 genitor
1345 4468 1442 4507 nec
1466 4452 1618 4521 prius
1640 4452 1857 4506 habebit
1887 4466 1987 4505 nec
2006 4450 2279 4520 posterius
2300 4489 2315 4515 ,

2414 3254 2629 3323 ἀπαθὴς
2682 3258 2775 3309 καὶ
2842 3258 2999 3327 ἆμαο
3051 3257 3209 3314 τοῦτο
3251 3262 3359 3335 γὰρ
3411 3266 3464 3317 αἰ
3509 3266 3723 3335 λογικαὶ
3782 3269 4007 3338 μέθοδοι

2418 3345 2547 3414 ἡμῖν
2604 3346 3028 3416 διαγορεύουσιν.

2484 3434 2547 3488 δ’.
2583 3456 2600 3488 t
2640 3438 2909 3503 Ἕκαστος
2937 3440 3218 3512 γεννήτωρ
3248 3444 3510 3515 πρότερός
3540 3446 3652 3498 ἐστι
3681 3446 3771 3499 τοῦ
3798 3448 4011 3500 οἰκείου

2415 3528 2770 3597 γεννήματος.
2803 3549 2821 3583 ι
2869 3530 3040 3585 Τοῦτο
3082 3533 3498 3603 νομοθετοῦντός
3525 3539 3670 3590 ἐστιν
3709 3542 3800 3592 ἐπὶ
3842 3542 4009 3605 Θεοῦ,

2414 3620 2476 3672 rb
2502 3620 2702 3690 ἀληθὲς
2732 3622 2787 3675 δὲ
2823 3623 3078 3691 οὐδαμῶς
3115 3624 3365 3693 λέγοντος
3397 3643 3413 3657 ·
3456 3630 3517 3681 rb
3558 3632 3730 3682 τοίνυν
3782 3635 4010 3701 γεννή-

2415 3726 2530 3777 τωρ
2560 3709 2755 3780 ὄνομα,
2781 3713 2898 3783 ἦτοι
2925 3714 3033 3766 τῶν
3062 3714 3185 3767 καθ’
3212 3717 3344 3769 αὐτό
3384 3720 3549 3781 ἐστιν,
3602 3720 3634 3790 ἢ
3692 3722 3800 3773 τῶν
3868 3727 4014 3794 πρός

2415 3818 2468 3854 τι
2494 3818 2508 3832 °
2547 3802 2681 3856 ἀ).λά
2713 3803 2820 3873 μὴν
2845 3805 2952 3857 τῶν
2986 3806 3109 3859 καθ’
3144 3808 3276 3860 αὐτὸ
3296 3810 3396 3861 οὐκ
3430 3810 3577 3864 ἔστιν
3607 3827 3621 3841 ⁶
3673 3814 3732 3866 οὐ
3773 3814 3887 3886 γὰρ
3942 3816 4013 3870 ἂν

2419 3893 2555 3965 πρὸς
2610 3895 2857 3967 γέννημα
2905 3898 3004 3969 τὴν
3055 3901 3336 3973 ἀναφορὰν
3377 3901 3488 3974 εἶχε
3533 3924 3546 3937 ·
3603 3906 3761 3976 δῆλον
3789 3910 3873 3962 ὅτι
3900 3912 4014 3964 τῶν

2417 3986 2555 4054 πρός
2583 4002 2674 4039 τι·
2700 3988 2745 4039 εἰ
2779 3983 2871 4040 οὖν
2907 3990 2967 4041 rb
2983 3993 3288 4061 γεννήτωρ
3322 3995 3429 4048 τῶν
3454 3997 3594 4068 πρός
3612 3999 3665 4051 τί
3697 4001 3868 4065 ἐστιν,
3936 4005 4011 4055 τὰ

2418 4076 2473 4130 δὲ
2493 4078 2627 4147 πρός
2646 4095 2698 4130 τι
2730 4079 2845 4150 ἅμα
2872 4083 2938 4152 τῇ
2972 4082 3151 4150 φύσει,
3176 4085 3245 4138 τὰ
3279 4086 3335 4140 δὲ
3374 4087 3489 4157 ἅμα
3536 4093 3601 4159 τῇ
3650 4092 3833 4159 φύσει,
3890 4093 4015 4163 ἃμα

2418 4168 2478 4221 τέ
2506 4170 2645 4228 εἰσιν
2672 4173 2764 4224 καὶ
2801 4172 2903 4225 οὐκ
2928 4174 3090 4236 εἰσιν,
3126 4176 3186 4228 rb
3212 4179 3514 4248 γεννήτωρ
3534 4180 3643 4251 ἀρα
3684 4183 3805 4236 καθ’
3830 4184 3860 4237 ὂ
3889 4202 4017 4253 γεν-

2419 4259 2624 4331 νήτωρ,
2654 4262 2789 4330 πρὸς
2815 4262 2873 4315 ὃν
2894 4262 2992 4332 τὴν
3022 4267 3190 4334 ἀναφι
3203 4269 3301 4335 ράν
3330 4268 3462 4339 ἔχει,
3503 4271 3564 4324 rb
3611 4273 3883 4343 πρότερον
3914 4280 4017 4329 καὶ

2422 4348 2649 4422 ὕστερον
2672 4353 2770 4423 οὐχ
2799 4352 2931 4420 ἕξει.
2972 4355 3032 4408 Εἰ
3061 4354 3155 4410 οὖν
3194 4360 3253 4411 rb
3304 4362 3609 4433 γεννήτωρ
3636 4364 3697 4417 rb
3743 4368 4019 4438 πρότεροι

2424 4445 2516 4496 καὶ
2545 4444 2773 4516 ὕστερον
2797 4448 2894 4518 οὐχ
2916 4449 3047 4514 ἕξει,
3078 4450 3214 4520 ἔφης
3244 4453 3301 4506 δὲ
3325 4455 3406 4507 ὅτι
3448 4456 3679 4521 ἕκαστος
3726 4463 4019 4531 γεννήτωρ

741 4557 797 4599 ιιι
822 4562 951 4600 vero
990 4544 1127 4599 dicis
1157 4559 1375 4599 omnem
1410 4545 1712 4614 genitorem
1764 4543 1998 4611 priorem
2044 4556 2165 4596 esse
2196 4556 2308 4610 pro

2428 4535 2688 4607 πρότερός
2721 4540 2837 4591 ἐστι
2870 4541 2963 4593 τοῦ
2992 4543 3193 4595 οἰκείου
3221 4547 3563 4616 γεννήματος
3596 4566 3609 4578 ·
3646 4551 3885 4620 φανερὸν
3932 4555 4021 4607 ὅτι

742 4638 860 4707 prio
879 4636 1176 4707 genimine,
1201 4643 1416 4689 constat
1436 4650 1539 4688 nou
1562 4649 1684 4688 esse
1704 4634 2027 4702 genitorem,
2050 4638 2321 4701 quatenus

739 4740 823 4783 est
876 4729 1106 4799 genitor,
1162 4727 1254 4781 sed
1292 4729 1591 4780 secundum
1657 4724 1865 4794 aliquid
1921 4723 2090 4787 aliud,
2161 4721 2320 4776 sicuti

746 4825 1000 4877 Socrates
1046 4830 1099 4874 et
1129 4818 1341 4873 Petrus.
1384 4818 1654 4883 Quoniam
1712 4816 1895 4886 itaque
1948 4814 2208 4883 genitoris
2235 4828 2325 4866 no-

746 4932 866 4969 men
905 4915 957 4966 in
1008 4914 1115 4966 Deo
1152 4921 1303 4981 patre
1334 4910 1742 4980 hypostaticum
1790 4918 1894 4973 est,
1923 4916 1978 4961 et
2018 4906 2321 4961 secundum

749 5008 799 5060 id
833 5008 1008 5061 solum
1062 5006 1368 5075 proprietas
1427 5001 1786 5071 hypostaseos
1842 5000 2169 5065 denotatur;
2226 4997 2324 5052 de-

692 5116 709 5140 ο
750 5113 1107 5153 monstratum
1145 5112 1308 5165 porro
1368 5094 1489 5156 fuit,
1544 5094 1689 5164 quod
1742 5103 1831 5147 est
1882 5093 2165 5146 relativum
2218 5106 2324 5143 non

750 5191 948 5244 habere
973 5190 1123 5259 prius
1152 5199 1204 5242 et
1230 5188 1505 5257 posterius
1532 5204 1545 5251 ;
1598 5196 1817 5240 constat
1860 5199 1990 5254 ergo
2021 5182 2188 5237 Deum
2218 5181 2325 5237 Pa-

750 5294 906 5343 trem,
950 5283 1043 5351 qui
1073 5292 1155 5335 cst
1184 5280 1384 5349 proprii
1415 5278 1707 5349 geniminis
1738 5278 1972 5346 genitor,
2013 5277 2165 5345 prius
2216 5291 2323 5330 non

752 5380 968 5431 habere.
1003 5372 1161 5441 Quod
1199 5376 1242 5427 si
1292 5390 1396 5427 non
1457 5373 1640 5433 habet,
1688 5380 1904 5425 constat
1931 5386 2049 5423 esse
2080 5370 2328 5423 simulta-

753 5484 915 5522 nevm
947 5487 957 5520 :
989 5465 1133 5535 quod
1174 5466 1217 5519 si
1258 5465 1638 5527 simnllaneus,
1664 5464 1825 5516 etiam
1884 5473 2187 5515 cozeternus
2221 5469 2324 5514 est.

756 5561 894 5629 Iﬁrgo
925 5557 1096 5613 Filius
1121 5556 1267 5610 Patri
1315 5566 1619 5610 coaeternus
1650 5564 1733 5608 est
1769 5571 1783 5607 :
1818 5563 1981 5622 atque
2024 5554 2097 5606 ita
2136 5553 2186 5606 in
2221 5569 2328 5622 quo

752 5651 1149 5707 circumvenire
1203 5650 1434 5719 putabas
1458 5689 1470 5711 ,
1528 5649 1939 5701 circumventus
1973 5661 2051 5700 cs.
2084 5663 2101 5696 ι
2139 5643 2329 5700 Onmis

764 5746 978 5814 genitor
1005 5744 1149 5813 prior
1185 5742 1556 5810 cstgenimine
1585 5754 1703 5794 suo.
1738 5759 1754 5790 ι
1779 5738 1945 5792 Nobis
1983 5736 2197 5807 quidem
2230 5736 2331 5790 hoc

759 5835 1012 5889 usuvenit
1051 5851 1063 5900 ;
1099 5834 1241 5902 quod
1286 5832 1504 5901 quidem
1557 5833 1629 5885 ita
1681 5848 1739 5885 se
1789 5830 2026 5893 habere,
2092 5827 2217 5881 hinc
2273 5828 2330 5880 lit

2427 4626 2488 4680 rb
2532 4628 2856 4698 γεννήτωρ,
2905 4632 2966 4685 οὐ
2998 4634 3119 4687 καθ’
3164 4636 3192 4687 ὃ
3234 4640 3535 4710 γεννήτωρ,
3568 4640 3705 4693 ἀλλά
3740 4642 3865 4695 κατ’
3888 4645 4023 4698 ἄλλο

2425 4738 2497 4787 τι,
2539 4726 2661 4776 καθ’
2683 4725 2710 4777 ὃ
2734 4726 3031 4797 Σωκράτης
3064 4728 3095 4798 ἢ
3133 4730 3354 4800 Πέτρος.
3387 4732 3447 4784 Εἰ
3472 4729 3567 4786 οὖν
3611 4734 3671 4786 rb
3705 4736 4022 4807 γεννήτωρ

2427 4812 2598 4882 ὄνομα
2634 4817 2728 4867 ἐπὶ
2765 4816 2902 4869 Θεοῦ
2937 4820 3028 4870 καὶ
3058 4822 3267 4891 [ἰατρὸς
3321 4824 3683 4879 ὑποςτατικόν
3730 4828 3872 4893 ἐστι,
3923 4835 4024 4882 καὶ

2430 4907 2570 4958 κατά
2604 4906 2763 4959 τοῦτο
2795 4909 2954 4975 μόνον
2974 4910 3032 4963 rb
3064 4912 3194 4964 ἴδιον
3220 4912 3319 4981 τῆς
3351 4914 3701 4979 ὑποστάσεως
3729 4936 4022 4989 χαρακτηο

2430 4994 2674 5064 ρίζεται·
2718 4997 2873 5051 τοῦτο
2900 5000 2957 5051 δὲ
2988 5001 3254 5055 δέδεικται
3288 5005 3424 5073 πρὸς
3478 5005 3537 5058 ὃν
3592 5008 3692 5077 τὴν
3734 5011 4025 5081 ἀναφορὰν

2428 5088 2489 5139 τὸ
2515 5088 2779 5160 πρότερον
2798 5093 2894 5143 καὶ
2935 5091 3163 5162 ὕστερον
3197 5096 3271 5166 μὴ
3304 5096 3447 5166 ἔχον,
3503 5100 3737 5169 φανερὸν
3768 5101 3879 5169 ἄρα
3936 5106 4024 5158 ὅτι

2429 5180 2458 5231 δ
2494 5179 2626 5243 Θεὸς
2675 5183 2767 5234 καὶ
2807 5184 2995 5255 Πατὴρ
3047 5189 3323 5258 γεννήτωρ
3372 5189 3466 5255 ὢν,
3505 5190 3601 5245 τοῦ
3637 5194 3842 5247 οἰκείου
3896 5214 4026 5262 γεν-

2430 5274 2690 5342 νήματος,
2734 5277 2794 5328 rb
2845 5280 3108 5350 πρότερον
3167 5284 3265 5352 οὐχ
3302 5284 3412 5349 ἕξει
3447 5301 3461 5315 ·
3509 5286 3558 5338 εἰ
3605 5286 3662 5338 δὲ
3724 5288 3828 5358 οὐχ
3883 5291 4023 5357 ἕξει,

2429 5365 2588 5434 δῆλον
2634 5369 2716 5420 ὅτι
2777 5370 2893 5438 ἇμα
2926 5389 2940 5403 ο
2996 5375 3044 5425 εἰ
3076 5374 3131 5426 δὲ
3175 5375 3309 5444 ἅμα,
3341 5378 3432 5429 καὶ
3473 5378 3740 5442 συναῖδιος
3776 5398 3789 5411 ·
3822 5384 3852 5434 ό
3892 5384 4027 5449 Υἱὸς

2431 5460 2538 5530 ἄρα
2592 5460 2686 5513 τοῦ
2754 5464 2965 5535 Πατρός
3014 5469 3281 5530 συναῒδιός
3342 5472 3456 5522 ἐστι
3490 5488 3505 5501 ·
3563 5473 3656 5523 καὶ
3706 5471 3885 5538 οὕτως
3953 5478 4026 5532 δι’

2431 5546 2492 5603 οῦ
2555 5551 2758 5617 ἐδόκεις
2826 5558 3197 5627 παρακρούειν
3224 5600 3238 5624 ,
3277 5562 3746 5631 παρακέκρουσαι.
3789 5584 3808 5614 ι
3849 5567 4030 5621 Ἐκα-

2435 5660 2558 5707 στος
2585 5646 2863 5718 γεννήτωρ
2898 5650 3162 5721 πρότερός
3193 5652 3309 5705 ἐστι
3339 5652 3430 5705 τοῦ
3478 5654 3681 5707 οἰκείου
3732 5658 4027 5728 γεννήμα-

2434 5752 2540 5798 τος.
2589 5754 2607 5785 ι
2646 5736 2817 5791 Τοῦτο
2863 5741 2921 5792 ἐν
2954 5744 3084 5812 ἡμῖν
3123 5742 3307 5815 χώραν
3356 5744 3468 5815 ἔχει
3510 5762 3525 5778 ·
3571 5748 3664 5800 καὶ
3715 5736 3799 5803 ὅτι
3847 5749 4030 5817 οὕτως

2438 5826 2570 5896 ἔχει,
2604 5828 2759 5898 δῆλον
2780 5831 3029 5886 ἐντεῦθεν
3064 5851 3078 5867 ·
3111 5836 3267 5891 Πᾶσα
3305 5835 3556 5907 δύναμις,
3592 5838 3740 5904 τινος
3799 5841 3973 5895 ἕνεκα
4013 5862 4028 5876 ·
