4168 6450
195 487 303 551 813
1344 471 1771 533 REFUTATIO

192 602 245 652 εἰ
302 598 413 665 γὰρ
456 595 529 664 μὴ
575 593 739 645 ἕνεκά
795 606 959 654 τινος,

192 688 327 750 Θεὸς
364 689 526 750 ποιεῖ,
553 685 674 737 οὔτε
706 682 915 754 ἡφύσις
953 699 967 712 ·
1006 680 1162 747 δῆλον
1216 681 1296 733 ὅτι
1334 680 1493 733 ἕνεκα
1527 696 1540 708 ·
1578 680 1624 729 εἰ
1678 672 1768 728 οὖν

194 782 227 850 ή
267 781 500 849 δύναμις
538 777 700 831 ἕνεκά
729 793 893 840 τινος,
918 773 1077 843 δῆλον
1116 773 1195 825 ὃτι
1228 764 1322 824 καὶ
1363 772 1424 823 τὸ
1449 768 1712 824 δύνασθαι
1755 785 1767 799 ’

193 873 303 924 πᾶν
341 870 399 921 δὲ
427 869 486 922 τὸ
514 866 771 921 δύνασθαί
795 884 848 919 τι
877 868 1073 931 ποιεῖν,
1108 865 1202 917 καὶ
1240 864 1473 933 ποιήσει.
1509 863 1557 914 εἰ
1604 861 1676 931 μή
1721 879 1771 913 τι

189 962 255 1015 τὸ
284 961 693 1031 παρεμποδίζον
728 976 742 989 ’
771 961 820 1012 εἰ
857 957 948 1011 οὖν
975 958 1033 1010 ὲν
1061 959 1191 1027 ἡμῖν
1220 955 1367 1008 ἔστιν
1389 955 1625 1024 ἔμφυτος
1684 954 1773 1006 δῦ-

190 1072 359 1124 ναμις
381 1054 443 1106 τὸ
461 1056 818 1116 τεκνοποιεῐν,
851 1049 1209 1121 κεκωλύμεθα
1227 1049 1303 1113 δὲ,
1332 1049 1486 1119 δῆλον
1514 1048 1595 1099 ὅτι
1628 1065 1770 1117 παρ-

190 1145 579 1215 εμπσδὶζοντῦς
612 1162 755 1207 τινος
788 1159 802 1173 ⁸
826 1145 882 1195 ὲν
919 1142 975 1196 δὲ
1000 1144 1077 1212 τῷ
1115 1140 1234 1211 Θεῷ
1261 1142 1413 1195 οὐδὲν
1464 1140 1774 1193 ἀντίσθενον

189 1239 223 1306 ῆ
279 1236 686 1307 παρεμποδίξον
719 1251 733 1265 ’
771 1236 1004 1306 φανερὸν
1024 1236 1106 1287 ἔτι
1138 1234 1232 1287 καὶ
1272 1236 1304 1304 ὴ
1336 1234 1589 1302 γέννησις
1633 1232 1771 1301 σύμ-

190 1346 362 1399 φυτος
397 1346 411 1360 ·
444 1331 492 1382 εἰ
519 1328 575 1381 δὲ
608 1328 909 1397 σύμφυτος,
946 1327 1039 1380 καὶ
1087 1327 1233 1396 ἅμα·
1280 1328 1329 1379 εἰ
1390 1324 1448 1377 δὲ
1515 1324 1652 1393 ἅμα,
1713 1324 1772 1374 οὐ

191 1418 463 1491 πρότερον
494 1420 587 1471 καὶ
618 1418 844 1489 ὕστερον
876 1436 887 1447 ·
920 1418 1062 1472 ὥστε
1101 1418 1258 1489 δῆλον
1291 1419 1373 1471 ὅτι
1402 1416 1463 1470 τὸ
1511 1418 1776 1487 πρότερον

192 1510 287 1561 καὶ
318 1509 544 1578 ὕστερον
583 1510 675 1561 ἐπὶ
729 1510 866 1563 Θεοῦ
924 1510 1110 1582 χώραν
1164 1513 1264 1563 οὐκ
1316 1509 1776 1580 ἔχει.ιἚκαστος

189 1603 474 1673 γεννήτωρ
534 1604 796 1675 πρότερός
861 1604 975 1656 ὲστι
1022 1604 1113 1658 τοῦ
1135 1604 1339 1658 οἰκείου
1374 1605 1770 1676 γεννήματος.»

190 1695 367 1747 Πόθεν
408 1696 506 1758 τὰς
552 1697 746 1767 ἀρχὰς,
789 1689 835 1749 ὧ
887 1692 1062 1762 οὗτος,
1112 1698 1380 1769 εἷληφας;
1438 1700 1486 1751 οἱ
1531 1698 1631 1768 μὲν
1668 1697 1775 1769 γὰρ

192 1787 363 1856 μηδὲν
387 1791 563 1841 κοινὸν
588 1790 681 1842 τοῦ
713 1790 929 1844 κτίστου
980 1792 1075 1844 καὶ
1110 1790 1221 1843 τῶν
1268 1792 1583 1861 κτισμάτων
1640 1792 1774 1843 ὑποο

187 1876 497 1947 τιθέμενοι,
544 1881 772 1944 ἑαυτοὺς
836 1882 1334 1951 παραλογίζονται,
1417 1883 1627 1946 ταυτῶς
1683 1883 1775 1935 ἐπὶ

1016 589 1190 657 μάτην
1228 600 1238 612 ·

1834 470 2235 530 MOHAMEDI
2246 472 2301 530 S.

1291 588 1467 657 μάτην
1499 588 1552 639 δὲ
1587 583 1707 637 οὔτε
1741 586 1769 635 ὁ

1884 581 2248 637 manifestum.
2282 582 2524 636 Potentia
2562 581 2739 635 omnis
2797 592 3013 652 propter
3054 585 3256 655 aliquid
3308 602 3389 643 est
3424 607 3438 642 :

3329 475 3432 536 8H

1877 691 1999 728 nam
2034 675 2076 727 si
2113 683 2329 745 propter
2375 674 2574 743 aliquid
2616 690 2720 727 non
2784 676 2871 737 sit,
2932 693 3066 729 vana
3130 688 3255 734 est:
3308 680 3444 739 nihil

1876 782 2037 835 porro
2070 782 2264 821 vanum
2302 766 2444 819 Deus
2484 766 2611 819 facit
2675 781 2852 835 neque
2904 778 3117 824 natura.
3179 769 3273 824 Est
3314 788 3444 841 ergo

1875 866 2097 928 prOpter
2146 856 2374 926 aliquid.
2427 858 2482 909 Si
2518 873 2647 926 ergo
2702 858 2944 927 potentia
2996 870 3213 930 propter
3238 862 3446 930 aliquid

1875 960 1977 1009 est,
2015 960 2160 1019 patet
2183 949 2326 1018 quod
2353 950 2516 1003 etiam
2542 965 2730 1017 posse;
2765 966 2925 1005 nume
2976 962 3155 1005 autem
3186 956 3331 1023 quod
3365 953 3449 1008 fa-

1876 1055 1997 1092 cere
2029 1040 2231 1109 aliquid
2274 1048 2469 1109 potest,
2520 1054 2577 1090 re
2636 1054 2854 1107 quoque
2907 1054 3034 1094 vera
3097 1039 3275 1103 faciet,
3338 1042 3442 1096 nisi

1882 1131 2085 1200 aliquid
2110 1131 2399 1187 obstiterit.
2431 1132 2483 1183 Si
2515 1146 2645 1200 ergo
2676 1131 2727 1183 in
2758 1132 2913 1186 nobis
2956 1140 3039 1185 est
3070 1132 3231 1186 insita
3265 1144 3450 1199 poten-

1880 1224 1947 1277 tia
1985 1225 2185 1279 liberos
2232 1224 2507 1293 gignendi,
2573 1223 2929 1294 prohibemur
2975 1234 3178 1287 autem,
3237 1232 3447 1280 constat

1878 1317 2019 1385 quod
2054 1316 2259 1386 aliquid
2299 1332 2396 1371 nos
2429 1318 2706 1387 impediat.
2743 1317 2907 1385 Atqui
2939 1316 3046 1371 Deo
3075 1318 3209 1371 nihil
3244 1318 3451 1372 resisrit

1880 1420 1971 1463 aut
2002 1410 2183 1464 obstat
2226 1427 2238 1463 :
2278 1420 2493 1464 constat
2537 1424 2665 1477 ergo
2697 1409 3103 1479 generationem
3155 1425 3370 1479 quoque
3399 1411 3450 1463 ei

1878 1517 2000 1556 esse
2049 1504 2465 1556 conua:uralem
2513 1501 2696 1570 :quod
2746 1501 2788 1555 si
2828 1500 3226 1563 counaturalis,
3260 1501 3450 1554 simul-

1880 1604 2039 1646 tanea
2069 1608 2288 1663 quoque
2319 1603 2439 1660 est;
2477 1594 2619 1662 quod
2652 1595 2699 1645 si
2756 1591 3106 1653 simultanea,
3165 1592 3276 1659 jatn
3340 1606 3450 1645 non

1879 1695 1964 1739 est
2000 1686 2152 1755 prior
2176 1701 2275 1740 nec
2308 1686 2579 1755 posterior
2614 1702 2625 1738 :
2664 1686 2805 1738 unde
2834 1694 3055 1740 constat
3088 1686 3243 1754 prius
3263 1695 3311 1739 et
3350 1701 3451 1755 po~

1879 1779 2080 1833 sterius
2108 1779 2160 1832 in
2193 1779 2298 1834 Deo
2327 1794 2435 1832 non
2461 1778 2771 1833 usuvenire.
2798 1796 2815 1827 σ
2844 1776 3034 1832 Omnis
3061 1779 3272 1848 genitor
3306 1782 3454 1848 prior

1880 1880 1965 1925 est
1991 1872 2209 1941 pr0prio
2236 1871 2528 1940 genimine.
2546 1889 2565 1922 ι
2601 1869 2882 1924 Undenam
2917 1871 3251 1939 prineipia,o
3270 1872 3450 1933 sodes,

188 1968 326 2022 Θεοῦ
356 1972 449 2022 καὶ
489 1970 598 2022 τῶν
639 1972 955 2042 κτισμάτων
1000 1972 1094 2035 τὰς
1150 1974 1301 2036 θείας
1340 1974 1522 2042 φωνὰς
1562 1975 1771 2042 ἐκλαμ-

1884 1961 2198 2028 sumpsisti?
2232 1958 2365 2012 Nam
2405 1961 2496 2028 qui
2550 1959 2684 2013 nihil
2712 1975 2835 2014 esse
2867 1974 3160 2013 commune
3206 1958 3450 2013 Creatori

189 2059 447 2135 ϐάνοντες
475 2079 489 2092 ·
524 2062 615 2115 καὶ
644 2064 702 2116 τὸ
725 2064 990 2133 πρότερον
1014 2063 1210 2135 λῆμμα
1238 2064 1326 2117 διὰ
1369 2064 1463 2117 τοῦ
1518 2064 1772 2133 δευτέρου

186 2151 681 2222 ἐξοστρακίζεται,
735 2155 828 2207 καὶ
882 2155 1043 2207 πάλιν
1094 2155 1185 2208 διὰ
1245 2155 1337 2209 τοῦ
1395 2155 1663 2228 προτέρου
1714 2156 1775 2207 τὸ

184 2242 445 2313 δεύτερον
475 2262 491 2276 ο
526 2244 753 2316 καὶγὰρ
792 2249 840 2299 εξ
876 2248 985 2300 πᾶν
1026 2248 1235 2319 ποίημα
1294 2248 1471 2311 ἐνδεές
1512 2248 1628 2300 ἐστι
1680 2246 1772 2301 τοῦ

186 2332 521 2399 ποιήσαντος
547 2331 633 2385 διὰ
664 2333 725 2385 τὺ
745 2332 961 2404 πρῶτον
993 2334 1215 2404 ἀξίωμα
1243 2349 1255 2363 ·
1278 2335 1307 2388 ὁ
1338 2335 1396 2388 δὲ
1435 2336 1500 2388 ἐκ
1521 2335 1615 2387 τοῦ
1644 2352 1771 2404 γεν-

187 2425 421 2493 νήτορος
452 2425 645 2491 Λόγος,
683 2427 748 2478 ἑκ
773 2425 883 2478 τῶν
914 2428 1233 2497 ποιημάτων
1257 2426 1350 2479 τὸν
1377 2427 1608 2499 ποιητὴν
1637 2426 1770 2497 πρό-

186 2530 351 2583 τερον
381 2516 919 2586 κατασυλλογίζεται,
952 2519 1129 2582 ἐνδεές
1159 2520 1218 2572 τέ
1252 2521 1368 2573 ἐστι
1397 2522 1492 2574 καὶ
1530 2521 1630 2574 οὐκ
1684 2522 1774 2573 ἐν-

188 2606 329 2669 δεὲς,
362 2608 458 2659 καὶ
505 2610 701 2663 ταυτὸν
738 2611 800 2663 οὗ
845 2612 1040 2666 ταυτὸν
1071 2614 1183 2666 πᾶν
1224 2613 1435 2685 ποίημα
1483 2614 1578 2668 τοῦ
1621 2616 1775 2686 ποιή-

190 2712 411 2767 σαντος,
441 2699 577 2771 ὅπερ
604 2700 886 2755 ἀδύνατον.

262 2873 328 2929 ε’.
361 2874 683 2946 Εἵδωμενδὲ
714 2879 808 2932 καὶ
835 2879 893 2933 τὸ
922 2882 1315 2954 ἐπιφερόμενον
1355 2900 1370 2917 ·
1404 2885 1515 2956 ἔχει
1574 2887 1628 2940 δὲ
1682 2888 1774 2941 καὶ

194 2967 367 3031 οὓτως
401 2984 415 2998 ⁸
448 2986 467 3019 r
518 2969 738 3042 Ἐπειδὴ
772 2972 867 3025 ἐὰν
900 2974 1102 3044 ὴγῆσαι
1130 2976 1258 3046 μίαν
1311 2978 1483 3049 ἀρχὴν
1535 2980 1777 3051 ἀμφοτέ-

197 3074 335 3121 ροις,
361 3059 457 3112 τοῦ
481 3076 540 3112 τε
576 3062 788 3133 Πατρδς
847 3066 943 3117 καὶ
980 3066 1134 3131 Υἰοῦ,
1191 3070 1490 3124 ἀπόλλυται
1535 3074 1568 3142 ἡ
1621 3069 1775 3136 τάξις

191 3150 291 3219 τῆς
323 3151 562 3221 σχέσεως
594 3154 785 3224 ἡοῦσα
815 3158 880 3210 ὲκ
902 3157 993 3210 τοῦ
1039 3161 1363 3232 γεννήτορος
1394 3164 1530 3234 πρὸς
1558 3164 1617 3216 τὸ
1649 3165 1775 3233 γέν-

194 3258 347 3311 νημα
369 3260 384 3273 ’
421 3244 516 3296 καὶ
543 3248 1021 3315 καταναγκάζεται
1063 3253 1094 3322 ή
1130 3253 1321 3323 κλῆσις
1374 3256 1482 3307 τῶν
1534 3256 1775 3326 ἀμφοτέ-

197 3352 309 3401 ρων
336 3337 669 3407 χωρισθῆναι
694 3340 791 3393 τοῦ
836 3345 1229 3414 γεγεννηκότος
1281 3348 1376 3399 καὶ
1421 3352 1775 3417 γεννήματος,

191 3425 290 3478 τοῦ
329 3431 774 3502 προϋπάρχοντος
809 3436 903 3488 καὶ
950 3439 1467 3508 μεταγενεστέρου»
1512 3442 1778 3513 Ἀπήλλα-

197 3516 295 3581 ξας
315 3521 460 3589 ἡμᾶς
490 3524 852 3593 πραγμάτων.
886 3520 931 3579 ὦ
962 3527 1136 3595 φίλος,
1169 3529 1401 3595 ἐξειπὼν
1438 3533 1496 3584 τὸ
1535 3534 1783 3605 ἀπόρρη-

193 3628 288 3662 τον
330 3626 343 3640 ·
378 3613 427 3664 ει
453 3612 554 3682 μὲν
581 3614 689 3686 γὰρ
726 3615 915 3687 ἐώρων
944 3619 1004 3671 τὸ
1034 3620 1186 3689 παρὰ
1225 3621 1319 3674 σοῦ
1351 3622 1613 3694 προτεθὲν
1644 3625 1780 3694 λημ-

198 3705 395 3770 μᾶτιον
422 3706 481 3758 τὸ
512 3707 690 3776 λέγον,
715 3728 733 3759 r
762 3708 1034 3774 Ἕκαστος
1064 3713 1346 3784 γεννήτωρ
1379 3716 1641 3786 πρότερός
1669 3717 1783 3768 ἔστι

194 3798 293 3850 τοῦ
318 3799 523 3851 οἰκείου
541 3803 901 3869 γεννήματος,
935 3822 953 3855 ι
984 3803 1077 3855 ἐπὶ
1101 3802 1236 3856 Θεοῦ
1268 3804 1451 3875 χώραν
1480 3807 1783 3876 ἕχον,τάχα

194 3892 261 3943 ἂν
286 3892 381 3943 καὶ
411 3892 486 3963 μὴ
511 3892 679 3946 θέλων
707 3897 771 3965 τῇ
799 3894 1026 3968 ἀληθείᾳ
1056 3898 1536 3967 συνεφελκόμενος,
1585 3900 1678 3952 καὶ
1723 3898 1783 3951 τὸ

193 3983 451 4054 δεύτερον
477 3985 792 4055 ὡμολόγουν
817 4006 833 4019 ⁸
864 3988 984 4041 ἐπεὶ
1017 3990 1071 4042 δὲ
1104 3990 1264 4043 τοῦτο
1297 3991 1460 4044 ἕωλον
1482 3993 1573 4044 καὶ
1606 3992 1783 4061 πάντη

196 4074 396 4141 ψευδὲς
427 4075 520 4128 ἐπὶ
550 4075 688 4128 Θεοῦ
720 4078 813 4131 καὶ
852 4078 1131 4150 ἀλλότριον
1170 4083 1197 4134 ὁ
1235 4079 1391 4149 λόγος
1444 4082 1665 4148 ἔδειξεν,
1722 4083 1783 4135 οῦ

201 4184 271 4235 ιιιε
310 4167 471 4235 λόγος
506 4171 915 4238 καταναγκάσει
959 4174 1051 4225 καὶ
1082 4174 1142 4226 τὸ
1186 4175 1583 4245 ἐπιφερόμενον
1635 4175 1786 4229 ’τιθέ⁴

199 4275 290 4311 ναι
320 4275 335 4287 ·
365 4261 460 4312 καὶ
493 4261 597 4331 γὰρ
623 4261 715 4314 ἐὰν
744 4263 838 4316 δύο
865 4266 986 4317 τινὰ
1017 4259 1136 4329 ὦσι,
1171 4267 1347 4319 καὶτὸ
1376 4268 1474 4338 μὲν
1526 4270 1583 4320 ἐν
1636 4269 1787 4333 τάξει

199 4352 512 4419 ἡγουμένου
542 4354 819 4424 εἴληπται,
851 4357 910 4409 τὸ
950 4358 1004 4411 δὲ
1029 4361 1086 4412 ὲν
1112 4364 1177 4431 τῇ
1202 4360 1293 4413 τοῦ
1320 4362 1607 4432 ἑπόμενον,
1631 4362 1789 4431 δῆλον

199 4446 281 4497 ὅτι
316 4445 412 4497 τοῦ
441 4446 746 4515 ἡγουμένου
800 4451 1253 4522 ὁμολογηθέντος,
1305 4456 1401 4508 καὶ
1430 4457 1489 4509 τὸ
1526 4457 1791 4526 ἑπόμενον

200 4536 395 4603 Eque-cat
410 4552 422 4564 ·
445 4539 541 4607 οὐχ
557 4540 745 4607 ἕψεται
774 4542 851 4604 δὲ,
876 4544 968 4596 τοῦ
985 4546 1287 4613 ἡγουμένου
1306 4548 1567 4617 μηδαμῶς
1609 4549 1791 4618 ὀμολο.

201 4628 468 4698 γηθέντος
492 4649 505 4661 ·
547 4632 706 4686 τοῦτο
742 4633 797 4686 δὲ
849 4634 1007 4703 δῆλον
1050 4630 1150 4689 ὧδε
1183 4653 1197 4667 ·

206 4722 300 4773 καὶ
354 4722 495 4785 ζῶον
530 4738 545 4752 ·
586 4726 681 4776 καὶ
722 4725 783 4777 τὸ
839 4727 935 4795 μὲν
970 4727 1284 4797 ἄνθρωπος
1324 4730 1565 4801 εἰλήφθω
1623 4732 1788 4800 ἡγού-

210 4834 392 4886 μενος,
424 4819 484 4870 τὸ
520 4818 578 4869 δὲ
606 4818 742 4881 ζῶον
769 4821 1035 4889 ἑπόμενον
1067 4839 1080 4851 ο
1107 4824 1339 4895 φανερὸν
1381 4825 1474 4877 τοῦ
1503 4825 1788 4897 ἀνθρώπου

208 4909 521 4977 τιθεμένου,
581 4910 673 4961 καὶ
700 4910 761 4963 τὸ
812 4911 951 4976 ζῶον
1012 4913 1071 4977 ἐξ
1115 4915 1359 4986 ἀνάγκης
1404 4916 1595 4985 ἕψεται
1632 4934 1648 4949 ·
1692 4920 1790 4988 οὐχ

205 5000 401 5069 ἕψεται
431 5000 509 5063 δὲ,
537 5003 612 5071 μὴ
638 5002 925 5073 τιθεμένου
953 5005 1162 5058 ἐκείνου
1198 5024 1212 5039 ο
1245 5009 1487 5061 τοιοῦτόν
1539 5012 1653 5062 ἐστι
1695 5013 1790 5064 καὶ

210 5097 266 5146 τί
292 5094 447 5160 παρὰ
495 5094 589 5147 σοῦ
637 5095 1127 5168 δραματουργηθέν
1162 5115 1175 5129 ⁶
1219 5099 1301 5152 διὸ
1351 5102 1399 5152 εἰ
1462 5101 1560 5170 μὲν
1608 5100 1791 5170 χώραν

210 5186 303 5238 ἐπὶ
319 5184 460 5239 Θεοῦ
484 5182 629 5256 εἶχεν
656 5188 734 5251 τὸ,
756 5188 1057 5253 (Ἕκαστος
1080 5191 1361 5261 γεννήτωρ
1388 5192 1649 5263 πρότερός
1676 5193 1791 5243 ἐστι

211 5277 304 5330 τοῦ
328 5278 536 5330 οἰκείου
572 5282 931 5349 γεννήματος,
954 5300 972 5332 ›
996 5282 1151 5351 ἡμῶν
1166 5281 1570 5351 ὁμολογούντων
1587 5283 1648 5334 τὸ
1668 5300 1791 5335 συν·

213 5372 383 5423 αῑδιον
414 5371 560 5440 ἔχειν
594 5371 685 5422 τὸν
714 5373 931 5444 Πατέρα
971 5374 1065 5426 καὶ
1094 5373 1186 5425 τὸν
1222 5374 1367 5437 Υιὸν,
1423 5373 1655 5444 φανερὸν
1711 5375 1793 5427 ὅτι

216 5461 723 5534 κατηναγκέαζετοή
761 5464 953 5533 κλῆσις
1007 5464 1067 5529 ἐξ
1124 5464 1367 5535 ἀλλήλων
1412 5464 1791 5535 χωρισθῆναι·

168 5603 171 5605 .
217 5558 340 5612 ἐπεὶ
370 5558 429 5609 δὲ
453 5557 516 5609 τὸ
540 5557 806 5627 πρότερον
846 5557 946 5611 οὐκ
983 5558 1201 5628 ἀληθὲς,
1236 5558 1360 5611 οὐδὲ
1407 5557 1467 5611 τὸ
1504 5557 1792 5629 δεύτερονο

220 5653 311 5706 καὶ
337 5651 515 5714 οὕτως
542 5650 750 5718 ἠλίθιον
781 5652 1051 5721 ἀνέφανεν
1081 5651 1141 5704 τδ
1172 5651 1322 5721 παρὰ
1356 5650 1450 5705 σοῦ
1478 5650 1691 5721 λεχθέν.

290 5746 367 5812 ς’.
397 5746 510 5799 Καὶ
536 5744 738 5808 ἄλλως·
774 5745 838 5798 Εἰ
867 5745 955 5798 διὰ
984 5746 1082 5815 τὴν
1116 5745 1491 5816 συναῖδιότητα
1544 5744 1640 5797 τοῦ
1683 5744 1798 5797 Πα-

222 5838 344 5905 τρδς
374 5839 472 5890 καὶ
494 5836 626 5890 Υῐοῦ
650 5836 708 5903 ἐξ
746 5837 990 5907 ἀνάγκης
1028 5836 1132 5908 φὴς
1161 5837 1262 5900 τὰς
1304 5838 1519 5907 σχέσεις
1565 5835 1801 5907 κεχωρί-

229 5930 368 6001 σθαι,
401 5933 812 6001 καταναγκάσει
857 5932 1058 6003 μᾶλλον
1087 5934 1115 5987 ὁ
1142 5932 1299 6001 λόγος
1345 5932 1435 5987 διὰ
1474 5931 1573 6004 τὴν
1616 5931 1801 6002 σχέσιν

1875 2066 1997 2105 cum
2025 2052 2291 2106 creaturis
2324 2051 2574 2115 credunt,
2605 2060 2793 2105 errant
2825 2052 2951 2106 dum
2992 2052 3182 2105 eodem
3208 2066 3371 2105 sensu
3399 2060 3453 2104 et

1875 2143 1942 2197 de
1968 2142 2077 2198 Deo
2106 2152 2159 2196 et
2190 2142 2254 2197 de
2282 2143 2551 2197 creaturis
2576 2143 2758 2195 divina
2789 2143 3050 2197 vocabula
3094 2152 3320 2197 sumunt
3346 2159 3360 2209 ;
3399 2153 3454 2197 et

1875 2236 2028 2304 prius
2057 2236 2254 2291 lemma
2295 2251 2324 2289 a
2362 2236 2605 2290 secundo
2656 2236 3002 2300 excluditur;
3043 2234 3393 2303 vicissimque
3422 2252 3450 2286 ιι

1875 2327 2058 2397 priore
2088 2328 2412 2383 secundum.
2445 2328 2655 2381 Etenim
2690 2329 2734 2383 si
2763 2328 2943 2381 omnis
2982 2326 3194 2381 factura
3225 2325 3454 2380 inferior

1873 2428 1956 2476 est
1985 2419 2209 2486 factore,
2259 2429 2479 2490 propter
2542 2421 2817 2490 prior-atus
2877 2422 3192 2491 dignitatem
3239 2438 3254 2485 ;
3302 2423 3447 2491 quod

1875 2522 2054 2567 autem
2085 2524 2168 2567 est
2212 2529 2275 2567 ex
2302 2513 2543 2581 genitore
2567 2511 2824 2578 Verbum,
2852 2529 2914 2567 ex
2941 2513 3162 2567 factoris
3192 2513 3452 2569 factorem

1875 2604 2057 2674 arguit
2078 2619 2200 2659 esse
2230 2605 2385 2674 prius
2413 2621 2428 2669 ;
2463 2603 2599 2658 illud
2644 2605 2865 2673 quidem
2918 2612 2972 2658 et
3006 2604 3239 2659 inferius
3269 2607 3375 2659 erit
3400 2616 3455 2659 et

1874 2710 1983 2749 non
2014 2693 2279 2761 inferius,
2341 2695 2482 2749 idem
2511 2704 2565 2749 et
2597 2710 2705 2749 non
2745 2696 2906 2760 idem,
2943 2696 3086 2764 quod
3128 2705 3212 2751 est
3246 2696 3453 2767 impos-

1874 2788 2051 2843 sibile.

1944 2879 1997 2935 5.
2045 2880 2335 2934 Videamus
2369 2877 2482 2948 jam
2518 2878 2663 2950 quod
2698 2879 2771 2934 ibi
2819 2880 3061 2947 additur,
3093 2884 3165 2937 ita
3208 2884 3354 2938 enim
3396 2899 3457 2939 se

1876 2974 2038 3027 habet
2070 2992 2082 3027 :
2126 2990 2145 3024 ι
2182 2973 2319 3039 Quia
2352 2972 2396 3028 si
2432 2982 2589 3042 putes
2627 2988 2796 3026 unum
2830 2988 2953 3029 es~e
2989 2975 3316 3044 principium
3342 2991 3469 3043 am—v

1876 3066 2093 3130 borum,
2123 3066 2301 3120 Patris
2326 3066 2573 3120 videlicet
2598 3076 2763 3136 atque
2819 3065 2963 3132 Filii,
2994 3068 3139 3136 perit
3174 3069 3457 3125 relationis

1877 3160 2036 3222 ordo,
2079 3159 2510 3228 qumiutercedit
2553 3160 2697 3213 inter
2740 3159 3040 3229 genitorem
3074 3170 3129 3215 et
3168 3162 3405 3231 genitum
3439 3179 3453 3215 :

1880 3252 2202 3321 cogiturque
2235 3252 2521 3307 amborum
2546 3253 2839 3323 appellatio
2877 3253 3087 3323 sejungi
3122 3270 3151 3308 a
3202 3256 3458 3324 gignente

1880 3352 1933 3396 et
1958 3358 1987 3395 a
2018 3345 2223 3412 genito,
2262 3358 2292 3397 a
2332 3344 2740 3414 prazexsistente
2775 3354 2828 3399 et
2877 3346 3200 3414 posteriore.
3233 3364 3250 3397 ι
3297 3346 3455 3400 Libe-

1882 3435 2014 3487 rasti
2042 3450 2126 3490 me
2151 3436 2387 3506 negotio,
2421 3450 2455 3491 o
2481 3436 2663 3502 sodes,
2696 3452 2961 3491 arcanum
2997 3452 3287 3493 enarratis.
3321 3437 3453 3492 Nam

1882 3526 1927 3581 si
1969 3528 2099 3580 mihi
2133 3528 2528 3593 persuasissem
2568 3545 2596 3582 a
2630 3538 2681 3583 te
2731 3530 2933 3583 dietam
2979 3532 3306 3585 sententiam
3338 3546 3458 3601 quae

1882 3619 1988 3672 ait:
2014 3638 2031 3669 ι
2056 3617 2244 3673 Omnis
2273 3620 2483 3688 genitor
2509 3621 2657 3690 prior
2677 3630 2759 3677 est
2789 3624 3009 3692 proprio
3028 3623 3320 3693 genimiue,
3350 3642 3370 3676 ι
3404 3624 3457 3677 in

1882 3708 1992 3765 Deo
2044 3712 2373 3773 usuvenire,
2409 3710 2645 3767 fortasse
2694 3715 2913 3768 etiamsi
2969 3713 3195 3777 invitus,
3226 3716 3455 3769 veritate

1883 3803 2219 3872 compulsus,
2258 3806 2551 3859 secundam
2584 3806 2724 3859 hanc
2751 3822 2970 3876 quoque
3004 3807 3315 3862 confiterer.
3354 3807 3457 3861 Sed

1883 3896 2009 3964 quia
2065 3897 2213 3949 illam
2266 3896 2474 3951 futilem
2523 3914 2644 3953 esse
2706 3911 2873 3966 atque
2928 3900 3155 3955 omnino
3204 3899 3397 3954 falsam
3429 3916 3461 3955 a

1886 3987 2106 4058 Deoque
2156 3989 2390 4044 alienam
2445 4006 2627 4045 sermo
2686 4001 2870 4045 noster
2904 3992 3337 4054 demonstravit.
3376 4009 3462 4047 me

1887 4089 2033 4135 certe
2060 4082 2408 4135 ratiocinium
2446 4099 2555 4135 non
2580 4093 2737 4152 coget
2761 4083 3104 4152 subjunctam
3136 4086 3462 4139 sententiam

1888 4172 2044 4241 pensi
2072 4172 2290 4227 habere.
2321 4172 2454 4225 Nam
2496 4173 2539 4226 si
2565 4174 2674 4227 duo
2704 4172 2842 4227 forte
2866 4175 2994 4237 sint,
3029 4190 3261 4243 quorum
3297 4194 3461 4231 unum

1892 4263 2247 4331 priet-edentis
2308 4264 2428 4317 loco
2481 4264 2766 4328 habeatur,
2818 4265 3049 4317 alterum
3106 4280 3232 4319 vero
3271 4266 3464 4321 subse-

1892 4354 2113 4421 quentis
2139 4396 2151 4415 ,
2187 4363 2333 4423 patet
2360 4357 2699 4422 praecedente
2745 4370 3027 4420 concesso,
3061 4372 3298 4426 sequens
3325 4374 3464 4427 quo—

1893 4459 1998 4513 que
2030 4460 2351 4499 concessum
2380 4448 2441 4499 iri
2480 4467 2490 4501 :
2522 4463 2629 4500 non
2655 4458 2835 4502 tamen
2860 4450 3213 4515 concedetur,
3245 4451 3291 4504 si
3324 4466 3464 4519 prm-

1897 4537 2095 4590 cedeus
2163 4538 2313 4592 nullo
2374 4540 2533 4592 modo
2596 4542 2934 4594 admittatur.
2990 4540 3103 4596 lluc
3161 4554 3340 4597 autent
3390 4544 3468 4598 sic

1266 4639 1444 4692 Ἔστω
1498 4639 1594 4693 ἄνθ
1604 4658 1780 4703 ρωπος

1894 4628 2236 4697 explanatur.
2277 4630 2405 4683 Esto
2442 4631 2787 4701 humentque
2821 4633 3024 4687 animal
3054 4635 3317 4689 :etltomo
3346 4637 3469 4705 qui-
3514 4630 3525 4641 ’

1889 4725 2011 4777 dem
2043 4724 2113 4778 sit
2153 4726 2326 4779 instar
2375 4728 2753 4796 prazcedentis,
2789 4730 2991 4782 animal
3036 4730 3418 4799 subsequentis
3450 4747 3465 4785 :

1891 4826 2108 4871 Constat
2140 4818 2362 4871 homine
2389 4821 2695 4888 supposito,
2726 4822 2928 4874 animal
2965 4838 3185 4891 quoque
3213 4838 3466 4877 necessa—

1893 4907 1976 4962 rio
2001 4909 2467 4965 subsecuturum:
2504 4913 2643 4965 haud
2698 4924 2955 4979 sequetur
3000 4923 3207 4977 autem,
3247 4914 3469 4967 homine

1894 5015 2002 5052 non
2056 5003 2363 5071 supposito.
2420 5002 2549 5058 Tale
2593 5012 2678 5058 est
2709 5005 2982 5071 objectum
3015 5021 3044 5060 a
3089 5016 3139 5060 te
3180 5021 3471 5076 argumen-

1895 5100 2033 5146 tum.
2070 5095 2439 5159 Quamobrem
2474 5095 2519 5150 si
2553 5098 2606 5149 in
2634 5095 2747 5151 Deo
2780 5099 3095 5153 usuveniret
3122 5088 3424 5169 propositio
3455 5122 3466 5155 :

1900 5201 1918 5232 ι
1947 5181 2138 5237 Omnis
2161 5185 2374 5253 genitor
2401 5186 2550 5255 prior
2577 5198 2660 5241 est
2684 5188 2902 5256 pr0prio
2923 5189 3213 5257 genimiue,
3248 5209 3266 5241 ι
3298 5194 3470 5245 conli-

1898 5276 2138 5329 tentibus
2187 5277 2345 5332 nobis
2380 5288 2683 5331 romlernos
2720 5295 2838 5332 esse
2883 5281 3101 5335 Patrem
3147 5296 3211 5335 ac
3251 5282 3470 5347 Filium,

1898 5378 2044 5438 patet
2071 5378 2313 5424 mutuam
2344 5371 2763 5440 appellationem
2794 5374 3107 5428 necessario
3140 5391 3203 5428 ex
3239 5387 3474 5446 utroque

1898 5459 2016 5518 fore
2055 5463 2473 5534 sejungendam.
2522 5463 2625 5518 Sed
2652 5464 2781 5533 quia
2834 5466 2982 5534 prior
3014 5469 3318 5537 propositio
3347 5486 3469 5523 vera

1898 5571 2008 5609 non
2042 5567 2146 5616 est,
2174 5572 2239 5609 ne
2265 5557 2434 5611 altera
2454 5558 2695 5627 quidem.
2749 5558 2926 5627 Atque
2959 5560 3033 5613 ita
3069 5559 3222 5614 futile
3251 5573 3474 5630 apparet

1900 5657 2172 5721 prolatum
2205 5671 2231 5708 a
2264 5663 2314 5708 te
2337 5664 2741 5723 argumentum.

1971 5749 2024 5803 6.
2049 5750 2180 5804 Item
2216 5748 2372 5800 aliter
2401 5765 2413 5800 :
2442 5748 2497 5800 Si
2536 5757 2816 5817 propterea
2851 5749 2998 5817 quod
3044 5751 3298 5804 comterni
3350 5765 3477 5807 sunt

1902 5841 2063 5897 Pater
2088 5853 2151 5896 ac
2202 5839 2393 5905 Filius,
2429 5840 2513 5896 ais
2573 5840 2887 5895 necessario
2936 5843 3231 5897 relationes
3285 5860 3473 5899 eorum

1908 5934 2023 5991 fore
2086 5932 2487 6005 sejungendas,
2528 5936 2638 5989 imo
2691 5943 2849 6005 coget
2900 5934 3079 6004 potius
3129 5936 3472 5994 ratiocinium
