4168 6450
736 359 800 423 81
814 362 846 420 5

2018 364 2309 424 ΝΙΕΕΤίΕ
2351 368 2756 429 ΒΥΖΑΝΤΙΝΙ

3901 389 4003 452 816

740 478 990 526 nostrum
1023 482 1243 543 propter
1278 473 1619 535 relationem,
1645 473 2078 529 coxeternitatem
2105 494 2301 546 quoqttt

2424 478 2591 530 καὶτὸ
2622 478 2892 532 συναῖδιον
2920 480 3236 549 εἰσάγεσθαι
3272 501 3284 514 ·
3313 486 3403 538 καὶ
3441 487 3599 543 τοῦτο
3647 490 3805 561 δῆλον
3852 488 3954 548 ὧδε
3988 514 4001 525 ·

734 564 1015 619 inducere.
1042 569 1216 634 Atque
1242 566 1342 620 hoc
1369 567 1439 619 ita
1464 568 1792 620 ostenditur.
1829 566 2091 621 (ianitoris
2118 586 2313 623 uotueu

731 673 858 710 cum
894 658 962 711 sit
991 673 1053 709 ex
1089 658 1155 711 iis
1179 674 1302 727 quae
1332 668 1459 712 sunt
1489 660 1557 711 ad
1591 659 1793 728 aliquid
1823 701 1837 723 ,
1872 659 1937 712 ad
1990 661 2159 714 lilium
2218 662 2316 715 ba-

733 752 821 804 bet
849 751 1196 805 relationem.
1233 751 1365 817 Qua:
1394 761 1579 804 autem
1608 762 1738 806 sunt
1762 752 1826 804 ad
1860 753 2088 821 aliquid,
2124 755 2314 809 simul-

730 855 885 897 lanea
919 857 1128 900 naturae
1159 856 1284 899 sunt
1316 862 1329 897 :
1359 861 1481 915 quae
1520 856 1704 900 autem
1739 845 2064 901 situultanea
2108 858 2315 903 natura:

728 944 877 1002 sunt,
908 947 961 991 et
994 947 1203 992 suntet
1235 939 1363 990 item
1412 954 1519 991 non
1564 951 1710 991 sunt.
1759 937 2117 993 Concluditur
2160 957 2312 1011 ergo,

726 1038 950 1097 propter
985 1028 1305 1083 relationem
1356 1029 1686 1083 simultanca
1722 1043 1871 1091 esse;
1928 1031 2070 1099 quod
2121 1047 2311 1086 verum

723 1127 831 1185 est.
867 1117 930 1171 Et
971 1135 1071 1173 cur
1114 1130 1191 1185 tu,
1225 1135 1257 1174 ο
1310 1120 1496 1187 sodes,
1529 1124 1868 1175 contrarium
1922 1121 2180 1176 inducis?
2216 1124 2311 1194 qui

722 1222 950 1285 propter
977 1214 1433 1279 coaeternitatem,
1465 1215 1671 1270 videris
1699 1216 1861 1270 nobis
1888 1217 2099 1287 eripere
2128 1226 2311 1286 pater-

723 1307 909 1360 nitatis
946 1322 1011 1360 ac
1041 1305 1289 1361 ﬁlietatis
1339 1306 1661 1360 relationem
1693 1325 1705 1360 :
1732 1317 1954 1377 propter
1993 1308 2309 1363 relationem

722 1407 907 1451 autem
946 1399 1221 1469 gignentis
1250 1406 1303 1450 et
1330 1396 1518 1467 geniti,
1558 1396 1761 1451 videris
1791 1398 2059 1466 perimere
2086 1408 2311 1453 coaeter-

725 1492 953 1545 nitatem
1026 1500 1080 1545 et
1126 1489 1789 1544 consubstantialitatem.
1848 1489 1979 1543 Item
2027 1489 2306 1543 aliter:Si

718 1584 975 1652 genitoris
1010 1598 1228 1643 nomen.
1275 1581 1661 1636 cxsistentiam
1698 1581 1858 1635 simul
1918 1582 2136 1647 tribuit;
2189 1597 2311 1652 quae

723 1687 905 1732 autem
944 1676 1274 1730 simultanea
1308 1675 1645 1730 exsistentiaa
1678 1689 1707 1726 a
1745 1684 1793 1726 Ie
1814 1675 2185 1743 accipiuntur,
2225 1689 2309 1730 re-

726 1773 980 1825 lationctn
1021 1770 1325 1839 perimunt,
1376 1785 1497 1839 qua:
1525 1766 1815 1822 intercedit
1840 1768 1981 1821 inter
2009 1768 2307 1838 genitorem

2422 571 2494 622 Τὸ
2516 570 2818 639 γεννήτωρ
2840 570 3013 641 ὄνομα
3033 573 3141 625 τῶν
3161 575 3297 644 πρός
3325 595 3377 630 τι
3424 579 3504 643 ὃν,
3538 582 3673 649 πρὸς
3714 585 3829 636 υἱὸν
3889 587 4004 657 ἔχει

2418 662 2517 729 τὴν
2556 660 2836 730 ἀναφοράν
2866 678 2879 691 ·
2907 662 3051 715 τὰδὲ
3082 664 3217 732 πρός
3238 681 3312 733 τι,
3344 666 3459 736 ἆμα
3492 672 3557 739 τῇ
3595 673 3755 739 φύσει
3793 689 3809 704 ·
3842 676 3911 727 τὰ
3948 678 4004 727 δὲ

2417 752 2535 822 ἅμα
2565 754 2629 821 τῇ
2666 754 2849 819 φύσει,
2879 753 3017 824 ὁμοῦ
3047 756 3106 808 τέ
3163 758 3269 809 εἰσι
3310 761 3405 811 καὶ
3448 763 3548 816 οὑκ
3578 764 3684 816 εἰσί
3711 782 3725 796 ·
3767 768 4004 835 συνάγεο

2415 861 2507 897 ται
2546 846 2654 914 ἄρα
2682 844 2771 897 διὰ
2802 846 2900 917 τὴν
2924 848 3109 917 σχέσιν
3139 850 3255 920 ἅμα
3296 848 3437 904 εἶναι
3467 873 3481 886 ο
3514 856 3649 927 ὅπερ
3691 859 3840 912 ἐστὶν
3872 860 4006 930 ἁλη-

2416 938 2509 1002 θές
2540 952 2555 966 ’
2589 941 2683 992 καὶ
2716 941 2834 1004 πῶς
2878 944 2964 1008 σὺ,
2998 936 3043 995 ὦ
3078 943 3250 1011 φίλος,
3305 946 3365 999 τὸ
3428 949 3672 1001 ἐναντίον
3737 953 4002 1019 εἰσάγεις,

2415 1032 2510 1084 καὶ
2546 1033 2635 1085 διὰ
2662 1032 2760 1103 μὲν
2778 1034 2837 1087 τὸ
2861 1036 3152 1099 συναῖδιον,
3185 1039 3265 1101 εἰς
3295 1038 3393 1110 τὴν
3420 1043 3606 1110 σχέσιν
3635 1045 3740 1113 τῆς
3789 1047 4001 1114 πατρό-

2418 1141 2579 1193 τητος
2600 1128 2692 1178 καὶ
2717 1127 2965 1195 υἰότητος
2994 1130 3140 1199 ἡμᾶς
3165 1129 3341 1195 δοκεῖς
3369 1136 3766 1203 παρακροὺειν,
3812 1136 3904 1189 διὰ
3945 1138 4004 1190 δὲ

2411 1217 2511 1287 τὴν
2571 1220 2757 1287 σχέσιν
2810 1219 2905 1272 τοῦ
2955 1224 3279 1293 γεννήτορος
3310 1226 3403 1279 καὶ
3437 1228 3800 1297 γεννήματος,
3828 1231 3911 1292 εἰς
3945 1231 4005 1281 τὸ

2413 1309 2686 1361 συναῖδιόν
2714 1326 2774 1362 τε
2811 1311 2904 1363 καὶ
2930 1312 3253 1381 ὁμοοὺσιονς
3288 1316 3397 1368 Καὶ
3424 1316 3601 1381 ἄλλως
3631 1333 3645 1348 ο
3684 1321 3745 1371 Εἰ
3775 1321 3835 1372 τὸ
3865 1338 4002 1388 γεν-

2410 1401 2604 1469 νήτωρ
2642 1400 2815 1472 ὄνομα
2848 1403 2947 1473 τὴν
2970 1404 3063 1457 τοῦ
3092 1403 3229 1459 εἶναι
3263 1406 3378 1476 ἅμα
3409 1406 3644 1479 ὕπαρξιν
3693 1410 3899 1471 δίδωσι,
3933 1414 4003 1464 τὰ

2410 1497 2467 1550 δὲ
2490 1498 2605 1567 ἃμα
2635 1498 2701 1566 τῇ
2744 1497 2976 1568 ὑπάρξει
3012 1498 3155 1551 κατὰ
3180 1500 3240 1552 σὲ
3271 1500 3681 1571 λαμϐανόμενα,
3734 1503 4004 1556 ἀπόλλυσι

2410 1589 2512 1657 τὴν
2556 1586 2741 1658 σχέσιν
2801 1588 2902 1659 τὴν
2925 1585 3093 1643 οὖσαν
3138 1591 3204 1643 ὲκ
3258 1590 3355 1644 τοῦ
3401 1590 3724 1664 γεννήτορος
3774 1595 3913 1665 πρὸς
3943 1594 4006 1647 τὸ

2409 1677 2677 1749 γέννημα,
2706 1680 3000 1749 συνάγεται
3030 1683 3159 1754 ἄρα,
3178 1682 3241 1735 τὸ
3265 1684 3566 1755 γεννήτωρ
3596 1688 3789 1757 ὖνομα,
3823 1692 3918 1742 καὶ
3941 1692 4004 1741 τὸ

2413 1770 2681 1841 γέννημα.
2714 1775 2773 1828 ἐν
2801 1773 2984 1845 σχέσει
3005 1775 3161 1843 ὄντα,
3193 1776 3402 1847 ἄσχετα
3422 1774 3564 1833 εἶναι
3594 1795 3609 1810 ο
3656 1781 3793 1851 ὅπερ
3848 1783 4002 1836 ἐστὶν

714 1878 775 1919 et
805 1865 1088 1934 genitum;
1122 1862 1470 1917 concluditur
1498 1860 1686 1931 utique
1714 1862 1979 1930 genitoris
2013 1875 2234 1927 nomen,
2259 1870 2313 1916 et
2346 1846 2387 1907 Β
2416 1860 2636 1917 ἄτοπον.

720 1960 986 2028 genitum,
1024 1958 1258 2011 invicem
1316 1954 1631 2020 referentia,
1690 1970 1798 2009 non
1870 1969 1993 2009 esse
2053 1954 2309 2023 relativa;

720 2053 864 2123 quod
897 2065 979 2106 est
1001 2050 1320 2106 absurdum.

796 2140 847 2193 7.
886 2140 1072 2210 Pergis
1109 2155 1238 2192 vero
1290 2138 1473 2192 dicere
1521 2137 1602 2192 sic
1644 2156 1656 2191 :
1695 2157 1712 2189 ι
1745 2137 1885 2204 Quia
1944 2139 1991 2193 si
2028 2138 2311 2195 existimes

723 2248 891 2285 uutnn
926 2230 1255 2300 principium
1293 2230 1608 2292 amborum,
1665 2229 1842 2283 Patris
1886 2237 2051 2299 atque
2090 2228 2235 2283 Filii.
2284 2248 2303 2281 ι

720 2322 915 2387 Miror,
963 2336 997 2375 ο
1040 2322 1223 2384 sodes,
1281 2320 1560 2389 quodnam
1602 2330 1658 2373 tu
1710 2321 1844 2374 velis
1896 2322 2222 2390 principium
2256 2323 2308 2375 in

723 2415 841 2470 Deo
869 2429 1088 2484 ponere.
1123 2411 1455 2481 Principium
1495 2410 1850 2465 multifariam
1882 2411 2086 2464 dicitur
2116 2429 2129 2464 :
2160 2411 2309 2466 aliud

719 2515 805 2561 est
830 2506 976 2561 enim
1014 2502 1349 2565 effectivum,
1387 2503 1554 2557 veluti
1587 2513 1670 2557 cst
1696 2503 2034 2557 architectus
2060 2502 2308 2556 aedilicio-

717 2616 843 2655 t'um
877 2617 890 2654 :
924 2598 1075 2653 aliud
1126 2597 1431 2659 materiale,
1478 2594 1645 2650 veluti
1705 2595 1900 2649 tabulae
1934 2594 2089 2649 navis
2120 2612 2131 2648 :
2162 2594 2308 2649 aliud

722 2690 973 2756 l'ortnale,
1010 2688 1175 2743 veluti
1215 2696 1410 2742 statum
1445 2687 1667 2741 schema
1707 2704 1719 2738 :
1751 2684 1899 2739 aliud
1931 2686 2110 2750 linale,
2142 2686 2305 2740 veluti

719 2784 878 2839 navis
926 2782 994 2837 ad
1033 2782 1347 2837 rictualium
1383 2783 1819 2850 deportatimiem
1852 2798 1865 2833 :
1900 2779 2046 2833 aliud
2098 2779 2305 2834 instru-

732 2875 995 2937 nientale,
1032 2885 1092 2928 ut
1132 2873 1271 2928 fabri
1307 2872 1534 2925 niurarii
1567 2872 1711 2925 ascia
1748 2888 1761 2923 :
1793 2871 1941 2925 aliud
1973 2873 2304 2941 exemplare,

720 2970 887 3024 veluti
920 2977 1270 3038 prototypuin
1307 2964 1434 3019 facti
1489 2964 1675 3033 Operis
1716 2981 1728 3016 :
1776 2964 1926 3017 aliud
1976 2964 2301 3033 temporale,

720 3066 869 3119 velut
896 3080 983 3118 res
998 3061 1162 3115 facta:
1191 3075 1311 3130 quaa
1346 3059 1402 3113 in
1439 3069 1684 3126 tempore
1714 3058 1853 3111 lluut
1882 3065 1937 3112 et
1965 3066 2130 3111 sunt:
2158 3056 2307 3111 aliud

717 3157 949 3214 causale
978 3153 1386 3217 tantummodo,
1422 3150 1589 3209 veluti
1619 3150 1747 3204 Setli
1777 3165 1841 3205 ex
1871 3149 2143 3219 principio
2168 3165 2303 3219 quo-

719 3250 846 3305 dam
878 3257 931 3303 et
962 3261 1128 3302 causa
1160 3254 1317 3299 ortus
1344 3252 1449 3307 est,
1476 3258 1543 3297 ex
1575 3242 1785 3296 Adamo
1809 3241 2041 3295 scilicet.
2074 3239 2229 3295 Nunc
2252 3241 2298 3295 si

721 3352 977 3408 tanquam
1010 3351 1075 3390 ex
1100 3334 1370 3405 principio
1408 3332 1668 3402 quodam,
1692 3348 1791 3386 ceu
1820 3347 2005 3395 causa,
2033 3334 2170 3387 dicis
2197 3330 2299 3385 Pa-

719 3430 823 3485 tris
853 3445 917 3483 ae
943 3427 1067 3482 Filii
1106 3442 1274 3481 unum
1312 3424 1666 3495 principium,
1703 3424 1815 3495 jam
1854 3439 2030 3494 neque
2064 3424 2297 3479 alterum

720 3522 1044 3592 genitorem,
1088 3534 1263 3588 neque
1292 3519 1527 3572 alterum
1577 3532 1700 3573 esse
1730 3518 1973 3586 genitum
2014 3516 2294 3570 retinebis.

718 3612 853 3666 Nam
893 3612 1182 3680 cujusnam
1214 3610 1430 3678 genitor
1492 3608 1586 3674 sit,
1640 3609 1686 3662 si
1749 3618 2009 3677 tanquam
2065 3622 2130 3660 ex
2189 3607 2297 3660 alio

722 3702 989 3773 principio
1021 3708 1074 3753 et
1112 3714 1279 3754 causa
1316 3698 1530 3752 Patrem
1565 3712 1629 3751 ac
1660 3696 1859 3751 Filium
1917 3698 2069 3751 dicas
2109 3692 2297 3751 ortos?

716 3794 878 3847 Certe
910 3792 1237 3861 principium
1267 3806 1373 3844 non
1400 3791 1548 3845 dices
1573 3790 1878 3845 efl'ectivum
1905 3807 1921 3855 ;
1964 3805 2087 3843 nam
2114 3790 2158 3844 si
2196 3791 2296 3844 boc

719 3886 1008 3947 concedas,
1042 3886 1143 3939 erit
1168 3882 1262 3937 Dei
1295 3883 1457 3947 Deus,
1486 3893 1539 3937 et
1556 3884 1927 3951 rursusbujus
1945 3883 2088 3938 alius
2118 3882 2284 3949 Deus,

718 3989 773 4031 et
800 3980 901 4031 boc
929 3978 983 4031 in
1020 3975 1313 4029 infinitum.
1354 3974 1540 4043 Neque
1573 3975 1903 4044 principiqu
1934 3974 2085 4030 dices
2124 3985 2295 4030 mate-

720 4072 885 4137 riale;
927 4086 1034 4123 non
1072 4068 1220 4123 enim
1261 4078 1344 4122 est
1387 4068 1529 4122 Deus
1568 4069 1909 4137 compositus
1928 4078 1981 4122 et
2028 4069 2293 4123 materia-

719 4166 807 4218 lis.
839 4165 943 4217 Sed
983 4177 1160 4231 neque
1184 4160 1413 4215 fortnale
1460 4161 1823 4231 principium;
1864 4177 1986 4215 nam
2017 4164 2292 4232 quodnam

716 4256 921 4309 habere
948 4260 1243 4324 potuerunt
1274 4252 1501 4306 formale
1531 4253 1862 4321 principium
1893 4254 2050 4307 Pater
2104 4268 2169 4307 ac
2204 4252 2295 4306 Fi-

719 4346 861 4400 lius?
892 4356 1254 4417 preeterquam
1324 4344 1467 4413 quod
1518 4344 1973 4412 compositionem
2012 4360 2117 4399 non
2148 4346 2289 4399 vita-

719 4446 860 4491 rent.
901 4435 1087 4504 Neque
1120 4433 1359 4503 denique
1397 4434 1580 4500 ﬁnale,
1607 4435 1808 4489 etenim
1841 4436 1988 4490 nulla
2025 4452 2092 4491 ex
2119 4452 2287 4492 causa

713 4528 862 4583 Deus
894 4528 1159 4597 provenit.
1199 4524 1453 4594 Superest
1486 4526 1583 4579 tibi
1637 4526 1940 4595 temporale
1972 4542 2095 4582 esse
2140 4530 2289 4597 prin-
2324 4547 2365 4601 ι)

710 4620 920 4689 cipium
962 4617 1140 4671 Patris
1183 4632 1248 4670 ac
1282 4615 1435 4669 Filii.
1473 4616 1627 4681 Quod
1666 4617 1713 4671 si
1765 4618 1836 4670 ita
1865 4627 1971 4682 est,
2010 4618 2145 4687 ipsis
2174 4620 2299 4687 qui-

713 4714 839 4764 dem
872 4710 984 4764 lieri
1034 4709 1320 4780 contingit,
1353 4718 1408 4763 et
1439 4709 1737 4777 corrumpi,
1766 4717 1820 4762 et
1852 4709 1956 4762 alia
1991 4710 2294 4765 innumera.

713 4802 847 4855 Nam
874 4815 996 4870 qua;
1022 4800 1073 4853 in
1096 4809 1358 4869 tempore,
1392 4800 1521 4853 talia
1549 4810 1696 4855 sunt.
1728 4800 1975 4864 Constat,
2002 4810 2108 4853 non
2133 4817 2295 4870 posse

715 4897 769 4949 in
805 4897 914 4949 Deo
942 4892 1274 4964 principiqu
1320 4892 1880 4961 antiquiusinveniri.
1912 4895 2293 4963 thuomodo,

712 5002 745 5038 o
783 4986 965 5050 sodes,
1000 4985 1072 5038 ita
1100 4999 1129 5036 a
1168 4984 1327 5038 nobis
1346 4984 1650 5038 existimari
1693 4997 2051 5052 praesumens,
2081 4985 2289 5053 paralo—

710 5079 947 5148 gismum
996 5076 1293 5131 contextis?
1334 5074 1470 5130 Vere
1495 5076 1926 5130 detnoiistratum
1975 5076 2074 5130 tibi
2106 5076 2209 5131 fuit
2235 5078 2286 5131 id

710 5184 831 5224 esse
859 5168 1137 5223 stolidum.

776 5261 834 5315 8.
877 5260 982 5315 Sed
1011 5260 1293 5314 videamus
1324 5260 1487 5313 etiam
1524 5259 1652 5329 quid
1682 5260 1844 5328 paulo
1869 5258 2008 5313 infra
2037 5262 2283 5319 scribas:

717 5375 734 5405 ι
785 5353 927 5408 Deus
955 5354 1141 5407 omnia
1167 5352 1434 5421 sapientia
1464 5367 1561 5407 sua
1593 5353 1934 5422 gubernavit.
1969 5372 1987 5404 ι
2032 5352 2287 5411 Concedo

706 5445 815 5496 hoc
856 5440 1083 5495 libenter
1130 5438 1426 5494 admodum
1460 5455 1473 5491 :
1512 5440 1709 5492 etenim
1750 5440 2162 5509 euhypostatica
2194 5459 2283 5496 sa-

709 5535 906 5603 pientia
931 5549 1052 5598 sua,
1079 5547 1245 5603 quam
1302 5546 1485 5587 sermo
1536 5540 1721 5587 noster
1744 5533 2028 5604 perspicue
2055 5535 2283 5591 demon-

780 5739 855 5808 (ι)
894 5738 1326 5811 Enbypostatum
1366 5740 1442 5795 sic
1472 5740 1661 5794 definit
1688 5739 1747 5794 S.
1777 5739 2047 5795 Maximus
2078 5756 2268 5811 opusc.

710 5811 871 5865 tbeol.
916 5821 953 5864 t.
1006 5810 1071 5878 ll,
1105 5827 1155 5880 ιι.
1189 5812 1293 5866 Ἰ9;
1328 5811 1743 5876 Ἐνυπόστατον,
1782 5813 1840 5864 τὸ
1869 5813 2006 5865 κατὰ
2038 5813 2137 5882 τὴν
2181 5814 2275 5864 οὑ-

2480 2128 2526 2195 ξ’
2533 2149 2547 2163 ⁸
2594 2130 2910 2203 Ἐπιφέρεις
2932 2132 2991 2185 δὲ
3017 2131 3182 2188 πάλιν
3204 2132 3377 2198 οὕτως
3402 2151 3416 2167 ο
3438 2153 3456 2186 ι
3479 2135 3701 2208 Ἐπειδὴ
3732 2137 3827 2190 ἐὰν
3853 2138 4002 2209 ἡγῆ-

2412 2239 2501 2275 σαι
2529 2223 2658 2293 μίαν
2680 2224 2855 2294 ἀρχὴν
2891 2224 3225 2295 ἀμφοτέροις
3246 2225 3340 2278 τοῦ
3367 2243 3424 2279 τε
3455 2228 3667 2298 Πατρὸς
3696 2230 3957 2282 καὶΥἱοῦ.
3975 2250 3995 2282 ι

2410 2314 2728 2383 Θαυμάζειν
2775 2333 2865 2386 μοι
2906 2317 3219 2388 ἐπέρχεται,
3280 2311 3326 2372 ὦ
3396 2319 3585 2387 φίλος,
3641 2321 3833 2373 ὁποίαν
3881 2322 3997 2392 ἄρα

2414 2410 2577 2480 βούλῃ
2614 2411 2789 2480 ἀρχὴν
2814 2412 2907 2464 ἐπὶ
2935 2411 3072 2465 Θεοὺ
3090 2410 3298 2465 τιθέναι
3334 2429 3347 2443 ·
3385 2411 3484 2482 τῆς
3519 2414 3627 2482 γὰρ
3658 2414 3835 2484 ἀρχῆς
3862 2415 3999 2466 πολι

2409 2503 2591 2573 λαχῶς
2612 2504 2937 2574 λεγομένης,
2961 2506 3058 2575 τῆς
3095 2505 3194 2575 μὲν
3224 2505 3301 2568 ὡς
3330 2508 3643 2577 ποιητικῆς,
3674 2504 3787 2560 οἷον
3830 2508 3860 2560 ὁ
3901 2509 3999 2560 τέο

2409 2612 2554 2649 κτων
2578 2597 2684 2649 τῶν
2706 2596 3023 2666 οἰκημάτων
3050 2612 3065 2627 '
3095 2597 3195 2668 τῆς
3217 2598 3273 2651 δὲ
3296 2597 3370 2662 ὡς
3398 2598 3619 2668 ὑλικῆς,
3651 2593 3763 2651 οἷον
3806 2598 3865 2651 αἰ
3896 2617 4000 2653 σα-

2410 2690 2551 2751 νίδες
2595 2690 2691 2742 τοῦ
2725 2689 2911 2743 πλοίου
2945 2705 2959 2719 °
2986 2690 3085 2757 τῆς
3124 2690 3182 2743 δὲ
3234 2691 3310 2755 ὡς
3356 2692 3563 2761 εἰδικῆς
3614 2690 3755 2763 [οοά.
3794 2692 3997 2761 ίδικῆς.

2409 2778 2501 2833 Sic
2517 2790 2565 2833 et
2586 2778 2775 2852 infra],
2808 2776 2921 2833 οἷον
2953 2780 3046 2833 τοῦ
3070 2780 3388 2853 ἀνδριάντος
3415 2784 3474 2835 τὸ
3501 2782 3686 2852 σχῆμα
3719 2798 3733 2812 °
3778 2783 3875 2852 τῆς
3942 2784 3999 2835 δὲ

2407 2872 2480 2932 ὡς
2512 2871 2752 2942 τελικῆς,
2788 2867 2901 2925 οἷον
2924 2874 2983 2925 τὺ
3014 2872 3198 2926 πλοῖον
3222 2873 3356 2944 πρὸς
3378 2874 3603 2944 ἀγωγὴν
3625 2873 3734 2926 τῶν
3765 2874 3996 2943 χρειῶν*

2407 2962 2505 3030 τῆς
2534 2961 2590 3014 δὲ
2620 2961 2694 3025 ὡς
2724 2963 3053 3032 ὀργανικῆς,
3087 2959 3200 3016 οἷον
3231 2965 3479 3027 τέκτονος
3531 2965 3592 3018 τὸ
3634 2966 3947 3036 σκέπαρνον
3982 2984 3997 2996 ·

2407 3056 2504 3126 τῆς
2532 3056 2588 3108 δὲ
2606 3056 2678 3120 ὡς
2711 3057 3249 3129 παραδειγματικῆς,
3292 3059 3542 3131 καθάπερ
3604 3059 3666 3112 τὸ
3710 3062 3999 3130 πρωτότυ-

2409 3165 2509 3200 πον
2532 3148 2626 3200 τοῦ
2652 3150 2985 3219 παῳγώγου
3022 3165 3035 3179 ο
3064 3151 3162 3219 τῆς
3196 3150 3253 3202 δὲ
3280 3150 3355 3213 ὡς
3408 3152 3687 3222 χρονικῆς,
3739 3151 3999 3220 καθάπερ

2404 3239 2472 3290 τὰ
2503 3238 2763 3308 γινόμενα
2784 3240 2841 3291 ὲν
2872 3240 3046 3310 χρόνῳ
3082 3238 3321 3307 γίνονται
3343 3242 3433 3293 καὶ
3460 3243 3599 3295 εἰσί·
3660 3244 3757 3314 τῆς
3810 3244 3867 3296 δὲ
3918 3244 3999 3307 ὠς

2402 3329 2585 3391 αἰτίας
2640 3330 2734 3382 καὶ
2785 3330 2975 3398 μόνης,
3022 3328 3168 3383 καθὰ
3198 3332 3227 3385 ὁ
3264 3331 3371 3401 Σὴθ
3403 3332 3463 3398 ἐξ
3504 3332 3680 3402 ἀρχῆς
3708 3350 3857 3396 τινος
3899 3337 4001 3388 καί

2401 3420 2581 3483 αἰτίας
2617 3419 2788 3489 ἀνέφυ
2814 3418 2908 3473 τοῦ
2938 3420 3113 3490 Ἀδάμ
3142 3437 3157 3451 °
3194 3422 3242 3474 εἰ
3300 3420 3401 3491 μὲν
3430 3423 3538 3494 γὰρ
3558 3422 3635 3486 ὡς
3690 3423 3749 3489 ὲξ
3810 3425 4001 3495 ἀρχῆς

2399 3529 2542 3574 τινος
2572 3511 2646 3575 ὠς
2676 3512 2855 3575 αἰτίας
2887 3512 2992 3581 φὴς
3024 3512 3119 3565 τοῦ
3152 3513 3363 3584 Πατρὸς
3392 3516 3485 3568 καὶ
3518 3515 3611 3569 τοῦ
3660 3515 3796 3569 Υίοῦ
3853 3518 3997 3586 μίαν

2399 3600 2574 3671 ἀρχὴν
2604 3597 2765 3667 εἶναι,
2799 3602 2983 3654 οὐκέτι
3019 3602 3112 3654 τὸν
3147 3602 3249 3672 μὲν
3284 3606 3609 3675 γεννήτορά,
3641 3606 3731 3658 τὸν
3772 3606 3830 3659 δὲ
3866 3608 4001 3675 γέν-

2397 3711 2548 3763 νημα
2582 3693 2861 3762 φυλάξεις.
2896 3695 3050 3758 Τίνος
3079 3696 3187 3766 γὰρ
3214 3695 3281 3749 ἂν
3320 3698 3415 3749 καὶ
3445 3696 3527 3769 εἴη
3552 3700 3832 3770 γεννήτωρ
3852 3740 3867 3763 ,
3902 3701 3999 3752 ἐπ’

2396 3783 2461 3837 ἂν
2492 3785 2567 3847 ὡς
2596 3784 2655 3850 ἐξ
2684 3785 2851 3856 ἄλλης
2897 3788 3070 3857 ἀρχῆς
3118 3805 3178 3839 τε
3210 3789 3303 3840 καὶ
3322 3789 3500 3851 αἰτίας
3527 3790 3617 3843 τὸν
3648 3790 3870 3863 Πατέρα
3898 3794 4001 3847 καὶ

2400 3874 2526 3927 Υἰὸν
2580 3876 2686 3945 φὴς
2752 3875 3061 3945 ἀναφύναι;
3118 3876 3229 3930 οὐδ’
3264 3877 3435 3947 αὐτὴν
3464 3877 3540 3941 ὡς
3566 3882 3858 3951 ποιητικήν
3894 3897 3911 3912 ·
3945 3882 3999 3934 εἰ

2396 3967 2505 4035 γάρ
2527 3967 2685 4021 τοῦτο
2713 3967 2839 4039 δῷς,
2870 3970 3022 4022 ἔσται
3052 3969 3145 4022 τοῦ
3173 3969 3308 4023 Θεοῦ
3336 3970 3489 4037 Θεὸς,
3533 3974 3629 4026 καὶ
3658 3973 3819 4026 πάλιν
3867 3975 4001 4027 τοὺ-

2396 4074 2489 4111 του
2546 4058 2724 4123 ἄλλος,
2768 4060 2864 4113 καί⁸
2913 4060 3071 4115 τοῦτο
3102 4063 3189 4115 ἐπ’
3222 4063 3449 4133 ἄπειρον
3483 4079 3497 4093 ·
3556 4064 3665 4117 οὐδ’
3694 4065 3868 4133 αὐτὴν
3914 4066 4000 4131 ὠς

2397 4149 2591 4219 ὑλικήν
2622 4167 2639 4230 ζ
2670 4152 2731 4203 οὑ
2760 4151 2868 4221 γάρ
2888 4153 3036 4205 ἔστιν
3070 4155 3097 4206 ὁ
3123 4153 3255 4217 Θεὸς
3278 4154 3530 4219 σύνθετός
3556 4173 3615 4209 τε
3646 4157 3741 4209 καὶ
3774 4158 3992 4220 ἕωλος

2395 4241 2531 4295 ἀλλὰ
2570 4242 2677 4313 μὴν
2705 4244 2826 4297 οὑδὲ
2852 4244 2949 4315 τὴν
2975 4246 3050 4308 ὼς
3072 4246 3313 4317 εἰδικήν·
3353 4248 3476 4301 τίνα
3518 4248 3627 4319 γὰρ
3667 4251 3761 4302 καί
3809 4251 3997 4321 ἔχοιεν

2394 4334 2604 4404 εἰδικὴν
2640 4335 2815 4406 ἀρχὴν
2845 4338 2873 4389 ὁ
2916 4337 3105 4408 Πατὴρ
3134 4339 3228 4391 καὶ
3278 4338 3445 4404 Υἰόςς
3506 4342 3599 4392 καὶ
3655 4340 3831 4406 οὑτως
3884 4345 3998 4411 τὴν

2396 4426 2647 4481 σύνθεσιν
2676 4428 2777 4481 οὑκ
2810 4428 3169 4497 ἐκφεύξονται
3206 4446 3221 4461 ’
3247 4429 3359 4482 οὐδ’
3387 4430 3557 4501 αὑτὴν
3606 4431 3681 4495 ὡς
3733 4433 3993 4505 saluti)»,

2393 4520 2635 4584 ἀναίτιος
2665 4522 2818 4591 γὰρό
2848 4520 2979 4585 Θεὸς
3014 4537 3026 4550 ·
3062 4522 3311 4575 λείπεται
3344 4522 3486 4576 κατὰ
3545 4524 3603 4575 σὲ
3658 4525 3758 4595 τὴν
3796 4544 3992 4595 χρονι-

2394 4612 2496 4682 κὴν
2514 4612 2689 4683 ἀρχὴν
2725 4610 2865 4667 εἶναι
2896 4615 2990 4667 τοῦ
3023 4615 3236 4684 Πατρὸς
3266 4615 3358 4667 καί
3390 4614 3518 4668 Υἱοῦ
3548 4631 3561 4645 ·
3588 4616 3637 4668 εἰ
3686 4615 3744 4669 δὲ
3801 4617 3988 4685 τοῦτο,

2394 4708 2486 4758 καὶ
2512 4707 2763 4775 γίνεσθαι
2796 4709 2863 4762 ἂν
2904 4710 3103 4773 αὑτοὺς
3140 4710 3451 4781 συμϐαίνει,
3496 4712 3590 4764 καὶ
3638 4711 3987 4783 φθείρεσθαι.

2397 4800 2490 4850 καὶ
2522 4800 2658 4853 ἄλλα
2691 4802 2861 4871 μυρία
2891 4819 2903 4831 ·
2934 4802 3003 4855 τά
3037 4804 3144 4873 γὰρ
3175 4806 3235 4856 ἐν
3277 4806 3455 4875 χρόνῳ
3493 4804 3719 4857 τοιαῦτα
3754 4821 3768 4835 ·
3816 4824 3993 4875 φανε.

2398 4891 2488 4961 ρόν
2519 4892 2601 4942 ὅτι
2628 4892 2726 4943 οὑκ
2751 4893 2897 4945 ἔστιν
2932 4896 3025 4945 ἐπὶ
3052 4895 3187 4947 Θεοῦ
3221 4895 3395 4966 ἀρχὴν
3434 4896 3716 4967 ἀνωτέραν
3750 4897 3940 4968 εὑρεῖν

2394 4982 2488 5033 καὶ
2514 4982 2651 5047 πῶς,
2681 4977 2730 5035 ὦ
2755 4984 2927 5051 φίλος,
2959 4988 3034 5048 ὡς
3062 4985 3313 5053 ἡγεῖσθαι
3368 4985 3547 5039 λαϐὼν
3599 4987 3689 5039 τὸν
3739 4990 3992 5058 παραὶο-

2394 5075 2612 5142 γισμὸν,
2644 5077 3006 5145 συρράπτειςς
3044 5079 3153 5131 Καὶ
3199 5077 3342 5131 οὕτω
3379 5078 3651 5132 δέδεικται
3684 5081 3778 5133 καὶ
3816 5082 3985 5137 τοῦτό

2395 5181 2479 5217 σοι
2501 5165 2728 5235 ἠλίθιον.

2458 5266 2527 5328 η’.
2558 5258 2697 5312 Ἀλλ’
2750 5260 2948 5330 ῑδωμεν
2988 5262 3041 5314 τί
3115 5265 3212 5317 καὶ
3252 5264 3391 5335 μετὰ
3435 5264 3643 5335 βραχέα
3691 5266 3937 5337 γράφεις
3970 5284 3987 5300 ·

2394 5374 2412 5406 ι
2462 5354 2520 5406 Ὀ
2543 5354 2598 5407 δὲ
2628 5353 2760 5415 Θεὸς
2807 5353 2869 5406 τὸ
2918 5355 3026 5408 πᾶν
3054 5358 3119 5426 τῇ
3169 5357 3332 5429 σοφίᾳ
3361 5357 3527 5411 αὑτοῦ
3557 5357 3919 5428 ἑκυσέρνησε.
3960 5379 3982 5411 ι

2389 5447 2656 5518 Σὺμφημι
2689 5446 2845 5513 κάγὼ
2875 5448 2969 5500 καὶ
3005 5449 3149 5519 μάλα
3177 5450 3368 5520 ἡδέως·
3400 5454 3467 5521 τῇ
3503 5451 3604 5521 μὲν
3636 5451 3745 5521 γὰρ
3772 5452 3988 5505 ἀνυπο-

2383 5541 2564 5609 στάτῳ
2616 5538 2692 5609 (1)
2743 5538 2911 5593 αὑτοῦ
2960 5541 3145 5612 σοφία,
3177 5542 3245 5612 ἢν
3299 5544 3328 5596 ὀ
3390 5542 3547 5612 λόγος
3599 5542 3833 5613 δύναμιν
3877 5544 3989 5614 τὴν

2385 5744 2506 5797 σίαν
2533 5743 2733 5808 κοινὸν,
2757 5745 2924 5814 ἤγουν
2947 5746 3006 5799 τὸ
3032 5740 3192 5811 εἶδος,
3228 5745 3289 5798 τὸ
3333 5745 3391 5799 ὲν
3415 5747 3527 5807 τοῖς
3552 5744 3645 5797 ὑπ’
3670 5744 3805 5798 αὐτὸ
3850 5747 3986 5799 d26-

2387 5832 2508 5885 μοις
2548 5816 2955 5886 πραγματικῶς
3002 5818 3407 5887 ὑφιστάμενον,
3467 5817 3558 5871 καὶ
3602 5817 3703 5870 οὑκ
3755 5816 3984 5889 ἐπινοίᾳ
