4168 6450
175 426 279 489 817

1310 423 1742 487 BEFUTATIO
1780 421 2256 489 MOHAMEDIS.

3323 431 3438 495 srs

171 548 351 617 αὐτὴν
401 544 497 598 καὶ
527 545 699 615 Δόγον
744 544 838 598 καὶ
890 544 1018 599 Υἱὸν
1048 541 1263 615 τρανῶς
1300 543 1490 610 ἔδειξε,
1538 544 1600 597 τὸ
1650 540 1759 593 πᾶν

1881 542 2058 595 stravit
2097 541 2333 598 Verbum
2377 558 2494 597 esse
2523 560 2588 598 ac
2640 542 2863 609 Filium,
2900 543 3083 599 omnia
3135 546 3441 613 constituit,

175 637 587 707 συνεστήσατο,
635 638 730 690 καὶ
781 638 1128 707 ἐφανέρωσεν
1177 637 1235 689 ἐν
1283 638 1397 699 τοῖς
1431 635 1615 706 ἔργοις
1662 633 1762 703 τὴν

174 728 377 782 ἑαυτοῦ
412 729 653 798 ποίησιν
701 730 794 782 καὶ
846 730 928 783 ὅτι
977 729 1094 782 ἔστι
1123 728 1254 790 Θεὸς
1288 723 1370 791 εἷς
1419 728 1513 781 ἐπὶ
1544 728 1764 780 πάντων

176 821 509 889 ὑπερούσιος
537 820 659 873 καθ’
697 821 733 876 ἆ
776 821 879 875 πού
912 839 997 885 τις
1041 820 1153 876 τῶν
1178 822 1310 892 παρ’
1333 822 1466 891 ἡμῖν
1497 820 1764 889 θεολόγων

177 915 395 981 συνῳδὰ
450 912 663 979 τούτοις
725 917 830 986 ἔφη
856 931 871 946 ⁶
913 934 931 968 ι
998 917 1074 972 Τὰ
1129 916 1239 986 γὰρ
1299 916 1522 985 ἀόρατα
1577 919 1763 972 αὐτοῦ

176 1006 305 1061 ἀπὸ
364 1008 618 1073 κτίσεως
661 1009 895 1073 κόσμου
943 1007 1069 1075 τοῖς
1120 1008 1411 1077 ποιήμασι
1467 1010 1765 1078 νοούμενα

175 1094 521 1163 καθορᾶται,
553 1097 592 1164 ἢ
622 1113 685 1150 τε
716 1097 903 1164 ἀΐδιος
952 1098 1141 1152 αὐτοῦ
1184 1100 1416 1165 θειότης
1438 1115 1451 1129 ο
1501 1118 1519 1150 ι
1573 1101 1666 1151 καὶ
1695 1099 1766 1152 τὰ

172 1186 395 1249 τούτοις
427 1186 705 1255 σύστοιχα’
743 1187 825 1241 διὸ
853 1189 956 1242 κᾶν
989 1186 1064 1257 μὴ
1106 1187 1288 1259 θέλῃς,
1320 1191 1439 1250 ταῖς
1466 1189 1763 1258 ἡμετέραις

172 1277 495 1345 ὁμολογίαις
530 1277 787 1346 συνᾴδῃς·
836 1277 1198 1348 παρακατιὼν
1228 1278 1283 1331 δὲ
1329 1277 1525 1348 μικρὸν
1557 1280 1636 1341 εἰς
1664 1281 1764 1349 τὴν

178 1369 487 1439 μοναρχίαν
546 1367 640 1421 τοῦ
689 1367 825 1422 Θεοῦ
877 1369 972 1421 καὶ
1026 1368 1496 1441 ύπερουσιότητα,
1532 1371 1769 1440 γράφεις

174 1459 377 1519 οὕτως·
417 1476 436 1508 ι
496 1459 641 1511 Διότι
688 1460 782 1512 ἐὰν
841 1454 955 1529 εἶχε
998 1462 1254 1514 κοινωνὸν
1311 1461 1391 1523 εἰς
1424 1461 1522 1532 τὴν
1566 1444 1763 1514 ἑαυτοῦ

177 1549 503 1619 βασιλείαν,
564 1549 757 1621 ἔμελλε
799 1550 1053 1621 δέχεσθαι
1090 1551 1444 1615 ἐναντίωσιν,
1495 1553 1527 1625 ἢ
1578 1555 1764 1622 ἐνδεὴς

174 1638 326 1711 εἶχεν
372 1638 511 1695 εἶναι
563 1643 844 1713 ὑπουργοῦ
884 1643 980 1697 τοῦ
1024 1645 1247 1698 διοικεῖν
1278 1645 1375 1713 τὴν
1400 1646 1766 1715 δημιουργίαν

175 1734 369 1788 αὐτοῦ.
431 1754 450 1787 ι
495 1735 814 1804 Θαυμάζειν
862 1754 950 1804 μοι
982 1738 1159 1789 ἔπεισι
1193 1739 1417 1793 τοιαῦτα
1457 1741 1763 1810 γράφοντός

178 1846 297 1884 σοιν
323 1831 444 1884 οὐδὲ
477 1832 585 1901 γὰρ
610 1832 824 1902 συνορῶ
858 1832 953 1889 ἐπὶ
977 1832 1112 1885 Θεοῦ
1138 1833 1220 1896 τίς
1246 1836 1278 1905 ἡ
1310 1834 1545 1904 ἀνάγκη,
1579 1838 1611 1907 ἢ
1653 1854 1767 1891 κοιο

178 1923 391 1985 νωνούς
444 1940 599 1985 τινας
649 1926 750 1993 τῆς
804 1922 1115 1993 βασιλείας,
1149 1924 1180 1995 ἢ
1212 1925 1421 1978 ἔνδειαν
1464 1926 1767 1995 ὑπουργίας

175 2016 273 2068 τοῦ
304 2016 527 2069 διοικεῖν
572 2018 665 2069 τὸν
710 2016 907 2070 ἑαυτοῦ
939 2017 1144 2088 κόσμον
1172 2019 1510 2087 είσάγεσθαν
1536 2022 1632 2074 καὶ
1662 2024 1763 2076 ὅσα

176 2107 389 2171 τούτοις
441 2108 738 2177 ὲπεφέρεις·
774 2109 865 2162 τὸν
905 2111 1009 2179 γὰρ
1065 2111 1206 2164 Θεὸν
1261 2112 1355 2165 καλ⁸
1409 2114 1626 2185 Πατέρα
1675 2118 1767 2170 τὸν

176 2198 378 2252 ἑαυτοῦ
407 2198 535 2251 Υἱὸν
565 2198 708 2250 κατὰ
750 2200 926 2253 πάντα
975 2200 1162 2270 ὅμοιον
1209 2202 1435 2277 ἔχοντα,
1485 2205 1625 2277 πλὴν
1665 2207 1767 2277 τῆς

178 2290 509 2358 ἀγεννησίας
543 2292 637 2342 καὶ
682 2291 781 2359 τῆς
812 2292 1118 2373 γεννήσεως
1146 2311 1161 2326 ·
1192 2295 1350 2363 ἡμῶν
1373 2297 1429 2349 δὲ
1472 2298 1596 2367 μηδ’
1631 2299 1768 2363 ὅλως

178 2381 243 2434 τὸ
268 2382 527 2433 κοινωνὸν
564 2380 975 2450 ὁμολογούντων
999 2384 1091 2436 ἐπὶ
1131 2384 1224 2437 τοῦ
1257 2388 1467 2455 Πατρὸς
1497 2387 1587 2441 τὸν
1617 2388 1766 2453 Υἱὸν,

177 2474 285 2525 οὐκ
325 2467 427 2525 οἶδ’
455 2472 602 2533 ὅπως
632 2473 779 2540 ἡμᾶς
823 2474 1165 2546 παραλογίζῃ
1195 2474 1228 2544 ἢ
1270 2478 1495 2531 σεαυτὸν
1538 2480 1771 2543 καὶτοῖς

180 2562 385 2617 ἑαυτοῦ
410 2568 631 2637 πτεροῖς
658 2565 876 2637 ἁλίσκῃ·
912 2568 1104 2621 ἔστιδὲ
1136 2569 1197 2621 τὸ
1231 2571 1380 2641 παρὰ
1411 2571 1505 2624 σοῦ
1530 2573 1770 2642 σόφισμα

179 2656 428 2731 τοιοῦτον
453 2674 467 2687 °
516 2659 641 2712 Ἐὰν
672 2660 763 2714 δύο
796 2660 916 2712 τινὰ
945 2653 1068 2725 ὦσι,
1110 2662 1203 2714 καὶ
1245 2662 1308 2715 τὸ
1340 2662 1440 2731 μὲν
1472 2663 1772 2717 καθολικώ-

182 2766 369 2820 τερον,
398 2750 460 2804 τδ
488 2751 546 2804 δὲ
587 2754 681 2805 ἐπὶ
733 2754 957 2823 μέρους,
1004 2748 1117 2807 οἷον
1172 2755 1232 2808 τό
1280 2772 1337 2807 τε
1373 2754 1508 2821 ὕειν,
1565 2758 1661 2827 καὶ
1709 2760 1772 2810 τὸ
1822 2748 1825 2753 ’

187 2841 481 2913 βεδρὲχθαι
513 2842 613 2913 τὴν
645 2843 768 2913 γῆνσ
802 2844 861 2897 τδ
892 2847 991 2915 μὲν
1020 2848 1129 2915 γὰρ
1156 2846 1293 2910 ῦειν,
1321 2844 1619 2902 ἐπέλαττόν
1655 2849 1771 2903 ἐστι

184 2933 282 2987 τοῦ
317 2934 635 3005 βεσρὲχθαι·
664 2937 725 2989 οὑ
750 2936 859 3007 γὰρ
881 2938 1249 3007 ἀντιστρέφειο
1281 2939 1473 2993 τούτου
1507 2940 1563 2994 δὲ
1596 2943 1770 3005 ὄντος,

183 3024 350 3095 δῆλον
384 3028 468 3080 ὅτι
499 3028 595 3080 καὶ
636 3028 697 3080 τὸ
745 3028 931 3081 λοιπὸν
965 3028 1137 3090 ἔσται,
1182 3026 1293 3083 οἷον
1336 3031 1397 3084 τὸ
1428 3031 1541 3085 ῦειν
1593 3035 1775 3088 καὶτὸ

190 3115 510 3195 βεδρέχθαι·
556 3114 677 3172 εἶτα
714 3119 807 3172 τοῦ
857 3120 1045 3173 λοιποῦ
1076 3120 1246 3184 ὄντος,
1278 3123 1441 3193 φήσει
1473 3141 1556 3188 τις
1588 3128 1682 3179 καὶ
1716 3128 1775 3180 τὸ

1868 632 2347 704 manifestavitque
2395 636 2655 704 operibus
2699 635 2960 691 facturam
3007 652 3187 701 suam,
3217 647 3271 693 et
3298 641 3444 709 quod

1867 728 2009 781 Deus
2045 742 2185 780 unus
2215 728 2299 795 ζεὶι
2326 743 2488 797 super
2513 730 2698 782 omnia
2735 729 3296 796 supersubstantialis,
3333 732 3441 787 sic-

1867 818 1944 872 uti
1998 818 2215 887 quidam
2264 806 2330 871 de
2388 819 2652 890 theologis
2702 820 2906 875 nostris
2956 831 3323 877 consonanter
3364 824 3447 879 bis

1866 909 2047 963 dixit:
2086 908 2384 963 lnvisibilia
2441 910 2579 963 enim
2634 911 2801 979 ipsius
2862 926 2894 962 α
2944 924 3190 963 creatura
3239 912 3446 973 mundi.

1865 1019 1958 1071 per
2009 1019 2069 1055 ea
2123 1019 2240 1071 qua:
2288 1002 2435 1071 facta
2495 1012 2652 1065 sunt,
2703 1001 2968 1055 intellecta
3015 1003 3449 1071 conspiciuntur;

1870 1096 2185 1162 sempiterna
2211 1098 2413 1165 (pioque
2438 1093 2552 1161 ejus
2578 1094 2747 1148 deitas
2766 1093 2833 1158 “,
2865 1103 2919 1148 et
2950 1094 3036 1147 his
3058 1104 3445 1153 consentanea.

1870 1188 2231 1252 Quamobrem
2260 1185 2394 1239 velis
2425 1185 2566 1240 nolis
2593 1184 3033 1240 confessionibus
3069 1186 3276 1240 nostris
3313 1201 3451 1241 cou-

1869 1277 2089 1331 senties.
2123 1277 2474 1345 Aliquantum
2508 1291 2640 1330 vero
2676 1290 2997 1345 progressus
3033 1278 3099 1331 ad
3144 1276 3236 1333 Dei
3271 1278 3451 1332 unita-

1867 1380 1970 1422 tem
2005 1379 2058 1423 et
2115 1368 2820 1437 supersubstantialitatem,
2859 1368 2940 1422 sic
2989 1368 3069 1422 ais
3107 1387 3121 1422 :
3160 1388 3179 1419 ι
3228 1370 3363 1435 Quia
3401 1369 3448 1424 si

1867 1462 2177 1516 societatem
2212 1462 2448 1529 aliquam
2494 1462 2578 1514 sui
2632 1462 2781 1527 regni
2818 1461 3062 1522 haberet,
3090 1462 3449 1516 contrarieta-

1870 1562 1973 1607 tem
2006 1568 2226 1623 quoque
2254 1561 2582 1621 experturus
2606 1561 2769 1605 esset.
2811 1552 2902 1605 Vel
2930 1561 3079 1607 certe
3113 1563 3259 1607 esset
3297 1551 3451 1621 adju-

1867 1647 2001 1700 toris
2034 1646 2254 1713 indigns
2296 1646 2361 1696 ad
2400 1644 2569 1698 creati
2600 1644 2667 1697 ab
2696 1658 2754 1698 se
2787 1645 2972 1697 mundi
3018 1644 3450 1700 administratio-

1869 1755 2012 1792 nem.
2088 1756 2106 1788 ι
2174 1736 2342 1789 Miror
2402 1737 2513 1791 lucc
2570 1752 2600 1790 a
2664 1745 2716 1791 te
2770 1735 2935 1789 scribi
2997 1737 3254 1790 :nullam
3306 1738 3451 1798 enim

1870 1831 2246 1886 necessitatem
2302 1830 2460 1884 video
2524 1828 2819 1883 inducendi
2881 1830 2962 1883 vel
3016 1828 3195 1884 socios
3238 1830 3452 1899 aliquos

1870 1925 2043 1994 regni,
2074 1925 2154 1979 vel
2181 1924 2439 1992 adjutorii
2498 1922 2853 1991 indigentiam
2903 1921 2971 1976 ad
3005 1922 3192 1976 mundi
3221 1923 3455 1977 admini-

1870 2018 2205 2079 strationem,
2236 2009 2317 2068 vel
2339 2014 2601 2083 quidquid
2647 2014 2729 2067 his
2749 2023 2804 2067 tu
2828 2014 3131 2083 subiungis.
3155 2014 3289 2069 Cum
3308 2018 3453 2071 enim

1871 2127 1971 2167 nos
1996 2112 2354 2165 contiteamur
2392 2109 2560 2163 Deum
2589 2102 2803 2161 Patrem
2838 2108 3037 2161 habere
3062 2105 3259 2162 Filium
3293 2124 3453 2163 suum

1869 2216 2098 2271 prorsus
2132 2200 2236 2255 sibi
2270 2200 2528 2266 similem,
2574 2208 2799 2270 excepta
2844 2198 3193 2270 generatione
3222 2201 3454 2272 ejusque

1870 2286 2192 2366 negatione;
2226 2311 2403 2365 neque
2428 2304 2607 2350 tamen
2662 2296 2979 2351 societatem
3033 2295 3200 2348 ullam
3228 2312 3455 2366 prorsus

1871 2389 2117 2449 dicamus
2169 2387 2349 2442 Patris
2410 2402 2473 2442 ac
2529 2386 2683 2451 Filii;
2746 2387 2889 2441 haud
2944 2386 3103 2441 video
3159 2402 3259 2441 cur
3295 2390 3457 2443 nobis

1874 2480 2055 2535 fucum
2095 2480 2272 2535 facere
2303 2480 2458 2535 velis.
2498 2479 2641 2535 Sane
2673 2480 2777 2535 tuis
2812 2480 2945 2548 ipsis
2986 2480 3177 2549 pennis
3218 2482 3456 2550 caperis.

1872 2570 1967 2623 E~t
2001 2581 2181 2624 autem
2221 2569 2499 2639 sophisma
2526 2579 2677 2624 tuum
2715 2570 3029 2639 huiusmodi
3061 2587 3076 2623 :
3105 2569 3161 2624 Si
3193 2569 3302 2625 duo
3326 2570 3455 2633 sint,

1871 2674 1925 2717 et
1958 2678 2125 2715 unum
2162 2661 2382 2732 quidem
2430 2661 2779 2735 generalius,
2821 2662 2964 2717 aliud
3005 2663 3257 2733 partiale,
3292 2664 3463 2728 veluti

1873 2764 1957 2811 εει
1988 2756 2193 2823 pluere,
2231 2764 2284 2809 et
2311 2766 2509 2808 terram
2545 2753 2823 2809 madefieri
2851 2773 2866 2809 :
2899 2770 3020 2809 nam
3050 2756 3238 2825 pluere.
3270 2756 3459 2809 minus

1874 2858 1977 2909 cst,
2007 2863 2171 2916 quam
2205 2857 2404 2899 terram
2438 2846 2751 2901 madeﬁeri:
2784 2863 2889 2901 non
2913 2850 3056 2901 enim
3089 2847 3458 2912 convertitur;

1884 2940 2030 3007 quod
2074 2940 2118 2993 si
2172 2948 2276 3001 εει,
2334 2946 2478 3006 patet
2529 2938 2759 2992 alterum
2809 2954 3026 3008 quoque
3076 2940 3207 3002 fore,
3271 2940 3322 2994 id
3353 2948 3460 3003 εει,

1878 3032 2062 3102 pluere
2092 3042 2144 3085 et
2182 3032 2480 3085 madetieri.
2511 3030 2712 3086 Deinde
2734 3032 2778 3085 si
2830 3032 3057 3087 alterum
3080 3041 3184 3095 est,
3204 3032 3346 3087 dicet
3372 3031 3464 3085 all-

1876 3126 2001 3194 quis
2049 3125 2277 3178 alterum
2320 3140 2538 3194 quoque
2588 3124 2724 3188 fore,
2754 3125 3282 3193 paralogismumque
3312 3122 3457 3185 facit,

187 3209 378 3262 λοιπον
415 3204 556 3262 εἶναι
581 3228 594 3241 ·
628 3212 719 3263 τόν
751 3214 1168 3285 παραλογισμὸν
1202 3219 1346 3267 ποιεῖ
1387 3216 1531 3271 οὕτω
1576 3220 1762 3272 καλού-

1881 3217 1949 3269 ita
2005 3216 2333 3286 appellatum
2390 3217 2528 3286 quia
2583 3232 2688 3270 non
2717 3218 3053 3271 convertitur
3081 3217 3246 3271 etiam
3277 3215 3464 3270 subsc-

193 3296 357 3370 μενον
392 3301 544 3371 παρὰ
582 3301 643 3353 τὸ
693 3303 768 3371 μὴ
803 3304 1189 3375 ἀντιστρέμν,
1226 3308 1320 3358 καὶ
1357 3308 1429 3360 ’τὸ
1490 3310 1777 3377 ἑπόμενον.

265 3391 334 3445 0'.
367 3392 622 3446 Τοιοῦτόν
649 3412 699 3447 τι
730 3397 931 3459 καύτὸς
957 3399 1014 3448 ἐν
1043 3401 1156 3460 τοῖς
1190 3401 1339 3470 παρὰ
1371 3401 1466 3454 σοῦ
1517 3407 1780 3473 γραφεῖσι

193 3486 526 3557 πεποίηκας·
558 3488 651 3541 δύο
688 3490 798 3559 γὰρ
827 3490 1017 3553 ὄντων,
1058 3492 1237 3543 κοινόν
1277 3509 1332 3545 τε
1380 3494 1474 3545 καὶ
1503 3498 1776 3559 κοινωνός·

195 3579 383 3631 καὶτὸ
426 3580 528 3649 μὲν
558 3581 844 3646 ὲπιπλέον,
874 3576 986 3635 οἷον
1028 3582 1090 3635 τὸ
1126 3584 1322 3637 κοινόνο
1357 3585 1419 3637 τὸ
1462 3586 1518 3638 δὲ
1551 3588 1780 3640 ὲπέλατ-

194 3688 310 3733 τον,
342 3664 457 3724 οἷον
487 3672 548 3725 τὸ
580 3674 887 3740 κοινωνός·
920 3678 948 3728 ό
986 3677 1084 3746 μὲν
1118 3678 1227 3747 γὰρ
1255 3680 1511 3743 κοινωνὸς
1535 3673 1595 3732 οὗ
1625 3681 1783 3748 λέγε-

192 3780 287 3816 ται
320 3764 610 3829 κοινωνὸς,
657 3765 733 3828 ὡς
762 3770 939 3820 κοινόν
977 3786 1029 3821 τι
1070 3769 1207 3838 ἔχων
1239 3770 1460 3837 λέγεται
1505 3775 1780 3837 κοινωνόςο

198 3857 300 3908 οὐκ
326 3859 380 3909 εί
406 3874 458 3909 τι
489 3858 545 3910 δὲ
571 3859 749 3911 κοινόν
794 3877 846 3911 τι
879 3860 1014 3928 ἔχων
1043 3862 1161 3930 μεθ’
1193 3864 1405 3931 ἑτέρου,
1436 3866 1647 3936 ἀνάγκη
1691 3869 1786 3920 καὶ

201 3946 461 3999 κοινωνὸν
495 3948 662 4001 αὐτοῦ
702 3948 980 4017 λέγεσθαι’
1005 3951 1151 4016 λίθος
1177 3955 1285 4023 γὰρ
1308 3955 1439 4025 λίθῳ
1463 3958 1530 4009 ού
1566 3958 1784 4025 λέγεται

202 4038 484 4102 κοινωνὸς,
518 4041 637 4092 ἐπεὶ
673 4045 823 4112 κοινὴ
850 4044 1175 4116 ἀμφοτέρων
1204 4049 1235 4115 ἡ
1260 4049 1437 4102 ούσὲα·
1469 4050 1787 4107 ὼσαύτωςδὲ

202 4130 300 4182 καὶ
327 4131 493 4192 ἵππος
523 4130 696 4200 ἶππᾯν
728 4135 913 4203 κοινὴν
944 4136 1040 4187 καὶ
1063 4137 1190 4204 μίαν
1231 4139 1424 4191 οὐσίαν
1462 4140 1700 4211 ἔχοντες,
1724 4145 1787 4197 οὐ

202 4223 458 4289 λέγονται
490 4224 737 4277 κοινωνοί
758 4240 771 4251 '
806 4228 856 4279 εἰ
904 4222 996 4280 οὖν
1038 4228 1098 4281 τὸ
1131 4231 1309 4283 κοινὸν
1339 4234 1617 4301 ἐπιπλέων,
1648 4237 1706 4290 τὸ
1733 4238 1790 4290 δὲ

210 4308 508 4378 κοινωνός
540 4318 853 4376 ἐπέλαττοψ
893 4320 1053 4388 ἡμῶν
1093 4321 1149 4374 δὲ
1194 4322 1460 4390 λεγόντων
1490 4327 1672 4398 κοινὴν
1702 4331 1793 4382 καὶ

204 4406 509 4477 ἀμέριστον
554 4406 700 4475 ἔχειν
730 4408 822 4460 τὸν
870 4408 1090 4478 Πατέρα
1140 4413 1241 4481 τὴν
1276 4414 1471 4468 ἑαυτοῦ
1513 4417 1793 4485 βασιλείαν

206 4498 347 4567 πρὸς
372 4502 466 4551 τὸν
484 4499 675 4552 ἑαυτοῦ
699 4500 841 4563 Υίδν,
861 4502 1024 4565 αὐτὸς
1055 4507 1377 4575 μεταφέρων
1407 4509 1661 4577 γράφεις·
1685 4529 1705 4563 ‹
1732 4514 1792 4565 Et

1886 3326 2080 3377 quens.

1957 3400 2006 3455 9.
2052 3400 2179 3454 Tale
2211 3402 2351 3471 quid
2402 3409 2456 3454 tu
2522 3415 2743 3470 quoque
2796 3398 2972 3455 fecisti
3027 3400 3078 3453 in
3116 3400 3320 3470 scripto
3350 3409 3464 3454 tuo.

1884 3482 2018 3544 Nam
2060 3505 2185 3545 cum
2217 3491 2324 3543 duo
2349 3490 2480 3548 sint.
2517 3502 2809 3542 commune
2861 3497 2913 3541 et
2942 3489 3387 3551 communicatis;
3415 3496 3469 3544 et

1885 3582 2016 3636 illud
2042 3581 2263 3650 quidem
2292 3581 2549 3649 amplius,
2585 3580 2635 3633 id
2660 3588 2763 3641 est,
2788 3594 3115 3643 commune;
3149 3580 3253 3635 hoc
3282 3591 3462 3635 autem

1888 3677 2212 3736 restrictius,
2241 3673 2291 3727 id
2322 3682 2425 3737 est,
2469 3674 2868 3729 communicans
2898 3688 2916 3726 :
2948 3674 3148 3727 etenim
3196 3674 3289 3743 qui
3318 3690 3468 3728 conr-

1888 3768 2133 3822 munieat
2175 3767 2374 3821 dicimr
2412 3766 2852 3827 communicaris,
2890 3776 3158 3835 quatenus
3180 3782 3468 3820 commune

1888 3859 2094 3928 aliquid
2127 3860 2325 3913 habet:
2350 3850 2695 3927 nequaquam
2723 3870 2901 3911 autem
2925 3873 3047 3912 eum
3074 3858 3472 3927 quiconunune

1826 4018 1829 4023 η
1888 3953 2094 4021 aliquid
2124 3952 2285 4006 habet
2306 3968 2431 4005 cum
2450 3952 2559 4005 alio
2582 3992 2596 4013 ,
2630 3962 2850 4005 necesse
2866 3960 2947 4005 est
2973 3950 3465 4005 commnnicantem

1890 4047 2064 4100 eidem
2094 4046 2315 4100 dicere:
2347 4060 2470 4097 nam
2523 4043 2661 4112 lapis
2722 4058 2830 4097 non
2880 4044 3079 4098 dicitur
3118 4042 3279 4112 lapidi
3311 4058 3465 4096 com-

1894 4137 2207 4196 municans,
2236 4134 2367 4204 quia
2384 4135 2692 4189 communis
2718 4134 3101 4203 estutriusque
3126 4134 3465 4187 substantia:

1894 4224 2145 4279 similiter
2178 4239 2360 4293 equus
2422 4237 2584 4291 equo,
2641 4221 2731 4291 qui
2802 4236 3147 4275 communem
3198 4236 3470 4287 unamque

1895 4317 2259 4371 substantiam
2289 4316 2508 4378 habent,
2545 4331 2650 4369 non
2682 4314 2937 4369 dicuntur
2963 4314 3426 4369 communicantes
3446 4330 3465 4366 ς

1897 4412 1941 4465 si
1970 4425 2099 4480 ergo
2134 4424 2447 4472 commune,
2506 4409 2627 4477 plus
2680 4417 2796 4473 est;
2855 4407 3246 4460 communicatis
3288 4414 3469 4459 autem

1901 4505 2125 4556 minus:
2152 4501 2309 4556 nobis
2336 4517 2463 4554 vero
2508 4501 2815 4555 dicentibus
2863 4514 3153 4554 commune
3183 4506 3237 4552 ει
3276 4495 3472 4551 indivi-

207 4593 365 4661 κοινὴ
411 4591 657 4661 βασιλεία
706 4596 800 4647 καὶ
829 4596 1047 4659 ἐξουσία
1101 4598 1234 4667 πρὸς
1278 4599 1423 4662 Υιὸν,
1457 4603 1673 4665 πάντως
1700 4607 1779 4659 κα¹

1899 4595 2055 4648 sibile
2090 4595 2290 4648 habere
2336 4591 2550 4646 Patrem
2618 4607 2845 4662 regnum
2908 4607 3068 4645 suum
3100 4604 3223 4645 cum
3256 4588 3475 4657 proprio

209 4686 470 4747 κοινωνὸς
501 4686 652 4739 ἔσται
684 4689 712 4740 ό
748 4689 872 4751 Υἱὸς
920 4688 1014 4743 τοῦ
1053 4691 1266 4761 [ἰατρὸς
1294 4692 1392 4762 τῆς
1439 4694 1603 4748 αὐτοῦ
1637 4697 1792 4765 βασι-

208 4777 384 4840 λείας·
431 4797 448 4829 ι
490 4782 584 4831 καὶ
630 4782 975 4855 παραλογίζῃ
1009 4784 1209 4851 μᾶλλον
1235 4786 1379 4855 ἥπερ
1410 4788 1578 4857 ἡμᾶς,
1626 4792 1793 4844 ποιῶν

209 4871 304 4923 τὸν
335 4871 753 4943 παραλογισμὺν
782 4876 935 4945 παρὰ
963 4874 1023 4927 τὸ
1042 4878 1117 4944 μὴ
1142 4873 1497 4947 ἀντιστρέφον
1529 4882 1793 4950 καλούμε-

211 4977 321 5015 νον·
360 4964 457 5016 καὶ
484 4963 643 5017 τοῦτο
677 4966 844 5019 ποιῶν
867 4966 1045 5031 δοκεῖς
1069 4968 1270 5038 μᾶλλον
1306 4970 1525 5039 ἀγνοεῖν
1568 4974 1631 5026 τὸ
1678 4994 1803 5032 κοι-

213 5058 410 5123 νωνὸς
439 5056 611 5127 ὄνομα
643 5059 736 5111 ἐπὶ
762 5060 923 5113 τίνων
955 5061 1181 5125 εἰκότως
1215 5062 1308 5115 καὶ
1340 5063 1455 5118 ἐστι
1486 5070 1580 5122 καὶ
1602 5073 1804 5140 κυρίως

214 5148 461 5216 λέγεται,
495 5150 592 5202 καὶ
620 5150 710 5203 διὰ
752 5151 912 5206 τοῦτο
940 5154 1126 5218 κακῶς
1152 5155 1248 5209 ἐπὶ
1275 5156 1411 5210 Θεοῦ
1447 5162 1801 5233 μεταφέρεις-

216 5241 279 5293 τδ
308 5243 421 5312 γὰρ
448 5242 737 5309 κοινωνὸς
775 5244 947 5315 ὄνομα
997 5248 1099 5307 οὐκ
1157 5250 1246 5301 ἐπ’
1291 5250 1455 5304 ἄλλου
1484 5252 1632 5307 δοκεῖ
1659 5256 1802 5310 τίθε-

222 5331 371 5393 σθαι,
416 5331 535 5382 ἀλλ’
560 5327 641 5393 οἷς
684 5333 999 5401 ἰδιαζόντως
1032 5338 1125 5391 καὶ
1175 5337 1645 5411 ἀποτετμημένως
1685 5346 1801 5410 ἐνὸς

225 5423 465 5477 ἑκάστου
516 5423 579 5475 τὸ
629 5424 788 5494 ἔργον
817 5427 1185 5494 ἀποτελεῖται,
1222 5433 1488 5486 καὶκατὰ
1524 5434 1801 5505 σύμϐασιν

227 5515 645 5586 προαιρετικὴν,
701 5519 795 5571 καὶ
852 5522 1258 5592 συμπειθισμὸν
1314 5525 1371 5577 ὲν
1423 5526 1605 5595 ταυτῷ
1662 5528 1803 5598 πρά-

296 5652 343 5683 “
374 5650 539 5705 Rern.
577 5668 614 5716 ι,
638 5652 728 5707 9.0.

235 5818 363 5887 ψιλῇ
389 5817 785 5889 (θεωρούμενον.
852 5818 1291 5890 Enhypostntum,
1334 5821 1470 5890 quod
1528 5838 1799 5876 commune

238 5890 518 5945 secundum
551 5892 905 5946 substantiam
941 5902 1016 5947 est
1044 5892 1315 5955 ,‘videtiret
1358 5892 1551 5961 species
1596 5910 1713 5960 qua:
1745 5893 1798 5947 in

1904 4685 2058 4749 Filio,
2090 4696 2143 4739 tu
2197 4684 2416 4737 inverso
2447 4699 2698 4739 sermone
2749 4683 2944 4736 scribis
2994 4701 3005 4733 :
3046 4700 3062 4729 ι
3097 4681 3152 4733 Si
3186 4694 3475 4731 conmmne

1901 4788 1984 4833 est
2018 4792 2241 4846 regnum
2279 4784 2332 4828 et
2364 4783 2606 4842 potestas
2634 4789 2757 4828 cum
2809 4773 2967 4833 Filio,
2997 4786 3221 4840 prorsus
3248 4782 3297 4822 et
3327 4785 3476 4821 com-

1903 4873 2189 4927 munieans
2236 4869 2341 4922 erit
2405 4867 2570 4921 Filius
2605 4883 2771 4933 regno
2832 4865 3003 4918 Patris
3059 4865 3141 4917 sui
3180 4882 3192 4915 :
3230 4883 3247 4914 ι
3274 4863 3475 4931 tibique

1904 4964 2089 5019 illudis
2123 4962 2305 5033 potius
2354 4977 2519 5031 quam
2575 4960 2764 5021 nobis,
2820 4957 3237 5027 parnlogismum
3274 4954 3475 5007 faciens

1903 5058 1957 5111 in
1995 5071 2059 5109 eo
2108 5055 2254 5123 quod
2308 5069 2416 5106 non
2473 5052 2747 5105 alternat:
2778 5050 2939 5118 idque
2992 5046 3228 5107 faciens,
3276 5034 3475 5099 videris

1903 5149 2083 5220 potius
2117 5148 2390 5217 ignorare,
2449 5143 2771 5198 vocabulum
2830 5140 3221 5194 communicans
3259 5139 3323 5191 de
3350 5137 3475 5206 qui-

1904 5244 2134 5297 busnam
2178 5247 2324 5293 recte
2374 5236 2698 5305 proprieque
2744 5233 2959 5287 dicatur
3012 5250 3025 5286 :
3081 5246 3143 5284 ac
3196 5237 3475 5298 propterea

1908 5334 2048 5389 male
2078 5332 2144 5385 ad
2178 5330 2344 5383 Deum
2383 5326 2645 5382 transfers
2674 5344 2687 5379 :
2721 5341 2843 5379 nam
2884 5325 3205 5379 vocabulum
3236 5336 3475 5374 commu-

1909 5430 2092 5483 nicans
2143 5425 2212 5479 de
2260 5424 2368 5476 alio
2424 5420 2574 5474 nullo
2634 5419 2764 5487 poni
2818 5419 3049 5479 videtur,
3103 5429 3267 5484 quam
3305 5413 3373 5466 de
3412 5412 3478 5465 iis

1908 5536 2142 5593 quorum
2194 5515 2409 5588 proprie
2471 5513 2804 5584 pmciseque
2856 5509 3286 5579 uniuscujusque
3341 5519 3486 5575 opus

1910 5822 2217 5881 individuis.
2247 5836 2365 5890 quo:
2398 5818 2493 5872 sub
2529 5818 2643 5890 ipse
2687 5826 2829 5879 sunt,
2859 5814 3070 5890 reatiter
3092 5812 3354 5875 subsistit,
3390 5824 3479 5862 nec

1907 5894 2046 5947 nudo
2077 5886 2279 5946 tantum
2313 5891 2499 5947 mentis
2533 5889 2763 5960 cogitatu
2786 5886 3167 5943 consideratur.
