4168 6450
731 381 834 445 819

2009 384 2299 444 NlCET/E
2349 384 2751 443 BYZANTINI

3877 388 3991 451 820

733 493 1028 562 perﬁcitur,
1055 510 1175 549 cum
1212 511 1277 550 ex
1316 496 1675 551 conventione
1714 497 1911 565 pra-via
1952 506 2005 549 et
2031 498 2293 550 soliditate

2406 476 2595 562 γματι,
2628 494 2722 547 δύο
2774 495 2805 563 ἦ
2852 496 3067 565 τρεϊςῆ
3118 497 3213 548 καὶ
3254 497 3495 559 πλείονες
3543 497 3751 552 τούτων
3812 501 3891 563 εἰς
3926 505 3992 556 τὸ

733 604 785 640 ιιι
817 588 1005 641 eodem
1053 589 1287 656 negotio,
1330 589 1438 642 duo
1470 588 1549 641 vel
1584 597 1692 642 tres
1730 597 1819 642 aut
1842 587 2038 655 plures,
2068 589 2131 640 ad
2162 589 2300 640 idem

733 682 1003 749 negotium
1060 689 1414 735 concurrunt.
1455 678 1632 733 Veluti
1691 681 1735 733 si
1799 680 1923 747 quis
1971 680 2299 732 rhetoricam

734 781 905 825 artem
945 774 1097 841 prius
1142 790 1234 841 per
1282 788 1340 826 se
1390 772 1564 838 ipsum
1620 772 1995 825 tantummodo
2028 780 2297 835 exerceat,

730 867 921 920 deinde.
947 868 1141 935 aliquis
1200 868 1339 921 alius
1392 867 1455 919 ad
1505 884 1627 919 cum
1664 866 1901 927 accedat,
1936 874 1989 918 et
2022 880 2141 917 mox
2171 880 2300 915 con-

727 958 982 1010 ventione
1015 959 1210 1025 praevia
1256 968 1306 1010 ct
1338 973 1629 1018 consensu,
1688 957 1749 1009 ad
1804 957 2126 1009 rhetoricam
2173 974 2299 1025 pro-

728 1048 1020 1101 fessionem
1097 1050 1440 1103 concorditer
1502 1059 1869 1113 concurrant;
1946 1058 2072 1101 Illllc
2139 1050 2300 1101 a'nbo

726 1142 973 1195 dicentur
1016 1141 1118 1195 hac
1164 1142 1215 1193 in
1267 1157 1322 1194 re
1366 1142 1853 1194 communicantes.
1892 1142 2083 1193 Verum
2123 1141 2300 1193 enim-

729 1249 856 1284 vero
890 1234 973 1292 iis,
1006 1248 1235 1299 quorum
1283 1248 1468 1301 opera,
1505 1233 1775 1294 voluntas,
1802 1232 2137 1293 deliberatio,
2170 1249 2297 1299 ope-

730 1324 886 1383 ratio,
931 1336 982 1376 et
1012 1325 1301 1377 concordia
1337 1325 1714 1390 inseparabilis
1743 1336 1933 1393 suapte
1973 1335 2162 1377 natura
2193 1332 2297 1383 est,

723 1416 998 1482 quomodo
1066 1418 1523 1471 communicantis
1593 1418 1915 1471 vocabulum
2000 1415 2299 1483 congruct?

725 1507 950 1559 Minime
988 1524 1229 1574 prorsus.
1274 1508 1455 1573 Quare
1508 1526 1631 1564 cum
1695 1510 1900 1563 Patrem
1934 1508 2168 1561 dicimus
2196 1508 2297 1561 ali-

722 1598 849 1661 quid
883 1600 1079 1657 facere,
1114 1598 1307 1652 Filium
1372 1617 1589 1669 quoque
1651 1611 1702 1654 et
1756 1599 2015 1670 Spiritum
2048 1609 2297 1653 sanctum

726 1692 1164 1758 inseparabiliter
1229 1694 1389 1746 simul
1441 1693 1614 1746 facere
1669 1694 1906 1747 dicimus
1956 1710 1969 1746 :
2025 1703 2077 1746 et
2138 1692 2297 1747 unius

723 1785 987 1851 operatio,
1019 1802 1045 1835 a
1081 1786 1252 1837 tribus
1282 1802 1387 1837 non
1412 1796 1495 1838 est
1519 1787 1765 1852 scjuncta
1796 1803 1808 1838 :
1836 1785 2127 1853 omnisque
2166 1799 2297 1853 ope-

2407 586 2538 637 αὐτὸ
2574 587 2804 655 πρᾶγμα
2845 587 3205 657 συνέρχοιντο’
3258 582 3368 640 οἷον
3404 589 3689 658 ῥητορεύει
3735 609 3820 653 τις
3859 595 3991 645 καθ’

2408 678 2599 730 ἑαυτὸν
2626 676 2685 728 τὸ
2713 679 2911 730 οἰκεῖον
2946 679 3266 749 σπούδασμα
3307 681 3563 746 ἐκτελῶν,
3592 685 3687 735 ἐὰν
3715 683 3874 745 ἄλλος
3898 702 3992 747 τις

2406 773 2542 839 πρὸς
2570 771 2731 823 αὑτὸν
2759 772 3011 838 ἀφίκοιτο
3042 775 3135 825 καὶ
3184 773 3327 826 κατὰ
3362 774 3635 844 σύμϐασιν
3658 793 3992 846 προαιρετι-

2406 863 2508 932 κὴν
2556 866 2647 916 καὶ
2699 866 3096 933 συμπειθισμὸν
3132 868 3212 928 εἰς
3244 867 3305 918 τὸ
3352 867 3452 936 τῆς
3500 870 3789 939 ῥητορείας
3819 869 3992 939 ἔργον

2404 955 2802 1023 ὁμογνωμόνως
2843 956 3168 1008 συνέλθοιεν·
3219 957 3459 1023 λέγοιντο
3491 958 3555 1011 ἂν
3595 961 3854 1030 ἑκάτερος
3902 964 3991 1022 εἰς

2402 1045 2561 1097 τοῦτο
2592 1047 2858 1099 κοινωνοξο
2896 1044 2976 1112 οἷς
2996 1048 3050 1101 δὲ
3083 1050 3144 1100 τὸ
3187 1048 3347 1119 ἔργον
3383 1052 3476 1103 καὶ
3505 1052 3538 1117 ἡ
3574 1049 3813 1119 θέλησις,
3850 1051 3989 1120 βού-

2402 1138 2557 1207 λησίς
2593 1157 2649 1189 τε
2681 1140 2774 1191 καὶ
2802 1141 3050 1211 ἐνέργεια
3082 1142 3174 1193 καὶ
3200 1143 3421 1210 ὁμόνοια
3455 1144 3776 1206 ἁδιάστατος
3815 1161 3988 1210 φυσι-

2408 1230 2513 1293 κῶς
2549 1232 2606 1281 ὲν
2650 1233 2833 1295 αὐτοῖς
2872 1234 3153 1299 πρόσεστι,
3189 1235 3301 1297 πῶς
3334 1235 3399 1287 ἂν
3435 1238 3528 1289 καὶ
3557 1236 3739 1304 χώραν
3778 1236 3892 1299 ἕξει
3922 1237 3989 1287 τὸ

2402 1321 2495 1374 τοῦ
2552 1323 2811 1374 κοινωνοῦ
2854 1322 3059 1393 ὅνομας
3095 1326 3156 1378 οὑ
3206 1328 3305 1393 μὲν
3348 1326 3462 1378 οὗν·
3504 1328 3583 1379 διὸ
3616 1328 3706 1379 τὸν
3758 1328 3987 1393 Πατέρα

2402 1414 2652 1481 λέγοντες
2680 1418 2856 1467 ποιεῖν
2906 1433 2978 1475 τι.
3013 1418 3103 1469 καὶ
3133 1418 3224 1470 τὸν
3273 1419 3401 1471 Υἱδν
3435 1421 3527 1472 καὶ
3559 1420 3617 1471 τὸ
3668 1420 3888 1485 Πνεῦμα
3923 1418 3989 1468 τὸ

2403 1502 2556 1569 ἅγιον
2582 1503 2967 1569 ἀδιασπάστως
2992 1504 3108 1575 ἅμα
3133 1504 3363 1575 λέγομεν
3390 1509 3582 1561 ποιεῖν·
3617 1507 3710 1558 καὶ
3732 1505 3826 1557 τοῦ
3860 1506 3985 1565 ἐνὸς

2401 1599 2434 1665 ὴ
2466 1597 2737 1665 ἐνέργεια,
2773 1597 2881 1650 τῶν
2911 1599 3076 1663 τριῶν
3116 1600 3229 1661 πὼς
3269 1602 3383 1652 ἐστι
3433 1600 3506 1668 μὴ
3562 1598 3983 1667 διασχιζομένη·

2402 1687 2623 1758 καὶγὰρ
2660 1689 2807 1741 πᾶσα
2834 1688 3082 1758 ἐνέργεια
3118 1694 3149 1759 ή
3177 1691 3361 1743 θεόθεν
3390 1691 3672 1761 διήκουσα,
3708 1692 3800 1742 καὶ
3834 1694 3985 1742 κατά

2398 1777 2497 1839 τὰς
2532 1778 2908 1847 πολυτρόπους
2955 1781 3161 1843 ἐννοίας
3211 1782 3611 1852 ὀνομαζομένη,
3647 1782 3709 1833 ἐκ
3763 1782 3985 1850 Πατρὶς

723 1876 860 1928 ratio
890 1893 1009 1944 quze
1038 1877 1297 1930 divinitus
1339 1879 1606 1945 provenit,
1660 1889 1714 1932 et
1761 1878 2097 1932 multimodis
2125 1878 2292 1932 deuo-

2406 1871 2731 1939 ἐφορμᾶται,
2788 1872 2881 1924 καὶ
2928 1874 3015 1928 διὰ
3066 1875 3159 1927 τοῦ
3198 1876 3325 1928 Υἱοῦ
3359 1876 3590 1946 πρόεισι,
3648 1877 3742 1929 καὶ
3788 1877 3847 1928 ἐν
3898 1877 3981 1944 τῷ

724 1968 981 2029 minatur,
1018 1986 1045 2020 a
1076 1969 1233 2022 l’atre
1266 1971 1647 2037 proﬁciscitur,
1671 1980 1724 2024 et
1763 1986 1855 2039 per
1887 1969 2079 2022 Filium
2106 1972 2295 2038 pergit,

722 2071 773 2113 ct
804 2061 855 2113 in
902 2060 1101 2129 Spiritu
1168 2074 1358 2116 sancto
1410 2065 1703 2130 perﬁcitur.
1756 2061 2047 2129 Pr0pterea
2080 2077 2295 2130 :equum

725 2165 831 2199 non
857 2159 957 2210 cst,
994 2150 1312 2201 vocabulum
1364 2150 1819 2203 communicantis
1874 2150 1925 2203 in
1960 2159 2147 2203 sancta
2180 2146 2299 2201 Tri-

722 2242 887 2295 nitate
917 2242 1195 2297 adbibere.

792 2332 879 2383 10.
924 2331 1002 2384 Tu
1045 2347 1173 2384 vero
1205 2343 1325 2401 post
1361 2332 1678 2387 vocabulum
1707 2332 2096 2385 communicaris
2118 2330 2299 2398 pergis

720 2422 901 2475 dicere
936 2461 950 2483 .
994 2442 1010 2473 ι
1054 2424 1167 2477 fore
1212 2436 1269 2477 ut
1306 2424 1450 2479 Deus
1501 2425 1942 2479 contrarietatem
1989 2434 2039 2477 et
2075 2422 2299 2474 seditio-

722 2527 844 2565 nem
885 2516 1247 2581 experiretur.
1288 2536 1305 2565 ι
1345 2514 1387 2569 Ο
1430 2517 1721 2569 verborum
1750 2526 1965 2568 tuorum
1994 2513 2293 2568 stoliditas!

722 2601 777 2655 Si
811 2613 958 2657 certe
990 2607 1251 2660 vocabulo
1295 2608 1687 2660 communicari;
1738 2606 1879 2676 apud
1938 2604 2105 2658 Deum
2146 2606 2297 2659 locus

716 2706 886 2761 esset,
917 2696 1148 2753 fortasse
1193 2708 1245 2752 et
1299 2704 1661 2755 contrarietas
1692 2709 1741 2753 et
1781 2698 1980 2753 seditio
2026 2698 2296 2767 comperi-

722 2800 887 2842 retur.
926 2789 1028 2844 Sed
1058 2793 1182 2859 quia
1213 2793 1343 2846 illud
1380 2809 1485 2847 non
1516 2794 1853 2855 conceditur,
1904 2808 2002 2845 nec
2041 2791 2143 2844 hoc
2173 2791 2296 2858 qui-

718 2883 839 2935 dem
907 2884 1255 2937 concedetur.
1307 2885 1483 2953 Atque
1550 2884 1621 2937 ita
1689 2885 1890 2937 imitus
1945 2898 2010 2938 ex
2060 2882 2125 2935 iis
2176 2896 2297 2951 qua:

720 2972 1038 3039 adjnnxisti,
1074 2973 1498 3042 propositionem
1527 2974 1829 3026 evidentem
1854 2972 2008 3026 nobis
2046 2969 2293 3033 eﬂecisti,

718 3060 1031 3129 qumnodo’
1072 3061 1287 3129 proprie
1345 3061 1582 3114 dicatur.
1651 3060 1782 3113 Nam
1861 3061 1907 3113 si
1967 3059 2294 3113 vocabulum

719 3149 1111 3200 communicaris
1158 3150 1222 3200 de
1267 3149 1449 3216 aliquo
1508 3148 1878 3215 pradicatum,
1933 3146 2292 3200 contrarietas

2404 1961 2680 2029 Πνεύματι
2729 1962 2807 2032 τῷ
2854 1965 2995 2035 ἁγίῳ
3047 1966 3368 2019 τελειοῦται·
3420 1967 3505 2020 διά
3562 1984 3643 2019 τοι
3694 1967 3875 2028 τοῦτο,
3914 1985 3980 2020 ου

2398 2052 2604 2106 δίκαιόν
2634 2056 2748 2107 ἐστι
2796 2057 2857 2108 τὸ
2889 2058 2982 2110 τοῦ
3035 2060 3291 2112 κοινωνοῦ
3338 2060 3509 2130 ὄνομα
3558 2062 3651 2114 ἐπὶ
3683 2062 3780 2131 τῆς
3811 2063 3979 2129 ἁγίας

2400 2143 2640 2213 Τριάδος
2667 2146 2927 2203 τίθεσθαι.

2473 2326 2522 2374 ι’.
2570 2320 2885 2392 Ἐπιφέρεις
2935 2323 2991 2377 δὲ
3045 2326 3124 2387 εἰς
3174 2325 3265 2378 τὸν
3300 2330 3589 2381 κοινωνὸν
3625 2329 3853 2400 γράφων
3884 2330 3983 2383 οὖ-

2398 2430 2526 2476 τως·
2569 2432 2586 2464 ι
2635 2414 2866 2484 Ἔμελλε
2902 2415 3150 2485 δέχεσθαι
3194 2420 3510 2472 ἐναντίωσιν
3564 2424 3659 2473 καὶ
3695 2422 3906 2474 στάσιν.
3955 2443 3975 2473 ι

2409 2508 2472 2558 Ὢ
2495 2506 2595 2573 τῆς
2627 2507 2966 2575 ἀποπληξίας
2992 2509 3101 2561 τῶν
3151 2510 3259 2563 σῶν
3300 2512 3560 2582 ῥημάτων
3588 2514 3600 2567 ί
3639 2516 3700 2568 Εἰ
3733 2516 3834 2584 μὲν
3864 2516 3983 2586 γάρ

2399 2596 2459 2648 τὸ
2486 2598 2773 2663 κοινωνὸς
2804 2598 2975 2667 ὄνομα
3005 2600 3100 2653 ἐπὶ
3139 2602 3276 2655 Θεοῦ
3308 2603 3491 2672 χώραν
3523 2600 3686 2675 εἶχεν,
3722 2606 3855 2669 ἴσως
3882 2608 3983 2659 καὶ

2399 2691 2431 2757 ἠ
2463 2689 2780 2753 ἐναντίωσις
2839 2692 2934 2743 καὶ
2981 2692 3168 2757 στάσις
3208 2694 3544 2765 εὑρίσκεται·
3577 2699 3699 2750 ἐπε)⁸
3721 2699 3779 2752 δὲ
3815 2698 3981 2753 τοῦτο

2397 2781 2459 2831 οὑ
2490 2778 2718 2844 δέδοται,
2744 2782 2867 2835 οὐδὲ
2910 2784 2971 2836 τὸ
3006 2785 3075 2837 δι’
3098 2785 3306 2839 ἐκείνου
3333 2787 3642 2856 δοθήσεται·
3679 2790 3771 2843 καὶ
3800 2791 3981 2855 οὕτως

2397 2870 2547 2924 ἄκων
2594 2872 2797 2942 καὶμὴ
2859 2873 3181 2947 βουλόμενος
3229 2881 3292 2931 ὲκ
3340 2878 3433 2933 τοῦ
3480 2883 3883 2953 ἐπιφερομένου
3916 2886 3983 2938 τὸ

2399 2964 2662 3035 προτεθὲν
2706 2965 2863 3033 δῆλον
2918 2970 3049 3037 ἡμῖν
3094 2974 3467 3043 παρέστησας,
3502 2974 3624 3028 καθ’
3647 2968 3723 3029 ὧν
3770 2976 3984 3045 κυρίως

2397 3053 2636 3123 λέγεται.
2668 3056 2728 3108 Ei
2754 3057 2861 3129 γὰρ
2888 3059 2949 3110 τὸ
2974 3063 3259 3128 κοινωνὸς
3283 3063 3453 3133 ὄνομα
3468 3066 3770 3134 τιθέμενον,
3789 3069 3892 3136 τήν
3918 3086 3980 3121 τε

2400 3149 2714 3201 ἐναντίωσιν
2768 3152 2862 3203 καὶ
2914 3153 3102 3206 στάσιν
3131 3155 3533 3211 ἀκολουθοῦσαν
3559 3158 3691 3227 ἔχει,
3722 3165 3970 3230 φανερὸν

719 3246 765 3288 et
800 3236 993 3288 seditio
1024 3237 1391 3304 subsequitur,
1433 3237 1650 3304 planum
1700 3237 1831 3297 erit,
1870 3236 2015 3304 quod
2058 3250 2293 3287 commu-

3570 3208 3691 3227 ηρ,
3729 3208 3963 3230 τμη.--

2398 3237 2699 3306 δήπουθεν,
2737 3240 2818 3292 ὅτι
2881 3242 3169 3309 κοινωνὸς
3221 3247 3316 3299 ἐπὶ
3361 3246 3470 3299 τῶν
3518 3248 3657 3301 κατὰ
3702 3249 3981 3320 σύμϐασιν

719 3328 901 3380 nicans
935 3330 1257 3381 vocabulum
1302 3330 1368 3382 iis
1397 3337 1659 3397 congruet
1705 3328 1795 3396 qui
1833 3328 2025 3395 praevia
2054 3342 2292 3381 convert-

720 3416 868 3467 tione
894 3424 945 3468 et
992 3432 1263 3468 vonsensu
1313 3432 1422 3468 rem
1459 3425 1653 3483 gerunt
1681 3435 1693 3468 :
1724 3418 1866 3469 unde
1907 3415 2100 3469 seditio
2129 3414 2292 3468 etiam

718 3514 771 3556 et
797 3504 1156 3557 contrarietas
1190 3504 1377 3556 conlit.
1413 3502 1507 3557 llis
1558 3504 1761 3572 quippe
1787 3511 1995 3556 tantum
2040 3501 2295 3555 usuvenit

719 3597 916 3649 seditio
942 3606 995 3650 et
1023 3598 1402 3657 contrarietas,
1455 3606 1673 3666 propter
1720 3596 2016 3649 voluntatis
2045 3594 2294 3648 volubili-

718 3695 902 3740 tatem.
962 3688 1173 3751 Quibus
1235 3699 1415 3741 autem
1475 3687 1831 3741 immutabilis
1898 3686 2110 3739 bonitas
2153 3691 2289 3750 'est,

718 3780 994 3847 quomodo
1025 3780 1382 3832 contrarietas
1412 3788 1461 3831 et
1499 3779 1694 3832 seditio
1738 3776 1978 3831 incidet?
2013 3775 2076 3829 Et
2107 3776 2292 3841 paucis

718 3870 1034 3938 inteijcrtis.
1068 3873 1137 3923 ita
1184 3872 1377 3923 scribis
1411 3886 1423 3919 :
1462 3889 1478 3919 ι
1524 3869 1616 3921 V'el
1662 3877 1807 3922 certe
1851 3877 1993 3957 esgt
2023 3866 2291 3935 adjutoris

718 3960 937 4030 indigus
964 3963 1027 4014 ad
1059 3962 1224 4015 creati
1252 3962 1320 4013 ab
1348 3977 1405 4014 se
1447 3960 1632 4012 mundi
1678 3954 2232 4012 administrationem.
2267 3975 2284 4007 ι

718 4054 901 4119 l’eCIe,
936 4054 1114 4114 sodes,
1163 4054 1368 4107 dixisti.
1419 4053 1476 4105 Si
1516 4052 1658 4105 enim
1690 4050 2013 4104 vocabulum
2057 4064 2291 4101 commu-

715 4148 897 4199 uicans
922 4148 984 4199 de
1004 4146 1138 4199 Filio
1168 4147 1576 4215 prsedicaretur,
1618 4144 1885 4196 obnoxius
1917 4142 2103 4210 utique
2126 4150 2289 4207 esset,

717 4247 775 4290 ut
801 4248 856 4290 tu
889 4238 1153 4307 opinaris,
1191 4236 1563 4292 contrarietati
1594 4251 1657 4290 ac
1696 4235 1968 4295 seditioni,
2000 4244 2051 4289 et
2090 4232 2291 4287 auxilio

717 4329 1000 4398 indigeret.
1033 4328 1188 4383 Nunc
1215 4330 1337 4397 quia
1393 4328 1520 4382 illud
1576 4328 1723 4382 futile
1770 4337 1822 4381 et
1870 4327 2167 4381 invalidum
2197 4324 2292 4379 de-

715 4431 1075 4475 monstratum
1115 4423 1235 4487 fuit,
1294 4430 1509 4475 constat
1558 4422 1701 4489 quod
1760 4430 1813 4474 et
1867 4420 1980 4473 haec
2018 4420 2286 4475 similiter.

714 4512 847 4566 Nam
881 4514 922 4565 si
955 4515 1222 4582 positione
1264 4513 1513 4579 alicujus.
1547 4514 1790 4581 quaedam
1826 4522 2133 4581 ponuntur.
2168 4512 2286 4565 sine
2318 4552 2361 4607 Β

713 4605 880 4658 dubio
908 4607 1271 4660 exstinctione
1305 4607 1471 4672 illius,
1499 4607 1661 4659 etiam
1694 4606 1798 4658 alia
1836 4605 2283 4674 exstinguuntur.

784 4700 870 4752 Η.
914 4698 1140 4768 Insuper
1175 4700 1436 4768 scriptum
1474 4709 1625 4752 tuum
1661 4699 1773 4752 h:ec
1808 4698 1970 4751 liabet
2008 4717 2020 4751 :
2061 4716 2077 4747 ι
2108 4698 2172 4750 Et
2195 4712 2289 4765 per

713 4794 1034 4847 saeculorum
1073 4795 1327 4862 spatium,
1358 4804 1409 4847 et
1432 4794 1500 4845 ob
1541 4800 1781 4847 mutuam
1822 4793 2284 4851 contrarietatem.

711 4887 986 4939 deleretur
1041 4886 1129 4939 Dei
1186 4887 1495 4941 dominatus
1556 4902 1662 4940 una
1717 4901 1839 4939 cum
1892 4886 2179 4939 creaturis.
2227 4884 2289 4938 Et

713 4980 848 5032 alter
872 4981 1023 5032 alteri
1069 4980 1465 5044 dominaretur,
1499 4993 1551 5034 et
1584 4996 1706 5033 cum
1738 4981 2004 5034 creaturis
2031 4994 2284 5047 compas-

713 5072 795 5123 sio
821 5074 1109 5125 desineret.
1151 5091 1168 5123 ι
1202 5074 1362 5139 Atqui
1397 5075 1528 5135 haec,
1574 5088 1606 5125 ο
1655 5072 1833 5137 sodes,
1879 5072 2109 5125 duorum
2143 5074 2287 5140 prin-

711 5159 976 5227 cipiorum
1026 5170 1078 5214 et
1131 5161 1535 5215 cnntrarietatis
1588 5160 1899 5213 criminatio
1960 5159 2119 5213 nobis
2178 5175 2284 5212 non

710 5252 997 5320 congruit;
1035 5254 1127 5306 sed
1166 5254 1284 5305 aliis
1314 5270 1341 5306 a
1372 5262 1422 5307 te
1455 5253 1659 5307 intendi
1703 5254 1941 5316 deberet,
1975 5254 2066 5321 qui
2096 5268 2287 5321 nempe

711 5341 819 5394 duo
867 5342 1128 5410 principia
1173 5353 1225 5396 et
1273 5342 1411 5397 duos
1457 5343 1587 5396 deos
1642 5342 1923 5405 imlucunt,
1987 5343 2189 5396 bonum
2222 5358 2286 5397 ac

713 5434 913 5487 malum
945 5454 956 5488 :
989 5445 1043 5488 et
1075 5436 1141 5489 ab
1174 5436 1280 5487 alio
1310 5436 1526 5505 quidem
1557 5436 1745 5489 dicunt
1780 5436 1924 5489 hunc
1952 5437 2282 5489 materialeru

713 5529 973 5580 mundum
1010 5529 1286 5583 conditum
1324 5538 1375 5583 et
1405 5538 1787 5583 conservatum
1822 5544 1885 5583 ac
1929 5538 2173 5594 rectum;
2216 5530 2284 5581 ab

713 5623 817 5674 alio
856 5635 1035 5675 autem
1074 5624 1491 5677 intellectualem
1541 5641 1553 5675 :
1605 5640 1766 5692 quam
1806 5640 1905 5679 nos
1956 5626 2280 5679 sententiam

712 5727 765 5769 et
797 5717 1013 5769 odimus
1056 5726 1107 5768 et
1154 5727 1269 5769 toto
1310 5719 1490 5769 animo
1540 5734 1887 5783 aversamur;
1944 5728 1998 5773 et
2049 5735 2162 5783 eos,
2191 5720 2282 5788 qui

715 5811 853 5864 banc
884 5812 1082 5873 I'ovcnt,
1134 5810 1347 5880 capitali
1402 5827 1573 5880 [unum
1623 5811 1983 5881 subiicimus:
2015 5829 2108 5869 vos
2152 5828 2279 5869 vero

2398 3333 2790 3400 προαιρετικῆν
2824 3335 2917 3386 καὶ
2971 3336 3379 3407 συμπειθισμὸν
3410 3342 3836 3411 προερχομένων
3866 3342 3979 3412 χώ-

2399 3437 2499 3489 ραν
2537 3422 2670 3485 ἕξει·
2707 3424 2764 3489 ἐξ
2794 3420 2855 3479 οὗ
2894 3427 2988 3480 καὶ
3017 3429 3050 3498 ἡ
3095 3431 3281 3493 στάσις
3312 3433 3402 3483 καὶ
3431 3434 3463 3501 ἡ
3493 3434 3810 3498 ἐναντίωσίς
3844 3453 3978 3489 ποτε

2395 3511 2691 3578 ἐγγίνεταιο
2720 3517 2925 3569 τούτων
2975 3518 3084 3587 γάρ
3128 3522 3305 3589 μόνων
3346 3526 3464 3576 ἐστὶ
3490 3524 3591 3595 τὴν
3642 3526 3835 3579 στάσιν
3879 3532 3979 3582 καὶ

2396 3603 2711 3656 ἐναντίωσιν
2741 3606 3015 3677 δέχεσθαι,
3042 3611 3128 3663 διὰ
3168 3613 3228 3665 τὸ
3258 3615 3621 3683 εὐμετάϐολον
3648 3620 3748 3689 τῆς
3777 3637 3978 3689 προαι-

2397 3696 2620 3766 ρέσεως·
2647 3692 2729 3761 οἷς
2757 3700 2812 3752 δὲ
2844 3702 3120 3775 ἁγαθότης
3150 3704 3420 3775 ἄτρεπτός
3459 3712 3595 3773 ἐστι,
3628 3712 3745 3775 πῶς
3777 3712 3845 3765 ἂν
3881 3718 3978 3769 καὶ

2394 3790 2707 3855 ἐναντίωσις
2736 3794 2829 3846 καὶ
2875 3795 3065 3859 στάσις
3126 3802 3631 3869 συνεισφρήσεται;
3694 3806 3803 3858 Καὶ
3836 3808 3977 3874 μετὰ

2395 3879 2600 3949 βραχέα
2650 3883 2881 3951 γράφεις
2927 3884 3135 3949 οὕτως·
3191 3906 3209 3937 ι
3271 3885 3341 3941 ’Ἦ
3391 3892 3578 3963 ἐνδεὴς
3633 3890 3779 3963 εἶχεν
3831 3894 3977 3952 εἶναι

2394 3973 2694 4041 ὑπουργοῦ,
2731 3973 2822 4027 τοῦ
2855 3975 3079 4029 διοικεῖν
3134 3977 3235 4049 τὴν
3294 3981 3660 4053 δημιουργίαν
3716 3988 3907 4042 αὐτοῦ.
3951 4010 3971 4041 ι

2392 4064 2612 4127 Καλῶς,
2654 4059 2699 4117 ὦ
2734 4066 2910 4135 φίλος,
2947 4068 3157 4139 ἔφησθα
3183 4088 3197 4101 ·
3240 4074 3288 4124 εί
3339 4074 3437 4143 μὲν
3457 4077 3564 4146 γάρ
3596 4077 3657 4130 τὸ
3687 4082 3978 4148 κοινωνὸς

2392 4156 2562 4225 ὄνομα
2592 4159 2684 4223 ἐπζι
2728 4158 2820 4211 τοῦ
2862 4160 2992 4213 Υἱοῦ
3022 4160 3206 4233 χώραν
3234 4160 3402 4233 εἶχεν,
3434 4167 3589 4237 ἔσχεν
3635 4168 3701 4223 ἂν
3734 4175 3878 4224 κατὰ
3915 4176 3975 4227 σὲ

2390 4249 2483 4299 καὶ
2520 4249 2581 4301 τὸ
2631 4250 2730 4319 τῆς
2763 4250 3131 4317 ἐναντιώσεως
3166 4256 3260 4307 καὶ
3305 4258 3549 4321 στάσεως
3578 4262 3673 4314 καὶ
3714 4264 3746 4331 ἡ
3798 4264 3976 4317 ἔνδεια

2388 4339 2487 4406 τῆς
2513 4340 2847 4411 ὑπουργίας·
2884 4345 3006 4397 ἐπεὶ
3036 4345 3092 4398 δὲ
3123 4347 3299 4401 ἐκεῖνο
3351 4346 3620 4403 δέδεικται
3666 4354 3835 4406 ἕωλον
3879 4357 3974 4409 καὶ

2387 4431 2701 4501 ἀνίσχυρον,
2727 4434 2885 4503 δῆλον
2911 4437 2993 4490 ὅτι
3024 4439 3115 4490 καὶ
3142 4438 3333 4493 ταῦτα·
3362 4442 3456 4492 καὶ
3488 4444 3595 4512 γὰρ
3619 4445 3713 4497 ἐάν
3728 4450 3793 4515 τῇ
3825 4447 3973 4501 θέσει

2388 4523 2532 4585 τινὸς
2562 4526 2683 4577 τινά
2728 4526 2993 4593 τίθενται,
3028 4532 3091 4600 τῇ
3126 4531 3404 4599 ἀναιρέσει
3440 4534 3631 4587 τούτου
3683 4536 3845 4605 δῆλον
3889 4540 3972 4593 ὅτι

2397 4616 2785 4687 συνανῄρηται.

2475 4716 2564 4764 ια’.
2602 4709 2828 4779 Ἔχειδὲ
2859 4712 3020 4766 πάλιν
3052 4714 3113 4767 τὸ
3146 4716 3236 4769 σὺν
3286 4718 3521 4788 γράμμα
3558 4720 3731 4782 οὕτως
3755 4736 3768 4748 ·
3803 4739 3822 4772 ι
3862 4723 3972 4775 Καὶ

2396 4800 2536 4853 κατὰ
2578 4800 2677 4871 τὴν
2720 4803 3014 4857 ἐπέκτασιν
3052 4807 3161 4859 τῶν
3222 4808 3456 4872 αἰώνων,
3520 4812 3615 4864 καὶ
3668 4814 3770 4883 τὴν
3837 4816 3975 4884 πρὸς

2396 4892 2601 4961 ἄλληλα
2636 4895 2975 4960 ἐναντίωσιν,
3028 4900 3326 4967 ἠφανίζετο
3382 4904 3412 4970 ἡ
3466 4903 3656 4956 τούτου
3712 4908 3973 4976 κυριότης

2399 4986 2535 5055 μετὰ
2570 4986 2677 5039 τῶν
2712 4989 3051 5057 κτισμάτων,
3108 4994 3199 5044 καὶ
3245 4994 3528 5065 ἐκυρῖευεν
3556 4996 3584 5046 ὁ
3614 4991 3695 5058 εἷς
3736 4997 3833 5049 τοῦ
3862 5000 3976 5052 ἑτέο

2397 5095 2513 5147 ρου,
2550 5080 2643 5131 καὶ
2672 5080 2935 5133 ἐκόπτετο
2966 5084 2999 5149 ή
3049 5084 3362 5153 συμπάθεια
3408 5088 3515 5139 τῶν
3559 5090 3907 5156 ποιημάτων.
3952 5111 3967 5141 ι

2396 5171 2567 5223 Τοῦτο
2592 5167 2706 5236 οὖν,
2740 5166 2784 5225 ὦ
2812 5173 2987 5240 φίλος,
3020 5174 3080 5226 τὸ
3111 5177 3218 5228 τῶν
3242 5178 3335 5230 δύο
3358 5179 3543 5248 ἀρχῶν
3576 5180 3671 5232 καὶ
3712 5182 3971 5235 ἐναντιώ-

2395 5279 2533 5325 σεως
2562 5264 2813 5334 ἔγκλημα
2846 5267 2978 5335 ἡμῖν
3018 5267 3079 5319 οὐ
3115 5266 3424 5337 πρόσεστιν,
3453 5270 3569 5322 ἀλλ’
3602 5271 3783 5334 ἄλλοις
3819 5278 3970 5342 παρὰ

2394 5354 2488 5407 σοῦ
2520 5356 2870 5422 ἐγκαλεῖσθαι
2894 5356 3113 5427 ὤφειλε,
3154 5363 3267 5422 τοῖς
3296 5364 3386 5415 καὶ
3418 5362 3513 5414 δύο
3538 5364 3712 5432 ἀρχὰς
3747 5365 3845 5416 καὶ
3877 5365 3969 5418 δύο

2392 5446 2548 5509 θεοὺς
2582 5447 2914 5515 εἰσάγουσιν,
2950 5449 3152 5517 ἀγαθόν
3191 5469 3248 5504 τε
3275 5452 3365 5504 καὶ
3399 5452 3590 5505 γακόψ
3619 5454 3712 5505 καὶ
3750 5455 3845 5507 τὸν
3873 5456 3968 5523 μὲν

2392 5554 2524 5605 φασι
2585 5538 2678 5590 τὸν
2736 5539 2992 5608 αἰσθητὸν
3038 5541 3246 5607 κόσμον
3296 5542 3826 5612 ὃεδημιουργηκέναι
3876 5546 3965 5597 καὶ

2394 5631 2643 5699 συνέχειν
2682 5634 2775 5685 καί
2824 5636 3066 5702 κρατεῖν·
3115 5637 3207 5687 τὸν
3237 5636 3316 5699 δὲ,
3348 5637 3439 5689 τὸν
3469 5636 3681 5705 νοητόν·
3715 5638 3782 5706 ἣν
3812 5636 3966 5699 δόξαν

2393 5723 2551 5789 ἡμεῖς
2606 5723 2696 5773 καὶ
2759 5724 3146 5793 μυσαττόμεθα
3182 5728 3282 5778 καὶ
3328 5726 3449 5778 λίαν
3478 5728 3961 5795 ἁποστρεώμεθα,

2391 5811 2485 5866 καὶ
2506 5813 2629 5877 τοὺς
2654 5814 2857 5885 ταύτην
2877 5816 3240 5885 σεμνύνοντας
3264 5818 3533 5889 κεφαλικῇ
3561 5819 3808 5887 τιμωρία
3835 5817 3965 5872 καθ-
