4168 6450
190 415 287 475 921

1350 429 1779 489 REFUTATIO
1818 432 2285 493 MOHAMEDIS.

3334 438 3439 502 829.

190 555 213 575 υ
230 525 571 594 ποῦάλλομεν
609 526 684 597 (2)
712 544 726 558 ·
767 528 925 597 ὑμεῖς
969 531 1025 585 δὲ
1064 533 1158 585 καὶ
1186 534 1475 603 προσίεσθε
1511 539 1604 590 καὶ
1653 540 1770 590 ἐπιο

1893 541 1977 595 llis
2005 539 2196 597 iavetis
2228 553 2389 612 atque
2416 542 2756 600 blandimini.
2798 547 2839 599 A
2882 546 3035 601 nobis
3066 554 3244 600 autem
3270 564 3436 605 lllllllll

189 616 444 668 θειλπετε·
477 620 609 687 ἡμῖν
638 620 748 691 γάρ
782 620 878 689 μία
929 623 1075 694 ἀρχὴ
1128 624 1187 677 τὸ
1235 626 1612 697 σεϐαζόμενον’
1646 630 1768 683 ἐπεὶ

188 709 280 759 καὶ
316 703 398 769 εἷς
427 708 579 774 Θεὸς,
617 712 720 763 κᾶν
748 714 867 775 ταῖς
906 714 1162 784 ἰδιότησιν
1191 718 1288 769 εἴτ’
1316 716 1407 769 οὖν
1443 720 1769 773 ὑποστάσεσι

190 801 313 862 τρία
353 802 704 870 πιστεύηται·
736 806 782 855 εἰ
832 804 889 856 δέ
916 821 997 857 σοι
1029 806 1087 857 τὸ
1113 806 1365 876 διάφορον
1388 810 1496 861 τῶν
1531 810 1769 863 ὑποστάο

192 907 350 956 σεων,
406 893 662 965 διάφορον
718 898 811 949 καὶ
860 898 960 966 τὴν
994 897 1157 964 φύσιν
1198 902 1400 953 ἐννοεῖν
1438 902 1642 968 δίδωσι,
1678 904 1772 956 καὶ

187 985 320 1046 ὅσας
354 988 452 1049 τάς
484 989 835 1055 ὑποστάσεις,
871 992 1141 1056 τοσαύτας
1168 995 1263 1047 καὶ
1302 996 1398 1058 τὰς
1434 994 1622 1062 φύσεις
1662 998 1773 1049 εἰσ-

190 1077 451 1143 ἀγεσθαι,
496 1081 891 1150 ἀμαθαίνοντός
923 1087 1038 1137 ἐστι
1074 1085 1253 1152 τοῦτο,
1278 1089 1423 1157 ἥπερ
1446 1088 1672 1152 εἰδότος’
1709 1088 1771 1140 οὑ

192 1170 303 1239 γὰρ
348 1172 548 1224 ταυτὸν
580 1174 740 1241 φύσις
790 1178 883 1227 καὶ
923 1177 1242 1241 ὑπόστασις-ο
1275 1174 1342 1250 ἦν
1370 1179 1479 1249 γάρ
1525 1178 1590 1231 ἂν
1621 1179 1774 1232 οὐδὲν

191 1262 300 1313 τῶν
350 1262 521 1316 όντων
556 1266 827 1334 όμοφυὲς,
864 1268 956 1320 καὶ
996 1269 1191 1320 ταυτὸν
1224 1271 1401 1323 κοινόν
1430 1288 1479 1323 τι
1511 1272 1604 1324 καὶ
1641 1271 1773 1322 ἴδιον

192 1357 406 1423 xeﬁea'
438 1356 574 1428 ὅπερ
605 1361 703 1428 οὐχ
742 1359 993 1432 εὕρηται.

267 1530 356 1597 ιβ’.
398 1531 505 1584 Καὶ
535 1531 730 1596 άλλως·
774 1533 835 1586 Ei
865 1533 925 1587 τὸ
962 1533 1220 1607 διάφορον
1259 1534 1368 1587 τῶν
1395 1534 1769 1597 ὑποστάσεων,

192 1620 453 1691 διάξορον
484 1623 574 1675 καὶ
612 1623 772 1693 φύσιν
807 1625 1123 1691 εἰσάγεσθαι
1167 1623 1385 1677 δίδωσιν
1415 1663 1430 1686 ,
1460 1623 1674 1692 ἀνάγκη
1714 1624 1773 1676 τὸ

200 1713 278 1783 μὴ
327 1714 585 1783 διάφορον
638 1716 748 1767 τῶν
799 1715 1039 1783 φύσεων,
1098 1716 1233 1785 μηδὲ
1286 1715 1543 1785 διάφορον
1583 1716 1674 1768 καὶ
1707 1718 1771 1785 τῇ
1807 1753 1846 1807 Β

197 1806 499 1858 ὑποστάσει
527 1806 909 1861 καθίστασθαι·
944 1807 1233 1876 συνάγεται
1262 1808 1369 1877 ἀρα
1390 1807 1470 1859 ὅτι
1504 1805 1581 1865 τά(
1600 1808 1772 1860 ταυτά

194 1901 263 1968 τῇ
299 1900 482 1967 φύσει,
518 1898 693 1953 ταυίῖά
748 1901 842 1954 καὶ
880 1902 1000 1963 ταῖς
1025 1900 1408 1953 ὑποστάσεσιν.
1441 1901 1633 1953 Ἔσται
1670 1902 1776 1970 ἀρα

196 1988 413 2052 Παῦλος
435 1990 531 2043 καὶ
561 1991 764 2059 Πέτρος
793 1992 978 2045 ταυτοὶ
1007 1991 1158 2055 ὄντες
1199 1995 1266 2063 τῇ
1303 1990 1462 2060 φύσει
1501 1992 1594 2043 καὶ
1622 1992 1776 2046 ἀδιάσ-

196 2098 380 2148 φόρων
412 2082 504 2134 καὶ
534 2084 599 2152 τῇ
626 2083 922 2135 ὑποστάσει
970 2085 1178 2148 tau-col,
1206 2085 1345 2148 ὅπερ
1381 2084 1499 2135 ἐστὶ
1536 2083 1773 2151 γελοῖον·

196 2171 314 2223 ἐςτι
344 2172 452 2242 γάρ
486 2189 579 2225 σου
611 2172 673 2225 τὸ
713 2173 955 2243 σόφισμα
992 2174 1145 2242 παρά
1172 2174 1269 2242 τὴν
1296 2174 1613 2242 ὁμωνυμίαν
1636 2172 1776 2227 οὑτω

197 2263 555 2331 καλούμενον.
598 2264 706 2317 Τοῦ
732 2266 839 2334 γάρ
869 2266 1005 2331 ἑνὸς
1037 2266 1318 2336 πολλαχῶς
1364 2266 1674 2339 λεγομένου,
1700 2269 1776 2332 ὡς

198 2357 256 2408 αἱ
290 2354 505 2422 λογικαὶ
535 2356 747 2424 μέθοδοι
794 2357 1282 2429 ὲκδιδάσκουσιν,ῆ
1322 2360 1493 2425 γένει,
1543 2361 1573 2429 ἢ
1616 2361 1769 2421 εῖδει,

199 2449 233 2516 ἢ
269 2449 583 2519 ἀριθμῷ,ἢ
632 2450 917 2519 ἀναλογίᾳ,
967 2450 1126 2519 δῆλον
1175 2453 1255 2504 ὅτι
1305 2454 1397 2504 καὶ
1430 2454 1489 2505 τὸ
1559 2450 1774 2505 πολλὰ·

198 2539 418 2608 ὁσαχῶς
446 2540 552 2607 γὰρ
591 2540 652 2591 τδ
683 2540 1037 2609 προκείμενον
1086 2538 1227 2611 [τοιΙ.
1267 2541 1493 2612 divum].
1518 2558 1778 2593 τοσαυτα-

199 2629 315 2698 χῶς
340 2630 433 2680 ισιί
457 2630 519 2680 τὸ
548 2630 922 2695 ἀντικείμενον
951 2629 1065 2698 ἔχει
1086 2647 1099 2659 ·
1131 2630 1289 2681 τούτο
1323 2630 1428 2698 γὰρ
1459 2629 1776 2698 δεδιδάγμε-

201 2720 295 2769 αα*
324 2717 487 2787 ήμῶν
529 2717 586 2768 δὲ
610 2720 731 2778 ταῖς
763 2719 1096 2770 ὑποστάσεσι
1140 2717 1206 2769 τὰ
1234 2717 1360 2785 τρία
1404 2716 1673 2778 διδόντων,
1713 2716 1777 2767 σὺ

199 2808 258 2859 δὲ
311 2808 409 2860 καὶ
453 2808 513 2859 τὸ
554 2808 665 2860 τῶν
704 2808 916 2874 φύσεων
951 2807 1213 2875 διάφορον
1246 2808 1505 2873 εἰσάγειςο
1532 2807 1704 2859 ταῦτα
1725 2806 1782 2858 δὲ

199 2898 303 2965 οὑχ
332 2896 507 2960 οὕτως
532 2898 664 2967 ἔχει’
695 2899 788 2949 καὶ
818 2898 925 2968 γάρ
957 2898 989 2967 ὴ
1026 2898 1282 2966 ἐνάργεια
1303 2898 1409 2950 τῶν
1438 2899 1782 2967 πραγμάτων

201 2990 367 3059 δήλη,
393 2991 490 3043 καὶ
535 2991 591 3042 αἱ
632 2990 893 3060 μαθήσεις
936 2991 1333 3044 ἐκδιδάσκουσι·
1364 2992 1458 3043 καὶ
1488 2990 1661 3051 οὑτως
1703 3007 1783 3042 σοι

1873 630 2193 699 principium
2248 631 2501 699 religioso
2543 633 2693 686 cultu
2741 635 2965 699 colitur,
3008 636 3135 705 quia
3192 646 3244 689 et
3301 654 3441 694 unus

1874 716 2015 771 Deus
2046 725 2148 781 est,
2181 733 2489 785 quanquam
2524 719 2965 788 proprietatibus,
2999 722 3113 776 sive
3167 726 3437 790 personis,

1873 806 2047 857 trinus
2079 804 2335 859 creditur.
2365 804 2517 870 Quod
2571 806 2616 861 si
2653 806 2745 869 tibi
2772 822 3121 875 personarum
3155 810 3443 867 diversitas

1873 896 2206 950 diil‘erentem
2233 912 2451 965 quoque
2497 907 2742 951 naturam
2794 907 3045 968 reputare
3088 905 3359 973 suggerit,
3389 914 3441 958 et

1876 996 2009 1053 quot
2045 997 2170 1040 sunt
2213 1001 2480 1055 personre,
2517 988 2736 1041 totidem
2766 1004 2985 1057 quoque
3025 1001 3248 1046 naturas
3279 994 3442 1048 indu-

1876 1092 2033 1143 cere;
2060 1078 2158 1131 huc
2186 1078 2386 1130 indocti
2431 1078 2609 1145 potius
2642 1079 2836 1147 ingenii
2877 1095 2957 1136 est
2998 1098 3159 1149 quam
3195 1086 3390 1140 eruditi
3421 1104 3435 1139 :

1877 1183 1982 1221 non
2016 1170 2159 1223 enim
2214 1170 2355 1224 idem
2407 1178 2491 1224 est
2541 1180 2732 1224 natura
2782 1183 2835 1226 et
2883 1190 3114 1242 persona
3171 1191 3181 1222 :
3240 1177 3443 1245 alioqui

1877 1256 2011 1308 nihil
2067 1256 2117 1309 in
2172 1257 2336 1311 rebus
2380 1256 2766 1313 exsistentibus
2828 1258 3220 1326 liomogeneum
3276 1270 3447 1327 esset,

1878 1348 2128 1416 idemque
2169 1356 2314 1403 esset
2359 1364 2655 1404 commune
2713 1359 2767 1404 et
2832 1352 3109 1420 proprium
3147 1357 3446 1425 negotium,

1875 1440 2019 1508 quod
2050 1455 2154 1492 non
2188 1440 2461 1494 usuvenit.

1939 1531 2025 1583 1‘2.
2073 1532 2201 1585 Item
2235 1532 2411 1586 aliter.
2439 1531 2493 1587 Si
2520 1535 2643 1603 quis
2672 1550 2701 1589 a
2736 1551 3091 1603 personarum
3135 1536 3453 1593 diversitate

1878 1622 2247 1678 diversitatem
2279 1641 2498 1695 quoque
2548 1637 2757 1680 natura:
2800 1629 2980 1681 induci
3023 1631 3320 1693 concedat,
3350 1645 3449 1684 ne-

1874 1727 2028 1768 cesse
2060 1722 2144 1768 est
2168 1715 2311 1782 quod
2355 1716 2674 1770 naturaliter
2706 1733 2810 1770 non
2853 1715 3054 1781 diﬂert,
3098 1734 3164 1771 ne
3194 1734 3452 1787 persona-

1876 1806 1997 1859 li'er
2050 1804 2269 1873 quidem
2321 1805 2556 1860 ditl‘erre.
2611 1809 2978 1878 Consequitur
3024 1826 3173 1878 ergo,
3233 1819 3293 1865 ttt
3330 1827 3452 1881 quae.

1877 1908 2006 1949 sunt
2043 1896 2363 1951 naturaliter
2412 1898 2622 1959 eadem,
2670 1901 3029 1966 personaliter
3072 1917 3290 1970 quoque
3321 1903 3450 1957 sint.

1876 1983 2050 2039 Erunt
2101 1987 2282 2054 itaque
2312 1983 2515 2038 Paulus
2544 1993 2598 2039 et
2631 1984 2823 2039 Petrus
2867 1987 3004 2040 idem
3043 1990 3364 2042 naturaliter
3400 2002 3455 2045 et

1877 2092 1985 2130 non
2010 2075 2340 2141 differentes,
2380 2077 2649 2145 simulque
2690 2077 2878 2131 eadem
2914 2093 3163 2146 persona,
3197 2080 3342 2146 quod
3371 2090 3454 2133 est

1876 2165 2191 2219 ridiculum.
2222 2166 2315 2219 Est
2342 2166 2485 2219 enim
2523 2166 2800 2232 sophisma
2841 2179 2991 2219 tuum
3049 2182 3146 2234 per
3185 2168 3453 2238 homony-

1877 2259 2041 2312 miam
2069 2259 2141 2311 ita
2164 2268 2438 2311 vocatum.
2469 2257 2598 2311 Nam
2620 2274 2785 2321 quum
2812 2275 2970 2311 unum
2989 2260 3360 2330 multipliciter
3376 2261 3459 2314 di-

1878 2361 2053 2411 catur,
2111 2364 2209 2404 ceu
2241 2349 2423 2417 logieae
2482 2350 2678 2419 regula:
2728 2350 2941 2412 docent,
2990 2352 3069 2404 vel
3119 2366 3336 2419 genere,
3378 2352 3459 2403 Vel

1881 2442 2078 2510 specie,
2096 2442 2175 2495 vel
2199 2458 2446 2501 numero,
2473 2443 2551 2493 vel
2581 2443 2859 2511 analogia;
2885 2454 3029 2509 patet
3052 2447 3195 2513 quod
3218 2445 3441 2513 perinde.

1880 2536 2039 2587 etiam
2064 2535 2243 2599 plura.
2264 2532 2396 2587 Nam
2416 2542 2543 2601 quot
2566 2535 3102 2604 modis'pmpnnitur,
3124 2536 3344 2589 totidem
3363 2551 3461 2602 03-3-

1882 2624 2134 2693 ponitur;
2157 2624 2227 2676 ita
2258 2625 2401 2676 enim
2418 2624 2593 2677 edocti
2636 2624 2855 2677 fuimus.
2879 2624 3043 2678 Nobis
3067 2634 3244 2679 autem
3278 2640 3461 2693 persn-

1885 2730 2075 2785 narum
2134 2716 2429 2768 trinitatem
2500 2716 2955 2784 agnoscentibus,
3023 2725 3076 2767 tu
3140 2725 3458 2769 naturarum

1884 2789 2102 2875 qu‘oque
2153 2806 2521 2861 diversitatem
2570 2808 2804 2876 aggeris.
2854 2808 2957 2861 Sed
3013 2823 3097 2861 res
3152 2823 3258 2861 non
3302 2808 3370 2860 ita
3403 2823 3462 2858 se

1887 2897 2067 2958 habet,
2123 2898 2267 2967 quod
2324 2907 2378 2952 et
2443 2914 2625 2953 rerum
2671 2899 2937 2953 evidentia
2980 2900 3157 2968 palam
3217 2898 3368 2963 facit,
3406 2908 3457 2951 et

1885 2987 2186 3055 disciplina:
2223 2988 2462 3042 tradunt.
2503 2990 2681 3057 Atque
2730 2989 2800 3041 ita
2835 3004 3023 3043 onmes
3054 2998 3157 3043 tuae
3204 2989 3466 3043 adversus

203 3082 381 3133 πᾶσαι
428 3082 484 3132 αἱ
535 3080 775 3133 διαϐολαὶ
831 3081 936 3148 τῆς
977 3081 1100 3134 καθ’
1150 3083 1297 3151 ἡμᾶς
1344 3082 1580 3144 πίστεως
1631 3081 1787 3134 ἕωλοι

1892 3078 2051 3134 ﬁdem
2107 3093 2348 3135 nostram
2401 3082 2800 3145 accusationes,
2853 3081 3053 3142 futiles.
3115 3082 3461 3137 incredibiles

206 3176 303 3226 καὶ
332 3172 589 3225 ἀπίθανοι
644 3175 738 3225 καὶ
778 3173 997 3242 ψευδεῖς
1035 3174 1487 3243 ἀποδεδειγμέναι
1532 3175 1659 3226 εἰσίι
1691 3175 1786 3226 καὶ

203 3262 315 3315 τῶν
340 3264 606 3315 διαὸολῶν
645 3264 892 3335 δηλονότι
936 3266 1351 3334 ἀναιρεθεισῶν,
1396 3267 1491 3320 καὶ
1524 3268 1592 3321 τὰ
1626 3266 1788 3319 λοιπὰ

206 3356 393 3409 πάντα
440 3355 752 3424 συνέψεται.
791 3358 899 3409 Καὶ
928 3358 1101 3411 ταῦτα
1121 3360 1262 3428 πέρα
1282 3360 1376 3411 τοῦ
1414 3361 1639 3428 μέτρου,
1667 3361 1789 3413 ἐπεὶ

207 3449 307 3499 καὶ
340 3447 503 3519 κόρος
535 3447 694 3514 λόγου
729 3448 983 3517 πολέμιος
1014 3450 1223 3513 ἀκοαῖς·
1248 3450 1329 3503 διδ
1366 3452 1525 3504 ξκανὰ
1566 3451 1662 3520 μὲν
1696 3454 1791 3505 καὶ

206 3536 387 3590 ταῦτα
413 3541 526 3601 τοῖς
553 3539 767 3592 θέλουσι
794 3540 1008 3611 μικρῶς
1038 3557 1155 3603 πως
1184 3545 1437 3612 συνορᾷν,
1466 3545 1560 3595 καὶ
1587 3547 1651 3614 τῇ
1682 3560 1789 3597 πα-

212 3630 437 3693 ραθέσει
471 3631 581 3684 τῶν
628 3633 973 3702 κρειττόνων,
1009 3634 1070 3686 τδ
1109 3634 1305 3701 ἀληθὲς
1347 3632 1586 3697 διώκειν,
1618 3636 1709 3688 καὶ
1732 3634 1792 3687 τὸ

208 3716 405 3785 ψεῦδος
438 3719 799 3775 ἀπωθεῖσθαν
839 3720 919 3774 διὸ
948 3723 1043 3775 καὶ
1072 3723 1235 3793 μέχρι
1261 3721 1469 3777 τούτων
1512 3723 1603 3777 τὸν
1637 3723 1793 3789 λόγον

210 3812 400 3882 στήσω
432 3812 531 3883 (3).

1888 3172 2285 3241 mendacesque
2313 3172 2696 3227 demonstratae
2746 3171 2985 3225 fuerunt.
3027 3171 3197 3226 Porro
3227 3186 3456 3225 aceusa~

1889 3265 2130 3320 tionibus
2186 3266 2401 3321 cunctis
2464 3266 2797 3335 peremptis,
2860 3267 3059 3331 reliqua
3122 3265 3217 3318 tibi
3282 3264 3464 3317 omnia

1888 3357 2313 3427 subsequentur.
2362 3357 2467 3412 Sed
2512 3359 2625 3427 jam
2678 3368 2874 3427 praeter
2920 3359 3129 3424 justum
3182 3356 3462 3409 modulqu

1887 3451 2263 3517 exeurrimus;
2295 3466 2530 3520 namque
2566 3460 2620 3504 et
2663 3451 2929 3504 sermonis
2963 3450 3264 3502 satietatem
3306 3464 3468 3501 aures

1891 3543 2146 3599 oderunt.
2194 3541 2375 3607 Quare
2432 3544 2547 3596 haec
2599 3540 2871 3596 suiliciant
2923 3541 2989 3593 iis
3035 3541 3126 3608 qui
3177 3554 3469 3608 parumper

1894 3633 2166 3687 voluerint
2212 3634 2600 3698 considerare,
2657 3642 2710 3685 ct
2761 3633 3133 3701 comparativo
3182 3631 3468 3684 meliorum

1897 3727 2106 3780 delectu
2158 3727 2437 3781 veritatem
2497 3726 2673 3795 sequi,
2724 3741 2786 3780 ac
2846 3726 3135 3780 falsitatem
3191 3723 3471 3794 repellere.

1898 3819 2261 3884 Quamobrem
2300 3819 2461 3872 linem
2489 3817 2577 3871 hic
2609 3818 2825 3871 dicendi
2858 3817 3075 3872 factam.

1487 4063 1622 4114 ΊῸΥ
1655 4062 1890 4114 ΑΥΤΟΥ
1921 4060 2186 4112 ΝΙΚΗΤΛ

220 4172 591 4241 ’Λντφρησις
631 4172 724 4225 κα)
767 4172 1532 4249 ᾀιςαῖροπὴ-τῆςῇειξτέραῃς
1571 4173 1913 4249 ἐπι-στοζῖῆς
1944 4170 2054 4249 τῆς
2082 4173 2414 4249 qualemn;
2444 4168 2603 4236 παρὰ
2642 4168 2766 4246 febr
2793 4167 3143 4249 ςΑγαρηνῶν
3193 4170 3341 4235 πρὸς
3376 4172 3477 4223 Μι-

684 4242 846 4311 χαὴλ
867 4244 1135 4305 βασιλέα
1158 4245 1292 4299 υἱὸν
1322 4240 1618 4313 Θεὸφίλου
1652 4245 1749 4297 ἐπὶ
1777 4241 2029 4311 διαϐολῇ
2061 4241 2170 4309 τῆς
2204 4240 2323 4295 τῶν
2343 4240 2711 4308 Χριστιανῶν
2737 4240 3016 4304 πίστεως.

1420 4381 1817 4443 EIUSDEM
1874 4379 2223 4442 ΝΙΟΕΤΑΞ

342 4499 711 4580 Con/utalia
747 4509 802 4559 et
844 4500 1075 4558 eversio
1105 4497 1390 4580 secunda:
1420 4499 1698 4580 epistolae
1726 4498 1799 4559 ab
1834 4498 2143 4580 Agarenjs
2175 4497 2379 4580 missae
2405 4492 2487 4552 ad
2516 4489 2886 4580 Mifliaelem
2918 4492 3362 4569 imperatorem

888 4580 941 4638 Τ
940 4578 1214 4655 hcophilt'
1243 4570 1465 4654 ﬁlium,
1506 4578 1580 4638 ob
1613 4570 2027 4637 accusandam
2058 4575 2563 4637 Christianorum
2593 4570 2794 4648 ﬁdem.

292 4841 366 4882 ας
406 4820 769 4891 Ἦόουλόμην,
794 4815 839 4873 ὦ
882 4819 1054 4887 φίλω,
1086 4821 1175 4872 τὸν
1203 4820 1330 4886 περὶ
1362 4819 1596 4883 πίστεως
1618 4820 1801 4887 ἡμῶν,
1839 4825 1880 4879 D

224 4920 323 4973 τοῦ
376 4914 792 4989 Χριστιανικοῦ,
828 4914 991 4981 λέγω,
1047 4914 1342 4980 δόγματος,
1381 4912 1561 4979 λόγον,
1628 4913 1806 4983 ἀληθῆ

227 5012 443 5084 πρῶτον
464 5012 584 5071 ταῖς
612 5008 1015 5068 ἀποδεικτικαῖς
1052 5007 1317 5073 ἀνάγκαις
1354 5003 1808 5067 καθυποὸάλλειν,

227 5106 323 5158 καὶ
375 5103 453 5165 ὡς
505 5094 617 5154 οἶόν
640 5099 697 5152 τέ
750 5100 897 5152 ὲστιν
947 5099 1010 5149 ὲκ
1077 5097 1184 5149 τῶν
1239 5096 1485 5165 φυσικῶν
1543 5094 1819 5165 λογισμῶν

232 5193 455 5263 βέϐαιόν
534 5208 597 5244 τε
655 5189 845 5243 τοῦτον
892 5190 985 5242 καὶ
1057 5188 1457 5260 ἀτρεκέστατον
1496 5189 1766 5258 παριστᾷν
1798 5200 1813 5217 ⁸

233 5288 425 5340 ἔπειτα
453 5284 512 5338 δὲ
551 5283 742 5336 καὶτὰ
783 5281 934 5351 παρά
978 5281 1072 5334 σοῦ
1123 5282 1426 5343 ἀλλοκότως
1460 5282 1551 5334 ἐπὶ
1587 5283 1654 5351 τῇ
1690 5281 1812 5333 δια-

235 5379 366 5447 ϐολῇ
390 5376 491 5444 τῆς
520 5374 642 5427 καθ’
673 5376 820 5443 ἡμᾶς
850 5372 1147 5443 θρησκείας
1177 5373 1459 5442 γραφέντα
1490 5372 1813 5442 διελέγχειν·

234 5468 396 5521 τοῦτο
426 5466 537 5536 γὰρ
568 5466 624 5531 ἐξ
652 5465 891 5529 ἅπαντος
932 5466 961 5517 ὁ
997 5464 1334 5532 ἀντιλογικὸς
1382 5462 1540 5530 λόγος
1571 5464 1813 5516 ἀπαιτεῖ.

312 5641 393 5707 (ἓ)
434 5640 576 5696 Dicit
609 5654 824 5710 pteuam
855 5639 1139 5710 capitalem
1180 5640 1471 5710 adversus
1496 5636 1821 5710 Manieliagos

244 5706 459 5782 legibus
487 5706 790 5782 principum
838 5706 1133 5776 decretam,
1180 5710 1247 5764 de
1292 5724 1398 5780 qua
1443 5709 1557 5764 dixi
1605 5709 1660 5762 in
1691 5706 1818 5761 adn.

245 5780 321 5838 ad
348 5785 567 5837 Petrum
605 5780 868 5835 Siculum.

316 5856 396 5925 (5)
434 5852 639 5909 Eadem
684 5853 789 5909 hac
836 5852 1009 5909 utitur
1060 5851 1304 5909 clausula
1352 5857 1538 5907 noster
1581 5847 1824 5913 Nicetas,

1986 4822 2037 4873 l.
2084 4818 2410 4881 Vounssem,
2444 4833 2477 4869 ο
2518 4815 2680 4870 sodes
2701 4855 2715 4877 ,
2747 4829 2927 4869 veram
2962 4812 3027 4865 de
3060 4810 3162 4864 lide
3190 4818 3396 4870 nostra,
3434 4808 3484 4863 id

1923 4920 2026 4975 est,
2054 4910 2119 4963 de
2147 4908 2459 4964 Christiano
2501 4907 2774 4973 dogmate,
2827 4904 3131 4957 doctrinam
3187 4901 3360 4966 primo
3393 4900 3484 4953 de-

1921 4999 2292 5054 monstrativis
2331 4996 2666 5065 argumentis
2713 5008 3039 5063 supponere,
3078 4999 3132 5045 et
3184 5000 3345 5073 prou‘t
3372 4990 3487 5043 lieri

1919 5102 2147 5164 poterat,
2192 5089 2549 5145 naturalibus‘
2581 5085 2884 5141 ratiociniis
2936 5084 3152 5137 ﬁrmare
3208 5084 3380 5145 banc,
3438 5087 3493 5132 et

1921 5183 2281 5238 certissimam
2312 5187 2608 5249 praestare:
2641 5175 2835 5230 deinde
2885 5184 2973 5228 tua
3013 5186 3232 5241 quoque.
3274 5172 3343 5222 ob
3368 5186 3488 5223 eam

1920 5274 2285 5330 accusandam
2318 5268 2550 5323 absurda
2581 5274 2902 5337 argumenta
2941 5262 3199 5318 refutare.
3243 5262 3318 5315 Ita
3348 5264 3490 5316 enim

1922 5381 2149 5436 prorsus
2191 5362 2579 5418 antirrheticus
2631 5374 2811 5416 sermo
2851 5357 3110 5426 postulat.
3161 5352 3316 5408 Nunc
3356 5370 3495 5422 quo-

1924 5459 2068 5513 niam
2135 5458 2393 5511 adversus
2452 5454 2675 5508 alteram
2738 5448 3023 5523 epistolam
3079 5457 3249 5506 tuam.
3297 5444 3495 5514 dogma

1931 5653 2038 5690 non
2073 5638 2161 5690 hic
2188 5634 2363 5689 solum
2398 5641 2445 5685 et
2479 5632 2533 5684 in
2565 5627 2798 5683 secainda
2832 5625 3076 5695 epistola.
3108 5639 3295 5677 verum
3328 5626 3490 5678 etiam

1931 5708 1983 5761 in
2020 5709 2110 5762 illo
2143 5720 2264 5765 suo,
2309 5717 2468 5772 quem
2512 5700 2741 5772 Allatius
2787 5697 2957 5772 edidit
3002 5697 3263 5772 adversus
3304 5698 3493 5745 Arme—

1932 5778 2052 5833 nios
2083 5764 2342 5839 tractatu,
2369 5782 2427 5828 ut
2455 5772 2567 5843 jam
2600 5770 2652 5823 in
2682 5767 2884 5838 praevio
2916 5765 3120 5819 Monito
3156 5764 3290 5818 dixi.
