4168 6450
698 389 806 451 893

1938 383 2233 446 NICETIE
2280 383 2689 443 BYZANTINI

3850 379 3961 445 8Ξᾶ

696 509 970 561 nostrum,
1024 508 1080 551 ut
1136 510 1234 563 par
1286 504 1425 556 erat,
1473 494 1667 550 validis
1718 496 2263 553 demonstrationibus

2389 496 2532 548 Ἀλλ’
2562 494 2685 548 ἐπεὶ
2715 493 2852 566 πρὸς
2884 493 2981 565 τὴν
3006 493 3197 563 ἑτέραν
3223 494 3512 559 ἐπιστολήν
3551 510 3644 547 σου
3668 493 3728 545 th
3756 496 3965 548 οἰκεῖον

696 606 1027 661 magnopere
1072 597 1361 643 tractatum
1409 586 1530 650 fuit,
1575 598 1629 642 et
1658 588 1895 643 evidenti
1925 590 2278 645 conclusione

696 682 1044 744 stabihtum;
1097 695 1166 735 ne
1217 694 1362 734 nunc
1415 677 1559 734 forte
1619 681 1900 734 videamur
1950 691 2166 752 torpere
2221 683 2273 736 in

696 771 986 828 scribendo
1024 770 1092 825 ad
1128 779 1200 836 te,
1234 770 1278 825 si
1304 778 1509 823 tantum
1542 770 1802 826 adversus
1837 771 1925 827 illa
1958 782 2276 843 argumenta

695 876 816 928 qua:
846 860 913 914 ad
959 868 1162 914 nostra:
1193 859 1688 929 irrepreheusibilis
1751 861 1875 916 tidei
1935 864 2274 919 eversionem

692 966 747 1008 tu
790 954 846 1008 in
882 952 1079 1009 litteris
1104 955 1211 1008 tuis
1232 952 1452 1017 misisti,
1487 955 1902 1023 responsionem
1946 955 2273 1025 fecerimus;

691 1044 815 1100 ideo
846 1060 993 1101 nunc
1017 1044 1419 1108 ventilabimus,
1452 1062 1581 1099 num
1617 1055 1720 1099 tuae
1770 1056 1962 1101 contra
1991 1048 2148 1103 tidem
2177 1063 2276 1102 no-

688 1151 861 1195 stram
927 1140 1311 1196 accusationes
1386 1150 1441 1196 et
1505 1143 1726 1210 reliqua:
1784 1142 2271 1206 contradictiones.

692 1241 840 1286 recte
895 1232 1209 1288 eollineent.
1280 1233 1372 1287 Sic
1428 1241 1610 1287 autem
1676 1248 1735 1288 se
1792 1233 1956 1289 habet
2007 1235 2271 1304 scriptum

692 1335 844 1377 tuum
871 1338 883 1375 :
922 1323 1099 1378 «Deus
1128 1332 1212 1377 est
1242 1340 1403 1385 unus,
1434 1324 1705 1378 neminem
1734 1325 1941 1380 habens
1966 1326 2274 1380 communi-

690 1424 904 1469 cantem
959 1415 1212 1484 potestati
1262 1430 1374 1469 sum
1426 1434 1439 1469 :
1490 1424 1544 1469 et
1596 1416 1724 1485 quia
1775 1419 2270 1472 communicantem

689 1524 797 1561 non
828 1507 1013 1572 habet,
1048 1506 1167 1561 ideo
1215 1523 1283 1561 ne
1333 1505 1502 1561 [ilium
1555 1509 1772 1577 quidem
1832 1509 2009 1563 habet.
2052 1529 2070 1560 ι
2108 1509 2273 1563 Miror

685 1596 937 1666 equidem
975 1596 1101 1651 talia
1128 1612 1157 1650 a
1184 1607 1233 1651 te
1268 1598 1434 1652 scribi
1484 1619 1497 1651 ;
1527 1613 1702 1666 neque
1735 1598 1879 1651 enim
1916 1598 2095 1663 video,
2124 1614 2272 1668 quae-

688 1705 814 1742 nam
876 1689 948 1743 sit
1002 1691 1301 1744 necessitas
1366 1690 1866 1746 communicantem
1924 1692 2091 1746 veluti
2159 1691 2270 1746 Deo

686 1783 836 1836 Patri
871 1792 963 1836 aut
1021 1783 1174 1852 regni
1226 1782 1530 1851 adjutorcm
1587 1782 1781 1838 Filium
1822 1786 2177 1851 constituere,
2214 1796 2271 1841 et

2380 589 2559 657 δόγμα
2588 586 2767 657 ἡμῶν,
2813 586 2888 649 ὡς
2935 586 3080 650 εἰκὸς
3130 583 3218 657 ἦν,
3284 590 3401 649 ταῖς
3452 586 3759 651 ἀποδείξεσι
3791 604 3966 639 κατα-

2385 679 2761 742 σκευαστικῶς
2798 679 3171 749 προσάγεσθαι
3216 679 3466 750 μεγάλως
3513 697 3573 733 τε
3624 682 3965 750 πεπραγμά-

2379 789 2566 825 τευται
2600 773 2702 842 (4),
2758 772 2856 825 καὶ
2884 773 3072 841 σαφῶς
3110 772 3425 841 ὲξήνυσται,
3480 774 3564 826 ἵνα
3606 772 3682 843 μὴ
3714 772 3963 841 δόξωμεν

2378 862 2496 915 νυνὶ
2528 863 2822 934 παρέλκειν
2860 864 2917 915 ὲν
2961 863 3040 932 τῷ
3078 864 3310 933 γράφειν
3342 880 3445 930 σοι,
3492 863 3652 931 μόνον
3700 863 3810 917 ἀπὸ
3847 864 3963 917 τῶν

2381 953 2683 1010 σταλέντων
2712 957 2843 1026 ἡμῖν
2887 956 2975 1008 ἐπ’
3006 956 3286 1026 ἀνατροπῇ
3321 955 3419 1025 τῆς
3469 954 3591 1007 καθ’
3626 957 3777 1025 ἡμᾶς
3804 955 3965 1026 ἀμώ-

2381 1062 2483 1116 μου
2510 1046 2770 1112 πίστεως,
2805 1046 2905 1109 τὰς
2943 1047 3296 1118 ἀντιρρήσεις
3327 1047 3689 1117 ποιησόμεθα’
3736 1048 3820 1101 διὸ
3863 1051 3963 1102 καὶ

2378 1137 2425 1189 εἰ
2456 1137 2762 1201 εὐθυὸόλως
2784 1138 2845 1190 αἴ
2872 1152 2930 1189 τε
2956 1137 3056 1206 τῆς
3090 1138 3328 1201 πίστεως
3362 1138 3519 1208 ἡμῶν
3550 1138 3820 1203 διαόολαὶ,
3862 1140 3962 1192 καὶ

2376 1227 2433 1278 αἱ
2461 1225 2646 1278 λοιπαὶ
2672 1228 3024 1299 ἀντιρρήσεις
3049 1244 3142 1280 σου
3162 1226 3398 1296 ἔχουσιν,
3421 1221 3523 1281 ὦδε
3556 1229 3924 1300 ὲπισκεψώμε
3950 1262 3961 1269 -

2377 1317 2464 1371 θα·
2498 1318 2610 1387 ἔχει
2641 1318 2698 1371 δὲ
2743 1319 2805 1371 τὸ
2837 1320 2929 1372 σὺν
2961 1320 3197 1389 γράμμα
3230 1318 3433 1383 οὕτως·
3468 1339 3485 1370 ι
3516 1320 3649 1385 Θεός
3677 1323 3825 1374 ἐστιν
3854 1318 3959 1387 εἷς,

2376 1410 2630 1463 κοινωνὸν
2683 1411 2758 1480 μὴ
2793 1410 2931 1481 ἔχων
2976 1412 3078 1478 τῆς
3116 1410 3281 1465 αὑτοῦ
3328 1411 3596 1476 ἐξουσίας·
3640 1413 3734 1466 καὶ
3780 1413 3870 1466 διὰ
3899 1414 3965 1467 τὸ

2376 1503 2451 1573 μὴ
2482 1503 2625 1573 ἔχειν
2657 1504 2934 1567 κοινωνὸν,
2970 1502 3069 1555 οὐκ
3099 1502 3258 1573 ἔσχεν
3291 1503 3413 1557 οὐδὲ
3442 1504 3630 1559 παῖδα.
3672 1523 3691 1556 ι
3728 1505 3963 1575 Θαυμά-

2374 1593 2486 1658 ζειν
2517 1612 2607 1663 μοι
2643 1594 2825 1647 ἔπεισι
2880 1593 3106 1647 τοιαῦτα
3145 1596 3452 1664 γράφοντος
3513 1613 3642 1648 σουο
3697 1599 3817 1652 οὐδὲ
3848 1600 3962 1669 γὰρ

2375 1688 2586 1759 συνορῶ
2620 1688 2712 1741 ἐπὶ
2746 1686 2840 1740 τοῦ
2871 1686 3007 1740 Θεοῦ
3040 1686 3135 1741 καὶ
3183 1688 3414 1760 Πατρὸς,
3453 1689 3537 1753 τίς
3572 1691 3603 1758 ὴ
3636 1689 3850 1761 ἀνάγκη
3882 1692 3960 1753 ὼς

2371 1782 2628 1834 κοινωνόν
2657 1798 2802 1843 τινα,
2843 1780 2876 1850 ἢ
2904 1780 2979 1843 ὡς
3017 1780 3278 1849 συνεργὸν
3319 1781 3421 1848 τῆς
3455 1782 3650 1835 ἑαυτοῦ
3681 1782 3960 1852 βασιλείας

686 1874 914 1943 hujusce
964 1875 1179 1943 generis
1228 1875 1332 1929 alia
1369 1891 1396 1928 a
1453 1884 1504 1930 te
1534 1892 1676 1945 saepe
1715 1878 2011 1946 proposita.
2050 1878 2260 1932 Etenim

2370 1872 2461 1924 τὸν
2510 1871 2706 1925 ἑαυτοῦ
2749 1872 2877 1925 Υἰὸν
2907 1871 3247 1939 εἰσάγεσθαι,
3281 1871 3374 1925 καὶ
3405 1873 3507 1926 ὅσα
3558 1874 3961 1945 τοιαυτὸτροπα

684 1984 809 2021 eum
840 1966 982 2020 Deus
1024 1965 1186 2020 Pater
1248 1966 1446 2020 Filium
1481 1984 1634 2020 suum
1679 1983 1774 2037 per
1804 1968 1985 2022 omnia
2026 1970 2260 2023 similem

685 2055 902 2118 habeat,
948 2064 1173 2123 excepta
1208 2054 1551 2109 innativitate
1589 2065 1643 2109 et
1678 2058 1993 2121 nativitate;
2028 2072 2264 2129 eumque

685 2164 786 2202 nos
815 2148 1174 2202 conﬁteantur
1218 2166 1321 2202 non
1365 2165 1485 2204 esse
1528 2149 1723 2204 Filium
1760 2149 1905 2205 Patri
1955 2154 2262 2208 communi-

683 2249 925 2301 cantem,
965 2240 1150 2293 nescio
1192 2243 1466 2307 quomodo
1518 2258 1617 2295 nos
1659 2241 1844 2296 fallere
1875 2244 2044 2310 velis;
2081 2246 2162 2300 vel
2205 2255 2262 2300 tu

684 2330 799 2396 ipse
831 2332 1069 2399 propriis
1103 2333 1295 2400 pennis
1342 2332 1597 2400 capiaris.
1644 2330 1738 2385 Est
1785 2333 1932 2385 enim
1982 2334 2261 2403 sophisma

684 2433 834 2475 tuum
870 2423 1177 2488 hujusmodi
1216 2440 1228 2475 :
1269 2424 1324 2478 Si
1359 2426 1467 2478 duo
1534 2425 1781 2493 quaedam
1835 2428 1967 2492 sint,
2009 2436 2063 2481 et
2092 2443 2261 2481 unum

680 2515 854 2583 pluris
898 2516 989 2578 sit,
1042 2517 1187 2570 aliud
1232 2517 1481 2579 minoris,
1533 2518 1677 2570 velut
1719 2517 1882 2571 homo
1921 2527 1976 2573 et
2018 2519 2259 2588 animal;

682 2622 916 2676 namque
970 2607 1135 2662 homo
1198 2609 1428 2663 minoris
1474 2618 1577 2672 est,
1640 2624 1803 2677 quam
1862 2610 2263 2681 animal;quia

680 2698 920 2751 vicissim
949 2716 1057 2751 non
1096 2700 1365 2753 alternat:
1395 2703 1595 2754 animal
1621 2711 1801 2755 autem
1832 2702 2006 2771 pluris
2029 2714 2147 2769 est;
2177 2705 2263 2758 his

679 2791 749 2843 ita
788 2807 846 2845 se
869 2790 1218 2854 habentibus,
1249 2792 1411 2846 veluti
1458 2793 1503 2847 si
1540 2794 1707 2847 homo
1736 2804 1840 2856 est,
1881 2794 2080 2848 animal
2120 2810 2263 2865 quo~

676 2900 781 2952 que
811 2894 925 2948 est;
960 2899 1067 2938 nou
1105 2895 1309 2946 autem,
1362 2886 1407 2939 si
1456 2886 1660 2939 animal
1707 2895 1812 2949 est,
1855 2886 2019 2940 homo
2045 2903 2264 2956 quoque

676 2987 795 3039 est;
827 2975 872 3030 si
911 2976 1133 3029 animali
1168 2977 1488 3039 exsisteute,
1552 2978 1700 3033 dicat
1736 2979 1937 3048 aliquis
1986 2980 2261 3034 hominem

678 3082 899 3136 quoque
922 3082 1079 3133 esse;
1111 3067 1198 3122 hic
1232 3069 1655 3137 paraIOgismum
1686 3070 1834 3131 facit,
1863 3072 1992 3140 quia
2026 3073 2127 3127 ista
2155 3088 2263 3128 non

676 3161 969 3228 alternam,
1003 3179 1180 3233 neque
1209 3164 1442 3218 invicem
1475 3176 1906 3236 consequuntur.

2368 1963 2630 2021 πολλάκις
2663 1963 2918 2033 γράφεις·
2955 1964 3049 2016 τὸν
3095 1962 3206 2033 γὰρ
3240 1963 3377 2017 Θεὸν
3437 1966 3531 2018 καὶ
3590 1966 3809 2035 Πατέρα
3864 1967 3959 2019 τον

2367 2052 2559 2107 ἑαυτοῦ
2596 2053 2722 2106 Υἱὸν
2770 2054 2913 2107 κατὰ
2952 2054 3132 2107 πάντα
3170 2055 3355 2125 ὅμοιον
3412 2056 3626 2125 ἔχοντα,
3686 2057 3826 2125 πλὴν
3857 2058 3959 2124 τῆς

2365 2145 2696 2216 ἀγεννησίας
2738 2147 2830 2197 καὶ
2871 2147 2968 2215 τῆς
3002 2145 3333 2214 γεννήσεως.
3381 2144 3538 2214 ἡμῶν
3572 2145 3627 2197 δὲ
3662 2144 3787 2214 μηδ’
3812 2140 3958 2205 ὅλως

2364 2237 2771 2307 ὁμολογούντων
2809 2238 3065 2291 κοινωνὸν
3094 2238 3221 2291 ὄντα
3260 2238 3352 2291 τοῦ
3398 2239 3609 2309 Πατρδς
3657 2240 3748 2292 τὸν
3795 2239 3954 2302 Υἱὸν,

2364 2331 2464 2383 οὐκ
2517 2326 2614 2382 οἶδ’
2664 2332 2814 2391 ὅπως
2857 2332 3007 2400 ἡμᾶς
3060 2332 3435 2402 παραλογίζῃ,
3492 2333 3524 2401 ἢ
3576 2334 3805 2386 σεαυτὸν
3842 2338 3960 2397 τοῖς

2367 2421 2561 2473 ἑαυτοῦ
2597 2424 2815 2491 πτεροῖς
2837 2421 3056 2493 ἁλίσκῃ·
3091 2422 3206 2476 ἔστι
3236 2424 3342 2493 γάρ
3365 2441 3459 2475 σου
3490 2424 3734 2494 σόφισμα
3770 2426 3957 2478 τοιοῦ-

2364 2530 2477 2565 τονο
2528 2514 2653 2567 Ἐὰν
2684 2514 2777 2567 δύο
2807 2514 2929 2567 τινὰ
2976 2508 3101 2579 ὦσι,
3135 2515 3230 2567 καὶ
3258 2515 3321 2567 τὸ
3368 2516 3466 2583 μὲν
3494 2517 3771 2578 ὲπιπλέον,
3806 2516 3868 2569 τὸ
3897 2517 3960 2570 δὲ

2365 2606 2681 2671 ἐπέλαττον,
2711 2602 2823 2659 οἷον
2849 2609 2876 2660 ὃ
2904 2625 2963 2660 τε
2994 2607 3281 2678 ἄνθρωπος
3327 2607 3423 2661 καὶ
3456 2608 3614 2673 ζῶον·
3664 2611 3693 2662 ὁ
3724 2609 3823 2678 μὲν
3847 2610 3962 2678 γὰρ

2365 2698 2655 2769 ἄνθρωπος
2700 2700 2993 2753 ὲπέλαττόν
3024 2701 3139 2753 ἐστι
3174 2699 3269 2753 τοῦ
3304 2700 3466 2764 ζῴου⁸
3500 2701 3621 2754 οὐδὲ
3663 2700 3774 2770 γὰρ
3804 2702 3957 2753 ἀντιο

2367 2790 2609 2859 στρέφειο
2636 2791 2694 2842 τὸ
2716 2790 2773 2843 δὲ
2824 2788 2964 2854 ζῶον
2999 2791 3279 2844 ὲπιπλέον·
3317 2791 3508 2845 τούτου
3536 2792 3593 2845 δὲ
3633 2792 3808 2855 ὄντος,
3840 2785 3958 2844 οἷον

2365 2881 2461 2933 τοῦ
2498 2882 2812 2951 ἀνθρώπου,
2841 2883 3002 2952 δῆλον
3035 2885 3130 2936 καὶ
3158 2885 3220 2937 τὸ
3248 2882 3389 2948 ζῶόν
3416 2887 3585 2936 ἐστιν’
3620 2883 3681 2935 οὐ
3717 2881 3826 2954 μὴν
3857 2881 3958 2936 τοῦ

2366 2975 2505 3039 ζῴου
2556 2975 2729 3038 ὄντος,
2763 2978 2858 3029 καὶ
2895 2978 2923 3028 ὁ
2959 2976 3269 3046 ἄνθρωπος·
3299 2971 3421 3029 εἶτα
3466 2975 3559 3029 τοῦ
3594 2974 3734 3039 ζὼου
3760 2975 3919 3037 ὄντος
3940 3016 3957 3040 ,

2367 3070 2594 3140 φῆσειέν
2629 3087 2713 3131 τις
2757 3070 2850 3123 καὶ
2887 3069 2978 3122 τὸν
3003 3069 3293 3141 ἄνθρωπον
3330 3063 3491 3130 εἶναι,
3524 3069 3615 3122 τὸν
3648 3068 3957 3137 παραλογι-

2370 3159 2507 3227 σμὸν
2550 3161 2711 3223 ποιεῖ,
2752 3158 2903 3229 παρὰ
2946 3159 3008 3212 τὸ
3061 3158 3137 3229 μὴ
3191 3158 3576 3228 ἀντιστρέφον,
3609 3157 3791 3210 καὶτὸ
3830 3156 3962 3209 ἑπό-

2367 3267 2533 3320 μενον
2563 3249 2707 3303 οὕτω
2738 3251 3099 3319 καλούμενον.

677 3394 791 3447 Hoc
818 3391 932 3445 loco
968 3392 1152 3461 repetit
1186 3392 1402 3443 Nicetes
1436 3401 1604 3443 totum
1635 3391 1925 3443 articulum
1957 3406 2151 3461 nonum
2193 3389 2389 3457 prioris
2445 3389 2700 3455 epistolae,
2734 3405 2916 3458 nempe
2965 3407 2997 3442 a
3047 3390 3217 3443 verbis
3268 3390 3510 3443 τοιοῦτόν
3558 3408 3609 3444 τι
3664 3407 3828 3461 usque
3884 3394 3957 3444 ad

1077 3465 1168 3514 ἐπὶ
1198 3464 1294 3532 τῆς
1334 3461 1495 3529 ἁγίας
1526 3461 1757 3530 Τριάδος
1786 3461 2050 3514 τίθεσθαι.
2085 3458 2198 3513 Nos
2231 3476 2263 3512 vi

2377 3460 2695 3525 amittimus,
2718 3476 2781 3513 ne
2816 3471 2994 3512 actum
3030 3477 3182 3531 agere
3210 3461 3503 3514 videamur.

744 3582 799 3634 2.
842 3578 969 3633 Item
1001 3579 1158 3632 aliter
1194 3597 1205 3631 :
1243 3597 1260 3628 ι
1302 3577 1442 3633 Deus
1478 3594 1621 3633 unus
1649 3589 1751 3644 est,
1778 3596 1883 3633 non
1918 3580 2127 3633 habens
2156 3579 2252 3633 ali-

675 3689 839 3743 quem
876 3672 1373 3726 communicantem
1404 3674 1657 3740 potestati
1685 3690 1817 3727 sum.
1864 3694 1880 3724 ι
1911 3674 2065 3739 Quod
2113 3673 2259 3728 Deus

676 3782 819 3820 unus
850 3766 921 3818 sit
948 3764 1295 3827 universalis,
1330 3766 1420 3833 qui
1471 3766 1683 3820 cunctis
1712 3765 1874 3820 rebus
1902 3776 1954 3819 et
1989 3766 2255 3819 exsisten-

676 3854 805 3907 tiam
845 3852 1034 3905 tribuit
1064 3859 1117 3905 et
1154 3861 1359 3905 rectum
1396 3861 1620 3915 statum,
1644 3852 2031 3921 neminemque
2065 3853 2260 3907 habeat

676 3943 1176 3999 communicantem
1203 3951 1297 3996 aut
1318 3943 1645 4012 adjutorem,
1680 3954 1738 3998 ut
1765 3952 1820 3998 tu
1844 3945 2011 4009 dicis,
2038 3960 2066 3997 a
2100 3945 2258 3999 nobis

676 4036 881 4106 pariter
914 4037 967 4089 in
1022 4037 1406 4106 superioribus
1455 4037 1889 4091 demonstratum
1933 4036 2053 4100 fuit,
2094 4046 2260 4105 atque

678 4132 752 4183 ita
774 4130 1105 4183 confitemur
1123 4130 1485 4186 etcredimus.
1518 4129 1671 4196 Quod
1708 4140 1888 4184 autem
1925 4130 2013 4183 ille
2040 4144 2261 4199 quoque

679 4237 709 4273 a
753 4220 910 4274 nobis
967 4220 1207 4274 creditus
1263 4218 1433 4273 Filius
1497 4236 1561 4274 ac
1624 4221 1765 4275 Deus
1806 4237 1990 4285 verus,
2018 4236 2172 4289 aeque
2196 4236 2260 4274 ac

676 4310 821 4363 Deus
871 4310 1051 4373 Pater,
1115 4310 1251 4364 Deus
1313 4325 1452 4363 unus
1511 4326 1636 4364 cum
1694 4310 1851 4364 Patre
1897 4326 1960 4365 ac
1993 4312 2196 4380 Spiritu
2230 4328 2258 4365 a

676 4403 836 4455 nobis
869 4403 1106 4463 dicatur,
1141 4420 1249 4457 non
1292 4413 1549 4472 tanquam
1586 4406 1994 4458 communieans
2029 4403 2174 4457 Patri
2197 4421 2259 4459 ac

678 4492 941 4560 Spiritui;
986 4507 1163 4561 neque
1202 4502 1459 4561 tanquam
1514 4494 1677 4545 unius
1708 4494 1979 4562 principii,
2015 4504 2069 4547 et
2096 4495 2259 4547 unius

678 4584 795 4649 Dei,
819 4584 912 4653 qui
952 4585 1005 4637 in
1031 4584 1194 4638 Patre
1225 4595 1277 4638 et
1317 4584 1455 4638 Filio
1493 4596 1546 4639 et
1586 4586 1793 4655 Spiritu
1828 4597 2018 4640 sancto
2044 4599 2258 4653 specta-

2437 3576 2500 3647 β’.
2536 3578 2647 3631 Καὶ
2679 3577 2855 3639 ἄλλως
2873 3593 2886 3605 ·
2923 3597 2940 3628 ι
2965 3577 3099 3639 Θεός
3124 3577 3274 3631 ἐστιν
3300 3574 3675 3640 εἴς,κοινωνδν
3711 3578 3786 3647 μὴ
3814 3577 3959 3648 ἔχων

2362 3672 2461 3739 τῆς
2488 3670 2652 3723 αὑτοῦ
2684 3669 2951 3734 ἐξουσίας.
2992 3687 3010 3719 ι
3066 3670 3187 3722 ’Ότι
3231 3671 3331 3739 μὲν
3362 3665 3443 3733 εἷς
3501 3670 3631 3734 Θεός
3665 3673 3813 3723 ἐστιν
3863 3672 3958 3723 ἐπὶ

2364 3764 2583 3816 πάντων
2638 3766 2747 3826 τοῖς
2790 3759 2942 3816 οὖσιν
2981 3763 3209 3825 ἅπασιν,
3252 3764 3314 3816 τό
3353 3780 3411 3814 τε
3462 3763 3647 3824 ἁπλῶς
3686 3758 3828 3815 εἶναι
3861 3764 3958 3817 καὶ

2360 3856 2421 3909 τὸ
2452 3852 2510 3908 εὖ
2538 3852 2917 3924 χαριζόμενος,
2938 3855 3031 3908 καὶ
3058 3856 3234 3907 οὐδενὶ
3265 3854 3372 3906 τῶν
3402 3854 3571 3905 ὄντων
3600 3852 3660 3905 τὸ
3691 3853 3960 3923 παράπαν

2360 3946 2617 3999 κοινωνὸν
2651 3945 2682 4015 ἦ
2722 3946 3005 4014 συνεργὸν,
3039 3946 3113 4007 ὡς
3165 3947 3228 3997 σὺ
3258 3948 3383 4013 φὴς,
3441 3945 3803 4013 κεκτημένος,
3859 3944 3959 3995 καὶ

2357 4039 2617 4108 ἀνωτέρω
2649 4036 2781 4107 παρ’
2821 4036 2982 4107 ἡμῶν
3032 4037 3413 4090 ἀποδέδεικται
3459 4038 3552 4090 καὶ
3599 4035 3956 4105 ὡμολόγηται

2357 4134 2451 4186 καὶ
2482 4132 2871 4186 πεπίστευται·
2905 4133 2985 4184 ὅτι
3024 4131 3079 4184 δὲ
3113 4131 3207 4184 καὶ
3237 4134 3264 4183 ὁ
3298 4132 3428 4200 παρ’
3463 4129 3620 4199 ἡμῶν
3658 4130 3784 4192 Υἱὸς
3814 4129 3957 4182 Θεοῦ

2363 4222 2782 4293 πιστευόμενος,
2807 4223 2900 4276 καὶ
2928 4223 3060 4285 Θεὸς
3087 4221 3336 4292 ἀληθινὸς
3389 4222 3464 4274 ὢν
3486 4222 3579 4274 καὶ
3608 4221 3793 4281 αὐτος.
3829 4220 3959 4274 καθ’

2362 4316 2397 4370 ἃ
2420 4315 2513 4368 καὶ
2533 4316 2561 4367 ὁ
2594 4313 2802 4380 Πατὴρ,
2833 4313 2926 4366 καὶ
2956 4312 3089 4373 Θεὸς
3121 4307 3201 4372 εἷς
3237 4310 3373 4379 μετὰ
3406 4309 3614 4378 Harpe;
3645 4308 3740 4360 καὶ
3785 4307 3961 4361 1]νεὺ-

2371 4422 2539 4473 pato;
2572 4422 2644 4455 πα
2654 4407 2701 4472 ρ’
2732 4403 2887 4473 ἡμῶν
2928 4402 3109 4465 καλῶς
3146 4402 3585 4470 θεολογούμενος,
3614 4400 3712 4467 οὐχ
3742 4399 3816 4461 ὡς
3845 4418 3959 4451 κοι-

2369 4497 2535 4557 νωνὸς
2567 4495 2660 4547 τοῦ
2693 4494 2827 4546 Θεοῦ
2881 4496 2971 4546 καὶ
3004 4493 3237 4562 Πατρὸς,
3289 4491 3411 4543 οὔτε
3466 4491 3562 4559 τῆς
3600 4491 3726 4558 μιᾶς
3778 4491 3959 4559 ἀρχῆς

2368 4586 2462 4637 καὶ
2494 4584 2585 4635 τοῦ
2616 4585 2732 4645 ἐνὸς
2762 4582 2896 4634 Θεοῦ
2933 4583 3024 4634 τοῦ
3073 4584 3133 4633 ἐν
3186 4582 3358 4650 "arpi.
3411 4580 3508 4632 καὶ
3546 4579 3656 4649 Υἱῷ
3688 4582 3773 4631 xui
3812 4581 3959 4649 ἁγίῳ

678 4683 785 4737 tur,
819 4683 874 4726 et
902 4672 975 4726 sit
1006 4681 1059 4726 et
1087 4688 1115 4725 a
1152 4673 1311 4726 nobis
1340 4673 1649 4737 inducatur,
1684 4676 1753 4728 ita
1796 4676 1853 4727 tit
1884 4676 2099 4743 planum
2131 4676 2259 4729 :llle

2369 4674 2644 4741 Πνεῦματι
2679 4672 3077 4741 θεωρουμένου,
3105 4671 3217 4723 ἔστι
3251 4671 3344 4724 καὶ
3374 4672 3503 4740 παρ’
3538 4671 3694 4740 ἡμῶν
3740 4672 3960 4737 εἰσάγε-

676 4763 768 4832 qui
804 4778 833 4816 a
872 4763 1030 4817 nobis
1057 4765 1145 4817 Dei
1181 4763 1351 4818 Filius
1376 4781 1437 4818 ac
1459 4766 1596 4818 Deus
1629 4782 1790 4819 verus
1830 4768 2047 4828 dicitur,
2078 4770 2120 4820 si
2153 4779 2257 4830 est,

678 4865 737 4908 ut
764 4866 819 4909 tu
850 4856 951 4919 ais,
984 4857 1090 4910 Deo
1117 4857 1550 4921 eonununiraus,
1584 4859 1632 4910 id
1677 4868 1779 4920 est,
1810 4860 1856 4911 ei
1908 4861 1998 4929 qui
2032 4877 2060 4913 a
2103 4862 2259 4915 nobis

677 4943 823 4998 Deus
850 4958 915 4999 ac
957 4942 1117 4998 Pater
1151 4946 1488 5014 appellatur;
1526 4945 1606 4999 vel
1658 4946 1747 4999 uni
1790 4948 2057 5017 principio
2088 4960 2140 5002 et
2167 4950 2258 5002 uni

679 5032 815 5093 Deo,
851 5035 943 5102 qui
976 5035 1027 5087 in
1062 5032 1223 5089 Patre
1270 5044 1324 5088 et
1376 5035 1512 5089 Filio
1555 5047 1608 5090 et
1659 5036 1864 5107 Spiritu
1904 5052 2099 5092 saneto
2133 5056 2259 5109 spc-

678 5134 881 5178 etatur.
918 5126 1022 5179 Sed
1051 5127 1094 5180 si
1137 5126 1358 5197 quidem
1399 5129 1488 5181 uni
1534 5128 1642 5183 Deo
1671 5131 1763 5199 qui
1809 5132 1862 5184 in
1893 5129 2050 5185 Patre
2089 5143 2142 5185 et
2172 5132 2260 5186 Fi-

676 5216 751 5272 lio
805 5233 869 5272 ac
924 5216 1128 5287 Spiritu
1189 5230 1378 5274 sancto
1445 5231 1756 5289 spectatur;
1817 5226 2251 5278 demonstratum

676 5317 859 5362 autem
894 5308 991 5361 fuit
1018 5324 1048 5361 a
1078 5309 1232 5363 nobis
1274 5310 1325 5362 in
1373 5312 1573 5379 prioris
1628 5315 1873 5382 epistola:
1918 5326 2021 5369 tua:
2053 5314 2256 5368 refuta-

675 5400 843 5463 tione,
873 5416 1040 5454 unum
1073 5416 1192 5456 esse
1219 5401 1407 5468 Denuo,
1447 5420 1725 5475 unumque
1755 5407 2103 5475 principium,
2129 5424 2253 5462 cum

677 5492 838 5547 Patre
858 5507 923 5547 ac
950 5495 1153 5563 Spiritu
1188 5504 1398 5561 sancto,
1448 5496 1647 5551 Filium
1689 5500 1783 5569 qui
1828 5512 1881 5554 et
1914 5502 1984 5554 ita
2025 5510 2108 5556 est
2141 5512 2193 5557 et
2225 5518 2255 5557 a

680 5582 838 5639 nobis
880 5584 1014 5639 bene
1045 5586 1183 5641 Deus
1216 5588 1555 5657 appellatur;
1590 5604 1720 5659 ergo
1763 5591 1835 5645 ita
1863 5592 2131 5662 contingit
2164 5591 2255 5646 Fi-

752 5765 830 5833 (4)
870 5763 1013 5819 Dicit
1045 5765 1188 5839 illam
1213 5766 1538 5822 Christianae
1574 5770 1851 5839 religionis
1900 5771 2246 5828 demonstra-

687 5836 908 5903 tionem,
940 5837 1256 5909 q'tani_ipse
1302 5842 1626 5907 repetivcrat
1666 5836 1722 5896 in
1766 5843 1946 5911 priore
1999 5845 2250 5915 epistola,

2364 4782 2473 4823 tae,
2506 4758 2607 4816 ὦίε
2638 4764 2825 4832 δῆλον
2878 4764 2933 4815 Ὀ
2978 4764 3103 4835 παρ’
3153 4766 3287 4833 ἡμῖν
3332 4764 3459 4826 Υἱὸς
3491 4762 3624 4815 Θεοῦ
3682 4762 3777 4815 καὶ
3821 4764 3959 4827 Θεὸς

2363 4858 2615 4928 ἀληθινὸς
2648 4858 3087 4925 θεολογούμενος,
3112 4858 3273 4926 εἴπερ
3297 4858 3417 4909 ἐστὶ
3450 4858 3588 4910 κατὰ
3615 4857 3673 4909 σὲ
3698 4858 3959 4921 κοινωνὸς

2361 4948 2455 5000 τοῦ
2482 4948 2639 5011 Θεοῦ,
2670 4949 2788 5018 ἦτοι
2822 4948 2915 5000 τοῦ
2945 4951 3074 5019 παρ’
3102 4950 3234 5018 ἡμῖν
3261 4947 3396 5000 Θεοῦ
3421 4947 3516 5000 καὶ
3542 4947 3751 5016 Πατρὺς
3781 4963 3958 5013 πρεσ-

2362 5041 2680 5110 ϐευομένου,
2712 5041 2863 5109 ῆτῆς
2898 5043 3025 5109 μιᾶς
3056 5042 3228 5110 ἀρχῆς
3271 5041 3367 5093 καὶ
3393 5039 3486 5092 τοῦ
3531 5040 3651 5101 ἐνὸς
3687 5039 3825 5091 Θεοῦ
3859 5040 3956 5093 τοῦ

2362 5133 2420 5185 ἐν
2448 5134 2620 5204 Πατρὶ
2643 5134 2737 5185 καὶ
2761 5133 2876 5202 Υἱῷ
2903 5135 2994 5186 καὶ
3029 5134 3171 5202 ἁγίῳ
3222 5132 3501 5202 Πνεύματι
3530 5132 3915 5201 θεωρουμένου
3938 5150 3950 5163 ·

2360 5225 2475 5279 ἀλλ’
2499 5226 2547 5277 εἰ
2573 5225 2672 5294 μὲν
2707 5225 2800 5277 τοῦ
2836 5225 2953 5289 ἐνὸς
2993 5224 3128 5277 Θεοῦ
3163 5223 3257 5277 τοῦ
3296 5226 3354 5278 ἑν
3394 5224 3567 5292 Πατρὶ
3594 5223 3687 5274 καὶ
3712 5222 3828 5292 Υἱῷ
3860 5225 3954 5275 καὶ

2363 5317 2503 5387 ἁγίῳ
2547 5317 2822 5386 [ῐνεύματι
2859 5317 3261 5388 θεωρουμένου,
3297 5316 3671 5369 ἀποδέδεικται
3702 5314 3758 5366 δὲ
3818 5317 3954 5384 ἡμῖν

2362 5413 2420 5464 ὲν
2451 5413 2517 5481 τῇ
2551 5412 2868 5483 ἅντιρῤήσει
2900 5411 2997 5480 τῆς
3033 5410 3302 5479 προτέρας
3353 5425 3446 5461 σου
3504 5407 3817 5476 ἐπιστολῆς,
3859 5415 3945 5469 ὅτι

2360 5496 2440 5567 εἷς
2475 5503 2607 5565 Θεὸς
2656 5505 2749 5555 καὶ
2812 5504 2909 5573 μία
2951 5502 3093 5573 ἁρχὴ
3136 5503 3164 5554 ὁ
3213 5502 3339 5564 Υἱὸς
3394 5502 3533 5570 μετὰ
3587 5502 3800 5569 Πατρῆς
3859 5505 3956 5553 καὶ

2364 5593 2682 5665 Πνεύματος
2697 5594 2869 5661 ’ἁγίου
2905 5596 2998 5647 καὶ
3029 5594 3143 5647 ἐστι
3176 5595 3269 5647 καὶ
3298 5595 3426 5664 παρ’
3452 5592 3606 5663 ἡμῶν
3624 5593 3806 5655 καλῶς
3828 5593 3952 5646 οεο-

2356 5776 2449 5828 sed
2477 5790 2578 5828 nos
2619 5785 2805 5845 utpote
2838 5776 2950 5845 jam
2992 5776 3044 5829 in
3078 5775 3359 5846 superiore
3393 5791 3576 5844 opere,
3618 5774 3721 5829 hoc
3743 5771 3943 5829 eodem

2360 5846 2637 5903 volumine
2664 5847 2889 5916 editam,
2918 5848 3228 5904 necessario
3258 5848 3569 5903 omisimus.
