4168 6450
198 401 305 464 895

1375 401 1811 463 REFUTATIO
1847 400 2323 464 MOHAMEDIS.

3357 399 3463 464 896

197 516 474 581 λογεῖται·
510 514 559 565 εἰ
591 514 649 567 δὲ
676 513 855 577 τοῦτο,
908 513 1197 583 συμϐαίνει
1243 513 1309 567 ἂν
1354 514 1384 565 ὁ
1438 514 1564 578 Υἱὸς
1616 512 1780 574 αὐτὸς

1890 514 2014 566 lium
2065 513 2279 567 sibimet
2328 527 2451 567 esse
2494 509 3026 575 communicantcm;
3080 508 3225 579 quod
3263 516 3463 565 estalt.

195 604 393 658 ἑαυτοῦ
423 601 563 657 εἶναι
599 606 873 668 κοινωνὸς,
918 607 1055 676 ὅπερ
1090 606 1288 659 ἄτοπον
1307 622 1322 639 ο
1356 605 1507 658 οὐδὲν
1530 607 1640 676 γὰρ
1670 605 1779 657 τῶν

193 698 370 748 ὄντων
396 696 529 748 αὐτὸ
553 695 747 750 ἑαυτοῦ
794 695 1013 766 λέγεται
1041 694 1179 751 εἷναι
1208 698 1491 751 κοινωνόν·
1528 699 1626 750 οὐκ
1674 697 1781 767 ἄρα

192 790 221 839 ό
260 787 390 850 Υίδς
412 786 513 856 τῆς
545 790 674 856 μιᾶς
696 788 871 858 ἀρχῆς
898 789 990 841 καὶ
1018 787 1114 841 τοῦ
1146 788 1424 853 ὲνδς,Θεοῦ
1451 787 1545 841 τοῦ
1577 791 1635 840 ἐν
1668 788 1776 841 ﬂa-

192 878 285 945 τρὶ
313 878 411 929 καὶ
458 878 573 947 Υίῷ
599 879 693 930 καὶ
748 878 891 949 ἁγίῳ
926 879 1203 949 Πνεῦματι
1244 879 1619 949 θεωρουμένου
1662 879 1782 932 ἐστὶ

192 968 453 1030 κοινωνός
480 966 646 1020 ὀὔτε
674 970 781 1039 μὴν
819 969 913 1021 τοῦ
944 969 1079 1023 Θεοῦ
1120 970 1215 1023 καὶ
1261 970 1473 1040 Πατρός
1494 987 1506 1000 ·
1538 970 1634 1022 ἐπὶ
1657 969 1778 1022 τού-

190 1072 303 1107 των
327 1057 437 1127 γάρ
478 1058 570 1111 καὶ
594 1058 754 1125 μόνον
776 1059 922 1113 ἔστιν
950 1060 1064 1113 υίδν
1090 1062 1271 1130 εὑρεῖν
1294 1061 1386 1113 τοῦ
1412 1060 1542 1114 ῖδίου
1578 1061 1782 1130 πατρὸς

192 1149 493 1217 λεγόμενον
520 1152 797 1217 κοινωνὸν,
832 1154 889 1205 ὲν
916 1148 996 1216 οἷς
1019 1152 1248 1222 γνώμης
1284 1154 1606 1224 παραλλαγὴ
1644 1171 1783 1223 παρ⁴

194 1240 502 1293 εισδῦνεται
525 1282 539 1303 ,
577 1241 672 1294 καὶ
705 1241 1012 1312 βουλήσεως
1068 1245 1325 1314 ἑτερότης
1368 1246 1652 1313 πάρεστιν,
1690 1245 1782 1296 καὶ

194 1334 404 1402 ἀπορία
433 1333 674 1387 καλοῦσα
711 1336 843 1404 πρὸς
869 1335 966 1405 τὴν
990 1333 1198 1407 χρείαν,
1244 1336 1336 1390 καὶ
1368 1336 1614 1403 ἐνέργεια
1642 1337 1780 1389 ἀπο·

193 1424 514 1493 τετμημένη
547 1424 688 1489 ἰδίως
738 1426 1029 1495 πρόσεστιν
1052 1444 1065 1457 ·
1102 1421 1180 1489 οἷς
1209 1428 1264 1479 δὲ
1299 1426 1491 1496 γνώμη
1530 1430 1648 1495 μία,
1686 1428 1782 1479 καὶ

196 1513 455 1584 βούλησις
483 1517 568 1568 ἀεὶ
599 1516 911 1581 ἀδιάκοπος,
967 1518 1063 1571 καὶ
1113 1519 1327 1587 φύσεως
1358 1518 1641 1586 ταυτότης.
1689 1519 1783 1570 καὶ

196 1608 299 1676 μία
330 1608 571 1673 ἐξουσία,
602 1608 698 1660 καὶ
742 1609 959 1679 Θέλησις
988 1609 1257 1678 ἄτρεπτος
1288 1610 1544 1676 πάρεστι,
1579 1610 1696 1671 πῶς
1719 1610 1784 1661 ἀν

193 1700 220 1749 ό
247 1700 541 1764 κοινωνὸς
592 1700 985 1769 εἰσφρήσεται;
1031 1700 1227 1753 οὔκουν
1279 1699 1533 1753 κοινωνὸν
1566 1702 1657 1753 ἐπὶ
1688 1699 1783 1751 τοῦ

192 1790 315 1853 ἑνὸς
339 1789 501 1858 Θεοῦ,
527 1793 576 1843 οἱ
631 1793 725 1845 ἐπὶ
753 1795 817 1863 τῇ
849 1792 1099 1862 θεολογίς(⁵
1132 1794 1258 1846 Υἱὸν
1293 1793 1389 1844 καὶ
1419 1791 1641 1863 Πνεῦμα
1666 1792 1785 1845 θεο-

1886 605 2112 659 surdnm
2151 622 2164 656 :
2198 604 2342 657 nulla
2390 603 2535 659 enim
2585 616 2671 655 res
2709 602 2979 655 exsistens
3014 600 3216 653 dicitur
3244 600 3463 654 sibimet

1884 695 2002 763 ipsa
2029 695 2455 749 communicare.
2497 691 2851 761 Nequaquam
2893 692 3058 760 igitur
3111 690 3252 743 ﬁlius
3310 705 3463 743 eom-

1885 786 2174 841 municans
2198 795 2279 840 est
2308 786 2398 839 uni
2432 787 2695 855 principio
2728 785 2932 851 unique
2970 784 3076 837 Deo
3098 782 3192 852 qui
3218 783 3269 835 in
3306 780 3466 835 Patre

1885 887 1934 932 et
1963 877 2098 931 Filio
2150 888 2202 932 et
2261 877 2464 946 Spiritu
2527 890 2716 931 sancto
2770 884 3083 946 spectatur;
3128 891 3306 945 neque
3338 868 3465 927 item

1887 968 1996 1021 Deo
2042 968 2205 1021 Patri.
2250 967 2404 1022 Tunc
2452 968 2594 1021 enim
2638 967 3013 1022 tantummodo
3064 968 3263 1020 dicitur
3322 962 3465 1019 ﬁlius

1885 1058 2023 1126 patri
2074 1074 2173 1113 suo
2214 1060 2648 1115 comtnunieans.
2691 1076 2813 1113 cum
2865 1058 3150 1112 sententiae
3198 1058 3468 1111 aberratio

1887 1153 2052 1215 subit,
2085 1162 2138 1207 et
2184 1153 2401 1207 consilii
2463 1152 2756 1206 diversitas
2812 1153 2985 1216 adest,
3039 1167 3162 1204 cum
3199 1149 3467 1202 dubitatio

1886 1246 1960 1297 rei
1997 1244 2265 1312 gerendae,
2302 1253 2356 1298 et
2402 1245 2649 1313 operatio
2696 1257 2943 1298 seorsum
3002 1253 3252 1312 suscepta
3284 1243 3465 1297 cerni-

1888 1345 1995 1389 tur.
2030 1336 2098 1391 Iis
2124 1349 2339 1399 autem,
2383 1353 2614 1405 quorum
2651 1346 2731 1390 est
2772 1354 2876 1389 una
2918 1337 3204 1399 sententia,
3242 1346 3295 1390 et
3336 1336 3471 1388 deli-

1889 1430 2093 1483 beratio
2126 1444 2345 1497 semper
2392 1431 2646 1492 indivisa,
2687 1436 2740 1483 et
2788 1440 2985 1483 natura
3037 1428 3251 1489 eadem.
3290 1441 3341 1482 et
3373 1445 3469 1497 po-

1888 1530 2059 1577 testas
2096 1522 2278 1585 unica,
2330 1532 2385 1575 et
2439 1522 2691 1574 voluntas
2747 1520 3133 1586 immutabilis,
3192 1519 3469 1589 quomodo

1890 1616 2212 1667 vocabulum
2244 1614 2641 1665 communicatis
2676 1613 2937 1682 obrepet?
2963 1612 3075 1665 Non
3108 1629 3236 1682 ergo
3263 1612 3471 1665 faciunt

1888 1708 1979 1760 uni
2015 1707 2120 1761 Deo
2156 1706 2672 1767 commnnicantem,
2704 1706 2778 1759 illi
2820 1706 2915 1775 qui
2964 1704 3159 1757 Filium
3208 1720 3271 1759 ac
3298 1704 3466 1773 Spiri-

1888 1810 2001 1853 tum
2038 1801 2203 1853 Deum
2244 1815 2363 1853 esse
2406 1801 2711 1871 theologica
2742 1799 2963 1865 dicunt;
2999 1798 3214 1853 etiamsi
3248 1814 3410 1867 prave
3439 1813 3471 1851 a

191 1883 485 1948 λογοῦντες
522 1886 969 1951 συνεισάγουσιν,
1023 1888 1071 1938 εί
1105 1886 1197 1938 καὶ
1246 1885 1431 1949 κακῶς
1464 1884 1595 1955 παρ’
1627 1884 1781 1954 ὑμῶν

1890 1894 2040 1947 vobis
2072 1893 2144 1946 ita
2180 1892 2555 1947 dilfamantur.

193 1974 334 2048 lead.
374 1973 553 2047 ἡμῶν]
575 1976 1025 2046 ἐπιφημίζονται.

263 2067 333 2136 γ’.
362 2070 471 2123 Καὶ
502 2068 675 2132 ἄλλως
700 2084 715 2100 ·
763 2089 780 2120 ι
819 2070 951 2133 Θεὸς
971 2065 1052 2133 εἷς
1082 2071 1218 2132 ἐστι,
1254 2073 1508 2127 κοινωνὸν
1542 2073 1616 2143 μὴ
1642 2073 1781 2143 ἔχων

191 2161 295 2228 τῆς
329 2160 495 2214 αὑτοῦ
520 2163 769 2227 ἐξουσίας
797 2179 810 2193 ·
846 2164 937 2213 καὶ
967 2162 1053 2215 διὰ
1098 2163 1158 2214 τὸ
1204 2168 1278 2235 μὴ
1328 2164 1474 2234 ἔχειν
1504 2166 1777 2229 κοινωνὸν,

188 2254 293 2304 οὐκ
323 2253 479 2322 ἔσχεν
503 2254 622 2306 οὐδὲ
652 2255 832 2306 παῖδα.
877 2272 895 2303 ι
946 2254 1285 2325 Ἀπήλλαξας
1319 2257 1466 2326 ἡμᾶς
1517 2258 1781 2327 πραγμά-

188 2357 301 2393 των
343 2340 576 2404 ἐξειπὼν
620 2343 683 2392 τὸ
731 2342 1069 2412 ἀπόρρητον·
1121 2346 1302 2413 εἰμὲν
1352 2348 1456 2417 γὰρ
1506 2348 1693 2417 ἐώρων
1723 2348 1783 2400 τὸ

192 2436 487 2502 κοινωνὸς
517 2438 611 2489 ἐπὶ
645 2436 743 2506 τῆς
796 2436 1115 2508 θεολογικῆς
1157 2442 1463 2509 γεννήσεως
1514 2442 1782 2508 ἑπόμενον

190 2530 287 2582 καὶ
318 2528 505 2599 χώραν
528 2528 671 2599 ἔχον,
708 2531 847 2601 τάχα
882 2530 948 2584 ἂν
994 2533 1088 2584 καὶ
1122 2533 1195 2602 μὴ
1236 2533 1404 2587 θέλων
1454 2538 1521 2605 τῇ
1553 2535 1781 2606 ἀληθεία

194 2620 662 2689 συνεφελκόμενος
688 2624 753 2691 τῇ
778 2623 1055 2693 ἀναιρέσει
1086 2624 1299 2688 τούτου,
1332 2626 1424 2678 καὶ
1449 2629 1507 2679 τὸ
1544 2628 1783 2696 ἡγούμε-

191 2730 282 2764 νον
327 2712 698 2783 συνανῄρουν·
730 2715 981 2767 τουτέστι
1013 2717 1076 2768 τὸ
1114 2718 1203 2769 ἐπὶ
1237 2718 1332 2786 τὴν
1367 2719 1646 2787 θεολογίαν
1691 2720 1783 2772 τὸν

194 2808 324 2859 Υἰον
346 2806 845 2876 ἀποκηρύττεσθαι.
864 2808 1017 2862 Ἐπεὶ
1034 2808 1090 2861 δὲ
1114 2809 1271 2863 τοῦτο
1300 2811 1463 2864 ἕωλον
1488 2813 1580 2864 καὶ
1607 2812 1781 2881 πάντη

190 2898 408 2964 ψευδὲς,
473 2899 565 2949 ἐπὶ
592 2898 693 2966 τῆς
725 2890 1041 2968 θεολόγικῆς
1087 2904 1416 2969 γεννήσεως,
1449 2904 1542 2954 καὶ
1580 2904 1777 2956 ἀνακό-

191 2984 384 3037 λουθον
412 2984 473 3037 ὃν
495 2988 522 3037 ό
552 2986 707 3053 λόγος
738 2987 958 3052 ἔδειξεν,
985 2988 1044 3041 οὖ
1078 3007 1145 3059 με
1191 2990 1348 3058 λόγος
1376 2995 1782 3061 καταναγκάσει

193 3079 291 3129 καὶ
325 3078 387 3130 τὸ
411 3078 737 3147 ἡγούμενον,
770 3082 1020 3133 τουτέστι
1050 3084 1141 3136 τὸν
1179 3084 1326 3148 Υίὸν,
1358 3086 1447 3137 ἐπὶ
1474 3086 1569 3154 τῆς
1601 3086 1780 3139 θεολο-

192 3171 320 3234 γίας
375 3171 757 3240 ἀπαρνεῖσθαι.
806 3172 931 3225 Ἐπὶ
972 3175 1071 3244 μὲν
1120 3177 1227 3246 γὰρ
1282 3177 1391 3230 τῶν
1435 3178 1494 3241 ἐξ
1542 3179 1786 3247 ἀνάγκης

1954 2068 2007 2122 5.
2054 2067 2181 2121 Item
2219 2069 2374 2121 aliter
2410 2092 2420 2124 :
2466 2090 2483 2119 σ
2530 2070 2671 2123 heus
2707 2086 2850 2125 IIIIIIS
2878 2080 2983 2134 est,
3024 2072 3233 2127 nullum
3264 2072 3471 2129 habens

1884 2157 2135 2225 potestati
2211 2172 2323 2211 suae
2387 2158 2881 2211 commnnicantem
2916 2200 2930 2224 ,
2990 2175 3118 2230 ergo
3181 2177 3247 2215 ne
3303 2160 3469 2214 liliu-n

1886 2248 2107 2318 quidem
2165 2249 2346 2302 habet.
2381 2268 2398 2299 ι
2442 2249 2708 2304 Liberasti
2777 2266 2861 2304 tne
2917 2253 3158 2315 negotio,
3209 2268 3470 2306 arcanum

1885 2356 2154 2395 enarrans
2189 2357 2203 2393 :
2246 2356 2369 2392 nam
2422 2341 2469 2393 si
2532 2341 2769 2394 viderem
2814 2343 3140 2396 vocabulum
3172 2345 3471 2397 communi-

1885 2451 2011 2487 cans
2063 2433 2115 2487 in
2166 2432 2472 2500 theologica
2526 2434 2877 2502 generatione
2916 2450 3223 2488 connexum
3258 2447 3308 2489 et
3340 2439 3471 2490 sub-

1885 2527 2109 2585 sistens,
2147 2523 2380 2577 fortasse
2426 2541 2759 2594 quamquam
2813 2525 3038 2589 invitus,
3080 2528 3308 2582 veritate
3360 2538 3473 2582 tra-

1888 2619 2068 2680 hente,
2104 2631 2227 2670 cum
2265 2617 2427 2684 hujus
2458 2618 2708 2671 vocabuli
2753 2618 3132 2681 exstinctione,
3178 2621 3475 2689 principale

1886 2724 2105 2779 quoque
2126 2709 2191 2761 de
2220 2708 2399 2761 medio
2433 2710 2676 2762 tollerem
2710 2728 2723 2761 :
2758 2710 2807 2761 id
2844 2720 2927 2764 est
2950 2709 3145 2764 Filium
3194 2714 3473 2780 pra-dicari

1889 2804 2054 2856 Deum
2084 2818 2190 2857 non
2222 2802 2482 2856 sinerem.
2524 2801 2626 2855 Sed
2671 2804 2797 2873 quia
2837 2804 2941 2857 hoc
2990 2805 3141 2858 futile
3172 2808 3394 2861 omnino
3424 2817 3476 2862 et

1888 2896 2081 2950 falsum
2141 2897 2190 2949 in
2251 2897 2555 2967 theologica
2586 2899 2936 2967 generatione.
2972 2899 3306 2968 minimeque
3343 2916 3477 2954 con-

1888 3000 2203 3043 Sectaneum
2235 3004 2416 3042 sermo
2474 3000 2663 3045 noster
2711 2990 2984 3054 ostendit,
3020 2992 3230 3046 nullum
3270 3008 3355 3047 me
3389 3010 3479 3047 ra-

1890 3080 2175 3134 tiocinium
2220 3092 2396 3148 coget,
2448 3096 2563 3133 rem
2618 3081 3000 3150 principalem,
3046 3084 3095 3137 id
3139 3094 3223 3138 est
3252 3083 3478 3149 Filium,

1891 3190 1919 3227 a
1987 3172 2076 3224 Dei
2143 3172 2508 3240 appellatione
2553 3174 2867 3228 excludere.
2928 3173 3062 3228 Nam
3126 3177 3180 3229 in
3242 3177 3310 3229 iis
3356 3192 3480 3245 qua:

193 3264 502 3333 ἑπομένων,
521 3266 614 3318 καὶ
644 3265 850 3320 τούτων
881 3268 1315 3338 ἀναιρουμένων,
1372 3259 1532 3340 δῆλον
1568 3272 1649 3324 ὅτι
1693 3273 1784 3325 καὶ

1891 3270 2205 3320 Necessario
2254 3280 2393 3319 nexu
2454 3266 2770 3329 coluerent,
2837 3277 3023 3336 patet,
3082 3267 3168 3323 his
3223 3269 3478 3333 sublatis,

192 3356 262 3408 τὰ
293 3356 574 3426 ἡγούμενα
604 3359 1003 3429 συνανῄρηται·
1036 3361 1096 3413 οὐ
1122 3361 1229 3430 μὴν
1248 3361 1305 3413 δὲ
1330 3363 1423 3416 ἐπὶ
1451 3362 1559 3415 τῶν
1584 3364 1783 3433 ἥκιστα

193 3448 502 3516 ἑπομένων,
547 3448 623 3511 ὠς
673 3451 728 3501 at
779 3449 1045 3521 μαθήσεις
1070 3451 1474 3505 ἐκδιδάσκουσι·
1511 3453 1591 3506 διὸ
1613 3451 1680 3525 ἦν
1724 3456 1785 3507 τὸ

190 3542 347 3611 παρὰ
380 3540 475 3594 σοῦ
501 3543 955 3611 συλλογιζόμενον
977 3544 1204 3615 δυνάμει
1236 3546 1476 3601 τοιοῦτον
1497 3564 1511 3579 ·
1550 3548 1611 3601 Εἰ
1639 3548 1785 3601 ἔστιν

192 3634 323 3697 Υἱὸς
353 3634 445 3687 ἐπὶ
484 3635 581 3705 τῆς
613 3634 893 3702 θεολογίας
947 3636 1362 3706 πιστευόμενος,
1420 3639 1782 3710 εὑρεθήσεται

192 3730 285 3781 καὶ
343 3728 601 3783 κοινωνὸν
634 3730 662 3781 ό
709 3723 788 3792 εἷς
823 3728 955 3792 Θεὸς
986 3729 1156 3800 ἔχων·
1193 3731 1330 3783 ἀλλά
1384 3732 1491 3802 μὴν
1524 3732 1653 3795 Θεὸς
1706 3727 1787 3795 εἷς

193 3823 343 3872 ἐστιν
399 3819 493 3871 ἐπὶ
522 3819 741 3872 πάντων
779 3820 1035 3873 κοινωνὸν
1062 3820 1161 3873 οὐκ
1196 3821 1365 3890 ἔχων·
1398 3822 1499 3875 οὐκ
1534 3823 1641 3893 ἄρα
1664 3824 1786 3877 οὐδὲ

194 3915 320 3976 Υἱὸς
348 3914 443 3966 ἐπὶ
492 3912 593 3981 τῆς
625 3912 903 3981 θεολογίας
950 3913 1200 3983 εὕρηται.
1238 3915 1349 3967 Καὶ
1389 3916 1606 3986 πρῶτον
1659 3917 1782 3987 μὲν,

189 4008 268 4069 ὡς
300 4006 737 4075 αἱφιλοσοςηκαὶ
792 4005 1008 4075 μέθοδοι
1063 4009 1211 4077 ἡμᾶς
1263 4009 1664 4072 ἐκδιδάσκουσι,
1722 4010 1786 4062 τὸ

192 4101 463 4167 ἑπόμενον
497 4098 1194 4167 ἓσφαλται.Ἀποδέδεικται
1222 4101 1330 4171 γὰρ
1360 4103 1440 4153 ὅτι
1462 4103 1560 4171 οὐχ
1594 4103 1788 4156 ἕπεται

192 4194 287 4247 ἐπὶ
313 4193 413 4261 τῆς
445 4191 761 4262 θεολογικῆς
792 4198 1100 4260 γεννήσεως
1148 4194 1210 4245 τὸ
1243 4194 1499 4247 κοινωνὸν
1530 4195 1787 4263 λέγεσθαι

192 4285 286 4338 τὸν
325 4284 454 4337 Υίὸν
479 4283 571 4337 τοῦ
593 4284 803 4355 Πατρός
826 4302 840 4316 ·
872 4284 960 4336 διά
992 4302 1074 4337 τοι
1096 4285 1253 4337 τοῦτο
1283 4287 1379 4339 καὶ
1404 4287 1788 4352 ἀναπόδεικτος

194 4380 223 4429 ὁ
254 4379 415 4447 λόγος
448 4378 694 4448 πρόεισιν
715 4395 728 4408 ·
760 4378 950 4431 ἔπειτα
974 4378 1186 4447 μικρῶς
1215 4395 1332 4439 πως
1364 4380 1463 4448 τὴν
1495 4378 1616 4432 καθ’
1643 4382 1789 4449 ἡμᾶς

196 4470 480 4537 θεολογίαν
502 4468 952 4538 ἐπισκεψώμεθα,
969 4470 1113 4532 ὅπως
1137 4470 1597 4541 εὐφωρατώτερον
1618 4472 1789 4525 ἅπασι

1892 3361 2213 3429 principalia
2267 3375 2487 3429 quoque
2554 3358 2778 3425 perire:
2824 3375 2930 3414 non
2983 3361 3056 3415 ita
3110 3362 3376 3416 tamenin
3412 3361 3481 3417 iis

1888 3455 2182 3505 usnvenire
2236 3466 2356 3519 quae
2430 3450 2653 3505 minime
2710 3461 2899 3505 mutuo
2951 3452 3262 3517 coharrent,
3314 3453 3481 3509 disci-

1889 3544 2051 3612 plina!
2102 3544 2321 3597 docent.
2374 3542 2665 3612 Propterea
2739 3544 3037 3613 syllogismi
3098 3546 3172 3600 tui
3231 3547 3345 3600 hate
3404 3548 3482 3601 vis

1889 3647 2007 3689 erat
2055 3653 2068 3689 :
2109 3635 2163 3687 Si
2228 3634 2347 3688 Filii
2426 3636 2685 3690 ditiuitas
2758 3639 3016 3705 creditur,
3083 3625 3484 3708 comperiemus

1891 3743 2059 3779 unum
2125 3727 2291 3780 Deum
2357 3727 2558 3783 habere
2610 3729 2845 3798 aliquem
2905 3730 3008 3783 sibi
3068 3733 3480 3785 communican-

1892 3828 1997 3873 tem
2051 3838 2064 3873 :
2111 3821 2260 3888 atqui
2319 3838 2461 3877 unus
2506 3832 2589 3877 est
2646 3821 2973 3878 universalis
3027 3821 3203 3888 Deus,
3264 3823 3476 3876 nullum

1892 3913 2099 3968 habens
2124 3916 2625 3971 eommunicantem
2663 3934 2677 3971 :
2720 3931 3065 3986 nequaquam
3090 3916 3275 3985 itaque
3306 3915 3479 3970 Filius

1891 4004 1944 4057 in
1990 4006 2265 4077 theologia
2292 4008 2590 4063 invenitur.
2630 4007 2689 4061 Et
2728 4011 2964 4076 primum
3023 4009 3269 4077 quidem,
3322 4018 3486 4077 prout

1890 4111 1991 4151 nos
2024 4098 2415 4167 philosophica:
2442 4100 2644 4168 regular
2670 4100 2886 4163 docent,
2935 4099 3079 4168 quod
3144 4100 3485 4172 subsequens

1890 4197 1975 4243 est
2009 4191 2291 4243 evertitur.
2328 4190 2773 4245 Demonstratum
2820 4191 2965 4243 enim
3025 4189 3151 4255 fuit,
3206 4207 3313 4245 non
3364 4208 3485 4246 esse

1891 4297 2234 4351 consequens
2255 4284 2306 4336 in
2338 4284 2643 4353 theologica
2659 4285 3031 4350 generatione,
3053 4284 3444 4337 communican
3461 4313 3477 4326 -

1898 4383 2005 4429 tem
2038 4375 2145 4427 dici
2200 4374 2399 4427 Filium
2439 4372 2607 4427 Patri.
2656 4371 2953 4443 Propterea
3001 4374 3205 4443 absque
3253 4376 3486 4429 demon-

1896 4468 2161 4522 stratione
2190 4466 2422 4520 assertio
2454 4466 2541 4517 illa
2576 4475 2676 4520 est.
2715 4465 2837 4519 Mox
2871 4466 3213 4532 aliquantum
3268 4466 3482 4520 theolo-

198 4565 260 4617 τὸ
292 4564 524 4633 ἀδρανὲς
558 4562 617 4615 ὃν
647 4564 738 4615 καὶ
762 4563 1023 4617 ἀπίθανον
1048 4562 1139 4615 τοῦ
1165 4564 1316 4634 παρὰ
1342 4564 1434 4617 σοῦ
1466 4565 1784 4634 δογματιξο-

1894 4560 2038 4629 giatn
2074 4571 2317 4612 nostram
2352 4557 2855 4619 considerabimus,
2914 4571 2973 4610 ut
3011 4557 3321 4612 evidentius
3367 4574 3484 4611 om-

200 4658 368 4726 μένου
404 4655 565 4722 λόγου
602 4652 1038 4724 παραδείξωμεν.

265 4837 330 4892 δ’.
358 4837 443 4890 Τὰ
459 4836 637 4889 τοίνυν
663 4836 755 4888 ἐπὶ
783 4835 879 4905 τῆς
920 4833 1199 4903 θεολογίας
1222 4835 1353 4904 παρ’
1384 4833 1541 4905 ἡμῶν
1571 4833 1787 4905 ἀληθῶς

196 4930 495 5000 λεγόμενα,
528 4930 596 4982 τὰ
621 4927 720 4997 μὲν
746 4928 942 4989 κοινῶς
978 4927 1069 4979 ἐπὶ
1099 4926 1207 4979 τῶν
1232 4926 1401 4994 τριῶν
1435 4927 1787 4979 ὑποστάσεων

198 5022 441 5092 λέγεται,
466 5021 543 5085 ὡς
575 5022 668 5074 ἐπὶ
703 5023 831 5091 μιᾶς
861 5021 1049 5083 οὐσίας
1072 5021 1190 5090 ἦτοι
1230 5019 1503 5089 θεότητος,
1550 5021 1642 5072 καὶ
1669 5020 1786 5082 ἑνὸς

198 5112 336 5166 Θεοῦ
360 5112 545 5173 ὄντος·
580 5105 691 5163 οίόν
718 5127 860 5180 φημι
890 5108 949 5161 τὸ
976 5108 1118 5174 Θεὸς
1140 5107 1331 5177 ὄνομα,
1364 5109 1459 5161 καί
1487 5108 1549 5161 τὸ
1576 5109 1792 5175 Κύριος

200 5204 381 5259 καὶτὸ
407 5202 852 5273 φιλάνθρωπος,
886 5203 979 5255 καὶ
1010 5204 1078 5254 τά
1124 5202 1500 5272 παραπλήσια,
1534 5201 1570 5255 ἃ
1605 5201 1695 5253 καὶ
1728 5201 1789 5253 οὐ

204 5296 622 5365 συναριθμεῖται
652 5295 741 5348 διὰ
767 5294 827 5346 τὸ
852 5293 1070 5358 ἑνιαίως
1106 5292 1379 5362 λέγεσθαι,
1408 5293 1483 5356 ὡς
1513 5294 1606 5346 καὶ
1654 5295 1791 5346 ἁπο-

200 5389 472 5442 δέδεικται
492 5406 507 5419 ·
534 5388 605 5440 τὰ
632 5388 690 5441 δὲ
723 5387 887 5452 ἰδίως,
917 5386 953 5440 ἃ.
984 5388 1071 5440 καὶ
1106 5387 1214 5440 τῶν
1263 5386 1615 5440 ὑποστάσεων
1640 5385 1791 5457 πρώ-

202 5500 308 5543 τως
334 5484 430 5534 καὶ
482 5480 687 5551 κυρίως
718 5480 887 5534 εἰσίν·
924 5477 1035 5534 οἷόν
1076 5498 1217 5551 φημι
1249 5480 1311 5533 τὸ
1344 5480 1544 5549 Πατὴρ
1594 5484 1689 5533 καὶ
1734 5481 1795 5535 τὸ

217 5575 353 5638 Υἱὸς
379 5574 476 5625 καὶ
500 5574 561 5626 τὸ
588 5572 827 5643 Πνεῦμα
861 5576 925 5628 τὸ
969 5572 1143 5640 ἄτιον
1163 5588 1179 5604 ·
1214 5572 1250 5626 ὃ.
1291 5572 1388 5626 καὶ
1420 5572 1507 5626 διὰ
1538 5574 1597 5626 τὸ
1650 5573 1795 5636 ἰδίως

204 5663 486 5732 λέγεσθαι,
540 5664 982 5734 συναριθμεῖται·
1016 5665 1049 5733 ή
1083 5663 1187 5733 γὰρ
1228 5664 1643 5734 συναρίθμησις,
1698 5682 1793 5717 κυ-

214 5762 344 5827 ρίως
367 5757 478 5810 τῶν
506 5756 650 5819 ἰδίως
677 5756 985 5826 λεγομένων
1025 5757 1193 5823 ἐστὶν,
1223 5758 1282 5809 οὐ
1314 5756 1421 5809 τῶν
1454 5757 1669 5817 κοινῶς,
1716 5758 1791 5819 ὡς

210 5861 265 5910 εν
295 5851 479 5913 ἄλλοις
528 5850 824 5906 δέδεικται·
856 5848 1026 5905 ἐνίοτε
1064 5850 1120 5903 δὲ
1157 5851 1385 5922 εὓρηται
1438 5854 1530 5905 καὶ
1576 5854 1665 5905 ἐπὶ
1696 5852 1790 5905 δῶο

1896 4652 2059 4705 nibus
2092 4652 2464 4705 infirmitatem
2486 4664 2537 4704 et
2574 4650 3053 4704 incredibilitatem
3081 4650 3351 4721 dogmatis
3374 4667 3402 4704 a
3435 4661 3485 4707 te

1894 4747 2089 4815 prolati
2130 4746 2508 4799 ostendamus.

1962 4841 2012 4892 4.
2043 4838 2175 4903 Qua:
2204 4838 2367 4905 igitur
2398 4838 2450 4890 in
2478 4836 2747 4905 theologia
2788 4852 2814 4887 a
2855 4836 3012 4890 nobis
3048 4851 3173 4890 vere
3204 4835 3483 4902 dicuntur,

1889 4930 2085 5001 partim
2139 4930 2503 4985 comnnmiter
2562 4929 2629 4983 de
2677 4930 2853 4983 tribus
2905 4928 3154 4997 personis
3203 4928 3484 4993 dicuntur,

1890 5033 2146 5091 tanquam
2198 5022 2265 5075 de
2316 5022 2479 5075 unica
2530 5021 2836 5075 substantia
2895 5036 2989 5075 seu
3043 5020 3260 5084 deitate,
3294 5019 3485 5072 “veluti

1889 5115 2119 5183 exetnpli
2151 5114 2323 5183 gratia
2364 5113 2457 5167 Dei
2490 5129 2710 5179 nomen,
2737 5123 2790 5168 et
2823 5112 3099 5174 Dominus,
3123 5122 3175 5165 et
3205 5110 3481 5180 benignus,

1890 5216 1944 5260 et
2004 5206 2087 5259 his
2142 5206 2379 5269 similia;
2410 5220 2530 5273 qua:
2581 5219 2759 5273 neque
2817 5214 3306 5263 connumerantur,
3354 5202 3483 5270 quia

1892 5302 2251 5371 singulariter
2304 5301 2583 5365 dicuntur,
2645 5309 2806 5369 prout
2864 5300 3297 5354 demonstratum
3364 5298 3486 5351 fuit.

1902 5392 2107 5447 Partim
2139 5409 2268 5447 Vero
2293 5393 2551 5446 dicuntur
2583 5390 2854 5460 privatim.
2884 5407 3003 5460 quae
3034 5398 3088 5443 et
3127 5402 3487 5458 personarum

1901 5484 1955 5539 in
1987 5485 2178 5553 primis
2218 5500 2282 5538 ac
2331 5484 2599 5553 praecipue
2652 5483 2871 5553 propria
2916 5492 3078 5549 sunt;
3107 5481 3272 5536 veluti
3323 5478 3490 5532 Pater

1899 5583 1953 5631 et
1987 5575 2157 5629 Filius
2208 5586 2261 5630 et
2312 5574 2540 5641 Spiritus
2601 5586 2843 5639 sanctus,
2884 5589 3006 5644 qua:
3054 5574 3184 5645 quia
3239 5571 3486 5642 privatim

1902 5668 2179 5732 dicuntur,
2214 5668 2373 5721 etiam
2437 5677 2933 5721 connumerantur:
2969 5682 3092 5721 nam
3127 5678 3489 5720 connumera-

1897 5762 1973 5816 tio
2003 5777 2166 5817 causa
2195 5761 2467 5830 praecipue
2520 5776 2706 5814 eorum
2771 5775 2893 5828 qua:
2944 5759 3194 5829 privatim
3226 5756 3486 5810 dicuntur

1895 5862 1999 5919 est,
2040 5869 2147 5907 non
2172 5867 2359 5906 eorum
2386 5868 2506 5921 qua:
2548 5850 2934 5917 communiter,
2966 5850 3107 5905 sicut
3141 5848 3270 5903 alibi
3301 5854 3484 5900 Osten-
