4168 6450
740 393 840 454 8’37

1973 390 2265 448 NICET‘E
2340 390 2739 449 BYZANTINI

3882 394 3987 457 838

736 521 857 559 sum
900 501 1021 557 luit.
1060 499 1333 555 Interdum
1367 514 1494 553 vero
1525 498 1687 552 etiam
1716 499 1767 552 in
1796 498 2007 552 duabus
2042 499 2312 552 them-etii-

2434 502 2523 553 τῶν
2550 501 2858 569 Οεαρχικῶν
2908 502 3279 566 ὑποστάσεων,
3328 501 3439 557 οἷον
3496 507 3557 557 τὸ
3584 506 3854 560 αἰτιατόν·
3894 513 3993 561 καὶ

736 596 816 648 eis
845 594 1087 664 personis
1120 593 1409 655 invenitur,
1444 592 1587 643 velut
1625 607 1687 645 ex
1717 606 1879 645 causa
1914 592 2206 656 processio.
2246 592 2307 642 lat

738 702 861 754 qua:
891 687 1107 753 quidem
1140 684 1501 736 communiter
1547 685 1819 745 dicuntur,
1856 692 1907 735 et
1946 684 2308 735 communiter

738 791 862 827 cum
910 773 1062 825 Patre
1108 781 1156 825 et
1207 772 1341 825 Filio
1373 781 1426 823 et
1453 770 1655 839 Spiritu
1712 782 1921 835 saneto,
1955 787 2015 824 ea
2049 780 2306 839 tanquam

741 868 807 918 de
864 878 972 915 uno
1027 861 1136 914 Deo
1184 864 1273 931 qui
1303 871 1353 913 et
1397 870 1480 915 est
1518 873 1569 914 et
1608 864 1896 929 cogitatur,
1933 864 2187 915 dicuntur
2212 904 2224 923 ,
2260 872 2311 915 et

743 956 953 1023 proprie
986 957 1343 1022 particulatim
1377 956 1439 1005 de
1494 958 1737 1022 personis
1774 957 2150 1022 praebeantur.
2188 954 2311 1005 Ete-

743 1049 849 1099 nim
883 1057 937 1099 et
966 1045 1125 1101 Pater
1161 1063 1281 1100 vere
1320 1046 1492 1110 Deus;
1524 1060 1575 1101 et
1622 1046 1787 1100 Filius
1817 1057 2072 1116 tanquam
2105 1063 2169 1099 ex
2206 1046 2313 1097 Deo

728 1138 905 1203 'lleus,
939 1156 1001 1194 ac
1053 1141 1231 1192 lumen
1284 1139 1349 1192 de
1403 1140 1651 1201 lumine;
1686 1141 1935 1193 similiter
1987 1150 2037 1192 et
2090 1150 2315 1191 sanctus

743 1233 995 1300 Spiritus.
1050 1231 1302 1284 Privatim
1343 1242 1520 1285 autem
1550 1234 1614 1283 de
1650 1232 1895 1297 personis
1924 1233 2087 1293 dicta,
2117 1247 2179 1285 ea
2207 1235 2315 1297 pri-

743 1325 904 1376 iatim
943 1324 1165 1393 quidem
1221 1324 1497 1403 dicuntur,
1544 1324 1634 1376 sed
1686 1327 2049 1377 communiter
2112 1340 2315 1391 nequa-

740 1431 935 1482 quam;
983 1417 1107 1483 quia
1151 1415 1481 1467 restrictiorn
1514 1416 1579 1467 de
1623 1417 1983 1483 amplioribus
2032 1417 2314 1483 praedicari

742 1518 1019 1576 nequeunt
1082 1508 1270 1571 eisque
1330 1512 1630 1574 exzequari.
1670 1510 1844 1575 Atque
1891 1509 1993 1560 lioe
2032 1508 2097 1561 de
2138 1519 2315 1562 creata

741 1616 958 1694 quoque
1007 1610 1198 1653 natura
1239 1600 1441 1653 dictum
1485 1602 1823 1666 eomperies,
1886 1603 2049 1655 veluti
2106 1604 2315 1670 perspi-

741 1690 957 1742 cuitatis
990 1705 1155 1745 causa
1193 1692 1243 1743 in
1288 1690 1535 1754 exemplo
1576 1690 1711 1743 hoc:
1746 1696 1939 1755 Homo,
1970 1704 2017 1747 et
2053 1697 2314 1759 mortalis,

740 1788 795 1829 ct
826 1776 1060 1846 loquens,
1093 1779 1356 1831 voeabula
1393 1779 1505 1829 luce
1534 1777 1746 1846 singula
1791 1783 2153 1834 communiter
2186 1799 2317 1850 quo-

2412 595 2477 645 τὰ
2506 595 2601 662 μὲν
2629 593 2821 655 κοινῶς
2853 594 3143 663 λεγόμενα,
3164 598 3258 648 καὶ
3282 596 3475 659 κοινῶς
3506 597 3620 666 ἅμα
3646 599 3738 651 τοῦ
3776 600 3992 667 Πατρὸς

2412 689 2508 738 καὶ
2544 686 2633 737 τοῦ
2670 686 2795 739 Υἰοῦ
2821 688 2913 737 καὶ
2948 688 3042 740 τοῦ
3075 688 3231 755 ἁγίου
3282 688 3621 757 Πνεῦματος.
3656 690 3731 752 ὠς
3756 692 3873 751 ἑνὸς
3900 691 3990 742 δν-

2410 795 2499 839 τος
2520 776 2652 829 Θεοῦ
2684 780 2777 830 καί
2800 782 3110 847 νοουμένου,
3140 780 3376 845 λέγεται.
3412 782 3518 834 Καὶ
3543 782 3684 841 ἰδίως
3704 782 3803 833 ἀνὰ
3832 784 3997 850 μέρος

2411 870 2519 921 τῶν
2582 870 2930 923 ὑποστάσεων
2970 874 3397 942 κατηγορεῖται·
3455 873 3689 941 καὶγὰρ
3729 876 3756 924 6
3805 875 3997 942 Πατὴρ

2412 962 2545 1023 Θεὸς
2581 960 2823 1030 ἀληθῶς⁸
2861 966 2955 1015 καὶ
2981 965 3008 1014 6
3039 963 3164 1025 Υἰδς
3204 965 3279 1025 ὼς
3313 964 3378 1014 ὲκ
3415 962 3508 1014 τοῦ
3535 964 3669 1016 Θεοῦ
3700 964 3854 1025 Θεὸς.
3904 968 3997 1015 καὶ

2415 1054 2530 1121 φῶς
2554 1057 2618 1107 ὲκ
2648 1055 2848 1122 φωτός·
2879 1055 3139 1117 ὡσαύτως
3161 1057 3254 1108 καὶ
3286 1055 3345 1108 τὸ
3369 1055 3590 1124 Πνεῦμα
3616 1058 3675 1109 τὸ
3709 1058 3864 1123 ᾰγιον
3885 1073 3899 1085 ·
3930 1059 3999 1107 τὶ

2413 1147 2469 1198 δὲ
2504 1146 2647 1209 ἰδίως
2678 1148 2768 1199 ἐπὶ
2810 1147 2919 1199 τῶν
2964 1149 3317 1201 ὑποστάσεων
3354 1149 3644 1217 λεγόμενα,
3684 1149 3832 1210 ἰδίως
3892 1150 3994 1217 μὲν

2414 1238 2689 1303 λέγονται,
2724 1238 2916 1299 κοινῶς
2964 1239 3020 1290 δὲ
3044 1240 3105 1291 οὑ
3143 1239 3391 1306 λέγονται
3413 1258 3428 1271 ο
3464 1240 3653 1308 ἐπειδὴ
3682 1242 3749 1291 τὰ
3790 1242 4002 1292 ἐλάττω

2415 1331 2520 1382 τῶν
2549 1330 2806 1383 ἐπιπλέον
2844 1331 3096 1383 ἀδυνατεῖ
3122 1334 3545 1401 κατηγορεῖσθαι
3582 1332 3674 1384 xai.
3700 1332 3997 1396 ὲξισάζειν.

2419 1425 2526 1475 Καὶ
2544 1423 2701 1475 τοῦτο
2725 1423 2791 1476 ἂν
2822 1424 3004 1492 εῦροις
3037 1425 3131 1475 καὶ
3156 1426 3247 1477 ἐπὶ
3280 1426 3378 1492 τῆς
3410 1426 3643 1494 γενητῆς
3673 1426 3889 1493 φύσεως
3914 1427 4002 1475 λε-

2415 1517 2643 1584 γόμενον
2660 1531 2672 1544 ·
2712 1510 2822 1567 οἷον
2856 1516 2931 1575 ὡς
2955 1517 3012 1567 ἐν
3043 1517 3450 1585 παραδείγματι
3475 1520 3774 1585 σαφηνείας
3798 1518 3965 1586 χάριν
3986 1531 3999 1543 ·

2415 1608 2475 1659 τὸ
2509 1608 2605 1675 μὲν
2637 1607 2948 1674 ἅνθρωπος
2981 1609 3074 1660 καὶ
3094 1607 3155 1659 τὸ
3178 1608 3399 1675 βροτὸς
3430 1609 3522 1661 καὶ
3550 1609 3609 1661 τὸ
3629 1609 3848 1677 μέροψ,
3872 1608 4007 1661 Exa-

2420 1714 2541 1750 στον
2571 1698 2748 1750 αὐτῶν
2781 1698 2875 1750 καὶ
2904 1700 3099 1762 κοινῶς
3135 1700 3233 1768 μὲν
3286 1699 3402 1769 ἆμα
3438 1700 3869 1769 λαμϐανομένων
3894 1700 4007 1751 τῶν

2419 1790 2541 1841 καθ’
2586 1790 2790 1842 ἕκαστα
2822 1790 3124 1859 ἀνθρώπων
3153 1791 3392 1857 λέγεται,
3451 1793 3545 1845 καὶ
3582 1791 3723 1853 ἰδίως
3765 1792 4005 1844 ἑκάστου

742 1883 849 1934 que
889 1880 1106 1936 ιιι-οριιιιι
1134 1870 1200 1921 de
1231 1870 1564 1937 quibuslibet
1616 1874 1925 1925 hominibus
1959 1874 2234 1933 dicuntur,
2265 1883 2318 1927 et

2434 1881 2709 1951 νοουμένου
2731 1900 2744 1912 ·
2774 1883 2866 1934 καὶ
2891 1884 3000 1951 γὰρ
3050 1884 3251 1953 Πέτρος
3280 1885 3373 1937 καὶ
3400 1883 3611 1945 Παῦλος
3652 1884 3747 1936 καὶ
3779 1885 3826 1935 οἰ
3858 1886 4007 1935 κατὰ.

746 1959 993 2025 privatim
1031 1962 1194 2012 etiam
1226 1962 1291 2015 de
1344 1981 1696 2034 unoquoque.
1740 1966 1877 2018 Nam
1928 1974 1981 2019 et.
2031 1964 2223 2020 Petrus
2266 1974 2319 2019 et

721 2050 967 2113 ‘Paulus,
1010 2064 1062 2106 et
1103 2054 1419 2123 singillatim
1470 2059 1733 2121 homines,
1779 2068 1909 2111 tum,
1948 2058 2108 2111 simul
2172 2074 2318 2111 eom-

748 2142 898 2196 muui
951 2162 1203 2199 sermone
1233 2149 1486 2201 dicuntur
1529 2151 1714 2211 homo,
1759 2161 1870 2203 tum
1904 2150 2151 2219 privatim
2181 2166 2318 2218 quo-

746 2254 852 2305 que
918 2242 1295 2309 unusquisque
1349 2243 1567 2296 dicitur.
1628 2243 1761 2297 Nam
1799 2243 1988 2297 Petrus
2042 2245 2201 2299 homo
2240 2246 2318 2297 di-

746 2334 908 2396 citur,
948 2334 1071 2385 item
1110 2347 1160 2386 et
1210 2333 1432 2397 Paulus,
1476 2346 1527 2389 et
1558 2337 1646 2388 alii
1699 2337 1967 2389 similiter.

818 2424 871 2477 ἴί.
907 2424 1009 2476 Sed
1047 2427 1259 2478 etiamsi
1296 2428 1345 2478 in
1398 2437 1580 2480 nostra
1629 2429 1899 2494 theologia
1956 2428 2058 2481 alia
2106 2428 2321 2491 quidem

750 2517 1113 2567 communiter
1156 2518 1414 2569 dicuntur
1441 2519 1507 2571 de
1542 2520 1713 2573 trilms
1758 2520 2025 2587 personis,
2058 2521 2159 2572 alia
2213 2521 2325 2587 pri-

750 2606 911 2657 vatim
938 2624 951 2664 ;
978 2618 1029 2659 et
1056 2624 1174 2673 qu:e
1202 2609 1419 2675 quidem
1456 2612 1835 2674 communiter,
1866 2626 1925 2663 ea
1956 2614 2325 2664 communiter

747 2699 907 2749 etiam
964 2700 1348 2767 prmdieautur,
1383 2710 1436 2753 et
1488 2702 1737 2769 privatim
1792 2718 1885 2768 per
1933 2714 2136 2770 partes.
2192 2704 2326 2757 Nam

748 2806 872 2842 tum
940 2792 1305 2845 communiter
1360 2808 1422 2844 ac
1476 2794 1637 2846 simul
1682 2795 1749 2847 de
1804 2792 1964 2849 Patre
1996 2805 2050 2849 et.
2099 2795 2237 2849 Filio
2277 2806 2331 2850 et.

748 2891 937 2935 saneto
980 2880 1207 2950 Spiritu,
1259 2900 1453 2938 nomen
1506 2893 1631 2953 puta
1678 2884 1773 2939 Dei
1820 2887 2043 2947 dicitur,
2080 2899 2171 2940 aut
2222 2887 2328 2939 Do-

751 2976 950 3037 minus,
988 2986 1131 3043 patet
1164 2992 1331 3028 unum
1373 2978 1539 3031 Deum
1569 2977 1621 3031 in
1659 2979 1835 3035 tribus
1880 2979 2008 3041 diei,
2042 2980 2093 3032 in
2133 2980 2331 3047 quibus

751 3067 1009 3121 divinitas
1045 3077 1146 3131 est,
1183 3077 1346 3136 atque
1408 3084 1437 3122 a
1483 3070 1641 3125 nobis
1693 3083 1841 3125 recte
1894 3073 1974 3127 sic
2033 3072 2334 3140 tlieologiee

749 3159 967 3213 dii-itur.
1005 3144 1138 3213 Cum
1190 3171 1371 3213 autem
1409 3162 1475 3214 de
1522 3160 1683 3217 Patre
1730 3166 1928 3217 dicitur
1983 3167 2230 3233 privatim
2281 3177 2332 3220 et

752 3251 1148 3318 particulai'iter
1184 3252 1272 3305 Dei
1312 3270 1504 3305 nomen
1547 3262 1638 3307 aut
1680 3254 1949 3316 Dominus,
1980 3257 2057 3309 vel
2103 3258 2168 3309 de
2196 3256 2271 3309 Fil
2298 3273 2331 3311 0

752 3354 843 3395 aut
881 3343 1083 3410 Spiritu
1113 3386 1124 3403 ,
1156 3355 1281 3395 tunc
1318 3344 1473 3397 Pater
1519 3345 1658 3398 Deus
1692 3350 1890 3398 dicitur
1924 3364 2027 3399 non
2079 3349 2329 3414 privatim

750 3444 803 3485 et
855 3436 1115 3501 particula
1154 3438 1273 3495 iter,
1324 3445 1378 3488 et
1410 3438 1563 3505 quasi
1622 3440 1691 3491 sit
1739 3440 2130 3501 Iusti-rogemus
2190 3457 2329 3495 unus

757 3526 896 3579 Ileus
951 3528 1147 3586 Pater;
1180 3538 1228 3579 et
1280 3544 1469 3582 rursus
1506 3546 1645 3581 unus
1680 3532 1817 3583 alius
1853 3534 1990 3584 lli-us
2026 3534 2227 3591 Mlius:
2261 3536 2335 3587 si-

754 3620 954 3671 militer
982 3630 1031 3672 rt
1073 3620 1305 3688 Spiritus
1338 3632 1599 3685 sanctus;
1634 3640 1801 3691 apage
1841 3625 2151 3693 liujusmodi
2193 3628 2335 3679 blaso

754 3710 1008 3771 plieinum
1059 3711 1513 3777 polvtlu-ismum;
1550 3728 1647 3764 uos
1697 3713 1841 3765 enim
1889 3730 2054 3766 uinum
2102 3716 2334 3770 colonus

757 3804 1083 3871 principium
1118 3816 1166 3857 et
1218 3821 1383 3856 unum
1425 3803 1614 3865 Deum,
1641 3814 1695 3857 et
1736 3806 1790 3858 iu
1824 3806 1999 3859 trilms
2040 3810 2336 3874 proprieta-

757 3893 903 3946 tibus
963 3909 1055 3947 seu
1104 3894 1349 3962 personis
1402 3892 1722 3947 Trinitatem
1794 3898 2086 3952 credimus.
2126 3898 2335 3964 Quam-

755 3988 941 4040 obrem
990 4003 1112 4040 eum
1163 3988 1229 4039 de
1265 3985 1380 4039 Filii
1458 3985 1547 4039 Dei
1604 3988 1887 4041 divinitate
1924 3992 2231 4058 loquimur,
2263 3994 2337 4045 di.

755 4094 970 4133 versum
994 4080 1210 4148 quidem
1255 4093 1483 4145 persona
1516 4079 1752 4134 dicimus
1790 4096 1818 4133 a
1856 4080 2033 4144 Patre,
2066 4084 2208 4135 haud
2253 4092 2336 4136 lu-

758 4186 878 4223 meu
909 4172 1181 4225 diversum
1213 4180 1403 4223 natura
1426 4180 1476 4223 et
1506 4171 1805 4236 divinitate,
1857 4173 1947 4225 sed
1980 4190 2146 4226 unum
2180 4190 2337 4227 eum-

758 4263 1010 4329 demque,
1048 4262 1178 4313 utin
1216 4261 1393 4327 priore
1439 4261 1666 4328 epistola
1707 4270 1984 4315 ostensum
2038 4266 2155 4317 l'uit.

829 4350 881 4403 6.
920 4348 1110 4401 Nostra
1141 4350 1302 4419 igitur
1333 4350 1600 4417 theologia
1646 4366 1711 4404 ex
1749 4354 2129 4407 communibus
2158 4357 2336 4409 notio—

762 4443 940 4505 nibus,
973 4454 1025 4496 et
1048 4461 1109 4498 ex
1149 4443 1348 4497 divinis
1381 4444 1658 4514 prophetis
1691 4446 1954 4513 pendens,
1991 4446 2340 4516 indidetnque

2422 1972 2588 2041 μέρος
2618 1971 2914 2041 ἅνθρωποι,
2948 1974 3041 2025 καὶ
3080 1974 3195 2042 ἅμα
3227 1973 3326 2043 μὲν
3355 1974 3521 2043 κοινῷ
3562 1974 3703 2041 λόγῳ
3752 1973 4010 2038 λέγονται

2420 2065 2726 2135 ἄνθρωπος,
2770 2067 2863 2119 καὶ
2897 2067 3041 2129 ἰδίως
3090 2069 3317 2131 ἕκαστος
3350 2068 3591 2136 λέγεται.
3646 2070 3852 2137 Πέτρος
3896 2069 4012 2136 γὰρ

2422 2158 2707 2230 ἄνθρωπος
2731 2159 2948 2227 λέγεται
2980 2160 3073 2214 καὶ
3108 2162 3317 2225 Παῦλος
3344 2162 3438 2214 καὶ
3479 2162 3879 2232 παραπλήσιοι.

2498 2421 2559 2476 ε’.
2605 2421 2743 2474 Ἀλλ’
2785 2422 2833 2474 εἰ
2863 2422 2958 2476 καί¹
2989 2422 3080 2474 ἐπὶ
3109 2422 3213 2491 τῆς
3238 2421 3359 2474 καθ’
3401 2422 3548 2491 ἡμᾶς
3584 2422 3890 2489 Θεολογίας,
3945 2423 4015 2475 τὰ
4072 2450 4077 2461 ι

2431 2515 2530 2582 μὲν
2578 2513 2770 2576 κοινῶς
2801 2514 3019 2581 λέγεται
3051 2516 3144 2567 ἐπὶ
3194 2514 3303 2568 τῶν
3330 2514 3496 2585 τριῶν
3529 2514 3904 2578 ὑποστάσεων,
3945 2515 4017 2567 τὰ

2427 2607 2485 2659 δὲ
2516 2607 2659 2669 ἰδίως
2684 2624 2696 2634 ’
2732 2608 2824 2659 καὶ
2858 2606 2923 2659 τὰ
2960 2608 3057 2675 μὲν
3093 2606 3311 2669 κοινῶς,
3348 2609 3443 2660 καὶ
3492 2607 3687 2669 κοινῶς
3715 2606 3834 2675 ἅμα
3880 2624 4018 2659 κατ-

2429 2701 2728 2766 ηγορεῖται,
2758 2701 2852 2751 καὶ
2885 2699 3031 2759 ἰδίως
3055 2699 3159 2751 ἀνὰ
3194 2700 3359 2768 μέρος
3378 2716 3392 2729 ’
3429 2700 3506 2751 ὅτ’
3535 2698 3601 2752 ἂν
3634 2700 3735 2768 μὲν
3765 2699 3875 2770 γὰρ
3901 2717 4019 2752 κοι·

2430 2791 2536 2855 νῶς
2561 2792 2677 2861 ἆμα
2702 2793 2794 2844 ἐπὶ
2827 2790 2920 2843 τοῦ
2946 2792 3280 2861 Πατρὸςνκαὶ
3308 2792 3436 2843 Υἱοῦ
3460 2794 3551 2844 καὶ
3584 2793 3740 2857 ἁγίου
3772 2792 4023 2861 Πνεῦμα-

2431 2900 2542 2945 τος,
2575 2878 2685 2935 οἷόν
2723 2899 2863 2952 φημι
2886 2882 2946 2935 τὸ
2976 2882 3121 2945 Θεὸς
3148 2882 3320 2953 ὄνομα
3346 2883 3378 2951 ἢ
3412 2883 3471 2935 τὸ
3500 2885 3715 2949 Κύριος
3762 2882 4019 2953 λέγηται,

2432 2975 2589 3043 δῆλον
2618 2976 2699 3028 ὅτι
2726 2974 2805 3037 εἰς
2840 2977 2935 3044 μὲν
2961 2975 3094 3037 Θεὸς
3127 2975 3195 3027 τὰ
3224 2975 3351 3043 τρία
3391 2976 3626 3041 λέγεται,
3674 2978 3731 3028 ἐν
3754 2969 3837 3038 οἷς
3869 2978 4025 3029 ἐστιν

2434 3070 2467 3135 ἠ
2503 3067 2714 3137 Θεότης,
2738 3067 2830 3119 καί⁵
2865 3068 2997 3136 παρ’
3039 3069 3169 3136 ἡμῖν
3216 3066 3398 3130 καλῶς
3443 3067 3617 3130 οὕτως
3660 3067 4023 3135 θεολογετται.

2441 3161 2557 3212 ”Οτ“
2584 3160 2648 3212 ἂν
2670 3160 2725 3211 δὲ
2751 3159 2825 3220 ὡς
2856 3159 2947 3210 ἐπὶ
2980 3158 3074 3211 τοῦ
3102 3159 3310 3228 Πατρὸς
3333 3160 3557 3229 λέγηται
3601 3160 3746 3220 ἰδίως
3767 3160 3864 3211 καὶ
3913 3160 4020 3211 ἀνὰ

2438 3252 2600 3321 μέρος
2624 3250 2685 3303 τὸ
2729 3252 2871 3316 Θεὸς
2907 3250 3097 3319 ὄνομα,
3131 3252 3162 3320 ἢ
3207 3252 3268 3303 τὸ
3313 3254 3550 3319 Κύριος,
3604 3253 3635 3323 ἦ
3693 3255 3785 3304 ἐπὶ
3815 3252 3950 3305 Υἰοῦ
3985 3253 4018 3322 ἢ

2434 3345 2770 3414 Πνεῦματος,
2798 3346 2917 3397 τότε
2945 3345 3043 3413 μὲν
3084 3344 3215 3407 Θεὸς
3241 3344 3456 3411 λέγεται
3485 3347 3514 3398 6
3566 3346 3780 3414 Πατὴρ,
3810 3347 3873 3398 οὐ
3914 3346 4021 3415 μὴν

2438 3439 2581 3501 ἰδίως
2602 3437 2693 3490 καὶ
2722 3437 2823 3489 ἀνὰ
2861 3437 3023 3505 μέρος
3065 3436 3158 3488 καὶ
3198 3437 3507 3504 ὲτεροφυῶς
3552 3430 3632 3497 εἷς
3675 3436 3808 3496 Θεὸς
3844 3439 3875 3489 6
3910 3439 4024 3489 Πα-

2433 3533 2539 3599 τήρ
2560 3547 2571 3560 ο
2608 3530 2701 3581 καὶ
2733 3529 2892 3581 πάλιν
2919 3522 2998 3590 εἷς
3029 3525 3187 3590 ἄλλος
3233 3528 3364 3590 Θεὸς
3391 3530 3418 3580 6
3445 3528 3605 3590 Υἱόςο
3660 3527 3932 3591 ὡσαύτως
3966 3529 4023 3582 δὲ

2435 3624 2529 3677 καὶ⁵
2558 3622 2778 3691 Πνεῦμα
2802 3621 2863 3673 τὸ
2893 3622 3046 3686 ἅγιον
3067 3635 3079 3647 ·
3114 3620 3293 3685 ἄπαγε
3320 3619 3417 3687 τῆς
3438 3618 3692 3685 τοιαύτης
3726 3617 4027 3680 πολυθεῖας

2439 3714 2496 3780 ἐξ
2520 3714 2676 3784 ἡμῶν
2703 3714 2763 3767 τὸ
2784 3712 3133 3782 βλάσφημονί
3164 3710 3351 3781 ἐπειδὴ
3379 3712 3511 3780 ἡμῖν
3536 3711 3678 3781 ἀρχὴ
3710 3710 3810 3779 μία
3840 3710 3907 3763 τὸ
3938 3728 4032 3763 σεο

2438 3808 2734 3877 6αζόμενον
2756 3821 2768 3834 ⁸
2802 3806 2895 3857 xa‘t
2917 3800 2995 3867 εἷς
3021 3804 3175 3866 Θεὸς,
3204 3803 3308 3857 κᾶν
3334 3807 3455 3866 ταῖς
3492 3804 3749 3871 ἰδιότησιν
3777 3844 3791 3865 ,
3855 3804 4032 3873 ἧγουν

2440 3893 2935 3964 ὑποστάσεσι,τρία
2968 3893 3322 3961 πιστεύηται·
3356 3890 3479 3944 ὅθεν
3508 3890 3634 3943 Υἰὸν
3673 3889 3811 3942 Θεοῦ
3842 3890 4034 3942 θεολος-

2438 3990 2684 4059 γοῦντες,
2722 3989 2908 4058 ἕτερον
2954 3987 3053 4055 μέν
3088 4002 3271 4054 φαμεν
3310 3988 3377 4054 τῇ
3415 3985 3712 4036 ὑποστάσει
3749 3983 3910 4052 παρὰ
3937 3984 4035 4035 τὸν

2440 4081 2683 4151 Πατέρα.
2714 4080 2772 4132 οὐ
2808 4078 2912 4148 μὴν
2940 4078 2983 4129 δ’
3016 4078 3204 4143 ἓτερον
3238 4078 3305 4145 τῇ
3354 4075 3513 4145 οὐσίᾳ
3543 4074 3637 4126 καί
3665 4076 3730 4141 τῇ
3781 4073 4033 4142 θεὸτητι,

2440 4174 2555 4227 ἀλλ’
2584 4173 2681 4224 ἕνα
2711 4172 2804 4224 καὶ
2842 4170 2932 4221 τὸν
2982 4168 3167 4231 αὑτὸν,
3193 4166 3268 4230 ὡς
3313 4168 3370 4219 ὲν
3396 4168 3463 4236 τῇ
3496 4164 3738 4234 προτέρᾳ
3766 4164 4033 4232 ἐπιστολῇ

2439 4252 2706 4319 δέδεικται
2718 4304 2729 4316 .

2516 4356 2589 4422 ς’.
2621 4353 2898 4421 Μενοῦνγε
2941 4355 2973 4420 ἡ
3008 4350 3129 4406 καθ’
3158 4351 3307 4421 ἡμᾶς
3330 4349 3579 4417 θεολογία
3609 4351 3670 4401 ἐκ
3699 4348 3809 4401 τῶν
3830 4349 4037 4400 κοινῶν

2444 4450 2660 4506 ἐννοιῶν
2690 4450 2783 4503 καὶ
2810 4448 2917 4501 τῶν
2949 4447 3108 4499 Θείων
3139 4444 3435 4513 προφητῶν
3492 4443 3800 4512 ἠρτημένη.
3843 4442 3944 4495 καὶ
3975 4443 4038 4495 τὸ

761 4539 879 4587 lirm
908 4545 1070 4589 talem
1126 4539 1583 4608 stabilitatemque
1635 4538 1849 4600 sortita,
1898 4540 2110 4593 Patrem
2159 4549 2210 4592 et.
2254 4538 2329 4592 Fi-

2446 4543 2663 4614 βέϐαιον
2687 4543 2780 4593 καὶ
2816 4540 3011 4607 πάγιον
3042 4534 3469 4605 κληρωσαμένη,
3510 4534 3730 4601 Πατέρα
3761 4536 3858 4593 καὶ
3905 4533 4039 4586 Υἰὸν

759 4631 891 4700 pum
936 4641 989 4684 et
1041 4642 1288 4687 sanetum
1334 4634 1617 4704 Spiritum,
1676 4646 1734 4689 ut
1778 4650 1943 4689 unum
1989 4634 2181 4699 Deum,
2226 4635 2347 4688 Tri-

763 4726 982 4778 nitatem
1024 4727 1323 4795 tlieolngiee
1372 4730 1524 4786 dicit.
1564 4730 1643 4784 Tu
1681 4744 1809 4783 vero
1863 4746 1967 4781 non
2018 4729 2089 4781 ita
2140 4729 2345 4782 intelli-

762 4834 912 4884 gens,
946 4822 1036 4873 sed
1090 4836 1256 4874 unum
1298 4822 1461 4875 Deum
1511 4823 1615 4877 dici
1671 4821 1884 4876 Patrem
1934 4822 2223 4888 separatim
2282 4830 2336 4875 et

762 4911 1192 4979 particulariter;
1227 4913 1417 4966 deinde
1448 4911 1645 4967 Filium
1698 4922 1958 4981 tauquam
1995 4913 2342 4965 extrinsecus

762 5008 931 5083 unum
973 5001 1163 5066 Deum,
1200 5015 1453 5072 reputans
1484 5008 1770 5061 obtrusum
1802 5014 1856 5058 et
1892 5004 1974 5057 sic
2006 5005 2341 5073 intelligens,

765 5098 1186 5165 patalogismutn
1221 5098 1562 5152 machinatus
1588 5114 1668 5151 es.
1707 5096 2049 5165 Quapropter
2085 5095 2223 5150 falso
2258 5097 2340 5151 sic

766 5189 1007 5257 colligis:
1049 5207 1065 5238 ι
1107 5187 1163 5241 Si
1191 5198 1273 5242 est
1312 5187 1482 5242 Filius
1519 5189 1571 5243 in
1611 5189 1736 5253 Deo,
1773 5188 2184 5243 communicans
2207 5203 2342 5255 quo-

766 5294 871 5347 que
899 5288 1015 5332 est:
1048 5281 1196 5349 atqui
1228 5280 1335 5333 Deo
1371 5282 1785 5333 communicatis
1832 5279 2015 5332 nullus
2066 5289 2146 5332 est
2175 5295 2188 5331 :
2215 5294 2346 5349 ergo

768 5390 834 5426 ne
884 5371 1053 5427 Filius
1094 5374 1335 5441 quidem.
1374 5393 1391 5425 ι
1428 5374 1581 5439 Quod
1634 5374 1760 5425 dum
1798 5372 1897 5433 ais,
1944 5372 1996 5424 in
2031 5372 2198 5424 multa
2258 5371 2344 5423 in-

770 5466 947 5518 curris
998 5467 1254 5519 absurda.
1296 5463 1429 5517 Nini
1469 5467 1643 5534 primo
1677 5466 1817 5517 idem
1869 5462 2003 5515 lacis
2059 5477 2344 5529 personam

771 5569 930 5626 :«tque
989 5570 1266 5619 naturam.
1301 5559 1447 5627 quod
1498 5558 1704 5625 jamdiu
1760 5556 2113 5623 explosimus.
2150 5556 2348 5607 Deiule

774 5668 878 5703 non
912 5652 1165 5705 eonv‘edis
1200 5650 1393 5705 Filium
1426 5667 1645 5721 quoque
1693 5667 1815 5704 cum
1855 5648 2009 5700 Patre
2046 5663 2107 5701 ac
2140 5648 2344 5716 Spiritu

772 5759 891 5795 esse
915 5760 1079 5797 unum
1113 5743 1301 5810 Deum,
1341 5738 1711 5813 alioqniapnd
1738 5758 1836 5795 nos
1862 5748 2005 5794 recta
2044 5755 2168 5793 cum
2202 5741 2349 5793 theo-

779 5841 916 5911 logia
952 5854 1258 5910 assertum;
1293 5843 1436 5913 quod
1466 5844 1591 5898 item
1630 5856 1663 5895 a
1716 5839 1873 5895 nobis
1916 5837 2346 5891 demonstratum

2449 4637 2541 4689 καὶ
2560 4634 2782 4702 Πνεῦμα
2811 4632 2964 4699 ἆγιον
3001 4630 3092 4683 ἐπὶ
3118 4629 3215 4697 τῆς
3246 4627 3522 4693 θεολογίας
3553 4626 3629 4687 ὠς
3658 4626 3754 4678 ἕνα
3796 4626 3934 4677 Θεὸν
3965 4628 4041 4679 τὰ

2447 4726 2573 4793 τρία
2610 4722 2849 4791 Θεολογεί
2873 4737 2885 4751 ·
2919 4722 2982 4773 σὺ
3032 4720 3087 4771 δὲ
3128 4718 3228 4788 οὐχ
3278 4718 3451 4780 οὕτως
3489 4715 3755 4777 ὲκλαὸὼν,
3806 4717 3947 4780 ἀλλὰ
3974 4720 4042 4769 τὸ

2447 4817 2543 4870 ἕνα
2574 4816 2704 4869 Θεὸν
2724 4813 2979 4880 λέγεσθαι
3003 4814 3091 4865 τὸν
3120 4813 3335 4881 Πατέρα
3380 4810 3528 4872 ἰδίως
3562 4810 3656 4861 xa‘t
3688 4808 3791 4861 ἀνὰ
3826 4809 3997 4880 μέρος
4022 4827 4036 4839 ·

2448 4900 2566 4959 εἶτα
2600 4907 2691 4958 τὸν
2715 4905 2841 4957 Υἱὸν
2856 4902 2929 4966 ὡς
2950 4902 3147 4968 ἔξωθεν
3168 4900 3262 4954 τοῦ
3292 4900 3410 4963 ἑνὸς
3451 4898 3584 4952 Θεοῦ
3638 4900 4040 4967 παρεισκρινὸ-

2451 5015 2610 5069 μενον
2639 4995 2993 5065 λογισάμενος
3046 4994 3140 5046 καὶ
3193 4993 3415 5062 νοήσας,
3478 4990 3567 5042 τὸν
3620 4988 4040 5057 παραλογισμδν

2450 5090 2931 5159 συνεσκευώρησας
2952 5106 2964 5117 ·
2995 5088 3075 5140 διὸ
3103 5087 3193 5139 καὶ
3223 5084 3431 5155 ψευδῶς
3469 5077 3571 5137 ὧδε
3604 5085 3857 5150 συνάγεις
3878 5100 3892 5112 ·
3924 5101 3942 5131 ι
3970 5084 4036 5135 Εἰ

2448 5182 2595 5235 ἔστιν
2634 5182 2760 5244 Υἱὸς
2788 5183 2878 5233 ἐπὶ
2903 5178 3063 5243 Θεοῦ,
3114 5179 3207 5231 καὶ
3260 5176 3518 5239 κοινωνός
3546 5177 3723 5227 ἐστιν’
3756 5174 3893 5228 ἀλλὰ
3927 5176 4040 5242 μὴν

2448 5274 2703 5336 κοινωνὸς
2736 5274 2835 5325 οὐκ
2886 5272 3033 5325 ἐστιν
3063 5272 3155 5323 ἐπὶ
3188 5270 3322 5323 Θεοῦ
3350 5285 3365 5300 ⁸
3392 5270 3490 5322 οὐκ
3527 5270 3633 5338 ἄρα
3670 5268 3789 5320 οὐδὲ
3822 5268 3973 5330 Υἱός.
4014 5288 4032 5318 ι

2448 5367 2619 5420 Τοῦτο
2646 5367 2702 5420 δὲ
2726 5366 2921 5434 λέγων,
2948 5364 3161 5427 πολλοῖς
3191 5365 3412 5424 ἀτόποις
3440 5361 3874 5432 περιπέπτωκας
3891 5375 3907 5387 ·
3942 5360 4042 5413 καὶ

2450 5460 2663 5525 πρῶτον
2701 5462 2797 5527 μὲν
2821 5458 3015 5512 ταυτὸν
3046 5460 3218 5517 ποιεῖς
3252 5456 3548 5509 ὑπόστασιν
3591 5453 3689 5506 καὶ
3721 5453 3886 5519 φύσιν
3941 5456 4041 5506 ἐπὶ

2448 5552 2766 5620 Θεοῦ,ὅπερ
2790 5552 2890 5620 ἤδη
2946 5549 3493 5617 προαπελήλεγκταισ
3549 5546 3741 5599 ἔπειτα
3796 5546 3892 5597 καὶ
3946 5546 4040 5597 τὸν

2450 5645 2577 5695 Υἰὸν
2603 5645 2663 5696 οῦ
2696 5644 2852 5705 δίδως
2886 5642 3024 5711 μετὰ
3058 5641 3267 5709 Πατρὸς
3308 5638 3402 5691 xa".
3429 5637 3743 5706 Πνεύματος
3778 5638 3874 5689 ἕνα
3901 5640 4039 5690 Θεὸν

2449 5737 2600 5803 ὄντα,
2661 5736 2755 5788 καὶ
2800 5734 2928 5805 παρ’
2978 5734 3135 5802 ἡμῶν
3195 5732 3377 5794 καλῶς
3432 5730 3883 5797 θεολογούμενον·
3942 5731 4040 5783 καὶ

2449 5828 2605 5881 τοῦτο
2669 5829 2827 5881 πάλιν
2878 5828 3008 5896 ἡμῖν
3047 5822 3567 5894 προαποδέδεικται·
3620 5821 3710 5875 διὰ
3761 5839 3845 5875 τοι
3875 5822 4040 5875 τοῦτο
