4168 6450
182 378 289 441 899

1359 384 1792 446 REFUTATIO
1828 385 2301 446 MOHAMEDIS.

3322 389 3428 448 830

179 504 275 551 καὶ
316 499 525 566 ἠλίθιον
572 500 802 567 ἀνέφανε
832 501 892 554 τὸ
942 500 1092 570 παρὰ
1144 500 1234 554 σοῦ
1277 503 1757 573 δογματιζόμενον.

1874 506 1964 558 luit
2002 522 2016 555 :
2058 504 2414 571 quamobrem
2460 502 2605 558 fatua
2640 504 2888 573 apparuit
2921 503 3130 574 prolata
3162 517 3191 556 a
3226 510 3276 556 te
3310 504 3440 569 dor,-

179 592 426 658 Εἴδωμεν
448 592 502 642 δὲ
532 592 623 643 καὶ
655 592 1075 662 ἐπιφερόμενον·
1116 592 1226 662 ἔχει
1254 593 1308 645 δὲ
1331 596 1423 646 καὶ
1457 597 1586 648 αὐτὸ
1625 591 1754 648 ὧδε·

184 702 201 731 ί
230 686 326 743 Ὃς
360 684 584 751 ἐποίησε.
608 684 703 753 τὴν
742 686 921 737 πίστιν
956 685 1061 736 τῶν
1096 687 1449 755 Σαρακηνῶν,
1483 690 1629 756 φῶςο
1667 692 1759 742 καὶ

179 776 346 841 ἑτέρα
377 775 559 838 πίστις
605 777 703 828 οὐκ
752 776 889 839 ἐστι,
920 778 985 829 δι’
1015 778 1083 847 ἦν
1118 796 1202 841 τις
1249 779 1326 847 τῷ
1379 781 1495 850 Θεῴ
1538 780 1760 835 δύναται

181 867 565 932 προσεγγίσαι,
604 888 621 917 ι
652 870 744 921 καὶ
778 870 877 920 ὅσα
918 871 1057 923 ἄλλα
1105 872 1337 938 γράφεις
1367 874 1762 939 ἀποσεμνύνων

179 955 278 1021 τὴν
328 959 533 1009 οἰκείαν
568 958 771 1013 πίστιν.
818 961 977 1012 Ἀλλά
1010 962 1072 1014 τὸ
1128 962 1227 1031 μὲν
1275 962 1415 1015 οῦτω
1442 962 1624 1031 ψιλαῖς
1674 965 1764 1016 τὸν

180 1046 339 1113 λόγον
365 1051 535 1117 χωρὶς
560 1051 885 1114 ἀποδείξεως
914 1054 1016 1124 τὴν
1040 1052 1327 1123 ἀλλοτρίαν
1363 1055 1545 1107 πίστιν
1571 1055 1763 1124 ὕϐρεσι

181 1140 423 1209 βάλλειν,
475 1143 570 1194 καὶ
626 1143 723 1211 τὴν
773 1144 979 1196 οἰκείαν
1037 1145 1289 1212 μεγάλως
1341 1145 1760 1213 ἀποσεμνύνειν,

183 1233 384 1301 ῥᾷστον
414 1235 507 1286 καὶ
558 1236 784 1299 εὐπετὲς
811 1236 877 1289 ἂν
912 1236 999 1305 εἴη
1026 1236 1188 1288 παντὶ
1215 1235 1291 1305 τῷ
1340 1236 1676 1305 βουλομένῳ·
1706 1239 1765 1288 τὸ

178 1324 238 1375 δὲ
268 1324 370 1393 τὴν
385 1325 579 1379 ἑαυτοῦ
618 1328 798 1379 πίστιν
834 1327 950 1396 μετ’
983 1328 1311 1393 ἀποδείξεως
1340 1327 1640 1397 εὔχρηστον
1673 1329 1766 1380 καὶ

180 1417 463 1486 ὠφέλιμον
486 1420 579 1470 καὶ
598 1421 660 1471 ὲκ
693 1418 828 1471 Θεοῦ
857 1420 1104 1472 δοθεῖσαν
1137 1420 1541 1484 ἀποδεικνύναι,
1575 1421 1768 1488 ἀνδρὸς

180 1510 248 1561 ἂν
279 1512 365 1579 εῖη
399 1510 659 1573 εὐσεϐοῦς
698 1511 790 1564 καὶ
818 1510 942 1564 νοῦν
971 1511 1202 1580 ἔχοντος.
1253 1512 1462 1565 Οὐκοῦν
1500 1513 1591 1563 καὶ
1624 1513 1767 1579 ὑμᾶς

179 1603 292 1655 ἔδει
318 1604 475 1657 τοῦτο
500 1607 672 1655 ποιεῖν
699 1620 711 1633 ·
747 1605 841 1656 καὶ
874 1605 947 1673 μὴ
970 1604 1155 1664 ἁπλῶς
1186 1604 1643 1673 βρενθυνομένους
1669 1606 1766 1673 τὴν

181 1698 460 1765 ὑμετέραν
490 1697 674 1748 πίστιν
708 1697 781 1760 ὡς
814 1697 927 1765 φῶς
968 1698 1119 1766 παρά
1148 1696 1283 1749 Θεοῦ
1324 1698 1642 1765 ποιηθεῖσαν
1672 1699 1767 1750 καὶ

180 1788 429 1841 δοθεῖσαν
463 1788 894 1855 ἀποφαίνεσθαι·
922 1788 1042 1840 ὅθεν
1073 1790 1234 1857 ἡμεῖς
1273 1787 1473 1856 μᾶλλον
1503 1789 1602 1857 τῆς
1632 1790 1768 1858 ὑμε-

1864 595 2025 648 ntatis
2071 595 2241 647 instar
2289 595 2577 649 sententia.
2610 594 2727 648 Jam
2786 610 2911 648 vero
2960 595 3243 647 videamus
3294 596 3438 663 quod

1865 687 2019 739 addis
2048 704 2061 738 :
2091 701 2321 753 namque
2352 687 2423 739 ila
2457 701 2513 739 se
2544 687 2705 740 habet
2736 704 2749 739 :
2790 704 2808 736 ι
2845 685 2947 751 Qui
2978 686 3104 740 fecit
3142 685 3442 739 Saraceno-

1866 793 1985 829 rum
2039 778 2193 830 ﬁdem
2241 780 2378 831 locis
2420 780 2611 835 instar.
2646 777 2834 849 Neque
2874 779 2978 832 alia
3018 780 3145 832 ﬁdes
3193 789 3297 835 est.
3333 793 3438 844 qua

1868 869 1976 920 Deo
2027 871 2294 938 quispiam
2351 870 2717 938 propinquare
2779 872 2973 940 possit.
3012 888 3029 919 ›
3066 870 3128 923 Et
3179 869 3438 938 quidquid

1866 958 2010 1010 aliud
2054 958 2273 1018 scribis,
2310 958 2464 1009 ﬁdem
2510 968 2656 1010 tuam
2687 960 2956 1013 exultans.
2993 961 3059 1009 At
3089 958 3230 1009 enim
3284 958 3441 1008 nudis

1868 1050 1938 1103 ita
1974 1051 2176 1110 verbis,
2213 1050 2416 1116 absque
2449 1051 2553 1102 ulla
2588 1051 3069 1109 demonstratione,
3106 1049 3291 1099 aliena‘
3321 1049 3349 1098 ﬁ
3376 1048 3437 1098 «vi

1870 1143 2207 1203 maledicere,
2245 1150 2299 1193 et
2350 1144 2621 1209 propriam
2673 1142 3038 1209 magniﬁcare,
3073 1140 3231 1193 facile
3261 1148 3344 1190 est
3393 1147 3444 1189 ιιι

1866 1233 2172 1300 expeditum
2219 1232 2418 1284 volenti
2467 1237 2683 1299 cuique.
2728 1231 3108 1286 Verumtamen
3161 1230 3440 1300 propriam

1868 1322 2026 1374 ﬁdem
2068 1322 2116 1372 vi
2158 1329 2600 1389 argumentorum
2633 1322 2829 1375 bonam
2872 1322 3165 1389 utilemque
3218 1330 3379 1389 atque
3412 1335 3441 1372 a

1870 1410 1979 1465 Deo
2009 1413 2188 1464 datam
2237 1412 2544 1473 ostendere,
2582 1414 2630 1465 id
2663 1414 2876 1466 demum
2933 1413 3031 1464 viri
3096 1413 3332 1478 religiosi
3389 1420 3443 1465 et

1868 1500 2076 1554 cordati
2109 1504 2380 1569 negotium
2413 1510 2515 1555 est.
2556 1502 2736 1570 Itaque
2772 1512 2825 1554 et
2860 1518 2953 1555 vos
2986 1503 3056 1555 ita
3090 1517 3249 1571 agere
3277 1516 3443 1570 Opor-

1872 1592 2049 1653 tebat;
2084 1608 2254 1660 neque.
2288 1607 2432 1645 mera
2456 1594 2718 1661 jactantia
2746 1593 2901 1646 ﬁdem
2928 1605 3157 1648 vestram
3197 1595 3331 1647 lucis
3363 1594 3445 1645 in-

1870 1693 1983 1737 star
2054 1701 2082 1737 a
2146 1686 2260 1737 Deo
2312 1696 2679 1739 constructam
2733 1687 3024 1751 datamque
3066 1687 3441 1755 pronuntiare.

1870 1776 2102 1830 Proinde
2154 1791 2252 1830 nos
2306 1777 2485 1844 potius
2528 1787 2720 1831 vestrte
2752 1778 2873 1831 ﬁdei
2910 1792 3147 1831 errorem
3182 1792 3244 1828 ac
3285 1776 3439 1829 falsi-

179 1881 349 1946 τέρας
386 1880 622 1943 πίστεως
664 1882 764 1947 τὴν
814 1879 1021 1947 πλάνην
1060 1882 1153 1931 καὶ
1178 1880 1239 1930 τὸ
1272 1879 1486 1948 ψεῦδος,
1521 1882 1616 1932 καὶ
1665 1880 1764 1949 τῆς

1874 1873 2056 1925 tatem,
2127 1875 2432 1933 nostrteque
2494 1869 2772 1920 veritatem
2836 1876 2889 1919 et
2962 1866 3443 1936 pulchritudinem,

181 1974 461 2042 ἡμετέρας
487 1976 582 2041 τὴν
612 1972 868 2042 ἀλήθειαν
896 1973 987 2024 καὶ
1013 1972 1103 2023 τὸν
1134 1972 1337 2041 κόσμον
1386 1974 1522 2041 μετὰ
1552 1972 1768 2025 ἀποδεί-

182 2063 322 2127 ξεως
352 2062 675 2130 παραθεῖναι
706 2061 1107 2131 πειρασόμεθα.

257 2153 323 2216 ζ’.
361 2155 568 2207 ’Ἅπασι
600 2157 713 2217 τοῖς
744 2153 868 2206 νοῦν
909 2154 1123 2222 ἔχουσιν
1153 2152 1498 2221 ὡμολόγηται
1547 2153 1627 2205 ὅτι
1683 2152 1768 2205 πί-

184 2263 305 2308 στις
342 2246 437 2313 μὲν
466 2244 765 2315 εὔχρηστος
811 2247 904 2298 καὶ
937 2244 1213 2313 ὠφέλιμος
1264 2246 1359 2296 καὶ
1383 2245 1457 2306 ὡς
1492 2245 1605 2311 φῶς
1635 2245 1768 2298 οὖσα

183 2338 561 2402 καθέστηκεν·
616 2340 710 2390 καί
757 2337 885 2400 τοὺς
925 2337 1129 2406 ταύτην
1175 2337 1593 2407 ὲπισπωμένους
1648 2337 1768 2407 Θεῷ

182 2427 523 2481 οἰκειοῦσθαι
577 2428 894 2499 παρεγγυᾷ·
928 2423 996 2497 ἧς
1019 2429 1087 2479 τὰ
1128 2426 1501 2496 θεσπιζόμενα
1525 2428 1632 2478 τῶν
1656 2443 1769 2495 χει-

186 2519 391 2587 ρίστων
425 2518 516 2571 xui.
546 2516 825 2588 βλαϐερῶν
847 2518 944 2588 τὴν
969 2517 1229 2570 ἀπόθεσιν
1257 2516 1501 2585 ἐχει,κα“ι
1530 2517 1591 2569 τὸ
1614 2518 1769 2586 γένος

182 2609 296 2661 τῖ›ν
322 2610 623 2679 ἀνθρώπων
647 2610 756 2662 ἀπὸ
784 2609 892 2660 τῶν
918 2609 1067 2679 παρὰ
1090 2607 1249 2675 φύσιν
1276 2609 1368 2659 ἐπὶ
1404 2608 1469 2660 τὰ
1498 2608 1639 2660 κατά
1669 2608 1767 2675 φύο

186 2717 272 2753 σιν
295 2703 391 2753 καὶ
426 2703 677 2769 ὑπερφυῆ
709 2702 1058 2771 μετατίθησιν
1077 2716 1092 2733 ·
1128 2696 1194 2770 ἦς
1218 2701 1275 2751 δὲ
1304 2700 1372 2752 ea
1401 2700 1768 2768 θεσπιζόμενα

185 2793 297 2842 έῶν
338 2792 519 2847 καλῶν
544 2793 641 2863 τὴν
674 2794 947 2859 ἀπόθεσιν,
1002 2794 1230 2847 καὶτῶν
1265 2794 1486 2863 φαύλων
1537 2795 1634 2863 τὴν
1685 2798 1766 2847 οἰ-

188 2884 413 2938 κείωσιν
467 2874 882 2954 ἐπαγγέλλεται,
929 2888 1019 2938 καὶ
1051 2886 1113 2937 τὸ
1144 2885 1298 2951 γένος
1338 2885 1445 2937 τῶν
1469 2886 1768 2955 ἀνθρώπων

186 2976 299 3025 ἀπὸ
328 2976 435 3027 τῶν
467 2978 608 3029 κατὰ
652 2977 813 3044 φύσιν
843 2978 874 3047 ἢ
930 2978 1021 3029 καὶ
1051 2978 1345 3047 ὑπερφυῶν
1389 2979 1482 3029 ἐπὶ
1515 2977 1583 3029 τὰ
1613 2977 1765 3045 παρά

188 3066 354 3131 φύσιν
382 3070 660 3138 κατασπᾷ,
690 3067 825 3136 αῦτη
846 3069 1062 3130 πάντως
1081 3069 1414 3139 δύσχρηστός
1434 3086 1493 3121 τε
1523 3069 1617 3120 καὶ
1648 3067 1769 3137 βλα-

189 3159 351 3227 ϐερὰ,
387 3160 481 3211 καὶ
508 3161 707 3230 ἥκιστά
731 3176 816 3223 τις
849 3160 924 3229 τῷ
946 3161 1061 3229 Θεῷ
1087 3159 1638 3229 προσοικειοῦσθαιδι’
1668 3161 1767 3212 αύ-
1795 3190 1835 3245 C

187 3251 292 3318 τῆς
332 3251 578 3304 δύναται.
623 3252 774 3304 Ἐπεὶ
805 3247 898 3305 οὖν
948 3255 1042 3304 καὶ
1069 3253 1103 3321 ἡ
1146 3251 1389 3320 ὑμετέρα
1429 3251 1607 3312 πίστις
1653 3251 1763 3303 τῶν

192 3342 416 3410 φαύλων
434 3342 535 3411 τὴν
560 3342 853 3405 οίκείωσιν,
893 3343 987 3395 καὶ
1035 3343 1145 3395 τῶν
1176 3342 1356 3395 καλῶν
1377 3343 1473 3413 τὴν
1509 3341 1765 3395 ἀπόθεσιν

191 3434 569 3505 προθεσπίζει,
612 3436 706 3488 καὶ
739 3437 803 3487 ὲκ
830 3436 938 3488 τῶν
966 3436 1279 3505 ὑπερφυῶν,
1309 3434 1340 3506 ἢ
1380 3437 1475 3486 καὶ
1501 3436 1641 3487 κατὰ
1667 3434 1767 3501 φύ-

190 3547 300 3593 σιν,
340 3530 437 3582 ἐπὶ
462 3531 531 3583 τά
556 3532 706 3601 παρᾶ
734 3529 896 3600 φύσιν
943 3533 1067 3593 τοὺς
1099 3530 1303 3599 ταύτην
1346 3530 1768 3599 ὲπισπωμένους

190 3624 473 3693 κατασπᾷ,
515 3623 748 3690 φανερὸν
780 3624 861 3675 ὅτι
907 3622 1240 3693 δύσχρηστος
1279 3639 1335 3674 τε
1379 3622 1474 3674 καὶ
1509 3621 1767 3691 βλαϐερὰ,

190 3716 285 3767 καὶ
316 3715 496 3776 οὐδεὶς
521 3714 588 3765 δι’
608 3715 775 3781 αὐτῆς
804 3713 880 3782 τῷ
894 3715 1012 3779 Θεῷ
1034 3714 1322 3765 οἰκειοῦται
1344 3730 1357 3743 ·
1394 3715 1486 3766 καὶ
1517 3715 1596 3766 ὅτι
1616 3713 1773 3765 τοῦτο

189 3803 414 3867 ἀληθὲς,
442 3800 691 3853 ἐντεῦθεν
725 3801 905 3873 ἄθρει·
953 3802 1026 3854 Τὸ
1057 3804 1205 3871 παρά
1239 3803 1401 3871 φύσιν
1430 3806 1629 3867 πάντες
1654 3806 1772 3856 ῐσα-

191 3910 277 3944 σιν
303 3891 587 3960 εἰδήμονες
619 3889 907 3957 μετάθεσιν
940 3886 1079 3943 εἶναι
1106 3891 1200 3943 τοῦ
1223 3892 1364 3943 κατά
1403 3891 1561 3958 φύσιν
1591 3892 1681 3943 ἐπὶ
1712 3891 1773 3942 τὸ

190 3984 468 4052 χείριστον
489 3996 502 4008 ·
532 3981 594 4032 τὸ
620 3981 675 4034 δὲ
702 3981 841 4049 ὑπὲρ
868 3979 1050 4048 φύσιν,
1078 3981 1367 4049 μετάθεσιν
1392 3981 1495 4033 ἀπὸ
1514 3981 1606 4032 τοῦ
1636 3981 1774 4032 κατὰ

190 4074 361 4142 φύσιν
407 4074 499 4125 ἐπὶ
532 4072 594 4125 τὸ
646 4074 919 4143 κρεῖττον.
954 4074 1016 4126 El
1064 4068 1160 4126 οῦν
1203 4075 1232 4125 ό
1278 4073 1563 4141 ἄνθρωπος
1613 4074 1776 4142 μέσος

190 4184 312 4231 πως
337 4166 800 4236 δεδημιούργηται
820 4165 920 4235 τῆς
949 4165 1235 4236 αἰσθητῆς.
1252 4166 1413 4234 φημὶ,
1435 4167 1662 4228 κτίσεως
1684 4169 1778 4218 καὶ

190 4260 415 4328 νοητῆς.
433 4260 526 4310 καὶ
544 4259 631 4310 διὰ
650 4257 810 4311 τοῦτο
836 4259 1105 4327 ἑκατέρας
1124 4259 1222 4328 τῆς
1248 4275 1308 4311 τε
1341 4258 1536 4325 ἀλόγου
1566 4258 1778 4325 φύσεως

190 4354 286 4405 καὶ
316 4349 618 4420 ἀγγελικῆς
664 4351 1039 4402 ἐπικοινωνεῖ·
1096 4350 1190 4402 καὶ
1222 4349 1325 4418 τῆς
1354 4350 1455 4419 μὲν
1482 4349 1778 4417 ἀγγελικῆς

191 4443 446 4496 κοινωνεῖ
471 4441 610 4494 κατὰ
648 4440 708 4493 τὸ
736 4440 1042 4509 λογιστικόν
1087 4458 1148 4493 τε
1182 4442 1277 4495 καὶ
1315 4440 1376 4493 τὸ
1400 4441 1737 4509 διακριτικόν
1761 4456 1777 4472 ο

1869 1970 1992 2010 cum
2046 1959 2379 2025 argumentis
2428 1971 2700 2026 exponere
2739 1958 3087 2012 conabimur.

1944 2156 1994 2208 7.
2043 2152 2263 2209 Cordati
2295 2170 2485 2208 omnes
2522 2152 2778 2219 fatentur,
2812 2154 2970 2210 ﬁdem
3009 2156 3203 2210 bonam
3244 2164 3297 2211 et
3335 2156 3447 2209 uti.

1870 2250 1996 2311 lem,
2030 2248 2169 2301 lucis
2202 2249 2320 2300 vice
2347 2245 2518 2316 fungi,
2551 2257 2606 2300 ct
2631 2262 2722 2301 cas
2756 2252 2847 2316 qui
2891 2249 3029 2301 hanc
3066 2258 3259 2315 gerunt
3291 2258 3348 2301 ut
3380 2249 3446 2301 ad

1871 2337 2041 2392 Deum
2075 2337 2334 2392 accedant
2374 2338 2617 2391 hortari:
2654 2338 2812 2407 cujus
2839 2338 2958 2391 ﬁdei
3004 2348 3266 2408 praicepta
3300 2354 3329 2393 a
3361 2342 3448 2392 de.—

1871 2429 2163 2483 teriorihus
2195 2428 2477 2497 noxiisque
2510 2430 2816 2493 retrahunt,
2858 2430 3213 2499 hominesque
3257 2431 3325 2485 ab
3384 2433 3451 2486 iis

1870 2537 1991 2590 quae
2026 2529 2212 2576 contra
2245 2531 2494 2573 naturam
2523 2534 2674 2584 sunt,
2705 2522 2769 2574 ad
2804 2522 3068 2574 naturalia
3101 2532 3154 2575 et
3183 2538 3448 2591 superna-

1873 2612 2068 2666 turalia
2096 2619 2439 2665 convertunt.
2473 2611 2645 2679 Cujus
2670 2620 2851 2665 autem
2884 2613 3000 2665 ﬁdei
3040 2623 3304 2682 praecepta
3342 2614 3452 2667 vir-

1872 2703 2002 2757 tutis
2044 2701 2246 2770 fngam,
2283 2710 2335 2755 et
2358 2702 2472 2755 vitii
2522 2704 2943 2759 familiaritatem
2985 2706 3236 2769 suadent,
3273 2706 3453 2759 homi-

1872 2807 2083 2862 nesque
2141 2808 2170 2845 a
2226 2794 2567 2849 naturalibus
2602 2796 2684 2848 vel
2724 2796 2889 2849 etiam
2948 2798 3454 2865 supernaturalibus

1872 2884 1937 2937 ad
1976 2900 2039 2938 ea
2073 2900 2192 2953 qnaa
2216 2896 2403 2938 contra
2438 2894 2686 2940 naturam
2721 2898 2849 2941 sunt
2880 2889 3144 2954 trahunt;
3179 2888 3292 2941 haec
3333 2904 3450 2941 om-

1872 2977 2001 3029 nino
2051 2991 2213 3043 prava
2270 2987 2323 3029 et
2368 2979 2528 3031 noxia
2577 2990 2679 3042 est,
2734 2979 3065 3049 minimeque
3116 2996 3211 3049 per
3276 2980 3449 3049 ipsam

1872 3068 2239 3137 pmpinqnare
2269 3066 2375 3121 Deo
2424 3070 2695 3138 quispiam
2728 3079 2924 3139 potest.
2957 3069 3092 3136 Quia
3122 3070 3287 3140 igitur
3319 3070 3455 3124 ﬁdes

1874 3169 2047 3209 vestra
2081 3158 2336 3210 vitiorum
2367 3158 2814 3223 familiaritatem,
2838 3170 2892 3215 et
2918 3180 2946 3215 ιι
2979 3163 3266 3216 virtutibus
3292 3177 3451 3216 aver-

1867 3247 2073 3300 sioneut
2105 3250 2378 3314 decernit;
2415 3261 2577 3319 atque
2615 3267 2644 3304 a
2679 3254 3184 3321 supernaturalibus
3215 3262 3308 3307 aut
3340 3252 3449 3307 sal-

1868 3354 1975 3399 tem
2025 3346 2387 3411 naturalibus,
2429 3346 2495 3399 ad
2526 3361 2587 3400 ea
2626 3363 2746 3416 qua:
2774 3355 2965 3401 contra
3003 3356 3253 3401 naturam
3300 3356 3448 3401 sunt.

1867 3438 2106 3492 asscclas
2167 3455 2295 3494 suos
2324 3440 2509 3499 trahit,
2543 3450 2685 3508 patet
2715 3455 2832 3495 eam
2865 3455 2987 3496 esse
3014 3455 3231 3509 pravam
3260 3450 3314 3495 et
3356 3455 3453 3494 no-

1870 3530 2051 3594 xiam,
2088 3532 2469 3600 neminemque
2517 3548 2610 3599 per
2661 3547 2779 3586 eam
2830 3535 2893 3587 ad
2941 3532 3110 3588 Deum
3163 3534 3442 3588 accedere.

1869 3619 2136 3689 Quodque
2168 3622 2217 3675 id
2260 3637 2446 3677 verum
2490 3624 2581 3685 sit,
2621 3625 2747 3677 hinc
2779 3625 2993 3692 pet-vide
3024 3645 3036 3678 :
3072 3624 3226 3690 Quod
3264 3634 3453 3679 contra

1874 3721 2128 3765 naturam
2172 3724 2275 3777 est,
2308 3714 2599 3781 prudentes
2632 3729 2825 3771 omnes
2856 3716 3035 3770 sciunt
3071 3716 3449 3771 transitionem

1872 3815 1995 3855 esse
2033 3806 2063 3854 a
2094 3803 2325 3855 naturali
2373 3802 2436 3855 ad
2475 3803 2751 3857 deterius:
2789 3804 3199 3871 sopernaturale
3245 3814 3448 3870 autem,

1875 3893 2256 3947 transitionem
2306 3909 2429 3949 esse
2459 3909 2487 3947 a
2520 3895 2751 3949 naturali
2796 3898 2860 3949 ad
2892 3897 3103 3951 melius.
3142 3895 3279 3961 Quia
3324 3912 3454 3967 ergo

1876 3985 2043 4037 homo
2085 3986 2295 4037 medius
2318 3988 2725 4055 quodammodo
2757 3990 3007 4042 emolitus
3040 3987 3141 4042 fuit
3164 3990 3306 4043 inter
3331 4005 3455 4044 seno

1877 4074 2090 4128 sibilem
2124 4085 2433 4130 creaturam
2465 4090 2519 4131 et
2546 4079 2987 4145 intellectualem,
3017 4080 3216 4135 idcirco
3245 4090 3453 4133 utram-

1878 4180 1984 4234 que
2019 4168 2325 4236 participat,
2362 4168 2731 4223 irrationalem
2780 4172 2990 4225 scilicet
3036 4182 3201 4241 atque
3254 4172 3463 4241 angeli-

1879 4273 1997 4311 cam
2036 4269 2304 4312 naturam.
2348 4261 2410 4313 Et
2454 4262 2752 4329 angelicam
2794 4262 3012 4330 quidem
3050 4262 3339 4333 participat
3370 4280 3460 4318 se-

1881 4349 2119 4407 cundum
2151 4351 2493 4405 ratiocinium
2535 4363 2589 4405 et
2622 4352 3030 4416 discretionem,
3086 4354 3460 4409 irrationalem

1882 4454 2011 4492 vero
2040 4443 2335 4493 secundum
2364 4443 2632 4496 irascihile
2654 4452 2708 4496 et
2737 4445 3176 4514 concupiscibile.
3202 4445 3463 4500 Servatur

192 4540 290 4605 τῆς
327 4537 373 4588 δ“
409 4535 479 4589 αὖ
510 4535 725 4602 ἀλόγου,
766 4534 910 4588 κατά
956 4534 1019 4587 τὸ
1053 4533 1285 4602 θυμικὸν
1315 4534 1408 4587 καὶ
1448 4533 1772 4602 ἐπιθυμητι-

1882 4541 2062 4585 autem
2093 4542 2145 4584 et
2167 4532 2474 4586 continetur
2508 4534 2645 4587 intra
2683 4542 2891 4589 naturae
2934 4537 3070 4590 lines
3116 4538 3303 4599 homo.
3330 4552 3463 4591 cum

194 4628 289 4679 κόν
310 4642 327 4655 ο
359 4626 704 4693 πεφύλακται
743 4626 799 4678 δὲ
850 4627 944 4677 καὶ
970 4612 1353 4694 διατετήρηται
1389 4625 1531 4679 κατά
1564 4624 1723 4691 φύσιν
1750 4626 1777 4676 ὁ

195 4721 506 4782 ἅνθρωπος,
537 4720 611 4770 ὅτ’
656 4719 721 4771 ἂν
756 4720 813 4770 τὸ
860 4718 1167 4785 λογιστικὸν
1199 4716 1293 4769 τοῦ
1327 4716 1560 4787 θυμικοῦ
1592 4734 1649 4769 τε
1688 4718 1779 4769 καὶ

195 4812 597 4879 ἐπιθυμητικοῦ
631 4815 792 4879 ἄρχῃ.
847 4811 970 4861 Ἔτι
1005 4827 1066 4877 γε
1129 4811 1233 4879 μὴν
1270 4809 1365 4863 καὶ
1417 4813 1482 4879 τῇ
1513 4808 1776 4879 ἀγγελικῇ

196 4905 358 4971 φύσει
388 4904 683 4955 οἰκειοῦται
712 4904 933 4971 μᾶλλον,
968 4904 1062 4954 καὶ
1088 4903 1223 4970 πρὸς
1247 4902 1314 4955 τὰ
1347 4903 1599 4972 ὑπερφυῆ
1632 4902 1778 4955 ἄνει-

199 5015 304 5056 σιν,
337 4996 501 5063 ἡνίκα
534 4995 595 5046 τὸ
629 4995 823 5063 ἄλογον
876 4994 1038 5062 μέρος
1068 4995 1166 5060 τῆς
1212 4992 1388 5062 ψυχῆς
1414 4994 1779 5057 ὑποπιάζεται

198 5089 293 5140 καὶ
332 5087 702 5139 ὑποθλίὸεται.
741 5087 857 5138 ”Οτ’
883 5087 948 5139 ἂν
978 5087 1020 5139 δ’
1045 5085 1138 5139 οῦν
1170 5086 1230 5137 τὸ
1272 5086 1514 5138 ἐναντίον
1542 5088 1601 5136 ἓν
1632 5084 1780 5152 αὐτῷ

200 5177 528 5247 καθορᾶται,
557 5178 649 5227 καὶ
670 5176 738 5229 τά
766 5178 865 5244 μὲν
895 5177 1039 5245 πάθη
1070 5176 1165 5229 τοῦ
1201 5177 1357 5243 λόγου
1391 5178 1698 5245 ἐπικρατεῖ,
1752 5178 1780 5229 ὁ

199 5270 255 5322 δὲ
276 5269 435 5335 λόγος
473 5269 758 5338 ὑπηρετεῖ,
793 5270 951 5322 τοῦτο
974 5270 1030 5322 δὲ
1067 5269 1361 5339 συμϐαίνει
1393 5269 1781 5331 ἀνενδοιάστως

202 5363 295 5415 ἐπὶ
325 5363 435 5414 τῶν
462 5362 774 5426 ἀκολάστως
804 5363 835 5435 ἢ
870 5364 965 5416 καὶ
1018 5363 1251 5431 φονικῶς
1287 5362 1549 5432 βιούντων
1576 5379 1589 5392 ·
1619 5379 1782 5430 φανε-

205 5457 297 5526 ρὸν
342 5456 422 5509 ὅτ’
448 5455 516 5509 ἂν
543 5454 611 5507 τὰ
663 5454 881 5526 χείρονα
930 5451 1348 5524 διαπράττηται,
1390 5454 1455 5506 ὲκ
1488 5452 1597 5505 τῶν
1642 5452 1782 5506 κατά

204 5546 369 5613 φύσιν
400 5546 434 5615 ἢ
473 5548 567 5599 καὶ
590 5546 908 5616 ὑπερφυῶν,
932 5546 1022 5598 ἐπὶ
1056 5546 1125 5598 τὰ
1149 5551 1299 5617 παρὰ
1327 5546 1488 5614 φύσιν
1515 5545 1775 5598 κάτεισιν·

203 5640 326 5692 ὅθεν
353 5640 479 5693 ὅσον
505 5641 573 5691 ἂν
608 5638 805 5707 μᾶλλον
826 5638 887 5691 τὸ
917 5637 1145 5706 θυμικόν
1180 5654 1238 5689 τε
1267 5638 1362 5691 καὶ
1387 5637 1782 5706 ἐπιθυμητικὸν

207 5732 397 5784 ἀνετόν
454 5733 629 5793 ἐστιν,
682 5731 936 5784 τοσοῦτον
976 5731 1068 5784 καὶ⁹
1115 5729 1186 5782 τὰ
1214 5730 1359 5800 παθη
1386 5731 1636 5799 σκαίρει·
1691 5732 1783 5783 καὶ

211 5828 332 5879 ὅσον
362 5825 428 5880 ἂν
456 5824 661 5897 μᾶλλον
693 5823 912 5897 σκαίρῃ,
942 5823 1193 5877 τοσοῦτον
1218 5823 1307 5877 καὶ
1333 5822 1622 5891 ἐπαύξεται
1651 5840 1659 5851 ·
1692 5825 1783 5876 καὶ

1880 4636 2006 4689 pars
2047 4620 2327 4675 rationalis
2371 4621 2623 4675 irascihili
2661 4630 2711 4675 et
2749 4623 3155 4691 concupiscibili
3207 4624 3454 4677 domina-

1880 4722 1987 4766 tur.
2037 4712 2166 4765 Item
2196 4712 2259 4764 ad
2307 4714 2604 4777 angelicam
2647 4724 2893 4768 naturam
2933 4716 3104 4783 magis
3136 4716 3364 4779 accedit,
3393 4726 3448 4769 et

1880 4804 1945 4855 ad
1996 4804 2428 4870 supernaturalia
2476 4804 2772 4870 extollitur,
2826 4821 2949 4859 cum
2983 4808 3177 4861 animae
3220 4823 3345 4876 pars
3383 4807 3458 4859 ir-

1882 4894 2161 4947 rationalis
2194 4895 2481 4946 cohibetur
2514 4904 2567 4947 et
2599 4896 2996 4964 comprimitur.
3024 4897 3253 4964 Quando
3276 4910 3459 4969 autem

1883 4987 2222 5039 contrarium
2280 4987 2331 5037 in
2380 4987 2597 5041 homine
2651 4990 2911 5052 cernitur,
2949 5000 3000 5043 et
3044 4991 3323 5058 passiones
3367 5007 3456 5042 ra-

1883 5077 2015 5131 tioni
2073 5078 2383 5144 prmvalent,
2445 5079 2687 5147 ratioque
2748 5081 3052 5134 succumbit
3099 5081 3237 5150 (hoc
3276 5090 3457 5134 autem

1882 5168 2081 5222 accidit
2116 5168 2430 5222 hominibus
2463 5172 2741 5224 luxurioso
2774 5173 3109 5240 imntanique
3138 5173 3257 5227 vita:
3297 5188 3459 5240 gene-

1885 5274 1942 5312 re
1994 5258 2318 5325 utentibus),
2355 5270 2569 5314 constat
2618 5262 2894 5314 hominem
2933 5264 3197 5316 deteriora
3255 5262 3458 5316 facien-

1885 5364 2015 5415 tem,
2047 5368 2074 5404 a
2112 5352 2450 5405 naturalibus
2497 5355 2578 5406 vel
2619 5356 2781 5408 etiam
2824 5357 3357 5423 supernaturalihus,
3392 5358 3457 5408 ad

1883 5461 1945 5499 ea
1978 5463 2099 5515 qtne
2138 5459 2324 5501 contra
2364 5457 2616 5499 naturam
2650 5454 2782 5499 sunt
2831 5449 3084 5514 migrare;
3113 5446 3458 5515 Quapropter

1885 5556 1994 5608 quo
2028 5541 2198 5609 magis
2223 5540 2494 5593 irascihile
2525 5550 2578 5593 et
2607 5540 3031 5609 concupiscibile
3063 5540 3214 5594 freno
3242 5551 3451 5603 carent,

1886 5640 2036 5685 tanto
2073 5630 2243 5699 magis
2293 5630 2572 5697 passiones
2620 5631 2912 5695 exsiliunt;
2942 5639 3130 5694 etquo
3168 5632 3341 5700 magis
3375 5631 3456 5683 ha:

1885 5726 2162 5786 exsiliunt,
2206 5738 2269 5777 (ο
2317 5724 2437 5792 plus
2477 5734 2775 5792 augentur;
2820 5732 2871 5777 ct
2900 5740 3009 5792 quo
3044 5724 3214 5793 magis
3249 5741 3454 5793 augen-

1890 5831 1997 5883 tur,
2040 5829 2189 5871 tanto
2241 5818 2360 5890 plus
2410 5817 2572 5871 homo
2617 5817 3020 5872 irrationalibus
3081 5817 3257 5873 brutis
3304 5834 3457 5871 com-
