4168 6450
757 428 850 487 831

2015 421 2061 481 Ν
2071 420 2308 481 ΙΕΕΤίΕ
2360 422 2759 482 ΒΥΖΛΝΤΙΝΙ

3908 419 4024 484 832

760 542 1035 604 municat;
1082 538 1223 606 quod
1251 537 1380 589 dum
1434 535 1581 600 facit,
1620 534 1685 587 ad
1733 533 2023 587 belluinam
2068 534 2331 588 conditiu-

2437 538 2555 588 ὅσον
2582 535 2645 587 ἂν
2671 534 2994 603 ἐπαύξηται,
3021 539 3273 587 τοσοῦτον
3299 536 3326 587 ό
3356 535 3639 605 ἄνθρωπος
3661 537 3771 596 τοῖς
3796 536 4023 603 ἀλόγοις

759 649 882 687 nem
911 632 1149 686 festinat.
1187 628 1473 697 Propterea
1501 636 1554 680 et
1581 626 1925 695 pr0pheticus
1959 639 2139 678 sermo
2186 626 2339 678 volu-

760 736 962 779 tantem
997 738 1054 777 se
1079 723 1129 775 in
1166 720 1511 790 passionibus
1543 719 1841 781 hominem,
1880 717 2146 787 jumentis
2184 718 2339 773 simi-

761 818 863 869 lem
926 830 1049 867 esse
1097 813 1320 866 deﬁnit:
1358 815 1526 865 Homo
1561 828 1679 863 cum
1704 812 1755 862 in
1804 812 2000 861 honore
2034 820 2191 874 esset,
2232 826 2337 863 non

760 908 1049 969 intellexit;
1080 915 1415 972 comparatus
1455 913 1532 955 est
1570 903 1821 979 jumentis
1856 902 2245 970 insipientibus,
2286 915 2335 958 et

759 1000 945 1054 similis
987 999 1162 1066 [actus
1202 1008 1276 1051 est
1326 998 1434 1049 illis
1461 997 1526 1050 δ’.

828 1178 882 1232 8.
916 1177 1185 1244 Quoniam
1233 1175 1638 1243 itaquc'vestra
1682 1173 1813 1226 ﬁdes
1847 1172 2100 1240 proponit
2138 1172 2337 1241 et’lcge

760 1273 935 1325 sancit
985 1271 1436 1338 intemperantem
1477 1268 1665 1328 vitam,
1699 1275 1751 1317 et
1801 1265 2119 1333 passionum
2157 1264 2335 1317 inere-

762 1372 1002 1417 mentum
1034 1362 1219 1431 potius
1248 1370 1410 1427 atque
1454 1358 1780 1419 dominium,
1808 1372 1971 1424 quam
2012 1358 2254 1419 rationis,
2283 1366 2336 1409 et

760 1455 826 1508 ad
882 1455 1155 1509 deteriora
1205 1454 1414 1507 inhiare
1456 1452 1704 1504 homines
1749 1449 2009 1517 impellit;
2041 1451 2141 1503 hoc
2172 1449 2335 1503 nimi-

762 1564 881 1599 rum
915 1547 1156 1614 estquod
1192 1544 1451 1605 diximus,
1486 1559 1515 1596 a
1558 1542 1900 1595 naturalibus
1925 1550 1978 1595 et
2009 1550 2334 1610 supernatu-

764 1638 973 1690 ralibus
1030 1637 1093 1688 ad
1148 1634 1235 1686 illa
1284 1650 1404 1702 quae
1460 1641 1667 1686 naturae
1724 1633 2080 1685 adversantur
2133 1642 2335 1699 pertra-

764 1728 891 1780 here
917 1746 928 1777 :
958 1736 1040 1779 est
1084 1737 1265 1779 autem
1298 1724 1438 1793 apud
1467 1740 1565 1778 nos
1596 1725 1647 1775 in
1680 1722 1950 1784 confesso,
1981 1723 2134 1774 ﬁdem
2167 1724 2332 1786 illam,

760 1818 918 1886 cujus
948 1828 1150 1871 statuta
1188 1816 1562 1883 hujuscemodi
1608 1826 1760 1878 sunt,
1790 1816 2007 1867 noxiam
2056 1830 2175 1868 esse
2208 1832 2334 1883 pra-

760 1926 1093 1978 vatnque,ac
1124 1910 1393 1963 neminem
1424 1925 1516 1977 per
1552 1908 1693 1961 illam
1730 1908 1794 1961 ad
1830 1907 1995 1961 Deum
2036 1909 2333 1962 accedere:

760 2016 891 2069 ergo
946 2001 1321 2063 concluditur,
1366 2000 1523 2053 Iidem
1580 2012 1839 2062 vestram,
1871 2014 1903 2053 ο
1938 1998 2215 2079 Saraceni,
2262 2008 2335 2052 te»

763 2093 956 2146 nebras
990 2092 1169 2160 potius
1199 2092 1486 2146 dicendam
1534 2107 1694 2159 quam
1740 2094 1934 2166 lucem,
1968 2107 2031 2145 ac
2066 2093 2333 2145 nemiuem

762 2200 856 2253 per
900 2185 1068 2252 ipsam
1116 2185 1182 2238 ad
1216 2184 1383 2237 Deum
1433 2168 1710 2237 accedere.
1755 2183 1911 2248 Quod
1957 2184 2001 2237 si
2037 2185 2105 2237 ita
2135 2193 2237 2251 est,
2271 2200 2343 2245 ne,

761 2294 789 2330 a
824 2278 931 2331 Deo
961 2278 1177 2346 quidem
1208 2278 1330 2329 data
1362 2278 1491 2330 fuit:
1526 2287 1691 2344 tuque
1738 2285 1940 2352 temere
1978 2276 2047 2329 de
2083 2277 2183 2343 hac
2214 2276 2333 2331 falsi

762 2370 998 2424 nominis
1030 2370 1132 2423 ﬁde
1164 2370 1265 2433 vel,
1296 2379 1352 2423 ut
1401 2370 1579 2423 verius
1624 2370 1823 2433 dicam,
1857 2369 2193 2432 inﬁdelitate,
2222 2370 2337 2438 glo-

761 2463 922 2517 riaris
965 2472 1020 2514 et
1069 2462 1349 2516 extolleris
1383 2462 1649 2530 nobisque
1692 2462 2026 2528 obloqueris.
2067 2462 2332 2535 Quendam

760 2570 893 2608 vero
958 2564 1141 2609 nostra
1208 2555 1341 2607 lides
1385 2554 1718 2608 contrarium
1773 2564 1965 2606 vestra:
2000 2553 2333 2622 praescribit;

763 2662 887 2698 nam
949 2646 1123 2699 vestra
1183 2646 1480 2707 luxuriam,
1518 2656 1702 2701 nostra
1761 2645 2117 2713 pudicitiam;
2158 2655 2336 2699 vestra

762 2737 1076 2806 ingluviem,
1115 2746 1299 2789 nostra
1334 2737 1789 2805 temperantiam;
1829 2740 2007 2805 vestra
2041 2736 2334 2800 luxuriam,

764 2840 950 2883 nostra
978 2830 1398 2899 ingenuitatem;
1424 2845 1493 2909 en
1520 2830 1946 2885 demonstratum
1972 2829 2071 2883 fuit
2102 2840 2335 2909 vestram

762 2936 883 2973 esse
933 2937 1152 2989 pravam
1198 2929 1251 2973 et
1292 2906 1535 2983 noxiam,
1569 2937 1751 2991 neque
1792 2918 1903 2975 Deo
1933 2906 2335 2987 conciliantem‘,

763 3008 1045 3082 propterea
1078 3014 1223 3082 quod
1279 3014 1454 3068 brutis
1502 3014 1683 3082 potius
1734 3014 2142 3069 communicare
2187 3014 2336 3069 facit.

763 3106 1115 3174 Exploratum
1142 3100 1224 3160 est
1257 3106 1461 3173 itaque,
1488 3099 1729 3160 nestr'am
1768 3106 1965 3159 bonam
1997 3122 2118 3161 esse
2149 3116 2203 3161 et
2231 3108 2359 3162 uti--

763 3198 891 3262 lem,
926 3210 980 3252 et
1016 3197 1106 3252 Dei
1150 3215 1249 3254 nos
1293 3198 1587 3253 familiares
1621 3199 1964 3273 ellicientem,
2002 3200 2128 3267 quia
2162 3200 2339 3254 homi-

764 3306 862 3344 nes
917 3291 982 3344 ad
1044 3292 1361 3361 angelorum
1401 3293 1766 3345 conditionem
1820 3278 2063 3353 extollit:
2110 3293 2340 3361 ideoque

764 3392 1057 3449 possumus
1110 3382 1445 3436 conﬁdenter
1503 3382 1707 3443 dicere,
1752 3373 1953 3453 nullam
2000 3398 2122 3436 esse
2181 3371 2336 3435 ﬁdem

765 3485 957 3542 praeter
1010 3484 1251 3529 nostram
1295 3475 1388 3543 qui
1440 3474 1736 3527 Christiani
1785 3462 1999 3538 sumus,
2048 3475 2205 3543 cujus
2240 3490 2379 3543 ope,

765 3577 940 3634 potest
989 3567 1264 3636 quispiam
1319 3566 1429 3620 Deo
1474 3567 1864 3635 propinquare,
1900 3582 2197 3635 verumque
2245 3567 2344 3621 bo-

766 3674 893 3711 num
922 3660 1269 3727 participare.
1289 3659 1467 3726 Atque
1485 3658 1749 3725 hactenus
1766 3659 1829 3712 de
1848 3665 2025 3712 vestra
2050 3666 2345 3727 nostraque

766 3749 870 3803 lide
903 3751 1036 3804 satis
1070 3749 1275 3817 dictum
1330 3748 1421 3802 sit.

832 3841 887 3895 9.
928 3840 1095 3894 Paulo
1161 3850 1341 3907 autem
1408 3830 1750 3908 progressus,
1808 3838 2100 3894 ostendere
2136 3839 2342 3893 'niteris

765 3932 1038 3985 hominem
1072 3946 1413 3999 nequaquam
1442 3932 1506 3982 ad
1540 3931 1626 3982 Dei
1662 3931 1949 3999 imaginem
1988 3946 2054 3983 ac
2091 3931 2345 3984 similitu»

763 4022 945 4075 dinem
996 4022 1165 4075 fuisse
1198 4032 1475 4085 creatum;
1502 4022 1577 4074 uti
1614 4037 1715 4075 nos
1763 4020 1963 4093 Moysis
2014 4022 2253 4076 historia:
2290 4031 2345 4075 et

764 4112 928 4164 rebus
957 4111 1086 4179 ipsis
1117 4110 1420 4174 credentes,
1449 4110 1515 4162 ad
1544 4121 1594 4164 te
1625 4111 1968 4178 scripsimus.
2003 4111 2181 4177 Quare
2218 4127 2341 4165 cum

763 4203 1011 4268 specioso
1043 4210 1302 4270 praetextu
1331 4202 1411 4257 sic
1456 4192 1661 4255 videris"
1694 4202 1934 4256 scribere
1970 4220 1981 4254 :
2014 4222 2031 4252 ‹
2075 4201 2216 4255 Deus
2258 4203 2343 4255 in-

762 4294 1087 4347 enarrabilis
1159 4304 1264 4355 est,
1322 4293 2339 4372 ἰιιιίρίίιιίιιξίἰε,ΙἰιιροιιιρωίιειιδῆιιίΙίε.

765 4388 990 4454 Semper
1022 4387 1167 4439 enim
1223 4385 1323 4439 fuit
1362 4386 1533 4447 Deus,
1583 4402 1849 4455 nemoque
1908 4376 2105 4440 sitiiilis
2154 4387 2203 4439 ei
2238 4398 2342 4441 est.

764 4476 896 4529 Nam
928 4477 1189 4531 celsitudo
1215 4476 1334 4545 ejus
1365 4477 1573 4530 inlinita
1606 4478 1711 4538 εει,
1747 4478 1902 4547 isque
1935 4478 2143 4545 plasma
2179 4493 2340 4531 suum

2440 626 2599 689 ζώοις
2628 626 3005 679 ἐπικοινωνεῖ·
3057 627 3150 679 καὶ
3190 625 3347 677 τοῦτο
3399 627 3569 678 ποιῶν
3609 626 3830 679 σπεύδει
3875 630 4023 679 ἁπο-

2438 719 2799 789 κτηνωθῆναι.
2853 719 2954 772 Διά
2987 736 3068 771 τοι
3098 717 3253 770 τοῦτο
3289 720 3380 771 καὶ
3413 721 3440 771 ό
3490 719 3827 787 προφητικδς
3855 720 4027 786 λόγος

2436 811 2528 863 τὸν
2556 813 2613 863 ὲν
2662 812 2769 872 τοῖς
2820 809 3018 861 πάθεσι
3066 808 3483 877 κυλινδούμενον
3540 810 3848 880 ἄνθρωπον,
3914 812 4026 877 ἀφ·-

2437 904 2789 971 ωμοιωμένον
2810 904 2920 965 τοῖς
2935 904 3189 971 κτήνεσιν
3216 896 3315 955 ὦδε
3343 900 3725 968 ἀποφαίνεταί
3762 903 4028 967 Ἀνθρω-

2436 1012 2551 1061 πος
2580 996 2649 1048 ἐν
2672 995 2807 1065 τιμῇ
2834 996 2918 1048 ὢν
2948 997 3019 1049 οὐ
3042 994 3277 1063 συνῆκε
3299 1012 3314 1026 ο
3351 993 3862 1063 παρασυνεᾶιήθη
3892 994 4026 1059 τοῖς

2437 1088 2688 1154 κτήνεσι
2713 1090 2839 1155 τοῖς
2860 1087 3158 1153 ἀνοήτοις,
3212 1089 3307 1141 καὶ
3336 1089 3605 1156 ὡμοιώθη
3634 1088 3860 1153 αὐτοῖς.

2506 1177 2576 1248 η’.
2620 1179 2773 1231 Ἐπεὶ
2797 1178 2892 1231 οῦν
2937 1180 2971 1249 ἡ
3004 1179 3249 1249 ὑμετέρα
3287 1178 3470 1240 πίστις
3498 1178 3898 1245 ἐπαγγέλλεται
3926 1178 4029 1239 καὶ

2436 1270 2826 1341 πριισθεσπίζει
2843 1269 2935 1322 τὸν
2955 1270 3254 1321 ἀκόλαστον
3288 1268 3421 1337 βίον,
3448 1271 3541 1320 καὶ
3571 1269 3678 1320 τῶν
3704 1268 3893 1322 παθῶν
3921 1270 4028 1336 τὴν

2435 1364 2661 1433 αὔξησιν
2694 1364 2788 1415 καὶ
2809 1362 3189 1432 ἐπικράτειαν,
3226 1362 3373 1431 ἢπερ
3405 1360 3500 1412 τοῦ
3533 1358 3713 1427 λόγου,
3758 1362 3855 1411 ’καὶ
3880 1360 4026 1427 «pq;

2434 1462 2503 1511 τὰ
2535 1462 2701 1529 χείρω
2732 1457 3019 1525 κεχηνέναι
3046 1454 3172 1515 τοὺς
3196 1453 3518 1521 ἀνθρώπους
3543 1452 3837 1521 προσωθεῖ,
3862 1449 4028 1502 τοῦτο

2435 1550 2495 1602 δέ
2523 1553 2639 1602 ἐστι
2657 1547 2717 1601 τὸ
2743 1549 2807 1600 ὲκ
2836 1546 2943 1605 τῶν
2977 1546 3119 1598 κατὰ
3160 1543 3325 1613 φύσιν
3371 1543 3465 1596 καὶ
3510 1542 3807 1611 ὑπερφυῶν
3830 1542 3924 1593 ἐπὶ
3954 1542 4028 1592 τά

2436 1642 2586 1710 παρὰ
2618 1640 2780 1710 φύσιν
2812 1638 2939 1699 τοὺς
2966 1636 3286 1708 ἀνθρώπους
3314 1636 3633 1705 κατασπᾷν·
3670 1634 4028 1702 ὡμολόγηται

2435 1736 2490 1788 δὲ
2518 1736 2650 1803 ἡμῖν
2678 1734 2760 1786 ὅτι
2786 1728 2852 1803 ἦς
2881 1732 2947 1784 τά
2977 1728 3347 1799 θεσπιζόμενα
3392 1728 3620 1781 τοιαῦτα
3670 1726 4025 1791 καθίσταται,

2441 1822 2678 1895 βλαϐερά
2694 1825 2811 1874 ὲστι
2845 1824 2939 1874 καὶ
2961 1820 3316 1891 δύσχρηστος,
3342 1821 3438 1871 καὶ
3455 1818 3628 1880 οὐδεὶς
3649 1817 3717 1870 δι’
3751 1816 3925 1883 αὐτῆς
3946 1818 4030 1867 οἰ-

2440 1914 2848 1984 κειοῦταιΘεῷν
2887 1914 3179 1981 συνάγεται
3209 1912 3317 1984 ἄρα
3347 1912 3430 1964 ὅτι
3457 1911 3489 1979 ή
3520 1910 3759 1979 ὑμετέρα
3781 1908 3889 1960 τῶν
3916 1909 4026 1960 Σα-

2441 2010 2694 2083 ρακηνῶν
2719 2008 2920 2072 πίστις,
2957 2008 3145 2070 σκότος
3179 2005 3380 2076 μᾶλλον
3407 2005 3550 2073 ἢπερ
3573 2002 3708 2071 φῶς,
3728 2004 3823 2055 καὶ
3846 2001 4030 2063 οὐδεὶς

2380 2132 2389 2143 ιη
2438 2104 2505 2155 δι’
2538 2102 2706 2169 αὐτῆς
2729 2101 2807 2173 τῷ
2835 2100 2952 2168 Θεῷ
2980 2097 3273 2151 οἰκειοῦται
3292 2114 3308 2128 ο
3341 2098 3390 2150 εἰ
3423 2097 3481 2150 δὲ
3508 2096 3686 2161 τοῦτο,
3721 2096 3844 2150 οὐδὲ
3868 2097 4029 2165 παρά

2439 2192 2574 2245 Θεοῦ
2605 2192 2840 2256 δέδοται,
2864 2177 2996 2245 “xui
3040 2185 3225 2260 ’μάτην
3277 2189 3369 2241 επὶ
3396 2188 3503 2258 *τὴν
3542 2188 3895 2258 ψευδώνυμον
3929 2189 4027 2240 πί·-

2440 2306 2577 2351 στιν,
2627 2287 2829 2357 μᾶλλον
2855 2285 2935 2346 δὲ.
2993 2286 3040 2336 εἰ
3084 2282 3193 2353 χρὴ
3248 2280 3482 2352 τάληθὲς
3531 2283 3731 2353 εἰπεῖν,
3760 2280 4030 2332 ἀπιστίαν

2441 2377 2654 2444 ἐπαυχῇ
2680 2376 2773 2425 καὶ
2795 2372 3002 2443 ὲπαίρῃ
3029 2374 3123 2424 κα).
3158 2372 3305 2439 ἡμᾶς
3346 2369 3655 2440 προσκαλῇ.
3710 2368 3933 2438 Ἐπειδὴ
3970 2369 4031 2421 δὲ

2440 2469 2534 2520 καὶ
2562 2470 2591 2535 ἡ
2626 2466 2867 2535 ἡμετέρα
2889 2465 3091 2527 πίστις,
3109 2464 3169 2515 τὸ
3192 2464 3435 2516 ἐναντίον
3456 2463 3555 2535 τῆς
3567 2462 3838 2531 ὑμετέρας
3852 2464 4034 2527 ἐπαγ-

2439 2559 2710 2627 γέλλεται,
2744 2557 2928 2623 ἐκείνη
2970 2556 3067 2625 μὲν
3086 2556 3407 2615 ἀκολασίαν,
3455 2554 3594 2625 αὕτη
3618 2553 3985 2622 σωφροσύνην
4015 2570 4032 2584 ο

2442 2652 2623 2720 ἐκείνη
2644 2647 3107 2718 γαστριμαργίαν,
3126 2645 3263 2716 αῦτη
3293 2646 3621 2715 ἐγκράτειαν
3647 2663 3659 2675 ο
3689 2646 3871 2713 ἐκείνη
3890 2649 4038 2696 ἀσω-

2439 2744 2579 2805 τίαν,
2594 2741 2730 2809 αῦτη
2755 2739 3189 2808 ἐλευθεριότητα,
3203 2737 3469 2789 δέδεικται
3482 2737 3537 2789 δὲ
3553 2736 3735 2804 ἐκείνη
3756 2736 4039 2805 ἄχρηστος

2441 2836 2533 2887 καὶ
2552 2833 2789 2902 βλαϐερά
2822 2832 2913 2883 καὶ
2943 2830 3004 2881 οὐ
3034 2828 3155 2897 Θεῷ
3201 2828 3501 2897 οἰκειοῦσα,
3536 2827 3627 2880 διά
3654 2828 3715 2879 τὸ
3763 2830 3877 2889 τοῖς
3906 2827 4039 2879 ἀλό-

2440 2942 2559 2995 γοις
2587 2925 2789 2993 μᾶλλον
2827 2925 3101 2977 κοινωνεῖν
3137 2921 3655 2991 παρασκευάζουσα,
3686 2920 3925 2988 φανερὸν
3948 2921 4039 2971 ὅτι

2440 3021 2473 3088 ἡ
2500 3018 2744 3089 ἡμετέρα
2774 3012 3073 3088 εὔχρηστος
3092 3015 3185 3067 καὶ
3212 3012 3488 3081 ὠφέλιμος
3512 3013 3604 3064 καὶ
3638 3006 3759 3079 Θεῷ
3794 3011 4040 3063 οἰκειοῦ-

2443 3130 2532 3177 σα,
2562 3111 2650 3163 διά
2677 3111 2738 3162 τὸ
2759 3111 2884 3171 τοὺς
2904 3107 3227 3177 ἀνθρώπους
3258 3102 3461 3175 μᾶλλον
3492 3106 3605 3167 τοῖς
3630 3104 3888 3171 ἀγγέλοις
3918 3106 4041 3154 ἑπι-

2366 3249 2408 3306 c
2444 3207 2734 3258 συνάπτειν
2761 3218 2774 3231 ⁸
2807 3201 2888 3253 διδ
2920 3200 3120 3270 μᾶλλον
3173 3201 3304 3268 ἡμῖν
3340 3199 3486 3251 ἐστιν
3518 3197 3805 3267 ἀραρότως
3860 3195 4041 3263 φθέγ-

2445 3298 2637 3365 γεσθαι
2658 3336 2671 3355 ,
2705 3296 2787 3346 ὅτι
2830 3286 2928 3346 οὗκ
2959 3293 3073 3345 ἐστι
3097 3292 3280 3351 πίστις
3310 3290 3460 3359 παρά
3491 3291 3589 3359 τὴν
3621 3289 3897 3358 ἡμετέραν
3924 3289 4042 3340 τῶν

2447 3386 2808 3457 Χριστιανῶν,
2834 3385 2901 3438 δι’
2936 3379 3000 3454 ἧς
3022 3382 3248 3436 δύναταί
3278 3398 3361 3444 τις
3387 3380 3508 3450 Θεῷ
3532 3379 3905 3447 οἰκειωθῆναι,
3940 3382 4039 3431 καὶ

2444 3481 2553 3531 τῶν
2582 3478 2762 3531 καλῶν
2807 3478 2869 3529 ἐν
2916 3471 3182 3546 μετουσία
3222 3472 3501 3542 γενέσθαι.
3570 3473 3680 3526 Καὶ
3717 3470 3894 3523 ταῦτα
3937 3473 4043 3539 μὲν

2447 3571 2575 3641 περί
2608 3588 2667 3623 τε
2695 3569 2795 3639 τῆς
2829 3570 3100 3639 ὑμετέρας
3136 3567 3229 3620 παλ⁸
3285 3566 3557 3637 ἡμετέρας
3603 3564 3841 3627 πίστεως
3896 3567 4042 3617 ἀπο-

2448 3664 2705 3735 χρώντως
2726 3656 2827 3716 ὧδε
2853 3661 3113 3731 λελέχθω.

2517 3837 2583 3891 θ’.
2614 3836 2979 3908 Παρακατιὼν
3006 3835 3065 3888 δὲ
3100 3835 3297 3905 μικρὸν
3322 3835 3583 3903 πειρᾶσαι
3622 3832 3793 3898 δεῖξαι
3827 3832 3922 3883 τὸν
3944 3832 4041 3883 ἇν-

2446 3932 2664 4002 θρωπον
2698 3931 2773 3999 μὴ
2798 3932 2918 3981 κατ’
2946 3928 3130 3981 εἰκόνα
3158 3925 3293 3979 Θεοῦ
3323 3928 3416 3978 καὶ
3444 3926 3705 3994 ὁμοίωσιν
3729 3924 4042 3976 διαπεπλᾶ-

2446 4025 2590 4084 σθαι,
2627 4023 2700 4085 ὼς
2729 4024 2890 4090 ἡμεῖς
2920 4022 2986 4091 τῇ
3018 4019 3160 4073 κατά
3192 4018 3432 4072 Μωῦσέα
3476 4017 3691 4087 ἱστορία
3716 4018 3810 4069 καὶ
3837 4018 4038 4079 αὐτοῖς

2444 4118 2555 4179 τοῖς
2596 4115 2883 4185 πράγμασι
2916 4112 3229 4182 πειθόμενοι
3260 4111 3397 4179 πρὸς
3432 4111 3491 4162 σὲ
3533 4110 3928 4179 γεγράφαμενο
3958 4111 4047 4162 διὸ

2445 4211 2539 4262 καὶ
2568 4209 2685 4278 μετ’
2707 4206 2943 4274 εὐλόγου
2971 4207 3151 4267 αἰτίας
3200 4204 3380 4265 δοκεῖς
3407 4202 3643 4273 γράφειν
3671 4200 3846 4264 οὕτως
3874 4222 3886 4231 ·
3929 4221 3950 4252 ι
3976 4205 4038 4253 '0

2444 4300 2577 4361 Θεὸς
2606 4282 2994 4365 ἀνεκδιήγητός
3034 4298 3150 4349 ἐστι
3194 4295 3291 4347 καὶ¹
3325 4294 3712 4363 ἀπεριόριστος
3741 4296 3838 4346 καὶ
3897 4297 4037 4348 ἀπε-

2448 4390 2737 4459 ρίληπτοςο
2795 4384 2883 4439 ἀεὶ
2925 4386 3037 4455 γάρ
3066 4381 3134 4456 ἦν
3160 4385 3188 4436 ό
3224 4384 3375 4446 Θεὸς,
3409 4378 3721 4452 καὶδμοιος
3752 4383 3904 4451 αὐτῷ
3932 4385 4040 4435 οὐκ

2444 4481 2511 4555 ἦν
2532 4501 2546 4514 ·
2574 4484 2634 4535 τὸ
2662 4484 2771 4552 γάρ
2796 4482 2927 4549 ὕψος
2954 4479 3117 4533 αὐτοῦ
3154 4480 3404 4548 ἀόριστόν
3430 4479 3579 4535 ἐστιν
3602 4492 3617 4508 ⁸
3650 4476 3709 4539 ὃς
3738 4476 3944 4529 ἔπλασε
3976 4479 4040 4529 τὸ

765 4569 892 4623 fecit
928 4568 1132 4635 absque
1164 4568 1270 4619 ulla
1304 4569 1388 4621 sui
1426 4568 1803 4621 similitudine.
1845 4588 1862 4618 ι
1898 4568 1969 4621 Ex
2002 4585 2111 4637 quo
2140 4568 2338 4621 videris

2443 4577 2669 4644 πλάσμα
2726 4574 2888 4627 αὑτοῦ
2923 4574 3093 4643 χωρὶς
3122 4573 3223 4640 τῆς
3272 4558 3590 4640 ὁμοιότητος
3635 4569 3733 4636 τῆς
3768 4569 3905 4638 πρὸς
3934 4572 4038 4621 αὺ-

764 4662 1112 4725 eoncludere,
1147 4662 1420 4723 hominem
1457 4662 1597 4715 haud
1623 4660 1792 4714 fuisse
1818 4652 2061 4714 erra'lum
2097 4661 2161 4714 ad
2198 4662 2332 4714 ima-

762 4756 940 4821 ginem
988 4770 1051 4807 ac
1099 4755 1508 4808 similitudinem
1564 4740 1679 4807 Dei.
1739 4752 1871 4827 Nam
1916 4755 2039 4823 quia
2080 4755 2216 4807 Deus
2250 4756 2332 4806 in-

764 4847 1269 4915 comprehensibilis
1300 4857 1381 4901 est
1413 4859 1465 4899 et
1493 4848 1781 4900 invisibilis
1804 4856 1857 4899 et
1903 4848 2123 4907 similia,
2159 4848 2334 4899 nulla-

762 4953 866 5005 que
906 4952 991 4990 rcs
1040 4936 1089 4990 ei
1142 4937 1524 5005 comparabilis
1582 4948 1703 4999 est,
1760 4946 1905 5005 patet
1944 4953 2010 4990 ne
2059 4937 2332 4991 hominem

2440 4671 2530 4721 τόν
2554 4686 2568 4699 ι
2612 4686 2628 4717 ι
2663 4667 2736 4727 ὡς
2765 4665 3011 4718 ἐντεῦθεν
3048 4665 3223 4727 δοκεῖς
3256 4662 3533 4730 συνάγειν,
3567 4662 3654 4714 δτι
3680 4663 3708 4713 ό
3738 4660 4037 4731 ἄνθρωπος

2442 4762 2502 4812 οὑ
2535 4759 2839 4812 πέπλασται
2874 4758 2993 4809 κατ’
3025 4757 3207 4809 εἰκόνα
3261 4753 3396 4807 Θεοῦ
3429 4754 3524 4806 καὶ
3552 4750 3835 4822 ὁμοίωσιν.
3879 4753 4038 4804 Ἐπεὶ

2444 4851 2550 4919 γάρ
2583 4854 2609 4902 ὁ
2652 4847 3177 4922 Θεδςάπερίληπτός
3226 4848 3340 4898 ἐστι
3372 4846 3465 4896 καὶ
3488 4845 3718 4913 ἀόρατος
3754 4843 3850 4895 καὶ
3880 4844 4037 4911 ἀόρι-

2447 4957 2570 5003 στος
2600 4940 2694 4992 καὶ
2713 4940 2780 4991 τὰ
2813 4937 3190 5007 παραπλήσια,
3220 4936 3315 4987 καὶ
3345 4934 3497 4987 οὐδὲν
3522 4935 3629 4987 τῶν
3659 4934 3830 4985 ὄντων
3853 4934 4035 4986 ἔοικεν

762 5031 1004 5097 quidem,
1047 5029 1304 5097 quoniam
1352 5028 1491 5081 inter
1526 5044 1612 5081 res
1646 5029 1975 5082 exsistentes
2008 5038 2111 5093 est,
2148 5030 2214 5082 ad
2248 5028 2338 5082 Dei

2437 5033 2611 5100 αὐτῷ,
2642 5032 2799 5100 δῆλον
2828 5032 2909 5083 ὃτι
2940 5030 3061 5091 οὐδὲ
3087 5028 3115 5080 ό
3166 5029 3470 5097 ἄνθρωπος,
3523 5027 3708 5093 ἐπειδὴ
3741 5027 3834 5077 καὶ
3868 5027 4036 5087 αὑτός

763 5120 1051 5189 imaginem
1080 5136 1142 5174 ac
1167 5120 1577 5173 similitudinem
1611 5118 1836 5174 factum.
1871 5100 1992 5173 llaec
2022 5130 2150 5174 sunt
2182 5110 2341 5174 verba

765 5213 1000 5277 hominis
1030 5212 1137 5265 Deo
1166 5213 1335 5281 legem
1368 5213 1661 5266 Statuentis
1684 5213 1913 5280 ejusque
1938 5212 2336 5272 creationibus.

766 5304 899 5357 nihil
952 5313 1126 5358 tamen
1164 5322 1347 5359 verum
1380 5308 1629 5361 dicentis.
1658 5306 1906 5360 Profecto
1943 5308 1985 5361 si
2043 5323 2164 5372 nos,
2207 5307 2335 5373 dum

765 5397 1039 5449 hominem
1087 5399 1153 5451 ad
1220 5398 1312 5452 Dei
1365 5401 1648 5465 imaginem
1695 5417 1757 5453 ac
1801 5400 2217 5453 similitudinem
2256 5399 2338 5452 fa-

761 5496 911 5539 ctum
957 5488 1311 5553 allirmamus,
1350 5492 1670 5544 substantia:
1712 5492 2125 5544 similitudinem
2187 5491 2337 5544 diee-

764 5599 967 5646 remus,
1008 5599 1129 5652 qua:
1166 5596 1218 5639 et
1279 5585 1611 5648 iinlilIereus,
1652 5588 1759 5639 imo
1808 5590 2002 5651 eadem
2058 5603 2181 5641 cum
2231 5586 2338 5641 Deo

762 5684 942 5740 esset,
985 5686 1040 5729 et
1076 5692 1198 5729 ιιιοΧ
1257 5676 1421 5732 Deum
1464 5682 1845 5735 conﬁteremur
1890 5682 2332 5747 inenarrabilem,

833 5849 877 5881 δ’
904 5849 1044 5907 l’sal.
1088 5870 1271 5919 .\Lvtu,
1314 5856 1395 5909 15.

2443 5145 2497 5179 τι
2521 5126 2629 5178 τῶν
2659 5126 2827 5176 οντων
2868 5124 3045 5176 ἐστίν’
3103 5124 3151 5174 εἰ
3196 5122 3251 5173 δὲ
3288 5118 3468 5181 τοῦτο,
3520 5120 3640 5173 κατ’
3674 5120 3862 5171 εἰκόνα
3893 5118 4031 5171 Θεοῦ

2446 5220 2541 5272 καὶ
2579 5218 2837 5288 ὁμοίωσιν
2874 5217 2937 5269 οὐ
2991 5216 3301 5285 γεγένηται.
3366 5213 3549 5265 Ταῦτα
3610 5212 4031 5278 νομοθετοῦντός

2446 5313 2591 5363 ἐστιν
2617 5310 2711 5362 ἐπὶ
2740 5307 2874 5360 Θεοῦ
2903 5307 2996 5359 καὶ
3028 5306 3136 5358 τῶν
3166 5303 3330 5357 αὐτοῦ
3364 5304 3702 5371 κτισμάτων,
3738 5302 3798 5353 τὸ
3831 5301 4028 5370 ἀληθὲς

2387 5435 2399 5447 ο
2445 5404 2502 5457 δὲ
2527 5400 2773 5469 οὐδαμῶς
2796 5400 3067 5467 λέγοντος.
3101 5398 3192 5450 Διὸ
3237 5400 3285 5450 εἰ
3319 5398 3416 5462 μὲν
3447 5396 3537 5447 τὸν
3571 5394 3862 5462 ἄνθρωπον
3909 5392 4026 5443 κατ’

2446 5496 2629 5547 εἰκόνα
2661 5493 2796 5545 Θεοῦ
2826 5492 2917 5543 καὶ
2938 5491 3196 5560 ὁμοίωσιν
3214 5490 3379 5557 ἡμεῖς
3400 5487 3645 5553 λέγοντες
3674 5483 4028 5552 γεγενῆσθαι,

2449 5590 2547 5654 τὴν
2578 5587 2697 5639 κατ’
2736 5586 2924 5637 οὐσίαν
2951 5583 3210 5653 ὁμοίωσιν
3232 5580 3512 5649 ἐλέγομεν,
3538 5578 3662 5647 ἥτις
3685 5576 3747 5629 τὺ
3780 5576 4026 5645 ἀπαράλ-

2442 5681 2641 5734 λακτον
2672 5679 2765 5732 καὶ
2801 5675 2993 5729 ταυτὸν
3050 5675 3147 5743 τῆς
3176 5672 3367 5735 οὐσίας
3399 5670 3533 5740 πρὸς
3572 5669 3665 5721 τὸν
3693 5667 3830 5721 Θεὸν
3880 5666 4025 5736 ἐχει-
