4168 6450
161 361 263 425 8Ί3

1278 354 1710 418 REFUTATIO
1771 355 1930 413 ΜΟΙΙ
1950 353 2251 412 AMEDIS.

3300 350 3401 413 834

158 472 276 525 εἶτα
312 472 406 524 τὸν
441 470 575 523 Θεὸν
607 468 997 540 ὁμολογοῦντες
1036 468 1423 539 ἀνεκδιήγητον
1458 472 1550 522 καὶ
1602 470 1731 521 ἀπε-

1844 465 2200 526 indefinitum,
2270 460 2867 528 incomprclrensihilem
2930 468 2986 515 et
3052 458 3403 522 immensum,

159 566 431 633 ριόριστον
464 562 558 613 καὶ
588 562 973 629 ἀκατάληπτον
1012 560 1106 612 καὶ
1132 560 1380 630 ἄπειρον,
1438 560 1531 612 καὶ
1580 559 1730 610 οὐδὲν

154 656 261 708 τῶν
283 655 456 705 όντων
482 671 534 706 τι
565 652 826 714 τοιοῦτον,
852 652 992 721 τάχα
1025 651 1090 703 ἂν
1122 652 1201 713 είς
1227 650 1452 711 ἑαυτοὺς
1474 650 1730 718 περιεπε-

156 763 382 814 πτομεν,
414 748 507 797 καὶ
532 739 678 812 εῖχεν
702 742 919 810 εὔλογον
949 742 1010 794 τὸ
1058 742 1206 813 παρά
1236 740 1330 793 σοῦ
1365 741 1725 811 γραφόμενον.

164 839 319 889 Ἐπεὶ
358 836 413 888 δὲ
442 837 501 888 οὐ
544 836 640 902 τὴν
670 836 791 887 κατ’
822 834 1011 887 οὐσίαν
1043 832 1304 903 ὁμοίωσιν
1348 836 1406 886 ἐν
1440 832 1519 900 τῷ
1550 831 1730 897 λέγειν

154 932 297 997 ἡμᾶς
329 934 422 981 τόν
461 927 711 981 ἀνθωπον
762 926 882 979 κατ’
918 927 1105 980 εἰκόνα
1144 925 1281 978 Θεοῦ
1332 926 1426 979 καὶ
1473 924 1731 994 ὁμοίωσιν

148 1020 480 1089 γεγενῆσθαι
544 1018 989 1088 ἐκλαμϐάνομεν,
1051 1018 1187 1072 ἀλλά
1223 1018 1320 1088 τὴν
1357 1017 1417 1069 1:6
1466 1016 1729 1084 ἀνάλογον

150 1112 382 1178 ἔχουσαν
416 1112 551 1180 πρὸς
586 1110 740 1171 Θεὸν,
774 1111 806 1179 ἡ
838 1112 931 1162 καὶ
960 1110 1052 1161 ἐπὶ
1079 1109 1188 1161 τῶν
1220 1108 1534 1177 κτισμάτων
1565 1106 1729 1176 εὓρη-

149 1220 265 1267 ται,
311 1203 465 1255 οὐδὲν
489 1202 716 1265 ἀπεικὸς
755 1201 963 1255 ἔνεστιν
997 1204 1141 1271 ἡμᾶς
1170 1202 1425 1271 γράφειν,
1461 1201 1542 1253 ὃτι
1572 1200 1600 1252 6
1633 1199 1727 1251 ἀν-

148 1295 371 1363 θρωπος
393 1296 515 1347 κατ’
540 1294 723 1346 εἰκόνα
745 1294 881 1347 Θεοῦ
905 1294 999 1347 καὶ
1014 1294 1272 1362 ὁμοίωσιν
1298 1293 1603 1345 πέπλασται
1624 1290 1727 1361 (5).

149 1388 325 1440 Τοῦτο
349 1388 456 1457 γὰρ
488 1387 581 1440 καὶ
612 1387 787 1439 πείθει
812 1387 961 1456 ήμᾶς
997 1386 1278 1455 ὁμολογεῖν
1314 1385 1346 1453 ἠ
1388 1384 1531 1437 κατά
1564 1384 1730 1436 Μωῡ-

151 1475 253 1528 σέα
277 1476 378 1544 τῆς
405 1477 673 1543 γενέσεως
709 1474 803 1528 τοῦ
852 1476 1061 1547 κόσμου
1094 1474 1340 1543 ἱστορίαο
1372 1474 1453 1527 διὸ
1496 1473 1617 1526 κατ’
1652 1474 1729 1525 εί-

150 1568 286 1620 ιόνα
318 1568 418 1637 μέν
451 1578 653 1638 φαμεν,
691 1569 833 1621 κατά
862 1568 923 1620 1:6
950 1566 1208 1636 ἀρκτικόν
1244 1565 1341 1637 [ita
1378 1564 1521 1636 cod.]
1550 1582 1608 1617 τε
1636 1565 1729 1618 καὶ

149 1660 519 1723 αὐτεξούσιον.
561 1660 680 1712 Ἐτι
713 1677 775 1727 γε
827 1660 934 1730 μὴν
959 1660 1017 1711 ὲν
1044 1658 1120 1728 τῷ
1146 1659 1419 1728 ἀνθρώπῳ
1446 1656 1560 1710 ἔστι
1606 1658 1729 1722 νοῦς

1832 570 1956 613 cum
2012 558 2153 609 nulla
2210 558 2305 609 'res
2364 555 2630 607 exsistens
2678 553 2800 607 talis
2851 554 2939 616 sit,
2978 553 3250 606 nobismet
3300 553 3403 620 ipsi

1831 645 2353 703 contradiceremus,
2384 652 2437 695 et
2476 646 2619 710 quod
2649 653 2704 696 tu
2743 643 2939 696 scribis
2974 642 3248 695 videretur
3276 656 3405 710 pro-

1831 737 2029 792 babile.
2088 737 2244 790 Nunc
2294 735 2419 802 quia
2479 750 2581 787 non
2636 734 2955 788 substantia:
2993 733 3403 788 similitudinem

1832 828 2203 897 intcliigimus.
2242 841 2364 880 cum
2418 826 2690 878 hominem
2754 824 2818 878 ad
2875 824 2965 877 Dei
3009 825 3299 894 imaginem
3342 837 3406 875 ac

1831 918 2242 973 similitudinem
2298 913 2499 968 factum
2552 916 2804 977 dicitnus,
2856 914 2947 967 sed
3005 924 3182 979 potms
3218 915 3407 966 analo-

1833 1011 1977 1079 giam
2000 1026 2125 1077 erga
2156 1009 2349 1070 Deum,
2378 1023 2500 1076 qua:
2525 1008 2685 1059 etiam
2720 1008 2771 1060 in
2804 1006 3071 1060 creaturis
3096 1006 3402 1068 invenitur,

1832 1101 1965 1153 nihil
1997 1101 2260 1153 absonum
2300 1107 2404 1159 est,
2443 1111 2542 1150 nos
2581 1098 2819 1150 scribere
2859 1097 3132 1149 hominem
3170 1096 3237 1147 ad
3271 1096 3405 1148 ima-

1832 1194 2006 1263 ginem
2071 1192 2164 1244 Dei
2241 1206 2307 1245 ac
2373 1189 2788 1245 similitudinem
2855 1188 3023 1241 fuisse
3090 1186 3405 1241 formatum.

1832 1285 1982 1339 llanc
2032 1285 2179 1339 enim
2218 1282 2617 1337 confessionem
2666 1280 2824 1333 nobis
2875 1281 3066 1334 suadet
3096 1279 3296 1349 Moysis
3323 1279 3407 1331 hi-

1831 1378 1998 1431 storia
2030 1376 2097 1429 de
2128 1376 2311 1428 mundi
2349 1374 2553 1443 genesi.
2593 1372 2714 1425 Ideo
2738 1371 2804 1425 ad
2835 1371 3122 1436 imaginem
3148 1370 3405 1434 dicimus,

1830 1466 2133 1522 secundum
2176 1465 2395 1517 liberam
2456 1462 2793 1515 voluntatem
2840 1470 2894 1513 et
2916 1459 3223 1511 arbitrium.
3259 1457 3406 1511 Prac-

1832 1570 1977 1612 terea
2027 1558 2078 1609 in
2133 1557 2351 1609 homine
2408 1564 2491 1607 est
2549 1569 2722 1615 mens,
2766 1552 3006 1612 verbum,
3046 1566 3109 1603 ac
3161 1550 3407 1617 spiritus.

1832 1649 1982 1702 Mens
2023 1650 2262 1717 quidem,
2298 1646 2449 1700 verbi
2491 1644 2659 1698 nostri
2698 1644 2962 1712 genitrix:
2995 1642 3216 1696 verbum
3245 1651 3410 1695 men-

152 1751 247 1803 καὶ
299 1749 456 1817 λόγος
489 1751 585 1803 καὶ
616 1752 863 1822 πνεῦμω
914 1753 1007 1804 καὶ
1037 1753 1063 1803 6
1120 1750 1219 1820 μὲν
1270 1749 1417 1814 νοῦς,
1452 1752 1729 1821 γεννήτωρ

1834 1743 1900 1796 tis
1957 1744 2243 1811 genimen:
2279 1752 2333 1793 et
2375 1740 2600 1808 spiritus
2660 1754 2755 1806 per
2820 1736 3045 1790 verbum
3112 1734 3404 1804 profertur.

149 1840 273 1893 ἐστὶ
294 1842 389 1893 τοῦ
435 1843 492 1892 ἔν
538 1843 668 1911 ήμῖν
698 1842 891 1909 λόγου·
932 1844 959 1893 6
1010 1840 1066 1894 δὲ
1107 1841 1285 1907 λόγος,
1334 1839 1582 1909 γέννημά
1612 1842 1729 1892 ἐστι

150 1934 308 1996 νοός·
338 1934 433 1986 καὶ
482 1934 543 1987 τὸ
589 1935 805 2005 πνεῦμα
832 1935 921 1988 διὰ
951 1934 1044 1988 τοῦ
1084 1934 1243 2002 λόγου
1298 1934 1580 1988 ἐκδίδοται.
1622 1934 1733 1987 Καὶ

149 2025 343 2095 ὥσπερ
373 2025 494 2095 δίχα
525 2026 684 2095 λόγου
719 2027 843 2089 νοῦς
874 2027 1067 2093 ἄλογος
1102 2027 1200 2079 οὐκ
1226 2026 1392 2090 ἐστιν,
1415 2026 1558 2078 οὕτω
1587 2027 1679 2078 καὶ
1703 2026 1731 2077 6

150 2117 312 2184 λόγος
340 2118 462 2185 δίχα
498 2119 615 2181 νοὸς
641 2118 798 2182 άνους
825 2120 922 2188 οὐχ
969 2117 1218 2188 εὓρηται,
1243 2117 1357 2171 ἀλλ’
1382 2116 1497 2186 ἀμα
1530 2134 1732 2169 συνυπ-

150 2212 334 2280 άρχει,
369 2212 459 2261 καὶ
509 2211 569 2262 οὐ
610 2210 930 2280 προτερεύει
967 2211 1194 2281 θάτερος
1227 2210 1455 2279 θατέρου
1479 2227 1493 2242 ο
1530 2210 1730 2279 ὁμοίως

148 2300 206 2353 δὲ
236 2302 331 2353 καὶ
353 2303 383 2353 6
412 2302 585 2367 λόγος,
621 2302 749 2355 ἀνευ
783 2300 1093 2371 πνεύματος
1121 2302 1223 2354 οὐκ
1250 2299 1478 2365 ἔνεστιν,
1520 2301 1639 2353 οὐδὲ
1671 2300 1732 2353 τδ

152 2393 380 2462 πνεῦμα
410 2396 471 2447 τὸ
501 2395 581 2457 εἰς
621 2396 806 2466 φωνὴν
846 2394 1251 2463 έκτυπούμενον
1284 2392 1413 2446 ἀνευ
1443 2393 1621 2461 λόγου.

225 2505 281 2560 ι’.
338 2509 494 2559 Ἐπεὶ
541 2503 694 2578 οὗνή
746 2507 1068 2578 ὑπερούσιος
1128 2508 1221 2560 καὶ
1271 2507 1521 2569 ἀκτιστος
1551 2505 1728 2569 οὐσία,

148 2600 272 2669 ήτις
294 2601 442 2651 ἐστὶν
466 2601 493 2652 6
511 2598 663 2662 Θεὸς,
690 2602 746 2652 ὲν
778 2602 955 2671 τρισὶν
986 2600 1313 2652 ὑποστάσεσι
1338 2599 1644 2668 θεωρεῖται,
1672 2598 1731 2650 ἐν

147 2708 208 2746 τε
239 2692 318 2761 τῷ
354 2692 528 2763 Πατρί
564 2693 657 2745 καὶ
686 2692 763 2761 τῷ
782 2692 896 2762 Υἰῷ
928 2692 1021 2745 καὶ
1051 2693 1126 2762 τῷ
1156 2692 1431 2760 Πνεῦματι
1459 2692 1535 2761 τῷ
1567 2691 1726 2759 ἁγίῳ,

146 2782 226 2845 ὡς
250 2784 386 2853 ἡμῖν
407 2783 779 2836 ἀποδέδεικται
803 2785 896 2837 καὶ
919 2784 1095 2846 καλῶς
1131 2782 1465 2847 πιστεύεται,
1484 2782 1732 2850 ἀναλογεῖ

154 2875 253 2944 μὲν
289 2876 318 2925 ό
349 2875 471 2928 καθ’
500 2877 647 2944 ἡμᾶς
681 2875 824 2941 νοῦς,
860 2878 1140 2945 γεννήτωρ
1172 2874 1247 2927 ὣν
1274 2874 1365 2927 τοῦ
1396 2877 1451 2927 ἐν
1486 2876 1614 2944 ήμῖν
1644 2873 1729 2925 λό-

150 2985 274 3032 γου,
312 2966 391 3035 τῷ
412 2967 532 3036 Θεῷ
570 2968 661 3019 καὶ
702 2968 875 3037 Πατρὶ
906 2966 983 3036 τῷ
1008 2967 1193 3028 ἀῖδίως
1228 2968 1322 3019 καὶ
1356 2966 1599 3035 άχρόνως
1639 2964 1729 3017 τὸν

1838 1834 1902 1887 Ει
1934 1832 2390 1903 qnenmdmodum
2421 1832 2567 1884 nulla
2612 1844 2763 1884 mens
2812 1828 3144 1883 irrationalis
3172 1828 3407 1893 exsistit,

1834 1926 1884 1979 id
1934 1937 2037 1989 est,
2090 1926 2297 1993 absque
2343 1925 2545 1987 verbo;
2582 1922 2653 1976 ita
2702 1939 2768 1975 ne
2801 1922 3022 1975 verbum
3072 1920 3287 1988 quidem
3330 1918 3411 1972 ir-

1836 2020 2097 2072 rationale
2132 2020 2323 2080 ullmn,
2357 2019 2405 2070 id
2450 2028 2552 2079 est,
2599 2016 2716 2069 sine
2749 2023 2947 2077 mente,
2980 2013 3283 2067 invenitur:
3311 2011 3407 2066 sed

1833 2125 1939 2162 una
1971 2110 2333 2172 coexsistunt,
2355 2124 2528 2175 neque
2559 2106 2787 2158 alterum
2818 2104 2973 2157 alteri
3004 2100 3406 2156 antecedit.Sic

1830 2203 1992 2255 etiam
2046 2203 2265 2255 verbum
2308 2215 2428 2252 sine
2484 2199 2678 2267 spiritu
2722 2210 2829 2250 non
2855 2206 2977 2261 est,
3009 2210 3186 2263 neque
3244 2195 3407 2263 spiri-

1834 2302 1943 2359 tus,
1971 2295 2062 2362 qui
2096 2308 2228 2346 voce
2262 2290 2606 2360 exprimitur,
2631 2290 2749 2343 sine
2778 2288 2943 2342 verbo
2971 2295 3076 2341 est.

1906 2519 1993 2573 l0.
2024 2518 2290 2583 Quoniam
2318 2517 2497 2585 itaque
2528 2513 3072 2584 snpersubstantialis
3098 2525 3147 2567 et
3167 2512 3406 2567 increata

1833 2612 2162 2670 subst-mna.
2204 2609 2512 2677 cujusmodi
2552 2607 2693 2661 Deus
2725 2617 2830 2671 est,
2862 2608 2912 2661 in
2942 2605 3192 2676 persenis
3231 2604 3405 2658 tribus

1831 2709 2137 2769 Spectatur,
2194 2696 2351 2751 Patre
2404 2697 2675 2759 videlicet,
2712 2694 2885 2759 Filio,
2936 2703 2991 2747 et
3048 2692 3252 2761 Spiritu
3282 2704 3407 2744 san-

1830 2799 1940 2852 cto,
1995 2796 2051 2840 ut
2090 2789 2202 2855 jam
2257 2801 2356 2839 nos
2390 2785 2889 2839 demonstravimus
2940 2790 3196 2848 recteque
3230 2780 3411 2834 credi-

1831 2898 1953 2934 mus
1986 2898 2000 2945 ;
2032 2890 2216 2933 nostra
2248 2877 2467 2947 quidem
2509 2892 2684 2942 tuens,
2734 2875 2883 2929 verbi
2927 2874 3073 2943 quod
3112 2873 3251 2925 intra
3308 2884 3409 2926 nos

1830 2981 1913 3025 est
1948 2972 2178 3041 genitrix
2206 3011 2221 3034 ,
2265 2970 2568 3038 analogiam
2627 2968 2791 3023 habet
2830 2966 2895 3020 ad
2950 2966 3117 3020 Deum
3168 2963 3407 3026 Patrem,

151 3055 352 3107 ἑαυτοῦ
394 3056 515 3108 Υἰὸν
554 3057 910 3127 γεννήσαντι·
941 3060 968 3110 6
993 3057 1048 3109 δὲ
1081 3056 1235 3124 λόγος
1264 3058 1292 3109 6
1326 3058 1383 3109 ὲν
1419 3058 1566 3125 ἡμῖν,
1609 3056 1729 3124 γέν-

1834 3064 1923 3134 qui
1958 3063 2408 3127 sempiternaliter
2433 3071 2485 3115 et
2527 3059 2956 3129 intemporaliter
2994 3056 3189 3109 Filium
3242 3068 3404 3109 suum

150 3161 303 3216 νημα
340 3147 417 3200 ὢν
464 3148 557 3201 τοῦ
596 3151 651 3200 ὲν
672 3150 804 3217 ἡμῖν
835 3149 974 3215 νοὸς,
1003 3148 1357 3218 ἀναλογεῖτῷ
1387 3148 1449 3199 ἐκ
1468 3144 1560 3198 τοῦ
1593 3146 1727 3197 Θεοῦ

1834 3155 2031 3225 genuit.
2062 3153 2298 3208 Verbum
2340 3162 2556 3215 autem,
2592 3150 2736 3219 quod
2797 3149 2937 3201 intra
2989 3162 3087 3200 nos
3120 3153 3225 3207 est,
3275 3157 3409 3195 aua-

152 3238 437 3309 ἀρεύστωξ
472 3241 565 3291 καὶ
586 3240 813 3303 ἀπαθῶς
849 3240 1158 3309 γεννηθέντι
1190 3240 1301 3310 Υἰῴ
1323 3240 1419 3292 καὶ
1448 3237 1566 3308 Θεῷ
1597 3238 1730 3309 dir)—

153 3330 287 3399 θινῴ
308 3330 421 3382 δντι
442 3347 456 3359 ο
496 3330 554 3383 τὸ
581 3331 637 3384 δὲ
660 3334 718 3384 ὲν
738 3334 871 3401 ἡμῖν
898 3332 1139 3402 Πνεῦμα,
1158 3332 1235 3402 τῷ
1263 3332 1538 3399 Πνεύματι
1568 3329 1726 3399 ἁγίῳ,

153 3420 228 3488 τῷ
270 3422 336 3472 ὲκ
373 3421 583 3492 [ἰατρὸς
616 3422 717 3491 μὲν
743 3424 1183 3492 ἐκπορευομένῳ,
1216 3424 1310 3476 καὶ
1356 3423 1426 3475 δι’
1462 3422 1589 3473 Υίὸν
1616 3423 1729 3484 τοῖς

150 3509 308 3564 οὖσιν
360 3513 671 3582 ἐκχεομένῳ
714 3515 806 3566 καὶ
843 3513 1229 3584 διαδιδομένῳ·
1279 3516 1372 3568 καὶ
1402 3512 1544 3567 κατὰ
1574 3510 1732 3563 τοῦτο

156 3602 320 3656 πάλιν
353 3602 568 3669 λέγεται
592 3604 621 3656 6
650 3604 934 3675 ἄνθρωπος
962 3607 1082 3659 κατ’
1110 3606 1295 3659 εἰκόνα
1326 3604 1462 3658 Θεοῦ
1518 3603 1731 3656 πεπλᾶ·

157 3696 317 3747 σθαιο
370 3695 493 3748 καθ’
517 3696 774 3766 ὁμοίωσιν
814 3698 867 3750 δὲ
900 3697 1060 3750 πάλιν
1106 3698 1281 3766 φαμὲν
1327 3696 1419 3748 τὸν
1448 3695 1732 3765 ἄνθρωπον

153 3784 293 3836 Θεοῦ
344 3785 690 3855 γεγενῆσθαι,
731 3786 818 3838 διά
874 3787 974 3856 τὴν
1012 3786 1119 3838 τῶν
1162 3786 1374 3855 ἀρετῶν
1431 3784 1728 3847 τελείωσιν,

156 3877 252 3929 καὶ
292 3877 399 3928 τῶν
432 3878 651 3945 ἀγαθῶν
702 3878 799 3949 τὴν
843 3879 1132 3947 μετουσίαν
1153 3894 1165 3907 ·
1200 3878 1387 3947 ἐπειδὴ
1418 3878 1593 3930 πάντα
1629 3876 1730 3928 ὅσα

156 3966 394 4037 πρώτως
423 3970 516 4020 καὶ
533 3969 785 4031 ἀναιτίως
813 3969 1193 4040 ήδημιουργὺς
1220 3970 1387 4033 αἰτία,
1423 3968 1556 4037 ὅπερ
1584 3967 1733 4018 ἐστὶν

150 4059 184 4109 6
216 4056 377 4119 Θεὸς,
407 4056 579 4109 ταῦτα
610 4058 877 4126 δευτέρως
915 4060 1007 4109 καὶ
1040 4055 1317 4125 μεθεκτῶς
1348 4058 1444 4108 καὶ
1475 4056 1735 4116 αἰτιατὼς

154 4150 182 4200 ὁ
220 4148 544 4217 ἄνθρωπος·
598 4144 709 4201 οἶόν
754 4151 869 4202 ἐστι
908 4150 968 4201 τὸ
1001 4148 1214 4219 πρῶτον
1242 4150 1334 4199 καὶ
1387 4145 1733 4216 ὑπερούσιον,

158 4237 301 4307 ζωὴ,
337 4237 473 4304 φῶς,
502 4238 684 4305 σοφὸς,
731 4237 976 4302 δυνατὸς,
1010 4237 1236 4305 ἀγαθὸς,
1262 4239 1456 4305 πρᾶος,
1490 4236 1695 4297 δίκαιος
1718 4250 1732 4266 ·

1826 3245 2022 3314 logiam
2057 3247 2215 3299 habet
2242 3246 2306 3296 ad
2343 3244 2512 3305 illum,
2544 3243 2634 3310 qui
2673 3256 2735 3293 ex
2773 3240 2883 3293 Deo
2917 3238 3077 3292 Patre
3116 3238 3234 3292 sine
3260 3236 3407 3290 ﬂuxu

1827 3346 1880 3393 et
1911 3335 2161 3404 passione
2190 3342 2477 3403 generatus
2512 3332 2611 3385 fuit
2669 3329 2839 3383 Filius
2888 3329 3026 3383 Deus
3072 3344 3251 3382 verus.
3281 3328 3409 3397 Spi-

1830 3428 1967 3480 ritus
1995 3424 2227 3491 denique
2260 3432 2442 3475 noster
2469 3420 2774 3486 analogiam
2827 3420 2984 3471 habet
3038 3420 3102 3471 ad
3154 3431 3407 3474 sanctum

1833 3517 2115 3590 Spiritum,
2148 3516 2298 3584 quia
2348 3514 2507 3567 Patre
2558 3512 2819 3582 procedit,
2854 3521 2906 3564 et
2964 3526 3058 3578 per
3106 3510 3303 3565 Filium
3356 3516 3410 3567 in

1830 3620 2107 3665 creaturas
2134 3608 2423 3659 u‘i‘unditur
2477 3622 2539 3659 ac
2576 3606 2863 3658 diribetnr.
2903 3603 3212 3657 Secundum
3260 3605 3407 3668 Inec,

1832 3701 2075 3766 inquam,
2123 3698 2286 3747 homo
2341 3696 2539 3748 dicitur
2565 3698 2630 3747 ad
2664 3695 2954 3762 imaginem
2985 3695 3075 3747 Dei
3106 3694 3399 3749 formatus.

1830 3789 1908 3843 Ad
1952 3787 2359 3842 similitudinem
2418 3797 2676 3854 praeterea
2725 3786 2957 3839 dicimus
2991 3785 3081 3837 Dei
3123 3786 3401 3841 hominem

1833 3881 2031 3935 factum
2103 3890 2320 3949 propter
2371 3880 2630 3932 virtutum
2671 3878 3003 3941 exercitium,
3044 3886 3097 3930 et
3146 3878 3410 3932 honorum

1832 3972 2297 4040 participationem
2326 3988 2338 4022 :
2383 3972 2505 4040 quia
2540 3987 2656 4040 qn:e
2709 3972 2961 4038 primitus
2991 3979 3044 4022 et
3079 3984 3183 4020 non
3216 3984 3412 4022 causa-

1836 4065 1954 4116 liter
2008 4063 2166 4115 habet
2209 4077 2375 4114 causa
2436 4062 2690 4123 creatrix,
2743 4060 2791 4112 id
2845 4070 2947 4121 est,
3005 4059 3163 4121 Deus.
3221 4060 3411 4113 eadem

1838 4155 2077 4211 secundo
2144 4160 2195 4204 ct
2252 4152 2513 4221 partiario
2563 4163 2617 4204 et
2668 4151 2955 4205 causaliter
3018 4151 3178 4203 habet
3226 4150 3413 4204 homo.

1836 4244 2038 4313 Nempe
2075 4244 2214 4297 Deus
2252 4241 2620 4312 primigenios
2650 4250 2732 4296 est
2762 4253 2814 4296 et
2846 4244 3413 4310 supersubstantialis,

157 4327 310 4380 ἐστιν
338 4330 433 4381 καὶ
457 4323 613 4390 οὗτος
645 4330 829 4399 σοφὸς,
876 4332 970 4381 καὶ
1000 4328 1148 4400 ζωὴ,
1208 4328 1301 4381 καὶ
1345 4328 1591 4390 δυνατδς,
1643 4326 1731 4378 καὶ

1837 4335 1944 4389 vita
1971 4374 1986 4397 ,
2020 4335 2135 4399 lux,
2193 4334 2434 4401 sapiens,
2478 4343 2693 4402 potens,
2750 4334 2950 4397 bonus,
3016 4334 3183 4399 mitis,
3212 4335 3415 4403 justus.

158 4421 388 4489 ἀγαθὸς,
422 4421 518 4474 καὶ
551 4423 746 4491 πρᾶος,
796 4423 889 4475 καὶ
939 4422 1146 4484 δίκαιος
1176 4424 1203 4475 ὁ
1247 4421 1561 4491 ἄνθρωπος’
1598 4420 1731 4474 ἀλλά

1840 4428 1932 4482 Est
2002 4442 2130 4479 vero
2173 4435 2227 4479 et
2256 4426 2418 4479 homo
2475 4426 2713 4492 sapiens,
2767 4424 2900 4483 vita.
2961 4434 3176 4493 potens,
3220 4426 3416 4490 bonus,

160 4512 323 4580 φύσει
362 4512 461 4579 μὲν
486 4514 513 4564 6
542 4512 672 4573 Θεὸς
703 4514 796 4565 καὶ
830 4511 1120 4573 οὐσιωόῶς,
1172 4510 1319 4563 θέσει
1352 4511 1407 4563 δὲ
1436 4513 1529 4563 καὶ
1558 4511 1731 4579 χάριτι

1841 4516 2006 4575 mitis,
2035 4515 2215 4583 justus
2248 4532 2263 4579 ;
2297 4515 2390 4567 sed
2446 4512 2764 4565 naturaliter
2794 4511 3012 4579 quidem
3056 4524 3119 4563 ac
3164 4511 3423 4565 substan-

161 4606 254 4656 καὶ
287 4604 632 4665 ὲπουσιωδὼς
683 4606 711 4655 ό
761 4604 1067 4676 ἄνθρωπος.
1102 4605 1162 4656 Εἰ
1208 4604 1264 4657 δὲ
1299 4604 1478 4665 τοῦτο,
1512 4606 1731 4665 εἰκότως

1844 4607 2041 4660 tialiter
2067 4606 2189 4659 talis
2226 4616 2307 4658 est
2337 4604 2480 4657 Deus
2508 4620 2521 4667 ;
2551 4602 2845 4670 adoptione
2888 4610 3092 4663 autem,
3125 4610 3178 4653 et
3220 4604 3417 4671 gratia,

160 4697 286 4749 καθ’
319 4698 579 4763 ὁμοίωσιν
622 4695 716 4749 τοῦ
761 4696 897 4748 Θεοῦ
949 4697 1273 4765 γεγενῆσθαι
1329 4697 1420 4747 τὸν
1454 4694 1731 4765 ἄνθρωπόν

1840 4710 1891 4751 et
1929 4712 2034 4749 non
2066 4695 2449 4759 essentialiter,
2491 4695 2669 4746 homo.
2705 4691 2838 4757 Quae
2872 4707 2994 4744 cum
3023 4692 3093 4743 ita
3140 4691 3263 4755 sint,
3301 4708 3417 4745 me-

161 4808 220 4858 φ.
244 4806 369 4858 μεν,
392 4789 455 4841 τὸ
476 4788 534 4854 ἐξ
561 4788 910 4851 ἀνακλάσεως
940 4787 1037 4859 [ita
1068 4787 1234 4859 cod.],
1270 4788 1495 4858 ἔσχατον
1529 4789 1742 4857 ἀπήχη-

165 4900 239 4951 μα
267 4882 526 4950 φέροντα.
550 4881 656 4933 Καὶ
678 4880 824 4934 οὕτω
854 4881 1014 4935 πάλιν
1032 4880 1234 4950 ἠλίθιον
1260 4880 1491 4951 ἀνέφανε
1518 4881 1577 4934 τὸ
1595 4896 1666 4931 πα
1676 4878 1743 4948 ρὰ

165 4975 259 5028 σοῦ
285 4973 521 5043 γραφέν.

235 5160 328 5207 ια’.
360 5151 718 5206 Μεταὸαίνων
755 5151 812 5205 δὲ
848 5150 933 5205 ἐπ’
961 5150 1090 5206 ἀλλο
1126 5150 1234 5204 τῶν
1269 5151 1399 5219 παρ’
1430 5149 1586 5220 ήμῶν
1613 5166 1743 5219 γρα-

163 5248 397 5315 φέντων,
440 5247 531 5298 καὶ
556 5243 714 5297 τοῦτο
751 5243 1091 5315 πειρώμενος
1120 5246 1386 5314 ἀναιρεῖν,
1420 5244 1581 5296 πάλιν
1607 5242 1743 5313 γρά-

165 5354 315 5408 est:
359 5356 379 5389 ι
411 5337 734 5409 Θεωροῦμεν
761 5338 831 5391 τά
863 5337 979 5408 εῐδη
1012 5339 1123 5391 τῶν
1164 5337 1371 5406 θηρίων
1410 5337 1493 5390 ὅτι
1531 5339 1560 5390 6
1584 5339 1737 5405 ἰσχυο

168 5433 392 5501 ρότερος
415 5431 774 5485 ἐπανίσταται
823 5431 964 5485 κατά
991 5430 1087 5484 τοῦ
1122 5428 1539 5498 ἀσθενεστέρου,
1580 5430 1675 5482 καὶ
1710 5430 1739 5483 6

238 5632 319 5700 (5)
353 5630 433 5687 De
470 5631 692 5686 homine
728 5629 795 5684 ad
821 5628 1113 5700 imaginem
1136 5625 1228 5680 Dei
1259 5626 1493 5700 for_mato
1537 5625 1747 5700 infinita

167 5696 340 5775 prope
368 5702 625 5775 dixerunt
653 5702 703 5755 in
738 5696 1149 5775 commentariis
1189 5702 1302 5775 suis
1330 5696 1520 5775 Patres
1566 5696 1747 5775 Eccleo

170 5766 290 5840 me;
310 5782 363 5827 et
396 5772 616 5843 quidem
652 5771 925 5843 praecipue
958 5769 1284 5823 Anastasius
1331 5766 1565 5824 Sinaita.
1611 5766 1744 5834 Qui-

1842 4790 1950 4842 rito
1980 4803 2081 4841 nos
2136 4787 2371 4839 dicimus
2426 4785 2697 4838 hominem
2736 4785 2802 4836 ad
2868 4783 3275 4836 similitudinem
3326 4782 3418 4836 Dei

1844 4880 2069 4943 factum,
2109 4879 2182 4932 ita
2229 4889 2285 4931 ut
2317 4888 2559 4931 extrema
2593 4876 2756 4930 veluti
2821 4875 3254 4945 repercussionis
3283 4877 3422 4929 echo

1845 4971 1938 5026 sit.
1984 4971 2159 5038 Atque
2190 4969 2263 5022 ita
2296 4970 2475 5022 denuo
2509 4967 2661 5021 futile
2686 4968 3122 5021 demonstratum
3149 4975 3234 5019 est
3283 4965 3425 5021 scri-

1844 5073 1994 5132 ptum
2020 5071 2170 5114 tuum
2183 5101 2195 5113 .
3250 5060 3255 5071 ‘

1919 5154 2005 5206 ll.
2039 5152 2238 5206 Deinde
2275 5160 2352 5211 tu.
2384 5151 2449 5204 ad
2481 5151 2649 5204 alium
2690 5150 2856 5205 libelli
2889 5149 2994 5204 mei
3026 5149 3205 5203 locum
3240 5158 3421 5204 trans-

1846 5248 1985 5307 iens,
2032 5259 2266 5312 eumque
2311 5243 2665 5312 pessumdare
2698 5244 2916 5307 nitens,
2960 5257 3151 5296 rursus
3184 5240 3418 5295 scribis:

1856 5358 1875 5390 ι
1908 5338 2196 5392 Cernimus
2229 5338 2280 5390 in
2312 5335 2547 5390 ferarum
2592 5334 2896 5405 speciebus,
2920 5333 3197 5389 fortiorem
3240 5333 3423 5387 insur-

1847 5446 1975 5501 gere
2029 5438 2220 5485 contra
2265 5428 2619 5482 infirmiorem
2654 5466 2670 5493 ,
2718 5427 2978 5497 majorem
3034 5425 3296 5479 adversus
3319 5422 3425 5476 mi-

1865 5630 1967 5684 bus
2029 5643 2176 5681 nunc
2219 5625 2516 5695 praeclarus
2572 5634 2627 5683 et
2682 5632 2977 5695 peracutus
3007 5619 3287 5693 theologus
3322 5634 3423 5674 no-

1857 5711 1967 5756 ster
2004 5699 2214 5754 accedit
2253 5695 2491 5753 Nicetas.
