4168 6450
721 426 826 490 835

1961 422 2253 484 NICETE
2291 424 2694 483 BY7..\NTINI
3896 424 4005 484 8'36

722 555 933 604 norem,
968 541 1231 608 potiorem
1265 538 1528 592 adversus
1562 538 1908 591 deteriorem.
1954 538 2018 591 lit
2066 539 2168 588 illa:
2205 537 2301 587 bas

2419 535 2613 604 μείζων
2644 535 2785 588 κατὰ
2836 535 2930 586 τοῦ
2991 533 3306 594 ἐλάσσονος,
3343 533 3437 585 καὶ
3478 534 3505 585 ὀ
3541 534 3808 602 κρείττων
3858 539 4005 592 κατᾶ

722 646 1097 699 saepenumero
1156 630 1259 683 sibi
1306 632 1567 699 pabulum
1618 632 1821 683 faciunt
1861 646 1872 680 :
1915 630 2185 683 interdum
2246 639 2300 681 et

722 723 985 786 lacerant,
1058 724 1323 793 zelotypia
1369 723 1602 792 quadam
1640 739 1703 776 ex
1735 724 1971 790 ipsarum
2028 723 2300 776 cubilibus

726 816 993 884 pellemli,
1035 832 1052 865 ι
1088 824 1141 867 et
1182 817 1409 884 reliqua.
1464 814 1577 867 lloc
1622 815 1743 870 loco
1796 816 2048 882 ignorare
2101 813 2302 867 videris

724 907 1000 974 quomodo
1043 917 1367 974 argmneuta
1413 908 1642 975 [referri
1673 915 1941 975 oporteat,
1986 905 2067 957 vel
2122 920 2301 959 secus.

723 998 855 1050 Nam
889 1000 931 1051 si
966 1001 1109 1067 quod
1150 1014 1250 1051 nos
1283 999 1603 1065 scripsimus
1627 998 1693 1051 de
1718 998 1866 1049 omni
1891 995 2134 1055 animali.
2167 1010 2305 1064 qua-

724 1100 880 1142 tenus
908 1090 1238 1158 homogenea
1266 1100 1393 1142 sunt
1415 1091 1496 1142 vel
1528 1091 1903 1156 heterogeuea,
1933 1088 1981 1141 id
2014 1102 2117 1139 una
2139 1088 2303 1139 etiam

725 1182 1121 1251 ronversariet
1170 1183 1491 1249 congregari
1550 1182 1671 1236 illas
1718 1178 2050 1243 allirmaret,
2083 1186 2306 1247 propter

726 1283 971 1325 mutuam
1015 1274 1515 1335 mansuetudinem,
1575 1283 1628 1326 et
1671 1272 2060 1326 conservandae
2111 1270 2306 1324 salutis

726 1378 909 1414 curam
944 1379 959 1426 ;
1001 1372 1053 1414 tu
1083 1379 1209 1415 vero
1246 1365 1296 1417 in
1347 1364 1625 1417 nonnullis
1657 1363 1986 1416 animalibus
2022 1362 2161 1415 haud
2199 1361 2306 1414 tale

724 1468 848 1505 esse
882 1455 1207 1519 observasti,
1243 1456 1350 1509 imo
1380 1465 1434 1509 et
1483 1456 1843 1518 contrarium,
1883 1469 2075 1521 nempe
2114 1453 2307 1506 adver-

725 1542 836 1594 sari
866 1556 917 1598 et
950 1560 1139 1601 mutuo
1170 1548 1419 1608 lacerari,
1464 1560 1516 1600 et
1548 1549 1693 1616 quod
1724 1548 1959 1603 debilius
1992 1557 2075 1602 est
2114 1564 2142 1600 a
2170 1547 2305 1600 vali-

725 1642 878 1695 diore
941 1643 1211 1709 opprimi,
1265 1649 1318 1693 et
1378 1641 1621 1693 deterius
1668 1658 1694 1691 a
1738 1642 1977 1709 potiore,
2013 1656 2135 1710 qua:
2166 1650 2220 1693 tu
2251 1641 2304 1693 in

725 1735 929 1797 scripto
977 1742 1068 1783 tuo
1114 1732 1369 1799 posuisti,
1433 1734 1596 1785 veluti
1652 1734 1705 1785 lit
1749 1748 1777 1784 a
1821 1732 1976 1783 leone
2004 1772 2018 1795 ,
2073 1747 2222 1795 urso,
2256 1743 2309 1785 et

726 1824 999 1876 simililms
1046 1840 1059 1888 ;
1108 1839 1296 1893 posses
1384 1826 1633 1893 equidem
1688 1840 1997 1878 sermonem
2058 1836 2304 1879 nostrum

2408 629 2501 682 τοῦ
2531 629 2797 699 χείρονος,
2831 628 2926 680 καὶ
2972 626 3238 688 πολλάκις
3273 630 3509 679 ποιεῖται
3562 628 3767 698 τροφὴν
3792 631 3965 683 αὑτοῦ
3990 649 4003 660 ’

2409 723 2554 773 ἔστιν
2608 721 2695 772 ὅτε
2725 720 2818 773 καὶ
2848 717 3158 788 διαφθείρει
3188 717 3371 782 αὑτὸν,
3429 719 3728 786 ἀντιζηλῶν
3756 719 3850 773 τοῦ
3878 720 4009 773 διω-

2408 812 2603 880 χθῆναι
2627 812 2793 864 αὐτὸν
2831 813 2939 863 ἀπὸ
2965 810 3064 878 τῆς
3090 808 3281 876 κοίτης
3312 809 3478 860 αὖτοῦ
3499 848 3513 869 ο
3555 827 3572 859 ι
3606 811 3698 861 καὶ
3727 812 3796 861 ⁸ῐάι
3850 810 4004 877 ἑξῆς.

2422 900 2685 954 Ἐνταῦθα
2718 901 2897 964 δοκεῖς
2923 898 3259 969 ἠγνοηκέναι
3285 899 3383 960 τὰς
3413 899 3743 964 ἀποδείξεις,
3781 900 3898 961 πῶς
3925 901 4011 951 δεῖ

2410 995 2696 1061 προάγειν,
2728 992 2825 1045 καὶ
2873 994 2990 1056 πῶς
3020 993 3078 1044 ού
3119 991 3223 1047 δεῖ.
3268 991 3329 1043 Εἰ
3359 990 3457 1060 μὲν
3482 991 3590 1058 γὰρ
3617 991 3679 1042 τὸ
3709 990 3840 1057 παρ’
3871 991 4007 1059 ἡμῖν

2410 1087 2622 1155 γραφὲν
2655 1104 2719 1139 πε
2728 1088 2781 1157 ρὶ
2809 1087 3011 1148 παντὸς
3039 1086 3235 1153 ἀλόγου
3268 1083 3430 1148 ζώου,
3467 1084 3603 1155 πρός
3628 1101 3687 1135 τε
3714 1084 3773 1135 τὸ
3804 1086 4009 1153 ὁμογε-

2411 1177 2499 1238 νὲς
2540 1176 2572 1244 ἦ
2614 1178 2706 1231 καὶ⁸
2735 1179 3071 1248 ἑτερογενὲς,
3100 1178 3160 1229 τὸ
3189 1176 3572 1239 συναλίζεσθαί
3616 1193 3675 1228 τε
3717 1179 3815 1228 καὶ
3845 1176 4006 1228 ἐνού-

2416 1270 2539 1322 σθαι
2574 1269 2908 1338 ὑπισχνεῖτο,
2963 1268 3052 1321 διὰ
3086 1268 3188 1339 τὴν
3235 1266 3373 1337 πρὸς
3425 1267 3629 1338 ἄλληλα
3660 1268 4005 1336 ἡμερότητα,

2413 1363 2489 1422 ὡς
2528 1362 2821 1430 φειδόμενα
2848 1363 2944 1432 τῆς
2971 1361 3183 1413 ἑαυτῶν
3218 1360 3493 1435 σωτηρίας
3518 1377 3532 1390 ·
3563 1356 3681 1412 εἶτα
3707 1360 3798 1412 ἐπί
3839 1377 4006 1411 τινων

2415 1454 2569 1518 ζώων
2598 1455 2757 1507 τοῦτο
2788 1454 2965 1523 εὑρὼν
2989 1455 3052 1507 σὺ
3096 1454 3170 1523 μὴ
3201 1454 3595 1523 θεωρούμενον,
3628 1452 3829 1521 μᾶλλον
3857 1451 3914 1504 δὲ
3947 1452 4008 1503 τὸ

2415 1549 2661 1601 ἐναντίον
2692 1547 2753 1599 τὸ
2805 1547 3197 1600 ἐπανίστασθαι
3233 1548 3328 1599 καὶ
3360 1545 3696 1615 διαφθείρειν
3722 1548 3815 1597 καὶ
3862 1547 4004 1595 ἀπο-

2413 1641 2634 1694 διὼκειν
2663 1640 2752 1693 τὸν
2796 1642 3140 1709 ἰσχυρότερον
3171 1640 3264 1691 τὸν
3318 1639 3733 1706 ἀσθενέστερον,
3785 1638 3881 1689 καὶ
3912 1638 4006 1687 τὸν

2415 1733 2702 1804 κρείττονα
2743 1733 2833 1785 τὸν
2879 1733 3115 1801 χείρονα,
3172 1731 3207 1784 ἃ
3253 1733 3344 1783 καὶ
3383 1732 3442 1781 ὲν
3493 1730 3570 1799 τῷ
3600 1731 3676 1799 σῷ
3710 1732 4006 1799 γράμματι

2416 1826 2755 1896 παρετίθεις,
2792 1820 2902 1877 οἷον
2930 1824 3119 1876 λέοντά
3151 1841 3295 1893 φημι
3328 1824 3421 1875 καὶ
3468 1824 3636 1892 ἄρκον
3675 1825 3767 1875 καὶ
3796 1823 3865 1873 τὰ
3898 1839 4008 1873 πα·-

726 1918 944 1970 fortiter
972 1918 1258 1985 perimere.
1299 1918 1403 1971 Sed
1430 1918 1557 1987 quia
1612 1918 1757 1987 quod
1820 1918 2143 1986 scripsimus
2198 1933 2305 1971 non

2419 1917 2688 1986 ραπλήσια
2723 1934 2735 1945 ·
2771 1914 2915 1986 εἶχες
2954 1915 3021 1969 ἀν
3070 1916 3334 1981 γενναίως
3388 1914 3480 1967 τὸν
3533 1915 3801 1983 ἡμέτερον
3838 1911 4003 1979 λόγον

726 2015 792 2067 de
826 2012 969 2064 omni
1012 2013 1314 2066 irrationali
1376 2013 1601 2066 animali
1654 2012 1913 2080 loquitur,
1980 2012 2141 2065 stulte
2192 2011 2308 2063 bla-

726 2115 898 2169 teras,
932 2105 1073 2159 male
1129 2105 1422 2160 conﬁctum
1476 2106 1663 2158 drama
1720 2103 2007 2165 inducens,
2042 2112 2093 2157 et
2151 2102 2308 2171 quasi

726 2207 1055 2265 personatus
1105 2214 1293 2265 agens.
1329 2197 1463 2263 Quis
1500 2198 1648 2251 enim
1683 2197 1766 2250 vel
1819 2196 2045 2249 minima
2099 2195 2309 2265 perspi-

726 2293 875 2344 racia
909 2292 1166 2359 praeditus
1200 2294 1434 2361 ignorat,
1489 2306 1597 2343 non
1629 2290 1811 2344 omnia
1864 2288 2184 2342 animalium
2221 2305 2314 2359 ge-

729 2394 856 2434 nera
890 2382 1211 2435 naturaliter
1244 2397 1366 2436 esse
1399 2391 1713 2449 comparata
1744 2390 1801 2433 ut
1835 2390 2233 2448 congregcutur
2258 2388 2313 2433 et

730 2475 987 2527 secialem
1025 2475 1188 2527 vitam
1222 2474 1543 2528 sectentur?
1576 2472 1820 2541 Namque
1848 2474 2163 2527 animalium
2206 2473 2310 2527 alia

731 2573 859 2616 sunt
890 2564 1131 2632 solivaga
1155 2603 1170 2625 ,
1204 2563 1307 2615 al:a
1342 2562 1580 2632 gregalia
1610 2580 1623 2628 ;
1664 2578 1964 2632 rursusque
2010 2565 2309 2633 gregaliutn

732 2655 840 2707 alia
872 2655 975 2708 sub
1004 2655 1367 2723 gubernatore
1397 2657 1738 2719 ordinantur,
1777 2656 1882 2709 alia
1942 2672 2123 2711 secus.
2156 2657 2315 2712 Utra-

730 2760 838 2815 que
873 2760 1000 2799 vero
1033 2747 1147 2799 lucc
1191 2748 1384 2815 partim
1425 2755 1554 2799 sunt
1584 2746 1785 2808 civilia,
1833 2747 2028 2816 partim
2067 2750 2313 2813 minime,

727 2842 868 2892 sicut
892 2840 1132 2907 ipsorum
1167 2838 1516 2908 physiologia:
1551 2847 1715 2907 atque
1742 2840 1984 2893 historia:
2009 2842 2227 2895 docent.
2259 2842 2315 2897 Si

727 2945 858 2997 ergo
890 2929 994 2982 alia
1022 2940 1149 2982 sunt
1183 2930 1439 2999 Solivaga,
1487 2930 1589 2983 alia
1626 2931 1891 2997 minime;
1927 2942 2139 2987 constat
2161 2948 2315 2988 com-

730 3030 975 3089 paratum
1009 3036 1131 3075 esse
1157 3036 1185 3073 a
1215 3031 1405 3073 natura
1440 3032 1499 3075 ut
1539 3023 1736 3091 partim
1765 3033 2166 3093 congregemur
2189 3041 2313 3081 eum

732 3110 1085 3179 hnmogeneis
1143 3109 1298 3172 suis,
1345 3113 1541 3178 partim
1579 3126 1759 3165 secus.
1810 3113 1964 3177 Quod
2002 3114 2046 3167 si
2080 3114 2153 3168 ita
2209 3127 2314 3182 est,

729 3216 893 3253 nemo
948 3216 1082 3253 sana
1151 3208 1329 3253 mente
1360 3202 1593 3269 pollens,
1635 3210 1728 3254 ant
1782 3212 1936 3271 putat
1970 3212 2065 3258 aut
2103 3207 2313 3270 scribit,

728 3294 912 3346 onmia
948 3293 1205 3345 animalia
1234 3294 1375 3345 inter
1416 3309 1476 3347 se
1500 3294 1820 3364 congregari
1858 3295 2031 3349 solere
2059 3306 2113 3349 et
2155 3298 2319 3352 simul

730 3386 932 3439 ’.πίνοι-ο.
969 3384 1045 3439 Ne
1107 3401 1205 3440 nos
1275 3386 1493 3454 quidem
1544 3387 1729 3455 itaque
1787 3388 1890 3441 hoc
1918 3389 2176 3444 diximus.
2215 3390 2320 3445 Sed

731 3480 857 3545 quia
890 3478 1123 3543 iiinxime
1162 3480 1377 3546 propria
1421 3487 1549 3531 nota
1579 3488 1633 3531 et
1680 3479 2121 3535 characteristica
2176 3481 2320 3536 inest

732 3571 953 3623 animali
988 3571 1256 3639 pracipue
1294 3570 1506 3636 sociali,
1558 3572 1906 3625 ratiocinium
1942 3582 1996 3626 et
2030 3572 2320 3642 prudentia

730 3673 787 3717 ct
814 3678 937 3718 cum
971 3666 1182 3716 ratione
1225 3664 1489 3733 judicium
1572 3673 1856 3733 propterea
1886 3680 2138 3720 sermone
2158 3678 2319 3739 exte-

734 3756 877 3810 riore
908 3757 1113 3826 indiget
1159 3759 1344 3823 homo,
1379 3768 1435 3811 ut
1481 3773 1680 3811 arcane
1739 3760 2006 3826 repositas
2029 3759 2319 3827 cogitatio-

735 3864 831 3903 nes
862 3850 915 3902 iu
962 3859 1243 3903 externam
1302 3851 1476 3905 lucem
1521 3850 1742 3914 educat,
1768 3860 1822 3904 et
1876 3867 1997 3904 cum
2056 3851 2320 3919 proximis

733 3942 1122 3995 communicet.
1150 3941 1270 4005 Quo
1308 3940 1385 4007 lit,
1426 3951 1485 3995 ut
1540 3943 1860 3996 naturaliter
1893 3944 1965 3997 sit
2017 3944 2167 3996 cicur
2202 3944 2323 3996 ani-

736 4034 863 4097 mal,
898 4042 950 4086 et
978 4033 1222 4102 apprime
1256 4036 1475 4088 sociale.
1515 4035 1739 4088 Cameris
1782 4049 1911 4088 vero
1943 4036 2156 4089 Cllllt‘liS
2200 4035 2321 4089 ani-

740 4124 977 4177 malibus
1008 4124 1270 4177 sodalitas
1292 4136 1344 4178 et
1374 4126 1639 4177 naturalis
1660 4128 2020 4178 mansuetudo
2050 4125 2323 4194 principa-

734 4217 854 4267 liter
902 4230 1009 4268 non
1061 4215 1243 4269 inest:
1286 4216 1377 4268 sed
1416 4226 1594 4269 tamen
1648 4216 1697 4267 in
1742 4216 2019 4269 nonnullis
2080 4218 2322 4269 cernitur

730 4308 1091 4361 conversaudi
1127 4308 1365 4361 etsimul
1408 4309 1620 4360 vivendi
1676 4318 1838 4375 atque
1877 4307 2317 4361 conuuuuirandi

732 4400 995 4453 studium.
1035 4400 1138 4453 Sed
1173 4402 1341 4454 multo
1374 4401 1546 4467 magis
1577 4400 1679 4452 hoc
1712 4401 1851 4452 inter
1893 4399 2143 4453 homines
2187 4414 2320 4453 con-

732 4493 983 4546 stitutum
1013 4503 1115 4546 est.
1149 4490 1285 4545 Nam
1320 4493 1363 4545 si
1397 4493 1540 4560 quod
1591 4492 1772 4545 minus
1796 4507 1917 4546 esse
1972 4492 2203 4555 videtur,
2237 4501 2319 4545 ta-

2411 2011 2673 2081 ἀναιρεῖν.
2710 2011 2862 2063 Ἐπεὶ
2885 2011 2942 2064 δὲ
2973 2010 3031 2062 τὸ
3065 2011 3196 2079 παρ’
3228 2011 3359 2079 ἡμῖν
3386 2008 3596 2079 γραφὲν
3626 2010 3684 2061 οὑ
3720 2008 3846 2077 περὶ
3868 2025 4009 2059 παν-

2410 2103 2499 2166 τὸς
2527 2105 2720 2171 ἀλόγου
2756 2104 2896 2168 ζώου
2933 2102 3091 2157 τοῦτο
3117 2104 3539 2170 ἐπαγγέλλεται,
3590 2103 3683 2154 καὶ
3711 2102 4005 2171 ματαιολο-

2411 2198 2548 2261 γεῖς,
2599 2197 2662 2249 τὸ
2700 2197 3078 2250 κακόπλαστον
3121 2197 3354 2263 εἰσάγων
3406 2196 3589 2264 δρᾶμα
3624 2196 3718 2246 καὶ
3769 2195 4007 2262 ὑποκρι-

2412 2287 2635 2357 νόμενος
2656 2304 2670 2317 ’
2701 2286 2824 2341 τίνα
2850 2288 2956 2358 γὰρ
2981 2287 3076 2340 καὶ
3102 2288 3211 2340 τῶν
3239 2288 3410 2356 μικρὰ
3435 2288 3665 2355 συνορᾷν
3690 2286 4009 2354 δυναμένων

2413 2377 2660 2447 λέληθεν,
2696 2379 2779 2432 ὃτι
2820 2380 2917 2449 οὐχ
2955 2380 3173 2433 ᾶπαντα
3208 2379 3277 2432 τὰ
3307 2378 3421 2445 εἴδη
3456 2378 3563 2431 τῶν
3599 2378 3753 2441 ζώων
3785 2377 4009 2429 συναλι-

2414 2470 2601 2533 ζεσθαι
2629 2471 2721 2523 καὶ
2749 2471 3158 2524 συνδιαιτᾶσθαι
3186 2472 3322 2541 πρὸς
3358 2470 3559 2538 ἄλληλα
3592 2471 3803 2537 πέφυκε
3832 2487 3847 2529 ;
3886 2468 4011 2521 Τῶν

2414 2564 2524 2633 γὰρ
2558 2561 2710 2627 ζώων
2735 2564 2804 2617 τὰ
2833 2564 2933 2633 μέν
2958 2567 3065 2617 εἰσι
3103 2564 3390 2633 μοναδικὰ,
3426 2565 3493 2616 τά
3520 2564 3576 2616 δὲ
3606 2563 3859 2631 ἀγελαῖα,
3913 2562 4014 2613 καὶ

2413 2654 2524 2705 τῶν
2553 2654 2825 2721 ἀγελαίων
2857 2656 2927 2707 τὰ
2958 2656 3056 2726 μὲν
3087 2654 3176 2722 ὑφ’
3224 2655 3460 2725 ἡγεμόνι
3491 2658 3801 2716 τάττονται,
3854 2654 3926 2706 τὰ
3954 2654 4013 2705 δὲ

2417 2743 2498 2798 οὗ.
2520 2745 2830 2817 Ἐκατέρων
2859 2746 2916 2799 δὲ
2940 2747 3147 2799 τούτων
3179 2748 3249 2799 τὰ
3279 2748 3377 2816 μέν
3408 2748 3514 2799 εἰσι
3544 2747 3815 2809 πολιτικὰ,
3860 2746 3931 2797 τὰ
3957 2746 4014 2797 δὲ

2416 2838 2476 2891 ού
2499 2856 2511 2868 ο
2549 2840 2624 2902 ὡς
2651 2841 2706 2892 αἱ
2738 2841 2866 2911 περὶ
2896 2840 3075 2893 αὐτῶν
3106 2841 3447 2909 φυσιολογίαι
3476 2842 3569 2893 καὶ
3593 2840 3826 2910 ἱστορίαι
3859 2840 3979 2891 ὲκδι
4001 2868 4015 2879 -

2417 2932 2730 2985 δάσκουσιν.
2766 2933 2827 2985 Εἰ
2860 2929 2953 2986 οὖν
3002 2933 3070 2985 τά
3104 2934 3203 3002 μέν
3234 2935 3339 2985 εισι
3376 2932 3661 3003 μοναδικά,
3685 2933 3748 2984 τὰ
3786 2931 3894 3003 [δὲ]
3925 2932 4013 2995 οὗ,

2419 3026 2650 3095 φανερὸν
2673 3026 2753 3079 ὅτι
2777 3025 2845 3077 τὰ
2881 3026 2980 3095 μὲν
3015 3026 3393 3089 συναλίζεσθαι
3429 3026 3567 3093 μετὰ
3593 3025 3699 3077 τῶν
3725 3026 3933 3093 όμογεν
3952 3028 3967 3034 “
3987 3043 4019 3078 ν

2418 3119 2652 3183 πέφυκε,
2692 3116 2834 3170 τὰδὲ
2869 3117 2963 3188 μή.
3016 3116 3080 3169 El
3109 3118 3165 3169 δὲ
3188 3117 3346 3169 τοῦτο
3373 3116 3546 3178 οὕτως
3581 3116 3716 3186 ἔχει,
3749 3115 3924 3177 οὐδεὶς
3951 3116 4021 3167 ἂν

2422 3210 2780 3281 ἀδιάστροφον
2818 3210 2987 3281 φρένα
3016 3210 3178 3279 ἔχων,
3217 3209 3341 3263 οὔτε
3370 3212 3482 3262 νοεῖ
3510 3208 3633 3261 οὗτε
3680 3209 3886 3279 γράφει
3928 3209 4015 3271 τὸ,

2424 3301 2609 3354 Πάντα
2639 3301 2709 3353 τά
2765 3302 2880 3366 ζῶα
2932 3302 3043 3371 ἔχει
3082 3302 3143 3355 τὸ
3200 3301 3581 3366 συναλίζεσθαι
3620 3302 3755 3370 πρὸς
3803 3301 4019 3369 ἄλληλα

2423 3395 2518 3446 καὶ
2572 3394 3014 3447 συνδιαιτᾶσθαιο
3064 3395 3187 3448 ὅθεν
3239 3395 3359 3447 οὐδὲ
3409 3396 3598 3465 ἡμεῖς·
3649 3394 3765 3448 ἀλλ’
3822 3393 4018 3461 ἐπειδὴ

2427 3485 2715 3538 ίδιαίτατον
2742 3485 3031 3557 γνώρισμα
3056 3487 3148 3539 καὶ
3176 3504 3425 3557 χαρακτη
3437 3486 3677 3557 ριστικὸν
3716 3486 3901 3538 ἔνεστι
3919 3487 4018 3538 τοῦ

2423 3578 2628 3646 κυρίως
2659 3578 2979 3631 κοινωνικοῦ
3030 3579 3197 3642 ζὼου,
3230 3581 3258 3632 ὃ
3286 3596 3345 3631 τε
3384 3579 3540 3647 λόγος
3568 3579 3662 3631 καὶ
3690 3580 3722 3647 ή
3752 3579 4022 3646 φρόνησις

2423 3672 2516 3722 καὶ
2543 3670 2575 3737 ἡ
2610 3670 2747 3738 μετὰ
2773 3668 2934 3738 λόγου
2970 3670 3173 3737 κρίσις,
3200 3670 3289 3723 διά
3313 3687 3395 3723 τοι
3422 3668 3580 3722 τοῦτο
3616 3670 3709 3721 καὶ
3732 3669 3899 3735 λόγου
3924 3669 4020 3721 τοῦ

2423 3760 2621 3826 ἔξωθεν
2669 3760 2864 3829 ἐδεήθη
2895 3763 2922 3814 ὁ
2954 3762 3237 3831 ἄνθρωπος
3258 3802 3273 3825 ,
3312 3761 3386 3823 ὼς
3415 3762 3481 3814 ἂν
3517 3760 3587 3813 τὰ
3624 3761 3681 3812 ὲν
3715 3760 3873 3829 βάθει
3903 3761 4021 3814 κείν

2427 3868 2567 3920 μενα
2603 3851 2852 3920 νοήματα
2892 3853 2971 3914 εἰς
3023 3852 3137 3919 φῶς
3172 3851 3370 3918 ἔξωθεν
3402 3851 3603 3921 ἄγηται
3638 3851 3733 3903 καὶ
3764 3854 3880 3914 τοῖς
3916 3853 4021 3905 πέ-

2424 3944 2521 4007 λας
2571 3945 2949 4013 κοινοποιῆται
2978 3963 2993 3977 ο
3052 3944 3173 3997 ὅθεν
3205 3948 3298 3997 καὶ
3337 3945 3497 4013 φύσει
3536 3946 3747 4015 ἥμερον
3796 3946 3941 4009 ζῶον
3994 3949 4023 3999 ὁ

2424 4037 2744 4106 ἄνθρωπος,
2803 4040 2897 4091 καὶ
2966 4042 3278 4091 κοινωνικὸν
3330 4040 3468 4103 ζῶον
3524 4040 3728 4107 κυρίως
3779 4041 4027 4094 ἐνταῦθά

2424 4127 2700 4181 ὲστιν.Ἰ⁴Σν
2724 4127 2781 4179 δὲ
2814 4131 2923 4188 τοῖς
2950 4128 3167 4195 ἀλόγοις
3201 4128 3359 4190 ζώοις
3401 4128 3571 4180 ἅπασι
3596 4129 3656 4181 τό
3685 4144 3741 4180 τε
3773 4146 4027 4181 κοινωνι-

2425 4219 2519 4271 κὸν
2566 4220 2847 4288 καὶιφύσει
2880 4222 3089 4289 ἥμερον
3122 4222 3327 4291 κυρίως
3355 4222 3455 4273 ούκ
3506 4222 3713 4273 ἔνεστιν
3737 4238 3752 4251 ο
3784 4222 4024 4291 εὓρηται

2424 4311 2480 4363 δὲ
2516 4312 2590 4373 ὼς
2632 4312 2723 4364 ἐπί
2755 4329 2918 4363 τινων
2950 4312 3057 4365 τῶν
3104 4314 3316 4380 ἀλόγων
3347 4312 3502 4376 ζώων
3536 4311 3693 4365 τοῦτο
3730 4315 4028 4377 συναλίζε-

2427 4405 2550 4457 σθαι
2602 4408 2693 4456 xxi.
2728 4405 3133 4459 συνδιαιτᾶσθαι
3179 4408 3271 4458 καὶ
3303 4407 3729 4460 κοινοποιεῖσθαι
3755 4424 3771 4438 ⁸
3832 4410 4025 4477 πολλῷ

2430 4496 2630 4565 μᾶλλον
2662 4498 2754 4549 καὶ
2784 4497 2876 4550 ἐπὶ
2906 4497 3014 4549 τῶν
3043 4497 3348 4567 ἀνθρώπων
3379 4496 3538 4551 τοῦτο
3562 4498 3783 4566 θεμιτὸν
3807 4501 3878 4551 ἂν
3904 4503 4017 4569 εἴη.

733 4603 854 4639 men
899 4595 981 4639 est
1014 4627 1028 4650 ,
1079 4586 1251 4639 multo
1288 4585 1461 4653 magis
1514 4584 1655 4654 quod
1695 4584 1927 4652 amplius
1956 4594 2077 4639 est:
2112 4594 2313 4653 quanto

2422 4589 2483 4641 Ei
2515 4589 2622 4657 γὰρ
2668 4588 2728 4640 τὸ
2772 4583 2932 4658 ἦττον
2987 4588 3176 4640 δοκοῦν
3213 4589 3479 4659 ὑπάρχειν
3523 4590 3780 4657 ὑπάρχει,
3828 4593 4021 4662 πολλῷ

732 4681 939 4731 scilicet
969 4677 1385 4732 convenientius
1418 4677 1713 4745 utiliusqne
1754 4685 1837 4730 cst
1884 4677 2196 4730 conversari
2247 4678 2324 4729 si-

734 4772 954 4839 mulque
989 4772 1169 4823 vin-re
1189 4784 1313 4823 cum
1355 4772 1695 4838 homogeuCo
1736 4783 1835 4823 suo
1870 4768 2170 4833 hominem,
2200 4768 2319 4820 ani-

736 4868 841 4918 mal
882 4866 1141 4917 nimirum
1180 4864 1451 4933 praacipue
1493 4863 1697 4918 sociale
1727 4905 1740 4927 ,
1779 4872 1832 4915 et
1882 4873 2071 4930 suapte
2126 4873 2319 4916 natura

732 4959 905 5011 cicur.
936 4957 1049 5009 lloc
1093 4957 1237 5010 enim
1269 4966 1324 5011 et
1356 4972 1456 5012 uos
1492 4972 1600 5025 prie
1626 4955 1800 5010 oculis
1832 4956 2129 5021 habentes,
2165 4954 2320 5009 vobis

733 5068 775 5103 5(
797 5052 1077 5118 ripsimus.

806 5144 893 5195 12.
948 5145 1132 5196 llenuo
1184 5139 1541 5211 progrediens
1602 5138 1669 5190 ad
1706 5138 1873 5190 alium
1920 5136 2104 5205 scripti
2150 5137 2320 5190 nostri

735 5239 936 5302 locum,
955 5250 1191 5304 eumque
1219 5233 1459 5287 refutare
1473 5230 1871 5292 conuiteus,ita
1893 5230 2090 5283 scribis
2117 5247 2129 5283 :
2157 5251 2173 5281 ι
2203 5230 2321 5284 Cae-

731 5332 884 5383 dium
918 5329 1035 5383 alite
1090 5329 1249 5382 licita:
1280 5335 1427 5389 sunt,
1475 5325 1597 5378 alia:
1648 5322 1871 5376 illicitaz.
1932 5323 2182 5376 lllicilum
2218 5332 2320 5387 est,

736 5433 896 5492 prout
930 5435 1121 5491 reapse
1176 5435 1205 5473 a
1260 5418 1371 5471 Deo
1398 5426 1638 5480 velatur,
1664 5416 1916 5470 occidere
1955 5414 2167 5468 ﬁdelem
2206 5416 2319 5483 pri-

736 5524 858 5567 vnto
894 5514 1171 5583 proposito
1195 5530 1207 5565 :
1235 5511 1534 5580 legitimum
1586 5519 1765 5561 autem
1799 5518 1882 5561 est
1915 5506 2165 5560 occidere
2193 5522 2318 5560 eum

733 5610 825 5679 qui
858 5608 1094 5660 dandum
1129 5613 1317 5659 censet
1348 5602 1456 5657 Deo
1487 5602 1753 5663 sodalem,
1786 5601 2014 5653 ethunc
2064 5602 2180 5668 pari
2220 5614 2316 5668 po-

737 5701 899 5754 tentia
929 5699 1211 5768 pranlitnm
1246 5695 1563 5766 contingit.»
1591 5694 1716 5748 lleec
1740 5694 1869 5747 dum
1908 5692 2129 5755 scribis,
2165 5692 2319 5746 indo-

2425 4680 2625 4748 μᾶλλον
2660 4681 2753 4732 καὶ
2776 4680 2836 4732 τὸ
2870 4681 3069 4749 μᾶλλον
3091 4697 3102 4707 ·
3145 4680 3282 4750 ὅπερ
3312 4680 3588 4749 προσῆκόν
3618 4681 3733 4733 ἐστι
3762 4682 4019 4750 καὶμᾶλ-

2420 4772 2511 4825 λον
2535 4772 2739 4839 όφείλει
2774 4772 2835 4823 τὸ
2868 4772 3251 4835 συναλίζεσθαι
3293 4773 3386 4825 καὶ
3428 4771 3839 4824 συνδιαιτᾶσθαι
3876 4776 4017 4839 πρὸς

2420 4864 2481 4916 τὺ
2499 4865 2754 4934 ὁμογενὲς
2770 4865 2860 4917 τὸν
2887 4863 3171 4932 ἄνθρωπον
3197 4864 3270 4925 ὼς
3297 4864 3611 4917 κοινωνικὸν
3638 4864 3775 4927 ζῶον
3802 4881 3915 4935 κλρ
3932 4870 4019 4929 ως

2422 4958 2515 5009 καὶ
2539 4958 2745 5027 ἥμερον
2778 4956 2959 5025 φύσει.
2990 4957 3083 5019 Εἰς
3125 4956 3285 5009 τοῦτο
3315 4958 3423 5027 γὰρ
3448 4957 3543 5009 καὶ
3570 4959 3730 5026 ἡμεῖς
3754 4959 4018 5029 ἀφορῶν-

2427 5067 2517 5111 τες
2546 5050 2683 5120 πρδς
2706 5051 2847 5118 ὑμᾶς
2868 5050 3252 5120 γεγράφαμεν.
3556 5062 3559 5065 ’

2508 5140 2596 5209 ιβ’.
2636 5141 2742 5193 Καὶ
2772 5140 2935 5193 πάλιν
2960 5141 3015 5193 δὲ
3053 5141 3393 5211 μεταϐαίνων
3422 5142 3505 5209 ἐφ’
3530 5142 3717 5211 ἕτερον
3739 5142 3851 5194 τῶν
3889 5146 4027 5213 παρ’

2432 5236 2564 5304 ἡμῖν
2623 5235 2967 5305 γραφέντων,
3001 5237 3098 5289 καὶ
3156 5234 3317 5288 τοῦτο
3378 5236 3639 5299 ὡσαύτως
3672 5236 4027 5307 πειρώμενος

2431 5326 2845 5388 ἀνασκευάζειν,
2881 5326 3113 5396 γράφεις
3136 5319 3239 5380 ὦδε
3268 5341 3281 5355 ·
3315 5345 3333 5377 ι
3356 5327 3476 5379 Τῶν
3500 5327 3676 5394 φόνων
3703 5328 3751 5379 οἱ
3783 5329 3890 5396 μέν
3916 5331 4028 5382 εἰσι

2431 5416 2665 5485 θεμιτοὶ,
2697 5418 2745 5469 οἱ
2782 5418 2840 5469 δὲ
2870 5417 3149 5487 ἀθέμιτοιο
3184 5420 3279 5471 καὶ
3313 5418 3578 5486 ἀθέμιτόν
3604 5419 3773 5483 ἐστιν,
3806 5419 3838 5472 ὃ
3886 5421 4030 5472 ἀποο

2428 5510 2734 5580 τέτραπται
2784 5510 2938 5581 παρά
2967 5512 3128 5574 θεοῦ,
3163 5512 3223 5565 τὸ
3253 5512 3501 5580 φονεύειν
3551 5512 3745 5565 πιστὸν
3805 5515 3876 5581 τῇ
3915 5514 4030 5583 ἰδία

2427 5601 2750 5671 προαιρέσει
2778 5618 2792 5631 ·
2836 5602 3057 5673 ἔννομον
3090 5603 3147 5657 δὲ
3178 5606 3272 5658 καὶ
3301 5605 3543 5674 θεμιτὸν,
3585 5604 3646 5657 τὸ
3683 5606 3939 5673 φονεύειν
3968 5610 4030 5660 τὸ

2425 5692 2715 5757 δοξάζοντα
2746 5694 3108 5762 συγκοινωνὸν
3131 5696 3225 5750 τοῦ
3240 5696 3375 5752 Θεοῦ
3399 5696 3475 5770 (6)
3494 5696 3588 5751 καὶ
3603 5696 4028 5753 ἀναπλάττοντα

808 5878 884 5949 (6)
912 5878 1033 5932 Snr.
1068 5876 1201 5943 Vill,
1238 5877 1305 5931 IX
1336 5887 1389 5934 et
1418 5878 1565 5933 alibi.
1599 5876 1801 5932 Confer
1828 5887 1974 5931 retro
2014 5876 2120 5931 col.
2156 5875 2261 5930 685
2305 5885 2357 5930 ct
2389 5876 2513 5940 76l,
2547 5892 2670 5930 cum
2702 5878 3079 5933 annotationc.
