4168 6450
143 377 239 438 837

1295 371 1729 433 REFUTATIO
1771 371 2243 434 MOHAMEDIS.

3273 377 3381 443 838

143 489 478 557 ἱσοδύναμον.
518 506 536 538 ι
602 484 790 540 Ταῦτα
824 488 922 555 μὲν
968 487 1193 556 γράφων
1239 488 1312 551 ὡς
1368 486 1554 557 ἀμαθῆ
1618 486 1710 538 καὶ

1834 495 1961 540 :tum
1983 494 2034 539 te
2051 497 2104 540 ct
2121 487 2366 541 omnium
2416 503 2598 543 rerum
2629 488 2874 557 ignarum
2898 486 3144 544 exhibes.
3167 485 3378 545 Etenim

141 582 381 650 ἀμύητον
409 580 583 645 πάντη
637 579 743 631 τῶν
779 580 1123 648 πραγμάτων
1159 581 1387 633 σεαυτὸν
1433 580 1707 645 εἰσάγεις·

140 675 254 726 οὐδὲ
284 673 392 742 γὰρ
419 672 660 740 συνῆκας
686 671 767 724 ὅτι
800 673 907 734 πᾶς
937 672 1120 738 φόνος,
1220 673 1378 740 φόνος
1410 671 1548 733 ἐστὶ,
1585 688 1714 737 φευ-

140 765 263 828 κτὸς
317 766 408 818 καὶ
462 763 856 830 ἀποτρόπαιος.
906 763 1063 833 εἴπερ
1092 765 1298 826 κακόςο
1348 763 1408 814 τὸ
1457 763 1514 815 δὲ
1547 763 1715 814 κακὴν

142 856 284 909 ἆπαν
338 857 400 908 ού
435 855 688 923 θεμιτόν·
718 856 813 908 καὶ
844 856 923 907 ὅτι
971 855 1142 908 κακὸν
1172 857 1199 907 ὁ
1234 854 1415 921 φόνος,
1464 855 1716 906 ἐντεῦθεν

141 948 298 1015 δῆλον
317 963 330 975 ·
372 949 486 1010 Πᾶς
513 947 693 1014 φόνος,
728 941 761 1020 ᾖ
796 947 954 1015 φόνος
984 949 1150 1008 ἐστὶν,
1177 945 1210 1016 ἢ
1241 946 1414 1014 φθορά
1447 948 1595 998 ἐστιν
1623 945 1716 995 ἀν-

142 1038 382 1107 θρώπου,
413 1037 445 1108 ἢ
498 1037 708 1106 φθορᾶς
737 1042 1018 1108 ποιητικός
1061 1039 1209 1089 ἐστιν
1240 1037 1555 1108 ἀνθρώπου·
1586 1037 1614 1088 ὁ
1660 1037 1716 1090 δὲ

142 1129 426 1199 ἄνθρωπος
455 1129 654 1198 μᾶλλον
685 1129 850 1182 καλὸν
890 1131 983 1183 καὶ
1020 1125 1220 1199 μᾶλλον
1248 1129 1453 1196 ἀγαθὸν
1481 1129 1589 1181 τῶν
1626 1131 1717 1181 ἐπὶ

144 1224 240 1291 τῆς
260 1239 273 1250 ·
303 1221 464 1291 εἴπερ
497 1221 556 1273 τὸ
585 1221 891 1291 πρώτιστον
923 1221 1127 1290 κτίσμα
1152 1221 1288 1274 Θεοῦ
1318 1221 1426 1272 τῶν
1456 1223 1547 1274 ἐπὶ
1571 1225 1671 1291 γῆς
1700 1238 1714 1252 ⁸

148 1313 433 1376 συνάγεται
453 1313 581 1382 ἄρα’
603 1314 716 1375 Πᾶς
739 1307 964 1386 φόνος,ᾖ
989 1313 1144 1380 φόνος
1169 1313 1336 1376 ἐστὶν,
1361 1313 1562 1380 ἀγαθοῦ
1578 1330 1717 1374 τινος

146 1405 173 1471 ἦ
198 1403 378 1471 φθορὰ
402 1404 433 1473 ἢ
459 1404 666 1474 φθορᾶς
712 1405 993 1473 ποιητικόν
1011 1423 1022 1434 ·
1053 1407 1100 1458 εἰ
1135 1405 1190 1458 δὲ
1231 1405 1411 1468 τοῦτο,
1443 1406 1564 1460 καθ’
1590 1405 1719 1458 αὐτὸ

149 1494 336 1547 κακόν.
377 1496 498 1547 Τῶν
524 1497 634 1565 γὰρ
676 1497 894 1562 ἀγαθῶν
924 1501 978 1550 αἱ
1014 1497 1230 1566 φθοραὶ,
1275 1499 1366 1552 καὶ
1395 1500 1462 1551 τὰ
1514 1497 1718 1550 τούτων

151 1585 448 1654 φθαρτικὰ,
485 1588 702 1648 παντως
735 1589 850 1639 ἐστὶ
876 1589 1020 1640 κακά
1043 1604 1054 1616 ·
1083 1587 1270 1658 ὥσπερ
1298 1590 1402 1642 τῶν
1431 1588 1617 1640 κακῶν
1661 1589 1717 1639 αἱ

150 1678 367 1748 φθοραὶ,
403 1680 496 1729 καὶ
523 1679 592 1731 τὰ
620 1679 896 1748 φθαρτικὰ
942 1679 1147 1732 τούτων
1176 1681 1386 1748 ἀγαθά·
1429 1680 1572 1732 οὕτω
1610 1681 1719 1750 γὰρ

150 1774 278 1840 ἡμῖν
325 1772 382 1823 αι
416 1772 593 1824 κοιναὶ
628 1772 828 1824 ἔννοιαι
857 1771 952 1824 καὶ
991 1773 1045 1824 αἱ
1073 1771 1418 1840 φιλοσοφικαὶ
1453 1774 1720 1844 μαθήσεις

150 1863 580 1916 ὲκδιδάσκονσιν.
625 1863 686 1915 Ei
717 1861 810 1915 οὖν
840 1865 947 1926 πᾶς
982 1865 1160 1933 φόνος,
1257 1864 1412 1933 φόνος
1439 1867 1606 1929 ἐστὶν,
1632 1865 1719 1917 δέ·-

149 1954 452 2008 ὂεικταιῶν
485 1955 675 2018 κακὸς,
701 1954 860 2024 δῆλον
887 1957 969 2009 ὅτι
1004 1958 1097 2009 καὶ
1121 1957 1181 2009 ού
1229 1957 1480 2028 θεμιτός·
1515 1957 1578 2009 τὸ
1616 1957 1724 2028 γὰρ

154 2048 322 2100 κακὸν
352 2050 482 2111 πᾶν,
519 2047 582 2100 οὐ
608 2047 827 2117 θεμιτόν
846 2063 860 2077 ο
888 2048 1094 2118 γίνεται
1129 2049 1186 2102 δὲ
1207 2051 1378 2102 ἐνίοτε
1406 2052 1548 2104 κατὰ
1586 2067 1724 2120 συμ-

154 2138 382 2208 ϐεϐηκὸς
410 2139 636 2206 ἀγαθόν.
681 2138 804 2192 Τῶν
834 2139 945 2211 γὰρ
993 2139 1162 2194 ὅντων
1207 2141 1278 2194 τὰ
1331 2141 1432 2210 μέν
1467 2143 1572 2194 εἰσι
1603 2141 1722 2195 καθ’

153 2229 292 2281 αὐτὰ
328 2225 513 2297 ἀγαθᾶ
535 2244 548 2258 ⁸
565 2231 775 2299 γίνεται
800 2231 856 2284 δὲ
885 2232 1026 2284 κατᾶ
1050 2231 1400 2302 συμϐεϐηκὸς
1427 2234 1592 2294 κακὰ,
1613 2228 1724 2286 οἷον

154 2322 487 2393 ἐλεημοσύνη
509 2339 524 2352 ·
561 2323 630 2375 τὰ
651 2323 708 2375 δὲ
738 2323 858 2377 καθ’
882 2323 1023 2377 αὑτὰ
1052 2324 1153 2394 μέν
1175 2325 1281 2377 εἰσι
1314 2326 1484 2379 κακά·
1517 2327 1726 2393 γίνεται

153 2415 206 2466 δὲ
240 2416 387 2467 κατὰ
419 2414 765 2486 συμϐεϐηκὸς
801 2414 1005 2484 ἀγαθὰ,
1037 2412 1149 2469 οἷον
1193 2415 1256 2468 τὸ
1285 2416 1482 2486 ψεῦδος
1512 2417 1590 2487 t7)
1613 2433 1626 2446 ·
1660 2418 1726 2470 τὰ

153 2505 204 2556 δὲ
231 2507 354 2558 καθ’
387 2507 526 2558 αὐτὰ
565 2508 665 2577 μὲν
686 2509 746 2560 τδ
778 2508 1061 2578 οὐδέτερον
1090 2508 1202 2578 ἔχει
1225 2525 1238 2539 ·
1273 2511 1415 2561 κατὰ
1446 2508 1724 2581 συμϐεϐη-

158 2595 244 2657 κὸς
299 2594 362 2648 δὲ
415 2597 867 2667 ὲπαμφοτερίζει,
892 2593 1004 2650 οἷον
1045 2598 1296 2664 πλοῦτος,
1333 2600 1505 2667 ἰσχὺς,
1536 2601 1630 2653 καὶ
1660 2601 1727 2653 τὰ

155 2688 550 2757 παραπλήσια·
586 2691 676 2741 καὶ
712 2690 780 2743 τὰ
816 2690 916 2759 μὲν
951 2689 1070 2744 καθ’
1105 2693 1246 2744 αὐτὰ
1285 2691 1486 2759 ἀγαθὰ,
1513 2693 1599 2745 ἀεὶ
1628 2693 1729 2762 μὲν

154 2779 231 2830 δεῖ
255 2780 530 2847 γίνεσθαι,
563 2782 596 2852 ἢ
627 2781 704 2845 ὡς
731 2783 824 2836 ἐπὶ
851 2785 911 2836 τὸ
941 2783 1075 2837 πολύ
1098 2802 1113 2816 ·
1147 2785 1372 2854 τοιαύτη
1418 2785 1526 2855 γὰρ
1559 2787 1594 2855 ἡ
1629 2785 1730 2855 φύ-

155 2887 237 2930 οις
270 2871 385 2922 τῶν
410 2871 532 2923 καθ’
559 2872 692 2925 αὐτὸ
720 2873 963 2941 ἀγαθῶν.
1013 2875 1094 2926 Τὰ
1135 2873 1191 2927 δὲ
1233 2875 1354 2928 καθ’
1397 2877 1529 2928 αὐτὸ
1561 2876 1730 2942 κακὰ,

152 2961 421 3030 ἔμπαλιν·
457 2964 489 3033 ἢ
531 2965 619 3016 ἀεὶ
659 2965 759 3033 μὲν
805 2967 866 3019 οὐ
913 2966 996 3018 δεῖ
1038 2967 1304 3034 γίνεσθαι,
1353 2968 1492 3041 ἢὼς
1534 2969 1627 3021 ἐπὶ
1673 2968 1734 3021 τὸ

150 3054 309 3119 πολὺ,
345 3055 464 3108 ἀλλ’
511 3057 804 3110 ἐπέλαττον
877 3058 1102 3128 τοιαύτη
1161 3059 1270 3130 γὰρ
1318 3062 1412 3113 καὶ
1458 3060 1733 3130 τούτωνὴ

1815 594 1922 632 non
1957 580 2230 648 intelligis,
2263 595 2478 634 omnem
2509 579 2732 641 caedem,
2764 591 3032 650 quatenus
3058 581 3235 633 cedes
3264 593 3368 645 est,

1813 669 2084 722 vitandam
2118 683 2239 722 esse
2263 670 2710 732 etaversandam,
2733 678 2918 736 utpote
2968 670 3183 721 malam.
3218 665 3386 721 Porro

1817 759 2020 812 nullum
2049 760 2249 814 malum
2268 758 2581 824 |icet.Quod
2613 768 2792 812 autem
2821 760 2957 813 mala
2991 775 3077 814 rcs
3106 758 3386 822 sitraedes.

1817 850 1944 904 hinc
1980 851 2065 904 lict
2097 849 2448 904 manifestum
2478 868 2490 903 :
2524 850 2713 904 Omnis
2744 851 2938 915 credes,
2980 863 3250 918 quatenus
3280 865 3388 904 ca:-

1820 942 1918 996 des
1977 951 2084 1004 est.
2119 943 2416 996 destructio
2478 953 2561 996 est
2607 943 2865 1008 hominis,
2912 944 3024 998 sive
3085 958 3249 998 causa
3307 952 3390 998 est

1817 1034 2128 1088 destruendi
2155 1034 2418 1090 hominis.
2455 1035 2680 1088 llnmine
2716 1044 2896 1088 autem
2942 1035 3076 1090 nihil
3111 1037 3389 1104 pulchrius

1820 1127 2080 1180 meliusve
2113 1126 2166 1178 in
2202 1135 2344 1180 terra
2379 1138 2633 1180 versatur
2654 1168 2668 1190 ,
2695 1127 2964 1196 siquidem
3011 1130 3280 1198 prtecipua
3310 1138 3393 1181 est

1819 1228 2124 1273 crcatarum
2163 1233 2190 1270 a
2225 1217 2329 1272 Deo
2354 1219 2405 1271 in
2440 1228 2578 1272 terra
2612 1237 2820 1274 rerum.
2856 1219 3212 1274 Concluditur
3265 1235 3394 1289 ergo

1819 1327 2032 1365 omnem
2069 1313 2286 1375 caedem,
2325 1324 2593 1381 quatenus
2636 1315 2808 1366 czndes
2831 1325 2934 1373 est,
2975 1314 3098 1367 boni
3161 1313 3396 1382 alicujus

1819 1404 2240 1458 destructionem
2270 1420 2413 1468 esse,
2450 1405 2530 1458 vel
2555 1420 2777 1458 causam
2807 1404 3214 1459 destructionis.
3239 1403 3394 1470 Quod

1820 1495 1864 1547 si
1921 1493 1992 1544 ita
2021 1502 2122 1552 est.
2153 1494 2325 1546 czedes
2360 1510 2452 1562 per
2499 1511 2557 1549 se
2595 1506 2735 1548 nia'a
2782 1505 2886 1548 est.
2938 1494 3070 1548 Nam
3132 1497 3394 1548 bonarum

1822 1599 2004 1637 rerum
2026 1585 2427 1638 destructioncs
2447 1596 2499 1638 et
2536 1587 2726 1639 harum
2755 1602 2952 1648 causae,
2988 1588 3213 1640 Olltttitm
3247 1588 3400 1642 malae

1822 1683 1948 1728 sunt
1984 1693 1994 1726 :
2024 1677 2160 1729 sicut
2191 1675 2425 1729 vicissim
2453 1678 2718 1730 malarum
2751 1693 2930 1731 rerum
2963 1680 3389 1738 destructiones.

1822 1776 1874 1820 et
1908 1769 2094 1820 harum
2130 1784 2331 1831 causa,
2375 1769 2526 1824 bona:
2559 1781 2700 1824 sunt.
2737 1770 2948 1840 Quippe
2978 1773 3050 1824 ita
3082 1787 3401 1826 communes

1829 1862 2079 1916 notiones
2111 1870 2164 1915 et
2197 1862 2591 1933 philosophiae
2622 1863 2923 1931 disciplinae
2959 1879 3058 1920 nos
3087 1865 3306 1920 docent.
3345 1863 3402 1918 Si

1824 1969 1952 2024 ergo
1984 1955 2166 2008 omnis
2192 1957 2387 2012 caedes.
2423 1971 2529 2024 qna
2562 1956 2736 2010 czcdes
2789 1963 2895 2021 est,
2951 1957 3093 2011 mala
3147 1972 3269 2012 esse
3312 1958 3406 2011 de-

1825 2056 2194 2111 monstratur,
2254 2057 2398 2115 patet
2451 2063 2569 2102 eam
2620 2063 2688 2102 ne
2731 2048 2940 2101 licitam
2991 2049 3208 2118 quidem
3244 2064 3391 2104 esse.

1824 2137 2045 2192 Nullum
2068 2140 2266 2208 quippe
2296 2141 2498 2193 malum
2519 2140 2677 2192 licet:
2705 2141 2797 2194 sed
2830 2140 2880 2193 id
2905 2151 3086 2194 tamen
3113 2140 3409 2210 aliquando

1827 2245 1923 2299 per
1971 2230 2228 2286 accidens
2266 2232 2320 2285 in
2363 2232 2570 2284 bonum
2631 2233 2995 2286 convertitur.
3042 2231 3176 2286 Nam
3221 2247 3408 2287 rerum

1829 2322 1947 2374 alia:
1967 2331 2094 2374 sunt
2122 2337 2218 2390 per
2243 2336 2302 2375 se
2333 2322 2508 2387 bona},
2546 2323 2638 2376 sed
2666 2323 2802 2374 liunt
2833 2338 2926 2388 per
2955 2321 3208 2376 accidens
3230 2322 3408 2386 malae,

1827 2414 1976 2466 velut
2005 2413 2369 2484 eleeinosyna.
2391 2413 2523 2466 Aliae
2557 2428 2653 2481 per
2683 2427 2742 2466 se
2776 2413 2933 2466 malae
2969 2423 3116 2477 sunt,
3145 2413 3237 2466 sed
3277 2414 3414 2466 liunt

1827 2521 1924 2575 per
1972 2507 2224 2560 accidens
2258 2506 2415 2560 bona:
2444 2545 2459 2568 .
2500 2505 2647 2558 velut
2687 2505 3049 2560 mendacium.
3086 2504 3220 2558 Alia:
3258 2505 3414 2559 deni-

1828 2615 1934 2669 que
1964 2613 2060 2669 per
2097 2613 2157 2652 se
2196 2598 2412 2667 quidem
2445 2597 2690 2652 neutrius
2735 2596 3094 2660 conditionis.
3128 2611 3225 2666 per
3270 2596 3415 2651 acci-

1832 2693 1964 2746 dens
1995 2701 2174 2746 autem
2213 2691 2264 2743 in
2290 2690 2606 2744 alterutram
2642 2698 2848 2758 partem
2879 2689 3230 2755 inclinantur,
3263 2691 3416 2743 velut

1831 2784 2057 2845 divitiae,
2088 2784 2250 2848 vires,
2278 2791 2332 2836 et
2360 2783 2582 2837 similia.
2608 2780 2672 2835 Et
2687 2798 2764 2836 ea!
2783 2782 3001 2851 quidem
3035 2797 3122 2836 res
3149 2797 3269 2851 quae
3287 2791 3418 2837 sunt

1833 2891 1928 2943 per
1961 2890 2017 2930 se
2059 2875 2232 2936 bonae.
2287 2890 2505 2944 semper
2555 2873 2666 2927 lieri
2721 2874 2960 2938 debent,
2989 2874 3070 2927 vel
3105 2886 3250 2929 certe
3299 2875 3416 2943 ple-

1835 2984 2068 3037 rumque
2097 2985 2110 3021 :
2147 2968 2268 3022 talis
2301 2969 2446 3020 enim
2465 2977 2548 3021 est
2575 2983 2757 3020 rerum
2792 2983 2886 3036 per
2917 2983 2976 3022 se
3017 2967 3286 3021 bonarum
3319 2982 3418 3020 na-

1838 3068 1976 3112 tura.
2015 3057 2298 3112 Contraria
2333 3058 2472 3111 ratio
2510 3068 2593 3112 est
2639 3072 2822 3111 rerum
2871 3073 2966 3126 per
3000 3073 3060 3111 se
3117 3058 3407 3121 malarum,

152 3146 315 3213 φύσις
335 3167 351 3180 ·
385 3148 454 3200 τὰ
475 3147 530 3201 δὲ
565 3149 690 3202 καθ’
716 3149 856 3204 αὐτὰ
881 3151 943 3204 τὸ
967 3151 1249 3222 οὐδέτερον
1275 3151 1471 3221 ἔχοντα
1496 3151 1583 3206 ἐπ’
1615 3153 1730 3222 ἴσης

1843 3164 1964 3219 qua:
1992 3150 2076 3202 vel
2111 3165 2390 3218 nunquam
2425 3150 2539 3203 lieri
2571 3150 2791 3213 debent,
2819 3149 2900 3202 vel
2931 3163 3076 3212 raro,
3111 3159 3164 3203 et
3192 3151 3420 3204 minima

151 3239 263 3309 ἔχει
285 3239 350 3293 τό
375 3257 436 3292 τε
466 3241 712 3307 γίνεσθαι
743 3243 836 3294 καὶ
860 3244 957 3313 μή.
997 3243 1152 3296 Ἐπεὶ
1185 3238 1279 3297 οὖν
1307 3244 1402 3296 καὶ
1445 3245 1602 3311 φόνος
1627 3243 1736 3298 τῶν

151 3330 273 3384 καθ’
305 3331 446 3384 αὐτὸ
475 3332 661 3384 κακῶν
683 3335 798 3386 ἐστι
823 3333 1001 3404 (τοῦτο
1025 3335 1134 3402 γὰρ
1161 3335 1292 3403 ἡμῖν
1313 3336 1733 3407 ἀποδέδεικται)·

151 3425 211 3476 τὸ
233 3426 292 3478 δὲ
333 3426 465 3478 καθ’
503 3426 634 3478 αὐτὸ
681 3429 874 3490 κακὸν,
905 3429 1049 3481 κατὰ
1071 3429 1286 3500 πρῶτον
1316 3429 1496 3496 λόγον,
1533 3431 1566 3502 ἢ
1599 3431 1735 3496 ὅλως

149 3517 210 3569 ού
247 3519 333 3570 δεῖ
367 3518 643 3584 γίνεσθαι,
669 3519 702 3588 ἢ
725 3518 798 3582 ὡς
821 3520 912 3572 ἐπὶ
935 3520 996 3572 τὸ
1021 3520 1154 3573 πολύ
1179 3539 1192 3550 ⁸
1217 3521 1314 3574 καὶ
1345 3521 1504 3575 τοῦτό
1537 3524 1654 3577 ἐστι
1679 3523 1738 3575 τὸ

150 3611 373 3680 πρῶτον
404 3611 612 3679 ἀγαθόν
635 3627 649 3640 ·
691 3612 982 3676 σπανιάκις
1016 3613 1073 3667 δὲ
1113 3614 1326 3681 γίνεται
1355 3615 1496 3668 κατὰ
1529 3616 1736 3684 συμϐε-

153 3702 318 3772 ϐηκὸς
347 3701 597 3770 ἀγαθόν·
631 3703 725 3755 καὶ
753 3703 911 3757 τοῦτό
955 3707 1070 3757 ἐστι
1103 3706 1165 3758 τὸ
1219 3705 1490 3780 δευτέρως
1534 3708 1739 3775 ἀγαθὸν

155 3795 240 3846 οιαὶ
265 3795 592 3848 ἐπέλαττον.
614 3795 688 3847 Τδ
707 3795 765 3848 δὲ
789 3795 932 3849 κατὰ
961 3795 1182 3867 πρῶτον
1209 3797 1366 3864 λόγον
1396 3798 1600 3865 ἀγαθὸν
1645 3802 1740 3854 καὶ

145 3887 436 3953 ὲπιπλέον,
459 3888 554 3940 τοῦ
582 3888 722 3941 κατὰ
757 3888 817 3940 τὸ
835 3888 1085 3958 δεύτερον
1117 3890 1212 3942 καὶ
1246 3891 1537 3945 ἑπέλαττον
1564 3893 1736 3960 ὄντος,

150 3977 529 4048 αἱρετώτερον
554 3981 650 4032 καὶ
676 3982 946 4049 κρεῖττον,
979 3981 1054 4044 ὼς
1084 3984 1138 4034 αἱ
1173 3984 1392 4051 λογικαὶ
1420 3988 1569 4056 ἡμᾶς
1608 3987 1744 4056 μέθ-

150 4068 260 4122 οδοι
313 4070 747 4123 ἐκπαιδεύουσι·
785 4071 846 4123 τὸ
895 4073 969 4141 μὴ
1007 4073 1253 4140 φονεύειν
1302 4077 1448 4146 ἄρα,
1497 4079 1592 4130 τοῦ
1647 4095 1742 4147 φο-

149 4161 349 4224 νεύειν,
385 4165 439 4215 εἰ
470 4164 566 4215 καὶ
597 4164 738 4216 κατὰ
766 4163 1112 4233 συμϐεϐηκὸς
1144 4168 1317 4221 ἑνίοτὲ
1348 4171 1494 4223 ἐστιν
1515 4172 1740 4239 ἀγαθὸν,

149 4257 401 4322 κρεῖττον
429 4255 530 4306 καὶ
557 4255 920 4325 αἱρετώτερον
940 4272 954 4287 ⁸
974 4259 1022 4310 εἰ
1047 4258 1104 4310 δὲ
1125 4259 1301 4324 τοῦτο,
1327 4263 1376 4313 οἱ
1407 4263 1466 4314 τὸ
1496 4264 1742 4331 φονεύειν

150 4346 441 4414 ἐφιέμενοι
485 4348 733 4414 ἀναιρεῖν
758 4350 820 4400 ἐκ
852 4349 959 4401 τῶν
979 4348 1306 4421 ἀνθρώπων,
1337 4355 1478 4407 κατὰ
1507 4357 1642 4408 πολὺ
1678 4359 1744 4412 ἂν

146 4436 470 4504 κρείττονες
528 4437 623 4489 καὶ
651 4439 967 4512 τιμιώτεροι
997 4443 1258 4511 δειχθεῖεν
1299 4445 1406 4498 τῶν
1444 4447 1518 4517 μὴ
1549 4465 1742 4518 προαι-

1841 3243 2164 3311 quantitate.
2202 3240 2350 3296 Talis
2372 3243 2517 3295 enim
2542 3243 2841 3297 estharum
2873 3254 3093 3295 natura.
3123 3242 3254 3307 Quae
3273 3242 3422 3296 deni-

1840 3348 1946 3402 que
1973 3348 2064 3402 per
2085 3347 2143 3385 se
2175 3332 2428 3386 neutrius
2455 3341 2662 3386 naturae
2687 3342 2834 3390 sunt.
2871 3332 3095 3401 perinde
3124 3342 3202 3384 est
3239 3344 3418 3386 utinm

1841 3425 1990 3486 liant,
2036 3441 2102 3477 an
2138 3440 2317 3480 secus.
2343 3424 2497 3490 Quod
2533 3436 2716 3478 autem
2753 3424 2930 3479 caedes
2983 3425 3056 3479 sit
3111 3424 3164 3478 in
3193 3441 3422 3482 numero

1843 3533 2022 3573 rerum
2062 3533 2158 3585 per
2189 3532 2247 3572 se
2303 3519 2593 3580 malarum,
2651 3517 2705 3571 id
2759 3533 2861 3571 nos
2913 3515 3026 3586 jam
3058 3519 3422 3574 ostendimus.

1839 3609 1995 3676 Quod
2028 3625 2157 3662 vero
2203 3624 2300 3679 per
2357 3625 2417 3663 se
2450 3619 2504 3662 et
2557 3609 2936 3678 principaliter
2980 3607 3183 3661 malum
3219 3619 3322 3674 est,
3373 3611 3424 3664 id

1843 3702 1923 3755 vel
1956 3701 2182 3754 omnino
2216 3701 2329 3753 lieri
2362 3716 2470 3754 non
2503 3701 2683 3767 debet,
2717 3703 2796 3756 vel
2833 3715 2956 3754 raro
2995 3718 3011 3771 ;
3049 3710 3103 3754 et
3147 3700 3250 3756 hoc
3275 3701 3428 3771 prin-

1846 3792 2090 3861 cipaliter
2147 3793 2346 3845 bonum
2378 3795 2662 3861 est:quod
2701 3811 2823 3848 raro
2859 3806 3046 3852 autem
3074 3799 3132 3851 tit
3165 3812 3260 3866 per
3285 3797 3427 3849 acci-

1844 3885 1979 3940 dens
2015 3886 2238 3948 bnnum,
2274 3885 2325 3938 id
2359 3887 2599 3938 secundo
2657 3886 2774 3940 loco
2807 3888 3010 3942 bonum
3035 3899 3118 3944 est
3161 3904 3226 3942 ac
3264 3888 3428 3941 mini-

1843 3994 2012 4032 mum.
2037 3977 2292 4032 Jamvero
2319 3979 2464 4049 quod
2487 3991 2571 4033 est
2617 3981 2938 4050 primigenia
2975 3983 3184 4036 ratione
3219 3982 3426 4035 bonum

1842 4084 1894 4126 et
1933 4072 2101 4142 gradu
2146 4073 2371 4141 majore,
2411 4073 2502 4126 illo
2536 4085 2682 4128 certe
2729 4079 2874 4144 quod
2903 4085 2986 4129 est
3014 4076 3259 4130 secundo
3304 4078 3423 4129 loro

1844 4164 2046 4218 bonum
2080 4175 2134 4217 et
2166 4166 2334 4231 gradu
2401 4166 2629 4229 minore,
2673 4168 2967 4235 optabilius
2995 4177 3078 4222 est
3116 4177 3171 4222 et
3209 4169 3427 4231 melius.

1844 4265 2004 4325 prout
2045 4272 2144 4310 nos
2174 4256 2363 4326 logica:
2395 4258 2593 4326 regulae
2625 4259 2903 4313 erudiunt.
2939 4258 3080 4331 Ergo
3126 4275 3232 4315 non
3283 4263 3429 4315 occi-

1844 4348 1974 4402 dere
2015 4348 2210 4401 tnelins
2248 4348 2652 4418 optabiliusque
2703 4359 2787 4403 est
2821 4367 2984 4419 quam
3017 4353 3301 4414 occidere,
3328 4351 3428 4406 etsi

1847 4440 1947 4492 hoc
1975 4449 2309 4508 postremum
2345 4441 2678 4509 quandoque
2713 4457 2806 4509 per
2839 4443 3094 4496 accidens
3120 4445 3318 4496 bonum
3351 4444 3427 4498 lit.

152 4529 438 4595 ρουμένων
463 4528 631 4582 τοῦτο
669 4534 865 4597 ποιεῖν,
897 4533 972 4596 ὠς
1003 4535 1064 4586 τὸ
1087 4539 1335 4606 κρεῖττον
1359 4539 1561 4606 ἀγαθὸν
1586 4543 1730 4610 ἐφιέ-

1851 4531 2006 4595 Quod
2036 4532 2080 4585 si
2119 4533 2188 4584 ita
2225 4546 2285 4585 se
2341 4533 2528 4595 habet,
2575 4533 2610 4586 ii
2651 4533 2744 4603 qui
2781 4535 2981 4589 eaedem
3035 4535 3255 4589 abolere
3293 4538 3431 4590 inter

149 4636 318 4687 μενοι.
406 4621 612 4690 Ἡμεῖς
655 4621 766 4691 ἄρα
800 4624 1107 4692 κρείττονες
1157 4628 1503 4698 ἀνεφάνημεν
1537 4630 1624 4684 διὰ
1652 4636 1752 4703 τῆς

146 4712 491 4778 ἀποδείξεως
523 4755 539 4778 ,
588 4713 681 4766 τὸν
738 4714 899 4782 φόνον
955 4717 1198 4786 ἀναιρεῖν
1265 4721 1329 4773 ἐκ
1387 4722 1563 4775 ποδῶν
1613 4742 1751 4794 προ-

148 4805 502 4875 αιρούμενοι.

217 5071 307 5131 ιγ’.
337 5065 473 5117 Ὀτι
515 5064 577 5116 δὲ
609 5064 705 5117 καὶ
735 5065 762 5116 ὁ
788 5065 843 5129 ἐξ
869 5065 1022 5135 ὑμῶν
1053 5070 1129 5132 εἰς
1163 5069 1310 5138 ἡμᾶς
1350 5071 1744 5144 ὲνεργούμενος

150 5152 267 5206 καθ’
295 5157 560 5225 ἑκάστην
601 5155 762 5221 φόνος
807 5155 883 5224 (8)
921 5156 1045 5209 οὔτε
1078 5158 1184 5211 τῶν
1217 5162 1359 5214 κατὰ
1393 5164 1742 5234 συμϐεϐηκὸς

216 5320 291 5390 (7)
327 5321 470 5375 Puta
513 5323 877 5400 cum_aliquis
934 5326 1211 5400 mentitur,
1241 5338 1298 5381 ut
1350 5330 1512 5383 alicui
1559 5333 1751 5400 prosit.

153 5387 556 5470 Verumtamen
724 5387 940 5470 quoque
977 5387 1325 5470 ﬁngustinus
1407 5387 1754 5470 reprehendit

153 5475 325 5541 enarr.
372 5467 427 5541 in
480 5478 574 5532 ps.
627 5459 692 5541 Υ,
725 5459 906 5541 n.__7':
966 5459 1100 5519 Duo'
1137 5479 1258 5520 sunt
1308 5459 1522 5525 omnino
1562 5489 1750 5541 genera

154 5533 581 5596 mendaciorum,
621 5534 675 5584 in
701 5536 1031 5607 quibusnon
1076 5554 1268 5607 magna
1294 5541 1453 5606 culpa
1508 5533 1608 5604 est,
1655 5544 1747 5595 sed

156 5612 319 5655 tamen
359 5622 470 5658 non
505 5614 639 5657 sunt
674 5607 785 5657 sine
832 5606 986 5674 culpa
1011 5648 1025 5672 ,
1054 5606 1293 5661 cantant
1346 5612 1616 5676 jocamur,
1653 5623 1746 5666 aut

156 5684 205 5747 ιιι
236 5677 510 5740 prosimus
567 5676 874 5747 mentimur.
915 5676 1058 5730 Illud
1098 5680 1352 5747 primum,
1389 5691 1495 5736 etc.
1544 5681 1741 5736 Secun-

157 5743 272 5816 dum
304 5747 423 5800 ideo
457 5745 658 5816 mitius
688 5755 784 5816 est,
830 5748 956 5816 quia
1008 5743 1190 5803 retinet
1240 5743 1549 5805 naturalium
1589 5752 1740 5806 bene-

158 5815 451 5872 colmtiam.
519 5813 747 5871 Videsis
794 5813 866 5872 ibi
915 5827 1109 5874 cmtcra
1155 5835 1170 5885 ;
1219 5829 1330 5874 tum
1361 5822 1464 5877 alia
1509 5823 1744 5892 plurima.

1856 4624 2100 4677 homines
2130 4625 2370 4688 student,
2405 4625 2658 4679 meliores
2717 4628 3034 4696 maioreque
3085 4629 3244 4682 laude
3285 4631 3415 4695 dign.

1856 4724 2138 4783 apparent,
2172 4731 2339 4783 quam
2382 4716 2544 4783 hiqui
2584 4718 2655 4769 ita
2685 4732 2743 4771 se
2777 4733 2965 4786 gerere
2995 4735 3100 4771 non
3140 4723 3433 4773 rorrstituc-

1855 4815 2021 4859 rnut.
2051 4805 2125 4858 illi
2183 4807 2328 4860 enim
2377 4809 2571 4861 melius
2603 4809 2804 4862 bonum
2847 4811 3080 4878 amplexi
3133 4821 3280 4866 sunt.
3323 4811 3432 4866 Nos

1856 4898 2017 4966 igitur
2053 4899 2303 4954 meliores
2336 4915 2454 4954 esse
2478 4900 2820 4968 exploratum
2857 4912 2961 4964 est,
2996 4905 3087 4972 qui
3118 4907 3316 4958 caedi-ni
3365 4922 3429 4958 ex

1856 4989 2168 5043 hominibus
2199 4993 2563 5046 exterminare
2597 4994 2901 5048 studemus.

1926 5082 2010 5134 15.
2041 5080 2195 5145 Quod
2237 5097 2364 5135 vero
2419 5083 2735 5151 quotidiana
2796 5096 2974 5138 Vestra
3034 5085 3296 5140 adversus
3334 5103 3431 5140 nus

1850 5175 2046 5236 caedes,
2081 5190 2186 5226 non
2223 5176 2292 5228 sit
2333 5175 2400 5229 de
2435 5176 2594 5230 bonis
2633 5191 2728 5244 per
2782 5178 3036 5230 accidens
3073 5180 3433 5247 contingth

1859 5337 2170 5402 huiusinodi
2197 5341 2338 5408 apud
2370 5340 2755 5410 Augustinum,
2791 5341 2880 5410 qui
2905 5349 3221 5394 constanter
3277 5358 3429 5394 men-

1855 5411 2071 5462 dacium
2104 5411 2394 5475 improbat.

1924 5479 1999 5548 (8)
2036 5480 2306 5548 Loiluitnr
2360 5480 2428 5534 de
2474 5481 2851 5550 superstitiosa
2917 5491 2970 5534 et
3033 5481 3265 5534 fanatica
3324 5481 3434 5532 Mo-

1852 5548 2283 5604 hamedanorntn
2327 5548 2594 5606 adversus
2621 5552 2963 5606 Christianos
2993 5553 3222 5611 saevitia,
3245 5567 3430 5618 quam,

1849 5625 2255 5690 praeteri-natas
2285 5633 2428 5674 retro
2445 5637 2628 5684 suras,
2659 5622 2908 5676 videnms
2934 5627 3096 5677 etiam
3125 5623 3178 5674 in
3202 5622 3430 5690 epistola

1851 5692 2006 5744 tertia
2047 5689 2252 5745 Nicolai
2282 5693 2604 5760 patriarcha:
2625 5691 2799 5748 δι’αεί
2831 5694 2972 5748 inter
2995 5694 3172 5748 editas
3201 5689 3248 5746 ai
3273 5694 3434 5747 nobis

1849 5760 1902 5816 in
1927 5761 2216 5833 Spicilegio
2245 5761 2430 5832 noun,
2461 5761 2524 5817 Τ.
2553 5763 2619 5818 Χ.
