4168 6450
746 427 849 486 839

1986 414 2279 473 ΝΙΩΕΤίΕ
2322 413 2499 472 ΒΥΖᾹ
2513 414 2632 471 ΝἿῚ
2646 413 2724 471 NI

3893 418 3999 482 850

749 541 872 603 bus,
907 535 1037 589 hinc
1074 530 1356 600 lietpalam
1388 527 1576 592 :Quod
1611 527 1783 595 fitpcr
1812 525 2062 578 accidens
2103 526 2327 584 bonum,

2434 524 2652 590 ἀγαθῶν
2696 524 2971 592 ἐνδέχεται
3018 521 3180 585 εἶναι,
3231 524 3476 577 ἐντεῦθεν
3503 526 3689 593 δῆλονο
3743 529 3818 580 Τὸ
3857 533 4001 583 κατά

745 631 996 702 prudenti
1020 628 1201 694 aliquo
1230 624 1458 677 coiisilio
1498 623 1552 674 fit
1574 642 1585 675 :
1607 622 1749 689 quod
1784 629 1962 672 autem
1995 619 2065 673 ita
2095 618 2330 686 pruden-

748 732 828 776 ter
850 722 929 785 fit,
962 726 1179 789 propter
1208 715 1345 783 frugi
1371 712 1569 782 aliquid
1612 711 1667 763 fit
1699 731 1709 764 :
1738 726 1866 779 ergo
1895 711 2038 777 quod
2060 725 2152 777 per
2190 708 2331 761 acci-

746 818 881 866 dens
906 811 984 873 fit,
1014 817 1234 877 propter
1266 804 1405 872 frugi
1449 803 1652 870 aliquid
1687 803 1763 855 fit.
1787 801 1990 853 Vestra:
2016 809 2193 852 autem
2237 813 2330 849 no-

745 915 980 956 strorum
1010 900 1289 952 hominum
1309 896 1636 955 occisiones,
1658 892 1795 946 haud
1822 893 1891 945 ob
1914 892 2059 944 aliud
2089 890 2245 949 fiunt,
2272 897 2329 940 ut

746 992 848 1060 ipsi
882 989 1084 1052 dicitis,
1114 987 1215 1040 nisi
1243 986 1369 1054 quia
1404 1000 1498 1037 vos
1527 982 1967 1036 Saracenismum
1991 979 2321 1047 sequimini:

745 1085 851 1137 hoc
898 1092 1079 1135 autem
1144 1078 1284 1146 frugi
1334 1094 1437 1130 non
1484 1085 1567 1128 est
1625 1096 1636 1129 :
1683 1074 2035 1140 consequitur
2072 1086 2230 1139 ergo,
2273 1078 2329 1123 ut

744 1187 936 1229 vestra:
966 1183 1281 1226 nostrorum
1311 1169 1594 1223 hominum
1637 1167 1968 1227 occisiones,
2009 1180 2074 1217 ne
2115 1178 2210 1231 per
2233 1178 2325 1215 ac-

742 1269 929 1321 cidens
958 1265 1176 1335 quidem
1226 1264 1381 1315 boum
1407 1261 1536 1313 sint.
1568 1259 1719 1324 Quod
1754 1266 1934 1310 autem
1961 1256 2326 1309 Saracenismi

743 1368 891 1413 secta
929 1359 1153 1410 minime
1175 1356 1314 1407 bona
1336 1353 1426 1415 sit,
1452 1353 1529 1407 sic
1554 1350 1888 1405 ostenditur:
1915 1348 2328 1402 Saracenisnius

742 1446 879 1499 nihil
900 1445 1043 1497 aliud
1078 1452 1342 1511 estquam
1374 1458 1401 1494 a
1447 1440 1786 1493 naturalibus
1827 1449 1921 1491 aut
1951 1440 2111 1492 etiam
2138 1453 2330 1507 super-

742 1537 1107 1597 naturalibus,
1155 1535 1220 1588 ad
1270 1550 1331 1588 ea
1389 1548 1509 1602 quae
1551 1541 1758 1585 natur-te
1802 1531 2181 1595 adversantur,
2226 1534 2326 1588 ho-

740 1632 950 1685 minum
975 1630 1298 1693 translatio;
1332 1643 1571 1697 namque
1592 1627 1693 1680 hoc
1724 1627 1887 1680 etiam
1918 1628 2323 1683 demonstravi.

739 1739 886 1778 mus.
918 1721 1037 1776 Jant
1063 1721 1114 1775 id
1152 1736 1332 1789 agere,
1370 1721 1571 1773 malum
1610 1734 1753 1781 esse,
1801 1734 1960 1771 nemo
1991 1735 2098 1772 non
2156 1723 2324 1776 videt.

752 1816 810 1871 Si
864 1830 993 1887 ergo
1037 1826 1228 1870 vestra:
1282 1826 1592 1867 nostrorum
1668 1812 1950 1866 hominum
2001 1815 2323 1880 occisiones,

740 1923 919 1977 neque
950 1922 1045 1977 per
1076 1906 1330 1961 accidens
1358 1920 1537 1974 neque
1566 1918 1661 1973 per
1717 1920 1775 1957 se
1820 1904 1949 1973 ipsze
1985 1905 2138 1959 bonae
2160 1915 2319 1960 sunt:

742 2010 797 2055 et
821 2001 865 2053 si
896 2001 1040 2070 quod
1070 2014 1247 2068 neque
1293 2014 1390 2068 per
1421 2013 1479 2051 se
1512 1997 1711 2050 bonum
1746 2007 1849 2061 est,
1892 2012 2068 2066 neque
2114 2014 2211 2067 per
2239 2014 2326 2053 ac-

744 2094 953 2153 cidens,
983 2093 1034 2145 id
1085 2090 1313 2145 omnino
1372 2090 1488 2144 fieri
1522 2106 1628 2143 non
1685 2090 1839 2142 debet
1897 2107 1911 2154 ;
1952 2106 2082 2159 ergo
2134 2102 2325 2144 vestrae

744 2185 1078 2255 quotidiana:
1132 2193 1445 2237 nostrorum
1484 2182 1765 2234 hominum
1848 2182 2152 2237 occisiones
2208 2184 2323 2238 fieri

742 2293 849 2332 non
898 2277 1119 2331 debent.
1178 2275 1311 2329 Nam
1358 2275 1500 2344 quod
1546 2274 1659 2327 fieri
1719 2290 1826 2327 non
1862 2284 2096 2343 oportet,
2154 2277 2203 2330 id
2261 2292 2326 2331 ne

741 2371 867 2425 licet
897 2370 1141 2438 quidem.
1180 2387 1198 2418 ι
1237 2368 1476 2421 (Ζωάἱυιιι
1546 2366 1666 2419 aliae
1718 2365 1881 2420 licitae
1912 2376 2060 2430 sunt,
2117 2367 2323 2435 inquis.

742 2465 862 2519 aliae
888 2465 1107 2518 illicitae.
1149 2481 1166 2513 ι
1199 2461 1309 2531 Ego
1344 2476 1562 2530 quoque
1588 2463 1881 2521 assentior,
1907 2462 2082 2515 caedes
2111 2462 2325 2529 aliquas

742 2559 927 2622 licere,
957 2557 1216 2609 nimirum
1247 2570 1341 2624 per
1372 2552 1647 2615 accidens,
1676 2554 1722 2606 si
1752 2552 1970 2623 quidem
2009 2553 2075 2606 de
2107 2553 2322 2606 illormu

743 2651 1012 2701 honorum
1046 2660 1275 2699 numero
1317 2645 1449 2706 sint,
1495 2659 1617 2712 quze
1645 2643 1717 2697 ita
1766 2644 2007 2698 evadunt
2032 2659 2129 2713 per
2178 2645 2326 2697 acci-

742 2742 896 2793 dens.
930 2740 998 2793 At
1029 2748 1159 2793 sunt
1192 2737 1410 2801 illicita),
1443 2751 1537 2806 per
1567 2750 1661 2800 se;
1686 2736 1943 2804 quoniam
1974 2737 2172 2798 caedes,
2198 2752 2327 2804 qua-

745 2841 905 2884 tenus
950 2829 1123 2883 caedes
1157 2836 1259 2885 est.
1288 2827 1354 2880 de
1390 2839 1617 2879 numero
1660 2839 1780 2878 esse
1807 2838 1903 2893 per
1950 2839 2009 2878 se
2054 2825 2324 2877 malorum

743 2934 1028 2975 ostensum
1067 2920 1170 2973 fuit
1203 2937 1217 2984 ;
1252 2919 1478 2973 idcirco‘
1501 2918 1603 2971 hoc
1636 2926 1893 2986 tanquam
1928 2916 2086 2987 plane
2117 2916 2327 2971 confes-

744 3030 866 3068 sum
919 3029 948 3067 a
988 3014 1143 3066 nobis
1175 3026 1393 3080 quoque
1421 3020 1689 3063 sumatur.

814 3120 900 3174 Η.
937 3112 1046 3188 Age
1088 3133 1216 3171 vero
1262 3117 1496 3169 breviter
1532 3115 1728 3168 deinde
1765 3115 2046 3169 subnectis
2093 3116 2281 3169 dicens
2312 3134 2324 3169 :

2435 614 2781 685 συμϐεϐηκὸς
2818 617 3023 683 ἀγαθὸν
3067 616 3374 685 γινόμενον,
3411 619 3475 671 δι’
3500 622 3811 689 οίκονομίαν
3850 624 4004 689 γίνε-

2430 723 2517 757 ται
2539 722 2551 735 ·
2584 707 2643 758 τὸ
2681 708 2750 759 δι’
2792 708 3104 778 οἰκονομίαν
3122 709 3426 777 γινόμενον,
3453 711 3538 764 διὰ
3561 713 3722 764 καλὸν
3748 714 3964 779 γίνεται
3985 730 3998 742 ⁸

2428 798 2490 849 τὸ
2526 800 2634 866 ἄρα
2678 801 2818 853 κατὰ
2847 801 3191 871 συμϐεϐηκὸς
3212 802 3517 872 γινόμενον,
3549 804 3636 856 διὰ
3660 805 3828 857 καλὸν
3855 807 4005 873 γίνε-

2429 906 2554 943 ται·
2587 892 2615 942 6
2647 892 2701 943 δὲ
2736 894 2793 957 ἐξ
2832 892 2985 963 ὑμῶν
3017 894 3096 954 εἰς
3130 895 3277 962 ἡμᾶς
3321 896 3600 964 γινόμενος
3636 897 3813 964 φόνος.
3846 898 3908 948 οὐ
3936 898 3998 949 δι’

2429 984 2554 1035 ἄλλο
2582 1002 2633 1035 τι
2659 984 2890 1051 γίνεται,
2924 984 2997 1047 ὡς
3030 986 3186 1037 αὐτοί
3244 1003 3401 1054 φατε,
3432 989 3479 1038 εἱ
3514 988 3586 1058 μὴ
3619 988 3705 1040 διὰ
3732 989 3793 1039 τὸ
3820 989 4006 1056 Σαρα-

2430 1078 2673 1145 κηνίζειν
2725 1079 2900 1146 ὑμᾶς·
2929 1080 3088 1132 τοῦτο
3133 1079 3187 1132 δὲ
3220 1082 3278 1132 οὺ
3311 1081 3503 1134 καλόν·
3555 1083 3851 1148 συνάγεται
3895 1080 4008 1149 ἄρα.

2428 1167 2511 1219 ὅτι
2536 1169 2562 1218 6
2598 1154 2653 1231 ἐξ
2679 1169 2833 1236 ὑμῶν
2886 1170 2964 1232 εἰς
2990 1171 3137 1239 ἡμᾶς
3175 1169 3454 1238 γινόμενος
3510 1171 3687 1237 φόνος,
3723 1170 3845 1221 οὐδὲ
3896 1169 4010 1222 τῶν

2430 1260 2569 1311 κατά
2602 1261 2943 1328 συμϐεϐηκός
2975 1263 3121 1313 ἐστιν
3144 1263 3366 1329 ἀγαθῶν
3384 1279 3396 1291 ·
3436 1264 3528 1314 καὶ
3551 1263 3631 1314 ὅτι
3654 1260 3713 1313 τὸ
3741 1261 4007 1328 Σαρακη-

2430 1353 2595 1417 νίζειν
2619 1354 2677 1404 οὐ
2707 1354 2870 1407 καλόν
2894 1353 3068 1412 ἐστιν,
3092 1346 3192 1407 ὧδέ
3216 1355 3339 1406 ἐστι.
3361 1354 3519 1423 δῆλον
3548 1371 3560 1382 ·
3588 1355 3661 1405 Τὸ
3694 1352 3975 1422 Σαρακηνί
3992 1380 4010 1392 ο

2430 1444 2543 1508 ζειν
2577 1445 2730 1499 οὐδὲν
2757 1446 2883 1498 ἄλλο
2921 1448 3092 1508 ἐστὶν,
3131 1445 3247 1497 ἀλλ’
3289 1447 3319 1515 ἢ
3347 1446 3404 1497 τὸ
3438 1449 3502 1499 ὲκ
3525 1446 3632 1497 τῶν
3666 1446 3805 1497 κατὰ
3840 1444 4011 1512 φύσιν

2430 1537 2464 1606 ἦ
2490 1537 2581 1588 καὶ
2617 1538 2911 1606 ὑπερφυῶν
2948 1542 3026 1601 εἰς
3055 1538 3115 1590 τὸ
3149 1538 3301 1606 παρὰ
3355 1538 3515 1606 φύσιν
3552 1538 3838 1606 κατασπᾷν
3877 1537 4013 1600 τοὺς

2429 1629 2749 1699 ἀνθρώπους
2772 1646 2787 1660 ⁸
2825 1631 2981 1683 τοῦτο
3021 1633 3131 1701 γὰρ
3173 1626 3303 1701 ἡμῖν
3354 1631 3449 1682 καὶ
3473 1631 3855 1685 ἀποδέδεικται
3885 1630 4006 1700 (9)·

2428 1723 2489 1776 τὸ
2521 1725 2580 1776 δὲ
2604 1726 2759 1778 τοῦτο
2784 1727 2977 1788 ποιεῖν,
3006 1726 3173 1777 πᾶσιν
3197 1723 3445 1795 ἀρίδηλόν
3472 1726 3618 1776 ἐστιν
3644 1725 3723 1776 ὅτι
3749 1724 3811 1775 οὐ
3839 1722 4011 1775 καλόν

2431 1817 2600 1869 ἐστιν.
2652 1818 2803 1870 Ἐπεὶ
2836 1816 3084 1869 οὗνθοῦτε
3130 1817 3239 1868 τῶν
3268 1819 3387 1869 καθ’
3422 1816 3552 1869 αὐτὸ
3590 1814 3811 1882 ἀγαθῶν
3850 1816 4010 1869 ἐστιν

2430 1910 2458 1961 6
2493 1911 2650 1977 φόνος
2675 1914 2703 1964 6
2732 1911 2789 1975 ἐξ
2814 1911 2968 1981 ὑμῶν
2990 1913 3069 1972 εἰς
3099 1912 3243 1979 ἡμᾶς
3276 1910 3690 1980 ὲνεργούμενος,
3717 1910 3836 1963 οὐδὲ
3862 1909 4013 1967 κατὰ

2434 2003 2781 2073 συμϐεϐηκός
2799 2004 2889 2055 οτὸ
2921 2004 2976 2055 δὲ
2997 2002 3120 2055 οὔτε
3150 2002 3270 2055 καθ’
3306 2003 3439 2056 αὐτὸ
3464 2003 3686 2069 ἀγαθὸν,
3715 2002 3839 2055 οὔτε
3863 2004 4012 2057 κατά

2435 2096 2796 2165 συμϐεϐηκὸς,
2832 2097 2893 2147 οὐ
2930 2097 3035 2166 χρὴ
3063 2095 3311 2163 γίνεσθαι
3344 2094 3403 2148 τὸ
3421 2097 3701 2164 παράπαν·
3735 2097 3762 2148 6
3784 2096 3895 2164 ἄρα
3930 2098 4014 2157 εἰς

2431 2190 2574 2258 ἡμᾶς
2606 2190 2662 2253 ἐξ
2698 2188 2850 2257 ὑμῶν
2876 2189 2999 2240 καθ’
3026 2188 3265 2259 ἑκάστην
3294 2188 3685 2258 ἐνεργούμενος
3726 2187 3915 2257 φόνος,
3949 2186 4012 2240 οὐ

2432 2281 2512 2333 δεῖ
2544 2281 2819 2347 γίνεσθαι·
2858 2282 2907 2333 εἰ
2940 2281 2997 2332 δὲ
3024 2280 3203 2344 τοῦτο,
3236 2280 3331 2332 καὶ
3358 2282 3419 2333 οὐ
3473 2281 3723 2350 θεμιτόν·
3751 2280 3778 2332 ὃ
3804 2284 3915 2349 γὰρ
3950 2280 4013 2334 οὐ

2433 2375 2513 2427 δεῖ
2545 2373 2807 2441 γίνεσθαι,
2838 2374 2957 2425 οὐδὲ
2983 2372 3203 2442 θεμιτόν
3231 2374 3367 2424 ἐστι.
3403 2391 3420 2420 ι
3457 2371 3579 2422 Τῶν
3600 2370 3798 2439 φόνων,
3833 2372 3885 2422 οἱ
3911 2371 4015 2439 μέν

2432 2473 2538 2525 εἰει
2565 2471 2795 2540 θεμιτοὶ,
2836 2472 2884 2522 οἱ
2922 2470 2979 2522 δὲ
3034 2469 3305 2543 ἀθέμιτοι.
3346 2487 3364 2518 ι
3399 2468 3660 2537 Σύμφημι
3710 2465 3889 2534 κάγὼ,
3930 2468 4015 2520 ὅτι

2432 2564 2540 2615 τῶν
2578 2563 2753 2629 φόνων
2783 2563 2831 2614 οἱ
2866 2561 2967 2631 μέν
2996 2561 3101 2612 εἰσι
3131 2559 3366 2629 θεμιτοὶ,
3417 2558 3662 2626 δηλονότι
3691 2558 3830 2610 κατὰ
3867 2574 4017 2626 συμ-

2434 2655 2694 2724 ϐεϐηκὸς,
2724 2655 2883 2722 εἴπερ
2907 2652 3017 2704 τῶν
3043 2652 3185 2704 κατά
3211 2649 3558 2720 συμϐεϐηκὸς
3585 2648 3807 2713 ἀγαθῶν
3836 2650 4011 2700 εἰσιν·

2432 2749 2480 2799 οἱ
2503 2746 2559 2799 δὲ
2588 2747 2863 2815 ἀθέμιτοι,
2896 2744 3057 2814 δῆλον
3090 2744 3171 2797 ὅτι
3211 2742 3332 2796 καθ’
3364 2742 3530 2795 αὑτό·
3566 2742 3690 2793 ἐπεὶ
3724 2741 3817 2792 καὶ
3844 2743 3871 2792 6
3914 2740 4016 2807 φό-

2432 2856 2541 2902 νος,
2638 2838 2795 2907 φόνος
2829 2837 2997 2901 ὲστὶν,
3025 2835 3132 2888 τῶν
3157 2835 3281 2889 καθ’
3310 2834 3441 2888 αὐτὸ
3468 2834 3654 2886 κακῶν
3688 2827 3831 2884 εἶναι
3874 2832 4019 2883 ἀπο-

2433 2932 2733 2984 δέδεικται·
2770 2929 2851 2981 διὸ
2898 2928 2994 2981 καὶ
3019 2929 3092 2992 ὡς
3116 2926 3538 2997 ὡμολογημένον
3578 2927 3672 2979 καὶ
3716 2924 3848 2995 παρ’
3876 2927 4017 2995 ἡμῖν

2436 3023 2697 3092 εἰλήφθω.

2512 3114 2592 3167 ιδ’.
2631 3109 2763 3166 Εἶτα
2793 3113 2851 3164 τὸ
2885 3111 3057 3181 βραχὺ
3091 3110 3283 3163 τούτου
3311 3110 3716 3177 συναπτόμενον
3745 3109 3807 3161 τὸ
3831 3110 4018 3175 λέγονο

749 3226 767 3258 ι
799 3208 1122 3276 chitimum
1157 3210 1453 3273 insonsque
1475 3214 1557 3258 cst
1590 3204 1839 3257 occidere
1876 3220 1998 3257 cuni
2029 3205 2120 3272 qui
2146 3213 2328 3257 censet

2447 3228 2463 3257 ι
2500 3209 2762 3274 Ἔννομον
2792 3206 2845 3257 δὲ
2899 3206 2992 3256 καὶ
3040 3204 3260 3272 θεμιτὸν
3302 3202 3391 3254 τὸν
3442 3201 3736 3264 δοξέιζοντα⁵
3766 3202 4022 3268 φονεύειν

744 3302 978 3354 dandum
1012 3299 1117 3351 Deo
1166 3298 1394 3361 socium,
1429 3306 1480 3349 ct
1507 3296 1727 3365 quidem
1764 3297 1878 3365 pari
1929 3298 2162 3364 potentia
2195 3312 2330 3364 prat-

744 3389 938 3440 ditmn.
978 3406 992 3434 I
1025 3384 1099 3446 Id.
1126 3386 1368 3454 inquam,
1401 3400 1563 3452 quam
1614 3384 1845 3452 superbe
1877 3398 1904 3435 a
1941 3394 1990 3436 tc
2040 3385 2238 3436 dicitur
2280 3392 2333 3436 et

745 3474 1095 3544 arroganter!
1145 3480 1241 3525 aut
1283 3472 1326 3526 si
1372 3472 1544 3541 magis
1590 3471 1809 3540 proprie
1856 3470 2186 3539 loquendum
2226 3481 2329 3532 cst,

746 3575 946 3635 quanta
974 3562 1269 3617 stoliditate
1289 3573 1450 3629 atque
1476 3562 1686 3615 insania
1718 3561 1923 3613 scatet!
1953 3559 2084 3612 Nam
2113 3574 2332 3629 propter

750 3657 978 3710 ninltam
1010 3654 1381 3723 stupiditatem
1413 3664 1559 3705 tuam
1609 3661 1663 3705 et
1698 3651 2088 3711 infidelitatem,
2126 3650 2332 3718 absque

752 3746 1041 3801 ratiocinio
1086 3745 1274 3799 nescio
1305 3743 1581 3812 quomodo
1618 3742 1895 3812 judicans,
1925 3757 2099 3810 neque
2140 3725 2197 3793 ut
2232 3756 2333 3794 nos

749 3841 1135 3910 prtealicamus,
1167 3839 1260 3892 sed
1300 3852 1435 3890 vane.
1466 3851 1713 3905 pugnans
1745 3845 1796 3888 et
1828 3835 1993 3887 stulte
2030 3834 2330 3897 blaterans,

749 3935 867 3987 sine
890 3949 1051 3985 causa
1076 3947 1175 3985 nos
1201 3931 1414 3989 irridcs,
1438 3929 1599 3997 quasi
1630 3929 2019 3996 participantes
2045 3928 2330 3994 quosdam,

748 4035 800 4078 ct
827 4025 934 4075 Deo
970 4024 1131 4076 unico
1161 4022 1360 4089 unique
1397 4020 1661 4089 principio
1707 4018 2123 4088 :equipollentes
2172 4019 2330 4070 indu-

749 4130 957 4168 camus.
986 4114 1119 4178 Quis
1142 4112 1285 4165 enim
1320 4128 1383 4164 ex
1415 4110 1635 4166 nostris.
1669 4111 1781 4163 sive
1808 4109 2039 4177 pusillus
2078 4108 2191 4160 sive
2218 4122 2334 4159 ma-

750 4222 921 4274 gnus,
962 4205 1223 4272 cogitavit
1272 4219 1510 4271 unquam
1557 4212 1647 4255 aut
1702 4203 1957 4255 confinxit
2003 4216 2333 4269 quemquam

749 4314 873 4351 esse
920 4299 1028 4351 Deo
1078 4297 1242 4350 unico
1286 4296 1488 4363 unique
1531 4294 1798 4364 principio
1840 4294 2332 4346 connnunicantem

751 4400 843 4442 aut
863 4390 1296 4458 aaquipollentem
1320 4388 1342 4440 ?
1371 4375 1482 4456 quo
1507 4397 1769 4455 pra-textu
1797 4394 1990 4439 vestrm
2022 4396 2331 4439 nostrorum

752 4486 1033 4539 hominum
1066 4480 1592 4548 occisiones,justw,
1620 4488 1675 4532 ut
1700 4489 1753 4530 tu
1786 4479 1887 4542 ais,
1929 4476 2333 4531 evailant?Etsi

2438 3297 2796 3360 auyzmvwv-‘w
2816 3297 2908 3347 τοῦ
2943 3294 3076 3346 Θεοῦ
3103 3296 3195 3346 καὶ
3231 3294 3640 3347 ἀναπλάττοντα
3672 3293 4020 3363 ἰσοδύναμον,

2435 3407 2503 3442 πο
2529 3408 2593 3453 ας
2651 3388 2970 3451 ἀλαζονείας
3032 3387 3127 3439 καὶ
3175 3385 3529 3453 φυσιώσεως,
3586 3386 3617 3456 ἦ
3682 3386 4022 3455 οἰκειότερον

2436 3481 2621 3549 φάναι,
2668 3478 2967 3546 ὲκπληξίας
3024 3494 3083 3529 τε
3131 3477 3226 3529 καὶ
3278 3477 3675 3547 ὲμϐροντησίας
3708 3478 4022 3545 ἀνάμεστον

2434 3574 2532 3622 οᾷκ
2582 3569 2647 3622 ἂν
2670 3570 2783 3638 εἴης
2825 3569 2917 3621 Ἐκ
2949 3572 3057 3638 γὰρ
3094 3567 3297 3635 πολλῆς
3347 3568 3609 3636 εὐηθείας
3630 3569 3724 3619 καὶ
3753 3569 4019 3630 ἀπιστίας

2434 3662 2702 3731 ἀλογιστξ,
2754 3660 2852 3711 οὐκ
2910 3655 3004 3711 οἷδ’
3042 3660 3149 3729 ὅτῳ
3200 3660 3387 3728 τρόπῳ
3427 3658 3619 3723 δόξαν,
3662 3660 3756 3711 καὶ
3808 3662 3909 3727 οὐχ
3948 3661 4025 3723 ὡς

2436 3752 2596 3820 ἡμεῖς
2626 3749 2988 3819 κηρύττομεν,
3023 3748 3335 3817 σκιομαχῶν
3361 3748 3454 3800 καὶ
3487 3750 3689 3815 μάταια
3715 3749 4027 3817 ἐρευγόμε-

2434 3858 2545 3904 νος,
2604 3842 2749 3911 ἡμᾶς
2811 3839 3231 3899 ἀναπλαστικῶς
3288 3839 3662 3908 διακωμῳδεῖς
3725 3841 4026 3903 κοινωνούς

2434 3951 2586 3996 τινας
2641 3934 2734 3986 καὶ
2784 3933 3137 4001 ἰσοδυνάμους
3167 3932 3259 3985 τοῦ
3312 3932 3429 3994 ἑνὸς
3459 3930 3595 3984 Θεοῦ
3628 3931 3724 3985 καὶ
3757 3932 3858 4000 τῆς
3892 3936 4026 4002 μιᾶς

2436 4027 2610 4096 ἀρχῆς
2650 4026 3065 4091 ἐπεισάγοντας·
3096 4026 3180 4087 τίς
3209 4024 3317 4093 γὰρ
3346 4024 3455 4077 τῶν
3487 4026 3545 4077 ἐν
3585 4027 3720 4093 ἡμῖν
3753 4028 3957 4093 μικρὸς
3987 4028 4023 4096 ἢ

2440 4118 2614 4186 μέγας
2649 4115 2778 4170 ποτὲ
2805 4116 3085 4186 ἐνενόησεν
3116 4116 3148 4185 ἢ
3186 4116 3419 4168 ἔπλασεν
3447 4116 3539 4167 ἐπὶ
3568 4115 3660 4167 τοῦ
3726 4117 3855 4179 ἑνὸς
3877 4117 4028 4170 Θεοῦ

2438 4206 2531 4257 καὶ
2560 4205 2659 4272 τῆς
2693 4205 2822 4273 μιᾶς
2852 4205 3025 4273 ἀρχῆς
3061 4203 3315 4255 κοινωνὸν
3360 4201 3699 4270 ἰσοδύναμον,
3738 4203 3826 4255 ῖνα
3870 4205 3969 4255 καὶ
3998 4207 4028 4256 6

2437 4298 2517 4359 ei;
2547 4298 2691 4364 ἡμᾶς,
2725 4294 3113 4364 ἐνεργούμενος
3148 4294 3308 4360 φόνος
3353 4292 3574 4361 θεμιτὸς
3606 4292 3670 4344 ἂν
3707 4294 3816 4362 εῖη,
3842 4294 3921 4356 ὡς
3954 4296 4023 4348 σὺ

2438 4391 2582 4459 φήςς
2616 4390 2663 4440 εἰ
2694 4388 2802 4457 γὰρ
2835 4387 2930 4440 καὶ
2956 4389 3086 4456 παρ’
3114 4389 3240 4455 ἡμῖν
3275 4387 3397 4448 Υἱὸς
3425 4385 3560 4437 Θεοῦ
3594 4384 3668 4448 ὡς
3707 4387 3842 4449 Θεὸς
3882 4387 4024 4457 ἀληο

2439 4482 2582 4545 θινὸς
2614 4482 2707 4534 καὶ
2732 4481 2891 4543 αὐτὸς
2928 4481 3001 4531 ὢν
3027 4480 3269 4549 ὀμοφυὴς
3313 4479 3388 4546 τῷ
3412 4478 3531 4547 Θεῷ
3565 4481 3657 4530 καὶ
3689 4480 3865 4549 Πατρὶ
3902 4480 4030 4533 θεο-

752 4576 894 4625 enim
920 4589 948 4624 a
979 4570 1133 4623 nobis
1169 4568 1338 4623 Filius
1368 4568 1457 4621 Dei
1490 4576 1749 4635 tanquam
1787 4583 1945 4619 verus
1976 4566 2134 4628 Deus,
2165 4566 2328 4618 idem-

2441 4573 2678 4640 λογεῖται
2728 4573 2821 4623 καὶ
2866 4570 3167 4633 δοξάζεται,
3222 4569 3337 4621 ἀλλ’
3385 4570 3482 4637 οὐχ
3512 4569 3585 4630 ὡς
3634 4571 3891 4632 κοινωνὸς
3924 4573 4027 4638 τῆς

752 4682 857 4733 que
885 4662 990 4715 Deo
1016 4662 1160 4715 Ρειιι-ἱ
1184 4662 1555 4729 liomogencus
1573 4662 1948 4728 dicituratque
1971 4660 2325 4728 glorificatur,

754 4770 860 4806 non
892 4763 1070 4804 tamen
1105 4760 1163 4803 ut
1192 4750 1605 4804 communicatis
1632 4751 1724 4802 uni
1752 4750 2043 4818 principio,
2072 4759 2163 4803 aut
2189 4751 2329 4804 Deus

754 4855 903 4897 extra
953 4842 1167 4896 Patrem
1216 4842 1490 4895 eXSiSll‘IIS
1526 4849 1581 4893 et
1603 4840 1917 4909 adjunctus,
1953 4850 2013 4893 ut
2056 4850 2110 4893 tu
2150 4850 2331 4922 putas,

756 4939 808 4989 in
845 4946 1024 4989 nostra
1052 4934 1320 5002 theologia
1348 4932 1639 4991 definitur;
1679 4932 1781 4985 huc
1808 4933 1952 4984 enim
1978 4930 2087 4997 jam
2122 4947 2151 4984 a
2176 4931 2332 4986 nobis

754 5031 1190 5081 demonstratum
1243 5026 1382 5091 fuit;
1446 5030 1539 5078 sed
1577 5040 1717 5078 unus
1754 5022 1896 5075 Deus
1922 5037 2045 5075 eum
2089 5021 2248 5077 Patre
2281 5032 2336 5078 et

757 5122 963 5190 Spiritu
997 5128 1187 5172 sancto
1230 5126 1333 5180 est,
1366 5124 1419 5169 et
1449 5131 1479 5170 a
1514 5115 1669 5169 nobis
1706 5114 2045 5185 Christianis
2094 5114 2335 5168 creditur

754 5226 806 5266 et
860 5211 1212 5281 glorificatur.
1242 5207 1394 5274 Quod
1449 5209 1493 5261 si
1539 5209 1611 5261 ita
1662 5216 1767 5266 est,
1810 5218 2011 5260 temere
2065 5215 2118 5259 tu
2182 5208 2337 5261 nobis

756 5307 1015 5375 probrum
1074 5320 1140 5358 ex
1195 5303 1461 5356 vocabulo
1527 5300 1985 5354 communicantis
2036 5301 2335 5369 impingis:

757 5411 789 5451 ιι
814 5412 959 5451 mere
1004 5396 1130 5450 item
1172 5395 1476 5448 occisiones
1508 5409 1646 5462 quas
1692 5402 2003 5446 nostrorum
2056 5392 2333 5446 hominum

756 5490 1233 5552 facitis,divinitus
1256 5489 1548 5557 inspiratas
1580 5486 1954 5554 lcgitimasque
1990 5494 2230 5553 reputas,
2255 5487 2331 5539 uti

759 5581 975 5637 scribis.
1020 5580 1154 5635 Nam
1188 5583 1266 5646 si,
1311 5590 1594 5651 propterea
1645 5578 1791 5644 quod
1838 5579 2331 5629 eommunicantem

830 5784 983 5863 (_t_l)»ln
1003 5788 1119 5863 _hac
1148 5787 1261 5863 ipsa
1294 5784 1516 5863 epistola
1553 5798 1673 5863 cap.
1694 5782 1762 5862 '7,
1803 5778 1914 5863 col.
1945 5782 2071 5836 8‘29.

2443 4664 2569 4733 μιᾶς
2605 4663 2799 4731 ἀρχῆς,
2830 4661 2862 4730 ἦ
2900 4659 2993 4712 τοῦ
3037 4661 3247 4728 Πατρὸς
3286 4660 3485 4725 ἔξωθεν
3517 4659 3591 4711 ῶν
3621 4660 3751 4721 Θεὸς
3781 4678 4027 4729 παρεισ-

2440 4757 2779 4827 κρινὸμενος,
2806 4754 2880 4816 ὼς
2931 4755 2994 4806 σὺ
3026 4756 3279 4817 ἐπινοεῖς,
3308 4753 3637 4820 θεολογεῖται
3682 4754 3865 4822 (τοῦτο
3908 4758 4026 4826 γὰρ

2440 4850 2571 4917 ἡμῖν
2602 4848 2697 4901 καὶ
2728 4847 3102 4901 ἀποδέδεικται
3135 4845 3287 4918 [10])
3318 4862 3331 4875 ·
3363 4846 3569 4910 ἀλλ’ὡς
3599 4841 3678 4910 εἷς
3708 4846 3842 4911 Θεὸς
3878 4852 4026 4919 μετά

2444 4939 2655 5009 Πατρὸς
2686 4942 2781 4991 καὶ
2830 4938 3146 5008 Πνεύματος
3200 4938 3394 5003 ἁγίου,
3453 4937 3549 4990 καὶ
3585 4937 3701 4989 ἔστι
3741 4938 3840 4990 καὶ
3889 4956 4008 5010 παρ

2439 5031 2594 5100 ἡμῶν
2627 5030 2735 5083 τῶν
2766 5029 3108 5099 Χριστιανῶν
3139 5028 3319 5090 καλῶς
3351 5028 3672 5081 πιστεύεταί
3705 5045 3765 5081 τε
3805 5030 3903 5081 καὶ
3935 5031 4027 5082 δο-

2437 5120 2679 5184 ξάζεται.
2712 5121 2771 5172 El
2800 5120 2855 5172 δὲ
2904 5118 3081 5186 τοῦτο,
3118 5122 3296 5190 μάτην
3326 5119 3415 5172 τὸν
3462 5119 3663 5172 οὑτωσὶ
3703 5120 3901 5189 μῶμον
3931 5123 4026 5174 τὸν

2435 5215 2499 5265 ὲκ
2528 5211 2621 5263 τοῦ
2659 5212 2913 5264 κοινωνοῦ
2936 5214 3077 5281 ,ἡμῖν
3124 5212 3475 5282 προστρίϐεις
3504 5228 3517 5241 ·
3555 5211 3637 5263 ἔτι
3671 5228 3734 5277 γε
3769 5212 3880 5280 μὴν
3929 5216 4025 5266 καὶ

2437 5304 2525 5355 τὸν
2558 5302 2617 5367 ἐξ
2651 5303 2804 5373 ὑμῶν
2839 5306 2915 5366 εἰς
2970 5307 3118 5371 ἡμᾶς
3174 5303 3566 5373 ἐνεργούμενον
3617 5304 3778 5371 φόνον
3834 5305 4023 5358 ἔνθεον

2439 5395 2532 5445 καὶ
2562 5394 2784 5463 ἔννομον
2812 5394 3023 5467 λογίζῃ,
3052 5396 3127 5456 ὡς
3162 5395 3416 5464 γράφεις
3446 5396 3492 5446 ει
3532 5394 3642 5462 γὰρ
3680 5394 3770 5447 διὰ
3802 5395 3867 5447 τὸ
3907 5414 4023 5448 κοι-

2437 5488 2606 5539 νωνὸν
2640 5490 2730 5541 καὶ
2769 5489 3089 5559 ἰσοδυναμον
3112 5489 3269 5552 Θεοῦ,
3300 5489 3373 5553 ὡς
3396 5489 3550 5543 αὐτοί
3572 5506 3708 5559 φατε
3736 5490 4025 5545 ἀναπλάτ-

2440 5597 2555 5632 τειν
2604 5581 2771 5650 ἡμᾶς,
2805 5579 3026 5651 ἕννομόν
3080 5581 3306 5635 ἐστινιτὸ
3350 5581 3439 5651 ὑφ’
3467 5580 3622 5651 ὑμῶν
3667 5583 4025 5651 φονεύεσθαι,

836 5857 944 5928 μυ)
1003 5856 1059 5910 In
1114 5852 1483 5911 cotifntatione
1538 5853 1740 5923 prioris
1792 5852 2163 5920 Agarenorum
2210 5854 2469 5923 epistolte,
2506 5867 2623 5921 cap.
2660 5852 2693 5906 9
