4168 6450
784 381 4004 420 ———-————_——"_
1371 416 1514 420 _____
1537 414 1804 420 ________.
1811 401 4004 420 ____________—_____--;___.

1533 412 2066 424 ————-_—_—_

2017 562 2188 602 ANNO
2237 559 2461 601 DOMINI
2527 560 2784 601 DCCCXC.

902 763 2496 948 THEOGNOSTUS
2641 761 3892 945 MONACHUS.

2071 1085 2719 1198 NOTITH.

1234 1312 1517 1372 (llsucuws,
1551 1311 1615 1359 De
1645 1305 1827 1359 Gra’cis
1861 1304 2179 1369 scriptoribus
2204 1300 2517 1354 historiarum
2544 1302 2936 1367 Bgzantinarzan,
2964 1303 3156 1367 Lipsize,
3177 1304 3325 1365 1677,
3353 1304 3519 1369 in-t’).

848 1618 888 1673 Ι.
929 1616 1309 1684 Theognostus
1371 1612 1691 1675 monachus,
1745 1607 2016 1663 exarchus
2068 1605 2726 1676 ConStanlinopo'itanus,
2769 1606 2820 1660 id
2878 1615 2984 1672 est,
3053 1608 3377 1677 patriarehzc
3423 1607 4022 1682 Constantinopolitani

772 1707 982 1777 legatus
1008 1705 1241 1775 (qualem
1289 1711 1538 1757 auctores
1566 1698 1744 1753 Latini
1778 1695 2113 1750 recentiores
2144 1696 2472 1751 visitatarem
2521 1695 2851 1760 nominant),
2885 1711 3008 1750 cum
3069 1695 3309 1765 lgnatins
3353 1697 4020 1769 Constantinopolitanum

775 1793 1226 1863 patriarchatum,
1254 1789 1424 1860 ’qnem
1465 1788 1532 1842 ab
1572 1800 1718 1840 anno
1747 1783 1948 1839 Christi
1983 1783 2086 1836 847
2116 1798 2211 1852 per
2245 1798 2416 1840 annos
2444 1784 2556 1838 fere
2588 1784 2874 1839 duodecim
2927 1793 3190 1854 gesserat,
3223 1801 3369 1839 anno
3395 1787 3598 1841 Christi
3626 1789 3730 1844 858
3760 1790 3814 1843 in
3865 1792 4020 1845 exsio

774 1880 906 1934 lium
941 1878 1008 1932 ab
1047 1879 1375 1947 imperatore
1406 1873 1668 1929 Michaele
1693 1870 1904 1942 pulsus,
1944 1868 2139 1923 Photio
2164 1872 2454 1937 cessisset;
2494 1869 2788 1940 lgnatianis
2819 1869 3141 1931 Photianos,
3174 1870 3453 1928 Photianis
3490 1873 3800 1944 lgnatianos
3833 1892 4022 1944 perse-

773 1966 1092 2036 quentibus,
1124 1964 1190 2018 ad
1231 1961 1638 2032 componendas
1670 1960 1796 2014 lites
1827 1958 1894 2011 Λ.
1930 1955 1994 2012 C.
2029 1957 2127 2011 861
2163 1957 2433 2012 celebrata
2492 1958 2746 2027 synodus
2795 1957 3402 2028 Contantinopolitana,
3459 1963 3821 2029 przesentihus
3858 1961 4023 2016 Nico-

769 2054 841 2110 lai
871 2053 886 2107 I
923 2053 1155 2108 Romani
1183 2051 1459 2122 pontilieis
1491 2048 1702 2119 legatis,
1747 2045 2187 2116 patriarchatum
2216 2044 2424 2115 lgnatio
2458 2045 2739 2113 demptum
2772 2043 2967 2100 Photio
2997 2047 3442 2116 adjndieavisset,
3479 2047 3532 2102 id
3577 2064 3682 2102 non
3730 2049 4017 2104 ferendum

770 2152 946 2208 ratus,
979 2142 1072 2210 qui
1112 2157 1231 2194 cum
1262 2137 1556 2208 Ignatianis
1595 2135 1885 2198 sentiebat,
1917 2132 2054 2187 clam
2088 2133 2189 2187 sub
2220 2132 2408 2187 habitu
2441 2134 2582 2188 civili
2607 2133 2837 2187 Romam
2865 2133 3161 2204 profectus,
3204 2153 3306 2206 ope
3358 2135 3594 2197 Nicolai,
3642 2151 3752 2192 tum
3787 2138 4018 2208 lgnatto,

769 2240 882 2283 tum
931 2229 1096 2282 etiam
1130 2226 1232 2280 sibi
1261 2225 1548 2279 consulere
1577 2223 1753 2277 modis
1789 2221 2044 2276 omnibus
2073 2229 2324 2275 conatur.
2360 2221 2640 2292 Stylianns
2676 2221 3136 2278 Neocresariensis
3171 2225 3223 2277 in
3256 2225 3448 2279 litteris
3489 2226 3554 2279 ad
3589 2228 3930 2294 Stephanum
3976 2228 4015 2281 ν

767 2314 1073 2370 Romanum
1114 2314 1448 2384 pontiﬁcem,
1483 2328 1610 2366 cum
1666 2310 1972 2373 retulisset,
2011 2309 2067 2362 in
2133 2310 2369 2364 concilio
2402 2311 3022 2380 Constantinopolitano
3059 2312 3492 2380 patriarchatum
3529 2315 3596 2367 ah
3638 2315 3768 2382 ipsis
3817 2316 4018 2386 legatis

770 2402 1034 2458 Romanis
1073 2401 1267 2455 Photio
1313 2400 1694 2454 confirmatum
1728 2412 1742 2450 :
1782 2397 1979 2448 Ὁπότε
2030 2396 2122 2447 καὶ
2162 2394 2307 2465 ζήλῳ
2346 2413 2416 2448 κω

2372 2396 2589 2466 mea;
2622 2399 2650 2450 ὁ
2689 2398 2921 2467 μοναχὸς
2973 2399 3318 2466 Θεόγνωστος
3362 2401 3390 2452 ὁ
3439 2399 3897 2471 ἀρχιμανδρετης,
3924 2405 4018 2456 καὶ

766 2491 857 2545 διὰ
885 2490 1160 2560 κοσμικῆς
1198 2488 1390 2556 στολῆς
1420 2485 1696 2555 λαθραίως
1753 2484 1847 2536 καὶ
1881 2482 2044 2545 αὐτὸς
2076 2483 2155 2545 εἰς
2192 2481 2409 2552 Ῥώμην
2461 2483 2740 2552 ἐπιδημεῖ,
2799 2483 2893 2536 καὶ
2926 2483 2994 2537 τὰ
3053 2485 3197 2538 κατὰ
3222 2484 3317 2538 τοῦ
3354 2487 3615 2555 Ἰγνατίου
3647 2488 3894 2542 διδάσκει
3927 2492 4018 2544 τδν

766 2577 1068 2647 ἁγιώτατον
1093 2575 1281 2629 minam
1315 2574 1610 2628 Νικόλαονο
1647 2572 1779 2626 Tum
1819 2572 1979 2624 etiam
2045 2571 2153 2623 zelo
2201 2586 2412 2622 commot

2375 2580 2492 2624 atus
2544 2571 2836 2624 monachus
2889 2570 3249 2642 Theognostus
3303 2575 3748 2631 archimandrites
3790 2588 3840 2632 et
3872 2581 4019 2634 civili

763 2667 945 2719 habitu
973 2665 1110 2717 clam
1142 2674 1188 2716 et
1227 2665 1334 2732 ipse
1371 2662 1591 2714 Romam
1626 2660 1950 2728 properavit,
1979 2668 2028 2710 et
2074 2674 2292 2710 causam
2332 2656 2534 2726 lgnatii
2557 2659 2796 2726 exposuit
2828 2661 3161 2712 sanctissimo
3199 2676 3346 2728 papae
3380 2661 3631 2719 Nicolao,

834 2753 898 2806 ll.
931 2751 1116 2804 Romae
1164 2767 1286 2805 eum
1323 2750 1544 2812 viveret,
1573 2750 1639 2800 ah
1673 2748 2000 2816 imperatore
2059 2745 2337 2809 Michaele,
2381 2746 2524 2799 sicut
2555 2747 2694 2799 inter
2736 2746 3161 2802 calumniatores
3193 2747 3547 2814 referebatur,
3598 2751 3693 2819 qui
3752 2751 4014 2809 Photinm

761 2847 814 2893 ct
854 2837 1148 2893 Photianos
1177 2839 1227 2891 in
1275 2837 1566 2891 Occidente
1615 2835 1881 2904 ligmentis
1925 2832 2301 2896 traducebant,
2360 2833 2430 2886 ita
2485 2823 3022 2903 Constantinopolim
3083 2838 3149 2889 ad
3182 2836 3444 2900 tribunal,
3489 2839 3581 2892 sed
3619 2840 4015 2911 nequidquam,

762 2931 1053 2985 citabatnr.
1113 2929 1218 2984 Pro
1286 2926 1638 2997 Theognosto
1711 2923 1966 2978 Nicolaus
2006 2921 2270 2990 pontifex,
2327 2923 2552 2991 ipsemet
2584 2922 2916 2991 Ignatianus.
2957 2925 3184 2992 cpistola
3215 2925 3248 2977 8
3279 2927 3491 2996 (quam,
3545 2937 3605 2982 ut
3653 2945 3720 2984 ex
3781 2921 4017 3001 cpistola

769 3021 803 3075 9
834 3020 1022 3089 colligi-
1047 3027 1244 3088 potest,
1281 3019 1342 3070 Δ.
1365 3015 1425 3069 C.
1459 3015 1586 3080 865,
1618 3013 1916 3068 indictione
1943 3010 2056 3065 XIII
2089 3009 2328 3080 scripsit)
2357 3012 2670 3082 imperatori
2690 3013 2936 3068 Michaeli
2968 3015 3330 3084 respondebat
3364 3035 3376 3070 :
3411 3015 3583 3072 Porro
3613 3021 3832 3090 scripsit
3857 3025 4008 3078 nobis

758 3110 1038 3178 imperium
1069 3116 1297 3161 vestrum
1349 3115 1405 3157 ut
1437 3103 1844 3173 Theognostum,
1904 3101 1997 3171 qui
2025 3118 2056 3154 a
2082 3101 2249 3169 fratre
2313 3108 2362 3152 et
2423 3102 2726 3168 coepiscopo
2772 3112 2952 3154 nostro
2993 3102 3202 3173 lgnatio
3234 3122 3392 3173 super
3419 3109 3680 3173 quasdam
3703 3115 4008 3178 prouincias

760 3196 1084 3248 exure/tatus
1117 3191 1326 3271 pondus
1352 3192 1618 3260 accepisse
1661 3190 2016 3259 dignoscitur,
2047 3203 2138 3240 nec
2167 3203 2268 3238 non
2289 3195 2338 3239 et
2364 3186 2498 3241 alios
2539 3189 2824 3242 monachos
2871 3190 2994 3251 sibi,
3034 3199 3285 3260 tanquam
3312 3203 3494 3248 vestrae
3528 3196 3841 3266 Augustalis
3866 3202 4014 3270 inju-

758 3289 985 3340 riatores
1026 3276 1368 3339 Excellentiw
1395 3284 1740 3336 (festinemus.
1783 3278 1847 3334 In
1878 3295 1981 3348 quo
2017 3286 2331 3330 cumtamen
2369 3274 2472 3343 ipsi
2524 3276 2865 3345 injuriatores
2909 3279 3067 3331 vestri
3097 3295 3198 3332 non
3243 3281 3463 3349 fuerint,
3503 3286 3631 3352 quid
3683 3287 3857 3352 aliud,
3908 3292 4014 3344 nisi

755 3383 812 3426 ut
842 3385 1042 3442 quanta
1075 3389 1225 3441 prmia
1267 3380 1314 3424 et
1351 3369 1542 3440 quibus
1583 3367 1858 3420 tormentis
1880 3364 2238 3432 subjiciuntur
2273 3363 2326 3415 hi
2353 3364 2441 3432 qui
2477 3378 2543 3416 ea:
2572 3374 2723 3430 parte
2745 3363 2947 3434 lgnatii
2980 3375 3123 3430 sunt,
3153 3377 3200 3421 et
3236 3372 3381 3436 apud
3408 3386 3495 3424 vos
3521 3373 3576 3424 in
3607 3373 3813 3428 ditione
3835 3389 4010 3430 uestra

756 3462 1053 3514 consistunt
1075 3500 1088 3522 ,
1117 3458 1373 3526 liquidius
1430 3471 1798 3524 agnoscamus.
1827 3452 2054 3517 Quando
2083 3452 2136 3503 hi
2168 3466 2268 3503 non
2295 3449 2472 3518 utique
2505 3451 2572 3502 ad
2603 3451 2808 3518 epulas,
2841 3468 2944 3505 non
2971 3453 3040 3504 ad
3075 3454 3276 3523 infulas
3303 3457 3531 3526 alicujus
3561 3460 3779 3514 honoris
3832 3470 4012 3533 pen-5-

753 3549 973 3615 piendas
1006 3547 1242 3615 profecto
1277 3556 1612 3615 quan-untur,
1645 3543 1732 3596 sed
1757 3543 1932 3610 potius
1971 3542 2037 3594 ad
2065 3539 2406 3608 puniendum,
2441 3553 2568 3606 quos
2593 3539 2729 3606 forte
2769 3555 2859 3592 nec
2891 3540 3116 3603 uidistis,
3162 3558 3254 3596 nec
3283 3545 3436 3612 cujus
3463 3548 3622 3600 moris
3644 3550 3773 3615 sint,
3796 3555 4010 3620 penitus

753 3636 1064 3704 agnovistis.
1103 3635 1336 3703 Denique
1362 3633 1576 3702 quidant
1600 3646 1782 3683 eorum
1820 3630 1884 3682 ab
1928 3629 2144 3680 ineunte
2177 3634 2332 3680 a'tate
2366 3624 2545 3680 Roma!
2569 3627 2762 3680 divinis
2796 3626 3056 3696 obsequiis
3092 3631 3340 3698 fantulati
3369 3643 3516 3698 sunt,
3554 3645 3601 3687 et
3650 3654 3751 3689 non
3801 3639 4007 3704 justum

755 3723 1017 3777 credimus
1048 3722 1353 3790 hujusmodi
1383 3719 1660 3774 tormentis
1699 3719 1814 3786 fore
1856 3716 2175 3771 subdendos.
2218 3713 2600 3782 Theognostum
2631 3727 2810 3768 autem
2842 3732 2944 3768 non
2967 3715 3031 3769 de
3063 3718 3203 3771 vobis
3231 3720 3474 3784 sinistra,
3510 3723 3600 3776 sed
3625 3727 3806 3791 potius
3846 3745 4006 3796 grata

749 3810 1041 3878 pra'dicare
1070 3818 1348 3862 testamur.
1384 3805 1742 3871 Quaniobrem
1795 3821 1920 3874 ergo
1951 3820 2070 3857 eum
2129 3803 2382 3872 quwratis
2408 3802 2735 3872 ignoramus,
2769 3805 2872 3857 nisi
2895 3805 3052 3872 forte,
3085 3809 3207 3876 quia
3237 3808 3390 3863 illinc
3442 3811 3682 3880 fugatus,
3731 3814 3817 3867 hic
3860 3823 4005 3886 apud

751 3913 844 3950 nos
874 3898 1125 3966 requiem,
1148 3896 1593 3965 quemadmodum
1625 3894 1888 3947 innumeri
1925 3891 2242 3951 Christiani,
2277 3889 2668 3959 aliquantulum
2700 3893 2910 3958 reperit.
3800 3917 3813 3927 -

823 3985 913 4040 Ill.
947 3985 1083 4038 Eam
1114 3999 1243 4036 vero
1275 3981 1658 4050 Theognostus
1693 3980 1834 4048 apud
1867 3978 2150 4032 Romanos
2185 3976 2356 4029 inibat
2386 3991 2469 4045 gr:

2386 3976 2642 4045 gratiam,
2677 3987 2737 4029 ut
2775 3977 2843 4030 ab
2878 3977 2943 4032 iis
2973 3979 3408 4053 ἀρχιμανὸρίτης
3465 3984 3562 4054 τῆς
3623 3988 4004 4060 πρεσϐυτέρας

765 4079 1006 4149 Ῥώμης,
1051 4076 1496 4130 archimandrites
1522 4077 1707 4130 veteris
1741 4074 1948 4137 Bonae,
1978 4072 2029 4126 id
2062 4081 2166 4136 est,
2207 4070 2494 4140 praefectus
2550 4073 3006 4126 monasteriorum
3049 4078 3247 4129 veteris
3290 4076 3498 4140 Ranae,
3543 4085 4002 4149 constitueretur,

743 4168 844 4237 qui
889 4182 1044 4222 nov;e
1098 4164 1311 4228 Romae,
1372 4164 1534 4219 idest
1565 4161 2132 4229 Constantinopoleos,
2179 4159 2452 4212 exarchus
2485 4159 2785 4213 exstiterat.
2840 4158 3006 4216 Docet
3056 4163 3158 4218 hoe
3222 4165 3411 4221 titulus
3457 4183 3619 4236 quem
3664 4168 4002 4241 Theognosti

745 4255 990 4308 narratio
1028 4255 1309 4323 prtetixum
1354 4251 1508 4321 gerit,
1543 4250 1569 4320 §
1605 4247 1712 4302 VIII
1755 4248 1807 4302 in
1850 4247 2086 4302 medium
2113 4245 2436 4299 allerendus.

817 4341 905 4396 IV.
929 4340 1172 4412 lgnatius
1193 4341 1260 4393 al.)
1287 4340 1616 4408 imperatore
1635 4337 1854 4397 Basilio,
1881 4334 2159 4388 Michaelis
2183 4347 2524 4393 successore,
2549 4332 2797 4387 Photinm
2844 4337 3136 4407 relegante,
3184 4341 3618 4409 patriarchatum
3681 4346 4003 4405 Constanti-

740 4431 1126 4500 -nopolitanum
1157 4426 1302 4483 A.C.
1321 4426 1423 4480 867
1459 4426 1774 4494 recipiebat.
1794 4421 2302 4492 'l'heognostus,qni
2329 4437 2424 4490 per
2455 4438 2627 4476 annos
2660 4434 2862 4492 septeni
2887 4426 3148 4482 hactenus
3175 4427 3362 4484 Roma:
3383 4445 3770 4498 commoratus,
3789 4443 4001 4496 exsulis

741 4518 936 4585 lgnatii
963 4533 1189 4572 causam
1230 4515 1371 4586 apud
1412 4511 1692 4569 Nicolaum
1747 4513 1766 4567 Ι
1819 4521 1873 4566 et
1918 4510 2215 4563 Adrianutn
2249 4509 2294 4562 ll
2325 4510 2609 4578 pontiﬁces
2643 4510 2939 4579 llomanos,
2980 4518 3159 4570 nervis
3187 4519 3440 4575 omnibus
3466 4531 3752 4592 cgerat,A.
3802 4527 3864 4580 C.
3894 4529 4000 4583 863

739 4607 1278 4676 Constantinopolim
1313 4606 1708 4669 revertebatur,
1736 4601 1800 4654 ad
1835 4601 2093 4654 llasilium
2142 4597 2524 4666 imperatorem
2574 4607 2628 4652 ct
2659 4599 2924 4667 lgnatinm
2983 4605 3348 4671 patriarcham
3408 4608 3637 4674 litteras,
3703 4613 3755 4666 in
3794 4617 4001 4682 qutilms

740 4698 960 4765 utrique
989 4697 1249 4764 majorem
1281 4695 1332 4747 in
1370 4696 1587 4748 modum
1619 4690 2127 4750 commemlabatnr,
2170 4687 2239 4739 ab
2267 4685 2505 4739 Adriano
2533 4687 2764 4756 scriptas
2799 4689 3051 4746 allerens.
3087 4694 3382 4762 Adrianus,
3411 4699 3654 4766 partibus
3698 4701 3997 4772 lgnatianis

737 4786 1013 4848 addictus,
1053 4787 1106 4838 in
1145 4785 1376 4853 cpistola
1406 4784 1609 4853 [quam
1646 4781 1712 4836 ad
1739 4783 2124 4848 imperatorem
2165 4776 2443 4830 Basiliam.
2475 4771 2778 4829 lndietione
2811 4777 3102 4835 llialendis
3131 4784 3361 4853 Augusti
3393 4788 3608 4858 scripsit
3639 4771 3994 4859 (Anastasius

738 4873 1200 4927 BIlIllOllll‘Cﬂl‘lll‘i
1240 4874 1291 4925 in
1323 4874 1474 4926 Actis
1515 4871 1730 4925 concilii
1765 4863 2359 4934 (lonstantinopolitani
2389 4860 2452 4913 IV
2490 4861 2700 4916 Latinis
2734 4867 2950 4918 actione
2986 4869 3103 4935 ru),
3140 4883 3494 4938 reptezcsentat
3525 4891 3538 4926 :
3577 4874 3864 4947 Postquam
3891 4900 3993 4936 an-

737 4970 836 5012 tem
879 4961 1235 5028 cognorimus,
1270 4960 1406 5026 quod
1437 4960 1735 5010 misericors
1793 4955 1930 5009 Deus
1977 4954 2251 5021 imperium
2301 4960 2526 5002 vestrum
2559 4951 2720 5002 simul
2755 4962 2802 5004 et
2840 4954 3085 5020 affectum
3118 4959 3186 5010 ad
3227 4960 3322 5012 hoc
3363 4965 3611 5029 erexerit,
3643 4976 3701 5017 ut
3742 4969 3987 5036 dispersa

728 5057 1028 5114 congreget,
1061 5058 1109 5099 et
1144 5065 1259 5116 qtae
1314 5048 1616 5099 ceciderunt
1651 5047 1825 5110 erigat
1876 5055 1922 5096 et
1968 5042 2203 5094 contrita
2231 5039 2510 5104 resolidet;
2552 5041 2879 5109 ﬁducialiter
2907 5059 3207 5113 possumus,
3249 5049 3358 5102 Deo
3418 5055 3643 5120 gratias,
3705 5055 3985 5124 deposcere

731 5145 787 5186 ut
818 5135 855 5186 ii
879 5135 1178 5204 quiabjecti
1209 5148 1353 5200 sunt,
1391 5135 1453 5186 ab
1485 5135 1700 5200 imperio
1733 5144 1901 5186 rostro
1938 5133 2279 5197 recipiantur,
2314 5138 2362 5180 et
2412 5130 2450 5179 ii
2498 5129 2587 5197 qui
2638 5130 2887 5197 dispersi,
2938 5148 3337 5204 congregemur.
3386 5139 3717 5209 Quapropter
3743 5147 3983 5211 prode"-

729 5223 994 5273 tissimum
1055 5223 1223 5274 eiram
1283 5221 1665 5291 Theoguostum
1717 5219 2238 5273 honorabilissimum
2281 5218 2570 5269 exarchum
2648 5230 2832 5272 uestra:
2883 5221 3096 5289 ﬁducia:
3157 5228 3474 5282 remittentes
3521 5236 3988 5299 commendamus;

727 5310 816 5376 qui
877 5309 1161 5376 legatione,
1233 5324 1340 5361 tam
1390 5327 1484 5377 pro
1530 5311 1698 5379 fratre
1745 5321 1794 5361 et
1840 5306 2207 5360 comministro
2263 5318 2448 5357 nostro
2510 5303 2744 5373 lgnatio.
2781 5323 2936 5375 quam
2971 5325 3070 5377 pro
3103 5316 3308 5367 ueteris
3357 5320 3729 5374 contribulatis
3761 5322 3986 5390 functus

723 5412 811 5464 per
877 5398 1203 5464 septennium
1257 5399 1395 5465 apud
1424 5399 1679 5467 principis
1739 5397 2099 5464 apostolorum
2161 5393 2347 5446 limina
2394 5401 2450 5442 ut
2511 5393 2814 5459 peregrinus
2873 5401 2922 5446 et
2949 5398 3125 5451 incola
3182 5402 3332 5468 vixit,
3396 5415 3446 5456 et
3518 5422 3698 5460 eorum
3771 5415 3987 5480 conf“-

726 5483 962 5535 sionibus
1020 5491 1328 5536 memoriam
1372 5498 1597 5538 restrain
1641 5486 1841 5537 assidas
1909 5481 2334 5543 commendavit;
2382 5491 2430 5532 et
2468 5499 2497 5534 a
2539 5483 2624 5532 die
2680 5484 2934 5537 adventus
2987 5489 3070 5539 sui
3139 5505 3300 5558 usque
3344 5493 3414 5545 ad
3475 5511 3708 5562 prwsens
3760 5503 3983 5568 pietatis

723 5582 908 5624 vestra:
956 5574 1221 5640 prteconia
1252 5591 1497 5636 narrare,
1534 5585 1582 5626 et
1613 5572 1861 5626 lt'erlesia’
1905 5573 2248 5638 manifestare
2275 5569 2514 5631 vulnera,
2567 5580 2615 5622 et
2651 5570 2839 5622 horam
2880 5575 3138 5630 medelam
3190 5580 3395 5648 exigere
3432 5601 3534 5636 non
3558 5587 3783 5645 destitit.
3819 5591 3982 5646 Aqu

721 5674 839 5725 ergo
868 5661 1118 5728 quoniam
1154 5671 1200 5712 ct
1235 5663 1328 5714 iste
1357 5678 1490 5713 unus
1522 5677 1585 5713 ex.
1609 5662 1718 5713 illis
1758 5671 1857 5722 Cal,
1895 5660 2007 5728 qui,
2040 5669 2321 5727 postquam
2352 5657 2503 5722 lupus
2542 5657 2716 5725 factus
2757 5671 2832 5712 est
2864 5671 3066 5729 pastor,
3104 5668 3359 5722 continuo
3399 5671 3622 5739 dispersi
3671 5689 3720 5728 et
3751 5694 3784 5728 α
3832 5682 3981 5734 rubis

718 5748 802 5799 ua:
834 5749 1012 5802 onmia
1049 5751 1342 5819 regentibus
1371 5752 1676 5819 congregati
1711 5759 1854 5811 sunt,
1891 5757 2157 5803 reroretur
2191 5757 2240 5800 et
2269 5746 2400 5814 ipse,
2433 5746 2680 5812 petimus,
2711 5747 2833 5799 etin
2860 5751 3085 5803 mandra
3107 5753 3344 5820 ﬁdelium
3372 5760 3605 5814 omnium
3638 5778 3669 5814 α
3695 5763 3982 5822 clementia
