4168 6450
200 423 308 487 845
1140 425 1691 489 TIIEOGNOSTUS
1722 427 2153 490 MONACIIUS.
2177 455 2243 464 -
2270 429 2598 492 NOTITIA.
3353 431 3460 491 846

196 523 374 567 vestra
404 510 628 577 locetur,
683 519 734 567 et
753 514 901 569 inter
933 515 1175 571 ltetantes
1197 518 1311 585 pios
1344 520 1484 587 ﬁlios
1506 528 1721 586 paterno
1750 517 1938 585 affectu
1976 529 2092 589 post
2144 517 2309 589 longa:
2345 519 2671 589 captivitatis
2707 519 3045 572 reversionem
3084 527 3456 575 cannumerar;

197 616 501 670 mereatur;
541 617 588 661 et
615 606 677 661 ob
701 625 933 663 amarem
970 609 1084 673 Dei,
1110 622 1154 664 et
1172 622 1527 680 protectorum
1573 621 1859 667 vestrorum
1893 613 2188 680 principum
2216 612 2571 677 apostolorum
2602 610 2873 673 lia‘tarem,
2911 626 2943 662 a
2969 622 3190 678 quorum
3217 604 3463 673 regimine

195 695 574 762 proﬁciscitur,
625 696 1045 750 mansuetudinis
1077 708 1260 753 vestra:
1290 700 1493 753 auxilia
1524 701 1741 761 sentiat,
1798 709 1845 752 et
1879 712 1992 768 post
2020 698 2372 751 turbationem
2427 699 2781 758 serenitatem,
2809 704 2857 748 et
2884 706 2996 763 post
3026 692 3195 747 multa
3242 693 3464 773 adversa

194 793 395 849 optatte
439 784 807 851 prosperitatis
853 783 1116 853 effectum,
1160 798 1414 856 quatenus
1476 804 1569 856 per
1605 799 1948 857 patronorum
1988 798 2277 841 vestrorum
2327 787 2741 848 intercessiones,
2792 785 3088 854 principum
3134 770 3468 837 cidelicet‘ia

195 886 420 939 quorum
448 870 566 925 sede
593 873 900 935 remittitur,
951 884 998 927 et
1015 890 1236 943 quorum
1284 876 1637 944 principatum
1662 892 1755 944 pro
1773 876 2007 931 Ecclesia
2058 888 2248 939 vestra,
2281 893 2398 945 qua:
2431 876 2579 931 valde
2611 878 2857 944 fluctuat,
2904 874 2985 928 die
3015 890 3075 926 ac
3129 882 3274 927 nocte
3302 872 3470 926 inter-

195 958 393 1025 pellare
414 974 507 1027 per
553 959 724 1012 multa
742 961 1006 1014 curricula
1030 978 1130 1015 non
1163 965 1402 1017 cessavit.
1447 984 1465 1015 ι
1502 964 1558 1017 In
1584 963 1809 1031 epistola
1834 965 2047 1033 2quam
2079 965 2147 1019 ai
2198 965 2460 1033 Iguatium
2488 965 2851 1032 patriarcbam
2887 961 3183 1017 indictione
3208 977 3247 1019 ι.
3270 960 3466 1013 Kalen-

196 1042 281 1096 dis
300 1044 554 1105 Augusti,
569 1044 811 1112 scripsit,
827 1044 1173 1113 (Anastasius
1193 1046 1415 1113 ibidem)
1432 1047 1651 1101 exhibet
1680 1067 1693 1101 :
1716 1047 1985 1105 Praeterea
2011 1068 2338 1105 communem
2359 1052 2530 1119 filium
2555 1050 2956 1122 Theognastum,
2975 1048 3467 1103 reverendissimum

195 1130 488 1184 exarchum
514 1142 563 1184 et
589 1132 839 1185 dilectum
880 1133 1045 1196 nobis,
1069 1150 1185 1186 ecce
1214 1136 1281 1186 ad
1305 1150 1393 1187 vos
1446 1136 1858 1200 transmisimus,
1888 1137 1977 1205 qui
1995 1153 2058 1189 ea:
2076 1138 2504 1206 persequentibus
2537 1136 2941 1189 minutatoiibus
2970 1135 3077 1188 tuis
3102 1132 3253 1186 illinc
3292 1130 3465 1183 nudus

194 1215 597 1287 saluatus,quin
628 1228 679 1273 et
709 1231 915 1274 mutata
943 1220 1126 1273 habitu
1153 1223 1237 1274 vix
1259 1222 1359 1274 huc
1380 1222 1703 1292 pertingens,
1732 1223 1895 1276 vitam
1911 1223 2149 1277 lucratus
2180 1233 2279 1287 est,
2303 1224 2489 1277 deinde
2510 1223 2653 1293 apud
2672 1223 2951 1275 memorias
2980 1220 3338 1291 apostolorum
3377 1231 3469 1285 per

194 1321 389 1377 septem
426 1311 533 1380 fere
570 1329 831 1366 annorum
874 1315 1163 1379 curricula,
1219 1324 1276 1368 ut
1324 1316 1508 1384 hospes
1546 1327 1594 1371 et
1621 1319 1822 1369 advena
1845 1317 2167 1380 demoratus,
2196 1334 2300 1371 non
2335 1328 2539 1373 tantum
2578 1318 2853 1387 propriam
2887 1317 3178 1379 miseriam,
3206 1321 3469 1384 quantum

193 1398 503 1452 sanctitatis
542 1409 646 1455 tua?
670 1417 972 1469 pressuram
998 1412 1047 1455 et
1078 1403 1688 1472 Constantinopolitante
1712 1403 1960 1460 Ecclesiae
1984 1406 2320 1459 calamitates
2344 1423 2469 1474 pene
2495 1410 2821 1461 incessanter
2846 1404 3069 1473 deﬂebat
3108 1417 3123 1455 .'
3154 1403 3231 1456 ita
3253 1410 3310 1455 ut
3363 1415 3470 1454 non

194 1485 373 1538 solum
390 1497 545 1540 antea
575 1487 684 1549 iam
708 1488 909 1541 dictum
938 1490 1257 1542 decessorem
1300 1507 1469 1544 meum
1487 1489 1788 1562 (Nicolaum
1814 1493 1852 1561 I)
1879 1492 1969 1544 sed
2010 1503 2059 1545 et
2091 1508 2171 1544 me
2191 1502 2369 1559 postea
2414 1502 2561 1546 nocte
2585 1510 2645 1545 ac
2668 1492 2753 1546 die
2799 1492 3159 1561 inde/ieienter
3178 1489 3391 1556 erigere,
3418 1496 3469 1540 et

194 1588 291 1640 pro
323 1583 471 1627 statu
495 1583 657 1628 tanta:
684 1572 935 1631 Ecclesia:
961 1587 1010 1630 et
1037 1578 1297 1631 erectione
1348 1589 1519 1633 vestra
1546 1578 1743 1633 crebris
1779 1581 2090 1634 suasionum
2129 1580 2359 1635 stimulis
2385 1582 2559 1635 latera
2589 1591 2884 1649 percutere,
2935 1588 2985 1633 et
3023 1576 3473 1648 quemadmodum

195 1659 419 1728 angelus
445 1662 708 1728 quondam
731 1680 746 1718 :
771 1662 959 1733 Surge,
982 1663 1152 1730 Patre,
1168 1667 1343 1735 accipe
1366 1667 1730 1735 fortitudinem
1754 1671 1822 1720 ad
1838 1668 2123 1721 salvandus
2146 1678 2343 1737 gentes,
2360 1686 2450 1735 per
2469 1668 2707 1735 singulos
2730 1669 2840 1720 dies
2867 1667 3015 1721 nobis
3041 1668 3211 1721 dicere
3228 1681 3329 1718 non
3350 1678 3468 1716 ces-

192 1755 340 1800 saret
355 1764 622 1819 quousque
649 1751 913 1816 auditum,
942 1751 1046 1805 Deo
1059 1763 1367 1821 prtustante,
1391 1756 1639 1823 suscepit,
1661 1758 1798 1826 quod
1835 1756 2080 1809 ardenter
2104 1758 2158 1810 in
2187 1770 2394 1825 pectore
2418 1773 2618 1825 semper
2644 1755 2936 1822 baiulabat.
2964 1757 3083 1822 Qua
3112 1757 3173 1808 de
3203 1770 3275 1817 re,
3300 1752 3471 1821 frater

194 1833 860 1897 dilectissime.sanctitati
888 1849 990 1893 tua:
1025 1840 1161 1894 hunc
1184 1842 1626 1904 commendantes,
1658 1842 1900 1911 rogamus
1925 1853 1973 1898 et
1997 1846 2361 1913 deprecamur,
2404 1853 2659 1914 quatenus
2688 1845 2826 1896 circa
2878 1860 2932 1897 se
2984 1842 3179 1897 sentiat
3231 1837 3469 1907 beneﬁcii

195 1925 277 1975 tui
301 1926 657 1991 propositum;
679 1934 729 1979 et
758 1927 892 1979 sicut
922 1938 1105 1983 uestra:
1126 1928 1297 1997 factus
1318 1939 1393 1983 est
1418 1933 1831 1985 cammuuicatar
1851 1934 2134 2000 passionis,
2170 1934 2247 1986 ita
2277 1945 2324 1988 et
2349 1932 2723 1986 consolationis
2774 1950 2788 1985 :
2849 1949 2953 1987 nan
2992 1941 3173 1984 autem
3201 1937 3258 1981 ut
3304 1926 3470 1996 fanti-

194 2010 351 2063 liaris
378 2021 556 2065 noster
584 2012 779 2080 factus,
806 2016 896 2068 sed
923 2025 970 2068 et
993 2024 1049 2069 ut
1083 2033 1114 2069 a
1141 2017 1261 2070 sede
1276 2017 1531 2087 principis
1560 2020 1918 2088 apostolorum
1948 2032 2241 2091 susceptus,
2271 2022 2357 2075 hic
2383 2021 2531 2075 debet
2569 2022 2633 2073 ab
2666 2036 2897 2074 amorem
2918 2020 3051 2091 ejus,
3087 2033 3191 2081 non
3228 2013 3469 2086 qualem.

194 2113 402 2165 cunque
430 2098 485 2151 in
502 2111 779 2167 conspectu
797 2104 1097 2157 sanctitatis
1121 2114 1304 2159 vestrm
1332 2107 1563 2176 gratiam
1593 2108 1841 2162 invenire.

271 2184 338 2241 γ.
379 2189 537 2243 Anno
567 2190 776 2245 Christi
808 2192 913 2246 869
939 2191 1323 2262 Theognostus
1368 2196 1751 2263 patriarclialis
1802 2199 2141 2268 liegumenus
2190 2199 2396 2267 legatos
2440 2197 2665 2252 Adriani
2713 2196 2752 2251 ll
2782 2196 3009 2251 Romam
3057 2191 3349 2265 pontiﬁcis,
3398 2192 3467 2247 ad

194 2277 494 2332 concilium
534 2280 1010 2350 ConstantinOpoli
1043 2284 1426 2339 celebrandum
1456 2283 1673 2347 missos,
1729 2286 2095 2342 Sillambriam
2133 2287 2410 2356 ingressos
2441 2286 2775 2355 excipiebat;
2816 2286 2907 2355 qui
2937 2281 3467 2351 Constantinopolim

196 2362 497 2420 indictione
526 2382 609 2425 ut.
646 2369 736 2424 die
772 2386 838 2423 xv
874 2372 1231 2441 Septembris,
1256 2372 1321 2427 A.
1356 2372 1418 2425 t2.
1456 2372 1579 2437 869,
1615 2385 1991 2443 pervenerunt.
2013 2373 2377 2427 Continuator
2403 2374 2672 2427 Anastasii
2705 2373 2771 2427 de
2802 2372 3066 2426 Romanis
3094 2370 3468 2440 poutibcibuSO

199 2452 253 2504 in
284 2454 531 2508 Adriano
558 2456 599 2510 ll
636 2474 650 2511 :
690 2456 981 2510 Multorum
1048 2458 1385 2527 anfractuum
1418 2460 1705 2515 laboriosos
1752 2464 2006 2515 circuitus
2044 2461 2230 2531 (legati
2272 2460 2562 2530 Pontilicii)
2600 2469 2955 2529 penetrantes,
3004 2460 3216 2513 tandem
3253 2456 3466 2510 Christo

197 2541 452 2606 pra-duce
507 2541 937 2599 Thessalonicam
976 2548 1187 2600 ueniunt
1221 2548 1277 2600 in
1339 2563 1441 2616 qua
1479 2546 1716 2602 Basilius
1760 2550 2051 2618 imperator
2074 2547 2422 2602 Eustachium
2448 2549 2782 2617 spatharium
2812 2546 3165 2601 candidatum
3207 2560 3324 2597 cum
3356 2557 3468 2597 suas

198 2627 547 2685 salutationis
563 2632 727 2700 officio
758 2642 959 2687 sanctte
998 2634 1249 2687 Romana:
1273 2634 1465 2703 legatis
1495 2636 1746 2690 Ecclesia:
1773 2636 1975 2691 obviam
2002 2637 2309 2691 destinavit.
2341 2637 2445 2703 Qui
2466 2653 2554 2690 eos
2589 2636 2876 2689 admodum
2905 2633 3192 2701 honoriﬁce
3221 2648 3315 2702 per
3337 2648 3467 2684 can-

201 2717 357 2785 tigua
402 2719 610 2773 itineris
651 2721 767 2773 loca
815 2722 1085 2783 ducentes,
1134 2721 1511 2777 Sillambriam
1550 2736 1913 2793 peruenerunt.
1950 2724 2050 2779 Ubi
2080 2742 2112 2778 a
2139 2725 2379 2780 Sisinnio
2413 2723 2677 2791 imperiali
2711 2723 3147 2793 pretaspathario
3175 2730 3223 2774 et
3296 2719 3469 2774 Thea-

200 2813 387 2872 guosta
403 2806 750 2873 patriarchali
776 2809 1081 2877 hegttnteno,
1109 2810 1196 2877 qui
1225 2808 1402 2864 Romae
1429 2811 1570 2880 apud
1599 2813 1990 2867 sanctissimum
2024 2829 2213 2882 papam
2243 2811 2529 2867 Nicolaum
2552 2828 2648 2880 pro
2667 2810 2988 2865 restituenda
3013 2809 3226 2881 lgnatia
3251 2807 3469 2861 sedulus

200 2890 519 2945 intercessor
555 2897 851 2959 exstiterat,
883 2912 1001 2948 cum
1034 2896 1103 2952 40
1135 2898 1280 2966 equis
1326 2899 1389 2951 de
1424 2899 1637 2952 stabula
1677 2900 1940 2968 imperiali
1963 2910 2011 2954 et
2066 2901 2224 2954 totius
2275 2915 2465 2954 mensa:
2495 2908 2740 2969 argentea
2779 2908 3065 2969 apparatu,
3120 2896 3467 2965 officialibuso

200 2997 324 3050 que,
348 2984 444 3051 qui
466 2984 568 3037 sibi
589 2984 656 3037 ad
686 3001 888 3039 onmem
923 2988 1131 3040 libitum
1166 2987 1582 3056 famularentur,
1616 2998 1741 3041 sunt
1774 2989 1995 3055 excepti.
2019 2987 2100 3041 Ad
2130 2997 2365 3042 castrum
2397 2997 2572 3041 autem
2599 2988 2905 3052 rotundum,
2943 2987 2997 3039 in
3027 3001 3127 3056 qua
3149 2992 3226 3039 est
3246 2984 3473 3039 ecclesia

201 3069 359 3123 mira:
386 3072 766 3139 magnitudinis
796 3072 855 3127 S.
884 3073 1480 3143 Evangelistteloanuis
1512 3076 1712 3129 nomini
1738 3060 1938 3138 dicata,
1972 3077 2148 3146 favore
2188 3076 2497 3146 Augustali,
2535 3074 2768 3129 Sabbata
2792 3075 3119 3129 mansionem
3150 3071 3470 3141 suscipiunt,

206 3154 276 3208 Et
310 3155 613 3225 Dominica,
653 3178 768 3230 qua:
796 3163 984 3231 quinta
1014 3161 1220 3216 decima
1250 3165 1360 3218 dies
1400 3164 1692 3233 Septembri
1722 3172 1856 3228 erat,
1909 3164 2198 3217 indictione
2229 3164 2410 3224 tertia,
2458 3162 2692 3233 singulos
2715 3179 2872 3232 equos
2904 3177 3023 3215 cum
3094 3160 3238 3214 sellis
3282 3160 3469 3241 aureis,

203 3242 479 3298 devotione
529 3246 878 3315 imperatoria
910 3250 1204 3313 capientes,
1243 3251 1442 3323 oboiati
1504 3254 1745 3307 omnibus
1779 3252 1997 3313 scholis,
2031 3252 2267 3305 videlicet
2322 3251 2738 3319 spathariorum,
2781 3251 3211 3314 candidatorum,
3265 3244 3479 3305 strate-'

206 3348 419 3403 garum,
453 3334 829 3389 uitandatarum
893 3348 1305 3409 creterorumque
1368 3339 1746 3394 Palatinarum
1798 3342 2068 3403 ordinum,
2100 3338 2442 3409 amnibusque
2477 3338 2789 3393 clericorum
2819 3336 3129 3407 planetariis
3188 3332 3464 3390 ordinibus

206 3427 278 3481 ad
302 3438 510 3496 portam
535 3445 752 3483 auream
778 3431 1005 3487 veniunt.

286 3538 371 3591 Vl.
415 3536 546 3593 Post
584 3539 879 3594 concilium
925 3539 1617 3612 Constantinopolitanum,
1669 3543 1732 3598 Α.
1765 3545 1828 3598 (2.
1862 3542 1971 3597 870
2016 3542 2251 3609 ﬁnitum,
2309 3542 2457 3612 quod
2509 3555 2735 3609 prorsus
2778 3544 2843 3593 ad
2887 3537 3112 3592 Adriani
3155 3536 3200 3591 ll
3242 3536 3471 3595 Romani

209 3626 489 3696 pontiﬁcis
516 3638 776 3692 utentem,
810 3629 1238 3698 patriarcbatum
1283 3629 1948 3699 Constantinopolitanum
1997 3633 2274 3686 ademerat
2309 3629 2524 3694 Pbotio,
2561 3630 2979 3684 coullrmaverat
3013 3626 3243 3695 lgnatio,
3287 3624 3472 3683 Tbea-

207 3726 438 3785 gnosius
476 3715 617 3784 apud
647 3715 1278 3786 Cousmntiuopolitanos
1317 3719 1632 3775 monasterii
1668 3718 1855 3774 Fontis
1884 3720 2240 3787 begumcnus,
2294 3718 2345 3772 id
2368 3730 2451 3772 est
2474 3717 2665 3780 abbas,
2698 3725 2752 3770 et
2784 3714 3038 3770 Ecclesia:
3077 3712 3282 3783 Magna:
3314 3714 3475 3784 (qui.

207 3804 314 3857 bus
336 3803 613 3857 vocabulis
636 3804 894 3874 templum
909 3802 1121 3860 Sancta:
1137 3806 1349 3874 Sophia:
1365 3808 1501 3861 solet
1522 3808 2201 3878 denotari)scen0pbylax,
2239 3806 2419 3873 idest,
2470 3820 2722 3861 vasorum
2753 3813 2961 3869 custos,
3008 3818 3101 3871 per
3131 3818 3191 3858 se
3239 3801 3469 3857 Romam

208 3891 409 3957 iturus,
430 3890 813 3960 imperatorum
834 3892 1418 3958 Basilii,Constantini,
1432 3894 1628 3950 Leonis
1639 3904 1693 3949 ct
1708 3897 2029 3965 patriarcha:
2048 3896 2237 3966 lgnatii
2256 3897 2462 3951 litteras
2480 3896 2546 3951 ad
2570 3895 2866 3949 Adi-ianum
2886 3892 3231 3962 perferendas
3251 3891 3479 3961 accipie-

210 3980 330 4034 bat:
353 3979 525 4048 ipsius
546 3980 727 4049 (cuius
750 3980 975 4034 arbitrio
997 3981 1237 4035 Grecam
1262 3982 1554 4037 Ecclesiam
1580 3982 1817 4051 lgnatius
1832 3993 1885 4037 et
1909 3984 2195 4052 lgnatiaui,
2220 3984 2418 4053 partim
2446 3982 2729 4038 acerrimis
2755 3982 2809 4035 in
2830 3981 3080 4036 Photium
3102 3987 3154 4032 et
3174 3977 3473 4033 Pbotiauos

210 4067 375 4133 odiis,
419 4068 619 4135 partim
645 4068 856 4135 magnis
890 4068 940 4122 in
973 4070 1243 4139 integrum
1276 4070 1641 4125 restitutionis
1674 4071 1952 4126 beneficiis
1985 4071 2229 4136 adducti,
2256 4073 2395 4125 intra
2427 4071 2721 4126 concilium
2753 4084 2782 4123 ι
2827 4069 2965 4124 solis
3000 4066 3298 4137 lguatianis
3326 4067 3475 4121 cclc-

213 4155 459 4219 bratum,
492 4155 547 4208 in
576 4157 742 4210 rebus
768 4157 1056 4226 praecipuis
1085 4157 1494 4227 subjecerant,)
1526 4160 1591 4213 ad
1622 4160 1782 4212 utiles
1807 4158 2083 4222 Ecclesiis,
2126 4170 2238 4213 tu:n
2275 4160 2506 4213 lectores
2539 4159 2805 4226 plurimos
2845 4171 2984 4226 quos
3028 4155 3256 4210 Pbotius
3297 4154 3474 4210 sacris

215 4242 552 4307 initiaverat,
590 4242 642 4296 in
687 4242 878 4298 ciliciis
908 4244 1025 4299 suis
1064 4246 1345 4311 toleratos,
1399 4246 1701 4313 majoribus
1746 4246 2109 4315 dignitatibus
2159 4247 2502 4310 niactandos,
2557 4255 2672 4299 tum
2717 4245 3006 4314 episcopos
3060 4242 3356 4297 nonnullos
3403 4242 3476 4298 ob

213 4330 666 4384 communionem
695 4347 817 4385 cum
847 4330 1038 4386 Pbotio
1067 4335 1298 4394 cultam,
1328 4333 1650 4388 muneribus
1685 4334 1802 4388 suis
1833 4336 2077 4396 orbatos.
2113 4334 2385 4403 prioribus
2430 4333 2657 4387 sedibus
2700 4330 3088 4393 restituendos,
3132 4344 3465 4385 cousmrsum

218 4423 641 4488 impetraturos.
681 4421 1051 4490 Imperatores
1080 4424 1131 4478 in
1165 4424 1356 4478 litteris
1390 4424 1454 4478 ad
1479 4425 1808 4490 Adrianum,
1832 4440 1973 4497 quas
2003 4423 2326 4476 Anastasius
2350 4420 2807 4475 liibliotbecarius
2833 4418 2983 4473 Actis
3003 4416 3475 4490 Constantinopo-

214 4510 373 4563 litaui
416 4511 635 4564 concilii
684 4509 893 4565 Latinis
921 4512 1204 4581 subjuuxit
1236 4531 1248 4566 :
1291 4511 1615 4568 Litterarum
1645 4517 1891 4585 gerulum
1914 4513 2212 4582 expeditum
2250 4512 2318 4565 ad
2359 4514 2693 4581 peregrinam
2724 4510 3131 4580 profectionem,
3160 4518 3209 4563 et
3245 4519 3471 4578 magna-

216 4598 427 4650 nimum
464 4597 532 4649 ad
560 4598 823 4650 malorum
851 4600 1191 4652 tolerantiam
1223 4603 1489 4655 consecuti
1527 4619 1728 4663 sumus,
1762 4604 1816 4656 id
1845 4604 2013 4672 ipsum
2063 4601 2292 4671 optabile
2337 4600 2612 4655 habentem
2662 4601 2888 4668 principi
2942 4598 3307 4668 apostolorum
3354 4606 3478 4649 ante

216 4686 544 4754 promissum
583 4704 747 4741 causa
782 4689 1033 4743 reddendi
1061 4702 1255 4753 votum,
1287 4692 1626 4759 eamdemque
1657 4702 1839 4746 vestrae
1868 4702 2103 4760 paterna:
2131 4690 2418 4743 Sanctitnti
2451 4690 2902 4751 commendamus,
2929 4703 3085 4752 super
3127 4688 3223 4738 hoc
3277 4700 3481 4756 quoque

213 4775 447 4827 multum
472 4776 903 4845 tranquillitatem
938 4788 1161 4831 uestram
1190 4790 1478 4844 rogantem.
1523 4779 1669 4833 Idem
1721 4790 1896 4832 autent
1927 4789 2001 4833 est
2036 4779 2117 4830 ltic
2155 4776 2531 4845 Theaguostus,
2561 4793 2710 4847 quem
2741 4785 2789 4829 et
2822 4792 2907 4828 vos
2964 4774 3089 4826 bene
3140 4776 3330 4836 nostis,
3376 4766 3480 4824 Deo

214 4863 469 4916 amabilis
501 4864 813 4933 hegumenus
874 4866 1320 4934 superlaudobitis
1368 4867 1456 4920 Dei
1491 4870 1675 4922 matri.»
1710 4867 1867 4938 chcs
1903 4867 1999 4936 (id
2028 4878 2104 4919 est
2137 4864 2364 4929 Fontis)
2389 4875 2436 4918 et
2466 4881 2713 4915 vasorum
2748 4872 2926 4916 custos
2960 4862 3167 4933 Magna:
3195 4860 3467 4913 Ecclesiw.

216 4950 326 5006 Per
364 4951 533 5019 ipsum
568 4967 709 5019 ergo,
740 4969 855 5022 qua:
876 4958 1043 5006 nostri
1072 4955 1318 5008 desiderii
1344 4967 1482 5018 sunt,
1516 4967 1801 5025 opportune
1830 4956 2117 5024 adimplere
2172 4954 2558 5022 conspeximus.
2622 4952 2823 5004 Ibidem
2858 4961 2980 5021 post
3011 4966 3184 5019 pauca
3213 4968 3227 5005 :
3263 4948 3482 5015 Specta-

218 5040 289 5093 lis
330 5047 509 5090 autem
547 5037 705 5093 Pater
737 5050 913 5093 noster
941 5053 988 5095 et
1016 5060 1216 5112 magna:
1246 5045 1476 5098 civitatis
1518 5047 1828 5112 patriarcha
1876 5043 2159 5111 postulavit
2215 5058 2246 5093 a
2286 5042 2436 5094 nobis
2488 5042 2718 5093 scribere
2775 5040 3068 5094 Sanctitati
3118 5051 3221 5092 tute
3276 5037 3338 5090 de
3393 5038 3476 5090 his

220 5125 530 5189 lectoribus,
567 5129 656 5194 qui
689 5143 721 5178 a
754 5126 941 5180 Photio
987 5132 1212 5194 promoti
1244 5143 1386 5196 sunt,
1430 5134 1608 5185 multis
1642 5143 1690 5186 ct
1718 5130 2184 5185 innumerabilibus
2229 5128 2601 5183 exsistentibus
2648 5130 2723 5181 eis
2767 5129 2821 5180 in
2869 5127 3090 5180 diversis
3151 5125 3434 5194 provinciis
3467 5142 3482 5189 ;

221 5211 443 5280 insuper
472 5224 646 5266 autem
673 5224 720 5267 et
753 5216 817 5267 de
850 5215 1021 5271 Paulo
1048 5220 1476 5271 rererendissimo
1505 5221 1925 5287 hibliothecario,
1958 5220 2110 5275 verba
2139 5228 2185 5272 et
2224 5219 2331 5270 vita
2354 5218 2699 5285 prtefttlgido,
2726 5234 2787 5270 ac
2819 5216 3088 5270 Theodoro
3118 5215 3478 5283 metropolita,

220 5303 314 5374 qui
353 5316 401 5355 et
443 5302 552 5370 ipse
576 5305 729 5355 nimis
761 5302 1007 5359 Ecclesite
1041 5308 1188 5360 utilis
1212 5318 1309 5371 est,
1340 5320 1594 5378 quatenus
1624 5311 1944 5379 dispensatio
1978 5309 2077 5378 fiat
2123 5326 2154 5360 a
2197 5306 2495 5360 Sanctitate
2558 5303 2738 5357 Vestra
2787 5321 2942 5372 super
2971 5306 3121 5374 ipsis,
3164 5302 3482 5373 quibusdam

223 5390 437 5458 quidem
468 5389 536 5442 ad
565 5407 813 5444 ascensus
847 5394 1071 5461 majores
1106 5411 1382 5447 sacrorum
1407 5397 1690 5463 graduum,
1726 5396 2045 5465 quibusdam
2076 5411 2192 5448 vero
2228 5394 2297 5446 ad
2342 5394 2687 5462 receptionem
2736 5391 2943 5445 sedium
2972 5407 3192 5445 suarum
3227 5406 3246 5454 ,'
3279 5390 3347 5443 ad
3381 5396 3478 5446 hoc

224 5478 541 5549 rogantibus
569 5477 664 5531 Dei
688 5480 1025 5535 imitatricem
1059 5484 1303 5536 uirtutem
1328 5492 1473 5535 luant
1516 5500 1533 5545 ,'
1562 5487 1744 5537 horum
1777 5485 1991 5551 quidem
2037 5484 2448 5545 multitudinem,
2491 5485 2522 5533 Is
2545 5481 2647 5548 :jus
2672 5497 2787 5533 vero
2821 5479 3027 5533 labores
3055 5488 3104 5531 et
3135 5494 3231 5546 pra
3253 5478 3476 5532 veritate

222 5570 469 5632 sudores,
500 5568 646 5624 illius
679 5580 861 5629 autem
888 5570 1054 5639 culpa:
1088 5573 1559 5640 reprehensionem,
1588 5583 1635 5625 et
1678 5572 1815 5637 quod
1860 5588 1925 5626 ea:
1950 5572 2205 5624 canonica
2242 5571 2309 5622 sit
2338 5584 2526 5622 manus
2559 5569 2897 5636 inpasitiane
2918 5576 3195 5635 promotus
3244 5567 3485 5619 conside-

225 5671 432 5716 tantem
465 5679 483 5715 :
512 5678 607 5729 pro
634 5662 717 5714 his
742 5673 790 5715 et
826 5662 1101 5729 imperium
1140 5671 1379 5715 nostrum
1409 5661 1619 5729 flagitat
1669 5662 1921 5729 pietatem
1955 5673 2102 5712 tuam
2148 5658 2557 5723 dispensandum
2600 5642 2803 5717 aliquid
2835 5656 2953 5707 hinc
2984 5655 3290 5707 humanius.
3330 5653 3484 5721 lgna-

230 5753 340 5806 tius
376 5752 428 5805 in
464 5751 659 5805 litteris
688 5750 753 5803 ad
798 5751 1120 5811 Adrianum,
1156 5751 1353 5804 ibidem
1397 5749 1741 5803 exstantibus
1778 5768 1791 5803 :
1840 5748 2041 5801 Nostra
2074 5747 2349 5798 humilitas
2382 5761 2578 5796 memor
2623 5744 2905 5797 cuaritutis
2948 5753 3152 5805 vestrm,
3210 5757 3271 5793 ac
3329 5756 3483 5792 anta—

231 5840 375 5903 bilis,
407 5856 561 5907 quem
581 5839 724 5893 circa
750 5853 842 5892 nos
864 5837 1035 5901 habet,
1060 5838 1302 5905 affectus,
1327 5851 1375 5893 et
1396 5839 1465 5892 ad
1486 5837 1581 5891 hoc
1606 5838 1776 5906 ipsum
1799 5837 2118 5892 voluntatem
2141 5843 2187 5888 et
2221 5834 2616 5887 medicationem
2646 5833 2856 5901 habens,
2892 5833 3096 5887 invenir
3116 5841 3487 5899 procurantem
