4168 6450
757 410 860 475 8λὶ¹1
1918 405 2390 465 TIIEOGNOSTI

2386 406 2390 462 ἶ
2438 405 2774 464 ΜΟΝΜἸῘΠ
3928 407 4032 469 8ξὸ

764 536 821 578 ut
869 525 1167 578 mitteretur
1200 520 1249 571 in
1289 533 1447 581 rium,
1493 526 1711 589 qua'est
1761 520 1827 571 ad
1890 522 2066 587 magni
2126 520 2350 572 nominis
2411 518 2647 583 Romam,
2709 522 2965 574 orationis
3026 538 3210 582 causa,
3263 522 3505 573 intimum
3564 522 3732 590 ﬁlium
3785 532 4029 573 nostrum

758 612 1247 667 reterendissimum
1288 606 1528 661 abbatem
1569 605 1773 668 Fontis,
1820 616 1867 659 et
1905 607 2321 675 scevophglacem
2369 606 2577 677 Magum
2632 608 2915 673 Ecclesiw,
2960 611 3235 663 dominum
3300 611 3706 679 Theognostum,
3743 620 3789 663 et
3828 612 4031 661 idcirco

761 700 926 769 magis
952 697 1248 752 studuimus
1276 695 1561 763 adimplere
1590 694 1911 747 desiderium
1942 704 2193 754 vestrum,
2224 710 2373 764 quem
2397 705 2445 748 et
2473 698 2710 749 misinms
2744 713 2863 749 cum
2905 700 3156 765 pra‘senti
3192 699 3412 765 epistola
3455 708 3637 751 nostra
3682 700 4027 751 visitaturum

759 799 808 843 et
851 787 1231 847 salutaturum,
1269 800 1331 836 ac
1371 784 1719 836 adoraturum
1756 784 2050 850 fraternam
2099 782 2447 835 Sanctitatem
2500 783 2734 837 Vestram
2771 787 3189 847 ;nuntiaturum
3227 787 3391 838 etiam
3432 796 3480 839 et
3528 804 3560 839 a
3609 785 3825 840 Christo
3877 787 4029 837 nobis

762 876 1015 928 donatam
1045 872 1465 927 incolumitatem
1492 871 1545 923 in
1578 871 1677 922 hac.
1714 873 1816 925 vita
1870 869 2051 922 multis
2074 872 2408 932 passionibus
2439 880 2487 923 et
2527 872 2952 925 tribulationibus
2984 872 3158 939 plena,
3210 875 3653 941 quemadmodum
3705 876 3814 941 ipse
3862 873 4031 926 voluit

761 974 807 1015 et
843 963 1142 1031 judicavit,
1189 963 1279 1031 qui
1308 961 1483 1015 omnia
1514 962 1774 1027 sapienter
1815 969 1862 1011 et
1906 970 2252 1028 congruenter
2298 963 2588 1027 dispensat,
2628 972 2676 1016 et
2711 972 2829 1015 ante
2876 963 2929 1033 in
2979 973 3070 1016 tua
3096 963 3457 1031 piissimorum
3494 977 3540 1016 et
3578 964 3778 1017 Christi
3823 966 4029 1015 amico-

762 1067 876 1103 rum
929 1067 992 1103 ac
1026 1067 1057 1103 a
1099 1050 1205 1103 Deo
1248 1048 1680 1119 gubernatorum,
1714 1057 1865 1116 atque
1910 1048 2164 1101 divinitus
2198 1050 2519 1101 munitorum
2561 1051 2937 1118 imperatorum
2966 1061 3265 1103 nostrorum
3296 1054 3696 1120 prosperitatem
3732 1064 3777 1105 ct
3807 1063 4031 1117 tropa'a,

761 1147 807 1190 et
854 1139 908 1190 in
933 1138 1118 1191 melius
1150 1140 1211 1189 de
1243 1137 1327 1189 die
1362 1137 1415 1188 in
1439 1136 1586 1203 diem
1629 1150 1800 1187 rerum
1847 1133 2072 1186 Romani
2108 1134 2313 1199 imperii
2348 1138 2765 1202 translationem,
2806 1152 2860 1191 ut
2898 1151 2942 1190 et
2980 1155 3068 1191 vos
3117 1139 3463 1207 gaudentibus
3500 1140 3651 1192 nobis
3695 1141 4033 1209 congratula-

763 1227 893 1280 mini
928 1242 1018 1293 per
1041 1235 1278 1278 mutuam
1313 1226 1468 1277 unius
1504 1223 1735 1291 corporis
1782 1222 2129 1275 membrorum
2160 1224 2545 1291 coeffectiouem
2590 1236 2637 1279 et
2689 1228 3122 1295 compassionem,
3161 1235 3207 1278 el
3249 1228 3439 1280 iterum
3486 1227 3577 1280 Dei
3611 1228 3729 1280 boui
3776 1230 3956 1297 gratia
3988 1240 4032 1279 et

769 1314 1153 1380 coeperatione,
1220 1314 1288 1365 ad
1366 1312 1777 1365 mediocritatem
1857 1312 2118 1363 maturius
2204 1322 2601 1374 remeaturum,
2649 1322 2697 1366 et
2757 1314 2891 1367 bona
2948 1315 3138 1367 nuntia
3220 1315 3607 1367 amabilissima
3662 1315 3786 1367 vita:
3844 1325 4034 1367 vestra'

774 1402 1071 1454 allaturum
1126 1401 1196 1454 ad
1246 1399 1538 1453 Ecclesium
1616 1407 1873 1451 nostram.
1955 1398 2151 1452 Ibidem
2228 1408 2351 1465 post
2428 1415 2637 1468 pauca:
2692 1398 2845 1465 Quod
2894 1412 3074 1456 autem
3131 1404 3478 1455 sanctissimis
3532 1404 3750 1456 vicariis
3798 1412 4035 1468 paternm

766 1490 1069 1543 sanctitatis
1100 1498 1281 1542 vestra:
1306 1487 1510 1553 adhucl
1535 1485 2030 1555 Constantinopoli,
2063 1500 2172 1555 quo
2200 1486 2265 1539 ad
2291 1487 2580 1540 concilium
2614 1497 2877 1542 venerant
2902 1490 2917 1557 )
2940 1490 3283 1557 prcesentibus
3308 1490 3595 1557 perfectum
3620 1508 3719 1543 non
3749 1501 3825 1543 est
3863 1506 4029 1556 neque

766 1578 927 1645 finem
962 1577 1185 1645 accepit,
1229 1591 1475 1645 rogamus
1504 1590 1643 1626 nunc
1672 1574 1948 1626 terminari
1979 1584 2026 1626 et
2062 1574 2270 1642 disponi
2294 1573 2542 1642 perfecte,
2572 1592 2634 1628 ac
2665 1576 2863 1645 integre
2901 1575 3063 1628 scribi
3095 1578 3163 1628 ad
3190 1578 3547 1630 humilitatem
3576 1587 3812 1628 nostram
3846 1579 3909 1629 de
3950 1576 4035 1627 hi8

766 1666 1067 1728 lectoribus,
1114 1664 1203 1733 qui
1260 1664 1398 1716 tonsi
1447 1672 1567 1715 sunt
1596 1679 1625 1713 a
1654 1660 1868 1719 Photio,
1902 1676 2090 1713 manus
2135 1662 2615 1732 impositione:qui
2658 1681 2774 1717 cum
2809 1665 2917 1718 sint
2961 1681 3088 1732 pene
3130 1666 3537 1718 innumerabilis
3572 1666 3946 1718 multitudinis
3978 1666 4031 1715 in

766 1753 1031 1806 universis
1072 1752 1367 1821 regionibus
1408 1760 1456 1803 et
1488 1747 1789 1801 cit-itatibus
1825 1745 2096 1813 Ecclesia},
2130 1749 2401 1817 postulant
2432 1767 2496 1803 ex
2530 1754 2840 1806 necessitate
2870 1752 3098 1805 aliorum
3127 1754 3242 1821 fieri
3268 1754 3656 1807 sacerdotalem
3686 1767 3991 1820 provectum
4020 1772 4033 1806 :

767 1850 826 1894 nt
876 1857 1254 1911 cognoscamus
1297 1840 1457 1891 etiam
1499 1847 1547 1891 et
1591 1853 1746 1905 super
1794 1836 1893 1889 hac
1939 1854 1994 1891 re
2039 1852 2261 1891 vestram
2304 1839 2624 1893 voluntatem
2664 1852 2820 1911 atque
2852 1844 3120 1895 decretum
3157 1842 3449 1894 certissime
3488 1852 3537 1895 et
3579 1842 4034 1911 manifestissime,

768 1940 945 1983 utrum
974 1931 1079 1982 sint
1123 1928 1268 1997 digiti
1301 1927 1596 1997 promoveri
1625 1927 1694 1978 ad
1731 1925 1956 1989 majores
1987 1926 2270 1979 sacerdotii
2304 1927 2519 1997 gradus,
2554 1945 2731 1981 annon
2773 1931 2877 1983 sint
2913 1945 2931 1982 :
2975 1930 3195 1982 dubium
3246 1932 3385 1981 enim
3428 1930 3524 1982 hoc
3570 1940 3776 1983 tantum
3807 1931 4026 1981 dimise-

768 2028 969 2073 scrunt.
1009 2017 1072 2070 Et
1132 2018 1305 2070 adhuc
1360 2014 1688 2084 postulamus
1716 2014 1880 2065 etiam
1910 2013 1974 2066 de
2021 2014 2210 2067 intimo
2249 2015 2357 2071 ﬁlio
2401 2026 2581 2069 nostra
2607 2026 2655 2069 ct
2688 2018 2985 2085 fortissimo
3010 2018 3250 2071 veritatis
3277 2018 3547 2086 agonista,
3584 2018 3760 2071 Paulo
3791 2020 4035 2071 videlicet

770 2106 1177 2176 chartophglace
1213 2114 1290 2168 ut,
1346 2106 1391 2158 si
1424 2112 1500 2157 est
1549 2101 1817 2170 possibilis
1864 2102 1918 2154 in
1968 2117 2084 2154 eum
2130 2102 2541 2167 dispensationis
2590 2106 2770 2174 aliqua
2815 2106 2977 2168 ratio,
3038 2106 3257 2172 recipiat
3308 2107 3625 2175 dignitatem
3676 2107 4034 2173 episcopatus,

773 2196 1215 2265 quemadmodum
1247 2201 1293 2247 et
1318 2201 1476 2244 antea
1512 2191 1565 2243 in
1595 2190 1786 2243 litteris
1820 2192 2015 2243 nostris
2048 2190 2467 2260 efflagitavimus.
2507 2193 2704 2247 Deinde
2730 2210 2931 2262 quoque
2957 2209 3113 2261 super
3146 2192 3435 2258 I'heodoro,
3463 2194 3554 2263 qui
3586 2210 3617 2245 a
3653 2193 3799 2245 nobis
3825 2194 4037 2262 quidem

773 2293 1106 2337 consecratus
1123 2292 1198 2336 est
1226 2281 1558 2348 metropolita
1592 2278 1789 2343 Caritc,
1826 2280 2052 2332 multant
2080 2291 2253 2333 autem
2294 2280 2552 2333 laboravit
2589 2291 2638 2334 et
2671 2282 2894 2351 afﬂictus
2916 2290 2992 2334 est
3026 2283 3089 2334 ab
3115 2283 3267 2335 initio
3290 2282 3508 2351 injuste:
3537 2299 3599 2334 ac
3630 2283 3823 2350 iniqua?
3853 2280 4025 2348 dejec-

772 2373 931 2425 tionis
969 2381 1187 2433 nostrte,
1222 2372 1277 2423 in
1308 2370 1609 2423 novissimis
1659 2385 1775 2423 vero
1808 2386 1926 2422 cum
1962 2371 2153 2422 misero
2196 2369 2384 2422 Photio
2415 2370 2744 2430 conveniens,
2776 2381 2990 2437 propter
3019 2369 3135 2437 ejus
3184 2370 3443 2422 immensa
3476 2380 3757 2432 tornteuta,
3789 2385 3907 2437 qua'
3936 2368 4035 2418 sibi

773 2460 1133 2513 resistentibus
1166 2458 1444 2525 inferebat,
1475 2457 1733 2509 consensit
1762 2468 1813 2509 et
1843 2473 2001 2525 usque
2032 2456 2100 2508 ad
2130 2457 2373 2510 ultimum
2400 2457 2564 2524 ipsius
2630 2458 2768 2509 diem
2812 2461 3150 2526 reprenitens,
3225 2458 3569 2509 nihilominus
3642 2473 3828 2508 rursus
3882 2456 4039 2507 corde

773 2548 1002 2601 contrito
1062 2556 1111 2599 et
1161 2548 1349 2611 spiritu
1392 2543 1711 2597 humilitatis
1763 2544 1966 2597 veniam
2011 2546 2279 2611 expetivit.
2330 2545 2723 2599 Prohibuerunt
2764 2548 2905 2599 enim
2950 2564 3067 2599 cum
3100 2546 3400 2600 sacerdotio
3433 2545 3585 2615 fungi
3623 2561 3835 2614 quoquo
3884 2546 4038 2595 modo

772 2635 1097 2689 sanctissimi
1131 2636 1316 2688 vicarii
1350 2633 1622 2685 Almitatis
1649 2642 1851 2691 vestrm,
1882 2642 1930 2684 et
1961 2634 2097 2698 quod
2129 2634 2498 2700 subscripserit
2529 2634 2581 2684 in
2604 2650 2719 2685 eam
2748 2650 2864 2702 qua:
2892 2635 3037 2702 facta
3064 2644 3138 2687 est
3171 2634 3234 2686 ab
3253 2635 3303 2686 in
3317 2634 3624 2702 felicissimo
3647 2632 3852 2691 l’hotio,
3885 2633 4037 2699 quasi

773 2723 1028 2789 depositio
1070 2722 1359 2775 beatissimi
1392 2730 1441 2775 et
1470 2721 1655 2789 Optimi
1688 2719 1865 2773 Patris
1892 2721 2058 2785 nostri
2091 2718 2306 2772 Nicolai
2330 2721 2615 2773 decessoris
2643 2722 2955 2774 Sanctitatis
2987 2732 3109 2774 tuan
3146 2722 3270 2776 Htec
3302 2731 3447 2783 sunt,
3476 2723 3539 2773 de
3565 2721 3756 2789 quibus
3783 2735 4036 2787 rogamus

776 2810 1125 2864 Sanctitatem
1159 2818 1406 2873 vestram,
1445 2819 1499 2861 ut
1529 2808 1575 2861 si
1601 2806 1844 2873 possibile
1874 2808 1962 2869 sit,
2002 2819 2186 2860 utatur
2208 2808 2355 2860 verbo
2373 2809 2787 2878 dispensationis
2816 2822 2862 2863 et
2892 2812 3269 2864 misericordia
3319 2812 3371 2863 in
3419 2811 3521 2874 his,
3562 2825 3679 2861 cum
3716 2808 3826 2860 alia
3858 2807 4038 2860 omnia

773 2900 1029 2967 optimum
1056 2909 1104 2952 et
1142 2899 1475 2951 commodum
1510 2896 1668 2964 finem
1700 2911 1763 2947 ac
1795 2895 2196 2963 dispositionem
2225 2897 2570 2965 susceperint.

846 3008 961 3063 VII.
996 3009 1104 3064 Sed
1151 3009 1349 3062 horum
1394 3022 1515 3077 qtae
1546 3006 2277 3077 Constantinopolitanornm
2324 3010 2679 3078 imperatores
2707 3049 2720 3073 ,
2753 3023 2874 3061 cum
2914 3008 3221 3076 patriarcha
3261 3007 3392 3062 satis
3423 3007 3680 3060 humilem
3724 3008 3775 3060 in
3815 3006 4038 3059 modum

775 3086 1120 3168 expetebant,
1181 3096 1316 3149 nihil
1371 3095 1698 3149 auctoritate
1732 3110 1828 3149 sua
1856 3137 1869 3158 ,
1928 3096 2063 3149 nihil
2097 3098 2348 3166 precibus
2392 3098 2505 3153 suis
2548 3097 2931 3165 Tlivognostus
2968 3098 3035 3149 ab
3076 3096 3317 3149 Adriano
3365 3094 3644 3148 Photianis
3686 3095 4038 3162 implacabili,

775 3184 1391 3254 Coumantinopolitanis
1421 3184 1761 3247 inexorabili,
1796 3182 2094 3237 obtinebat.
2122 3183 2173 3237 ld
2204 3201 2302 3238 nos
2335 3186 2604 3240 Adrianus
2632 3187 2683 3238 in
2718 3187 2912 3240 litteris
2952 3190 3016 3237 ad
3054 3183 3778 3245 Basiliam,Constantinum
3814 3194 3865 3235 et
3905 3183 4043 3235 Leo-

776 3291 924 3341 nem,
977 3276 1332 3340 imperatores
1378 3272 2349 3341 Constantinopolitanos,indictione
2385 3288 2449 3335 v,
2482 3273 2568 3325 die
2606 3273 2670 3325 10
2708 3272 3029 3327 Novembris
3053 3313 3066 3335 ,
3099 3288 3147 3325 a.
3188 3287 3235 3323 e.
3280 3271 3406 3336 871,
3444 3270 3682 3338 scriptis,
3724 3285 3859 3337 quas
3894 3270 4043 3323 Actis

779 3361 993 3414 concilii
1014 3358 1601 3427 Constantinopolitani
1624 3358 1689 3411 IV
1718 3357 1926 3411 Latinis
1952 3359 2161 3412 additas
2190 3360 2511 3427 reperimus,
2542 3361 2698 3413 docet
2725 3379 2737 3413 :
2774 3360 3047 3424 Quamvis,
3079 3360 3152 3411 ait
3182 3358 3337 3419 ibid.,
3373 3357 3540 3410 multa
3568 3358 3822 3409 instantia
3852 3368 3900 3409 et
3928 3374 4044 3409 Cer-

780 3460 955 3503 tamen
978 3450 1075 3503 viri
1105 3447 1499 3516 prudentissimi
1517 3456 1565 3500 et
1587 3447 1971 3515 religiosissimi
1996 3447 2265 3515 hegumeni
2297 3466 2357 3502 ac
2390 3466 2663 3503 sacrarunt
2695 3466 2940 3503 vasorum
2990 3450 3223 3502 custodis
3250 3448 3585 3517 Theognosti,
3611 3448 3702 3516 qui
3730 3448 3791 3501 de
3826 3449 4043 3514 pietatis

778 3547 961 3593 vestra:
990 3536 1267 3590 virtutibus
1294 3545 1338 3587 et
1363 3534 1712 3601 probabilium
1741 3550 1946 3586 morum
1968 3535 2284 3604 insignibus.
2313 3548 2360 3588 et
2384 3546 2697 3607 troptcorain
2731 3538 3011 3606 triumphis
3046 3576 3060 3600 ,
3088 3547 3242 3605 atque
3272 3538 3335 3590 de
3354 3537 3720 3604 beneﬁciorum
3750 3548 4044 3590 vestrorum

778 3627 861 3694 pie
895 3625 995 3678 sibi
1030 3624 1386 3691 pra'stitorum
1417 3620 1760 3673 multitudine
1795 3636 1887 3673 nos
1912 3620 2199 3688 plurimum
2242 3623 2491 3678 relatione
2529 3642 2627 3678 sua
2663 3626 2975 3693 lwti/icavit,
3014 3633 3063 3677 et
3099 3624 3331 3693 qualiter
3373 3623 3555 3676 diebus
3589 3624 3779 3676 vestris
3811 3638 4043 3690 superno

779 3714 996 3768 brachio
1024 3722 1177 3779 atque
1199 3710 1376 3764 studio
1402 3718 1453 3763 et
1482 3708 1726 3771 solertia,
1753 3718 1926 3762 vestra
1952 3697 2333 3765 Christianitas
2351 3726 2703 3782 prosperetur,
2726 3729 3002 3771 enarrans,
3037 3711 3104 3763 ad
3129 3710 3469 3763 multimodas
3500 3710 3684 3763 laudes
3706 3708 3763 3763 S.
3789 3708 4045 3761 Trinitati

778 3801 1069 3857 reddendas
1096 3841 1110 3859 ,
1142 3808 1190 3852 et
1224 3798 1428 3867 gratias
1455 3796 1747 3849 alacriores
1789 3796 2028 3851 exhibuit
2073 3799 2141 3849 ad
2170 3800 2439 3867 postulata
2488 3801 2739 3853 divinitus
2772 3799 3055 3852 muniendo
3083 3799 3305 3866 imperio
3334 3807 3501 3851 vestro
3548 3798 3901 3864 concedenda,
3945 3815 4040 3851 nos

780 3906 943 3958 supra
974 3888 1186 3939 modum
1210 3886 1588 3954 eﬂlagitaverit,
1614 3896 1662 3937 et
1707 3884 1848 3937 ultra
1882 3901 2041 3957 quam
2072 3887 2177 3939 dici
2206 3890 2391 3954 possit,
2418 3890 2573 3941 solito
2600 3899 2646 3941 ct
2683 3890 2854 3955 prisco
2886 3905 3048 3950 more,
3084 3905 3145 3941 ac
3179 3904 3273 3956 pro
3303 3887 3678 3940 ecclesiasticis
3713 3887 4044 3939 utilitatibus

780 3978 1076 4045 frequenter
1107 3974 1337 4041 impenso
1362 3972 1554 4024 crebris
1573 3974 1991 4038 suggestionibus
2014 3976 2401 4042 investigaverit
2429 3991 2445 4035 ,'
2467 3992 2621 4041 super
2639 3977 2822 4042 quibus
2844 3985 3036 4035 tamen,
3060 3985 3271 4043 propter
3294 3974 3410 4042 ja'n
3446 3974 3777 4041 designatum
3800 3988 4033 4023 causam

781 4067 909 4132 (non
938 4077 1061 4116 esse
1087 4061 1319 4130 partium
1353 4059 1560 4113 Nicolai
1596 4058 1609 4110 I
1648 4059 1876 4114 Romani
1912 4062 2207 4130 pontiﬁcis,
2242 4074 2353 4117 tum
2394 4064 2555 4115 etiam
2583 4078 2683 4115 suo
2728 4060 2895 4113 semel
2930 4062 3075 4113 edito
3106 4062 3355 4123 decreto,
3392 4059 3692 4135 Pliotianos
3734 4060 4044 4129 damnanti,

777 4149 1117 4205 contrarium
1152 4147 1448 4217 quidquam
1476 4146 1795 4215 admittere)
1833 4164 1923 4201 nec
1954 4165 2184 4202 annuere
2212 4166 2513 4218 possumus,
2546 4165 2636 4202 nec
2668 4148 2955 4217 quidquam
2997 4158 3186 4217 praeter
3212 4149 3288 4213 id,
3318 4148 3454 4216 quod
3475 4149 3593 4216 jam
3623 4146 4046 4216 ecangelizatum

782 4247 879 4304 est,
907 4237 1018 4291 ullo
1049 4237 1201 4290 modo
1236 4236 1475 4302 deﬁnire.
2696 4238 2703 4239 '

1444 4360 1773 4398 τιιεοςκῆετι
1820 4362 2049 4402 ΙΟΝᾹΟῙΙΙ
2084 4364 2232 4403 SCRIP
2249 4368 2304 4404 [Δ
2330 4367 2396 4404 DE
2422 4366 2584 4405 Ill-IDUS
2615 4364 3085 4404 CONSTANTINOPOL

1734 4362 1773 4398 [1
1820 4362 2049 4402 ΙΟΝᾹΩῙΙΙ
2084 4364 2232 4403 SCRIP
2249 4368 2304 4404 [Δ
2330 4367 2396 4404 DE
2422 4366 2584 4405 Ill-IDUS
2615 4364 3380 4404 CONSTANTINOPOLITANORUH.

849 4458 989 4513 VIII.
1017 4456 1206 4528 lgnatii
1232 4457 1821 4527 Constantinopolitani
1855 4460 2203 4529 patriarchae,
2226 4462 2315 4517 cui
2351 4466 2478 4519 sede
2510 4482 2603 4521 sua
2636 4465 2847 4534 dejecto
2878 4466 3173 4533 imperator
3205 4461 3433 4515 Michael
3464 4460 3719 4515 Photium
3744 4476 4047 4515 successo-

782 4566 895 4603 rem
930 4548 1096 4607 dedit,
1127 4561 1347 4600 causam
1381 4546 1646 4600 historico
1688 4546 1870 4599 libello
1925 4560 2296 4619 reprarsentat,
2322 4553 2428 4621 cuii

2402 4553 2477 4618 ius
2511 4553 2792 4622 inscriptio
2828 4572 2839 4607 :
2900 4551 3154 4613 M65110;
3180 4550 3452 4619 περιέχων
3480 4549 3654 4601 πάντα
3686 4548 3753 4600 τὰ
3786 4551 3931 4600 κατὰ
3960 4551 4048 4602 τὸν

786 4641 959 4713 μέγαν
1000 4638 1277 4706 ’1-ίνάτιον,
1308 4637 1580 4706 πεμφοεὶς
1607 4637 1742 4707 πρὸς
1771 4638 2035 4692 Νικόλαον
2061 4644 2248 4694 πάπαν
2280 4641 2520 4713 Ῥώμης,
2540 4641 3051 4715 προσωποποιηοεὶς
3076 4639 3179 4691 ὑπὸ
3198 4638 3550 4705 Θεογνὼςτου
3577 4636 3811 4706 μονοιχοῦ
3839 4639 3934 4689 καὶ
3954 4642 4050 4708 ἀρ·

782 4726 1131 4800 χιμανδρετου
1147 4725 1246 4794 τῆς
1276 4725 1655 4794 πρεσϐυτέρας
1692 4724 1936 4797 Ῥώμης,
1978 4728 2073 4780 καὶ
2099 4729 2328 4798 ἐξάρχου
2363 4729 3005 4791 Κωνσταντινουπὸ).εως,
3036 4728 3114 4789 εἰς
3159 4726 3329 4793 ὄνομα.
3373 4724 3636 4792 Ίγνατέου
3686 4723 3781 4775 τοῦ
3848 4743 4048 4794 πατρι-

783 4818 977 4886 άρχου·
1016 4813 1245 4867 Libellus
1274 4814 1545 4867 continens
1575 4824 1740 4867 totam
1778 4817 1955 4885 magni
1989 4816 2188 4885 Iguatii
2221 4836 2455 4880 causam,
2491 4820 2681 4870 missus
2718 4821 2786 4869 ad
2822 4815 3102 4867 Nicolaum
3136 4832 3325 4883 papam
3364 4812 3681 4875 Romanum,
3708 4815 4045 4881 conscriptus

786 4920 819 4957 a
844 4902 1162 4970 Theognosto
1178 4901 1429 4953 monacho
1445 4910 1492 4955 et
1511 4904 1929 4957 archimandrita
1953 4908 2136 4959 veteris
2157 4905 2357 4970 Roma',
2380 4917 2427 4959 et
2445 4907 2671 4959 exarcho
2692 4904 3236 4971 Constantinopoleos,
3258 4904 3464 4955 nomine
3487 4900 3683 4969 lgnatii
3700 4902 4043 4966 patriarclur,

855 4988 945 5043 IX.
978 4990 1137 5042 [tunc
1177 4988 1437 5051 libellum,
1471 4989 1740 5054 miserias,
1776 5006 1913 5058 quas
1940 4992 2180 5061 lgnatius
2204 4993 2255 5045 in
2298 4995 2491 5048 exsilio
2524 5009 2715 5063 passus
2741 5002 2877 5056 erat,
2915 4992 3133 5045 Nicolao
3162 4990 3177 5042 1
3205 4989 3442 5057 pontiﬁci
3474 4988 3721 5041 Romano
3748 5004 4045 5043 recensen-

787 5092 917 5144 tem,
945 5077 1159 5133 orditur
1184 5077 1253 5130 ab
1282 5076 1449 5131 initiis
1502 5079 1697 5141 exsilii,
1732 5080 1876 5148 quod
1911 5081 2145 5149 lgnalius
2184 5098 2234 5136 a.
2262 5081 2324 5136 C.
2359 5083 2461 5138 858
2496 5082 2684 5146 subiit,
2715 5080 2973 5136 terminat
3012 5079 3064 5131 in
3094 5076 3243 5132 Actis
3274 5076 3873 5145 Constantinopolitani
3908 5095 4043 5133 con-

788 5166 918 5231 cilii,
956 5165 1099 5232 quod
1132 5164 1397 5233 lgnatium
1426 5166 1738 5230 damnavit,
1777 5183 1825 5220 a.
1858 5184 1905 5223 c.
1938 5168 2059 5222 86L

857 5252 924 5306 Χ.
977 5252 1183 5307 Prodiit
1226 5250 1411 5307 Grmce
1456 5261 1510 5305 et
1549 5251 1737 5341 Lali‘ne
1761 5298 1774 5319 ,
1806 5257 2099 5325 interprete
2147 5258 2397 5313 Mattiaco
2423 5258 2657 5320 Radcro,
2700 5255 2912 5310 concilii
2946 5254 3536 5324 Constantinopolitani
3587 5269 3637 5306 Iv
3667 5298 3682 5319 ,
3712 5256 3865 5323 quod
3903 5256 4044 5308 inter

786 5340 1118 5394 mcumenica
1149 5341 1285 5395 solet
1314 5350 1563 5394 octavum
1598 5340 1865 5397 nominaui
1889 5385 1905 5409 ,
1949 5346 2097 5400 Actis
2125 5345 2327 5402 Grzccis
2382 5347 2697 5417 praemissus
2720 5387 2734 5413 ,
2767 5343 3136 5401 Conciliorum
3201 5354 3332 5401 tom.
3371 5344 3478 5407 VL,
3525 5341 3750 5398 Parisiis
3793 5343 3962 5409 1036,
3995 5347 4043 5394 in

784 5427 885 5483 ιυι.
918 5446 931 5496 ;
966 5438 1113 5483 tomo
1151 5426 1287 5492 Vill,
1321 5428 1475 5497 ibid,
1516 5429 1675 5496 1671,
1705 5431 1754 5484 in
1788 5432 1880 5487 fol.
