4168 6450
220 412 329 475 849

1453 557 1549 575 ὦ*
1558 570 1565 573 .

1244 407 1644 468 ΕΝΕΟΜΙΠΜ
1687 407 1766 465 IN
1796 408 2050 467 OMNES
2089 407 2433 466 SANCTOS.

3350 398 3461 462 850

914 720 1930 841 ΘΕΟΓΝΩΣΤΟΥ
2019 714 2797 834 ΜΟΝΑΧΟΥ

708 946 1281 1034 ΕΓΚΩΜΙΟΝ

1380 943 1552 1029 ΕΙΣ
1637 941 1927 1029 ΤΟΥΣ
1997 936 2392 1025 ΑΓΙΟΥΣ
2466 934 3011 1023 ΑΠΑΝΤΑΣ.

1019 1309 1936 1427 THEOGNOSTI
2015 1307 2669 1422 MONACHI

876 1558 1517 1653 ENCOMI'UM
1594 1555 1721 1645 IN
1815 1552 2220 1647 OMNES
2292 1548 2844 1645 SANCTOS.

1353 1752 1576 1813 (Codices
1604 1750 1836 1811 Noniani,
1861 1764 1908 1812 p.
1937 1750 2042 1811 ιιι,
2066 1749 2173 1798 cod.
2223 1749 2324 1810 72.)

287 2088 556 2158 Λαμπρζν
580 2088 642 2141 τὸ
663 2087 761 2156 τῆς
787 2085 979 2155 ἑορτῆς
1010 2087 1182 2156 δμμα,
1220 2088 1312 2140 καὶ⁴
1342 2088 1567 2157 φαιδρὶν
1596 2086 1653 2138 τὺ
1686 2087 1780 2154 τῆς
1815 2085 1858 2138 Α

1959 2081 2300 2150 Magniﬁcum
2360 2078 2667 2135 festivitatis
2726 2076 3119 2147 spectaculum.
3194 2080 3247 2126 ct
3300 2070 3480 2124 alacre

216 2182 451 2246 ἐκλογῆς
481 2179 663 2250 ᾇσμα’
703 2179 904 2249 πρέπει
947 2180 1053 2250 γὰρ
1084 2182 1214 2248 ἡμῖν
1245 2180 1505 2249 ᾀσμάτων
1537 2178 1783 2247 ἐκλογὴν,

214 2273 329 2328 τοῖς
360 2269 469 2320 τῶν
512 2269 767 2338 ᾀσμάτων
795 2270 1000 2338 κυρίοις
1029 2270 1292 2337 ὲκφωνεῖν
1320 2269 1416 2320 καὶ
1449 2267 1785 2336 σεϐάσματα.

230 2361 381 2411 Ἀλλ’
405 2355 561 2430 οἶμαι
586 2362 914 2431 ἀρξάμενον,
935 2362 1217 2431 ναρκῶσαι
1243 2360 1378 2430 πρὸς
1400 2363 1496 2429 τὴν
1521 2358 1675 2424 ἀξίαν
1697 2360 1789 2412 τοῦ

216 2452 383 2519 λόγου
419 2454 731 2523 προφοράνο
764 2453 1082 2523 ὑπερϐαίνει
1119 2453 1223 2523 γὰρ
1265 2453 1411 2521 ἡμᾶς
1446 2452 1545 2519 τὴν
1589 2451 1793 2519 εὐφρα-

219 2545 365 2608 δίαν,
406 2547 436 2609 ἡ
466 2544 575 2595 τῶν
608 2544 1013 2613 πεπραγμένων
1041 2542 1221 2596 ἄθλων
1265 2542 1581 2594 πολυτέλεια
1605 2558 1617 2571 ·
1650 2540 1712 2592 τὸ
1737 2540 1792 2592 δὲ

221 2637 325 2687 ὐπε
339 2634 556 2702 ρϐαἴνον
584 2636 664 2696 είς
710 2633 1044 2704 ἐγχείρησιν,
1077 2633 1508 2703 δυσχερεστέραν
1556 2630 1667 2700 ἔχει
1698 2630 1793 2697 τὴν

220 2725 320 2778 τοῦ
348 2726 725 2794 σκοπουμένου
754 2724 1090 2793 κατόρθωσιν
1110 2738 1123 2752 °
1172 2723 1289 2784 πῶς
1333 2724 1439 2793 γὰρ
1480 2723 1544 2775 ἂν
1577 2722 1793 2791 ἐξερεύ-

225 2818 413 2884 ξιυμαι
444 2820 558 2878 τοῖς
590 2818 823 2885 χείλεσιν
856 2816 1044 2885 ὕμνον,
1080 2814 1399 2877 ἀδίστακτος
1452 2814 1525 2866 ὢν
1575 2815 1796 2867 δικαιω-

226 2908 418 2974 μάτων
449 2908 604 2969 θεοῦ,
649 2908 893 2977 ἀμύητος
951 2906 1341 2975 βεϐαιωμάτων
1394 2906 1662 2975 Χριστοῦς
1694 2905 1795 2956 Γέ-

225 3015 473 3065 γραπται
508 3000 615 3067 γάρ
638 3015 652 3028 ·
672 2999 1117 3067 Ἐξερεύξογται
1140 2998 1209 3049 τὰ
1238 2997 1410 3064 χείλη
1436 3015 1553 3065 μου
1585 2997 1798 3063 ὕμνον,

228 3090 377 3143 ὅταν
430 3089 681 3158 διδάξῃς
720 3108 795 3159 με
827 3091 897 3142 τὰ
928 3088 1287 3156 δικαιώματά
1338 3105 1474 3142 σου.
1515 3089 1652 3141 Ἀλλ’
1685 3089 1794 3141 ἔστι

229 3182 324 3234 καὶ
354 3182 511 3248 λόγος
551 3186 910 3253 πανεύπορος.
938 3182 1077 3250 ὑπὲρ
1106 3181 1262 3249 λόγον
1292 3181 1431 3249 ἔχων
1477 3182 1567 3233 τὸν
1611 3181 1787 3249 λόγον,

230 3276 509 3345 θησαυρὸν
541 3274 677 3344 ἔχων
703 3274 957 3345 χορηγὸν,
1011 3273 1218 3335 ἑννοίας
1272 3274 1670 3340 εὐσεϐεῖςνίκαὶ
1703 3278 1803 3346 ρη-

236 3371 428 3436 μέιτων
460 3369 616 3431 ἀξίαν
641 3369 961 3437 εὖφραδξαν,
995 3368 1129 3437 πρὸς
1160 3368 1216 3419 ὃν
1249 3368 1675 3437 ἐπερειδόμενος,
1705 3368 1802 3436 ἇρ-

231 3460 400 3525 ξομαι
428 3458 609 3522 λέγειν
656 3457 807 3522 λόγια
851 3456 1048 3525 ἀληθῆ.
1088 3455 1340 3526 Ὀρθίους
1373 3450 1464 3507 οὖν
1507 3454 1604 3515 τὰς
1635 3455 1802 3516 ἀκοὰς

232 3549 555 3616 στήσαντες,
586 3548 877 3616 ἀγαπητοὶ,
903 3546 1001 3615 τὴν
1029 3544 1123 3597 τοῦ
1152 3544 1415 3613 παρόντος
1443 3544 1807 3612 συγγράμμα-

232 3655 327 3701 τος
345 3638 617 3705 ἐπιμελῶς
644 3637 865 3701 δέξασθε
891 3638 1140 3705 διήγησιν
1163 3652 1174 3664 ³
1204 3636 1489 3688 ἐπίσταται
1519 3635 1627 3703 γὰρ
1647 3637 1678 3703 ή
1702 3633 1810 3685 τῶν

236 3729 567 3797 κρειττόνων
598 3729 881 3797 ἀκρόασις,
914 3727 1049 3795 πρὸς
1078 3726 1177 3793 τὴν
1209 3725 1318 3777 τῶν
1351 3721 1612 3793 μειζόνων
1652 3725 1810 3775 οἱκο-

235 3821 411 3891 ὃομὴν
444 3820 596 3886 ἄγειν
627 3821 751 3881 τοὺς
776 3818 1047 3888 ἐπιμελῶς
1072 3816 1418 3880 ὲνωτίζεσθαι
1449 3815 1721 3876 θέλοντας.

312 3910 646 3979 Πολύανδρος
678 3913 708 3980 ἡ
737 3910 843 3962 τῶν
867 3909 1093 3976 ἀγώνων
1128 3907 1481 3977 ἀνδραγαθία.
1512 3910 1605 3959 καὶ
1644 3906 1809 3959 πολύ-

237 4021 445 4073 τροπος
468 4005 500 4072 ἡ
526 4004 631 4053 τῶν
653 4002 828 4054 ἄθλων
854 4002 1133 4071 προθυμία
1151 4016 1164 4028 ⁸
1194 4002 1253 4053 οὑ
1293 4001 1401 4070 γὰρ
1434 4002 1567 4071 πρὸς
1600 4001 1693 4053 ἕνα
1720 4000 1814 4053 καὶ

239 4098 335 4149 δύο
365 4097 398 4164 ἣ
423 4096 554 4147 δέκα
584 4095 673 4146 τὸν
698 4094 997 4163 ἀριθμὸν.ό
1027 4092 1120 4146 τοῦ
1155 4093 1432 4160 ὲγκωμίου
1464 4093 1813 4162 κηρύττεται,

241 4186 384 4239 ἀλλὰ
430 4186 564 4253 πρὸς
628 4184 855 4253 ἄπειρον
888 4182 1090 4251 πλῆθος
1121 4183 1312 4248 ἁγίων,
1376 4184 1670 4253 μαρτύρων
1722 4184 1817 4236 καὶ

241 4276 411 4328 ὁσίων
439 4292 452 4305 -
477 4268 553 4326 ὧν
580 4275 687 4342 γὰρ
714 4273 881 4341 δῆμος
913 4272 1123 4343 ἀνδρῶν
1148 4272 1450 4342 ἀριθμῆσαι
1478 4275 1577 4325 οὐκ
1602 4274 1816 4342 ἐξίσχυ-

246 4388 329 4433 σε,
346 4370 569 4429 τούτους
599 4362 679 4429 εἷς
700 4367 793 4418 καὶ
821 4366 981 4436 μόνος
1000 4365 1368 4435 εὐαρίθμητον
1395 4365 1507 4435 ἔχει
1536 4365 1634 4435 τὴν
1660 4368 1820 4419 ποσό-

242 4480 410 4531 τητα,
448 4459 631 4521 καθὼς
657 4460 818 4521 αὐτὸς
843 4462 870 4511 ὁ
900 4454 980 4521 εἷς
1014 4458 1379 4527 ἐθριάμϐευσε
1404 4459 1599 4526 λέγων·
1640 4459 1822 4531 Ἰχιῶν

245 4556 316 4607 δὲ
346 4553 445 4605 καὶ
477 4556 533 4605 αἱ
565 4553 763 4620 τρίχες
791 4551 900 4619 τῆς
930 4549 1199 4619 κεφαλῆς
1233 4548 1421 4604 πᾶσαι
1445 4551 1818 4618 ἠρίθμηνται.

259 4648 319 4699 Ὀ
352 4645 535 4697 τοίνυν
550 4644 802 4712 ἀριθμεῖν
831 4643 1024 4711 τρίχας
1054 4641 1347 4708 δυνάμενος
1380 4643 1581 4704 παντὸς
1616 4640 1822 4711 ἀνθρώ-

249 4757 381 4793 που,
420 4738 480 4788 οὐ
513 4736 712 4805 μᾶλλον
745 4735 1041 4803 ἀριθμήσει
1077 4733 1186 4785 τῶν
1234 4736 1293 4786 ὲν
1349 4734 1453 4802 ὅλῳ
1504 4733 1582 4804 τῷ
1631 4734 1821 4804 κόσμῳ

253 4830 555 4900 μαρτύρων
603 4827 694 4878 καὶ
726 4827 888 4880 ὁσίων
916 4827 982 4878 τὰ
1021 4824 1279 4893 σώματας
1323 4826 1397 4879 Οὐ
1420 4824 1529 4895 γὰρ
1560 4827 1697 4894 πρὸς
1730 4827 1824 4879 ἕνα

248 4924 417 4976 τότον
450 4920 508 4970 τὸ
535 4917 760 4984 πλῆθος,
793 4916 927 4969 ἀλλά
987 4916 1078 4968 καὶ
1106 4916 1226 4968 καθ’
1256 4916 1484 4968 ἕκαστον
1534 4917 1697 4969 τόπον
1759 4918 1825 4971 τὰ

252 5011 463 5079 πλήθη.
486 5010 699 5077 Ὠσπερ
727 5008 835 5076 γὰρ
868 5006 1001 5058 Θεοῦ
1036 5006 1093 5059 τὸ
1142 5007 1447 5075 ὑπέρογκον
1483 5008 1710 5076 μέγεοος
1737 5013 1829 5061 καὶ

254 5106 314 5157 ἰν
349 5106 463 5164 τοῖς
489 5101 741 5169 ἀοράτοις
764 5100 1096 5167 ἐξὴπλωται,
1126 5096 1266 5150 οὕτω
1297 5101 1388 5151 καὶ
1419 5102 1446 5152 ὁ
1470 5102 1567 5169 τῆς
1594 5102 1829 5165 πίστεως

254 5194 422 5248 αὐτοῦ
446 5194 806 5262 ψυχοδὲσμιος
842 5192 1002 5260 ζῆλος
1035 5191 1126 5243 καὶ
1161 5191 1241 5253 είς
1271 5192 1337 5243 τὰ
1384 5192 1594 5261 πέρατα
1629 5195 1728 5263 τῆς
1756 5197 1833 5247 οἱ·

255 5286 534 5352 καομένης
560 5283 873 5350 ἐκκέχυται.
909 5279 999 5331 Διὸ
1032 5280 1079 5331 εἰ
1104 5281 1196 5331 καὶ⁹
1234 5279 1375 5331 κατὰ
1418 5281 1581 5332 τόπον
1603 5281 1663 5332 τὸ
1693 5281 1830 5334 πλῆ-

258 5379 372 5438 Οος,
404 5374 519 5426 ἀλλ’
549 5375 629 5435 είς
657 5373 754 5425 ἕνα
781 5373 943 5424 τόπον
974 5372 1002 5422 ὁ
1028 5370 1209 5433 πόθος.
1242 5371 1349 5434 Ui»;
1386 5374 1491 5441 γὰρ
1536 5375 1568 5441 ἡ
1623 5374 1695 5442 γῆ
1745 5374 1832 5426 διὰ

256 5468 360 5527 τὰς
414 5465 698 5523 κατοικῖας
751 5461 1003 5531 ἐχώριζε,
1048 5459 1270 5523 τούτους
1321 5462 1548 5531 οὐρανὸς
1601 5462 1689 5516 διὰ
1736 5464 1834 5528 τῆς

260 5558 516 5629 ὁμονοίας
547 5552 864 5623 συνήθροιζε
887 5570 899 5584 ’
938 5552 1031 5605 καὶ
1062 5552 1271 5617 γίνεται
1320 5552 1348 5602 ὁ
1397 5552 1704 5619 σωματικὸς
1733 5570 1834 5623 χω-

267 5649 481 5721 ρισμὸς,
512 5648 880 5717 πνευματικὸς
910 5644 1235 5716 ἁθροισμόςο
1273 5647 1365 5695 καὶ
1398 5646 1449 5695 oi.
1474 5645 1530 5695 τὸ
1562 5645 1834 5715 βραχύτα-

346 5835 359 5865 ³
406 5833 543 5886 I‘sal.
582 5850 770 5899 cum,
804 5837 920 5893 l'il.
1000 5840 1016 5867 -‘
1058 5836 1243 5891 Matth.
1282 5853 1332 5900 κ,
1370 5836 1455 5888 50.

1888 2174 2170 2228 electionis
2196 2175 2466 2227 canticum
2502 2174 2514 2225 !
2558 2171 2813 2224 convenit
2854 2168 2998 2223 enim
3036 2166 3197 2221 nobis
3230 2164 3478 2242 C‘allliCO-

1889 2281 2009 2319 rum
2026 2265 2343 2319 electionem
2364 2264 2522 2317 nobis
2542 2262 2877 2316 canticorum
2901 2257 3137 2311 dominis
3157 2267 3479 2323 expromere

1889 2369 1944 2412 et
1974 2357 2339 2411 venerationis
2365 2356 2593 2409 cultum.
2623 2353 2726 2407 Sed
2761 2353 2906 2405 hunc
2936 2349 3028 2419 qui
3064 2348 3327 2417 inceperit
3353 2358 3479 2399 reor

1892 2453 1957 2506 ad
1985 2452 2200 2523 dignam
2224 2451 2496 2505 sermonis
2514 2448 2868 2517 prolationem
2894 2456 3222 2514 torpescere.
3248 2441 3481 2510 Superat

1892 2545 2034 2598 enim
2078 2553 2316 2599 nostram
2369 2541 2731 2611 eloquentiam
2785 2550 3060 2609 gestorum
3118 2535 3481 2591 certaminum

1894 2637 2213 2706 magnitudo
2237 2652 2251 2701 ;
2276 2634 2419 2704 quod
2448 2644 2623 2688 autem
2648 2631 2934 2687 conamina
2965 2636 3186 2697 superat
3210 2626 3486 2681 dilIicilio-

1904 2745 2018 2783 rem
2055 2730 2218 2782 habet
2244 2726 2507 2797 propositi
2543 2727 2769 2780 exitum.
2794 2724 3078 2789 Quomodo
3104 2722 3247 2777 enim
3270 2727 3489 2775 eructa-

1896 2822 1967 2875 ho
2011 2821 2173 2876 labiis
2222 2822 2504 2891 hymnum,
2535 2817 2982 2887 justiﬁeationum
3028 2815 3120 2869 Dei
3160 2813 3386 2876 inscius,
3434 2819 3488 2865 rt

1900 2918 2212 2982 inexpertus
2265 2911 2713 2967 conﬁrmationes
2769 2907 2972 2963 Christi
3014 2908 3035 2961 ἲ
3086 2906 3360 2977 Scriptum
3405 2911 3489 2958 est

1900 3004 2042 3058 enim
2070 3022 2082 3057 :
2115 3002 2447 3055 Eructabunt
2477 3000 2618 3054 labia
2648 3017 2761 3053 mea
2794 3000 3067 3069 hymnum,
3096 3013 3216 3051 cum
3246 2996 3489 3051 docueris

1903 3112 1981 3147 me
2022 3094 2432 3164 justiﬁeationes
2479 3093 2663 3146 luas‘.
2709 3092 2813 3145 Sed
2877 3099 2959 3147 est
3009 3105 3227 3161 quoque
3270 3088 3490 3143 verbum

1904 3187 2454 3251 abundantissimum,
2489 3200 2651 3256 supra
2676 3185 2836 3239 verba
2866 3186 3089 3238 verbum
3123 3182 3348 3242 habens,
3379 3179 3496 3234 the-

1906 3295 2125 3334 saurum
2184 3280 2474 3349 possidens
2531 3278 2836 3347 cepiosnm,
2899 3276 3017 3345 pias
3072 3274 3395 3337 sententias,
3442 3283 3498 3325 et

1907 3372 2124 3441 dignam
2172 3370 2323 3425 vocis
2364 3370 2748 3439 eloquentiam,
2807 3368 2895 3422 cui
2949 3366 3208 3421 insistens
3243 3363 3494 3433 incipiam

1910 3478 2067 3516 veros
2093 3477 2375 3516 sermones
2399 3461 2567 3530 loqui.
2594 3458 2890 3513 Matutinas
2910 3474 3037 3529 ergo
3058 3473 3218 3512 aures
3251 3456 3492 3521 praeben-

1902 3567 2009 3616 νιος,
2044 3552 2404 3617 dilectissimi,
2452 3554 2733 3622 praesentis
2768 3552 2952 3621 scripti
2986 3559 3240 3605 accurate
3271 3546 3499 3615 accipite

1910 3643 2281 3709 recitationem
2313 3660 2327 3707 ;
2360 3644 2464 3698 scit
2493 3643 2639 3697 enim
2672 3643 2959 3697 meliorum
2994 3640 3203 3697 auditio
3234 3640 3299 3693 ad
3330 3638 3501 3704 majo-

1908 3750 2028 3787 rum
2053 3734 2468 3789 aediiicationem
2493 3736 2693 3789 ducere
2725 3735 2825 3789 hos
2857 3735 2949 3801 qui
2974 3742 3177 3789 attente
3203 3729 3499 3785 auseultari

1912 3826 2128 3879 volunt.
2321 3820 2325 3825 ⁷

1983 3916 2259 3987 Mnltiplex
2301 3925 2385 3972 est
2423 3932 2732 3988 pugnarum
2769 3915 2979 3977 virtus,
3011 3922 3064 3967 et
3094 3911 3505 3966 diversissitnus

1914 4011 2275 4063 certaminum
2305 4010 2509 4077 ardor;
2542 4024 2645 4063 non
2683 4010 2828 4062 enim
2871 4008 2923 4060 in
2960 4020 3127 4059 unum
3172 4004 3255 4057 vel
3281 4004 3389 4057 duo
3420 4003 3505 4056 vel

1915 4101 2099 4155 decem
2138 4114 2388 4164 numero,
2408 4099 2538 4153 illud
2569 4098 2878 4152 cncomium
2904 4095 3297 4165 proclamatur,
3330 4092 3424 4146 sed
3453 4092 3505 4143 in

1918 4192 2265 4245 innumeram
2344 4200 2698 4254 sanctorum,
2786 4196 3085 4258 martyrum
3168 4193 3223 4238 et
3291 4185 3507 4253 piorum

1921 4282 2343 4336 multitudinem.
2388 4281 2537 4347 Quos
2570 4281 2712 4335 enim
2746 4281 3029 4333 hominum
3078 4277 3233 4330 turba
3262 4275 3509 4329 dinume-

1924 4390 2044 4428 rare
2095 4388 2200 4427 non
2248 4373 2441 4441 potuit,
2476 4372 2672 4425 horum
2724 4385 2867 4424 unus
2909 4377 2961 4422 et
2993 4368 3145 4422 solus
3196 4366 3335 4419 Deus
3371 4363 3510 4419 bene

1921 4465 2243 4520 mstimatam
2264 4465 2413 4518 novit
2435 4463 2814 4533 quantitatem,
2843 4470 2902 4515 ut
2931 4463 3045 4531 ipse
3066 4460 3217 4515 solus
3242 4457 3512 4526 triumpho

1924 4558 2198 4612 decoravit
2219 4559 2309 4627 qui
2341 4556 2467 4611 dicit
2504 4576 2516 4611 :
2565 4553 2739 4609 Vestri
2774 4556 2966 4623 capitis
3005 4553 3184 4621 capilli
3214 4567 3391 4606 omnes
3422 4566 3513 4602 nu.

1926 4649 2114 4703 merali
2147 4650 2331 4703 δίαιτ’.
2374 4647 2474 4714 Qui
2535 4647 2699 4717 igitur
2742 4647 2964 4716 capillos
3000 4658 3289 4699 numerare
3335 4651 3513 4712 potest

1852 4766 1893 4823 ο
1925 4742 2104 4795 omnis
2127 4741 2383 4806 hominis,
2414 4756 2595 4794 nonne
2625 4740 2796 4808 magis
2830 4736 3135 4791 numerabit
3159 4751 3278 4804 quae
3308 4734 3360 4787 in
3398 4741 3515 4787 toto

1930 4833 2132 4887 mundo
2159 4832 2425 4886 exsistunt
2450 4840 2746 4901 martyrum
2782 4839 2836 4883 et
2870 4829 3083 4899 piorum
3116 4826 3510 4896 corpora‘lnon

1929 4925 2073 4977 enim
2124 4924 2189 4976 ad
2238 4938 2406 4975 unum
2454 4923 2631 4975 locum
2668 4920 2963 4975 multitudo
2996 4919 3252 4980 adhaeret,
3292 4916 3383 4970 sed
3416 4931 3515 4985 per

1932 5015 2113 5068 omnia
2153 5015 2271 5068 loca
2313 5013 2689 5067 multitudines
2731 5010 3131 5065 din‘unduntur.
3184 5007 3329 5061 Nam
3371 5006 3515 5060 sicut

1940 5106 2390 5159 Deiimmensitas
2412 5104 2562 5157 velin
2585 5104 2721 5158 locis
2759 5100 3125 5155 invisibilibus
3165 5097 3479 5153 extenditur
3500 5135 3517 5160 ,

1939 5200 2013 5252 ita
2042 5214 2261 5267 quoque
2297 5196 2416 5249 ιιιιυὶ
2446 5196 2565 5264 ejus
2596 5196 2811 5248 animas
2842 5195 3122 5261 captivans
3152 5191 3300 5245 zelus
3330 5192 3395 5244 ad
3429 5205 3517 5244 oro

1941 5290 2029 5343 bis
2069 5290 2307 5342 universi
2338 5290 2598 5341 terminos
2624 5286 2858 5341 dilTusns
2889 5293 2991 5339 est.
3028 5284 3209 5349 Quare
3232 5282 3276 5336 si
3301 5281 3517 5351 quidem

1942 5384 1992 5434 in
2031 5398 2131 5436 suo
2162 5383 2283 5434 loco
2316 5381 2605 5434 multitudo
2642 5388 2745 5443 est,
2780 5378 2874 5433 sed
2908 5377 2973 5430 ad
3005 5391 3171 5429 unum
3214 5374 3393 5429 locum
3427 5388 3523 5427 eo-

1940 5473 2209 5539 gitamor.
2240 5472 2390 5538 Quos
2431 5472 2575 5525 enim
2609 5481 2751 5525 terra
2774 5484 2869 5539 per
2911 5467 3274 5522 habitationes
3316 5463 3521 5522 divisit.

1941 5565 2038 5617 hos
2064 5566 2259 5618 ctelum
2292 5579 2385 5632 per
2416 5563 2677 5615 mentium
2711 5561 2965 5613 unionem
2991 5558 3273 5626 conjunxit
3306 5572 3321 5621 ;
3355 5555 3521 5623 [itque

1941 5655 2241 5723 corporalis
2284 5652 2502 5715 divisio,
2533 5650 2836 5720 spiritualis
2884 5645 3236 5715 conjuunctio
3272 5660 3287 5708 ;
3326 5650 3402 5697 et“
3425 5639 3516 5708 qui
