4168 6450
674 366 772 433 851

1877 371 2357 432 TIIEOGNOSTI
2403 372 2744 435 MONACIII

3832 378 3943 442 85?.

675 482 1054 537 brevissimam
1094 482 1230 535 hanc
1259 484 1311 537 in
1338 494 1479 538 terra
1513 486 1675 539 vitam
1708 497 2014 555 separatam
2044 491 2239 542 habent.
2272 492 2297 544 Α

2401 506 2434 537 »ν
2478 488 2576 558 ζῇν
2605 490 2695 541 ἐπὶ
2725 489 2827 559 γῆς
2854 488 3072 542 ἄπωθεν
3123 491 3537 560 κεχωρισμένον
3570 492 3809 561 ἔχοντες,
3844 496 3943 548 τοῦ

674 587 933 629 aeternam
972 575 1025 629 In
1090 576 1244 631 cmlis
1277 577 1442 632 vitam
1476 581 1824 649 conjunctam
1869 583 2261 649 obtinuerunt,

676 682 737 721 se
768 668 1000 723 invicem
1030 668 1277 725 videntes
1311 681 1363 724 et
1404 671 1506 725 sibi
1548 674 1905 744 gratulantes.
1959 676 2071 729 Non
2118 678 2261 730 enim

676 757 784 813 fuit
807 759 912 815 illis
940 760 1181 831 cupitum
1213 763 1448 817 breviter
1474 767 1739 834 separatis
1764 767 1967 831 vivere,
2002 767 2095 822 sed
2123 769 2266 823 desi-

678 851 927 904 deratum
966 866 1188 921 semper
1215 856 1521 922 conjunctis
1556 858 1757 919 vivere,
1794 866 1850 910 et
1874 860 1995 913 vita:
2023 859 2264 914 datorem

676 941 920 996 laudare.
963 940 1120 999 Unde
1152 944 1216 999 ad
1257 945 1572 1014 patiendum
1606 949 1882 1015 destinati,
1924 952 2178 1019 periculis
2212 968 2271 1009 se

677 1035 917 1104 objicere
986 1053 1093 1091 non
1160 1040 1270 1108 pati
1315 1050 1753 1109 reputaverunt;
1810 1044 1901 1097 sed
1976 1044 2271 1105 levioribus

678 1126 879 1195 pugnis
898 1126 1103 1190 alllicti,
1126 1127 1502 1185 vehementius
1528 1132 1633 1201 pati
1668 1132 1861 1187 iterum
1883 1142 2028 1188 tenta
2041 1148 2229 1191 verunt
2255 1156 2270 1205 ;

681 1218 736 1271 in
778 1218 978 1286 quibus
1017 1217 1141 1273 licet
1183 1221 1478 1274 multorum
1519 1224 1747 1276 deorum
1795 1235 1849 1279 et
1889 1242 1995 1279 non
2036 1226 2124 1281 Dei
2162 1230 2276 1283 cul-

679 1308 1051 1378 toresjudices
1083 1312 1453 1367 misericordia
1498 1316 1756 1370 commoti
1805 1315 2026 1383 fuerint,
2066 1319 2131 1373 ad
2157 1321 2274 1375 illc-

682 1400 877 1456 cebras
895 1404 1098 1457 sanctis
1121 1406 1454 1473 praebendas,
1489 1408 1703 1477 injuriis
1729 1411 1932 1467 illicitis
1957 1414 2162 1468 strenui
2200 1416 2274 1470 illi

684 1491 787 1547 bos
808 1491 1162 1559 impetebant,
1184 1496 1249 1548 ad
1273 1499 1729 1553 vehementiorem
1751 1501 1804 1554 in
1826 1503 2276 1561 condemnatioue

685 1584 823 1637 iram
886 1586 1286 1653 excitandam;
1345 1599 1404 1642 ut
1459 1608 1554 1659 per
1612 1593 1864 1649 acerbius
1926 1597 2275 1666 supplicium,

688 1676 1117 1745 splendidiorem
1146 1681 1387 1735 lcetitiam
1416 1696 1794 1752 procurarent,
1820 1689 1962 1757 quod
1989 1705 2278 1759 possumus

686 1770 942 1839 exemplo
974 1772 1267 1825 illustrare.
1305 1772 1459 1828 Sicut
1488 1774 1541 1828 in
1578 1777 1754 1832 stadio
1787 1782 2025 1849 equestri
2062 1782 2276 1849 auriga,

688 1865 759 1919 ob
786 1866 1151 1919 rcmissiorem
1182 1866 1430 1936 bigarum
1457 1885 1677 1924 cursum
1705 1873 1966 1929 variabile
1984 1884 2036 1929 et
2064 1874 2279 1933 dillicilc

689 1958 1015 2012 certaminis
1063 1960 1347 2014 exordium
1397 1961 1696 2018 ostendens
1721 2003 1735 2027 ,
1777 1966 2020 2021 victoria:
2061 1970 2278 2023 tandem

688 2051 973 2119 praemium
1009 2052 1331 2120 adipiscitur
1364 2070 1378 2119 ;
1413 2052 1485 2107 ita
1510 2054 1710 2125 ubique
1751 2065 2025 2113 terrarum
2052 2059 2284 2115 dimisus

692 2151 1012 2197 sanctorum
1048 2147 1253 2200 chorus
1282 2146 1611 2215 multiplices
1641 2163 1851 2218 pugnas
1891 2149 2023 2220 Regi
2052 2154 2285 2207 saeculo-

691 2252 815 2288 rum
846 2232 1041 2291 oﬂcrre
1092 2237 1332 2306 gestivit,
1381 2239 1807 2308 splendidiorem
1848 2242 1975 2297 inde
2013 2246 2286 2315 accipiens

694 2326 960 2381 luctarum
988 2327 1872 2394 retributionem,etillustriorem
1904 2333 2025 2388 inde
2051 2335 2288 2390 edocens

695 2418 876 2473 laudis
911 2427 1168 2472 arternam
1218 2422 1561 2485 memoriam,
1590 2436 1800 2476 memor
1823 2426 2103 2493 apostolici
2141 2427 2289 2481 verbi

696 2506 970 2563 dicentis:
1026 2505 1393 2580 Unusquisque
1441 2512 1709 2579 propriam
1743 2514 2029 2568 mercedem
2072 2518 2293 2586 accipiet

698 2600 986 2653 secundum
1010 2601 1279 2669 proprium
1313 2601 1547 2656 laborem
1568 2603 1607 2657 ³.
1650 2606 1972 2660 Attraltcliat
1998 2609 2142 2662 enim
2173 2610 2293 2696 illos

702 2691 825 2760 ejus
856 2705 1011 2745 amor
1048 2693 1136 2761 qui
1173 2695 1383 2761 primus
1413 2709 1511 2762 pro
1546 2694 1652 2749 illis
1679 2710 1878 2763 passus
1903 2707 2007 2761 est,
2034 2708 2088 2752 et
2120 2691 2295 2759 ex'em.

699 2784 850 2854 plum
880 2783 1029 2838 dedit
1056 2784 1164 2839 illis
1194 2793 1359 2840 tanta;
1388 2786 1442 2839 in
1470 2787 1727 2857 patiendo
1752 2788 2125 2856 fortitudinis;
2156 2793 2297 2847 sicut

699 2876 901 2931 bamus
938 2877 989 2931 in
1025 2878 1194 2931 maris
1230 2878 1485 2949 abyssum
1520 2878 1702 2947 jactus
1732 2921 1745 2941 .
1778 2883 1979 2951 piscem
2018 2893 2295 2938 natantem

704 2970 771 3024 ad
810 2970 1098 3038 piscatoris
1164 2986 1359 3027 manus
1424 2972 1663 3027 adducit.
1716 2973 1841 3029 Inde
1876 2976 2082 3045 majora
2128 2982 2299 3034 secuti

708 3059 1083 3133 inferior-aque
1123 3073 1443 3133 Spernentes
1485 3080 1584 3136 pro
1626 3068 2078 3136 corruptibilibus
2121 3071 2297 3126 incor-

2370 582 2455 633 ἀεὶ
2480 582 2578 650 ζῇν
2615 582 2673 634 ἐν
2702 584 2947 653 οὐρανοῖς
2980 582 3438 653 συνηθροισμένον
3464 585 3787 654 ἐκτήσαντο,
3824 590 3953 641 έαυυ

2369 677 2495 735 τοὺς
2541 676 2777 743 ὁρῶντες
2827 677 2920 727 καὶ
2975 674 3356 744 ἀγαλλόμενοι.
3384 677 3460 729 Οὐ
3504 678 3614 749 γὰρ
3648 674 3717 748 ἦν
3762 680 3951 743 αὐτοῖς

2370 770 2726 840 ἐπιθυμητὸν,
2756 770 2816 822 τὸ
2851 770 2988 841 πρὸς
3020 771 3190 841 βραχῦ
3228 771 3648 843 μεμερισμένως
3675 774 3797 843 ζῇν,
3815 772 3954 827 ἀλλά

2373 860 2607 931 ποθητδν
2639 861 2698 913 τὸ
2725 861 2808 913 ἀεὶ
2834 863 3191 931 συνηγμένως
3246 862 3366 931 ζῇν,
3418 863 3515 915 καὶ
3564 862 3657 915 τὸν
3682 863 3956 931 ζωοδότην

2371 953 2542 1006 αίνεῖν
2564 970 2578 982 ο
2614 954 2739 1007 ὅθεν
2764 953 2859 1007 κα)⁵
2887 952 2958 1006 τὸ
2975 952 3168 1008 παθεῖν
3196 954 3502 1024 ὁριζόμυιοι
3523 999 3536 1018 ,
3562 956 3623 1007 τὸ
3659 955 3732 1024 μὴ
3756 955 3956 1008 παθεῖν

2372 1046 2702 1101 κινδυνεύειν
2754 1045 3097 1114 ἐλογίζοντοο
3161 1047 3297 1100 ἀλλά
3351 1048 3447 1100 καὶ
3511 1047 3573 1099 τὸ
3631 1046 3957 1118 πραοτέρως

2372 1140 2549 1195 ἀθλεῖκ.
2609 1138 2959 1208 ὀδυνώμενοι,
3029 1138 3091 1191 τὸ
3151 1140 3524 1211 σφοδροτέρως
3572 1142 3804 1211 πάσχειν
3854 1141 3957 1194 ἀν-

2380 1232 2654 1285 επαῖοντο.
2699 1231 2787 1283 Ἐν
2840 1226 2921 1295 οἷς
2982 1231 3032 1284 εί
3085 1232 3181 1284 καὶ
3213 1232 3473 1297 πολλάκις
3519 1234 3630 1287 τῶν
3677 1236 3959 1288 πολυθέων

2375 1324 2552 1377 ἀθέων
2576 1324 2780 1394 κριτῶν
2811 1322 2960 1376 ἔλεον
2987 1324 3509 1395 ἔπικαμπτομένων,
3537 1326 3623 1379 διὰ
3648 1327 3745 1394 τὴν
3766 1326 3956 1379 δελεα-

2378 1417 2568 1487 στικὴν
2600 1418 2709 1469 τῶν
2744 1418 2913 1486 ἀγίων
2953 1417 3270 1480 κατάθεσιν,
3324 1418 3548 1488 ὕϐρεσιν
3599 1418 3863 1487 ἀθέσμοις
3909 1418 3960 1469 οί

2377 1506 2776 1571 γενναιόϐουλοι
2807 1506 3028 1571 τούτους
3052 1507 3365 1574 ὲξέπλυνον,
3399 1506 3535 1578 πρὸς
3560 1506 3949 1576 ουμικωτέριν

2378 1599 2547 1671 ὀργὴν
2594 1598 2704 1652 τῶν
2751 1600 3033 1654 κολάσεων
3053 1600 3444 1669 διεγείροντεςο
3491 1598 3580 1650 ἵνα
3622 1598 3708 1651 διά
3737 1599 3836 1667 τῆς
3868 1616 3963 1650 πιο

2381 1691 2653 1762 κροτέρας
2702 1694 2995 1763 τιμωρίας,
3044 1692 3453 1764 μεγαλιωτὲραν
3485 1691 3579 1763 τὴν
3615 1689 3848 1761 θεωρίαν
3879 1709 3969 1744 κο-

2385 1784 2649 1854 μίσωνται
2670 1802 2682 1815 ⁸
2713 1785 2787 1849 ὡς
2818 1782 2930 1839 οἷόν
2967 1788 3082 1839 ἐστι
3110 1785 3293 1855 λέγειν
3319 1786 3379 1838 τὸ
3405 1786 3709 1856 ὑπόδειγμα
3729 1802 3742 1817 ⁸
3775 1787 3967 1838 Καθάο

2384 1894 2488 1948 περ
2520 1880 2577 1931 ὲν
2610 1877 2807 1949 σταδίῳ
2836 1877 3047 1949 ίππικῷ
3072 1878 3286 1948 ἡνίοχος
3304 1917 3318 1939 .
3344 1879 3411 1948 τῇ
3442 1877 3821 1949 βρσιχυδρομίᾳ⁸
3851 1879 3967 1929 τῶν

2386 1970 2720 2041 ὐποδιφρίων
2751 1970 2953 2033 ἵππων,
2986 1968 3386 2040 ποικιλότεχνόν
3404 1986 3463 2022 τε
3494 1969 3590 2022 καὶ
3625 1968 3972 2039 πολύμοχθον

2384 2064 2483 2134 τὴν
2533 2062 2626 2116 τοῦ
2678 2061 2891 2129 ἀγῶνος
2920 2061 3326 2133 ἐνδεικνύμενος
3365 2063 3637 2123 ἔνστασιν,
3664 2062 3726 2115 τὸ
3758 2062 3857 2129 τῆς
3890 2061 3974 2114 νί-

2392 2171 2497 2223 κης
2533 2153 2783 2223 βραϐεῖον
2816 2153 3050 2207 έλεῖται·
3080 2152 3222 2207 οὓτω
3248 2157 3347 2206 καὶ
3377 2156 3406 2207 ό
3446 2154 3675 2206 καθόλου
3705 2152 3975 2221 κοσμικδς

2388 2246 2498 2300 τῶν
2522 2248 2691 2315 ἀγίων
2707 2247 2866 2318 χορὸς
2893 2247 3226 2310 πολυάθλους
3253 2247 3380 2310 τοὺς
3407 2246 3626 2314 ἀγῶνας
3649 2246 3727 2317 τῷ
3755 2244 3975 2315 βασιλεῖ

2390 2339 2498 2391 τῶν
2526 2337 2739 2391 αίώνων
2768 2338 3100 2410 προσφέρειν
3150 2337 3495 2390 κατέσπευσε
3516 2356 3527 2367 ·
3580 2336 3978 2406 λαμπροτέραν

2394 2430 2602 2485 ἐκεῖθεν
2628 2429 2984 2499 ἐκδεχόμενος
3011 2429 3110 2499 τὴν
3138 2428 3248 2481 τῶν
3272 2428 3524 2481 ἐπάθλων
3556 2429 3851 2491 ἀντίδοσιν,
3878 2428 3981 2479 καὶ

2396 2522 2760 2593 φαιδροτέραν
2794 2520 2946 2574 ἐνθεν
2971 2522 3269 2591 ἀφιέμενος
3298 2521 3398 2589 τῆς
3432 2520 3708 2590 εὐφημίας
3734 2519 3833 2589 τὴν
3867 2520 3981 2573 ἀεί-

2400 2631 2629 2684 μνησιν’
2661 2613 2952 2684 ὲνούμενος
3008 2616 3125 2686 (sic)
3170 2614 3234 2668 τὸ
3280 2614 3639 2667 ἀποστολικδν
3686 2614 3867 2679 λόγιον
3915 2612 3980 2665 τὸ

2399 2706 2642 2775 φάσκον·
2699 2704 3002 2770 Ἕκαστος
3060 2705 3169 2758 τὸν
3236 2704 3394 2758 (dior
3443 2706 3668 2773 μισθὸν
3712 2702 3982 2770 λήψεται

2400 2797 2548 2850 κατὰ
2578 2798 2686 2849 τὸν
2710 2796 2865 2849 Ιδιον
2884 2797 3096 2850 κόπον.
3126 2789 3289 2848 Εἷλκε
3311 2797 3423 2864 γάρ
3448 2796 3641 2857 αὐτοὺς
3666 2796 3695 2846 ό
3724 2794 3818 2847 τοῦ
3844 2812 3984 2862 προ-

2403 2888 2668 2950 παθόντος
2687 2888 2828 2958 ὑπὲρ
2855 2888 3036 2942 αὐτῶν
3059 2887 3243 2953 πόθος,
3272 2890 3367 2941 καὶ
3395 2888 3770 2951 ὑποδείξαντος
3797 2887 3986 2940 αὐτῶν

2402 2980 2473 3033 τὰ
2509 2980 2617 3031 τῶν
2668 2978 2858 3032 παθῶν
2889 2980 3318 3050 καρτερήματαο
3376 2979 3628 3049 καθάπερ
3680 2978 3986 3046 ἄγκιστρον

2407 3074 2564 3145 ριφὲν
2610 3073 2667 3125 ὲν
2715 3071 2985 3142 θαλαττίῳ
3017 3071 3184 3142 βυθῷ,
3244 3071 3396 3141 ίχθὺν
3440 3071 3738 3141 νηχόμενον
3785 3070 3986 3141 χερσὶν

707 3158 1013 3224 ruptionem
1057 3155 1559 3224 apprcltendebaut.
1610 3155 1728 3212 Non
1770 3159 1916 3213 enim
1966 3162 2162 3230 patria,
2210 3173 2297 3219 aut

2406 3166 2603 3228 ἀλιέως
2630 3165 2949 3234 ὲφέλκεται’
2980 3162 3137 3217 ἔνθεν
3184 3164 3277 3217 καὶ
3303 3166 3369 3233 τῇ
3398 3163 3689 3233 ἀκολουθία
3726 3162 3823 3215 τοῦ
3872 3161 3992 3232 μεί-

706 3248 1183 3318 consanguinilas,
1216 3258 1308 3303 aut
1336 3248 1648 3303 divitiarum
1676 3250 1953 3319 opulentia
1974 3294 1988 3317 ,
2020 3264 2116 3308 aut
2142 3270 2299 3311 exere

707 3340 918 3393 cituum
950 3348 1343 3403 numerus,aut
1370 3340 1530 3410 regite
1547 3342 1831 3410 potestatis
1860 3343 2097 3414 dignitas
2116 3346 2169 3401 in
2190 3364 2308 3404 mc-

710 3432 884 3484 tnoria
898 3431 1103 3485 sanctis
1121 3441 1335 3485 versata
1358 3442 1501 3486 erat:
1520 3433 2014 3501 aspiciebauteuim
2036 3442 2294 3508 patriam,

711 3520 910 3575 cmlum
941 3538 955 3586 ;
991 3520 1460 3591 consanguineos,
1495 3523 1715 3592 angelos
1746 3541 1761 3589 ;
1789 3539 1843 3579 et
1872 3528 2309 3595 magnitudinem

713 3612 894 3680 gaudii
911 3612 1312 3677 inenarrabilis,
1335 3621 1385 3667 et
1406 3624 1601 3669 cautus
1620 3611 1757 3670 festa
1773 3620 2046 3685 agentiqu
2073 3620 2126 3673 in
2152 3624 2312 3691 spiri~

715 3715 794 3769 tu,
815 3715 869 3759 et
893 3720 1079 3759 vocem
1106 3704 1299 3759 ltclitia:
1320 3714 1627 3770 canentem,
1651 3716 1705 3761 et
1724 3708 2028 3765 divinitatis
2053 3703 2297 3771 delicias.

2413 3258 2566 3322 ζονος
2588 3256 2698 3310 τῶν
2737 3257 2975 3327 ἡττόνων
3004 3255 3543 3324 καταφρονήσαντες,
3568 3254 3687 3306 ἀντὶ
3727 3253 3990 3323 φθαρτῶν

2410 3347 2724 3418 ἀφθαρσίαν
2767 3345 3247 3416 κατημϐήτευσαν.
3305 3346 3503 3398 Οὐκέτι
3533 3345 3642 3416 γὰρ
3676 3346 3902 3415 πατρὶς,
3952 3346 3989 3416 ἢ

2412 3442 2726 3509 συγγένεια,
2783 3441 2815 3513 ἢ
2861 3439 3095 3494 πλούτου
3133 3438 3430 3507 διαψίλεια.
3473 3437 3506 3508 ἢ
3558 3439 3993 3509 στρατευμάτων

2410 3530 2723 3601 ὑπεροχὴ,ἧ
2750 3529 2988 3600 ἀρχικῆς
3010 3528 3331 3590 δυναστείας
3359 3526 3635 3597 προκοπὴ,
3659 3528 3737 3589 είς
3765 3528 3995 3598 μνήμην

2409 3624 2521 3677 τῶν
2550 3623 2721 3691 ἀγίων
2758 3622 2986 3692 ἐφέρετο
3005 3637 3021 3654 ο
3052 3619 3363 3673 ἀπέϐλεπον
3388 3620 3497 3689 γὰρ
3533 3617 3783 3686 πατρίδα,
3826 3620 3999 3689 οὖρα-

2422 3716 2511 3768 νόν
2534 3731 2550 3747 ο
2587 3716 2894 3783 συγγενεῖς,
2934 3711 3235 3780 ἀγγέλους*
3270 3709 3401 3764 ἔνθα
3432 3710 3658 3779 μέγεθος
3692 3711 3867 3778 χαράς
3894 3712 3997 3763 ἀν-

715 3802 1039 3872 εκλαλήτου,
1074 3801 1168 3855 καὶ
1190 3797 1321 3872 ἦχος
1350 3802 1717 3872 ἑορταζόντων
1762 3804 1821 3857 ὲν
1863 3805 2154 3875 πνεύματι,
2217 3814 2313 3866 καὶ
2348 3813 2499 3883 φωνὴ
2531 3810 2907 3879 ἀγαλλιάσεως
2934 3807 3155 3879 ᾅδουσα,
3205 3806 3301 3859 καὶ
3345 3806 3687 3876 λαμπηδόνες
3713 3806 3996 3875 θεότητος,

790 3894 856 3948 Et
914 3894 1099 3948 videre
1144 3904 1262 3947 erat
1294 3893 1507 3962 iudices
1557 3894 1699 3949 inter
1727 3904 1782 3950 et
1816 3895 2109 3967 iudicatos,
2160 3900 2314 3955 dam-

719 3995 941 4041 natoves
994 3984 1134 4038 iuta-r
1173 3994 1227 4039 et
1274 3985 1578 4051 damnatos,
1614 3987 1918 4057 prodigiqu
1950 3989 2231 4051 insolitum
2256 4000 2314 4048 et

722 4076 990 4148 stupenda
1038 4076 1331 4130 admodum
1376 4091 1647 4143 res;cum
1681 4078 1759 4133 illi
1790 4080 2008 4149 quidem
2058 4081 2137 4137 ira
2186 4100 2311 4154 per-

722 4170 855 4225 moti
892 4176 948 4223 et
970 4168 1129 4237 quasi
1170 4166 1317 4221 irrisi
1347 4168 1542 4223 acerbe
1570 4169 1921 4239 castigantes,
1944 4172 1999 4226 lii
2032 4189 2163 4229 vero
2194 4176 2314 4230 ani-

726 4277 814 4316 mo
843 4261 986 4315 elato
1011 4259 1177 4313 variis
1211 4260 1492 4329 suppliciis
1530 4261 1703 4315 laetari
1736 4262 2135 4323 invenirentur.
2176 4266 2313 4323 Nam

726 4367 852 4419 pars
892 4350 1245 4420 prmmiorum
1296 4349 1350 4402 in
1388 4350 1608 4404 aeternis
1642 4351 1861 4408 saeculis
1889 4355 2137 4425 utrisque
2189 4358 2314 4412 data

726 4443 870 4505 fuit,
923 4442 1227 4498 secundum
1281 4456 1594 4496 mensuram
1651 4444 1831 4512 illius,
1885 4447 1974 4515 qui
2020 4448 2319 4518 unicuique

723 4537 883 4605 juxta
931 4534 1352 4589 a2stimationem
1392 4534 1613 4604 praemia
1648 4535 1878 4607 largitur
1910 4537 2198 4607 Christus;
2231 4542 2317 4597 bis

727 4629 950 4698 quidem
976 4629 1249 4697 patientia:
1277 4628 1525 4683 levamen
1560 4640 1684 4699 post
1713 4633 2108 4702 suppliciorum
2135 4637 2318 4691 illato-

730 4737 853 4776 rum
892 4719 1302 4783 suﬂ'erentiam;
1343 4720 1449 4774 illis
1486 4730 1669 4775 autem
1708 4722 1955 4779 incussio
1985 4726 2311 4782 acerbarum

732 4826 1020 4883 pinnarum
1066 4811 1118 4863 in
1166 4810 1267 4864 hos
1303 4810 1395 4879 qui
1450 4812 1763 4869 crudelibus
1799 4816 1975 4884 pennis
2004 4816 2321 4881 affecerunt,

733 4904 954 4960 incudis
987 4903 1158 4959 instar
1193 4919 1467 4972 percussae
1498 4916 1550 4959 et
1574 4906 1895 4975 castigantis
1924 4923 2021 4964 eos
2054 4910 2147 4979 qui
2175 4908 2322 4962 illam

733 5005 1141 5067 percusserant.
1184 4995 1471 5062 Quomodo
1526 4998 1672 5052 enim
1727 5000 1882 5055 incus
1924 5015 2323 5070 percussa,ne-

736 5103 843 5158 que
876 5087 1144 5141 maculam
1196 5102 1371 5155 neque
1408 5103 1599 5157 rugam
1626 5088 1939 5155 admittens,
1974 5092 2321 5145 cruciatuum

738 5181 957 5236 dolores
986 5179 1212 5233 remittit
1241 5178 1358 5233 suis
1391 5180 1810 5247 percussoribus
1831 5196 1925 5249 per
1951 5181 2322 5235 membrorum

740 5267 1165 5325 contritiouem?
1201 5266 1347 5336 quod
1380 5268 1432 5320 in
1473 5267 1643 5338 ﬁgura
1686 5269 1790 5322 dici
1824 5279 2002 5338 potest
2052 5284 2145 5338 per
2171 5284 2325 5323 com-

743 5359 1104 5429 parationem.
1144 5355 1277 5411 Nam
1317 5357 1484 5427 aliqui
1538 5360 1833 5413 celebriom
1891 5371 2193 5431 martyrum
2230 5375 2326 5430 per

745 5452 927 5520 ignem
978 5465 1172 5518 pugna:
1234 5463 1459 5504 cursum
1516 5452 1891 5520 perlicientes,
1943 5453 1996 5506 in
2049 5454 2325 5507 caminum

747 5541 1100 5595 vehementer
1165 5540 1444 5595 ardentem
1518 5542 1874 5611 przecipitati,
1926 5543 2157 5599 choreas
2200 5558 2327 5599 cum

750 5634 957 5703 angelis
1000 5633 1297 5702 jubilautes
1341 5636 1569 5691 canticis
1609 5636 1984 5706 spiritualibus
2030 5635 2328 5705 agonotlico

831 5812 848 5839 ‘
882 5812 1042 5866 lCor.
1082 5830 1161 5872 In.
1196 5817 1245 5861 κ.

2496 3902 2602 3955 Καὶ
2655 3896 2723 3971 ἦν
2794 3900 2926 3969 όρᾷν
2995 3897 3161 3967 μέσον
3236 3896 3440 3968 κριτῶν
3488 3897 3580 3951 καὶ⁵
3634 3899 3998 3969 κρινομένων,

2423 3994 2624 4064 μᾶλλον
2650 3993 2709 4045 δὶ
2740 3989 3079 4054 κολαζόντων
3133 3988 3231 4041 καὶ
3260 3988 3662 4059 κολαζομένων,
3690 3988 3878 4059 θαῦμα
3908 3990 4001 4057 ἑξ-

2422 4085 2597 4137 αἱσιον
2621 4083 2715 4134 καὶ
2742 4079 2946 4150 θάμϐος
2982 4076 3317 4149 ὑπέρτερον·
3367 4078 3477 4131 τῶν
3509 4078 3607 4147 μὲν
3638 4078 4004 4148 θυμουμένων

2422 4174 2517 4227 καὶ
2550 4173 2627 4236 ὠς
2654 4170 3055 4241 ,παιζομένων,
3102 4168 3317 4237 πικρῶς
3364 4168 3770 4238 τιμωρούντων,
3802 4170 3915 4223 τῶν
3943 4170 4005 4223 δὲ

2422 4263 2888 4337 προθυμουμένων
2922 4262 3019 4316 καὶ
3061 4263 3183 4323 ταῖς
3214 4260 3486 4323 ποικίλαις
3516 4262 3809 4331 τιμωρίαις
3838 4263 4006 4315 ὲπεν-

2422 4376 2451 4411 τ
2461 4359 2636 4428 ρυφᾷν
2665 4354 3065 4427 εὐρυνομένων.
3090 4354 3265 4424 Μερὶς
3288 4353 3397 4423 γάρ
3422 4349 3598 4407 ἄθλων
3621 4354 3678 4405 ὲν
3707 4355 3818 4416 τοῖς
3839 4354 4006 4408 αἱῶσι

2352 4430 2395 4486 D
2425 4453 2536 4513 τοῖς
2561 4448 2893 4520 ἀμφοτέροις
2916 4446 3116 4500 ἐδίδοτο
3138 4454 3155 4505 '.
3184 4446 3328 4499 κατά
3349 4445 3411 4499 τὸ
3442 4446 3641 4515 μέτρον
3666 4445 3761 4498 τοῦ
3791 4448 4009 4514 ἀγωνο-

2423 4541 2702 4604 θετοῦντος
2723 4541 2803 4593 ἐνὶ
2824 4539 3042 4608 ἑκάστῳ
3069 4539 3196 4601 τοὺς
3241 4537 3439 4600 ἄθλους
3492 4537 3627 4608 πρὸς
3678 4537 4009 4607 δοκιμασίαν

2422 4632 2660 4704 Χριστοῦ
2686 4648 2700 4661 °
2756 4624 2838 4693 οἷς
2885 4630 2983 4700 μὲν
3026 4629 3304 4699 ὑπομονῆς
3335 4629 3646 4699 στερέωμα,
3680 4628 3818 4699 πρὸς
3868 4629 4008 4681 ὐπο-

2421 4726 2583 4797 δοχὴν
2613 4725 2723 4779 τῶν
2745 4722 3166 4793 ἐπιφερομένων
3193 4721 3471 4774 κολάσεων
3493 4738 3506 4751 ·
3543 4716 3621 4784 οἷς
3644 4721 3700 4774 δὲ
3734 4722 3829 4773 καὶ
3854 4722 4009 4774 ἀντι-

2426 4816 2620 4887 πομπὴ
2672 4815 2781 4871 τῶν
2829 4813 3107 4884 ὀδυνηρῶν
3155 4813 3406 4883 βασάνων
3453 4813 3545 4866 ἐπὶ
3590 4814 3716 4877 τοὺς
3765 4814 4009 4881 ἀφειδῶς

2431 4909 2840 4981 βασανίζοντας,
2875 4908 3030 4978 δίκην
3056 4908 3313 4977 ἀκμωνος
3335 4906 3698 4975 τυπτομένου.
3748 4908 3845 4959 καὶ
3875 4924 4010 4959 παι-

2427 5001 2678 5064 δεύοντος
2738 5001 2864 5063 τοὺς
2919 4999 3083 5053 αὐτὸν
3148 4998 3616 5062 κατατύπτοντας.
3693 4998 3819 5061 Πῶς
3895 4998 4010 5068 γὰρ

2427 5092 2622 5161 ἄκμων
2648 5090 3007 5159 τυπτόμενος,
3060 5089 3197 5158 μήτε
3240 5088 3427 5141 σπῖλον
3459 5090 3598 5158 μήτε
3654 5088 3843 5157 ῥυτίδα
3871 5088 4012 5141 ὐπο-

2431 5182 2629 5252 μένων,
2656 5181 2753 5243 τὰς
2792 5180 2901 5231 τῶν
2939 5179 3250 5248 ἀλγηδόνων
3291 5176 3483 5240 ὀδύνας
3528 5178 3867 5247 ἀντιπέμπει
3894 5180 4012 5241 τοῖς

2432 5268 2699 5321 τύπτουσι
2737 5268 2826 5321 διά
2876 5268 2975 5335 τῆς
3022 5267 3134 5319 τῶν
3183 5268 3362 5338 μελῶν
3395 5266 3677 5333 κλάσεως;
3703 5268 3886 5338 Ὅπερ
3914 5268 4012 5320 καὶ

2437 5359 2865 5431 σχηματολογεῖν
2892 5359 3029 5430 πρὸς
3057 5359 3486 5430 άντιπαράθεσιν
3507 5359 3676 5425 ἀξιον.
3713 5359 3873 5423 Τινὲς
3901 5360 4011 5431 γάρ

2434 5451 2544 5503 τῶν
2578 5450 2982 5521 μεγαλοφὼνων
3024 5451 3343 5522 μαρτύρων,
3375 5452 3466 5505 τὸν
3494 5451 3584 5504 διὰ
3612 5450 3784 5519 πυρὸς
3808 5452 4012 5521 δρόμον

2433 5542 2792 5608 ἀγωνιστικὸν
2818 5542 3121 5606 τελοῦντες,
3160 5543 3241 5605 είς
3279 5541 3509 5612 κάμινον
3558 5542 3775 5615 λαύρως
3810 5545 4015 5596 ἐκκαυ-

2436 5634 2622 5689 θεῖσαν
2657 5633 2967 5705 βληθέντες,
3022 5634 3241 5706 χορείας
3279 5635 3398 5706 μετ’
3428 5634 3676 5705 ἀγγέλων
3703 5636 4012 5707 κροτήσαν-
