4168 6450
261 461 376 524 853

1288 461 1693 522 ENCOMIUM
1730 460 1809 522 IN
1846 462 2104 522 OMNES
2145 448 2490 527 SANCTOS.

3410 473 3516 539 85$

256 591 349 634 τες
387 573 595 643 ᾄςμασι
637 572 1027 641 πνευματικοῖς
1056 569 1147 624 τὸν
1174 570 1516 642 ἀγωνοθέτην
1542 571 1819 638 ἐδόξαζονε

1936 584 2047 629 tam
2103 577 2490 632 collaudabant
2522 591 2577 633 ct
2622 578 2807 636 cinere
2845 582 3052 637 externi
3085 582 3226 652 ignis
3284 591 3513 657 aspersi,

258 664 354 716 καὶ
381 666 449 732 τῇ
496 661 692 733 amem
738 664 834 732 τῆς
866 662 1160 732 ὑπερορίου
1203 663 1402 730 φλογὸς
1434 663 1832 733 δροσιζόμενοι,

254 756 353 818 τὰς
382 755 684 817 καυστικάς
736 753 1016 825 ἐνεργείας
1066 758 1180 817 τοῖς
1228 754 1656 825 ὲξυπηρετοῦσιν
1708 758 1835 808 ἀντ-

254 847 541 917 έπεμπον·
576 847 758 910 καθὼς
788 847 903 900 ἔστι
944 847 1158 915 λέγειν·
1199 849 1301 901 Ἐν
1332 848 1455 913 τοῖς
1491 847 1688 916 ἔργοις
1716 848 1835 902 τῶν

253 937 477 1006 χειρῶν
493 938 681 991 αὑτοῦ
706 938 1067 1007 συνελήφθη
1101 941 1133 992 ό
1160 940 1529 1008 ἁμαρτωλός.
1572 940 1753 993 ’Λλλοι
1777 941 1832 993 δὲ

254 1030 313 1080 ἐν
373 1030 573 1100 σταδίῳ
624 1032 949 1101 κυνηγεσίου
997 1031 1133 1103 πρὸς
1189 1033 1355 1102 βορὰν
1389 1034 1594 1103 θηρίων
1630 1051 1835 1105 σπαρα-

254 1121 499 1190 χθέντες,
531 1123 624 1175 τὸν
655 1125 817 1191 φόϐον
863 1123 961 1192 τῆς
1014 1125 1474 1196 προσδοκωμένης
1525 1125 1833 1197 θηριοϐρω-

256 1213 381 1274 σίας
411 1214 523 1265 ἀντ’
553 1215 764 1277 οὐδενὸς
809 1216 1166 1285 ἡγησάμενοι,
1225 1216 1503 1287 ἀτάραχον
1560 1219 1650 1270 τὸν
1684 1219 1831 1286 λογι-

253 1305 395 1373 σμὸν
419 1304 630 1369 ἑαυτοῖς
662 1309 991 1378 κατήρτιζον
1014 1325 1027 1338 ·
1059 1309 1276 1377 ἕτοιμον
1309 1311 1368 1363 τὸ
1393 1310 1584 1363 παθεῖν
1632 1311 1719 1364 διὰ
1769 1311 1832 1364 τὸ

248 1398 353 1469 ζῇν
384 1400 502 1469 μετ’
533 1402 887 1472 εὐχαριστίας
919 1404 1352 1477 προὸαλλόμενοι
1373 1424 1387 1439 ο
1421 1407 1471 1458 οἱ
1501 1406 1556 1459 δὲ
1580 1406 1833 1476 βλοσυροὶ

247 1492 345 1541 καὶ
390 1492 669 1546 ἀτίθασσοι
725 1494 979 1560 λυθέντες
1031 1498 1225 1568 θῆρες,
1273 1499 1403 1562 τοὺς
1472 1498 1832 1569 κρινομένους

245 1582 511 1647 πολλάκις
542 1586 823 1652 ἐάσαντες,
872 1591 965 1642 καὶ
1017 1590 1156 1659 πρὸς
1181 1592 1306 1655 τοὺς
1332 1590 1526 1661 κριτὰς
1556 1591 1831 1661 δρομαίως

244 1676 622 1744 χωρήσαντες,
650 1680 763 1741 τοῖς
785 1679 963 1733 ὀδοῦσι
992 1682 1367 1752 σπαράγματα
1394 1684 1505 1746 τοῖς
1534 1680 1831 1748 Θεωμένοις

243 1764 527 1819 ἐδείκνυον
547 1785 560 1797 '
585 1769 659 1831 ὠς
694 1771 945 1825 ἐντεῦθεν
970 1773 1233 1844 καθολικῇ
1265 1774 1553 1845 συμφωνίᾳ
1592 1772 1829 1841 μεγαλύ-

244 1858 435 1910 νεσθαι
460 1860 552 1912 τὸν
575 1862 729 1916 Θεόν.
746 1861 967 1932 Ἐώρων
996 1866 1105 1935 γὰρ
1129 1866 1255 1929 τοὺς
1283 1866 1456 1936 θῆρας
1482 1863 1827 1929 ἐξουθενοῦν-

1938 680 2183 724 urentem
2214 671 2325 725 vim
2359 671 2478 739 ejus
2511 672 2780 728 ministris
2820 675 3202 743 remittebant;
3239 677 3382 733 sicut
3408 681 3517 736 dici

1938 770 2114 829 potest
2142 780 2155 816 :
2187 761 2253 815 In
2297 764 2534 830 operibus
2566 781 2817 818 manuum
2855 767 2967 835 ejus
3017 769 3415 833 comprehensus
3442 781 3518 825 eu

1936 855 2236 921 peccator‘.
2299 854 2399 908 Alii
2437 866 2614 910 autem
2660 857 2714 911 in
2772 858 2944 912 stadio
2992 861 3240 915 venatico
3283 875 3380 931 per
3428 877 3519 916 ra-

1938 944 2078 999 biem
2105 945 2342 999 ferartnn
2375 944 2618 1012 lacerati,
2645 960 2849 1002 metum
2872 948 3002 1004 feris
3031 966 3215 1006 escam
3240 952 3518 1023 prarbcndi

1938 1052 2036 1104 pro
2066 1036 2237 1090 nihilo
2268 1046 2603 1105 reputantes,
2634 1040 2843 1095 ﬁrmam
2881 1042 2984 1096 sibi
3018 1043 3253 1097 animam
3289 1058 3517 1114 compo-

1938 1129 2155 1193 nebant,
2186 1131 2255 1185 ad
2298 1132 2613 1200 patiendum
2664 1145 2905 1199 paratam
2936 1150 3061 1191 cum
3108 1137 3403 1205 gratiarum
3427 1152 3522 1192 ac-

1938 1220 2081 1276 tione
2127 1232 2188 1275 ut
2219 1221 2382 1275 vitam
2436 1224 2769 1294 attingerent
2800 1234 3170 1295 exponentes;
3206 1226 3300 1280 scd
3338 1227 3519 1282 horri-

1937 1311 2072 1366 biles
2130 1320 2184 1365 et
2236 1327 2617 1367 mansuescere
2686 1314 2885 1367 nesci:e
2939 1315 3066 1369 fera:
3125 1315 3517 1373 condemnatos

1935 1420 2075 1474 Saepe
2100 1404 2432 1474 linquentes,
2457 1418 2511 1461 et
2534 1406 2586 1460 in
2606 1405 2819 1476 judices
2845 1408 3195 1464 vehementer
3220 1408 3516 1476 irruentes,

1932 1496 2186 1552 dentibus
2211 1498 2440 1551 lacerata
2468 1499 2711 1554 membra
2743 1499 3074 1555 mirantibus
3121 1502 3515 1569 ostendebant;

1933 1589 2005 1641 ita
2035 1599 2095 1641 ut
2123 1588 2246 1643 inde
2276 1589 2571 1644 universali
2607 1603 2878 1647 concentu
2925 1591 3096 1648 Deum
3129 1594 3510 1664 magniﬁcent,

1932 1678 2187 1732 videbant
2210 1680 2355 1733 enim
2389 1696 2418 1734 a
2452 1681 2582 1735 feris
2608 1679 2743 1751 ipsis
2761 1682 2893 1737 deos
2923 1683 3224 1738 contemni.
3247 1682 3311 1738 Et
3334 1683 3516 1740 videre

1925 1782 2047 1825 erat
2078 1772 2383 1826 mirandam
2418 1781 2473 1826 et
2506 1773 2797 1843 ancipitem
2846 1790 3030 1829 rerum
3066 1778 3510 1841 conversionem,

1927 1862 2140 1932 judiees
2172 1863 2481 1933 judicantes
2509 1874 2561 1919 et
2597 1865 2991 1921 condemnatos
3025 1866 3267 1921 vicissim
3308 1867 3514 1938 suppli-

240 1965 345 2012 τας
399 1951 589 2014 Θεοὺς·
644 1956 739 2008 καὶ
789 1952 857 2026 ἦν
922 1957 1126 2011 ἰδέσθαι
1183 1957 1646 2030 ἀντιπεριπλοκὴν
1713 1957 1819 2009 τῶν

1928 1953 2030 2008 ciis
2068 1932 2249 2019 affici;
2300 1955 2443 2025 quod
2498 1970 2594 2025 per
2645 1957 2921 2009 canticum
2975 1957 3216 2013 exaltare
3265 1932 3439 2013 decet:
3471 1957 3516 2011 Ο

242 2046 637 2112 πραττομένων
662 2048 979 2118 παράδοξον,
1002 2050 1197 2120 κριτὰς
1224 2051 1511 2121 κρίνοντας
1544 2050 1637 2102 καὶ
1669 2049 1823 2103 κολαο

241 2133 505 2204 ζομένους
527 2179 542 2201 ,
576 2140 686 2193 τῶν
716 2141 992 2196 κολάσεων
1041 2143 1462 2213 ἀνακτωμένους
1483 2159 1497 2174 ’
1549 2142 1686 2210 ὅπερ
1728 2143 1822 2195 καὶ

237 2230 382 2297 πρὸς
413 2230 584 2300 ὕμνον
635 2235 1001 2305 μεγαλαυχεῖν
1052 2236 1223 2302 ἀξιον.
1256 2238 1320 2289 Ἣ
1349 2236 1630 2306 δυνάμεως
1673 2234 1813 2303 ὑπὲρ

1928 2047 2149 2101 virtutis
2173 2063 2334 2117 supra
2354 2048 2607 2102 virtutem
2627 2050 2946 2104 exsistentis
2967 2050 3220 2121 potentia:
3235 2050 3476 2121 prodigia
3498 2051 3511 2105 l

1930 2138 1975 2194 Ο
2009 2142 2363 2210 providentia
2406 2156 2570 2210 super
2622 2152 2855 2197 mentem
2910 2143 3273 2213 praevidcntis,
3304 2158 3515 2214 magna:

1927 2233 2124 2289 mentis
2167 2235 2245 2293 ad
2271 2235 2557 2287 utilitatem
2603 2235 2797 2288 collata
2824 2236 2998 2289 dona!

238 2325 475 2392 δύναμιν
554 2326 786 2398 ἐχούσης
845 2330 913 2383 τά
965 2329 1065 2399 τῆς
1122 2329 1441 2395 δυναστείας
1511 2326 1871 2401 θαύματαίῶ
1907 2327 2167 2399 προνοίας
2206 2328 2345 2400 ὑπὲρ
2386 2329 2595 2382 ἔννοιαν
2624 2329 3030 2399 ποονοουμένης
3054 2328 3121 2382 τὰ
3149 2330 3247 2399 τῆς
3279 2329 3513 2399 μεγαλο-

238 2418 391 2481 νοίας
418 2419 553 2490 πρὸς
586 2420 648 2472 τὸ
670 2420 949 2490 συμφέρον
974 2423 1275 2492 δωρήματα
1300 2423 1313 2474 l

308 2513 424 2568 Kal
485 2509 628 2565 οὗτοι
663 2513 759 2581 μὲν
786 2512 955 2576 οὕτως
993 2513 1393 2584 πρωιρετικῶς
1437 2512 1817 2575 κολασθέντες,

237 2604 612 2675 ἑνερτητικῶς
639 2603 708 2656 δὲ
731 2603 1098 2669 ἀθωωθέντες,
1128 2604 1435 2673 αὐτόματον
1477 2604 1573 2674 τῆς
1624 2606 1819 2675 κοιμή-

237 2710 380 2755 σεως
406 2693 654 2757 ἐδέξαντο
681 2699 777 2764 τὴν
809 2694 1110 2749 τελείωσιν·
1160 2694 1342 2764 ἕτεροι
1386 2696 1443 2749 δὲ
1502 2697 1601 2765 οὐχ
1633 2695 1811 2748 οὕτω·

239 2784 658 2854 προειρήκαμεν
691 2784 821 2855 γὰρ,
851 2786 1151 2855 ἀγαπητοὶ,
1202 2786 1343 2838 κατὰ
1391 2786 1452 2838 τὸ
1486 2786 1684 2856 μέτρον
1720 2785 1814 2837 τοῦ

234 2876 705 2943 ἀγωνοθετοῦντος
732 2878 858 2939 τοὺς
881 2878 1077 2940 ἄθλους
1106 2877 1241 2946 πρὸς
1270 2878 1330 2929 τὸ
1355 2878 1637 2948 συμφέρυν
1683 2878 1818 2945 Χρι-

238 2963 392 3018 στοῦ.
434 2965 593 3017 Ἀλλά
646 2965 798 3029 πῶς
845 2966 1215 3035 Ἐμπαιγμὼν
1260 2969 1352 3020 καὶ
1408 2968 1688 3037 μαστίγων
1722 2968 1818 3019 καλ⁵

236 3056 488 3126 φυλακῆς
522 3059 716 3128 πεῖραν
745 3057 938 3110 ἔλαϐον
958 3074 972 3085 ·
1002 3060 1152 3114 ἄλλοι
1195 3060 1251 3112 δὲ
1290 3060 1661 3124 λιθασθέντες,
1693 3078 1820 3129 πρι-

235 3148 485 3213 σθέντες,
520 3149 842 3217 σφαγέντες,
876 3150 977 3219 τὴν
1010 3150 1264 3204 ἐντεῦθεν
1316 3151 1610 3206 κατέλιπον
1648 3153 1817 3222 πρόσ-

234 3260 433 3313 καιρον
458 3242 666 3314 φθοράν
687 3259 702 3273 ·
734 3244 828 3296 καὶ
852 3245 916 3297 οὐ
945 3243 1077 3314 πῦρ,
1131 3244 1192 3297 οὐ
1246 3244 1418 3313 ξίφος,
1453 3246 1513 3298 οὐ
1540 3245 1701 3299 λίθων
1737 3246 1819 3315 βο-

1992 2506 2060 2563 Ει
2091 2507 2145 2561 hi
2172 2507 2390 2578 quidem
2418 2509 2497 2563 sic
2537 2508 2843 2562 voluntarie
2877 2508 3143 2574 damnati,
3189 2510 3282 2565 sed
3329 2511 3511 2568 efﬁca-

1919 2598 2055 2653 citer
2086 2585 2346 2663 absoluti,
2383 2609 2736 2668 Spontaneam
2793 2600 3145 2656 dormitionis
3181 2615 3509 2672 acceperunt

1918 2688 2201 2757 requiem;
2253 2689 2343 2743 alii
2384 2706 2510 2745 vero
2548 2704 2656 2745 non
2716 2691 2818 2745 sic.
2852 2690 3098 2749 Diximus
3145 2695 3291 2749 enim
3325 2706 3506 2763 antea,

1916 2780 2359 2848 dilemissimi,de
2388 2797 2640 2838 mensura
2662 2784 2827 2848 illius,
2856 2786 2947 2854 qui
2974 2786 3190 2855 praemia
3210 2789 3507 2844 secundum

1922 2875 2207 2930 utilitatem
2233 2876 2502 2946 cujusque
2526 2876 2755 2947 largitur
2786 2878 3061 2934 Christus.
3095 2879 3385 2947 Quomodo
3414 2898 3515 2938 au-

1920 2974 2025 3019 tent
2078 2966 2258 3021 istud?
2308 2966 2652 3034 irrisionum,
2723 2966 3097 3037 ﬂagellorum,
3147 2981 3202 3026 ct
3246 2973 3512 3029 custodia:

1921 3058 2299 3128 probationem
2330 3068 2687 3128 receperunt;
2740 3060 2829 3113 alii
2863 3076 2988 3115 vero
3019 3061 3261 3131 lapidati,
3291 3067 3511 3133 resccﬁ,

1924 3152 2075 3215 cazsi,
2108 3152 2463 3220 temporalem
2491 3152 2828 3221 reliquerunt
2858 3156 3266 3223 corruptionem
3288 3173 3304 3221 ;
3326 3167 3380 3211 et
3412 3174 3511 3214 ne-

1925 3260 2032 3314 que
2084 3245 2246 3314 ignis,
2284 3262 2461 3314 neque
2492 3245 2726 3317 gladius,
2786 3262 2961 3317 neque
3012 3247 3256 3319 lapidum
3307 3249 3510 3319 jactus,

232 3336 349 3402 λαὶ,
377 3336 439 3388 οὐ
468 3336 714 3406 λέϐητες,
762 3337 824 3389 οὐ
857 3337 1149 3408 ξυστῆρες,
1186 3338 1247 3390 οὐ
1281 3337 1809 3409 στραγγαλιστῆρες,

1924 3352 2093 3406 neque
2121 3338 2343 3403 lebetes,
2375 3354 2551 3407 neque
2578 3338 2735 3392 ferrei
2786 3340 2993 3408 unguii,
3022 3355 3201 3411 neque
3254 3350 3512 3413 strangu-

231 3428 334 3479 οὐκ
368 3426 506 3496 άλλη
537 3445 619 3489 τις
646 3428 880 3499 ὀδυνηρά
920 3428 1031 3482 τῶν
1063 3428 1340 3482 κολάσεων
1387 3429 1651 3500 τιμωρία,
1692 3432 1819 3493 τοὺς

233 3518 602 3589 καρτερικοὺς
624 3518 842 3586 ἀγῶνας
861 3519 969 3573 τῶν
993 3521 1257 3588 γενναίων
1282 3522 1454 3589 ἁγίων
1477 3521 1815 3591 διέστρεφεν

232 3611 352 3663 ἀλλ’
387 3613 446 3661 ἐν
480 3610 692 3673 τούτοις
722 3612 885 3665 πᾶσιν
915 3612 1404 3683 ὑπερνικήσαντες,
1438 3615 1534 3667 καὶ
1561 3614 1653 3667 τὸν
1678 3616 1818 3683 ἀγα-

234 3705 491 3771 πήσαντα
527 3704 771 3775 σφοδρῶς
802 3707 1224 3776 ἀγαπήσαντες,
1254 3709 1550 3762 κατέλιπον
1574 3711 1707 3779 ήμῖν
1752 3708 1818 3762 τά

233 3795 599 3849 θεοσύλλεκτα
630 3798 879 3868 λείψανα.
911 3800 1021 3853 Καὶ
1048 3799 1165 3863 πῶς
1188 3801 1584 3868 θεοσύλλεκτα;
1619 3801 1817 3855 Μάθω-

234 3906 368 3958 μεν,
399 3890 699 3960 ἀγαπητοί.
731 3890 907 3945 Τινῶν
954 3892 1063 3963 γὰρ
1099 3892 1269 3961 ἁγίων
1298 3893 1438 3963 ξίφει
1466 3895 1815 3965 ἀποτμηθέν-

228 3999 364 4044 των,
396 3982 467 4034 τὰ
503 3982 731 4050 σώματα
763 3982 838 4046 ὡς
882 3984 1229 4055 βδελύγματα
1258 3990 1367 4049 τοῖς
1390 3986 1569 4050 ἀθέοις
1603 3989 1815 4057 κριταῖς

229 4078 310 4137 εἰς
338 4073 653 4145 θηριοήθεις
679 4076 898 4139 τόπους,
936 4076 1023 4129 ἐπ’
1054 4078 1285 4145 ἐδάφους
1311 4080 1558 4149 ῥιφέντα,
1592 4079 1707 4132 σῶα
1730 4080 1813 4132 δι-

228 4186 252 4219 ε
274 4168 620 4237 έυλάχθησαν
637 4183 649 4197 ·
680 4169 773 4221 καὶ
797 4169 857 4221 οὐ
883 4168 1070 4239 θῆρες,
1098 4171 1197 4222 οὐκ
1246 4171 1376 4224 ἄλλο
1396 4188 1449 4224 τι
1472 4171 1582 4224 τῶν
1614 4189 1814 4243 σαρκο-

229 4262 468 4329 ίᾴρωτεῖν
490 4260 759 4313 εἰωθότων
787 4260 962 4325 ζώων,
991 4262 1198 4314 τούτων
1230 4262 1546 4332 ἐφάψασθαι
1570 4262 1809 4333 ἴσχυσενσ

226 4352 347 4405 ἀλλ’
370 4354 513 4422 ὅπερ
539 4352 597 4415 ἐξ
624 4352 777 4415 ἔθους
806 4354 866 4406 τὸ
892 4353 1124 4422 τρώγειν
1155 4349 1300 4424 εἶχον
1326 4356 1810 4426 περισπούδαστον,

227 4446 391 4498 τοῦτο
416 4445 568 4513 παρὰ
601 4445 765 4513 φύσιν
800 4445 1081 4512 ἐάσαντες,
1120 4447 1180 4499 τὸ
1217 4447 1486 4517 ἀσύνηθες
1539 4447 1659 4510 ἔθος
1713 4448 1814 4517 τῆς

229 4537 641 4609 παραφυλακῆς
666 4536 774 4589 τῶν
803 4537 1072 4605 σωμάτων
1099 4536 1404 4591 ἐδείκνυντο
1426 4538 1545 4590 ’καὶ
1572 4538 1811 4604 γίνονται

232 4631 283 4682 oi
334 4629 529 4699 πρώην
564 4628 951 4699 βροτοφθόροι,
988 4629 1179 4683 ἔπειτα
1213 4631 1697 4699 σωματοφύλακες.
1735 4631 1809 4682 Οὐ

233 4722 343 4791 γὰρ
370 4717 516 4791 ἦσαν
538 4722 692 4773 κοινά
719 4721 787 4773 τά
819 4720 1048 4791 σώματα
1082 4724 1215 4792 πρδς
1243 4723 1641 4794 θηριοϐρωσίαν
1662 4724 1810 4788 ἀξια,

230 4814 349 4866 ἀλλ’
392 4812 631 4865 ἐκλεκτά
660 4815 738 4875 είς
769 4814 1090 4882 εὐεργεσίαν
1121 4815 1364 4880 ἐξαίσια*
1422 4817 1561 4885 ὅπερ
1588 4817 1722 4868 πολὺ
1753 4816 1815 4869 τὸ

229 4907 496 4974 διάφορον
556 4908 668 4968 τοῖς
715 4905 973 4973 ἀσφαλῶς
1030 4907 1404 4976 ἀκροωμένοις
1458 4908 1812 4977 συνέστηκεν.

235 4998 391 5053 Ἑσθ⁸
421 5000 513 5052 ὅτε
545 4999 653 5067 γάρ
681 5015 807 5051 τινα
841 4997 1069 5068 σώματα
1101 5000 1239 5068 μετὰ
1269 5000 1375 5052 τῶν
1401 5001 1672 5053 ἐκλεκτῶν
1699 5002 1816 5070 ἆμα

234 5091 485 5159 ῥιφέντα,
548 5088 617 5140 τὰ
658 5088 758 5158 μὲν
804 5089 961 5158 ἀσινῆ
1020 5088 1439 5159 διετηρήθησαν,
1481 5092 1548 5145 τά
1597 5092 1653 5144 δὲ
1688 5109 1815 5143 κατ-

232 5180 619 5251 εμειώθησαν·
687 5179 862 5233 ἄλλων
926 5178 983 5231 δὲ
1042 5180 1212 5246 ἁγίων
1263 5181 1619 5250 μαρτυρικῶς
1675 5181 1810 5251 πυρὶ

234 5272 575 5335 καυθέντων,
622 5271 650 5322 ὁ
694 5270 821 5341 χοῦς
844 5271 1030 5342 ὧσπερ
1055 5272 1168 5339 φῶς
1195 5276 1306 5335 τοῖς
1340 5272 1544 5335 πιστῶς
1573 5274 1810 5344 ἀρυομέ-

233 5380 348 5425 νοις
371 5361 697 5430 ἐξέλαμπεν·
735 5361 938 5430 ὲτέρων
990 5363 1047 5415 δὲ
1079 5363 1241 5415 πάλιν
1294 5364 1667 5433 καταμεληδὸν
1697 5364 1812 5416 δια·

233 5453 581 5523 τμηθέντων,
618 5456 710 5505 καὶ
737 5453 807 5505 τὰ
833 5454 965 5506 ὀστᾶ
986 5458 1191 5507 τούτων
1223 5454 1295 5518 ὡς
1340 5456 1545 5525 μισητὰ
1584 5460 1695 5517 τοῖς
1720 5473 1812 5507 κο-

236 5547 495 5609 λάξουσιν
528 5548 586 5598 ὲν
614 5548 878 5615 ποταμοῖς
908 5546 1164 5615 ῥιφέντα,
1196 5549 1258 5599 οὐ
1288 5547 1365 5618 τῷ
1397 5549 1610 5619 φυσικῷ
1638 5548 1812 5620 βαρή-

240 5655 371 5706 ius:
413 5638 553 5707 πρὶς
603 5636 664 5688 τὸ
722 5638 1037 5707 κατωφερὲς
1079 5637 1172 5691 τοῦ
1236 5638 1433 5708 βάθους
1482 5640 1812 5710 συνήρχοντο

235 5730 491 5801 βόλισμα,
529 5728 670 5781 ἀλλὰ
694 5732 761 5800 τῇ
796 5731 1041 5803 άνωτέρᾳ
1084 5731 1206 5801 ὄψει
1246 5731 1353 5785 τῶν
1400 5730 1606 5787 ὑδάτων
1650 5732 1808 5803 δίκην

298 5909 315 5939 ⁵
346 5907 491 5963 l'sal.
524 5924 601 5971 ις,
642 5906 725 5963 Π.

1920 3428 2142 3493 latores,
2169 3445 2348 3500 neque
2370 3430 2519 3484 aliud
2550 3431 2823 3500 quoddam
2859 3432 3119 3486 acerbum
3138 3432 3512 3490 damnationis

1918 3520 2271 3590 supplicium,
2302 3536 2331 3574 a
2362 3523 2645 3591 generosis
2680 3522 3081 3578 certaminibus
3131 3533 3353 3578 sanctos
3388 3524 3510 3580 illos

1919 3611 2091 3667 fortes
2142 3614 2372 3679 avertit;
2407 3616 2500 3668 sed
2545 3616 2598 3667 in
2658 3616 2920 3671 omnibus
2976 3616 3060 3670 bis
3107 3616 3415 3681 vincentes,
3456 3628 3511 3673 et

1921 3702 2067 3755 hunc
2100 3702 2193 3772 qui
2244 3702 2366 3757 illos
2415 3704 2621 3757 amavit
2672 3705 3022 3759 vehementer
3045 3713 3315 3771 amantes,
3354 3705 3511 3762 nobis

1919 3794 2261 3864 reliquerunt
2301 3796 2530 3851 collecta
2566 3813 2597 3850 a
2630 3800 2739 3850 Deo
2767 3796 3111 3867 fragmenta;
3154 3808 3209 3852 et
3232 3798 3509 3868 quomodo

1919 3902 1949 3939 a
1985 3885 2096 3941 Deo
2124 3887 2393 3942 collecta?
2424 3887 2717 3943 Discamus
2754 3890 2830 3954 id,
2866 3889 3238 3945 dilectissimi.
3268 3890 3509 3956 Quibus-

1916 3979 2040 4034 dam
2064 3981 2210 4035 cnim
2233 3982 2438 4036 sanctis
2468 3982 2651 4051 gladio
2679 3983 2857 4046 etesis,
2887 3998 3115 4052 corpora
3142 3982 3287 4037 velut
3317 3986 3508 4038 sordes

1916 4071 1985 4125 ab
2030 4070 2210 4141 impiis
2255 4073 2534 4139 judicibus
2590 4073 2645 4128 in
2697 4075 2835 4128 locis
2872 4073 3114 4128 ferarum
3163 4075 3399 4130 assuetis
3438 4075 3506 4127 ad

1922 4163 2099 4218 solum
2134 4163 2364 4233 dejecta,
2395 4181 2527 4219 sana
2564 4175 2887 4220 conservata
2924 4176 3088 4232 sunt;
3132 4180 3311 4235 neque
3354 4164 3505 4229 ferae,

1916 4273 2094 4324 neque
2123 4256 2269 4311 aliud
2291 4257 2563 4326 quoddam
2590 4258 2908 4311 animalium
2940 4273 3106 4313 carne
3134 4258 3501 4322 vescentium,

1917 4351 2001 4404 bis
2024 4351 2283 4405 accedere
2317 4351 2520 4420 potuit;
2550 4351 2644 4406 sed
2686 4351 2831 4420 quod
2869 4366 2900 4406 e
2936 4365 3089 4406 more
3125 4351 3287 4405 edere
3312 4349 3508 4420 jucun_

1914 4444 2036 4498 dius
2083 4443 2373 4506 habebant,
2400 4444 2501 4497 boc
2533 4453 2724 4497 contra
2768 4451 3021 4497 naturam
3047 4444 3385 4509 ontittcntes,
3414 4444 3505 4497 in-

1914 4545 2130 4590 suetum
2161 4534 2427 4591 custodia:
2469 4551 2675 4589 morem
2714 4536 3041 4605 corporibus
3072 4536 3413 4605 prtebebant,
3448 4547 3505 4590 ct

1916 4643 2037 4697 quae
2080 4635 2243 4681 antea
2290 4626 2605 4681 mortalium
2635 4642 2832 4681 carnes
2866 4628 3155 4693 rorabant,
3183 4626 3341 4681 facta:
3375 4639 3505 4682 sunt

1918 4720 2113 4776 deinde
2161 4734 2452 4788 corporum
2498 4720 2776 4774 custodes.
2814 4717 2931 4773 Non
2982 4720 3127 4774 enim
3190 4721 3504 4773 cenunnnia

1916 4820 2073 4867 erant
2102 4826 2330 4881 corpora
2365 4810 2432 4864 ad
2471 4810 2708 4864 ferarum
2737 4824 2920 4864 escam
2965 4809 3373 4869 convenientia,
3409 4808 3505 4862 sed

1921 4907 2033 4959 haec
2052 4904 2260 4973 abjecta
2282 4904 2452 4958 electa
2478 4910 2633 4956 erant
2655 4902 2720 4955 ad
2752 4901 2855 4957 hoc
2877 4900 3139 4955 ol'licium.
3174 4901 3331 4968 Quod
3357 4906 3503 4959 mul-

1918 5012 2027 5051 tam
2047 4997 2249 5067 prazbet
2270 4994 2629 5049 diﬂ‘erentiam
2652 4993 2717 5046 ab
2740 4993 2821 5048 his
2851 5008 2970 5063 quae
2992 4994 3153 5048 solito
3182 4996 3500 5053 audiuntur.

1920 5088 2123 5157 fientpe
2152 5087 2295 5158 quod
2327 5088 2577 5155 quaedam
2605 5101 2838 5154 corpora
2870 5101 2994 5141 cum
3022 5086 3106 5141 bis
3128 5086 3317 5143 electis
3338 5088 3502 5144 simul

1919 5182 2188 5252 proiecta,
2236 5180 2338 5233 alia
2386 5179 2606 5249 quidem
2656 5180 2864 5249 integra
2925 5188 3141 5234 servata
3186 5188 3353 5248 sunt,
3397 5182 3503 5237 alia

1918 5290 2049 5329 vero
2103 5274 2440 5329 comminuta
2492 5283 2641 5327 sunt.
2704 5272 2926 5327 Sanctis
2984 5283 3167 5327 autem
3214 5274 3339 5329 aliis
3379 5274 3503 5345 igne

1921 5366 2148 5429 exustis,
2167 5364 2306 5419 cinis
2326 5372 2385 5415 ut
2409 5364 2498 5418 lux
2529 5363 2847 5432 splendebat
2870 5362 2953 5417 his
2979 5363 3071 5432 qui
3090 5378 3214 5416 cum
3236 5363 3340 5417 [ide
3359 5364 3502 5420 hunc

1922 5456 2269 5525 colligebant.
2291 5452 2517 5508 Caeteris
2542 5454 2593 5506 in
2622 5453 2792 5507 [ιίιεια
2812 5454 3084 5516 dissectis,
3103 5468 3229 5508 ossa
3254 5463 3310 5508 ut
3338 5470 3504 5509 exosa

1927 5547 2224 5601 tortoribus
2256 5545 2309 5597 in
2351 5543 2548 5598 ﬂuvios
2572 5542 2841 5612 projecta,
2868 5559 2975 5597 non
3008 5543 3243 5597 naturali
3265 5545 3506 5612 pondere

1920 5639 1987 5692 ad
2024 5636 2281 5692 inferiora
2310 5635 2493 5705 abyssi
2522 5635 2863 5700 labebantur,
2902 5634 2996 5689 sed
3026 5635 3294 5703 superiori
3333 5649 3503 5702 aqua-

1930 5746 2049 5788 rum
2118 5730 2253 5785 facie
2320 5728 2534 5784 suberis
2594 5728 2766 5784 instar
2831 5728 3171 5794 innatantia,
3225 5736 3284 5782 ut
3336 5727 3505 5783 stellaa
