4168 6450
212 436 312 499 857

1270 426 1638 487 LillELLUS
1668 426 1765 484 ΑΙ)
1797 424 2179 485 NICOLAUNI
2216 425 2236 484 Ι
2280 426 2417 485 ΡᾹΡ
2442 428 2543 487 SM.

3373 431 3480 496 858

209 554 320 611 τοῖς
352 549 445 602 τοῦ
481 548 793 620 Πνεύματος
826 549 1004 617 λόγοις
1058 546 1157 598 οὐκ
1202 545 1521 611 ἐπαυόμην·
1570 542 1787 593 ἀντετυ·

1896 543 2076 611 gladio
2110 540 2353 606 Spiritus,
2383 556 2477 594 seu
2517 541 2681 596 verbo
2720 540 2811 596 Dei
2844 542 3162 598 cverlierare
3188 559 3297 598 non
3334 548 3476 601 desi-

209 642 431 709 πτόμην
454 641 507 691 δὲ
541 642 661 700 ταῖς
684 639 934 699 ἀπειλαῖς
966 639 1059 690 καὶ
1085 635 1425 693 ἐπιδουλαῖς.

292 730 353 782 ἸΙ
391 730 448 783 δὲ
480 730 649 793 αἰτία,
680 732 758 782 ὅτι
787 729 1018 799 ἤλεγχον
1053 727 1238 780 τοῦτον
1269 724 1357 778 διὰ
1384 723 1484 792 τὴν
1523 722 1790 792 Ἡρωδια-

207 819 311 888 κὴν
340 820 717 889 χαμαιτυπίαν
743 833 755 845 ⁸
820 818 912 871 καὶ
970 817 1044 885 μὴ
1077 814 1402 884 πειθόμενον
1437 812 1540 877 ἔξω
1592 812 1797 880 ἐθέμην

210 912 308 979 τῆς
339 910 687 978 Ἐκκλησίας.
720 910 842 961 Ἐπὶ
860 907 1069 969 τούτοις
1094 908 1121 959 6
1139 904 1356 975 κρατῶν
1382 905 1511 955 ποτὲ
1537 904 1633 973 μὲν
1650 902 1799 955 ἐδυσ-

206 1006 349 1054 ώπει
387 1020 476 1072 με,
511 1003 637 1054 ποτὲ
668 1002 712 1055 δ’
743 1001 955 1072 ἠπείλει
988 1000 1053 1051 τὰ
1081 999 1251 1060 δεινὰ,
1306 997 1353 1049 εἰ
1406 997 1478 1066 μὴ
1519 995 1799 1064 πεισθείην

205 1095 464 1158 δέξασθαι
513 1095 605 1147 τὸν
642 1095 783 1147 θεῖον
821 1090 1010 1145 αὐτοῦ.
1074 1092 1158 1152 Ὠς
1212 1090 1266 1142 δὲ
1299 1091 1471 1158 τούτῳ
1502 1088 1746 1149 πεισθεὶς
1772 1090 1799 1140 6

208 1187 430 1253 κρατῶν
476 1186 751 1256 ἠϐουλήθη
785 1187 883 1252 τήν
918 1200 976 1235 τε
1039 1181 1251 1251 μητέρα
1304 1180 1399 1233 καὶ
1434 1181 1530 1240 τας
1566 1178 1796 1247 ἀδελφὰς

206 1277 596 1346 ἐξοστρακίσαι
628 1278 735 1328 τῶν
769 1275 1079 1346 βασιλείων,
1112 1272 1458 1349 ὲγκελεύεταί
1493 1288 1583 1339 μοι
1617 1274 1796 1343 κεῖραι

204 1369 399 1431 αὑτάς.
448 1367 588 1435 Ἐγὼ
610 1368 654 1419 δ’
677 1368 775 1420 οὐκ
811 1365 1127 1435 ἐπειθόμην,
1165 1363 1255 1417 διὰ
1292 1363 1353 1416 τὸ
1384 1363 1493 1415 τῶν
1522 1362 1796 1430 γυναικῶν

206 1462 339 1529 περὶ
376 1459 475 1531 τὴν
500 1459 704 1529 κουρὰν
737 1458 1012 1512 ἀκούσιον.
1070 1458 1168 1509 Δια
1192 1456 1365 1509 ταῦτα
1394 1454 1525 1522 γοῦν
1575 1455 1668 1507 καὶ
1698 1455 1795 1523 τῆς

217 1551 549 1619 Ἐκκλησίας
593 1551 904 1621 ἀπηλάθην,
966 1545 1087 1603 εἶτα
1154 1549 1247 1602 καὶ
1308 1546 1641 1617 ἐτυπτήθην,
1698 1548 1793 1599 καὶ

204 1642 532 1713 ἐξωρίσθην,
564 1645 657 1695 καὶ
686 1643 923 1712 δέδεμαι,
954 1643 1049 1695 καὶ
1074 1640 1398 1709 κέκλεισμαι
1428 1638 1535 1706 πρὸ
1560 1638 1657 1707 τῆς
1684 1638 1793 1690 τῶν

204 1736 329 1787 καθ’
352 1735 496 1804 ὑμᾶς
517 1735 719 1807 κριτῶν
749 1735 1025 1806 ὲνδημίας.
1058 1734 1163 1788 Καὶ
1192 1734 1240 1785 οἱ
1265 1734 1360 1785 σὺν
1392 1734 1515 1801 ἐμοὶ
1536 1732 1592 1783 δὲ
1616 1732 1794 1784 ταυτα

203 1826 557 1878 πεπόνθασιν.
591 1828 659 1879 Al
709 1827 763 1879 δὲ
794 1828 923 1898 παρ’
963 1826 1119 1895 ἡμῶν
1148 1824 1383 1877 δοθεῖσαι
1417 1826 1528 1886 τοῖς
1558 1824 1785 1876 ἐπισκό-

1904 635 2130 696 uebam;
2164 636 2253 701 qui
2287 644 2475 686 comra
2502 649 2585 687 me
2620 635 2786 689 minis
2821 636 3144 707 insidiisque
3170 639 3473 707 appetebat.

1972 728 2365 793 Argumentum
2393 736 2447 779 et
2481 741 2647 781 causa
2677 729 3118 795 reprehensionis
3150 741 3268 785 erat
3304 730 3476 785 llero-

1901 816 2120 870 diauum
2163 816 2214 869 in
2252 814 2420 869 Barda
2465 818 2774 886 exemplum
2803 827 2853 871 et
2893 818 3153 874 incestus.
3181 822 3316 877 Eum
3349 838 3479 876 con-

1901 916 2192 970 tumacem,
2224 922 2397 977 neque
2445 907 2853 977 resipiscentexn
2908 910 2979 962 ab
3014 912 3245 966 ecclesia
3288 912 3473 982 reieci.

1902 996 2105 1052 Deinde
2130 999 2425 1065 imperator
2457 1000 2571 1068 ipse
2619 1002 2779 1055 modo
2809 1018 2907 1071 pro
2939 1002 3030 1055 illo
3061 1004 3473 1072 deprecabatur,

1900 1086 2064 1140 modo
2092 1088 2349 1141 atrociter
2400 1087 2727 1152 minabatur,
2764 1091 2866 1144 nisi
2911 1092 3238 1144 avunculum
3274 1092 3323 1145 in
3355 1108 3477 1162 gra-

1902 1180 2029 1231 tiam
2077 1179 2393 1246 reciperem.
2429 1179 2720 1247 Postquam
2768 1194 2894 1233 vero
2942 1182 3210 1251 impulsus
3240 1196 3270 1235 a
3305 1180 3475 1235 Barda

1899 1266 2089 1319 statuit
2120 1275 2349 1321 matrem
2382 1284 2505 1322 cum
2536 1267 2821 1322 sororibus
2851 1286 2879 1321 a
2909 1270 3103 1338 palatio
3128 1271 3475 1337 submovere,

1900 1357 2152 1427 praecepit
2186 1359 2316 1412 mihi
2350 1369 2408 1413 ut
2440 1359 2558 1414 illas
2598 1362 2961 1426 attondetem,
2992 1378 3128 1432 quas
3158 1378 3258 1434 ego
3284 1364 3479 1419 invitas

1899 1449 2201 1503 tondeudas
2249 1466 2356 1504 non
2412 1452 2741 1508 existimavi.
2784 1455 2895 1509 llas
2935 1470 3064 1523 ergo
3113 1456 3182 1509 ob
3221 1471 3416 1513 causas
3445 1473 3476 1512 a

1897 1542 2092 1597 throno
2122 1546 2443 1599 deturbatus
2480 1561 2621 1611 Slltll,
2657 1557 2708 1600 et
2754 1548 3001 1616 pulsatus
3027 1557 3192 1619 atque
3221 1549 3474 1604 elimina-

1900 1644 2009 1701 tus,
2041 1646 2094 1691 et
2117 1638 2168 1691 in
2203 1638 2453 1691 custodia
2491 1640 2855 1708 vinculisque,
2886 1656 3011 1695 cum
3042 1642 3109 1696 iis
3142 1642 3234 1712 qui
3263 1658 3474 1697 meeum

1899 1724 2048 1780 fuere
2106 1739 2523 1797 senseruntque,
2572 1731 2759 1783 eadem
2807 1732 3002 1799 passis,
3050 1732 3300 1788 detentus
3350 1746 3478 1788 ante

1894 1818 2137 1886 judicum
2185 1829 2494 1873 vestrorum
2546 1821 2863 1875 adventum.
2897 1824 3034 1877 Cum
3063 1832 3242 1878 autem
3279 1826 3344 1876 ad
3381 1841 3476 1879 vos

202 1934 330 1977 ποις
377 1918 646 1988 ἔγγραφοι
702 1894 937 1982 πίστει-ς,
995 1919 1165 1988 ἧγουν
1221 1917 1523 1979 ἐπιστολαὶ,
1583 1916 1670 1969 διὰ
1697 1915 1787 1968 τοῦ

1893 1912 2122 1978 litteras,
2159 1913 2359 1982 quibus
2413 1914 2698 1983 episcOpos
2744 1924 2944 1968 statum
2989 1931 3171 1970 rerum
3229 1916 3475 1970 omnium

203 2010 579 2080 πρεσϐυτέρου
616 2012 947 2079 Λαυρεντὶου
982 2010 1076 2063 καὶ
1112 2010 1221 2062 τῶν
1246 2009 1340 2063 δύο
1367 2007 1789 2078 Στεφάνων,τοῦ

200 2116 261 2151 τε
296 2099 646 2153 ὑποδιακόνου
686 2105 780 2155 καὶ
811 2100 905 2153 τοῦ
959 2101 1171 2164 ).αῖκοῦ,
1220 2101 1312 2164 οὓς
1339 2101 1433 2153 καὶ
1462 2100 1785 2172 ἐνωρκώσα-

204 2208 328 2260 μεν,
366 2195 486 2256 ταῖς
513 2197 667 2264 χερσὶ
703 2195 800 2263 τῆς
841 2195 938 2263 σῆς
978 2195 1263 2264 ἁγιότητος
1302 2192 1471 2256 αὑτὰς
1521 2192 1783 2264 ἁποδοθῆσ

200 2300 311 2347 ναι,
337 2285 611 2353 ἄπρακτοι
644 2287 1043 2354 μεμενήκασιν.

284 2372 375 2434 Ὧς
397 2373 453 2426 δὲ
480 2376 824 2442 παραστῆναι
856 2372 1224 2443 ἔκελευόμεθα
1252 2386 1327 2435 εις
1353 2373 1413 2426 τὸ
1443 2375 1787 2443 Καῖαφαῖκδν

200 2465 381 2517 ικεῖνο
404 2469 707 2537 κριτήριον,
737 2469 1051 2538 ὲκράξαμεν
1076 2469 1169 2519 ἐπὶ
1195 2469 1294 2534 τῆς
1325 2470 1479 2537 ὑμῶν
1503 2472 1788 2538 ἁγιότητος

197 2554 636 2623 προκαλούμενοι
665 2557 940 2627 κριθῆναι.
998 2557 1137 2610 Ἀλλ’
1168 2558 1341 2621 οὐδεὶς
1372 2554 1440 2628 ἦν
1471 2560 1500 2610 6
1549 2557 1783 2612 ἁκούων.

198 2645 357 2700 Μετὰ
379 2645 537 2698 τοῦτο
562 2649 888 2719 μετάκλητοι
910 2648 1072 2701 πάλιν
1092 2649 1369 2719 γενόμενοι
1394 2650 1783 2721 ἢρωτήσαμεν*

200 2739 326 2800 Πῶς
354 2738 605 2791 κελεύετε
630 2742 799 2810 ἡμᾶς,
830 2758 874 2794 ω
898 2741 1159 2811 Πατέρες,
1195 2742 1329 2813 πρὸς
1362 2743 1506 2811 ὑμᾶς
1543 2760 1783 2812 παραγε-

199 2828 425 2893 νέσθαις
457 2828 529 2891 ὡς
563 2831 831 2899 μοναχοὺς
854 2832 949 2883 καὶ
980 2831 1326 2896 καταδίκους,
1360 2833 1390 2901 ἦ
1420 2833 1494 2895 ὼς
1522 2834 1780 2902 κριθησο-

202 2921 439 2988 μένους;
477 2922 583 2974 Καὶ
639 2923 993 2990 ἀντέπεμψαν
1025 2924 1177 2994 ἡμῖν,
1230 2926 1311 2977 ὅτι
1354 2924 1441 2986 Ὠς
1470 2926 1591 2976 ἐστὲ
1623 2922 1782 2988 ἄξιοι.

212 3010 591 3081 Ἐφορέσαμεν
643 3012 735 3066 οὖν
784 3012 881 3074 τὰς
915 3015 1190 3082 ἱερατικὰς
1239 3015 1452 3080 στολὰς,
1491 3017 1585 3067 καὶ
1617 3014 1787 3077 οὕτως

199 3101 521 3172 ἐχωροῦμεν
552 3103 684 3172 πρὸς
719 3104 779 3156 τὸ
805 3105 1103 3176 συνέδριον,
1157 3106 1189 3176 ἢ
1231 3107 1433 3175 μᾶλλον
1487 3108 1661 3158 εἰπεῖν
1690 3107 1786 3176 λῃ-

200 3195 445 3263 στήριον.
499 3195 607 3247 Καὶ
637 3195 708 3258 ὡς
755 3197 983 3267 πλησίον
1012 3198 1316 3266 γεγόναμεν
1336 3239 1351 3263 ,
1386 3198 1607 3266 πέμψας
1644 3201 1670 3250 6
1691 3197 1783 3250 τύ-

201 3301 402 3356 ραννος
423 3286 515 3338 ἐπὶ
553 3287 650 3356 τῆς
680 3287 978 3358 λεωφόρου,
1011 3289 1109 3358 τὴν
1140 3289 1292 3357 ἱερὰν
1323 3288 1546 3341 ἀποδύει
1571 3289 1782 3358 στολήν.

198 3375 336 3433 Εἶτα
360 3378 438 3442 ὡς
477 3379 624 3433 ἔνδον
648 3380 740 3433 τοῦ
762 3380 866 3433 νεὼ
892 3380 1327 3450 συνωθίσθημεν,
1368 3380 1787 3433 ἀποστέλλονται

204 3475 343 3544 πρὸς
363 3476 514 3544 ἡμᾶς
536 3476 585 3527 οἱ
614 3476 1014 3547 προῤῥηθέντες
1032 3478 1180 3545 τρεῖς
1210 3475 1318 3527 τῶν
1350 3473 1555 3543 κριτῶν
1580 3473 1787 3541 ὑπηρέ-

205 3582 319 3629 ται,
354 3568 382 3619 ὃ
415 3583 472 3618 τε
498 3568 827 3636 Λαυρέντιος
863 3568 956 3619 καὶ
990 3568 1039 3620 οἱ
1065 3566 1162 3620 δύο
1196 3566 1477 3633 Στέφανοι,
1520 3566 1612 3616 καὶ
1638 3559 1787 3616 εἶπον

200 3661 341 3727 πρός
376 3673 444 3727 με
469 3673 484 3689 ο
522 3658 587 3708 Τί
619 3657 701 3709 ὅτι
738 3658 1185 3728 κατεγνωσμένος
1238 3658 1330 3710 ἐπὶ
1374 3656 1667 3719 τοσαύταις
1699 3656 1785 3708 αξ-

198 3748 348 3809 τίαις
380 3748 475 3800 καὶ
502 3748 905 3819 καθῃρημένος,
958 3749 1057 3817 τὴν
1103 3747 1256 3816 ἱερὰν
1299 3746 1603 3817 ἐτόλμησας
1633 3762 1787 3816 περι-

201 3838 464 3892 δαλέσθαι
501 3839 731 3908 στολήν;
798 3840 1243 3901 ’Λποσπὰσαντες
1297 3838 1388 3891 οὖν
1438 3855 1505 3908 με
1559 3838 1665 3889 τῶν
1690 3838 1787 3888 σὺν

204 3931 331 3999 ἐμοὶ
387 3929 502 4001 βίᾳ,
536 3930 695 3999 μόνον
726 3929 804 4000 τῷ
850 3930 1141 3999 κρατοῦντι
1192 3934 1543 4000 παρέστησαν
1569 3944 1583 3959 ·
1643 3928 1735 3981 καὶ
1759 3928 1787 3979 6

202 4021 423 4088 κρατῶν
458 4020 617 4083 εὐθὺς
641 4020 827 4090 ὕϐρεσι
857 4021 1045 4073 πλύνει
1072 4038 1161 4091 με.
1199 4020 1365 4089 Ἐμοῦ
1398 4019 1454 4071 δὲ
1481 4018 1787 4088 φιλανθρωο

203 4112 446 4181 ποτέρας
475 4111 575 4175 τὰς
632 4111 817 4182 ῢὸρεις
850 4113 958 4165 τῶν
988 4113 1235 4181 βασάνων
1289 4112 1554 4175 εἰπόντος,
1594 4110 1787 4179 μικρὸν

206 4206 519 4256 κατέπαυσε
549 4204 639 4255 τὸν
675 4203 866 4273 θυμὸν,
887 4204 981 4257 καὶ
1010 4206 1089 4269 εἰς
1117 4202 1487 4271 ξυλόσκαμνον
1520 4200 1787 4271 καθεσθῆ-

206 4293 294 4345 ναί
329 4309 399 4361 με
428 4293 713 4345 ἐκέλευσεο
767 4294 860 4346 καὶ
910 4294 1159 4362 διαλόγου
1225 4294 1428 4362 μεταξὺ
1479 4292 1783 4363 γεγονότος,

218 4383 555 4437 Ὶάδίουλδον
606 4382 1014 4455 [Ῥαδούαλδον]
1068 4384 1159 4436 καὶ
1226 4385 1498 4453 Ζαχαρίαν
1561 4384 1787 4452 ἐζήτουν

204 4472 650 4543 προσαγορεῦσαι
690 4475 817 4535 τοῦς
864 4473 1263 4544 τοποτηρητάς.
1323 4474 1432 4525 Καὶ
1481 4474 1785 4536 ὲνδοθέντος

1890 2004 2250 2069 docebantus,
2292 2020 2387 2073 per
2415 2004 2770 2059 Laurentium
2818 2006 3197 2077 presbyterum
3235 2017 3288 2061 et
3337 2009 3475 2063 duos

1893 2095 2199 2165 Stephanos
2233 2097 2576 2153 dedissemus
2616 2098 2872 2167 (quorum
2902 2100 3039 2152 alter
3070 2099 3463 2165 subdiaconus,

1888 2188 2021 2242 alter
2042 2188 2251 2257 laicus).
2276 2188 2395 2241 illos
2412 2189 2573 2242 etiam
2603 2201 2945 2242 sacramento
2962 2189 3261 2259 adegimus,
3284 2191 3360 2243 uti
3381 2206 3475 2245 eas

1888 2277 1989 2347 ipsi
2021 2292 2185 2330 manu
2213 2291 2308 2329 sua
2330 2286 2434 2330 ture
2451 2279 2723 2332 sanctitati
2747 2279 3108 2348 porrigerent,
3139 2280 3272 2333 nihil
3292 2295 3470 2350 egere.

1956 2366 2066 2421 Nos
2116 2383 2244 2421 vero
2294 2377 2352 2421 ut
2399 2367 2535 2436 jussi
2580 2385 2767 2423 sumus
2813 2369 2879 2423 ad
2920 2370 3157 2424 tribunal
3191 2370 3473 2440 Caiphauo

1889 2472 1997 2511 non
2047 2457 2297 2511 absimile
2342 2474 2685 2526 comparere,
2714 2457 2781 2510 ad
2825 2458 3135 2512 sanctitatis
3163 2467 3355 2531 vestra:
3384 2457 3474 2527 ju-

1886 2548 2087 2602 dicium
2118 2563 2315 2617 magno
2346 2549 2583 2602 clamore
2616 2549 3058 2617 prorocavimus.
3091 2547 3197 2603 Sed
3231 2565 3336 2604 non
3356 2562 3474 2605 erat

1885 2636 1979 2705 qui
2013 2652 2113 2691 nos
2157 2637 2390 2691 audiret.
2416 2636 2614 2691 Deinde
2650 2653 2867 2692 rursum
2916 2639 3068 2692 citati
3114 2640 3469 2707 rogavimus:

1884 2725 2170 2791 Quomodo
2199 2742 2318 2790 nos,
2347 2741 2380 2779 o
2411 2727 2620 2790 Patres,
2652 2726 2854 2795 jubetis
2898 2728 3248 2796 comparere?
3271 2732 3329 2783 dt
3358 2744 3474 2783 mo-

1886 2820 2091 2871 nachos
2118 2828 2168 2872 et
2192 2819 2502 2883 damnatos,
2537 2834 2604 2872 an
2630 2827 2689 2872 ut
2718 2818 3091 2886 iudicandos?
3126 2818 3229 2886 Qui
3270 2835 3474 2875 renun-

1888 2911 2095 2964 tiarunt
2123 2928 2135 2963 :
2169 2909 2398 2964 Perinde
2423 2920 2481 2964 ut
2507 2911 2651 2981 digni
2684 2912 2841 2967 estis.
2874 2910 3041 2967 Sacro
3072 2912 3242 2979 igitur
3271 2923 3470 2968 ornatu

1888 3001 2059 3056 induti
2090 3003 2153 3056 ad
2188 3004 2504 3067 concilium,
2538 3005 2646 3057 imo
2684 3003 3058 3069 latrocinium,
3085 3005 3422 3073 perreximus
3450 3022 3467 3060 ε

1886 3109 2121 3163 eumque
2166 3096 2277 3163 jam
2338 3110 2505 3165 prepe
2543 3094 2887 3159 abessemus,
2921 3098 3175 3152 submisit
3206 3110 3469 3170 tyrannus

1892 3186 1945 3238 in
1977 3186 2247 3255 publicam
2273 3186 2439 3248 viam,
2470 3187 2559 3255 qui
2589 3188 2761 3241 sacris
2794 3203 2892 3243 nos
2920 3188 3158 3243 vestibus
3186 3202 3464 3246 exuerent.

1977 3235 2246 3255 tum”.--
2474 3235 2559 3255 -,.--
2590 3235 2760 3241 --πη
2794 3235 2892 3243 η--
2931 3235 3157 3243 .--πη
3189 3235 3464 3246 ---νη-Ἦ

1816 3235 1857 3291 C
1891 3272 2138 3344 Cumque
2176 3274 2289 3343 jam
2340 3276 2405 3329 ad
2456 3277 2713 3345 templum
2756 3278 2992 3346 protrusi
3039 3294 3317 3345 essemus,
3358 3289 3469 3337 tres

1892 3367 2132 3435 praedicti
2160 3367 2405 3437 judicu‘m
2442 3369 2697 3435 viatores,
2730 3368 3057 3426 Laurentius
3086 3383 3140 3426 ct
3171 3377 3278 3427 duo
3308 3374 3465 3429 Sthe-

1892 3456 2054 3522 phaui
2088 3457 2155 3510 ad
2188 3473 2285 3511 nos
2316 3458 2625 3523 mittuntur,
2664 3460 2756 3528 qui
2810 3462 2875 3515 ad
2927 3477 3013 3516 me
3042 3481 3055 3517 :
3093 3462 3231 3529 Quid
3262 3475 3340 3531 tu,
3382 3466 3466 3520 itt-

1890 3547 2106 3615 quiuut,
2144 3558 2220 3602 tot
2254 3549 2325 3603 ob
2353 3550 2583 3603 crimina
2613 3552 2905 3606 damnatus
2945 3566 3464 3627 exauctoratusque,

1889 3654 2100 3692 Sacram
2138 3651 2314 3693 tamen
2363 3643 2556 3695 stolam
2607 3656 2775 3696 ausus
2813 3659 2871 3697 es
2903 3644 3169 3701 induere?
3206 3646 3347 3717 Ergo
3379 3665 3467 3704 me

1889 3746 1982 3799 per
2033 3730 2137 3783 vim
2189 3746 2216 3784 a
2259 3733 2392 3786 meis
2440 3733 2685 3787 avulsum
2736 3736 2911 3789 solum
2962 3737 3027 3790 ad
3084 3739 3463 3808 imperatorem

1888 3822 2111 3885 sistunt,
2149 3823 2242 3892 qui
2288 3838 2372 3877 me
2436 3826 2783 3880 contumeliis
2817 3831 3088 3898 extemplo
3123 3841 3332 3888 onerat.
3362 3831 3467 3887 lle-

1889 3912 2186 3980 Spoudeute
2228 3928 2393 3982 porro
2429 3931 2549 3979 me,
2582 3919 2827 3973 convicia
2884 3921 3043 3987 paulo
3088 3922 3303 3978 mitiora
3346 3941 3465 3981 esse

1889 4006 2192 4069 tormentis,
2242 4008 2515 4075 paululum
2564 4011 2825 4078 repressit
2881 4011 3152 4077 furorem,
3191 4014 3465 4086 jussitque

1891 4098 1941 4151 in
1973 4098 2149 4167 ligneo
2179 4115 2401 4153 scamno
2428 4117 2511 4154 me
2541 4102 2746 4156 sedere.
2773 4103 2987 4157 Interim
3033 4122 3153 4158 cum
3186 4107 3347 4160 verba
3380 4108 3465 4161 ul-

1890 4198 1974 4241 tro
2007 4190 2253 4259 citroque
2289 4191 2477 4246 ﬁerent
2509 4232 2524 4256 ,
2564 4196 2747 4263 rogavi
2782 4205 2839 4248 ut
2874 4194 3251 4251 libodoaldum
3283 4208 3336 4252 et
3368 4198 3465 4251 Za-

1888 4279 2131 4333 chariam
2164 4282 2365 4351 legatos
2393 4293 2515 4337 tuos
2544 4284 2733 4338 liceret
2762 4286 2890 4338 mihi
2916 4287 3176 4351 salutare,
3211 4288 3467 4359 factaque

1888 4382 2152 4441 potestate
2199 4389 2294 4427 eos
2339 4376 2712 4443 consalutavi,
2757 4388 2919 4447 atque
2971 4380 3326 4449 interrogavi,
3370 4386 3463 4450 qui

1888 4467 2159 4522 adessent.
2214 4466 2428 4538 Legati,
2486 4469 2771 4538 inquiunt,
2823 4487 3012 4528 sumus
3069 4471 3272 4528 Nicolai
3311 4492 3466 4546 papa:

209 4582 322 4635 μοι,
354 4564 780 4634 προσηγόρευσα
802 4579 817 4597 ο
868 4562 959 4626 οὓς
986 4563 1081 4616 καὶ
1118 4564 1331 4633 ἠρόμην
1363 4563 1462 4633 τὴν
1496 4564 1786 4633 ἐπιδημίας

1893 4558 2160 4621 Romani,
2211 4576 2407 4614 causa:
2448 4569 2553 4615 tute
2611 4565 3007 4632 cognoscenda:
3053 4566 3223 4634 gratia
3284 4567 3458 4622 missi.

204 4658 303 4726 τῆς
338 4656 493 4724 σφῶν
514 4656 711 4708 αἰτίαν.
751 4656 812 4707 Οἱ
844 4655 899 4707 δὲ
951 4652 1136 4707 εἷπον⁹
1179 4655 1561 4725 Τοποτηρηταί
1619 4658 1785 4726 ἐσμεν

206 4749 479 4802 Νικολάου
510 4749 665 4801 πὰπα
703 4747 941 4818 Ῥώμης,
962 4748 1058 4800 καὶ
1085 4747 1476 4816 ἀπεστάλημεν
1507 4751 1690 4818 κρῖναι
1718 4748 1785 4802 τὰ

206 4842 348 4894 κατὰ
380 4840 462 4893 σέ.
504 4839 671 4893 Πάλιν
701 4840 935 4909 ἠρόμην,
980 4840 1029 4891 εί
1057 4841 1291 4908 γράμμα
1336 4854 1424 4906 μοι
1455 4838 1783 4907 κεκομίκασι

204 4934 306 5001 τῆς
338 4922 650 5000 ἁγιωσύνης
704 4949 819 4985 σου.
868 4933 929 4983 Οί
961 4930 1018 4983 δὲ
1066 4927 1242 4995 εἶπον,
1286 4929 1360 5000 μὴ
1400 4928 1564 4998 ἔχειν,
1612 4930 1700 4981 διὰ
1730 4932 1787 4980 τ’.

210 5025 346 5095 μηδὲ
382 5022 522 5092 πρὸς
550 5024 896 5093 πατριάρχην
923 5021 1194 5092 ἔρχεσθαι,
1237 5021 1374 5074 ἀλλὰ
1403 5021 1538 5090 πρὸς
1563 5021 1651 5072 τὸν
1685 5020 1789 5071 ὑπὸ

205 5116 305 5184 τῆς
359 5114 571 5175 οἰκείας
623 5113 839 5166 συνόδου
896 5111 1311 5182 καθαιρεθέντα,
1365 5112 1482 5175 καὶ,
1539 5110 1785 5177 ’Έτοιμοί

206 5209 375 5276 ἐσμεν
407 5205 478 5259 τι
538 5205 681 5258 κατά
714 5205 941 5267 κανόνας
992 5204 1364 5275 πράττειν.-
1386 5200 1615 5263 Οὐκοῦν,
1649 5202 1786 5271 ἔφην

208 5300 343 5366 ἐγὼ,
381 5298 645 5367 πρότερον
675 5298 739 5348 ὲκ
771 5296 938 5366 μέσου
968 5297 1059 5349 τὸν
1093 5294 1281 5365 μοιχὸν
1311 5295 1573 5365 ποιήσατε
1600 5309 1613 5321 ·
1647 5295 1694 5345 εἰ
1728 5293 1785 5345 δὲ

210 5393 287 5460 μὴ
342 5390 505 5442 τοῦτο
555 5387 801 5453 δύνασθε,
855 5388 977 5441 οὐδὲ
1031 5386 1212 5457 κριταί
1246 5388 1386 5439 ἐστε.
1453 5386 1677 5437 Ἐκεῖνοι
1729 5386 1785 5437 δὲ

205 5482 413 5549 ἀντέφη
426 5497 521 5531 σαν
550 5480 739 5543 πάλιν,
767 5478 1034 5542 δείξαντες
1066 5481 1133 5549 τῇ
1165 5478 1307 5548 χειρὶ
1337 5479 1428 5531 τὸν
1457 5475 1781 5547 κρατοῦντα·

209 5553 367 5625 σῦτω
399 5570 544 5624 θέλει
572 5572 797 5632 ἐκεῖνος.
846 5570 967 5622 Ἐπὶ
1016 5570 1224 5632 τούτοις
1265 5568 1400 5637 πρὸς
1442 5570 1784 5639 παράκλησιν

210 5665 516 5733 μετέπεσον
566 5663 616 5715 οί
660 5664 789 5733 περὶ
837 5662 1206 5733 τὸνβασιλέα,
1257 5663 1351 5715 καὶ
1399 5663 1497 5731 τὴν
1524 5663 1786 5726 ἀπόταξιν

207 5755 453 5824 ἐξῄτουν,
490 5754 623 5806 ποτὲ
657 5754 755 5821 μὲν
784 5752 1199 5823 παραινοῦντες,
1238 5754 1369 5805 ποτὲ
1414 5753 1469 5805 δὲ
1501 5753 1593 5805 καὶ
1624 5756 1784 5805 ἀπει-

206 5845 425 5909 λοῦντες
449 5862 461 5875 ’
495 5845 606 5899 ἀλλ’
631 5846 727 5897 οὐκ
759 5843 972 5898 ἔπειθόν
1007 5861 1094 5899 με.
1134 5843 1223 5896 Διὸ
1243 5846 1332 5897 καὶ
1364 5843 1495 5915 πρὸς
1527 5845 1649 5907 τοὺς
1678 5860 1783 5915 μη-

1891 4650 2160 4716 Qurereuti
2197 4666 2450 4715 rursum,
2495 4667 2562 4705 an
2604 4668 2632 4706 a
2667 4655 2952 4708 sanctitate
2999 4665 3088 4709 tua
3134 4657 3343 4712 litteras
3391 4660 3461 4713 ad

1888 4758 1973 4796 tne
2012 4744 2293 4808 haberent,
2345 4744 2762 4812 responderunt,
2826 4747 3003 4800 nullas
3036 4763 3096 4801 se
3129 4749 3362 4815 habere;
3396 4767 3462 4805 eo

1886 4837 2048 4904 quod,
2087 4836 2334 4898 aiebant,
2388 4852 2493 4890 non
2542 4837 2606 4889 ad
2657 4837 3043 4905 patriarcham,
3091 4840 3182 4895 sed
3226 4841 3291 4895 ad
3336 4858 3460 4896 cum

1884 4930 1974 4997 qui
2002 4930 2050 4981 in
2079 4928 2395 4997 provinciali
2427 4928 2659 4983 concilio
2709 4945 2811 4984 suo
2849 4930 3140 4985 damnatus
3167 4942 3332 4999 esset,
3364 4950 3457 4989 ve-

1887 5018 2150 5081 niremus,
2198 5020 2369 5089 parati
2416 5020 2597 5072 omnia
2643 5036 2709 5073 ex
2749 5036 3019 5075 canonum
3061 5025 3295 5090 decretis
3328 5026 3460 5080 dcti-

1887 5110 2021 5164 nire.
2070 5108 2234 5180 Ergo,
2281 5112 2523 5180 ituiuaut,
2580 5112 2730 5179 prius
2778 5114 3083 5168 adulterqu
3135 5127 3454 5173 removete:

1886 5201 2029 5270 quod
2058 5202 2101 5254 si
2127 5202 2302 5255 facere
2333 5218 2438 5255 non
2477 5205 2726 5272 petestis,
2763 5221 2830 5258 ne
2870 5206 3081 5271 judices
3138 5207 3358 5277 quidem
3396 5224 3458 5264 e-

1887 5294 2006 5347 stis.
2035 5293 2135 5357 Qui
2177 5311 2341 5347 manu
2392 5296 2773 5364 imperatorem
2809 5298 3153 5353 indicantes:
3188 5300 3260 5354 Ita
3292 5302 3461 5371 impe-

1890 5398 1993 5449 rat,
2029 5387 2303 5455 inquiunt,
2340 5388 2446 5442 ille.
2480 5389 2683 5443 Deinde
2718 5391 2939 5458 palatini
2984 5392 3050 5445 ad
3091 5406 3177 5446 tne
3211 5396 3461 5449 conversi

1889 5478 2198 5542 hortantur,
2226 5479 2559 5548 exiguutque
2607 5496 2749 5533 nunc
2786 5482 3142 5547 consulendo,
3181 5499 3324 5538 nunc
3353 5485 3459 5537 mi-

1890 5568 2135 5634 nitando,
2165 5571 2563 5625 abdicationem
2598 5590 2609 5625 :
2646 5574 2737 5626 sed
2777 5574 3002 5628 frustra.
3053 5575 3196 5643 Ergo
3224 5576 3289 5629 ad
3343 5592 3462 5631 me-

1891 5663 2245 5730 tropolitanos
2271 5664 2435 5729 versi,
2464 5665 2602 5719 alios
2631 5666 2751 5718 aliis
2780 5666 3072 5720 calumniis
3110 5678 3166 5720 et
3192 5669 3459 5721 crimina-

1889 5754 2134 5808 tionibus
2154 5755 2515 5817 insectantur,
2530 5772 2629 5808 cur
2655 5755 2882 5818 scilicet,
2903 5756 3114 5825 quijatn
3134 5757 3459 5825 depositioui

1888 5864 2023 5903 mea:
2041 5851 2591 5919 ιιυιιξιιιιιιιειιυειιοιιι,
2617 5864 2759 5903 nunc
2782 5848 2959 5904 demto
2989 5865 3074 5904 tne
3095 5851 3455 5921 patriareham
