4168 6450
699 357 804 419 859

1879 372 2328 433 TlIEOGNOST
2336 372 2360 431 Ι
2393 372 2734 433 MONACIII

3859 380 3968 440 860

701 476 995 543 peterent?
1031 474 1240 540 Quibus
1268 478 1632 546 metropolitae
1665 497 1679 534 :
1717 481 1962 549 Duobus,
1994 484 2269 554 inquiunt,

2391 484 2710 553 τροπολίτας
2745 486 3105 557 ἐτράπησαν,
3137 487 3329 550 ἄλλους
3378 488 3550 550 ἄλλως
3593 489 3970 556 διαϐάλλοντες

703 565 868 620 malis
896 566 1214 636 propositis,
1251 567 1329 622 ira
1369 585 1561 638 nempe
1595 573 1964 641 imperatoris,
1999 591 2064 628 ac
2093 577 2277 644 populi

702 655 988 718 seditione,
1025 657 1207 710 minus
1230 659 1441 712 scilicet
1471 659 1758 728 elegimus.
1798 664 1866 716 At
1900 679 2020 728 vos,
2055 664 2278 732 palatini

704 761 980 816 proceres,
1002 749 1210 802 reddite
1229 766 1372 803 nunc.
1398 751 1721 820 patriarchae
1747 764 1933 807 nostro
1963 756 2279 825 dignitatem

705 856 880 902 suam,
907 841 1050 892 etde
1081 841 1238 895 nobis
1275 842 1406 894 nihil
1439 842 1705 900 lahorate.
1741 844 1839 900 llic
1877 863 2098 902 rursum
2133 850 2282 918 regia

707 934 872 985 l'actio
899 949 984 986 me
1015 932 1263 1001 impellit,
1296 934 1372 987 uti
1407 949 1526 988 utea
1561 933 1755 1004 sponte
1793 952 1877 991 me
1901 939 2079 1006 palam
2114 942 2283 1006 patri-

703 1024 930 1076 archatn
968 1025 1237 1088 abdicem,
1283 1035 1449 1093 atque
1481 1027 1554 1080 ita
1596 1044 1823 1081 securus
1855 1031 2069 1083 adulter
2097 1029 2282 1084 Eccle-

704 1117 840 1168 siam
874 1127 1078 1170 teneat.
1112 1117 1416 1174 Recusante
1445 1135 1698 1181 me,cum
1729 1121 1847 1175 dies
1871 1122 2117 1177 abiisset.
2147 1136 2284 1174 con-

705 1221 901 1263 ventus
969 1218 1053 1262 est
1105 1210 1389 1264 dimissus.
1445 1209 1588 1264 Idem
1657 1222 1845 1279 postea
1903 1228 2028 1267 eum
2091 1213 2286 1280 smpius

706 1300 906 1351 frustra
961 1308 1281 1364 tentasscnt,
1321 1303 1386 1354 ad
1440 1303 1576 1356 alias
1633 1313 1784 1357 artes
1815 1319 1875 1357 se
1935 1315 2283 1368 conuertunt,

705 1406 983 1458 supraque
1041 1394 1357 1447 nominatos
1402 1394 1647 1460 judienm
1735 1394 2021 1448 ministros
2100 1395 2164 1447 ad
2203 1409 2287 1448 me

704 1485 978 1553 ablegant,
1022 1496 1185 1554 atque
1215 1486 1279 1539 ad
1307 1487 1734 1541 conciliabulum
1762 1488 1953 1542 citant.
1994 1488 2103 1558 Ego
2135 1505 2284 1549 vero,

707 1575 958 1643 inquam,
1013 1593 1120 1630 non
1174 1593 1488 1646 compareo,
1523 1595 1699 1646 neque
1733 1579 1892 1633 vid-co
1932 1595 2030 1633 vos
2075 1581 2286 1649 judiecs

706 1669 1002 1736 quidquam
1035 1685 1097 1722 ex
1145 1671 1463 1738 prmacripto
1507 1670 1764 1726 Ecclesia:
1801 1681 2042 1738 agentes.
2095 1671 2289 1725 Photio

705 1770 940 1829 tyranno
963 1777 1068 1814 non
1104 1762 1302 1830 ejecto.
1327 1765 1392 1815 ad
1418 1764 1577 1828 cuius
1600 1763 1761 1817 etiam
1790 1779 2032 1818 mensam
2066 1779 2288 1818 accum-

2383 577 2478 628 καὶ
2511 575 2846 647 αἰτιώμενοι,
2872 580 2955 632 ὅτι
2987 580 3084 648 τὴν
3129 578 3390 643 ἁπόταξιν
3419 580 3517 650 τὴν
3549 580 3684 652 ἐμὴν
3709 582 3848 651 τάχα
3875 587 3944 638 αὖ

2381 669 2464 717 τοι
2495 667 2710 737 ἔφερον,
2741 669 2840 720 καὶ
2866 669 2984 733 πῶς
3007 669 3168 722 πάλιν
3201 668 3427 738 ζητοῦσι
3459 687 3525 740 με
3567 672 3970 744 πατριάρχηνς

2384 760 2529 829 Πρὸς
2567 761 2658 824 οὓς
2690 760 2739 812 οι
2785 763 3182 832 μητροπολίται
3218 764 3494 826 ἀντεῖπον,
3523 762 3607 815 ὅτι
3645 765 3750 817 Δύο
3779 766 3972 818 κακῶν

2384 852 2786 922 προκειμένων,
2824 852 2919 904 τοῦ
2946 871 3007 906 τε
3045 851 3326 924 βασιλικοῦ
3359 853 3558 923 θυμοῦ,
3610 855 3705 906 καὶ
3735 857 3835 925 τῆς
3866 857 3964 910 τοῦ

2385 942 2628 1011 πλήθους
2657 942 3104 1006 ἐπαναστάσεως,
3153 945 3213 996 τὸ
3240 944 3572 1014 κουφότερον
3598 945 3970 1017 ἐξελεξάμεθα

2396 1034 2504 1085 vita
2527 1051 2540 1063 '
2574 1033 2688 1086 ἀλλ’
2743 1035 2927 1105 ὑμεῖς,
2949 1037 2998 1088 oi.
3032 1037 3162 1105 περὶ
3189 1036 3281 1089 τὸν
3328 1035 3575 1105 βασιλέα,
3614 1039 3840 1091 ἀπόδοτε
3871 1039 3968 1092 τὸν

2389 1126 2578 1195 θρόνον
2610 1128 2687 1196 τῷ
2722 1131 3038 1201 πατριάρχῃ
3065 1172 3080 1194 ,
3141 1129 3238 1183 καὶ
3269 1131 3402 1199 περὶ
3453 1131 3610 1201 ἡμῶν
3645 1137 3719 1202 μὴ
3757 1134 3976 1204 φροντί-

2390 1235 2538 1287 σητε.
2595 1219 2727 1272 Ἀλλ’
2755 1222 2814 1272 ἐν
2843 1223 3056 1285 τούτοις
3086 1221 3247 1275 πάλιν
3270 1221 3409 1291 πρὸς
3446 1223 3794 1294 παράκλησιν
3829 1224 3976 1294 ἐχώ-

2393 1329 2519 1379 ρονν
2542 1313 2588 1361 αἱ
2625 1311 2916 1380 βασιλικοὶ,
2948 1313 3228 1376 αἰτοῦντες
3259 1313 3358 1382 ἐμὲ
3385 1314 3646 1386 καθαρῶς
3697 1317 3976 1384 ἀποτάξα-

2393 1400 2539 1463 σθαι,
2574 1402 2668 1454 καὶ
2697 1401 2841 1455 οὕτω
2889 1402 2981 1455 τὸν
3038 1405 3232 1473 μοιχόν
3283 1407 3379 1475 τὴν
3426 1405 3759 1476 Ἐκκλησίαν
3799 1409 3976 1472 ἀδεῶς

2392 1494 2670 1563 κατέχειν.
2709 1495 2793 1556 Ὠς
2822 1493 2868 1547 δ’
2898 1495 2999 1548 ούκ
3043 1496 3366 1568 ἐπειθόμην,
3405 1499 3685 1568 παρῆλθεν
3719 1503 3750 1570 ἠ
3784 1501 3972 1571 ἡμέρα

2394 1585 2600 1652 ἐκείνη.
2642 1586 2765 1638 Ἐπὶ
2799 1585 3014 1650 τούτοις
3065 1587 3282 1658 διελύθη
3318 1590 3379 1641 τὸ
3410 1589 3695 1658 σύστημα·
3747 1591 3810 1643 τὸ
3840 1593 3977 1643 αὐτὸ

2393 1673 2448 1726 δὲ
2484 1675 2578 1727 ἐπί
2634 1676 2833 1739 πολλὰς
2865 1677 3080 1748 ἡμέρας
3111 1678 3350 1733 ἐποίουν.
3390 1680 3475 1742 Ὠς
3525 1680 3580 1732 δὲ
3611 1679 3705 1733 τοῦ
3736 1682 3979 1734 σπουδα-

2397 1764 2628 1833 ζομένου
2654 1765 2953 1836 ἀπέτυχον,
2983 1767 3078 1820 ἐπὶ
3124 1768 3311 1837 ἕτερον
3358 1770 3608 1838 μηχανῆς
3655 1765 3794 1833 εἶδος
3845 1771 3980 1842 τρέ-

704 1853 854 1915 bitis,
893 1862 948 1908 et
974 1855 1132 1921 cujus
1160 1871 1387 1909 munera
1423 1857 1614 1924 procul
1646 1857 1809 1910 etiam
1833 1864 2039 1910 stantes
2073 1856 2283 1925 accepi-

2398 1875 2616 1920 πονται,
2649 1858 2744 1912 καὶ
2768 1860 2895 1923 τοὺς
2931 1861 3343 1932 προρῤηθέντας
3365 1861 3474 1913 τῶν
3502 1863 3706 1932 κριτῶν
3733 1863 3979 1934 λειτουρ-

706 1948 827 2001 stis.
892 1948 971 2001 Ad
1026 1947 1375 2001 lthmdesmm
1438 1948 1582 2000 enim
1643 1949 1832 2001 urbem
1892 1947 2044 2002 vobis
2097 1948 2285 2003 missa:

704 2051 906 2101 vestes,
943 2041 1194 2109 planetaa,
1249 2050 1572 2094 ornamenta
1621 2040 1686 2094 ad
1738 2041 1917 2094 sinum
1973 2040 2280 2106 pendentia.

707 2130 1096 2198 llujuseemodi
1130 2148 1229 2201 ego
1258 2132 1473 2201 judices
1508 2147 1614 2184 non
1646 2147 1886 2202 agnosco
1919 2149 1930 2186 :
1967 2131 2034 2186 ad
2079 2146 2276 2202 papam

707 2240 978 2293 provoco;
1023 2225 1214 2278 lubens
1241 2225 1506 2292 jmlicium
1541 2225 1688 2279 illius
1716 2227 1932 2279 subibo.

2393 1951 2524 2018 γοὺς
2549 1949 2887 2020 πέμψαντες,
2916 1953 2995 2015 είς
3025 1953 3086 2005 τὸ
3112 1954 3388 2022 συνέδριον
3441 1956 3841 2025 προκαλοῦνταί
3872 1975 3973 2027 με.

2407 2042 2549 2108 Ἐγὼ
2570 2043 2626 2096 δέ
2654 2043 2809 2114 ἔφην,
2833 2042 2916 2096 ὅτι
2950 2045 3122 2098 Κάκεῖ
3142 2045 3240 2098 ούκ
3269 2045 3502 2118 ἔρχομαι
3525 2067 3538 2080 ·
3564 2048 3686 2102 ούδέ
3715 2048 3826 2119 γὰρ
3854 2046 3976 2102 οἶδα

2395 2130 2540 2200 ὑμᾶς
2574 2131 2700 2195 τοὺς
2734 2133 2928 2204 κριτὰς
2960 2137 3102 2188 κατᾶ
3162 2134 3371 2206 βαθμὸν
3403 2140 3864 2209 ἐκκλησιαστικόν
3923 2157 3980 2194 τι

2397 2228 2762 2296 πράττοντας,
2795 2228 2917 2280 ἐπεὶ
2965 2229 3087 2282 οὑδὲ
3117 2231 3208 2284 τὸν
3237 2233 3537 2305 ἐπιϐήτορα
3575 2237 3637 2288 ἐκ
3672 2235 3835 2306 μέσου
3876 2252 3980 2288 πε·

706 2321 994 2391 ποιήκατε,
1043 2319 1179 2373 ἁλλά
1227 2321 1426 2391 μᾶλλον
1457 2321 1548 2372 καὶ
1585 2321 1892 2374 συνεσθίετε
1929 2323 2124 2392 τούτῳ,
2179 2323 2274 2376 καὶ
2311 2322 2379 2375 τὰ
2413 2323 2564 2392 δῶρα
2617 2323 2782 2376 αὐτοῦ
2828 2323 3104 2394 μακρίθεν
3147 2325 3427 2391 ἐδέξασθε.
3499 2330 3658 2383 Κατά
3723 2329 3831 2400 γάρ
3872 2329 3980 2398 τὴν

718 2411 1023 2465 ’ίάιδεστὺν
1051 2413 1180 2480 ύμῖν
1227 2412 1364 2464 αύτᾶ
1407 2401 1806 2482 ἀπηντήκασιν,
1846 2415 2041 2484 ίματιὰ
2080 2432 2138 2467 τε
2181 2414 2277 2467 καὶ
2315 2414 2582 2481 φελώνια,
2618 2415 2710 2466 καὶ
2742 2415 3028 2480 ἐγκόλπια.
3059 2415 3238 2486 ’Υμᾶς
3267 2417 3380 2485 ἐγὼ
3441 2422 3637 2490 κριτὰς
3697 2419 3981 2475 τοιούτους

705 2508 764 2558 ού
812 2506 1054 2576 δέχομαι,
1093 2506 1228 2558 ἀλλά
1279 2505 1417 2574 πρὸς
1468 2507 1560 2559 τὸν
1613 2508 1799 2562 πὰπαν
1837 2527 1902 2579 με
1941 2510 2282 2578 ἀπαγάγετε,
2319 2507 2577 2561 κάκεῖθεν
2606 2508 2702 2578 τὴν
2735 2508 2915 2578 κρίσιν
2943 2509 3196 2578 ἀσμένως
3229 2512 3484 2582 δέχομαι.

779 2605 891 2656 llor
922 2605 1062 2657 idem
1104 2607 1194 2676 qui
1216 2623 1428 2662 mecum
1463 2619 1619 2663 erant
1643 2627 1838 2680 magna
1867 2626 1997 2665 voce
2026 2610 2278 2664 clamita—

712 2710 857 2752 runl.
892 2699 1115 2764 Deinde,
1150 2711 1204 2753 ιιι
1229 2701 1389 2756 dicta:
1436 2704 1680 2772 epistulae
1717 2705 2043 2773 legerentur,
2090 2711 2282 2771 postu-

710 2795 960 2854 lavimns,
995 2809 1115 2864 quze
1141 2796 1434 2849 canonicas
1463 2797 1764 2851 [Innocentii
1795 2813 1944 2866 pape
1968 2811 2065 2866 pro
2091 2804 2284 2850 sancto

707 2883 1102 2953 (Ehr‘vsostomo
1134 2888 1446 2940 sanctiones
1469 2887 1844 2948 continebant,
1868 2885 2066 2939 Joanui
2097 2885 2286 2938 conci-

708 2973 839 3026 lium
879 2975 1120 3043 jndicnm
1173 2991 1278 3030 non
1304 2979 1458 3046 prius
1488 2994 1610 3034 esse
1650 2979 2022 3036 subeundum.
2050 2994 2212 3047 quam
2240 2976 2287 3030 is

708 3061 828 3114 loco
856 3079 954 3116 suo
1008 3064 1316 3134 thronoqne
1369 3076 1512 3121 esset
1551 3069 1859 3124 restitutus.
1915 3069 1978 3122 Et
2009 3069 2060 3122 in
2099 3068 2286 3122 Sardi-

706 3154 854 3207 censi
887 3157 1125 3209 concilio
1174 3174 1351 3211 canon
1386 3170 1618 3227 quartus
1651 3180 1664 3212 :
1701 3161 1758 3214 Si
1815 3162 1941 3229 quis
1994 3161 2282 3228 CpiSCOplIS

2461 2605 2631 2659 Τοῦτο
2664 2607 2759 2658 καὶ¹
2794 2606 2843 2657 οἱ
2870 2608 2967 2659 σὺν
2994 2607 3121 2677 ἐμοὶ
3149 2608 3352 2670 πάντες
3374 2608 3687 2680 ἐξεϐόησαν.
3711 2604 3843 2662 Εἶτα
3875 2607 3982 2672 τὰς

2393 2697 2836 2767 προδηλωθείσας
2889 2698 3180 2762 ἐπιστολὰς
3250 2700 3558 2768 ἀναγνῶναι
3626 2703 3985 2771 ἐζητήσαμεν

2393 2792 2610 2854 αύτούς.
2642 2791 2940 2844 Κανονικαὶ
2968 2792 3076 2862 γὰρ
3108 2791 3417 2858 ἀποδείξεις
3447 2793 3504 2846 ἐν
3538 2792 3731 2854 αὐταῖς
3783 2792 3983 2859 ἐνεπέ-

2398 2901 2553 2955 ροντο
2601 2882 2694 2936 τοῦ
2737 2881 3091 2935 ἰννοκεντίου
3137 2885 3298 2936 πάπα
3366 2883 3507 2954 ὑπὲρ
3548 2883 3643 2936 τοῦ
3689 2884 3748 2934 ἐν
3799 2882 3984 2949 ἀγίοις

2393 2979 2438 3030 Χ
2449 2978 2812 3048 ρυσοστόμου,
2845 2977 2928 3029 ὅτι
2956 2977 3031 3030 Οὐ
3051 2977 3403 3047 δεῖΊωάννην
3428 2978 3510 3040 είς
3534 2976 3594 3030 τὸ
3625 2977 3984 3046 δικαστήριον

2393 3067 2677 3130 εἰσελθεῖν,
2697 3067 2832 3138 πρὶν
2864 3067 3029 3122 αὑτὸν
3057 3069 3138 3130 είς
3158 3068 3250 3120 τὸν
3278 3070 3481 3121 οἰκεῖον
3517 3066 3984 3134 ἀποκαταστῆναι

2393 3162 2601 3232 θρόνον,
2637 3161 2745 3213 Καὶ
2801 3162 2899 3229 τῆς
2930 3161 2989 3213 ἐν
3019 3159 3258 3231 Σαρδικῇ
3291 3160 3472 3213 κανὼν
3501 3159 3566 3223 δ’,
3601 3159 3677 3222 ὡς
3727 3158 3853 3212 Ἐάν
3891 3175 3983 3220 τις

709 3244 872 3298 inerit
903 3247 1206 3316 depositus,
1249 3251 1504 3319 dicatque
1535 3267 1592 3306 se
1627 3253 1826 3307 habere
1872 3252 2283 3317 defensionem;

2392 3253 2693 3316 ἐπίσκοπος
2719 3251 3045 3323 καθαιρεθῇ,
3093 3253 3190 3306 καὶ
3242 3253 3376 3323 λέγῃ
3408 3253 3568 3306 πάλιν
3598 3251 3741 3321 ἔχειν
3772 3250 3981 3304 ἀπολο-

711 3353 819 3391 non
859 3341 1010 3408 prius
1031 3343 1327 3396 suifiriatur
1356 3345 1407 3396 in
1439 3345 1559 3411 ejus
1593 3345 1772 3398 locum
1827 3345 1992 3407 alius,
2028 3360 2192 3412 quam
2220 3346 2287 3399 de

707 3446 773 3482 eo
804 3429 1060 3486 [tertianae
1092 3433 1346 3487 Ecclesiae
1375 3437 1614 3504 pontifex
1647 3437 1924 3490 decernat.
1958 3435 2082 3491 "me
2099 3445 2153 3490 et
2180 3438 2285 3491 alia

711 3523 763 3576 id
795 3539 967 3592 genus
1005 3525 1175 3579 multa
1228 3528 1334 3580 illis
1383 3528 1631 3596 epistolis
1677 3529 2119 3592 continebantur,
2165 3546 2288 3598 qua:

711 3617 786 3668 uti
817 3632 1030 3684 qnmras
1081 3618 1358 3689 legasque,
1389 3631 1462 3682 te,
1497 3618 1721 3673 Patrum
1759 3629 1812 3674 et
1851 3620 2157 3675 antistitum
2196 3638 2284 3674 rc-

709 3709 1122 3774 verendissime,
1159 3709 1502 3782 h‘atrmnque
1552 3713 1951 3775 amantissime,
2004 3711 2284 3782 rogamus.

707 3799 844 3854 Cum
876 3818 1003 3855 vero
1033 3803 1396 3857 nihilominus
1455 3805 1637 3857 adhuc
1668 3819 1766 3858 nos
1799 3813 2082 3872 urgerent,
2115 3806 2190 3858 uti
2218 3806 2286 3860 ad

708 3910 768 3947 se
794 3893 1126 3960 veniremus,
1187 3895 1258 3948 ita
1299 3895 1480 3948 testati
1519 3911 1754 3950 sumus:
1797 3894 1866 3948 Ut
1904 3907 2148 3965 apparet,
2187 3895 2288 3949 Pa-

707 3995 818 4040 tres
846 3988 974 4052 mci,
1009 4002 1185 4056 nequc
1225 4003 1464 4042 canones
1499 3988 1726 4056 legistis,
1781 4004 1956 4056 neque
2001 3988 2284 4042 decretum

704 4078 1140 4131 ecclesiasticum
1170 4077 1364 4131 nostis.
1398 4075 1504 4130 Lex
1535 4078 1678 4131 enim
1712 4087 1795 4130 est
1837 4078 1972 4141 lucc,
2003 4085 2062 4131 nt
2087 4079 2288 4133 citatus

708 4186 738 4223 a
773 4171 982 4240 synodo
1013 4169 1324 4238 episc0pus,
1357 4186 1452 4237 per
1482 4169 1623 4224 duos
1677 4170 1966 4238 cpiscopus
2035 4179 2282 4233 vocetur,

709 4273 764 4314 ct
798 4264 900 4316 hoc
957 4263 1159 4316 iterum
1213 4279 1277 4316 ae
1305 4264 1488 4315 tertio.
1531 4259 1636 4316 Vos
1671 4272 1853 4314 autem
1911 4261 2166 4331 pet-duos
2200 4277 2287 4315 me

711 4355 1019 4416 accersitis,
1065 4354 1360 4406 diaconum
1393 4354 1648 4420 alterum,
1681 4355 1912 4409 alterum
1957 4356 2179 4408 laietnn.
2225 4353 2290 4407 Et

713 4463 814 4499 nos
839 4447 1062 4515 quidem
1088 4447 1203 4499 lucc
1235 4447 1658 4500 cxcusabamus.
1685 4444 1766 4500 llli
1807 4463 1936 4501 vero
1965 4457 2128 4502 testes
2153 4462 2284 4516 pro-

2391 3345 2540 3413 γίαν,
2591 3344 2669 3414 μὴ
2725 3346 2995 3415 πρότερον
3029 3343 3110 3405 είς
3140 3343 3239 3414 τὴν
3280 3343 3555 3412 καθέδραν
3585 3340 3753 3394 αὑτοῦ
3785 3341 3984 3410 ἕτερον

2392 3437 2872 3506 ἁντικαταστῆναι,
2898 3436 3027 3504 πρὶν
3056 3434 3122 3488 ἂν
3148 3433 3241 3487 τὸν
3265 3433 3364 3503 τῆς
3405 3433 3696 3502 Ῥωμαίων
3741 3431 3981 3499 Ἐκκληο

2393 3529 2514 3587 σίας
2556 3527 2856 3580 ἐπίσκοπον
2901 3528 3029 3598 ὅρον
3061 3525 3192 3596 περὶ
3235 3525 3428 3578 τούτου
3481 3523 3814 3591 ἐξενεγκεῖν.
3867 3522 3984 3575 Καὶ

2391 3619 2558 3689 ἕτερα
2584 3619 2640 3672 δὲ
2670 3619 2839 3672 πολλὰ
2868 3617 3096 3673 τοιαῦτα
3144 3618 3267 3680 ταῖς
3320 3616 3630 3678 ἐπιστολαῖς
3676 3613 3983 3684 ἐνεγέγρα-

2395 3729 2523 3773 πτο,
2554 3712 2589 3765 ἀ
2620 3713 2712 3764 καὶ
2762 3710 2997 3779 ζητῆσαί
3058 3727 3118 3763 σε
3151 3709 3533 3779 δυσωποῦμεν,
3583 3707 3844 3778 Πατέρων
3879 3707 3982 3760 καὶ

2393 3805 2677 3874 προέδρων
2733 3801 3132 3872 αἰδεσιμώτατε
3197 3800 3295 3854 καὶ
3354 3799 3816 3869 φιλαδελφότατε,
3880 3798 3984 3851 καὶ

2393 3895 2720 3962 ἀναγνῶναι.
2761 3894 2913 3948 Ἐπεὶ
2945 3893 3002 3947 δὲ
3032 3894 3126 3947 καὶ
3152 3892 3234 3946 ἔτι
3267 3893 3538 3947 ἐνέκειντο
3567 3889 3865 3960 ζητοῦντες
3888 3890 3983 3944 ἐλ-

2396 3987 2509 4040 θεῖν
2543 3988 2690 4056 inti;
2715 3985 2853 4056 πρὸς
2878 3985 3098 4048 αὐτοὺς,
3123 3985 3216 4036 καὶ
3245 3982 3451 4054 ταύτην
3477 3981 3858 4051 πεποιήκαμεν
3875 3978 3982 4049 τὴν

2393 4079 2724 4148 ἀπολογίαν
2779 4079 2863 4140 Ὠς
2893 4078 3060 4141 ἔοικε,
3113 4075 3359 4144 Πατέρες
3397 4092 3521 4144 μου,
3560 4073 3684 4126 οὔτε
3737 4072 3981 4135 κανόνας

2394 4174 2690 4241 ἀνέγνωτε,
2723 4171 2848 4224 οὔτε
2883 4173 3008 4241 ὅρον
3062 4167 3526 4238 ἐκκλησιαστικὸν
3573 4167 3774 4219 οῖδατε.
3810 4165 3982 4234 Ὅρος

2395 4266 2502 4334 γάρ
2527 4266 2644 4316 ἐστι
2677 4263 2917 4322 τοιοῦτος
2937 4278 2953 4292 ο
2978 4262 3096 4314 Ἰνα
3123 4261 3152 4311 ό
3175 4259 3510 4328 καλούμενος
3543 4258 3846 4320 ἐπίσκοπος
3867 4257 3982 4309 ἀπὸ

2395 4356 2641 4420 συνόδου,
2669 4355 2756 4406 διὰ
2783 4352 2880 4406 δύο
2925 4353 3244 4404 ἐπισκόπων
3270 4349 3526 4418 καλῆται,
3572 4349 3666 4401 καὶ
3699 4347 3858 4400 τοῦτο
3890 4347 3983 4414 γί-

2392 4465 2552 4517 νηται
2578 4447 2658 4508 δὶς
2685 4446 2780 4498 καὶ
2803 4445 2942 4514 τρίς.
2987 4443 3177 4513 Ὑμεῖς
3206 4442 3262 4494 δὲ
3296 4441 3407 4494 ἀπὸ
3439 4440 3558 4503 δύο,
3581 4439 3833 4492 διακόνου
3876 4441 3980 4492 καὶ

711 4536 938 4598 duxere,
983 4537 1079 4603 qui
1113 4536 1357 4589 dicerent
1424 4551 1482 4589 se
1523 4545 1744 4604 paratos
1773 4551 1896 4590 esse
1926 4535 2283 4606 jurejurando

2395 4538 2610 4601 λαῖκοῦ,
2643 4538 2789 4607 ἡμᾶς
2823 4532 3243 4605 προσκαλεῖσθε.
3276 4532 3385 4584 Καὶ
3416 4532 3578 4600 ἡμεῖς
3617 4529 3720 4599 μέν
3750 4529 3983 4583 τοιαῦτα

708 4628 1034 4678 continuare
1090 4643 1173 4679 me
1203 4642 1308 4679 non
1347 4626 1444 4679 rite
1479 4637 1531 4680 et
1556 4627 1670 4698 lege
1709 4638 1954 4683 creatum
1996 4645 2284 4684 consecra-

708 4729 931 4786 tnmque
959 4734 1099 4773 esse.
1131 4717 1230 4772 llic
1258 4734 1358 4788 ego
1393 4736 1407 4772 ι
1438 4718 1541 4784 Qui
1583 4729 1732 4784 sttnt,
1766 4721 2010 4790 inquam,
2035 4721 2288 4791 illi?quis

712 4809 820 4863 illis
857 4811 1088 4865 credat?
1129 4811 1262 4877 Quis
1296 4827 1427 4866 vero
1458 4827 1634 4866 canon
1670 4813 1933 4878 decernit,
1965 4822 2025 4867 ut
2050 4814 2285 4883 impera-

713 4914 798 4956 tor
834 4914 1000 4958 tcstes
1061 4907 1374 4975 producat?
1414 4907 1580 4978 Ergo,
1618 4907 1663 4962 si
1693 4923 1793 4978 ego
1840 4909 2287 4979 archiepiscopus

711 5009 816 5046 non
854 5012 999 5061 sum,
1035 5011 1102 5050 ne
1143 5006 1197 5050 tu
1236 4998 1455 5066 quidem
1483 5000 1783 5068 imperator
1850 5015 1930 5065 es,
1978 5017 2152 5065 neque
2193 5001 2284 5055 isti

707 5085 976 5154 episcopi,
1016 5087 1108 5142 sed
1149 5104 1328 5158 neque
1363 5091 1653 5154 mini-bus;
1687 5107 1882 5146 omnes
1914 5093 2057 5147 enim
2081 5110 2176 5146 vos
2203 5095 2284 5146 in-

705 5176 886 5246 dignis
911 5180 1159 5234 manibus
1203 5183 1338 5235 meis
1369 5183 1726 5251 precibusque
1762 5184 1895 5238 estis
1955 5187 2284 5240 consecrati.

707 5266 764 5322 Si
786 5270 1001 5323 adulter
1024 5272 1327 5325 membrum
1353 5285 1500 5327 esset
1530 5273 1810 5337 Ecclesia),
1834 5275 1916 5329 vel
1948 5291 2064 5330 mea
2092 5288 2285 5345 sponte

707 5375 879 5414 auum
893 5378 1002 5415 rem
1030 5381 1042 5415 :
1073 5378 1216 5417 nunc
1245 5380 1370 5418 vero
1413 5367 1652 5419 alit-num
1698 5367 1978 5436 quomodo
2009 5379 2279 5438 pastorem

710 5456 893 5508 ovium
930 5456 1134 5510 Christi
1165 5459 1501 5511 constituam
1539 5459 1562 5512 ?
1610 5459 1778 5514 Multa
1825 5461 1951 5514 huic.
1984 5463 2279 5517 adversan-

708 5554 820 5598 tur.
854 5546 1118 5610 Primum,
1141 5565 1204 5602 ex
1239 5550 1305 5604 iis
1336 5551 1482 5619 quod
1505 5551 1598 5616 sit,
1631 5551 1728 5620 qui
1763 5553 1832 5607 ab
1861 5553 2103 5608 Ecclesia
2126 5559 2280 5609 dam-

707 5637 843 5699 nati,
875 5648 926 5691 et.
951 5644 1298 5693 anathemate
1327 5642 1540 5709 praecisi
1590 5661 1603 5697 :
1643 5644 1736 5712 qui
1773 5644 1996 5713 quidem
2029 5645 2080 5698 id
2112 5661 2219 5700 non
2246 5661 2276 5700 a

709 5729 866 5784 nolis
896 5729 1161 5785 duntaxat
1194 5733 1339 5800 paSsi
1377 5741 1526 5794 sunt,
1564 5743 1617 5788 et
1642 5733 1766 5788 aliis
1796 5751 2015 5804 quojne
2039 5737 2274 5804 patriar-

704 5821 844 5887 chis,
878 5823 969 5877 sed
999 5831 1052 5878 ct
1089 5823 1157 5878 ab
1209 5823 1325 5894 ipsa
1361 5836 1537 5881 vestra
1569 5836 1858 5896 potestate,
1893 5843 2016 5882 cum
2047 5828 2152 5883 illis
2182 5845 2276 5899 per

2395 4629 2836 4698 ἀπολογούμεθα.
2855 4628 3086 4680 Ἐκεῖνοι
3109 4625 3162 4678 δὲ
3191 4623 3521 4693 παρήγαγον
3548 4622 3833 4692 μάρτυρας
3850 4624 3982 4686 τοὺς

2392 4725 2670 4792 λέγοντας,
2701 4721 2953 4791 ἐτοίμους
2989 4714 3128 4772 εἶναι
3158 4717 3382 4788 ὀμόσαι,
3409 4716 3487 4778 ὡς
3514 4714 3829 4785 ἀψήφιστος
3851 4733 3984 4785 προ-

2391 4817 2630 4886 εϐλήθην
2665 4815 2758 4868 καὶ
2791 4811 3229 4884 ἐχεῳοτονὴθην.
3269 4810 3414 4881 Πρὸς
3471 4811 3609 4879 ὅπερ
3664 4807 3778 4878 ἐγὼ
3813 4808 3984 4862 πάλιν

2390 4911 2675 4964 ἀντεῖπον·
2705 4907 2864 4970 Τίνες
2909 4898 3094 4970 οὗτος
3148 4903 3244 4957 καὶ
3278 4903 3363 4965 τίς
3415 4901 3702 4954 πιστεύσει
3753 4900 3980 4965 αὐτοῖς,

2392 5004 2540 5063 ποῖος
2569 4999 2626 5052 δὲ
2654 4997 2835 5052 κανὼν
2863 4988 3324 5068 παρακελεύεται,
3387 4993 3674 5065 μάρτυρας
3703 4991 3799 5045 τὸν
3839 5009 3980 5060 κρα-

2385 5094 2583 5147 τοῦντα
2611 5092 2914 5161 παράγειν;
2936 5089 3147 5144 Οὐκοῦν
3172 5088 3220 5140 εί
3247 5087 3360 5156 ἐγὼ
3387 5087 3488 5140 οὐκ
3515 5083 3633 5154 εἰμὶ
3657 5083 3979 5154 ἀρχιερεὺς,

2383 5186 2506 5238 οὐδὲ
2533 5185 2596 5238 σὺ
2647 5184 2923 5253 βασιλεὺς,
2958 5182 3068 5236 οὐδ’
3099 5177 3248 5235 οὗτοι
3283 5180 3604 5243 ἐπίσκοποι,
3639 5177 3754 5231 ἀλλ’
3780 5177 3910 5230 οὐδὲ
3949 5179 3980 5231 6

2390 5284 2600 5350 μοιχός.
2628 5281 2836 5342 Πάντες
2871 5279 2980 5347 γὰρ
3017 5279 3174 5347 ὑμεῖς
3214 5276 3325 5329 τῶν
3357 5275 3597 5341 ἀναξίων
3630 5291 3734 5342 μου
3767 5274 3978 5343 χειρῶν

2385 5373 2481 5426 καὶ
2509 5373 2686 5442 εύχιῖιν
2741 5372 2865 5424 ἐστε
2917 5370 3289 5436 ἀποτέλεσμα.
3319 5368 3383 5420 ΕΞ
3409 5368 3473 5418 ἐκ
3509 5366 3606 5433 τῆς
3643 5364 3976 5432 Ἐκκλησίας

2383 5458 2452 5532 ἦν
2481 5463 2510 5515 ὁ
2536 5461 2744 5531 μοιχὸς,
2787 5460 3079 5513 συνένευσα
3136 5457 3204 5510 ἂν
3232 5458 3328 5510 καὶ
3370 5454 3512 5508 ἑκὼν
3556 5453 3739 5520 αὐτῷ*
3793 5453 3975 5508 νῦνδὲ

2387 5554 2672 5625 ἀλλότριον
2691 5552 2810 5614 πῶς
2835 5552 3166 5620 καταστήσω
3198 5549 3434 5618 ποιμένα
3468 5548 3578 5600 τῶν
3601 5547 3697 5600 τοῦ
3731 5545 3975 5617 Χριστοῦ

2383 5649 2711 5718 προϐάτων;
2758 5647 2932 5699 Πολλά
2957 5646 3134 5715 τούτῳ
3179 5644 3245 5696 τά
3281 5641 3504 5694 ἐναντία
3536 5641 3875 5712 πρόσεστιν·
3917 5641 3978 5694 ἐν

2386 5742 2506 5810 μὲν,
2536 5740 2618 5792 ὅτι
2647 5741 2710 5792 ἐκ
2736 5740 2844 5791 τὼν
2892 5737 3277 5804 ἀκοινωνήτων
3307 5735 3400 5788 καὶ
3438 5731 3974 5802 ἀναθεματισμένων

2510 5852 2521 5870 \

2385 5832 2558 5886 ἐστίν.
2597 5833 2670 5885 Οὐ
2707 5832 2868 5901 μόνον
2891 5831 2948 5884 δὲ
2988 5829 3114 5901 παρ’
3147 5828 3303 5900 ἡμῶν
3331 5826 3491 5881 τοῦτο
3533 5825 3842 5880 πεπόνθασι
3880 5827 3974 5878 καὶ
