4168 6450
196 424 301 487 861'

1151 427 1520 489 LIBELLUS
1551 430 1653 488 AD
1692 429 2076 493 NICOLAUM
2109 435 2131 493 Ι
2165 434 2428 498 ΡΑΡΛΜ.

3335 443 3449 509 8θί

190 538 300 589 τῶν
333 536 535 589 λοιπῶν
566 536 791 607 θρόνιιιν,
844 536 979 589 ἀλλὰ
1012 536 1103 588 καὶ
1160 537 1310 607 παρὰ
1363 539 1462 607 τῆς
1495 538 1649 609 ὑμῶν
1678 539 1759 601 ἐξ-

1875 538 2141 595 nefarium
2177 544 2504 599 Zachariam
2554 547 2897 603 ittterdicltnn
2928 560 3094 616 esscf,
3155 569 3220 607 ne
3267 571 3449 615 sacris

189 628 383 691 ουσίας
407 627 821 697 ἐπιτιμηθέντες
849 628 936 680 διὰ
973 625 1067 679 τοῦ
1100 628 1306 695 φαύλου
1353 629 1643 701 Ζαχαρίου,
1686 629 1760 700 μὴ

188 721 336 789 ἔχειν
368 720 566 781 αὐτοὺς
599 718 852 783 ἐξουσίαν
898 719 1304 791 λειτουργῆσαι,
1345 722 1378 792 ἢ
1409 721 1759 791 κοινωνῆσαι,

189 815 648 884 ἢχειροτονῆσαι,
696 813 1006 867 τούναντίον
1055 812 1199 867 ἆπαν
1248 814 1583 884 πεποιήκασι
1631 815 1761 885 πρὶν

186 907 419 976 λυθῆναι
454 905 672 970 αύτούς.
705 906 934 975 Ἕτερον
981 904 1058 971 δὲ,
1121 903 1399 974 ταξεώτης
1444 901 1512 976 ἦν
1556 905 1655 958 καὶ
1699 908 1764 959 ἐκ

185 996 383 1049 λαῖκοῦ
412 997 714 1066 τάγματος,
751 997 845 1047 καὶ
879 996 1009 1066 πρὶν
1041 995 1296 1063 γενέσθαι
1330 995 1623 1065 πρόϐατον,
1643 1013 1761 1048 ποι-

190 1092 300 1159 μὴν
336 1091 725 1160 ἐχρημάτισεν.
752 1089 872 1141 Ἔτι
900 1105 964 1156 γε
997 1087 1122 1158 μὴν,
1150 1088 1233 1140 ὅτι
1272 1089 1365 1140 καὶ
1392 1087 1539 1157 παρά
1568 1088 1763 1141 ἀναθε-

189 1182 547 1251 ματισθέντος
572 1183 668 1234 καὶ⁵
701 1182 1115 1253 καθαιρεθέντος
1164 1180 1562 1252 ἐχειροτονήθη.
1604 1183 1764 1235 Ἀλλὰ

185 1275 282 1326 καὶ
313 1275 404 1327 ὅτε
432 1274 557 1336 τοὺς
599 1273 1005 1344 μητροπολίτας
1040 1272 1223 1325 ἔπεισε
1268 1270 1540 1323 συνελθεῖν
1592 1272 1762 1340 αὐτῷ,

182 1364 447 1437 ἀπῃτήθή
505 1366 640 1435 παρ’
694 1364 876 1437 αύτών
929 1363 1213 1434 ίδιόχειρον
1274 1365 1403 1432 περὶ
1462 1362 1616 1432 ἐμοῦ,
1668 1362 1763 1413 καὶ

184 1436 771 1527 E191¢evévadtm;.
808 1436 974 1524 μηδὲν
997 1456 1260 1525 πράττειν
1310 1455 1458 1523 παρά
1496 1454 1587 1506 τὸν
1632 1451 1762 1521 ὲμὺν

182 1553 367 1620 λόγον,
399 1553 475 1616 ὡς
507 1550 706 1603 οἰκείου
737 1550 963 1621 πατρός.
1024 1551 1133 1602 Καὶ
1172 1549 1325 1602 οῠπω
1352 1550 1762 1620 τεσσαράκοντα

181 1645 399 1715 ἡμέραι
436 1644 575 1713 μετά
604 1642 702 1712 τὴν
750 1640 1087 1711 χειροτονίαν
1140 1640 1439 1709 παρῆλθον,
1506 1640 1599 1692 καὶ
1631 1639 1763 1693 καθ-

180 1736 358 1807 ᾑρησὲ
386 1753 456 1806 με
485 1734 781 1804 δημοσίοις,
833 1734 925 1786 καὶ
968 1732 1326 1801 ἀνεθεμάτισε
1362 1732 1435 1803 μὴ
1468 1730 1711 1801 παρόντα
1744 1744 1759 1759 ⁸

182 1826 531 1881 κατέθλασαν
560 1824 619 1878 δὲ
654 1824 746 1877 καὶ
776 1825 902 1887 τοὺς
929 1823 1228 1886 δακτύλους
1274 1822 1369 1876 τοῦ
1406 1824 1762 1893 ἀρχιεπισκό-

184 1940 293 1974 που
324 1918 567 1983 Κυζίκου
600 1919 721 1971 κατ’
776 1918 1083 1988 ἐπιτροπὴν
1127 1916 1316 1983 αὑτοῦ,
1365 1918 1457 1970 καὶ
1483 1916 1760 1987 ἥρπασαν,
1795 1903 1837 1957 Β

183 2014 263 2076 ὡς
296 2013 536 2083 ἐνόμισε,
578 2010 639 2064 τὸ
674 2012 788 2063 ἴσον
815 2009 909 2064 τοῦ
940 2008 1223 2080 ίδιοχείρου
1259 2008 1447 2072 αὑτοῦ,
1476 2010 1572 2060 καὶ
1601 2009 1762 2062 αὑτὸν

182 2106 244 2160 δὲ
272 2108 480 2159 ἐκεῖνον
510 2104 793 2175 καθῄρησε
814 2119 828 2133 ·
856 2101 952 2154 καὶ⁵
975 2101 1069 2165 οὓς
1095 2101 1195 2172 μὲν
1218 2100 1407 2156 κακῶς
1432 2101 1761 2171 διέθετο,ὲφ’

181 2191 231 2266 ᾧ
261 2196 510 2267 πατῆσαι
539 2195 598 2247 τὺ
626 2194 763 2265 πρός
814 2210 879 2263 με
913 2193 1316 2263 χειρόγραφον·
1350 2190 1445 2255 οὓς
1474 2193 1531 2246 δὲ
1568 2192 1763 2265 δώροις

183 2287 528 2353 ἐδεξιώσατο.
575 2286 717 2339 Ἀλλ’
746 2287 1065 2355 ὀτύραννος
1103 2284 1239 2352 πρὸς
1294 2284 1468 2337 ταῦτα
1505 2286 1580 2355 μή
1621 2287 1760 2338 ἀπο-

184 2380 419 2453 κριθεὶς,
450 2377 787 2448 ἀντεπέφερε
838 2377 967 2440 τοὺς
1010 2374 1497 2446 προθυμουμένους
1541 2377 1759 2447 ὀμόσαι,

182 2474 269 2528 ὅτι
291 2472 599 2543 ἀψήφιστος
623 2468 968 2541 προεϐλήθην
1007 2469 1102 2521 καὶ
1142 2468 1580 2538 ἐχειροτονήθην.
1619 2466 1762 2535 Ἐγὼ

181 2567 241 2620 δὲ
274 2565 410 2638 πρὸς
438 2565 562 2628 τοὺς
591 2564 866 2634 παρόντας
896 2561 1232 2624 ἐπισκόπους
1260 2560 1539 2630 ἀνέκραξα
1557 2576 1570 2589 '
1596 2561 1762 2627 Δέξα-

186 2659 306 2722 σθε,
340 2656 604 2727 Πατέρες,
640 2656 770 2727 μίαν
800 2652 897 2707 τοῦ
929 2652 1188 2706 ταπεινοῦ
1248 2653 1505 2723 γέροντος
1551 2652 1758 2721 δέησιν,

184 2754 284 2808 καὶ
323 2750 480 2805 δεῦτε
519 2750 655 2822 πρὸς
692 2749 861 2820 ἡμᾶς.
894 2747 1168 2808 Λαὸόντες
1196 2742 1290 2803 οὖν
1319 2762 1387 2816 με
1425 2744 1584 2816 μόνον
1612 2744 1666 2797 οῖ
1699 2760 1760 2797 τε

184 2843 376 2915 κριταὶ
414 2842 509 2896 καὶ
534 2843 583 2894 oi
612 2840 885 2911 τύραννοι,
916 2839 1012 2891 καὶ
1038 2836 1152 2891 τῶν
1196 2836 1398 2889 λοιπῶν
1426 2836 1759 2906 ἀποδιαστῆ-

185 2952 404 2998 σαντες,
437 2933 601 2987 πάλιν
628 2931 985 2999 ὲξελιπάρουν
1027 2946 1095 2998 με
1140 2927 1269 2998 περὶ
1315 2926 1424 2980 τῶν
1453 2926 1757 2996 προτέρων.

194 3030 286 3090 Ὧς
306 3027 352 3079 δ’
383 3026 536 3080 οὐδὲν
557 3025 741 3096 ήνυον,
770 3022 907 3093 πρὸς
932 3020 1163 3083 ἀπειλὰς
1191 3018 1454 3089 ἐχώρουν,
1483 3013 1601 3071 εἶτα
1625 3034 1759 3072 κατ-

182 3108 413 3186 έλειψαν
466 3116 594 3178 τοὺς
640 3112 971 3175 ἐπισκόπους
998 3112 1047 3164 οἱ
1080 3111 1267 3181 δήμιοι
1311 3110 1410 3161 σὺν
1463 3111 1610 3180 ἐμοὶ,
1663 3109 1759 3163 καὶ

1869 643 2242 699 Operarcntnr,
2272 651 2406 688 neve.
2431 638 3037 703 communicarent,ant
3060 642 3231 698 sacris
3252 661 3445 710 quem-

1870 736 2034 789 quam
2067 721 2347 778 initiarent
2387 742 2399 777 :
2438 728 2529 795 qui
2577 737 2755 781 tamen
2794 729 2876 783 his
2921 734 3196 786 contraria
3236 736 3445 802 omnia,

1868 816 2192 885 priusquam
2226 834 2461 872 censura
2495 822 2857 888 solverentur,
2921 824 3257 881 factitarunt.
3292 827 3443 883 Alte-

1870 921 1989 959 rum
2017 917 2119 970 est,
2147 904 2398 961 Phoriutn
2426 909 2694 965 forensem
2728 928 2823 966 seu
2854 913 3139 970 militarem
3159 925 3212 970 ct
3241 915 3443 970 laicum

1870 999 2021 1064 prius
2058 1007 2298 1054 creatum
2334 1002 2467 1070 {esse
2516 1014 2811 1071 pastorem,
2847 1021 3010 1074 quam
3067 1006 3258 1062 fuisset
3301 1010 3440 1065 ovis.

1869 1088 2155 1156 Praeterea,
2182 1093 2428 1147 eumdem
2476 1094 2544 1148 ab
2570 1098 3043 1152 excmnmunicato
3093 1108 3147 1153 et
3183 1110 3442 1155 exaucto-

1870 1194 1989 1237 rato
2021 1194 2434 1238 consecratum.
2480 1186 2622 1253 Quin
2662 1188 2826 1241 etiam
2864 1188 3085 1258 quando
3133 1191 3442 1259 metropoli-

1870 1275 2012 1328 tanis
2066 1276 2347 1344 persuasit
2377 1286 2435 1329 nt
2464 1293 2593 1333 snas
2629 1290 2814 1349 partes
2868 1293 3249 1349 sequerentur,
3296 1281 3443 1335 dedit

1870 1366 2284 1432 postulantibus
2345 1366 2768 1437 chirographum
2823 1368 2889 1423 de
2938 1384 3061 1435 me,
3111 1379 3165 1425 et
3227 1370 3449 1440 juratns

1870 1457 2093 1524 scripsit
2136 1458 2270 1510 nihil
2328 1471 2387 1511 se
2416 1468 2610 1525 praeter
2643 1474 2759 1512 mea
2791 1461 2936 1514 dicta
2983 1462 3148 1515 veluti
3197 1463 3438 1533 germani

1868 1547 2040 1615 patris
2087 1561 2210 1599 esse
2246 1545 2541 1601 facturum.
2602 1547 2711 1604 Nec
2767 1554 2995 1606 omnino
3046 1553 3162 1607 dics
3205 1554 3438 1623 quadra-

1868 1639 2016 1706 ginta
2045 1638 2114 1693 ab
2160 1639 2281 1708 ejus
2310 1642 2728 1711 inanguratione
2760 1643 3047 1708 duxerant,
3078 1660 3203 1698 cum
3232 1646 3321 1700 ille
3354 1662 3440 1700 me

1868 1731 2096 1800 publice
2146 1733 2397 1800 quamvis
2446 1735 2725 1787 absentem
2784 1735 3056 1805 deposuit,
3105 1747 3159 1793 ct
3211 1740 3441 1795 anathe-

1869 1833 2010 1876 mate.
2066 1824 2365 1879 damnavit.
2424 1826 2847 1895 AreltiepiSt-Opo
2897 1844 3114 1898 quoque
3146 1829 3436 1901 Cyziceno,

1865 1916 2125 1970 mandato
2159 1916 2361 1980 Photii,
2397 1918 2547 1987 digiti
2588 1918 2765 1982 fracti,
2823 1921 3267 1991 exemplumque,
3305 1931 3364 1975 ut
3392 1922 3438 1975 is

1864 2008 2073 2078 putavit
2100 2006 2221 2078 (sibi
2253 2010 2386 2062 satis
2410 2011 2558 2078 esse)
2595 2010 2941 2081 chirographi
2986 2024 3339 2082 surreptum;
3383 2023 3438 2069 et

1864 2101 1978 2169 ipse
2000 2101 2066 2156 de
2102 2103 2301 2155 throno
2331 2101 2575 2171 dcjectus
2605 2111 2711 2155 est.
2756 2104 2910 2158 Alios
2972 2118 3104 2157 vero
3159 2104 3432 2170 vexando,

1864 2191 2004 2245 alios
2050 2191 2217 2247 donis
2271 2191 2539 2261 placando
2588 2192 2839 2256 adduxit,
2892 2201 2961 2246 ιιι
3001 2192 3431 2264 chirographum

1862 2282 2010 2352 quod
2041 2281 2107 2335 de
2137 2297 2223 2334 me
2268 2282 2625 2349 scripserant,
2687 2283 3135 2351 pessumdarent..
3177 2285 3255 2337 Ad
3311 2299 3435 2354 qua:

1862 2386 2127 2446 tytannus
2158 2374 2438 2443 respondit
2472 2375 2631 2438 nihil,
2664 2373 2756 2429 sed
2790 2376 3117 2432 subornatos
3160 2376 3225 2429 ad
3256 2376 3435 2447 jusju-

1862 2470 2094 2524 randum
2139 2469 2409 2523 edcndum
2464 2477 2651 2523 contra
2690 2482 2797 2531 me,
2856 2470 3082 2538 perinde
3129 2470 3285 2540 quasi
3327 2486 3434 2524 non

1862 2562 1964 2615 rite
1996 2568 2292 2629 sancteque
2346 2569 2627 2626 promotus
2651 2566 2706 2613 et
2727 2569 3084 2614 consecratus
3118 2574 3319 2626 essent,
3354 2570 3436 2614 te-

1861 2662 1972 2709 stes
2004 2652 2280 2722 produxit.
2314 2650 2414 2705 llic
2435 2666 2533 2721 ego
2563 2660 2860 2720 presentes
2907 2651 3194 2720 episcoltos
3238 2667 3434 2721 magna

1860 2759 1993 2799 voce
2025 2742 2326 2813 appellavi:
2355 2742 2656 2806 Admittite,
2692 2740 2904 2807 Patres,
2938 2743 3292 2811 abjectissimi
3347 2759 3435 2799 so-

1864 2840 1950 2895 nis
1980 2839 2196 2893 unieatn
2224 2838 2365 2891 hanc
2394 2839 2732 2907 petitionem,
2767 2848 2931 2908 atque
2956 2841 3061 2892 huc
3088 2839 3153 2892 ad
3208 2855 3306 2894 nos
3346 2853 3434 2894 ve-

1861 2928 1991 2980 nite.
2020 2925 2157 2990 Ergo
2177 2934 2482 2979 sevocatum
2508 2941 2593 2979 me
2616 2940 2653 2978 a
2671 2926 2913 2995 reliquis,
2942 2938 3052 2981 ttttn
3072 2926 3305 2995 iudices,
3320 2938 3433 2981 tum

1861 3017 2077 3087 tyranni
2111 3025 2374 3085 rogarunt
2404 3016 2608 3080 denuo,
2640 3025 2699 3070 ut
2726 3016 2835 3086 juri
2886 3033 3006 3071 meo
3042 3019 3435 3084 rennntiarctn,

1859 3118 2022 3179 atque
2047 3109 2318 3163 cederem.
2352 3108 2641 3164 Recumnti
2678 3109 2916 3163 minitari
2947 3119 3249 3179 empernnt.
3280 3109 3436 3167 Tunc

182 3208 585 3278 ὑπεχώρησαν·
618 3206 713 3258 καὶ
758 3205 809 3257 oi
857 3203 1148 3256 ἐπίσκοποι
1196 3204 1309 3265 τοῖς
1335 3202 1521 3265 αὐτοῖς
1552 3200 1755 3271 ἐνεχεί-

1863 3199 2149 3254 carniilces
2178 3199 2254 3253 illi
2286 3199 2576 3269 episcopos
2611 3216 2825 3254 mecum
2883 3201 3246 3271 reliquerunt,
3275 3211 3331 3257 et
3375 3217 3437 3258 se

184 3318 347 3373 ρουν.
392 3297 535 3366 Ἐγὼ
583 3296 640 3350 δὲ
691 3296 898 3364 ελεγον,
934 3296 1016 3348 ὅτι
1061 3294 1170 3366 χρὴ
1204 3295 1402 3357 αὐτοὺς
1460 3294 1653 3364 μαθεῖν
1690 3293 1761 3346 τὰ

182 3396 307 3447 κατ’
338 3392 462 3460 ἐμὲ,
490 3390 586 3443 καὶ
606 3390 726 3442 τότε
754 3389 1009 3442 ἀπαιτεῖν
1056 3405 1121 3458 με
1163 3387 1193 3440 δ
1244 3384 1555 3440 ἀπαιτοῦσι.
1590 3386 1760 3439 Πόθεν

180 3485 237 3538 δὲ
276 3482 471 3554 μαθεῖν
495 3481 729 3550 ἔχουσιν,
754 3479 788 3550 ἢ
817 3478 911 3532 ἀπ’
936 3477 1072 3548 ἐμοῦ
1104 3476 1299 3547 μόνον;
1322 3476 1515 3539 Ἀλλος
1552 3475 1660 3545 γὰρ
1696 3475 1757 3527 οὺ

178 3577 361 3648 τολμᾷ
392 3574 498 3627 ἀπὸ
534 3571 789 3626 τοσούτου
818 3570 1059 3641 πλήθους
1111 3568 1221 3621 τῶν
1269 3568 1610 3639 ἡγουμένων.
1651 3566 1758 3619 τῶν

182 3670 402 3741 ἱερέων,
446 3667 555 3720 τῶν
592 3663 841 3741 μονεχῶν
898 3679 957 3715 τε
993 3661 1088 3714 καὶ
1129 3661 1332 3715 λαῖκῶν
1375 3662 1759 3731 πεπαρῤησια-

181 3723 405 3843 σμένως
434 3723 863 3829 λαλῆσαιλῖῖδον
884 3755 993 3825 γὰρ
1013 3753 1324 3843 ὲκεῖνοιᾼτδν
1356 3723 1758 3843 μητρουτέολίτην

190 3839 473 3920 ’Ᾱγκύρας
520 3846 906 3914 ἀνακράξαντα
961 3843 1062 3913 τὴν
1100 3841 1359 3913 ἀλήθειαν
1405 3843 1464 3894 ὲν
1509 3839 1589 3909 τῷ
1632 3856 1760 3893 συν-

178 3940 366 4010 εδρίῳ,
410 3939 559 3999 ὅπως
606 3935 860 4005 αὐτόχειρ
914 3934 944 3987 δ
998 3932 1275 4004 βάρϐαρος
1322 3930 1396 4001 τῷ
1448 3930 1619 3999 κολεῷ
1662 3929 1757 3982 τοῦ

180 4031 373 4101 ξίφους
408 4028 551 4083 κατὰ
582 4026 824 4097 κεφαλῆς
856 4023 1080 4094 ἔπληξε,
1115 4025 1208 4077 καὶ
1238 4024 1467 4093 αἵματος
1492 4023 1591 4092 τὴν
1616 4022 1761 4074 ὲκεί-

178 4142 275 4177 νου
307 4119 760 4189 στολὴν-ἔπλησε,
790 4116 884 4170 καὶ
905 4118 984 4180 είς
1016 4117 1139 4179 τοὺς
1174 4117 1396 4178 λοιποὺς
1423 4115 1523 4168 ὅσα
1553 4114 1756 4183 ἔπραξε

177 4214 248 4267 τὰ
274 4213 444 4266 δεινά.
471 4209 658 4263 Ταῦτα
686 4205 838 4263 εἷπον
868 4206 1001 4277 ἐγὼ,
1043 4208 1136 4261 καὶ
1163 4206 1505 4271 συνθεμένων
1529 4206 1754 4259 ἐκείνων

176 4310 246 4376 τῇ
284 4302 551 4375 ὑστεραίᾳ⁸
575 4300 771 4366 ἐλθεῖν,
804 4301 1102 4371 διέστημεν
1127 4300 1222 4354 ἀπ’
1253 4300 1500 4369 ἀλλήλων
1547 4299 1753 4353 οῖκαδε.

179 4400 293 4453 Καὶ
322 4399 463 4467 μετά
489 4395 722 4465 δεκάτην
753 4394 967 4464 ἡμέραν
1000 4393 1077 4465 τῷ
1108 4391 1443 4462 Καίαφαῖκῷ
1494 4392 1758 4463 συνεδρίῳ

176 4487 534 4560 ἀνέρπαστόν
584 4502 651 4556 με
688 4485 1062 4555 παρέστησαν,
1118 4486 1211 4537 καὶ
1244 4484 1369 4547 τοὺς
1402 4501 1758 4553 καταμαρτυ-

1862 3294 2262 3349 subduxerunt.
2290 3292 2541 3362 Episcopi
2579 3308 2709 3347 vero
2740 3310 2957 3348 rursum
3008 3310 3169 3364 agere
3220 3310 3432 3349 mecum

1862 3384 2218 3439 instituerunt
2263 3386 2362 3445 {de
2388 3384 2571 3439 libello
2597 3401 2789 3455 nempe
2823 3387 3437 3457 renuntiationis),qui—

1863 3476 1963 3530 bus
1992 3490 2094 3546 ego
2151 3476 2547 3545 respondebant
2604 3488 2856 3546 oportere
2883 3478 3004 3532 illos
3025 3487 3227 3532 statum
3254 3494 3436 3534 causa:

1859 3578 1995 3617 mea-
2018 3577 2372 3632 cognoscerc,
2401 3578 2463 3617 ac
2488 3574 2599 3617 tum
2625 3565 2844 3620 demum
2877 3582 2905 3620 a
2930 3582 3017 3621 me
3048 3568 3265 3638 exigere
3286 3568 3431 3636 quod

1861 3650 2245 3720 postularent:
2283 3668 2382 3707 nec
2413 3653 2535 3708 illos
2563 3655 2816 3718 aliunde,
2864 3656 2969 3711 nisi
3014 3671 3042 3710 a
3080 3673 3165 3712 me
3197 3673 3304 3713 uno
3347 3673 3434 3714 res

1864 3757 2016 3797 meas
2047 3757 2210 3813 posse
2254 3742 2503 3810 discere;
2541 3747 2685 3814 quod
2719 3747 2950 3802 aliorum
2987 3764 3146 3804 nemo
3173 3751 3241 3804 de
3285 3759 3433 3807 tanta

1859 3832 2207 3888 multitudine
2249 3835 2700 3904 ltcgttmenorum,
2738 3838 3106 3904 sacerdotum,
3139 3840 3433 3895 monaelto-
3474 3838 3479 3844 ’

1862 3942 1982 3980 runt
2018 3936 2073 3981 et
2124 3927 2391 3983 laicorunt
2447 3929 2677 3984 auderet
2735 3932 2903 3984 libere
2953 3932 3123 4001 loqui.
3176 3932 3435 3987 Viderant

1858 4020 2002 4072 enim
2031 4019 2382 4090 Ancyranum
2405 4022 2909 4090 metropolitanum,
2943 4024 3085 4093 quod
3126 4024 3179 4077 in
3200 4024 3434 4078 concilio

1858 4109 2085 4163 liberius
2122 4124 2218 4178 pro
2246 4111 2474 4165 veritate
2515 4112 2728 4166 loeutus
2780 4122 2946 4177 esset,
2972 4130 3001 4168 a
3062 4114 3271 4169 neiario
3304 4116 3424 4184 ipso

1858 4200 2130 4269 parricida
2165 4201 2356 4267 vagina
2390 4202 2550 4269 gladii
2585 4203 2885 4256 secundum
2922 4212 3084 4273 caput
3113 4204 3186 4258 ita
3238 4205 3432 4259 vulne-

1860 4302 2062 4354 ratum,
2096 4300 2153 4346 ut
2175 4294 2296 4362 ejus
2321 4303 2526 4349 vestem
2568 4296 2835 4363 sanguine
2875 4295 3242 4364 perfunderet.
3274 4296 3437 4351 Vide.
3489 4306 3499 4318 ‘

1860 4390 1981 4436 rant
2014 4399 2134 4452 qum
2157 4385 2283 4438 item
2315 4384 2368 4437 in
2395 4385 2532 4439 alios
2556 4385 2870 4440 immaniter
2896 4386 3038 4440 idem
3067 4402 3235 4442 ausus
3259 4396 3431 4443 esset.

1863 4471 1984 4527 llaec
2011 4488 2112 4542 ego
2140 4490 2263 4527 enm
2303 4488 2843 4541 commemorassem,
2892 4477 2965 4530 illi
3012 4487 3340 4533 conventum
3377 4478 3431 4533 in

179 4581 437 4653 ροῦντας,
485 4579 567 4631 ὅτι
612 4577 917 4647 ἀψήφιστος
966 4574 1331 4646 προεϐλήθην,
1382 4574 1756 4645 παρέστησαν.

1864 4575 2180 4633 sequentem
2224 4563 2366 4618 diem
2421 4564 2759 4619 indixerunt.
2807 4567 2875 4620 Et
2934 4568 3169 4636 separati
3208 4568 3432 4623 domum

176 4672 291 4726 Καὶ
314 4672 449 4732 ὅσας
482 4686 571 4738 μοι
604 4669 723 4721 τότε
755 4667 974 4737 πληγὰς
1016 4666 1295 4729 ἐπέθεντο,
1334 4667 1387 4719 τί
1410 4666 1515 4738 χρὴ
1542 4666 1753 4734 λέγεινς

187 4763 281 4817 Ἐν
334 4761 480 4813 ἑπτὰ
526 4760 637 4830 γὰρ
680 4759 821 4812 οὓτω
871 4758 1206 4812 κολασθέντα
1261 4759 1495 4831 ἡμέραις
1548 4759 1753 4823 ἄσιτον,

177 4855 410 4915 ἇῦττνον,
463 4850 761 4904 ἀκάθιστον
806 4849 1083 4919 διαμεῖναι
1132 4848 1382 4902 ὲϐίασαν.
1445 4849 1631 4903 Ταῦτα
1697 4850 1755 4902 ὲν

175 4946 345 5015 ὀλίγῳ
368 4944 630 5014 ἐδήλωσα.
661 4944 731 4996 Σὺ
759 4942 835 5006 δὲ,
868 4939 1142 5010 ἀγιώτατε
1161 4941 1397 4995 δέσποτά
1425 4960 1552 5012 μου,
1586 4941 1758 5005 δεῖξον

176 5037 235 5089 ἐν
270 5036 397 5105 ἐμοὶ
430 5034 714 5102 σπλάγχνα
759 5031 1081 5101 οἰκτιρμῶν,
1134 5033 1229 5085 καὶ
1280 5031 1422 5085 κατά
1459 5031 1551 5085 τὸν
1584 5030 1760 5102 μέγαν

178 5127 394 5183 Παῦλον
456 5126 575 5179 εἰπὲ
638 5126 731 5178 καὶ
778 5125 975 5188 αύτός·
1031 5125 1127 5191 Τίς
1199 5123 1449 5179 ἀσθενεῖ
1492 5125 1592 5178 καί
1645 5125 1757 5178 οὐκ

176 5219 457 5282 ἀσθενῶ;
493 5216 860 5289 Ἑνθυμήθητι
900 5218 1028 5279 τοὺς
1070 5217 1179 5287 πρὸ
1219 5216 1314 5270 σοῦ
1380 5217 1753 5288 πατριάρχας,

177 5316 322 5382 λέγω
363 5313 431 5381 δὴ
475 5310 764 5373 ⁶Ραόιανίιν,
801 5308 1044 5371 Ἰούλιον,
1106 5307 1471 5374 Ἰννοκέντιον,
1524 5310 1750 5372 Λέοντα,

177 5408 271 5460 καὶ
296 5405 490 5466 ἁπλῶς
514 5403 639 5465 τοὺς
665 5403 803 5473 ὑπὲρ
830 5405 930 5473 τῆς
960 5402 1229 5471 ἀληθείας
1245 5400 1385 5453 κατά
1408 5402 1508 5469 τῆς
1537 5401 1749 5464 ἀδικίας

176 5500 638 5568 ἀνδρισαμένους³
677 5498 769 5548 καὶ
825 5495 1069 5565 ζὴλωσον
1111 5495 1355 5557 τούτους,
1391 5496 1483 5548 καὶ
1523 5495 1603 5556 εἰς
1643 5492 1747 5564 τὴν

182 5590 332 5658 ήμῶν
379 5588 505 5663 τῶν
574 5587 938 5658 ἀδικηθέντων
1000 5586 1239 5641 τοσαῦτα
1302 5586 1581 5658 ἐκδίκησιν
1666 5584 1749 5638 δι-

176 5680 462 5751 ανάστηιθι.

276 5860 297 5890 ⁵
324 5857 367 5912 ll
408 5858 540 5913 Cor.
568 5871 644 5923 xl,
676 5855 763 5908 ἐξ).

1859 4655 2181 4724 petivimus.
2208 4655 2338 4711 Post
2366 4656 2641 4711 decimum
2666 4673 2796 4713 vero
2823 4658 2964 4712 diem
2992 4674 3077 4714 me
3107 4661 3173 4713 ad
3200 4661 3438 4730 Caipha-

1859 4763 1991 4802 ntnn
2030 4748 2270 4802 tribunal
2312 4758 2585 4819 raptatttm
2612 4752 2978 4813 abduxerunt,
3036 4760 3309 4821 testesque
3342 4751 3438 4820 qui

1862 4856 1949 4895 me
1972 4856 2081 4895 non
2109 4840 2350 4910 legitime
2374 4850 2617 4895 creatum
2644 4841 2915 4907 dicerent,
2944 4858 3267 4913 opposuere.
3291 4842 3438 4909 Quid

1860 4932 1951 4986 hic
1981 4932 2160 4986 dicant
2192 4948 2277 4985 me
2308 4940 2387 4985 tot
2412 4932 2583 5002 plagis
2612 4933 2917 4988 aﬂlictum?
2946 4934 3285 5003 septcmdiali
3319 4935 3438 4989 ine-

1867 5026 1978 5091 dia,
2017 5026 2227 5096 vigilia,
2256 5026 2602 5096 stationeque
2631 5038 2895 5097 perpetua
2928 5028 3284 5082 eruciarnnt.‘
3315 5026 3441 5084 Ihre

1865 5132 2081 5171 summa
2104 5130 2285 5170 causze
2313 5117 2640 5186 compendio
2654 5118 2925 5186 exposita.
2959 5116 3062 5182 Tn,
3096 5118 3442 5172 sanctissime

1861 5208 2104 5273 domine,
2150 5207 2379 5263 ostende
2425 5209 2479 5262 in
2525 5224 2611 5263 me
2640 5210 2849 5263 viscera
2898 5210 3338 5273 miserationutn,
3384 5219 3441 5264 et

1858 5316 1981 5356 eum
2017 5317 2211 5371 magno
2237 5301 2494 5371 Apostolo
2515 5311 2567 5354 et
2591 5302 2704 5370 ipse
2736 5301 2889 5356 dicas
2915 5320 2928 5356 :
2956 5301 3086 5366 Quis
3110 5304 3437 5369 inﬁrmatur,

1858 5407 1906 5451 et
1936 5412 2027 5465 ego
2077 5412 2178 5448 non
2212 5394 2529 5463 inﬁrmor'?
2560 5394 2774 5448 Intuere.
2804 5395 3041 5463 majores
3059 5403 3182 5448 tuos
3208 5395 3441 5463 patriar-

1857 5492 2012 5552 citas,
2071 5487 2395 5553 Fabianum,
2454 5488 2700 5557 inquam.
2757 5485 2985 5551 Julium,
3040 5487 3439 5549 Innocentium,

1862 5580 2123 5645 Leonem,
2157 5590 2213 5634 et
2239 5594 2431 5633 omnes
2458 5579 2694 5646 denique.
2735 5578 2826 5647 qni
2863 5594 2961 5646 pro
2990 5578 3094 5632 tide
3130 5589 3181 5631 et
3207 5577 3435 5631 veritate

1859 5674 2092 5727 viriliter
2121 5674 2474 5727 decertarnnt
2507 5691 2520 5727 :
2555 5672 2787 5741 illosque
2824 5672 3104 5735 mundare,
3142 5679 3197 5726 ct
3228 5669 3434 5724 vindex

1860 5781 1959 5837 pro
1995 5766 2152 5822 nobis
2180 5776 2285 5821 tam
2320 5766 2547 5837 indigna.
2569 5765 2747 5837 passis
2777 5780 3035 5834 exsurge.
