4168 6450
704 467 798 531 871

2143 450 2485 511 ANONYMI

3837 437 3946 503 872

706 596 765 636 nt
797 597 864 636 nc
889 595 995 651 qua
1024 578 1146 633 inde
1184 573 1471 630 monachis
1507 571 1754 628 molestia
1805 570 1974 624 fieret.
2011 567 2267 621 l’t‘oiicie-

2399 564 2558 634 ιυχῶν
2612 563 2864 633 κηδεμὼν
2907 559 3383 631 προμηθούμενος.
3424 556 3734 628 Προέκοπτε
3762 562 3945 611 τοίνυν

707 678 801 732 bat
827 691 955 743 ergo
1000 673 1289 741 sapientia,
1342 680 1524 731 aetate,
1571 682 1634 721 ac
1679 666 1853 735 gratia
1891 664 1935 720 ⁸,
1974 666 2271 731 :equalium

711 769 869 822 ludos
903 766 1125 818 omnino
1154 776 1413 815 aversans
1443 779 1455 814 :
1481 761 1677 829 quippe
1705 760 1795 829 qui
1824 775 1852 813 a
1886 773 2053 829 puero
2086 757 2277 810 admo-

714 866 841 915 dum
883 858 1098 928 ingenio
1132 858 1324 909 dexter
1374 867 1537 924 atque
1572 853 1792 905 sobrius
1822 860 1986 905 esset.
2023 849 2273 918 Superna

714 967 949 1019 namque
1000 948 1475 1019 prm'itlenlia,cui
1523 946 1782 999 mortales
1836 942 2069 997 diversis
2119 940 2280 994 donis

714 1045 966 1098 coronari
989 1044 1208 1111 placuit,
1234 1043 1509 1111 propriam
1540 1041 1735 1106 cuique
1793 1035 2025 1088 indolem
2080 1046 2281 1100 cogna-

714 1147 825 1191 tam
868 1136 978 1191 fere
1030 1136 1238 1197 indidit,
1298 1145 1357 1187 ιιι
1406 1134 1648 1185 ridentes
1692 1130 1899 1199 possint
1950 1127 2282 1187 discernere,

715 1227 1005 1296 siquidem,
1039 1234 1091 1277 ιιι
1137 1225 1211 1276 ait
1241 1225 1460 1293 quidam
1524 1222 1750 1289 Sapiens
1785 1235 1798 1270 :
1834 1216 2091 1280 Amictus,
2142 1230 2285 1282 gres-

713 1336 924 1388 susque,
959 1334 1022 1370 ac
1053 1319 1191 1369 risus
1222 1318 1343 1380 viri,
1377 1316 1440 1368 de
1474 1316 1567 1366 illo
1600 1314 1950 1364 minantium.

782 1494 922 1560 Quia
952 1509 1080 1547 vero
1106 1508 1203 1562 pro
1233 1490 1410 1545 artatis
1450 1489 1661 1542 ratione
1693 1483 2020 1554 provehens,
2056 1481 2289 1551 ingenue

715 1588 1007 1641 admodum
1049 1601 1113 1639 ac
1168 1584 1411 1638 studiose
1443 1580 1758 1646 disciplinas
1791 1576 2042 1645 praevias,
2074 1589 2137 1627 ac
2173 1572 2291 1640 qui-

724 1682 826 1733 bus
862 1680 927 1733 ad
971 1678 1169 1747 majora
1212 1676 1392 1729 aditus
1423 1678 1784 1743 pcrstrnatur,
1818 1669 2109 1728 didicerat,
2146 1663 2290 1731 jam-

728 1788 832 1841 que
888 1772 1143 1838 deinceps
1188 1768 1438 1837 pingendi
1485 1764 1773 1818 scientiam
1804 1776 1910 1828 qua
1954 1768 2101 1811 recte
2142 1754 2285 1810 scri-

724 1864 905 1924 batur,
949 1876 1265 1930 comparare
1321 1858 1609 1927 oportebat
1655 1872 1669 1908 :
1730 1854 1869 1906 hanc
1929 1847 2289 1903 nihilominus

718 1958 934 2010 abunde
984 1954 1200 2021 adjecit,
1234 1951 1560 2004 utilissimus
1609 1946 1832 2000 effectus
1889 1942 2069 1997 scriba
2130 1940 2287 1994 velox

720 2055 924 2100 natum
955 2045 1253 2106 celeritate,
1282 2056 1389 2111 qua
1421 2039 1655 2092 maxime
1694 2037 1878 2104 plures
1904 2042 2285 2100 comparatum

723 2138 941 2197 habent,
972 2151 1086 2189 rem
1117 2133 1384 2203 ejusmodi
1415 2146 1539 2185 cum
1578 2129 1732 2180 laude
1772 2134 2048 2195 praestare.
2084 2123 2287 2187 Quam-

718 2232 907 2285 obrem
952 2244 1065 2284 suae
1109 2228 1161 2281 in
1195 2226 1414 2280 Christo
1455 2218 1893 2276 conversationis
1954 2232 2059 2269 non
2100 2215 2290 2284 paucis

721 2325 865 2377 brevi
921 2322 1353 2390 experimentum
1422 2317 1696 2385 pnrbens,
1752 2312 2009 2367 omnibus
2058 2309 2291 2361 admira-

721 2416 854 2467 tioni
906 2413 1254 2476 habebatur;
1310 2408 1697 2475 communique
1759 2404 2069 2473 praeposito,
2121 2399 2288 2453 animi

719 2504 933 2559 sulcum
966 2500 1344 2555 mandatorum
1385 2506 1569 2550 aratro
1618 2493 1861 2563 quotidie
1912 2492 2190 2543 scindente
2228 2502 2292 2541 ac

716 2597 1016 2655 exeolente,
1046 2592 1259 2645 virtutis
1305 2586 1626 2656 multiplicis
1686 2584 1897 2636 fructus
1950 2578 2281 2649 proferebat.

723 2690 953 2749 Primus,
998 2694 1169 2738 cmtus
1195 2683 1374 2736 omnis
1413 2680 1725 2747 atqualium,
1760 2676 2002 2728 divinum
2037 2670 2125 2724 Dei
2161 2679 2295 2723 tem-

721 2781 891 2848 plum,
930 2778 980 2828 in
1016 2791 1125 2844 quo
1164 2773 1452 2828 stationem
1487 2770 1781 2828 habebant,
1826 2764 2238 2833 iugrediehatur
2272 2778 2287 2827 ;

720 2870 1077 2935 umidumque
1147 2863 1481 2917 novissimus
1538 2861 1631 2913 illo
1684 2858 1868 2913 exibat
1926 2873 1939 2909 :
1999 2868 2063 2907 ac
2121 2852 2294 2907 sacris

724 2959 942 3009 l’atrum
974 2953 1383 3007 narrationibus
1418 2959 1620 3003 attente
1644 2963 1828 3001 aurem
1868 2946 2161 3008 inclinans,
2200 2959 2296 2997 eo-

726 3065 951 3119 rumque
976 3048 1113 3102 titas
1144 3062 1237 3116 per
1259 3046 1373 3099 dies
1406 3045 1653 3114 singulos
1678 3058 1924 3105 versans,
1955 3041 2019 3093 ad
2055 3040 2296 3093 melioris

722 3142 1010 3195 scientiam
1089 3138 1434 3205 provcltrns,
1502 3136 1762 3203 deinceps
1865 3132 2292 3186 illuminabatur.

2383 659 2562 730 σοφίᾳ,
2618 658 2712 708 καὶ
2746 656 2951 725 ἡλικίᾳ,
2988 656 3078 706 καὶ
3115 653 3329 722 χάριτι,
3376 652 3539 702 πάντι
3592 652 3685 711 τὰς
3736 652 3801 703 ἐκ
3838 654 3949 703 τῶν

2381 746 2637 817 ὁμοειδῶν
2690 745 2937 806 παιδειᾶς
2986 741 3543 809 ὲναποστρεφόμενος.
3580 738 3688 793 Ἶιν
3740 742 3849 810 γάρ
3884 744 3948 795 ἐκ

2384 840 2567 901 παιδὸς
2595 840 2714 891 λίαν
2750 837 3031 907 ἐντρεχὴς,
3064 836 3158 888 καί
3188 835 3470 903 νηφάλιος.
3514 833 3578 886 Ἢ
3605 836 3714 902 γὰρ
3740 833 3951 888 ἀνωθεν

2382 936 2448 1001 τῇ
2486 931 2717 1002 διαφορᾷ
2766 930 2872 983 τῶν
2919 930 3280 999 χαρισμάτων
3325 926 3787 995 στεφηφορείσθαι
3823 926 3953 986 τοὺς

2388 1025 2606 1096 βροτοὺς
2655 1024 2996 1093 εὐδοκήαασα
3044 1024 3295 1093 πρόνοια,
3338 1021 3537 1073 οἰκεῖον
3588 1015 3716 1089 ἦθος
3758 1017 3835 1081 ὡς
3883 1018 3955 1069 τα

2387 1116 2555 1169 πολλα
2582 1118 2837 1184 συγγενὲς
2864 1116 2993 1186 ἡμῖν
3021 1115 3157 1184 πρὸς
3179 1114 3276 1184 τὴν
3306 1113 3414 1164 τῶν
3443 1112 3693 1182 ὁρώντων
3721 1112 3957 1175 διάγνω-

2390 1224 2472 1258 σιν
2501 1206 2838 1274 ἐιῖωρὴσατο·
2872 1206 3029 1273 εἴπερ
3051 1205 3107 1267 ὃς
3142 1221 3223 1266 τις
3255 1203 3359 1272 ἔφη
3386 1201 3546 1270 σοφός
3572 1218 3584 1230 ·
3626 1199 3821 1263 Stati)
3855 1198 3955 1249 καί

2381 1296 2571 1365 βῆμα,
2604 1297 2702 1349 καὶ
2747 1300 2934 1365 γέλως
2965 1294 3207 1362 ἀνδρὸς,
3240 1295 3311 1347 τὰ
3361 1293 3493 1361 περὶ
3523 1292 3711 1345 αὐτοῦ
3764 1292 3953 1359 ἀναγκ-

2389 1390 2735 1458 γέλλουσιν.

2473 1482 2624 1535 Ἐπεὶ
2648 1481 2703 1533 δὲ
2737 1480 2857 1533 καθ’
2894 1480 3107 1551 ἡλικίαν
3146 1475 3476 1548 προϐαίνων,
3514 1472 3612 1536 τὰς
3662 1474 3959 1538 εἰσαγωγι-

2390 1574 2493 1635 κάς
2525 1573 2789 1644 μαθήσεις
2820 1573 3032 1638 εὐφυῶς
3072 1572 3209 1638 ἄγαν
3237 1569 3331 1621 καὶ⁵
3372 1565 3675 1635 φιλοπόνως
3714 1566 3955 1635 ἐξήσκη-

2392 1685 2504 1730 σεν,
2538 1670 2705 1738 ἐχρῆν
2741 1668 2797 1720 δὲ
2834 1666 3039 1729 λοιπὸν,
3077 1666 3170 1717 καὶ
3212 1658 3607 1732 γραμματικῆς
3642 1658 3765 1710 ὅσον
3818 1657 3960 1726 πρὸς

2391 1762 2452 1814 τὸ
2484 1762 2717 1829 γράφειν
2761 1760 2935 1831 ὀρθῶς
2961 1759 3060 1828 τὴν
3098 1757 3411 1825 ἐπιστήμην
3458 1750 3820 1823 πορίσασθαι·
3863 1750 3961 1802 καὶ

2396 1854 2601 1924 μέντοι,
2657 1854 2752 1907 καὶ
2796 1854 3000 1923 ταύτην
3042 1849 3397 1921 προσείληφε,
3440 1844 3791 1915 ταχυγράφος
3832 1844 3962 1893 ἀπο-

2394 1945 2613 2017 φανθεὶς
2644 1946 3062 2017 χρησιμώτατος
3090 1942 3334 2012 ὠκύτητι
3375 1941 3612 2009 φύσεως,
3645 1939 3710 1991 δι’
3741 1933 3810 2006 ἧς
3857 1936 3964 2004 μὰο

2389 2038 2545 2091 λιστα
2572 2040 2679 2101 τοῖς
2707 2037 2918 2101 πολλοῖς
2941 2037 3011 2090 τά
3030 2036 3257 2090 τοιαῦτα
3292 2030 3688 2105 κατορθοῦσθαι
3708 2029 3960 2097 πεφύκα-

2393 2149 2495 2184 σιν.
2530 2130 2691 2184 Ὅθεν
2725 2132 2781 2183 ἐν
2807 2130 2973 2199 ὀλίγῳ
2994 2133 3193 2199 πεῖραν
3229 2129 3341 2190 τοῖς
3381 2126 3593 2187 πολλοῖς
3626 2125 3722 2193 τῆς
3768 2123 3961 2184 αὑτοῦ,

2391 2222 2449 2274 ὲν
2479 2222 2698 2291 Χριστῷ
2754 2221 3101 2291 ἀναστροφῆς
3156 2219 3567 2288 παρεχόμενος,
3615 2214 3965 2284 ἐθαυμάζετο

2394 2314 2492 2383 μὲν
2530 2314 2635 2365 ὑπὸ
2675 2315 2923 2367 πάντων·
2974 2314 3126 2383 παρά
3151 2312 3207 2363 δὲ
3234 2309 3311 2379 τῷ
3360 2307 3523 2377 κοινῷ
3556 2308 3843 2377 καθηγητῇ
3884 2305 3964 2372 τῷ

2392 2407 2606 2476 ἀρότρῳ
2620 2405 2728 2457 τῶν
2760 2405 2985 2459 ἐντολῶν
3000 2403 3289 2474 ὡσημὲραι
3306 2404 3406 2472 τὴν
3426 2403 3524 2471 τῆς
3549 2401 3725 2470 ψυχῆς
3745 2398 3966 2451 αῦλακα

2392 2498 2824 2568 γεωργούμενος,
2853 2498 3222 2567 ὲκαρποφόρει
3254 2496 3354 2565 τὴν
3398 2494 3618 2563 ἀρετὴν.
3660 2491 3968 2551 πολυειδεῖς

2393 2590 2518 2651 τοὺς
2567 2590 2813 2659 καρποὺς
2872 2586 3333 2656 προϐαλλόμενος.
3394 2584 3509 2654 Πρὸ
3576 2582 3795 2635 πάντων
3854 2580 3970 2632 τῶν

2394 2681 2692 2751 ὁμηλίκων,
2732 2682 2790 2731 ὲν
2845 2671 2997 2749 ᾧπερ
3060 2676 3341 2747 ηὐλίζοντο
3398 2674 3477 2744 τῷ
3522 2673 3650 2742 θείῳ
3696 2671 3811 2740 ναῷ
3870 2669 3970 2722 τοῦ

2395 2773 2530 2824 θεοῦ
2581 2771 2979 2840 εἰσερχόμενος,
3026 2770 3119 2821 καὶ
3155 2767 3384 2829 ῦστατος
3431 2765 3649 2817 πάντων
3689 2766 3969 2833 ὲκπνιρω-

2396 2864 2588 2934 ὁμενος
2609 2879 2621 2891 ·
2647 2865 2743 2931 τήν
2770 2880 2827 2914 τε
2858 2862 3026 2931 ἀκοὴν
3057 2860 3340 2931 προτεχῶς
3373 2858 3676 2911 ὑποκλίνων
3710 2858 3830 2917 ταῖς
3857 2856 3975 2906 τῶν

2396 2958 2651 3026 Πατέρων
2689 2957 2859 3024 ἱεραῖς
2905 2956 3212 3024 διηγήσεσι,
3267 2951 3363 3003 καλ⁸
3417 2952 3621 3002 τούτων
3660 2951 3787 3011 τοῦς
3819 2947 3975 3016 βίους

2398 3050 2686 3102 ἀνελίττων
2720 3048 3001 3109 ἑκάστοτε,
3034 3044 3329 3113 ὲφωτίζετο
3359 3042 3545 3093 λοιπὸν
3586 3042 3721 3109 πρὸς
3750 3041 3849 3109 τὴν
3875 3039 3975 3091 τοῦ

2399 3140 2705 3210 κρείττονος
2758 3136 3089 3206 ἀναγόμενος
3139 3136 3369 3204 εἴδησιν.
3430 3134 3520 3195 Ὠς
3557 3132 3664 3200 γὰρ
3684 3131 3859 3183 αἴτιον
3892 3131 3973 3198 τῷ

728 3228 811 3283 Uti
846 3233 989 3282 enim
1036 3228 1280 3297 irrigatio
1330 3228 1581 3277 arborem
1632 3224 2022 3290 almndansque
2067 3220 2292 3273 materia

2400 3231 2550 3300 φυτῷ
2620 3232 2652 3299 ἡ
2695 3230 2904 3298 ἀρδεία,
2968 3228 3063 3281 καὶ
3112 3227 3189 3296 τῷ
3238 3227 3374 3296 πυρὶ
3429 3224 3564 3293 πρὸς
3610 3223 3909 3276 ὑπόστασιν
3940 3225 3975 3289 ἡ

726 3326 901 3392 ignem
950 3324 1253 3374 consistere
1318 3317 1469 3378 facit,
1512 3317 1594 3370 sic
1642 3331 1792 3378 sane,
1821 3330 1925 3383 qua
1977 3313 2191 3366 tandem
2243 3312 2295 3363 id

725 3414 937 3466 ratione
967 3410 1271 3479 acceperis,
1303 3409 1725 3479 gubernantium
1768 3421 1923 3469 cura,
1951 3404 2297 3475 sequentium

722 3515 805 3557 est
835 3503 1068 3555 auctrix.

794 3592 913 3648 Jam
956 3604 1138 3647 autem
1173 3591 1242 3645 ab
1291 3589 1521 3645 imherbi
1572 3589 1625 3642 in
1662 3588 1834 3641 virum
1877 3597 2087 3649 auctus,
2125 3598 2301 3655 exque

726 3684 1040 3755 imperfecta
1080 3692 1239 3737 artato
1292 3682 1582 3751 perfectam
1617 3691 1923 3739 assecutus,
1959 3678 2139 3755 carnis
2176 3692 2303 3731 sen-

725 3794 847 3834 sum
883 3778 1207 3830 militantem
1248 3778 1511 3828 adversns
1558 3774 1785 3842 spiritus
1818 3774 1986 3839 legem
2035 3749 2303 3823 festinans

724 3873 1041 3931 destruere,
1086 3868 1474 3921 vestimentmn
1524 3864 1713 3917 salutis
1758 3864 1866 3916 illic
1916 3862 2179 3915 detonsus
2220 3861 2303 3911 in-

725 3964 866 4025 duit,
895 3971 1124 4015 ornante
1155 3959 1409 4012 manibus
1438 3957 1555 4011 suis
1590 3964 1780 4010 sancto
1832 3954 1991 4009 l‘atre
2022 3963 2211 4006 nostro
2238 3965 2302 4004 ac

728 4055 1041 4108 confessore
1075 4050 1396 4114 Theodoro,
1459 4048 1704 4116 angelico
1759 4045 2154 4100 monachorum
2206 4042 2302 4095 ha-

730 4146 869 4200 bitu.

806 4321 974 4376 Plane
1000 4321 1146 4375 enim
1184 4335 1280 4389 par
1310 4328 1449 4383 crat,
1484 4329 1544 4373 nt
1575 4335 1698 4374 cum
1732 4318 1894 4371 ambo
1926 4320 2093 4372 multa
2122 4326 2307 4373 essent

729 4416 907 4471 acturi
943 4430 1041 4484 pro
1090 4414 1282 4467 :emula
1336 4414 1566 4481 vivaque
1622 4412 1931 4467 intemerati
1972 4412 2174 4466 Christi
2211 4410 2303 4465 Dei

736 4507 907 4560 nostri
954 4505 1335 4568 similitudine,
1380 4505 1524 4558 velut
1558 4503 1696 4557 alius
1727 4504 1950 4573 quidam
1983 4502 2305 4559 Timotheus

2398 3321 2628 3390 ἀφθονία
2654 3322 2752 3389 τῆς
2781 3319 2935 3389 ῦλης,
2970 3318 3143 3381 οῦτως
3176 3318 3453 3386 ὁποτέρως
3486 3314 3551 3368 ἂν
3598 3314 3785 3377 λάϐοις
3817 3316 3975 3366 αἰτία

2396 3416 2506 3469 τῶν
2536 3414 2839 3482 ἑπομένων,
2866 3413 2899 3482 ἡ
2927 3410 3034 3464 τῶν
3062 3408 3451 3480 κυϐερνώντων
3481 3406 3825 3475 καθέστηκεν
3854 3408 3979 3458 ἐπι--

2403 3504 2612 3574 μέλεια.

2474 3594 2614 3662 Ἤδη
2642 3592 2699 3645 δὲ
2734 3590 2869 3661 πρὸς
2914 3588 3113 3659 ἄνδρας
3143 3586 3201 3653 ἐξ
3230 3586 3496 3655 ἀγενείων
3528 3584 3716 3650 τελῶν,
3750 3589 3845 3638 καὶ
3876 3588 3983 3653 τῆς

2401 3683 2623 3746 ἀτελοῦς
2674 3683 2893 3751 ἡλικίας
2942 3681 3002 3733 τὸ
3024 3679 3229 3732 τέλειον
3278 3677 3747 3749 προσλαϐόμενος,
3786 3680 3882 3730 καὶ
3920 3678 3985 3730 τὸ

2402 3775 2654 3845 φρόνημα
2704 3773 2802 3842 τῆς
2843 3771 3046 3841 σαρκδς
3071 3771 3133 3823 τὸ
3176 3770 3736 3840 ἀντιστρατευόμενον
3765 3769 3855 3820 τὸν
3890 3770 3982 3821 νό-

2407 3884 2505 3937 μον
2534 3866 2628 3919 τοῦ
2662 3865 2974 3935 πνεύματος
3008 3862 3339 3917 καταϐαλεῖν
3372 3862 3749 3931 ἐπειγόμενος,
3782 3863 3842 3913 τὸ
3875 3861 3989 3930 τῆξ

2405 3957 2678 4030 σωτηρίας
2732 3958 2947 4027 ἱμάτιον
3001 3956 3153 4009 ἐνθεν
3200 3954 3537 4023 ἀποκαρθεὶς
3584 3953 3981 4017 avsis-mam,

2406 4052 2497 4105 ὑπ’
2536 4050 2714 4105 αὐτῶν
2756 4049 2867 4102 τῶν
2896 4048 3094 4119 χειρῶν
3123 4046 3218 4100 τοῦ
3252 4048 3401 4099 ὁσίου
3434 4047 3644 4116 Πατρδς
3670 4046 3852 4114 ἡμῶν.
3886 4049 3985 4098 καὶ

2404 4141 2735 4212 ὁμολογητοῦ
2781 4139 3056 4210 Θεοδώρου
3116 4138 3196 4208 τῷ
3230 4138 3512 4208 ἀγγελικῴ
3563 4137 3673 4190 τῶν
3724 4138 3985 4208 μοναχῶν

2408 4231 2848 4302 κατακοσμηοεὶς
2879 4230 3255 4300 ἀμφιάσματι.

2482 4325 2630 4377 Ἔδει
2678 4328 2787 4395 γὰρ
2828 4322 2956 4385 τοὺς
3012 4322 3200 4392 ἄμφω,
3252 4320 3421 4374 πολλά
3474 4322 3646 4373 τελεῖν
3688 4320 3988 4388 μέλλοντας

2407 4417 2548 4488 ὑπὲρ
2570 4418 2669 4485 τῆς
2701 4416 2979 4487 ἐμφεροῦς
3020 4415 3402 4484 παναχράντου
3438 4412 3675 4483 Χριστοῦ
3706 4413 3801 4465 τοῦ
3841 4415 3988 4467 θεοῦ

2407 4510 2565 4582 ήμῶν
2596 4508 2927 4579 ὁμοιώσεως,
2979 4508 3053 4570 ὡς
3079 4508 3239 4561 ἀλλον
3266 4508 3386 4559 τινὰ
3434 4507 3572 4559 κατά
3608 4505 3817 4558 Παῦλον
3847 4508 3989 4559 ἀνα-

736 4598 788 4651 in
820 4612 1021 4651 morem
1055 4595 1232 4659 Pauli,
1287 4596 1608 4649 admirando
1640 4596 1767 4649 huic
1807 4596 1973 4665 pugili
2013 4611 2296 4666 regenera-

2408 4600 2731 4669 γεννηθῆναι
2791 4598 2966 4667 τοὸτῳ
3015 4598 3089 4668 τῷ
3138 4598 3427 4667 θαυμασίῳ
3480 4597 3661 4667 πύκτῃ
3695 4598 3988 4666 Τιμόθεον,

735 4700 906 4754 retur,
931 4704 1041 4758 quo
1068 4689 1147 4743 sic
1200 4703 1293 4758 per
1332 4703 1449 4751 eos,
1484 4688 1560 4741 uti
1592 4703 1686 4758 per
1731 4689 2004 4757 prtefatos,
2063 4698 2309 4743 curreret

737 4780 1086 4850 livangelium
1135 4790 1404 4833 nostrum.
1445 4778 1514 4833 Se
1559 4781 1702 4834 enim
1754 4789 1926 4833 totum
1982 4780 2173 4834 beatus
2224 4780 2312 4835 hic

734 4873 855 4941 «jus
886 4874 1105 4924 tradens
1139 4872 1426 4935 voluntati,
1464 4872 1610 4924 velut
1643 4872 1804 4925 homo
1842 4882 1977 4934 erat,
2010 4871 2154 4941 quod
2190 4887 2311 4941 spec

736 4964 919 5015 ctabat
954 4962 1017 5015 ad
1054 4963 1231 5030 ipsmn
1253 5003 1266 5026 ,
1301 4964 1576 5015 voluntate
1608 4977 1822 5027 carens,
1862 4965 2051 5031 procul
2097 4978 2160 5017 ac
2190 4964 2307 5017 lon-

734 5056 958 5125 gissime
1008 5073 1036 5108 ιι
1075 5055 1291 5123 prepria
1341 5054 1514 5107 laetus
1566 5055 1862 5109 voluntate.
1902 5055 2010 5110 Nec
2062 5072 2190 5110 vero
2240 5056 2307 5110 ad

734 5160 863 5199 eum
898 5154 1128 5209 tantum,
1161 5146 1289 5213 quin
1325 5152 1376 5197 et
1417 5144 1481 5196 ad
1519 5144 1656 5197 alios
1689 5144 1945 5214 deinceps
1981 5160 2176 5210 parvos
2212 5160 2308 5213 pa-

736 5238 871 5291 riter
898 5253 961 5291 ac
990 5252 1237 5302 magnos,
1267 5238 1515 5290 eamdem
1549 5238 1914 5291 obedientiam
1948 5237 2053 5291 leni
2100 5238 2307 5301 animo,

734 5329 967 5399 ejusque
998 5345 1159 5383 sensu
1192 5336 1498 5391 contracto,
1536 5328 1794 5397 prierlare
1831 5328 2176 5393 ostendebat;
2209 5344 2306 5382 ceu

738 5422 990 5491 qnzedam
1036 5424 1104 5475 ad
1137 5437 1329 5475 omnes
1378 5421 1635 5475 inanimis
1666 5432 1866 5486 statua,
1896 5421 2083 5476 divino
2118 5424 2310 5477 timore

738 5516 918 5578 ﬁxus;
952 5514 1210 5583 inersque
1238 5514 1305 5567 ad
1348 5514 1399 5565 id
1429 5528 1590 5567 omne
1620 5516 1764 5582 quod
1802 5514 2089 5568 insolentia
2127 5529 2190 5568 ac
2220 5531 2307 5570 ze-

743 5610 856 5669 lus,
906 5606 1196 5677 furorque,
1241 5621 1304 5660 ac
1353 5607 1433 5659 ira
1473 5615 1525 5659 et
1574 5608 1758 5659 odimn
1814 5608 2059 5660 videatur
2095 5624 2109 5660 :
2144 5608 2217 5661 ita
2260 5617 2317 5661 nt

744 5700 962 5756 sodales
1018 5700 1319 5755 monachos
1360 5705 1585 5768 stupore
1623 5698 1877 5767 amt-cret,
1911 5700 2003 5771 qui
2050 5700 2166 5756 suis
2206 5703 2320 5770 ipse

817 5859 837 5890 ⁶
863 5856 991 5911 an.
1024 5875 1084 5921 tt,
1112 5859 1198 5912 52.
1278 5860 1298 5890 "
1340 5856 1514 5913 Eri-le.
1552 5858 1781 5928 xrx,';27.

2409 4693 2473 4744 ἵν’
2503 4690 2645 4743 οῦτω
2677 4691 2744 4742 δι’
2764 4690 3094 4759 ἀμφοτέρων
3120 4688 3239 4742 κατ’
3263 4688 3524 4751 ἐκείνους,
3557 4689 3650 4741 καὶ
3680 4681 3781 4740 ὦδε
3813 4689 3989 4759 τρέχῃ

2408 4786 2466 4836 τὸ
2498 4782 2621 4835 καθ’
2650 4783 2797 4850 ἡμᾶς
2847 4782 3198 4849 Εὐαγγὲλιον.
3238 4780 3398 4832 Ὀλον
3444 4780 3551 4848 γὰρ
3588 4782 3778 4833 ἑαυτὸν
3828 4785 3989 4835 ἐκδε-

2406 4874 2593 4936 δωκὼς
2622 4874 2805 4925 οὑτοσὶ
2837 4874 2864 4924 ὁ
2898 4872 3182 4935 πανόλϐιος
3206 4871 3283 4940 τῷ
3312 4872 3523 4924 ἐκείνου
3554 4874 3843 4942 θελήματι,
3881 4893 3985 4927 και

2412 4965 2588 5036 θάπερ
2640 4983 2723 5027 τις
2774 4965 3035 5033 ἀθέλητος
3095 4965 3378 5035 ἄνθρωπος
3407 4959 3474 5032 ἦν
3507 4966 3568 5018 τό
3602 4982 3663 5033 γε
3713 4969 3791 5028 εἰς
3823 4968 3996 5019 αὐτὸ]

2412 5052 2565 5128 ἦχον,
2612 5058 2801 5128 πόρρω
2856 5058 2949 5110 καὶ
2985 5057 3204 5127 μακρὰν
3252 5059 3361 5111 τῶν
3412 5060 3631 5111 οἰκείων
3662 5060 3997 5128 θεληματων

2414 5151 2717 5219 γινόμενος.
2765 5150 2839 5202 Οὐ
2886 5151 3023 5221 πρὸς
3069 5150 3230 5202 αὑτὸν
3264 5151 3340 5214 δὲ,
3393 5152 3526 5204 ἀλλά
3558 5152 3653 5203 καὶ
3700 5152 3835 5222 πρὸς
3862 5156 3996 5216 τοῦς

2414 5242 2610 5311 ἑφεξῆς
2653 5240 2881 5311 μικρούς
2919 5259 2977 5293 τε
3016 5242 3106 5293 καὶ
3147 5243 3439 5311 μεγάλους,
3472 5242 3568 5311 τὴν
3600 5244 3769 5312 αὐτὴν
3799 5244 3996 5296 εὐπεί-

2416 5334 2565 5386 θειαν
2600 5334 2693 5385 καὶ
2731 5333 2977 5402 ὑπακοὴν
3009 5334 3197 5403 πράως
3230 5335 3367 5403 μετὰ
3398 5335 3491 5403 τῆς
3520 5334 3613 5386 τοῦ
3643 5336 4001 5405 φρονήματος

2419 5427 2680 5493 συστολῆς
2708 5426 3053 5477 ἐπεδείκνυεν
3076 5444 3087 5454 ·
3114 5420 3225 5477 οἷόν
3252 5443 3333 5488 τις
3358 5426 3561 5495 ddo/.9;
3586 5427 3806 5495 ἀνδριὰς
3837 5432 4004 5498 ἐστη-

2418 5518 2658 5588 λιιιμένος
2691 5517 2769 5587 τῷ
2810 5516 2939 5588 θείῳ
2963 5517 3067 5586 φόϐ
3087 5539 3113 5585 ρ
3145 5519 3281 5589 πρὸς
3312 5518 3595 5582 ἅπαντας·
3627 5520 3910 5589 ἄπρακτος
3940 5522 4007 5575 δὲ

2422 5611 2692 5680 διαμένων
2744 5611 2880 5681 πρὸς
2919 5612 3026 5663 πᾶν
3077 5610 3106 5662 ὃ
3137 5611 3442 5681 περπερεία
3481 5614 3575 5665 καὶ
3615 5612 3796 5680 ζῆλος,
3827 5614 4004 5682 θυμός

2426 5721 2483 5755 τε
2529 5704 2621 5756 καὶ
2649 5703 2809 5774 ὀργὴ,
2844 5704 2938 5756 καὶ
2970 5702 3261 5774 ἀπέχθεια·
3296 5705 3371 5767 ὡς
3408 5707 3501 5757 καὶ
3531 5706 3655 5769 τοὺς
3690 5722 4005 5760 συνασκου-
