4168 6450
222 476 327 535 873

1305 470 1481 531 VITA
1519 471 1578 533 S.
1620 467 1924 531 ΝῘΟΟῙΑῘ
1965 464 2326 529 ΞΤΙΙΒΙΤμῘΞ.

3343 457 3445 523 8⁵14

226 585 421 651 μένους
471 578 893 649 καταπλήττειν,
947 578 1014 631 δι’
1055 572 1127 631 ὧν
1176 578 1303 647 ἕδρα
1345 580 1646 648 προδήλως,
1689 596 1783 647 με·

1900 579 2072 646 palani
2104 577 2378 645 operibus,
2428 590 2680 645 magnum
2708 576 2787 631 eis
2828 574 3027 628 occulti
3065 572 3302 627 hominis
3327 588 3447 639 Spe-

221 675 397 743 γάλην
428 675 611 735 αὐτοῖς
642 670 736 723 τοῦ
781 671 1019 739 ἀφανοῦς
1064 669 1353 738 ἀνθρώπου
1391 669 1659 738 προτιθῶν
1691 670 1785 735 τὴν

219 764 517 828 ἀπόδειξιν.

301 856 362 908 '0
394 856 501 926 γὰρ
530 857 632 924 τῆς
654 854 936 915 εὐσεϐείας
972 854 1111 923 ἔρως
1139 854 1200 906 οὐ
1230 852 1412 907 δίδωσι
1454 854 1613 923 κόρον
1654 852 1789 910 ὅλως

216 949 318 1015 τὴν
369 948 605 1001 ἁλοῦσαν
666 949 750 1016 ἐφ’
801 948 995 1001 ἑαυτὸν
1042 948 1219 1017 ψυχὴν
1277 946 1405 1018 [1:29.
1468 950 1533 1016 τῇ
1587 946 1791 1019 ἀλούσῃ

215 1036 406 1107 ψυχῇ]
446 1038 544 1105 τῆς
581 1040 819 1105 ἐφέσεως
842 1055 854 1067 ο
890 1038 1000 1106 πῦρ
1032 1039 1089 1091 δὲ
1127 1041 1278 1109 πυρὶ,
1312 1040 1407 1091 καὶ
1446 1039 1593 1108 πόθῳ
1628 1041 1790 1092 πόθον

216 1131 556 1197 προστιθεὶς,
580 1131 786 1196 ἐγκαίει
812 1130 904 1182 τὸν
931 1132 1187 1200 ἐραστὴν,
1227 1132 1321 1182 καὶ
1356 1132 1624 1201 ἀήττητον
1656 1132 1790 1200 πρὸς

216 1220 326 1269 πᾶν
374 1218 552 1271 ὁτιοῦν
589 1219 981 1287 ἀπεργάζεται.
1028 1221 1124 1281 Τίς
1180 1219 1288 1289 γὰρ
1336 1222 1545 1273 ἐκείνου
1589 1222 1790 1290 μᾶλλον

213 1309 313 1375 τὴν
343 1310 547 1378 ἀρετὴν
581 1316 1004 1379 κατησπάσατο,
1060 1310 1412 1365 πλουτοποιὸν
1460 1313 1790 1366 ταπείνωσιν

213 1400 274 1449 ἐν
305 1398 632 1468 ὑπερέχοντι
673 1400 749 1468 τῷ
783 1402 1092 1469 φρονήματι
1114 1443 1127 1463 ,
1166 1404 1259 1454 καὶ
1294 1405 1547 1472 φρόνημα
1576 1405 1789 1467 εὐτελὲς

210 1492 270 1540 ὲν
315 1491 495 1559 ξιφηλῇ
527 1494 594 1559 τῇ
645 1493 971 1543 ταπεινώσει
1006 1495 1391 1561 κτησά;ι.ενος;
1427 1495 1521 1558 Τίς
1572 1496 1667 1557 τὰς
1707 1498 1789 1547 αἰ-

214 1582 437 1651 σθήσεις
493 1584 633 1633 οὕτω
684 1583 862 1645 καλῶς
916 1585 1296 1648 ἐξεπαίδευσε,
1351 1585 1460 1636 τῶν
1516 1586 1788 1650 αἰσθητῶν

210 1676 291 1733 εἰς
326 1674 394 1726 τὰ
415 1674 558 1743 ὑπὲρ
582 1675 834 1744 αἴσθησιν
864 1676 1066 1738 ταύτας
1094 1676 1403 1743 φιλοσοφεῖν
1436 1695 1788 1747 παρασκευα-

210 1766 488 1833 σάμενος;
528 1767 623 1829 Τίς
672 1766 770 1836 τὴν
802 1767 1062 1837 φρόνησιν
1099 1770 1237 1836 μετὰ
1272 1771 1371 1837 τῆς
1410 1770 1683 1839 ἀνδρείας,
1715 1769 1789 1831 ὼς

211 1853 375 1922 φίλας
418 1855 674 1924 δυνάμεις
714 1857 951 1926 ἁρίστως
986 1857 1123 1927 [Ieg.
1177 1858 1252 1919 ὠς
1283 1853 1455 1923 οὗτος,
1487 1875 1575 1911 seu
1609 1858 1786 1929 οὓτωι

1892 669 2065 720 cimen
2100 667 2395 722 exhiberet.

1964 845 2190 903 Pietatis
2237 846 2505 915 siquidem
2556 862 2711 902 amor
2756 847 2957 900 nullam
3003 844 3257 901 desiderii
3294 845 3460 899 satie~

1894 947 2078 1002 tatem,
2116 947 2175 991 ut
2217 952 2283 990 ne
2315 945 2507 1005 captus
2540 938 2754 992 animus
2789 939 2840 992 in
2889 952 3013 991 eum
3069 938 3291 1002 feratur,
3330 952 3452 1007 per-

1893 1032 2051 1085 mittit
2084 1052 2097 1087 :
2131 1033 2263 1100 quin
2305 1032 2480 1099 ignem
2509 1030 2638 1099 igni,
2670 1031 3115 1099 desideriumque
3156 1032 3456 1099 adjnngéns

1892 1122 2181 1187 desiderio,
2221 1130 2494 1176 amantem
2541 1123 2799 1188 incendit,
2834 1134 2994 1192 atque
3017 1123 3084 1177 ad
3112 1139 3224 1176 rem
3259 1140 3453 1192 quam-

1894 1214 2019 1268 libet
2050 1216 2472 1283 insuperabilem
2503 1214 2694 1267 reddit.
2724 1214 2856 1280 Quis
2898 1216 3042 1269 enim
3076 1231 3186 1285 pra:
3224 1216 3316 1268 illo
3348 1216 3456 1270 vir-

1894 1313 2058 1358 tutem
2092 1304 2436 1372 amplexatus
2466 1312 2581 1366 est,
2615 1303 2935 1357 humilitatis
2977 1304 3197 1359 divitias
3235 1305 3288 1358 in
3319 1307 3456 1360 emi-

1894 1396 2040 1448 nenti
2092 1395 2407 1465 possidente
2446 1410 2644 1459 sensu,
2699 1408 3030 1463 sensumque
3088 1395 3356 1465 abjectum
3399 1396 3451 1449 in

1892 1484 2106 1537 sublimi
2142 1484 2482 1537 humilitate?
2518 1484 2653 1549 Quis
2684 1485 2765 1539 sic
2798 1485 2931 1538 bene
2961 1501 3156 1539 sensus
3189 1487 3446 1548 instituit,

1889 1593 1952 1631 ex
1994 1578 2316 1639 sensilibus,
2370 1593 2429 1630 ea
2469 1594 2588 1646 quae
2640 1589 2901 1646 superant
2946 1594 3191 1641 sensum,
3252 1579 3457 1635 faciens

1890 1667 2299 1735 philosOpbati?
2340 1667 2474 1733 Quis
2528 1669 2865 1737 prudentiam
2917 1685 3039 1724 cum
3100 1670 3455 1735 fortitudine,

1889 1770 1987 1809 ceu
2043 1756 2247 1809 amicas
2297 1757 2440 1810 vires
2487 1760 2691 1827 optime
2742 1760 2877 1812 adeo
2911 1762 3229 1829 cuujugans,
3287 1760 3457 1833 Lydio

1889 1849 1991 1903 sibi
2025 1864 2214 1912 curru,
2248 1858 2306 1903 ut
2336 1851 2514 1905 verbis
2563 1860 2734 1920 poetae
2777 1852 2989 1921 loquar.
3037 1868 3255 1909 cursum
3298 1854 3457 1909 fecit?

209 1942 367 2015 οἶμαι
411 1947 694 2013 συζεύξας,
729 1948 817 2002 διὰ
849 1949 1044 2002 Λύδιον
1090 1951 1240 2019 ἆρμα
1291 1950 1456 2015 θέειν,
1492 1951 1783 2020 ποιητικῶς

1893 1939 2055 1992 Plane
2106 1939 2183 1992 uti
2235 1940 2475 2008 prudens
2521 1942 2886 2011 dispensator.
2934 1958 3028 1997 seu
3070 1945 3234 1999 etiam
3284 1945 3457 2000 tidelis

208 2040 407 2102 εἰπεῖν,
441 2041 619 2110 ἑαυτῷ
676 2043 1109 2110 κατειργάσατο;
1146 2043 1235 2106 Ὠς
1279 2044 1537 2114 φρόνιμος
1585 2045 1788 2097 οἰκονό-

210 2147 331 2196 μος,
365 2130 398 2198 ἢ
434 2132 528 2184 καὶ
575 2133 763 2195 πιστὸς
792 2132 976 2197 δοῦλος
1009 2135 1273 2201 ἑκατέρας
1304 2136 1364 2187 τὸ
1397 2136 1704 2205 πρόσφορον
1734 2137 1791 2187 ἐν

205 2215 564 2290 δικαιοσύνῃ,
596 2221 660 2290 τῇ
694 2222 791 2289 μὲν
840 2223 905 2290 τῇ
965 2223 1159 2291 σαρκὶ,
1218 2226 1283 2292 τῇ
1323 2224 1378 2275 δὲ
1405 2224 1483 2294 τῷ
1520 2225 1786 2295 πνεύματι

203 2306 540 2375 διεμέρισεν.

293 2399 653 2468 Ἐγκρατείας
680 2401 737 2454 δὲ
768 2402 865 2470 τὴν
900 2404 1180 2473 ποιότητα,
1234 2406 1329 2459 καὶ
1359 2408 1666 2477 ἀγρυπνέας
1691 2410 1786 2477 τὴν

205 2490 393 2558 νῆψιν,
428 2492 523 2543 καὶ
543 2494 855 2562 προσευχῆς
876 2495 937 2546 τὸ
964 2498 1282 2565 ἀκρότατον,
1306 2502 1399 2551 καὶ
1424 2501 1675 2568 δακρύων
1693 2501 1786 2553 τὸν

206 2583 511 2651 φωτισμὸν,
548 2585 629 2645 τίς
659 2585 722 2636 ἄν
749 2586 857 2636 τῶν
894 2588 1103 2639 πολλῶν
1136 2590 1288 2655 μίαν,
1331 2591 1405 2651 ὡς
1438 2584 1593 2652 οὗτος
1629 2592 1788 2659 μόνος

204 2676 428 2736 ἁπάσας
478 2676 800 2745 ﬁdius-24w;
849 2676 925 2731 ὧν
975 2680 1074 2748 τῆς
1112 2683 1208 2749 μὲν
1250 2683 1347 2751 τὴν
1396 2687 1784 2752 σωφροσύνην,

201 2765 306 2831 τῆς
330 2766 389 2816 δὲ
413 2766 510 2835 τὴν
526 2768 778 2837 θεωρίαν,
802 2773 899 2839 τῆς
921 2770 978 2821 δὲ
993 2771 1089 2839 τὴν
1118 2772 1429 2834 κατὰνυξιν,
1465 2773 1570 2824 τῶν
1599 2772 1654 2825 δὲ
1688 2774 1785 2843 τῆς

202 2858 433 2922 ἁγνείας
448 2860 541 2910 τὸν
558 2860 825 2929 ἀγιασμὸν
843 2864 1353 2930 ἐπορίσατο.Ἒνθεν
1379 2866 1516 2918 κατὰ
1534 2867 1622 2917 τὸν
1638 2867 1786 2919 Σολοο

206 2949 420 3016 μῶντα,
442 2950 520 3015 τῷ
533 2951 740 3019 γέλωτι
788 2956 885 3023 μὲν
908 2958 1259 3023 παραφορὰν
1283 2957 1381 3026 (7),
1398 2958 1496 3026 τὴν
1515 2959 1569 3010 δὲ
1591 2960 1783 3027 λοιπὴν

206 3039 304 3089 τοῦ
348 3041 599 3109 σώματος
627 3045 987 3113 εὐφροσύνην,
1016 3048 1209 3109 πένθος
1244 3047 1555 3116 ὠνόμασενο
1583 3049 1670 3100 ἐπ’
1693 3049 1782 3100 ού-

200 3131 354 3192 δενὸς
384 3132 496 3184 τῶν
515 3133 815 3187 δοκούντων
844 3138 1011 3205 ἡδέων
1035 3139 1127 3189 τοῦ
1160 3140 1421 3207 παρόντος
1452 3140 1644 3202 αἰῶνος
1670 3143 1781 3192 ὲπι-

200 3222 564 3291 τερπόμενος.
609 3227 839 3289 Κλεῖδας
887 3228 995 3296 γὰρ
1045 3229 1236 3298 ῶσπερ
1282 3230 1342 3281 τὸ
1388 3230 1644 3300 τριμερὲς
1687 3231 1782 3298 τῆς
1811 3267 1850 3317 (λ

202 3311 388 3381 ψυχῆς
432 3313 525 3364 τὸν
571 3316 664 3366 τοῦ
696 3316 831 3367 Θεοῦ
864 3319 1025 3384 φόϐον
1054 3318 1140 3371 διὰ
1163 3320 1261 3387 τῆς
1308 3320 1577 3383 ἀπαθείας
1627 3338 1776 3388 περι-

205 3407 506 3473 στοιχήσας
544 3408 743 3469 καλῶς.
779 3410 879 3461 ούκ
909 3413 1055 3462 εἴασε
1087 3410 1172 3462 διὰ
1212 3412 1319 3463 τῶν
1352 3412 1656 3481 αἰσθήσεων
1684 3414 1779 3475 τὰς

201 3495 478 3561 ἐμπαθεῖς
538 3497 745 3565 ὀρέξεις
812 3500 1151 3567 ἁποσυλῆσαι
1237 3501 1325 3552 τὸν
1382 3502 1611 3553 πλοῦτον
1685 3503 1778 3554 τοῦ

202 3589 540 3654 πνεύματος.
576 3588 735 3641 Ὅθεν
760 3590 1159 3660 ἀπερίτρεπτος
1184 3592 1388 3662 ὒπῆρξε
1406 3593 1611 3655 λοιπὸν,
1644 3594 1778 3663 πρὸς

199 3679 264 3726 τὸ
294 3676 464 3739 ὅντως
505 3679 695 3745 ἐφετὸν
730 3681 1251 3749 ἐναποκρεμὰμενος
1273 3700 1287 3714 ·
1336 3684 1431 3735 καὶ
1465 3685 1563 3736 οὐκ
1608 3684 1776 3747 ἔστιν,

201 3767 291 3818 ἵνα
320 3770 603 3837 συντόμως
639 3770 799 3833 εἴπω,
838 3772 946 3823 τῶν
979 3773 1235 3827 ἁπάντων
1268 3775 1440 3839 οἰδὲν,
1468 3776 1540 3838 ῶς
1570 3794 1651 3839 τις
1673 3776 1777 3845 ἔφη

205 3859 375 3925 σοφὸς
397 3900 413 3924 ,
446 3862 532 3927 ἐφ’
558 3862 664 3930 ὅτῳ
697 3863 816 3931 οὐχὶ
846 3863 952 3914 τῶν
981 3866 1235 3917 ἁπάντων
1271 3867 1591 3936 ἐκράτησεν.

695 4010 700 4027 .

277 4043 374 4093 Ὠ,
406 4042 458 4093 τί
496 4061 601 4112 περ
627 4043 731 4097 ἔδει
762 4045 998 4097 τοιοῦτον
1024 4046 1170 4110 ὄντα,
1199 4047 1293 4099 καὶ
1323 4048 1380 4098 ἐν
1409 4050 1473 4118 τῇ
1500 4047 1677 4115 φύσει,
1716 4048 1782 4101 τὰ

201 4136 344 4204 ὑπὲρ
400 4136 599 4205 ταύτην
644 4138 1111 4207 διαπραξάμενον·
1168 4141 1258 4192 καὶ
1313 4141 1500 4205 ἄρτιον
1548 4145 1613 4209 τῇ
1660 4141 1780 4193 καθ’

197 4229 351 4293 ἡμᾶς
390 4228 553 4294 γενεᾷ
580 4229 987 4298 χρηματίζοντα
1018 4230 1327 4301 ἄνθρωπον,
1364 4231 1456 4283 ἐπὶ
1494 4232 1553 4283 τὸ
1582 4231 1776 4283 τελεώ-

199 4335 361 4387 τερον
390 4318 712 4387 ἀναχθῆναι,
741 4320 835 4372 ita“.
876 4322 966 4373 ἐπὶ
1008 4321 1106 4390 τὴν
1139 4320 1358 4391 λυχνίαν
1395 4322 1637 4388 τεθῆναι,
1688 4322 1771 4388 γέ-

202 4428 305 4478 ρας
344 4411 456 4461 τῶν
506 4413 680 4463 πόνων
732 4414 793 4464 τὸ
823 4414 929 4464 τῶν
978 4414 1190 4482 ἀρετῶν
1222 4413 1355 4482 ὕψος
1408 4415 1547 4482 μέγα
1581 4413 1645 4483 δὴ
1684 4414 1781 4483 τὴν

201 4502 509 4570 ἱερωσύνην
536 4503 968 4573 ἀποληψόμενον.
1001 4508 1108 4559 Καὶ
1147 4507 1212 4576 δὴ
1243 4507 1491 4577 προήχθη
1529 4507 1627 4577 μὲν
1662 4507 1782 4559 κατ’

199 4594 382 4658 ἀξίαν,
424 4594 521 4647 καὶ
550 4596 611 4647 ού
657 4596 837 4659 καθὼς
872 4614 1015 4660 τινες
1050 4598 1386 4670 ἐπιδραμὼν,
1437 4599 1469 4670 ἢ
1505 4603 1779 4668 ἐμπορευ-

199 4691 440 4755 σάμενος
482 4688 560 4757 τῷ
608 4688 921 4759 δωρήματι’
962 4691 1209 4744 κελεύσει
1242 4693 1297 4744 δὲ
1356 4693 1516 4761 μόνον
1546 4692 1642 4760 τῆς
1674 4710 1776 4745 πα-

196 4782 395 4849 τρικῆς
428 4779 669 4849 ἐντολῆς,
709 4783 802 4833 καὶ
835 4782 1179 4852 παρακλήσει
1209 4783 1305 4852 τῆς
1333 4783 1519 4853 κοινῆς
1552 4783 1776 4850 ἁδελφό-

196 4889 381 4939 τητπ.
422 4873 661 4940 Ἤρκεσε
694 4873 801 4941 γὰρ
834 4873 981 4943 αὐτῷ
1016 4873 1151 4943 πρὸς
1183 4873 1281 4943 τὴν
1310 4873 1564 4942 τοιαύτην
1596 4873 1751 4925 εὐπεί

198 4961 372 5023 θειαν,
424 4963 458 5029 ὴ
492 4960 601 5011 τῶν
647 4960 858 5012 πολλῶν
914 4960 1203 5030 θεραπεία,
1236 4962 1327 5013 καὶ
1362 4961 1471 5013 τῶν
1513 4961 1651 5029 ὑπὲρ
1684 4960 1775 5011 δύ-

202 5068 366 5120 ναμιν
398 5051 782 5120 ἐπιϐήσεσθαι.
810 5052 945 5105 Οὐδὲ
974 5052 1126 5121 γὰρὸ
1152 5052 1249 5119 τῆς
1276 5052 1522 5121 ὑπακοῆς
1545 5051 1779 5121 ἐραστὴς

265 5233 287 5264 ⁸
320 5231 468 5284 Eccl.
510 5246 570 5296 ll,
598 5231 654 5287 ‘2.

1892 2046 2106 2094 servus,
2150 2033 2294 2100 quod
2333 2034 2547 2101 utrique
2580 2034 2921 2091 conducibile
2954 2048 3105 2101 erat,
3142 2054 3249 2108 qua
3280 2039 3452 2104 carni,

1891 2137 1996 2191 qua
2038 2124 2272 2192 spiritui,
2303 2125 2447 2193 jttsta
2486 2128 2639 2178 lance
2664 2127 2866 2181 divisit.

1960 2396 2319 2449 Coruini-mire
2355 2412 2518 2465 porro
2573 2398 2910 2465 qualitatem,
2958 2401 3263 2470 vigiliarum
3291 2404 3456 2459 sedu-

1892 2489 2117 2548 litatem,
2149 2489 2470 2543 altissimam
2503 2506 2723 2559 precum
2771 2494 3059 2559 rationem,
3094 2495 3453 2564 lacrymarum

1891 2581 2341 2635 illuminationeni
2366 2623 2380 2647 ,
2431 2584 2554 2652 quis
2584 2585 2663 2638 vel
2694 2600 2856 2638 unam
2889 2602 2917 2639 e
2968 2588 3172 2653 multis,
3206 2590 3284 2642 uti
3315 2606 3457 2644 unus

1889 2672 2001 2740 ipse
2028 2673 2311 2727 universas
2334 2674 2656 2727 alternavit?
2690 2675 2918 2741 Quibus,
2954 2678 3291 2732 continentia
3332 2680 3454 2747 qui-

1886 2765 2032 2825 dem,
2068 2765 2268 2817 mentis
2294 2766 2643 2820 sobrietatem
2673 2770 3044 2837 comparavit;
3074 2769 3296 2841 vigiliis,
3327 2787 3457 2825 ron-

1889 2855 2291 2923 templationem
2314 2872 2327 2918 ;
2352 2856 2627 2923 precibus,
2646 2859 3152 2927 compunctionem;
3180 2859 3454 2931 lacrymis.

1887 2947 2154 3001 castitatis
2199 2950 2708 3005 sanctilicationem.
2757 2949 3122 3016 Quamobrem
3155 2954 3307 3021 juxta
3357 2954 3457 3008 Sa-

1887 3036 2180 3098 lmnoaem,
2232 3037 2362 3089 risui
2405 3038 2622 3105 quidem
2662 3040 2799 3092 dixit
2840 3041 3107 3093 errorem8
3142 3061 3155 3095 :
3189 3042 3452 3122 re’liqnam

1888 3141 2016 3179 vero
2046 3127 2290 3195 corporis
2318 3127 2673 3196 voluptatein,
2707 3129 2910 3182 luctum
2945 3131 3241 3185 nominavit
3268 3148 3282 3195 ;
3313 3133 3457 3185 nullo

1887 3233 2074 3271 eorum
2111 3219 2433 3283 delectatus,
2468 3236 2589 3288 quae
2627 3236 2742 3275 aevo
2794 3224 2896 3276 hoc
2934 3223 3114 3275 dulcia
3150 3222 3455 3279 vidcantur:

1888 3310 1998 3364 Ceu
2032 3311 2174 3363 enim
2209 3311 2494 3376 claustris,
2534 3312 2625 3367 Dei
2661 3324 2837 3375 metu,
2879 3330 2972 3383 per
3002 3316 3314 3385 passionum
3362 3335 3454 3371 va-

1885 3406 2163 3466 cuitatem,
2216 3403 2481 3471 triplicem
2529 3407 2693 3473 probe
2747 3407 2986 3461 animam
3041 3409 3285 3477 cingens,
3348 3426 3455 3464 non

1886 3496 2010 3548 sivit
2045 3505 2103 3549 ut
2144 3496 2465 3564 cupiditates
2500 3498 2893 3565 perturbationi
2946 3502 3270 3570 conjunctae,
3318 3504 3456 3558 divi-

1885 3587 1987 3639 tias
2019 3586 2265 3653 spiritus,
2296 3601 2554 3640 sensuum
2591 3588 2778 3656 rapina
2822 3590 3216 3657 praedarentur.
3247 3591 3454 3659 Quam-

1884 3676 2068 3729 obrem
2102 3678 2466 3745 impermotus
2511 3680 2740 3744 exstitit,
2783 3694 2811 3731 a
2843 3695 2970 3733 vero
3001 3682 3255 3751 deinceps
3290 3700 3452 3754 appe-

1884 3769 2024 3822 tibili
2059 3770 2322 3839 pendens.
2353 3775 2527 3839 Atque
2554 3781 2610 3824 ut
2641 3772 2804 3825 verbo
2834 3772 3034 3835 dicam,
3070 3776 3201 3829 nihil
3233 3791 3456 3844 prorsus

1882 3869 1967 3915 est
1992 3862 2394 3923 universorum,
2421 3863 2620 3931 utquis
2647 3864 2863 3932 sapiens
2889 3866 2987 3929 ait,
3019 3864 3196 3935 inquo
3232 3866 3321 3922 ille
3346 3882 3454 3921 non

1882 3971 2070 4009 omnes
2106 3955 2395 4024 superarit.

1954 4047 2319 4112 Quamobrem
2350 4062 2447 4115 par
2479 4056 2615 4111 erat,
2654 4059 2709 4100 ut
2740 4048 2832 4116 qui
2867 4049 2988 4104 talis
3011 4060 3176 4116 esset,
3200 4061 3363 4122 atque
3399 4054 3454 4106 in

1884 4146 2100 4198 natura,
2128 4154 2248 4201 qua:
2279 4154 2443 4206 supra
2478 4148 2725 4191 naturam
2758 4148 2911 4193 erant
2943 4143 3262 4211 peregisset,
3326 4145 3451 4213 qui-

1885 4247 1991 4300 que
2022 4247 2136 4285 aevo
2168 4239 2354 4284 nostro
2385 4229 2654 4299 perfectus
2696 4232 2857 4285 homo
2892 4232 3125 4295 audiret,
3165 4235 3231 4288 ad
3278 4235 3456 4304 perfe-

1886 4319 2107 4372 ctioreni
2163 4318 2388 4387 gradum
2442 4319 2849 4387 proveherelnr,
2903 4322 3263 4393 laborumque
3312 4341 3451 4393 prte-

1885 4410 2077 4471 mium,
2113 4424 2364 4478 magnum
2400 4410 2529 4463 illud
2570 4412 2832 4464 virtutum
2871 4413 3168 4481 fastigium,
3202 4418 3455 4472 sacerdo-

1886 4504 2019 4555 tium
2054 4503 2343 4571 recipiens,
2377 4518 2539 4571 super
2558 4504 2941 4558 candelabrum
2966 4519 3280 4574 poneretur.
3312 4509 3455 4565 Sane

1814 4616 1858 4672 ο
1886 4610 2015 4649 vero
2047 4605 2333 4664 provectus
2367 4609 2443 4649 est
2488 4610 2583 4664 pio
2616 4598 2790 4649 meriti
2832 4599 3057 4662 ratione,
3099 4616 3203 4654 non
3242 4612 3300 4655 ut
3328 4604 3454 4673 qui-

1883 4682 2031 4746 dam,
2054 4698 2080 4734 a
2108 4698 2165 4735 se
2188 4684 2302 4751 ipso
2333 4699 2677 4751 procurrens,
2704 4696 2862 4740 autve
2891 4698 3162 4744 mercatus
3188 4707 3413 4748 munere
3437 4711 3452 4749 :

1886 4775 1980 4825 sed
2046 4772 2217 4826 Patris
2264 4774 2377 4826 sola
2426 4775 2695 4843 iussione,
2754 4792 2817 4832 ac
2863 4777 3093 4833 fratrum
3149 4785 3456 4840 communis

1882 4877 2059 4921 curtus
2088 4868 2484 4921 obsecratione.
2518 4868 2725 4937 Quippe
2756 4871 2890 4925 satis
2932 4872 2979 4925 ei
3016 4882 3132 4928 erat
3183 4876 3248 4929 ad
3288 4878 3448 4932 talem

1883 4960 2195 5013 suasionem
2218 4998 2234 5021 ,
2271 4960 2561 5012 multorum
2598 4976 2750 5023 cura,
2792 4973 2845 5015 et
2902 4974 2960 5018 ut
3006 4967 3211 5021 viribus
3246 4969 3450 5036 majora

1884 5050 2079 5104 adiret.
2143 5049 2251 5104 Nec
2318 5050 2461 5103 enim
2528 5051 2848 5110 obedientia:
2903 5070 3096 5111 amans
3146 5058 3447 5125 periruluin

1359 5350 1609 5405 FRANC.
1636 5348 2015 5405 COMBEFISII
2052 5347 2279 5403 NOT/E.

268 5516 369 5587 (ἲ).
406 5511 777 5587 Siellieron.,
798 5512 1131 5587 ubiHebrzea
1159 5498 1333 5587 ὅθι-ΗΞ
1352 5513 1493 5568 LXX
1526 5534 1775 5587 παραφο-

200 5585 297 5653 ράν
324 5601 337 5613 ·
377 5585 454 5636 uti
506 5586 592 5654 hic
631 5594 820 5637 auctor
866 5586 1018 5646 citat,
1058 5601 1120 5638 ac
1165 5586 1301 5639 bene
1342 5585 1631 5654 respondet
1669 5588 1775 5641 lle-

201 5656 403 5726 braica:
437 5653 530 5726 illi
568 5655 712 5713 vovi.
769 5670 931 5726 quam
972 5656 1150 5726 Arias;
1179 5656 1364 5708 insane
1413 5653 1587 5710 reddit
1623 5676 1636 5711 :
1676 5673 1775 5726 pro

202 5740 332 5797 qua_
359 5722 532 5797 videri
556 5732 745 5797 potest
774 5725 1077 5797 _Pagninus.
1127 5724 1339 5797 Sixtina
1373 5727 1573 5797 habent
1617 5722 1773 5797 πέρι-

202 5794 395 5865 φοράν,
436 5795 723 5861 redditque
774 5794 1543 5865 interprescircumlationem
1575 5812 1593 5848 :
1626 5794 1770 5865 quod

199 5878 309 5920 non
339 5863 536 5934 placet,
559 5879 658 5919 nec
683 5874 863 5933 putem
891 5863 1108 5919 aliunde
1127 5880 1291 5937 quam
1320 5882 1385 5921 ex
1411 5863 1768 5922 scribentium

529 5958 797 6019 Ριτκοι..
836 5958 951 6020 Gn.
986 5958 1110 6022 CV.

1878 5533 2064 5598 errore
2117 5519 2261 5571 aliud
2307 5535 2405 5598 pro
2453 5519 2918 5598 alio_irrepsi_s_se.
2976 5522 3193 5593 Grcgor.
3236 5543 3452 5598 quoque

1879 5587 2321 5670 Tliaumaturgus
2354 5590 2554 5670 citatus
2582 5592 2633 5641 in
2670 5593 2913 5670 scholiis,
2943 5610 3048 5647 non
3080 5587 3265 5650 vocem
3294 5587 3451 5670 περι-

1875 5661 2071 5731 φοράν,
2098 5661 2191 5713 sed
2234 5661 2562 5730 παραφορὰν
2602 5666 2856 5730 exponit;
2892 5680 3013 5731 qm»
3059 5676 3268 5720 motum
3302 5661 3451 5723 illum

1874 5730 1996 5798 είκῆ
2048 5740 2229 5794 sonat,
2274 5746 2336 5781 ac
2379 5741 2583 5783 motuin
2631 5743 2864 5793 temere;
2910 5730 3049 5788 unde
3095 5736 3451 5794 translatione

1876 5800 2230 5879 ad_animum
2284 5799 2483 5880 dicitur
2533 5803 2758 5871 agitatio
2807 5803 2918 5869 illa,
2956 5819 3078 5875 qua
3125 5816 3209 5861 est
3247 5819 3448 5878 prater

1872 5873 2159 5936 rationem,
2197 5884 2260 5926 ac
2288 5873 2523 5926 insania.

2939 5966 3019 6026 28
