4168 6450
176 458 276 523 δἹΤ

174 573 429 639 ὑπάρχει
477 565 872 634 κεράσματος.
922 559 1066 628 lli-"qv
1108 557 1197 608 τὸν
1229 555 1451 622 ἀδελφὸν
1495 555 1522 606 ό
1579 552 1751 621 μέγας
1785 557 1822 608 Α

171 662 356 729 οὑτοσὶ
401 657 840 730 προσηκάμενος,
883 654 976 704 καὶ
1009 647 1383 718 ἁποκαρθῆναι
1419 645 1598 705 καλῶς
1631 643 1747 712 βου

170 752 532 820 λευσάμενος,
581 745 860 814 σύνδρομα
912 741 1054 794 οέειν
1097 736 1246 805 αὐτῷ
1301 733 1750 806 παρεσκεύασενο

171 844 312 896 ἀλλὰ
340 844 434 895 καὶ
463 842 575 901 τοῖς
611 838 835 908 τρόποις
867 835 1050 896 αυτοῖς
1085 829 1366 896 ἀναδείξας
1397 825 1750 894 αὐτάδελφον.

248 934 378 1006 Εἶχε
414 935 512 1004 μὲν
541 933 633 987 οὖν
663 936 691 986 ὁ
725 932 901 993 κοινὸς
933 928 1092 998 ἡμῶν
1121 926 1308 995 Πατὴρ
1355 926 1447 976 καὶ
1495 921 1588 975 τοῦ
1621 923 1756 991 Χρι-

175 1030 308 1082 στοῦ
336 1028 591 1097 θεράπων
617 1023 906 1082 Νικόλαος,
935 1020 1029 1072 καὶ
1058 1019 1146 1072 τὸν
1173 1019 1372 1071 οἰκεῖον
1405 1015 1517 1084 βίον
1548 1014 1759 1067 σιωπῶ-

177 1137 280 1171 σαν
331 1117 652 1189 παραίνεσιν
674 1132 687 1144 ·
735 1113 848 1184 εἶχε
897 1113 952 1164 δὲ
995 1113 1088 1164 καὶ
1118 1112 1208 1163 τὸν
1235 1110 1460 1175 ἀδελφὺν
1493 1106 1682 1176 ὥσπερ
1707 1123 1756 1157 τι

173 1211 638 1280 ἀπηκριϐωμένον
704 1207 812 1261 τῶν
867 1207 1034 1260 αὑτοῦ
1103 1202 1548 1272 κατορθωμάτων
1607 1201 1755 1253 εἰκό-

174 1305 382 1370 νισμα’
417 1299 560 1370 εἶχον
590 1301 644 1352 δὲ
681 1301 882 1362 πάντες
921 1299 994 1360 ὡς
1029 1297 1187 1350 ἄλλον
1230 1295 1350 1347 τινὰ
1385 1296 1546 1363 μέσον
1574 1293 1756 1353 αὐτοῖς

175 1397 298 1456 ταῖς
329 1394 438 1445 τῶν
471 1391 683 1461 ἀρετῶν
717 1389 1026 1450 ἐπιστολαῖς
1066 1386 1556 1456 καταστράπτοντα
1584 1382 1756 1452 ἣλιον,

176 1487 237 1537 τὸ
270 1486 606 1554 Θεοδώρητον
655 1484 842 1554 χρῆμα
883 1483 977 1534 καὶ
1021 1480 1315 1549 ψυχωφελῆ
1351 1479 1638 1547 ἑστιάτορα
1671 1474 1761 1525 τὸν

181 1580 360 1646 μέγαν
407 1578 684 1648 Θεόδωρον
705 1592 718 1605 ⁸
768 1577 864 1629 καὶ
897 1572 964 1644 ἦν
994 1575 1068 1636 ὡς
1095 1573 1307 1643 άληθῶς
1342 1573 1403 1624 τὸ
1433 1571 1534 1638 τῆς
1560 1569 1760 1640 ἀρετῆς

177 1665 588 1736 παιδευτήριον,
619 1665 780 1726 ἄλλος
823 1681 908 1726 τις
944 1664 1273 1732 παράδεισος
1307 1660 1610 1716 πολυειδέσι
1647 1663 1759 1722 τοῖς

180 1757 376 1809 ἄνθεσι
415 1759 812 1826 πυκαζόμενος.
853 1755 963 1808 Καὶ
1011 1755 1142 1822 γοῦν
1194 1755 1332 1824 προς
1384 1752 1616 1816 τούτοις,
1667 1755 1760 1803 καὶ

190 1849 395 1918 Ἰωσὴφ
455 1851 484 1900 ὁ
516 1848 608 1901 τοῦ
664 1849 944 1916 πανσόφου
1000 1847 1211 1917 Πατρδς
1271 1846 1431 1916 ἡμῶν
1485 1845 1763 1914 ὁμαίμων,

181 1943 417 2014 ὕστερον
473 1945 574 2013 τῆς
637 1942 1036 2011 μεγαλωνύμου
1092 1940 1494 2010 Θεσσαλονίκης
1549 1955 1767 2009 χρημα-

180 2037 344 2098 τίσας
401 2037 874 2105 ἀρχιεπίσκοπος,
953 2034 1089 2087 ἀλλὰ
1150 2034 1254 2104 μὴν
1318 2033 1413 2085 καὶ
1466 2031 1765 2102 Τιμόθεος,

191 2127 517 2190 ’Λοανάσιός
558 2145 616 2179 τε
665 2129 758 2180 καὶ
806 2128 1176 2194 Ναυκράτιος,
1217 2127 1310 2178 καὶ
1349 2124 1497 2178 ἄλλοι
1546 2123 1765 2187 πολλοὶ,

180 2216 275 2280 οὒς
333 2217 424 2269 διά
470 2217 530 2268 τὸ
581 2216 782 2286 πλῆθος
836 2215 1093 2285 παρίημι,
1123 2215 1179 2266 ὲν
1213 2212 1290 2282 τῷ
1326 2211 1555 2281 ὲπιγείῳ
1595 2209 1770 2280 τούτῳ

180 2310 456 2380 διέτριϐον
501 2309 740 2379 οὐρανῷ.
793 2307 900 2370 Οὓς
935 2308 1042 2377 γὰρ
1098 2308 1360 2358 συνάπτει
1403 2305 1623 2376 τρόπος,
1677 2304 1770 2355 καὶ

181 2405 349 2464 τόπος
391 2402 742 2469 συνίστησιν·
789 2401 882 2453 καὶ
937 2399 1030 2461 οὓς
1080 2401 1108 2452 ὁ
1148 2398 1348 2468 τρόπος
1378 2397 1636 2466 διῖστησι,
1679 2396 1772 2447 καὶ

184 2497 351 2558 τόπος
410 2496 556 2556 ἆπας
607 2495 924 2561 ἀφίσταται.
979 2490 1270 2555 Δοξάζεται
1328 2489 1438 2559 γάρ
1491 2489 1656 2548 τόπος
1716 2488 1773 2538 ὲν

186 2589 406 2656 τρόπῳ,
441 2587 536 2637 καὶ
564 2585 972 2648 ἁντιδοξάζεται
1025 2584 1222 2652 τρόπος
1267 2583 1325 2633 έν
1355 2581 1505 2648 τόπῳ
1551 2578 1774 2646 στεργό-

189 2695 378 2745 μενος.
430 2672 551 2728 Οἶδε
595 2675 652 2727 δὲ
702 2675 961 2736 πολλάκις
1004 2674 1099 2725 καὶ
1130 2676 1310 2724 τόπων
1352 2669 1597 2738 συνήθων
1640 2669 1774 2721 ἀπό-

187 2768 397 2832 τευξις,
452 2769 527 2830 ὡς
590 2768 681 2819 καὶ
735 2765 1044 2834 προσώπων
1096 2763 1411 2830 συντρόφων
1470 2760 1770 2825 διάζευξις,

189 2859 396 2927 πολλὴν
429 2858 526 2927 τὴν
559 2858 679 2909 κατ’
714 2856 913 2926 ἀρετὴν
943 2858 1224 2925 ῥᾳστώνην
1246 2853 1595 2922 ἐργάζεσθαι.

275 2951 440 3002 ’Λλλὰ
465 2950 573 3017 γὰρ
599 2949 740 3000 οὕτω
767 2948 946 3010 καλῶς
973 2944 1072 3000 Cutis
1098 2947 1190 2998 τοῦ
1221 2945 1543 3015 ἀμπελῶνος
1574 2943 1774 3014 Κυρίου

192 3042 432 3094 Σαῦαὼο
465 3039 940 3110 εὐκληματοῦντος
962 3079 975 3103 ,
1008 3042 1102 3092 καὶ
1134 3038 1213 3106 τῷ
1245 3035 1442 3106 καρπῴ
1472 3034 1772 3104 βρίθοντος,

190 3137 294 3204 ὅρη
327 3150 386 3184 τε
429 3133 702 3203 κοσμικῆς
737 3130 1136 3202 προσπαθείας,
1168 3129 1277 3181 τῶν
1310 3127 1403 3180 τοῦ
1439 3127 1552 3192 νοῦ,
1596 3133 1726 3195 φημ’
1760 3167 1773 3188 ,

192 3226 518 3294 κινημάτων
539 3223 598 3276 τὸ
633 3224 899 3293 ἐμπαῢὲς,
929 3221 1025 3273 καὶ
1052 3221 1326 3290 μετέωρον
1351 3218 1456 3272 ὑπὸ
1487 3219 1585 3286 τὴν
1614 3217 1776 3268 αὑτοῦ

194 3316 360 3366 σκιὰν
395 3313 899 3383 κατακρύπτοντος,
948 3312 1041 3363 καὶ
1075 3309 1150 3372 ὣς
1201 3327 1308 3362 τισι
1341 3309 1686 3378 παραφυάσι,
1718 3307 1778 3358 τὸ

192 3406 455 3476 διάφορον
494 3405 588 3458 καὶ
616 3403 862 3456 ποικίλον
893 3403 1001 3455 τῶν
1033 3402 1243 3472 ἀρετῶν
1277 3402 1413 3471 πρὸς
1443 3402 1511 3452 τά
1551 3400 1645 3453 τοῦ
1685 3400 1778 3452 κός

195 3516 338 3566 σμου
381 3499 632 3567 τέρματα
681 3495 1115 3563 διαπέμποντος⁸
1148 3492 1243 3545 καὶ
1287 3492 1384 3560 τῆς
1415 3491 1510 3542 τοῦ
1541 3489 1778 3558 Χριστοῦ

207 3591 542 3656 Ἐκκλῃσίας
584 3587 875 3658 εὐπρεπῶς
914 3586 1013 3658 ἤδη
1062 3583 1499 3652 μεγεουνομένης
1531 3583 1588 3633 ἐν
1619 3581 1780 3632 παντὶ

195 3679 396 3748 βαῦμῴ
428 3681 524 3732 καὶ
555 3681 824 3748 τάγματι,
864 3678 961 3730 καί
1006 3679 1063 3729 έν
1092 3676 1280 3747 αἰθρίᾳ
1320 3675 1428 3728 τῶν
1467 3674 1779 3745 ὀρθοτόμων

194 3771 493 3838 δογμάτων
522 3769 912 3838 πυκαζομένης
943 3769 1042 3838 τῆς
1074 3769 1332 3829 πίστεως,
1359 3765 1557 3836 ἀθρόον
1591 3765 1780 3834 ὥσπερ

193 3879 249 3911 τι
287 3861 445 3927 νέρος
481 3862 544 3912 ὲκ
583 3861 691 3911 τῶν
723 3859 873 3929 ἑῴων
905 3860 1086 3929 μερῶν
1134 3859 1490 3926 ἀπροόπτως,
1525 3858 1618 3909 καί
1647 3856 1777 3924 παρ’

196 3954 426 4016 ἐλπεξας
481 3954 777 4020 ἁναφανὲν,
811 3955 986 4006 πάντα
1019 3950 1391 4010 σκοτοδεινίας
1438 3949 1776 4018 ἐπλήρωσεν.

195 4045 350 4097 Λέων
373 4043 530 4116 [γάρ]
560 4063 663 4108 τις,
688 4048 750 4098 ὲκ
777 4046 872 4113 τῆς
908 4045 1018 4096 τῶν
1058 4045 1362 4112 Ἀρμενίων
1391 4041 1626 4112 βλάστης
1656 4043 1782 4092 ἀνα-

197 4137 427 4203 φανεὶς·
462 4139 602 4205 ἀνὴρ
646 4137 723 4206 τῷ
764 4137 878 4190 ὄντι
918 4136 1199 4205 ἀλιτήμων
1242 4135 1335 4186 καὶ
1381 4133 1778 4203 πονηρότατος·

201 4228 384 4296 μυθῳ,
427 4228 528 4281 οὐκ
568 4228 816 4298 ἀληθεία,
859 4229 920 4281 τὸ
950 4225 1050 4294 τῆς
1079 4226 1361 4288 εὐσεϐείας
1387 4225 1634 4294 κατέχων
1682 4241 1781 4294 μυ-

199 4323 446 4389 στήριον·
479 4321 846 4391 πρωτοπαγὴς
879 4321 1054 4372 Σατὰν
1092 4320 1252 4388 δῆλος
1284 4321 1395 4381 τοῖς
1430 4316 1664 4380 πολλοῖῆ
1691 4315 1784 4368 καὶ

196 4413 295 4477 ὢν,
325 4414 423 4467 καὶ
446 4413 847 4483 ὀνομαζόμενος
869 4431 882 4445 ο
919 4415 1042 4484 ἄρτι
1083 4412 1299 4482 Μιχαὴλ
1326 4411 1567 4472 εὐσεϐῶς
1591 4409 1660 4462 τά
1686 4409 1784 4478 τῆς

198 4505 486 4575 βασιλείας
516 4508 770 4576 σκῆπτρα
806 4509 1112 4570 διέποντος,
1162 4508 1257 4558 καὶ
1305 4505 1412 4558 τῶν
1444 4502 1628 4557 Οὖνων
1671 4503 1782 4571 (10)

195 4601 299 4669 ᾗῧη
326 4602 473 4652 κατὰ
498 4601 588 4652 τὸν
611 4601 749 4653 Λίϐα
769 4600 1108 4671 ληϊζομένων
1137 4602 1235 4662 τὰς
1259 4598 1461 4668 χώρας·
1485 4598 1781 4667 χειροτονεῖ
1818 4613 1858 4666 ο

199 4693 518 4764 στρατηγὸν
537 4693 724 4746 τοῦτον
765 4693 984 4764 πρῶτον
999 4693 1092 4746 τὸν
1119 4693 1417 4763 ἀλιτήριον,
1446 4690 1541 4743 καὶ
1566 4688 1699 4758 πρὸς
1721 4687 1782 4740 τὸ

195 4785 497 4856 εἰρημένον
519 4784 670 4849 ἔθνος
691 4787 786 4839 σὺν
809 4787 1023 4848 πολλοῖς
1045 4786 1224 4848 ἄλλοις
1250 4787 1326 4847 εἰς
1353 4782 1670 4854 συμμαχίαν
1685 4779 1780 4833 τοῦ

198 4877 435 4944 κράτους
487 4879 852 4947 ἐκπέμπεται.
890 4877 1078 4939 "Usu;
1107 4875 1429 4946 Οηρὼνυμον
1479 4872 1673 4940 ἐπίσης
1713 4873 1777 4939 τῇ

198 4970 395 5036 κλήσει
436 4969 532 5022 καὶ
565 4969 662 5040 τὴν
696 4972 1011 5040 προαίρεσιν
1051 4971 1411 5039 ἑπαγόμενος,
1441 4983 1781 5039 κρυφιογνωο

202 5062 320 5130 μῶν
366 5078 430 5114 τε
475 5062 536 5114 τὸ
581 5063 680 5132 τῆς
706 5063 934 5132 καρδίας
961 5062 1272 5131 ἐνδόμυχον,
1305 5062 1398 5114 καὶ
1425 5061 1522 5129 τὴν
1546 5059 1639 5111 τοῦ
1681 5073 1782 5110 πα-

199 5156 327 5224 τρὸς
370 5156 789 5209 Κωνσταντίνου
834 5155 928 5209 τοῦ
986 5150 1386 5224 Κοπρωνύμου,
1423 5153 1648 5213 Λέοντος
1687 5149 1781 5202 καὶ

201 5247 391 5311 αὐτοῦ,
431 5249 527 5300 καὶ
570 5248 852 5302 Λεοντίδου
895 5247 990 5301 τοῦ
1037 5247 1230 5300 τούτου
1273 5245 1389 5298 υίοῦ
1433 5244 1533 5312 τὴν
1573 5244 1782 5313 αἵρεσιν

272 5387 316 5417 ¹³
357 5385 506 5440 Psal.
548 5400 732 5441 uarix.

1280 441 1454 502 VITA
1601 437 1897 498 XlCl.il..~\l
1943 430 2308 495 ΞῚἪῘΠΤᾸΞ.

1858 547 1995 600 inire
2024 543 2184 605 fecit;
2227 557 2288 592 ac
2326 540 2456 607 ipsis
2488 549 2702 607 quoque
2735 534 2982 588 moribus
3014 531 3234 585 fratrem
3266 545 3426 584 suum

3321 419 3424 484 878

1857 639 2114 694 ostendit.

1933 891 2176 945 Habebat
2222 905 2354 944 sane
2388 888 2696 943 communis
2731 884 2887 940 Pater
2919 899 3104 942 noster
3133 902 3197 941 ae
3228 886 3318 939 Dei
3352 885 3432 938 fa-

1861 985 2044 1040 mulus
2063 983 2336 1043 Nicolaus,
2357 981 2526 1050 ipsam
2552 983 2712 1034 vitam
2739 995 2918 1038 suam.
2944 989 3208 1034 tacentem
3240 994 3405 1048 quam

1862 1080 1984 1134 dam
2027 1077 2463 1132 exhortationem
2496 1092 2508 1125 :
2543 1075 2773 1127 habebat
2813 1083 2867 1125 et
2919 1071 3162 1134 fratrem,
3210 1087 3308 1125 ceu
3344 1088 3434 1122 ar-

1865 1181 2108 1228 curatam
2156 1168 2450 1238 quamdam
2484 1167 2740 1219 virtutmn
2774 1164 2894 1233 ejus
2929 1162 3218 1232 imaginem
3255 1182 3267 1216 :
3302 1163 3430 1229 quin

1868 1276 2056 1313 omnes
2088 1257 2328 1316 tandem,
2366 1271 2461 1309 ceu
2509 1255 2672 1307 alium
2713 1255 3022 1323 quempiam
3063 1253 3301 1304 medimn
3347 1267 3438 1304 so-

1869 1352 1994 1411 lem,
2013 1351 2275 1402 virtutum
2308 1349 2474 1400 radiis
2497 1346 2878 1406 collucentem,
2904 1361 2932 1397 a
2960 1344 3067 1398 Deo
3093 1346 3276 1398 datum
3309 1344 3439 1396 illud

1870 1459 2086 1504 mttnus,
2127 1441 2327 1494 animis
2376 1440 2562 1494 utilem
2635 1453 2700 1491 ac.
2747 1437 3066 1506 prmelarum
3121 1437 3440 1498 contiram,

1870 1551 2124 1604 magnum
2180 1533 2526 1586 Theodorum
2590 1532 2862 1586 habebant
2910 1549 2922 1584 :
2971 1539 3198 1596 eratque
3255 1544 3440 1582 revera

1868 1629 2086 1682 virtutis
2119 1627 2327 1686 schola,
2367 1640 2540 1677 novus
2573 1625 2794 1691 quidam
2827 1622 3111 1690 paradisus
3155 1619 3442 1687 multiplici

1875 1720 2064 1772 ﬂorum
2088 1732 2282 1788 genere
2304 1731 2556 1769 vernans.
2593 1714 2803 1767 Etenim
2834 1715 2897 1766 ad
2930 1714 3063 1765 istos
3090 1713 3443 1772 accedebant,

1869 1810 2067 1878 Joseplt
2092 1823 2307 1878 quoque
2329 1807 2718 1876 sapientissimi
2753 1804 2928 1858 Patris
2961 1805 3131 1858 nostri
3167 1808 3352 1865 lrater,
3382 1819 3447 1854 ac

1807 1922 1840 1970 ιι
1874 1902 2219 1972 postmodum
2277 1901 2506 1954 celebris
2571 1896 3147 1952 'l'hessalonicensium
3207 1895 3445 1948 civitatis

1872 1998 2048 2050 l'actus
2092 1995 2539 2064 archiepiscOpus
2568 2011 2581 2045 :
2612 1993 2744 2060 quin
2785 2000 2840 2045 et
2874 1988 3219 2051 Timotheus,
3275 1986 3445 2040 Atha-

1873 2089 2056 2141 nasius
2091 2101 2334 2156 quoque,
2379 2095 2431 2138 et
2465 2084 2812 2148 Naucratins,
2857 2097 2920 2135 ac
2947 2081 3038 2134 alii
3070 2080 3272 2148 plures,
3309 2093 3449 2147 quos

1872 2179 2156 2232 brevitatis
2185 2191 2348 2231 causa
2381 2175 2599 2238 omitto,
2641 2173 2694 2226 in
2727 2172 2974 2226 terrestri
3010 2170 3106 2223 illo
3147 2169 3288 2224 caelo
3323 2184 3452 2238 age-

1872 2274 2024 2326 bant.
2051 2270 2203 2336 Quos
2247 2270 2392 2322 enim
2427 2284 2606 2320 mores
2636 2266 2999 2335 coniungunt,
3043 2263 3196 2317 locus
3229 2276 3450 2330 quoque

1872 2364 1925 2414 in
1985 2377 2154 2414 unmn
2216 2361 2414 2430 cogit:
2467 2373 2606 2428 quos
2676 2367 2857 2410 autem
2915 2369 3101 2409 mores
3163 2352 3416 2405 dividunt

1875 2454 2054 2506 monis
2079 2467 2296 2521 quoque
2329 2453 2481 2504 locus
2528 2458 2760 2518 separat.
2795 2448 2976 2502 Locus
3004 2445 3150 2500 enim
3195 2444 3247 2497 in
3282 2444 3454 2496 mori-

1877 2547 1977 2600 bus
2015 2547 2297 2604 laudatur:
2342 2545 2698 2610 vicissimque
2753 2541 2933 2594 mores
2991 2539 3043 2592 itt
3099 2543 3219 2591 loco
3259 2537 3450 2596 amati,

1878 2639 2086 2694 laudem
2120 2639 2341 2691 habent.
2369 2636 2514 2689 Solet
2538 2637 2682 2687 enim
2717 2648 2822 2687 non
2860 2646 3005 2692 raro,
3033 2646 3158 2684 cum
3199 2628 3451 2683 frustrari

1878 2735 1995 2786 loco
2043 2738 2331 2792 consueto,
2380 2737 2492 2781 tum
2528 2726 2736 2795 scjungi
2767 2739 2796 2777 a
2843 2724 3169 2784 coalumnis.
3225 2722 3452 2775 multam

1876 2823 2108 2893 gerenda
2141 2823 2360 2883 virtute,
2385 2819 2664 2873 laxitatem
2697 2826 2976 2886 praestare.

1952 2913 2241 2967 Enimvero
2298 2926 2422 2964 cum
2471 2912 2550 2964 sic
2608 2907 2836 2978 pulchre
2898 2906 2986 2959 hic
3015 2904 3172 2958 vinea
3239 2900 3451 2955 Domin'.

1881 3005 2120 3058 Sabaoth
2174 3002 2489 3071 palmitibus
2545 3001 2866 3059 luxnriaret,
2919 3013 2983 3050 ac
3032 2995 3210 3049 fructu
3257 3003 3455 3048 onusta

1876 3107 2022 3151 esset
2050 3096 2092 3127 νδ
2112 3135 2127 3158 ,
2158 3106 2478 3164 montesque
2507 3092 2799 3146 mundanae
2836 3087 3140 3144 aﬂ'ectionis
3161 3127 3176 3150 ,
3235 3096 3454 3146 merits.

1881 3188 2140 3256 inquam,
2195 3197 2440 3237 motuum
2497 3182 2848 3235 vitiositatem
2912 3195 2976 3233 ac
3041 3179 3456 3238 sublimitatem,

1805 3267 1847 3324 (ἶ
1882 3281 1984 3333 sub
2017 3271 2222 3331 umbra
2249 3292 2346 3330 sua
2383 3285 2610 3346 tegeret,
2646 3291 2709 3328 ac
2741 3277 2887 3328 velut
2915 3274 3244 3344 quibusdam
3287 3274 3456 3329 stolo-

1882 3375 2067 3434 uibus,
2120 3371 2333 3424 diversa
2393 3384 2457 3422 ac
2504 3369 2652 3421 varia
2716 3368 2981 3421 virtutum
3042 3377 3363 3421 ornamenta
3404 3367 3457 3420 in

1882 3465 2068 3518 tttttttdi
2111 3465 2242 3516 lines
2275 3461 2512 3515 mitteret
2543 3478 2556 3514 :
2585 3461 2810 3528 jamque
2844 3458 3048 3514 Christi
3103 3459 3369 3520 Ecclesia,
3403 3457 3456 3511 in

1881 3559 2029 3610 omni
2065 3557 2263 3609 decore
2296 3555 2466 3624 gradu
2516 3553 2820 3619 ordineque
2854 3553 3109 3613 adaucta,
3158 3566 3221 3605 ac
3265 3550 3371 3604 ﬁde
3407 3550 3458 3602 in

1882 3661 2153 3705 rectorum
2190 3648 2506 3717 dogtnattttn
2543 3661 2736 3700 sereno
2769 3655 2882 3699 tuta
2913 3653 3077 3707 esset,
3110 3655 3329 3713 repente
3359 3659 3459 3698 cett

1883 3743 2056 3797 nubes
2100 3741 2347 3810 quaedam
2396 3739 2464 3792 ab
2502 3739 2744 3792 Orientis
2771 3738 3036 3805 partibus,
3069 3736 3364 3805 improvise
3399 3751 3462 3789 ac

1885 3838 2261 3904 inexspectato
2304 3833 2521 3895 oborta.
2575 3839 2714 3885 tetra
2772 3840 2925 3884 nocte
2972 3829 3158 3883 omnia
3211 3829 3460 3897 replevit.

1884 3931 2150 3983 Nmirum
2184 3928 2290 3981 Leo
2313 3925 2536 3996 qmdam
2561 3925 2940 3979 Armeniorum
2966 3923 3231 3976 oriundus
3263 3922 3461 3992 stirpe,

1884 4024 1967 4076 vir
1999 4036 2186 4076 revera
2222 4036 2426 4074 nocens
2467 4018 2880 4086 pessimusque,
2918 4014 3124 4076 fabula,
3171 4030 3276 4068 non
3317 4015 3461 4069 veti-

1889 4125 1995 4168 tate
2047 4113 2265 4184 pietatis
2325 4118 2729 4165 sacramentum
2799 4118 3027 4169 tenens,
3083 4122 3244 4176 quem
3307 4107 3461 4159 multi

1887 4221 2077 4259 recens
2136 4205 2462 4258 instructum
2531 4201 2790 4255 Satanam
2861 4201 3143 4270 perspicue
3203 4209 3462 4263 nossent,

1887 4309 2161 4367 essetque,
2183 4313 2246 4352 ac
2267 4297 2642 4350 nominaretur
2669 4313 2682 4348 :
2715 4293 2972 4348 Mirhaele
2991 4292 3202 4362 imperii
3233 4291 3463 4346 Romani

1889 4405 2104 4462 sceptra
2149 4391 2234 4462 pie
2262 4401 2376 4444 tum
2417 4389 2767 4450 moderante,
2800 4401 2865 4440 ac
2914 4400 3038 4438 cum
3066 4385 3176 4454 jam
3211 4383 3352 4438 llttni
3397 4385 3466 4440 ad

1889 4488 2022 4542 Liba
2069 4487 2320 4554 regiones
2365 4491 2688 4544 vastarent;
2727 4482 2873 4535 hunc
2925 4481 3015 4534 ille
3046 4479 3327 4541 miserum.
3356 4478 3464 4549 pri-

1890 4597 2039 4636 tnutn
2070 4589 2219 4635 creat
2254 4578 2530 4632 exercitus
2576 4577 2794 4638 ducem,
2839 4573 3132 4641 multisque
3183 4572 3464 4640 stipatum,

1892 4675 2155 4728 adversus
2187 4669 2463 4739 praefatam
2498 4677 2712 4736 gentem
2747 4664 3032 4733 suppetias
3065 4663 3293 4732 imperio
3343 4663 3471 4716 mit.

1890 4772 1970 4823 tit.
2007 4768 2054 4821 Is
2091 4779 2256 4836 porro
2299 4761 2522 4833 perinde
2571 4775 2632 4814 ac
2669 4774 2901 4822 nomen,
2932 4756 3013 4811 sic
3047 4764 3101 4810 et
3134 4755 3467 4809 voluntatem

1893 4859 2124 4913 ferinam
2151 4854 2416 4916 inferens,
2454 4853 2710 4919 intusque
2748 4849 2934 4902 animo
2961 4846 3135 4900 latens
3175 4845 3467 4900 consiliqu

1891 4967 2169 5025 premens,
2216 4963 2278 5002 ac
2324 4947 2494 5017 patris
2523 4941 2866 4998 Constantini
2908 4938 3261 5010 Copronytni.
3292 4937 3386 5008 qui
3417 4947 3472 4992 et

1893 5050 2007 5118 ipse
2041 5045 2150 5099 Leo
2202 5043 2337 5102 fuit,
2388 5040 2618 5107 ejusque
2656 5036 2748 5090 lilii
2787 5033 3047 5088 leuneulii
3101 5031 3348 5098 hzeresjm
3390 5040 3469 5085 te-

1890 5156 2049 5205 nens,
2082 5139 2247 5192 miser
2279 5139 2465 5196 homo,
2499 5130 2762 5184 adversus
2795 5129 3094 5181 benelicum
3140 5125 3308 5180 Deum
3343 5125 3468 5179 uni-

1893 5248 2176 5290 νυτδονυπι
2211 5229 2433 5298 Regem.
2461 5226 2687 5295 eiusque
2719 5238 2943 5293 regnum
2968 5220 3220 5289 insurgit.

1398 5475 1652 5530 FRANC.
1685 5472 2074 5531 COMBEFISII
2111 5469 2340 5526 NOTAE.

274 5599 391 5666 (10)
440 5597 698 5664 Cedreu.,
736 5599 938 5656 Zonar.
968 5610 1021 5654 et
1051 5601 1164 5663 alii,
1197 5615 1322 5655 cum
1355 5597 1604 5668 Bulgaria
1625 5595 1788 5668 aiunt

207 5674 446 5738 gessisse
473 5670 701 5731 bellutn,
735 5687 873 5738 quos
899 5673 1036 5725 forte
1060 5682 1250 5727 auctor
1278 5666 1573 5735 Unos,iseu
1599 5666 1786 5738 Hunos

209 5736 300 5794 aut
331 5739 563 5811 Hunnos
595 5736 868 5810 intelligit.
899 5744 1040 5796 Sunt
1073 5742 1297 5811 perinde
1321 5742 1484 5810 positi
1511 5739 1577 5794 ad
1605 5736 1786 5790 Danu-

207 5812 378 5866 bium.
437 5809 589 5866 Unos
651 5809 878 5881 quidam
929 5809 1143 5869 Turcos
1184 5809 1516 5881 intelligunt,
1569 5816 1783 5881 gentem

209 5883 546 5954 Scythicam.
575 5879 716 5947 Quid
768 5883 900 5937 illud
945 5884 1100 5944 Liba,
1137 5885 1282 5938 haud
1316 5879 1450 5938 satis
1490 5879 1730 5948 intelligo
1768 5895 1780 5928 :

1899 5596 2002 5650 nisi
2033 5604 2115 5650 est
2144 5595 2298 5648 lacus
2323 5589 2472 5644 circa
2517 5584 2889 5641 Nicomediam
2919 5595 3079 5651 quem
3121 5577 3196 5632 ait
3237 5575 3472 5651 Ortelius

1895 5645 2459 5734 iiinierevcedrenum.
2497 5645 3365 5734 Ponnn_t_an_ctores_captauLab
3388 5645 3471 5698 eis

1895 5717 2305 5801 Kiesembriam,
2373 5747 2496 5803 ane
2548 5738 2633 5784 est
2685 5725 2872 5796 διεξίω
2930 5721 3062 5777 urbs
3100 5717 3181 5779 ad
3234 5717 3470 5772 Pontum

1871 5807 2188 5864 ‘Euxinum.
