4168 6450
227 383 334 445 385

1321 392 1495 451 VITA
1538 394 1595 453 S.
1637 392 1944 453 NICOLAI
1985 394 2355 457 STUDIT.E.

3363 396 3468 459 886

225 494 328 563 τῆς
370 493 674 561 ἀναγκαίας
717 492 886 565 αὐτῆς
914 496 1252 568 ἀπεστέρουν
1286 500 1493 571 τροφῆς
1525 499 1776 569 βδελυττό

1903 505 2046 560 saria
2078 520 2294 575 quoque
2321 519 2469 571 esca,
2495 505 2814 560 exsecrandi
2848 504 3120 565 homines,
3154 500 3463 571 privabant,

230 603 406 653 μενοι,
460 587 547 640 διὰ
578 586 670 640 δύο
697 588 731 657 ῆ
764 590 857 641 καὶ
881 592 1156 661 τεττάρων
1183 591 1405 663 ἡμερῶν
1435 592 1546 646 ἐσθ’
1586 594 1675 646 ὅτε
1705 594 1797 645 καὶ

224 675 406 745 διόλης
434 676 533 746 τῆς
558 679 870 748 ἑϐδομάδος,
907 682 1060 750 μόλις
1085 684 1249 753 ἄρτου
1280 684 1450 754 βραχύ
1474 703 1525 739 τι
1546 685 1798 754 λείψανον

225 770 664 841 ὲπιρῤίπτοντες,
712 774 807 825 καὶ
848 774 980 827 αὐτὸ
1025 776 1085 828 τὸ
1120 775 1260 845 ὓδωρ
1299 776 1522 839 τούτους
1562 778 1797 846 ἀφυστε-

228 859 451 930 ροῦντες
477 863 525 914 οί
571 862 816 920 δείλαιοι.
850 865 963 918 Kal.
994 867 1093 919 οὐκ
1127 867 1274 921 ἐστιν
1300 868 1374 932 ὡς
1399 869 1615 940 ἀληθῶς
1656 870 1797 944 λόγῳ

225 950 629 1007 καθυποϐαλείν
655 956 714 1007 τὸ
741 957 836 1026 τῆς
866 957 982 1026 βίας
1008 960 1336 1030 ἀπόρρητον.
1364 957 1490 1032 Ἆρ’
1512 958 1606 1016 οὖν
1634 964 1795 1031 ἠλάτ-

224 1059 427 1096 τωνται
450 1045 551 1113 μὲν
574 1047 774 1115 ἥκιστα
805 1049 911 1102 τῶν
934 1050 1219 1118 δογμάτων
1245 1053 1355 1123 (l7)
1386 1054 1472 1107 διὰ
1502 1054 1673 1109 ταῦτα
1697 1056 1796 1127 τὴν

222 1135 500 1200 ἔνστασιν,
552 1138 584 1208 ἢ
633 1142 745 1203 τοῖς
800 1141 978 1209 ἀγῶσι
1027 1144 1083 1195 δὲ
1121 1143 1307 1212 μειοῦν
1338 1146 1438 1217 τὴν
1483 1149 1794 1218 παρρησίαν

221 1225 453 1293 ὑφέντες
508 1230 828 1299 ἐφάνησαν;
873 1235 1173 1303 Οὒμενοῦν.
1226 1237 1425 1289 Σκόπει
1470 1237 1527 1290 δὲ
1558 1239 1656 1307 τὴν
1696 1240 1795 1292 ἀν-

225 1318 385 1387 δρίαν
420 1322 673 1376 ὲντεῦθεν
698 1365 712 1388 ,
749 1326 841 1378 καὶ
887 1326 980 1380 τὸν
1028 1327 1264 1397 φθόγγον
1296 1329 1388 1382 τοῦ
1433 1331 1793 1401 κηρύγματος

219 1409 468 1479 μείζονα.

288 1596 459 1651 υῦπω
492 1598 601 1669 γάρ
628 1599 726 1669 τὴν
757 1602 886 1667 ὑγιά
911 1602 1020 1655 τῶν
1048 1604 1378 1674 τραυμάτων
1407 1605 1570 1676 οὐλὴν
1613 1606 1793 1672 καλῶς

216 1688 537 1758 εὗραμὲνων
591 1691 797 1744 τούτων
829 1693 937 1745 τῶν
972 1695 1272 1764 σωμάτων,
1326 1698 1511 1767 ἔτερος
1558 1700 1792 1770 πονηρὸς

211 1779 310 1832 τοῦ
342 1782 636 1846 δυσσεϐοῦς
689 1784 951 1851 βασιλέως
983 1786 1402 1857 δυσσεϐέστερος
1435 1790 1662 1857 ἄγγελος
1696 1808 1785 1859 φο-

212 1872 345 1934 νῶν,
375 1875 470 1927 καὶ
500 1874 865 1945 σεσοϐημένος
895 1878 1202 1946 ἐφίσταται,
1239 1879 1441 1949 βιϐλίον
1475 1883 1592 1951 μετ’
1622 1882 1790 1936 αὐτοῦ

213 1968 717 2037 συνεπιφερόμενος
738 1985 752 2000 ·
782 1972 875 2023 καὶ
898 1970 999 2039 τῆς
1025 1970 1248 2042 εἱρκτῆς
1278 1972 1520 2027 καθελὼν
1545 1975 1606 2026 τὸ
1632 1976 1792 2046 περί-

214 2071 476 2124 φραγμα,
520 2058 659 2125 μετά
714 2058 845 2128 βοῆς
890 2061 1127 2114 ἀτάκτου
1179 2065 1305 2126 τοὺς
1351 2064 1644 2134 θεοφόρους
1704 2065 1791 2130 ἐξ·

215 2146 397 2216 ίηττησι
420 2165 436 2179 ·
472 2149 565 2201 καὶ
589 2149 688 2218 τὴν
711 2153 838 2221 παρ’
865 2151 1044 2203 αὐτῶν
1074 2152 1234 2219 δῆθεν
1264 2155 1404 2208 κατά
1432 2155 1525 2208 τοῦ
1557 2158 1788 2221 ἄνακτος

211 2239 583 2309 κρατηθεῖσαν
612 2240 736 2313 [leg.
789 2244 1119 2317 γραφεῖσαν]
1146 2248 1437 2316 ἐπιστολὴν
1460 2251 1578 2301 ταῖν
1605 2256 1787 2321 χεροῖν

209 2331 458 2398 κρατῶν,
490 2332 839 2386 ὑπεδείκνυεν
866 2351 880 2364 ·
920 2336 1123 2404 πηνίκα
1151 2337 1205 2389 δὲ
1239 2338 1461 2409 ταύτην,
1492 2343 1586 2394 καὶ
1614 2344 1784 2409 ὅπως,

208 2423 397 2493 [.lsr'z.
433 2426 572 2496 πρὸς
594 2427 769 2500 τίνας]
799 2430 895 2483 καὶ⁸
925 2431 1015 2484 ὐπ’
1042 2432 1226 2485 αὐτῶν
1271 2436 1533 2505 σταλῆναι
1564 2440 1786 2505 τούτους

207 2518 449 2582 ἐξειπεῖν
484 2520 750 2582 ἐϐιάζετο.

278 2608 479 2675 Ἀθρει
531 2610 819 2677 τοιγαροῦν
870 2611 979 2663 τῶν
1036 2614 1306 2679 γεννάδων
1359 2617 1538 2689 πάλην
1591 2621 1785 2693 ἑτέραν

202 2699 297 2750 καὶ
335 2699 605 2769 κάματον.
667 2700 760 2764 Ὠς
788 2704 898 2771 γὰρ
944 2706 1039 2756 καὶ
1074 2706 1481 2777 σχεδιασθῆναι,
1525 2712 1784 2784 καὶπρὸς

204 2790 387 2843 αὐτῶν
420 2792 792 2861 ἀποσταλῆναι
822 2795 1048 2861 ταύτην,
1099 2799 1193 2851 καὶ
1237 2800 1360 2853 ὅτου
1390 2804 1549 2871 χάριν
1585 2804 1784 2875 διωμο-

201 2879 473 2948 λόγηντοο
524 2883 893 2949 ἀλλοιωθεὶςδ
924 2886 1266 2957 παμμίαρος,
1320 2892 1529 2946 κελεύει
1579 2912 1782 2967 παρευ-

202 2972 297 3035 Bb;
358 2974 451 3025 τὸν
503 2976 767 3044 καρτερὸν
815 2977 915 3046 τῆς
953 2977 1278 3049 Ἐκκλησίας
1329 2983 1643 3053 ἀδάμαντα,
1688 2989 1782 3041 τὸν

204 3064 384 3129 μέγαν
414 3066 473 3116 εν
506 3065 738 3135 πρώτοις
769 3068 1122 3137 ἀφιματῶσαι
1159 3072 1443 3128 Νικόλαον.
1474 3076 1699 3147 Ἄνδρες
1722 3078 1794 3131 δὲ·

202 3156 394 3207 τούτου
450 3155 560 3227 [ῐσ.
592 3156 803 3230 τοῦτον]
850 3159 973 3213 κατ’
1018 3162 1187 3231 ἄμφω
1222 3161 1299 3215 τὼ
1335 3167 1482 3233 χεῖρε
1517 3169 1774 3238 ἀπεωρή-
1805 3191 1847 3249 C

202 3262 419 3309 σαντες,
466 3249 707 3315 ἀνηλεῶς
736 3253 849 3313 τοῖς
881 3252 1191 3324 βουνεύροις
1244 3255 1539 3325 κατῄκιζον
1576 3258 1774 3328 ἕτεροι.

203 3340 400 3409 Ἐρῤει
428 3341 485 3393 δὲ
513 3341 648 3409 πρὸς
677 3342 780 3410 γῆν
825 3343 887 3397 τὸ
918 3339 1058 3413 αἷμα
1083 3345 1177 3397 τοῦ
1230 3349 1524 3417 μάρτυρος,
1558 3351 1651 3401 καὶ
1692 3352 1778 3418 ἐφ’

202 3432 396 3495 ικανάς
424 3432 521 3495 τὰς
565 3434 713 3505 ὥρας
744 3436 1081 3504 τυπτόμενον
1107 3434 1335 3490 ἄναυδον
1367 3440 1719 3511 καταθρήσας
1750 3444 1778 3495 ὁ

204 3526 420 3594 μιαρὸς,
452 3526 811 3596 ὲκθηριωθεὶς
837 3528 937 3598 τὴν
955 3528 1134 3598 ψυχὴν
1162 3529 1189 3581 ὁ
1212 3530 1577 3601 ταλαίπωρος,
1608 3551 1778 3605 προσ-

197 3616 391 3668 τάσσει
435 3616 642 3684 γυμνδν
688 3615 831 3669 οὕτω
907 3619 1001 3671 καὶ
1058 3620 1406 3688 πεφυρμένον
1438 3621 1516 3689 τῷ
1562 3622 1775 3693 αἵματι,

198 3709 411 3779 αἴθριον
469 3708 606 3776 πρὸς
661 3708 739 3776 τῷ
777 3708 936 3779 κρύει
990 3710 1334 3780 παρεαθέντα
1397 3711 1773 3777 τεθνήξεσθαι.

196 3798 307 3853 Ἦν
331 3802 443 3870 γάρ
473 3801 751 3868 χειμέριος
775 3804 802 3852 ὁ
824 3802 1182 3870 καιρὸς-κατά
1209 3802 1403 3873 τρίτην
1432 3803 1524 3857 τοῦ
1547 3806 1779 3859 ἐνεστῶ-

197 3911 286 3955 τος
315 3893 507 3963 μηνὸς,
537 3894 624 3945 ὅτε
648 3895 758 3955 τοῖς
793 3893 968 3960 ἁγίοις
998 3894 1153 3947 τοῦτο
1187 3896 1491 3950 συνέϐαινε.

270 3985 380 4038 Καὶ
436 3984 639 4045 εὖθέως
694 3984 978 4050 σφαδάζων
1007 3985 1084 4057 τῷ
1134 3986 1312 4057 θυμῷ,
1370 3989 1504 4057 πρὸς
1553 3991 1645 4042 τὸν
1678 3991 1775 4059 τῆς

198 4073 484 4136 εὐσεϐείας
526 4072 716 4126 στύλον
747 4073 1021 4145 Θεόδωρον
1059 4075 1269 4145 μέτεισι
1297 4093 1310 4106 ·
1340 4078 1594 4130 κάκεῖνον
1622 4078 1777 4149 διαρ-

198 4165 308 4226 κῶς
360 4164 671 4230 κατεξάνας
721 4168 841 4227 ταῖς
898 4165 1139 4235 μάστιξι,
1191 4167 1642 4241 ἀνθυποστρέψας
1696 4171 1775 4234 εἰς

197 4253 351 4317 αὖθις
407 4256 544 4326 πρὸς
576 4256 667 4308 τὸν
725 4257 899 4325 μέγαν
948 4257 1237 4318 Νικόλαον,
1294 4259 1433 4313 ἔπεα
1482 4261 1526 4313 δ’
1581 4262 1775 4327 ἐπίσης

198 4348 480 4416 νιφάδεσσι
513 4349 814 4417 χειμερίοις
838 4350 957 4410 ταῖς
986 4349 1093 4401 τῶν
1121 4349 1296 4416 λόγων
1332 4352 1515 4404 ἀκτῖσι
1545 4352 1773 4422 βάλλων,

198 4440 293 4509 τῆς
333 4438 610 4509 πατρικῆς
661 4439 897 4507 στοργῆς
950 4440 1352 4510 ἀποστρακίσαι
1408 4443 1770 4513 πειρώμενος.

209 4527 267 4579 '0
295 4527 350 4581 δὲ
382 4526 553 4595 ἔφεπε
580 4527 811 4581 κλονέων
840 4528 931 4581 τὸν
960 4528 1235 4600 ἀλιτήριον
1265 4532 1676 4604 ἀπωθούμενος.

279 4714 425 4767 Ἀλλ’
457 4717 486 4766 ὁ
529 4713 629 4781 μὲν
676 4712 751 4776 ὡς
781 4714 947 4777 ἀσπὶς
992 4713 1086 4768 τοῦ
1123 4714 1297 4785 θυμοῦ
1329 4717 1421 4769 τὸν
1462 4718 1539 4771 ἱὸν
1572 4717 1772 4788 τεθηγ-

206 4803 362 4872 μένον
416 4801 600 4872 φέρων
628 4803 737 4865 τοῖς
769 4802 995 4871 χείλεσι,
1022 4803 1235 4856 κελεύει
1265 4805 1455 4859 τούτου
1498 4808 1593 4860 καὶ
1619 4809 1689 4862 τά
1715 4826 1775 4861 τε

204 4895 309 4947 τῶν
364 4893 692 4965 βραχιόνων.
744 4895 838 4946 καὶ
883 4894 993 4947 τῶν
1042 4895 1258 4948 ὠλενῶν
1304 4900 1423 4959 ταῖς
1459 4896 1775 4969 λεγομέναις

204 4989 391 5056 ρέκαις
424 4985 537 5057 (l8)
570 4982 724 5049 αὖθις
756 4985 1133 5067 μαστίξεσθαι.
1181 4989 1339 5043 Ἀλλά
1380 4992 1488 5063 μὴν
1539 4995 1635 5046 καὶ
1678 4993 1777 5047 κά-

1902 596 2149 661 alternis,
2182 597 2531 666 quaternisve
2576 596 2788 658 diebus,
2836 595 3165 665 quandoque
3200 609 3296 663 per
3336 592 3465 647 heb-

1898 687 2189 742 domadam
2224 697 2411 752 totam,
2448 688 2530 743 vix
2553 687 2749 743 modici
2791 689 2945 756 panis
2979 687 3210 742 frustum
3246 686 3465 755 aliquod

1899 778 2283 849 projicientes;
2314 782 2447 850 quin
2481 789 2535 836 et
2573 782 2749 851 ipsam
2780 796 2979 849 aquam
3026 780 3239 835 scelesti
3286 778 3465 833 homi-

1900 885 1997 924 nes
2027 871 2107 925 eis
2140 872 2497 942 denegabant.
2544 875 2618 927 Ac
2649 888 2782 928 sane
2817 872 2994 940 major
3046 881 3149 938 est,
3195 886 3361 942 quam
3408 879 3467 923 nt

1904 976 2153 1017 sermone
2211 963 2444 1029 exprimi
2497 966 2689 1033 possit,
2731 966 2995 1018 immensa
3044 964 3133 1017 illa
3169 965 3314 1018 illata
3360 965 3465 1021 vis.

1901 1051 2040 1107 Num
2071 1070 2198 1125 ergo
2228 1057 2297 1110 ob
2317 1072 2435 1110 eam
2472 1058 2809 1111 vexationem
2847 1058 2986 1111 haud
3008 1056 3227 1127 quidem
3255 1073 3466 1128 pugna-

1898 1157 2014 1197 cem
2047 1144 2353 1212 dogmatum
2377 1148 2738 1201 constantiam
2765 1148 3063 1201 amiserunt
3089 1165 3103 1210 ;
3130 1146 3234 1202 visi
3273 1156 3453 1199 tamen

1898 1244 2024 1288 sunt
2059 1237 2448 1293 certaminibus
2503 1238 2762 1307 impares,
2823 1238 3070 1293 minuere
3117 1237 3325 1308 aliquid
3386 1235 3467 1289 di-

1896 1327 2050 1380 cendi
2094 1327 2397 1383 libertatis?
2453 1329 2908 1400 Haudquaquam.
2962 1329 3097 1383 Vide
3152 1331 3296 1383 enim
3347 1343 3465 1383 am-

1896 1420 2120 1489 pliorem
2148 1421 2276 1476 hinc
2317 1421 2706 1488 'ortitudinem,
2736 1437 2800 1478 ac
2832 1437 3030 1478 sonum
3057 1420 3462 1491 praedicationis

1896 1511 2180 1578 majorem.

1963 1599 2099 1655 Cum
2122 1602 2264 1657 enim
2302 1601 2528 1657 necdum
2562 1617 2750 1657 eorum
2804 1617 3033 1672 corpora
3080 1602 3219 1657 bene
3240 1614 3405 1655 sanas
3436 1613 3463 1651 a

1892 1693 2169 1761 prioribus
2199 1694 2368 1763 plagis
2417 1695 2703 1750 cicatrices
2732 1694 3013 1759 haberent,
3039 1710 3106 1748 en
3156 1694 3252 1748 tibi
3286 1694 3463 1747 malus

1897 1785 2036 1839 alius
2092 1785 2243 1853 impii
2318 1787 2659 1856 imperatoris
2719 1787 2915 1853 impius
2988 1786 3161 1856 magis
3218 1787 3462 1851 nuntius,

1896 1877 2068 1931 caedes
2104 1875 2338 1945 spirans,
2370 1892 2432 1933 ac
2472 1877 2672 1933 furoris
2717 1887 2887 1933 (nstro
2939 1875 3174 1946 quodam
3228 1875 3465 1946 agitatus

1893 1965 2132 2028 advenit,
2194 1982 2298 2021 una
2351 1982 2537 2022 secum
2599 1967 2796 2021 librum
2852 1964 3124 2030 inferens,
3164 1972 3463 2034 apertoque

1891 2059 2128 2113 careeris
2151 2060 2293 2111 ostio
2322 2059 2539 2113 divinos
2574 2059 2720 2111 viros
2754 2058 3032 2113 incondito
3063 2058 3305 2112 clamore
3335 2056 3461 2111 inde

1888 2150 2089 2211 educit,
2114 2165 2177 2202 ac
2203 2160 2516 2204 monstrans
2545 2150 2851 2217 epistolam,
2898 2163 3062 2217 quam
3093 2147 3347 2202 manibus
3374 2158 3456 2201 te-

1889 2250 2065 2303 neret,
2099 2240 2166 2293 ab
2193 2240 2271 2293 eis
2306 2240 2568 2295 adversus
2597 2241 2983 2309 imperatorem
3038 2237 3323 2305 scriptam,
3376 2254 3464 2291 co-

1888 2332 2046 2399 gebat
2099 2334 2333 2396 edicere,
2384 2335 2622 2405 quando,
2649 2349 2714 2389 ac
2756 2330 3053 2403 quomodo,
3102 2339 3159 2385 et
3192 2330 3259 2384 ad
3320 2344 3462 2400 quos

1888 2423 2185 2477 misissent.

1959 2605 2091 2661 Vide
2123 2623 2253 2678 ergo
2304 2608 2525 2662 fortium
2579 2610 2822 2679 pttgilum
2879 2624 3115 2679 pugnam
3171 2608 3333 2663 aliam
3393 2622 3459 2662 ac

1884 2707 2029 2752 certa
2058 2715 2179 2753 non.
2211 2698 2281 2752 Ut
2301 2699 2444 2752 enim
2474 2699 2572 2753 abs
2595 2715 2653 2753 se
2680 2704 3062 2768 compositam,
3095 2700 3453 2769 missamque,

1882 2806 1948 2845 ac
1981 2793 2139 2859 cujus
2170 2805 2337 2845 causa
2372 2791 2573 2845 factum
2600 2791 2691 2853 sit,
2720 2791 2957 2847 confessi
2992 2790 3242 2854 fuissent,
3284 2792 3338 2845 in
3371 2792 3457 2845 fu-

1882 2896 2062 2935 rorem
2094 2898 2393 2938 conversus
2426 2886 2799 2939 exsccrandus
2830 2885 3014 2948 homo,
3049 2885 3241 2939 fortem
3302 2886 3454 2942 illum

1884 2974 2142 3029 Ecclesiae
2166 2976 2531 3039 adamantem,
2564 2992 2819 3044 magnum
2856 2977 2910 3031 in
2942 2978 3135 3046 primis
3169 2976 3452 3034 Nicolaum

1882 3068 2164 3122 confestln
2198 3068 2390 3122 nudari
2445 3068 2616 3137 jubet.
2668 3068 2811 3123 Viris
2854 3080 3033 3123 autem
3067 3070 3353 3124 sublimem
3387 3071 3455 3124 ah

1881 3168 2114 3227 utraque
2148 3175 2311 3212 manu
2354 3162 2689 3225 tenentibus,
2735 3162 2822 3215 alii
2856 3162 2977 3216 dire
3026 3162 3233 3217 laureis
3279 3162 3456 3217 caade-

1882 3253 2031 3306 bant.
2064 3252 2232 3305 Porro
2254 3251 2523 3307 deﬂuebat
2560 3253 2613 3306 in
2646 3261 2845 3308 terram
2879 3254 3103 3325 sanguis
3150 3256 3406 3323 martyris
3435 3269 3451 3308 :

1880 3343 2179 3409 vidensque
2213 3342 2473 3396 scelestus
2505 3343 2571 3394 ad
2606 3343 2826 3409 longum
2860 3344 2995 3397 satis
3023 3351 3242 3413 tempus
3275 3358 3450 3410 vapu-

1881 3432 2077 3485 lantem
2112 3435 2231 3486 sine
2262 3448 2413 3495 voce,
2459 3433 2640 3486 animo
2683 3444 3042 3502 exasperatus
3091 3434 3450 3491 miserabilis.

1875 3524 2030 3592 juht-t
2060 3524 2140 3577 sic
2174 3528 2378 3578 nudum
2423 3540 2486 3577 ac
2521 3525 2789 3589 sanguine
2844 3526 3305 3580 comtnaculatum
3348 3526 3455 3581 sub

1878 3618 1967 3670 dio
1995 3616 2198 3685 frigore
2222 3618 2524 3669 necandum
2560 3617 2813 3686 relinqui.
2852 3615 2983 3671 Erat
3011 3618 3285 3688 siquidem
3318 3627 3451 3673 tunc

1882 3707 2182 3777 hyhernum
2225 3716 2458 3776 tempus,
2508 3708 2662 3761 tertia
2700 3708 2957 3762 nimirum
3011 3711 3298 3777 praesentis
3344 3708 3447 3762 Fe-

1878 3801 2082 3855 bruarii
2111 3801 2335 3865 mensis,
2369 3816 2488 3854 cum
2519 3800 2619 3855 hoc
2648 3801 2843 3855 accidit
2872 3801 3097 3856 sanctis.

1949 3980 2071 4036 Mox
2103 3998 2254 4047 vero,
2288 3983 2366 4035 ira
2399 3980 2606 4047 furens,
2635 3981 2891 4038 Ecclesiae
2923 3982 3233 4038 columnam
3268 3984 3452 4040 Theo-

1876 4073 2071 4127 dorum
2098 4074 2233 4137 adit,
2263 4087 2498 4141 eumque
2521 4088 2740 4128 rursum
2776 4073 2956 4127 multis
2990 4075 3310 4130 verberibus
3341 4090 3450 4131 caa-

1877 4166 2035 4228 dens,
2069 4165 2209 4219 redit
2243 4164 2485 4219 vicissim
2526 4164 2593 4219 ad
2621 4179 2876 4235 magnum
2907 4164 3215 4227 Nicolaum,
3247 4168 3449 4221 multa-

1878 4270 2006 4325 que,
2040 4255 2212 4309 instar
2239 4253 2551 4308 hiemalium
2580 4254 2909 4317 nimborum,
2929 4257 3456 4325 sermonumjaculis

1879 4347 2099 4401 mittens
2132 4346 2398 4409 carmina,
2430 4347 2731 4399 conabatur
2753 4346 3070 4401 abstrahere
3114 4363 3145 4402 a
3177 4348 3377 4417 pietate
3398 4349 3451 4402 in

1877 4439 2118 4495 Patrem.
2156 4438 2204 4493 Is
2238 4451 2416 4493 autem
2447 4454 2571 4493 eum
2602 4438 2903 4494 observans
2966 4438 3286 4510 fovensque,
3323 4455 3451 4510 pes-

1799 4538 1853 4597 D
1879 4532 2079 4587 simum
2112 4532 2385 4585 hominem
2414 4531 2482 4584 ab
2514 4529 2691 4584 cilicio
2728 4539 3023 4594 vetantem,
3064 4531 3118 4584 in
3159 4546 3218 4587 se
3252 4545 3454 4601 provo-

1880 4625 2056 4681 cabat.

1950 4714 2261 4777 Enimvero,
2301 4712 2388 4767 ille
2421 4713 2666 4782 quidem,
2703 4712 2877 4767 instar
2910 4713 3137 4783 aspidis,
3174 4714 3270 4769 itae
3315 4730 3456 4785 prae-

1880 4820 2005 4860 sens
2037 4818 2302 4859 venenum
2335 4802 2493 4858 labiis
2551 4805 2852 4873 repositum
2909 4803 3111 4869 ferens,
3148 4803 3304 4873 jubet
3334 4805 3457 4874 ejus

1881 4915 2005 4953 cum
2043 4897 2265 4951 brachia
2297 4906 2409 4950 tum
2446 4897 2605 4950 ulnas
2635 4896 2832 4950 iterum
2858 4895 3086 4968 ﬂagellis
3111 4913 3233 4967 qua:
3260 4898 3456 4952 rhecas

1880 4992 2091 5053 dicunt,
2133 4990 2288 5057 caedi,
2347 4988 2441 5045 sed
2477 4999 2531 5044 et
2558 4989 2628 5045 ab
2654 5001 2887 5060 utraque
2927 5005 3094 5045 manu
3134 4991 3458 5045 carnivorus

1360 5168 1607 5226 FRANC.
1641 5167 2029 5224 COMBEFISII
2054 5165 2286 5222 ΝΟΤᾸΞ.

269 5310 385 5377 (l7)
446 5308 719 5363 Snbnotat
767 5308 891 5364 illos
943 5310 1263 5379 pmpnsitos
1291 5323 1359 5365 eo
1403 5310 1619 5365 tandem
1665 5312 1765 5366 ab-

205 5382 397 5435 ductos
431 5397 459 5433 τι
494 5379 695 5443 Leone,
745 5390 803 5434 ut
835 5381 991 5434 fidem
1028 5380 1129 5447 ipsi
1169 5380 1483 5446 retinerent,
1527 5381 1621 5436 sed
1656 5397 1765 5435 non

206 5453 588 5520 prebeat-ent,
632 5460 724 5504 aut
755 5451 875 5519 ejus
905 5466 1131 5520 pravum
1164 5449 1359 5520 dogma
1391 5462 1768 5519 conrguerent,

204 5523 270 5577 de
298 5523 503 5588 quibus
540 5520 723 5574 multis
761 5520 962 5578 Baron.
996 5536 1062 5575 ex
1109 5520 1369 5573 Michaele
1402 5531 1455 5574 ιιι
1485 5522 1606 5574 aliis
1637 5538 1768 5575 ann.

206 5592 327 5658 814,
360 5592 565 5662 quibus
593 5606 790 5662 magno
820 5606 1033 5662 semper
1072 5590 1256 5644 animo
1291 5591 1488 5645 restitit
1518 5590 1774 5645 Theodo—

208 5678 322 5726 rus,
366 5660 565 5716 omnes
606 5660 783 5715 modis
815 5660 1075 5715 omnibus
1108 5675 1413 5728 provocans
1447 5662 1512 5716 ad
1548 5663 1772 5716 liberam

214 5734 329 5788 ﬁdei
359 5732 793 5802 confessionem,
820 5747 885 5786 ac
914 5731 1162 5787 haeresim
1196 5731 1369 5800 palam
1416 5732 1772 5802 arguendatn.

275 5804 389 5874 (18)
419 5803 596 5856 Antea
632 5800 963 5873 βουνεύροις,
1001 5817 1097 5856 seu
1129 5805 1285 5856 nexis
1312 5800 1529 5859 bubulis
1560 5818 1623 5859 ac
1655 5812 1777 5857 tau-

1876 5312 1985 5367 reis
2037 5310 2202 5366 sen~el
2250 5317 2306 5362 et
2355 5309 2551 5363 iterum
2593 5323 2765 5363 caesos
2794 5308 2969 5362 dixit:
3008 5308 3095 5363 hic
3130 5316 3309 5361 autem
3334 5316 3445 5358 no-

1874 5398 2003 5437 vum
2049 5396 2222 5451 genus
2269 5379 2464 5450 ﬂagelli
2508 5380 2732 5451 iudicat.
2770 5378 2930 5451 Velit
2971 5378 3129 5451 forte
3161 5379 3454 5451 virgas-ex

1876 5446 2367 5511 ramis'arborum;
2392 5450 2776 5504 accommodas
2831 5449 2966 5504 satis
3021 5448 3293 5501 caedendis
3344 5446 3453 5500 illis

1878 5524 2156 5591 partibus;
2203 5521 2473 5591 siquidem
2531 5519 2751 5591 ῥακίδες
2806 5530 2933 5573 sunt
2990 5519 3150 5580 rami,
3209 5516 3450 5586 frutices,

1876 5590 2185 5663 ὁρόδαμνοι.
2236 5590 2309 5646 Ut
2343 5590 2775 5663 autent_alllttem
2813 5593 3057 5663 velimus
3074 5602 3196 5663 eam
3230 5602 3444 5663 vorem,

1878 5657 2000 5718 voci
2045 5657 2242 5732 ῥέκος,
2287 5675 2479 5732 φησι
2506 5658 2809 5732 Hesychius
2842 5657 3443 5732 Aexponithingttlutn,

1880 5726 2346 5807 possit'llagellum
2376 5746 2443 5785 ex
2470 5726 2854 5807 loris'lntelligi
2878 5746 2892 5784 :
2926 5726 2992 5784 de
3016 5727 3218 5807 quibus
3247 5726 3445 5807 Galou.

1879 5799 1929 5859 ξε.
1971 5803 2039 5859 ις
2077 5799 2249 5856 Erant
2290 5800 2405 5856 lora
2450 5801 2591 5867 apud
2646 5799 2858 5865 veteres,
2903 5799 3147 5868 corrigit:
3189 5812 3252 5850 ex
3304 5799 3449 5851 corio
