4168 6450
731 351 833 413 887

2157 370 2492 433 ΛΝΟΝΥΜΙ

3860 393 3967 453 888

730 473 884 524 cauis
918 472 1070 525 funes
1117 474 1365 542 alligans,
1405 484 1565 545 atque
1625 494 1718 546 per
1759 480 1922 534 horas
1970 481 2151 550 plures
2184 496 2288 537 ten-

2401 492 2523 553 λους
2576 496 2904 565 προσδήσας,
2957 498 2985 548 6
3042 499 3372 569 σαρκοϐὁρος
3422 503 3566 555 κύων
3609 504 3798 556 τούτου
3854 508 3966 557 τῶν

727 561 883 623 dens,
917 562 1087 614 virum
1119 574 1364 616 sanctum
1402 568 1705 635 torquebat.
1734 568 1871 622 Tum
1905 586 2031 625 vero
2084 573 2296 627 blandi-

729 654 816 706 tiis
848 669 1061 723 quoque
1096 655 1270 708 minas
1301 659 1665 725 nequissimus
1696 671 2024 730 temperans.
2064 679 2291 732 persua-

729 746 856 799 dere
907 745 1195 808 nitebatur,
1261 759 1319 801 ut
1377 760 1430 802 et
1481 752 1634 803 tidem
1690 766 1928 821 negaret.
1986 754 2053 808 Ut
2110 767 2293 811 autem

727 845 979 887 conatum
1013 852 1249 901 onmem,
1284 841 1427 893 velut
1468 842 1511 895 si
1561 846 1749 899 marini
1785 847 1979 905 ﬂuctus
2016 862 2180 919 petra:
2215 856 2293 906 al-

731 925 983 989 lidantur,
1028 927 1079 979 in
1132 943 1377 997 Spumant
1420 932 1640 988 dissolvi
1691 937 1845 1005 vidit,
1907 943 2132 996 omnino
2183 945 2290 1012 iam

727 1021 966 1073 auimtnn
1002 1034 1265 1092 tyrannus
1298 1026 1662 1095 despondens,
1687 1047 1808 1085 eum
1846 1034 2012 1087 miser
2044 1050 2148 1087 una
2168 1050 2290 1088 cum

727 1111 884 1167 Patre
913 1113 1054 1167 intra
1074 1130 1343 1170 carcerem
1365 1120 1643 1185 claudens,
1670 1139 1731 1176 ac
1753 1126 1951 1177 ostium
1978 1125 2291 1189 obstrucns,

726 1200 941 1253 tandem
966 1210 1017 1253 et
1038 1203 1151 1269 ipse
1184 1205 1446 1259 confusus
1474 1211 1757 1264 abscessit.
1793 1212 1936 1265 Sane
1958 1229 2085 1267 vero
2112 1215 2293 1269 videre

725 1300 860 1355 erat,
896 1308 957 1346 ex
989 1296 1273 1349 verberum
1306 1299 1391 1351 illa
1433 1302 1769 1366 carnificina,
1806 1306 2058 1372 martyris
2084 1303 2287 1359 Nicolai

726 1384 967 1447 ‘Irat-hia,
1003 1388 1137 1439 nihil
1179 1390 1358 1443 minus
1408 1393 1647 1448 turribus
1706 1408 2044 1462 exporrecta.
2088 1396 2291 1452 Verbe-

727 1492 844 1529 rum
901 1476 1167 1546 siquidem
1210 1484 1600 1547 cxcoriatioue,
1667 1502 1730 1540 ac
1785 1487 1988 1541 funium
2047 1490 2292 1544 teusione

722 1566 969 1620 distentis
1034 1570 1237 1632 nervis,
1286 1572 1444 1641 vique
1495 1583 1639 1643 tapta
1681 1592 1709 1627 a
1778 1579 2010 1631 naturali
2067 1580 2291 1633 interius

725 1665 871 1710 motu
911 1660 1197 1725 prohibitis
1232 1662 1828 1734 defectisque,jacebat
1854 1684 1955 1723 ceu
2002 1686 2164 1739 grave
2192 1671 2286 1723 ali-

720 1750 861 1813 quod
891 1766 1030 1803 onus
1060 1762 1268 1819 portatu
1304 1755 1543 1818 difﬁcile,
1574 1761 1945 1827 spectaculum
1980 1763 2286 1817 miserabile

720 1843 1123 1909 aspectantihtts
1148 1845 1197 1896 in
1231 1848 1409 1901 crucis
1442 1851 1660 1903 modum
1700 1853 2002 1921 rigentibus
2045 1856 2282 1918 lacertis,
2321 1832 2357 1884 Β

724 1934 898 1999 palam
932 1936 1185 1988 omnibus
1227 1937 1420 1992 factus.
1464 1939 1629 1995 Plane
1668 1958 1794 1997 vero
1847 1960 2138 2000 mansurus
2170 1958 2287 2000 erat

718 2042 779 2072 ru
817 2026 1062 2092 corporis
1091 2026 1466 2091 dispo-itioue.
1500 2034 1600 2085 nisi
1638 2035 1853 2088 tandem
1910 2039 2165 2092 custodes
2194 2056 2287 2107 pa-

720 2130 838 2165 :‘um
870 2116 1072 2184 aliquid
1127 2118 1397 2174 feritatem
1434 2126 1600 2177 animi
1662 2128 1995 2197 mitigantes,
2036 2146 2159 2185 cum
2189 2147 2287 2185 na-

722 2220 855 2263 tura!
887 2212 993 2264 vim
1025 2226 1371 2281 superantem
1404 2220 1717 2274 violentiam
1751 2225 2139 2292 perspicerent,
2164 2241 2286 2280 cum

721 2320 859 2371 aqua
909 2307 1105 2373 tepida.
1140 2309 1351 2375 adipem
1378 2326 1597 2379 quoque
1651 2316 1854 2378 petenti
1892 2319 2093 2383 saepius
2143 2318 2287 2372 Patri

721 2396 1004 2451 Theodoro
1054 2400 1125 2451 ob
1157 2400 1417 2468 inopiam,
1465 2406 1840 2468 praebuissent.
1892 2407 1961 2469 Is,
2016 2409 2289 2475 adjunctis

724 2488 994 2555 precibus,
1036 2490 1259 2558 spongia
1306 2493 1497 2544 leuiter
1552 2492 1889 2556 demulcens,
1936 2511 1997 2550 ac
2045 2498 2289 2565 quotidie

722 2582 907 2648 plagas
931 2580 1200 2644 oblincus,
1252 2586 1437 2651 paucis
1479 2585 1689 2649 diebus,
1745 2587 2104 2641 insanabilem
2141 2590 2288 2643 illum

723 2688 984 2724 manuum
1014 2673 1251 2726 dolorem
1277 2675 1544 2735 dissolvit.
1580 2692 1642 2730 ac
1665 2678 1904 2745 perfecta
1958 2680 2287 2749 discipulum

722 2764 951 2816 sanitate
979 2763 1214 2817 donavit.
1242 2766 1354 2818 'Sed
1402 2777 1451 2819 et
1486 2769 1600 2835 ipse
1644 2771 2001 2825 nihilominus
2050 2789 2285 2842 magnus

724 2853 974 2908 Nicelaus
1006 2858 1238 2925 idipsum
1282 2858 1383 2925 pi;e
1432 2862 1731 2916 curationis
1763 2863 1925 2918 cilicii
1960 2865 2105 2919 Patri
2139 2866 2289 2919 exhi-

727 2948 901 3008 bebat,
930 2959 1204 3002 etnortuas
1239 2961 1629 3006 tormentorum
1674 2955 1722 3007 vi
1753 2970 1982 3019 carnes,
2015 2971 2077 3009 ac
2117 2956 2290 3011 instar

725 3040 975 3093 niaudilis
1014 3044 1306 3107 pendentes
1335 3060 1364 3097 a
1401 3060 1650 3113 corpore,
1714 3048 1884 3115 perite
1940 3048 2286 3112 abscindens,

722 3146 784 3181 ac
815 3131 963 3183 omni
992 3142 1141 3199 parte
1180 3132 1356 3187 Patris
1386 3150 1577 3188 curam
1610 3152 1825 3205 gerens.

789 3220 933 3287 Quas
964 3238 1090 3275 vero
1116 3240 1176 3275 ac
1206 3234 1439 3292 quantas
1463 3230 1813 3281 necessitates
1844 3239 1955 3282 toto
1980 3229 2071 3282 illo
2116 3230 2284 3283 trien-

723 3314 793 3365 nii
828 3316 1005 3382 spatio
1042 3318 1402 3382 pertulerint,
1440 3328 1670 3385 angusto
1710 3320 1800 3373 illo
1834 3336 1896 3374 ac
1942 3323 2285 3376 tenebricoso

718 3404 920 3457 detenti
948 3407 1184 3457 carceris
1215 3406 1435 3473 angulo,
1462 3421 1526 3457 ne
1549 3406 1653 3460 dici
1677 3408 1894 3475 quidem
1926 3407 2083 3460 facile
2100 3416 2282 3477 queat.

715 3494 849 3549 Nam
875 3496 1018 3565 quis,
1048 3513 1197 3563 rogo,
1227 3498 1384 3549 etiam
1421 3500 1580 3566 paulo
1613 3499 1854 3567 plenius,
1888 3513 2005 3551 eam
2041 3498 2286 3567 corporis

718 3589 1049 3651 inﬂationem
1084 3590 1379 3650 deScribat,
1408 3608 1527 3657 qum
1557 3606 1621 3643 ex
1655 3592 1940 3645 tormentis
1960 3629 1975 3652 ,
2007 3607 2130 3645 vere
2158 3607 2285 3660 gra-

720 3681 799 3732 vis
831 3682 919 3733 illa
949 3696 1013 3733 ac
1049 3680 1344 3740 incuriosa.
1379 3682 1585 3735 sani-tis
1616 3682 1848 3735 accidit?
1876 3681 2083 3735 Nedum
2137 3684 2282 3737 cnim

715 3781 907 3825 contra
969 3773 1141 3824 solum
1209 3771 1452 3841 iniquum
1536 3775 1915 3840 imperatorem
1982 3776 2285 3844 impiosque

718 3862 998 3930 prtefectos
1042 3865 1421 3925 decertabant,
1482 3880 1663 3916 Verum
1707 3865 1870 3918 etiam
1915 3865 2015 3933 ipsi
2065 3881 2285 3933 quoque

720 3957 818 4024 legi
863 3965 1068 4008 natura:
1107 3956 1213 4007 vim
1248 3955 1580 4017 inferebant,
1620 3956 1992 4024 depugnantes
2026 3960 2284 4013 adversus

717 4049 913 4102 famem
945 4059 997 4102 et
1020 4049 1199 4112 sitim,
1235 4047 1513 4116 frigusque
1541 4064 1603 4103 ac
1637 4050 1958 4103 nuditatem.

785 4140 862 4194 Ac
898 4158 1049 4202 sane,
1088 4158 1211 4194 cum
1254 4157 1359 4193 non
1413 4142 1685 4194 modicum
1727 4143 2115 4211 percﬂluxisset
2145 4156 2282 4200 tem—

718 4235 865 4301 peris
913 4234 1179 4302 spatium,
1222 4234 1456 4295 iterum,
1499 4234 1733 4286 crudelis
1779 4235 2070 4303 imperator
2113 4240 2181 4292 ab
2218 4256 2283 4293 eo

715 4330 835 4381 loco
866 4328 930 4380 ad
965 4327 1209 4395 Smyrna
1252 4326 1592 4392 metr0polim
1628 4327 1860 4379 traducit
1898 4347 1909 4381 :
1946 4344 2085 4395 quos
2126 4347 2283 4385 exce-

714 4431 907 4487 perunt
942 4418 1189 4471 custodia
1226 4427 1388 4484 atque
1425 4419 1645 4470 verbera
1668 4458 1681 4479 ,
1734 4420 2003 4487 ambuque
2036 4424 2283 4492 utrisque

2400 580 2597 647 χειρῶν
2625 581 2983 649 ἑκατέρωθεν,
3018 587 3108 638 ἐπὶ
3142 589 3362 651 πολλαῖς
3393 594 3511 653 ταῖς
3540 593 3707 661 ὥραις
3742 594 3962 655 τείνων,

2399 671 2559 724 αὑτὸν
2586 672 2922 737 ἐϐασάνιζεν.
2956 673 3085 729 Εἶτα
3129 680 3221 731 καὶ
3272 680 3535 743 θωπείαις
3580 687 3680 744 τὰς
3729 685 3964 745 ἀπειλὰς

2399 764 2788 833 προσμιγνύων
2842 768 2869 817 6
2907 768 3173 837 ἔχθιστος.
3221 773 3569 839 μεταπείθειν
3602 775 3819 842 ἐπείρα,
3867 778 3965 827 καὶ

2394 856 2493 921 τὴν
2529 857 2710 910 πίστιν
2744 858 3091 927 ἐξόμνυσθαι.
3135 863 3220 923 Ὠς
3253 864 3307 915 δὲ
3341 866 3475 934 πρὸς
3506 866 3711 935 πέτραν
3745 866 3966 934 κρούων

2396 943 2694 999 θαλαττίων
2724 948 2880 1019 δίκην
2906 952 3164 1019 κυμάτων
3191 954 3269 1017 εἰς
3307 954 3478 1022 ἀφρὸν
3505 955 3763 1016 διελύετο,
3799 959 3959 1008 ἀπει-

2399 1034 2580 1103 ρηκὼς
2630 1039 2712 1099 είς
2747 1038 2893 1092 ἅπαν
2939 1043 2967 1094 ὁ
2992 1040 3271 1111 τύραννος,
3308 1044 3476 1096 κλείει
3526 1047 3621 1097 σὺν
3673 1046 3750 1115 τῷ
3785 1046 3964 1114 Πατρ“ι

2394 1127 2492 1194 τῆς
2530 1128 2750 1197 εἱρκτῆς
2788 1128 2937 1182 ἔνδον
2965 1132 3064 1198 τὴν
3093 1132 3262 1203 θύραν
3292 1134 3609 1204 άναφράξας
3646 1138 3675 1188 6
3702 1136 3960 1195 δείλαιος,

2396 1220 2487 1270 καὶ
2538 1221 2991 1291 κατῃσχυμμένος
3020 1222 3226 1285 λοιπὸν,
3264 1224 3356 1275 καὶ
3403 1224 3564 1287 αὐτὸς
3598 1224 3958 1291 ἀπελήλυθεν.

2407 1311 2499 1362 Ἐκ
2525 1310 2587 1381 δὴ
2630 1309 2723 1362 τοῦ
2749 1311 2991 1363 τοιούτου
3016 1313 3248 1382 δαρμού,
3275 1310 3343 1383 ἦν
3373 1313 3500 1366 ἰδεῖν
3530 1315 3656 1376 τοὺς
3685 1313 3778 1365 τοῦ
3814 1313 3961 1381 μάρ-

2392 1418 2553 1470 τυρος
2591 1402 2858 1456 Νικολάου
2890 1404 3177 1474 βραχίονας
3204 1408 3560 1475 κεκαυμένων
3600 1406 3777 1459 δαλῶν
3806 1406 3963 1458 οὐδὲν

2393 1493 2699 1555 ἐλάττονας.
2737 1496 2815 1565 Τῇ
2846 1496 2954 1547 τῶν
2993 1496 3271 1565 μαστίγων
3304 1498 3412 1565 γὰρ
3450 1496 3725 1565 ὲκδάρσει,
3761 1497 3854 1547 καὶ
3894 1498 3960 1563 τῇ

2396 1589 2543 1637 τάσει
2571 1586 2677 1637 τῶν
2706 1586 2888 1639 κάλων
2927 1588 3296 1641 τανυσθέντων
3325 1588 3432 1641 τῶν
3459 1588 3687 1657 νεύρων,
3733 1586 3823 1658 βίᾳ
3857 1587 3961 1654 τῆς

2393 1679 2629 1746 φυσικῆς
2673 1679 2807 1747 πρὸς
2852 1679 2921 1731 τὰ
2964 1680 3111 1731 ἔνδον
3167 1680 3593 1749 άπαρνηθέντων
3647 1684 3916 1747 κινήσεως
3944 1718 3959 1737 ,

2392 1769 2568 1821 ἔκειτο
2601 1771 2797 1839 φόρτος
2831 1770 3019 1840 ὥσπερ
3051 1770 3475 1832 δυσϐάστακτος,
3514 1769 3694 1838 θέαμα
3728 1767 3965 1819 ἐλεεινὸν

2390 1865 2500 1924 τοῖς
2528 1862 2695 1932 ὁρῶσι
2727 1862 3116 1933 σταυροτύπως
3148 1863 3636 1931 θριαμϐευόμενος.
3668 1861 3776 1912 Καὶ
3808 1861 3963 1927 ἐμει-

2391 1973 2480 2006 νεν
2530 1956 2596 2009 ἂν
2642 1959 2705 2025 τῇ
2757 1957 2933 2025 τοιᾷδε
2982 1954 3129 2007 θέσει
3181 1955 3674 2024 σχηματιζόμενος,
3704 1954 3754 2004 εί
3794 1952 3869 2021 μὴ
3900 1951 3963 2001 τὸ

2391 2044 2653 2114 θηριῶδες
2710 2045 2903 2115 μικρὸν
2940 2046 2989 2097 οἱ
3040 2044 3278 2114 φύλακες
3328 2043 3765 2105 ὑπαλλάξαντες,
3820 2042 3964 2109 ὑπὲρ

2389 2136 2487 2203 τὴν
2532 2133 2691 2201 φύσιν
2726 2133 3065 2205 καθορῶντες
3099 2134 3198 2202 τὴν
3235 2132 3355 2201 βίαν
3390 2132 3555 2184 οὖσαν
3588 2131 3687 2197 τῆς
3719 2130 3963 2197 φύσεως,

2393 2227 2489 2279 σὺν
2521 2225 2676 2279 ὕδατι
2704 2225 2929 2295 χλιαρῷ,
2981 2228 3077 2279 καὶ
3128 2226 3293 2293 στέαρ
3335 2224 3402 2276 δι’
3438 2222 3669 2290 ἀπορίαν
3704 2221 3967 2289 συχνο-τέ-

2394 2338 2501 2389 ρως
2531 2319 2771 2373 αἰτοῦντι
2798 2318 2874 2387 τῷ
2898 2320 3073 2387 Πατρὶ
3105 2318 3385 2387 Θεοδώρῳ,
3413 2317 3748 2384 προσένεμον
3771 2331 3783 2342 ·
3811 2315 3870 2373 ὃς
3895 2316 3962 2380 τῇ

2391 2414 2523 2480 εὐχῇ
2552 2414 2649 2463 σὺν
2679 2414 2744 2481 τῇ
2783 2412 3016 2480 σπογγία
3048 2411 3282 2481 μετρίως
3316 2409 3665 2475 καταψήχων,
3711 2405 3806 2457 καὶ
3838 2403 3965 2455 καθ’

2391 2506 2628 2571 ἑκάστην
2686 2503 2997 2568 ὲπαλείφων
3054 2502 3166 2562 τοῖς
3226 2498 3577 2569 τραύμασιν,
3637 2498 3695 2548 ὲν
3752 2496 3965 2561 ὀλίγαις

2390 2596 2624 2664 ἡμέραις
2671 2594 2769 2662 τὴν
2803 2593 3019 2645 ἀνίατον
3067 2593 3282 2660 ἐκείνην
3316 2590 3425 2642 τῶν
3462 2588 3661 2659 χειρῶν
3693 2587 3967 2655 ἀχθηδόνα

2390 2688 2619 2749 διέλυσε,
2654 2686 2747 2738 καὶ
2778 2686 2877 2753 τὴν
2907 2684 3096 2751 ὑγείαν
3123 2682 3342 2745 τελείως
3376 2681 3453 2750 τῷ
3497 2680 3709 2749 μαθητῇ
3751 2678 3966 2746 ἐδωρή-

2394 2796 2541 2831 σατο.
2584 2778 2745 2831 Ἀλλὰ
2780 2777 2885 2847 μὴν
2917 2778 3011 2829 καὶ
3042 2774 3200 2835 αὐτὸς
3233 2776 3261 2826 ὁ
3293 2773 3465 2842 μέγας
3498 2772 3762 2825 Νικόλαος
3793 2768 3968 2821 sane

2390 2868 2467 2940 τῷ
2508 2871 2681 2938 Πατρὶ
2709 2868 3025 2938 θεραπεύων
3056 2866 3325 2934 ἐφαίνετο,
3374 2866 3470 2926 τὰς
3498 2863 3867 2932 νεκρωθείσας
3900 2861 3967 2911 ἐκ

2391 2960 2497 3013 τῶν
2523 2959 2771 3028 βασάνων
2800 2958 3027 3026 σάρκας,
3050 2956 3204 3023 δίκην
3230 2953 3510 3024 μανδὴλων
3538 2952 3965 3021 ἐκκρεμαμένας

2392 3051 2579 3104 τούτου
2608 3050 2684 3119 τῷ
2714 3049 2947 3118 σώματι,
2976 3049 3193 3112 εὐφυῶς
3225 3046 3604 3114 κατατέμνων,
3629 3044 3722 3096 καὶ
3751 3058 3964 3095 πανταο

2311 3159 2358 3222 (ς
2390 3146 2546 3214 χόθεν
2566 3143 2643 3211 τῷ
2672 3143 2844 3211 Πατρὶ
2872 3140 3345 3210 προμηθούμενος-

2464 3236 2596 3298 Οἶας
2633 3237 2688 3287 δὲ
2723 3235 2815 3288 καὶ
2848 3236 2978 3296 ὅσας
3018 3234 3262 3301 ἀνάγκας
3302 3235 3358 3285 ἐν
3395 3232 3537 3294 ὅλοις
3570 3228 3747 3299 τρισὶν
3783 3227 3965 3279 ἔτεσιν

2393 3330 2448 3379 ὲν
2494 3327 2573 3395 τῷ
2634 3326 2892 3396 στενωπῷ
2941 3326 3152 3393 τούτῳ,
3188 3325 3281 3376 καὶ
3312 3323 3539 3391 ζοφώδει
3583 3322 3685 3389 τῆς
3734 3318 3965 3388 εἱρκτῆς

2394 3421 2575 3490 χωρίῳ
2630 3416 2975 3490 ὑπήνεγκαν,
3022 3419 3142 3470 οὐδέ
3194 3420 3310 3470 ἐστι
3344 3416 3523 3487 ῥᾴδιον
3570 3411 3963 3484 διηγήσασθαι.

2394 3512 2487 3571 Τίς
2518 3512 2625 3578 γὰρ
2656 3513 2721 3564 ἂν
2751 3513 2841 3563 καὶ
2871 3509 3177 3574 διεξοδικῶς
3217 3508 3584 3577 ἀναγράψοιτο
3616 3506 3715 3573 τὴν
3753 3506 3817 3555 ὲκ
3852 3503 3967 3555 τῶν

2396 3605 2641 3672 βασάνων
2688 3602 3046 3669 ἐγγινομένη-θ
3077 3599 3253 3667 δεινὴν
3295 3600 3463 3658 ὅντως
3498 3598 3681 3658 αὐτοῖς
3734 3595 3828 3645 καὶ
3865 3594 3963 3643 ἁν-

2394 3695 2723 3764 επιμέλητον
2754 3693 2847 3745 τοῦ
2879 3692 3128 3761 σώματος
3159 3692 3403 3759 οἵδησιν;
3438 3691 3513 3742 Ού
3543 3689 3651 3755 γὰρ
3689 3686 3825 3753 πρὸς
3860 3684 3965 3752 βα-

2394 3789 2543 3841 σιλέα
2573 3788 2732 3856 μόνον
2755 3786 3092 3855 παράνομον,
3117 3785 3207 3836 καὶ
3234 3784 3369 3851 πρὸς
3388 3780 3661 3838 δυσσεὸεἶς
3686 3779 3965 3846 ἡγεμόνας

2390 3877 2837 3946 ἀντηγωνίζοντο·
2866 3876 3000 3927 ἀλλὰ
3028 3875 3122 3927 καὶ
3152 3873 3285 3942 πρὸς
3313 3873 3472 3926 αὐτὸν
3498 3871 3588 3921 τὸν
3617 3869 3715 3933 τῆς
3746 3868 3965 3933 φύσεως

2391 3971 2555 4037 νόμον
2585 3968 2957 4031 ἐξεϐιάζοντο,
3002 3965 3144 4035 λιμῷ
3173 3983 3232 4018 τε
3266 3966 3357 4017 καὶ
3392 3964 3554 4032 δίψει,
3587 3960 3745 4030 ψύξει
3775 3976 3832 4010 τε
3866 3962 3966 4011 καὶ

2392 4061 2687 4128 γυμνότητι
2706 4059 3186 4128 προσπαλαίοντες.

2463 4152 2569 4204 Καὶ
2599 4149 2728 4217 γοῦν
2764 4150 2863 4201 οὐκ
2893 4150 3073 4215 ὀλίγου
3106 4148 3299 4217 χρόνου
3338 4145 3815 4216 παριππεύσαντος
3846 4141 3967 4193 δια-

2394 4244 2685 4312 στήματος,
2730 4241 2890 4295 πάλιν
2939 4244 2967 4292 6
3014 4240 3293 4309 μιαιφόνος
3341 4238 3475 4304 ἄναξ
3526 4239 3661 4306 πρὸς
3709 4237 3808 4298 τὴν
3859 4234 3965 4300 τῆς

2392 4336 2643 4404 Σμύρνης
2669 4332 2876 4385 ἐκεῖθεν
2905 4332 3235 4402 μητρόπολιν
3268 4330 3621 4399 μετατίθησιν
3644 4346 3658 4359 ·
3684 4328 3876 4397 εἱρκτὴ
3903 4328 3966 4379 δὲ

2392 4427 2614 4489 τούτους
2637 4428 2727 4479 καὶ
2756 4426 3014 4494 μάστιγες
3032 4424 3326 4492 διεδέχοντο
3345 4463 3357 4480 ,
3384 4420 3478 4475 καῖ
3498 4422 3637 4488 ξύλῳ
3662 4420 3969 4486 κατ’ἇμςω

721 4514 945 4576 pedibus
988 4513 1131 4579 ligno
1184 4510 1407 4563 revincti
1452 4522 1625 4562 erant.
1675 4510 1810 4563 Cum
1865 4524 2045 4566 autem
2092 4516 2279 4585 viginti

2390 4520 2462 4571 τὼ
2496 4519 2621 4571 πόδε
2646 4518 3055 4587 καθείργνυντο.
3091 4515 3277 4568 Εἴκοσι
3305 4515 3361 4567 δὲ
3392 4517 3524 4585 μησὶ
3554 4515 3666 4583 (I9)
3693 4514 3797 4565 κὰν
3828 4513 3965 4580 τῇδε

1867 4649 2111 4706 FRANC.
2144 4652 2525 4710 COSIBEFISII
2557 4654 2788 4711 NOTAE.

720 4794 897 4854 facta,
942 4790 1128 4857 quibus
1182 4790 1314 4842 servi
1364 4789 1625 4843 verberari
1674 4789 1932 4843 solebant.
1983 4792 2055 4847 Ut
2098 4807 2278 4851 autem

715 4862 962 4929 νυνι-ἰθὺν
998 4861 1049 4911 iu
1084 4860 1291 4923 ﬂagella
1316 4861 1600 4932 cedebant.
1638 4860 1709 4932 ita
1742 4860 1903 4932 etiam
1938 4861 1987 4913 in
2024 4865 2275 4932 cingula;

714 4935 911 4999 Vixque
949 4933 1293 4983 conminuior
1332 4929 1435 4980 alia
1487 4930 1709 4982 materia
1763 4929 2140 4997 cingulorum:
2182 4935 2279 4988 Mi-

715 5002 867 5054 i-bael
906 5002 971 5051 de
1004 4999 1206 5051 Nicolai
1257 5000 1480 5062 ﬂagellis
1514 5000 1631 5051 istis
1668 5001 1737 5052 ita
1787 5002 2016 5054 scribit:
2062 5002 2279 5059 Transit

712 5074 829 5125 inde
875 5087 1056 5123 rursus
1094 5071 1160 5120 ml
1201 5070 1505 5141 Nicolaum,
1540 5080 1688 5122 ratus
1737 5068 1889 5121 illum
1921 5086 2136 5141 propter
2166 5093 2279 5129 ver-

713 5146 835 5195 bera
880 5140 1175 5193 molliorem
1225 5140 1463 5207 factum:
1524 5141 1790 5208 verbisque
1847 5145 2152 5207 asperrimis
2210 5147 2279 5199 ad

711 5228 986 5263 sacrarunt
1023 5213 1311 5277 imaginum
1379 5211 1716 5277 magistrique
1748 5211 2095 5277 ejnratiunem
2124 5216 2279 5268 insti-

712 5292 823 5347 gat.
862 5281 928 5333 lit
962 5297 1075 5332 ιτενο
1110 5280 1377 5346 fortiorem
1404 5280 1552 5330 illum
1580 5298 1733 5347 quam
1768 5298 1924 5333 antea
1954 5301 2061 5337 esse
2090 5288 2272 5349 settsit,

711 5342 829 5404 cum
852 5352 979 5403 loris
1013 5342 1254 5409 intextis,
1288 5342 1671 5417 viminibustjue
1712 5368 1885 5403 recens
1920 5356 2131 5416 excisis.
2161 5342 2275 5409 ma;

713 5441 810 5475 nus
842 5438 903 5474 ac
922 5422 1095 5487 pedes,
1140 5421 1498 5488 reliquumque
1534 5438 1720 5486 corpus
1745 5423 2034 5478 dilaniant.
2063 5426 2268 5478 iteratis

712 5494 880 5560 planis
904 5492 1234 5553 exulceratis,
1261 5491 1354 5541 sub
1385 5490 1472 5541 dio
1502 5492 1577 5543 sic
1607 5492 1854 5558 u/fectum
1888 5493 2152 5561 relinquit.
2180 5498 2270 5551 Sic

716 5576 1009 5630 interpres;
1040 5572 1199 5629 atque
1235 5571 1292 5613 ut
1324 5562 1457 5613 satis
1499 5571 1775 5613 auctorem
1814 5564 2023 5623 reddat.
2059 5566 2265 5619 clarum

715 5632 962 5684 videatur
1010 5634 1281 5698 quodnam
1336 5630 1532 5697 ﬂagelli
1589 5648 1760 5701 genus
1811 5636 2142 5701 appellatum
2196 5638 2267 5690 sit

720 5703 884 5756 ιέὲκα”
920 5703 1061 5769 quod
1107 5702 1363 5754 nimirum
1409 5701 1610 5754 intexta
1643 5702 1757 5753 lora
1792 5719 1916 5755 cum
1968 5707 2265 5761 viminibus

717 5776 966 5836 naberet',
995 5789 1305 5841 quanquam
1337 5774 1511 5826 adhuc
1543 5774 1832 5826 obscurum
1864 5785 2095 5837 maneat,
2130 5793 2263 5845 quo-

2385 4798 2550 4851 modo
2603 4797 2713 4848 lora
2763 4797 2851 4849 ilia
2896 4796 3157 4849 haberent
3193 4794 3258 4846 ad
3295 4793 3521 4853 vimina,
3555 4807 3653 4843 nec
3687 4793 3833 4844 cni'u
3883 4793 3958 4844 ita

2386 4868 2633 4934 utrisque
2664 4867 2877 4919 videtur
2918 4868 3324 4924 concinnatum,
3367 4874 3424 4916 ut
3459 4863 3683 4930 perinde
3721 4878 3842 4915 cum
3879 4880 3963 4913 γι-

2387 4939 2530 4990 mina
2586 4948 2695 4989 tum
2754 4937 2867 4989 Iura
2922 4941 3209 5012 caederent.
3256 4934 3348 4987 sed
3388 4934 3587 5012 potius_
3621 4943 3677 4985 ut
3722 4934 3960 5012 alterum

2384 5009 2689 5075 rolligando
2724 5007 2906 5068 alteri,
2957 5023 3020 5060 ac
3054 5007 3201 5057 velut
3247 5004 3626 5075 componendo
3658 5003 3960 5075 manubrio

2383 5074 2635 5138 serviret,
2686 5079 2791 5130 nisi
2842 5078 3007 5130 etiam
3052 5076 3300 5137 Michael,
3339 5090 3435 5127 seu
3484 5074 3603 5153 ejus
3656 5074 3956 5153 interpres,

2382 5150 2493 5201 duo
2521 5150 2654 5201 dicit
2689 5147 3026 5213 ﬂagellorum
3061 5162 3283 5215 genera,
3328 5156 3387 5197 ut
3416 5155 3469 5196 et
3502 5146 3654 5205 luris.
3692 5153 3746 5195 et
3774 5146 3963 5215 uirgis

2389 5235 2481 5272 seu
2514 5219 2809 5270 viminibus
2848 5213 3085 5271 seorsiui
3116 5215 3373 5269 Nil-elatis
3418 5230 3593 5268 czesus
3642 5215 3735 5267 sit.
3763 5213 3957 5266 Cra-ca

2388 5291 2526 5341 forte
2578 5289 2853 5342 Michaelis
2906 5290 3079 5341 lucem
3132 5288 3323 5339 afferre
3373 5299 3615 5353 possent.
3675 5295 3732 5337 ut
3790 5286 3960 5337 modo

2384 5369 2755 5425 suppeterent.

2452 5424 2565 5505 (19)
2596 5427 2839 5505 __M_ielia_el
2882 5428 3086 5505 relatus
3119 5443 3147 5480 a
3180 5426 3416 5505 Baroniu
3445 5441 3598 5505 ann.“
3624 5424 3752 5481 820.
3786 5439 3843 5475 η.
3900 5424 3957 5505 ξ,

2380 5496 2628 5551 nonnihil
2662 5499 2877 5551 brevius
2935 5499 3169 5563 spatium
3220 5496 3486 5566 Smyrnaei
3524 5496 3670 5547 illius
3710 5497 3961 5566 carceris

2377 5570 2596 5622 videtur
2630 5569 2933 5632 assignare,
2962 5585 3087 5621 cum
3116 5570 3185 5619 ita
3219 5568 3297 5618 ait
3324 5564 3345 5619 V:
3380 5565 3581 5619 Christi
3622 5581 3739 5617 vero
3775 5564 3962 5629 famu-

2374 5642 2479 5699 lus.
2518 5656 2711 5691 annum
2738 5642 3000 5715 integrum
3034 5654 3096 5690 ac
3130 5638 3413 5715 dimidium
3466 5638 3708 5715 Singula:
3760 5635 3958 5715 degens

2374 5727 2425 5759 ιη
2466 5726 2697 5769 carcere,
2760 5710 3010 5759 alacriter
3047 5711 3224 5759 omnia
3260 5724 3376 5759 cum
3414 5708 3708 5773 gratiarum
3746 5710 3959 5757 actione

2373 5780 2681 5846 rerferebat,
2708 5795 3009 5846 getterosum
3038 5781 3273 5830 animum
3306 5779 3465 5831 ttttllia
3490 5778 3741 5830 molestiis
3774 5782 3955 5843 [iungi
