4164 6456
685 349 783 416 891

2126 346 2468 407 ANONYMI

3831 347 3947 411 89?.

685 477 800 521 toto
827 479 1055 534 corpore
1083 477 1177 518 eos
1205 462 1456 532 stigvnata
1488 459 1617 515 Jesu
1649 459 2128 525 circumferentes,
2160 460 2254 513 lio-

2392 465 2562 524 κεῖνος
2596 462 2798 532 ποιμὴν
2831 464 2887 515 ἐν
2920 463 3025 532 ὅλῳ
3068 461 3144 530 τῷ
3177 460 3390 531 σώματι
3436 462 3657 526 τούτους
3694 463 3787 516 τοῦ
3831 464 3945 533 Ἰη-

686 572 819 610 nore
854 554 1305 625 prosequebatur,
1340 553 1682 622 habebatque
1716 554 2073 614 venerationi.
2110 570 2172 607 ac
2203 553 2254 604 in

685 646 931 700 omnium
955 654 1265 713 conspectu,
1294 659 1416 697 cum
1450 654 1661 712 tempus
1691 644 1924 707 tulisset,
1945 661 2256 700 sermonum

686 737 952 790 consertis
978 735 1238 805 symbolis
1265 735 1583 790 exornahat.
1613 735 1870 790 Facessat
1896 746 2039 790 mota
2075 738 2262 789 adver~

688 843 781 880 sus
826 825 964 879 iS'OS
1000 826 1235 883 invidia.
1277 841 1611 892 manumque
1644 825 1722 878 ori
1763 826 2043 880 dementes
2083 827 2262 896 impo-

688 926 840 974 naut.
893 917 984 984 qui
1033 931 1129 969 sua
1179 916 1280 983 ipsi
1337 916 1598 983 nequitia,
1647 917 1798 970 orbis
1838 917 1926 970 illa
1974 917 2261 970 luminaria

684 1008 918 1060 invicem
942 1007 1170 1061 adversa
1195 1007 1379 1061 effreni
1423 1009 1687 1061 hactenus
1715 1023 1808 1062 ore
1835 1008 2260 1063 calumniantur.

757 1187 1028 1242 Caeterum
1075 1187 1316 1257 pontifex
1344 1231 1358 1251 ,
1395 1195 1493 1242 hos
1545 1189 1680 1243 bene
1717 1190 2066 1243 consulentes
2109 1204 2265 1244 assu-

691 1297 864 1342 niens,
896 1297 1000 1334 una
1037 1296 1162 1334 cuni
1201 1282 1485 1350 praecipuis
1521 1281 1912 1349 tnetrnpolitis,
1937 1297 2115 1350 operae
2143 1298 2259 1351 pre-

693 1375 825 1424 tium
859 1373 1134 1425 duxerunt
1160 1382 1215 1426 ut
1248 1388 1430 1426 coram
1465 1372 1846 1440 imperatorem
1879 1374 2113 1437 adirent,
2148 1389 2268 1440 spc-

691 1476 873 1520 rantes
907 1464 1021 1518 l'ore
1057 1475 1113 1517 ut
1145 1465 1494 1532 subingressa
1547 1464 1599 1516 in
1634 1463 1933 1518 Ecclesiatn
1971 1464 2226 1518 scandala
2249 1507 2262 1526 ,

691 1572 754 1609 ac
800 1571 1032 1625 nequam
1086 1556 1404 1617 haereticos,
1451 1555 1768 1623 dejiccrent.
1806 1557 1883 1610 Ac
1915 1571 2040 1608 vero
2091 1557 2264 1609 virum

693 1647 983 1715 quemdam
1047 1648 1099 1699 iit
1175 1646 1436 1716 dignitate
1498 1649 1856 1700 constitutum
1923 1657 2266 1715 sequestrum

693 1737 1048 1799 alhibeutes,
1080 1738 1308 1806 ingressi
1359 1748 1485 1789 sunt
1525 1737 1590 1790 ad
1637 1737 2054 1806 imperatorem,
2110 1739 2269 1806 eique

697 1845 795 1897 pro
827 1829 1082 1882 omnibus
1103 1867 1118 1890 ,
1162 1841 1219 1881 ut
1259 1829 1485 1895 quisque
1515 1829 1754 1891 valebat,
1787 1830 1990 1897 gratias
2024 1839 2266 1900 agentes,

697 1938 819 1974 rtim
852 1921 962 1988 jam
997 1918 1320 1975 Theodorus
1365 1935 1672 1974 sermonem
1722 1921 1790 1974 de
1831 1910 2080 1975 Ecclesiae
2121 1921 2269 1975 sanis

698 2013 970 2081 dogmatis
1002 2013 1420 2082 proposuisset:
1461 2014 1694 2082 jussvrat
1753 2013 1899 2066 enim
1963 2028 1990 2066 a
2044 2013 2268 2066 victoria

700 2103 1001 2170 appellatus
1030 2102 1369 2171 Nicephorus
1396 2103 1725 2169 patriarcha,
1757 2111 1815 2155 ut
1846 2104 1890 2155 is
1922 2097 2079 2155 fidem
2108 2117 2272 2170 expo-

701 2203 854 2248 neret
887 2211 900 2248 :
935 2194 1216 2262 perculsus
1251 2193 1548 2262 imperator
1573 2195 1693 2261 ejus
1719 2195 1921 2257 verbis,
1953 2195 2271 2263 noleusque,

702 2295 760 2338 nt
795 2301 906 2338 rem
939 2285 1114 2339 dicam
1141 2325 1155 2348 ,
1197 2287 1329 2338 dare
1376 2287 1701 2340 solutionem
1748 2285 2037 2350 Ecclesize,
2075 2289 2276 2358 quippe

699 2377 794 2447 qui
826 2379 974 2431 velut
1013 2379 1402 2446 antesignanus
1439 2379 1924 2433 Iconomachorum
1954 2422 1968 2443 ,
2004 2380 2276 2448 ejusdem-

701 2485 808 2536 que
837 2485 901 2522 ac
936 2470 1009 2521 illi
1038 2472 1322 2524 sententia:
1346 2480 1509 2534 esset,
1557 2469 1654 2532 Tu,
1701 2471 1877 2539 inquit
1926 2471 1992 2525 ad
2032 2472 2273 2526 divinum

701 2561 1075 2626 'l'heodorutn,
1094 2562 1150 2614 in
1170 2578 1309 2615 more
1329 2563 1559 2630 positum
1581 2561 1738 2616 habes
1760 2565 1976 2630 sceptris
2004 2565 2242 2617 resistere
2260 2579 2278 2616 :

703 2655 850 2706 velut
882 2654 1255 2723 iniproperaus
1280 2655 1494 2724 plenam
1533 2655 1679 2708 illam
1705 2655 1972 2709 libertatis
1999 2657 2282 2724 reprehen-

705 2745 951 2806 sionem,
995 2760 1154 2813 quam
1215 2746 1522 2799 communis
1573 2746 1658 2798 illa
1711 2745 1970 2800 Ecclesia:
2023 2745 2133 2809 fax,
2183 2762 2282 2801 ceu

705 2836 936 2891 l‘liinees
961 2837 1248 2891 aemulator
1267 2877 1282 2900 ,
1315 2838 1417 2890 suh
1445 2837 1656 2892 duobus
1687 2839 2106 2906 imperatoribus
2136 2837 2280 2892 Con-

705 2930 947 2982 stantino
980 2943 1044 2982 ac
1076 2927 1384 2997 Niceplioro
1409 2928 1642 2984 fecisset.
1681 2927 1824 2982 Sane
1853 2932 1999 2982 enim
2025 2931 2094 2984 ob
2117 2931 2284 2984 animi

707 3019 898 3075 oculos
938 3030 1239 3076 versantem
1290 3022 1556 3085 habebat,
1591 3039 1754 3092 quam
1793 3022 1836 3076 is
1871 3039 2090 3092 quoque
2124 3023 2286 3078 mise-

2365 554 2457 606 σοῦ
2481 556 2548 606 τὰ
2578 554 2850 622 στίγματα
2881 556 3297 626 περιφέροντας,
3321 557 3548 623 ἐτιμᾶτο
3578 555 3669 608 καὶ
3697 554 3950 618 ἐσέϐετο,

2363 647 2458 698 καὶ
2491 646 2583 699 ἐπὶ
2610 648 2743 697 πᾶσι
2775 647 2897 699 καθ’
2931 646 3079 716 ὥραν
3110 649 3222 709 τοῖς
3259 649 3324 700 ἐκ
3355 646 3462 698 τῶν
3518 648 3689 714 λόγων
3731 649 3954 715 ἐράνοις

2365 739 2667 808 ἐγέραιρεν.
2731 738 2966 810 Ἐῤῥέτω
3005 738 3198 804 φθόνος
3242 741 3271 792 ὁ
3320 739 3462 792 κατὰ
3513 741 3718 792 τούτων
3761 739 3957 792 κινού-

2369 848 2526 900 μενος
2558 831 2692 900 (21),
2718 830 2810 882 καὶ
2832 834 2991 900 χεῖρα
3009 830 3100 881 ἐπὶ
3125 832 3299 898 στόμα
3325 831 3385 884 τὸ
3412 831 3620 882 ἑαυτῶν
3641 831 3950 882 τιθέτωσαν

2363 923 2410 973 οἱ
2441 921 2800 991 ἐμῦρόντητοι
2824 960 2839 981 ,
2870 922 2919 973 οἱ
2953 924 3017 990 τῇ
3053 919 3203 988 σφῶν
3233 922 3400 990 κακίᾳ
3429 963 3442 984 ,
3475 922 3602 984 τοὺς
3627 924 3727 989 τῆς
3758 926 3949 974 οἰκου-

2370 1012 2535 1080 μένης
2565 1011 2886 1080 φωστῆρας,
2919 1013 3039 1065 κατ’
3078 1012 3320 1082 ἀλλήλων
3367 1013 3528 1082 μέχρι
3562 1013 3656 1065 τοῦ
3690 1013 3786 1064 νῦν
3816 1013 3952 1064 ἀϐυ-

2370 1103 2755 1172 ροττομοῦντες
2790 1102 3215 1156 ἐνδιαϐάλλουσι.

2440 1204 2582 1271 Πλὴν
2618 1202 2729 1270 (9.2)
2763 1203 2946 1264 καλοῖς
2980 1203 3306 1270 συμϐούλοις
3335 1201 3458 1270 Heg.
3487 1199 3682 1256 καλοὺς
3710 1195 3955 1265 συμϐού-

2366 1293 2489 1355 λους
2514 1289 2763 1362 τούτους]
2792 1293 2819 1344 ὁ
2839 1290 3127 1360 ἀρχιερεὺς
3152 1290 3248 1341 σὺν
3269 1291 3383 1350 τοῖς
3404 1288 3594 1355 λογάσι
3614 1285 3819 1346 τούτοις
3844 1283 3956 1334 τῶν

2373 1383 2782 1454 μητροπολιτῶν
2831 1381 3305 1450 προσλαΰόμενος,
3356 1379 3434 1440 εἰς
3486 1377 3612 1430 θέαν
3667 1375 3759 1428 τοῦ
3810 1391 3955 1444 κρα-

2367 1475 2583 1534 τοῦντος
2621 1473 2790 1525 ἐλθεῖν
2823 1472 3193 1541 ὑπειλήφασι,
3225 1470 3292 1523 τὰ
3337 1467 3761 1539 παρεισελθόντα
3799 1463 3958 1516 κῶλα

2369 1571 2434 1637 τῇ
2479 1565 2774 1634 Ἐκκλησία
2799 1563 3050 1617 καθελεῖν
3092 1563 3582 1633 προσδοκήσαντες.
3617 1558 3725 1611 Καὶ
3759 1555 3823 1626 δὴ
3845 1555 3958 1606 τῶν

2370 1662 2428 1712 ἐν
2458 1657 2596 1709 τέλει
2635 1656 2740 1708 τινὶ
2771 1655 2965 1724 μεσίτῃ
3003 1646 3342 1724 χρησάμενοὶ
3368 1692 3380 1714 ,
3414 1651 3550 1719 πρὸς
3595 1650 3686 1700 τὸν
3728 1645 3959 1716 βασιλέα

2373 1747 2822 1819 εἰσεληλύθεσαν,
2853 1747 2946 1798 καὶ
2983 1747 3110 1814 περὶ
3148 1745 3366 1796 πάντων
3414 1743 3512 1811 τὴν
3557 1737 3917 1810 εὐχαριστίαν
3939 1778 3955 1802 ,

2371 1843 2444 1905 ὡς
2469 1837 2580 1911 εἶχε
2605 1839 2886 1908 δυνάμεως
2914 1838 3143 1900 ἕκαστος
3167 1836 3347 1888 αὐτῶν
3370 1834 3447 1904 τῷ
3475 1832 3680 1902 βασιλεί
3707 1832 3958 1898 ἀφοσιω-

2375 1937 2628 2004 σάμενος,
2661 1932 2755 1986 τοῦ
2791 1932 3026 2001 μεγάλου
3060 1929 3338 1997 Θεοδώρου
3381 1927 3472 1979 τὸν
3504 1925 3659 1992 λόγον
3690 1923 3789 1993 ἦδη
3827 1922 3963 1989 περὶ

2372 2026 2478 2078 τῶν
2516 2025 2612 2094 τῆς
2643 2023 2968 2091 Ἐκκλησίας
2991 2021 3274 2090 δογμάτων
3313 2017 3724 2087 προτείναντος·
3765 2011 3963 2065 τοῦτον

2373 2121 2480 2191 γὰρ
2512 2116 2847 2184 εἰσηγεῖσθαι
2876 2115 2944 2167 τά
2971 2117 3100 2184 περὶ
3130 2113 3365 2174 πίστεως
3398 2110 3426 2161 ὁ
3460 2111 3557 2179 τῆς
3590 2107 3745 2176 νίκης
3781 2102 3966 2171 φερὼο

2375 2229 2543 2280 νυμος
2584 2207 2960 2278 προετρέψατο
2983 2221 2999 2236 ⁶
3047 2202 3505 2273 καταϐροντηθεὶς
3544 2202 3571 2252 ὁ
3604 2199 3738 2264 ἄναξ
3767 2196 3963 2250 τούτου

2376 2304 2485 2363 τοῖς
2519 2299 2748 2370 ῥήμασι,
2778 2297 2890 2360 καὶ,
2930 2296 2995 2348 ἵν’
3028 2297 3182 2348 εἴπω.
3222 2293 3374 2345 λύσιν
3408 2294 3473 2361 τῇ
3514 2288 3809 2356 Ἐκκλησία
3855 2302 3966 2336 πα-

2382 2393 2598 2461 ρασχεῖν
2657 2387 2731 2456 μὴ
2773 2384 3097 2454 βουλόμενος
3123 2401 3136 2414 ·
3179 2383 3409 2453 ἐπείπερ
3455 2381 3528 2441 ὼς
3571 2377 3812 2448 ἀρχηγδς
3865 2375 3966 2427 καὶ

2378 2476 2625 2545 ὁσόδοξος
2646 2473 2752 2526 τῶν
2781 2473 3160 2542 Εἱκονομάχων
3187 2471 3446 2540 ἐτύγχανε
3469 2485 3481 2498 ·
3513 2469 3614 2532 Σὺ,
3639 2467 3790 2535 φησὶ.
3823 2464 3967 2527 πρὸς

2381 2568 2468 2620 τὸν
2508 2565 2764 2634 θεοφόρον
2789 2563 3094 2633 Θεόδωρον,
3140 2563 3209 2626 ἐξ
3252 2562 3425 2625 ἔθους
3465 2560 3621 2627 ἔχεις
3657 2557 3780 2621 τοῖς
3808 2558 3970 2622 σκή-

2383 2674 2586 2725 πτροις
2609 2657 3025 2720 ἀνθίστασθαι,
3051 2654 3125 2717 ὡς
3147 2651 3542 2722 ὀνειδισάμενός
3568 2667 3680 2712 πως
3704 2651 3802 2716 τῆς
3823 2649 3971 2718 παῤ-

2386 2753 2580 2822 ρησίας
2606 2753 2697 2804 τὸν
2727 2751 2966 2820 ἔλεγχον,
2999 2751 3056 2801 ὃν
3087 2749 3180 2802 ἐπὶ
3213 2745 3625 2800 Κωνσταντίνου
3659 2744 3751 2796 καὶ
3787 2741 3968 2809 Νικη-

2385 2846 2553 2913 φόρου
2576 2846 2691 2896 τοῖν
2713 2843 2856 2895 δυοῖν
2886 2842 3173 2910 βασιλέοιν.
3206 2840 3346 2892 κατὰ
3369 2839 3458 2892 τὸν
3487 2835 3730 2906 ζηλωτὴν
3751 2832 3967 2895 Φινεὲς,

2385 2939 2413 2990 ὁ
2446 2937 2621 2999 κοινὸς
2637 2933 2790 2996 οὗτος
2811 2936 2911 3004 τῆς
2942 2934 3268 3001 Ἐκκλησίας
3301 2932 3504 3000 πυρσὸς
3536 2927 3967 2996 κατειργάσατο.

2389 3030 2495 3082 Ναὶ
2536 3029 2643 3097 γὰρ
2676 3030 2768 3081 ἀπ’
2803 3027 3052 3087 ἐναντίας
3094 3021 3241 3094 εἶχε,
3275 3023 3368 3076 καὶ
3398 3023 3488 3074 τὸν
3526 3020 3602 3089 τῷ
3639 3019 3834 3072 ἄνακτι
3869 3016 3972 3068 Νι-

707 3113 936 3168 rabilem
972 3100 1200 3168 mortem
1244 3113 1552 3181 Nicephoro
1592 3114 1904 3183 imperatori
1936 3115 2005 3168 oh
2041 3115 2219 3168 aliene
2256 3129 2283 3168 a

2391 3121 2616 3189 κηφόρῳ
2638 3118 2726 3172 διά
2752 3119 2848 3188 τὴν
2874 3117 2971 3185 τῆς
3001 3113 3376 3186 μοιχοζευξίας
3404 3112 3685 3179 ἀλόγιστον
3711 3107 3973 3160 ἔνστασιν

710 3205 920 3258 ratione
949 3205 1460 3275 contentiosiusque
1498 3205 1752 3260 defensae
1783 3206 2113 3260 adulterinas
2145 3223 2284 3276 nup-

712 3297 833 3359 tias,
861 3297 1056 3366 spiritu
1093 3299 1410 3366 prophetico
1446 3298 1787 3365 praedixisset
1820 3316 1832 3351 :
1873 3310 2126 3366 metuque
2167 3313 2288 3367 per-

710 3403 939 3449 cussus,
974 3388 1278 3457 siquidem,
1320 3389 1526 3458 inquit,
1561 3389 1724 3443 etiam
1763 3389 1947 3442 hostes
1981 3389 2081 3442 viri
2119 3389 2290 3443 virtu-

713 3484 821 3530 tem
855 3490 1201 3546 reverentur;
1235 3479 1385 3534 hisce
1417 3494 1539 3533 eum
1574 3479 1757 3534 verbis
1791 3478 2031 3532 modeste
2065 3479 2291 3549 repelle-

2393 3214 2450 3265 ἐν
2480 3210 2787 3280 Βουλγαρίᾳ
2815 3207 3258 3278 προφητευθέντα
3279 3205 3544 3258 οἷκτιστον
3571 3201 3800 3254 θάνατον
3824 3195 3970 3267 (i3)-

2393 3304 2487 3356 καὶ
2536 3302 2684 3372 φόϐῳ
2734 3301 3092 3371 βαλλόμενος,
3129 3298 3358 3365 ἐπείπερ
3401 3293 3591 3363 ἀνδρὸς
3627 3289 3830 3360 ἀρετὴν
3885 3289 3973 3340 αἱ·

2394 3392 2628 3457 δοῦνται,
2662 3393 2824 3461 φησὶ,
2857 3391 2954 3444 καὶ
2993 3390 3264 3459 πολέμιοι·
3296 3387 3504 3447 τούτοις
3550 3381 3781 3452 μετρίως
3813 3379 3974 3446 ἠφίει

2394 3485 2504 3545 τοῖς
2540 3483 2768 3552 ῥήμασι.
2817 3481 3034 3550 ’Δμέλει
3071 3478 3207 3551 μετὰ
3241 3476 3498 3545 πλείστης
3533 3475 3614 3528 ὃτι
3641 3471 3739 3541 τῆς
3774 3471 3954 3541 εύφρο

1914 3637 2164 3702 FRANC,
2185 3639 2571 3696 COMBEFISII
2602 3639 2835 3695 NOTAE.

786 3804 900 3873 (2|)
947 3801 1127 3856 Minus
1154 3805 1483 3872 quandoque
1515 3813 1846 3858 convenerat
1879 3803 2021 3856 inter
2053 3802 2158 3856 SS.
2189 3800 2286 3873 Ni-

718 3871 1086 3944 cephorumet
1131 3871 1501 3944 Theodorum,
1549 3875 1839 3928 occasione
1890 3874 2143 3944 reeeptia
2192 3871 2289 3924 Ni-

717 3942 955 4013 cephoro
1013 3942 1237 4008 .Iosephi
1304 3946 1604 4013 presbyteri
1665 3954 1718 3997 et
1775 3942 2072 4006 (nconomi,
2125 3957 2289 4010 quem

721 4015 778 4067 S.
810 4012 1074 4066 Tarasius
1098 4014 1217 4078 ejus
1244 4012 1503 4066 decessor
1519 4015 1839 4075 amovisset,
1868 4013 1938 4065 ob
1972 4013 2289 4066 benedictus

721 4086 1063 4138 incestuosas
1099 4084 1444 4138 Constantini
1484 4086 1723 4152 nuptias,
1757 4099 1864 4151 qua
1905 4084 1972 4137 de
2014 4098 2072 4136 re
2105 4082 2291 4135 multis

721 4155 922 4207 Baron.
965 4171 1093 4206 anu.
1148 4154 1251 4206 806
1304 4170 1366 4207 ac
1416 4154 1693 4222 deinceps.
1763 4154 1963 4206 Verum
1999 4162 2155 4206 erant
2187 4152 2290 4217 iam

725 4225 817 4279 illa
869 4225 1053 4276 omnia
1118 4226 1295 4292 sopita
1359 4239 1388 4277 a
1455 4225 1634 4292 primo
1695 4223 1977 4277 Michaelis
2035 4223 2290 4289 itnperio,

723 4296 946 4361 quando
1004 4294 1332 4348 Theodorus
1377 4311 1439 4347 ac
1467 4295 1662 4363 reliqui
1701 4295 2044 4348 confeSsoi-es
2069 4293 2294 4361 praefato

723 4363 1034 4430 Nicephoro
1073 4367 1574 4424 conuuunicai-nnt,
1614 4365 1892 4419 adnitente
1941 4364 2132 4418 eodem
2188 4363 2293 4415 im-

2399 3807 2789 3860 cumstantiam
2828 3805 3019 3869 silens,
3054 3819 3177 3858 cum
3212 3802 3402 3871 primis
3433 3799 3721 3854 Theodoro
3742 3796 3973 3871 glorio-

2401 3891 2542 3937 5am,
2571 3887 2629 3928 nt
2652 3877 2699 3928 ei
2730 3867 3038 3944 patriarcha
3065 3867 3244 3943 partes
3274 3872 3608 3926 commiserit
3636 3867 3975 3944 explicanda:

2403 3945 2522 3998 fidei
2569 3941 2789 3999 nomine
2821 3946 2988 3998 totius
3038 3941 3179 3996 sacri
3217 3951 3462 4001 senatus.
3494 3955 3677 3992 coram
3730 3941 3974 4004 impera-

2400 4025 2516 4068 tore
2542 4034 2555 4068 :
2586 4017 2744 4081 cujus
2773 4016 2937 4068 etiam
2957 4012 3290 4082 explicanda}
3321 4027 3384 4064 ac
3411 4009 3762 4082 defendendae
3786 4017 3976 4082 partes

2401 4078 2690 4155 praecipua!
2725 4088 3008 4138 eluxerant
3029 4078 3220 4137 coram
3269 4081 3448 4155 Leone
3479 4079 3756 4155 Michaelis
3780 4078 3977 4129 deces-

2400 4149 2548 4215 ἔδοι-ρ,
2571 4149 3169 4225 'utiilauctorisuperius
3196 4167 3317 4225 curn
3357 4153 3474 4218 ipso
3500 4149 3784 4225 Michaele.
3959 4216 3971 4225 _

2471 4226 2582 4292 (23d
2641 4219 2838 4279 Narrat
2888 4224 3116 4278 Michael
3152 4223 3419 4292 pluribus,
3470 4235 3587 4272 eam
3630 4219 3729 4270 viri
3788 4219 3973 4292 sancti

2400 4287 2764 4364 prophetiam,
2799 4307 2928 4350 tunc.
2962 4287 3164 4348 editam
3197 4313 3209 4346 :
3241 4308 3364 4346 cum
3402 4291 3743 4364 Nicephorius
3776 4287 3978 4364 adver-

2402 4357 2794 4436 sus-Bulgaros
2844 4381 3092 4436 movens,
3117 4434 3128 4436 _
3154 4364 3330 4416 modis
3366 4363 3624 4415 omnibus
3684 4357 3976 4436 satagebat

724 4443 997 4510 peratore,
1033 4437 1120 4510 ubi
1151 4435 1867 4510 patriarchaemendasset.
1897 4434 1942 4488 si
1972 4433 2296 4510 quid_antea
2333 4455 2376 4510 υ
2401 4430 2696 4510 adjungere
2746 4437 2870 4510 Asibi
2948 4434 3334 4510 'l'heodornin,
3383 4447 3446 4484 ac
3497 4430 3977 4510 coinprnliatorem

728 4503 872 4558 ineo
906 4506 1123 4570 negotio
1145 4516 1426 4574 peceatum
1457 4505 1635 4558 fuerat
1665 4524 1677 4558 :
1712 4505 2083 4572 deincepsque
2106 4503 2297 4571 juncta

727 4590 792 4644 ac
845 4575 1118 4644 praecipue
1149 4578 1473 4629 cohoitante
1529 4575 1843 4636 Theodoro,
1907 4575 2021 4642 ipse
2077 4587 2301 4642 qucque

727 4643 1066 4713 Nicephorus
1107 4663 1230 4699 cum
1266 4647 1456 4700 iisdem
1488 4650 1773 4701 confessor
1798 4644 1923 4701 fuit.
1956 4659 2096 4712 quos
2119 4653 2298 4713 spreta

729 4711 876 4784 ejus
907 4720 1224 4768 communio
1259 4718 1600 4771 confessori-5
1647 4718 1800 4784 prius
1861 4711 2081 4770 fecerat.
2117 4716 2172 4766 ὃ.
2205 4711 2299 4764 Νι-

729 4786 952 4854 cephori
1019 4787 1270 4854 purgatio
1335 4788 1460 4850 fuit,
1528 4791 1668 4841 facta
1714 4786 1886 4840 fuisse
1953 4784 2301 4854 imperatoris

729 4857 988 4925 violentia
1020 4853 1374 4925 quaecunque
1405 4858 1757 4920 accidissent,
1788 4865 1844 4909 ut
1873 4857 1949 4909 ait
1979 4853 2301 4925 Theodorus

731 4928 785 4979 in
819 4924 936 4979 Vita
980 4924 1058 4979 δέ
1088 4924 1348 4982 Platonis.
1396 4928 1635 4982 Excusat
1693 4927 1888 4980 Baron.
1923 4928 2050 4994 quia
2086 4942 2116 4977 e
2147 4924 2302 4977 laicis

731 5007 956 5064 repente
996 5007 1217 5052 evectus
1265 5001 1316 5051 in
1374 4999 1581 5058 sedem.
1627 4999 1808 5050 minus
1855 4999 2020 5050 sciret
2056 5011 2177 5062 quze
2217 5011 2304 5048 es-

733 5079 851 5119 sent
881 5068 1022 5135 juris
1052 5069 1409 5124 ecclesiastici
1447 5088 1459 5120 :
1483 5070 1574 5121 sed
1603 5070 1778 5133 major
1806 5069 1923 5135 ejus
1949 5069 2120 5136 ipsius
2148 5066 2300 5127 fides,

733 5136 1024 5205 ipsumque
1087 5138 1372 5194 referentis
1425 5141 1605 5208 magni
1647 5139 1941 5200 Theodori,
1997 5152 2162 5206 quam
2231 5136 2299 5187 ita

733 5208 1032 5262 divinantis
1084 5208 1324 5264 Baronii.
1362 5209 1485 5263 Fuit
1523 5225 1652 5276 ergo
1701 5210 1750 5262 in
1791 5209 1848 5261 S.
1887 5208 2194 5276 Nicephoro
2225 5208 2302 5259 si-

733 5288 896 5332 nente
931 5295 988 5332 se
1046 5281 1264 5342 abduci,
1326 5290 1382 5333 ut
1435 5281 1505 5334 ita
1563 5281 1785 5349 indigno
1843 5279 2299 5349 communicaret,

736 5350 998 5402 mundani
1024 5352 1227 5418 aliquid
1257 5352 1492 5405 timoris.
1525 5362 1583 5404 ut
1629 5346 1804 5418 neque
1835 5351 1888 5402 in
1919 5350 2010 5401 illo
2043 5346 2300 5408 defuerit,

733 5434 938 5482 vespere
966 5431 1012 5472 et
1053 5437 1204 5474 mane
1227 5423 1338 5474 dies
1365 5438 1519 5473 unus.
1555 5420 1731 5486 Quam
1762 5421 2110 5489 postmodum
2148 5428 2302 5489 arcto

734 5490 1017 5543 such-tatis
1044 5491 1261 5545 vinculo
1281 5493 1458 5559 juncti
1485 5492 1705 5554 fuerint,
1739 5487 1801 5542 a'c
1822 5505 1880 5543 se
1904 5499 2094 5542 mutuo
2115 5487 2300 5541 obser-

741 5561 936 5622 varint,
975 5562 1143 5628 liquet
1176 5579 1240 5615 ex
1275 5565 1340 5616 iis
1373 5577 1492 5630 qua?
1526 5564 1718 5614 scribit
1741 5562 1974 5614 Michael
2008 5559 2131 5613 istis
2170 5571 2306 5611 con-

738 5641 1018 5700 sentanea,
1053 5633 1352 5700 recitatque
1382 5629 1582 5686 Bai-on.
1620 5647 1765 5685 anno
1789 5631 1914 5684 825.

809 5699 921 5768 (2‘2)
957 5704 1154 5756 liadcm
1189 5697 1380 5757 recitat
1420 5703 1642 5757 Michael
1699 5705 1752 5756 in
1782 5701 1901 5755 Vita
1940 5697 2238 5760 Theodori,
2273 5712 2304 5751 a

735 5767 972 5828 Baroniu
998 5773 1201 5828 relatus
1233 5790 1364 5828 ann.
1400 5775 1524 5839 82l,
1563 5790 1616 5828 n.
1649 5775 1737 5839 '59,
1774 5775 1912 5826 hanc
1950 5779 2159 5825 tantum
2194 5769 2299 5824 cir-

2407 4500 2603 4560 ha'bere
2653 4507 2792 4560 male
2821 4509 2971 4561 abeo
2994 4513 3270 4571 gestorum
3292 4503 3344 4554 in
3379 4503 3596 4571 negotio
3627 4500 3976 4571 nuptiarum.

2404 4575 2588 4630 Refert
2619 4577 2816 4631 Baron.
2852 4593 2942 4630 an.
2974 4567 3097 4635 8H,
3132 4590 3245 4642 quo
3269 4572 3433 4642 etiam
3463 4569 3804 4642 Nicephorius
3837 4567 3982 4642 vivis

2402 4657 2688 4715 exemptus
2731 4658 2834 4710 est,
2900 4639 3210 4715 peremptus
3270 4659 3298 4695 a
3353 4640 3638 4708 Bulgaris,
3694 4639 3759 4690 ad
3816 4639 3982 4692 cuius

2405 4717 2644 4770 maxime
2673 4720 2872 4770 caedem
2929 4727 3177 4785 spectare
3230 4715 3515 4785 videatur,
3565 4724 3739 4785 quani
3779 4722 3982 4785 auctor

2408 4788 2691 4842 historiam
2747 4805 2869 4842 mox
2921 4777 3282 4841 enarrandam
3314 4784 3547 4856 assumit
3581 4777 3648 4833 de
3701 4777 3983 4856 Cypriaan

2405 4867 2536 4910 tunc
2569 4860 2760 4920 milite,
2813 4867 2998 4924 postea
3041 4871 3172 4908 vero
3215 4855 3506 4910 menaclio.
3567 4865 3692 4926 cum
3883 4847 3980 4926 Dei

2405 4929 2699 4982 clementia
2729 4917 2759 4977 aI
2793 4917 3103 4982 miseranda
3148 4926 3236 4977 illa
3269 4933 3451 4990 strage
3479 4938 3542 4974 ac
3567 4921 3714 4996 caede
3738 4917 3981 4996 Romani

2403 4999 2675 5052 exercitus
2699 5014 2728 5052 a
2762 4998 3031 5064 Bulgaris,
3063 4997 3145 5066 iob
3181 4989 3452 5066 servatain
3477 4994 3807 5047 castitatem,
3844 4989 3982 5066 lihe:

2408 5081 2584 5122 ratum
2622 5063 2996 5122 intellexisset.
3032 5065 3170 5137 Nunt
3200 5067 3244 5118 is
3279 5069 3390 5137 ipse
3416 5063 3724 5137 Cyprianus
3755 5069 3847 5117 sit,
3881 5063 3979 5137 qui

2408 5141 2460 5192 in
2515 5139 2634 5192 Vita
2689 5138 2746 5195 S.
2805 5138 3016 5206 Ignatii,
3059 5136 3178 5205 ejus
3237 5128 3417 5188 sui-ius
3451 5128 3849 5206 punitur._cuni
3888 5128 3985 5206 ille

2409 5219 2618 5262 mutato
2650 5204 3071 5275 habitu—aufugit
3095 5204 3356 5259 custodes
3389 5206 3584 5265 latens,
3618 5204 3715 5254 etsi
3748 5204 3985 5278 omnino

2407 5280 2678 5333 alliruiare
2719 5296 2825 5332 non
2870 5269 3093 5348 possim,
3153 5278 3307 5340 longe
3371 5287 3550 5327 tamen
3605 5288 3736 5324 vero
3796 5269 3984 5348 simile

2407 5353 2669 5404 arbitror.
2698 5348 2850 5402 Haud
2871 5341 3086 5417 'quippe
3105 5348 3246 5400 alius
3265 5349 3380 5418 viro
3401 5354 3593 5418 sant-to
3618 5359 3680 5394 ac
3706 5341 3985 5418 monacho

2407 5423 2591 5475 socius
2637 5420 2802 5475 fuerit
2848 5411 3035 5489 quam'
3075 5417 3376 5490 monachus
3426 5434 3440 5469 :
3497 5415 3653 5483 isque
3680 5411 3983 5490 “grandior

2408 5500 2561 5554 natu,
2595 5492 2775 5559 qualis
2806 5481 2926 5543 erat
2951 5491 3041 5542 ille
3066 5486 3375 5559 Cyprianus
3406 5501 3433 5538 a
3471 5481 3646 5559 morte
3680 5481 3983 5559 Nitreplitiri

2409 5547 2660 5632 sanctius
2687 5563 2808 5615 vita:
2836 5575 3006 5632 genus
3048 5547 3350 5632 professus.
3383 5571 3447 5632 ae
3482 5547 3985 5632 tliscipulus_Nit-ti-

2406 5631 2500 5691 lai.
2548 5647 2709 5700 quem
2754 5624 2900 5684 nulla
2943 5630 3024 5683 vis
3050 5624 3458 5700 persecutionis
3485 5625 3552 5680 ad
3609 5624 3981 5680 defectionem

2407 5703 2475 5757 ab
2500 5699 2706 5773 lgnatio
2733 5702 3012 5773 impellere
3045 5699 3242 5769 potuit.
