4164 6456
188 393 301 459 893

1292 403 1464 463 VlTA
1508 405 1565 464 S.
1610 405 1912 464 NICOLH
1950 404 2313 465 δΤυῡιΤίΕ.

3328 408 3432 471 894

189 510 359 579 σύνης
388 510 465 580 τῷ
503 511 632 580 ίερῷ
655 511 763 563 τῶν
797 512 1051 583 Πατὲρων
1088 512 1260 582 θιάσῳ
1291 518 1320 566 ὁ
1362 515 1492 582 ἄναξ
1523 520 1758 586 ὁμηρευ-

1864 520 1971 571 hat.
2028 517 2285 584 Denique,
2322 517 2411 571 ubi
2450 517 2746 585 imperator
2792 517 3169 569 lubentissime
3216 533 3431 573 sacrum

186 603 455 669 σάμενος,
508 605 617 656 τῶν
671 604 981 676 ὀρθοτόμων
1030 606 1317 674 δογμάτων
1374 610 1595 671 κενοὺς,
1649 611 1757 661 τῶν

184 694 500 765 ἀνακτόρων
533 696 825 766 ἐξέπεμψε.

268 876 838 948 Ἀλλ’ὲφαρμοζόντως
870 873 972 934 ὧδε
1006 881 1084 952 τῷ
1105 882 1247 951 λόγῳ
1278 882 1586 950 γενόμενος,
1616 882 1754 952 ψυχ-

180 969 394 1033 ωφελές
439 987 489 1021 τι
522 972 836 1041 προσθεῖναι
885 972 948 1042 δὴ
992 973 1182 1042 ἔκρινα
1246 974 1323 1041 τῷ
1373 975 1752 1041 συντάγματι,

180 1060 319 1125 ὅπερ
348 1061 405 1111 ὲν
436 1061 762 1131 Βουλγαρίᾳ,
784 1063 858 1125 ὡς
881 1065 937 1115 ἐν
968 1068 1081 1125 τοῖς
1110 1064 1415 1133 ἔμπροσθεν
1444 1066 1634 1133 ἔφθην,
1664 1064 1755 1115 ἐπὶ

180 1149 276 1201 τοῦ
313 1150 548 1214 ἄνακτος
587 1153 899 1225 Νικηιρὸρου
933 1155 1053 1207 τότε
1088 1156 1357 1225 πραχθὲν,
1391 1156 1460 1208 τὰ
1503 1154 1597 1207 νῦν
1641 1156 1754 1208 δια-

180 1241 395 1308 γράψαι
443 1243 827 1311 κεκέλευσμαι,
883 1246 1011 1313 παρ’
1057 1247 1220 1298 αὑτοῦ
1265 1246 1357 1299 τοῦ
1405 1247 1495 1298 τὸν
1540 1246 1756 1311 ἀνάξιον

179 1332 283 1396 ἐμὲ
316 1333 730 1401 ἀποκείραντος,
760 1337 851 1386 καὶ
876 1336 1086 1404 χρόνοις
1112 1336 1321 1397 πολλοῖς
1341 1336 1437 1405 τὴν
1466 1338 1586 1390 καθ’
1612 1338 1755 1405 ἡμᾶς

184 1422 356 1491 μονὴν
391 1422 731 1487 διιθὺνοντος,
766 1426 859 1478 καὶ
889 1425 1067 1477 κοινοῦ
1099 1426 1194 1494 τῆς
1239 1425 1439 1494 ἀρετῆς
1473 1428 1757 1497 εἰσηγήτο-

185 1527 299 1577 ρος,
343 1513 437 1565 καὶ
468 1516 524 1565 ὲν
569 1518 885 1582 μοναχικοῖς
923 1516 1316 1585 ἁριστεύμασιν
1346 1514 1595 1579 αὔξοντος
1625 1518 1756 1585 ἡμῖν

180 1604 245 1653 τὸ
309 1604 604 1672 ἐγκώμιον.
682 1607 989 1659 Ἀνατόλιον
1053 1605 1151 1660 οῗδ“
1207 1608 1288 1659 ὅτι
1340 1608 1431 1659 τὸν
1487 1607 1757 1677 ἡμέτερον

182 1696 423 1763 ποιμένα
452 1697 647 1760 πάντες
672 1698 986 1761 ἐπίστασθε,
1014 1699 1069 1760 ὃς
1099 1698 1197 1768 τὴν
1216 1697 1555 1769 ψυχοτρόφον
1577 1714 1754 1768 παρα-

179 1785 464 1854 τιθέμενος
488 1789 1003 1857 τράπεζαν,οὑτωσί
1024 1805 1138 1850 πως
1169 1787 1437 1841 ποιεῖσθαι
1472 1790 1574 1856 τῆς,
1596 1805 1759 1840 πνευ-

185 1880 423 1946 patrati};
453 1879 768 1942 πανδαισίας
793 1880 889 1951 τὴν
913 1880 1251 1951 εὐφροσύνην
1276 1880 1580 1950 άπήρξατο.

252 2058 549 2128 Μαθητὴς,
592 2062 724 2131 φησὶ
752 2102 765 2126 ,
805 2062 957 2115 τοῦδε
1006 2061 1101 2114 τοῦ
1146 2062 1292 2114 ὁσίου
1344 2059 1554 2129 Πατρδς
1602 2062 1760 2129 ἡμῶν

181 2148 456 2202 Νικολάου
485 2152 794 2219 Κυπριανὸς
816 2152 1073 2221 τοῦνομα,
1099 2151 1158 2214 ἐξ
1181 2152 1332 2215 ἔθους
1357 2148 1466 2219 εἶχε
1497 2154 1613 2204 κατ’
1644 2152 1759 2213 ἔτος

179 2241 275 2291 τοῦ
312 2242 684 2308 παραϐάλλειν
727 2244 862 2313 πρός
908 2261 1030 2298 τινα
1065 2245 1293 2313 γέροντα
1342 2247 1482 2297 κατὰ
1529 2244 1625 2313 τὴν
1658 2244 1758 2311 τῆς

181 2334 401 2401 ἀτρώας
430 2335 734 2403 ὑποδργίαν
761 2335 1081 2405 ποιούμενον
1107 2338 1206 2405 τὴν
1233 2338 1449 2405 οἴκησιν
1467 2350 1483 2364 ’
1513 2335 1669 2397 ἀξίαν
1699 2350 1758 2386 τε

182 2427 275 2477 τοῦ
324 2428 511 2495 γήρως
561 2428 658 2497 τὴν
720 2428 996 2480 πολιτείαν
1046 2428 1332 2495 ίσάγγελον
1382 2427 1637 2497 φέροντα,
1686 2426 1759 2487 ὡς

181 2516 495 2584 προδαίνων
533 2522 560 2571 ὁ
593 2519 745 2586 λόγος
786 2520 986 2584 διδάξει
1029 2521 1089 2571 τὸ
1120 2521 1409 2590 χρήσιμον·
1460 2519 1517 2580 ὃς
1567 2519 1667 2586 τὴν
1702 2517 1758 2581 ἐξ

182 2608 358 2675 αὐτῆς
412 2610 734 2678 νηπιότητος
790 2612 1008 2679 χρονίαν
1063 2611 1246 2679 σχέσιν
1295 2608 1388 2662 τοῦ
1442 2606 1759 2677 Κυπριανοῦ

182 2698 321 2767 πρὸς
354 2699 549 2750 ἑαυτὸν
579 2701 607 2751 ὁ
650 2701 828 2768 γέρων
859 2701 1155 2767 ἀγάμενος,
1190 2699 1381 2768 ὥσπερ
1413 2696 1533 2750 τινὰ
1560 2696 1758 2765 κλῆρον

181 2792 242 2840 τὸ
286 2788 347 2852 ἐξ
395 2793 596 2842 οἰκείου
651 2790 766 2859 βίου
811 2790 1096 2859 ἀγώνισμα
1131 2788 1289 2842 τοῦτο
1327 2788 1405 2857 τῷ
1449 2789 1553 2858 νέῳ
1591 2805 1754 2839 κατα-

182 2878 401 2930 λέλοιπε
430 2879 490 2931 τὸ
513 2879 755 2949 διήγημα
773 2897 788 2911 ο
808 2878 1186 2949 κοινοποιήσας
1217 2881 1351 2931 πᾶσι
1370 2879 1439 2932 δι’
1466 2877 1631 2932 αὑτοῦ
1659 2878 1759 2945 τὴν

181 2971 476 3039 ὠφέλειαν.

255 3063 455 3129 Ἔλεγε
495 3064 637 3135 γάρ·
672 3063 746 3125 ὡς
774 3063 856 3116 ὅτι
891 3082 910 3113 ι
963 3062 1103 3125 Νέος
1143 3062 1425 3132 ὑπάρχων,
1464 3063 1523 3114 ὲν
1553 3063 1621 3130 τῇ
1651 3058 1760 3112 τῶν

1864 607 2084 661 Patrum
2116 617 2363 662 senatum
2405 608 2716 664 securitatis
2749 618 3091 661 Sacramento
3124 609 3391 663 firmasset
3415 650 3430 672 ,

1863 704 2007 770 quod
2045 709 2251 770 spectat
2288 702 2353 755 ad
2383 713 2525 755 recta
2559 702 2842 771 dogmata,
2876 701 3024 754 omni
3060 701 3433 757 satisfactione

1866 808 2063 845 vacuos
2084 833 2097 855 ,
2125 807 2154 843 αξ
2185 791 2384 859 palatio
2407 791 2570 859 jussit
2595 791 2763 843 abire.

1934 886 2186 954 tiongrue
2215 890 2416 944 autem,
2450 898 2512 934 ex
2541 897 2650 949 quo
2683 881 2788 935 huc
2811 892 3064 933 sermone
3092 878 3429 941 devenimus,

1864 974 2065 1044 aliquid
2090 976 2399 1028 animorum
2423 972 2585 1024 saluti
2608 970 2969 1033 conducibile,
2996 970 3245 1037 prmsenti
3280 968 3428 1037 operi

1864 1067 2227 1133 adjiciendum
2269 1063 2487 1130 putavi,
2533 1073 2740 1131 gt'Slum
2785 1061 2916 1114 illud
2967 1060 3017 1113 id
3074 1060 3331 1126 temporis
3377 1060 3431 1112 in

1864 1157 2112 1228 Bulgaria
2152 1158 2254 1213 sub
2287 1156 2591 1223 Nirephoro
2625 1155 2969 1222 imperatore,
3006 1153 3081 1205 uti
3111 1151 3224 1220 jam
3259 1153 3311 1202 in
3345 1166 3434 1202 su-

1865 1253 2170 1323 perioribus
2193 1251 2304 1304 dixi
2330 1270 2341 1306 :
2369 1252 2621 1319 quodque
2653 1248 2699 1301 is
2726 1245 2888 1299 modo
2910 1245 3072 1313 jussit
3098 1244 3432 1308 describere,

1862 1345 1954 1415 qui
1992 1343 2273 1411 indignum
2312 1357 2395 1392 me
2429 1341 2480 1392 in
2516 1338 2845 1391 monachum
2892 1336 3159 1397 attondit,
3200 1345 3359 1401 atque
3403 1347 3434 1385 a

1864 1436 2047 1491 multis
2077 1435 2235 1488 annis
2279 1430 2661 1486 monasterium
2705 1436 2952 1483 nostrum
2978 1467 2991 1489 ,
3026 1425 3240 1478 virtutis
3282 1440 3434 1477 com-

1865 1530 2045 1582 munis
2091 1527 2314 1588 doctor,
2357 1523 2625 1592 gubernat
2657 1535 2719 1573 ac
2762 1520 2927 1588 regit;
2974 1517 3178 1585 quique
3221 1515 3273 1567 in
3320 1529 3438 1567 mo-

1866 1619 2088 1674 nasticis
2123 1616 2459 1672 facinoribus
2492 1612 2802 1667 encumium
2847 1609 3007 1663 nobis
3045 1616 3303 1661 aucturus
3345 1621 3439 1659 ve-

1867 1714 1962 1765 nit.
1995 1711 2123 1764 Scio
2153 1722 2311 1762 nosse
2343 1723 2435 1761 vos
2463 1719 2654 1760 omnes
2692 1713 2963 1772 pastorem
3002 1712 3247 1753 nostrum
3282 1696 3435 1752 Ana-

1866 1805 2079 1859 tolium.
2113 1802 2163 1857 ls
2211 1801 2416 1853 alendze
2468 1799 2663 1852 animae
2707 1808 2952 1849 mensam
3017 1805 3328 1860 apponens,
3384 1789 3436 1842 iu

1793 1875 1830 1928 Β
1863 1895 2007 1948 hunc
2039 1891 2149 1944 fere
2181 1890 2403 1943 modum
2441 1887 2701 1955 spiritalis
2724 1885 2957 1939 convivii
2994 1881 3236 1936 laetitiam
3288 1881 3438 1932 incc-

1901 1986 1960 2037 il.

1902 2000 1960 2037 tt.

1862 2000 1896 2054 Ρ
1933 2074 2188 2141 Quidam,
2227 2071 2427 2141 inquit,
2459 2068 2635 2123 sancti
2670 2068 2831 2136 hujus
2869 2066 3047 2119 Patris
3078 2064 3248 2117 nostri
3283 2062 3441 2115 Nico-

1862 2167 1931 2221 lai
1964 2164 2286 2234 discipulus,
2316 2162 2626 2231 Cyprianus
2652 2161 2897 2220 nomine;
2932 2159 2984 2210 in
3019 2169 3170 2208 more
3202 2155 3437 2223 positum

1864 2257 2116 2319 habebat,
2160 2253 2534 2324 utquotannis
2575 2267 2758 2308 senem
2804 2249 3092 2319 quemdam
3128 2261 3228 2315 pro
3265 2245 3440 2298 exsilii

1864 2347 2074 2399 ratione
2097 2344 2435 2399 domicilium
2458 2342 2772 2403 habentem,
2800 2339 3137 2407 dignamque
3162 2342 3444 2390 senectute

1862 2437 2026 2489 vitam
2083 2434 2343 2504 angelicae
2400 2432 2634 2489 similem
2683 2427 3097 2495 przeferentem,
3147 2425 3224 2477 uti
3260 2437 3442 2477 sermo

1860 2540 2119 2596 processu
2144 2524 2431 2579 commode
2454 2524 2722 2577 docturus
2755 2529 2859 2582 est,
2888 2519 3083 2572 adiret.
3120 2514 3321 2568 Videns
3353 2513 3443 2565 ille

1863 2618 2179 2686 mirarisque
2231 2616 2513 2684 antiquam
2565 2628 2594 2667 a
2649 2628 2817 2682 puero
2845 2612 3098 2682 Cypriani
3143 2609 3208 2663 ad
3250 2609 3437 2676 ipsum

1861 2708 2223 2771 allectionem,
2253 2722 2352 2761 ceu
2382 2704 2675 2775 quamdam
2705 2702 3049 2756 hatreditario
3071 2702 3190 2770 jure
3223 2712 3441 2765 posses-

1861 2805 2096 2865 sionem,
2120 2802 2326 2855 hancce
2359 2801 2494 2871 gesti
2524 2801 2590 2854 ab
2614 2814 2678 2853 eo
2700 2796 3017 2851 certaminis
3043 2793 3437 2851 narrationem,

1861 2892 2190 2945 adolesrenti
2229 2890 2449 2957 reliquit
2469 2931 2483 2955 ,
2512 2889 2782 2942 universis
2808 2902 2903 2957 per
2934 2886 3107 2949 illum,
3137 2884 3282 2953 quod
3311 2880 3440 2935 illud

1864 2985 1995 3037 utile
2019 2983 2199 3047 habet,
2226 2982 2661 3036 communicatis.

1936 3076 2159 3130 Dicebat
2198 3074 2342 3128 enim
2397 3092 2409 3125 :
2452 3093 2470 3125 ι
2507 3072 2739 3127 Juvenili
2785 3070 2965 3124 adhuc
3007 3077 3192 3126 aetate,
3226 3065 3444 3119 schola-

182 3154 487 3224 σχολαρίων
526 3155 782 3225 στρατεία
816 3154 1280 3224 κατεληλεγμένος
1312 3154 1625 3223 ἐτύγχανον·
1665 3152 1759 3205 καὶ

1870 3170 2075 3223 riorum
2114 3167 2316 3235 agmini
2357 3166 2628 3234 ascriptus
2652 3179 2823 3217 erant.
2843 3162 3088 3229 Cumque
3108 3158 3446 3226 Nim-pboru!

179 3246 274 3298 τοῦ
308 3248 540 3309 ἄνακτος
567 3248 883 3317 Νικηφόρον
907 3248 1211 3317 πανστρατὶ
1238 3247 1381 3300 κατὰ
1408 3246 1515 3300 τῶν
1539 3244 1761 3298 Σκυθῶν

181 3340 587 3408 ἐξορμήσαντος
616 3378 632 3402 ,
664 3341 854 3409 ἔτυχεν
888 3340 988 3410 ἐμὲ
1021 3340 1108 3393 διά
1150 3356 1271 3392 τινα
1321 3338 1579 3410 βιωτικὴν
1610 3356 1673 3391 πε
1687 3356 1761 3409 ρι-

183 3432 409 3482 τεέτειαν
434 3426 523 3482 οἷα
557 3430 620 3501 δὴ
650 3431 933 3500 συμϐαίνει
963 3432 1396 3502 καταλειφθῆναι
1434 3435 1764 3501 μονώτατον,

183 3524 274 3571 καὶ
320 3519 547 3573 ὄπισθεν
600 3522 693 3573 τοῦ
726 3522 958 3591 στρατοῦ
998 3522 1502 3576 κατακολουθοῦντα
1537 3523 1765 3593 πορεύε-

184 3612 329 3665 σθαι.
376 3613 485 3664 Καὶ
515 3612 571 3664 ἓν
596 3630 705 3664 τινι
744 3614 930 3683 χωρίῳ
955 3614 1091 3684 πρὸς
1118 3614 1184 3667 τὰ
1214 3614 1451 3686 Θρᾳκῷα
1503 3615 1644 3685 μέρη
1669 3616 1766 3682 τῆς

182 3705 421 3772 ἑσπέρας
456 3704 871 3775 καταλαὸούσης
901 3706 999 3774 τὴν
1036 3707 1208 3775 μονὴν
1245 3708 1468 3777 ποιῆσαι
1506 3706 1764 3778 βουλόμε-

181 3813 291 3861 νος,
330 3795 636 3867 ὑπεδέχθην
668 3798 818 3867 παρά
846 3814 951 3849 τινι
978 3800 1200 3865 γυναικὶ
1223 3798 1345 3852 λίαν
1368 3801 1586 3870 εὐπόρῳ
1609 3798 1767 3869 οὔσῃ,

184 3890 277 3938 καὶ
311 3887 561 3957 εἰωθυία,
588 3888 662 3950 ὡς
690 3883 871 3955 οἶμαι,
907 3886 1303 3956 φιλοξενεῖσθαι
1328 3891 1455 3953 τοὺς
1488 3891 1771 3961 παραόαλ-

182 3979 399 4040 λοντας.
429 3979 496 4032 ΊΙ
527 3980 621 4031 καὶ
643 3978 872 4049 δαψιλήν
900 3995 989 4047 μοι
1016 3979 1314 4049 προσθεῖσα
1342 3982 1442 4049 τὴν
1470 3980 1764 4048 τράπεζαν,

183 4070 277 4122 καὶ
340 4072 439 4123 σὺν
494 4069 763 4141 θυμηδείᾳ
828 4072 995 4143 πολλῇ
1050 4072 1111 4125 τὸ
1158 4071 1373 4125 δεῖπνον
1413 4073 1764 4134 ἐκτείνουσα,

181 4162 395 4214 ἐδείκνυ
422 4162 521 4231 τὴν
551 4164 683 4232 πρός
718 4181 786 4231 με
823 4165 1225 4234 φιλοφροσύνην
1255 4166 1571 4233 ἀκόρεστον.
1607 4165 1768 4219 Ὅθεν

182 4255 277 4307 καὶ
321 4254 464 4324 μετά
501 4256 599 4325 τὴν
632 4256 818 4309 ἑστίαν
838 4299 853 4319 ,
896 4259 981 4325 ἐφ’
1010 4258 1223 4328 ὑψηλῆς
1254 4259 1543 4329 στρωμνῆς
1571 4259 1769 4312 καθευ-

179 4346 344 4414 δῆσαί
380 4362 450 4414 με
486 4348 996 4417 παρασκευάσασα,
1028 4347 1229 4417 πολλὴν
1264 4365 1356 4417 μοι
1384 4349 1483 4419 τὴν
1523 4349 1769 4401 ἀνάπαυ-

180 4438 274 4491 λαν
301 4439 599 4508 ἐχαρίσατο
623 4480 639 4505 ,
664 4440 847 4493 τέλεον
874 4440 963 4492 τὸν
994 4441 1059 4493 ὲκ
1090 4440 1189 4505 τῆς
1236 4440 1545 4509 ὁδοιπορίας
1578 4438 1765 4492 sum-

180 4546 317 4582 σασα
343 4528 613 4598 κάματον.

251 4640 269 4671 ι
318 4621 462 4673 Ἀλλ’
505 4623 533 4673 ὁ
574 4622 662 4675 ἀεὶ
697 4626 809 4686 τοῖς
854 4624 1078 4693 ἀγαθοῖς
1128 4624 1435 4693 βασκαίνων
1481 4623 1761 4689 διάϐολος,

178 4712 274 4763 οὐκ
304 4712 459 4766 εἴασε
491 4713 594 4767 κάν
622 4713 762 4784 τῷδε
789 4716 865 4783 τῷ
913 4716 1105 4785 ἀγαθῷ
1138 4716 1408 4787 προϐῆναι
1435 4715 1727 4770 ἀνεύθυνον
1747 4732 1761 4747 ο

182 4806 428 4876 πονηρὰν
468 4806 527 4859 δὲ
566 4809 632 4877 τῇ
672 4808 893 4875 γυναικὶ
940 4808 1038 4878 τὴν
1082 4809 1276 4877 ἡδονὴν
1322 4809 1684 4879 ὑπενσπείρας
1737 4812 1766 4863 ὁ

183 4898 437 4965 μάταιος,
465 4898 599 4968 πρὸς
626 4900 881 4969 μυσαράν
912 4900 1058 4968 μίξιν
1083 4900 1179 4967 τῆς
1207 4899 1343 4969 πρός
1373 4917 1442 4970 με
1473 4900 1762 4965 συνουσίας

180 4993 505 5059 κατήπειγε.
536 4993 644 5045 Καὶ
673 4993 951 5045 ἀναστᾶσα
975 4992 1073 5063 τῆς
1106 4992 1293 5061 κλίνης
1320 4987 1503 5065 ἧσπερ
1533 4992 1762 5047 ἐκάθευ-

178 5080 283 5141 δεν,
344 5083 643 5151 ἐπέρχεται
699 5082 885 5135 λοιπὸν
946 5083 1274 5153 κοιμωμένῳ
1329 5101 1443 5153 μοι,
1496 5087 1608 5147 τοῖς
1660 5086 1760 5151 τῆς

179 5173 442 5244 αἰσχύνης
473 5174 671 5240 λόγοις,
703 5176 839 5246 πρὸς
879 5177 939 5230 τὸ
983 5176 1239 5245 ἀθέμιτον
1275 5177 1614 5246 ἐφελκομένη
1658 5182 1756 5248 τῆς

182 5264 400 5331 μίξεως.
447 5263 589 5331 Ἐγὼ
615 5266 672 5318 δὲ
698 5266 903 5334 ταύτην
929 5264 1002 5327 ὡς
1029 5261 1137 5317 οἷον
1166 5282 1223 5317 τε
1251 5261 1319 5335 ἦν
1348 5265 1752 5334 ἀπωθούμενος,

1868 3258 2163 3325 imperator
2214 3256 2474 3309 universo
2533 3254 2779 3307 exercitu
2838 3252 3129 3304 comitante
3179 3250 3445 3301 adversus

1867 3350 2098 3418 Scythas
2124 3348 2402 3408 movisset,
2435 3345 2688 3415 contigit,
2719 3355 2778 3399 ut
2807 3359 2936 3398 casu
2971 3342 3227 3410 quodam,
3257 3339 3447 3407 (ιυςιιιέ

1869 3438 2122 3492 humanis
2153 3438 2318 3491 rebus
2350 3436 2815 3495 soleutaccidere,
2844 3434 2994 3488 solus
3020 3431 3245 3485 oumino
3277 3428 3445 3481 relin-

1867 3545 2084 3597 querer,
2109 3540 2337 3598 postque
2358 3530 2656 3581 exercitum
2684 3542 2918 3595 sequens
2944 3527 3173 3578 abirem.
3199 3520 3446 3587 Quodam

1867 3632 2047 3675 autem
2077 3622 2220 3682 loco,
2249 3620 2395 3674 circa
2428 3629 2610 3689 partes
2634 3616 2902 3682 Thracia,
2939 3632 3062 3670 cum
3099 3628 3321 3681 vespera
3354 3626 3447 3664 uc-

1867 3722 2151 3782 cupasset,
2183 3721 2508 3782 pernoctare
2543 3710 2766 3772 vnlens,
2816 3717 3107 3775 snserptus
3155 3722 3271 3758 sum
3306 3702 3447 3772 apud

1869 3806 2123 3859 feminam
2168 3804 2322 3857 valde
2360 3803 2679 3871 opulentam
2704 3843 2719 3866 ,
2754 3810 2917 3869 atque
2960 3808 3017 3853 ut
3060 3796 3317 3851 existimo
3358 3796 3446 3847 cui

1870 3898 2036 3951 moris
2068 3905 2213 3950 esset
2255 3895 2491 3964 hospitio
2521 3895 2787 3948 adeuntes
2821 3892 3095 3959 excipere.
3132 3889 3223 3941 Illa
3250 3926 3264 3948 .
3320 3886 3445 3939 lau-

1868 3995 1975 4041 tam
2007 4002 2252 4040 mensam
2278 4000 2581 4055 appouens,
2606 3984 2890 4052 multaque
2914 3981 3083 4035 animi
3105 3978 3449 4049 jucundilate

1867 4092 2079 4132 cmnam
2115 4076 2419 4146 porrigens,
2455 4074 2821 4129 insatiabilem
2862 4072 3154 4143 quamdam
3196 4069 3448 4136 benigni—

1870 4178 2034 4223 tatem
2068 4168 2119 4221 in
2151 4184 2235 4221 me
2262 4167 2576 4222 exhibebat.
2611 4164 2765 4220 Unde
2792 4164 2958 4218 etiam
2993 4173 3112 4233 post
3141 4176 3354 4216 cmnam
3388 4175 3449 4213 ac

1867 4261 2080 4331 epulas,
2104 4258 2324 4315 sublimi
2349 4269 2522 4313 strato
2551 4258 2792 4311 dormire
2814 4271 3036 4317 curans,
3061 4254 3288 4306 multam
3314 4252 3447 4306 mihi

1868 4354 2138 4422 requiem,
2176 4353 2275 4405 vite
2312 4366 2530 4406 onmem
2581 4348 2956 4420 fatigationem
2997 4347 3337 4411 dissolvens,
3370 4344 3449 4396 in-

1866 4447 2054 4502 dulsit.

1954 4647 1971 4679 ι
2011 4626 2235 4689 Verum,
2269 4625 2365 4695 qui
2409 4638 2627 4693 semper
2677 4622 2884 4677 invidet
2925 4620 3205 4682 diabolus,
3244 4634 3343 4671 nec
3394 4616 3447 4670 iu

1870 4720 1972 4775 hoc
2005 4720 2145 4773 bono
2176 4718 2296 4773 sine
2324 4716 2557 4771 crimine
2588 4716 2881 4786 procedere
2909 4714 3038 4769 sivit
3069 4730 3083 4767 :
3110 4712 3242 4782 quin
3265 4710 3450 4780 potius

1867 4814 2064 4867 malam
2113 4810 2328 4864 feminae
2364 4810 2695 4877 voluptatem
2728 4808 2931 4863 stultus
2964 4806 3318 4860 subinserens
3339 4843 3353 4866 ,
3394 4812 3451 4855 ut

1866 4920 2079 4959 mecum
2132 4903 2276 4971 turpi
2332 4901 2734 4956 consuetudine
2788 4899 3144 4962 misceretur,
3199 4894 3447 4965 urgebat.

1865 4996 2215 5064 Surgensque
2241 4994 2403 5055 lecto,
2444 5008 2554 5062 quo
2590 4990 2930 5055 dormiebat,
2965 5004 3145 5043 meum
3180 4987 3441 5053 deinceps

1866 5086 2189 5143 dormientis
2220 5086 2375 5153 petit,
2403 5083 2809 5150 verborumque
2850 5078 3191 5147 turpitudine
3237 5076 3303 5130 ad
3338 5077 3445 5129 illi-

1863 5177 2027 5230 citum
2049 5176 2401 5230 concubitum
2433 5174 2647 5227 trabere
2677 5171 2897 5241 satagit.
2930 5169 3039 5239 Ego
3064 5177 3244 5222 autem
3277 5181 3438 5236 quam

1861 5278 2102 5338 poteram
2136 5284 2166 5321 a
2200 5283 2284 5321 me
2322 5266 2584 5335 repellens
2614 5263 2776 5319 :lure
2808 5263 3026 5327 merito,
3060 5262 3294 5325 aiebam,
3326 5274 3448 5311 mu-

1337 5402 1578 5460 FRANC.
1610 5405 1999 5461 COMBEFISII
2044 5404 2274 5460 NOTAS.

183 5520 365 5600 “(25)
399 5518 454 5600 ll
486 5528 697 5600 tantum
727 5520 1083 5600 obtinuerunt
1120 5519 1329 5600 ffatres,
1361 5530 1420 5576 ut
1466 5522 1746 5600 deinceps,

183 5590 230 5642 il
262 5590 412 5658 quod
438 5590 673 5662 vellent,
713 5595 998 5655 sentirent,
1046 5607 1112 5645 ac
1144 5594 1429 5662 imagines,
1486 5590 1749 5662 modone

186 5671 327 5715 mtra
362 5661 576 5740 urbem,
623 5662 898 5731 erigerent
927 5681 939 5714 :
987 5663 1061 5717 uti
1095 5661 1275 5740 etiam
1295 5662 1462 5740 refert
1492 5661 1744 5740 Michael.

184 5742 233 5783 rt
269 5742 468 5784 auctor
497 5732 631 5798 ipse,
658 5740 783 5800 post
805 5743 1082 5786 narratam
1108 5733 1284 5786 obiter
1308 5732 1576 5787 visionem
1599 5734 1744 5787 illam

185 5811 415 5856 estensa:
441 5810 642 5856 mutua:
666 5801 837 5857 cladis
874 5801 1244 5859 liotuanorum
1283 5812 1336 5859 et
1366 5802 1743 5874 Bulgarorunt,

1858 5524 1936 5577 sic
1973 5524 2114 5577 velut
2174 5523 2283 5577 Deo
2314 5519 2561 5591 utrisque
2612 5521 2955 5590 propinante,
3010 5520 3245 5589 aliisque
3295 5523 3433 5578 alios

1857 5596 2189 5657 nlciscente,
2241 5608 2303 5645 ac
2378 5589 2686 5659 Nici-pburo
2717 5589 3061 5660 ’prrdictam
3126 5600 3359 5646 mortem
3409 5612 3439 5648 a

1856 5662 2149 5719 Theodoro
2182 5665 2486 5725 iulerente;
2518 5663 2807 5731 ipsumque
2829 5672 3219 5731 spectatorem,
3250 5662 3302 5716 in
3335 5679 3436 5719 sua

1858 5735 2188 5859 peculiali'ius
2238 5743 2443 5797 castra,
2484 5749 2548 5787 ac
2580 5732 2834 5787 monachi
2862 5743 3064 5788 statum
3098 5734 3431 5803 angelicum,

1858 5820 2047 5859 comm:
2094 5813 2237 5859 cntc.

1855 5813 2237 5875 compctlcntc.
