4164 6456
743 370 850 434 895

2184 395 2532 457 ANONYMI

3893 423 4000 490 896

744 483 844 534 lter
896 485 1112 539 tametsi
1144 487 1341 539 bellum
1389 490 1812 565 haudquaquam
1858 500 1909 553 itt
1965 501 2320 560 barbarorum

744 575 1007 600 ..nu—.n..l..
1041 579 1269 600 .-,..-2ι-----
1316 596 1389 600 --κ
1415 594 1449 600 ν-
1632 590 1662 600 ι.
1877 593 1887 600 .
1964 595 1995 600 --
2139 599 2167 600 η

2432 510 2672 574 Δίκαιον,
2706 512 2912 581 ἔλεγον,
2946 510 2991 569 ὦ
3023 520 3182 586 γύναι
3206 561 3219 583 ,
3251 524 3300 574 εἰ
3336 531 3431 578 καὶ
3467 527 3540 596 μὴ
3567 529 3660 581 ἐπὶ
3706 531 3867 600 ξυροῦ
3909 538 4016 586 τῶν

743 575 1009 628 novacula
1039 579 1272 646 positum
1308 594 1490 648 esset,
1527 590 1832 644 castitatem
1876 593 2084 664 legibus
2118 599 2320 653 divinis

743 677 1066 730 prmceptam
1115 673 1403 735 oportebat
1448 677 1760 734 imiolatant
1800 699 2036 740 servare.
2083 687 2175 742 Siti
2220 707 2327 756 au-_

746 761 851 805 tem
889 755 1006 807 ln-lli
1049 770 1325 815 armatura
1369 765 1582 833 jostitia
1613 779 1730 835 est;
1763 773 2036 844 siquidem
2087 781 2158 832 ita
2222 797 2318 833 vo-

745 842 968 911 luptatis
998 849 1178 916 gladio
1205 856 1426 909 saucius
1460 875 1634 914 meam
1666 863 1782 931 ipse
1810 869 1973 921 miser
1999 871 2322 939 jugulavet'o

747 935 980 988 animam
1006 979 1019 1000 ,
1067 945 1159 1009 qui
1207 947 1270 997 ad
1309 963 1544 1015 pugnam
1580 968 1702 1006 cum
1740 958 1895 1012 hoste
1931 964 2320 1018 conserendaut

744 1029 1014 1092 prolicisci
1051 1035 1276 1099 possim,
1307 1041 1398 1106 qui
1437 1040 1550 1108 jam
1593 1044 1705 1113 ipse
1743 1060 1866 1102 ante
1901 1053 2144 1117 prrcliunt
2183 1071 2325 1108 tuor-

745 1125 867 1168 tuus
907 1124 1215 1177 exsistam?
1267 1127 1358 1181 Illa
1423 1147 1586 1199 porro
1638 1152 1918 1193 sermones
1949 1144 2322 1212 hujusci-tnodi

744 1209 1000 1275 audii-ns,
1039 1231 1161 1268 cum
1201 1221 1480 1286 paululum
1518 1231 1869 1290 recessisset,
1902 1234 1967 1283 ad
2019 1253 2102 1288 tne
2134 1253 2327 1293 rursus

743 1299 908 1359 venit,
967 1303 1156 1356 iisdem
1205 1311 1384 1364 verbis
1447 1317 1510 1366 ad
1573 1333 1811 1370 antorem
1864 1326 2164 1389 pellit-iens.
2210 1329 2327 1397 Ipse

743 1391 1097 1450 nihilominus
1136 1404 1378 1455 secundo
1420 1423 1638 1477 quoque
1689 1415 1960 1480 repulsam
2011 1420 2156 1472 illam
2207 1439 2326 1473 ver-

743 1479 826 1532 his
888 1485 951 1535 ad
1019 1492 1328 1544 castitatem
1402 1504 1826 1563 provocantihus
1887 1509 2199 1573 irrigabam.
2266 1513 2331 1566 Ut

742 1581 922 1626 autem
972 1581 1132 1631 tertio
1171 1584 1329 1635 etiam
1374 1586 1666 1644 instantem
1721 1597 1860 1659 \idi,
1917 1611 2080 1667 atque
2129 1604 2194 1654 ad
2250 1604 2329 1656 itt-

744 1659 881 1716 ferni
917 1669 1246 1733 profundum
1271 1675 1552 1743 detrahere
1575 1699 1659 1736 me
1677 1688 2008 1754 cupientem,
2038 1701 2149 1745 tttnt
2171 1695 2331 1747 Vehe-

747 1759 986 1813 tuentius
1021 1762 1345 1833 iul'retnens,
1382 1773 1608 1843 ipsaque
1635 1779 1764 1829 hora
1797 1796 1918 1832 meo
1948 1782 2123 1850 ilhiUS
2153 1788 2331 1856 gladia

2433 599 2731 670 βαρϐάρων
2769 603 3016 674 ὑπῆρχεν
3048 611 3076 660 ὁ
3109 610 3367 680 πόλεμος,
3398 616 3499 683 τήν
3547 632 3609 682 γε
3659 599 4017 690 σωφροσύνην

2423 689 2530 740 ἔδει
2561 692 2700 743 κατὰ
2720 695 2845 756 τοὺς
2869 695 2965 747 τοῦ
2989 699 3124 751 Θεοῦ
3150 701 3348 770 νόμους
3377 703 3812 772 διαφυλάξασθαι
3835 712 4016 779 ἄτρωο

2423 797 2534 833 τον.
2569 783 2628 833 Εἰ
2658 783 2714 834 δὲ
2746 786 2841 838 καὶ
2869 787 3008 840 ὅπλα
3035 792 3272 859 πολέμου
3302 795 3640 868 δικαιοσύνη,
3671 802 3830 869 εἴπερ
3859 805 4014 855 ἔνθεν

2427 872 2788 940 καταδληθεὶς
2813 877 2890 946 τῷ
2922 878 3063 946 ξίφει
3089 883 3187 950 τῆς
3218 884 3412 952 ἡδονῆς
3440 888 3539 954 τὴν
3571 891 3807 957 ἐμαυτοῦ
3836 891 4014 960 ψυχὴν

2426 961 2759 1026 κατασφάξω
2781 965 2809 1015 ὁ
2837 964 3068 1030 δείλαιος
3088 1009 3102 1031 ,
3142 969 3258 1032 πῶς
3308 975 3442 1041 πρὸς
3473 974 3572 1043 τὴν
3615 977 3723 1028 τῶν
3757 981 4016 1033 ἐναντίων

2430 1052 2605 1120 πάλην
2646 1055 2986 1126 πορεύσομαι
3009 1101 3025 1125 ,
3072 1061 3233 1124 αὐτὸς
3267 1065 3458 1134 νεκρὸς
3493 1068 3590 1136 ἤδη
3639 1070 3735 1121 καὶ
3779 1077 3885 1139 πρὸ
3920 1073 4012 1126 τοῦ

2429 1142 2666 1210 πολέμου
2692 1147 3010 1215 γενόμενος;
3046 1151 3109 1204 Ἤ
3132 1153 3188 1204 δὲ
3212 1154 3417 1207 τούτων
3431 1158 3656 1226 ᾐσθεῖσα
3679 1162 3791 1211 τῶν
3814 1163 4010 1228 λόγων,

2431 1235 2524 1285 καὶ
2552 1236 2746 1304 μικρὸν
2777 1240 3198 1311 ἀναχωρήσασα,
3230 1241 3385 1308 αὖθις
3415 1249 3579 1300 πάλιν
3605 1252 3892 1316 ἐφίσταταί
3926 1273 4014 1321 μοι

2427 1328 2537 1387 τοῖς
2570 1331 2855 1399 προτέροις
2888 1334 3066 1400 λόγοις
3099 1335 3189 1387 τὸν
3228 1340 3408 1406 ἔρωτα
3441 1341 3826 1408 ὑποκνίζουσα.
3874 1348 4014 1397 Ἀλλ’

2428 1417 2628 1484 ὁμοίως
2659 1422 2865 1490 ταύτην
2914 1426 3009 1476 καὶ
3049 1428 3212 1479 πάλιν
3249 1431 3722 1500 ἀποσεισάμενος,
3756 1441 3866 1498 τοῖς
3916 1437 4017 1502 τῆς

2430 1509 2650 1574 ἁγνείας
2713 1515 3044 1584 κατήρδευον
3105 1521 3368 1587 ῥήμασιν.
3436 1523 3522 1584 Ὠς
3579 1524 3635 1576 δὲ
3687 1527 3781 1578 καὶ
3833 1529 4014 1595 τρίτον

2431 1600 2728 1656 ἐπιστᾶσαν
2751 1646 2766 1668 ,
2799 1607 2892 1658 καὶ
2936 1607 3071 1677 πρὸς
3109 1610 3380 1680 πέταυρον
3411 1613 3539 1683 ᾇδου
3591 1616 3898 1684 κατασῦραί
3948 1634 4012 1683 με

2434 1693 2763 1764 βουλομένην
2811 1699 3066 1768 ἑώρακα,
3121 1702 3243 1754 τότε
3302 1706 3546 1774 σφοδρῶς
3594 1709 4016 1778 ἐπεμὸριμησά-

2438 1801 2630 1852 μενος,
2664 1790 2757 1839 καὶ
2799 1792 2865 1858 τῇ
2915 1793 3161 1862 μαχαίρᾳ
3199 1811 3300 1864 μου
3350 1799 3472 1848 κατ’
3513 1799 3683 1867 αὐτὴν
3724 1800 3822 1869 τὴν
3864 1801 4016 1871 ὥραν

743 1851 1194 1908 consriscendam
1221 1861 1296 1912 illi
1315 1867 1680 1920 rounuinatus
1705 1883 1953 1926 mortem.
1985 1875 2109 1927 inde
2133 1894 2320 1932 exsur-

2441 1851 2447 1852 ,
2839 1851 2865 1858 η
2915 1851 2926 1859 ι
2996 1851 3023 1860 η
3094 1851 3104 1862 ι
3139 1851 3147 1862 ι
3199 1851 3212 1864 ι
3640 1851 3651 1867 Ι
3766 1851 3789 1869 ⁷⁸
3871 1851 3938 1871 -Γ
3957 1851 4004 1852 ﬁ,

2428 1877 2680 1942 γενέσθαι
2729 1881 2820 1935 τὸν
2859 1881 3091 1935 θάνατον
3140 1887 3681 1957 ἐπαπειλησάμενσς,
3721 1891 4014 1956 διαναστάς

745 1953 898 2004 gens,
934 1959 996 1995 ac
1029 1954 1402 2008 consci-mlens
1433 1974 1659 2026 equum,
1690 1965 1904 2018 concito
1937 1985 2100 2021 cur-stt
2135 1987 2330 2042 propo-

746 2041 908 2084 stunt
943 2036 1044 2089 iter
1083 2047 1426 2112 peragebant.

823 2143 841 2174 ι
889 2124 1024 2182 Tum
1062 2133 1172 2197 illa,
1209 2138 1324 2190 fore
1351 2145 1640 2209 suSpicans
1667 2157 1722 2199 ut
1759 2148 1936 2204 fabula
1972 2170 2064 2221 per
2095 2172 2179 2209 tne
2212 2157 2329 2209 vul-

743 2226 984 2282 garetur,
1017 2223 1080 2274 ad
1110 2242 1294 2280 necent
1325 2249 1600 2298 quaeri-ns,
1670 2250 1792 2305 post
1832 2258 1917 2295 me
1959 2260 2143 2300 Servos
2197 2263 2328 2302 suos

741 2312 943 2370 emisit,
978 2314 1177 2380 jubens
1205 2324 1430 2375 omnino
1466 2330 1662 2383 occidi.
1705 2330 1794 2384 llei
1830 2344 2007 2388 tamen
2062 2340 2324 2394 immensa

741 2402 1031 2456 clementia
1093 2409 1161 2459 ah
1205 2411 1398 2466 horum
1435 2421 1661 2484 quaesita
1713 2440 1864 2485 nece,
1927 2429 1997 2478 nti
2065 2430 2134 2480 ah
2185 2431 2326 2486 illius

742 2493 939 2547 animm
972 2499 1203 2553 exitiosa
1232 2503 1454 2572 injuria,
1497 2512 1750 2564 clientem
1777 2517 2044 2584 libetavit,
2083 2522 2328 2590 miraque

741 2586 974 2647 quadam
1018 2590 1262 2657 ratione,
1316 2609 1459 2648 recta
1499 2614 1594 2666 per
1653 2603 1812 2656 aliam
1865 2607 2004 2660 viain
2069 2610 2324 2664 incedere

743 2676 886 2728 [ιιιεὶι.

817 2785 834 2816 ι
873 2767 1008 2822 Cum
1042 2784 1219 2826 autem
1253 2778 1394 2831 haml
1427 2781 1495 2834 ita
1519 2785 1728 2852 pridem
1757 2787 2023 2855 Bulgaria:
2045 2793 2177 2848 lines
2198 2797 2325 2850 atti-

742 2859 969 2924 gissem,
1031 2864 1282 2933 ittlt'aqttc
1341 2887 1458 2934 eos,
1525 2877 1674 2929 nullo
1728 2880 1836 2932 alio
1877 2883 2088 2938 itinetis
2124 2889 2324 2942 comite

741 2953 1216 3020 .«ingularissitnus
1275 2963 1374 3015 iter
1430 2966 1706 3031 habet-em,
1765 2985 1928 3042 atque.
1983 2978 2049 3030 ad
2084 2990 2320 3033 montem

740 3046 1032 3109 quemdam
1071 3051 1500 3118 cogitationibus
1540 3058 1812 3117 distentus
1848 3066 2122 3130 animum,
2193 3088 2316 3140 pro-

741 3139 863 3203 pius
891 3141 1247 3197 accessissem
1282 3164 1296 3196 :
1338 3148 1411 3201 ita
1435 3164 1560 3204 vero
1585 3153 1689 3206 sub
1715 3154 1886 3222 ipsam
1935 3160 2074 3215 hanc
2108 3164 2317 3234 horam,

741 3244 890 3282 cram
929 3247 1117 3285 revera
1176 3236 1419 3291 divinam
1482 3241 1895 3313 inSpectiouetn,
1951 3262 2114 3322 atque
2176 3275 2317 3325 eam,

739 3337 863 3388 qme
891 3324 1024 3378 mihi
1087 3331 1515 3396 supervenisset.
1574 3337 1976 3406 calamitatem,
2034 3356 2181 3403 totus
2242 3352 2321 3403 la-

739 3417 944 3483 etymis
976 3418 1251 3485 perfusus,
1290 3441 1502 3479 mecum
1555 3431 1742 3483 animo
1788 3445 2047 3502 reputans
2081 3458 2092 3493 :
2133 3457 2318 3497 vocem

739 3508 1035 3572 quamdam
1089 3513 1323 3582 desuper
1351 3531 1379 3568 a
1421 3523 1623 3574 tttontis
1654 3527 1939 3580 cacumine
1989 3548 2072 3584 tne
2119 3549 2320 3588 vocan-

739 3612 846 3652 tem
904 3604 1108 3658 audivi.
1149 3607 1318 3660 Porro
1356 3620 1498 3664 metu
1548 3618 1854 3682 perculsus,
1894 3637 1960 3674 eo
1998 3627 2142 3692 quod
2205 3628 2321 3681 siu-

739 3693 1133 3759 gnlarissitnus
1188 3715 1392 3764 essent,
1444 3719 1699 3776 aegreque
1749 3714 2051 3771 anhelitum
2106 3722 2318 3775 ducens

741 3799 805 3837 ac
836 3795 1102 3850 tremens,
1134 3790 1199 3842 ad
1235 3806 1358 3844 eum
1389 3794 1479 3859 qtti
1513 3799 1744 3851 vocabat
1797 3800 1988 3856 facient
2037 3811 2316 3875 converti;

741 3879 1021 3947 degensque
1048 3882 1260 3944 oculos,
1321 3900 1524 3939 novum
1552 3902 1716 3955 supra
1752 3904 2000 3948 naturam
2035 3910 2320 3966 spectacu-

740 3971 850 4022 lutu
882 3975 1128 4040 pet-Spexi
1165 3993 1177 4028 :
1216 3977 1500 4039 nimirum,
1538 3981 1786 4049 gigantea
1819 3997 2026 4043 statura
2070 3992 2208 4047 albis
2237 3996 2320 4048 itt-

736 4064 929 4117 dutttttt
963 4081 1147 4119 senem
1187 4068 1383 4130 virum,
1433 4073 1593 4140 cujus
1629 4077 1953 4133 vestimenta
1986 4084 2118 4139 solis
2148 4085 2322 4140 instar

738 4157 1090 4227 ret'ulgerent.
1148 4159 1199 4212 ls
1256 4177 1480 4216 manutn
1530 4169 1877 4233 protendens,
1915 4173 2070 4240 jubet
2111 4179 2222 4230 cito
2253 4180 2316 4231 ad

739 4266 863 4302 eum
901 4253 1215 4305 ascendam.
1260 4255 1329 4306 At
1382 4270 1484 4324 ego
1522 4258 1753 4326 depulso
1797 4266 1978 4317 statim
2008 4267 2318 4325 timiditatis

741 4344 999 4407 pondere,
1031 4346 1340 4415 gaudioque
1383 4351 1735 4414 commixtus,
1763 4356 1828 4408 ad
1865 4373 1990 4410 cum
2047 4364 2316 4428 ascendo,

740 4438 1132 4508 inventumque
1174 4443 1451 4495 sedentem
1496 4443 1548 4496 iu
1603 4455 1764 4508 terra,
1817 4465 2019 4515 pronus
2069 4455 2312 4508 adorzui.

2433 1970 2643 2022 ἐκεῖθεν
2675 1973 2768 2024 καὶ
2797 1974 2990 2037 ἐπιϐάς
3035 1994 3136 2044 μου
3164 1980 3240 2047 τῇ)
3272 1979 3445 2052 ἵππῳ,
3475 1984 3640 2052 τάχος
3666 1985 3764 2054 τὴν
3790 2002 4010 2056 προκει-

2435 2060 2605 2132 μένην
2638 2065 2823 2134 τρίὸον
2856 2067 3088 2138 διήνυον.

2509 2173 2525 2204 ι
2562 2156 2694 2208 Τότε
2723 2158 2777 2210 δὲ
2800 2160 2981 2230 ἐκείνη
3001 2161 3436 2234 θριαμϐευθῆναι
3454 2170 3583 2239 παρ’
3599 2172 3733 2239 ἐμοῦ
3751 2172 3809 2224 τὸ
3830 2173 4014 2244 δρᾶμα

2430 2244 2856 2310 ὑποτοπάσασα,
2885 2250 3213 2315 ὀπισθόπους
3265 2258 3402 2326 πρός
3441 2277 3509 2327 με
3557 2261 3831 2325 φωνοῦσα,
3887 2266 4016 2326 τοὺς

2431 2334 2650 2395 δούλους
2677 2338 2848 2404 αὐτῆς
2873 2339 3246 2405 ἐξαπέστειλε,
3273 2348 3771 2419 παρακαλεσαμένη
3795 2352 4013 2415 πάντως

2428 2426 2522 2477 τοῦ
2575 2427 2884 2481 θανατῶσαι
2941 2449 3031 2500 με.
3079 2433 3211 2496 Θεὸς
3246 2435 3302 2487 δὲ
3340 2438 3865 2508 φιλανθρωπευθεὶς,
3910 2444 4010 2512 τῆς

2430 2517 2760 2588 θνητοφόρου
2815 2522 3045 2585 τούτων,
3092 2524 3165 2587 ὡς
3198 2527 3292 2578 καὶ
3347 2528 3447 2596 τῆς
3492 2532 3707 2599 ἐκείνης
3744 2550 3808 2600 με
3841 2535 4014 2602 ψυχο-

2431 2608 2630 2679 φθὸρου
2661 2612 2864 2681 βλάϐης
2891 2615 3170 2684 ἀπήλλαξε
3205 2635 3219 2648 ·
3256 2619 3350 2671 καὶ
3384 2620 3451 2673 δι’
3492 2621 3660 2690 ἄλλης
3693 2625 4012 2694 παραδόξως

2428 2697 2798 2767 εὐθυπορῆσαι
2827 2705 3146 2772 πεποίηκεν,

2505 2808 2524 2839 ι
2565 2791 2654 2853 Ὠς
2682 2793 2738 2844 δὲ
2764 2794 2873 2845 τῶν
2894 2795 2995 2863 τῆς
3024 2795 3361 2868 Βουλγαρίας
3381 2801 3542 2869 ὁρίων
3561 2803 3620 2854 οὑ
3643 2805 3758 2872 μετ’
3787 2805 3850 2856 ού
3874 2805 4012 2859 πολὺ

2429 2879 2838 2950 καθαψάμενος,
2893 2887 2987 2937 καὶ
3032 2886 3179 2939 ἔνδον
3205 2889 3413 2942 τούτων
3447 2891 3601 2952 ἐκτὸς
3625 2891 3845 2944 οἱασοῦν
3880 2911 4012 2945 συν-

2427 2974 2575 3037 οδίας
2626 2977 2936 3044 μονώτατος
2977 2978 3196 3041 ὥδευον,
3235 2982 3321 3033 ἐπ’
3351 2982 3510 3050 ὄρους
3705 3002 3851 3048 τινος
3926 2988 4012 3040 ἐν·

2427 3066 2656 3134 ασχολου
2665 3068 2810 3136 μένῳ
2822 3071 2942 3130 τοῖς
2956 3070 3234 3140 λογισμοῖς
3250 3072 3615 3142 πλησιάσαντι
3636 3075 3758 3146 Heg.
3779 3077 4011 3145 ἐνασχο-

2425 3156 2682 3227 λούμενος
2717 3159 3046 3231 πλησιάσας]
3081 3177 3094 3192 '
3157 3163 3245 3214 ναὶ
3305 3165 3413 3234 γὰρ
3453 3165 3516 3233 δὴ
3552 3168 3674 3218 κατ’
3713 3168 3885 3237 αὐτὴν
3911 3169 4011 3238 τὴν

2425 3249 2574 3318 ὥραν
2597 3251 2747 3320 ἥμην
2777 3252 2989 3321 άληθῶς
3017 3254 3046 3304 ὁ
3067 3254 3236 3317 τάλας
3263 3257 3362 3326 τὴν
3383 3256 3478 3309 τοῦ
3513 3257 3648 3310 Θεοῦ
3677 3260 4010 3329 ἐπισκοπὴν,

2426 3347 2520 3398 καὶ
2554 3347 2654 3414 τὴν
2687 3347 3025 3401 ἑπελθοῦσάν
3058 3366 3147 3418 μοι
3181 3351 3472 3420 συμφοράν
3525 3351 4011 3423 ἀναλογιζόμενος,

2424 3439 2542 3500 ὅλος
2585 3441 2990 3508 συγκεχυμένος
3023 3444 3134 3503 τοῖς
3163 3442 3428 3511 δάκρυσιν
3459 3458 3471 3470 ·
3505 3443 3753 3514 ᾐσθόμην
3792 3444 4013 3513 ἀθρόως

2427 3530 2612 3598 φωνῆς
2627 3548 2770 3592 τινος
2794 3530 3002 3583 ἄνωθεν
3026 3533 3135 3584 ἀπὸ
3156 3534 3254 3602 τῆς
3281 3536 3596 3604 ἀκρωρείας
3621 3537 3895 3606 καλούσης
3918 3555 4010 3606 με.

2423 3620 2576 3689 Φόϐῳ
2607 3622 2662 3674 δέ
2714 3621 2972 3692 βληθεὶς,
3018 3625 3138 3676 ἐπεί
3191 3641 3299 3694 περ
3353 3627 3601 3697 ὑπῆρχον
3651 3628 3964 3696 μονώτατος
3995 3644 4009 3657 ·

2424 3714 2741 3782 ἀσθμαίνων
2777 3733 2837 3767 τε
2868 3716 2963 3768 καὶ
2994 3717 3307 3787 ὑπότρομος
3337 3719 3474 3788 πρὸς
3512 3719 3602 3770 τὸν
3640 3719 3910 3773 καλοῦντα
3949 3721 4012 3772 τὺ

2427 3805 2718 3875 πρόσωπον
2768 3807 3216 3878 ἀνθυπὲστρεφον
3246 3824 3260 3838 ·
3320 3809 3414 3862 καὶ
3472 3811 3843 3878 προσερείσας
3891 3814 4008 3873 τοῖς

2423 3898 2654 3968 ὄμμασι,
2691 3898 2844 3962 ξενον
2882 3901 3177 3953 κατενόουν
3231 3900 3372 3969 ὑπὲρ
3430 3903 3528 3968 τὴν
3577 3901 3740 3968 φύσιν
3773 3899 3913 3955 εἶναι
3951 3905 4014 3955 τὸ

2427 3991 2610 4059 θέαμα
2636 4009 2650 4023 ο
2711 3993 2880 4063 ἀνδρα
2929 3993 3263 4061 λευκοφόρον
3297 3997 3611 4060 γιγανταῖον
3659 3995 3758 4064 τὴν
3791 3995 4013 4063 ἡλικίαν

2423 4085 2515 4136 καὶ
2549 4084 2779 4154 γηραιόν
2801 4099 2814 4113 ⁸
2847 4101 2909 4138 ου
2937 4085 3008 4137 τὰ
3040 4087 3231 4153 ἱμάτια
3279 4086 3607 4138 άπέστιλδον
3645 4085 3719 4148 ὡς
3749 4089 3776 4137 ὁ
3805 4087 3960 4155 ἥλιος
3993 4103 4010 4118 ο

2421 4177 2520 4243 τὴν
2549 4178 2709 4246 χεῖρά
2738 4193 2797 4227 τε
2829 4176 3200 4245 προτείνοντα,
3242 4177 3336 4231 καὶ
3365 4177 3453 4229 διά
3474 4179 3673 4246 τάχους
3726 4177 3802 4239 ὡς
3841 4178 4014 4230 αὑτὸν

2421 4266 2665 4320 ἀνελθεῖν
2693 4271 2704 4282 “
2727 4267 3268 4339 παρακελευόμενον.
3316 4270 3458 4337 Ἐγὼ
3507 4268 3561 4321 δέ
3594 4269 3872 4338 παρευθὺς
3912 4271 4013 4338 τῆς

2419 4359 2621 4421 δειλίας
2639 4359 2700 4411 τὺ
2727 4359 2892 4429 ἄχθος
2921 4361 3382 4428 ἐπαπωσάμενος,
3407 4364 3583 4430 χαράς
3611 4377 3669 4412 τε
3693 4360 4012 4430 σύμμικτος

2419 4454 2734 4521 γενόμενος,
2765 4452 2950 4520 ἄνειμι
2981 4467 2994 4481 ⁸
3025 4453 3120 4504 καὶ
3151 4453 3286 4521 πρὸς
3311 4453 3417 4522 γῆν
3445 4453 3622 4522 εὑρὼν
3650 4454 4008 4523 ἐφεζόμενον,

738 4529 875 4582 'l'um
930 4531 1019 4583 ille
1051 4532 1289 4598 gratiose
1345 4534 1702 4603 imprecatus,
1741 4540 1908 4604 jussit
1955 4553 2012 4594 ut
2065 4561 2312 4614 Sltt'gt'lts,

2425 4542 2632 4611 πρηνὴς
2659 4541 2921 4610 γεγονὼς,
2950 4543 3363 4614 προσεκύνησα.
3390 4547 3486 4606 Ὃς
3517 4545 3819 4613 χαριέντως
3844 4549 4012 4598 ἐπευ-

737 4635 922 4678 ι·ιιριυε
959 4624 1027 4677 ab
1045 4625 1165 4693 ejus
1191 4627 1396 4681 dextris
1433 4636 1655 4683 starem.
1692 4631 1860 4686 Porro
1891 4635 2122 4690 habebat
2155 4643 2316 4708 pedes

734 4733 760 4770 s
785 4733 814 4771 c
854 4718 1264 4786 quodammodo
1297 4720 1348 4772 iu
1386 4722 1504 4774 solo
1540 4723 1842 4792 explicatos
1881 4741 1896 4778 :
1938 4744 2100 4782 manu
2132 4742 2313 4785 autem

733 4824 984 4874 campum
1023 4811 1193 4863 monti
1259 4812 1564 4878 subjectum
1603 4815 1821 4882 plenum
1874 4821 2194 4888 corporibus
2233 4824 2315 4876 vi-

731 4901 971 4954 dendum
1013 4903 1276 4964 ostendit.
1305 4913 1621 4973 stantesque
1653 4906 1705 4959 iu
1743 4922 1809 4961 eo
1838 4912 2172 4964 exercituum
2204 4922 2318 4966 tura

732 5010 848 5046 tuas
883 5010 990 5047 una
1015 5010 1139 5048 cum
1191 4996 1515 5064 imperatore
1547 5013 1560 5049 :
1593 5013 1658 5051 ac
1700 5016 1828 5052 nttut
1862 5001 2314 5072 alienigenarum.

732 5097 1031 5156 nostraque
1079 5097 1256 5142 castra
1297 5090 1526 5142 seorsint
1561 5106 1972 5160 cognoscerem,
2026 5108 2316 5164 perconta-

731 5182 745 5233 Ι
771 5188 913 5232 atur.

811 5384 828 5414 ι
859 5365 996 5418 Cum
1033 5375 1211 5418 autem
1263 5365 1374 5420 hch
1401 5381 1500 5436 ego
1540 5369 1714 5435 palam
1754 5370 2044 5426 confessus
2101 5388 2315 5440 essem,

735 5461 890 5523 Vide,
923 5460 1120 5528 inquit,
1163 5459 1228 5512 ad
1267 5477 1370 5521 me,
1429 5461 1561 5514 nihil
1598 5475 1869 5520 lllt'lIIClIS.
1922 5463 2094 5520 Porro
2133 5478 2314 5521 autem

731 5556 860 5606 dum
882 5554 975 5617 illi,
1006 5555 1071 5606 ad
1096 5553 1480 5606 vindicandam
1511 5555 1744 5625 quisque
1771 5574 1924 5611 suam
1944 5561 2137 5622 aciem,
2163 5577 2313 5614 arma

733 5645 1012 5698 vibrantes
1093 5644 1536 5709 iusti-uerentur,
1616 5648 1868 5700 dextrum
1949 5652 2034 5704 hic
2107 5653 2304 5719 pedum

732 5739 961 5790 alterum
1012 5736 1234 5791 elevans
1269 5739 1496 5792 sinistro
1527 5743 1944 5810 superimponit.
1981 5742 2116 5798 'l‘utn
2159 5746 2315 5798 video

733 5841 972 5886 nostram
1007 5829 1178 5885 aciem
1229 5830 1398 5884 multa
1434 5833 1482 5886 \i
1535 5833 1974 5890 adversariut'unt
2020 5837 2189 5892 aciein
2233 5838 2314 5891 iu-

2421 4636 2675 4704 ξάμενος.
2701 4636 2991 4689 ἐκέλευσεν
3022 4637 3334 4689 ἀναστάντα
3391 4637 3584 4705 στῆναί
3613 4653 3681 4705 με
3725 4636 3865 4706 πρὸς
3897 4641 4012 4701 τοῖς

2417 4727 2608 4793 δεξιοῖς
2633 4727 2797 4781 αὑτοῦ
2829 4729 3072 4799 μέρεσιν.
3108 4724 3234 4798 Εἶχε
3263 4729 3320 4782 δέ
3346 4731 3473 4792 τοὺς
3505 4729 3673 4792 πόδας
3704 4729 3853 4783 οὕτω
3888 4748 4010 4796 πως

2420 4820 2843 4890 ἐφηπλωμένους
2874 4822 3011 4892 πρὸς
3039 4821 3304 4890 τοὺδαφος
3324 4837 3337 4852 ’
3366 4823 3430 4891 τῇ
3470 4837 3530 4872 τε
3562 4821 3704 4890 χειρὶ
3757 4822 3819 4874 τὺ
3874 4823 4012 4875 ὑπο-

2422 4915 2574 4966 κάτω
2596 4930 2660 4981 με
2693 4913 2788 4966 τοῦ
2818 4913 2979 4983 ὅρους
3011 4914 3194 4966 πεδίον
3225 4914 3431 4983 πλῆρες
3452 4916 3721 4982 σωμάτων
3757 4915 4013 4985 ὑπάρχον

2419 5006 2714 5077 καταθρεῖν
2744 5006 3081 5071 ὑπεδείκνυε,
3111 5008 3203 5058 καὶ
3230 5006 3329 5074 τὴν
3351 5008 3406 5058 ἐν
3427 5005 3578 5074 αὑτῷ
3606 5005 3714 5057 τῶν
3738 5023 4013 5075 στρατευ-

2424 5101 2609 5170 μάτων
2641 5100 3042 5170 καθεστηκυῖαν
3078 5099 3293 5170 πληθὺν
3322 5099 3421 5151 σὺν
3442 5099 3518 5168 τῷ
3560 5099 3751 5150 ἄνακτι
3773 5116 3786 5128 ·
3813 5101 3920 5162 τάς
3950 5118 4010 5153 τε

2418 5192 2525 5245 τῶν
2556 5192 2872 5260 ἀλλοφύλων
2895 5233 2910 5256 ,
2944 5191 3039 5243 καὶ
3064 5192 3160 5253 τὰς
3196 5192 3472 5262 ἡμετέρας
3509 5191 3864 5261 παρεμϐολὰς
3904 5194 4011 5265 ἰδίᾳ

2421 5283 2709 5352 γινώσκειν
2733 5301 2799 5352 με
2828 5284 3012 5353 ἤρετο.

2497 5395 2514 5426 ι
2564 5375 2729 5444 Ἐμυῦ
2756 5375 2813 5429 δὲ
2840 5375 3015 5428 ταῦτα
3034 5374 3218 5437 σαφῶς
3244 5375 3807 5446 καθομολογήσαντος·
3835 5380 4007 5450 Ὅρα,

2422 5470 2555 5538 φησι
2614 5469 2750 5537 πρός
2779 5485 2867 5536 με,
2909 5467 2985 5535 μὴ
3023 5465 3418 5535 δεδιττόμενος.
3459 5467 3567 5519 Καὶ
3597 5468 3670 5528 ὡς
3695 5467 3832 5537 πρὸς
3861 5471 4007 5537 ἀμυ-

2419 5580 2515 5614 ναν
2541 5563 2736 5614 ἐκεῖνοι
2771 5560 2868 5627 τῆς
2918 5558 3166 5627 ἀλλήλων
3217 5558 3399 5628 μάχης
3433 5561 3540 5621 τοῖς
3571 5558 3758 5620 ὅπλοις
3785 5559 3900 5630 [Ῑσ.
3935 5564 4005 5615 τά

2417 5649 2580 5724 ὅπλα]
2612 5651 2992 5721 κραδαίνοντες
3024 5650 3468 5719 παρετάσσοντο,
3501 5650 3592 5702 τὸν
3622 5651 3795 5716 δεξιον
3845 5647 4005 5717 οὗτος

2419 5747 2530 5799 τοῖν
2566 5746 2746 5797 ποδοῖν
2777 5744 2868 5796 τον
2891 5743 3079 5811 ἕτερον
3104 5741 3398 5810 κουφίσας,
3428 5744 3619 5796 ἐπάνω
3647 5745 3742 5796 τοῦ
3783 5747 3993 5815 ἀριστε-

2425 5837 2515 5891 οοῦ
2548 5837 2847 5906 ἐπιτίθησι.
2891 5835 3026 5889 Τότε
3077 5833 3270 5905 θεωρῶ
3327 5835 3428 5905 τὴν
3461 5835 3738 5907 ἡμετέραν
3783 5853 3998 5906 παρεμ-
