4164 6456
195 377 301 435 897

1323 368 1496 428 νιτΑ
1542 367 1605 428 S.
1647 363 1949 426 NICOLM
1989 366 2336 428 STUDlTrE

3341 361 3448 428 893

197 484 358 556 ίολὴν
393 485 509 554 μετ’
566 483 746 554 ἰσχύος
779 481 980 547 πολλῆς
1036 480 1169 552 πρὸς
1203 483 1299 550 τὴν
1353 481 1464 532 τῶν
1511 477 1771 534 ἐναντίων

1889 478 2190 543 radentem,
2228 493 2459 546 eamque
2497 486 2663 532 turam
2721 484 3181 546 [.crrunipentetu.
3213 475 3454 546 Cumque

196 575 594 650 ἐφαλλομένην,
641 574 733 627 καὶ
762 573 942 626 πᾶσαν
984 572 1152 642 αὐτὴν
1194 572 1610 624 διακόπτουσαν.
1665 567 1771 621 Καὶ

192 666 256 734 δὴ
291 665 522 735 φροῦδον
558 665 666 716 τῶν
700 663 922 716 Σκυθῶν
963 663 1452 731 διαφθειρομένην,
1500 663 1592 714 καὶ
1625 660 1770 712 νῶτα

197 755 504 822 μελλόντων
547 755 748 806 διδόναι
796 756 906 813 τοῖς
955 752 1135 805 αὐτῶν
1185 751 1292 822 [ἴσ.
1344 750 1562 822 αὐτοὺς]
1603 767 1772 803 κατα-

195 848 545 914 σφάττουσιν.
591 844 753 908 Αὖθις
799 840 950 904 οὗτος
994 843 1101 896 τῶν
1143 843 1316 895 ποδῶν
1364 842 1456 894 τὸν
1487 840 1774 911 ἀριστερὸν

1680 933 1774 984 καὶ

194 1032 586 1095 ἐξαναστάντες
620 1029 772 1080 ἔνθεν
805 1029 850 1078 οξ
895 1027 1183 1098 βάρῧαροι,
1220 1026 1470 1088 ἐλεεινῶς
1505 1032 1610 1088 τοῖς
1642 1029 1775 1094 ἡμεο

193 1122 378 1187 τέροις
407 1118 687 1169 ἐπέκειντο
721 1116 1052 1178 κταίνοντες.
1097 1115 1238 1183 Ἐγὼ
1262 1115 1319 1167 δὲ
1345 1115 1532 1185 ῶσπερ
1554 1118 1777 1184 ἐξεστη-

194 1209 335 1270 κὼς,
385 1211 480 1260 καὶ
514 1207 720 1277 ἀχανὴς
754 1207 992 1274 γεγονὼς
1023 1206 1102 1276 τῷ
1133 1207 1422 1278 παραδόξῳ
1448 1208 1621 1278 τούτῳ
1652 1207 1776 1258 θεά-

196 1317 356 1369 ματι,
393 1299 627 1367 ίστάμην
654 1296 985 1351 ἀποσκοπῶν
1013 1297 1081 1348 τά
1098 1297 1397 1367 τελούμενα
1429 1315 1444 1329 ο
1465 1299 1559 1352 καὶ
1588 1298 1776 1351 τούτου

194 1391 302 1458 μὲν
330 1389 436 1441 τῶν
468 1388 644 1442 ποδῶν
669 1388 766 1458 τὴν
788 1385 1107 1456 ὑπαλλαγὴν
1137 1388 1231 1440 καὶ
1262 1389 1538 1452 ἐπίϐασιν,
1594 1390 1776 1442 κάκεί-

193 1498 304 1533 ιων
332 1481 389 1532 δὲ
416 1481 506 1530 τὸν
536 1479 796 1549 ὀδυνηρὸν
819 1479 878 1529 ἐν
909 1477 1154 1549 μαχαίρᾳ
1175 1480 1504 1549 πικρότατον
1527 1481 1775 1536 Θάνατον.

194 1571 308 1622 Καὶ
349 1571 492 1621 οὕτω
516 1572 681 1637 μέχρι
731 1567 942 1637 δυσμὰς
981 1569 1136 1638 ἡλίου
1187 1571 1412 1640 τοιούτῳ
1451 1570 1637 1641 τρόπῳ
1687 1576 1778 1625 καὶ

193 1662 463 1728 σχήματι,
494 1661 613 1711 κατ’
656 1661 824 1730 ἄμφω
858 1663 971 1712 τοῖν
1002 1661 1186 1713 ποδοῖν
1217 1662 1316 1731 τὴν
1365 1663 1524 1733 νίκην
1564 1666 1778 1737 ἑκάστῳ

196 1753 361 1821 μέρει
409 1751 799 1822 βραῦεύοντος·
838 1752 913 1814 ὡς
948 1754 1268 1821 ἐφαρμόσας
1294 1752 1541 1819 τούτους,
1585 1757 1779 1824 ἐπίσης

193 1844 414 1897 κεῖσθαι
458 1845 533 1914 τῷ
575 1845 748 1917 λοιπῷ
795 1846 1172 1913 παρεσκεύασε
1211 1845 1443 1914 σώματι,
1476 1848 1574 1916 τῆς
1618 1849 1781 1918 αλλή-

191 1937 305 1987 λων
349 1938 528 2007 μάχης
553 1937 648 1988 καὶ
679 1931 827 1989 οὗτοι
853 1939 1218 2005 παυσάμενοι,
1247 1938 1340 1990 τὸν
1370 1940 1599 2010 φοϐερὸν
1627 1943 1781 1993 ἐκεῖ-

192 2045 285 2081 ιον
319 2029 571 2081 διέλυσαν
600 2027 860 2097 πόλεμον.

273 2139 291 2169 ι
340 2121 474 2172 Τότε
513 2120 806 2182 διαναστὰς
852 2116 1006 2184 οὗτος
1051 2119 1146 2174 καὶ
1220 2122 1512 2192 γενόμενος
1580 2121 1778 2192 δροιος.

193 2213 364 2281 ἤρετο
401 2213 534 2281 πρός
569 2228 658 2280 με,
698 2211 808 2264 τῶν
836 2213 1207 2265 πεπτωκότων
1259 2215 1321 2266 τὸ
1351 2214 1556 2284 πλῆθος
1588 2219 1636 2268 εί
1689 2217 1773 2269 δυ-

193 2302 402 2370 ναίμην
429 2301 944 2371 ἀπαριθμήσασθαι,
995 2304 1088 2355 καὶ
1143 2304 1190 2354 εί
1245 2306 1399 2368 κενός
1459 2298 1562 2356 που
1614 2306 1780 2368 τόπος

199 2391 698 2459 ἐγκαταλέλειπται
729 2394 924 2461 νεκροῦ
957 2393 1217 2464 ὑπάρχων
1245 2396 1467 2466 ἄμοιρος
1508 2397 1778 2466 σώματος.

209 2483 384 2552 Ἐμοῦ
418 2484 473 2536 δὲ
506 2485 604 2550 τὴν
629 2484 929 2553 ἀδυναμίαν
961 2488 1354 2555 προτείνοντος,
1383 2489 1651 2540 καὶτόπον
1676 2489 1780 2541 οὐδ’

195 2578 336 2637 ὅλως
370 2593 440 2644 με
492 2577 732 2645 καϐορᾷν
783 2575 971 2644 σαφῶς
1017 2577 1507 2646 διομολογήσαντος
1533 2620 1548 2642 ,
1590 2579 1784 2648 μικρὸν

197 2665 331 2716 δέτι
389 2664 594 2728 πεδίον,
643 2666 767 2718 ὅσον
826 2668 1046 2718 εἰκάσαι
1098 2669 1256 2720 τοῦτο
1287 2670 1472 2738 κοίτην
1503 2669 1640 2738 βοὸς.
1676 2670 1785 2722 τῶν

199 2758 564 2824 ἐσφαγμένων
621 2761 788 2824 μέσον
843 2757 1199 2820 ὑπονοοῦντος
1229 2796 1243 2820 ,
1293 2759 1387 2809 καὶ
1433 2759 1567 2828 πρὸς
1624 2760 1786 2812 αὑτὸν

197 2847 791 2909 δακτυλ.οδεικτοῦντος,
817 2848 976 2909 αὐτὸς
1003 2849 1338 2918 ἁπεκρίνατο
1362 2864 1375 2879 ⁸
1413 2849 1575 2918 ὐρᾴς
1609 2850 1782 2912 τοῦτο,

199 2937 361 3005 φησὶ,
385 2938 446 2988 τὸ
475 2937 715 3003 πραευέν
744 2936 940 3004 θνητοῦ
974 2937 1218 3006 ὑπάρχον
1243 2939 1469 3006 ἄμοιρον
1494 2939 1744 3006 σώματος
1770 2955 1784 3002 ;

199 3030 316 3092 σου,
344 3031 438 3079 καὶ
472 3029 572 3080 οὐκ
601 3029 764 3083 ἀλλου
811 3028 1168 3098 καθέστηκεν.
1235 3030 1322 3082 Ἐν
1362 3031 1510 3097 αὐτῷ
1548 3032 1655 3098 γάρ
1693 3032 1789 3081 σὺν

193 3126 308 3184 τοῖς
337 3124 545 3184 λοιποῖς
569 3121 923 3190 τεθνήξεσθαι
957 3122 1204 3191 ἔμελλες,
1244 3123 1410 3192 βορὰν
1430 3126 1545 3186 τοῖς
1580 3123 1789 3193 ὀρνέοις

193 939 483 1006 κονφίσας,
514 937 700 990 ἐπάνω
741 935 834 988 τοῦ
855 935 1030 1000 δεξιοῦ
1080 935 1264 987 λοιπὸν
1299 933 1598 986 ἐπιτίθεται
1631 949 1643 961 '

1880 569 2094 638 Scytha:
2149 570 2363 637 penitus
2417 568 2724 630 interirent,
2783 576 3078 634 essentque
3137 563 3454 618 uecantihus

1880 661 2087 715 versuri
2122 672 2268 728 terga
2307 679 2319 714 :
2351 678 2416 713 cn
2452 675 2646 713 rursus
2689 659 2777 712 ille
2805 661 2990 726 pedem
3025 657 3312 711 sinistrum
3344 655 3456 707 ele-

1879 768 2052 813 vans,
2110 766 2274 819 supra
2341 752 2589 804 dextrum
2652 750 2913 817 deinceps
2968 751 3152 818 ponit;
3233 759 3459 814 tumque

1879 855 2241 913 exsurgentes
2293 842 2405 895 barl
2429 843 2533 906 ari,
2585 842 2974 897 miserabiliter
3000 851 3216 894 nostros
3251 841 3460 892 interti—

1880 939 2071 992 ciendo
2099 937 2382 1007 urgebant.
2421 936 2532 1003 Ego
2569 948 2748 990 antem
2790 951 2932 989 num
2967 937 3068 986 hoc
3109 949 3172 987 ac
3222 932 3456 986 mirabili

1882 1031 2194 1099 spectaculo
2226 1030 2373 1081 velut
2415 1026 2756 1096 stupefactus
2791 1043 2854 1081 ac
2905 1027 3192 1084 attonitus,
3246 1024 3456 1077 staha-n

1882 1132 2167 1189 aspectans
2219 1137 2340 1189 qua:
2388 1122 2771 1190 gerebantur:
2809 1119 3088 1176 nimirum,
3149 1126 3261 1168 tum
3312 1115 3458 1165 illam

1884 1214 2049 1284 hujus
2105 1216 2590 1267 conuuulatinuem
2661 1211 2882 1280 pedum,
2940 1211 3319 1275 alternamque
3377 1207 3460 1258 vi-

1885 1309 2067 1362 cissim
2104 1307 2575 1375 inequitationem,
2613 1315 2725 1358 tum
2771 1302 3023 1356 acerbam
3079 1317 3141 1353 ac
3178 1295 3462 1352 amari-si-

1886 1413 2028 1450 mam
2083 1397 2300 1450 illorum
2338 1399 2579 1450 caadente
2615 1396 2794 1465 gladio
2847 1408 3056 1446 necem.
3097 1390 3344 1458 Cu'mque
3384 1389 3464 1441 sic

1885 1491 1949 1542 ad
1985 1505 2156 1555 usque
2191 1491 2324 1544 solis
2360 1504 2616 1542 occasum
2642 1485 3222 1556 hnjnsmodicorporis
3255 1481 3463 1544 habitu,

1886 1582 2189 1650 pedumque
2237 1581 2673 1635 commutatione
2733 1580 2926 1646 cuique
2977 1576 3117 1646 parti
3176 1574 3463 1628 victoriam

1884 1673 2238 1736 sanciret;ut
2282 1687 2379 1725 eos
2429 1679 2644 1739 aptans,
2701 1669 2922 1739 perinde
2972 1677 3135 1737 atque
3194 1665 3464 1732 reliquum

1886 1779 2082 1829 corpus
2118 1761 2312 1832 :equali
2363 1761 2470 1815 situ
2517 1761 2867 1831 composuit,
2914 1759 2948 1812 ii
3003 1770 3221 1828 quoque
3273 1767 3467 1822 pugna:

1815 1868 1854 1921 Β
1886 1865 2088 1910 mutuae
2141 1857 2305 1908 linem
2361 1853 2735 1924 imponentes,
2794 1850 3036 1906 terribile
3082 1847 3214 1902 illud
3263 1843 3466 1899 bellum

1884 1949 2272 2003 dissolverunt.

1959 2151 1976 2182 ‹
2015 2130 2276 2185 Tuncille
2312 2146 2562 2200 surgens,
2597 2140 2858 2197 stansque
2894 2137 3073 2182 rectus
3106 2139 3170 2179 ex
3221 2138 3306 2176 me
3331 2138 3472 2191 qua:-

1882 2223 2053 2288 rebat,
2093 2239 2221 2276 num
2255 2238 2442 2278 eorum
2497 2225 2588 2292 qni
2640 2223 2966 2275 cecidissent
3004 2232 3271 2273 summam
3331 2215 3473 2269 inire

1884 2330 2102 2384 possem
2125 2357 2139 2382 ,
2169 2331 2231 2369 ac
2261 2331 2390 2369 num
2424 2316 2578 2368 locus
2606 2315 2804 2383 aliquis
2830 2314 3051 2366 relictus
3071 2321 3214 2364 esset
3237 2323 3470 2370 vacuus,

1885 2407 2088 2460 mortui
2118 2409 2369 2476 corporis
2399 2421 2594 2475 expers
2627 2403 2942 2460 exsistens?
2972 2401 3053 2455 Me
3081 2410 3260 2457 autem
3293 2400 3472 2466 impo-

1887 2500 2108 2552 tentiam
2137 2500 2523 2568 praetendente,
2573 2513 2636 2553 ae
2672 2499 2848 2568 palam
2884 2495 3196 2556 conﬁtente,
3253 2493 3464 2545 nullum

1893 2606 1978 2643 me
2015 2593 2282 2658 ejusmodi
2318 2592 2493 2644 locum
2527 2591 2868 2658 ionspicere,
2935 2596 3126 2658 putare
3156 2595 3338 2639 tamen
3369 2581 3472 2636 soli

1887 2681 2013 2746 quid
2059 2684 2318 2750 exiguum
2380 2691 2622 2744 exstare,
2659 2690 2925 2749 quantum
2959 2685 3137 2732 strato
3169 2676 3324 2730 bovis
3357 2689 3472 2726 cor-

1889 2772 1999 2839 pnri
2038 2772 2170 2824 satis
2199 2775 2480 2837 videatur,
2507 2772 2881 2841 jugulatorutn
2918 2769 3185 2831 medium,
3232 2766 3470 2820 intento-

1889 2876 1996 2927 que
2031 2861 2082 2912 in
2119 2859 2248 2913 illud
2286 2861 2454 2928 digito
2483 2901 2497 2922 ,
2555 2868 2929 2921 monstrante,
2994 2855 3279 2926 respondit
3336 2854 3424 2908 ille
3455 2869 3471 2905 :

1892 2949 2054 3004 Vides
2110 2953 2345 3020 spatium
2392 2953 2523 3004 illud
2568 2967 2770 3020 expers
2826 2951 3074 3020 corporis
3112 2949 3312 3002 mortui
3347 2946 3476 2998 reli-

1891 3043 2079 3096 ctum?
2131 3053 2282 3095 tuum
2363 3044 2587 3108 utique,
2651 3044 2963 3112 nulliusque
3027 3050 3290 3110 praatcrea
3351 3037 3472 3091 l'uit.

1892 3133 2100 3202 Quippe
2133 3134 2182 3184 iu
2218 3132 2309 3184 illo
2350 3134 2651 3187 moriturus
2676 3149 2800 3186 cum
2852 3133 2974 3184 aliis
3005 3147 3150 3196 cras,
3195 3130 3248 3183 in
3285 3143 3473 3182 escam

200 3213 664 3280 παραδιδόμενος·
693 3214 807 3264 ἀλλ’
835 3215 1021 3284 ἐπειδή
1050 3231 1144 3266 σου
1176 3219 1234 3264 τὸ
1266 3215 1425 3283 σῶμα
1456 3214 1783 3283 διεφύλαξας

1892 3225 2185 3278 tradendus
2219 3225 2340 3276 (τωίί
2392 3224 2727 3278 volucribus.
2759 3224 2896 3290 Quia
2931 3234 3112 3276 tamen
3149 3234 3299 3275 tuum
3351 3234 3474 3274 eor-

196 3305 462 3374 dzpeapov,
496 3308 587 3357 καὶ
620 3305 782 3358 πάθει
827 3305 1088 3374 αἰσχύνης
1120 3306 1219 3372 τὴν
1267 3305 1448 3375 ψυχὴν
1503 3307 1602 3358 οὐκ
1659 3307 1785 3375 ἐμό-

197 3396 367 3458 λυνας
396 3415 410 3426 ⁸
445 3397 539 3448 τοῦ
581 3397 740 3465 χάριν
761 3399 860 3465 τῆς
892 3395 1130 3465 φοϐερᾶς
1176 3399 1267 3449 καὶ
1291 3397 1594 3466 φρικώδους
1615 3399 1782 3466 ἀνάγ-

197 3506 300 3556 κης
334 3489 477 3558 μετὰ
511 3490 603 3539 καὶ
619 3487 712 3538 τοῦ
745 3487 942 3557 πικροῦ
973 3505 1032 3540 σε
1068 3489 1299 3541 Θανάτου
1327 3491 1356 3541 ὁ
1389 3489 1520 3552 θεὸς
1554 3489 1786 3558 ἠλευθὲ-

197 3597 366 3648 peius.
405 3581 515 3632 Καὶ
562 3580 736 3631 ταῦτα
769 3580 926 3642 λέξας
948 3619 963 3638 .
997 3581 1212 3651 ἀφανὴς
1265 3584 1328 3634 ἐκ
1349 3581 1455 3633 τῶν
1484 3583 1635 3652 ἐμῶν
1667 3584 1788 3648 ἐγέ-

196 3689 320 3724 νετο
343 3672 520 3738 όφῠαλ
530 3672 666 3740 μῶν.

275 3782 292 3811 ι
334 3763 471 3813 Τότε
517 3763 654 3830 μετὰ
677 3762 881 3832 φρίκης
928 3760 1127 3830 πολλῆς
1175 3762 1287 3831 ἐγὼ
1328 3764 1422 3816 καὶ
1477 3764 1790 3825 ἐκστάσεως

199 3857 500 3914 ύποκλίνας
528 3856 624 3923 τὴν
656 3854 897 3924 κεφαλὴν
947 3854 1025 3924 τῷ
1055 3854 1205 3923 φόϐῳ
1256 3855 1611 3924 κλονούμενος
1634 3895 1648 3917 ,
1697 3856 1790 3906 καὶ

203 3947 594 4015 προσκυνήσας
653 3945 714 3996 τὸ
745 3944 898 4010 ἅγιον
946 3943 1159 4010 ἔδαφος,
1219 3947 1276 3996 ἐν
1327 3937 1480 4013 ᾧπερ
1528 3945 1576 3995 οἱ
1634 3943 1791 4005 πόδες

197 4037 394 4089 τούτου
423 4034 798 4106 προσήγγιζον
823 4050 835 4064 ο
869 4032 964 4085 τοῦ
999 4035 1158 4103 δρους
1189 4035 1430 4102 ἀπάρας,
1454 4037 1546 4085 καὶ
1570 4031 1636 4084 δι’
1665 4031 1793 4099 ὅλης

198 4130 297 4196 τῆς
328 4128 528 4188 νυκτὸς
562 4129 658 4195 τὴν
713 4128 936 4195 πορείαν
976 4125 1110 4194 πρὸς
1148 4125 1395 4176 τούπίσω
1453 4125 1791 4193 ποιούμενος,

203 4220 270 4271 δι’
299 4219 505 4285 ὀλίγων
557 4217 783 4286 ἡμερῶν
838 4219 904 4268 τά
935 4216 1170 4268 ἐνταῦθα
1212 4214 1510 4268 κατέλαὸον
1530 4256 1544 4280 ,
1570 4213 1688 4284 Θεῷ
1719 4214 1796 4284 τῷ

204 4314 476 4365 σεσωκότι
505 4311 592 4363 διὰ
645 4309 800 4362 τοῦδε
831 4307 925 4362 τοῦ
961 4311 1262 4378 σχήματος,
1299 4310 1348 4360 εί
1379 4307 1475 4360 καὶ
1523 4306 1741 4372 ἀνάξιος
1769 4307 1798 4357 ό

202 4405 461 4465 τιπεινὸς
489 4443 502 4464 ,
531 4402 814 4455 δουλεῦσαι
850 4401 1202 4472 προθέμενος.

279 4517 300 4547 ο
345 4498 460 4550 Καὶ
495 4497 560 4547 σὺ
589 4491 704 4554 οὖν,
731 4494 920 4544 τέκνον
955 4488 1606 4562 Κυπριανὲ,πειρασμῶν
1636 4489 1795 4557 ἐπερ-

1891 3326 1993 3380 pus
2027 3310 2258 3361 servasti
2295 3310 2694 3377 incorruptum,
2732 3323 2830 3362 nec
2874 3307 3020 3376 turpi
3065 3307 3318 3376 passione
3355 3305 3475 3357 ani-

1892 3416 2038 3450 uuun
2075 3399 2317 3466 polluisti
2349 3435 2365 3459 ,
2423 3397 2626 3451 idcirco
2660 3407 2709 3450 te
2745 3397 2886 3452 Deus
2917 3414 2944 3450 a
2984 3397 3212 3451 terribili
3247 3397 3474 3449 horreu-

1899 3492 2076 3560 daque
2114 3492 2437 3544 necessitate
2487 3506 2550 3543 ac
2601 3506 2786 3543 amara
2844 3500 3040 3552 mortc,
3071 3492 3368 3544 clementer
3408 3489 3474 3540 li-

1895 3583 2127 3636 beravit.
2163 3581 2232 3635 lis
2259 3597 2387 3635 vero
2404 3581 2587 3645 dictis,
2609 3582 2677 3634 ab
2707 3581 2883 3636 oculis
2927 3583 3062 3634 meis
3092 3582 3336 3635 evanuit.

1969 3780 1986 3811 ι
2019 3762 2154 3815 Tum
2197 3776 2318 3831 ego,
2359 3762 2585 3816 horrore
2617 3763 2787 3816 multo
2827 3777 2889 3817 ac
2940 3773 3165 3832 stupore
3197 3763 3479 3832 paululum

1893 3853 2167 3906 inclinans
2198 3863 2380 3920 caput,
2437 3863 2578 3906 metu
2634 3856 2887 3921 agitatus,
2941 3855 3290 3925 adoransque
3347 3871 3477 3909 san-

1893 3957 2040 3998 ctum
2073 3947 2273 4007 solum,
2322 3947 2373 3998 in
2409 3961 2520 4014 quo
2553 3947 2716 4013 pedes
2751 3948 2870 4013 ejus
2903 3950 3207 4011 stetissent,
3247 3951 3477 4001 descen-

1892 4031 2026 4083 dens
2049 4044 2079 4081 e
2109 4039 2310 4090 monte,
2345 4040 2627 4095 totamque
2677 4039 2890 4083 noctem
2938 4031 3040 4085 iter
3078 4041 3224 4085 retro
3251 4031 3478 4094 faciens,

1895 4122 2085 4190 paucis
2119 4121 2227 4174 hue
2266 4122 2462 4176 diebus
2492 4123 2710 4186 adveni,
2748 4125 2934 4177 animo
2990 4127 3348 4179 constitutum
3382 4127 3482 4178 ha-

1897 4215 2151 4275 bens,ut
2212 4212 2433 4265 humilis
2481 4213 2640 4280 ipse,
2697 4229 3008 4282 quanquam
3047 4216 3319 4285 indignus,
3372 4215 3486 4270 Deo

1896 4305 1987 4372 qui
2021 4305 2230 4357 salvum
2264 4305 2553 4369 etii-eissct,
2608 4306 2777 4359 hocce
2812 4306 2994 4360 habitu
3039 4318 3292 4378 suscepto
3313 4349 3330 4374 ,
3364 4325 3482 4364 ser-

1899 4396 2090 4449 \‘ircm.

1977 4503 1995 4535 ι
2037 4483 2115 4538 Tu
2147 4497 2280 4553 ergo
2307 4499 2548 4554 quoque,
2585 4484 2656 4538 ﬁli
2685 4485 2987 4555 Cypriane.
3029 4504 3151 4543 cum
3188 4490 3280 4544 tibi
3309 4500 3487 4544 truta-

205 4590 460 4658 χομένων
488 4603 594 4646 σοι,
626 4587 700 4654 μὴ
731 4584 1095 4654 σκυθρωπαζε
1125 4601 1135 4612 ·
1164 4583 1279 4636 ἀλλ’
1311 4582 1571 4652 ἀνδρείως
1595 4582 1785 4650 ἐγκαρ-

1909 4577 2088 4628 tiones
2148 4577 2586 4645 super-venerint,
2645 4577 2754 4629 noli
2791 4580 2997 4632 tristari
3038 4595 3052 4632 :
3099 4583 3230 4650 quin
3302 4585 3484 4650 potius

207 4679 410 4748 τερῶν,
453 4679 548 4728 καὶ
577 4677 636 4726 τὸ
671 4674 770 4742 τῆς
801 4673 1157 4744 σωφροσύνης
1190 4674 1276 4724 ἀεὶ
1309 4672 1473 4725 καλὸν
1503 4671 1797 4740 μνηστευό-

213 4787 397 4838 μενος,
424 4767 567 4830 ἕξεις
604 4768 693 4818 τὸν
729 4765 860 4818 Θεὸν
896 4764 1207 4835 σύμμαχον,
1239 4763 1296 4825 ὂς
1327 4763 1387 4816 ού
1420 4762 1637 4832 παρορᾷ
1671 4763 1796 4822 τοὺς

208 4866 287 4922 εἰς
338 4862 508 4912 αὐτὸν
556 4859 892 4922 ἐλπίζοντας.
933 4876 952 4908 ι
1008 4857 1186 4926 Ἡμᾶς
1234 4857 1289 4907 δὲ
1339 4854 1544 4918 λοιπὸν,
1599 4855 1648 4905 εἰ
1705 4853 1799 4904 καὶ

212 4951 776 5023 παρεκὸατικώτερόν
834 4966 951 5010 πως
978 4989 992 5012 ,
1033 4947 1310 5016 ὠφελιμον
1355 4943 1524 4998 οὖσαν
1567 4945 1668 5013 τὴν
1717 4943 1796 4995 διο

213 5047 451 5116 ἡγησιν,
487 5037 590 5096 ὧδε
625 5045 960 5113 περάναντες
989 5080 1003 5107 ,
1041 5040 1178 5110 πρὸς
1225 5039 1352 5100 τοὺς
1385 5038 1600 5099 κοινοὺς
1641 5036 1802 5105 ἡμῶν

214 5139 361 5193 Ιιατέ
373 5155 469 5208 ρας
503 5136 596 5188 τὸν
618 5137 861 5206 κάλαμον
885 5152 913 5187 τ
921 5136 1198 5204 ρέπωμεν.

287 5231 398 5284 Τοῦ
433 5231 544 5298 γάρ
571 5229 842 5299 Καίσαρος
872 5227 1113 5298 Μιχαὴλ,
1147 5225 1222 5289 ὼς
1255 5226 1312 5277 ἐν
1340 5226 1448 5282 τοῖς
1480 5223 1721 5285 ἀνώπιν,
1755 5226 1802 5274 εί

218 5325 312 5378 καὶ
361 5323 560 5391 μικρὸν
595 5320 978 5384 ὑπεξελθόντες
1038 5319 1380 5389 εἰρήκαμεν,
1430 5315 1505 5385 μὴ
1544 5314 1803 5383 ἐλομένου

221 5416 516 5484 σύμμαχον
543 5413 686 5481 ἔχειν
719 5412 779 5464 τὸ
802 5413 999 5481 κράτος
1032 5411 1130 5479 τῆς
1176 5408 1411 5469 πίστεως
1443 5423 1455 5436 ’
1488 5404 1718 5457 τούνεκα
1748 5404 1805 5456 δέ

220 5509 284 5562 δι’
316 5506 610 5578 ἀγροικίαν
640 5490 844 5574 πολλὴν
870 5505 1127 5572 ὼσάνπερ
1159 5501 1402 5571 βούλοιτο
1450 5500 1679 5559 ἕκαστος
1715 5497 1804 5549 δο-

229 5600 412 5666 ξάζειν
443 5596 800 5659 θεσπίςαντος
834 5595 949 5667 (25)
978 5610 991 5624 ο
1027 5593 1102 5663 μὴ
1150 5590 1352 5654 ἐξεῖναι
1396 5589 1452 5642 δὲ
1497 5589 1634 5649 ὂλως
1679 5587 1807 5648 τοὺς

1906 4667 2140 4720 viriliter
2169 4668 2466 4729 sustinens,
2501 4681 2564 4719 ae
2585 4669 2854 4722 castitatis
2882 4670 3081 4722 bonum
3116 4686 3332 4740 semper
3371 4689 3486 4725 am-

1901 4758 2054 4812 biens
2077 4769 2448 4827 appetensque
2474 4798 2489 4822 ,
2527 4756 2694 4810 Deum
2746 4760 3046 4826 adjutorem
3086 4762 3374 4818 habiturus
3400 4780 3484 4823 es,

1899 4854 1991 4921 qui
2027 4867 2133 4904 uou
2168 4851 2400 4919 despicit
2430 4863 2716 4919 sperantes
2751 4852 2803 4903 in
2861 4853 3062 4920 ipsum.
3103 4871 3119 4902 ι
3156 4852 3266 4908 Nos
3299 4869 3484 4908 autem

1903 4943 1988 4996 hic
2015 4943 2273 5012 deinceps
2309 4945 2678 4995 narrationem
2697 4942 2911 5006 ejusmo
2936 4944 2992 5003 ii,
3014 4945 3115 4996 etsi
3143 4946 3486 5015 digressiOne

1902 5034 2189 5095 fusiorem,
2211 5034 2396 5088 utilem
2422 5040 2601 5085 tamen
2630 5035 2902 5097 tinii-ntes,
2919 5038 3186 5088 calamum
3207 5049 3485 5092 vertamus

1908 5127 1975 5182 ad
2000 5125 2372 5180 conunuuium
2413 5125 2635 5179 Patrum
2681 5139 2992 5181 nostrorum
3033 5129 3341 5182 historiam.

1978 5217 2114 5272 Cum
2154 5218 2339 5286 itaque
2385 5218 2573 5271 Cmsar
2599 5217 2848 5280 Michael,
2898 5222 2972 5272 uti
3016 5221 3129 5289 jam
3190 5237 3356 5289 supra
3404 5223 3457 5275 di

1908 5322 2051 5366 ctum
2081 5320 2186 5374 est,
2225 5325 2535 5379 quanquam
2578 5312 2827 5363 nonnihil
2863 5327 2892 5364 a
2945 5315 3226 5382 proposito
3260 5317 3487 5368 diverti-

1910 5419 2055 5467 mus,
2093 5404 2213 5456 lidei
2250 5403 2417 5456 robur
2449 5403 2502 5454 in
2540 5403 2808 5456 auxilium
2842 5404 3046 5458 habere
3076 5406 3395 5474 respuisset,
3427 5422 3493 5460 ae

1913 5506 2199 5566 propterea
2222 5511 2317 5566 per
2346 5509 2617 5547 summam
2654 5497 2890 5564 agrestis
2912 5497 3082 5550 animi
3114 5497 3497 5564 stoliditatem,

1913 5603 2187 5656 quemque
2226 5601 2325 5657 pro
2351 5587 2504 5642 libito
2531 5602 2633 5641 suo
2680 5589 2883 5644 sentire
2911 5592 3184 5646 sanxisset
3217 5608 3232 5645 :
3267 5593 3496 5645 omnino

1393 5677 1641 5734 FRANC.
1679 5676 2074 5734 COMBEFISII
2100 5678 2328 5733 NOTAE.

295 5784 411 5858 (25)
476 5782 739 5837 Videntur
797 5781 1024 5838 Michael
1088 5779 1275 5834 mitius
1335 5777 1466 5847 quid
1524 5776 1740 5842 dicere;
1779 5776 2038 5830 nimirum
2090 5777 2399 5846 prohibitus
2449 5785 2664 5833 tantum
2715 5791 2903 5836 sacras
2945 5779 3213 5853 imagines
3253 5781 3306 5836 in
3357 5780 3496 5836 urbe
