4164 6456
178 423 274 487 €301

1311 424 1487 483 VITA
1529 425 1587 484 S.
1625 422 1931 485 NICOLAI
1970 426 2337 487 STUDITxiZ.

3326 429 3433 493 90?.

179 539 303 589 κατ’
341 533 536 604 ἐκείνῳ
562 532 639 602 τῷ
664 532 838 603 καιρῷ
870 533 961 586 δύο
986 534 1277 602 φωστῆρας
1323 534 1398 596 ὡς
1439 537 1586 605 ἡμᾶς
1622 537 1755 588 ἁνα-

1867 537 1998 592 siam
2051 555 2197 593 same
2246 537 2510 593 doctrina:
2550 537 2851 608 fulgoribus
2887 540 3245 607 illustrantia,
3297 561 3435 614 quos

178 628 484 689 τεὶλαντας,
516 626 609 677 καὶ
638 624 734 695 τὴν
759 625 853 678 τοῦ
878 624 1113 695 Χριστοῦ
1150 625 1474 697 Ἐκκλησίαν
1496 631 1616 689 ταῖς
1652 627 1759 678 τῶν

180 721 469 788 δογμάτων
511 719 694 769 ἀκτῖσι
752 717 1344 787 καταπυρσεύσαντας,
1398 721 1524 777 τοὺς
1575 720 1761 786 650396-

186 828 313 879 ρους
347 809 598 879 Πατέρας
633 810 753 862 καθ’
787 812 933 879 ἡμᾶς
987 812 1442 879 χρηματίζοντας,
1488 811 1761 880 Θεόδωρόν

180 906 239 958 τέ
277 923 419 974 φημι
466 907 557 957 καὶ
586 905 865 972 Θεοφάνην
901 905 1026 965 τοὺς
1059 905 1423 972 αὑταδέλφους
1452 904 1550 973 τὴν
1579 904 1758 971 φύσιν,

181 1000 341 1068 εἰπερ
366 998 429 1067 δὴ
462 998 555 1050 καὶ
577 996 675 1065 τὴν
702 996 886 1048 πίστιν
906 996 1230 1066 ὁμαίμονας,
1271 998 1452 1049 οὐτοσὶ
1475 999 1503 1048 ό
1532 1003 1641 1060 τοῖς
1667 998 1758 1069 ξρ-

182 1110 299 1159 γοις
333 1092 467 1143 Θεὸν
520 1090 697 1156 φιλεῖν
750 1089 1187 1159 ἐξαρνούμενος,
1249 1092 1344 1143 καὶ
1412 1092 1760 1161 παρωνύμως

181 1185 441 1253 Θεόφιλος
490 1184 1033 1253 προσαγορευόμενος
1056 1222 1072 1245 ,
1107 1183 1194 1234 διὰ
1235 1183 1294 1235 τὸ
1328 1186 1654 1253 προσκυνεῖν
1704 1184 1763 1234 ἐν

181 1276 361 1326 εἰκόσι
406 1274 663 1344 Χριστὸν,
710 1275 802 1326 καὶ
826 1276 1016 1324 τοῦτον
1058 1272 1421 1337 σεϐἀζεσθαι,
1483 1274 1763 1343 κρατήσας

181 1366 411 1427 αὐτοὺς,
479 1364 617 1433 μετὰ
673 1363 877 1426 πολλὰς
921 1364 1020 1426 τὰς
1060 1363 1359 1432 βασάνους,
1409 1363 1613 1415 τούτων
1666 1364 1764 1425 τὰς

180 1456 338 1524 ὄψεις
362 1455 641 1517 δυσσεϐῶς
676 1454 992 1523 ἐνεκόλαψε,
1019 1455 1114 1507 καὶ
1146 1455 1294 1519 ξένον
1322 1453 1399 1524 τῷ
1422 1454 1612 1525 κόσμῳ
1647 1471 1763 1508 κοι-

182 1550 274 1599 νον
298 1547 609 1617 ἀνθρώποις
634 1547 986 1616 προύτέθεικε
1011 1546 1259 1615 θέατρον.

256 1641 393 1691 Τότε
438 1641 502 1711 δὴ
531 1642 625 1692 καὶ
657 1640 748 1691 τὸν
792 1639 1063 1708 ἡμέτερον
1091 1640 1307 1709 Πατέρα
1337 1637 1601 1690 Νικόλαον
1627 1678 1642 1702 ,
1677 1636 1766 1689 διὰ

179 1733 283 1803 τὴν
319 1731 725 1803 ἐπικρατοῦσαν
757 1732 1119 1800 σκοτόμαιναν
1150 1732 1248 1800 τῆς
1281 1732 1575 1801 αἱρέσεως,
1599 1731 1766 1783 τόπον

181 1828 247 1878 ἐκ
281 1826 451 1877 τόπου
502 1825 985 1896 κατατρυχόμενον
1010 1864 1025 1889 ,
1064 1826 1203 1894 γυνή
1239 1842 1321 1887 τις
1357 1825 1588 1896 ,εὐσεϐὴς
1633 1842 1764 1877 κατ-

1866 627 2036 680 nostri
2068 642 2096 680 a
2135 628 2243 682 Deo
2292 627 2502 681 amatos
2550 642 2613 680 ac
2669 628 2883 684 divinos
2937 628 3127 683 Patres
3178 632 3434 692 vocitant.

1863 717 2229 781 Theodorum,
2261 720 2507 788 inquam,
2536 734 2598 772 ac
2627 716 3013 787 Theophanem
3046 763 3057 774 .
3096 731 3287 774 natura
3324 721 3433 774 fra-

1864 818 1990 872 tres,
2029 806 2296 877 siquidem
2325 808 2484 862 etiam
2527 809 2632 864 ﬁde
2670 811 2913 878 germani
2952 821 3129 871 erant,
3158 812 3248 865 ille
3268 812 3435 865 Deum

1863 913 2047 951 amare
2076 897 2330 965 operibus
2366 913 2599 965 negans,
2635 915 2951 969 quanquam
2986 902 3125 954 nuda
3160 902 3288 955 hinc
3343 903 3439 955 de-

1866 988 2238 1043 nominatiune
2281 987 2613 1058 Theophilus
2644 992 3059 1062 appellabatur;
3103 995 3247 1063 quod
3278 994 3437 1048 Cl-ri-

1864 1088 2006 1134 stum
2041 1082 2093 1135 in
2116 1081 2448 1152 imaginibus
2473 1082 2737 1150 colerent,
2761 1100 2999 1154 eumque
3025 1097 3434 1153 venerarentur,

1867 1182 2077 1235 tenens.
2111 1183 2236 1242 post
2282 1173 2454 1227 multa
2490 1181 2784 1239 tormenta,
2809 1191 2999 1230 eorum
3034 1177 3198 1247 impie
3231 1178 3435 1233 inscul-

1866 1279 1997 1332 pens
2044 1262 2258 1329 faciem,
2308 1280 2510 1318 novum
2540 1265 2891 1334 insolensque
2920 1282 3207 1323 commune
3259 1269 3439 1324 homi-

1864 1348 2027 1407 nibus
2074 1356 2441 1420 Spectaculum
2504 1353 2764 1408 traduxit.

1934 1625 2086 1681 Tunc
2121 1641 2339 1696 quoque
2374 1642 2498 1682 cum
2540 1628 2631 1698 pia
2680 1631 2927 1699 quaedam
2977 1632 3174 1699 mulier
3224 1631 3439 1690 Patrem

1866 1726 2113 1774 nostrum
2146 1718 2431 1773 Nicolaum
2458 1762 2473 1785 ,
2527 1731 2749 1791 propter
2777 1722 3113 1779 obtinentem
3149 1726 3440 1781 obscuram

1868 1825 2048 1879 pravae
2073 1812 2297 1867 haeresis
2323 1822 2563 1875 noctem,
2595 1815 2789 1868 crebra
2847 1815 3093 1870 locorum
3142 1819 3443 1873 mutatione

181 1915 493 1984 αθρήσασα,
524 1915 617 1968 καὶ
651 1886 725 1977 di;
754 1886 887 1983 ἆλλη
925 1886 1266 1985 Σουναμιτνης
1302 1886 1446 1968 κατὰ
1475 1886 1761 1983 τὸῦῦμέγαν

1867 1902 2004 1958 male
2023 1904 2186 1958 atteri
2219 1903 2446 1969 videret,
2482 1906 2755 1976 velletque
2788 1917 3046 1977 tanquam
3094 1908 3203 1963 alia
3256 1910 3439 1963 Suna-

198 2007 508 2059 Ἐλισσαῖον
545 2005 923 2075 ξεναγωγῆσαι
950 2004 1139 2058 τοῦτον
1162 2006 1455 2075 θελήσασα,
1483 2006 1544 2058 οὐ
1573 2008 1763 2077 πόρρω

180 2098 276 2151 τοῦ
308 2100 503 2160 ἄστεος
528 2098 662 2168 πρὸς
695 2096 763 2150 τὰ
794 2096 1035 2167 Θρᾳκῷα
1064 2097 1207 2167 μέρη
1245 2099 1449 2167 ἥσυχον
1484 2097 1625 2150 πάνυ
1671 2115 1762 2150 κε-

181 2191 432 2259 κτημένη
469 2189 795 2259 προάστειον
822 2227 838 2251 ,
871 2190 1138 2257 προσάγει
1188 2188 1347 2241 τοῦτο
1390 2186 1485 2239 τοῦ
1528 2187 1761 2258 Χριστοῦ

180 2282 261 2349 τῷ
286 2283 599 2350 θεράποντι.
632 2282 975 2351 φερωνύμως
1004 2282 1439 2351 ἐφαρμοσαμένη
1480 2284 1545 2350 τῇ
1576 2283 1761 2349 κλήσει

180 2374 260 2443 τῷ
293 2374 581 2443 πράγματι
620 2371 728 2445 [Ῐσ.
759 2374 819 2425 τὸ
857 2372 1136 2444 πρᾶγμα].
1191 2374 1283 2425 καὶ
1336 2374 1537 2442 μεστὴν
1582 2373 1763 2434 ἐλέους

182 2464 357 2534 αὐτῷ,
380 2464 552 2534 δῶρον
579 2466 651 2528 ὡς
688 2469 853 2533 μέγα,
895 2468 994 2533 τὴν
1016 2465 1270 2535 εἰρήνην,
1327 2463 1515 2535 ὥσπερ
1557 2465 1620 2534 δὴ
1670 2466 1765 2517 καὶ

182 2559 413 2628 Εἰρήνη,
453 2559 593 2627 μετὰ
632 2562 727 2610 καὶ
765 2556 858 2610 τοῦ
896 2559 1177 2627 κτήματος
1230 2558 1618 2629 ἐμπαράξασα.
1654 2558 1764 2610 Κόι-

181 2654 336 2702 κείσε
358 2650 537 2702 τοίνυν
573 2649 830 2720 διέτριϐε,
864 2651 959 2708 τὰς
996 2651 1105 2701 τῶν
1140 2651 1433 2719 αίρετικών
1466 2651 1635 2713 λαϐὰς
1662 2651 1765 2716 ὑφ-

181 2740 485 2807 ορλέιμενος.
518 2735 631 2793 Εἶθ’
658 2741 883 2808 ὓστερον
918 2739 1068 2792 τοῦτο
1096 2743 1159 2809 τῇ
1192 2740 1388 2792 ἑαυτοῦ
1424 2743 1561 2808 μονῇ
1598 2756 1765 2809 προσ-

182 2830 455 2898 εκύρωσε,
484 2834 582 2898 τὴν
637 2830 955 2900 ἐπωνυμίαν
985 2832 1149 2901 φέρον
1176 2832 1274 2899 τῆς
1300 2833 1509 2900 Φίρμου
1537 2832 1761 2894 πόλεως.

251 2920 520 2988 Ηεοφίλου
573 2920 628 2973 δὲ
693 2920 1137 2988 τελευτήσαντος,
1206 2923 1301 2973 καὶ
1348 2920 1622 2988 δυστυχῶς
1688 2920 1765 2990 τῷ

180 3013 379 3084 τύμϐῳ
400 3014 688 3079 καταξίαν,
715 3014 789 3077 ὡς
807 3010 984 3083 οἶμαι,
1010 3032 1069 3065 συ
1080 3017 1461 3084 μπεριγραφέν
1486 3013 1652 3083 αὐτῷ,
1673 3015 1767 3065 καὶ

179 3105 239 3158 τὶ
276 3106 379 3174 τῆς
405 3106 690 3176 αἱρέσεως,
728 3106 823 3158 καὶ
867 3105 1149 3176 Θεοδώρας
1172 3107 1266 3175 τῆς
1315 3106 1480 3159 αὑτοῦ
1523 3107 1764 3177 φιλοχρί-

183 3214 313 3249 στου
351 3198 613 3249 συνεύνου
644 3200 740 3251 σὺν
778 3197 857 3267 τῷ
912 3198 1013 3268 υἱῷ
1065 3199 1284 3267 Μιχαὴλ
1331 3199 1524 3267 κομιδῇ
1556 3199 1660 3267 νέῳ
1698 3198 1765 3250 τὰ
1793 3220 1836 3278 C

178 3290 287 3342 τῶν
313 3288 605 3357 Ῥωμαίων
618 3289 995 3359 κατασχούσης
1013 3291 1281 3359 βασίλεια,
1300 3292 1395 3343 καὶ
1424 3291 1625 3343 Ἰαννοῦ
1650 3290 1761 3360 (27)

176 3380 269 3433 τοῦ
286 3380 592 3439 δυσσεϐοῦς
614 3421 628 3445 ,
654 3381 942 3451 προοίμιον
967 3382 1066 3450 τῆς
1099 3383 1320 3435 αἰωνίου
1352 3384 1506 3451 δίκης
1539 3384 1637 3452 τὴν
1677 3385 1765 3433 ἐν·

175 3471 357 3524 ταῦθα
393 3470 504 3523 τῶν
555 3470 715 3524 θείων
760 3473 1197 3541 κληρωσαμένου
1251 3475 1611 3534 ἀπόπτωσιν,
1672 3474 1765 3525 καὶ

176 3560 449 3612 Μεθοδίου
481 3559 576 3611 τοῦ
627 3559 862 3628 μεγάλου
910 3561 1008 3627 τῆς
1056 3561 1466 3629 ἀρχιερωσύνης
1520 3563 1765 3629 ἀμπεχο-

180 3653 347 3721 μένου
378 3654 505 3714 τοὺς
533 3651 746 3715 οἴακας,
771 3652 1043 3722 ουνδρομῇ
1072 3652 1180 3705 τῶν
1206 3652 1480 3722 θεοφόρων
1506 3654 1763 3725 ίΙατέρων

177 3745 409 3811 γέγονεν
442 3745 475 3813 ή
507 3743 604 3812 τῆς
655 3743 967 3812 όρθοδοξίας
996 3746 1325 3813 πανήγυρις,
1357 3743 1571 3813 αἰθρίας
1592 3760 1761 3795 κατα-

175 3835 456 3903 λαϐούσης
479 3836 580 3904 ήδη
623 3836 689 3887 τὰ
734 3836 971 3905 πέρατα,
1009 3836 1102 3887 καὶ
1155 3836 1401 3903 ἀστέρων
1440 3835 1614 3905 δίκην,
1653 3834 1761 3886 τῶν

178 3926 420 3994 Χριστοῦ
451 3926 821 3995 ὀμολογητῶν,
853 3926 998 3979 ἆπαν
1026 3927 1083 3978 τὸ
1108 3927 1207 3997 τῆς
1237 3927 1562 3995 Ἐκκλησίας
1596 3943 1762 3979 κατα-

178 4018 553 4087 κοσμούντων.

245 4111 385 4163 Τότε
402 4109 468 4179 δὴ
492 4109 587 4161 καὶ
606 4111 633 4161 ό
653 4109 832 4170 κοινὸς
858 4108 1013 4179 ἡμῶν
1047 4108 1235 4180 Πατὴρ
1264 4110 1359 4163 καὶ
1398 4108 1491 4162 τοῦ
1525 4111 1761 4178 Χριστοῦ

178 4208 438 4279 θεράπων
490 4207 858 4277 Ναυκράτιος,
889 4207 988 4277 τῆς
1040 4206 1257 4277 ἐξορίας
1330 4208 1572 4278 ἀπάρας,
1629 4226 1762 4261 κατ-

180 4302 340 4355 ἔλαϐε
392 4301 454 4353 τὸ
513 4299 827 4363 Βυζάντιον,
872 4300 966 4353 καὶ
1014 4300 1151 4369 πρὸς
1194 4300 1292 4368 τῆς
1341 4298 1610 4369 βασιλίδος
1640 4300 1763 4353 κατ’

180 4394 337 4459 ἀξίαν
353 4391 465 4443 τῶν
487 4391 683 4455 ἄθλων,
718 4392 811 4443 καὶ
842 4391 934 4443 ὑπ’
961 4390 1126 4443 αὑτοῦ
1152 4390 1246 4443 τοῦ
1272 4391 1598 4462 ἀρχιερέως,
1624 4391 1761 4461 μετὰ

182 4485 384 4554 πολλῆς
405 4485 502 4553 τῆς
534 4483 701 4552 τιμῆς
748 4483 1049 4553 nomen;
1084 4485 1112 4536 ό
1150 4484 1419 4554 ἀοέδιμος,
1461 4485 1757 4555 παρακλήι

1863 1996 2013 2051 mitis
2049 1997 2316 2065 in_magni
2345 1995 2526 2051 Elismi
2584 1998 2834 2064 modum,
2878 2000 3122 2070 hospitio
3172 2001 3440 2070 recipere,

1862 2090 2005 2144 haud
2034 2090 2224 2160 procul
2261 2090 2330 2144 ab
2375 2091 2511 2145 urbe
2534 2129 2550 2155 ,
2592 2093 2658 2145 ad
2690 2092 2939 2148 Thracia:
2984 2105 3201 2164 partes,
3242 2095 3445 2149 subur-

1862 2182 2013 2236 bium
2048 2182 2210 2251 plane
2238 2197 2268 2236 a
2304 2183 2481 2238 turbis
2513 2194 2787 2238 semotum
2833 2184 3065 2251 habens,
3109 2186 3237 2240 illud
3289 2187 3448 2241 olIert

1861 2271 2063 2327 Christi
2103 2273 2331 2338 famulo,
2361 2290 2471 2329 rem
2511 2275 2611 2330 rite
2639 2292 2736 2343 pro
2762 2277 3000 2332 nominis
3030 2278 3243 2333 ratione
3264 2280 3448 2348 appel-

1862 2363 2051 2418 lationi
2102 2366 2539 2428 accommodans,
2565 2367 2784 2436 plenum
2835 2368 3212 2423 miSericordia
3243 2386 3449 2424 munus

1864 2471 2029 2526 quam
2068 2472 2351 2527 magnum,
2384 2472 2572 2527 pacem
2607 2459 2890 2523 nimirum,
2928 2461 3004 2514 uti
3029 2477 3057 2515 a
3112 2477 3244 2531 pace
3295 2464 3449 2518 Irrue

1865 2549 2030 2612 dicta,
2066 2563 2171 2601 una
2210 2563 2336 2604 cum
2385 2550 2736 2618 possessione
2773 2552 3045 2620 praebens.
3111 2554 3228 2607 lllic
3266 2554 3450 2623 itaque

1864 2640 2183 2696 demoratus
2221 2650 2323 2704 est,
2369 2642 2749 2696 ltmreticorum
2786 2643 3017 2698 insidias
3041 2644 3259 2698 timens.
3301 2646 3454 2699 l'ost-

1865 2734 2089 2787 modum
2135 2749 2264 2788 vero
2301 2748 2403 2788 suo
2450 2735 2582 2787 illud
2649 2736 2988 2789 monasterio
3019 2736 3233 2791 [innata
3277 2739 3450 2791 dona-

1866 2826 2017 2879 tione
2059 2825 2298 2894 adjecit,
2349 2823 2701 2895 Phirmipolis
2761 2828 3179 2895 appellationem
3222 2830 3446 2885 habens.

1938 2914 2040 2970 Ubi
2070 2930 2237 2985 porro
2264 2914 2598 2984 Theophilus
2633 2916 2906 2987 jamiliem
2944 2918 3191 2984 obiisset,
3234 2934 3452 2989 unoqte

1867 3010 2065 3065 misere
2098 3009 2342 3074 tumulo,
2382 3010 2604 3065 lueresls
2635 3012 2837 3080 pariter
2898 3012 3114 3076 merito,
3144 3013 3286 3080 quod
3336 3014 3455 3066 oxi-

1868 3101 2050 3163 stimo,
2080 3102 2495 3169 circumscripta
2522 3111 2689 3165 esset,
2736 3116 2799 3153 ac
2837 3101 3039 3155 Christi
3090 3117 3283 3156 amans
3314 3118 3452 3157 uxor

1868 3193 1986 3260 ejus
2020 3189 2309 3245 Theodora
2344 3207 2468 3244 cum
2505 3192 2616 3245 lilio
2639 3191 2901 3247 MLchaele
2929 3195 3226 3249 admodum
3250 3196 3451 3264 juvene

1876 3286 2105 3339 Romani
2181 3284 2395 3353 imperii
2458 3300 2639 3337 arcem
2714 3286 3089 3355 suscepisset;
3140 3289 3452 3360 impiusque

1869 3375 2098 3441 Jannes,
2130 3391 2229 3429 ceu
2261 3376 2519 3445 praeludio
2552 3380 2787 3446 quodam
2815 3389 3030 3432 aeterna:
3078 3380 3331 3445 ultionis,
3366 3383 3455 3438 hic

1871 3484 2088 3540 quoque
2119 3470 2519 3523 abdicationem
2552 3486 2581 3523 a
2605 3471 2811 3525 divinis
2848 3474 3075 3527 sortitus
3101 3488 3246 3529 esset
3276 3494 3291 3541 ;
3334 3492 3452 3530 ma-

1872 3579 2121 3633 gnusque
2152 3562 2461 3617 Methodius
2491 3562 2748 3617 Ecclesia:
2783 3566 3154 3633 gubernacula
3210 3569 3450 3637 pontifex

1870 3657 2162 3711 obtineret.
2195 3671 2223 3708 a
2258 3655 2368 3708 Deo
2408 3655 2604 3709 af'llatis
2633 3654 2884 3709 Patribus
2916 3659 2966 3710 in
3004 3676 3170 3713 unum
3203 3661 3451 3717 θοι-ωιιί-

1871 3745 2014 3807 bus,
2070 3744 2284 3796 initium
2335 3744 2525 3798 habuit
2575 3744 2915 3798 orthodoxite
2965 3746 3286 3810 celebritas,
3324 3763 3449 3801 cum

1869 3836 2018 3889 orbis
2042 3835 2153 3905 jam
2200 3836 2335 3890 fines
2384 3837 2653 3891 serenitas
2691 3838 2942 3902 haberet,
2975 3837 3291 3907 Christique
3321 3855 3452 3893 con-

1873 3928 2110 3983 fessor-es
2143 3928 2288 3980 velut
2328 3928 2498 3982 stellae
2556 3929 2804 3997 quaedam
2845 3928 3160 3983 universum
3198 3930 3453 3985 Ecclesia:

1870 4018 2270 4073 ﬁrmamentum
2302 4017 2569 4072 illustrius
2596 4027 2877 4072 ornarent.

1940 4110 2089 4164 Tunc
2143 4112 2300 4179 plane
2350 4112 2515 4164 etiam
2554 4111 2864 4165 communis
2911 4109 3075 4166 Pater
3135 4120 3326 4166 noster
3384 4127 3448 4165 ac

1869 4203 2072 4257 Christi
2110 4201 2346 4257 famulus
2382 4202 2711 4256 Naucratius
2740 4204 2809 4257 ab
2842 4203 3009 4257 exilio
3038 4204 3276 4269 rediens,
3302 4207 3452 4259 venit

1871 4292 2212 4363 Byzantium,
2240 4306 2449 4361 proque
2481 4292 2847 4347 certaminum
2876 4295 3096 4358 merito,
3127 4298 3297 4347 multo
3321 4311 3446 4349 cum

1871 4386 2081 4440 honore
2143 4385 2212 4438 ab
2274 4386 2618 4453 imperatrice
2662 4386 2889 4456 ipsoque
2956 4387 3266 4455 patriarcha
3322 4403 3448 4441 sus-

1869 4492 2064 4552 ceptus
2098 4481 2181 4534 vir
2234 4480 2491 4552 inclytus,
2524 4494 2715 4535 eorum
2750 4493 2965 4551 rogatu,
3003 4496 3177 4536 sacrae
3217 4482 3445 4535 fratrum

184 4595 263 4630 σει
298 4576 531 4641 τούτων,
555 4576 654 4646 τῆς
697 4578 818 4629 κατ’
878 4578 1041 4629 αὐτὸν
1088 4577 1242 4649 ἱερᾶς
1278 4575 1636 4646 ἁδελφότητος
1683 4578 1760 4639 είς

1869 4573 2176 4629 sodalitatis
2206 4573 2258 4626 in
2301 4587 2470 4625 unum
2505 4581 2635 4627 tunc
2688 4584 3053 4644 congregatae,
3079 4574 3131 4627 in
3166 4575 3442 4629 venerabi-

179 4669 347 4721 ταὺτὸ
383 4666 745 4735 συνελθούσης
775 4669 896 4720 τότε
918 4668 977 4719 ἐν
1000 4670 1069 4738 τῇ
1097 4667 1441 4739 εύαγεστάτῃ
1468 4669 1576 4721 τῶν
1604 4670 1768 4722 Στου-

180 4760 293 4812 δίου
354 4760 517 4829 μονῇ,
541 4758 642 4826 τὴν
706 4757 883 4828 ἀρχὴν
936 4758 1420 4829 προσλαμϐάνεται
1455 4775 1468 4788 ⁸
1502 4759 1679 4829 ἤνπερ

184 4853 356 4922 μέγας
389 4850 685 4918 Θεόδωρος,
718 4850 903 4913 πόνοις
947 4850 1165 4912 πολλοῖς
1228 4851 1420 4921 πρώην
1482 4852 1764 4922 ἐκθρέψας

180 4944 477 5014 ἐπλήθυνε,
510 4943 603 4996 καί⁵
626 4944 716 4995 τὸν
738 4943 1007 5012 χιλιοστὸν
1033 4942 1269 5014 ἀριθμὸν
1297 4944 1623 5015 ἐξισωθῆναι
1663 4963 1754 5014 μι-

180 5037 313 5107 κροῦ
338 5037 452 5089 δεῖν
482 5036 582 5104 τὴν
613 5034 826 5105 πληθὺν
852 5036 1248 5092 κατεσκεύασε.
1283 5037 1393 5089 Καὶ
1422 5032 1489 5107 ἦν
1517 5036 1669 5099 αὖθις
1701 5035 1762 5088 τὸ

179 5130 272 5183 τοῦ
324 5126 570 5199 Χριστοῦ
614 5128 866 5199 ποίμνιον
906 5127 1179 5194 νεοθαλές,
1209 5127 1401 5199 ὥσπερ
1443 5146 1527 5193 τις
1578 5132 1761 5201 παρὰ·

1865 4667 2081 4722 ltssimo
2110 4665 2291 4720 Studii
2343 4665 2698 4728 monasterio,
2735 4666 3114 4735 praefecturam
3148 4668 3391 4736 suscepit
3428 4685 3439 4720 :

1863 4775 2028 4830 quam
2084 4760 2302 4829 quidem
2361 4774 2596 4829 magnus
2651 4756 2974 4813 Theodorus
3039 4760 3226 4813 multis
3275 4775 3443 4830 nuper

1863 4851 2144 4907 laboribus
2179 4850 2465 4906 euutriens
2512 4851 2923 4921 adaugensque,
2956 4851 3022 4905 ad
3075 4854 3443 4909 millenarium

1866 4944 1978 4998 fere
2033 4958 2323 4997 numerum
2363 4952 2705 5012 pr0vexe_rat.
2765 4943 3004 5012 Eratque
3052 4961 3248 5001 rursus
3306 4962 3448 5002 novo

1866 5038 2051 5106 vigore
2119 5045 2367 5106 vegetum
2438 5004 2641 5091 Chris'ti
2718 5037 2850 5091 illud
2909 5039 3085 5100 ovile.
3132 5041 3289 5126 νιξιιιικ
3330 5042 3449 5095 cui-

1868 5130 1991 5185 dam
2053 5130 2305 5199 paradiso
2359 5129 2560 5195 simile,
2596 5131 2796 5185 multas
2847 5131 3110 5186 virtutum
3166 5148 3341 5198 rosas,
3383 5149 3449 5187 ac

1446 5272 1694 5328 FRANC.
1724 5270 2111 5329 COMBEFISII
2146 5270 2379 5326 ΝΟΤιΕ.

183 5423 279 5474 rit.
324 5418 575 5474 Fuerunt
600 5432 729 5487 ergo
764 5418 935 5471 sancti
963 5416 1173 5487 Grapti,
1209 5434 1269 5472 ac
1295 5420 1482 5474 vultus
1516 5418 1774 5487 Insculpti

182 5493 574 5555 C‘HIfCSSOI’CS,
639 5504 745 5542 non
811 5487 1099 5552 Moabitae,
1140 5491 1251 5561 _sed
1310 5488 1766 5561 Hierosolymétze,

186 5564 557 5628 undecunque
610 5561 828 5613 tandem
892 5573 1083 5613 eorum
1140 5557 1768 5632 Hierosolymis'genus

186 5643 365 5686 satum
401 5638 571 5683 esset.

254 5702 371 5771 (27)
412 5700 521 5753 Alii
559 5699 826 5754 Joannem
892 5698 1161 5771 scribunt.
1210 5698 1394 5771 Possit
1451 5711 1645 5757 auctor
1696 5704 1766 5758 ita

186 5769 382 5826 nomen
441 5772 783 5833 immutasse,
839 5770 1111 5823 allusioue
1161 5769 1229 5823 ad
1285 5772 1553 5826 celebrem
1614 5775 1765 5828 illum

184 5857 401 5913 magum
437 5840 770 5905 Pharaonis,
799 5856 959 5907 quem
992 5839 1193 5895 Paulus
1230 5839 1399 5912 Moysi
1425 5848 1763 5899 contrarium

1883 5428 2279 5473 commemorat
2309 5416 2350 5472 ll
2387 5416 2627 5472 Timoth.
2661 5434 2758 5490 tu,
2807 5419 2964 5487 cujus
2999 5420 3087 5475 hic
3135 5420 3444 5490 pseudopa-

1873 5490 2133 5551 triarcha,
2175 5504 2366 5558 magus
2399 5490 2512 5558 ipse
2546 5505 2609 5541 ac
2660 5488 3002 5545 facium-osus
3039 5488 3223 5554 homo,
3267 5488 3390 5546 stud
3416 5507 3445 5543 a

1870 5569 2198 5614 sectaretur.
2238 5559 2295 5613 lu
2333 5560 2485 5613 illum
2535 5560 2688 5626 plura
2722 5574 2914 5613 auctor
2950 5562 3190 5615 historiae
3222 5565 3441 5614 institu-

1870 5631 2036 5683 tionis
2067 5630 2174 5683 diei
2208 5628 2330 5683 festi
2365 5629 2719 5699 Orthodoxite
2762 5629 3046 5684 Dominica
3083 5638 3258 5699 prima
3290 5631 3438 5698 Jeju-

1867 5701 2109 5770 niorum,
2130 5715 2291 5770 quem
2314 5698 2620 5770 damus.De
2642 5700 2765 5770 ejus
2784 5698 3125 5757 abdicatione
3143 5710 3197 5756 et
3215 5701 3446 5757 suffecto

1869 5769 1928 5823 S.
1984 5770 2279 5897 Mgiléudio,
2351 5769 2549 5825 Baron.
2607 5769 2684 5826 ex’
2726 5769 3057 5842 Theophane
3126 5774 3447 5843 presbytero

1869 5857 1995 5895 ann.
2144 5880 2157 5894 .

1867 5857 1995 5895 ann.
2033 5857 2157 5895 δη.
