4164 6456
734 431 840 493 903

2183 421 2519 482 ᾹΝΟΝΥΜΙ

3889 421 4000 481 ΟΜ

726 553 965 620 Spiritus
1003 547 1432 606 suaveolentiam
1480 554 1762 616 aspectare
1813 541 2117 597 volentibus
2169 558 2303 611 pra:-

2441 560 2603 605 εισος,
2657 544 2857 612 πολλὴν
2899 545 3010 606 τοῖς
3049 542 3182 614 όρᾷν
3225 541 3567 612 βουλομένοις
3599 543 3696 611 τὴν
3732 541 4000 610 ροδωνίαν

727 655 900 698 stans.

801 844 867 898 At
911 858 1038 897 vero
1075 841 1335 896 Nicolaus
1393 839 1580 902 Pater,
1609 853 1772 907 quam
1813 836 2048 890 amicam
2085 836 2308 890 haberet

731 938 945 1004 longam
979 952 1044 989 ex
1079 935 1472 989 certaminibus
1506 933 1560 985 iu
1592 947 1812 986 carcere
1853 930 2096 999 quietem
2136 929 2310 982 unde-

729 1043 943 1097 quaque
967 1044 1193 1091 venaos,
1228 1043 1400 1095 eaque
1436 1024 1687 1094 quotidie
1719 1033 2102 1090 compunctus.
2134 1034 2310 1088 quan-

729 1137 892 1189 quam
921 1123 1155 1173 maxime
1192 1135 1286 1188 pro
1323 1117 1579 1170 amicitia:
1609 1117 1754 1183 jure,
1789 1116 1998 1183 pariter
2027 1128 2152 1166 cum
2203 1110 2312 1164 fra-

731 1215 910 1268 tribus
943 1212 1275 1266 eou'unorari
1322 1212 1575 1276 volebat;
1611 1207 1756 1262 haud
1797 1217 1977 1260 tamen
2034 1205 2314 1259 sinebatur

732 1304 976 1356 melioris
1031 1303 1254 1365 studio,
1319 1302 1494 1354 amica
1548 1298 1862 1361 solitudine,
1912 1297 2114 1366 jugiter
2158 1296 2313 1350 labo-

733 1409 855 1447 rare
907 1393 1249 1446 desidcraus.
1309 1393 1678 1457 Quamobrem
1745 1389 2040 1459 plurimum
2102 1397 2316 1456 tempus

733 1485 784 1536 in
843 1483 1069 1553 praefato
1095 1485 1397 1537 diversorio
1423 1498 1614 1553 agens,
1661 1486 1838 1536 rarius
1871 1481 1976 1534 huc
2007 1480 2061 1533 in
2093 1479 2313 1532 Patrum

734 1594 794 1632 se
819 1578 1156 1632 consortium
1191 1577 1375 1629 dabat.

803 1706 905 1762 Per
934 1707 982 1760 id
1012 1719 1245 1776 tempus,
1266 1707 1500 1761 illustris
1527 1721 1750 1776 quoque
1789 1721 1852 1760 ac
1913 1707 2112 1760 lastitiaa
2159 1706 2315 1775 plena

736 1799 1022 1852 translatio
1052 1799 1281 1866 contigit
1314 1797 1654 1852 confessoris
1683 1813 1746 1850 ac
1779 1796 1951 1851 sancti
1983 1795 2159 1849 Patris
2217 1813 2316 1848 no-

2409 637 2516 689 τῶν
2553 638 2788 706 ἀρετῶν,
2831 637 2921 690 καὶ
2973 637 3073 706 τὴν
3117 637 3291 708 ὀσμὴν
3335 638 3430 688 τοῦ
3478 637 3794 706 ΙΙνεύματος
3845 653 3998 704 παρ-

2409 732 2690 800 εχόμενον.

2494 849 2551 901 '0
2574 848 2631 900 δὲ
2655 848 2844 917 Πατὴρ
2866 849 2898 917 ὴ
2911 846 3026 917 μῶν
3075 846 3367 908 Νικόλαος,
3397 847 3497 913 τὴν
3539 847 3602 898 ὲκ
3653 844 3762 898 τῶν
3803 843 3990 896 ἄθλων

2410 940 2631 1011 χρονίαν
2661 941 2719 992 ὲν
2747 942 2812 1009 τῇ
2856 941 3048 1009 εἱρκτῇ
3083 939 3240 1006 φίλην
3270 937 3502 1008 ἡσυχίαν
3537 937 3739 989 ἑαυτοῦ
3784 953 4002 988 παντα-

2413 1033 2572 1102 χόθεν
2609 1029 3175 1101 προμνηστευόμενος,
3205 1029 3301 1082 καὶ
3359 1028 3532 1100 ταύτῃ
3578 1026 3701 1079 καθ’
3755 1027 4007 1090 ἑκάστην

2414 1125 2760 1189 νυττόμενος,
2795 1125 2845 1175 εί
2883 1124 2976 1176 καὶ
3017 1125 3084 1176 τὰ
3121 1123 3360 1191 μάλιστα
3395 1123 3547 1192 νόμῳ
3586 1119 3772 1188 φιλίας
3799 1118 4004 1187 ἐπίσης

2414 1218 2528 1276 τοῖς
2570 1215 2820 1283 ἀδελφοῖς
2853 1212 3255 1283 συνδιατρίϐειν
3309 1210 3564 1263 ἐϐούλετο
3596 1227 3610 1240 ο
3650 1209 3765 1261 ἀλλ’
3801 1205 3897 1261 οὖν
3936 1207 4003 1258 οὐ

2417 1310 2664 1376 παρεᾶτο
2699 1307 2775 1377 τῷ
2821 1307 3116 1378 κρείττονι,
3152 1302 3655 1372 συγκακουχεῖσθαι
3681 1304 3747 1372 τῇ
3789 1301 4005 1370 ἠσυχίᾳ.

2415 1400 2500 1452 διὰ
2525 1399 2721 1462 παντὸς
2753 1403 3061 1468 ἐφιέμενος.
3093 1397 3254 1449 Ὀθεν
3285 1397 3352 1448 τὰ
3384 1395 3556 1447 πλείω
3585 1394 3682 1460 τὴν
3715 1391 3999 1458 διαγωγὴν

2418 1491 2552 1561 πρὸς
2596 1491 2676 1562 τῷ
2705 1491 3071 1562 προρῤηθέντι
3108 1489 3444 1558 καταγωγίῳ
3473 1486 3823 1557 ποιούμενος,
3863 1502 4009 1538 σπα-

2421 1588 2543 1647 νίως
2573 1578 2675 1638 ὧδε
2701 1588 2814 1646 τοῖς
2849 1584 3095 1652 Πατράσι
3131 1579 3464 1652 παρέϐαλλε.

2492 1721 2649 1775 Κατὰ
2699 1719 2887 1773 τοῦτον
2926 1718 3018 1770 τὴν
3082 1718 3297 1788 χρόνον,
3329 1717 3423 1768 καὶ
3469 1716 3502 1784 ἡ
3538 1712 3630 1766 τού
3665 1709 4008 1781 ὁμολογητοῦ

2422 1815 2516 1869 καὶ
2558 1814 2708 1866 ὁσίου
2746 1811 2958 1882 Πατρός
3003 1809 3165 1879 ἡμῶν
3206 1809 3485 1878 Θεοδώρου
3522 1804 3864 1872 πανευκλεὴς
3912 1805 4011 1854 καὶ

743 1889 843 1945 stri
878 1888 1151 1942 Theodori
1186 1890 1254 1941 ab
1298 1888 1472 1940 insula
1512 1887 1786 1955 Principe,
1814 1888 1878 1940 ad
1920 1896 2166 1940 nostrum
2221 1888 2317 1940 Ιιοι·

2440 1903 2779 1974 εὐφρόσυνος,
2819 1904 2882 1954 ὲκ
2915 1899 3219 1972 Πριγκίπου
3275 1898 3408 1968 πρὸς
3441 1897 3502 1950 τὸ
3550 1896 3670 1948 καθ’
3712 1896 3859 1963 ἡμᾶς
3905 1910 4011 1958 μοι

739 1984 1174 2042 monasterium,
1234 1981 1557 2049 providente
1613 1981 1858 2050 piissima
1920 1980 2190 2049 Augusta,
2256 1994 2320 2032 ac

740 2089 936 2140 magno
984 2071 1261 2141 pontiﬁce,
1296 2073 1668 2141 universoijue
1713 2072 1970 2126 Ecclesia:
1999 2081 2143 2126 ccetu
2198 2088 2321 2126 con-

737 2173 1052 2216 currente:
1115 2163 1325 2226 fuitque
1403 2163 1638 2232 gloriose
1706 2163 1989 2231 depositus
2059 2164 2318 2233 vigesima

739 2267 892 2310 sexta
950 2254 1220 2320 Januarii,
1249 2256 1408 2324 juxta
1452 2256 1713 2326 inclytum
1767 2271 1830 2309 ac
1877 2255 2115 2309 alllalum
2148 2272 2176 2309 a
2219 2257 2325 2310 Deo

739 2349 859 2416 ejus
912 2363 975 2400 ex
1036 2358 1206 2401 matre
1247 2363 1405 2400 avum
1466 2345 1768 2411 Platouern,
1824 2364 1930 2401 una
1978 2363 2100 2401 cum
2160 2347 2324 2402 fratre

742 2455 806 2494 ac
827 2440 1085 2509 episcopo
1111 2439 1332 2508 Ioseph,
1372 2454 1399 2491 a
1432 2439 1639 2493 dextris
1659 2439 1725 2491 ad
1756 2441 2075 2493 orientalem
2111 2451 2322 2510 partem

741 2532 950 2584 delubri
981 2533 1153 2584 sancti
1176 2530 1577 2594 Prwcursoris;
1615 2547 1724 2598 quo
1756 2531 1946 2599 utique
1982 2531 2122 2594 loco,
2156 2546 2327 2585 sacra:

742 2624 907 2674 etiam
962 2621 1386 2676 victoriosorum
1442 2631 1745 2692 martyrum
1805 2623 2050 2692 reliquiae
2091 2623 2326 2678 condita:

745 2722 896 2767 sunt.

817 2852 1093 2906 Methoilio
1125 2861 1307 2906 autem
1367 2853 1588 2921 pictatis
1639 2851 1929 2908 defensore
1968 2869 2033 2908 ac
2084 2870 2331 2923 praecone

746 2945 814 2999 ad
840 2946 1050 2998 beatam
1086 2945 1232 2997 illam
1267 2956 1470 2999 sortem
1492 2945 1915 3012 commigrante,
1937 2962 2060 2999 cum
2092 2947 2330 3015 lgnatius

749 3040 1078 3108 pontiticalis
1117 3039 1286 3106 apicis
1331 3039 1703 3108 gubernacula
1739 3041 2101 3106 suscepisset.
2148 3038 2328 3092 admi-

752 3129 944 3182 rabilis
994 3115 1084 3182 ille
1115 3130 1410 3197 multisque
1463 3129 1827 3181 certaminum
1865 3129 2088 3182 coronis
2142 3144 2330 3182 revera

2427 1997 2714 2065 ναστήριον
2761 1990 3052 2060 μετάθεσις
3087 1991 3302 2057 γέγονε,
3342 1984 3571 2056 προνοίᾳ
3615 1985 3714 2052 τῆς
3773 1983 4008 2035 εὐσεϐε-

2427 2092 2628 2157 στάτης
2665 2085 3004 2154 Αὐγούστης,
3036 2084 3132 2136 τοῦ
3165 2102 3224 2135 τε
3272 2081 3506 2149 μεγάλου
3558 2077 3886 2149 ἀρχιερέως,
3918 2079 4012 2128 καὶ

2428 2183 2703 2252 συνδρομῇ
2739 2179 2938 2241 παντὸς
2972 2177 3066 2230 τοῦ
3095 2177 3190 2244 τῆς
3249 2173 3576 2242 Ἐκκλησίας
3601 2170 3973 2240 πληρώματος
3994 2183 4006 2196 ·

2427 2274 2746 2335 κατατεθεὶς
2797 2268 3024 2335 ἐνδόξως
3075 2271 3142 2339 τῇ
3178 2269 3316 2339 ἕκτῃ
3367 2267 3462 2319 καὶ
3515 2266 3690 2318 είκάδι
3744 2260 3840 2314 τοῦ
3909 2262 4015 2314 Ἰα-

2428 2367 2678 2436 νουαρίου
2713 2366 2902 2436 μηνὸς,
2935 2364 3072 2432 πρὸς
3093 2362 3170 2431 τῷ
3207 2365 3271 2414 ἐκ
3303 2359 3509 2430 μητρὸς
3536 2356 3703 2410 αὑτοῦ
3734 2356 3867 2419 θείῳ
3895 2355 4013 2406 ἀοι-

2428 2459 2570 2528 δὶμτρ
2623 2459 2716 2510 καὶ
2745 2456 2992 2526 θεοφόρῳ
3026 2454 3297 2516 Πλάτωνι,
3334 2451 3451 2522 ἅμα
3484 2450 3562 2520 τῷ
3615 2448 3865 2515 συγγόνῳ
3918 2445 4017 2496 καὶ

2431 2549 2680 2620 ἀρχιερεῖ
2719 2547 2935 2614 Ἰωσὴφ,
2975 2547 3036 2597 ὲκ
3070 2543 3261 2608 δεξιῶν
3292 2544 3414 2594 κατ’
3445 2538 3711 2601 ἀνατολάς
3743 2535 3840 2590 τοῦ
3878 2551 4017 2605 προσ

2429 2639 2692 2710 δρομικοῦ
2710 2639 2972 2707 τεμένους
2997 2655 3010 2666 ·
3046 2637 3179 2688 ὅπου
3208 2635 3272 2704 δὴ
3304 2634 3396 2686 καὶ
3431 2632 3499 2684 τά
3528 2631 3637 2684 τῶν
3683 2628 4020 2683 καλλινίκων

2437 2732 2732 2804 μαρτύρων
2765 2731 2884 2800 ἱερά
2914 2729 3274 2783 κατάκεινται
3302 2725 3550 2795 λείψανα.

2504 2871 2770 2924 Μεθοδίου
2829 2869 2906 2930 δὲ,
2951 2867 3048 2920 τοῦ
3103 2868 3201 2935 τῆς
3241 2864 3522 2928 εὐσεϐείας
3573 2862 3887 2934 προμάχου,
3925 2860 4026 2912 καὶ

2433 2964 2675 3033 κήρυκος
2715 2961 2852 3030 πρὸς
2880 2961 2980 3031 τὴν
3009 2960 3218 3012 ἐκεῖθεν
3243 2959 3398 3028 λῆξιν
3453 2954 4023 3028 μεταναστεύσαντος,

2434 3055 2530 3107 καὶ
2570 3053 2833 3120 Ίγνατίου
2867 3053 2967 3120 τῆς
2998 3051 3411 3123 ἀρχιερωσύνης
3440 3047 3856 3117 ὑπειλημμένον
3891 3046 4028 3106 τοὺς

2436 3148 2651 3208 οἴακας,
2679 3148 2706 3198 ὁ
2737 3145 3042 3214 θαυμάσιος
3097 3145 3191 3196 καὶ
3230 3141 3530 3202 πολύαθλος
3559 3139 3728 3199 ὅντως
3756 3136 4026 3206 Ναυκρά-

755 3227 992 3291 inciytus
1028 3224 1385 3283 Naucratius,
1424 3223 1635 3275 (lt'CllIl:|
1664 3232 1854 3275 octava
1882 3221 2078 3290 Aprilis
2104 3222 2330 3283 Iliensis,

2440 3256 2571 3300 τιος,
2596 3240 2661 3306 τῇ
2703 3235 3144 3304 ὀκτωκαιδεκάτῃ
3175 3232 3266 3286 τοῦ
3304 3231 3619 3301 Ἀπριλλίου
3677 3226 3870 3296 μηνὸς,
3931 3226 4030 3276 ἐπὶ

754 3319 806 3368 in
869 3317 1107 3383 idipsum
1168 3325 1460 3383 soporatos
1524 3322 1610 3367 est
1689 3313 2152 3381 obdormivitque,
2210 3327 2336 3366 suc-

752 3421 1030 3460 cessorem
1077 3420 1237 3457 suum
1296 3405 1613 3472 relinquens
1677 3405 1892 3459 beatum
1965 3408 2335 3458 confessorem

753 3515 816 3550 ac
873 3500 1041 3552 multa
1112 3512 1331 3565 passum
1387 3495 1606 3550 Patrem
1659 3507 1912 3551 nostrum
1949 3495 2256 3549 Nicolaum.
2290 3496 2338 3548 Is

753 3600 904 3648 vero,
945 3585 1133 3637 animo
1162 3595 1423 3651 reputans
1467 3585 1749 3654 dignitatis
1783 3586 2216 3656 magnitudinem
2277 3602 2340 3639 ac

748 3693 874 3744 -c,us
911 3692 1071 3740 Onus,
1105 3691 1431 3745 semperque
1479 3693 1668 3731 secum
1729 3679 1832 3731 sibi
1888 3679 2338 3732 contubernalem

757 3786 820 3820 ac
852 3771 1208 3822 domestii-am
1239 3769 1496 3822 virtutum
1529 3786 1709 3824 arcem
1737 3772 2102 3824 humilitatem
2139 3771 2339 3834 ferens,

757 3878 878 3914 cam
934 3879 1046 3915 rem
1082 3865 1277 3931 lugens
1314 3863 1545 3916 moleste
1581 3865 1834 3919 habebat.
1879 3864 2092 3920 Ccdcus
2142 3866 2341 3918 nihilo-

761 3957 943 4008 minus
965 3955 1153 4008 mullis
1187 3955 1403 4008 Patrum
1427 3957 1926 4017 obsecratiouimIs.
1953 3973 2073 4011 eam
2107 3959 2347 4011 admittit

760 4047 1194 4109 ordinationem,
1231 4046 1325 4113 qui
1368 4046 1416 4098 id
1469 4050 1690 4116 proprie
1739 4050 2106 4103 humilitatem
2155 4050 2342 4111 sciret,

761 4150 823 4192 ut
877 4156 938 4192 ea
979 4140 1104 4208 quis
1152 4140 1366 4207 potiora
1427 4141 1622 4193 haheat
1667 4157 1788 4208 quae
1840 4143 2027 4195 multis
2069 4143 2344 4206 Videntur,

762 4246 928 4299 quau:
988 4247 1109 4298 qua:
1137 4230 1358 4298 propria
1387 4233 1503 4299 ipse
1533 4233 1814 4284 voluntate
1844 4233 2132 4301 approbat.

835 4367 972 4419 Cum
1010 4377 1192 4420 autem
1249 4367 1471 4419 triennii
1510 4367 1687 4436 spatio
1744 4368 1980 4422 nobilem
2035 4369 2180 4422 illam
2241 4368 2349 4422 fia-

765 4467 910 4510 trum
969 4458 1304 4522 onerariam,
1361 4458 1428 4511 ad
1481 4459 1747 4511 virtutum
1802 4471 2115 4526 crementa,
2180 4462 2347 4514 divini

2438 3328 2498 3379 τὸ
2523 3328 2650 3379 αὐτὸ
2677 3327 2949 3395 ἐκοιμήθη
2977 3326 3072 3379 καὶ
3126 3325 3347 3376 ὕπνωσε
3377 3339 3390 3353 ·
3425 3321 3669 3388 διάδοχον
3698 3315 3898 3372 ἑαυτοῦ
3934 3317 4030 3368 τὸν

2437 3418 2796 3488 ὁμολογητὴν,
2832 3417 2925 3470 καὶ
2962 3416 3230 3469 πολύτλαν
3267 3413 3488 3482 Πατέρα
3547 3408 3900 3463 καταλείπων
3930 3407 4032 3460 Νι-

2440 3512 2654 3564 κόλαον.
2692 3512 2787 3571 Ὃς
2845 3510 2944 3576 τῆς
2973 3509 3129 3574 ἀξίας
3182 3508 3243 3559 τὸ
3301 3504 3552 3574 μέγεθος,
3585 3501 3682 3556 καὶ
3719 3500 3784 3554 τὸ
3820 3498 4033 3566 ταύτης

2443 3603 2697 3671 φορτικὸν
2734 3603 3212 3671 ἀναλογιζόμενος,
3238 3599 3489 3652 σύνοικον
3517 3614 3575 3648 τε
3606 3594 3755 3662 αὖτῷ
3788 3593 3894 3662 τὴν
3918 3592 4035 3644 τῶν

2441 3695 2653 3764 ἀρετῶν
2700 3694 3002 3764 ἀκρόπολιν
3032 3693 3129 3762 τὴν
3170 3692 3505 3745 ταπείνωσιν
3544 3689 3630 3740 ἀεὶ
3661 3686 4035 3753 συνεπιφερό-

2447 3803 2641 3854 μενος,
2693 3783 2978 3853 ἐδυσφόρει
3035 3783 3112 3851 τῷ
3164 3782 3456 3852 πράγματι
3497 3774 4032 3844 κατολοφυρόμενος.

2446 3879 2634 3946 Ὅμως
2659 3875 2884 3938 ὑπείξας
2916 3877 3036 3936 ταῖς
3064 3873 3170 3925 τῶν
3203 3874 3461 3942 Πατέρων
3494 3868 3718 3928 πολλαῖς
3744 3865 4037 3935 παρακλή-

2447 3986 2587 4032 σεσι,
2635 3967 2846 4036 δέχεται
2880 3966 3112 4032 ταυτηνὶ
3159 3965 3258 4033 τὴν
3304 3961 3645 4029 καθίδρυσιν,
3677 3955 3839 4018 είδὼς
3876 3954 4037 4007 τοῦτο

2447 4061 2653 4131 κυρίως
2697 4059 2966 4128 ὑπάρχειν
3008 4056 3364 4113 ταπείνωσιν,
3401 4054 3461 4106 τὸ
3511 4052 3614 4103 ὑπὸ
3663 4050 3776 4102 τῶν
3823 4047 4037 4101 πολλῶν

2448 4152 2583 4221 πρδς
2609 4151 2667 4202 τὸ
2699 4153 2944 4221 κρεῖττον
2977 4148 3070 4200 τοῦ
3101 4147 3236 4220 πρὸς
3259 4146 3288 4198 ὃ
3318 4145 3424 4211 ἔξω
3456 4143 3547 4196 τοῦ
3591 4137 3904 4210 θελήματος
3935 4138 4039 4207 ψη-

2450 4241 2766 4308 φιζόμενον.

2535 4373 2656 4425 Ἐπὶ
2679 4371 2870 4441 τριετῆ
2909 4372 2966 4425 δὲ
2996 4371 3186 4442 χρόνον
3216 4369 3509 4442 εὐπρεπῶς
3542 4370 3681 4435 ἄγαν
3713 4367 4040 4438 τὴν-τιμίαν

2451 4465 2561 4516 τῶν
2606 4463 2852 4532 ἀδελφῶν
2879 4463 3081 4517 ὁλκάδα
3127 4463 3326 4530 μᾶλλον
3359 4460 3496 4532 πρὸς
3533 4460 3633 4528 τὴν
3671 4458 3781 4511 τῶν
3822 4456 4042 4526 ἀρετῶν

769 4549 1012 4618 Spiritus
1041 4548 1416 4617 aspir-antibus
1446 4549 1621 4613 auris,
1657 4551 1884 4604 honeste
1929 4551 2226 4606 admodum
2263 4552 2337 4605 di-

2455 4552 2792 4622 ἐπανάληψιν
2828 4554 2948 4616 ταῖς
2970 4553 3064 4606 τοῦ
3098 4550 3413 4621 Πνεύματος
3449 4549 3644 4619 αὖραις
3699 4545 4042 4610 οἰακίζεσθαι

769 4639 1003 4691 rexisset
1023 4639 1187 4706 ,quod
1217 4639 1391 4707 plane,
1411 4640 1486 4691 uti
1517 4639 1628 4708 jam
1655 4655 1836 4694 sermo
1855 4641 2062 4709 liquido
2089 4644 2348 4703 ostendit,

770 4730 972 4796 quietis
1002 4745 1216 4794 amans,
1251 4739 1308 4782 ut
1338 4731 1462 4798 quis
1484 4732 1642 4793 alios,
1675 4744 1844 4794 esset,
1874 4746 2050 4801 eoque
2079 4733 2353 4789 desiderio

772 4821 1148 4875 vehementius
1199 4822 1477 4883 incensus,
1511 4823 1653 4874 haud
1702 4824 1843 4877 ultra
1876 4825 2175 4892 quatientia
2205 4828 2354 4896 cogi-

777 4914 1255 4980 tationumjacula
1297 4913 1440 4967 ferre
1489 4924 1704 4984 posset;
1746 4915 1837 4968 ubi
1881 4930 2052 4984 pauca
2105 4919 2352 4983 quaada'u

773 5019 838 5058 ea
870 5003 938 5058 de
971 5019 1027 5057 re
1062 5002 1318 5058 l'atribus
1359 5019 1545 5057 coram
1580 5005 1761 5059 habita
1795 5007 2044 5059 oratione
2071 5008 2356 5075 exposuis—

778 5110 892 5164 set;
928 5098 1146 5151 demum
1181 5099 1438 5166 proponit
1490 5100 1583 5167 qui
1636 5099 1752 5167 ejus
1787 5100 1910 5154 loco
1970 5099 2354 5170 praefecturam

779 5203 1033 5260 gesturus
1071 5201 1257 5257 esset,
1290 5191 1660 5260 Sophroiiium
1727 5194 1949 5262 quidem
2011 5195 2254 5260 nomine,
2295 5210 2359 5249 ac

781 5285 1102 5355 presbyterii
1151 5285 1418 5356 dignitate
1452 5286 1867 5356 przel'olgentem
1918 5289 2118 5351 Virum,
2152 5290 2359 5358 quique

783 5375 1145 5428 nihilominus
1212 5377 1598 5445 appellationis
1659 5377 1893 5446 gratiam
1983 5381 2360 5448 temperantia:

785 5475 1092 5538 auginentis
1138 5471 1316 5538 reipsa
1391 5470 1731 5538 obsignaret.
1772 5469 1984 5540 Quippe
2035 5472 2239 5538 ferunt,
2282 5474 2359 5527 uti

784 5577 895 5615 non
959 5578 1080 5617 raro
1144 5564 1293 5632 loqui
1356 5565 1558 5616 accidit
1613 5565 1847 5634 quadam
1903 5565 2258 5634 simplicitate
2301 5583 2366 5621 ac

783 5657 1043 5716 candore,
1075 5656 1250 5724 ipsum
1277 5655 1346 5710 de
1375 5672 1433 5710 se
1461 5657 1576 5725 ipso
1595 5659 1810 5710 beatum
1847 5659 2025 5711 virum
2055 5658 2123 5712 ad
2149 5659 2364 5714 audito-

789 5765 909 5803 rum
960 5751 1249 5803 utilitatem
1301 5753 1630 5820 quandoque
1659 5752 1914 5815 ﬂixisse,
1954 5768 2239 5822 utinquam
2284 5769 2364 5815 se,

787 5845 858 5896 ab
900 5859 966 5898 eo
1018 5855 1261 5914 tempore
1295 5859 1406 5913 quo
1452 5846 1705 5900 monachi
1770 5844 2018 5898 habitum
2074 5845 2364 5912 induisset,

2456 4643 3040 4714 παρασκευασάμενος,
3093 4645 3345 4712 ἐπείπερ,
3370 4642 3446 4704 ὡς
3491 4639 3779 4711 προλαϐὼν
3813 4641 3841 4692 ὁ
3884 4639 4044 4706 λόγος

2456 4738 2712 4806 ἐδήλωσε,
2742 4737 3040 4807 φιλήσυχος
3089 4738 3136 4789 εἶ
3167 4736 3259 4788 καί
3294 4753 3375 4798 τις
3416 4735 3574 4797 ἄλλος
3609 4734 3932 4802 γενόμενος’
3953 4734 4045 4783 ἀἱ

2457 4830 2535 4899 τῷ
2565 4829 2715 4899 πόθῳ
2748 4829 2924 4899 τούτῳ
2957 4830 3191 4898 ἰέμενος,
3218 4829 3402 4880 οὐκέτι
3432 4821 3544 4889 οἷός
3567 4843 3622 4878 τε
3656 4822 3723 4894 ἦν
3746 4824 3855 4875 τῶν
3885 4823 4038 4889 λογι-

2460 4920 2612 4989 σμῶν
2639 4922 2750 4982 τοῖς
2781 4918 2958 4983 τόξοις
2992 4917 3401 4989 κραδαίνεσθαι,
3423 4919 3537 4978 τοῖς
3584 4914 3832 4983 Πατράσι
3873 4913 4054 4981 μικρά

2459 5029 2580 5064 τινα
2623 5011 2756 5080 περὶ
2790 5010 2994 5072 ταύτης
3024 5008 3308 5074 διεξελθὼν
3354 5007 3454 5076 τῆς
3486 5005 3801 5066 ὑποθέσεως
3854 5003 4045 5063 ἓνεκα,

2463 5104 2829 5176 προϐάλλεται
2871 5103 3061 5156 λοιπὸν
3092 5102 3208 5156 ἀντ’
3250 5101 3417 5154 αὐτοῦ
3441 5101 3533 5154 τὸν
3555 5099 3766 5160 τούτοις
3792 5097 4048 5169 καθηγη-

2462 5199 2709 5267 σόμενον,
2754 5197 3058 5266 Σωφρόνιον
3114 5197 3212 5266 μὲν
3264 5193 3763 5264 ἐπονομαζόμενον,
3806 5194 3909 5244 καὶ
3965 5193 4044 5260 τῷ

2463 5290 2557 5343 τοῦ
2595 5290 2995 5362 πρεσϐυτερίου
3029 5288 3553 5357 κατακοσμούμενον
3602 5285 3879 5352 ἀξιώματι
3912 5301 3927 5313 ·
3952 5285 4048 5352 τῆς

2464 5385 2713 5454 κλήσεως
2767 5384 2824 5437 δὲ
2875 5383 2936 5438 τδ
2980 5384 3170 5454 χαρίεν
3228 5385 3294 5452 τῇ
3343 5380 3670 5452 σωφροσύνῃ
3705 5381 3819 5442 τοῖς
3867 5378 4055 5448 ἔργοις

2467 5475 2962 5548 ὲπισφραγίζοντα.
2996 5477 3105 5529 Καὶ
3126 5477 3232 5544 γὰρ
3262 5474 3336 5537 ὠς
3363 5475 3521 5541 λόγος
3554 5473 3665 5542 ἔχει
3698 5475 3828 5542 περὶ
3858 5472 4052 5536 αὐτοῦ,

2465 5566 2553 5624 οἶα
2581 5569 2646 5641 δὴ
2689 5569 2979 5639 συμϐαίνει
3009 5568 3268 5630 πολλάκις
3325 5567 3592 5637 ἁπλότητι
3636 5564 3865 5633 γνώμης
3893 5567 4056 5634 φερόο

2472 5679 2656 5732 μενον,
2693 5661 2856 5714 αὐτὸν
2902 5660 2970 5712 δι’
3006 5659 3201 5714 ἑαυτοῦ
3253 5660 3392 5728 πρὸς
3430 5660 3531 5728 τὴν
3584 5658 3693 5711 τῶν
3741 5657 4053 5710 ἀκουόντων

2471 5755 2729 5823 ἀφέλειαν
2785 5753 3230 5822 ὑποφθέγγεσθαι
3281 5754 3374 5804 τὸν
3404 5752 3695 5823 μακάριον,
3729 5750 3807 5813 ὡς
3850 5749 3944 5813 Ἐξ
3962 5751 4050 5802 ὅτε

2469 5846 2566 5900 τοῦ
2599 5847 2836 5916 μοναχοῦ
2879 5848 2936 5900 τὺ
2977 5849 3162 5919 σχῆμα
3197 5849 3532 5919 ἠμφίεσμαι,
3565 5846 3732 5915 ἄρτου
3758 5844 3793 5914 ἢ
3827 5845 3995 5908 οῐνου,
4019 5843 4051 5908 ἧ
