  <div class='ocr_page' id='page_1' title='image "/cluster/home/n/w/nwhite01/storage/ocr_20150623/105/nnc1.0046980105/460.png"; bbox 0 0 4164 6456; ppageno 0'>
   <div class='ocr_carea' id='block_1_1' title="bbox 212 463 322 524">
    <p class='ocr_par' dir='ltr' id='par_1_1' title="bbox 212 463 322 524">
     <span class='ocr_line' id='line_1_1' title="bbox 212 463 322 524; baseline 0 0"><span class='ocrx_word' id='word_1_1' title='bbox 212 463 322 524; x_wconf 79' lang='lat'><strong>905</strong></span> 
     </span>
    </p>
   </div>
   <div class='ocr_carea' id='block_1_2' title="bbox 1336 464 2362 527">
    <p class='ocr_par' dir='ltr' id='par_1_2' title="bbox 1336 464 2362 527">
     <span class='ocr_line' id='line_1_2' title="bbox 1336 464 2362 527; baseline 0.003 -4"><span class='ocrx_word' id='word_1_2' title='bbox 1336 464 1508 523; x_wconf 80' lang='grc' dir='ltr'>νιΤΑ</span> <span class='ocrx_word' id='word_1_3' title='bbox 1550 466 1607 525; x_wconf 92' lang='lat' dir='ltr'><strong>S.</strong></span> <span class='ocrx_word' id='word_1_4' title='bbox 1654 464 1958 524; x_wconf 79' lang='lat' dir='ltr'><strong>NICOLAI</strong></span> <span class='ocrx_word' id='word_1_5' title='bbox 1994 464 2362 527; x_wconf 74' lang='lat' dir='ltr'><strong>STUDIT.E.</strong></span> 
     </span>
    </p>
   </div>
   <div class='ocr_carea' id='block_1_3' title="bbox 3346 472 3455 535">
    <p class='ocr_par' dir='ltr' id='par_1_3' title="bbox 3346 472 3455 535">
     <span class='ocr_line' id='line_1_3' title="bbox 3346 472 3455 535; baseline -0.009 0"><span class='ocrx_word' id='word_1_6' title='bbox 3346 472 3455 535; x_wconf 77' lang='lat'><strong>906</strong></span> 
     </span>
    </p>
   </div>
   <div class='ocr_carea' id='block_1_4' title="bbox 205 576 1775 656">
    <p class='ocr_par' dir='ltr' id='par_1_4' title="bbox 205 576 1775 648">
     <span class='ocr_line' id='line_1_4' title="bbox 205 576 1775 648; baseline 0.001 -19"><span class='ocrx_word' id='word_1_7' title='bbox 205 578 306 645; x_wconf 75' lang='grc' dir='ltr'>τῆς</span> <span class='ocrx_word' id='word_1_8' title='bbox 339 577 565 631; x_wconf 79' lang='grc' dir='ltr'>οἱασοῦν</span> <span class='ocrx_word' id='word_1_9' title='bbox 595 576 951 644; x_wconf 80' lang='grc' dir='ltr'>λιπαινούσης</span> <span class='ocrx_word' id='word_1_10' title='bbox 1000 578 1203 647; x_wconf 73' lang='grc' dir='ltr'><strong>Ιτροιρῆς</strong></span> <span class='ocrx_word' id='word_1_11' title='bbox 1255 577 1313 629; x_wconf 83' lang='grc' dir='ltr'><strong>ἐν</strong></span> <span class='ocrx_word' id='word_1_12' title='bbox 1368 578 1651 648; x_wconf 81' lang='grc' dir='ltr'>πλησμονῇ</span> <span class='ocrx_word' id='word_1_13' title='bbox 1686 596 1775 645; x_wconf 88' lang='grc' dir='ltr'>γα-</span> 
     </span>
    </p>
   </div>
   <div class='ocr_carea' id='block_1_5' title="bbox 1879 576 3453 656">
    <p class='ocr_par' dir='ltr' id='par_1_5' title="bbox 1893 581 3453 656">
     <span class='ocr_line' id='line_1_5' title="bbox 1893 581 3453 656; baseline 0.006 -25"><span class='ocrx_word' id='word_1_14' title='bbox 1893 581 2085 646; x_wconf 87' lang='lat' dir='ltr'><strong>panis,</strong></span> <span class='ocrx_word' id='word_1_15' title='bbox 2144 591 2238 634; x_wconf 88' lang='lat' dir='ltr'><strong>aut</strong></span> <span class='ocrx_word' id='word_1_16' title='bbox 2280 581 2425 644; x_wconf 91' lang='lat' dir='ltr'><strong>vini,</strong></span> <span class='ocrx_word' id='word_1_17' title='bbox 2486 591 2578 636; x_wconf 87' lang='lat' dir='ltr'><strong>aut</strong></span> <span class='ocrx_word' id='word_1_18' title='bbox 2618 582 2867 652; x_wconf 79' lang='lat' dir='ltr'><strong>cujusvis</strong></span> <span class='ocrx_word' id='word_1_19' title='bbox 2919 584 3144 639; x_wconf 98' lang='lat' dir='ltr'><strong>alterius</strong></span> <span class='ocrx_word' id='word_1_20' title='bbox 3204 585 3312 640; x_wconf 88' lang='lat' dir='ltr'><strong>cibi</strong></span> <span class='ocrx_word' id='word_1_21' title='bbox 3362 588 3453 656; x_wconf 88' lang='lat' dir='ltr'><strong>qui</strong></span> 
     </span>
    </p>
   </div>
   <div class='ocr_carea' id='block_1_6' title="bbox 204 673 731 743">
    <p class='ocr_par' dir='ltr' id='par_1_6' title="bbox 204 673 731 743">
     <span class='ocr_line' id='line_1_6' title="bbox 204 673 731 743; baseline 0.002 -19"><span class='ocrx_word' id='word_1_22' title='bbox 204 674 370 741; x_wconf 79' lang='grc' dir='ltr'>ατρὸς</span> <span class='ocrx_word' id='word_1_23' title='bbox 406 673 731 743; x_wconf 76' lang='grc' dir='ltr'><strong>γεγένημαι.</strong></span> 
     </span>
    </p>
   </div>
   <div class='ocr_carea' id='block_1_7' title="bbox 282 857 1783 938">
    <p class='ocr_par' dir='ltr' id='par_1_7' title="bbox 282 857 1783 938">
     <span class='ocr_line' id='line_1_7' title="bbox 282 857 1783 938; baseline 0.007 -28"><span class='ocrx_word' id='word_1_24' title='bbox 282 857 488 911; x_wconf 82' lang='grc' dir='ltr'>Τοῦτον</span> <span class='ocrx_word' id='word_1_25' title='bbox 544 860 668 933; x_wconf 74' lang='grc' dir='ltr'><strong>[Ιεθ.</strong></span> <span class='ocrx_word' id='word_1_26' title='bbox 712 861 913 935; x_wconf 84' lang='grc' dir='ltr'>τούτῳ]</span> <span class='ocrx_word' id='word_1_27' title='bbox 942 863 1125 917; x_wconf 79' lang='grc' dir='ltr'>τοίνυν</span> <span class='ocrx_word' id='word_1_28' title='bbox 1153 863 1289 935; x_wconf 80' lang='grc' dir='ltr'>πρὸς</span> <span class='ocrx_word' id='word_1_29' title='bbox 1345 865 1437 918; x_wconf 81' lang='grc' dir='ltr'>τοῦ</span> <span class='ocrx_word' id='word_1_30' title='bbox 1480 867 1783 938; x_wconf 78' lang='grc' dir='ltr'><strong>ἀρχιερέως</strong></span> 
     </span>
    </p>
   </div>
   <div class='ocr_carea' id='block_1_8' title="bbox 205 951 1781 1025">
    <p class='ocr_par' dir='ltr' id='par_1_8' title="bbox 205 951 1781 1025">
     <span class='ocr_line' id='line_1_8' title="bbox 205 951 1781 1025; baseline 0.008 -25"><span class='ocrx_word' id='word_1_31' title='bbox 205 951 537 1020; x_wconf 69' lang='grc' dir='ltr'>καταλείψας</span> <span class='ocrx_word' id='word_1_32' title='bbox 569 954 631 1004; x_wconf 77' lang='grc' dir='ltr'><strong>το</strong></span> <span class='ocrx_word' id='word_1_33' title='bbox 670 954 942 1024; x_wconf 84' lang='grc' dir='ltr'><strong>ποίμνιον,</strong></span> <span class='ocrx_word' id='word_1_34' title='bbox 985 958 1013 1008; x_wconf 98' lang='lat'><strong>6</strong></span> <span class='ocrx_word' id='word_1_35' title='bbox 1045 956 1305 1019; x_wconf 85' lang='grc' dir='ltr'>πανόσιος</span> <span class='ocrx_word' id='word_1_36' title='bbox 1339 960 1497 1023; x_wconf 71' lang='grc' dir='ltr'>αὐτὸς</span> <span class='ocrx_word' id='word_1_37' title='bbox 1529 960 1781 1025; x_wconf 82' lang='grc' dir='ltr'>ἐξελθὼν,</span> 
     </span>
    </p>
   </div>
   <div class='ocr_carea' id='block_1_9' title="bbox 204 1042 1782 1121">
    <p class='ocr_par' dir='ltr' id='par_1_9' title="bbox 204 1042 1782 1121">
     <span class='ocr_line' id='line_1_9' title="bbox 204 1042 1782 1121; baseline 0.009 -29"><span class='ocrx_word' id='word_1_38' title='bbox 204 1044 263 1092; x_wconf 82' lang='grc' dir='ltr'>ἐν</span> <span class='ocrx_word' id='word_1_39' title='bbox 294 1042 373 1112; x_wconf 82' lang='grc' dir='ltr'>τῷ</span> <span class='ocrx_word' id='word_1_40' title='bbox 402 1046 771 1115; x_wconf 75' lang='grc' dir='ltr'>προρρηθέντι</span> <span class='ocrx_word' id='word_1_41' title='bbox 803 1048 1136 1119; x_wconf 75' lang='grc' dir='ltr'><strong>καταγωγίῳ</strong></span> <span class='ocrx_word' id='word_1_42' title='bbox 1167 1051 1264 1118; x_wconf 78' lang='grc' dir='ltr'>τῆς</span> <span class='ocrx_word' id='word_1_43' title='bbox 1308 1052 1516 1121; x_wconf 84' lang='grc' dir='ltr'>Φίρμου</span> <span class='ocrx_word' id='word_1_44' title='bbox 1572 1054 1782 1116; x_wconf 84' lang='grc' dir='ltr'>πόλεως</span> 
     </span>
    </p>
   </div>
   <div class='ocr_carea' id='block_1_10' title="bbox 202 1132 1783 1214">
    <p class='ocr_par' dir='ltr' id='par_1_10' title="bbox 202 1132 1783 1214">
     <span class='ocr_line' id='line_1_10' title="bbox 202 1132 1783 1214; baseline 0.009 -32"><span class='ocrx_word' id='word_1_45' title='bbox 202 1132 518 1195; x_wconf 75' lang='grc' dir='ltr'><strong>ἐκαθέζετο.</strong></span> <span class='ocrx_word' id='word_1_46' title='bbox 553 1136 750 1189; x_wconf 81' lang='grc' dir='ltr'>Ἦδετο</span> <span class='ocrx_word' id='word_1_47' title='bbox 771 1138 879 1207; x_wconf 82' lang='grc' dir='ltr'>γὰρ</span> <span class='ocrx_word' id='word_1_48' title='bbox 910 1138 987 1207; x_wconf 83' lang='grc' dir='ltr'><strong>τῷ</strong></span> <span class='ocrx_word' id='word_1_49' title='bbox 1014 1140 1188 1210; x_wconf 84' lang='grc' dir='ltr'>τόπῳ,</span> <span class='ocrx_word' id='word_1_50' title='bbox 1231 1143 1321 1192; x_wconf 74' lang='grc' dir='ltr'>τὸν</span> <span class='ocrx_word' id='word_1_51' title='bbox 1344 1144 1547 1212; x_wconf 80' lang='grc' dir='ltr'>τρόπον</span> <span class='ocrx_word' id='word_1_52' title='bbox 1582 1145 1783 1214; x_wconf 75' lang='grc' dir='ltr'>μᾶλλον</span> 
     </span>
    </p>
   </div>
   <div class='ocr_carea' id='block_1_11' title="bbox 200 1222 1783 1306">
    <p class='ocr_par' dir='ltr' id='par_1_11' title="bbox 200 1222 1783 1306">
     <span class='ocr_line' id='line_1_11' title="bbox 200 1222 1783 1306; baseline 0.01 -32"><span class='ocrx_word' id='word_1_53' title='bbox 200 1224 270 1275; x_wconf 81' lang='grc' dir='ltr'>δι’</span> <span class='ocrx_word' id='word_1_54' title='bbox 328 1222 500 1297; x_wconf 71' lang='grc' dir='ltr'>οὗπερ</span> <span class='ocrx_word' id='word_1_55' title='bbox 553 1231 580 1280; x_wconf 92' lang='lat'><strong>6</strong></span> <span class='ocrx_word' id='word_1_56' title='bbox 630 1230 794 1293; x_wconf 84' lang='grc' dir='ltr'>τόπος</span> <span class='ocrx_word' id='word_1_57' title='bbox 838 1237 1135 1301; x_wconf 79' lang='grc' dir='ltr'>κατασχεῖν</span> <span class='ocrx_word' id='word_1_58' title='bbox 1182 1235 1559 1306; x_wconf 69' lang='grc' dir='ltr'>ἐπειγόμενος.</span> <span class='ocrx_word' id='word_1_59' title='bbox 1627 1238 1783 1291; x_wconf 73' lang='grc' dir='ltr'>Ἀλλὰ</span> 
     </span>
    </p>
   </div>
   <div class='ocr_carea' id='block_1_12' title="bbox 198 1314 1784 1397">
    <p class='ocr_par' dir='ltr' id='par_1_12' title="bbox 198 1314 1784 1397">
     <span class='ocr_line' id='line_1_12' title="bbox 198 1314 1784 1397; baseline 0.012 -33"><span class='ocrx_word' id='word_1_60' title='bbox 198 1314 297 1366; x_wconf 84' lang='grc' dir='ltr'>τοῦ</span> <span class='ocrx_word' id='word_1_61' title='bbox 332 1319 579 1388; x_wconf 77' lang='grc' dir='ltr'>ἀοιδίμου</span> <span class='ocrx_word' id='word_1_62' title='bbox 629 1323 940 1391; x_wconf 83' lang='grc' dir='ltr'>Σωφρονίου</span> <span class='ocrx_word' id='word_1_63' title='bbox 970 1324 1151 1387; x_wconf 84' lang='grc' dir='ltr'>καλῶς</span> <span class='ocrx_word' id='word_1_64' title='bbox 1181 1329 1280 1396; x_wconf 81' lang='grc' dir='ltr'>τὴν</span> <span class='ocrx_word' id='word_1_65' title='bbox 1315 1328 1481 1397; x_wconf 80' lang='grc' dir='ltr'>μονὴν</span> <span class='ocrx_word' id='word_1_66' title='bbox 1531 1331 1621 1381; x_wconf 69' lang='grc' dir='ltr'><strong>ἐπὶ</strong></span> <span class='ocrx_word' id='word_1_67' title='bbox 1659 1333 1784 1383; x_wconf 83' lang='grc' dir='ltr'>τέσ-</span> 
     </span>
    </p>
   </div>
   <div class='ocr_carea' id='block_1_13' title="bbox 201 1413 1785 1494">
    <p class='ocr_par' dir='ltr' id='par_1_13' title="bbox 201 1413 1785 1494">
     <span class='ocr_line' id='line_1_13' title="bbox 201 1413 1785 1494; baseline 0.021 -36"><span class='ocrx_word' id='word_1_68' title='bbox 201 1423 382 1475; x_wconf 78' lang='grc' dir='ltr'>σαρας</span> <span class='ocrx_word' id='word_1_69' title='bbox 423 1413 649 1481; x_wconf 79' lang='grc' dir='ltr'>χρόνους</span> <span class='ocrx_word' id='word_1_70' title='bbox 694 1414 1057 1483; x_wconf 71' lang='grc' dir='ltr'>αὐξήσαντος,</span> <span class='ocrx_word' id='word_1_71' title='bbox 1094 1419 1189 1470; x_wconf 71' lang='grc' dir='ltr'><strong>καὶ</strong></span> <span class='ocrx_word' id='word_1_72' title='bbox 1250 1420 1418 1489; x_wconf 83' lang='grc' dir='ltr'>γέρας</span> <span class='ocrx_word' id='word_1_73' title='bbox 1480 1422 1577 1489; x_wconf 77' lang='grc' dir='ltr'><strong>τῆς</strong></span> <span class='ocrx_word' id='word_1_74' title='bbox 1629 1425 1785 1494; x_wconf 76' lang='grc' dir='ltr'>ἀγχι-</span> 
     </span>
    </p>
   </div>
   <div class='ocr_carea' id='block_1_14' title="bbox 199 1502 1781 1587">
    <p class='ocr_par' dir='ltr' id='par_1_14' title="bbox 199 1502 1781 1587">
     <span class='ocr_line' id='line_1_14' title="bbox 199 1502 1781 1587; baseline 0.011 -38"><span class='ocrx_word' id='word_1_75' title='bbox 199 1502 349 1563; x_wconf 82' lang='grc' dir='ltr'>νοίας</span> <span class='ocrx_word' id='word_1_76' title='bbox 370 1504 466 1571; x_wconf 75' lang='grc' dir='ltr'>τὴν</span> <span class='ocrx_word' id='word_1_77' title='bbox 493 1506 859 1575; x_wconf 79' lang='grc' dir='ltr'>ἁγαθοεργίαν</span> <span class='ocrx_word' id='word_1_78' title='bbox 914 1510 1483 1581; x_wconf 80' lang='grc' dir='ltr'>καταπλουτήσαντος.</span> <span class='ocrx_word' id='word_1_79' title='bbox 1512 1517 1605 1566; x_wconf 79' lang='grc' dir='ltr'>καὶ</span> <span class='ocrx_word' id='word_1_80' title='bbox 1625 1519 1781 1587; x_wconf 82' lang='grc' dir='ltr'>τρίτῃ</span> 
     </span>
    </p>
   </div>
   <div class='ocr_carea' id='block_1_15' title="bbox 196 1588 1780 1674">
    <p class='ocr_par' dir='ltr' id='par_1_15' title="bbox 196 1588 1780 1674">
     <span class='ocr_line' id='line_1_15' title="bbox 196 1588 1780 1674; baseline 0.01 -29"><span class='ocrx_word' id='word_1_81' title='bbox 196 1595 292 1646; x_wconf 75' lang='grc' dir='ltr'>τοῦ</span> <span class='ocrx_word' id='word_1_82' title='bbox 339 1588 652 1665; x_wconf 77' lang='grc' dir='ltr'>Νοεμϐρίου</span> <span class='ocrx_word' id='word_1_83' title='bbox 685 1600 824 1669; x_wconf 80' lang='grc' dir='ltr'>πρὸς</span> <span class='ocrx_word' id='word_1_84' title='bbox 868 1602 1075 1671; x_wconf 80' lang='grc' dir='ltr'>Κύριον</span> <span class='ocrx_word' id='word_1_85' title='bbox 1114 1603 1555 1674; x_wconf 81' lang='grc' dir='ltr'>ἐκδημήσαντος,</span> <span class='ocrx_word' id='word_1_86' title='bbox 1588 1608 1639 1659; x_wconf 85' lang='grc' dir='ltr'>οἱ</span> <span class='ocrx_word' id='word_1_87' title='bbox 1671 1609 1780 1661; x_wconf 84' lang='grc' dir='ltr'><strong>τῶν</strong></span> 
     </span>
    </p>
   </div>
   <div class='ocr_carea' id='block_1_16' title="bbox 200 1687 1781 1770">
    <p class='ocr_par' dir='ltr' id='par_1_16' title="bbox 200 1687 1781 1770">
     <span class='ocr_line' id='line_1_16' title="bbox 200 1687 1781 1770; baseline 0.012 -34"><span class='ocrx_word' id='word_1_88' title='bbox 200 1687 451 1756; x_wconf 81' lang='grc' dir='ltr'>μοναχῶν</span> <span class='ocrx_word' id='word_1_89' title='bbox 491 1689 858 1762; x_wconf 72' lang='grc' dir='ltr'>φιλοπάτορες</span> <span class='ocrx_word' id='word_1_90' title='bbox 896 1695 1083 1747; x_wconf 86' lang='grc' dir='ltr'>ούκέτι</span> <span class='ocrx_word' id='word_1_91' title='bbox 1114 1696 1327 1764; x_wconf 81' lang='grc' dir='ltr'>στέγειν</span> <span class='ocrx_word' id='word_1_92' title='bbox 1360 1699 1650 1766; x_wconf 78' lang='grc' dir='ltr'>δυνάμενοι</span> <span class='ocrx_word' id='word_1_93' title='bbox 1681 1703 1781 1770; x_wconf 73' lang='grc' dir='ltr'>τὴν</span> 
     </span>
    </p>
   </div>
   <div class='ocr_carea' id='block_1_17' title="bbox 194 1778 1781 1862">
    <p class='ocr_par' dir='ltr' id='par_1_17' title="bbox 194 1778 1781 1862">
     <span class='ocr_line' id='line_1_17' title="bbox 194 1778 1781 1862; baseline 0.011 -35"><span class='ocrx_word' id='word_1_94' title='bbox 194 1778 291 1829; x_wconf 74' lang='grc' dir='ltr'>τοῦ</span> <span class='ocrx_word' id='word_1_95' title='bbox 317 1780 467 1832; x_wconf 85' lang='grc' dir='ltr'>ὁσίου</span> <span class='ocrx_word' id='word_1_96' title='bbox 492 1781 785 1847; x_wconf 77' lang='grc' dir='ltr'>διάζευξιν,</span> <span class='ocrx_word' id='word_1_97' title='bbox 810 1785 947 1855; x_wconf 67' lang='grc' dir='ltr'>πρὸς</span> <span class='ocrx_word' id='word_1_98' title='bbox 974 1785 1035 1838; x_wconf 83' lang='grc' dir='ltr'><strong>τὸ</strong></span> <span class='ocrx_word' id='word_1_99' title='bbox 1057 1788 1254 1840; x_wconf 83' lang='grc' dir='ltr'>οἰκεῖον</span> <span class='ocrx_word' id='word_1_100' title='bbox 1269 1790 1416 1858; x_wconf 84' lang='grc' dir='ltr'>αὐτῷ</span> <span class='ocrx_word' id='word_1_101' title='bbox 1433 1794 1530 1861; x_wconf 77' lang='grc' dir='ltr'><strong>τῆς</strong></span> <span class='ocrx_word' id='word_1_102' title='bbox 1552 1793 1781 1862; x_wconf 78' lang='grc' dir='ltr'>ἡσυχίας</span> 
     </span>
    </p>
   </div>
   <div class='ocr_carea' id='block_1_18' title="bbox 196 1870 1782 1953">
    <p class='ocr_par' dir='ltr' id='par_1_18' title="bbox 196 1870 1782 1953">
     <span class='ocr_line' id='line_1_18' title="bbox 196 1870 1782 1953; baseline 0.014 -35"><span class='ocrx_word' id='word_1_103' title='bbox 196 1870 515 1937; x_wconf 76' lang='grc' dir='ltr'>ἀπάραντες</span> <span class='ocrx_word' id='word_1_104' title='bbox 548 1874 892 1945; x_wconf 78' lang='grc' dir='ltr'>ἐνδιαίτημα,</span> <span class='ocrx_word' id='word_1_105' title='bbox 934 1879 1025 1930; x_wconf 78' lang='grc' dir='ltr'><strong>ὲπὶ</strong></span> <span class='ocrx_word' id='word_1_106' title='bbox 1048 1879 1144 1950; x_wconf 78' lang='grc' dir='ltr'>τὴν</span> <span class='ocrx_word' id='word_1_107' title='bbox 1166 1881 1337 1934; x_wconf 80' lang='grc' dir='ltr'>πειθὼ</span> <span class='ocrx_word' id='word_1_108' title='bbox 1356 1883 1453 1951; x_wconf 87' lang='grc' dir='ltr'><strong>τῆς</strong></span> <span class='ocrx_word' id='word_1_109' title='bbox 1494 1884 1670 1953; x_wconf 84' lang='grc' dir='ltr'>ἀρχῆς</span> <span class='ocrx_word' id='word_1_110' title='bbox 1706 1887 1782 1948; x_wconf 82' lang='grc' dir='ltr'>ὡς</span> 
     </span>
    </p>
   </div>
   <div class='ocr_carea' id='block_1_19' title="bbox 197 1960 1779 2042">
    <p class='ocr_par' dir='ltr' id='par_1_19' title="bbox 197 1960 1779 2042">
     <span class='ocr_line' id='line_1_19' title="bbox 197 1960 1779 2042; baseline 0.011 -35"><span class='ocrx_word' id='word_1_111' title='bbox 197 1960 517 2023; x_wconf 72' lang='grc' dir='ltr'>φιλότεκνον</span> <span class='ocrx_word' id='word_1_112' title='bbox 574 1963 670 2015; x_wconf 75' lang='grc' dir='ltr'>καὶ</span> <span class='ocrx_word' id='word_1_113' title='bbox 728 1964 887 2027; x_wconf 82' lang='grc' dir='ltr'>αὖθις</span> <span class='ocrx_word' id='word_1_114' title='bbox 948 1966 1136 2020; x_wconf 79' lang='grc' dir='ltr'>τοῦτον</span> <span class='ocrx_word' id='word_1_115' title='bbox 1180 1969 1531 2035; x_wconf 83' lang='grc' dir='ltr'>ἑλκύσαντες,</span> <span class='ocrx_word' id='word_1_116' title='bbox 1590 1973 1647 2023; x_wconf 80' lang='grc' dir='ltr'>ἐν</span> <span class='ocrx_word' id='word_1_117' title='bbox 1702 1972 1779 2042; x_wconf 85' lang='grc' dir='ltr'>τῷ</span> 
     </span>
    </p>
   </div>
   <div class='ocr_carea' id='block_1_20' title="bbox 199 2052 1781 2131">
    <p class='ocr_par' dir='ltr' id='par_1_20' title="bbox 199 2052 1781 2131">
     <span class='ocr_line' id='line_1_20' title="bbox 199 2052 1781 2131; baseline 0.011 -33"><span class='ocrx_word' id='word_1_118' title='bbox 199 2052 550 2120; x_wconf 79' lang='grc' dir='ltr'>μοναστηρίῳ</span> <span class='ocrx_word' id='word_1_119' title='bbox 609 2056 936 2126; x_wconf 84' lang='grc' dir='ltr'>εἰσήνεγκαν</span> <span class='ocrx_word' id='word_1_120' title='bbox 960 2073 974 2088; x_wconf 84' lang='grc'><em>’</em></span> <span class='ocrx_word' id='word_1_121' title='bbox 1009 2061 1103 2111; x_wconf 77' lang='grc' dir='ltr'>καὶ</span> <span class='ocrx_word' id='word_1_122' title='bbox 1149 2055 1216 2130; x_wconf 78' lang='grc' dir='ltr'>ἦν</span> <span class='ocrx_word' id='word_1_123' title='bbox 1268 2062 1295 2112; x_wconf 90' lang='lat'><strong>6</strong></span> <span class='ocrx_word' id='word_1_124' title='bbox 1326 2061 1516 2131; x_wconf 75' lang='grc' dir='ltr'>Πατὴρ</span> <span class='ocrx_word' id='word_1_125' title='bbox 1541 2065 1655 2126; x_wconf 83' lang='grc' dir='ltr'>τοῖς</span> <span class='ocrx_word' id='word_1_126' title='bbox 1693 2065 1781 2116; x_wconf 79' lang='grc' dir='ltr'><strong>τέ-</strong></span> 
     </span>
    </p>
   </div>
   <div class='ocr_carea' id='block_1_21' title="bbox 194 2143 1341 2220">
    <p class='ocr_par' dir='ltr' id='par_1_21' title="bbox 194 2143 1341 2220">
     <span class='ocr_line' id='line_1_21' title="bbox 194 2143 1341 2220; baseline 0.013 -31"><span class='ocrx_word' id='word_1_127' title='bbox 194 2156 342 2202; x_wconf 78' lang='grc' dir='ltr'>κνοις</span> <span class='ocrx_word' id='word_1_128' title='bbox 368 2143 493 2195; x_wconf 80' lang='grc' dir='ltr'>καθ’</span> <span class='ocrx_word' id='word_1_129' title='bbox 540 2146 780 2218; x_wconf 68' lang='grc' dir='ltr'>ἑκάστην</span> <span class='ocrx_word' id='word_1_130' title='bbox 820 2150 1341 2220; x_wconf 76' lang='grc' dir='ltr'>ἐπευφραινόμενος.</span> 
     </span>
    </p>
   </div>
   <div class='ocr_carea' id='block_1_22' title="bbox 262 2234 1778 2315">
    <p class='ocr_par' dir='ltr' id='par_1_22' title="bbox 262 2234 1778 2315">
     <span class='ocr_line' id='line_1_22' title="bbox 262 2234 1778 2315; baseline 0.01 -31"><span class='ocrx_word' id='word_1_131' title='bbox 262 2234 568 2303; x_wconf 75' lang='grc' dir='ltr'>Τοιγαροῦν</span> <span class='ocrx_word' id='word_1_132' title='bbox 627 2241 725 2308; x_wconf 81' lang='grc' dir='ltr'>τῆς</span> <span class='ocrx_word' id='word_1_133' title='bbox 774 2241 1112 2310; x_wconf 78' lang='grc' dir='ltr'>φερωνύμως</span> <span class='ocrx_word' id='word_1_134' title='bbox 1179 2244 1253 2306; x_wconf 80' lang='grc' dir='ltr'>ὠς</span> <span class='ocrx_word' id='word_1_135' title='bbox 1314 2244 1488 2313; x_wconf 76' lang='grc' dir='ltr'>δῶρον</span> <span class='ocrx_word' id='word_1_136' title='bbox 1548 2248 1612 2315; x_wconf 80' lang='grc' dir='ltr'>τῇ</span> <span class='ocrx_word' id='word_1_137' title='bbox 1682 2246 1778 2299; x_wconf 80' lang='grc' dir='ltr'>τοῦ</span> 
     </span>
    </p>
   </div>
   <div class='ocr_carea' id='block_1_23' title="bbox 195 2324 1774 2407">
    <p class='ocr_par' dir='ltr' id='par_1_23' title="bbox 195 2324 1774 2407">
     <span class='ocr_line' id='line_1_23' title="bbox 195 2324 1774 2407; baseline 0.009 -32"><span class='ocrx_word' id='word_1_138' title='bbox 195 2324 435 2392; x_wconf 79' lang='grc' dir='ltr'>Χριστοῦ</span> <span class='ocrx_word' id='word_1_139' title='bbox 469 2326 766 2399; x_wconf 73' lang='grc' dir='ltr'><strong>Ἐκκλησία</strong></span> <span class='ocrx_word' id='word_1_140' title='bbox 792 2333 1253 2403; x_wconf 76' lang='grc' dir='ltr'>παρασχεοείσης,</span> <span class='ocrx_word' id='word_1_141' title='bbox 1285 2336 1382 2403; x_wconf 83' lang='grc' dir='ltr'><strong>τῆς</strong></span> <span class='ocrx_word' id='word_1_142' title='bbox 1405 2336 1774 2407; x_wconf 74' lang='grc' dir='ltr'>φιλοχρίστου,</span> 
     </span>
    </p>
   </div>
   <div class='ocr_carea' id='block_1_24' title="bbox 194 2416 1780 2497">
    <p class='ocr_par' dir='ltr' id='par_1_24' title="bbox 194 2416 1780 2497">
     <span class='ocr_line' id='line_1_24' title="bbox 194 2416 1780 2497; baseline 0.009 -32"><span class='ocrx_word' id='word_1_143' title='bbox 194 2416 359 2483; x_wconf 73' lang='grc' dir='ltr'>φημὶ,</span> <span class='ocrx_word' id='word_1_144' title='bbox 392 2421 485 2470; x_wconf 76' lang='grc' dir='ltr'><strong>καὶ</strong></span> <span class='ocrx_word' id='word_1_145' title='bbox 508 2422 877 2485; x_wconf 75' lang='grc' dir='ltr'>πανευσεὸοὖς</span> <span class='ocrx_word' id='word_1_146' title='bbox 928 2423 1196 2493; x_wconf 80' lang='grc' dir='ltr'>βασιλίδος</span> <span class='ocrx_word' id='word_1_147' title='bbox 1219 2469 1232 2491; x_wconf 87' lang='grc'><strong><em>,</em></strong></span> <span class='ocrx_word' id='word_1_148' title='bbox 1269 2428 1372 2479; x_wconf 81' lang='grc' dir='ltr'><strong>ὑπὸ</strong></span> <span class='ocrx_word' id='word_1_149' title='bbox 1422 2427 1639 2497; x_wconf 77' lang='grc' dir='ltr'>Μιχαὴλ</span> <span class='ocrx_word' id='word_1_150' title='bbox 1686 2428 1780 2480; x_wconf 62' lang='grc' dir='ltr'>τοῦ</span> 
     </span>
    </p>
   </div>
   <div class='ocr_carea' id='block_1_25' title="bbox 198 2509 1777 2588">
    <p class='ocr_par' dir='ltr' id='par_1_25' title="bbox 198 2509 1777 2588">
     <span class='ocr_line' id='line_1_25' title="bbox 198 2509 1777 2588; baseline 0.009 -31"><span class='ocrx_word' id='word_1_151' title='bbox 198 2509 399 2577; x_wconf 78' lang='grc' dir='ltr'>ἑαυτῆς</span> <span class='ocrx_word' id='word_1_152' title='bbox 422 2510 538 2563; x_wconf 81' lang='grc' dir='ltr'><strong>υἱοῦ</strong></span> <span class='ocrx_word' id='word_1_153' title='bbox 570 2512 670 2583; x_wconf 66' lang='grc' dir='ltr'>ἤδη</span> <span class='ocrx_word' id='word_1_154' title='bbox 703 2513 889 2567; x_wconf 76' lang='grc' dir='ltr'>λοιπὸν</span> <span class='ocrx_word' id='word_1_155' title='bbox 915 2516 984 2569; x_wconf 78' lang='grc' dir='ltr'>τὰ</span> <span class='ocrx_word' id='word_1_156' title='bbox 1016 2518 1114 2587; x_wconf 82' lang='grc' dir='ltr'><strong>τῆς</strong></span> <span class='ocrx_word' id='word_1_157' title='bbox 1153 2519 1477 2588; x_wconf 77' lang='grc' dir='ltr'>νηπιότητος</span> <span class='ocrx_word' id='word_1_158' title='bbox 1502 2520 1777 2573; x_wconf 82' lang='grc' dir='ltr'>ὲπαποΟε-</span> 
     </span>
    </p>
   </div>
   <div class='ocr_carea' id='block_1_26' title="bbox 197 2600 1775 2680">
    <p class='ocr_par' dir='ltr' id='par_1_26' title="bbox 197 2600 1775 2680">
     <span class='ocr_line' id='line_1_26' title="bbox 197 2600 1775 2680; baseline 0.008 -30"><span class='ocrx_word' id='word_1_159' title='bbox 197 2600 359 2666; x_wconf 83' lang='grc' dir='ltr'>μένου</span> <span class='ocrx_word' id='word_1_160' title='bbox 382 2602 746 2673; x_wconf 69' lang='grc' dir='ltr'>ψελλίσματα,</span> <span class='ocrx_word' id='word_1_161' title='bbox 775 2607 885 2659; x_wconf 82' lang='grc' dir='ltr'><strong>τῶν</strong></span> <span class='ocrx_word' id='word_1_162' title='bbox 919 2610 1239 2680; x_wconf 83' lang='grc' dir='ltr'>ἀνακτόρων</span> <span class='ocrx_word' id='word_1_163' title='bbox 1284 2611 1497 2663; x_wconf 76' lang='grc' dir='ltr'>ἐκεῖθεν</span> <span class='ocrx_word' id='word_1_164' title='bbox 1550 2629 1775 2665; x_wconf 83' lang='grc' dir='ltr'>κατενε-</span> 
     </span>
    </p>
   </div>
   <div class='ocr_carea' id='block_1_27' title="bbox 196 2692 1776 2774">
    <p class='ocr_par' dir='ltr' id='par_1_27' title="bbox 196 2692 1776 2774">
     <span class='ocr_line' id='line_1_27' title="bbox 196 2692 1776 2774; baseline 0.011 -33"><span class='ocrx_word' id='word_1_165' title='bbox 196 2692 443 2761; x_wconf 80' lang='grc' dir='ltr'>χθείσης,</span> <span class='ocrx_word' id='word_1_166' title='bbox 479 2696 635 2766; x_wconf 82' lang='grc' dir='ltr'>κακῷ</span> <span class='ocrx_word' id='word_1_167' title='bbox 682 2699 974 2771; x_wconf 78' lang='grc' dir='ltr'>συμϐούλῳ</span> <span class='ocrx_word' id='word_1_168' title='bbox 1017 2701 1220 2771; x_wconf 81' lang='grc' dir='ltr'>δηλαδὴ</span> <span class='ocrx_word' id='word_1_169' title='bbox 1254 2703 1436 2773; x_wconf 69' lang='grc' dir='ltr'>Βάρδᾳ</span> <span class='ocrx_word' id='word_1_170' title='bbox 1468 2704 1544 2773; x_wconf 85' lang='grc' dir='ltr'>τῷ</span> <span class='ocrx_word' id='word_1_171' title='bbox 1576 2706 1776 2774; x_wconf 76' lang='grc' dir='ltr'>ἑαυτῆς</span> 
     </span>
    </p>
   </div>
   <div class='ocr_carea' id='block_1_28' title="bbox 196 2788 1775 2866">
    <p class='ocr_par' dir='ltr' id='par_1_28' title="bbox 196 2788 1775 2866">
     <span class='ocr_line' id='line_1_28' title="bbox 196 2788 1775 2866; baseline 0.006 -26"><span class='ocrx_word' id='word_1_172' title='bbox 196 2788 414 2857; x_wconf 77' lang='grc' dir='ltr'>ἀδελφῷ</span> <span class='ocrx_word' id='word_1_173' title='bbox 443 2790 472 2841; x_wconf 97' lang='lat'><strong>6</strong></span> <span class='ocrx_word' id='word_1_174' title='bbox 522 2791 639 2854; x_wconf 78' lang='grc' dir='ltr'>νέος</span> <span class='ocrx_word' id='word_1_175' title='bbox 690 2793 828 2857; x_wconf 77' lang='grc' dir='ltr'>ἄναξ</span> <span class='ocrx_word' id='word_1_176' title='bbox 866 2796 1234 2865; x_wconf 80' lang='grc' dir='ltr'>χρησάμενος,</span> <span class='ocrx_word' id='word_1_177' title='bbox 1294 2799 1386 2849; x_wconf 89' lang='grc' dir='ltr'><strong>καί</strong></span> <span class='ocrx_word' id='word_1_178' title='bbox 1429 2801 1552 2850; x_wconf 84' lang='grc' dir='ltr'>κατ’</span> <span class='ocrx_word' id='word_1_179' title='bbox 1608 2799 1775 2866; x_wconf 78' lang='grc' dir='ltr'>ἄμφω</span> 
     </span>
    </p>
   </div>
   <div class='ocr_carea' id='block_1_29' title="bbox 197 2877 1775 2956">
    <p class='ocr_par' dir='ltr' id='par_1_29' title="bbox 197 2877 1775 2956">
     <span class='ocr_line' id='line_1_29' title="bbox 197 2877 1775 2956; baseline 0.008 -29"><span class='ocrx_word' id='word_1_180' title='bbox 197 2877 309 2928; x_wconf 82' lang='grc' dir='ltr'>τῶν</span> <span class='ocrx_word' id='word_1_181' title='bbox 330 2877 424 2931; x_wconf 82' lang='grc' dir='ltr'><strong>δύο</strong></span> <span class='ocrx_word' id='word_1_182' title='bbox 444 2920 459 2941; x_wconf 86' lang='grc'><em>,</em></span> <span class='ocrx_word' id='word_1_183' title='bbox 480 2878 579 2949; x_wconf 83' lang='grc' dir='ltr'>τὴν</span> <span class='ocrx_word' id='word_1_184' title='bbox 611 2881 1044 2952; x_wconf 80' lang='grc' dir='ltr'>αὑτοκρατορίαν</span> <span class='ocrx_word' id='word_1_185' title='bbox 1063 2886 1312 2954; x_wconf 81' lang='grc' dir='ltr'>ὀὲτερος,</span> <span class='ocrx_word' id='word_1_186' title='bbox 1349 2888 1376 2938; x_wconf 93' lang='lat'><strong>6</strong></span> <span class='ocrx_word' id='word_1_187' title='bbox 1406 2885 1460 2938; x_wconf 87' lang='grc' dir='ltr'>δὲ</span> <span class='ocrx_word' id='word_1_188' title='bbox 1508 2886 1605 2956; x_wconf 84' lang='grc' dir='ltr'>τὴν</span> <span class='ocrx_word' id='word_1_189' title='bbox 1642 2889 1775 2940; x_wconf 86' lang='grc' dir='ltr'>Καί-</span> 
     </span>
    </p>
   </div>
   <div class='ocr_carea' id='block_1_30' title="bbox 194 2972 1770 3049">
    <p class='ocr_par' dir='ltr' id='par_1_30' title="bbox 194 2972 1770 3049">
     <span class='ocr_line' id='line_1_30' title="bbox 194 2972 1770 3049; baseline 0.008 -29"><span class='ocrx_word' id='word_1_190' title='bbox 194 2987 361 3040; x_wconf 80' lang='grc' dir='ltr'>σαρος</span> <span class='ocrx_word' id='word_1_191' title='bbox 392 2972 557 3042; x_wconf 78' lang='grc' dir='ltr'>τιμὴν</span> <span class='ocrx_word' id='word_1_192' title='bbox 588 2974 724 3043; x_wconf 77' lang='grc' dir='ltr'>πρὸς</span> <span class='ocrx_word' id='word_1_193' title='bbox 758 2977 987 3037; x_wconf 73' lang='grc' dir='ltr'>ἑαυτοὺς</span> <span class='ocrx_word' id='word_1_194' title='bbox 1014 2979 1417 3046; x_wconf 73' lang='grc' dir='ltr'>ὰμφεπόμενοι,</span> <span class='ocrx_word' id='word_1_195' title='bbox 1445 2980 1506 3031; x_wconf 76' lang='grc' dir='ltr'>οὗ</span> <span class='ocrx_word' id='word_1_196' title='bbox 1546 2983 1770 3049; x_wconf 70' lang='grc' dir='ltr'>μικρὸν,</span> 
     </span>
    </p>
   </div>
   <div class='ocr_carea' id='block_1_31' title="bbox 193 3062 1775 3139">
    <p class='ocr_par' dir='ltr' id='par_1_31' title="bbox 193 3062 1775 3139">
     <span class='ocr_line' id='line_1_31' title="bbox 193 3062 1775 3139; baseline -0.001 -15"><span class='ocrx_word' id='word_1_197' title='bbox 193 3062 266 3123; x_wconf 78' lang='grc' dir='ltr'><strong>ὡς</strong></span> <span class='ocrx_word' id='word_1_198' title='bbox 298 3064 400 3114; x_wconf 64' lang='grc' dir='ltr'>οὒκ</span> <span class='ocrx_word' id='word_1_199' title='bbox 423 3063 612 3133; x_wconf 77' lang='grc' dir='ltr'>ᾤοντο,</span> <span class='ocrx_word' id='word_1_200' title='bbox 642 3067 742 3137; x_wconf 74' lang='grc' dir='ltr'>τὴν</span> <span class='ocrx_word' id='word_1_201' title='bbox 773 3067 892 3119; x_wconf 85' lang='grc' dir='ltr'>κατ’</span> <span class='ocrx_word' id='word_1_202' title='bbox 915 3068 1162 3139; x_wconf 80' lang='grc' dir='ltr'>ἀλλήλων</span> <span class='ocrx_word' id='word_1_203' title='bbox 1183 3070 1293 3121; x_wconf 82' lang='grc' dir='ltr'>τῶν</span> <span class='ocrx_word' id='word_1_204' title='bbox 1329 3070 1565 3138; x_wconf 82' lang='grc' dir='ltr'>γνωμῶν</span> <span class='ocrx_word' id='word_1_205' title='bbox 1594 3071 1775 3123; x_wconf 79' lang='grc' dir='ltr'><strong>ἐντεῦ-</strong></span> 
     </span>
    </p>
   </div>
   <div class='ocr_carea' id='block_1_32' title="bbox 195 3153 1770 3229">
    <p class='ocr_par' dir='ltr' id='par_1_32' title="bbox 195 3153 1770 3229">
     <span class='ocr_line' id='line_1_32' title="bbox 195 3153 1770 3229; baseline 0.008 -24"><span class='ocrx_word' id='word_1_206' title='bbox 195 3154 287 3205; x_wconf 79' lang='grc' dir='ltr'>θεν</span> <span class='ocrx_word' id='word_1_207' title='bbox 329 3153 409 3223; x_wconf 81' lang='grc' dir='ltr'>τῷ</span> <span class='ocrx_word' id='word_1_208' title='bbox 442 3157 669 3227; x_wconf 80' lang='grc' dir='ltr'>ὑπηκόῳ</span> <span class='ocrx_word' id='word_1_209' title='bbox 711 3157 976 3227; x_wconf 85' lang='grc' dir='ltr'>σύγχυσιν</span> <span class='ocrx_word' id='word_1_210' title='bbox 1004 3162 1442 3229; x_wconf 76' lang='grc' dir='ltr'>κατειργάσαντο</span> <span class='ocrx_word' id='word_1_211' title='bbox 1473 3178 1484 3189; x_wconf 88' lang='grc'><strong>·</strong></span> <span class='ocrx_word' id='word_1_212' title='bbox 1520 3164 1645 3225; x_wconf 72' lang='grc' dir='ltr'>τοὺς</span> <span class='ocrx_word' id='word_1_213' title='bbox 1675 3166 1770 3217; x_wconf 86' lang='grc' dir='ltr'><strong>τοῦ</strong></span> 
     </span>
    </p>
   </div>
   <div class='ocr_carea' id='block_1_33' title="bbox 192 3245 1416 3321">
    <p class='ocr_par' dir='ltr' id='par_1_33' title="bbox 192 3245 1416 3321">
     <span class='ocr_line' id='line_1_33' title="bbox 192 3245 1416 3321; baseline 0.006 -24"><span class='ocrx_word' id='word_1_214' title='bbox 192 3245 327 3299; x_wconf 79' lang='grc' dir='ltr'>Θεοῦ</span> <span class='ocrx_word' id='word_1_215' title='bbox 359 3248 555 3316; x_wconf 74' lang='grc' dir='ltr'>νόμους</span> <span class='ocrx_word' id='word_1_216' title='bbox 590 3249 678 3316; x_wconf 77' lang='grc' dir='ltr'><strong>ἐφ’</strong></span> <span class='ocrx_word' id='word_1_217' title='bbox 706 3251 932 3311; x_wconf 79' lang='grc' dir='ltr'>ἑαυτοὺς</span> <span class='ocrx_word' id='word_1_218' title='bbox 963 3251 1416 3321; x_wconf 68' lang='grc' dir='ltr'>καθυϐρίσαντες.</span> 
     </span>
    </p>
   </div>
   <div class='ocr_carea' id='block_1_34' title="bbox 276 3330 1843 3415">
    <p class='ocr_par' dir='ltr' id='par_1_34' title="bbox 276 3330 1843 3415">
     <span class='ocr_line' id='line_1_34' title="bbox 276 3330 1843 3415; baseline 0.004 -22"><span class='ocrx_word' id='word_1_219' title='bbox 276 3341 337 3393; x_wconf 85' lang='lat' dir='ltr'><strong>&#39;U</strong></span> <span class='ocrx_word' id='word_1_220' title='bbox 368 3343 467 3409; x_wconf 82' lang='grc' dir='ltr'>μὲν</span> <span class='ocrx_word' id='word_1_221' title='bbox 493 3342 602 3412; x_wconf 68' lang='grc' dir='ltr'>γὰρ</span> <span class='ocrx_word' id='word_1_222' title='bbox 633 3343 777 3412; x_wconf 79' lang='grc' dir='ltr'>αἴρει</span> <span class='ocrx_word' id='word_1_223' title='bbox 811 3344 911 3413; x_wconf 83' lang='grc' dir='ltr'>τὴν</span> <span class='ocrx_word' id='word_1_224' title='bbox 956 3344 1128 3414; x_wconf 76' lang='grc' dir='ltr'>ὀφρῦν</span> <span class='ocrx_word' id='word_1_225' title='bbox 1171 3345 1313 3397; x_wconf 86' lang='grc' dir='ltr'>κατὰ</span> <span class='ocrx_word' id='word_1_226' title='bbox 1342 3346 1440 3413; x_wconf 82' lang='grc' dir='ltr'>τῆς</span> <span class='ocrx_word' id='word_1_227' title='bbox 1473 3346 1677 3415; x_wconf 79' lang='grc' dir='ltr'>μητρός</span> <span class='ocrx_word' id='word_1_228' title='bbox 1704 3361 1715 3373; x_wconf 91' lang='grc'><strong>·</strong></span> <span class='ocrx_word' id='word_1_229' title='bbox 1746 3348 1773 3399; x_wconf 89' lang='grc' dir='ltr'>ὁ</span> <span class='ocrx_word' id='word_1_230' title='bbox 1803 3330 1843 3385; x_wconf 78' lang='lat' dir='ltr'><strong>C</strong></span> 
     </span>
    </p>
   </div>
   <div class='ocr_carea' id='block_1_35' title="bbox 192 3430 1769 3506">
    <p class='ocr_par' dir='ltr' id='par_1_35' title="bbox 192 3430 1769 3506">
     <span class='ocr_line' id='line_1_35' title="bbox 192 3430 1769 3506; baseline 0.004 -24"><span class='ocrx_word' id='word_1_231' title='bbox 192 3430 267 3496; x_wconf 79' lang='grc' dir='ltr'><strong>δὲ,</strong></span> <span class='ocrx_word' id='word_1_232' title='bbox 303 3434 440 3502; x_wconf 74' lang='grc' dir='ltr'>πρὸς</span> <span class='ocrx_word' id='word_1_233' title='bbox 475 3433 669 3503; x_wconf 87' lang='grc' dir='ltr'>τούτῳ,</span> <span class='ocrx_word' id='word_1_234' title='bbox 704 3436 797 3487; x_wconf 79' lang='grc' dir='ltr'><strong>καὶ</strong></span> <span class='ocrx_word' id='word_1_235' title='bbox 842 3435 923 3496; x_wconf 74' lang='grc' dir='ltr'>εις</span> <span class='ocrx_word' id='word_1_236' title='bbox 972 3435 1144 3504; x_wconf 67' lang='grc' dir='ltr'>αὐτὴν</span> <span class='ocrx_word' id='word_1_237' title='bbox 1176 3435 1274 3505; x_wconf 75' lang='grc' dir='ltr'><strong>τὴν</strong></span> <span class='ocrx_word' id='word_1_238' title='bbox 1319 3434 1481 3501; x_wconf 81' lang='grc' dir='ltr'>φύσιν</span> <span class='ocrx_word' id='word_1_239' title='bbox 1524 3436 1769 3506; x_wconf 78' lang='grc' dir='ltr'>ἐξήμαρο</span> 
     </span>
    </p>
   </div>
   <div class='ocr_carea' id='block_1_36' title="bbox 190 3524 1773 3595">
    <p class='ocr_par' dir='ltr' id='par_1_36' title="bbox 190 3524 1773 3595">
     <span class='ocr_line' id='line_1_36' title="bbox 190 3524 1773 3595; baseline 0.003 -21"><span class='ocrx_word' id='word_1_240' title='bbox 190 3541 303 3587; x_wconf 69' lang='grc' dir='ltr'>τεν,</span> <span class='ocrx_word' id='word_1_241' title='bbox 343 3524 482 3595; x_wconf 82' lang='grc' dir='ltr'>ὑπὲρ</span> <span class='ocrx_word' id='word_1_242' title='bbox 506 3526 602 3594; x_wconf 81' lang='grc' dir='ltr'>τὴν</span> <span class='ocrx_word' id='word_1_243' title='bbox 641 3524 805 3594; x_wconf 79' lang='grc' dir='ltr'>φύσιν</span> <span class='ocrx_word' id='word_1_244' title='bbox 833 3524 932 3595; x_wconf 83' lang='grc' dir='ltr'>τὴν</span> <span class='ocrx_word' id='word_1_245' title='bbox 990 3526 1193 3595; x_wconf 77' lang='grc' dir='ltr'>πρᾶξιν</span> <span class='ocrx_word' id='word_1_246' title='bbox 1231 3526 1518 3595; x_wconf 73' lang='grc' dir='ltr'>σχεδιὰσας</span> <span class='ocrx_word' id='word_1_247' title='bbox 1549 3526 1645 3595; x_wconf 79' lang='grc' dir='ltr'><strong>τῆς</strong></span> <span class='ocrx_word' id='word_1_248' title='bbox 1673 3527 1773 3595; x_wconf 54' lang='lat' dir='ltr'><strong>(pa-</strong></span> 
     </span>
    </p>
   </div>
   <div class='ocr_carea' id='block_1_37' title="bbox 192 3617 1770 3688">
    <p class='ocr_par' dir='ltr' id='par_1_37' title="bbox 192 3617 1770 3688">
     <span class='ocr_line' id='line_1_37' title="bbox 192 3617 1770 3688; baseline 0.003 -22"><span class='ocrx_word' id='word_1_249' title='bbox 192 3633 353 3678; x_wconf 83' lang='grc' dir='ltr'>σεως.</span> <span class='ocrx_word' id='word_1_250' title='bbox 381 3617 524 3687; x_wconf 83' lang='grc' dir='ltr'><strong>Ὅρα</strong></span> <span class='ocrx_word' id='word_1_251' title='bbox 556 3619 663 3688; x_wconf 75' lang='grc' dir='ltr'>γὰρ</span> <span class='ocrx_word' id='word_1_252' title='bbox 692 3619 754 3670; x_wconf 86' lang='grc' dir='ltr'><strong>τὸ</strong></span> <span class='ocrx_word' id='word_1_253' title='bbox 774 3619 1053 3687; x_wconf 78' lang='grc' dir='ltr'>ἐσόμενον.</span> <span class='ocrx_word' id='word_1_254' title='bbox 1085 3620 1241 3671; x_wconf 76' lang='grc' dir='ltr'>Κατὰ</span> <span class='ocrx_word' id='word_1_255' title='bbox 1266 3619 1374 3686; x_wconf 81' lang='grc' dir='ltr'><strong>γὰρ</strong></span> <span class='ocrx_word' id='word_1_256' title='bbox 1401 3618 1500 3687; x_wconf 80' lang='grc' dir='ltr'><strong>τῆς</strong></span> <span class='ocrx_word' id='word_1_257' title='bbox 1528 3618 1621 3670; x_wconf 82' lang='grc' dir='ltr'>τοῦ</span> <span class='ocrx_word' id='word_1_258' title='bbox 1653 3618 1770 3671; x_wconf 78' lang='grc' dir='ltr'><strong>υἱοῦ</strong></span> 
     </span>
    </p>
   </div>
   <div class='ocr_carea' id='block_1_38' title="bbox 192 3708 1773 3780">
    <p class='ocr_par' dir='ltr' id='par_1_38' title="bbox 192 3708 1773 3780">
     <span class='ocr_line' id='line_1_38' title="bbox 192 3708 1773 3780; baseline 0.003 -20"><span class='ocrx_word' id='word_1_259' title='bbox 192 3708 381 3778; x_wconf 81' lang='grc' dir='ltr'>κοίτης</span> <span class='ocrx_word' id='word_1_260' title='bbox 421 3709 449 3760; x_wconf 88' lang='lat'><strong>6</strong></span> <span class='ocrx_word' id='word_1_261' title='bbox 499 3710 717 3779; x_wconf 76' lang='grc' dir='ltr'>Καῖσαρ</span> <span class='ocrx_word' id='word_1_262' title='bbox 771 3710 982 3780; x_wconf 81' lang='grc' dir='ltr'>Βάρδας</span> <span class='ocrx_word' id='word_1_263' title='bbox 1023 3710 1358 3780; x_wconf 65' lang='grc' dir='ltr'>παρανόμως</span> <span class='ocrx_word' id='word_1_264' title='bbox 1415 3711 1702 3779; x_wconf 72' lang='grc' dir='ltr'>ὲπιμανεὶς</span> <span class='ocrx_word' id='word_1_265' title='bbox 1746 3715 1773 3765; x_wconf 89' lang='lat'><strong>6</strong></span> 
     </span>
    </p>
   </div>
   <div class='ocr_carea' id='block_1_39' title="bbox 187 3801 1768 3875">
    <p class='ocr_par' dir='ltr' id='par_1_39' title="bbox 187 3801 1768 3875">
     <span class='ocr_line' id='line_1_39' title="bbox 187 3801 1768 3875; baseline 0.002 -23"><span class='ocrx_word' id='word_1_266' title='bbox 187 3801 729 3870; x_wconf 80' lang='grc' dir='ltr'>ταλαίπωρος,ξένος</span> <span class='ocrx_word' id='word_1_267' title='bbox 761 3804 1016 3866; x_wconf 85' lang='grc' dir='ltr'>σύνευνος</span> <span class='ocrx_word' id='word_1_268' title='bbox 1047 3803 1184 3871; x_wconf 72' lang='grc' dir='ltr'>πρὸς</span> <span class='ocrx_word' id='word_1_269' title='bbox 1215 3805 1279 3871; x_wconf 86' lang='grc' dir='ltr'>τῇ</span> <span class='ocrx_word' id='word_1_270' title='bbox 1308 3803 1412 3873; x_wconf 74' lang='grc' dir='ltr'>ἰδίᾳ</span> <span class='ocrx_word' id='word_1_271' title='bbox 1439 3803 1647 3875; x_wconf 82' lang='grc' dir='ltr'>νύμφῃ.</span> <span class='ocrx_word' id='word_1_272' title='bbox 1676 3806 1768 3858; x_wconf 78' lang='grc' dir='ltr'><strong>καὶ</strong></span> 
     </span>
    </p>
   </div>
   <div class='ocr_carea' id='block_1_40' title="bbox 188 3892 1764 3964">
    <p class='ocr_par' dir='ltr' id='par_1_40' title="bbox 188 3892 1764 3964">
     <span class='ocr_line' id='line_1_40' title="bbox 188 3892 1764 3964; baseline 0.003 -20"><span class='ocrx_word' id='word_1_273' title='bbox 188 3892 506 3960; x_wconf 75' lang='grc' dir='ltr'>ἑτερόμοιον</span> <span class='ocrx_word' id='word_1_274' title='bbox 548 3893 742 3960; x_wconf 75' lang='grc' dir='ltr'>ζεῦγος</span> <span class='ocrx_word' id='word_1_275' title='bbox 793 3894 907 3964; x_wconf 77' lang='lat'><strong>(‘23)</strong></span> <span class='ocrx_word' id='word_1_276' title='bbox 966 3894 1359 3963; x_wconf 72' lang='grc' dir='ltr'>ἐκϐακχευοεὶς</span> <span class='ocrx_word' id='word_1_277' title='bbox 1409 3897 1764 3964; x_wconf 63' lang='grc' dir='ltr'>ἑγαωρίζετο.</span> 
     </span>
    </p>
   </div>
   <div class='ocr_carea' id='block_1_41' title="bbox 271 3983 1769 4057">
    <p class='ocr_par' dir='ltr' id='par_1_41' title="bbox 271 3983 1769 4057">
     <span class='ocr_line' id='line_1_41' title="bbox 271 3983 1769 4057; baseline 0.003 -20"><span class='ocrx_word' id='word_1_278' title='bbox 271 3986 333 4037; x_wconf 85' lang='grc' dir='ltr'>Ὀ</span> <span class='ocrx_word' id='word_1_279' title='bbox 392 3983 488 4038; x_wconf 74' lang='grc' dir='ltr'><strong>οὖν</strong></span> <span class='ocrx_word' id='word_1_280' title='bbox 527 3986 622 4039; x_wconf 82' lang='grc' dir='ltr'>τοῦ</span> <span class='ocrx_word' id='word_1_281' title='bbox 673 3987 809 4039; x_wconf 82' lang='grc' dir='ltr'>Θεοῦ</span> <span class='ocrx_word' id='word_1_282' title='bbox 852 3988 1167 4057; x_wconf 78' lang='grc' dir='ltr'>ἀρχιερεὺς,</span> <span class='ocrx_word' id='word_1_283' title='bbox 1225 3986 1451 4040; x_wconf 78' lang='grc' dir='ltr'>καὶτοῦ</span> <span class='ocrx_word' id='word_1_284' title='bbox 1507 3988 1769 4057; x_wconf 77' lang='grc' dir='ltr'>Θεοφόρου</span> 
     </span>
    </p>
   </div>
   <div class='ocr_carea' id='block_1_42' title="bbox 188 4073 1769 4148">
    <p class='ocr_par' dir='ltr' id='par_1_42' title="bbox 188 4073 1769 4148">
     <span class='ocr_line' id='line_1_42' title="bbox 188 4073 1769 4148; baseline 0.003 -20"><span class='ocrx_word' id='word_1_285' title='bbox 188 4077 501 4146; x_wconf 71' lang='grc' dir='ltr'>ἐπώνυμος,</span> <span class='ocrx_word' id='word_1_286' title='bbox 530 4078 604 4141; x_wconf 80' lang='grc' dir='ltr'>ὡς</span> <span class='ocrx_word' id='word_1_287' title='bbox 632 4073 744 4130; x_wconf 71' lang='grc' dir='ltr'>οἷόν</span> <span class='ocrx_word' id='word_1_288' title='bbox 780 4096 839 4131; x_wconf 89' lang='grc' dir='ltr'><strong>τε</strong></span> <span class='ocrx_word' id='word_1_289' title='bbox 876 4080 1026 4131; x_wconf 79' lang='grc' dir='ltr'>τουτὶ</span> <span class='ocrx_word' id='word_1_290' title='bbox 1057 4080 1118 4131; x_wconf 76' lang='grc' dir='ltr'>τὸ</span> <span class='ocrx_word' id='word_1_291' title='bbox 1146 4080 1332 4147; x_wconf 75' lang='grc' dir='ltr'>δρᾶμα</span> <span class='ocrx_word' id='word_1_292' title='bbox 1368 4078 1769 4148; x_wconf 78' lang='grc' dir='ltr'>διορθώσασθαι</span> 
     </span>
    </p>
   </div>
   <div class='ocr_carea' id='block_1_43' title="bbox 190 4169 1770 4241">
    <p class='ocr_par' dir='ltr' id='par_1_43' title="bbox 190 4169 1770 4241">
     <span class='ocr_line' id='line_1_43' title="bbox 190 4169 1770 4241; baseline 0.003 -23"><span class='ocrx_word' id='word_1_293' title='bbox 190 4169 669 4239; x_wconf 49' lang='grc' dir='ltr'>πβμηῧούμενος,</span> <span class='ocrx_word' id='word_1_294' title='bbox 701 4169 764 4223; x_wconf 80' lang='grc' dir='ltr'><strong>οὐ</strong></span> <span class='ocrx_word' id='word_1_295' title='bbox 783 4170 1154 4240; x_wconf 82' lang='grc' dir='ltr'>διελίμπανεν,</span> <span class='ocrx_word' id='word_1_296' title='bbox 1196 4169 1383 4241; x_wconf 82' lang='grc' dir='ltr'>ὥσπερ</span> <span class='ocrx_word' id='word_1_297' title='bbox 1413 4171 1477 4239; x_wconf 78' lang='grc' dir='ltr'>δὴ</span> <span class='ocrx_word' id='word_1_298' title='bbox 1513 4170 1607 4222; x_wconf 74' lang='grc' dir='ltr'>τοῦ</span> <span class='ocrx_word' id='word_1_299' title='bbox 1634 4170 1770 4223; x_wconf 79' lang='grc' dir='ltr'>Θεοῦ</span> 
     </span>
    </p>
   </div>
   <div class='ocr_carea' id='block_1_44' title="bbox 193 4260 1772 4333">
    <p class='ocr_par' dir='ltr' id='par_1_44' title="bbox 193 4260 1772 4333">
     <span class='ocr_line' id='line_1_44' title="bbox 193 4260 1772 4333; baseline 0 -18"><span class='ocrx_word' id='word_1_300' title='bbox 193 4264 379 4330; x_wconf 80' lang='grc' dir='ltr'>νόμος,</span> <span class='ocrx_word' id='word_1_301' title='bbox 407 4260 921 4333; x_wconf 74' lang='grc' dir='ltr'>ὑπο[μι]μνήσκων,</span> <span class='ocrx_word' id='word_1_302' title='bbox 954 4262 1292 4332; x_wconf 70' lang='grc' dir='ltr'>παρακαλῶν</span> <span class='ocrx_word' id='word_1_303' title='bbox 1317 4304 1330 4326; x_wconf 83' lang='grc'><em>,</em></span> <span class='ocrx_word' id='word_1_304' title='bbox 1361 4262 1628 4314; x_wconf 79' lang='grc' dir='ltr'>νουθετῶν</span> <span class='ocrx_word' id='word_1_305' title='bbox 1662 4280 1674 4293; x_wconf 92' lang='grc'><strong>·</strong></span> <span class='ocrx_word' id='word_1_306' title='bbox 1710 4263 1772 4315; x_wconf 81' lang='grc' dir='ltr'>ὲκ</span> 
     </span>
    </p>
   </div>
   <div class='ocr_carea' id='block_1_45' title="bbox 187 4353 1772 4425">
    <p class='ocr_par' dir='ltr' id='par_1_45' title="bbox 187 4353 1772 4425">
     <span class='ocr_line' id='line_1_45' title="bbox 187 4353 1772 4425; baseline 0.001 -20"><span class='ocrx_word' id='word_1_307' title='bbox 187 4353 397 4406; x_wconf 72' lang='grc' dir='ltr'>τούτων</span> <span class='ocrx_word' id='word_1_308' title='bbox 459 4353 698 4417; x_wconf 76' lang='grc' dir='ltr'>ἐλπίζων</span> <span class='ocrx_word' id='word_1_309' title='bbox 747 4355 846 4424; x_wconf 81' lang='grc' dir='ltr'><strong>τὴν</strong></span> <span class='ocrx_word' id='word_1_310' title='bbox 900 4356 1143 4425; x_wconf 81' lang='grc' dir='ltr'>ἐκκοπὴν</span> <span class='ocrx_word' id='word_1_311' title='bbox 1185 4355 1278 4407; x_wconf 82' lang='grc' dir='ltr'>τοῦ</span> <span class='ocrx_word' id='word_1_312' title='bbox 1311 4355 1517 4424; x_wconf 79' lang='grc' dir='ltr'>μύσους</span> <span class='ocrx_word' id='word_1_313' title='bbox 1552 4354 1772 4418; x_wconf 81' lang='grc' dir='ltr'>πάντως</span> 
     </span>
    </p>
   </div>
   <div class='ocr_carea' id='block_1_46' title="bbox 189 4446 1771 4518">
    <p class='ocr_par' dir='ltr' id='par_1_46' title="bbox 189 4446 1771 4518">
     <span class='ocr_line' id='line_1_46' title="bbox 189 4446 1771 4518; baseline 0.003 -21"><span class='ocrx_word' id='word_1_314' title='bbox 189 4446 545 4516; x_wconf 76' lang='grc' dir='ltr'>γενήσεσθαι.</span> <span class='ocrx_word' id='word_1_315' title='bbox 578 4448 767 4500; x_wconf 79' lang='grc' dir='ltr'>Ἀλλ’ό</span> <span class='ocrx_word' id='word_1_316' title='bbox 790 4449 886 4517; x_wconf 81' lang='grc' dir='ltr'><strong>τῆς</strong></span> <span class='ocrx_word' id='word_1_317' title='bbox 912 4451 1229 4518; x_wconf 78' lang='grc' dir='ltr'>παρανόμου</span> <span class='ocrx_word' id='word_1_318' title='bbox 1259 4448 1457 4517; x_wconf 82' lang='grc' dir='ltr'>μίξεως</span> <span class='ocrx_word' id='word_1_319' title='bbox 1497 4448 1639 4516; x_wconf 76' lang='grc' dir='ltr'>ἔρως</span> <span class='ocrx_word' id='word_1_320' title='bbox 1670 4448 1771 4501; x_wconf 80' lang='grc' dir='ltr'><strong>οὐκ</strong></span> 
     </span>
    </p>
   </div>
   <div class='ocr_carea' id='block_1_47' title="bbox 186 4539 1771 4611">
    <p class='ocr_par' dir='ltr' id='par_1_47' title="bbox 186 4539 1771 4611">
     <span class='ocr_line' id='line_1_47' title="bbox 186 4539 1771 4611; baseline 0.002 -22"><span class='ocrx_word' id='word_1_321' title='bbox 186 4543 269 4591; x_wconf 81' lang='grc' dir='ltr'>εἶα</span> <span class='ocrx_word' id='word_1_322' title='bbox 332 4540 427 4590; x_wconf 73' lang='grc' dir='ltr'><strong>τὸν</strong></span> <span class='ocrx_word' id='word_1_323' title='bbox 473 4539 705 4591; x_wconf 68' lang='grc' dir='ltr'>ἐλεεινὸν</span> <span class='ocrx_word' id='word_1_324' title='bbox 759 4541 1032 4611; x_wconf 64' lang='grc' dir='ltr'>ἀνανῆψαι</span> <span class='ocrx_word' id='word_1_325' title='bbox 1085 4542 1145 4592; x_wconf 77' lang='grc' dir='ltr'><strong>τὸ</strong></span> <span class='ocrx_word' id='word_1_326' title='bbox 1203 4540 1442 4593; x_wconf 91' lang='grc' dir='ltr'>σύνολον.</span> <span class='ocrx_word' id='word_1_327' title='bbox 1482 4540 1628 4610; x_wconf 81' lang='grc' dir='ltr'>Πλὴν</span> <span class='ocrx_word' id='word_1_328' title='bbox 1694 4540 1771 4602; x_wconf 82' lang='grc' dir='ltr'>ὡς</span> 
     </span>
    </p>
   </div>
   <div class='ocr_carea' id='block_1_48' title="bbox 1892 672 3459 748">
    <p class='ocr_par' dir='ltr' id='par_1_48' title="bbox 1892 672 3459 748">
     <span class='ocr_line' id='line_1_48' title="bbox 1892 672 3459 748; baseline 0.006 -25"><span class='ocrx_word' id='word_1_329' title='bbox 1892 672 2229 741; x_wconf 81' lang='lat' dir='ltr'><strong>iinpinguare</strong></span> <span class='ocrx_word' id='word_1_330' title='bbox 2255 674 2446 742; x_wconf 80' lang='lat' dir='ltr'><strong>possit.</strong></span> <span class='ocrx_word' id='word_1_331' title='bbox 2466 690 2583 729; x_wconf 89' lang='lat' dir='ltr'><strong>eam</strong></span> <span class='ocrx_word' id='word_1_332' title='bbox 2608 677 2966 745; x_wconf 88' lang='lat' dir='ltr'><strong>quantitatem</strong></span> <span class='ocrx_word' id='word_1_333' title='bbox 2990 672 3459 748; x_wconf 66' lang='lat' dir='ltr'><strong>smnpsisse,quae</strong></span> 
     </span>
    </p>
   </div>
   <div class='ocr_carea' id='block_1_49' title="bbox 1890 766 2561 834">
    <p class='ocr_par' dir='ltr' id='par_1_49' title="bbox 1890 766 2561 834">
     <span class='ocr_line' id='line_1_49' title="bbox 1890 766 2561 834; baseline 0.01 -19"><span class='ocrx_word' id='word_1_334' title='bbox 1890 766 2062 817; x_wconf 88' lang='lat' dir='ltr'><strong>ventri</strong></span> <span class='ocrx_word' id='word_1_335' title='bbox 2094 766 2364 834; x_wconf 90' lang='lat' dir='ltr'><strong>explendo</strong></span> <span class='ocrx_word' id='word_1_336' title='bbox 2396 778 2561 822; x_wconf 88' lang='lat' dir='ltr'><strong>esset.</strong></span> 
     </span>
    </p>
   </div>
   <div class='ocr_carea' id='block_1_50' title="bbox 1962 853 3459 933">
    <p class='ocr_par' dir='ltr' id='par_1_50' title="bbox 1962 853 3459 933">
     <span class='ocr_line' id='line_1_50' title="bbox 1962 853 3459 933; baseline 0.008 -26"><span class='ocrx_word' id='word_1_337' title='bbox 1962 853 2098 910; x_wconf 91' lang='lat' dir='ltr'><strong>lluic</strong></span> <span class='ocrx_word' id='word_1_338' title='bbox 2140 870 2271 925; x_wconf 83' lang='lat' dir='ltr'><strong>ergo</strong></span> <span class='ocrx_word' id='word_1_339' title='bbox 2307 856 2359 908; x_wconf 94' lang='lat' dir='ltr'><strong>in</strong></span> <span class='ocrx_word' id='word_1_340' title='bbox 2407 860 2692 925; x_wconf 67' lang='lat' dir='ltr'><strong>priesentia</strong></span> <span class='ocrx_word' id='word_1_341' title='bbox 2742 860 3021 931; x_wconf 83' lang='lat' dir='ltr'><strong>pontificis</strong></span> <span class='ocrx_word' id='word_1_342' title='bbox 3049 862 3241 917; x_wconf 88' lang='lat' dir='ltr'><strong>relicto</strong></span> <span class='ocrx_word' id='word_1_343' title='bbox 3278 877 3459 933; x_wconf 76' lang='lat' dir='ltr'><strong>grege,</strong></span> 
     </span>
    </p>
   </div>
   <div class='ocr_carea' id='block_1_51' title="bbox 1887 947 3463 1024">
    <p class='ocr_par' dir='ltr' id='par_1_51' title="bbox 1887 947 3463 1024">
     <span class='ocr_line' id='line_1_51' title="bbox 1887 947 3463 1024; baseline 0.006 -22"><span class='ocrx_word' id='word_1_344' title='bbox 1887 947 2076 1003; x_wconf 85' lang='lat' dir='ltr'><strong>exiens</strong></span> <span class='ocrx_word' id='word_1_345' title='bbox 2105 950 2188 1002; x_wconf 89' lang='lat' dir='ltr'><strong>vir</strong></span> <span class='ocrx_word' id='word_1_346' title='bbox 2214 952 2618 1008; x_wconf 86' lang='lat' dir='ltr'><strong>sanctissimus.</strong></span> <span class='ocrx_word' id='word_1_347' title='bbox 2655 956 2705 1007; x_wconf 92' lang='lat' dir='ltr'><strong>in</strong></span> <span class='ocrx_word' id='word_1_348' title='bbox 2739 954 2971 1024; x_wconf 66' lang='lat' dir='ltr'><strong>prmfato</strong></span> <span class='ocrx_word' id='word_1_349' title='bbox 3010 957 3214 1011; x_wconf 79' lang='lat' dir='ltr'><strong>resedit</strong></span> <span class='ocrx_word' id='word_1_350' title='bbox 3244 954 3463 1012; x_wconf 84' lang='lat' dir='ltr'><strong>Firmo-</strong></span> 
     </span>
    </p>
   </div>
   <div class='ocr_carea' id='block_1_52' title="bbox 1889 1041 3454 1113">
    <p class='ocr_par' dir='ltr' id='par_1_52' title="bbox 1889 1041 3454 1113">
     <span class='ocr_line' id='line_1_52' title="bbox 1889 1041 3454 1113; baseline 0.005 -22"><span class='ocrx_word' id='word_1_351' title='bbox 1889 1041 2027 1109; x_wconf 88' lang='lat' dir='ltr'><strong>polis</strong></span> <span class='ocrx_word' id='word_1_352' title='bbox 2061 1041 2321 1109; x_wconf 82' lang='lat' dir='ltr'><strong>hospitio.</strong></span> <span class='ocrx_word' id='word_1_353' title='bbox 2347 1042 2560 1113; x_wconf 85' lang='lat' dir='ltr'><strong>Quippe</strong></span> <span class='ocrx_word' id='word_1_354' title='bbox 2592 1046 2692 1099; x_wconf 87' lang='lat' dir='ltr'><strong>loci</strong></span> <span class='ocrx_word' id='word_1_355' title='bbox 2728 1062 2852 1100; x_wconf 85' lang='lat' dir='ltr'><strong>eum</strong></span> <span class='ocrx_word' id='word_1_356' title='bbox 2890 1046 3180 1101; x_wconf 78' lang='lat' dir='ltr'><strong>delectatio</strong></span> <span class='ocrx_word' id='word_1_357' title='bbox 3214 1048 3454 1113; x_wconf 88' lang='lat' dir='ltr'><strong>tenebat,</strong></span> 
     </span>
    </p>
   </div>
   <div class='ocr_carea' id='block_1_53' title="bbox 1887 1134 3461 1206">
    <p class='ocr_par' dir='ltr' id='par_1_53' title="bbox 1887 1134 3461 1206">
     <span class='ocr_line' id='line_1_53' title="bbox 1887 1134 3461 1206; baseline 0.007 -23"><span class='ocrx_word' id='word_1_358' title='bbox 1887 1148 2009 1184; x_wconf 92' lang='lat' dir='ltr'><strong>eum</strong></span> <span class='ocrx_word' id='word_1_359' title='bbox 2036 1134 2147 1197; x_wconf 90' lang='lat' dir='ltr'><strong>ille,</strong></span> <span class='ocrx_word' id='word_1_360' title='bbox 2180 1150 2357 1190; x_wconf 86' lang='lat' dir='ltr'><strong>mores</strong></span> <span class='ocrx_word' id='word_1_361' title='bbox 2391 1137 2575 1205; x_wconf 89' lang='lat' dir='ltr'><strong>potius</strong></span> <span class='ocrx_word' id='word_1_362' title='bbox 2600 1154 2833 1206; x_wconf 89' lang='lat' dir='ltr'><strong>quorum</strong></span> <span class='ocrx_word' id='word_1_363' title='bbox 2865 1155 3032 1194; x_wconf 87' lang='lat' dir='ltr'><strong>causa</strong></span> <span class='ocrx_word' id='word_1_364' title='bbox 3078 1140 3232 1195; x_wconf 89' lang='lat' dir='ltr'><strong>locus</strong></span> <span class='ocrx_word' id='word_1_365' title='bbox 3280 1142 3461 1197; x_wconf 89' lang='lat' dir='ltr'><strong>studio</strong></span> 
     </span>
    </p>
   </div>
   <div class='ocr_carea' id='block_1_54' title="bbox 1884 1223 3463 1301">
    <p class='ocr_par' dir='ltr' id='par_1_54' title="bbox 1884 1223 3463 1301">
     <span class='ocr_line' id='line_1_54' title="bbox 1884 1223 3463 1301; baseline 0.008 -26"><span class='ocrx_word' id='word_1_366' title='bbox 1884 1231 2051 1285; x_wconf 83' lang='lat' dir='ltr'><strong>esset,</strong></span> <span class='ocrx_word' id='word_1_367' title='bbox 2085 1223 2308 1291; x_wconf 78' lang='lat' dir='ltr'><strong>adipisci</strong></span> <span class='ocrx_word' id='word_1_368' title='bbox 2357 1227 2731 1281; x_wconf 80' lang='lat' dir='ltr'><strong>contenderet.</strong></span> <span class='ocrx_word' id='word_1_369' title='bbox 2768 1229 3037 1284; x_wconf 70' lang='lat' dir='ltr'><strong>Caeterum</strong></span> <span class='ocrx_word' id='word_1_370' title='bbox 3092 1230 3183 1283; x_wconf 90' lang='lat' dir='ltr'><strong>uhi</strong></span> <span class='ocrx_word' id='word_1_371' title='bbox 3232 1230 3463 1301; x_wconf 85' lang='lat' dir='ltr'><strong>inclytus</strong></span> 
     </span>
    </p>
   </div>
   <div class='ocr_carea' id='block_1_55' title="bbox 1888 1311 3460 1386">
    <p class='ocr_par' dir='ltr' id='par_1_55' title="bbox 1888 1311 3460 1386">
     <span class='ocr_line' id='line_1_55' title="bbox 1888 1311 3460 1386; baseline 0.008 -23"><span class='ocrx_word' id='word_1_372' title='bbox 1888 1311 2234 1380; x_wconf 75' lang='lat' dir='ltr'><strong>Sophronius</strong></span> <span class='ocrx_word' id='word_1_373' title='bbox 2264 1316 2424 1370; x_wconf 89' lang='lat' dir='ltr'><strong>anuis</strong></span> <span class='ocrx_word' id='word_1_374' title='bbox 2474 1328 2716 1386; x_wconf 85' lang='lat' dir='ltr'><strong>quatuor</strong></span> <span class='ocrx_word' id='word_1_375' title='bbox 2750 1320 3008 1384; x_wconf 79' lang='lat' dir='ltr'><strong>praeclare</strong></span> <span class='ocrx_word' id='word_1_376' title='bbox 3067 1322 3460 1375; x_wconf 82' lang='lat' dir='ltr'><strong>monasterium</strong></span> 
     </span>
    </p>
   </div>
   <div class='ocr_carea' id='block_1_56' title="bbox 1886 1402 3461 1482">
    <p class='ocr_par' dir='ltr' id='par_1_56' title="bbox 1886 1402 3461 1482">
     <span class='ocr_line' id='line_1_56' title="bbox 1886 1402 3461 1482; baseline 0.007 -28"><span class='ocrx_word' id='word_1_377' title='bbox 1886 1402 2155 1469; x_wconf 78' lang='lat' dir='ltr'><strong>auxisset,</strong></span> <span class='ocrx_word' id='word_1_378' title='bbox 2181 1420 2244 1459; x_wconf 86' lang='lat' dir='ltr'><strong>ac</strong></span> <span class='ocrx_word' id='word_1_379' title='bbox 2285 1408 2522 1461; x_wconf 67' lang='lat' dir='ltr'><strong>solertia:</strong></span> <span class='ocrx_word' id='word_1_380' title='bbox 2570 1409 2877 1477; x_wconf 68' lang='grc' dir='ltr'>ιιιεειιιίιιιιι,</span> <span class='ocrx_word' id='word_1_381' title='bbox 2915 1412 3180 1466; x_wconf 88' lang='lat' dir='ltr'><strong>bonorum</strong></span> <span class='ocrx_word' id='word_1_382' title='bbox 3236 1428 3461 1482; x_wconf 86' lang='lat' dir='ltr'><strong>operum</strong></span> 
     </span>
    </p>
   </div>
   <div class='ocr_carea' id='block_1_57' title="bbox 1885 1495 3463 1572">
    <p class='ocr_par' dir='ltr' id='par_1_57' title="bbox 1885 1495 3463 1572">
     <span class='ocr_line' id='line_1_57' title="bbox 1885 1495 3463 1572; baseline 0.008 -26"><span class='ocrx_word' id='word_1_383' title='bbox 1885 1495 2103 1550; x_wconf 74' lang='lat' dir='ltr'><strong>divitias</strong></span> <span class='ocrx_word' id='word_1_384' title='bbox 2150 1510 2480 1552; x_wconf 77' lang='lat' dir='ltr'><strong>consecutus</strong></span> <span class='ocrx_word' id='word_1_385' title='bbox 2540 1510 2686 1555; x_wconf 88' lang='lat' dir='ltr'><strong>esset</strong></span> <span class='ocrx_word' id='word_1_386' title='bbox 2722 1541 2736 1565; x_wconf 83' lang='lat'><strong>,</strong></span> <span class='ocrx_word' id='word_1_387' title='bbox 2789 1502 2987 1572; x_wconf 80' lang='lat' dir='ltr'><strong>dieque</strong></span> <span class='ocrx_word' id='word_1_388' title='bbox 3037 1505 3194 1559; x_wconf 88' lang='lat' dir='ltr'><strong>tertia</strong></span> <span class='ocrx_word' id='word_1_389' title='bbox 3257 1505 3463 1558; x_wconf 80' lang='lat' dir='ltr'><strong>mensis</strong></span> 
     </span>
    </p>
   </div>
   <div class='ocr_carea' id='block_1_58' title="bbox 1886 1584 3465 1663">
    <p class='ocr_par' dir='ltr' id='par_1_58' title="bbox 1886 1584 3465 1663">
     <span class='ocr_line' id='line_1_58' title="bbox 1886 1584 3465 1663; baseline 0.006 -25"><span class='ocrx_word' id='word_1_390' title='bbox 1886 1584 2208 1644; x_wconf 83' lang='lat' dir='ltr'><strong>Novembris</strong></span> <span class='ocrx_word' id='word_1_391' title='bbox 2250 1589 2317 1643; x_wconf 92' lang='lat' dir='ltr'><strong>ad</strong></span> <span class='ocrx_word' id='word_1_392' title='bbox 2350 1590 2636 1644; x_wconf 89' lang='lat' dir='ltr'><strong>Dominum</strong></span> <span class='ocrx_word' id='word_1_393' title='bbox 2677 1594 2987 1663; x_wconf 82' lang='lat' dir='ltr'><strong>migrasset,</strong></span> <span class='ocrx_word' id='word_1_394' title='bbox 3011 1594 3191 1651; x_wconf 79' lang='lat' dir='ltr'><strong>Patris</strong></span> <span class='ocrx_word' id='word_1_395' title='bbox 3220 1608 3465 1650; x_wconf 84' lang='lat' dir='ltr'><strong>amantes</strong></span> 
     </span>
    </p>
   </div>
   <div class='ocr_carea' id='block_1_59' title="bbox 1888 1680 3462 1744">
    <p class='ocr_par' dir='ltr' id='par_1_59' title="bbox 1888 1680 3462 1744">
     <span class='ocr_line' id='line_1_59' title="bbox 1888 1680 3462 1744; baseline 0.005 -13"><span class='ocrx_word' id='word_1_396' title='bbox 1888 1680 2162 1744; x_wconf 90' lang='lat' dir='ltr'><strong>monachi,</strong></span> <span class='ocrx_word' id='word_1_397' title='bbox 2217 1697 2341 1735; x_wconf 90' lang='lat' dir='ltr'><strong>cum</strong></span> <span class='ocrx_word' id='word_1_398' title='bbox 2401 1685 2540 1735; x_wconf 81' lang='lat' dir='ltr'><strong>ultra</strong></span> <span class='ocrx_word' id='word_1_399' title='bbox 2592 1683 2776 1738; x_wconf 87' lang='lat' dir='ltr'><strong>Sancti</strong></span> <span class='ocrx_word' id='word_1_400' title='bbox 2835 1687 3138 1741; x_wconf 88' lang='lat' dir='ltr'><strong>absentiam</strong></span> <span class='ocrx_word' id='word_1_401' title='bbox 3182 1688 3326 1742; x_wconf 88' lang='lat' dir='ltr'><strong>ferre</strong></span> <span class='ocrx_word' id='word_1_402' title='bbox 3357 1703 3462 1741; x_wconf 89' lang='lat' dir='ltr'><strong>non</strong></span> 
     </span>
    </p>
   </div>
   <div class='ocr_carea' id='block_1_60' title="bbox 1886 1774 3463 1849">
    <p class='ocr_par' dir='ltr' id='par_1_60' title="bbox 1886 1774 3463 1849">
     <span class='ocr_line' id='line_1_60' title="bbox 1886 1774 3463 1849; baseline 0.004 -24"><span class='ocrx_word' id='word_1_403' title='bbox 1886 1782 2129 1840; x_wconf 86' lang='lat' dir='ltr'><strong>possent.</strong></span> <span class='ocrx_word' id='word_1_404' title='bbox 2166 1774 2448 1843; x_wconf 84' lang='lat' dir='ltr'><strong>pr0printn</strong></span> <span class='ocrx_word' id='word_1_405' title='bbox 2485 1777 2606 1842; x_wconf 90' lang='lat' dir='ltr'><strong>ejus</strong></span> <span class='ocrx_word' id='word_1_406' title='bbox 2631 1778 2831 1846; x_wconf 84' lang='lat' dir='ltr'><strong>quietis</strong></span> <span class='ocrx_word' id='word_1_407' title='bbox 2861 1778 3161 1849; x_wconf 82' lang='lat' dir='ltr'><strong>h05pitium</strong></span> <span class='ocrx_word' id='word_1_408' title='bbox 3197 1789 3463 1849; x_wconf 72' lang='lat' dir='ltr'><strong>petentes,</strong></span> 
     </span>
    </p>
   </div>
   <div class='ocr_carea' id='block_1_61' title="bbox 1883 1872 3466 1937">
    <p class='ocr_par' dir='ltr' id='par_1_61' title="bbox 1883 1872 3466 1937">
     <span class='ocr_line' id='line_1_61' title="bbox 1883 1872 3466 1937; baseline 0.005 -21"><span class='ocrx_word' id='word_1_409' title='bbox 1883 1878 2121 1934; x_wconf 87' lang='lat' dir='ltr'><strong>eumque</strong></span> <span class='ocrx_word' id='word_1_410' title='bbox 2157 1882 2347 1920; x_wconf 78' lang='lat' dir='ltr'><strong>rursus</strong></span> <span class='ocrx_word' id='word_1_411' title='bbox 2385 1878 2640 1937; x_wconf 86' lang='lat' dir='ltr'><strong>tanquam</strong></span> <span class='ocrx_word' id='word_1_412' title='bbox 2677 1872 2913 1924; x_wconf 85' lang='lat' dir='ltr'><strong>filiorum</strong></span> <span class='ocrx_word' id='word_1_413' title='bbox 2947 1884 3223 1926; x_wconf 83' lang='lat' dir='ltr'><strong>amantem</strong></span> <span class='ocrx_word' id='word_1_414' title='bbox 3251 1873 3317 1925; x_wconf 91' lang='lat' dir='ltr'><strong>ad</strong></span> <span class='ocrx_word' id='word_1_415' title='bbox 3353 1888 3466 1925; x_wconf 83' lang='lat' dir='ltr'><strong>sus-</strong></span> 
     </span>
    </p>
   </div>
   <div class='ocr_carea' id='block_1_62' title="bbox 1881 1958 3460 2032">
    <p class='ocr_par' dir='ltr' id='par_1_62' title="bbox 1881 1958 3460 2032">
     <span class='ocr_line' id='line_1_62' title="bbox 1881 1958 3460 2032; baseline 0.005 -22"><span class='ocrx_word' id='word_1_416' title='bbox 1881 1958 2187 2023; x_wconf 85' lang='lat' dir='ltr'><strong>cipiendam</strong></span> <span class='ocrx_word' id='word_1_417' title='bbox 2222 1960 2603 2028; x_wconf 67' lang='lat' dir='ltr'><strong>przefecturam</strong></span> <span class='ocrx_word' id='word_1_418' title='bbox 2640 1973 2919 2032; x_wconf 70' lang='lat' dir='ltr'><strong>cogentes,</strong></span> <span class='ocrx_word' id='word_1_419' title='bbox 2951 1964 3018 2017; x_wconf 89' lang='lat' dir='ltr'><strong>ad</strong></span> <span class='ocrx_word' id='word_1_420' title='bbox 3066 1967 3460 2019; x_wconf 86' lang='lat' dir='ltr'><strong>monasterium</strong></span> 
     </span>
    </p>
   </div>
   <div class='ocr_carea' id='block_1_63' title="bbox 1882 2051 3464 2129">
    <p class='ocr_par' dir='ltr' id='par_1_63' title="bbox 1882 2051 3464 2129">
     <span class='ocr_line' id='line_1_63' title="bbox 1882 2051 3464 2129; baseline 0.006 -24"><span class='ocrx_word' id='word_1_421' title='bbox 1882 2051 2191 2109; x_wconf 86' lang='lat' dir='ltr'><strong>duxerunt:</strong></span> <span class='ocrx_word' id='word_1_422' title='bbox 2232 2054 2389 2124; x_wconf 87' lang='lat' dir='ltr'><strong>isque</strong></span> <span class='ocrx_word' id='word_1_423' title='bbox 2440 2057 2657 2111; x_wconf 90' lang='lat' dir='ltr'><strong>interim</strong></span> <span class='ocrx_word' id='word_1_424' title='bbox 2726 2068 2950 2128; x_wconf 87' lang='lat' dir='ltr'><strong>paterna</strong></span> <span class='ocrx_word' id='word_1_425' title='bbox 3002 2059 3201 2129; x_wconf 76' lang='lat' dir='ltr'><strong>pietate</strong></span> <span class='ocrx_word' id='word_1_426' title='bbox 3236 2060 3287 2113; x_wconf 91' lang='lat' dir='ltr'><strong>in</strong></span> <span class='ocrx_word' id='word_1_427' title='bbox 3339 2061 3464 2115; x_wconf 89' lang='lat' dir='ltr'><strong>filiis</strong></span> 
     </span>
    </p>
   </div>
   <div class='ocr_carea' id='block_1_64' title="bbox 1882 2146 2461 2213">
    <p class='ocr_par' dir='ltr' id='par_1_64' title="bbox 1882 2146 2461 2213">
     <span class='ocr_line' id='line_1_64' title="bbox 1882 2146 2461 2213; baseline 0.01 -17"><span class='ocrx_word' id='word_1_428' title='bbox 1882 2146 2128 2213; x_wconf 85' lang='lat' dir='ltr'><strong>quotidie</strong></span> <span class='ocrx_word' id='word_1_429' title='bbox 2153 2146 2461 2202; x_wconf 71' lang='lat' dir='ltr'><strong>lzetabatur.</strong></span> 
     </span>
    </p>
   </div>
   <div class='ocr_carea' id='block_1_65' title="bbox 1952 2235 3463 2307">
    <p class='ocr_par' dir='ltr' id='par_1_65' title="bbox 1952 2235 3463 2307">
     <span class='ocr_line' id='line_1_65' title="bbox 1952 2235 3463 2307; baseline 0.005 -18"><span class='ocrx_word' id='word_1_430' title='bbox 1952 2235 2089 2289; x_wconf 90' lang='lat' dir='ltr'><strong>Cum</strong></span> <span class='ocrx_word' id='word_1_431' title='bbox 2117 2238 2299 2307; x_wconf 87' lang='lat' dir='ltr'><strong>itaque</strong></span> <span class='ocrx_word' id='word_1_432' title='bbox 2322 2239 2475 2307; x_wconf 81' lang='lat' dir='ltr'><strong>juxta</strong></span> <span class='ocrx_word' id='word_1_433' title='bbox 2508 2240 2745 2295; x_wconf 87' lang='lat' dir='ltr'><strong>nominis</strong></span> <span class='ocrx_word' id='word_1_434' title='bbox 2795 2242 3067 2295; x_wconf 90' lang='lat' dir='ltr'><strong>rationem</strong></span> <span class='ocrx_word' id='word_1_435' title='bbox 3101 2241 3308 2298; x_wconf 89' lang='lat' dir='ltr'><strong>Christi</strong></span> <span class='ocrx_word' id='word_1_436' title='bbox 3343 2262 3463 2297; x_wconf 86' lang='lat' dir='ltr'><strong>inu-</strong></span> 
     </span>
    </p>
   </div>
   <div class='ocr_carea' id='block_1_66' title="bbox 1884 2330 3459 2405">
    <p class='ocr_par' dir='ltr' id='par_1_66' title="bbox 1884 2330 3459 2405">
     <span class='ocr_line' id='line_1_66' title="bbox 1884 2330 3459 2405; baseline 0.006 -24"><span class='ocrx_word' id='word_1_437' title='bbox 1884 2345 1986 2383; x_wconf 90' lang='lat' dir='ltr'><strong>nus</strong></span> <span class='ocrx_word' id='word_1_438' title='bbox 2041 2331 2174 2383; x_wconf 90' lang='lat' dir='ltr'><strong>illud</strong></span> <span class='ocrx_word' id='word_1_439' title='bbox 2236 2330 2495 2386; x_wconf 69' lang='lat' dir='ltr'><strong>Ecclesiae</strong></span> <span class='ocrx_word' id='word_1_440' title='bbox 2536 2349 2896 2397; x_wconf 88' lang='lat' dir='ltr'><strong>concessum,</strong></span> <span class='ocrx_word' id='word_1_441' title='bbox 2948 2334 3170 2399; x_wconf 83' lang='lat' dir='ltr'><strong>Christi,</strong></span> <span class='ocrx_word' id='word_1_442' title='bbox 3209 2336 3459 2405; x_wconf 83' lang='lat' dir='ltr'><strong>inquam,</strong></span> 
     </span>
    </p>
   </div>
   <div class='ocr_carea' id='block_1_67' title="bbox 1883 2424 3460 2491">
    <p class='ocr_par' dir='ltr' id='par_1_67' title="bbox 1883 2424 3460 2491">
     <span class='ocr_line' id='line_1_67' title="bbox 1883 2424 3460 2491; baseline 0.003 -21"><span class='ocrx_word' id='word_1_443' title='bbox 1883 2435 2096 2481; x_wconf 88' lang='lat' dir='ltr'><strong>amans.</strong></span> <span class='ocrx_word' id='word_1_444' title='bbox 2115 2436 2177 2475; x_wconf 85' lang='lat' dir='ltr'><strong>ac</strong></span> <span class='ocrx_word' id='word_1_445' title='bbox 2195 2424 2611 2491; x_wconf 73' lang='lat' dir='ltr'><strong>religiosissima</strong></span> <span class='ocrx_word' id='word_1_446' title='bbox 2629 2425 2875 2491; x_wconf 81' lang='lat' dir='ltr'><strong>imperati</strong></span> <span class='ocrx_word' id='word_1_447' title='bbox 2891 2426 2939 2477; x_wconf 90' lang='lat' dir='ltr'><strong>ix</strong></span> <span class='ocrx_word' id='word_1_448' title='bbox 2965 2467 2980 2487; x_wconf 95' lang='lat'><strong>,</strong></span> <span class='ocrx_word' id='word_1_449' title='bbox 3002 2442 3030 2478; x_wconf 90' lang='lat' dir='ltr'><strong>a</strong></span> <span class='ocrx_word' id='word_1_450' title='bbox 3049 2425 3309 2480; x_wconf 81' lang='lat' dir='ltr'><strong>Michaele</strong></span> <span class='ocrx_word' id='word_1_451' title='bbox 3330 2427 3460 2490; x_wconf 77' lang='lat' dir='ltr'><strong>lilio,</strong></span> 
     </span>
    </p>
   </div>
   <div class='ocr_carea' id='block_1_68' title="bbox 1887 2510 3460 2584">
    <p class='ocr_par' dir='ltr' id='par_1_68' title="bbox 1887 2510 3460 2584">
     <span class='ocr_line' id='line_1_68' title="bbox 1887 2510 3460 2584; baseline 0.003 -20"><span class='ocrx_word' id='word_1_452' title='bbox 1887 2510 1977 2564; x_wconf 88' lang='lat' dir='ltr'><strong>ubi</strong></span> <span class='ocrx_word' id='word_1_453' title='bbox 2005 2511 2117 2581; x_wconf 89' lang='lat' dir='ltr'><strong>jam</strong></span> <span class='ocrx_word' id='word_1_454' title='bbox 2165 2513 2255 2566; x_wconf 89' lang='lat' dir='ltr'><strong>ille</strong></span> <span class='ocrx_word' id='word_1_455' title='bbox 2296 2514 2540 2567; x_wconf 71' lang='lat' dir='ltr'><strong>infantiae</strong></span> <span class='ocrx_word' id='word_1_456' title='bbox 2565 2515 2864 2568; x_wconf 85' lang='lat' dir='ltr'><strong>balbutiein</strong></span> <span class='ocrx_word' id='word_1_457' title='bbox 2896 2516 3206 2584; x_wconf 84' lang='lat' dir='ltr'><strong>ahjecisset,</strong></span> <span class='ocrx_word' id='word_1_458' title='bbox 3239 2518 3307 2570; x_wconf 82' lang='lat' dir='ltr'><strong>ab</strong></span> <span class='ocrx_word' id='word_1_459' title='bbox 3336 2519 3460 2572; x_wconf 83' lang='lat' dir='ltr'><strong>aula</strong></span> 
     </span>
    </p>
   </div>
   <div class='ocr_carea' id='block_1_69' title="bbox 1881 2603 3463 2678">
    <p class='ocr_par' dir='ltr' id='par_1_69' title="bbox 1881 2603 3463 2678">
     <span class='ocr_line' id='line_1_69' title="bbox 1881 2603 3463 2678; baseline 0.004 -21"><span class='ocrx_word' id='word_1_460' title='bbox 1881 2603 2090 2671; x_wconf 85' lang='lat' dir='ltr'><strong>dejecta</strong></span> <span class='ocrx_word' id='word_1_461' title='bbox 2141 2617 2316 2671; x_wconf 84' lang='lat' dir='ltr'><strong>esset;</strong></span> <span class='ocrx_word' id='word_1_462' title='bbox 2349 2622 2473 2659; x_wconf 89' lang='lat' dir='ltr'><strong>eutn</strong></span> <span class='ocrx_word' id='word_1_463' title='bbox 2518 2606 2779 2659; x_wconf 90' lang='lat' dir='ltr'><strong>nimirum</strong></span> <span class='ocrx_word' id='word_1_464' title='bbox 2813 2623 2987 2661; x_wconf 90' lang='lat' dir='ltr'><strong>novus</strong></span> <span class='ocrx_word' id='word_1_465' title='bbox 3020 2609 3315 2678; x_wconf 71' lang='lat' dir='ltr'><strong>imperator</strong></span> <span class='ocrx_word' id='word_1_466' title='bbox 3344 2628 3463 2663; x_wconf 82' lang='lat' dir='ltr'><strong>nia-</strong></span> 
     </span>
    </p>
   </div>
   <div class='ocr_carea' id='block_1_70' title="bbox 1881 2695 3460 2757">
    <p class='ocr_par' dir='ltr' id='par_1_70' title="bbox 1881 2695 3460 2757">
     <span class='ocr_line' id='line_1_70' title="bbox 1881 2695 3460 2757; baseline 0.008 -12"><span class='ocrx_word' id='word_1_467' title='bbox 1881 2695 1989 2747; x_wconf 92' lang='lat' dir='ltr'><strong>lum</strong></span> <span class='ocrx_word' id='word_1_468' title='bbox 2033 2698 2409 2751; x_wconf 87' lang='lat' dir='ltr'><strong>consiliarium</strong></span> <span class='ocrx_word' id='word_1_469' title='bbox 2455 2698 2683 2752; x_wconf 83' lang='lat' dir='ltr'><strong>Bardam</strong></span> <span class='ocrx_word' id='word_1_470' title='bbox 2746 2699 3049 2753; x_wconf 75' lang='lat' dir='ltr'><strong>Tlieodorae</strong></span> <span class='ocrx_word' id='word_1_471' title='bbox 3092 2702 3315 2755; x_wconf 82' lang='lat' dir='ltr'><strong>fratrem</strong></span> <span class='ocrx_word' id='word_1_472' title='bbox 3358 2704 3460 2757; x_wconf 82' lang='lat' dir='ltr'><strong>sibi</strong></span> 
     </span>
    </p>
   </div>
   <div class='ocr_carea' id='block_1_71' title="bbox 1879 2788 3458 2865">
    <p class='ocr_par' dir='ltr' id='par_1_71' title="bbox 1879 2788 3458 2865">
     <span class='ocr_line' id='line_1_71' title="bbox 1879 2788 3458 2865; baseline 0.008 -27"><span class='ocrx_word' id='word_1_473' title='bbox 1879 2788 2239 2853; x_wconf 72' lang='lat' dir='ltr'><strong>adhibuisset,</strong></span> <span class='ocrx_word' id='word_1_474' title='bbox 2299 2790 2570 2858; x_wconf 82' lang='lat' dir='ltr'><strong>anthoque</strong></span> <span class='ocrx_word' id='word_1_475' title='bbox 2624 2793 2695 2845; x_wconf 88' lang='lat' dir='ltr'><strong>ita</strong></span> <span class='ocrx_word' id='word_1_476' title='bbox 2761 2808 2932 2860; x_wconf 85' lang='lat' dir='ltr'><strong>remp.</strong></span> <span class='ocrx_word' id='word_1_477' title='bbox 2969 2794 3110 2848; x_wconf 87' lang='lat' dir='ltr'><strong>inter</strong></span> <span class='ocrx_word' id='word_1_478' title='bbox 3165 2811 3225 2849; x_wconf 85' lang='lat' dir='ltr'><strong>se</strong></span> <span class='ocrx_word' id='word_1_479' title='bbox 3280 2800 3458 2865; x_wconf 85' lang='lat' dir='ltr'><strong>partiti</strong></span> 
     </span>
    </p>
   </div>
   <div class='ocr_carea' id='block_1_72' title="bbox 1876 2879 3462 2947">
    <p class='ocr_par' dir='ltr' id='par_1_72' title="bbox 1876 2879 3462 2947">
     <span class='ocr_line' id='line_1_72' title="bbox 1876 2879 3462 2947; baseline 0.004 -17"><span class='ocrx_word' id='word_1_480' title='bbox 1876 2887 2081 2941; x_wconf 81' lang='lat' dir='ltr'><strong>essent,</strong></span> <span class='ocrx_word' id='word_1_481' title='bbox 2120 2879 2331 2931; x_wconf 85' lang='lat' dir='ltr'><strong>utalter</strong></span> <span class='ocrx_word' id='word_1_482' title='bbox 2366 2881 2681 2947; x_wconf 86' lang='lat' dir='ltr'><strong>imperium,</strong></span> <span class='ocrx_word' id='word_1_483' title='bbox 2719 2880 2860 2933; x_wconf 84' lang='lat' dir='ltr'><strong>alter</strong></span> <span class='ocrx_word' id='word_1_484' title='bbox 2890 2881 3122 2935; x_wconf 73' lang='lat' dir='ltr'><strong>Ca-saris</strong></span> <span class='ocrx_word' id='word_1_485' title='bbox 3152 2883 3253 2936; x_wconf 85' lang='lat' dir='ltr'><strong>sibi</strong></span> <span class='ocrx_word' id='word_1_486' title='bbox 3290 2885 3462 2936; x_wconf 92' lang='lat' dir='ltr'><strong>hono-</strong></span> 
     </span>
    </p>
   </div>
   <div class='ocr_carea' id='block_1_73' title="bbox 1882 2970 3461 3045">
    <p class='ocr_par' dir='ltr' id='par_1_73' title="bbox 1882 2970 3461 3045">
     <span class='ocr_line' id='line_1_73' title="bbox 1882 2970 3461 3045; baseline 0.005 -25"><span class='ocrx_word' id='word_1_487' title='bbox 1882 2986 1993 3021; x_wconf 88' lang='lat' dir='ltr'><strong>rem</strong></span> <span class='ocrx_word' id='word_1_488' title='bbox 2026 2970 2368 3036; x_wconf 82' lang='lat' dir='ltr'><strong>vcndiearet;</strong></span> <span class='ocrx_word' id='word_1_489' title='bbox 2400 2986 2508 3023; x_wconf 89' lang='lat' dir='ltr'><strong>non</strong></span> <span class='ocrx_word' id='word_1_490' title='bbox 2536 2973 2789 3040; x_wconf 76' lang='lat' dir='ltr'><strong>exiguam</strong></span> <span class='ocrx_word' id='word_1_491' title='bbox 2827 2972 2954 3026; x_wconf 90' lang='lat' dir='ltr'><strong>inde</strong></span> <span class='ocrx_word' id='word_1_492' title='bbox 2987 2975 3238 3042; x_wconf 89' lang='lat' dir='ltr'><strong>subjecto</strong></span> <span class='ocrx_word' id='word_1_493' title='bbox 3262 2976 3461 3045; x_wconf 84' lang='lat' dir='ltr'><strong>populo</strong></span> 
     </span>
    </p>
   </div>
   <div class='ocr_carea' id='block_1_74' title="bbox 1880 3064 3460 3136">
    <p class='ocr_par' dir='ltr' id='par_1_74' title="bbox 1880 3064 3460 3136">
     <span class='ocr_line' id='line_1_74' title="bbox 1880 3064 3460 3136; baseline 0.006 -25"><span class='ocrx_word' id='word_1_494' title='bbox 1880 3064 2218 3116; x_wconf 70' lang='lat' dir='ltr'><strong>voluntatum</strong></span> <span class='ocrx_word' id='word_1_495' title='bbox 2262 3064 2313 3116; x_wconf 93' lang='lat' dir='ltr'><strong>in</strong></span> <span class='ocrx_word' id='word_1_496' title='bbox 2351 3065 2584 3117; x_wconf 83' lang='lat' dir='ltr'><strong>invicem</strong></span> <span class='ocrx_word' id='word_1_497' title='bbox 2635 3064 3042 3130; x_wconf 74' lang='lat' dir='ltr'><strong>confusionem,</strong></span> <span class='ocrx_word' id='word_1_498' title='bbox 3071 3083 3179 3136; x_wconf 79' lang='lat' dir='ltr'><strong>qua</strong></span> <span class='ocrx_word' id='word_1_499' title='bbox 3223 3084 3330 3120; x_wconf 92' lang='lat' dir='ltr'><strong>non</strong></span> <span class='ocrx_word' id='word_1_500' title='bbox 3368 3085 3460 3136; x_wconf 88' lang='lat' dir='ltr'><strong>pti-</strong></span> 
     </span>
    </p>
   </div>
   <div class='ocr_carea' id='block_1_75' title="bbox 1880 3158 3448 3229">
    <p class='ocr_par' dir='ltr' id='par_1_75' title="bbox 1880 3158 3448 3229">
     <span class='ocr_line' id='line_1_75' title="bbox 1880 3158 3448 3229; baseline 0.005 -21"><span class='ocrx_word' id='word_1_501' title='bbox 1880 3158 2066 3209; x_wconf 86' lang='lat' dir='ltr'><strong>tahant</strong></span> <span class='ocrx_word' id='word_1_502' title='bbox 2121 3158 2350 3221; x_wconf 87' lang='lat' dir='ltr'><strong>ratione,</strong></span> <span class='ocrx_word' id='word_1_503' title='bbox 2385 3159 2437 3210; x_wconf 89' lang='lat' dir='ltr'><strong>in</strong></span> <span class='ocrx_word' id='word_1_504' title='bbox 2480 3174 2539 3212; x_wconf 86' lang='lat' dir='ltr'><strong>se</strong></span> <span class='ocrx_word' id='word_1_505' title='bbox 2570 3158 2671 3228; x_wconf 89' lang='lat' dir='ltr'><strong>ipsi</strong></span> <span class='ocrx_word' id='word_1_506' title='bbox 2719 3158 2932 3213; x_wconf 80' lang='lat' dir='ltr'><strong>divinas</strong></span> <span class='ocrx_word' id='word_1_507' title='bbox 2965 3159 3115 3229; x_wconf 78' lang='lat' dir='ltr'><strong>leges</strong></span> <span class='ocrx_word' id='word_1_508' title='bbox 3155 3161 3448 3225; x_wconf 71' lang='lat' dir='ltr'><strong>violantes,</strong></span> 
     </span>
    </p>
   </div>
   <div class='ocr_carea' id='block_1_76' title="bbox 1880 3249 2146 3301">
    <p class='ocr_par' dir='ltr' id='par_1_76' title="bbox 1880 3249 2146 3301">
     <span class='ocr_line' id='line_1_76' title="bbox 1880 3249 2146 3301; baseline 0.011 -5"><span class='ocrx_word' id='word_1_509' title='bbox 1880 3249 2146 3301; x_wconf 84' lang='lat' dir='ltr'><strong>fecerunt.</strong></span> 
     </span>
    </p>
   </div>
   <div class='ocr_carea' id='block_1_77' title="bbox 1952 3339 3461 3410">
    <p class='ocr_par' dir='ltr' id='par_1_77' title="bbox 1952 3339 3461 3410">
     <span class='ocr_line' id='line_1_77' title="bbox 1952 3339 3461 3410; baseline 0.006 -20"><span class='ocrx_word' id='word_1_510' title='bbox 1952 3339 2043 3392; x_wconf 88' lang='lat' dir='ltr'><strong>llle</strong></span> <span class='ocrx_word' id='word_1_511' title='bbox 2098 3340 2367 3408; x_wconf 88' lang='lat' dir='ltr'><strong>siquidem</strong></span> <span class='ocrx_word' id='word_1_512' title='bbox 2414 3342 2764 3410; x_wconf 86' lang='lat' dir='ltr'><strong>supercilium</strong></span> <span class='ocrx_word' id='word_1_513' title='bbox 2796 3344 2935 3398; x_wconf 91' lang='lat' dir='ltr'><strong>tollit</strong></span> <span class='ocrx_word' id='word_1_514' title='bbox 2965 3344 3019 3396; x_wconf 90' lang='lat' dir='ltr'><strong>in</strong></span> <span class='ocrx_word' id='word_1_515' title='bbox 3062 3352 3326 3410; x_wconf 87' lang='lat' dir='ltr'><strong>matrem,</strong></span> <span class='ocrx_word' id='word_1_516' title='bbox 3372 3345 3461 3398; x_wconf 86' lang='lat' dir='ltr'><strong>hic</strong></span> 
     </span>
    </p>
   </div>
   <div class='ocr_carea' id='block_1_78' title="bbox 1880 3433 3459 3503">
    <p class='ocr_par' dir='ltr' id='par_1_78' title="bbox 1880 3433 3459 3503">
     <span class='ocr_line' id='line_1_78' title="bbox 1880 3433 3459 3503; baseline 0.003 -21"><span class='ocrx_word' id='word_1_517' title='bbox 1880 3439 2139 3498; x_wconf 62' lang='lat' dir='ltr'><strong>praeterea</strong></span> <span class='ocrx_word' id='word_1_518' title='bbox 2164 3433 2218 3485; x_wconf 91' lang='lat' dir='ltr'><strong>in</strong></span> <span class='ocrx_word' id='word_1_519' title='bbox 2245 3435 2415 3500; x_wconf 86' lang='lat' dir='ltr'><strong>ipsam</strong></span> <span class='ocrx_word' id='word_1_520' title='bbox 2445 3449 2663 3502; x_wconf 86' lang='lat' dir='ltr'><strong>quoque</strong></span> <span class='ocrx_word' id='word_1_521' title='bbox 2691 3443 2940 3487; x_wconf 87' lang='lat' dir='ltr'><strong>naturam</strong></span> <span class='ocrx_word' id='word_1_522' title='bbox 2960 3436 3227 3503; x_wconf 86' lang='lat' dir='ltr'><strong>peccavit,</strong></span> <span class='ocrx_word' id='word_1_523' title='bbox 3253 3446 3459 3489; x_wconf 78' lang='lat' dir='ltr'><strong>natura:</strong></span> 
     </span>
    </p>
   </div>
   <div class='ocr_carea' id='block_1_79' title="bbox 1878 3524 3459 3595">
    <p class='ocr_par' dir='ltr' id='par_1_79' title="bbox 1878 3524 3459 3595">
     <span class='ocr_line' id='line_1_79' title="bbox 1878 3524 3459 3595; baseline 0.006 -20"><span class='ocrx_word' id='word_1_524' title='bbox 1878 3524 2152 3577; x_wconf 74' lang='lat' dir='ltr'><strong>actionem</strong></span> <span class='ocrx_word' id='word_1_525' title='bbox 2206 3536 2409 3579; x_wconf 87' lang='lat' dir='ltr'><strong>temere</strong></span> <span class='ocrx_word' id='word_1_526' title='bbox 2463 3542 2737 3595; x_wconf 89' lang='lat' dir='ltr'><strong>usurpans</strong></span> <span class='ocrx_word' id='word_1_527' title='bbox 2777 3536 2969 3581; x_wconf 91' lang='lat' dir='ltr'><strong>contra</strong></span> <span class='ocrx_word' id='word_1_528' title='bbox 3010 3537 3282 3581; x_wconf 89' lang='lat' dir='ltr'><strong>naturam.</strong></span> <span class='ocrx_word' id='word_1_529' title='bbox 3325 3528 3459 3585; x_wconf 84' lang='lat' dir='ltr'><strong>Vide</strong></span> 
     </span>
    </p>
   </div>
   <div class='ocr_carea' id='block_1_80' title="bbox 1876 3616 3457 3689">
    <p class='ocr_par' dir='ltr' id='par_1_80' title="bbox 1876 3616 3457 3689">
     <span class='ocr_line' id='line_1_80' title="bbox 1876 3616 3457 3689; baseline 0.005 -22"><span class='ocrx_word' id='word_1_530' title='bbox 1876 3616 2019 3668; x_wconf 89' lang='lat' dir='ltr'><strong>enim</strong></span> <span class='ocrx_word' id='word_1_531' title='bbox 2073 3617 2201 3684; x_wconf 89' lang='lat' dir='ltr'><strong>quid</strong></span> <span class='ocrx_word' id='word_1_532' title='bbox 2253 3628 2555 3687; x_wconf 72' lang='lat' dir='ltr'><strong>gereretur.</strong></span> <span class='ocrx_word' id='word_1_533' title='bbox 2593 3618 2885 3681; x_wconf 74' lang='lat' dir='ltr'><strong>Nimirum,</strong></span> <span class='ocrx_word' id='word_1_534' title='bbox 2917 3620 3246 3673; x_wconf 80' lang='lat' dir='ltr'><strong>miserabilis</strong></span> <span class='ocrx_word' id='word_1_535' title='bbox 3276 3621 3457 3689; x_wconf 75' lang='lat' dir='ltr'><strong>Caesar</strong></span> 
     </span>
    </p>
   </div>
   <div class='ocr_carea' id='block_1_81' title="bbox 1880 3706 3454 3779">
    <p class='ocr_par' dir='ltr' id='par_1_81' title="bbox 1880 3706 3454 3779">
     <span class='ocr_line' id='line_1_81' title="bbox 1880 3706 3454 3779; baseline 0.006 -20"><span class='ocrx_word' id='word_1_536' title='bbox 1880 3706 2107 3773; x_wconf 74' lang='lat' dir='ltr'><strong>Bardas,</strong></span> <span class='ocrx_word' id='word_1_537' title='bbox 2140 3711 2405 3766; x_wconf 84' lang='lat' dir='ltr'><strong>adversus</strong></span> <span class='ocrx_word' id='word_1_538' title='bbox 2454 3713 2546 3765; x_wconf 84' lang='lat' dir='ltr'><strong>filii</strong></span> <span class='ocrx_word' id='word_1_539' title='bbox 2602 3713 2819 3766; x_wconf 90' lang='lat' dir='ltr'><strong>thornm</strong></span> <span class='ocrx_word' id='word_1_540' title='bbox 2878 3715 3109 3767; x_wconf 86' lang='lat' dir='ltr'><strong>sceleste</strong></span> <span class='ocrx_word' id='word_1_541' title='bbox 3150 3714 3454 3779; x_wconf 82' lang='lat' dir='ltr'><strong>insaniens,</strong></span> 
     </span>
    </p>
   </div>
   <div class='ocr_carea' id='block_1_82' title="bbox 1879 3803 3455 3877">
    <p class='ocr_par' dir='ltr' id='par_1_82' title="bbox 1879 3803 3455 3877">
     <span class='ocr_line' id='line_1_82' title="bbox 1879 3803 3455 3877; baseline 0.005 -23"><span class='ocrx_word' id='word_1_542' title='bbox 1879 3817 2054 3854; x_wconf 81' lang='lat' dir='ltr'><strong>novus</strong></span> <span class='ocrx_word' id='word_1_543' title='bbox 2088 3803 2283 3867; x_wconf 86' lang='lat' dir='ltr'><strong>conjux</strong></span> <span class='ocrx_word' id='word_1_544' title='bbox 2318 3821 2441 3857; x_wconf 91' lang='lat' dir='ltr'><strong>cum</strong></span> <span class='ocrx_word' id='word_1_545' title='bbox 2477 3807 2697 3875; x_wconf 88' lang='lat' dir='ltr'><strong>propria</strong></span> <span class='ocrx_word' id='word_1_546' title='bbox 2736 3808 3282 3877; x_wconf 82' lang='lat' dir='ltr'><strong>sponsa,jugumque</strong></span> <span class='ocrx_word' id='word_1_547' title='bbox 3314 3813 3455 3862; x_wconf 86' lang='lat' dir='ltr'><strong>alte-</strong></span> 
     </span>
    </p>
   </div>
   <div class='ocr_carea' id='block_1_83' title="bbox 1881 3894 3181 3966">
    <p class='ocr_par' dir='ltr' id='par_1_83' title="bbox 1881 3894 3181 3966">
     <span class='ocr_line' id='line_1_83' title="bbox 1881 3894 3181 3966; baseline 0.005 -19"><span class='ocrx_word' id='word_1_548' title='bbox 1881 3896 1996 3947; x_wconf 90' lang='lat' dir='ltr'><strong>rius</strong></span> <span class='ocrx_word' id='word_1_549' title='bbox 2029 3894 2225 3949; x_wconf 89' lang='lat' dir='ltr'><strong>similis</strong></span> <span class='ocrx_word' id='word_1_550' title='bbox 2254 3911 2317 3948; x_wconf 86' lang='lat' dir='ltr'><strong>ac</strong></span> <span class='ocrx_word' id='word_1_551' title='bbox 2350 3896 2443 3949; x_wconf 88' lang='lat' dir='ltr'><strong>filii</strong></span> <span class='ocrx_word' id='word_1_552' title='bbox 2479 3900 2806 3966; x_wconf 88' lang='lat' dir='ltr'><strong>perturbans</strong></span> <span class='ocrx_word' id='word_1_553' title='bbox 2834 3902 3181 3953; x_wconf 76' lang='lat' dir='ltr'><strong>nosrehatur.</strong></span> 
     </span>
    </p>
   </div>
   <div class='ocr_carea' id='block_1_84' title="bbox 1949 3986 3453 4060">
    <p class='ocr_par' dir='ltr' id='par_1_84' title="bbox 1949 3986 3453 4060">
     <span class='ocr_line' id='line_1_84' title="bbox 1949 3986 3453 4060; baseline 0.003 -22"><span class='ocrx_word' id='word_1_554' title='bbox 1949 3986 2040 4039; x_wconf 85' lang='lat' dir='ltr'><strong>Dei</strong></span> <span class='ocrx_word' id='word_1_555' title='bbox 2088 4001 2217 4056; x_wconf 79' lang='lat' dir='ltr'><strong>ergo</strong></span> <span class='ocrx_word' id='word_1_556' title='bbox 2265 3988 2529 4055; x_wconf 79' lang='lat' dir='ltr'><strong>pontifex,</strong></span> <span class='ocrx_word' id='word_1_557' title='bbox 2586 3998 2751 4059; x_wconf 82' lang='lat' dir='ltr'><strong>atque</strong></span> <span class='ocrx_word' id='word_1_558' title='bbox 2825 4007 2852 4044; x_wconf 88' lang='lat' dir='ltr'><strong>a</strong></span> <span class='ocrx_word' id='word_1_559' title='bbox 2911 3992 3146 4050; x_wconf 71' lang='lat' dir='ltr'><strong>lieifero.</strong></span> <span class='ocrx_word' id='word_1_560' title='bbox 3235 4008 3453 4060; x_wconf 75' lang='lat' dir='ltr'><strong>magno,</strong></span> 
     </span>
    </p>
   </div>
   <div class='ocr_carea' id='block_1_85' title="bbox 1876 4078 3453 4153">
    <p class='ocr_par' dir='ltr' id='par_1_85' title="bbox 1876 4078 3453 4153">
     <span class='ocr_line' id='line_1_85' title="bbox 1876 4078 3453 4153; baseline 0.004 -22"><span class='ocrx_word' id='word_1_561' title='bbox 1876 4079 2121 4146; x_wconf 85' lang='lat' dir='ltr'><strong>inquam,</strong></span> <span class='ocrx_word' id='word_1_562' title='bbox 2152 4078 2381 4147; x_wconf 80' lang='lat' dir='ltr'><strong>lgnatio,</strong></span> <span class='ocrx_word' id='word_1_563' title='bbox 2409 4095 2605 4134; x_wconf 89' lang='lat' dir='ltr'><strong>nomen</strong></span> <span class='ocrx_word' id='word_1_564' title='bbox 2638 4082 2841 4135; x_wconf 86' lang='lat' dir='ltr'><strong>habens</strong></span> <span class='ocrx_word' id='word_1_565' title='bbox 2887 4083 2937 4135; x_wconf 88' lang='lat' dir='ltr'><strong>id</strong></span> <span class='ocrx_word' id='word_1_566' title='bbox 2993 4083 3255 4136; x_wconf 83' lang='lat' dir='ltr'><strong>facinoris</strong></span> <span class='ocrx_word' id='word_1_567' title='bbox 3289 4101 3453 4153; x_wconf 89' lang='lat' dir='ltr'><strong>quam</strong></span> 
     </span>
    </p>
   </div>
   <div class='ocr_carea' id='block_1_86' title="bbox 1877 4169 3455 4240">
    <p class='ocr_par' dir='ltr' id='par_1_86' title="bbox 1877 4169 3455 4240">
     <span class='ocr_line' id='line_1_86' title="bbox 1877 4169 3455 4240; baseline 0.005 -18"><span class='ocrx_word' id='word_1_568' title='bbox 1877 4169 1991 4222; x_wconf 83' lang='lat' dir='ltr'><strong>fieri</strong></span> <span class='ocrx_word' id='word_1_569' title='bbox 2026 4182 2230 4238; x_wconf 85' lang='lat' dir='ltr'><strong>posset,</strong></span> <span class='ocrx_word' id='word_1_570' title='bbox 2250 4172 2529 4240; x_wconf 73' lang='lat' dir='ltr'><strong>corrigere</strong></span> <span class='ocrx_word' id='word_1_571' title='bbox 2557 4174 2808 4239; x_wconf 86' lang='lat' dir='ltr'><strong>studens,</strong></span> <span class='ocrx_word' id='word_1_572' title='bbox 2841 4184 3123 4238; x_wconf 86' lang='lat' dir='ltr'><strong>constans,</strong></span> <span class='ocrx_word' id='word_1_573' title='bbox 3158 4192 3222 4228; x_wconf 85' lang='lat' dir='ltr'><strong>ex</strong></span> <span class='ocrx_word' id='word_1_574' title='bbox 3254 4177 3455 4230; x_wconf 76' lang='lat' dir='ltr'><strong>divina:</strong></span> 
     </span>
    </p>
   </div>
   <div class='ocr_carea' id='block_1_87' title="bbox 1877 4262 3457 4334">
    <p class='ocr_par' dir='ltr' id='par_1_87' title="bbox 1877 4262 3457 4334">
     <span class='ocr_line' id='line_1_87' title="bbox 1877 4262 3457 4334; baseline 0.004 -21"><span class='ocrx_word' id='word_1_575' title='bbox 1877 4262 2011 4330; x_wconf 79' lang='lat' dir='ltr'><strong>legis</strong></span> <span class='ocrx_word' id='word_1_576' title='bbox 2043 4264 2360 4332; x_wconf 70' lang='lat' dir='ltr'><strong>praescripto</strong></span> <span class='ocrx_word' id='word_1_577' title='bbox 2387 4264 2953 4334; x_wconf 74' lang='lat' dir='ltr'><strong>jngiteradnionehat,</strong></span> <span class='ocrx_word' id='word_1_578' title='bbox 2989 4266 3335 4330; x_wconf 82' lang='lat' dir='ltr'><strong>obsecrabat,</strong></span> <span class='ocrx_word' id='word_1_579' title='bbox 3376 4269 3457 4320; x_wconf 89' lang='lat' dir='ltr'><strong>in-</strong></span> 
     </span>
    </p>
   </div>
   <div class='ocr_carea' id='block_1_88' title="bbox 1875 4357 3456 4426">
    <p class='ocr_par' dir='ltr' id='par_1_88' title="bbox 1875 4357 3456 4426">
     <span class='ocr_line' id='line_1_88' title="bbox 1875 4357 3456 4426; baseline 0.004 -17"><span class='ocrx_word' id='word_1_580' title='bbox 1875 4359 2133 4424; x_wconf 81' lang='lat' dir='ltr'><strong>crepabat</strong></span> <span class='ocrx_word' id='word_1_581' title='bbox 2149 4357 2216 4421; x_wconf 77' lang='lat'><strong>’°,</strong></span> <span class='ocrx_word' id='word_1_582' title='bbox 2238 4373 2468 4426; x_wconf 91' lang='lat' dir='ltr'><strong>sperans</strong></span> <span class='ocrx_word' id='word_1_583' title='bbox 2494 4357 2607 4412; x_wconf 86' lang='lat' dir='ltr'><strong>fore</strong></span> <span class='ocrx_word' id='word_1_584' title='bbox 2633 4367 2690 4411; x_wconf 90' lang='lat' dir='ltr'><strong>ut</strong></span> <span class='ocrx_word' id='word_1_585' title='bbox 2713 4374 2774 4411; x_wconf 86' lang='lat' dir='ltr'><strong>ea</strong></span> <span class='ocrx_word' id='word_1_586' title='bbox 2801 4359 3013 4413; x_wconf 86' lang='lat' dir='ltr'><strong>ratione</strong></span> <span class='ocrx_word' id='word_1_587' title='bbox 3033 4361 3213 4414; x_wconf 82' lang='lat' dir='ltr'><strong>scelus</strong></span> <span class='ocrx_word' id='word_1_588' title='bbox 3227 4362 3456 4416; x_wconf 90' lang='lat' dir='ltr'><strong>omnino</strong></span> 
     </span>
    </p>
   </div>
   <div class='ocr_carea' id='block_1_89' title="bbox 1876 4447 3458 4518">
    <p class='ocr_par' dir='ltr' id='par_1_89' title="bbox 1876 4447 3458 4518">
     <span class='ocr_line' id='line_1_89' title="bbox 1876 4447 3458 4518; baseline 0.002 -18"><span class='ocrx_word' id='word_1_589' title='bbox 1876 4447 2312 4501; x_wconf 84' lang='lat' dir='ltr'><strong>cxseinderetnr.</strong></span> <span class='ocrx_word' id='word_1_590' title='bbox 2384 4447 2537 4501; x_wconf 89' lang='lat' dir='ltr'><strong>llaud</strong></span> <span class='ocrx_word' id='word_1_591' title='bbox 2587 4449 2731 4501; x_wconf 86' lang='lat' dir='ltr'><strong>enim</strong></span> <span class='ocrx_word' id='word_1_592' title='bbox 2804 4465 2933 4502; x_wconf 84' lang='lat' dir='ltr'><strong>vero</strong></span> <span class='ocrx_word' id='word_1_593' title='bbox 2995 4450 3197 4517; x_wconf 71' lang='lat' dir='ltr'><strong>iniqua:</strong></span> <span class='ocrx_word' id='word_1_594' title='bbox 3249 4452 3458 4518; x_wconf 76' lang='lat' dir='ltr'><strong>Copula:</strong></span> 
     </span>
    </p>
   </div>
   <div class='ocr_carea' id='block_1_90' title="bbox 1878 4538 3457 4609">
    <p class='ocr_par' dir='ltr' id='par_1_90' title="bbox 1878 4538 3457 4609">
     <span class='ocr_line' id='line_1_90' title="bbox 1878 4538 3457 4609; baseline 0.001 -17"><span class='ocrx_word' id='word_1_595' title='bbox 1878 4554 2035 4592; x_wconf 80' lang='lat' dir='ltr'><strong>amat&#39;</strong></span> <span class='ocrx_word' id='word_1_596' title='bbox 2059 4538 2357 4609; x_wconf 85' lang='lat' dir='ltr'><strong>quidquam</strong></span> <span class='ocrx_word' id='word_1_597' title='bbox 2406 4541 2661 4592; x_wconf 85' lang='lat' dir='ltr'><strong>miserum</strong></span> <span class='ocrx_word' id='word_1_598' title='bbox 2704 4542 2771 4592; x_wconf 91' lang='lat' dir='ltr'><strong>ad</strong></span> <span class='ocrx_word' id='word_1_599' title='bbox 2825 4540 3035 4607; x_wconf 74' lang='lat' dir='ltr'><strong>frugem</strong></span> <span class='ocrx_word' id='word_1_600' title='bbox 3060 4541 3337 4593; x_wconf 88' lang='lat' dir='ltr'><strong>meliorem</strong></span> <span class='ocrx_word' id='word_1_601' title='bbox 3371 4557 3457 4593; x_wconf 89' lang='lat' dir='ltr'><strong>re-</strong></span> 
     </span>
    </p>
   </div>
   <div class='ocr_carea' id='block_1_91' title="bbox 185 4626 1775 4704">
    <p class='ocr_par' dir='ltr' id='par_1_91' title="bbox 185 4629 1767 4704">
     <span class='ocr_line' id='line_1_91' title="bbox 185 4629 1767 4704; baseline 0 -22"><span class='ocrx_word' id='word_1_602' title='bbox 185 4629 290 4683; x_wconf 79' lang='grc' dir='ltr'>είόε</span> <span class='ocrx_word' id='word_1_603' title='bbox 345 4632 695 4699; x_wconf 69' lang='grc' dir='ltr'>ἐκκεκυφότα</span> <span class='ocrx_word' id='word_1_604' title='bbox 750 4634 861 4704; x_wconf 66' lang='lat'><strong>(29)</strong></span> <span class='ocrx_word' id='word_1_605' title='bbox 926 4633 1016 4687; x_wconf 73' lang='grc' dir='ltr'><strong>τὸν</strong></span> <span class='ocrx_word' id='word_1_606' title='bbox 1045 4633 1248 4697; x_wconf 77' lang='grc' dir='ltr'>ἄθλιον,</span> <span class='ocrx_word' id='word_1_607' title='bbox 1280 4634 1376 4686; x_wconf 76' lang='grc' dir='ltr'>καὶ</span> <span class='ocrx_word' id='word_1_608' title='bbox 1429 4630 1617 4685; x_wconf 79' lang='grc' dir='ltr'>δοῦλον</span> <span class='ocrx_word' id='word_1_609' title='bbox 1669 4633 1767 4698; x_wconf 80' lang='grc' dir='ltr'>τῆς</span> 
     </span>
    </p>
   </div>
   <div class='ocr_carea' id='block_1_92' title="bbox 1879 4626 3449 4704">
    <p class='ocr_par' dir='ltr' id='par_1_92' title="bbox 1879 4630 3449 4699">
     <span class='ocr_line' id='line_1_92' title="bbox 1879 4630 3449 4699; baseline 0.001 -15"><span class='ocrx_word' id='word_1_610' title='bbox 1879 4630 1991 4684; x_wconf 86' lang='lat' dir='ltr'><strong>dire</strong></span> <span class='ocrx_word' id='word_1_611' title='bbox 2019 4630 2252 4686; x_wconf 88' lang='lat' dir='ltr'><strong>sinebat.</strong></span> <span class='ocrx_word' id='word_1_612' title='bbox 2283 4630 2551 4684; x_wconf 64' lang='lat' dir='ltr'><strong>Ca&#39;terum</strong></span> <span class='ocrx_word' id='word_1_613' title='bbox 2585 4630 2680 4682; x_wconf 83' lang='lat' dir='ltr'><strong>tibi</strong></span> <span class='ocrx_word' id='word_1_614' title='bbox 2703 4644 2858 4683; x_wconf 86' lang='lat' dir='ltr'><strong>sacer</strong></span> <span class='ocrx_word' id='word_1_615' title='bbox 2894 4632 3137 4699; x_wconf 76' lang='lat' dir='ltr'><strong>pontifex</strong></span> <span class='ocrx_word' id='word_1_616' title='bbox 3170 4632 3449 4686; x_wconf 90' lang='lat' dir='ltr'><strong>hominem</strong></span> 
     </span>
    </p>
   </div>
   <div class='ocr_carea' id='block_1_93' title="bbox 254 4789 743 4851">
    <p class='ocr_par' dir='ltr' id='par_1_93' title="bbox 254 4789 743 4851">
     <span class='ocr_line' id='line_1_93' title="bbox 254 4789 743 4851; baseline -0.002 -9"><span class='ocrx_word' id='word_1_617' title='bbox 254 4791 299 4821; x_wconf 76' lang='grc'>²⁰</span> <span class='ocrx_word' id='word_1_618' title='bbox 331 4791 368 4842; x_wconf 87' lang='lat' dir='ltr'><strong>Il</strong></span> <span class='ocrx_word' id='word_1_619' title='bbox 397 4789 539 4843; x_wconf 83' lang='lat' dir='ltr'><strong>Titii.</strong></span> <span class='ocrx_word' id='word_1_620' title='bbox 586 4806 658 4851; x_wconf 86' lang='lat' dir='ltr'><strong>Iv,</strong></span> <span class='ocrx_word' id='word_1_621' title='bbox 689 4789 743 4842; x_wconf 72' lang='grc'><strong>2.</strong></span> 
     </span>
    </p>
   </div>
   <div class='ocr_carea' id='block_1_94' title="bbox 1364 4908 2286 4964">
    <p class='ocr_par' dir='ltr' id='par_1_94' title="bbox 1364 4908 2286 4964">
     <span class='ocr_line' id='line_1_94' title="bbox 1364 4908 2286 4964; baseline -0.001 0"><span class='ocrx_word' id='word_1_622' title='bbox 1364 4908 1607 4964; x_wconf 68' lang='lat' dir='ltr'><strong>FRANC.</strong></span> <span class='ocrx_word' id='word_1_623' title='bbox 1635 4908 2023 4964; x_wconf 77' lang='lat' dir='ltr'><strong>COMBEFISII</strong></span> <span class='ocrx_word' id='word_1_624' title='bbox 2055 4908 2286 4963; x_wconf 72' lang='grc' dir='ltr'><strong>ΝΟΤΑΞ.</strong></span> 
     </span>
    </p>
   </div>
   <div class='ocr_carea' id='block_1_95' title="bbox 255 5048 1757 5119">
    <p class='ocr_par' dir='ltr' id='par_1_95' title="bbox 255 5048 1757 5119">
     <span class='ocr_line' id='line_1_95' title="bbox 255 5048 1757 5119; baseline -0.001 -16"><span class='ocrx_word' id='word_1_625' title='bbox 255 5050 374 5119; x_wconf 69' lang='lat'><strong>(28)</strong></span> <span class='ocrx_word' id='word_1_626' title='bbox 396 5048 516 5103; x_wconf 81' lang='lat' dir='ltr'><strong>Vox</strong></span> <span class='ocrx_word' id='word_1_627' title='bbox 560 5049 757 5112; x_wconf 90' lang='lat' dir='ltr'><strong>rarior,</strong></span> <span class='ocrx_word' id='word_1_628' title='bbox 788 5048 881 5104; x_wconf 82' lang='lat' dir='ltr'><strong>Sed</strong></span> <span class='ocrx_word' id='word_1_629' title='bbox 911 5064 1018 5117; x_wconf 83' lang='lat' dir='ltr'><strong>qua</strong></span> <span class='ocrx_word' id='word_1_630' title='bbox 1052 5050 1287 5104; x_wconf 76' lang='lat' dir='ltr'><strong>maxima</strong></span> <span class='ocrx_word' id='word_1_631' title='bbox 1322 5050 1415 5103; x_wconf 87' lang='lat' dir='ltr'><strong>filii</strong></span> <span class='ocrx_word' id='word_1_632' title='bbox 1451 5050 1515 5103; x_wconf 87' lang='lat' dir='ltr'><strong>ad</strong></span> <span class='ocrx_word' id='word_1_633' title='bbox 1548 5059 1757 5119; x_wconf 84' lang='lat' dir='ltr'><strong>patrem</strong></span> 
     </span>
    </p>
   </div>
   <div class='ocr_carea' id='block_1_96' title="bbox 187 5120 1760 5190">
    <p class='ocr_par' dir='ltr' id='par_1_96' title="bbox 187 5120 1760 5190">
     <span class='ocr_line' id='line_1_96' title="bbox 187 5120 1760 5190; baseline -0.003 -12"><span class='ocrx_word' id='word_1_634' title='bbox 187 5122 539 5178; x_wconf 71' lang='lat' dir='ltr'><strong>necsssitudo</strong></span> <span class='ocrx_word' id='word_1_635' title='bbox 570 5122 709 5174; x_wconf 92' lang='lat' dir='ltr'><strong>bene</strong></span> <span class='ocrx_word' id='word_1_636' title='bbox 740 5120 1101 5187; x_wconf 78' lang='lat' dir='ltr'><strong>exprimatur,</strong></span> <span class='ocrx_word' id='word_1_637' title='bbox 1144 5123 1235 5190; x_wconf 84' lang='lat' dir='ltr'><strong>qui</strong></span> <span class='ocrx_word' id='word_1_638' title='bbox 1269 5121 1342 5174; x_wconf 90' lang='lat' dir='ltr'><strong>sit</strong></span> <span class='ocrx_word' id='word_1_639' title='bbox 1367 5122 1506 5173; x_wconf 86' lang='lat' dir='ltr'><strong>alter</strong></span> <span class='ocrx_word' id='word_1_640' title='bbox 1536 5136 1760 5190; x_wconf 84' lang='lat' dir='ltr'><strong>prorsus</strong></span> 
     </span>
    </p>
   </div>
   <div class='ocr_carea' id='block_1_97' title="bbox 182 5190 1763 5259">
    <p class='ocr_par' dir='ltr' id='par_1_97' title="bbox 182 5190 1763 5259">
     <span class='ocr_line' id='line_1_97' title="bbox 182 5190 1763 5259; baseline -0.004 -11"><span class='ocrx_word' id='word_1_641' title='bbox 182 5193 404 5253; x_wconf 82' lang='lat' dir='ltr'><strong>similis,</strong></span> <span class='ocrx_word' id='word_1_642' title='bbox 432 5203 499 5245; x_wconf 80' lang='lat' dir='ltr'><strong>ac‘</strong></span> <span class='ocrx_word' id='word_1_643' title='bbox 522 5192 671 5245; x_wconf 87' lang='lat' dir='ltr'><strong>velut</strong></span> <span class='ocrx_word' id='word_1_644' title='bbox 705 5193 842 5245; x_wconf 87' lang='lat' dir='ltr'><strong>alter</strong></span> <span class='ocrx_word' id='word_1_645' title='bbox 867 5194 1003 5259; x_wconf 68' lang='lat' dir='ltr'><strong>ipse,</strong></span> <span class='ocrx_word' id='word_1_646' title='bbox 1039 5208 1202 5259; x_wconf 85' lang='lat' dir='ltr'><strong>quam</strong></span> <span class='ocrx_word' id='word_1_647' title='bbox 1248 5193 1598 5245; x_wconf 79' lang='lat' dir='ltr'><strong>iucestuosus</strong></span> <span class='ocrx_word' id='word_1_648' title='bbox 1633 5190 1763 5243; x_wconf 83' lang='lat' dir='ltr'><strong>Bar-</strong></span> 
     </span>
    </p>
   </div>
   <div class='ocr_carea' id='block_1_98' title="bbox 184 5261 1764 5331">
    <p class='ocr_par' dir='ltr' id='par_1_98' title="bbox 184 5261 1764 5331">
     <span class='ocr_line' id='line_1_98' title="bbox 184 5261 1764 5331; baseline -0.005 -12"><span class='ocrx_word' id='word_1_649' title='bbox 184 5267 283 5319; x_wconf 83' lang='lat' dir='ltr'><strong>das</strong></span> <span class='ocrx_word' id='word_1_650' title='bbox 310 5262 774 5315; x_wconf 85' lang='lat' dir='ltr'><strong>necessitudinem</strong></span> <span class='ocrx_word' id='word_1_651' title='bbox 810 5262 1051 5330; x_wconf 63' lang='grc' dir='ltr'>ριιεκίιιιο</span> <span class='ocrx_word' id='word_1_652' title='bbox 1078 5263 1327 5331; x_wconf 84' lang='lat' dir='ltr'><strong>exemplo</strong></span> <span class='ocrx_word' id='word_1_653' title='bbox 1355 5263 1584 5319; x_wconf 85' lang='lat' dir='ltr'><strong>violans.</strong></span> <span class='ocrx_word' id='word_1_654' title='bbox 1613 5261 1764 5329; x_wconf 87' lang='lat' dir='ltr'><strong>justo</strong></span> 
     </span>
    </p>
   </div>
   <div class='ocr_carea' id='block_1_99' title="bbox 184 5332 1765 5411">
    <p class='ocr_par' dir='ltr' id='par_1_99' title="bbox 184 5332 1765 5411">
     <span class='ocr_line' id='line_1_99' title="bbox 184 5332 1765 5411; baseline -0.003 -23"><span class='ocrx_word' id='word_1_655' title='bbox 184 5339 298 5391; x_wconf 85' lang='lat' dir='ltr'><strong>zelo</strong></span> <span class='ocrx_word' id='word_1_656' title='bbox 320 5335 391 5411; x_wconf 82' lang='lat' dir='ltr'><strong>ab</strong></span> <span class='ocrx_word' id='word_1_657' title='bbox 419 5332 630 5401; x_wconf 76' lang='lat' dir='ltr'><strong>lgnatio</strong></span> <span class='ocrx_word' id='word_1_658' title='bbox 652 5342 936 5399; x_wconf 84' lang='lat' dir='ltr'><strong>correptus</strong></span> <span class='ocrx_word' id='word_1_659' title='bbox 957 5345 1154 5411; x_wconf 77' lang='lat' dir='ltr'><strong>est,_a_c</strong></span> <span class='ocrx_word' id='word_1_660' title='bbox 1179 5333 1396 5411; x_wconf 75' lang='lat' dir='ltr'><strong>tandem</strong></span> <span class='ocrx_word' id='word_1_661' title='bbox 1426 5333 1765 5411; x_wconf 77' lang='lat' dir='ltr'><strong>proscriptus</strong></span> 
     </span>
    </p>
   </div>
   <div class='ocr_carea' id='block_1_100' title="bbox 182 5403 1767 5472">
    <p class='ocr_par' dir='ltr' id='par_1_100' title="bbox 182 5403 1767 5472">
     <span class='ocr_line' id='line_1_100' title="bbox 182 5403 1767 5472; baseline -0.004 -12"><span class='ocrx_word' id='word_1_662' title='bbox 182 5423 209 5459; x_wconf 74' lang='grc' dir='ltr'>ει</span> <span class='ocrx_word' id='word_1_663' title='bbox 246 5404 491 5460; x_wconf 82' lang='lat' dir='ltr'><strong>fidelium</strong></span> <span class='ocrx_word' id='word_1_664' title='bbox 525 5413 695 5467; x_wconf 67' lang='lat' dir='ltr'><strong>coetu,</strong></span> <span class='ocrx_word' id='word_1_665' title='bbox 760 5413 952 5472; x_wconf 77' lang='lat' dir='ltr'><strong>negata</strong></span> <span class='ocrx_word' id='word_1_666' title='bbox 989 5404 1205 5472; x_wconf 86' lang='lat' dir='ltr'><strong>publice</strong></span> <span class='ocrx_word' id='word_1_667' title='bbox 1240 5403 1462 5469; x_wconf 86' lang='lat' dir='ltr'><strong>publico</strong></span> <span class='ocrx_word' id='word_1_668' title='bbox 1496 5403 1767 5469; x_wconf 69' lang='grc' dir='ltr'>ιεςευιοιὶ</span> 
     </span>
    </p>
   </div>
   <div class='ocr_carea' id='block_1_101' title="bbox 181 5473 1767 5541">
    <p class='ocr_par' dir='ltr' id='par_1_101' title="bbox 181 5473 1767 5541">
     <span class='ocr_line' id='line_1_101' title="bbox 181 5473 1767 5541; baseline -0.005 -9"><span class='ocrx_word' id='word_1_669' title='bbox 181 5492 340 5531; x_wconf 79' lang='lat' dir='ltr'><strong>sacra</strong></span> <span class='ocrx_word' id='word_1_670' title='bbox 393 5473 755 5537; x_wconf 83' lang='lat' dir='ltr'><strong>eucharistia,</strong></span> <span class='ocrx_word' id='word_1_671' title='bbox 799 5489 1117 5541; x_wconf 85' lang='lat' dir='ltr'><strong>quanquam</strong></span> <span class='ocrx_word' id='word_1_672' title='bbox 1178 5475 1346 5528; x_wconf 85' lang='lat' dir='ltr'><strong>sciret</strong></span> <span class='ocrx_word' id='word_1_673' title='bbox 1396 5474 1480 5525; x_wconf 87' lang='lat' dir='ltr'><strong>vir</strong></span> <span class='ocrx_word' id='word_1_674' title='bbox 1516 5483 1767 5533; x_wconf 85' lang='lat' dir='ltr'><strong>sanctus,</strong></span> 
     </span>
    </p>
   </div>
   <div class='ocr_carea' id='block_1_102' title="bbox 187 5543 1768 5617">
    <p class='ocr_par' dir='ltr' id='par_1_102' title="bbox 187 5543 1768 5617">
     <span class='ocr_line' id='line_1_102' title="bbox 187 5543 1768 5617; baseline -0.003 -18"><span class='ocrx_word' id='word_1_675' title='bbox 187 5556 394 5617; x_wconf 86' lang='lat' dir='ltr'><strong>quanta</strong></span> <span class='ocrx_word' id='word_1_676' title='bbox 433 5545 561 5617; x_wconf 85' lang='lat' dir='ltr'><strong>inde</strong></span> <span class='ocrx_word' id='word_1_677' title='bbox 591 5545 823 5597; x_wconf 78' lang='lat' dir='ltr'><strong>creanila</strong></span> <span class='ocrx_word' id='word_1_678' title='bbox 854 5546 929 5597; x_wconf 89' lang='lat' dir='ltr'><strong>illi</strong></span> <span class='ocrx_word' id='word_1_679' title='bbox 980 5546 1157 5617; x_wconf 81' lang='lat' dir='ltr'><strong>forent</strong></span> <span class='ocrx_word' id='word_1_680' title='bbox 1185 5544 1349 5598; x_wconf 88' lang='lat' dir='ltr'><strong>mala.</strong></span> <span class='ocrx_word' id='word_1_681' title='bbox 1384 5543 1516 5617; x_wconf 53' lang='lat' dir='ltr'><strong>Crat</strong></span> <span class='ocrx_word' id='word_1_682' title='bbox 1557 5545 1768 5612; x_wconf 85' lang='lat' dir='ltr'><strong>utique,</strong></span> 
     </span>
    </p>
   </div>
   <div class='ocr_carea' id='block_1_103' title="bbox 181 5614 1773 5686">
    <p class='ocr_par' dir='ltr' id='par_1_103' title="bbox 181 5614 1773 5686">
     <span class='ocr_line' id='line_1_103' title="bbox 181 5614 1773 5686; baseline -0.003 -15"><span class='ocrx_word' id='word_1_683' title='bbox 181 5614 273 5686; x_wconf 72' lang='lat' dir='ltr'><strong>qui</strong></span> <span class='ocrx_word' id='word_1_684' title='bbox 304 5633 412 5671; x_wconf 90' lang='lat' dir='ltr'><strong>non</strong></span> <span class='ocrx_word' id='word_1_685' title='bbox 439 5615 678 5668; x_wconf 87' lang='lat' dir='ltr'><strong>animam</strong></span> <span class='ocrx_word' id='word_1_686' title='bbox 701 5630 878 5675; x_wconf 85' lang='lat' dir='ltr'><strong>suam,</strong></span> <span class='ocrx_word' id='word_1_687' title='bbox 901 5631 957 5669; x_wconf 88' lang='lat' dir='ltr'><strong>se</strong></span> <span class='ocrx_word' id='word_1_688' title='bbox 978 5615 1357 5684; x_wconf 83' lang='lat' dir='ltr'><strong>pretiosiorem</strong></span> <span class='ocrx_word' id='word_1_689' title='bbox 1388 5614 1591 5686; x_wconf 87' lang='lat' dir='ltr'><strong>faceret</strong></span> <span class='ocrx_word' id='word_1_690' title='bbox 1616 5631 1630 5676; x_wconf 81' lang='lat'>;</span> <span class='ocrx_word' id='word_1_691' title='bbox 1672 5628 1773 5666; x_wconf 88' lang='lat' dir='ltr'><strong>nec</strong></span> 
     </span>
    </p>
   </div>
   <div class='ocr_carea' id='block_1_104' title="bbox 182 5685 1765 5761">
    <p class='ocr_par' dir='ltr' id='par_1_104' title="bbox 182 5685 1765 5761">
     <span class='ocr_line' id='line_1_104' title="bbox 182 5685 1765 5761; baseline -0.003 -20"><span class='ocrx_word' id='word_1_692' title='bbox 182 5685 324 5743; x_wconf 90' lang='lat' dir='ltr'><strong>forte</strong></span> <span class='ocrx_word' id='word_1_693' title='bbox 361 5702 583 5749; x_wconf 85' lang='lat' dir='ltr'><strong>eorum,</strong></span> <span class='ocrx_word' id='word_1_694' title='bbox 635 5686 728 5761; x_wconf 71' lang='lat' dir='ltr'><strong>qui</strong></span> <span class='ocrx_word' id='word_1_695' title='bbox 777 5686 924 5753; x_wconf 75' lang='lat' dir='ltr'><strong>gravi</strong></span> <span class='ocrx_word' id='word_1_696' title='bbox 993 5686 1181 5754; x_wconf 89' lang='lat' dir='ltr'><strong>aliquo</strong></span> <span class='ocrx_word' id='word_1_697' title='bbox 1247 5696 1429 5761; x_wconf 72' lang='lat' dir='ltr'><strong>metu,</strong></span> <span class='ocrx_word' id='word_1_698' title='bbox 1465 5685 1765 5761; x_wconf 23' lang='lat' dir='ltr'><strong>public-um</strong></span> 
     </span>
    </p>
   </div>
   <div class='ocr_carea' id='block_1_105' title="bbox 184 5756 1764 5825">
    <p class='ocr_par' dir='ltr' id='par_1_105' title="bbox 184 5756 1764 5825">
     <span class='ocr_line' id='line_1_105' title="bbox 184 5756 1764 5825; baseline -0.003 -13"><span class='ocrx_word' id='word_1_699' title='bbox 184 5768 535 5825; x_wconf 64' lang='lat' dir='ltr'><strong>peccatorem</strong></span> <span class='ocrx_word' id='word_1_700' title='bbox 560 5756 771 5824; x_wconf 87' lang='lat' dir='ltr'><strong>publice</strong></span> <span class='ocrx_word' id='word_1_701' title='bbox 790 5766 1059 5823; x_wconf 88' lang='lat' dir='ltr'><strong>petentem</strong></span> <span class='ocrx_word' id='word_1_702' title='bbox 1085 5756 1443 5809; x_wconf 82' lang='lat' dir='ltr'><strong>sacramentis</strong></span> <span class='ocrx_word' id='word_1_703' title='bbox 1464 5756 1764 5824; x_wconf 85' lang='lat' dir='ltr'><strong>impertire,</strong></span> 
     </span>
    </p>
   </div>
   <div class='ocr_carea' id='block_1_106' title="bbox 185 5826 1551 5883">
    <p class='ocr_par' dir='ltr' id='par_1_106' title="bbox 185 5826 1551 5883">
     <span class='ocr_line' id='line_1_106' title="bbox 185 5826 1551 5883; baseline -0.002 0"><span class='ocrx_word' id='word_1_704' title='bbox 185 5832 328 5883; x_wconf 84' lang='lat' dir='ltr'><strong>haud</strong></span> <span class='ocrx_word' id='word_1_705' title='bbox 366 5828 622 5881; x_wconf 87' lang='lat' dir='ltr'><strong>illicitum</strong></span> <span class='ocrx_word' id='word_1_706' title='bbox 655 5826 873 5880; x_wconf 87' lang='lat' dir='ltr'><strong>secluso</strong></span> <span class='ocrx_word' id='word_1_707' title='bbox 907 5826 1170 5879; x_wconf 78' lang='lat' dir='ltr'><strong>seandalo</strong></span> <span class='ocrx_word' id='word_1_708' title='bbox 1195 5827 1551 5880; x_wconf 87' lang='lat' dir='ltr'><strong>arbitrantur.</strong></span> 
     </span>
    </p>
   </div>
   <div class='ocr_carea' id='block_1_107' title="bbox 256 5894 1767 5971">
    <p class='ocr_par' dir='ltr' id='par_1_107' title="bbox 256 5894 1767 5971">
     <span class='ocr_line' id='line_1_107' title="bbox 256 5894 1767 5971; baseline -0.003 -18"><span class='ocrx_word' id='word_1_709' title='bbox 256 5900 369 5971; x_wconf 53' lang='lat'><strong>&#39;39)</strong></span> <span class='ocrx_word' id='word_1_710' title='bbox 432 5898 509 5951; x_wconf 88' lang='lat' dir='ltr'><strong>Ita</strong></span> <span class='ocrx_word' id='word_1_711' title='bbox 563 5898 848 5966; x_wconf 84' lang='lat' dir='ltr'><strong>Aristoph.</strong></span> <span class='ocrx_word' id='word_1_712' title='bbox 899 5897 951 5949; x_wconf 91' lang='lat' dir='ltr'><strong>in</strong></span> <span class='ocrx_word' id='word_1_713' title='bbox 1002 5895 1200 5967; x_wconf 74' lang='lat' dir='ltr'><strong>Vespis,</strong></span> <span class='ocrx_word' id='word_1_714' title='bbox 1235 5898 1385 5951; x_wconf 83' lang='grc' dir='ltr'>κάτω</span> <span class='ocrx_word' id='word_1_715' title='bbox 1428 5897 1678 5962; x_wconf 85' lang='grc' dir='ltr'>κύπτειν,</span> <span class='ocrx_word' id='word_1_716' title='bbox 1712 5894 1767 5948; x_wconf 84' lang='grc' dir='ltr'>ἱιι</span> 
     </span>
    </p>
   </div>
   <div class='ocr_carea' id='block_1_108' title="bbox 427 5992 1014 6056">
    <p class='ocr_par' dir='ltr' id='par_1_108' title="bbox 427 5992 1014 6056">
     <span class='ocr_line' id='line_1_108' title="bbox 427 5992 1014 6056; baseline 0.005 -3"><span class='ocrx_word' id='word_1_717' title='bbox 427 5992 702 6053; x_wconf 60' lang='grc' dir='ltr'>Ριτιιοιι.</span> <span class='ocrx_word' id='word_1_718' title='bbox 741 5994 857 6054; x_wconf 85' lang='lat' dir='ltr'><strong>Gn.</strong></span> <span class='ocrx_word' id='word_1_719' title='bbox 890 5995 1014 6056; x_wconf 73' lang='lat' dir='ltr'><strong>CV.</strong></span> 
     </span>
    </p>
   </div>
   <div class='ocr_carea' id='block_1_109' title="bbox 1864 5047 3455 5119">
    <p class='ocr_par' dir='ltr' id='par_1_109' title="bbox 1864 5047 3455 5119">
     <span class='ocr_line' id='line_1_109' title="bbox 1864 5047 3455 5119; baseline 0.003 -19"><span class='ocrx_word' id='word_1_720' title='bbox 1864 5049 2167 5119; x_wconf 86' lang='lat' dir='ltr'><strong>pertinacia</strong></span> <span class='ocrx_word' id='word_1_721' title='bbox 2207 5050 2436 5101; x_wconf 86' lang='lat' dir='ltr'><strong>notavit.</strong></span> <span class='ocrx_word' id='word_1_722' title='bbox 2479 5047 2640 5100; x_wconf 82' lang='lat' dir='ltr'><strong>Forte</strong></span> <span class='ocrx_word' id='word_1_723' title='bbox 2681 5051 2810 5118; x_wconf 87' lang='lat' dir='ltr'><strong>quia</strong></span> <span class='ocrx_word' id='word_1_724' title='bbox 2841 5065 3013 5104; x_wconf 83' lang='lat' dir='ltr'><strong>senes</strong></span> <span class='ocrx_word' id='word_1_725' title='bbox 3045 5058 3159 5104; x_wconf 88' lang='lat' dir='ltr'><strong>toto</strong></span> <span class='ocrx_word' id='word_1_726' title='bbox 3187 5049 3299 5118; x_wconf 87' lang='lat' dir='ltr'><strong>jam</strong></span> <span class='ocrx_word' id='word_1_727' title='bbox 3332 5067 3455 5107; x_wconf 90' lang='lat' dir='ltr'><strong>cor-</strong></span> 
     </span>
    </p>
   </div>
   <div class='ocr_carea' id='block_1_110' title="bbox 1871 5120 3455 5190">
    <p class='ocr_par' dir='ltr' id='par_1_110' title="bbox 1871 5120 3455 5190">
     <span class='ocr_line' id='line_1_110' title="bbox 1871 5120 3455 5190; baseline -0.003 -19"><span class='ocrx_word' id='word_1_728' title='bbox 1871 5135 2001 5189; x_wconf 88' lang='lat' dir='ltr'><strong>pore</strong></span> <span class='ocrx_word' id='word_1_729' title='bbox 2033 5120 2263 5181; x_wconf 83' lang='lat' dir='ltr'><strong>ineurvi,</strong></span> <span class='ocrx_word' id='word_1_730' title='bbox 2302 5134 2385 5190; x_wconf 84' lang='lat' dir='ltr'><strong>eo</strong></span> <span class='ocrx_word' id='word_1_731' title='bbox 2412 5120 2629 5172; x_wconf 85' lang='lat' dir='ltr'><strong>soleant</strong></span> <span class='ocrx_word' id='word_1_732' title='bbox 2678 5136 2801 5174; x_wconf 65' lang='lat' dir='ltr'><strong>esse</strong></span> <span class='ocrx_word' id='word_1_733' title='bbox 2847 5124 3027 5190; x_wconf 80' lang='lat' dir='ltr'><strong>genio,</strong></span> <span class='ocrx_word' id='word_1_734' title='bbox 3093 5130 3153 5173; x_wconf 92' lang='lat' dir='ltr'><strong>ut</strong></span> <span class='ocrx_word' id='word_1_735' title='bbox 3192 5122 3455 5189; x_wconf 73' lang='lat' dir='ltr'><strong>propositi</strong></span> 
     </span>
    </p>
   </div>
   <div class='ocr_carea' id='block_1_111' title="bbox 1870 5189 3461 5260">
    <p class='ocr_par' dir='ltr' id='par_1_111' title="bbox 1870 5189 3461 5260">
     <span class='ocr_line' id='line_1_111' title="bbox 1870 5189 3461 5260; baseline 0.002 -17"><span class='ocrx_word' id='word_1_736' title='bbox 1870 5191 2179 5244; x_wconf 75' lang='lat' dir='ltr'><strong>tenaciores</strong></span> <span class='ocrx_word' id='word_1_737' title='bbox 2210 5193 2340 5243; x_wconf 86' lang='lat' dir='ltr'><strong>sint.</strong></span> <span class='ocrx_word' id='word_1_738' title='bbox 2374 5189 2654 5243; x_wconf 87' lang='lat' dir='ltr'><strong>lilustrant</strong></span> <span class='ocrx_word' id='word_1_739' title='bbox 2687 5191 2789 5244; x_wconf 77' lang='lat' dir='ltr'><strong>ista</strong></span> <span class='ocrx_word' id='word_1_740' title='bbox 2828 5189 2891 5244; x_wconf 86' lang='lat' dir='ltr'><strong>ea</strong></span> <span class='ocrx_word' id='word_1_741' title='bbox 2923 5208 3043 5257; x_wconf 61' lang='lat' dir='ltr'><strong>qua</strong></span> <span class='ocrx_word' id='word_1_742' title='bbox 3094 5193 3321 5260; x_wconf 83' lang='lat' dir='ltr'><strong>scripsit</strong></span> <span class='ocrx_word' id='word_1_743' title='bbox 3368 5192 3461 5246; x_wconf 77' lang='lat' dir='ltr'><strong>Ni-</strong></span> 
     </span>
    </p>
   </div>
   <div class='ocr_carea' id='block_1_112' title="bbox 1868 5259 3455 5329">
    <p class='ocr_par' dir='ltr' id='par_1_112' title="bbox 1868 5259 3455 5329">
     <span class='ocr_line' id='line_1_112' title="bbox 1868 5259 3455 5329; baseline 0.004 -18"><span class='ocrx_word' id='word_1_744' title='bbox 1868 5274 2020 5312; x_wconf 81' lang='lat' dir='ltr'><strong>eetas</strong></span> <span class='ocrx_word' id='word_1_745' title='bbox 2054 5262 2103 5313; x_wconf 93' lang='lat' dir='ltr'><strong>in</strong></span> <span class='ocrx_word' id='word_1_746' title='bbox 2141 5259 2259 5313; x_wconf 83' lang='lat' dir='ltr'><strong>Vita</strong></span> <span class='ocrx_word' id='word_1_747' title='bbox 2305 5262 2521 5329; x_wconf 60' lang='lat' dir='ltr'><strong>lgnatii,</strong></span> <span class='ocrx_word' id='word_1_748' title='bbox 2561 5263 2637 5313; x_wconf 88' lang='lat' dir='ltr'><strong>uti</strong></span> <span class='ocrx_word' id='word_1_749' title='bbox 2696 5270 2749 5313; x_wconf 85' lang='lat' dir='ltr'><strong>et</strong></span> <span class='ocrx_word' id='word_1_750' title='bbox 2783 5262 2881 5314; x_wconf 67' lang='lat' dir='ltr'><strong>ista</strong></span> <span class='ocrx_word' id='word_1_751' title='bbox 2924 5262 3028 5314; x_wconf 91' lang='lat' dir='ltr'><strong>illis</strong></span> <span class='ocrx_word' id='word_1_752' title='bbox 3082 5259 3455 5318; x_wconf 73' lang='lat' dir='ltr'><strong>illustrantur.</strong></span> 
     </span>
    </p>
   </div>
   <div class='ocr_carea' id='block_1_113' title="bbox 1871 5331 3458 5401">
    <p class='ocr_par' dir='ltr' id='par_1_113' title="bbox 1871 5331 3458 5401">
     <span class='ocr_line' id='line_1_113' title="bbox 1871 5331 3458 5401; baseline 0.001 -18"><span class='ocrx_word' id='word_1_753' title='bbox 1871 5332 2115 5385; x_wconf 83' lang='lat' dir='ltr'><strong>Annotat</strong></span> <span class='ocrx_word' id='word_1_754' title='bbox 2144 5333 2233 5385; x_wconf 90' lang='lat' dir='ltr'><strong>ille</strong></span> <span class='ocrx_word' id='word_1_755' title='bbox 2272 5333 2439 5394; x_wconf 87' lang='lat' dir='ltr'><strong>diem,</strong></span> <span class='ocrx_word' id='word_1_756' title='bbox 2476 5348 2584 5401; x_wconf 89' lang='lat' dir='ltr'><strong>quo</strong></span> <span class='ocrx_word' id='word_1_757' title='bbox 2612 5332 2816 5385; x_wconf 81' lang='lat' dir='ltr'><strong>Bardas</strong></span> <span class='ocrx_word' id='word_1_758' title='bbox 2854 5348 2974 5384; x_wconf 88' lang='lat' dir='ltr'><strong>eam</strong></span> <span class='ocrx_word' id='word_1_759' title='bbox 3009 5332 3077 5384; x_wconf 88' lang='lat' dir='ltr'><strong>ab</strong></span> <span class='ocrx_word' id='word_1_760' title='bbox 3123 5331 3335 5400; x_wconf 77' lang='lat' dir='ltr'><strong>lgnatio</strong></span> <span class='ocrx_word' id='word_1_761' title='bbox 3374 5349 3458 5385; x_wconf 86' lang='lat' dir='ltr'><strong>re-</strong></span> 
     </span>
    </p>
   </div>
   <div class='ocr_carea' id='block_1_114' title="bbox 1875 5402 3455 5471">
    <p class='ocr_par' dir='ltr' id='par_1_114' title="bbox 1875 5402 3455 5471">
     <span class='ocr_line' id='line_1_114' title="bbox 1875 5402 3455 5471; baseline 0.003 -18"><span class='ocrx_word' id='word_1_762' title='bbox 1875 5405 2085 5470; x_wconf 77' lang='lat' dir='ltr'><strong>pulsant</strong></span> <span class='ocrx_word' id='word_1_763' title='bbox 2111 5418 2310 5471; x_wconf 89' lang='lat' dir='ltr'><strong>passus</strong></span> <span class='ocrx_word' id='word_1_764' title='bbox 2350 5416 2455 5467; x_wconf 88' lang='lat' dir='ltr'><strong>est,</strong></span> <span class='ocrx_word' id='word_1_765' title='bbox 2527 5416 2718 5469; x_wconf 89' lang='lat' dir='ltr'><strong>nempe</strong></span> <span class='ocrx_word' id='word_1_766' title='bbox 2770 5402 3199 5470; x_wconf 83' lang='lat' dir='ltr'><strong>Epiphaniorum</strong></span> <span class='ocrx_word' id='word_1_767' title='bbox 3230 5442 3243 5464; x_wconf 94' lang='lat'><strong>,</strong></span> <span class='ocrx_word' id='word_1_768' title='bbox 3296 5402 3455 5469; x_wconf 87' lang='lat' dir='ltr'><strong>cujus</strong></span> 
     </span>
    </p>
   </div>
   <div class='ocr_carea' id='block_1_115' title="bbox 1875 5472 3450 5541">
    <p class='ocr_par' dir='ltr' id='par_1_115' title="bbox 1875 5472 3450 5541">
     <span class='ocr_line' id='line_1_115' title="bbox 1875 5472 3450 5541; baseline -0.001 -17"><span class='ocrx_word' id='word_1_769' title='bbox 1875 5473 2263 5540; x_wconf 85' lang='lat' dir='ltr'><strong>antiquissima</strong></span> <span class='ocrx_word' id='word_1_770' title='bbox 2304 5473 2496 5541; x_wconf 77' lang='lat' dir='ltr'><strong>religio</strong></span> <span class='ocrx_word' id='word_1_771' title='bbox 2534 5482 2639 5532; x_wconf 86' lang='lat' dir='ltr'><strong>est,</strong></span> <span class='ocrx_word' id='word_1_772' title='bbox 2673 5482 2729 5523; x_wconf 89' lang='lat' dir='ltr'><strong>ut</strong></span> <span class='ocrx_word' id='word_1_773' title='bbox 2776 5476 2861 5525; x_wconf 76' lang='lat' dir='ltr'><strong>vix</strong></span> <span class='ocrx_word' id='word_1_774' title='bbox 2900 5472 3249 5525; x_wconf 80' lang='lat' dir='ltr'><strong>Christianus</strong></span> <span class='ocrx_word' id='word_1_775' title='bbox 3282 5472 3450 5527; x_wconf 81' lang='lat' dir='ltr'><strong>hahe-</strong></span> 
     </span>
    </p>
   </div>
   <div class='ocr_carea' id='block_1_116' title="bbox 1876 5542 3453 5607">
    <p class='ocr_par' dir='ltr' id='par_1_116' title="bbox 1876 5542 3453 5607">
     <span class='ocr_line' id='line_1_116' title="bbox 1876 5542 3453 5607; baseline 0.001 -13"><span class='ocrx_word' id='word_1_776' title='bbox 1876 5552 2053 5604; x_wconf 87' lang='lat' dir='ltr'><strong>retur,</strong></span> <span class='ocrx_word' id='word_1_777' title='bbox 2088 5544 2179 5607; x_wconf 83' lang='lat' dir='ltr'><strong>qui</strong></span> <span class='ocrx_word' id='word_1_778' title='bbox 2225 5544 2400 5597; x_wconf 87' lang='lat' dir='ltr'><strong>sacris</strong></span> <span class='ocrx_word' id='word_1_779' title='bbox 2429 5543 2871 5595; x_wconf 85' lang='lat' dir='ltr'><strong>Christianorum</strong></span> <span class='ocrx_word' id='word_1_780' title='bbox 2917 5545 3020 5595; x_wconf 85' lang='lat' dir='ltr'><strong>sub</strong></span> <span class='ocrx_word' id='word_1_781' title='bbox 3065 5544 3129 5596; x_wconf 85' lang='lat' dir='ltr'><strong>iis</strong></span> <span class='ocrx_word' id='word_1_782' title='bbox 3172 5542 3453 5596; x_wconf 78' lang='lat' dir='ltr'><strong>solemniis</strong></span> 
     </span>
    </p>
   </div>
   <div class='ocr_carea' id='block_1_117' title="bbox 1880 5613 3455 5681">
    <p class='ocr_par' dir='ltr' id='par_1_117' title="bbox 1880 5613 3455 5681">
     <span class='ocr_line' id='line_1_117' title="bbox 1880 5613 3455 5681; baseline 0.001 -17"><span class='ocrx_word' id='word_1_783' title='bbox 1880 5627 1987 5664; x_wconf 91' lang='lat' dir='ltr'><strong>non</strong></span> <span class='ocrx_word' id='word_1_784' title='bbox 2038 5613 2375 5667; x_wconf 84' lang='lat' dir='ltr'><strong>interesset:</strong></span> <span class='ocrx_word' id='word_1_785' title='bbox 2430 5614 2516 5665; x_wconf 86' lang='lat' dir='ltr'><strong>cui</strong></span> <span class='ocrx_word' id='word_1_786' title='bbox 2550 5614 2623 5664; x_wconf 93' lang='lat' dir='ltr'><strong>rei</strong></span> <span class='ocrx_word' id='word_1_787' title='bbox 2657 5625 2982 5681; x_wconf 75' lang='lat' dir='ltr'><strong>argumento</strong></span> <span class='ocrx_word' id='word_1_788' title='bbox 3029 5622 3112 5666; x_wconf 87' lang='lat' dir='ltr'><strong>est</strong></span> <span class='ocrx_word' id='word_1_789' title='bbox 3140 5653 3154 5676; x_wconf 94' lang='lat'><strong>,</strong></span> <span class='ocrx_word' id='word_1_790' title='bbox 3197 5614 3342 5679; x_wconf 78' lang='lat' dir='ltr'><strong>quod</strong></span> <span class='ocrx_word' id='word_1_791' title='bbox 3400 5614 3455 5666; x_wconf 88' lang='lat' dir='ltr'><strong>in</strong></span> 
     </span>
    </p>
   </div>
   <div class='ocr_carea' id='block_1_118' title="bbox 1880 5681 3454 5752">
    <p class='ocr_par' dir='ltr' id='par_1_118' title="bbox 1880 5681 3454 5752">
     <span class='ocr_line' id='line_1_118' title="bbox 1880 5681 3454 5752; baseline 0.001 -19"><span class='ocrx_word' id='word_1_792' title='bbox 1880 5681 2129 5746; x_wconf 76' lang='lat' dir='ltr'><strong>Valente,</strong></span> <span class='ocrx_word' id='word_1_793' title='bbox 2174 5685 2338 5752; x_wconf 85' lang='lat' dir='ltr'><strong>inque</strong></span> <span class='ocrx_word' id='word_1_794' title='bbox 2381 5683 2598 5735; x_wconf 65' lang='lat' dir='ltr'><strong>Iuliano</strong></span> <span class='ocrx_word' id='word_1_795' title='bbox 2635 5687 2897 5751; x_wconf 77' lang='lat' dir='ltr'><strong>Angusto,</strong></span> <span class='ocrx_word' id='word_1_796' title='bbox 2949 5685 3120 5738; x_wconf 83' lang='lat' dir='ltr'><strong>altero</strong></span> <span class='ocrx_word' id='word_1_797' title='bbox 3168 5682 3454 5747; x_wconf 65' lang='lat' dir='ltr'><strong>thsarete,</strong></span> 
     </span>
    </p>
   </div>
   <div class='ocr_carea' id='block_1_119' title="bbox 1877 5752 3450 5822">
    <p class='ocr_par' dir='ltr' id='par_1_119' title="bbox 1877 5752 3450 5822">
     <span class='ocr_line' id='line_1_119' title="bbox 1877 5752 3450 5822; baseline 0.001 -17"><span class='ocrx_word' id='word_1_798' title='bbox 1877 5754 2051 5806; x_wconf 88' lang='lat' dir='ltr'><strong>altero</strong></span> <span class='ocrx_word' id='word_1_799' title='bbox 2089 5755 2141 5807; x_wconf 92' lang='lat' dir='ltr'><strong>in</strong></span> <span class='ocrx_word' id='word_1_800' title='bbox 2175 5754 2386 5817; x_wconf 90' lang='lat' dir='ltr'><strong>Galliis,</strong></span> <span class='ocrx_word' id='word_1_801' title='bbox 2437 5752 2870 5822; x_wconf 88' lang='lat' dir='ltr'><strong>Epiphanioru-m</strong></span> <span class='ocrx_word' id='word_1_802' title='bbox 2926 5771 3082 5808; x_wconf 77' lang='lat' dir='ltr'><strong>Sacro</strong></span> <span class='ocrx_word' id='word_1_803' title='bbox 3130 5753 3218 5807; x_wconf 89' lang='lat' dir='ltr'><strong>die</strong></span> <span class='ocrx_word' id='word_1_804' title='bbox 3268 5763 3450 5807; x_wconf 79' lang='lat' dir='ltr'><strong>artum</strong></span> 
     </span>
    </p>
   </div>
   <div class='ocr_carea' id='block_1_120' title="bbox 1877 5822 3454 5895">
    <p class='ocr_par' dir='ltr' id='par_1_120' title="bbox 1877 5822 3454 5895">
     <span class='ocr_line' id='line_1_120' title="bbox 1877 5822 3454 5895; baseline 0.001 -20"><span class='ocrx_word' id='word_1_805' title='bbox 1877 5832 1981 5875; x_wconf 64' lang='lat' dir='ltr'><strong>Bst.</strong></span> <span class='ocrx_word' id='word_1_806' title='bbox 2020 5824 2177 5890; x_wconf 84' lang='lat' dir='ltr'><strong>Quod</strong></span> <span class='ocrx_word' id='word_1_807' title='bbox 2199 5827 2271 5877; x_wconf 87' lang='lat' dir='ltr'><strong>ita</strong></span> <span class='ocrx_word' id='word_1_808' title='bbox 2304 5825 2361 5878; x_wconf 72' lang='grc' dir='ltr'><strong>ὃ.</strong></span> <span class='ocrx_word' id='word_1_809' title='bbox 2394 5825 2637 5893; x_wconf 83' lang='lat' dir='ltr'><strong>Ignatius</strong></span> <span class='ocrx_word' id='word_1_810' title='bbox 2665 5822 2887 5895; x_wconf 84' lang='lat' dir='ltr'><strong>Martyr,</strong></span> <span class='ocrx_word' id='word_1_811' title='bbox 2925 5842 2986 5879; x_wconf 90' lang='lat' dir='ltr'><strong>ac</strong></span> <span class='ocrx_word' id='word_1_812' title='bbox 3012 5824 3202 5878; x_wconf 87' lang='lat' dir='ltr'><strong>tertius</strong></span> <span class='ocrx_word' id='word_1_813' title='bbox 3237 5840 3263 5876; x_wconf 91' lang='lat' dir='ltr'><strong>a</strong></span> <span class='ocrx_word' id='word_1_814' title='bbox 3290 5822 3454 5878; x_wconf 73' lang='lat' dir='ltr'><strong>Pen-0</strong></span> 
     </span>
    </p>
   </div>
   <div class='ocr_carea' id='block_1_121' title="bbox 1878 5894 3451 5967">
    <p class='ocr_par' dir='ltr' id='par_1_121' title="bbox 1878 5894 3451 5967">
     <span class='ocr_line' id='line_1_121' title="bbox 1878 5894 3451 5967; baseline 0.001 -22"><span class='ocrx_word' id='word_1_815' title='bbox 1878 5896 2259 5951; x_wconf 82' lang='lat' dir='ltr'><strong>Antioclicnus</strong></span> <span class='ocrx_word' id='word_1_816' title='bbox 2310 5896 2624 5966; x_wconf 80' lang='lat' dir='ltr'><strong>episcopus,</strong></span> <span class='ocrx_word' id='word_1_817' title='bbox 2662 5896 2782 5947; x_wconf 79' lang='grc' dir='ltr'>κατ’</span> <span class='ocrx_word' id='word_1_818' title='bbox 2810 5894 3036 5967; x_wconf 67' lang='grc' dir='ltr'><strong>ἐξοχὴν,</strong></span> <span class='ocrx_word' id='word_1_819' title='bbox 3075 5910 3139 5947; x_wconf 87' lang='lat' dir='ltr'><strong>ac</strong></span> <span class='ocrx_word' id='word_1_820' title='bbox 3193 5896 3451 5965; x_wconf 76' lang='lat' dir='ltr'><strong>peculiari</strong></span> 
     </span>
    </p>
   </div>
   <div class='ocr_carea' id='block_1_122' title="bbox 3041 5989 3123 6047">
    <p class='ocr_par' dir='ltr' id='par_1_122' title="bbox 3041 5989 3123 6047">
     <span class='ocr_line' id='line_1_122' title="bbox 3041 5989 3123 6047; baseline 0 0"><span class='ocrx_word' id='word_1_821' title='bbox 3041 5989 3123 6047; x_wconf 78' lang='lat'><strong>29</strong></span> 
     </span>
    </p>
   </div>
  </div>
