4164 6456
729 416 830 476 907

2162 409 2509 472 ANONYMI

3873 411 3983 476 908

728 528 1066 583 obstinatum
1101 523 1351 586 vidisset,
1386 539 1451 576 ac
1492 531 1737 577 extrema
1772 523 1912 577 linea
1949 525 2155 594 peccati
2189 540 2305 580 ser-

2413 525 2688 598 ἀμαρτίας
2727 528 2806 588 είς
2836 526 2987 589 τέλος
3044 527 3346 596 γινόμενον,
3379 524 3558 596 εῐργει
3603 525 3710 578 τῶν
3739 526 3838 593 τῆς
3885 530 3982 578 ἐκ-

727 637 878 685 vum,
905 628 1053 673 arcet
1082 617 1338 685 deinceps
1375 622 1443 668 ali
1483 615 1726 670 ecclesia:
1762 616 1935 670 sacris
1993 607 2297 680 liminibus,

731 715 868 766 hanc
897 712 944 764 ei
985 717 1250 778 prmstans
1286 704 1694 758 emendationis
1756 704 2065 758 materiam.
2089 706 2159 758 At
2191 705 2298 770 ille,

730 806 808 856 ira
837 802 1034 872 pariter
1065 814 1129 852 ae
1153 799 1453 866 cupiditate
1489 797 1669 850 aliene
1705 811 1734 848 a
1782 795 1996 848 ratione
2029 795 2300 859 conﬁxus,

729 891 1024 964 potentiam
1059 891 1112 943 in
1149 889 1487 960 tyrannidem
1515 887 1827 956 arrogantia
1849 886 2008 940 vertit
2037 903 2049 938 :
2081 887 2304 941 univer-

728 999 898 1053 soque
922 983 1122 1051 p0pu|o
1149 981 1464 1040 comitante,
1495 978 1756 1040 (cernens,
1788 994 2062 1046 serrsrrqrre
2088 979 2304 1032 excelso

728 1077 986 1147 templum
1023 1075 1352 1145 ingrediens,
1378 1088 1441 1126 ac
1468 1074 1607 1125 intra
1628 1088 1780 1126 sacra
1805 1073 1964 1141 adyta
1991 1081 2302 1140 penetrans,

732 1169 1020 1220 horrendis
1068 1165 1342 1235 mysteriis
1370 1164 1634 1232 itupcrtiri
1668 1183 1693 1215 ει
1721 1163 1972 1232 pontilice
2004 1162 2302 1232 ﬂagitabal.

800 1263 868 1313 At
903 1262 990 1313 ille
1028 1260 1313 1312 :ernulator
1343 1299 1355 1320 ,
1384 1274 1698 1310 serrnormrn
1745 1257 2037 1310 sirornaste
2080 1257 2304 1311 sceleris

729 1357 804 1408 illi
854 1355 1342 1424 rcprelit-Irsioncrn
1401 1353 1617 1421 publice
1668 1351 2008 1420 prmtendens
2039 1393 2052 1414 ,
2114 1353 2305 1406 mediis

728 1449 1045 1515 praecordiis
1082 1447 1315 1514 graviter
1347 1447 1522 1499 conlix
1552 1453 1590 1504 t,
1621 1460 1962 1512 vacuumque
1983 1454 2148 1513 atque
2172 1460 2305 1498 eort-

729 1545 910 1594 l'usurn
947 1540 1016 1592 ab
1063 1538 1289 1591 ecclesia
1339 1536 1520 1604 ejecit.
1555 1537 1602 1588 ls
1631 1551 1755 1588 Vt'l‘O
1789 1535 1972 1590 furore
2006 1537 2132 1590 tutis
2165 1551 2302 1604 pra:-

728 1630 928 1684 cordis
979 1640 1156 1690 actus,
1221 1627 1438 1679 tandem
1493 1627 1808 1695 imperatori
1871 1625 2192 1695 persuadet,
2251 1635 2308 1680 ut

729 1736 984 1790 magnum
1012 1717 1276 1786 lgnatium
1310 1734 1338 1771 a
1367 1734 1463 1772 sua
1489 1719 1737 1770 det-:rbet
1761 1719 1921 1782 sede;
1957 1718 2103 1786 quod
2141 1720 2306 1771 etiam

727 1813 870 1866 haud
923 1812 1013 1864 diu
1047 1821 1166 1880 pust
1209 1809 1424 1863 accidit.
1497 1807 1633 1860 Tum
1682 1826 1829 1870 vero,
1873 1809 2051 1878 quid?
2096 1809 2307 1878 lgnatio

726 1905 1173 1976 pertyrannidern
1195 1902 1446 1971 expulso,
1463 1902 1719 1956 Pltotiunt
1740 1899 2033 1970 quemdam
2063 1902 2300 1961 nomine.

725 2009 857 2050 tunc
906 2005 1064 2066 proto
1114 2011 1142 2046 a
1196 1995 1423 2048 secretis
1476 2009 1704 2047 munere
1755 1993 2097 2062 fungentem,
2135 1995 2304 2046 multa

721 2087 904 2140 virum
958 2085 1240 2154 religionis
1275 2101 1337 2138 ac
1371 2086 1611 2138 scientiw
1645 2084 1811 2147 fama,
1858 2085 2108 2154 eligunt:
2142 2101 2304 2154 quem

723 2182 907 2234 statim
939 2178 1217 2231 detonderi
1265 2178 1544 2246 jubentes,
1572 2177 1867 2247 pontiﬁcali
1903 2180 2170 2248 dignitate
2213 2197 2306 2233 su-

725 2273 976 2326 blimant.
1011 2269 1146 2334 Quid
1171 2279 1351 2322 autent
1407 2271 1617 2323 Lizania
1653 2272 1865 2340 singula
1913 2287 1978 2326 ea
2015 2274 2306 2327 occasione

722 2371 914 2418 exorta
945 2363 1126 2415 dicere
1166 2367 1381 2424 attinet,
1450 2379 1572 2415 cum
1626 2364 1711 2415 illa
1763 2364 1999 2418 universi
2050 2365 2308 2418 Ecclesiae

725 2455 928 2508 alumni
985 2455 1272 2524 perspicua
1336 2455 1622 2507 habeant?
1666 2456 1933 2509 Cmterutn
2011 2460 2305 2526 aptattdutn

725 2561 1105 2617 argumentum
1141 2550 1344 2616 pastori
1382 2558 1572 2601 nostro
1599 2547 1845 2602 Nicolao.

797 2733 893 2786 llic
924 2735 1130 2802 itaque.
1185 2733 1276 2801 qui
1312 2748 1370 2786 se
1404 2748 1630 2801 prorsus
1670 2733 1892 2786 Clu-isto
1916 2748 1981 2786 ac
2043 2733 2154 2786 Deo
2204 2735 2302 2788 de-

732 2827 998 2888 vovisset,
1054 2841 1118 2878 ae
1147 2826 1298 2878 omni
1353 2835 1506 2894 parte
1531 2827 1595 2878 ad
1651 2826 1772 2893 ejus
1798 2841 1857 2880 se
1912 2829 2302 2881 matrdatorurn

728 2932 977 2969 normam
1005 2917 1409 2984 composuisset
1441 2935 1452 2968 :
1483 2919 1574 2984 qui
1609 2917 1739 2970 [lore
1785 2919 1964 2986 primo
2001 2917 2308 2986 juventutis

730 3009 904 3078 patria
933 3009 1116 3061 relicta
1135 3023 1312 3078 νει-«ιει
1330 3008 1452 3060 inus
1473 3007 1646 3062 factus
1667 3019 1810 3063 esset
1833 3013 1902 3073 ¹¹,
1922 3013 2127 3080 quique
2157 3027 2310 3066 more

729 3103 1031 3172 apostolico
1083 3101 1313 3153 fratrum
1363 3101 1776 3153 inﬁrmitatil-us
1801 3103 2008 3166 socius,
2031 3104 2311 3156 unaunrli-

2404 618 2636 688 κλησίας
2666 617 2860 678 οὑδῶν,
2899 615 3147 669 ἐντεῦθεν
3175 616 3272 684 τὴν
3311 617 3598 686 διόρθωσιν
3635 616 3785 685 αὑτῷ
3837 634 3980 684 προ-

2404 709 2756 779 ὄαλλόμενος.
2829 709 2889 762 Ὀ
2930 709 2988 762 δὲ
3038 708 3117 779 τῷ
3158 707 3316 777 θυμῷ
3363 707 3688 778 παραλόγως
3737 711 3805 778 τῇ
3854 711 3982 760 ἑπι-

2404 803 2574 874 θυμία
2598 802 3086 873 συμπεριπείρεται
3111 841 3125 864 ,
3158 803 3251 854 καὶ
3278 802 3376 870 τὴν
3399 800 3720 854 δυναστείαν
3774 801 3856 862 είς
3885 819 3975 853 τυ-

2405 895 2626 965 ραννίδα
2651 892 2897 964 σοϐαρῶς
2928 892 3249 963 μετατίθησι
3278 907 3292 922 ⁶
3330 893 3425 944 καὶ
3451 891 3727 961 πανδημεὶ
3759 890 3983 962 βρέμων

2404 986 2494 1038 τὸν
2522 985 2655 1040 νεὼν
2689 985 3026 1056 κατειληφὼς
3060 985 3118 1037 ἐν
3149 985 3468 1054 ὑπερέχοντι
3521 983 3598 1053 τῷ
3645 985 3982 1056 φρονήματι,

2403 1077 2510 1129 τῶν
2540 1095 2600 1131 τε
2627 1077 2834 1131 ἀδύτων
2864 1077 3012 1130 ἔνδον
3041 1077 3351 1145 γενόμενος,
3406 1077 3504 1144 τὴν
3562 1075 3671 1127 τῶν
3736 1073 3983 1143 φρικτῶν

2409 1173 2723 1240 μυσττρίων
2755 1173 2888 1240 πρὸς
2919 1170 3011 1222 τοῦ
3043 1168 3346 1240 ἀρχιερέως
3376 1168 3554 1238 ἐξῄτει
3585 1166 3912 1235 μετάληψιν.

2487 1264 2548 1315 Ὀ
2577 1265 2631 1316 δὲ
2663 1263 2906 1332 ζηλωτὴς
2938 1264 3145 1324 ἐκεῖνος
3178 1260 3254 1329 τῷ
3285 1259 3618 1330 σειρομὼττῃ
3653 1258 3762 1310 τῶν
3805 1258 3982 1324 λόγων

2407 1357 2643 1427 δημοσίᾳ
2676 1358 2773 1425 τῆς
2816 1354 3164 1424 ⁴τιάρανομιίας
3198 1353 3347 1421 αὑτῷ
3375 1351 3662 1417 προτείνας
3693 1349 3786 1400 τὶν
3824 1349 3977 1412 ἐλεγ-

2410 1466 2522 1520 χον,
2561 1465 2704 1500 κατα
2744 1448 2917 1518 φρένα
2964 1445 3152 1507 δεινῶς
3188 1446 3530 1511 ὲξεκέντησε,
3565 1442 3660 1495 καὶ
3698 1440 3857 1493 κενὸν
3890 1439 3982 1491 καὶ

2409 1541 2866 1610 κατῃσχυμμένον
2925 1539 3021 1608 τῆς
3086 1539 3381 1604 ἐκκλησίας
3453 1533 3753 1604 ἀπήλασεν.
3812 1531 3872 1584 Ὀ
3928 1530 3985 1582 δὲ

2413 1631 2602 1703 μανεὶς
2617 1631 2956 1700 καταφρένα,
2986 1629 3137 1690 τέλος
3169 1627 3346 1680 πείθει
3375 1626 3468 1680 τδν
3497 1626 3704 1680 ἄνακτα
3721 1623 3984 1674 κατελευ·

2412 1723 2606 1791 σθῆναι
2657 1720 2784 1792 μεθ.
2809 1718 3228 1792 καθαιρεθῆναι]
3265 1718 3358 1772 τοῦ
3405 1718 3594 1788 θρόνου
3656 1715 3750 1768 τὸν
3814 1715 3986 1784 μέγαν

2425 1816 2702 1882 Ίγνάτιον,
2725 1813 2862 1884 ὅπερ
2881 1813 2942 1866 οὑ
2976 1813 3091 1882 μετ’
3115 1814 3173 1864 οὑ
3203 1811 3336 1864 πολὺ
3363 1809 3457 1862 καὶ
3480 1807 3812 1860 συνέσαινεν.
3856 1801 3990 1857 Εἶτα

2410 1909 2495 1973 τίς
2546 1908 2785 1960 Ἐκείνου
2819 1907 3157 1974 τυραννικῶς
3198 1904 3547 1968 ὲξωσθέντος,
3569 1895 3716 1954 οὑτοι
3749 1897 3990 1970 «906(11-

2407 1999 2589 2053 λονταί
2619 2015 2762 2060 τινα,
2790 1999 2994 2051 Φώτιον
3043 1997 3140 2065 μὲν
3189 1996 3731 2068 προσαγορευόμενον
3763 2007 3987 2061 πρωτο-

2407 2095 2690 2164 σηκρήτης
2748 2092 2868 2144 τότε
2927 2091 3286 2161 ὑπάρχοντα,
3330 2088 3416 2142 ἐπ’
3474 2085 3732 2154 εὐλαϐείᾳ⁵
3779 2083 3838 2136 δὲ
3894 2083 3990 2133 καὶ

2405 2187 2606 2256 γνώσει
2639 2185 2807 2254 πο).λῇ
2843 2183 3217 2255 φημιζόμενον
3255 2199 3268 2213 ’
3303 2183 3474 2250 ὅνπερ
3529 2179 3688 2240 εὑθὺς
3734 2179 3990 2240 ἀποκαρ-

2408 2281 2571 2347 θῆναι
2617 2277 3000 2340 κελεύσαντες,
3029 2277 3097 2328 τὰ
3139 2277 3239 2344 τῆς
3268 2271 3684 2344 ἀρχιερωσύνης
3720 2267 3993 2339 πρεσδεῖα

2411 2367 2906 2440 μεταχειρίζονται.
2947 2367 3054 2418 Καὶ
3098 2367 3150 2416 τί
3206 2365 3270 2417 ἂν
3312 2364 3526 2430 λέγοιμι
3570 2360 3638 2413 τὰ
3670 2358 3791 2411 καθ’
3856 2358 3994 2408 ἕκα-

2414 2480 2538 2514 στον
2563 2459 2815 2513 ἐντεῦθεν
2842 2457 3150 2525 ἁναφυέειτα
3174 2454 3410 2520 ζιζάνια,
3436 2454 3571 2522 δῆλα
3600 2454 3732 2504 πᾶσι
3755 2451 3869 2512 τοῖς
3895 2451 3995 2514 τῆς

2421 2551 2747 2621 Ἐκκλησίας
2784 2550 3075 2618 τροφίμοις
3109 2548 3458 2616 ὑπάρχοντας
3487 2543 3915 2612 Μεθαρμοστέον
3936 2540 3996 2592 δὲ

2407 2641 2506 2710 τὴν
2539 2641 2796 2693 ὑπόθεσιν
2819 2640 2954 2708 πρὸς
2982 2640 3071 2690 τον
3095 2639 3362 2707 ἡμέτερον
3399 2635 3631 2704 ποιμένα
3684 2631 3987 2684 Νικόλαον.

2477 2726 2646 2794 Οὗτος
2699 2731 2880 2782 τοίνυν
2914 2733 2942 2782 ὁ
2971 2729 3048 2798 τῷ
3083 2728 3304 2798 Χριστῷ
3345 2729 3437 2780 καὶ
3475 2725 3596 2794 Θεῷ
3633 2723 3828 2777 ἑαυτὸν
3876 2723 3997 2774 όλιο

2409 2825 2521 2886 κῶς
2573 2822 2931 2891 ἀναθέμενος,
2969 2822 3061 2873 καὶ
3115 2818 3450 2888 πανταχόθεν
3487 2819 3607 2879 ταῖς
3636 2814 3800 2868 αὑτοῦ
3846 2816 4002 2865 ἐντο-

2410 2918 2527 2979 λαῖς
2560 2915 2959 2987 ῥυθμιζόμενος
2998 2929 3010 2940 ·
3040 2915 3068 2964 ὁ
3093 2915 3149 2964 ὲν
3178 2914 3329 2981 ἁκμῇ
3365 2911 3464 2979 τῆς
3489 2911 3740 2978 νεότητος
3788 2908 3996 2976 πάροι-

2411 3027 2505 3071 κος
2543 3007 2791 3077 ὑπάρξας
2836 3006 2930 3060 καὶ
2963 3005 3368 3074 παρεπίδηςιος,
3393 3005 3488 3055 καὶ
3519 3005 3638 3064 ταῖς
3693 3001 3998 3053 ἀποστοὶι-

2413 3102 2538 3162 καῖς
2573 3093 2884 3158 ἀσθενείαις
2905 3093 3399 3162 συγκακουχεῖσοαι
3438 3089 3775 3159 πανταχόθεν
3805 3086 3998 3156 αἰρού-

729 3212 834 3264 que
856 3194 1015 3262 allligi
1041 3200 1280 3261 eriperet,
1307 3192 1380 3244 uti
1411 3202 1719 3246 accuratam
1752 3194 2039 3260 imaginem
2070 3209 2132 3248 ac
2154 3195 2305 3247 simi-

2419 3208 2598 3262 μενος,
2636 3189 2823 3257 ὥσπερ
2852 3189 2911 3239 τὸ
2948 3189 3066 3240 κατ’
3100 3187 3285 3239 εἰκόνα
3315 3202 3372 3238 τε
3414 3186 3508 3236 καὶ
3538 3183 3818 3253 ὁμοίωσιν,
3847 3179 3998 3231 οὕτω

728 3289 993 3351 tudinem,
1023 3287 1094 3338 ita
1124 3296 1178 3338 et
1205 3285 1648 3339 communionem
1688 3287 2010 3340 invio'atant
2046 3303 2303 3353 servans,

722 3381 790 3434 ali
807 3379 994 3447 iniqua
1013 3395 1070 3431 se
1092 3378 1578 3446 incompositorum
1598 3377 1933 3430 conscientia
1952 3379 2303 3448 abrumpens,

722 3489 786 3525 ae
841 3487 983 3530 una_
1024 3487 1148 3522 cum
1210 3472 1377 3520 l'razre
1439 3485 1468 3521 e
1517 3469 1852 3522 rnonaste-rio
1897 3471 2203 3534 rlisr-edens,
2250 3472 2302 3526 in

720 3562 964 3630 ejusdem
1001 3562 1237 3629 hospitio
1255 3562 1503 3629 degebat,
1537 3561 1680 3630 quod
1731 3560 1959 3615 Pr.eneti
1998 3563 2163 3615 situm
2193 3573 2294 3618 cst.

722 3655 898 3723 Hujus
956 3655 1032 3707 rei
1089 3668 1279 3723 sparsa
1325 3653 1492 3714 fatua,
1549 3671 1610 3706 ac
1639 3669 1762 3705 cum
1821 3656 2308 3728 per-crebrescente

723 3757 836 3802 toto
867 3745 1068 3816 popu!o
1102 3759 1344 3808 rumore,
1381 3746 1540 3798 iidem
1578 3746 1804 3798 omnino
1838 3747 2088 3811 haberet,
2120 3748 2304 3802 sciens

719 3841 831 3908 jam
879 3838 1007 3893 olim
1047 3837 1235 3892 Caesar
1267 3837 1560 3891 sublimem
1588 3838 1689 3890 viri
1724 3837 2003 3902 virtutem,
2037 3849 2201 3908 utque
2257 3840 2303 3894 is

724 3934 970 3986 omnium
1016 3946 1111 3984 ore
1143 3929 1553 3990 decantaretur,
1581 3939 1937 3999 stupeasque,
1981 3947 2146 4000 quam
2182 3932 2304 3999 ejus

722 4025 1033 4086 rlcmcnlim,
1064 4024 1164 4078 viri
1203 4023 1377 4076 sancti
1413 4022 1499 4075 illa
1541 4023 1830 4088 disceSsio,
1861 4023 2304 4090 redargutiouem

723 4125 951 4168 auctura
1008 4122 1176 4179 esSet,
1225 4112 1438 4180 imperii
1482 4115 1626 4164 vires
1661 4111 1960 4181 detegendo
1993 4111 2260 4168 adhibens
2289 4151 2304 4175 ,

725 4209 815 4261 tibi
867 4207 987 4276 ejus
1022 4205 1240 4274 hospitii
1273 4205 1453 4257 loerrm
1491 4204 1801 4265 didicisset.
1832 4206 2020 4259 statim
2054 4221 2309 4260 morosus

723 4301 909 4364 homo,
972 4297 1425 4367 persuasibilébus
1479 4312 1795 4350 sermonum
1850 4313 2076 4351 suorum
2108 4299 2309 4363 verbis,

807 4482 848 4510 ²’
885 4477 901 4529 ι
939 4479 1067 4532 Cor.
1103 4496 1160 4543 ll,
1188 4478 1278 4531 29.

2417 3286 2520 3337 κᾶν
2573 3283 2650 3352 τῷ
2687 3280 2851 3351 κοινῷ
2905 3278 3303 3349 ἀπαράτρωτον
3357 3274 3849 3345 διαφυλαττὸμενος
3893 3274 3998 3341 τὴν

2417 3373 2727 3443 ἀκρίϐειαν,
2759 3371 3174 3441 ἀπορόήγνυσιν
3206 3369 3397 3420 ἑαυτὸν
3449 3368 3548 3436 τῆς
3588 3365 3831 3434 ἀθέσμου
3891 3365 3998 3414 τῶν

2415 3465 2728 3518 ἀσυνθέτων
2784 3464 3075 3523 συνέσεως,
3109 3462 3201 3514 καὶ
3246 3462 3342 3513 σὺν
3387 3459 3465 3528 τῷ
3498 3458 3682 3528 οἰκείῳ
3727 3456 3998 3524 ὁμαίμονι

2413 3561 2510 3629 τῆς
2541 3558 2710 3628 μονῆς
2735 3557 2973 3624 ἀπάρας,
3011 3557 3146 3624 πρὸς
3177 3553 3254 3622 τῷ
3287 3560 3339 3606 iv
3391 3552 3674 3622 Πραινὲτῳ
3708 3551 3824 3619 (50)
3859 3548 3998 3600 ταὺο

2413 3670 2511 3722 της
2543 3649 2876 3718 καταγωγίῳ
2904 3648 3192 3718 διέτριὸεν.
3219 3647 3306 3709 Ὠς
3328 3645 3385 3697 δὲ
3416 3644 3667 3715 διεεοήθη
3697 3643 3880 3707 τοῦτο,
3899 3643 4000 3694 καὶ

2415 3744 2659 3814 παειδημὶ
2735 3742 3041 3795 πλατυνθὲν
3121 3743 3425 3792 πάνπιστον
3484 3738 3857 3807 ἐπετύγχανεν
3890 3775 3907 3797 ,
3973 3739 4002 3788 ὁ

2411 3838 2629 3905 Καῖσαρ
2668 3835 2836 3888 πάλαι
2864 3833 2962 3901 τῆς
2991 3833 3082 3885 τοῦ
3110 3833 3303 3903 ἀνδρὸς
3333 3832 3533 3900 ἀρετῆς
3561 3830 3621 3884 τὸ
3650 3829 3858 3899 ὑψηλὸν
3883 3829 4005 3880 ἔπιε

2415 3928 2704 3997 στάμενος,
2726 3928 2816 3980 καὶ
2859 3928 2932 3987 ὡς
2957 3928 3014 3978 ἐν
3046 3929 3157 3989 τοῖς
3208 3925 3466 3979 ἁπάντων
3501 3924 3686 3995 ᾅδεται
3736 3923 4004 3990 στόμασι,

2414 4016 2877 4088 καταϐροντηθεὶς
2914 4016 3065 4069 ἔνθεν
3097 4019 3176 4080 εἰς
3217 4018 3341 4068 ὅσον
3381 4015 3530 4084 αὑτῴ
3561 4014 3658 4084 τῆς
3707 4015 4004 4083 παροινίας

2413 4113 2638 4176 ὲπαὺξει
2663 4111 2755 4164 τὸν
2789 4112 3029 4179 ἔλεγχον,
3061 4112 3160 4180 τὴν
3213 4109 3309 4162 τοῦ
3358 4110 3596 4179 κράτους
3653 4110 3810 4175 ίσχὺν
3851 4108 4000 4175 πρὸς

2417 4205 3078 4275 εὑρεσιν.χειρισάμενο;,
3113 4203 3207 4256 καὶ
3241 4201 3575 4270 καταμαθὼν
3598 4200 3683 4269 ἐφ’
3707 4195 3866 4270 ᾧπερ
3898 4203 4002 4266 ηὑ-

2420 4298 2618 4362 λίζετο,
2641 4300 2707 4368 τῇ
2736 4297 2845 4350 τῶν
2875 4296 3051 4364 λόγων
3071 4295 3266 4350 ἑαυτοῦ
3301 4295 3650 4366 πειθανότητι
3669 4294 3803 4364 πρὸς
3839 4294 4007 4346 ἕλκυο

1920 4566 2172 4623 ΡίὶᾹΝΟ.
2196 4566 2582 4622 (ΣΟΜΒΕῈΊΞΙΙ
2622 4567 2854 4625 NOTAE.

726 4713 938 4784 ratione
985 4711 1166 4765 dictus
1218 4710 1288 4784 sit
1342 4710 1644 4784 θεοφόρος,
1688 4711 1907 4778 qualem
1979 4711 2065 4784 it_ic
2112 4723 2306 4765 auctor
2341 4715 2380 4770 D
2414 4713 2614 4766 sitione
2655 4727 2920 4766 manuum
2971 4713 3297 4784 presbyterii
3349 4711 3589 4768 conferri
3627 4722 3863 4782 poterat,
3920 4718 4009 4772 sic

726 4783 996 4845 nominat,
1025 4797 1147 4834 eam
1177 4782 1442 4833 rationem
1471 4780 1648 4833 red-.lit
1675 4785 1866 4834 Anast.
1895 4797 1958 4834 ex
1988 4780 2303 4836 Graecorum

725 4854 1021 4908 traditione
1049 4853 1101 4904 iu
1141 4852 1288 4904 notis
1317 4851 1382 4903 ad
1419 4867 1512 4904 vrtr
1571 4852 1790 4918 synorl.,
1827 4851 1973 4920 quod
2008 4853 2123 4920 ipse
2153 4853 2317 4906 fuerit

728 4925 1015 4994 parvulus.
1039 4920 1509 4994 quern_Dorninus
1540 4924 1731 4994 statuit
1771 4922 1822 4975 in
1859 4923 2058 4994 medio,
2087 4923 2313 4974 diceres:

732 4990 749 5046 ι
785 4993 897 5046 Nisi
937 4993 1185 5062 conversi
1208 4992 1446 5050 fueritis.
1481 5003 1535 5044 et
1568 4990 1902 5051 ciliciantini.
1935 4993 2076 5062 sicut
2101 4995 2318 5062 lricpar-

726 5067 906 5119 vulus.
941 5082 958 5114 ι
987 5073 1092 5115 cte.
1135 5061 1209 5114 lle
1239 5078 1349 5130 quo
1375 5063 1592 5116 rliti‘rcilc
1625 5065 1768 5130 quod
1791 5064 2012 5115 sulidit:
2051 5061 2318 5116 L'mle’ncc

726 5134 956 5202 apostoli
984 5135 1102 5185 ausi
1129 5134 1323 5201 fuerint
1351 5135 1416 5193 ei,
1445 5149 1562 5185 rum
1588 5142 1654 5184 ad
1686 5132 1942 5186 Ecclesia:
1965 5134 2314 5202 prwsulalum

724 5215 1136 5273 promoveretur,
1196 5204 1427 5272 amplius
1485 5219 1672 5255 manus
1713 5207 2011 5269 imponere;
2058 5206 2312 5256 nimirum

725 5294 876 5346 quem
917 5291 1005 5328 ore
1044 5273 1147 5346 Dei?
1177 5278 1478 5338 laudatum,
1512 5288 1558 5326 et
1605 5276 1770 5346 ipsius
1799 5285 1962 5346 iactu
2000 5277 2310 5342 sancti/icu-

727 5345 838 5399 lum
873 5345 1231 5415 cognoverint.
1271 5347 1410 5409 Quid
1467 5347 1611 5399 enim
1655 5345 1972 5398 Dominicus
2001 5347 2088 5398 ille
2119 5356 2312 5398 conta-

725 5429 849 5469 etus
880 5434 941 5469 ac
981 5416 1366 5474 sanctiﬁcatio.
1397 5419 1461 5467 ad
1483 5416 1602 5484 ejus
1635 5416 1686 5468 in
1730 5417 2047 5484 episcopum
2084 5415 2309 5468 ordina-

727 5489 955 5547 tionem,
1006 5496 1059 5540 ct
1090 5497 1143 5539 nt
1179 5487 1292 5556 jam
1343 5497 1471 5538 tunc
1507 5497 1654 5541 esset
1689 5485 1957 5556 lgnatius,
1988 5489 2132 5556 quoi
2179 5503 2312 5554 apo-

726 5559 852 5610 stoli
883 5573 990 5609 non
1025 5557 1129 5609 nisi
1161 5558 1210 5608 itt
1245 5555 1439 5620 Coena,
1475 5573 1538 5610 ac
1579 5555 1811 5610 subinde
1843 5569 2070 5626 accepto
2095 5555 2304 5626 Spiritu

727 5638 920 5681 sancto
955 5643 985 5681 a
1042 5627 1323 5680 Dominica
1361 5628 1784 5690 resurrectione,
1827 5627 1953 5680 facti
1991 5629 2159 5680 sunt?
2190 5627 2302 5681 Nisi

728 5703 866 5750 torte
916 5698 1020 5752 hoc
1060 5698 1335 5760 volumus,
1373 5701 1723 5752 existimasse
1763 5699 2042 5766 apostolus
2075 5698 2153 5751 sic
2203 5697 2300 5751 Do-

729 5769 930 5822 rniniea
983 5784 1244 5822 manuum
1303 5771 1657 5836 itnpositione
1697 5770 2098 5822 sanctiﬁcatum
2147 5767 2304 5838 lgna-

728 5840 888 5902 tium,
923 5849 981 5892 ut
1015 5856 1076 5893 ea
1115 5840 1398 5910 accepisse
1431 5849 1774 5904 censeretur,
1816 5840 2082 5910 quidquid
2122 5838 2302 5908 impo-

2423 4793 2604 4836 Icuncn
2633 4796 2688 4836 ut
2719 4785 2916 4844 oratio,
2951 4798 3014 4837 ac
3045 4800 3209 4852 quam
3237 4785 3486 4852 jnniores
3524 4795 3721 4838 vocant
3764 4784 4005 4841 fortnam

2422 4853 2813 4912 orrlinatiuni=.
2855 4855 3080 4908 deberet
3112 4857 3372 4925 accedere
3422 4873 3435 4908 :
3471 4870 3578 4924 qua
3613 4855 3858 4925 adlribita
3909 4873 4006 4925 per

2423 4925 2724 4990 apostolos,
2762 4932 2894 4979 tunc
2925 4926 3147 4979 deruunt
3196 4924 3376 4978 factus
3407 4923 3758 4994 sit’pontifex
3812 4943 3880 4980 ac
3911 4923 4003 4982 sa-

2420 4997 2652 5056 cer-dos,
2705 4997 2851 5064 qrrod
2909 4996 3061 5063 prius
3110 5009 3228 5049 erat
3291 4999 3533 5063 quadam
3585 5005 3796 5050 tantum
3854 5001 4004 5052 velut

2420 5066 2816 5138 designatione.
2852 5067 2961 5138 ,δίο
3009 5067 3185 5138 visum
3214 5066 3546 5119 clrarissirno
3572 5067 3875 5138 συμμὺστῃ
3909 5073 4005 5124 καὶ

2417 5129 2730 5258 ῧυῖθήμίλιεγ
2784 5137 3132 5206 arbitrorqtte
3165 5137 3279 5206 ipse
3321 5138 3482 5208 longe
3539 5129 3702 5207 piur'tt'
3743 5154 3810 5194 ac
3845 5129 4001 5210 "pro-

2455 5221 2482 5257 a
2513 5224 2539 5257 it
2566 5221 2618 5258 e.

2455 5207 2618 5258 altile.

2489 5278 2605 5344 (50)
2643 5275 2910 5347 Bitltynire
2947 5279 3255 5347 emporium
3286 5288 3390 5340 est.
3433 5278 3647 5332 Socrati
3689 5279 3726 5333 l.
3752 5296 3828 5340 vr.
3867 5297 3920 5335 c.
3959 5283 4004 5344 ί,

2414 5363 2444 5420 e.
2480 5351 2703 5420 regione
2749 5346 3102 5420 Nicomediae,
3145 5346 3233 5420 illa
3265 5350 3612 5420 καταγώγια,
3661 5366 3784 5420 quae
3829 5354 4006 5405 multa

2417 5418 2730 5472 indicantur
2777 5418 3098 5472 monasterii
3139 5417 3511 5486 Studitarum,
3569 5417 3696 5488 ipsa'
3748 5421 4012 5477 videntur

2414 5504 2537 5554 quae
2574 5489 2626 5562 in
2659 5491 2812 5544 Actis
2842 5505 2894 5542 vr
2947 5489 3166 5562 synodi
3196 5491 3455 5544 dicuntur
3489 5491 3727 5560 μέτατα·
3775 5508 4008 5562 parum-

2413 5574 2521 5627 que
2550 5560 2745 5612 abesse
2777 5570 2956 5628 putem
2981 5559 3017 5612 7a
3059 5559 3206 5614 villis
3238 5559 3920 5627 Cartlrusi’anorum,'vel,
3950 5577 4010 5619 ιιι

2415 5629 2596 5690 malis,
2631 5633 2700 5683 ab
2740 5630 2980 5695 antiquis
3021 5629 3500 5685 Benedictinorum
3539 5633 3901 5701 priuratihus.
3951 5637 4003 5687 in

2366 5701 2611 5768 -quilrus
2660 5703 2814 5769 pauci
2872 5701 3070 5755 fratres
3121 5710 3274 5755 extra
3338 5717 3629 5757 commune
3681 5706 4004 5757 cmuobiunr

2414 5780 2658 5837 agerent,
2687 5788 2751 5823 ac.
2784 5781 2897 5824 tttrn
2931 5773 3102 5841 quieti
3135 5784 3413 5838 vacarent,
3454 5786 3565 5826 tum
3610 5773 3840 5826 fratrum
3877 5788 4004 5827 I‘Pll-

2413 5856 2652 5910 quorum
2684 5858 2746 5897 ac
2773 5844 3083 5898 communis
3108 5843 3343 5897 coenobii
3370 5856 3583 5913 negotia
3613 5845 3720 5900 iliic
3750 5855 4003 5914 agerent.
