4164 6456
728 416 824 481 9H

722 615 919 685 cipulis
953 613 1269 667 Evarestum
1303 613 1521 664 nomine
1552 613 1902 672 accersisset;
1929 611 2125 665 nedum
2144 614 2292 667 solus

726 711 814 764 ille
837 707 1088 763 asceticae
1123 706 1389 773 palaestra:
1410 703 1825 765 certaminibus,
1853 701 2168 757 Erarestum
2193 721 2251 757 se
2276 744 2290 767 ,

726 803 775 854 id
808 811 908 863 est,
942 798 1241 867 placentem
1274 812 1336 848 ac
1369 806 1581 864 gratum
1609 794 1868 855 ostendit,
1902 808 2086 847 verum
2129 797 2291 849 etiam

727 897 905 949 locum
946 892 1122 956 ipsum
1158 906 1253 960 pcr
1278 905 1394 953 eos,
1424 890 1513 958 qui
1557 888 1608 941 in
1632 904 1699 944 eo
1739 889 2011 959 placerent
2062 888 2174 943 Deo
2235 906 2295 945 ac

729 986 979 1055 religiose
1006 993 1362 1047 mererentur,
1393 982 1787 1050 beneplaritum
1830 980 1980 1045 fecit,
2030 984 2123 1051 qui
2177 983 2295 1051 ejus

727 1079 990 1131 hactenus
1012 1075 1224 1144 placitis
1252 1075 1758 1138 intercessronibus,
1790 1074 2065 1142 praeclaris
2088 1074 2295 1129 meritis

724 1170 939 1238 egregii:
969 1167 1228 1227 abundet,
1259 1165 1465 1233 torique
1492 1166 1603 1217 fere
1626 1164 1743 1218 oihi
1802 1163 2136 1217 venerationi
2198 1167 2293 1218 ha-

728 1264 941 1321 beatur,
999 1275 1121 1312 cum
1157 1258 1285 1310 olim
1318 1256 1601 1309 Cocorobii
1630 1257 1781 1309 locus
1801 1256 2099 1325 appellatus
2128 1267 2293 1311 essut.

729 1354 969 1420 Denique
994 1351 1124 1402 dum
1153 1350 1370 1401 interim
1398 1348 1478 1399 vir
1503 1357 1724 1400 sanctus
1743 1347 2033 1400 venerabili
2061 1348 2152 1399 illo
2176 1348 2294 1401 loco

730 1449 864 1501 bene
888 1447 1109 1515 (prietus
1130 1452 1335 1513 ageret,
1364 1457 1487 1494 eum
1510 1440 1735 1494 I’hotius
1767 1440 2005 1504 pontifex
2035 1456 2156 1493 cum
2183 1440 2295 1491 An-

727 1542 926 1611 gustis,
960 1539 1134 1591 modis
1167 1535 1423 1589 omnibus
1463 1535 1529 1587 ad
1575 1550 1634 1587 sc
1685 1534 1896 1587 ttahere
1949 1536 2292 1597 moliebatur,

726 1644 892 1701 utque
920 1630 985 1683 ad
1016 1645 1141 1683 eum
1192 1628 1494 1693 accederet,
1546 1627 1804 1680 inducere
1851 1626 2111 1680 tentabat.
2166 1626 2295 1695 Ejus

725 1725 926 1795 quippe
955 1737 1119 1791 supra
1152 1736 1340 1775 omnes
1364 1720 1502 1773 alios
1535 1719 1760 1785 gloriam
1810 1720 2081 1787 captabat.
2112 1717 2165 1772 ld
2203 1719 2292 1772 ubi

725 1817 812 1870 vir
849 1814 1190 1869 admirabilis
1216 1810 1496 1875 intellexit,
1528 1825 1718 1863 eorum
1752 1811 1938 1863 volens
1960 1824 2154 1863 cavere
2210 1810 2287 1863 in-

2165 417 2471 481 ANONYM
2482 420 2504 481 1

800 521 1148 576 l'ostmodum
1173 517 1315 572 enim
1343 533 1463 572 cum
1483 533 1649 573 unum
1675 519 1961 588 quemdam
1993 534 2022 573 e
2046 521 2161 574 suis
2184 523 2294 575 dis-
2326 538 2366 590 Α

3855 420 3963 485 912

2476 528 2607 580 Ἕνα
2634 527 2741 599 γάρ
2779 529 2886 582 τῶν
2910 528 3071 582 αὐτοῦ
3105 528 3363 597 μαθητῶν
3393 529 3699 601 Εὐάρεστον
3726 532 3967 603 τοῦνομα

2399 624 2479 684 εἰς
2521 620 2962 690 ὓστεροντοῦτον“
2983 622 3511 691 μεταπεμψάμενος,
3561 624 3623 675 οὐ
3651 628 3765 687 τοῖς
3787 625 3964 692 ἀγῶσι

2402 714 2561 781 μόνος
2612 713 2819 774 ἐκεῖνος
2885 712 2984 781 τῆς
3038 712 3345 781 άσκητικῆς
3366 713 3705 783 παλαίστρας
3752 713 3964 783 ἐδείχθη

2400 805 2709 874 Εὐάρεστος
2737 820 2752 836 ’
2780 804 2917 857 ἀλλά
2940 803 3046 874 μὴν
3071 805 3166 857 καὶ
3192 804 3322 857 αὐτὸ
3342 804 3403 856 τὺ
3432 806 3631 877 χωρίον
3649 805 3737 858 διὰ
3770 807 3880 858 τῶν
3912 810 3968 856 ἐν

2395 897 2543 966 αὐτῷ
2554 895 2699 965 τῷιθε
2709 896 2772 966 ίῳ
2788 897 2944 967 εὐαρε
2954 896 3535 965 στούντων,εὑάρεστον
3547 915 3675 950 κατε
3685 899 3969 967 ιργάσατο,

2401 988 2563 1058 μέχρι
2580 989 2950 1058 τῆςοσήμερον
2996 991 3118 1051 ταῖς
3149 989 3313 1042 αὑτοῦ
3346 989 3665 1061 εὐαρέστως
3704 990 3969 1058 πρεσεεί-

2396 1097 2505 1141 αις,
2543 1079 2727 1150 βρίθον
2756 1082 2867 1143 τοῖς
2926 1079 3150 1149 ἀγαθοῖς
3195 1080 3611 1151 κατορθώμασι,
3657 1081 3753 1132 καὶ
3775 1079 3969 1147 σχεδίν

2399 1171 2504 1224 ὑπὸ
2530 1174 2711 1242 πάσης
2725 1172 2823 1240 τῆς
2843 1172 2945 1240 γῆς
2973 1171 3357 1240 σεσαζόμενον·
3375 1171 3582 1224 ἀνωθεν
3604 1174 3671 1242 τῇ
3695 1187 3976 1242 προσωνυ-

2403 1265 2505 1334 μίᾳ
2550 1265 2660 1316 τών
2692 1264 3022 1333 Κοκοροὸίου
3048 1264 3467 1334 ἐπιφερόμενον.
3514 1264 3731 1334 Ἀμέλει
3788 1264 3973 1326 καλῶς

2399 1359 2456 1409 ὲν
2482 1356 2619 1425 τῷδε
2681 1357 2761 1426 τῷ
2788 1358 2978 1425 εὐαγεῖ
3003 1357 3151 1427 τόπῳ
3172 1357 3251 1426 τῷ
3284 1357 3417 1426 ὁσίῳ
3465 1357 3884 1427 ὲφησυχάζοντι,
3948 1358 3977 1407 ό

2400 1450 2689 1519 ἀρχιερεὺς
2734 1449 2938 1511 Φώτιος
2998 1449 3270 1512 παντοίως
3309 1449 3446 1518 πρὸς
3491 1451 3684 1502 ἑαυτὸν
3720 1450 3819 1501 σὺν
3858 1450 3973 1510 τοίς

2399 1540 2669 1613 κρακῦσιν
2732 1542 2959 1594 ἑλκῦσαι
2993 1541 3183 1594 τοῦτον
3203 1541 3745 1613 πραγματευόμενος,
3772 1542 3867 1594 καὶ
3893 1540 3975 1601 ὡς

2396 1632 2555 1686 αὑτὸν
2584 1632 2877 1701 ἀφικέσθαι
2905 1634 3263 1705 πειρώμενος.
3308 1634 3511 1705 Ἐθήρα
3547 1634 3654 1702 γὰρ
3679 1633 3843 1686 αὐτοῦ
3869 1632 3977 1702 τὴν

2398 1723 2558 1789 δόξαν
2582 1724 2733 1795 ὑπὲρ
2752 1726 2879 1788 τοὺς
2907 1726 3099 1789 ἀλλους
3129 1742 3213 1792 γε*
3243 1725 3576 1796 καταμαθὼν
3592 1728 3619 1778 ὁ
3644 1726 3973 1795 θαυμάσιος,

2398 1817 2494 1869 καὶ
2518 1816 2619 1879 τάς
2637 1817 2845 1870 τούτων
2861 1818 3082 1889 ἐνέδρας
3102 1819 3387 1888 διαδράσαι
3412 1818 3759 1888 βουλόμενος,
3788 1819 3975 1887 φυγάς

725 1909 913 1971 sidias,
949 1907 1073 1974 fuga
1099 1921 1157 1958 se
1185 1905 1238 1957 in
1298 1901 1689 1956 Priconnesum
1743 1901 2009 1970 proripit,
2070 1901 2301 1971 indeque

2404 1907 2775 1978 ἀπαίρειπρδς
2800 1906 2899 1979 τὴν
2914 1908 3258 1979 Πρυκόνησον
3277 1906 3502 1981 (55)[πρ.
3524 1910 3823 1979 Προικόννη
3833 1908 3977 1980 σον],

729 1999 1037 2068 Mitylenem
1070 1995 1180 2048 abit
1214 2010 1227 2046 :
1255 2007 1365 2062 quo
1421 1992 1671 2056 loco,ubi
1698 1992 1789 2045 diu
1819 1993 1952 2046 satis
1980 1994 2294 2047 demoratus

725 2097 892 2151 esset,
928 2087 1144 2141 tandem
1196 2086 1247 2138 in
1312 2084 1714 2137 Cherronesum
1761 2098 1866 2135 una
1897 2097 2022 2136 cuin
2074 2084 2296 2152 proprio

727 2183 931 2245 fratre,
993 2180 1134 2250 apud
1197 2178 1505 2232 Xamelium
1584 2176 1970 2241 habitaturus,
2038 2175 2294 2231 reductus

725 2284 829 2330 eal-

795 2366 974 2419 Porro
1006 2362 1263 2433 praefatus
1322 2361 1567 2416 Achillas
1618 2360 1710 2414 ubi
1754 2359 1912 2414 annis
1962 2359 2204 2428 quinque
2241 2356 2294 2410 in

728 2458 915 2513 Sancti
955 2456 1286 2511 monasterio
1324 2470 1538 2524 gregem
1600 2452 1975 2522 gubernasset,
2026 2451 2297 2518 archiepi-

729 2566 930 2620 scopus
976 2550 1195 2603 Nicolize
1227 2548 1279 2600 in
1313 2547 1556 2614 partibus
1580 2544 1815 2598 Orientis
1859 2553 2075 2597 creatus
2109 2552 2194 2596 est
2225 2559 2238 2595 :
2265 2556 2296 2594 a

727 2661 839 2716 quo
868 2644 1247 2715 praefecturam
1280 2641 1458 2695 iniens
1482 2637 1847 2702 Theodosius,
1904 2649 2029 2690 cum
2090 2648 2294 2687 annum

731 2751 900 2789 unum
927 2743 981 2787 et
1013 2733 1129 2802 ipse
1163 2729 1495 2801 praefuisset.
1535 2728 1673 2781 vivis
1697 2736 1983 2795 exemptus
2013 2738 2298 2779 successo—

727 2842 843 2881 rem
898 2822 1204 2892 Eugenium
1230 2821 1414 2875 habet.
1442 2820 1545 2873 Sed
1574 2828 1627 2872 et
1656 2820 1766 2886 ipse
1787 2832 1910 2872 cum
1932 2831 2146 2871 menses
2160 2830 2299 2885 qua-

732 2927 856 2969 tuor
885 2913 1263 2984 praefecturam
1299 2911 1588 2974 tenuisset,
1619 2907 1941 2962 Theodorus
1978 2905 2301 2959 Santaharis

728 3008 1022 3070 oriundus,
1058 3019 1121 3058 ac
1146 3003 1351 3056 idcirco
1382 3020 1409 3054 a
1451 3000 1729 3054 nonnullis
1764 2997 2161 3051 Sautabarinus
2204 3010 2300 3063 ap-

731 3099 983 3167 pellatus,
1010 3109 1297 3149 successor
1325 3092 1587 3146 sull‘ectus
1620 3098 1704 3144 est
1739 3105 1754 3141 :
1786 3089 1875 3142 cui
1903 3089 2142 3151 demum,
2173 3101 2296 3140 cum

728 3203 932 3244 annum
967 3201 1135 3240 unum
1176 3183 1449 3253 praepositi
1482 3194 1773 3250 personam
1817 3177 2098 3247 gessisset,
2126 3174 2298 3229 Sahas

784 3277 1119 3340 Callistrato,
1145 3242 1265 3342 eius
1291 3242 1616 3339 discipiilus,
1650 3270 1745 3338 qui
1803 3242 1933 3322 tunc
1986 3266 2295 3335 pontilicem
2325 3242 2366 3299 ε

729 3372 943 3440 agebat,
975 3368 1261 3424 ordinatus
1287 3364 1548 3419 succedit.

801 3649 938 3702 Cum
968 3656 1146 3699 autem
1177 3656 1408 3712 magnus
1440 3638 1602 3693 Pater
1617 3638 1873 3692 Nicolaus
1900 3651 2070 3691 annos
2094 3646 2298 3705 septem

732 3745 784 3795 in
819 3744 1040 3809 praelato
1064 3739 1132 3790 lor
1152 3752 1205 3800 ο,
1252 3750 1375 3789 cum
1441 3742 1647 3785 natura:
1697 3730 2125 3793 necessitatibus,
2186 3738 2298 3782 tum

734 3834 847 3901 ipsa
880 3836 1155 3884 senectute
1171 3827 1392 3880 attritus
1416 3823 1637 3891 egisset,
1660 3824 1783 3878 inde
1809 3823 2022 3877 vinctus
2042 3822 2105 3877 ad
2132 3837 2292 3878 suum

2396 2002 2606 2055 ἐκεῖθεν
2662 2001 2717 2053 δὲ
2749 2007 2887 2069 πρὸς
2920 2000 3229 2072 Μιτυλήνην
3257 2002 3508 2073 άπῴχετο
3533 2017 3549 2034 ⁶
3585 2004 3671 2071 ἐφ’
3706 2003 3891 2055 ἰκανὸν
3918 2003 3979 2054 δὲ

2395 2094 2567 2163 ταύτῃ
2598 2092 3042 2163 προσδιατρίψας,
3066 2095 3296 2163 ἀνῆκται
3319 2096 3455 2165 πρὸς
3483 2094 3583 2166 τὴν
3602 2096 3976 2166 Χερρόνησον,

2397 2187 2496 2238 σὺν
2515 2185 2594 2256 τῷ
2625 2186 2809 2257 οἰκείῳ
2837 2186 3053 2258 ἀδελφῷ
3104 2189 3162 2240 ὲν
3199 2185 3279 2251 τῷ
3339 2186 3601 2257 Ξαμηλίῳ
3656 2186 3977 2254 οίκισθησό-

2398 2293 2579 2344 μενος.

2480 2367 2538 2420 '0
2566 2368 2622 2420 δὲ
2655 2369 2985 2439 προῤῥηθεὶς
3026 2370 3272 2438 Ἀχιλλᾶς
3324 2370 3383 2421 ἐν
3411 2370 3477 2439 τῇ
3510 2371 3644 2438 μονῇ
3694 2366 3789 2419 τοῦ
3822 2365 3979 2419 ὁσίου

2398 2460 2489 2512 ἐπὶ
2519 2459 2681 2512 πέντε
2703 2460 2930 2530 χρόνους
2960 2459 3144 2522 ίθύνας
3194 2460 3257 2512 τὸ
3307 2461 3580 2529 ποίμνιον,
3619 2458 3982 2528 ἀρχιεπίσκο-

2398 2568 2498 2613 mc;
2527 2553 2604 2613 είς
2628 2552 2902 2605 Νακόλιαν
2932 2552 3063 2621 (54)
3094 2554 3153 2604 ἐν
3180 2553 3293 2614 τοῖς
3308 2553 3408 2621 τῆς
3432 2551 3697 2619 ἀνατολῆς
3747 2565 3978 2619 προχει-

2398 2639 2608 2711 ρίζεται
2629 2640 2875 2710 μέρεσινο
2892 2640 2951 2693 δν
2970 2643 3069 2710 τῆς
3085 2640 3262 2710 ἀρχῆς
3276 2638 3653 2708 διαδεξάμενος
3669 2638 3978 2699 Θεοδόσιος,

2398 2733 2492 2786 καὶ
2509 2732 2778 2785 ἐνιαύσιον
2794 2732 2984 2803 χρόνον
3000 2734 3281 2804 κρατήσας
3291 2733 3353 2785 τὸ
3371 2733 3733 2803 μοναστήριον
3750 2746 3765 2760 ο
3782 2728 3983 2783 τοῦτον

2400 2824 2652 2892 Εὑγένιος
2676 2824 3072 2892 τελευτήσαντα
3121 2823 3439 2892 διαδέχεται.
3486 2822 3646 2875 Ἀλλὰ
3672 2824 3764 2874 καὶ
3781 2821 3981 2875 τοῦτον

2400 2918 2494 2969 ἐπὶ
2517 2917 2790 2987 τέσσαρας
2820 2916 2995 2986 μῆνας
3045 2917 3415 2986 ποιησάμενον
3453 2915 3552 2984 τὴν
3602 2915 3977 2982 κατάσχεσιν,

2399 3007 2670 3077 Θεόδωρος
2705 3008 2732 3059 ὁ
2764 3009 2827 3060 ὲκ
2856 3008 3056 3078 χωρίου
3119 3007 3211 3059 τοῦ
3268 3005 3659 3075 Σανταὸαρέως
3727 3004 3981 3073 ἐξορμὼο

2404 3114 2587 3166 μενος,
2624 3100 2717 3150 καὶ
2744 3098 2832 3149 διὰ
2859 3096 3018 3150 τοῦτο
3051 3098 3452 3167 Σανταὸαρινὺς
3480 3096 3832 3163 παρωνύμως
3866 3096 3981 3147 ὑπό

2401 3205 2561 3239 τινων
2586 3187 3076 3256 ἐπονομαζόμενος,
3128 3186 3417 3250 διεδέξατο.
3468 3186 3680 3251 ὐνπερ
3728 3183 3983 3235 ἐνιαυτὸν

2401 3281 2520 3333 ὅλον
2544 3279 3060 3349 ἀντιπροσωποῦντα
3089 3278 3150 3331 τὸ
3182 3279 3565 3347 μοναστήριον,
3592 3277 3621 3328 ὁ
3647 3278 3710 3327 ἐκ
3753 3275 3979 3342 Καλλη-

2404 3372 2638 3441 στράτου
2687 3371 2864 3433 Σάϐας
2944 3369 3367 3440 χειροτονηθεὶς,
3420 3368 3581 3420 αὑτὸν
3641 3367 3979 3435 διαδέχεται,

2407 3462 2655 3531 μαθητὴς
2686 3461 2949 3533 ὑπάρχων
2980 3459 3075 3515 τοῦ
3104 3461 3203 3531 τὴν
3225 3458 3638 3531 ἀρχιερωσύνην
3662 3458 3785 3511 τότε
3834 3474 3978 3528 κρα-

2403 3554 2641 3617 τοῦντος.

2485 3645 2814 3698 Ἐπταετίαν
2834 3643 2891 3695 δὲ
2921 3643 3015 3696 τοῦ
3049 3645 3287 3713 μεγάλου
3328 3645 3538 3714 Πατρδς
3593 3641 3867 3695 Νικολάου
3916 3637 3982 3692 εν

2407 3735 2485 3804 τῷ
2509 3739 2648 3805 προῤ
2658 3734 2873 3805 ῥηθέντι
2890 3732 3039 3803 τόπῳ
3055 3735 3446 3804 διαμείϐοντος,
3466 3736 3557 3787 καὶ
3576 3737 3693 3795 ταῖς
3708 3731 3981 3798 ἀνάγκαις

2400 3826 2499 3895 τῆς
2522 3828 2760 3894 φύσεως,
2798 3826 2892 3877 καὶ
2919 3827 3067 3899 αὐτῷ
3100 3827 3176 3898 τῷ
3204 3829 3351 3898 γήρᾳ
3410 3824 3980 3896 συγκακουχούμενοςν

1884 3958 2134 4015 FRANC.
2162 3959 2554 4017 COMBEFISII
2589 3962 2817 4019 NOTIE.

1110 4022 1119 4031 δ

808 4083 923 4151 (55)
960 4077 1359 4151 Προικόννησον
1392 4079 1583 4151 sc_ribi_t
1633 4077 1980 4151 Nominibus,
2028 4076 2307 4151 voluitque

735 4145 873 4225 puio
904 4145 1109 4225 NOs'ter
1138 4145 1397 4225 scribere.
1428 4145 1527 4225 _E_st
1560 4148 1904 4225 Propontidis
1954 4147 2141 4225 insula.
2184 4154 2307 4225 ante

735 4215 1020 4298 Cyzicum.
1038 4217 1300 4298 ﬁltylene
1321 4217 1478 4298 Lesbi
1500 4215 1966 4298 oppidum,a‘qu‘o
1992 4224 2102 4268 tota
2131 4215 2307 4268 insula

738 4285 821 4348 sic
848 4295 989 4346 dicta
1036 4285 1157 4341 l‘uit.
1210 4290 1384 4351 Quam
1429 4285 1663 4352 denique
1702 4287 1856 4356 ponit
1905 4285 2306 4356 Qlierronesum

740 4380 836 4418 seu
874 4360 1238 4430 peninsulam,
1277 4358 1523 4430 inquam
1542 4353 1771 4430 tandem
1805 4356 1887 4408 vir
1923 4353 2025 4430 Dei
2052 4356 2310 4430 reductus

741 4443 834 4495 sit,
869 4425 1042 4499 ipsam
1078 4440 1208 4496 puto
1254 4427 1511 4499 vicinam_
1526 4425 2173 4499 Acrapromontoriokin
2202 4438 2311 4491 qua

743 4494 1245 4555 Tlieo'dorus’diem
1272 4497 1429 4550 obiit.
1484 4495 1645 4550 Plura
1678 4497 1799 4550 loi-a
1834 4495 1914 4548 sic
1944 4494 2307 4563 appellantur.

743 4572 928 4626 Potuit
959 4570 1039 4623 sic
1072 4566 1256 4621 reduci
1286 4582 1315 4619 a
1356 4565 1550 4619 Photio
1585 4580 1650 4618 ac
1695 4562 2044 4633 imperatore,
2077 4574 2133 4617 ut
2191 4562 2312 4616 urbi

742 4643 983 4696 vicinum
1035 4638 1353 4706 diligentius
1404 4636 1782 4700 observarent,
1835 4649 1898 4687 ac
1946 4634 2151 4706 aliquid
2213 4647 2311 4702 pro

743 4712 954 4780 lgnatio
978 4704 1160 4761 moliri
1184 4707 1538 4780 prohiberent
1562 4724 1576 4760 :
1604 4706 1743 4780 forte
1766 4718 1891 4758 vero
1907 4704 2049 4780 quod
2086 4704 2309 4780 Romam

743 4775 1117 4839 accessurum,
1149 4791 1325 4843 eoque
1348 4776 1565 4845 lgnatii,
1590 4791 1653 4831 ac
1685 4776 1735 4828 ei
1766 4775 2311 4845 communicantium,

747 4853 923 4904 virum
951 4857 1116 4901 tanta:
1143 4844 1509 4908 auctoritatis,
1538 4846 1790 4915 querelas
1814 4844 2123 4898 delaturum
2156 4844 2313 4896 time-

745 4932 890 4974 rent.
936 4920 1029 4971 Sie
1059 4916 1242 4970 conati
1292 4926 1421 4970 sunt
1458 4915 1832 4970 Theoctistum
1888 4928 2165 4978 revocare,
2214 4927 2310 4964 ceu

750 5008 901 5045 reum
930 4988 1256 5056 majestatis,
1286 5002 1409 5039 cum
1434 4987 1524 5039 ille
1549 5002 1646 5054 pro
1670 4985 1875 5057 lgnatio
1897 4983 2085 5037 Romae
2109 4992 2311 5052 ageret,

748 5070 807 5114 ut
835 5071 918 5114 est
949 5063 1000 5111 in
1038 5058 1284 5127 epistolis
1326 5058 1393 5111 ad
1428 5058 1733 5110 [\icolaum.

818 5133 930 5199 (54)
975 5124 1099 5181 Fuit
1138 5129 1240 5181 iste
1274 5128 1466 5199 procul
1496 5127 1662 5180 dubio
1694 5125 1992 5199 episcopus
2015 5140 2045 5178 a
2095 5124 2313 5199 Photio,

747 5201 799 5253 id
828 5196 1091 5269 temporis
1133 5198 1478 5267 tyrannidem
1525 5206 1849 5262 exercente;
1889 5196 2031 5269 unde
2068 5212 2171 5250 non
2201 5198 2316 5269 pla-

745 5282 853 5335 cet,
908 5266 1054 5339 quod
1102 5266 1228 5322 eum
1278 5279 1487 5339 auctori
1530 5266 2042 5339 pauloisuperius,’
2075 5282 2200 5320 cum
2243 5267 2318 5318 ait

744 5335 991 5395 creatum
1056 5343 1410 5410 praepositum
1459 5335 1639 5391 Studii
1674 5335 2119 5410 ejecto‘Nicolao
2179 5352 2314 5410 χρηξ

745 5412 869 5464 στὸν
904 5414 1017 5473 τοῖς
1056 5406 1281 5481 τρόποις
1314 5410 1675 5481 πανταχόθεν,
1710 5406 1937 5481 asserit.
1972 5410 2143 5459 virum
2173 5406 2318 5458 enini

740 5493 892 5552 parte
943 5478 1178 5535 moribus
1226 5486 1529 5549 probatum.
1580 5478 1651 5533 Ut
1698 5480 1784 5552 ita
1826 5479 2085 5552 probatus
2139 5485 2316 5552 esset.

746 5547 851 5607 non
888 5555 970 5607 sic
996 5547 1382 5606 l'acile‘av’viro
1416 5564 1726 5620 grassatore
1775 5548 1985 5601 iteratis
2018 5547 2318 5620 honoribus

742 5636 938 5678 auctus
970 5631 1136 5678 esset.
1179 5620 1272 5676 Vel
1315 5625 1394 5676 sic
1422 5617 1596 5674 voluit
1640 5635 1864 5690 augere,
1901 5620 2078 5670 virum
2111 5617 2318 5690 alioqui

744 5709 953 5763 magna:
1004 5694 1469 5755 existimationis,
1526 5707 1591 5745 ac
1636 5708 1665 5744 a
1716 5688 1940 5763 Nicolao
1988 5689 2315 5763 secundum,

742 5775 801 5817 ut
828 5760 939 5818 suae
975 5764 1195 5818 factioni
1235 5765 1545 5834 praesrtlium
1578 5768 1863 5831 queereret.
1898 5760 2124 5834 Quidin
2160 5768 2316 5811 utro-

685 5882 691 5887 .
739 5854 841 5905 que
875 5849 1066 5907 gradu,
1106 5851 1204 5903 pio
1236 5832 1344 5890 'aut
1374 5846 1560 5890 contra
1611 5834 1876 5902 Ignatium
1921 5832 2115 5899 egerit,
2150 5839 2314 5899 utque

2409 4079 2661 4133 habuerit
2682 4078 2747 4132 ad
2776 4079 2988 4133 Patrem
3021 4076 3325 4142 Nicolaum,
3350 4093 3415 4131 ac
3433 4076 3629 4131 fratres
3654 4075 3977 4137 Studianos.

2411 4150 2809 4217 imompertum
2850 4158 2953 4201 est.
3006 4148 3194 4201 Putem
3246 4163 3442 4201 onmes
3504 4149 3594 4217 hic
3660 4149 3981 4205 nominatos

2410 4216 2605 4287 praeter
2635 4228 2999 4286 prostremnm
3028 4217 3226 4271 Sabam
3275 4216 3451 4269 Photii
3484 4216 3839 4284 discipulum,
3877 4220 3979 4274 de-

2409 4300 2567 4342 votos
2608 4288 2758 4342 Patri
2806 4288 2998 4349 fuisse,
3035 4303 3099 4341 ac
3148 4288 3192 4340 si
3225 4287 3354 4354 quid
3406 4287 3814 4340 communionis
3854 4288 3979 4345 labe

2411 4374 2535 4411 cum
2560 4358 2754 4412 Photio
2782 4358 2965 4411 infecti
2999 4357 3238 4419 fuerunt,
3277 4357 3473 4409 timore
3503 4358 3680 4423 potius
3707 4358 3978 4423 humano,

2415 4445 2578 4495 quam
2602 4429 2726 4482 odio
2754 4429 2807 4481 in
2829 4428 3092 4497 lgnatium
3118 4428 3196 4481 vel
3218 4427 3499 4481 Nicolaum
3519 4426 3569 4478 id
3605 4428 3978 4484 commisisse.

2419 4498 2580 4552 Forte
2611 4514 2739 4550 vero
2757 4499 3167 4566 pra'posituram
3196 4498 3434 4549 inierunt
3478 4497 3555 4549 sic
3584 4497 3729 4548 velut
3760 4497 3977 4560 vicarii,

2416 4585 2479 4621 ac
2512 4584 2579 4621 ne
2618 4565 2767 4635 quid
2800 4568 3022 4635 gravius
3083 4566 3310 4618 l‘ralrum
3349 4566 3610 4619 sodalitas
3643 4580 3739 4635 per
3764 4565 3978 4623 Nicolai

2412 4634 2714 4692 absentiam
2760 4647 3055 4706 pateretur,
3097 4637 3180 4688 vel
3223 4638 3339 4704 ipso
3368 4644 3652 4706 annuente
3697 4634 3976 4706 Nicolao:

2413 4709 2575 4776 idque
2605 4703 2849 4760 videatur
2879 4715 3071 4760 auctor
3106 4703 3334 4776 innuere
3365 4704 3417 4757 in
3464 4703 3752 4757 Theodoro
3779 4704 3982 4759 Sanita-

2412 4775 2623 4843 bai-ino,
2689 4792 2813 4830 cum
2876 4775 3399 4845 ἁντιπροσωποῦντα
3453 4777 3513 4845 τὸ
3575 4780 3979 4844 μοναστήριον,

2414 4864 2507 4915 per
2532 4863 2735 4900 annum
2771 4847 3062 4915 integrum,
3088 4860 3461 4899 successiircm
3485 4844 3742 4900 habuisse
3766 4861 3981 4915 memo-

2416 4913 2497 4969 iat
2532 4920 2728 4970 Sabam
2775 4914 2950 4969 Photii
3003 4916 3331 4983 discipulum
3394 4931 3408 4966 :
3468 4927 3526 4967 ut
3574 4915 3706 4978 alii,
3762 4913 3978 4970 Nicolai

2412 4988 2661 5053 discipuli
2712 4985 2946 5051 fuerint;
2988 4985 3162 5038 Sabas
3210 4985 3411 5040 Photii.
3443 4983 3661 5037 Nacolia
3713 4987 3843 5039 urbs
3893 4998 3985 5040 est

2414 5055 2709 5110 l‘tolonnco
2756 5072 2821 5109 ac
2864 5056 3119 5109 Straboni
3188 5071 3396 5123 magnze
3444 5054 3706 5125 Phrygiae.
3762 5054 3819 5107 ln
3880 5072 3977 5110 vni

2413 5130 2622 5196 synodo
2642 5127 2983 5194 subscriptus
3018 5128 3262 5185 balntur,
3302 5125 3824 5196 l’liotiusicpiscopus
3861 5125 3979 5178 Νη-

2416 5195 2558 5250 ιοιέω
2594 5212 2612 5249 :
2643 5212 2706 5250 ac
2738 5197 2904 5249 videri
2948 5198 3117 5262 possit
3143 5197 3489 5248 scribendum
3529 5195 3790 5261 Nacoliw,
3848 5210 3978 5250 cum

2415 5268 2502 5320 vix
2541 5267 2647 5319 ulla
2686 5270 2858 5335 possit
2890 5266 3154 5333 assignari
3190 5268 3317 5320 urbs
3360 5265 3593 5319 Natolia.
3619 5266 3755 5329 Quia
3792 5278 3975 5319 tamen

2415 5347 2630 5391 constat
2679 5352 2746 5390 ex
2777 5338 3071 5389 Anastasio
3100 5336 3246 5388 solos
3294 5346 3505 5390 veteres
3550 5353 3860 5405 episcopos,
3912 5352 3981 5389 ac

2418 5408 2520 5461 sub
2550 5406 2674 5460 aliis
2723 5406 3050 5475 patriarchis
3089 5406 3393 5468 ordinatos,
3431 5408 3700 5459 admssos
3738 5422 3864 5461 eSse
3919 5417 3980 5460 ut

2418 5478 2829 5533 subscriberent
2851 5480 3080 5545 synodo,
3117 5492 3213 5528 nec
3242 5477 3483 5530 Achillas-
3510 5477 3855 5530 subscribere
3875 5492 3979 5545 po-

2419 5550 2541 5608 tuit,
2579 5562 2677 5600 nec
2717 5547 2762 5600 si
2814 5544 2975 5615 quem
3010 5544 3259 5610 Photius,
3291 5562 3358 5599 eo
3397 5546 3537 5599 forte
3578 5544 3977 5609 defuncto,’illi

2420 5616 2721 5671 substituit.
2755 5615 2835 5669 Sit
2857 5632 2986 5686 ergo
3013 5616 3225 5686 Natolia
3262 5618 3550 5684 peculiaris
3580 5618 3796 5681 civitas.
3835 5618 3979 5670 forte

2420 5688 2474 5741 in
2508 5689 2637 5741 Asia
2682 5686 2898 5748 Minori.
2927 5685 3090 5755 quam
3115 5685 3309 5740 Tun-ae
3337 5704 3401 5740 ac
3422 5688 3670 5743 moderni
3700 5686 3975 5739 Natoliam

2420 5772 2618 5811 vocant
2644 5776 2657 5810 :
2686 5758 2832 5810 velut
2862 5758 3041 5810 thema
3071 5757 3358 5823 orientale,
3396 5774 3459 5813 ac
3482 5759 3624 5828 quod
3655 5757 3979 5811 orientalior

2421 5831 2491 5885 sit
2523 5829 3015 5897 ConstantinOpoli.
