4164 6456
186 434 289 497 913

1313 432 1487 492 VITA
1529 433 1586 492 S.
1627 429 1935 490 NICOLAI
1972 428 2341 491 STUDITXE.

3320 419 3424 482 9M

183 546 402 612 δέσμιος
424 542 575 597 ἐνθεν
598 541 702 596 ὑπὸ
739 543 833 597 τοῦ
890 543 1167 614 Καίσαρος
1217 543 1355 613 πρὸς
1413 545 1512 615 τὴν
1563 542 1757 597 ἑαυτοῦ

1881 543 2032 613 psius
2053 542 2327 597 reducitur
2359 536 2771 599 monasterium,
2790 534 3126 605 pralatoque
3148 531 3215 584 Sa
3228 530 3306 585 ba:
3321 541 3435 584 tra-

190 636 357 704 μονὴν
383 635 732 700 ἐπανάγεται,
763 635 853 687 καὶ
891 633 968 703 τῷ
998 633 1362 705 προρῤηθέντι
1383 635 1531 705 Σάϐᾳ
1576 651 1759 703 παρα-

184 728 402 791 δοθεὶς,
469 727 799 798 ἐμφρούριος
855 727 1347 780 ἐναποκαθίσταται
1386 727 1478 779 ἐπὶ
1540 728 1633 782 δύο
1664 728 1757 794 ἔτη

184 817 543 885 ἀπρονόητος.
580 818 636 867 ἐν
657 817 887 885 τηρήσει
906 816 1071 885 πολλῇ
1089 817 1597 886 διαφυλαττόμενος.
1619 817 1761 870 Ἀλλ’

186 908 379 975 ἐπειδὴ
422 912 480 961 al
506 907 623 960 τῶν
648 907 1011 976 ἁμαρτωλῶν
1035 909 1161 963 ὁδοί
1189 910 1513 973 σκοτεινά),
1540 910 1636 962 καὶ
1653 910 1765 962 οὐκ

185 997 388 1051 ddum
420 998 538 1059 πῶς
564 1000 1059 1066 προσκόπτουσιν
1086 1018 1101 1033 -
1137 1001 1220 1053 ἵνα
1247 1003 1366 1054 κατ’
1426 1002 1593 1070 ἄμφω
1653 1003 1765 1054 τοῖν

184 1088 333 1146 δυοῖν
371 1092 671 1157 Καισάροιν
727 1092 833 1144 ὑπὸ
862 1092 955 1144 τοῦ
996 1092 1143 1145 ὁσίου
1196 1093 1567 1163 προφητευθὲν
1614 1092 1767 1156 τέλος

185 1181 693 1250 προκαταλάϐηται,
722 1185 815 1237 ἐπὶ
834 1185 1057 1253 Κρήτην
1083 1187 1110 1237 ὁ
1149 1185 1281 1250 ἄναξ
1326 1186 1544 1256 Μιχαὴλ
1572 1188 1667 1239 σὶν
1689 1184 1766 1255 τῷ

185 1274 432 1343 Καίσαρι
472 1276 614 1328 κατὰ
668 1276 758 1329 τοῦ
805 1277 1030 1345 Ἰσμαὴλ
1062 1278 1517 1346 ἐκστρατεύουσιν
1540 1294 1552 1308 ·
1585 1278 1765 1331 ἐκεϊσέ

182 1382 246 1418 τε
268 1368 410 1419 κατὰ
437 1367 535 1435 τὴν
563 1367 680 1419 ὁδὸν
712 1369 1067 1437 ἐπιμανὲντες
1102 1369 1347 1438 αλλήλοις
1381 1370 1481 1437 ('55
1503 1370 1542 1440 ),
1568 1372 1596 1423 ὁ
1623 1373 1763 1424 Καῖ-

186 1474 296 1524 σαρ
351 1457 756 1521 ἐπιϐουλευθεὶς
805 1459 1056 1522 ἐλεεινῶς
1097 1463 1153 1512 ἐν
1209 1462 1455 1532 μαχαίρᾳ
1508 1462 1762 1532 διαμερι-

188 1550 340 1612 σθεὶς
370 1552 832 1614 κατασφάττεται.
884 1552 942 1605 '0
971 1553 1025 1606 δὲ
1078 1553 1441 1622 ὑποστρέψας,
1503 1558 1563 1607 οὐ
1626 1554 1765 1623 μετὰ

184 1641 325 1692 πολὺ
363 1643 453 1694 καὶ
471 1642 631 1704 αὐτὸς
651 1643 846 1712 ἐπίσης
870 1644 1062 1713 ἐκείνῳ
1093 1644 1190 1713 τῆς
1219 1646 1386 1715 ὀργῆς
1411 1645 1470 1698 τὸ
1506 1647 1766 1715 ποτήριον

185 1733 448 1787 πέπωκεν
468 1774 482 1798 ,
517 1736 575 1788 ἓν
594 1737 688 1789 καὶ
716 1735 776 1788 τὸ
807 1735 939 1788 αὐτὸ
960 1737 1111 1799 τέλος
1135 1736 1274 1790 κατὰ
1302 1738 1401 1807 τὴν
1426 1735 1521 1791 τοῦ
1553 1738 1767 1792 δικαίου

186 1828 455 1897 πρότασιν
483 1829 875 1897 ἐφευράμενος.

1863 634 1914 687 di
1926 644 2032 697 tus,
2046 632 2098 685 in
2111 647 2328 687 carcere
2340 631 2405 685 ad
2427 628 2727 693 biennium,
2748 643 2828 679 ma
2839 628 2981 679 ximo
2995 623 3241 692 corporis
3258 621 3436 690 negle-

1863 736 1975 789 ctu,
2009 724 2362 793 diligentique
2394 720 2686 776 admodum
2713 720 2981 780 custodia,
3029 726 3266 771 tenetur.
3293 712 3433 778 Quia

1865 816 2220 872 nihilominus
2234 824 2563 881 peccatorum
2576 813 2669 867 via:
2688 810 2970 864 lettebrosai
2992 818 3137 873 sunt,
3154 825 3246 862 nec
3265 808 3439 862 sciunt

1863 908 2120 982 quomodo
2150 907 2419 976 offendunt
2452 906 2519 938 "‘
2544 924 2557 969 ;
2579 921 2686 974 quo
2723 903 2845 958 linis
2868 918 2895 956 a
2951 900 3153 955 Sancto
3212 901 3264 953 in
3298 899 3440 953 duos

1862 1004 2103 1059 Caesares
2122 999 2651 1070 praenuntiatustunc
2669 996 2901 1065 primum
2915 991 3440 1060 occuparet,junctis

1865 1095 2037 1163 copiis
2055 1094 2349 1160 imperatur
2377 1088 2603 1143 Michael
2622 1103 2686 1141 ac
2705 1086 2905 1149 Caesar,
2926 1087 2979 1139 in
3009 1083 3226 1139 Cretam
3253 1082 3443 1135 adver-

1866 1205 1960 1243 sus
1993 1185 2271 1241 Ismaelem
2307 1181 2607 1237 exercitum
2635 1178 2905 1233 educunt:
2950 1185 3180 1244 tumque
3238 1174 3291 1227 in
3356 1172 3441 1225 via

1867 1290 2058 1333 mutuo
2083 1278 2136 1330 in
2163 1291 2222 1330 se
2252 1274 2433 1329 furore
2448 1272 2737 1327 concitatis
2756 1310 2770 1333 ,
2802 1268 2983 1322 Caesar
3005 1267 3219 1322 insidiis
3237 1264 3444 1333 appeti-

1867 1380 1976 1435 tus,
2000 1368 2199 1423 misere
2227 1365 2405 1435 gladio
2433 1361 3022 1431 dissectusjugulatur.
3057 1358 3329 1411 Reversus
3349 1370 3445 1408 au-

1868 1473 1974 1517 tem
2010 1461 2120 1525 ille,
2170 1460 2316 1514 brevi
2349 1467 2403 1512 et
2437 1457 2550 1525 ipse
2608 1454 2829 1524 perinde
2872 1452 3099 1506 calicem
3148 1448 3239 1502 ira-
3288 1446 3443 1506 bibit,

1870 1571 2037 1610 unum
2072 1554 2450 1622 eumdemque,
2470 1550 2623 1619 juxta
2648 1548 2793 1618 quod
2816 1546 2895 1600 vir
2919 1544 3102 1615 justus
3118 1538 3443 1613 pronuntia-

1869 1659 1973 1715 rat,
2009 1649 2292 1704 inveniens
2331 1646 2513 1699 linem.

262 1921 375 1972 Καὶ
406 1919 607 1982 εὐθέως
636 1921 663 1971 ὁ
684 1920 897 1988 Καῖσαρ
938 1918 1209 1982 Βισίλειος
1242 1920 1309 1973 τὰ
1334 1920 1442 1973 τῶν
1480 1919 1767 1989 Ῥωμαίων

1943 1926 2062 1981 Mox
2097 1940 2224 1979 vero
2253 1922 2482 1979 Basilius
2503 1921 2684 1976 Caasar
2712 1919 2943 1975 Romani
2984 1916 3197 1987 imperii
3230 1926 3446 1985 sceptra

190 2014 450 2081 σκῆπτρα
481 2012 947 2082 μεταχειρίζεται·
974 2013 1031 2075 ὃς
1066 2013 1217 2083 ἱερὰν
1250 2013 1501 2080 γενέσθαι
1555 2013 1770 2067 σύνοδον

189 2106 767 2175 παρακελευσάμενος,
808 2106 945 2174 μετὰ
986 2106 1045 2157 τὸ
1088 2106 1384 2160 ἀποδοῦναι
1438 2107 1531 2160 τὸν
1570 2110 1770 2160 οἰκεῖον

192 2198 297 2266 τῆς
360 2198 771 2267 ἀρχιερωσύνης
803 2197 991 2267 θρόνον
1047 2198 1136 2250 τὸν
1199 2199 1457 2271 θεοφόρον
1512 2201 1771 2269 Ἰγνάτιον

190 2288 309 2359 [περ.
340 2288 419 2355 τῷ
454 2290 699 2358 Θεοφόρῳ
750 2289 1046 2359 Ίγνατίῳ],
1090 2292 1425 2360 ἐπιζητήσας
1452 2293 1544 2345 τὸν
1594 2293 1772 2346 κοινὸν

191 2381 353 2450 ἡμῶν
374 2382 610 2451 Πατέρα,
632 2382 837 2450 καὶτῆς
860 2384 1185 2451 Ἐκκλησίας
1204 2385 1467 2454 φωστῆρα
1484 2386 1770 2449 Νικόλαον,

191 2477 491 2542 κατασχεῖν
547 2475 847 2543 παρεκάλει
906 2475 1001 2527 καὶ
1041 2476 1205 2529 αὐτὸν
1248 2476 1311 2528 τὸ
1356 2477 1557 2545 οἰκεῖον
1606 2476 1773 2529 αὐτοῦ

196 2566 563 2635 μοναστὴριον
590 2582 602 2595 ·
630 2566 1086 2635 συμπρεσϐευτὴν
1147 2569 1206 2619 ἐν
1256 2566 1432 2635 τούτῳ
1519 2566 1653 2638 πρὸς
1676 2568 1775 2636 τὴν

194 2659 548 2728 παράκλησιν
605 2657 810 2711 καὶτὸν
839 2659 1102 2729 ἀρχιερέα
1152 2659 1568 2729 ἐπιφερόμενος.
1635 2660 1691 2712 '0
1718 2659 1774 2713 δὲ

193 2750 470 2802 ἀπωθεῖτο
489 2750 590 2819 τὴν
621 2748 875 2818 τοιαύτην
916 2750 1226 2819 ἐγχείρησιν
1259 2749 1379 2819 [leg.
1412 2749 1772 2821 ἐγχείρισιν],

195 2842 299 2908 τήν
323 2856 381 2892 τε
405 2840 501 2893 τοῦ
541 2842 725 2911 γήρως
757 2841 1077 2910 ἀδυναμίαν,
1110 2842 1202 2894 καὶ
1228 2842 1327 2912 τὴν
1369 2842 1431 2894 ἐκ
1471 2841 1579 2893 τῶν
1644 2857 1778 2909 προ-

196 2932 567 3000 ηγησαμένων
618 2932 677 2984 ἐν
754 2933 905 3001 αὐτῷ
962 2933 1252 3002 συντριϐὴν
1310 2933 1773 3001 προϐαλλόμενος.

200 3025 408 3090 Ἔχεις
433 3040 529 3091 με.
573 3026 760 3094 φησιν,
801 3020 1148 3088 ὦβασιλεῦ,
1180 3025 1303 3078 σὺν
1330 3023 1535 3090 πολλῇ
1556 3028 1775 3090 προθυ-

190 3115 325 3183 pla,
360 3115 437 3181 ὡς
466 3114 545 3167 ἂν
562 3116 854 3180 κελεύοις,
895 3116 1047 3169 κατὰ
1091 3115 1288 3168 πάντα
1335 3115 1415 3175 τῷ
1446 3114 1536 3179 σῷ
1564 3118 1780 3182 ὑπηρε-

196 3208 424 3261 τοῦντα
449 3209 931 3276 θελήματιοάλλὰ
961 3210 1057 3261 καὶ
1083 3208 1196 3276 τὴν
1226 3212 1574 3277 παρῤησὶαν
1597 3227 1660 3263 τε
1681 3211 1777 3263 καὶ

197 3300 561 3368 ἀποστολὴν
578 3300 894 3354 ἀκώλυτον
920 3297 1072 3354 εἶναι
1092 3302 1573 3368 παρακελεύομαι
1598 3317 1609 3330 ·
1630 3301 1782 3369 μέγα

196 3390 413 3457 κέρδος
442 3391 800 3458 ἡγούμενος,
860 3392 926 3444 τὸ
977 3393 1097 3447 ὑπὸ
1142 3392 1255 3459 τῆς
1294 3392 1416 3461 σῆς
1460 3396 1779 3460 ὁσιότητος

196 3480 633 3549 δηλοποεῖσθαί
655 3502 719 3538 τε
745 3486 839 3539 καὶ
870 3485 1359 3539 ἐπισκέπτεσθαι.
1401 3485 1491 3538 Ἐν
1519 3487 1727 3547 τούτοις
1754 3488 1781 3539 ὁ

196 3575 335 3641 ἄναξ
367 3577 899 3647 φιλοφρονησάμενος
924 3577 1015 3631 τὸν
1038 3580 1328 3648 μακάριον,
1353 3578 1446 3631 καὶ
1460 3578 1651 3641 πείσας
1684 3580 1781 3646 τὴν

202 3670 340 3722 ἰδίαν
364 3670 935 3739 ἀρχὴνάναδέξασθαι,
1001 3673 1098 3722 σὺν
1153 3670 1391 3743 θυμηδίᾳ
1441 3671 1608 3743 πολλῇ
1668 3670 1777 3724 τῶν

1873 2019 2206 2074 moderanda
2242 2015 2500 2085 suscipit;
2529 2014 2838 2083 jubensque
2861 2026 3071 2067 sacram
3122 2009 3237 2064 ﬁeri
3285 2024 3452 2079 syno-

1872 2112 2025 2177 dum,
2058 2120 2180 2179 post
2237 2109 2502 2162 redditam
2552 2106 2760 2175 lgnatio
2816 2102 3183 2175 pontiﬁcalem
3240 2103 3450 2164 sedem,

1873 2217 2122 2273 quaerens
2150 2215 2496 2254 communem
2528 2208 2777 2253 nostrum
2827 2197 3041 2252 Patrem
3081 2211 3145 2250 ac
3199 2193 3455 2249 Ecclesize

1874 2298 2057 2350 lumen
2091 2293 2397 2355 Nicolaum,
2431 2293 2778 2352 obsecrabat,
2813 2300 2871 2344 ut
2897 2291 3085 2359 etipse
3133 2286 3452 2341 monasterii

1876 2388 1959 2442 sui
1984 2404 2170 2443 curam
2201 2388 2487 2456 reciperet,
2513 2401 2617 2437 una
2644 2399 2828 2439 secum
2855 2382 3255 2437 obsecrationis
3281 2381 3456 2433 inter-

1874 2496 2147 2535 cessorem
2173 2480 2486 2549 episcopum
2520 2477 2806 2531 adhibens.
2841 2478 2911 2530 At
2944 2475 3055 2537 ille,
3085 2473 3445 2529 commissum

1876 2587 1905 2625 a
1942 2587 2001 2625 se
2031 2586 2231 2625 munus
2266 2568 2541 2638 rejiciens,
2565 2583 2690 2623 cum
2725 2566 2932 2622 all‘ectaa
2958 2564 3255 2620 senectutis
3283 2564 3455 2632 impo-

1876 2660 2101 2714 tentiam
2136 2658 2487 2719 causabatur,
2516 2665 2631 2710 tum
2665 2656 2734 2710 ab
2765 2655 2852 2718 iis,
2878 2655 2972 2724 qui
3008 2654 3119 2708 illic
3175 2654 3462 2723 praefectu-

1878 2765 1995 2805 ram
2028 2748 2349 2817 gessissent,
2374 2746 2685 2801 exanllatos
2703 2744 2919 2799 labores
2963 2753 3131 2813 atque
3154 2744 3459 2797 molestias.

1882 2840 2081 2904 "abes,
2116 2840 2315 2909 inquit,
2369 2840 2681 2905 imperator,
2719 2838 2788 2890 ad
2834 2838 3013 2890 omnia
3070 2853 3189 2907 qua:
3238 2837 3464 2905 jusseris

1880 2934 2047 2987 multa
2075 2934 2355 2986 alacritate
2381 2942 2487 2986 tuo:
2512 2933 2753 2985 devotum
2799 2932 3058 2985 voluntati
3084 2945 3103 2983 .'
3146 2948 3321 2985 rerum
3362 2949 3393 2984 α
3417 2941 3467 2986 te

1881 3041 2041 3077 unum
2099 3025 2196 3076 hoc
2252 3040 2399 3089 rogo,
2464 3032 2521 3075 ut
2594 3039 2657 3076 ne
2711 3024 3011 3074 libertatem
3064 3036 3125 3072 ac
3195 3020 3467 3073 dimissio-

1881 3134 1999 3172 nem
2022 3134 2189 3170 meam
2223 3118 2509 3185 impedias;
2540 3117 2624 3169 cui
2653 3115 2830 3183 magni
2866 3114 3003 3167 lucri
3033 3113 3337 3183 compendio
3373 3131 3466 3167 ac-

1884 3213 2052 3276 cedat,
2070 3221 2125 3265 ut
2158 3228 2189 3265 η
2215 3222 2306 3263 tua
2336 3212 2617 3264 sanctitate
2644 3210 2951 3278 manifester
2971 3225 3033 3262 ac
3061 3219 3327 3278 protegar.
3364 3206 3469 3262 De-

1888 3318 2034 3356 mum
2069 3303 2363 3366 imperator
2387 3302 2648 3355 benevole
2676 3302 2852 3355 virum
2888 3302 3107 3355 beatum
3164 3300 3469 3369 excipiens,

1887 3412 1951 3450 ac
1988 3396 2319 3465 persuadens
2349 3394 2592 3464 pristina!
2622 3393 2961 3463 praefectura:
3009 3410 3212 3448 munus
3270 3393 3469 3446 etiam-

1889 3503 2016 3541 num
2048 3487 2220 3551 obire,
2258 3487 2425 3540 multa
2449 3487 2616 3539 animi
2645 3487 2929 3553 voluptate
2952 3487 3019 3539 ab
3043 3486 3167 3540 aula
3202 3485 3408 3539 remisit
3443 3501 3458 3537 :

1888 3594 2202 3649 quanquam
2228 3579 2390 3633 etiam
2438 3579 2504 3632 ad
2535 3593 2594 3633 se
2642 3578 2890 3634 crebrius
2953 3580 3290 3643 accersebat,
3350 3576 3472 3647 ejus

1889 3670 2163 3741 impendio
2196 3670 2543 3739 simplicitate
2569 3670 2816 3725 allectus.

200 3763 492 3832 βασιλείων
528 3763 931 3826 ἐξαπέστειλεν,
958 3764 1006 3816 εί
1038 3765 1131 3817 καὶ
1161 3765 1393 3834 μάλιστα
1425 3765 1760 3834 συχνοτέρως
1799 3764 1935 3833 πρὸς
1998 3763 2188 3817 ἑαυτὸν
2253 3762 2657 3833 μετεστέλλετο,
2699 3764 2961 3834 ἡδόμενος
2992 3763 3156 3816 αὑτοῦ
3189 3766 3255 3833 τῇ
3303 3762 3472 3816 ἁπλό-

197 3876 342 3928 τητι.

281 3953 426 4007 Ἀλλ’
447 3951 678 4005 ἐνταῦθα
714 3951 921 4005 δίκαιον
969 3952 1156 4022 ᾠήθην
1205 3952 1292 4005 διὰ
1337 3953 1602 4023 βραχέων.
1669 3955 1780 4013 τοῖς

200 4047 387 4110 πόνοις
413 4045 605 4099 τοῦτον
634 4045 733 4113 τὴν
759 4046 1093 4115 ἐπικαρπίαν
1118 4048 1467 4117 προσενετραι
1488 4046 1567 4116 τῷ
1587 4045 1779 4115 διηγή-

202 4156 357 4209 ματι.
420 4139 513 4192 καὶ
560 4139 730 4207 μικρά
780 4156 901 4190 τινα
965 4139 1073 4190 τῶν
1101 4138 1265 4191 αὑτοῦ
1298 4137 1595 4207 θαυμάτων
1646 4138 1781 4191 ὑποο

204 4231 409 4300 μνῆσαι
437 4232 548 4291 τοῖς
579 4229 965 4299 ἐντυγχάνουσι
999 4246 1012 4259 ·
1066 4230 1143 4294 ὡς
1177 4231 1242 4283 ἂν
1302 4230 1486 4299 ἄρτιον
1543 4230 1629 4298 εἴη
1681 4230 1783 4299 τῆς

202 4323 539 4390 ὕφη-(ήσεως
576 4322 638 4374 τὸ
673 4320 973 4391 ὠφέλιμον.
1023 4322 1084 4374 ΕΞ
1131 4321 1241 4391 γὰρ
1263 4323 1355 4375 καὶ
1385 4321 1604 4389 σημεῖα
1657 4323 1783 4390 τοῖς

200 4418 506 4482 ἀπίστοις,
538 4416 613 4477 ὡς
643 4417 985 4486 γέγραπταιδ
1016 4414 1131 4466 ἀλλ’
1153 4412 1245 4469 οὖν
1265 4418 1343 4478 είς
1378 4415 1603 4483 μείζονα
1627 4415 1785 4480 δόξαν

1960 3949 2060 4004 llic
2089 3948 2367 4003 enimvero
2401 3963 2580 4017 operte
2612 3948 2845 4018 pretium
2883 3950 3034 4015 duxi,
3066 3950 3205 4004 beati
3244 3950 3347 4004 viri
3394 3950 3475 4005 la-

1887 4042 2112 4097 boribus
2171 4042 2336 4096 etiam
2369 4051 2771 4110 consequentes
2817 4042 3028 4097 fructus
3088 4042 3238 4097 brevi
3284 4057 3473 4097 narra-

1883 4137 2029 4190 tione
2059 4136 2405 4197 subnectere,
2437 4150 2501 4189 ac
2532 4150 2704 4204 pauca
2738 4135 2990 4203 quietiam
3025 4136 3145 4204 ejus
3206 4138 3471 4191 miracula

1886 4227 2206 4282 Lect0ribtts
2236 4227 2539 4293 insinuare,
2570 4242 2679 4296 quo
2703 4226 2953 4281 absoluta
2978 4227 3243 4281 consisml
3276 4242 3471 4280 narra-

1893 4318 2055 4373 tionis
2087 4319 2308 4373 utilitas.
2347 4317 2672 4388 Quanquam
2704 4318 2849 4372 enim
2876 4320 3029 4389 signa
3057 4320 3373 4387 inﬁdelibus
3402 4320 3472 4381 ",

1889 4411 2044 4481 juxta
2085 4411 2231 4480 quod
2263 4408 2548 4480 Scriptura
2578 4411 2739 4464 habet
2774 4428 2789 4461 :
2828 4408 3093 4464 Dominus
3151 4418 3356 4471 tamen,
3408 4411 3475 4464 ad

201 4510 315 4561 τῶν
353 4506 523 4560 αὑτοῦ
550 4508 898 4577 θεραπόντων
925 4506 953 4557 ὁ
988 4506 1212 4575 Κύριος,
1245 4507 1304 4558 ἐν
1330 4508 1438 4568 τοῖς
1469 4509 1680 4569 πιστοῖς
1713 4506 1774 4558 τὰ

1894 4504 2155 4574 majorem
2194 4502 2521 4557 famulorum
2544 4519 2769 4556 suorum
2799 4502 3051 4570 gloriam,
3079 4518 3269 4557 eorum
3312 4504 3479 4567 dona,

203 4601 343 4670 πρὸς
372 4600 695 4671 εὐεργεσίαν
722 4600 821 4668 τῆς
861 4600 1075 4667 φύσεως
1106 4598 1349 4667 διανέμει
1399 4601 1604 4651 τούτων
1626 4601 1785 4669 χαρί-

204 4704 414 4757 auctr
454 4689 650 4742 οὐκοῦν
704 4689 822 4757 μετ’
858 4687 1199 4760 εὐφροσύνης
1236 4688 1304 4742 τὰ
1354 4688 1445 4741 τοῦ
1472 4689 1786 4757 Πνεῦματος

205 4781 517 4848 ἐξείπωμεν
549 4779 819 4848 ΘαιῖματαΔ

276 4873 513 4927 Εὺδοκία
540 4873 649 4943 γάρ
686 4875 717 4944 ἡ
750 4873 841 4926 τοῦ
879 4875 1225 4944 φιλοχρίστου
1285 4876 1535 4944 μέδοντος
1590 4873 1783 4927 σύνευ-

210 4983 322 5030 νος,
353 4966 490 5017 κατ’
517 4966 686 5030 αὐτὰς
738 4967 837 5029 τὰς
894 4968 1108 5038 ἡμέρας
1151 4968 1313 5021 πάθει
1355 4968 1514 5037 δεινῷ
1557 4968 1789 5038 περιπέ-

210 5071 436 5111 πτωκεο
467 5059 561 5111 καὶ
596 5059 695 5129 τῆς
742 5061 805 5113 ἐκ
860 5060 965 5112 τῶν
1008 5061 1206 5130 ἰατρῶν
1244 5061 1515 5131 ἑπομένης
1539 5061 1791 5131 βοηθείας

211 5150 625 5221 ἐστέρητο.ἐπε“ι
649 5154 741 5205 καὶ
753 5152 820 5205 τα
842 5152 934 5205 τοῦ
954 5154 1156 5215 πάθους
1175 5154 1308 5221 πρὸς
1329 5154 1556 5207 θάνατον
1574 5154 1789 5209 ἕϐλεπε.

212 5242 321 5295 Τοῦ
354 5242 411 5294 δὲ
443 5242 705 5312 βασιλέως
737 5243 1096 5313 ἀθυμοῦντος,
1123 5246 1215 5296 καὶ
1238 5245 1365 5313 περὶ
1389 5246 1578 5298 τούτου
1600 5245 1790 5309 δεινῶς

214 5337 592 5405 ποτνιωμένου
656 5338 751 5392 καὶ
790 5339 1092 5401 στένοντος,
1128 5340 1362 5392 ὀπτασία
1396 5358 1477 5402 τις
1500 5356 1790 5410 παρεμπε-

288 5490 356 5522 ²³·
393 5490 554 5544 Prov.
592 5485 666 5552 tv,
700 5490 784 5544 19.
863 5493 908 5522 ’⁵
946 5492 1113 5547 lCor.
1151 5509 1261 5557 xw,
1293 5493 1382 5546 22.

1895 4597 2094 4665 quibus
2118 4606 2311 4649 natura
2352 4595 2617 4649 beneﬁcio
2648 4594 2975 4659 allicitur,in
3012 4594 3263 4649 ﬁdelibus
3288 4596 3478 4649 distri-

1898 4690 2034 4745 buit.
2072 4690 2203 4745 Lieti
2236 4704 2367 4757 ergo
2412 4689 2597 4742 divina
2657 4689 2899 4756 Spiritus
2972 4690 3239 4744 miracula
3296 4690 3466 4745 edica-

1899 4800 2042 4837 111115.

1968 4876 2177 4946 Quippe
2194 4876 2430 4930 Eudocia
2451 4877 2655 4929 (Ibristi
2680 4879 2913 4932 amantis
2948 4876 3293 4947 imperatoris
3321 4893 3479 4957 uxor.

1900 4987 1993 5040 per
2015 4971 2114 5025 bos
2134 4969 2250 5023 dies
2270 4972 2319 5023 in
2348 4971 2596 5023 morbum
2612 4984 2831 5039 gravent
2854 4970 3062 5034 incidit,
3080 4970 3305 5039 jamque
3322 4967 3476 5023 omni

1902 5064 2233 5117 medicorum
2276 5064 2502 5129 auxilio,
2556 5062 2749 5117 morbo
2788 5063 2840 5117 in
2876 5074 3105 5117 mortem
3158 5063 3480 5126 inclinante,

1899 5153 2155 5207 destituta
2190 5164 2325 5207 erat.
2358 5153 2494 5209 Cum
2520 5162 2700 5207 autem
2727 5153 3024 5222 imperator
3044 5168 3106 5208 ea
3135 5168 3192 5207 re
3224 5162 3477 5213 rumstus.

1900 5248 2013 5299 dire
2040 5246 2421 5316 quiritaretur,
2451 5260 2515 5299 ac
2551 5244 2739 5299 animo
2777 5245 3207 5311 angustiaretur,
3228 5245 3478 5299 incidens

1906 5339 2123 5393 interim
2186 5339 2327 5393 visio
2379 5340 2500 5392 laeto
2560 5337 2744 5391 animo
2798 5336 3000 5392 eﬂccit;
3058 5336 3289 5391 Putabat
3334 5338 3481 5391 enim

1325 5602 1570 5659 FRANC.
1600 5600 1988 5661 COMBEFISII
2020 5604 2256 5661 NOTAE.

298 5743 416 5812 (35)
450 5741 728 5797 Videndus
756 5741 971 5799 Nicetas
1004 5744 1056 5797 in
1094 5744 1212 5797 Vita
1246 5741 1463 5814 Ignatii,
1494 5744 1582 5797 ubi
1628 5744 1797 5813 pluri-

233 5819 335 5870 bus
367 5814 597 5886 explicat
652 5816 744 5879 qni
798 5815 897 5870 ista
937 5814 1247 5875 habuerint,
1301 5831 1363 5867 ac.
1407 5832 1513 5884 qua
1558 5816 1792 5886 primum

235 5885 544 5953 occasione,
586 5886 881 5944 ulciscente
908 5886 1163 5952 Numine,
1194 5887 1325 5942 rixae
1351 5886 1454 5942 illa:
1483 5904 1544 5943 ac
1578 5887 1791 5943 tandem

1907 5747 2197 5828 utriusque
2235 5746 2466 5802 Cresaris
2512 5762 2662 5803 mors
2731 5747 3088 5828 contigerint,
3141 5747 3487 5820 Basiliusque

1905 5820 2027 5889 plus
2066 5821 2317 5890 princeps
2348 5834 2571 5890 regnum
2608 5818 2983 5889 capessiverit.
