  <div class='ocr_page' id='page_1' title='image "/cluster/home/n/w/nwhite01/storage/ocr_20150623/105/nnc1.0046980105/465.png"; bbox 0 0 4164 6456; ppageno 0'>
   <div class='ocr_carea' id='block_1_1' title="bbox 761 412 868 477">
    <p class='ocr_par' dir='ltr' id='par_1_1' title="bbox 761 412 868 477">
     <span class='ocr_line' id='line_1_1' title="bbox 761 412 868 477; baseline 0.037 -4"><span class='ocrx_word' id='word_1_1' title='bbox 761 412 868 477; x_wconf 82' lang='grc'><strong>915</strong></span> 
     </span>
    </p>
   </div>
   <div class='ocr_carea' id='block_1_2' title="bbox 2171 418 2515 477">
    <p class='ocr_par' dir='ltr' id='par_1_2' title="bbox 2171 418 2515 477">
     <span class='ocr_line' id='line_1_2' title="bbox 2171 418 2515 477; baseline 0.003 -1"><span class='ocrx_word' id='word_1_2' title='bbox 2171 418 2515 477; x_wconf 67' lang='grc' dir='ltr'><strong>ΑΝΟΝΥΜΙ</strong></span> 
     </span>
    </p>
   </div>
   <div class='ocr_carea' id='block_1_3' title="bbox 3902 411 4008 471">
    <p class='ocr_par' dir='ltr' id='par_1_3' title="bbox 3902 411 4008 471">
     <span class='ocr_line' id='line_1_3' title="bbox 3902 411 4008 471; baseline 0 -1"><span class='ocrx_word' id='word_1_3' title='bbox 3902 411 4008 471; x_wconf 78' lang='lat'><strong>916</strong></span> 
     </span>
    </p>
   </div>
   <div class='ocr_carea' id='block_1_4' title="bbox 761 526 2311 600">
    <p class='ocr_par' dir='ltr' id='par_1_4' title="bbox 761 527 2311 599">
     <span class='ocr_line' id='line_1_4' title="bbox 761 527 2311 599; baseline 0.001 -17"><span class='ocrx_word' id='word_1_4' title='bbox 761 529 877 593; x_wconf 78' lang='lat' dir='ltr'><strong>il‘a,</strong></span> <span class='ocrx_word' id='word_1_5' title='bbox 931 541 1055 581; x_wconf 91' lang='lat' dir='ltr'><strong>cum</strong></span> <span class='ocrx_word' id='word_1_6' title='bbox 1101 527 1379 579; x_wconf 84' lang='lat' dir='ltr'><strong>modicum</strong></span> <span class='ocrx_word' id='word_1_7' title='bbox 1437 527 1754 599; x_wconf 74' lang='lat' dir='ltr'><strong>degustaret</strong></span> <span class='ocrx_word' id='word_1_8' title='bbox 1804 546 2081 597; x_wconf 83' lang='lat' dir='ltr'><strong>somnum,</strong></span> <span class='ocrx_word' id='word_1_9' title='bbox 2138 548 2311 587; x_wconf 63' lang='lat' dir='ltr'><strong>senen‘</strong></span> 
     </span>
    </p>
   </div>
   <div class='ocr_carea' id='block_1_5' title="bbox 2418 526 4008 600">
    <p class='ocr_par' dir='ltr' id='par_1_5' title="bbox 2432 526 4008 600">
     <span class='ocr_line' id='line_1_5' title="bbox 2432 526 4008 600; baseline -0.003 -19"><span class='ocrx_word' id='word_1_10' title='bbox 2432 530 2596 581; x_wconf 74' lang='grc' dir='ltr'>σοῦσα</span> <span class='ocrx_word' id='word_1_11' title='bbox 2638 530 2821 599; x_wconf 85' lang='grc' dir='ltr'>μέσον,</span> <span class='ocrx_word' id='word_1_12' title='bbox 2860 531 3116 600; x_wconf 71' lang='grc' dir='ltr'>εὐθυμεῖν</span> <span class='ocrx_word' id='word_1_13' title='bbox 3152 526 3593 597; x_wconf 73' lang='grc' dir='ltr'><strong>παρεσκεύαζεν.</strong></span> <span class='ocrx_word' id='word_1_14' title='bbox 3637 527 3844 577; x_wconf 82' lang='grc' dir='ltr'>Ἐδόκει</span> <span class='ocrx_word' id='word_1_15' title='bbox 3895 528 4008 595; x_wconf 77' lang='grc' dir='ltr'><strong>γάρ</strong></span> 
     </span>
    </p>
   </div>
   <div class='ocr_carea' id='block_1_6' title="bbox 756 618 2321 691">
    <p class='ocr_par' dir='ltr' id='par_1_6' title="bbox 756 618 2321 691">
     <span class='ocr_line' id='line_1_6' title="bbox 756 618 2321 691; baseline 0.004 -24"><span class='ocrx_word' id='word_1_16' title='bbox 756 618 1048 683; x_wconf 75' lang='lat' dir='ltr'><strong>quemdam</strong></span> <span class='ocrx_word' id='word_1_17' title='bbox 1112 618 1330 679; x_wconf 81' lang='lat' dir='ltr'><strong>videre,</strong></span> <span class='ocrx_word' id='word_1_18' title='bbox 1403 623 1728 675; x_wconf 89' lang='lat' dir='ltr'><strong>monachum</strong></span> <span class='ocrx_word' id='word_1_19' title='bbox 1821 624 2037 691; x_wconf 90' lang='lat' dir='ltr'><strong>quidem</strong></span> <span class='ocrx_word' id='word_1_20' title='bbox 2100 625 2321 687; x_wconf 88' lang='lat' dir='ltr'><strong>habitu,</strong></span> 
     </span>
    </p>
   </div>
   <div class='ocr_carea' id='block_1_7' title="bbox 754 706 2323 775">
    <p class='ocr_par' dir='ltr' id='par_1_7' title="bbox 754 706 2323 775">
     <span class='ocr_line' id='line_1_7' title="bbox 754 706 2323 775; baseline 0.003 -18"><span class='ocrx_word' id='word_1_21' title='bbox 754 720 1029 773; x_wconf 83' lang='lat' dir='ltr'><strong>quemque</strong></span> <span class='ocrx_word' id='word_1_22' title='bbox 1058 706 1225 759; x_wconf 89' lang='lat' dir='ltr'><strong>mttlta</strong></span> <span class='ocrx_word' id='word_1_23' title='bbox 1265 708 1437 773; x_wconf 78' lang='lat' dir='ltr'><strong>gloria</strong></span> <span class='ocrx_word' id='word_1_24' title='bbox 1500 710 1827 775; x_wconf 81' lang='lat' dir='ltr'><strong>honestaret,</strong></span> <span class='ocrx_word' id='word_1_25' title='bbox 1886 712 1937 764; x_wconf 92' lang='lat' dir='ltr'><strong>in</strong></span> <span class='ocrx_word' id='word_1_26' title='bbox 1993 712 2105 765; x_wconf 69' lang='lat' dir='ltr'><strong>ltrec</strong></span> <span class='ocrx_word' id='word_1_27' title='bbox 2162 711 2323 762; x_wconf 73' lang='lat' dir='ltr'><strong>verba</strong></span> 
     </span>
    </p>
   </div>
   <div class='ocr_carea' id='block_1_8' title="bbox 754 796 2324 868">
    <p class='ocr_par' dir='ltr' id='par_1_8' title="bbox 754 796 2324 868">
     <span class='ocr_line' id='line_1_8' title="bbox 754 796 2324 868; baseline 0.003 -19"><span class='ocrx_word' id='word_1_28' title='bbox 754 797 1003 849; x_wconf 83' lang='lat' dir='ltr'><strong>alTantem</strong></span> <span class='ocrx_word' id='word_1_29' title='bbox 1040 815 1051 849; x_wconf 92' lang='lat'>:</span> <span class='ocrx_word' id='word_1_30' title='bbox 1084 796 1321 862; x_wconf 82' lang='lat' dir='ltr'><strong>Conﬁde,</strong></span> <span class='ocrx_word' id='word_1_31' title='bbox 1378 799 1571 868; x_wconf 90' lang='lat' dir='ltr'><strong>inquit,</strong></span> <span class='ocrx_word' id='word_1_32' title='bbox 1637 801 1769 868; x_wconf 74' lang='lat' dir='ltr'><strong>fore,</strong></span> <span class='ocrx_word' id='word_1_33' title='bbox 1832 814 1887 855; x_wconf 88' lang='lat' dir='ltr'><strong>ut</strong></span> <span class='ocrx_word' id='word_1_34' title='bbox 1910 804 2062 855; x_wconf 77' lang='lat' dir='ltr'><strong>modo</strong></span> <span class='ocrx_word' id='word_1_35' title='bbox 2110 803 2324 854; x_wconf 76' lang='lat' dir='ltr'><strong>minime</strong></span> 
     </span>
    </p>
   </div>
   <div class='ocr_carea' id='block_1_9' title="bbox 755 892 2322 960">
    <p class='ocr_par' dir='ltr' id='par_1_9' title="bbox 755 892 2322 960">
     <span class='ocr_line' id='line_1_9' title="bbox 755 892 2322 960; baseline 0.003 -19"><span class='ocrx_word' id='word_1_36' title='bbox 755 892 1042 943; x_wconf 83' lang='lat' dir='ltr'><strong>moriaris:</strong></span> <span class='ocrx_word' id='word_1_37' title='bbox 1079 893 1205 960; x_wconf 83' lang='lat' dir='ltr'><strong>quin</strong></span> <span class='ocrx_word' id='word_1_38' title='bbox 1260 893 1449 943; x_wconf 85' lang='lat' dir='ltr'><strong>amodo</strong></span> <span class='ocrx_word' id='word_1_39' title='bbox 1506 902 1704 960; x_wconf 83' lang='lat' dir='ltr'><strong>optata:</strong></span> <span class='ocrx_word' id='word_1_40' title='bbox 1753 897 1999 948; x_wconf 75' lang='lat' dir='ltr'><strong>sanitatis</strong></span> <span class='ocrx_word' id='word_1_41' title='bbox 2050 899 2322 948; x_wconf 76' lang='lat' dir='ltr'><strong>commoda</strong></span> 
     </span>
    </p>
   </div>
   <div class='ocr_carea' id='block_1_10' title="bbox 748 978 2320 1045">
    <p class='ocr_par' dir='ltr' id='par_1_10' title="bbox 748 978 2320 1045">
     <span class='ocr_line' id='line_1_10' title="bbox 748 978 2320 1045; baseline 0.006 -17"><span class='ocrx_word' id='word_1_42' title='bbox 748 995 1060 1045; x_wconf 68' lang='lat' dir='ltr'><strong>pi&#39;rseltsura</strong></span> <span class='ocrx_word' id='word_1_43' title='bbox 1094 998 1166 1032; x_wconf 84' lang='lat' dir='ltr'><strong>es.</strong></span> <span class='ocrx_word' id='word_1_44' title='bbox 1202 978 1336 1031; x_wconf 91' lang='lat' dir='ltr'><strong>Tum</strong></span> <span class='ocrx_word' id='word_1_45' title='bbox 1368 981 1454 1032; x_wconf 91' lang='lat' dir='ltr'><strong>illa</strong></span> <span class='ocrx_word' id='word_1_46' title='bbox 1490 996 1685 1035; x_wconf 84' lang='lat' dir='ltr'>somno</span> <span class='ocrx_word' id='word_1_47' title='bbox 1721 985 1895 1037; x_wconf 90' lang='lat' dir='ltr'><strong>soluta</strong></span> <span class='ocrx_word' id='word_1_48' title='bbox 1948 1001 2061 1038; x_wconf 89' lang='lat' dir='ltr'><strong>rem</strong></span> <span class='ocrx_word' id='word_1_49' title='bbox 2136 985 2320 1039; x_wconf 89' lang='lat' dir='ltr'><strong>statim</strong></span> 
     </span>
    </p>
   </div>
   <div class='ocr_carea' id='block_1_11' title="bbox 749 1071 2322 1139">
    <p class='ocr_par' dir='ltr' id='par_1_11' title="bbox 749 1071 2322 1139">
     <span class='ocr_line' id='line_1_11' title="bbox 749 1071 2322 1139; baseline 0.004 -16"><span class='ocrx_word' id='word_1_50' title='bbox 749 1086 871 1123; x_wconf 85' lang='lat' dir='ltr'><strong>cum</strong></span> <span class='ocrx_word' id='word_1_51' title='bbox 899 1071 1017 1123; x_wconf 81' lang='lat' dir='ltr'><strong>viro</strong></span> <span class='ocrx_word' id='word_1_52' title='bbox 1039 1071 1473 1135; x_wconf 81' lang='lat' dir='ltr'><strong>communicatis,</strong></span> <span class='ocrx_word' id='word_1_53' title='bbox 1506 1071 1769 1139; x_wconf 71' lang='lat' dir='ltr'><strong>imperiali</strong></span> <span class='ocrx_word' id='word_1_54' title='bbox 1821 1074 2059 1138; x_wconf 88' lang='lat' dir='ltr'><strong>decreto,</strong></span> <span class='ocrx_word' id='word_1_55' title='bbox 2129 1089 2322 1129; x_wconf 91' lang='lat' dir='ltr'><strong>omnes</strong></span> 
     </span>
    </p>
   </div>
   <div class='ocr_carea' id='block_1_12' title="bbox 751 1162 2318 1231">
    <p class='ocr_par' dir='ltr' id='par_1_12' title="bbox 751 1162 2318 1231">
     <span class='ocr_line' id='line_1_12' title="bbox 751 1162 2318 1231; baseline 0.003 -18"><span class='ocrx_word' id='word_1_56' title='bbox 751 1162 803 1213; x_wconf 91' lang='lat' dir='ltr'><strong>in</strong></span> <span class='ocrx_word' id='word_1_57' title='bbox 828 1163 960 1215; x_wconf 91' lang='lat' dir='ltr'><strong>urbe</strong></span> <span class='ocrx_word' id='word_1_58' title='bbox 987 1162 1361 1215; x_wconf 68' lang='lat' dir='ltr'><strong>sanctimoniae</strong></span> <span class='ocrx_word' id='word_1_59' title='bbox 1390 1163 1545 1216; x_wconf 81' lang='lat' dir='ltr'><strong>laude</strong></span> <span class='ocrx_word' id='word_1_60' title='bbox 1574 1164 1942 1231; x_wconf 73' lang='lat' dir='ltr'><strong>praecellentes</strong></span> <span class='ocrx_word' id='word_1_61' title='bbox 1993 1165 2161 1227; x_wconf 83' lang='lat' dir='ltr'><strong>viros,</strong></span> <span class='ocrx_word' id='word_1_62' title='bbox 2219 1179 2318 1219; x_wconf 90' lang='lat' dir='ltr'><strong>ceu</strong></span> 
     </span>
    </p>
   </div>
   <div class='ocr_carea' id='block_1_13' title="bbox 750 1253 2317 1325">
    <p class='ocr_par' dir='ltr' id='par_1_13' title="bbox 750 1253 2317 1325">
     <span class='ocr_line' id='line_1_13' title="bbox 750 1253 2317 1325; baseline 0.005 -21"><span class='ocrx_word' id='word_1_63' title='bbox 750 1253 1017 1305; x_wconf 82' lang='lat' dir='ltr'><strong>inviscndi</strong></span> <span class='ocrx_word' id='word_1_64' title='bbox 1045 1269 1175 1322; x_wconf 81' lang='lat' dir='ltr'><strong>ergo</strong></span> <span class='ocrx_word' id='word_1_65' title='bbox 1217 1255 1283 1308; x_wconf 90' lang='lat' dir='ltr'><strong>ad</strong></span> <span class='ocrx_word' id='word_1_66' title='bbox 1344 1270 1402 1308; x_wconf 87' lang='lat' dir='ltr'><strong>se</strong></span> <span class='ocrx_word' id='word_1_67' title='bbox 1460 1256 1753 1309; x_wconf 85' lang='lat' dir='ltr'><strong>ascendere</strong></span> <span class='ocrx_word' id='word_1_68' title='bbox 1788 1257 1942 1325; x_wconf 86' lang='lat' dir='ltr'><strong>jubet</strong></span> <span class='ocrx_word' id='word_1_69' title='bbox 1980 1259 2044 1311; x_wconf 83' lang='lat'><strong>&quot;.</strong></span> <span class='ocrx_word' id='word_1_70' title='bbox 2082 1258 2317 1323; x_wconf 80' lang='lat' dir='ltr'><strong>Quamo-</strong></span> 
     </span>
    </p>
   </div>
   <div class='ocr_carea' id='block_1_14' title="bbox 748 1345 2318 1404">
    <p class='ocr_par' dir='ltr' id='par_1_14' title="bbox 748 1345 2318 1404">
     <span class='ocr_line' id='line_1_14' title="bbox 748 1345 2318 1404; baseline 0.004 -7"><span class='ocrx_word' id='word_1_71' title='bbox 748 1345 899 1397; x_wconf 88' lang='lat' dir='ltr'><strong>brem</strong></span> <span class='ocrx_word' id='word_1_72' title='bbox 925 1345 1085 1397; x_wconf 88' lang='lat' dir='ltr'><strong>etiam</strong></span> <span class='ocrx_word' id='word_1_73' title='bbox 1110 1345 1266 1399; x_wconf 83' lang='lat' dir='ltr'><strong>Pater</strong></span> <span class='ocrx_word' id='word_1_74' title='bbox 1312 1354 1497 1399; x_wconf 90' lang='lat' dir='ltr'><strong>noster</strong></span> <span class='ocrx_word' id='word_1_75' title='bbox 1524 1362 1631 1400; x_wconf 91' lang='lat' dir='ltr'><strong>una</strong></span> <span class='ocrx_word' id='word_1_76' title='bbox 1668 1363 1792 1401; x_wconf 92' lang='lat' dir='ltr'><strong>cum</strong></span> <span class='ocrx_word' id='word_1_77' title='bbox 1818 1348 2037 1402; x_wconf 89' lang='lat' dir='ltr'><strong>Patrum</strong></span> <span class='ocrx_word' id='word_1_78' title='bbox 2063 1350 2230 1403; x_wconf 90' lang='lat' dir='ltr'><strong>choro</strong></span> <span class='ocrx_word' id='word_1_79' title='bbox 2264 1352 2318 1404; x_wconf 92' lang='lat' dir='ltr'><strong>in</strong></span> 
     </span>
    </p>
   </div>
   <div class='ocr_carea' id='block_1_15' title="bbox 750 1432 2315 1508">
    <p class='ocr_par' dir='ltr' id='par_1_15' title="bbox 750 1432 2315 1508">
     <span class='ocr_line' id='line_1_15' title="bbox 750 1432 2315 1508; baseline 0.006 -24"><span class='ocrx_word' id='word_1_80' title='bbox 750 1432 1006 1500; x_wconf 81' lang='lat' dir='ltr'><strong>palatium</strong></span> <span class='ocrx_word' id='word_1_81' title='bbox 1036 1435 1279 1495; x_wconf 87' lang='lat' dir='ltr'><strong>veniens,</strong></span> <span class='ocrx_word' id='word_1_82' title='bbox 1312 1434 1462 1486; x_wconf 78' lang='lat' dir='ltr'><strong>vultu</strong></span> <span class='ocrx_word' id='word_1_83' title='bbox 1536 1435 1700 1490; x_wconf 77' lang='lat' dir='ltr'><strong>Mosis</strong></span> <span class='ocrx_word' id='word_1_84' title='bbox 1760 1438 1933 1492; x_wconf 88' lang='lat' dir='ltr'><strong>instar</strong></span> <span class='ocrx_word' id='word_1_85' title='bbox 1994 1439 2315 1508; x_wconf 78' lang='lat' dir='ltr'><strong>glorificato,</strong></span> 
     </span>
    </p>
   </div>
   <div class='ocr_carea' id='block_1_16' title="bbox 746 1524 2319 1599">
    <p class='ocr_par' dir='ltr' id='par_1_16' title="bbox 746 1524 2319 1599">
     <span class='ocr_line' id='line_1_16' title="bbox 746 1524 2319 1599; baseline 0.007 -24"><span class='ocrx_word' id='word_1_86' title='bbox 746 1524 951 1593; x_wconf 61' lang='lat' dir='ltr'><strong>liquido</strong></span> <span class='ocrx_word' id='word_1_87' title='bbox 1007 1527 1051 1579; x_wconf 87' lang='lat' dir='ltr'><strong>is</strong></span> <span class='ocrx_word' id='word_1_88' title='bbox 1094 1524 1211 1592; x_wconf 74' lang='lat' dir='ltr'><strong>ipse</strong></span> <span class='ocrx_word' id='word_1_89' title='bbox 1255 1524 1518 1597; x_wconf 67' lang='lat' dir='ltr'><strong>Augusta:</strong></span> <span class='ocrx_word' id='word_1_90' title='bbox 1559 1528 1811 1591; x_wconf 90' lang='lat' dir='ltr'><strong>innotuit,</strong></span> <span class='ocrx_word' id='word_1_91' title='bbox 1873 1530 1965 1599; x_wconf 91' lang='lat' dir='ltr'><strong>qui</strong></span> <span class='ocrx_word' id='word_1_92' title='bbox 2005 1532 2058 1585; x_wconf 93' lang='lat' dir='ltr'><strong>in</strong></span> <span class='ocrx_word' id='word_1_93' title='bbox 2110 1531 2319 1586; x_wconf 83' lang='lat' dir='ltr'><strong>visione</strong></span> 
     </span>
    </p>
   </div>
   <div class='ocr_carea' id='block_1_17' title="bbox 740 1614 2316 1689">
    <p class='ocr_par' dir='ltr' id='par_1_17' title="bbox 740 1614 2316 1689">
     <span class='ocr_line' id='line_1_17' title="bbox 740 1614 2316 1689; baseline 0.011 -31"><span class='ocrx_word' id='word_1_94' title='bbox 740 1614 902 1666; x_wconf 79' lang='lat' dir='ltr'><strong>verba</strong></span> <span class='ocrx_word' id='word_1_95' title='bbox 927 1614 1357 1683; x_wconf 74' lang='lat' dir='ltr'><strong>oppignerasset.</strong></span> <span class='ocrx_word' id='word_1_96' title='bbox 1398 1614 1588 1685; x_wconf 77' lang='lat' dir='ltr'><strong>Magna</strong></span> <span class='ocrx_word' id='word_1_97' title='bbox 1623 1619 1808 1687; x_wconf 85' lang='lat' dir='ltr'><strong>itaque</strong></span> <span class='ocrx_word' id='word_1_98' title='bbox 1834 1636 1986 1685; x_wconf 79' lang='lat' dir='ltr'><strong>voce,</strong></span> <span class='ocrx_word' id='word_1_99' title='bbox 2017 1622 2069 1675; x_wconf 92' lang='lat' dir='ltr'><strong>in</strong></span> <span class='ocrx_word' id='word_1_100' title='bbox 2112 1623 2316 1689; x_wconf 85' lang='lat' dir='ltr'><strong>gratia-</strong></span> 
     </span>
    </p>
   </div>
   <div class='ocr_carea' id='block_1_18' title="bbox 744 1708 2315 1782">
    <p class='ocr_par' dir='ltr' id='par_1_18' title="bbox 744 1708 2315 1782">
     <span class='ocr_line' id='line_1_18' title="bbox 744 1708 2315 1782; baseline 0.008 -26"><span class='ocrx_word' id='word_1_101' title='bbox 744 1720 859 1756; x_wconf 86' lang='lat' dir='ltr'><strong>rum</strong></span> <span class='ocrx_word' id='word_1_102' title='bbox 888 1708 1156 1762; x_wconf 83' lang='lat' dir='ltr'><strong>actionem</strong></span> <span class='ocrx_word' id='word_1_103' title='bbox 1208 1710 1400 1774; x_wconf 81' lang='lat' dir='ltr'><strong>eﬂ&#39;usa,</strong></span> <span class='ocrx_word' id='word_1_104' title='bbox 1457 1712 1631 1779; x_wconf 84' lang='lat' dir='ltr'><strong>palam</strong></span> <span class='ocrx_word' id='word_1_105' title='bbox 1704 1718 2018 1778; x_wconf 77' lang='lat' dir='ltr'><strong>traducens,</strong></span> <span class='ocrx_word' id='word_1_106' title='bbox 2078 1714 2315 1782; x_wconf 73' lang='lat' dir='ltr'><strong>gloriosa</strong></span> 
     </span>
    </p>
   </div>
   <div class='ocr_carea' id='block_1_19' title="bbox 744 1796 2314 1874">
    <p class='ocr_par' dir='ltr' id='par_1_19' title="bbox 744 1796 2314 1874">
     <span class='ocr_line' id='line_1_19' title="bbox 744 1796 2314 1874; baseline 0.01 -28"><span class='ocrx_word' id='word_1_107' title='bbox 744 1796 832 1847; x_wconf 77' lang='lat' dir='ltr'><strong>ltci</strong></span> <span class='ocrx_word' id='word_1_108' title='bbox 864 1799 915 1850; x_wconf 92' lang='lat' dir='ltr'><strong>in</strong></span> <span class='ocrx_word' id='word_1_109' title='bbox 952 1798 1122 1863; x_wconf 82' lang='lat' dir='ltr'><strong>ipsam</strong></span> <span class='ocrx_word' id='word_1_110' title='bbox 1151 1818 1246 1870; x_wconf 88' lang='lat' dir='ltr'><strong>per</strong></span> <span class='ocrx_word' id='word_1_111' title='bbox 1269 1818 1392 1856; x_wconf 82' lang='lat' dir='ltr'><strong>eum</strong></span> <span class='ocrx_word' id='word_1_112' title='bbox 1418 1804 1686 1872; x_wconf 77' lang='lat' dir='ltr'><strong>magualia</strong></span> <span class='ocrx_word' id='word_1_113' title='bbox 1720 1805 2053 1871; x_wconf 68' lang='lat' dir='ltr'><strong>praedicavit.</strong></span> <span class='ocrx_word' id='word_1_114' title='bbox 2081 1806 2314 1874; x_wconf 89' lang='lat' dir='ltr'><strong>Impera-</strong></span> 
     </span>
    </p>
   </div>
   <div class='ocr_carea' id='block_1_20' title="bbox 740 1892 2318 1963">
    <p class='ocr_par' dir='ltr' id='par_1_20' title="bbox 740 1892 2318 1963">
     <span class='ocr_line' id='line_1_20' title="bbox 740 1892 2318 1963; baseline 0.007 -22"><span class='ocrx_word' id='word_1_115' title='bbox 740 1898 825 1941; x_wconf 92' lang='lat' dir='ltr'><strong>tor</strong></span> <span class='ocrx_word' id='word_1_116' title='bbox 853 1900 1056 1952; x_wconf 85' lang='lat' dir='ltr'><strong>autem.</strong></span> <span class='ocrx_word' id='word_1_117' title='bbox 1083 1892 1417 1963; x_wconf 71' lang='lat' dir='ltr'><strong>adsmnsque</strong></span> <span class='ocrx_word' id='word_1_118' title='bbox 1452 1896 1633 1950; x_wconf 90' lang='lat' dir='ltr'><strong>omnis</strong></span> <span class='ocrx_word' id='word_1_119' title='bbox 1666 1906 1902 1960; x_wconf 84' lang='lat' dir='ltr'><strong>caterva,</strong></span> <span class='ocrx_word' id='word_1_120' title='bbox 1931 1899 2105 1951; x_wconf 85' lang='lat' dir='ltr'><strong>virum</strong></span> <span class='ocrx_word' id='word_1_121' title='bbox 2143 1899 2318 1952; x_wconf 82' lang='lat' dir='ltr'><strong>admi-</strong></span> 
     </span>
    </p>
   </div>
   <div class='ocr_carea' id='block_1_21' title="bbox 742 1985 2318 2061">
    <p class='ocr_par' dir='ltr' id='par_1_21' title="bbox 742 1985 2318 2061">
     <span class='ocr_line' id='line_1_21' title="bbox 742 1985 2318 2061; baseline 0.008 -31"><span class='ocrx_word' id='word_1_122' title='bbox 742 1993 942 2045; x_wconf 77' lang='lat' dir='ltr'><strong>rantes,</strong></span> <span class='ocrx_word' id='word_1_123' title='bbox 968 1985 1224 2053; x_wconf 83' lang='lat' dir='ltr'><strong>congruis</strong></span> <span class='ocrx_word' id='word_1_124' title='bbox 1252 1985 1551 2040; x_wconf 84' lang='lat' dir='ltr'><strong>honoribus</strong></span> <span class='ocrx_word' id='word_1_125' title='bbox 1573 1990 1843 2056; x_wconf 88' lang='lat' dir='ltr'><strong>prosecuti</strong></span> <span class='ocrx_word' id='word_1_126' title='bbox 1881 1999 2024 2043; x_wconf 87' lang='lat' dir='ltr'><strong>sunt.</strong></span> <span class='ocrx_word' id='word_1_127' title='bbox 2089 1990 2318 2061; x_wconf 85' lang='lat' dir='ltr'><strong>Symbo-</strong></span> 
     </span>
    </p>
   </div>
   <div class='ocr_carea' id='block_1_22' title="bbox 738 2071 2316 2150">
    <p class='ocr_par' dir='ltr' id='par_1_22' title="bbox 738 2071 2316 2150">
     <span class='ocr_line' id='line_1_22' title="bbox 738 2071 2316 2150; baseline 0.009 -30"><span class='ocrx_word' id='word_1_128' title='bbox 738 2071 837 2123; x_wconf 80' lang='lat' dir='ltr'><strong>iiee</strong></span> <span class='ocrx_word' id='word_1_129' title='bbox 866 2080 1015 2140; x_wconf 78' lang='lat' dir='ltr'><strong>puto,</strong></span> <span class='ocrx_word' id='word_1_130' title='bbox 1035 2074 1233 2128; x_wconf 82' lang='lat' dir='ltr'><strong>Christi</strong></span> <span class='ocrx_word' id='word_1_131' title='bbox 1252 2074 1511 2139; x_wconf 82' lang='lat' dir='ltr'><strong>famulus,</strong></span> <span class='ocrx_word' id='word_1_132' title='bbox 1533 2077 1608 2130; x_wconf 90' lang='lat' dir='ltr'><strong>illi</strong></span> <span class='ocrx_word' id='word_1_133' title='bbox 1636 2078 1812 2132; x_wconf 89' lang='lat' dir='ltr'><strong>simile</strong></span> <span class='ocrx_word' id='word_1_134' title='bbox 1837 2078 2157 2134; x_wconf 79' lang='lat' dir='ltr'><strong>miraculum</strong></span> <span class='ocrx_word' id='word_1_135' title='bbox 2191 2096 2316 2150; x_wconf 91' lang='lat' dir='ltr'><strong>por-</strong></span> 
     </span>
    </p>
   </div>
   <div class='ocr_carea' id='block_1_23' title="bbox 738 2164 2316 2240">
    <p class='ocr_par' dir='ltr' id='par_1_23' title="bbox 738 2164 2316 2240">
     <span class='ocr_line' id='line_1_23' title="bbox 738 2164 2316 2240; baseline 0.01 -28"><span class='ocrx_word' id='word_1_136' title='bbox 738 2172 886 2213; x_wconf 77' lang='lat' dir='ltr'><strong>tento</strong></span> <span class='ocrx_word' id='word_1_137' title='bbox 913 2164 1147 2230; x_wconf 87' lang='lat' dir='ltr'><strong>quodam</strong></span> <span class='ocrx_word' id='word_1_138' title='bbox 1178 2175 1437 2235; x_wconf 79' lang='lat' dir='ltr'><strong>operatus</strong></span> <span class='ocrx_word' id='word_1_139' title='bbox 1462 2177 1564 2233; x_wconf 80' lang='lat' dir='ltr'><strong>est,</strong></span> <span class='ocrx_word' id='word_1_140' title='bbox 1600 2169 1746 2237; x_wconf 88' lang='lat' dir='ltr'><strong>quod</strong></span> <span class='ocrx_word' id='word_1_141' title='bbox 1788 2170 2025 2225; x_wconf 84' lang='lat' dir='ltr'><strong>nominis</strong></span> <span class='ocrx_word' id='word_1_142' title='bbox 2052 2180 2316 2240; x_wconf 88' lang='lat' dir='ltr'><strong>patronus</strong></span> 
     </span>
    </p>
   </div>
   <div class='ocr_carea' id='block_1_24' title="bbox 735 2251 2315 2334">
    <p class='ocr_par' dir='ltr' id='par_1_24' title="bbox 735 2251 2315 2334">
     <span class='ocr_line' id='line_1_24' title="bbox 735 2251 2315 2334; baseline 0.011 -31"><span class='ocrx_word' id='word_1_143' title='bbox 735 2251 989 2311; x_wconf 75' lang='lat' dir='ltr'><strong>Nicolaus</strong></span> <span class='ocrx_word' id='word_1_144' title='bbox 1048 2256 1176 2309; x_wconf 89' lang='lat' dir='ltr'><strong>olim</strong></span> <span class='ocrx_word' id='word_1_145' title='bbox 1239 2258 1537 2316; x_wconf 78' lang='lat' dir='ltr'><strong>edidisset.</strong></span> <span class='ocrx_word' id='word_1_146' title='bbox 1618 2274 1741 2312; x_wconf 89' lang='lat' dir='ltr'><strong>cum</strong></span> <span class='ocrx_word' id='word_1_147' title='bbox 1807 2261 2065 2316; x_wconf 90' lang='lat' dir='ltr'><strong>nimirum</strong></span> <span class='ocrx_word' id='word_1_148' title='bbox 2142 2264 2315 2334; x_wconf 87' lang='lat' dir='ltr'><strong>impc-</strong></span> 
     </span>
    </p>
   </div>
   <div class='ocr_carea' id='block_1_25' title="bbox 734 2344 2314 2418">
    <p class='ocr_par' dir='ltr' id='par_1_25' title="bbox 734 2344 2314 2418">
     <span class='ocr_line' id='line_1_25' title="bbox 734 2344 2314 2418; baseline 0.009 -23"><span class='ocrx_word' id='word_1_149' title='bbox 734 2344 902 2398; x_wconf 88' lang='lat' dir='ltr'><strong>ratori</strong></span> <span class='ocrx_word' id='word_1_150' title='bbox 936 2346 987 2398; x_wconf 93' lang='lat' dir='ltr'><strong>in</strong></span> <span class='ocrx_word' id='word_1_151' title='bbox 1014 2348 1132 2401; x_wconf 82' lang='lat' dir='ltr'><strong>visu</strong></span> <span class='ocrx_word' id='word_1_152' title='bbox 1176 2364 1464 2417; x_wconf 87' lang='lat' dir='ltr'><strong>apparens,</strong></span> <span class='ocrx_word' id='word_1_153' title='bbox 1502 2350 1571 2403; x_wconf 90' lang='lat' dir='ltr'><strong>ab</strong></span> <span class='ocrx_word' id='word_1_154' title='bbox 1599 2350 1799 2418; x_wconf 90' lang='lat' dir='ltr'><strong>injusta</strong></span> <span class='ocrx_word' id='word_1_155' title='bbox 1826 2366 1957 2406; x_wconf 87' lang='lat' dir='ltr'><strong>nece</strong></span> <span class='ocrx_word' id='word_1_156' title='bbox 1978 2353 2125 2408; x_wconf 87' lang='lat' dir='ltr'><strong>viros</strong></span> <span class='ocrx_word' id='word_1_157' title='bbox 2178 2354 2314 2409; x_wconf 91' lang='lat' dir='ltr'><strong>libe-</strong></span> 
     </span>
    </p>
   </div>
   <div class='ocr_carea' id='block_1_26' title="bbox 736 2431 2309 2510">
    <p class='ocr_par' dir='ltr' id='par_1_26' title="bbox 736 2431 2309 2510">
     <span class='ocr_line' id='line_1_26' title="bbox 736 2431 2309 2510; baseline 0.013 -31"><span class='ocrx_word' id='word_1_158' title='bbox 736 2431 893 2483; x_wconf 75' lang='lat' dir='ltr'><strong>ravit.</strong></span> <span class='ocrx_word' id='word_1_159' title='bbox 923 2432 1238 2497; x_wconf 86' lang='lat' dir='ltr'><strong>Enimvero,</strong></span> <span class='ocrx_word' id='word_1_160' title='bbox 1261 2438 1525 2491; x_wconf 88' lang='lat' dir='ltr'><strong>miraculo</strong></span> <span class='ocrx_word' id='word_1_161' title='bbox 1584 2438 1973 2496; x_wconf 89' lang='lat' dir='ltr'><strong>subnectentes</strong></span> <span class='ocrx_word' id='word_1_162' title='bbox 2024 2445 2309 2510; x_wconf 88' lang='lat' dir='ltr'><strong>miracula,</strong></span> 
     </span>
    </p>
   </div>
   <div class='ocr_carea' id='block_1_27' title="bbox 732 2522 1571 2586">
    <p class='ocr_par' dir='ltr' id='par_1_27' title="bbox 732 2522 1571 2586">
     <span class='ocr_line' id='line_1_27' title="bbox 732 2522 1571 2586; baseline 0.011 -12"><span class='ocrx_word' id='word_1_163' title='bbox 732 2522 911 2578; x_wconf 77' lang='lat' dir='ltr'><strong>Patris</strong></span> <span class='ocrx_word' id='word_1_164' title='bbox 944 2524 1199 2581; x_wconf 81' lang='lat' dir='ltr'><strong>virtutem</strong></span> <span class='ocrx_word' id='word_1_165' title='bbox 1240 2530 1571 2586; x_wconf 85' lang='lat' dir='ltr'><strong>ediscamus.</strong></span> 
     </span>
    </p>
   </div>
   <div class='ocr_carea' id='block_1_28' title="bbox 804 2702 2307 2789">
    <p class='ocr_par' dir='ltr' id='par_1_28' title="bbox 804 2702 2307 2789">
     <span class='ocr_line' id='line_1_28' title="bbox 804 2702 2307 2789; baseline 0.015 -34"><span class='ocrx_word' id='word_1_166' title='bbox 804 2702 1003 2761; x_wconf 85' lang='lat' dir='ltr'><strong>llelena</strong></span> <span class='ocrx_word' id='word_1_167' title='bbox 1041 2711 1242 2779; x_wconf 66' lang='lat' dir='ltr'><strong>quippe</strong></span> <span class='ocrx_word' id='word_1_168' title='bbox 1272 2710 1537 2769; x_wconf 82' lang='lat' dir='ltr'><strong>Manuelis</strong></span> <span class='ocrx_word' id='word_1_169' title='bbox 1579 2720 1797 2786; x_wconf 85' lang='lat' dir='ltr'><strong>patricii</strong></span> <span class='ocrx_word' id='word_1_170' title='bbox 1846 2722 2122 2789; x_wconf 87' lang='lat' dir='ltr'><strong>quondam</strong></span> <span class='ocrx_word' id='word_1_171' title='bbox 2150 2738 2307 2785; x_wconf 78' lang='lat' dir='ltr'><strong>uxor,</strong></span> 
     </span>
    </p>
   </div>
   <div class='ocr_carea' id='block_1_29' title="bbox 731 2799 2306 2884">
    <p class='ocr_par' dir='ltr' id='par_1_29' title="bbox 731 2799 2306 2884">
     <span class='ocr_line' id='line_1_29' title="bbox 731 2799 2306 2884; baseline 0.015 -39"><span class='ocrx_word' id='word_1_172' title='bbox 731 2809 856 2848; x_wconf 84' lang='lat' dir='ltr'><strong>cum</strong></span> <span class='ocrx_word' id='word_1_173' title='bbox 899 2799 1124 2884; x_wconf 65' lang='lat' dir='ltr'><strong>perinde</strong></span> <span class='ocrx_word' id='word_1_174' title='bbox 1177 2811 1342 2871; x_wconf 91' lang='lat' dir='ltr'><strong>atque</strong></span> <span class='ocrx_word' id='word_1_175' title='bbox 1400 2809 1686 2876; x_wconf 79' lang='lat' dir='ltr'><strong>Augusta,</strong></span> <span class='ocrx_word' id='word_1_176' title='bbox 1741 2814 1912 2880; x_wconf 90' lang='lat' dir='ltr'><strong>portis</strong></span> <span class='ocrx_word' id='word_1_177' title='bbox 1978 2814 2201 2880; x_wconf 80' lang='lat' dir='ltr'><strong>inferni,</strong></span> <span class='ocrx_word' id='word_1_178' title='bbox 2258 2817 2306 2868; x_wconf 79' lang='lat' dir='ltr'><strong>vi</strong></span> 
     </span>
    </p>
   </div>
   <div class='ocr_carea' id='block_1_30' title="bbox 732 2890 2306 2977">
    <p class='ocr_par' dir='ltr' id='par_1_30' title="bbox 732 2890 2306 2977">
     <span class='ocr_line' id='line_1_30' title="bbox 732 2890 2306 2977; baseline 0.017 -40"><span class='ocrx_word' id='word_1_179' title='bbox 732 2890 930 2954; x_wconf 84' lang='lat' dir='ltr'><strong>morbi,</strong></span> <span class='ocrx_word' id='word_1_180' title='bbox 957 2893 1178 2961; x_wconf 87' lang='lat' dir='ltr'><strong>pr0pior</strong></span> <span class='ocrx_word' id='word_1_181' title='bbox 1203 2900 1546 2963; x_wconf 81' lang='lat' dir='ltr'><strong>accessisset,</strong></span> <span class='ocrx_word' id='word_1_182' title='bbox 1575 2901 1797 2972; x_wconf 83' lang='lat' dir='ltr'><strong>jamque</strong></span> <span class='ocrx_word' id='word_1_183' title='bbox 1815 2906 1896 2959; x_wconf 93' lang='lat' dir='ltr'><strong>sui</strong></span> <span class='ocrx_word' id='word_1_184' title='bbox 1928 2907 1992 2960; x_wconf 92' lang='lat' dir='ltr'><strong>ad</strong></span> <span class='ocrx_word' id='word_1_185' title='bbox 2030 2923 2306 2977; x_wconf 86' lang='lat' dir='ltr'><strong>suprema.</strong></span> 
     </span>
    </p>
   </div>
   <div class='ocr_carea' id='block_1_31' title="bbox 732 2984 2308 3066">
    <p class='ocr_par' dir='ltr' id='par_1_31' title="bbox 732 2984 2308 3066">
     <span class='ocr_line' id='line_1_31' title="bbox 732 2984 2308 3066; baseline 0.018 -37"><span class='ocrx_word' id='word_1_186' title='bbox 732 2995 829 3043; x_wconf 79' lang='lat' dir='ltr'><strong>pro</strong></span> <span class='ocrx_word' id='word_1_187' title='bbox 853 2984 1202 3039; x_wconf 90' lang='lat' dir='ltr'><strong>morientium</strong></span> <span class='ocrx_word' id='word_1_188' title='bbox 1230 2989 1461 3053; x_wconf 87' lang='lat' dir='ltr'><strong>ratione,</strong></span> <span class='ocrx_word' id='word_1_189' title='bbox 1493 2992 1667 3046; x_wconf 79' lang='lat' dir='ltr'><strong>oliicia</strong></span> <span class='ocrx_word' id='word_1_190' title='bbox 1691 2998 1863 3063; x_wconf 88' lang='lat' dir='ltr'><strong>parati</strong></span> <span class='ocrx_word' id='word_1_191' title='bbox 1888 3008 2071 3053; x_wconf 88' lang='lat' dir='ltr'><strong>essent</strong></span> <span class='ocrx_word' id='word_1_192' title='bbox 2098 3018 2112 3066; x_wconf 87' lang='lat'>;</span> <span class='ocrx_word' id='word_1_193' title='bbox 2153 3016 2308 3056; x_wconf 85' lang='lat' dir='ltr'><strong>acce-</strong></span> 
     </span>
    </p>
   </div>
   <div class='ocr_carea' id='block_1_32' title="bbox 730 3071 2307 3156">
    <p class='ocr_par' dir='ltr' id='par_1_32' title="bbox 730 3071 2307 3156">
     <span class='ocr_line' id='line_1_32' title="bbox 730 3071 2307 3156; baseline 0.016 -37"><span class='ocrx_word' id='word_1_194' title='bbox 730 3071 866 3124; x_wconf 81' lang='lat' dir='ltr'><strong>deus</strong></span> <span class='ocrx_word' id='word_1_195' title='bbox 890 3087 1123 3141; x_wconf 76' lang='lat' dir='ltr'><strong>magnus</strong></span> <span class='ocrx_word' id='word_1_196' title='bbox 1147 3076 1256 3138; x_wconf 84' lang='lat' dir='ltr'><strong>ille,</strong></span> <span class='ocrx_word' id='word_1_197' title='bbox 1291 3094 1355 3132; x_wconf 90' lang='lat' dir='ltr'><strong>ac</strong></span> <span class='ocrx_word' id='word_1_198' title='bbox 1389 3095 1551 3134; x_wconf 90' lang='lat' dir='ltr'><strong>manu</strong></span> <span class='ocrx_word' id='word_1_199' title='bbox 1575 3086 1890 3151; x_wconf 73' lang='lat' dir='ltr'><strong>:egrotantis</strong></span> <span class='ocrx_word' id='word_1_200' title='bbox 1911 3098 2074 3156; x_wconf 86' lang='lat' dir='ltr'><strong>caput</strong></span> <span class='ocrx_word' id='word_1_201' title='bbox 2141 3091 2307 3144; x_wconf 88' lang='lat' dir='ltr'><strong>attin-</strong></span> 
     </span>
    </p>
   </div>
   <div class='ocr_carea' id='block_1_33' title="bbox 2432 618 4007 692">
    <p class='ocr_par' dir='ltr' id='par_1_33' title="bbox 2432 618 4007 692">
     <span class='ocr_line' id='line_1_33' title="bbox 2432 618 4007 692; baseline -0.003 -20"><span class='ocrx_word' id='word_1_202' title='bbox 2432 622 2612 690; x_wconf 83' lang='grc' dir='ltr'>ἐκείνη</span> <span class='ocrx_word' id='word_1_203' title='bbox 2647 622 2839 691; x_wconf 72' lang='grc' dir='ltr'>μικρὸν</span> <span class='ocrx_word' id='word_1_204' title='bbox 2872 623 3271 692; x_wconf 79' lang='grc' dir='ltr'>καθευδήσασα,</span> <span class='ocrx_word' id='word_1_205' title='bbox 3309 618 3547 688; x_wconf 77' lang='grc' dir='ltr'>καθορᾷν</span> <span class='ocrx_word' id='word_1_206' title='bbox 3589 636 3708 670; x_wconf 83' lang='grc' dir='ltr'>τινα</span> <span class='ocrx_word' id='word_1_207' title='bbox 3750 618 4007 686; x_wconf 77' lang='grc' dir='ltr'>γηραιδν,</span> 
     </span>
    </p>
   </div>
   <div class='ocr_carea' id='block_1_34' title="bbox 2433 709 4011 783">
    <p class='ocr_par' dir='ltr' id='par_1_34' title="bbox 2433 709 4011 783">
     <span class='ocr_line' id='line_1_34' title="bbox 2433 709 4011 783; baseline -0.003 -19"><span class='ocrx_word' id='word_1_208' title='bbox 2433 714 2663 783; x_wconf 75' lang='grc' dir='ltr'>μοναχδν</span> <span class='ocrx_word' id='word_1_209' title='bbox 2692 714 2791 782; x_wconf 82' lang='grc' dir='ltr'><strong>μὲν</strong></span> <span class='ocrx_word' id='word_1_210' title='bbox 2842 714 3174 781; x_wconf 82' lang='grc' dir='ltr'>ὑπάρχοντα,</span> <span class='ocrx_word' id='word_1_211' title='bbox 3231 712 3325 765; x_wconf 81' lang='grc' dir='ltr'><strong>καὶ</strong></span> <span class='ocrx_word' id='word_1_212' title='bbox 3348 710 3475 781; x_wconf 78' lang='grc' dir='ltr'>δόξῃ</span> <span class='ocrx_word' id='word_1_213' title='bbox 3525 710 3695 777; x_wconf 80' lang='grc' dir='ltr'>πολλῇ</span> <span class='ocrx_word' id='word_1_214' title='bbox 3746 709 4011 776; x_wconf 80' lang='grc' dir='ltr'>σεμνυνό-</span> 
     </span>
    </p>
   </div>
   <div class='ocr_carea' id='block_1_35' title="bbox 2435 801 4011 874">
    <p class='ocr_par' dir='ltr' id='par_1_35' title="bbox 2435 801 4011 874">
     <span class='ocr_line' id='line_1_35' title="bbox 2435 801 4011 874; baseline -0.004 -18"><span class='ocrx_word' id='word_1_215' title='bbox 2435 822 2595 873; x_wconf 90' lang='grc' dir='ltr'>μενον</span> <span class='ocrx_word' id='word_1_216' title='bbox 2618 822 2633 835; x_wconf 87' lang='grc'><strong>·</strong></span> <span class='ocrx_word' id='word_1_217' title='bbox 2656 805 2799 858; x_wconf 73' lang='grc' dir='ltr'>οὕτω</span> <span class='ocrx_word' id='word_1_218' title='bbox 2824 806 2879 858; x_wconf 82' lang='grc' dir='ltr'><strong>δέ</strong></span> <span class='ocrx_word' id='word_1_219' title='bbox 2908 823 3023 866; x_wconf 83' lang='grc' dir='ltr'><strong>πως</strong></span> <span class='ocrx_word' id='word_1_220' title='bbox 3054 805 3190 874; x_wconf 78' lang='grc' dir='ltr'>αὐτῇ</span> <span class='ocrx_word' id='word_1_221' title='bbox 3252 802 3772 872; x_wconf 79' lang='grc' dir='ltr'>προσδιαλεγόμενον</span> <span class='ocrx_word' id='word_1_222' title='bbox 3799 817 3813 830; x_wconf 78' lang='grc'><strong><em>⁸</em></strong></span> <span class='ocrx_word' id='word_1_223' title='bbox 3861 801 4011 866; x_wconf 75' lang='grc' dir='ltr'><strong>Θόρ-</strong></span> 
     </span>
    </p>
   </div>
   <div class='ocr_carea' id='block_1_36' title="bbox 2426 891 4011 964">
    <p class='ocr_par' dir='ltr' id='par_1_36' title="bbox 2426 891 4011 964">
     <span class='ocr_line' id='line_1_36' title="bbox 2426 891 4011 964; baseline -0.006 -16"><span class='ocrx_word' id='word_1_224' title='bbox 2426 910 2544 958; x_wconf 70' lang='grc' dir='ltr'>(ινει,</span> <span class='ocrx_word' id='word_1_225' title='bbox 2569 897 2752 964; x_wconf 63' lang='grc' dir='ltr'>φησιν.</span> <span class='ocrx_word' id='word_1_226' title='bbox 2770 897 2851 961; x_wconf 85' lang='grc' dir='ltr'>ὡς</span> <span class='ocrx_word' id='word_1_227' title='bbox 2866 899 2937 949; x_wconf 89' lang='grc' dir='ltr'>οὺ</span> <span class='ocrx_word' id='word_1_228' title='bbox 2957 898 3245 959; x_wconf 78' lang='grc' dir='ltr'>τεθναιέις</span> <span class='ocrx_word' id='word_1_229' title='bbox 3266 893 3337 945; x_wconf 83' lang='grc' dir='ltr'>τὰ</span> <span class='ocrx_word' id='word_1_230' title='bbox 3365 894 3505 946; x_wconf 79' lang='grc' dir='ltr'><strong>νῦν·</strong></span> <span class='ocrx_word' id='word_1_231' title='bbox 3521 892 3680 955; x_wconf 77' lang='grc' dir='ltr'>ἕξεις</span> <span class='ocrx_word' id='word_1_232' title='bbox 3701 891 3769 942; x_wconf 75' lang='grc' dir='ltr'>δὲ</span> <span class='ocrx_word' id='word_1_233' title='bbox 3787 892 4011 943; x_wconf 73' lang='grc' dir='ltr'>λοιπὸν</span> 
     </span>
    </p>
   </div>
   <div class='ocr_carea' id='block_1_37' title="bbox 2424 984 4004 1058">
    <p class='ocr_par' dir='ltr' id='par_1_37' title="bbox 2424 984 4004 1058">
     <span class='ocr_line' id='line_1_37' title="bbox 2424 984 4004 1058; baseline -0.005 -17"><span class='ocrx_word' id='word_1_234' title='bbox 2424 988 2493 1041; x_wconf 81' lang='grc' dir='ltr'><strong>ἐκ</strong></span> <span class='ocrx_word' id='word_1_235' title='bbox 2524 987 2632 1055; x_wconf 79' lang='grc' dir='ltr'>τῆς</span> <span class='ocrx_word' id='word_1_236' title='bbox 2656 988 2832 1055; x_wconf 85' lang='grc' dir='ltr'>δεῦρο</span> <span class='ocrx_word' id='word_1_237' title='bbox 2852 989 2961 1057; x_wconf 84' lang='grc' dir='ltr'>τῆς</span> <span class='ocrx_word' id='word_1_238' title='bbox 2987 1006 3091 1042; x_wconf 88' lang='grc' dir='ltr'><strong>σοι</strong></span> <span class='ocrx_word' id='word_1_239' title='bbox 3118 990 3304 1058; x_wconf 71' lang='grc' dir='ltr'>φίλης</span> <span class='ocrx_word' id='word_1_240' title='bbox 3339 988 3535 1054; x_wconf 69' lang='grc' dir='ltr'>ὑγείας</span> <span class='ocrx_word' id='word_1_241' title='bbox 3572 986 3635 1037; x_wconf 78' lang='grc' dir='ltr'>τὸ</span> <span class='ocrx_word' id='word_1_242' title='bbox 3674 984 4004 1052; x_wconf 72' lang='grc' dir='ltr'>χρήσιμον.</span> 
     </span>
    </p>
   </div>
   <div class='ocr_carea' id='block_1_38' title="bbox 2431 1074 4008 1150">
    <p class='ocr_par' dir='ltr' id='par_1_38' title="bbox 2431 1074 4008 1150">
     <span class='ocr_line' id='line_1_38' title="bbox 2431 1074 4008 1150; baseline -0.004 -19"><span class='ocrx_word' id='word_1_243' title='bbox 2431 1080 2500 1131; x_wconf 88' lang='grc' dir='ltr'><em>Ἢ</em></span> <span class='ocrx_word' id='word_1_244' title='bbox 2532 1082 2627 1131; x_wconf 78' lang='grc' dir='ltr'>καὶ</span> <span class='ocrx_word' id='word_1_245' title='bbox 2664 1081 2800 1150; x_wconf 80' lang='grc' dir='ltr'><strong>μετά</strong></span> <span class='ocrx_word' id='word_1_246' title='bbox 2827 1079 2917 1131; x_wconf 84' lang='grc' dir='ltr'>τὸν</span> <span class='ocrx_word' id='word_1_247' title='bbox 2948 1080 3157 1150; x_wconf 78' lang='grc' dir='ltr'>ὄνειρον</span> <span class='ocrx_word' id='word_1_248' title='bbox 3187 1078 3346 1130; x_wconf 85' lang='grc' dir='ltr'>τοῦτο</span> <span class='ocrx_word' id='word_1_249' title='bbox 3371 1077 3650 1146; x_wconf 77' lang='grc' dir='ltr'>παρευθὺς</span> <span class='ocrx_word' id='word_1_250' title='bbox 3676 1075 3863 1143; x_wconf 76' lang='grc' dir='ltr'>τάνδρὶ</span> <span class='ocrx_word' id='word_1_251' title='bbox 3888 1074 4008 1125; x_wconf 85' lang='grc' dir='ltr'>δια-</span> 
     </span>
    </p>
   </div>
   <div class='ocr_carea' id='block_1_39' title="bbox 2423 1165 4001 1240">
    <p class='ocr_par' dir='ltr' id='par_1_39' title="bbox 2423 1165 4001 1240">
     <span class='ocr_line' id='line_1_39' title="bbox 2423 1165 4001 1240; baseline -0.004 -18"><span class='ocrx_word' id='word_1_252' title='bbox 2423 1171 2678 1238; x_wconf 78' lang='grc' dir='ltr'>νείμα·.‹’-α,</span> <span class='ocrx_word' id='word_1_253' title='bbox 2711 1171 2885 1225; x_wconf 84' lang='grc' dir='ltr'>σθένει</span> <span class='ocrx_word' id='word_1_254' title='bbox 2908 1170 3001 1223; x_wconf 85' lang='grc' dir='ltr'><strong>τοῦ</strong></span> <span class='ocrx_word' id='word_1_255' title='bbox 3039 1172 3274 1240; x_wconf 84' lang='grc' dir='ltr'>κράτους</span> <span class='ocrx_word' id='word_1_256' title='bbox 3307 1169 3444 1237; x_wconf 75' lang='grc' dir='ltr'>πρὸς</span> <span class='ocrx_word' id='word_1_257' title='bbox 3501 1168 3701 1235; x_wconf 80' lang='grc' dir='ltr'>ἑαυτὴν</span> <span class='ocrx_word' id='word_1_258' title='bbox 3730 1165 3857 1225; x_wconf 73' lang='grc' dir='ltr'>τοὺς</span> <span class='ocrx_word' id='word_1_259' title='bbox 3893 1165 4001 1216; x_wconf 85' lang='grc' dir='ltr'><strong>ἀνά</strong></span> 
     </span>
    </p>
   </div>
   <div class='ocr_carea' id='block_1_40' title="bbox 2422 1256 4005 1331">
    <p class='ocr_par' dir='ltr' id='par_1_40' title="bbox 2422 1256 4005 1331">
     <span class='ocr_line' id='line_1_40' title="bbox 2422 1256 4005 1331; baseline -0.005 -18"><span class='ocrx_word' id='word_1_260' title='bbox 2422 1261 2518 1329; x_wconf 79' lang='grc' dir='ltr'>τὴν</span> <span class='ocrx_word' id='word_1_261' title='bbox 2567 1262 2721 1313; x_wconf 81' lang='grc' dir='ltr'>πόλιν</span> <span class='ocrx_word' id='word_1_262' title='bbox 2750 1263 2838 1315; x_wconf 79' lang='grc' dir='ltr'>ἐπ’</span> <span class='ocrx_word' id='word_1_263' title='bbox 2904 1261 3163 1331; x_wconf 68' lang='grc' dir='ltr'>εὐλαϐείᾳ</span> <span class='ocrx_word' id='word_1_264' title='bbox 3236 1259 3597 1331; x_wconf 62' lang='grc' dir='ltr'>προῦχοντας,</span> <span class='ocrx_word' id='word_1_265' title='bbox 3653 1256 4005 1323; x_wconf 72' lang='grc' dir='ltr'><strong>ἐπισκέψεως</strong></span> 
     </span>
    </p>
   </div>
   <div class='ocr_carea' id='block_1_41' title="bbox 2422 1347 4009 1419">
    <p class='ocr_par' dir='ltr' id='par_1_41' title="bbox 2422 1347 4009 1419">
     <span class='ocr_line' id='line_1_41' title="bbox 2422 1347 4009 1419; baseline -0.004 -19"><span class='ocrx_word' id='word_1_266' title='bbox 2422 1349 2580 1418; x_wconf 86' lang='grc' dir='ltr'>χάριν</span> <span class='ocrx_word' id='word_1_267' title='bbox 2610 1350 2849 1403; x_wconf 73' lang='grc' dir='ltr'>ἀνελθεῖν</span> <span class='ocrx_word' id='word_1_268' title='bbox 2882 1350 3315 1419; x_wconf 83' lang='grc' dir='ltr'>παρεσκεύασεν.</span> <span class='ocrx_word' id='word_1_269' title='bbox 3336 1347 3529 1400; x_wconf 85' lang='grc' dir='ltr'>Ἔνθεν</span> <span class='ocrx_word' id='word_1_270' title='bbox 3575 1349 3603 1398; x_wconf 90' lang='grc' dir='ltr'>ὁ</span> <span class='ocrx_word' id='word_1_271' title='bbox 3648 1348 3822 1414; x_wconf 79' lang='grc' dir='ltr'>μέγας</span> <span class='ocrx_word' id='word_1_272' title='bbox 3881 1362 4009 1396; x_wconf 83' lang='grc' dir='ltr'>συν-</span> 
     </span>
    </p>
   </div>
   <div class='ocr_carea' id='block_1_42' title="bbox 2422 1436 4007 1510">
    <p class='ocr_par' dir='ltr' id='par_1_42' title="bbox 2422 1436 4007 1510">
     <span class='ocr_line' id='line_1_42' title="bbox 2422 1436 4007 1510; baseline -0.006 -17"><span class='ocrx_word' id='word_1_273' title='bbox 2422 1438 2587 1493; x_wconf 88' lang='grc' dir='ltr'>ανιὼν</span> <span class='ocrx_word' id='word_1_274' title='bbox 2609 1442 2721 1503; x_wconf 75' lang='grc' dir='ltr'>τοῖς</span> <span class='ocrx_word' id='word_1_275' title='bbox 2741 1442 3011 1510; x_wconf 88' lang='grc' dir='ltr'>Πατράσι,</span> <span class='ocrx_word' id='word_1_276' title='bbox 3029 1440 3413 1508; x_wconf 76' lang='grc' dir='ltr'>δεδοξασμένον</span> <span class='ocrx_word' id='word_1_277' title='bbox 3440 1438 3623 1507; x_wconf 83' lang='grc' dir='ltr'>φέρων</span> <span class='ocrx_word' id='word_1_278' title='bbox 3636 1436 3774 1488; x_wconf 81' lang='grc' dir='ltr'>κατά</span> <span class='ocrx_word' id='word_1_279' title='bbox 3800 1436 4007 1488; x_wconf 77' lang='grc' dir='ltr'>Μωσέα</span> 
     </span>
    </p>
   </div>
   <div class='ocr_carea' id='block_1_43' title="bbox 2420 1527 3994 1603">
    <p class='ocr_par' dir='ltr' id='par_1_43' title="bbox 2420 1527 3994 1603">
     <span class='ocr_line' id='line_1_43' title="bbox 2420 1527 3994 1603; baseline -0.004 -20"><span class='ocrx_word' id='word_1_280' title='bbox 2420 1532 2480 1583; x_wconf 80' lang='grc' dir='ltr'>τὺ</span> <span class='ocrx_word' id='word_1_281' title='bbox 2508 1534 2815 1602; x_wconf 83' lang='grc' dir='ltr'>πρόσωπον,</span> <span class='ocrx_word' id='word_1_282' title='bbox 2849 1533 3123 1603; x_wconf 82' lang='grc' dir='ltr'>γνώριμος</span> <span class='ocrx_word' id='word_1_283' title='bbox 3146 1535 3213 1602; x_wconf 84' lang='grc' dir='ltr'>τῇ</span> <span class='ocrx_word' id='word_1_284' title='bbox 3274 1531 3510 1601; x_wconf 79' lang='grc' dir='ltr'>βασιλίδι</span> <span class='ocrx_word' id='word_1_285' title='bbox 3546 1529 3864 1597; x_wconf 84' lang='grc' dir='ltr'>γεγένηται,</span> <span class='ocrx_word' id='word_1_286' title='bbox 3917 1527 3994 1587; x_wconf 83' lang='grc' dir='ltr'>ὡς</span> 
     </span>
    </p>
   </div>
   <div class='ocr_carea' id='block_1_44' title="bbox 2421 1620 4007 1693">
    <p class='ocr_par' dir='ltr' id='par_1_44' title="bbox 2421 1620 4007 1693">
     <span class='ocr_line' id='line_1_44' title="bbox 2421 1620 4007 1693; baseline 0.003 -16"><span class='ocrx_word' id='word_1_287' title='bbox 2421 1625 2581 1686; x_wconf 71' lang='grc' dir='ltr'>αὐτὸς</span> <span class='ocrx_word' id='word_1_288' title='bbox 2599 1624 2683 1693; x_wconf 80' lang='grc' dir='ltr'><strong>εἴη</strong></span> <span class='ocrx_word' id='word_1_289' title='bbox 2700 1626 2728 1676; x_wconf 89' lang='grc' dir='ltr'>ὁ</span> <span class='ocrx_word' id='word_1_290' title='bbox 2749 1625 2807 1676; x_wconf 81' lang='grc' dir='ltr'><strong>ἐν</strong></span> <span class='ocrx_word' id='word_1_291' title='bbox 2828 1627 2895 1692; x_wconf 84' lang='grc' dir='ltr'>τῇ</span> <span class='ocrx_word' id='word_1_292' title='bbox 2923 1625 3161 1692; x_wconf 68' lang='grc' dir='ltr'>ὀπτασίᾳ.</span> <span class='ocrx_word' id='word_1_293' title='bbox 3219 1624 3356 1693; x_wconf 76' lang='grc' dir='ltr'>αὐτῇ</span> <span class='ocrx_word' id='word_1_294' title='bbox 3406 1621 3858 1691; x_wconf 80' lang='grc' dir='ltr'>ὁμηρευσάμενος</span> <span class='ocrx_word' id='word_1_295' title='bbox 3909 1620 4007 1688; x_wconf 64' lang='grc' dir='ltr'><strong>ῥή-</strong></span> 
     </span>
    </p>
   </div>
   <div class='ocr_carea' id='block_1_45' title="bbox 2424 1712 4007 1787">
    <p class='ocr_par' dir='ltr' id='par_1_45' title="bbox 2424 1712 4007 1787">
     <span class='ocr_line' id='line_1_45' title="bbox 2424 1712 4007 1787; baseline -0.006 -17"><span class='ocrx_word' id='word_1_296' title='bbox 2424 1734 2589 1787; x_wconf 88' lang='grc' dir='ltr'>ματα.</span> <span class='ocrx_word' id='word_1_297' title='bbox 2628 1716 2791 1770; x_wconf 82' lang='grc' dir='ltr'>Ὅθεν</span> <span class='ocrx_word' id='word_1_298' title='bbox 2844 1716 3055 1786; x_wconf 72' lang='grc' dir='ltr'>μεγάλῃ</span> <span class='ocrx_word' id='word_1_299' title='bbox 3085 1719 3151 1786; x_wconf 77' lang='grc' dir='ltr'>τῇ</span> <span class='ocrx_word' id='word_1_300' title='bbox 3205 1717 3356 1785; x_wconf 75' lang='grc' dir='ltr'>φωνῇ</span> <span class='ocrx_word' id='word_1_301' title='bbox 3391 1713 3482 1766; x_wconf 79' lang='grc' dir='ltr'>διὰ</span> <span class='ocrx_word' id='word_1_302' title='bbox 3526 1712 3625 1781; x_wconf 74' lang='grc' dir='ltr'>τῆς</span> <span class='ocrx_word' id='word_1_303' title='bbox 3654 1712 4007 1779; x_wconf 71' lang='grc' dir='ltr'><strong>εὐχαριστίας</strong></span> 
     </span>
    </p>
   </div>
   <div class='ocr_carea' id='block_1_46' title="bbox 2420 1802 3996 1876">
    <p class='ocr_par' dir='ltr' id='par_1_46' title="bbox 2420 1802 3996 1876">
     <span class='ocr_line' id='line_1_46' title="bbox 2420 1802 3996 1876; baseline -0.004 -17"><span class='ocrx_word' id='word_1_304' title='bbox 2420 1808 2607 1861; x_wconf 88' lang='grc' dir='ltr'>τοῦτον</span> <span class='ocrx_word' id='word_1_305' title='bbox 2637 1808 2942 1875; x_wconf 77' lang='grc' dir='ltr'>ἀναφανδὸν</span> <span class='ocrx_word' id='word_1_306' title='bbox 2981 1806 3370 1876; x_wconf 83' lang='grc' dir='ltr'>ἐθριάμϐευσε,</span> <span class='ocrx_word' id='word_1_307' title='bbox 3390 1804 3459 1857; x_wconf 72' lang='grc' dir='ltr'>τὰ</span> <span class='ocrx_word' id='word_1_308' title='bbox 3498 1805 3578 1864; x_wconf 72' lang='grc' dir='ltr'><strong>εἰς</strong></span> <span class='ocrx_word' id='word_1_309' title='bbox 3606 1802 3776 1871; x_wconf 82' lang='grc' dir='ltr'>αὐτὴν</span> <span class='ocrx_word' id='word_1_310' title='bbox 3806 1802 3873 1854; x_wconf 83' lang='grc' dir='ltr'>δι’</span> <span class='ocrx_word' id='word_1_311' title='bbox 3893 1802 3996 1853; x_wconf 81' lang='grc' dir='ltr'>αύ-</span> 
     </span>
    </p>
   </div>
   <div class='ocr_carea' id='block_1_47' title="bbox 2421 1894 4008 1965">
    <p class='ocr_par' dir='ltr' id='par_1_47' title="bbox 2421 1894 4008 1965">
     <span class='ocr_line' id='line_1_47' title="bbox 2421 1894 4008 1965; baseline -0.005 -15"><span class='ocrx_word' id='word_1_312' title='bbox 2421 1897 2514 1951; x_wconf 95' lang='grc' dir='ltr'><strong>τοῦ</strong></span> <span class='ocrx_word' id='word_1_313' title='bbox 2546 1897 2729 1963; x_wconf 73' lang='grc' dir='ltr'>ἔνδοξα</span> <span class='ocrx_word' id='word_1_314' title='bbox 2774 1896 2869 1950; x_wconf 89' lang='grc' dir='ltr'><strong>τοῦ</strong></span> <span class='ocrx_word' id='word_1_315' title='bbox 2912 1896 3045 1949; x_wconf 85' lang='grc' dir='ltr'>Θεοῦ</span> <span class='ocrx_word' id='word_1_316' title='bbox 3082 1896 3339 1965; x_wconf 77' lang='grc' dir='ltr'>μεγαλεῖα</span> <span class='ocrx_word' id='word_1_317' title='bbox 3378 1894 3850 1965; x_wconf 82' lang='grc' dir='ltr'>ἀνακηρύττουσα.</span> <span class='ocrx_word' id='word_1_318' title='bbox 3905 1895 4008 1942; x_wconf 77' lang='grc' dir='ltr'>Ὃν</span> 
     </span>
    </p>
   </div>
   <div class='ocr_carea' id='block_1_48' title="bbox 2420 1981 4005 2060">
    <p class='ocr_par' dir='ltr' id='par_1_48' title="bbox 2420 1981 4005 2060">
     <span class='ocr_line' id='line_1_48' title="bbox 2420 1981 4005 2060; baseline -0.005 -18"><span class='ocrx_word' id='word_1_319' title='bbox 2420 1994 2447 2042; x_wconf 95' lang='lat'><strong>6</strong></span> <span class='ocrx_word' id='word_1_320' title='bbox 2478 1991 2750 2060; x_wconf 81' lang='grc' dir='ltr'>βασιλεὺς,</span> <span class='ocrx_word' id='word_1_321' title='bbox 2781 1990 2876 2045; x_wconf 74' lang='grc' dir='ltr'>καὶ</span> <span class='ocrx_word' id='word_1_322' title='bbox 2914 1992 3114 2052; x_wconf 87' lang='grc' dir='ltr'>πάντες</span> <span class='ocrx_word' id='word_1_323' title='bbox 3139 1992 3187 2041; x_wconf 81' lang='grc' dir='ltr'>οἱ</span> <span class='ocrx_word' id='word_1_324' title='bbox 3221 1987 3601 2058; x_wconf 82' lang='grc' dir='ltr'>συμπαρόντες</span> <span class='ocrx_word' id='word_1_325' title='bbox 3627 1981 4005 2053; x_wconf 76' lang='grc' dir='ltr'>Θαυμάζοντες</span> 
     </span>
    </p>
   </div>
   <div class='ocr_carea' id='block_1_49' title="bbox 2417 2076 4002 2154">
    <p class='ocr_par' dir='ltr' id='par_1_49' title="bbox 2417 2076 4002 2154">
     <span class='ocr_line' id='line_1_49' title="bbox 2417 2076 4002 2154; baseline -0.006 -18"><span class='ocrx_word' id='word_1_326' title='bbox 2417 2086 2552 2146; x_wconf 82' lang='grc' dir='ltr'>ταῖς.</span> <span class='ocrx_word' id='word_1_327' title='bbox 2602 2083 2947 2154; x_wconf 80' lang='grc' dir='ltr'><strong>πρεπούσαις</strong></span> <span class='ocrx_word' id='word_1_328' title='bbox 3018 2085 3204 2151; x_wconf 83' lang='grc' dir='ltr'><strong>τιμαῖς</strong></span> <span class='ocrx_word' id='word_1_329' title='bbox 3268 2083 3668 2149; x_wconf 84' lang='grc' dir='ltr'>άπεσέμνυνον.</span> <span class='ocrx_word' id='word_1_330' title='bbox 3730 2076 4002 2145; x_wconf 82' lang='grc' dir='ltr'>Συμϐολι-</span> 
     </span>
    </p>
   </div>
   <div class='ocr_carea' id='block_1_50' title="bbox 2420 2167 4007 2245">
    <p class='ocr_par' dir='ltr' id='par_1_50' title="bbox 2420 2167 4007 2245">
     <span class='ocr_line' id='line_1_50' title="bbox 2420 2167 4007 2245; baseline -0.006 -18"><span class='ocrx_word' id='word_1_331' title='bbox 2420 2175 2528 2238; x_wconf 83' lang='grc' dir='ltr'>κῶς</span> <span class='ocrx_word' id='word_1_332' title='bbox 2580 2170 2734 2244; x_wconf 84' lang='grc' dir='ltr'>οἶμαι</span> <span class='ocrx_word' id='word_1_333' title='bbox 2772 2174 2850 2245; x_wconf 83' lang='grc' dir='ltr'>τῷ</span> <span class='ocrx_word' id='word_1_334' title='bbox 2894 2174 3204 2243; x_wconf 85' lang='grc' dir='ltr'>ἐπωνύμονι</span> <span class='ocrx_word' id='word_1_335' title='bbox 3234 2172 3488 2240; x_wconf 79' lang='grc' dir='ltr'><strong>Νικολάῳ</strong></span> <span class='ocrx_word' id='word_1_336' title='bbox 3518 2169 3833 2241; x_wconf 74' lang='grc' dir='ltr'><strong>ἐφάμιλλον,</strong></span> <span class='ocrx_word' id='word_1_337' title='bbox 3863 2169 3891 2220; x_wconf 90' lang='grc' dir='ltr'><strong>ὀ</strong></span> <span class='ocrx_word' id='word_1_338' title='bbox 3911 2167 4007 2219; x_wconf 84' lang='grc' dir='ltr'><strong>τοῦ</strong></span> 
     </span>
    </p>
   </div>
   <div class='ocr_carea' id='block_1_51' title="bbox 2417 2260 4007 2336">
    <p class='ocr_par' dir='ltr' id='par_1_51' title="bbox 2417 2260 4007 2336">
     <span class='ocr_line' id='line_1_51' title="bbox 2417 2260 4007 2336; baseline -0.006 -16"><span class='ocrx_word' id='word_1_339' title='bbox 2417 2268 2653 2336; x_wconf 84' lang='grc' dir='ltr'>Χριστοῦ</span> <span class='ocrx_word' id='word_1_340' title='bbox 2685 2266 2938 2336; x_wconf 83' lang='grc' dir='ltr'>θεράπων</span> <span class='ocrx_word' id='word_1_341' title='bbox 2963 2265 3085 2318; x_wconf 82' lang='grc' dir='ltr'>κατ’</span> <span class='ocrx_word' id='word_1_342' title='bbox 3117 2266 3323 2317; x_wconf 81' lang='grc' dir='ltr'>ἐκεῖνον</span> <span class='ocrx_word' id='word_1_343' title='bbox 3352 2263 3414 2314; x_wconf 82' lang='grc' dir='ltr'>τὸ</span> <span class='ocrx_word' id='word_1_344' title='bbox 3443 2263 3630 2330; x_wconf 85' lang='grc' dir='ltr'>θαῦμα</span> <span class='ocrx_word' id='word_1_345' title='bbox 3666 2260 4007 2330; x_wconf 84' lang='grc' dir='ltr'>τερατευσά-</span> 
     </span>
    </p>
   </div>
   <div class='ocr_carea' id='block_1_52' title="bbox 2420 2352 4006 2427">
    <p class='ocr_par' dir='ltr' id='par_1_52' title="bbox 2420 2352 4006 2427">
     <span class='ocr_line' id='line_1_52' title="bbox 2420 2352 4006 2427; baseline -0.006 -15"><span class='ocrx_word' id='word_1_346' title='bbox 2420 2376 2578 2427; x_wconf 82' lang='grc' dir='ltr'>μενος</span> <span class='ocrx_word' id='word_1_347' title='bbox 2615 2401 2630 2422; x_wconf 93' lang='grc'><strong>,</strong></span> <span class='ocrx_word' id='word_1_348' title='bbox 2687 2361 2744 2411; x_wconf 90' lang='grc' dir='ltr'><strong>ἐν</strong></span> <span class='ocrx_word' id='word_1_349' title='bbox 2790 2358 2985 2427; x_wconf 84' lang='grc' dir='ltr'>ὀνείρῳ</span> <span class='ocrx_word' id='word_1_350' title='bbox 3032 2356 3200 2419; x_wconf 82' lang='grc' dir='ltr'>πάλαι</span> <span class='ocrx_word' id='word_1_351' title='bbox 3264 2356 3612 2424; x_wconf 84' lang='grc' dir='ltr'>δειματώσας</span> <span class='ocrx_word' id='word_1_352' title='bbox 3638 2352 3717 2421; x_wconf 84' lang='grc' dir='ltr'>τῷ</span> <span class='ocrx_word' id='word_1_353' title='bbox 3767 2356 4006 2413; x_wconf 78' lang='grc' dir='ltr'>ἄνακτι,</span> 
     </span>
    </p>
   </div>
   <div class='ocr_carea' id='block_1_53' title="bbox 2415 2444 3997 2517">
    <p class='ocr_par' dir='ltr' id='par_1_53' title="bbox 2415 2444 3997 2517">
     <span class='ocr_line' id='line_1_53' title="bbox 2415 2444 3997 2517; baseline -0.005 -15"><span class='ocrx_word' id='word_1_354' title='bbox 2415 2451 2511 2517; x_wconf 83' lang='grc' dir='ltr'>τῆς</span> <span class='ocrx_word' id='word_1_355' title='bbox 2552 2450 2741 2504; x_wconf 82' lang='grc' dir='ltr'>ἀδίκου</span> <span class='ocrx_word' id='word_1_356' title='bbox 2803 2450 2961 2517; x_wconf 89' lang='grc' dir='ltr'>δίκης</span> <span class='ocrx_word' id='word_1_357' title='bbox 3016 2448 3144 2511; x_wconf 77' lang='grc' dir='ltr'>τοὺς</span> <span class='ocrx_word' id='word_1_358' title='bbox 3219 2446 3418 2516; x_wconf 75' lang='grc' dir='ltr'>ἄνδρας</span> <span class='ocrx_word' id='word_1_359' title='bbox 3499 2445 3762 2509; x_wconf 82' lang='grc' dir='ltr'>ἐξείλατο.</span> <span class='ocrx_word' id='word_1_360' title='bbox 3835 2444 3997 2496; x_wconf 68' lang='grc' dir='ltr'>Ἀλλά</span> 
     </span>
    </p>
   </div>
   <div class='ocr_carea' id='block_1_54' title="bbox 2416 2537 4010 2611">
    <p class='ocr_par' dir='ltr' id='par_1_54' title="bbox 2416 2537 4010 2611">
     <span class='ocr_line' id='line_1_54' title="bbox 2416 2537 4010 2611; baseline -0.003 -18"><span class='ocrx_word' id='word_1_361' title='bbox 2416 2540 2654 2611; x_wconf 84' lang='grc' dir='ltr'>θαύματι</span> <span class='ocrx_word' id='word_1_362' title='bbox 2680 2542 3041 2604; x_wconf 78' lang='grc' dir='ltr'>συνάπτοντες</span> <span class='ocrx_word' id='word_1_363' title='bbox 3071 2539 3351 2610; x_wconf 85' lang='grc' dir='ltr'>θαύματα,</span> <span class='ocrx_word' id='word_1_364' title='bbox 3379 2540 3477 2608; x_wconf 83' lang='grc' dir='ltr'><strong>τὴν</strong></span> <span class='ocrx_word' id='word_1_365' title='bbox 3507 2538 3600 2591; x_wconf 89' lang='grc' dir='ltr'><strong>τοῦ</strong></span> <span class='ocrx_word' id='word_1_366' title='bbox 3637 2537 3851 2607; x_wconf 78' lang='grc' dir='ltr'>Πατρδς</span> <span class='ocrx_word' id='word_1_367' title='bbox 3871 2538 4010 2608; x_wconf 64' lang='grc' dir='ltr'>ἀρε-</span> 
     </span>
    </p>
   </div>
   <div class='ocr_carea' id='block_1_55' title="bbox 2413 2629 2977 2699">
    <p class='ocr_par' dir='ltr' id='par_1_55' title="bbox 2413 2629 2977 2699">
     <span class='ocr_line' id='line_1_55' title="bbox 2413 2629 2977 2699; baseline 0.004 -18"><span class='ocrx_word' id='word_1_368' title='bbox 2413 2629 2509 2699; x_wconf 82' lang='grc' dir='ltr'>τὴν</span> <span class='ocrx_word' id='word_1_369' title='bbox 2546 2629 2977 2698; x_wconf 72' lang='grc' dir='ltr'>καταμάθωμεν.</span> 
     </span>
    </p>
   </div>
   <div class='ocr_carea' id='block_1_56' title="bbox 2495 2720 4010 2793">
    <p class='ocr_par' dir='ltr' id='par_1_56' title="bbox 2495 2720 4010 2793">
     <span class='ocr_line' id='line_1_56' title="bbox 2495 2720 4010 2793; baseline -0.003 -16"><span class='ocrx_word' id='word_1_370' title='bbox 2495 2724 2681 2779; x_wconf 82' lang='grc' dir='ltr'>Ἑλένη</span> <span class='ocrx_word' id='word_1_371' title='bbox 2717 2723 2824 2793; x_wconf 81' lang='grc' dir='ltr'><strong>γὰρ</strong></span> <span class='ocrx_word' id='word_1_372' title='bbox 2863 2725 2895 2791; x_wconf 81' lang='grc' dir='ltr'><strong>η</strong></span> <span class='ocrx_word' id='word_1_373' title='bbox 2924 2721 3017 2774; x_wconf 83' lang='grc' dir='ltr'><strong>τοῦ</strong></span> <span class='ocrx_word' id='word_1_374' title='bbox 3048 2721 3339 2791; x_wconf 80' lang='grc' dir='ltr'>πατρικίου</span> <span class='ocrx_word' id='word_1_375' title='bbox 3396 2722 3650 2790; x_wconf 76' lang='grc' dir='ltr'>Μανουὴλ</span> <span class='ocrx_word' id='word_1_376' title='bbox 3709 2720 4010 2788; x_wconf 75' lang='grc' dir='ltr'>ὑπάρξασα</span> 
     </span>
    </p>
   </div>
   <div class='ocr_carea' id='block_1_57' title="bbox 2415 2813 4010 2885">
    <p class='ocr_par' dir='ltr' id='par_1_57' title="bbox 2415 2813 4010 2885">
     <span class='ocr_line' id='line_1_57' title="bbox 2415 2813 4010 2885; baseline -0.003 -16"><span class='ocrx_word' id='word_1_377' title='bbox 2415 2816 2660 2885; x_wconf 75' lang='grc' dir='ltr'>σύμϐιος,</span> <span class='ocrx_word' id='word_1_378' title='bbox 2701 2816 2896 2885; x_wconf 77' lang='grc' dir='ltr'>ἐπίσης</span> <span class='ocrx_word' id='word_1_379' title='bbox 2927 2817 2989 2884; x_wconf 84' lang='grc' dir='ltr'>τῇ</span> <span class='ocrx_word' id='word_1_380' title='bbox 3028 2815 3323 2885; x_wconf 81' lang='grc' dir='ltr'>βασιλίσσῃ</span> <span class='ocrx_word' id='word_1_381' title='bbox 3360 2817 3483 2877; x_wconf 88' lang='grc' dir='ltr'>ταῖς</span> <span class='ocrx_word' id='word_1_382' title='bbox 3512 2813 3606 2867; x_wconf 87' lang='grc' dir='ltr'><strong>τοῦ</strong></span> <span class='ocrx_word' id='word_1_383' title='bbox 3631 2815 3757 2884; x_wconf 77' lang='grc' dir='ltr'>ᾆδον</span> <span class='ocrx_word' id='word_1_384' title='bbox 3794 2814 4010 2867; x_wconf 81' lang='grc' dir='ltr'>πυλῶσι</span> 
     </span>
    </p>
   </div>
   <div class='ocr_carea' id='block_1_58' title="bbox 2412 2904 4010 2978">
    <p class='ocr_par' dir='ltr' id='par_1_58' title="bbox 2412 2904 4010 2978">
     <span class='ocr_line' id='line_1_58' title="bbox 2412 2904 4010 2978; baseline -0.004 -17"><span class='ocrx_word' id='word_1_385' title='bbox 2412 2907 2482 2961; x_wconf 83' lang='grc' dir='ltr'>δι’</span> <span class='ocrx_word' id='word_1_386' title='bbox 2516 2907 2831 2978; x_wconf 76' lang='grc' dir='ltr'>ἀρρωστίας</span> <span class='ocrx_word' id='word_1_387' title='bbox 2853 2905 3169 2972; x_wconf 81' lang='grc' dir='ltr'>ἐγγίζουσα,</span> <span class='ocrx_word' id='word_1_388' title='bbox 3202 2905 3293 2956; x_wconf 75' lang='grc' dir='ltr'><strong>καὶ</strong></span> <span class='ocrx_word' id='word_1_389' title='bbox 3321 2905 3457 2973; x_wconf 85' lang='grc' dir='ltr'>πρὸς</span> <span class='ocrx_word' id='word_1_390' title='bbox 3503 2906 3604 2974; x_wconf 74' lang='grc' dir='ltr'>τὴν</span> <span class='ocrx_word' id='word_1_391' title='bbox 3644 2905 3846 2968; x_wconf 76' lang='grc' dir='ltr'>ἐξόδιον</span> <span class='ocrx_word' id='word_1_392' title='bbox 3896 2904 4010 2957; x_wconf 82' lang='grc' dir='ltr'>τῶν</span> 
     </span>
    </p>
   </div>
   <div class='ocr_carea' id='block_1_59' title="bbox 2411 2984 4008 3069">
    <p class='ocr_par' dir='ltr' id='par_1_59' title="bbox 2411 2997 4008 3069">
     <span class='ocr_line' id='line_1_59' title="bbox 2411 2997 4008 3069; baseline -0.003 -16"><span class='ocrx_word' id='word_1_393' title='bbox 2411 3001 2584 3069; x_wconf 77' lang='grc' dir='ltr'>αὐτῆς</span> <span class='ocrx_word' id='word_1_394' title='bbox 2623 2997 3098 3068; x_wconf 74' lang='grc' dir='ltr'>εύτρεπιζομένων</span> <span class='ocrx_word' id='word_1_395' title='bbox 3128 2997 3416 3065; x_wconf 89' lang='grc' dir='ltr'>συνήθειαν</span> <span class='ocrx_word' id='word_1_396' title='bbox 3438 3014 3451 3026; x_wconf 81' lang='lat'>&#39;</span> <span class='ocrx_word' id='word_1_397' title='bbox 3503 2999 3730 3059; x_wconf 78' lang='grc' dir='ltr'>ἐπιστάς</span> <span class='ocrx_word' id='word_1_398' title='bbox 3753 3001 3782 3049; x_wconf 91' lang='lat'><strong>6</strong></span> <span class='ocrx_word' id='word_1_399' title='bbox 3827 2997 4008 3065; x_wconf 83' lang='grc' dir='ltr'>μέγας</span> 
     </span>
    </p>
   </div>
   <div class='ocr_carea' id='block_1_60' title="bbox 2408 3087 4009 3160">
    <p class='ocr_par' dir='ltr' id='par_1_60' title="bbox 2408 3087 4009 3160">
     <span class='ocr_line' id='line_1_60' title="bbox 2408 3087 4009 3160; baseline -0.004 -18"><span class='ocrx_word' id='word_1_400' title='bbox 2408 3094 2473 3160; x_wconf 80' lang='grc' dir='ltr'>τῇ</span> <span class='ocrx_word' id='word_1_401' title='bbox 2510 3089 2651 3159; x_wconf 70' lang='grc' dir='ltr'>χειρὶ</span> <span class='ocrx_word' id='word_1_402' title='bbox 2680 3091 2745 3158; x_wconf 79' lang='grc' dir='ltr'>τῇ</span> <span class='ocrx_word' id='word_1_403' title='bbox 2777 3088 2875 3155; x_wconf 79' lang='grc' dir='ltr'>τῆς</span> <span class='ocrx_word' id='word_1_404' title='bbox 2906 3087 3218 3155; x_wconf 81' lang='grc' dir='ltr'>καμνούσης</span> <span class='ocrx_word' id='word_1_405' title='bbox 3244 3088 3455 3156; x_wconf 81' lang='grc' dir='ltr'>κορυφῇ</span> <span class='ocrx_word' id='word_1_406' title='bbox 3504 3087 3874 3155; x_wconf 70' lang='grc' dir='ltr'>ἐφαψάμενος,</span> <span class='ocrx_word' id='word_1_407' title='bbox 3928 3088 4009 3155; x_wconf 80' lang='grc' dir='ltr'><strong>τῷ</strong></span> 
     </span>
    </p>
   </div>
   <div class='ocr_carea' id='block_1_61' title="bbox 730 3166 2311 3257">
    <p class='ocr_par' dir='ltr' id='par_1_61' title="bbox 730 3166 2302 3248">
     <span class='ocr_line' id='line_1_61' title="bbox 730 3166 2302 3248; baseline 0.015 -34"><span class='ocrx_word' id='word_1_408' title='bbox 730 3178 862 3227; x_wconf 53' lang='lat' dir='ltr'><strong>gens</strong></span> <span class='ocrx_word' id='word_1_409' title='bbox 891 3166 1180 3237; x_wconf 90' lang='lat' dir='ltr'><strong>crucisque</strong></span> <span class='ocrx_word' id='word_1_410' title='bbox 1211 3169 1367 3238; x_wconf 75' lang='lat' dir='ltr'><strong>signo</strong></span> <span class='ocrx_word' id='word_1_411' title='bbox 1400 3173 1634 3242; x_wconf 89' lang='lat' dir='ltr'><strong>desuper</strong></span> <span class='ocrx_word' id='word_1_412' title='bbox 1667 3178 1717 3227; x_wconf 93' lang='lat' dir='ltr'><strong>in</strong></span> <span class='ocrx_word' id='word_1_413' title='bbox 1746 3194 1868 3232; x_wconf 85' lang='lat' dir='ltr'><strong>aere</strong></span> <span class='ocrx_word' id='word_1_414' title='bbox 1890 3194 2150 3248; x_wconf 73' lang='lat' dir='ltr'><strong>expresso</strong></span> <span class='ocrx_word' id='word_1_415' title='bbox 2181 3198 2302 3236; x_wconf 68' lang='lat' dir='ltr'><strong>eor»</strong></span> 
     </span>
    </p>
   </div>
   <div class='ocr_carea' id='block_1_62' title="bbox 2418 3166 4004 3257">
    <p class='ocr_par' dir='ltr' id='par_1_62' title="bbox 2418 3178 4004 3253">
     <span class='ocr_line' id='line_1_62' title="bbox 2418 3178 4004 3253; baseline -0.004 -18"><span class='ocrx_word' id='word_1_416' title='bbox 2418 3182 2690 3253; x_wconf 83' lang='grc' dir='ltr'>σταυρικῷ</span> <span class='ocrx_word' id='word_1_417' title='bbox 2726 3180 2981 3248; x_wconf 74' lang='grc' dir='ltr'>συμϐόλῳ</span> <span class='ocrx_word' id='word_1_418' title='bbox 3002 3179 3202 3247; x_wconf 86' lang='grc' dir='ltr'>ἀερίως</span> <span class='ocrx_word' id='word_1_419' title='bbox 3232 3178 3468 3248; x_wconf 85' lang='grc' dir='ltr'>ῦπερθεν</span> <span class='ocrx_word' id='word_1_420' title='bbox 3502 3180 3706 3248; x_wconf 83' lang='grc' dir='ltr'>ταύτης</span> <span class='ocrx_word' id='word_1_421' title='bbox 3732 3180 4004 3247; x_wconf 65' lang='grc' dir='ltr'>ἐπισφραο-</span> 
     </span>
    </p>
   </div>
   <div class='ocr_carea' id='block_1_63' title="bbox 734 3258 2311 3338">
    <p class='ocr_par' dir='ltr' id='par_1_63' title="bbox 734 3258 2311 3338">
     <span class='ocr_line' id='line_1_63' title="bbox 734 3258 2311 3338; baseline 0.017 -36"><span class='ocrx_word' id='word_1_422' title='bbox 734 3270 833 3317; x_wconf 58' lang='lat' dir='ltr'><strong>pus</strong></span> <span class='ocrx_word' id='word_1_423' title='bbox 865 3258 1216 3325; x_wconf 70' lang='lat' dir='ltr'><strong>consignatis,</strong></span> <span class='ocrx_word' id='word_1_424' title='bbox 1245 3264 1436 3315; x_wconf 75' lang='lat' dir='ltr'><strong>mortis</strong></span> <span class='ocrx_word' id='word_1_425' title='bbox 1468 3280 1740 3320; x_wconf 72' lang='lat' dir='ltr'><strong>rect‘SSttttt</strong></span> <span class='ocrx_word' id='word_1_426' title='bbox 1774 3272 2062 3338; x_wconf 82' lang='lat' dir='ltr'><strong>vcgetavit.</strong></span> <span class='ocrx_word' id='word_1_427' title='bbox 2112 3272 2311 3329; x_wconf 83' lang='lat' dir='ltr'><strong>Confe-</strong></span> 
     </span>
    </p>
   </div>
   <div class='ocr_carea' id='block_1_64' title="bbox 732 3345 2312 3433">
    <p class='ocr_par' dir='ltr' id='par_1_64' title="bbox 732 3345 2312 3433">
     <span class='ocr_line' id='line_1_64' title="bbox 732 3345 2312 3433; baseline 0.018 -40"><span class='ocrx_word' id='word_1_428' title='bbox 732 3345 857 3397; x_wconf 62' lang='lat' dir='ltr'><strong>still!</strong></span> <span class='ocrx_word' id='word_1_429' title='bbox 891 3348 1036 3399; x_wconf 88' lang='lat' dir='ltr'><strong>cnim</strong></span> <span class='ocrx_word' id='word_1_430' title='bbox 1071 3351 1306 3405; x_wconf 87' lang='lat' dir='ltr'><strong>sanitate</strong></span> <span class='ocrx_word' id='word_1_431' title='bbox 1334 3368 1566 3423; x_wconf 84' lang='lat' dir='ltr'><strong>recepta,</strong></span> <span class='ocrx_word' id='word_1_432' title='bbox 1596 3372 1626 3410; x_wconf 88' lang='lat' dir='ltr'><strong>a</strong></span> <span class='ocrx_word' id='word_1_433' title='bbox 1648 3359 1767 3412; x_wconf 86' lang='lat' dir='ltr'><strong>diro</strong></span> <span class='ocrx_word' id='word_1_434' title='bbox 1796 3361 2006 3428; x_wconf 83' lang='lat' dir='ltr'><strong>dolore,</strong></span> <span class='ocrx_word' id='word_1_435' title='bbox 2031 3380 2140 3433; x_wconf 83' lang='lat' dir='ltr'><strong>quo</strong></span> <span class='ocrx_word' id='word_1_436' title='bbox 2160 3375 2312 3421; x_wconf 84' lang='lat' dir='ltr'><strong>tene-</strong></span> 
     </span>
    </p>
   </div>
   <div class='ocr_carea' id='block_1_65' title="bbox 734 3440 1314 3499">
    <p class='ocr_par' dir='ltr' id='par_1_65' title="bbox 734 3440 1314 3499">
     <span class='ocr_line' id='line_1_65' title="bbox 734 3440 1314 3499; baseline 0.003 -6"><span class='ocrx_word' id='word_1_437' title='bbox 734 3440 910 3499; x_wconf 66' lang='lat' dir='ltr'><strong>iatur,</strong></span> <span class='ocrx_word' id='word_1_438' title='bbox 953 3441 1176 3496; x_wconf 84' lang='lat' dir='ltr'><strong>liberata</strong></span> <span class='ocrx_word' id='word_1_439' title='bbox 1211 3454 1314 3498; x_wconf 80' lang='lat' dir='ltr'><strong>est.</strong></span> 
     </span>
    </p>
   </div>
   <div class='ocr_carea' id='block_1_66' title="bbox 805 3531 2308 3608">
    <p class='ocr_par' dir='ltr' id='par_1_66' title="bbox 805 3531 2308 3608">
     <span class='ocr_line' id='line_1_66' title="bbox 805 3531 2308 3608; baseline 0.017 -27"><span class='ocrx_word' id='word_1_440' title='bbox 805 3531 908 3585; x_wconf 82' lang='lat' dir='ltr'><strong>Sed</strong></span> <span class='ocrx_word' id='word_1_441' title='bbox 928 3543 980 3587; x_wconf 88' lang='lat' dir='ltr'><strong>et</strong></span> <span class='ocrx_word' id='word_1_442' title='bbox 1002 3535 1103 3589; x_wconf 92' lang='lat' dir='ltr'><strong>hoc</strong></span> <span class='ocrx_word' id='word_1_443' title='bbox 1130 3538 1354 3604; x_wconf 66' lang='lat' dir='ltr'><strong>prmt‘ato</strong></span> <span class='ocrx_word' id='word_1_444' title='bbox 1380 3541 1498 3607; x_wconf 87' lang='lat' dir='ltr'><strong>ejus</strong></span> <span class='ocrx_word' id='word_1_445' title='bbox 1524 3542 1641 3594; x_wconf 75' lang='lat' dir='ltr'><strong>viro</strong></span> <span class='ocrx_word' id='word_1_446' title='bbox 1668 3559 2002 3600; x_wconf 87' lang='lat' dir='ltr'><strong>memoratur</strong></span> <span class='ocrx_word' id='word_1_447' title='bbox 2024 3550 2308 3608; x_wconf 83' lang='lat' dir='ltr'><strong>accidisse.</strong></span> 
     </span>
    </p>
   </div>
   <div class='ocr_carea' id='block_1_67' title="bbox 736 3625 2313 3712">
    <p class='ocr_par' dir='ltr' id='par_1_67' title="bbox 736 3625 2313 3712">
     <span class='ocr_line' id='line_1_67' title="bbox 736 3625 2313 3712; baseline 0.015 -38"><span class='ocrx_word' id='word_1_448' title='bbox 736 3625 1020 3691; x_wconf 63' lang='lat' dir='ltr'><strong>Nimirum,</strong></span> <span class='ocrx_word' id='word_1_449' title='bbox 1050 3645 1173 3682; x_wconf 92' lang='lat' dir='ltr'><strong>cum</strong></span> <span class='ocrx_word' id='word_1_450' title='bbox 1199 3631 1389 3685; x_wconf 87' lang='lat' dir='ltr'><strong>humili</strong></span> <span class='ocrx_word' id='word_1_451' title='bbox 1418 3634 1763 3703; x_wconf 80' lang='lat' dir='ltr'><strong>lectojarens</strong></span> <span class='ocrx_word' id='word_1_452' title='bbox 1781 3640 2149 3708; x_wconf 81' lang='lat' dir='ltr'><strong>decumberet,</strong></span> <span class='ocrx_word' id='word_1_453' title='bbox 2172 3644 2313 3712; x_wconf 84' lang='lat' dir='ltr'><strong>jam-</strong></span> 
     </span>
    </p>
   </div>
   <div class='ocr_carea' id='block_1_68' title="bbox 732 3720 2313 3791">
    <p class='ocr_par' dir='ltr' id='par_1_68' title="bbox 732 3720 2313 3791">
     <span class='ocr_line' id='line_1_68' title="bbox 732 3720 2313 3791; baseline 0.011 -21"><span class='ocrx_word' id='word_1_454' title='bbox 732 3734 835 3778; x_wconf 62' lang='lat' dir='ltr'><strong>que</strong></span> <span class='ocrx_word' id='word_1_455' title='bbox 865 3733 895 3771; x_wconf 92' lang='lat' dir='ltr'><strong>a</strong></span> <span class='ocrx_word' id='word_1_456' title='bbox 938 3720 1163 3774; x_wconf 74' lang='lat' dir='ltr'><strong>medicis</strong></span> <span class='ocrx_word' id='word_1_457' title='bbox 1195 3738 1506 3791; x_wconf 87' lang='lat' dir='ltr'><strong>supremam</strong></span> <span class='ocrx_word' id='word_1_458' title='bbox 1543 3728 1736 3782; x_wconf 90' lang='lat' dir='ltr'><strong>mortis</strong></span> <span class='ocrx_word' id='word_1_459' title='bbox 1777 3734 2100 3785; x_wconf 88' lang='lat' dir='ltr'><strong>sententiam</strong></span> <span class='ocrx_word' id='word_1_460' title='bbox 2157 3720 2313 3788; x_wconf 81' lang='lat' dir='ltr'><strong>accc-</strong></span> 
     </span>
    </p>
   </div>
   <div class='ocr_carea' id='block_1_69' title="bbox 734 3810 2310 3882">
    <p class='ocr_par' dir='ltr' id='par_1_69' title="bbox 734 3810 2310 3882">
     <span class='ocr_line' id='line_1_69' title="bbox 734 3810 2310 3882; baseline 0.015 -23"><span class='ocrx_word' id='word_1_461' title='bbox 734 3810 917 3874; x_wconf 79' lang='lat' dir='ltr'><strong>pissct,</strong></span> <span class='ocrx_word' id='word_1_462' title='bbox 962 3813 1188 3879; x_wconf 75' lang='lat' dir='ltr'><strong>rogabat</strong></span> <span class='ocrx_word' id='word_1_463' title='bbox 1244 3816 1436 3870; x_wconf 90' lang='lat' dir='ltr'><strong>adesse</strong></span> <span class='ocrx_word' id='word_1_464' title='bbox 1492 3818 1670 3871; x_wconf 76' lang='lat' dir='ltr'><strong>virum</strong></span> <span class='ocrx_word' id='word_1_465' title='bbox 1732 3833 2006 3882; x_wconf 90' lang='lat' dir='ltr'><strong>sanctum.</strong></span> <span class='ocrx_word' id='word_1_466' title='bbox 2072 3827 2310 3882; x_wconf 85' lang='lat' dir='ltr'><strong>clamore</strong></span> 
     </span>
    </p>
   </div>
   <div class='ocr_carea' id='block_1_70' title="bbox 734 3903 2307 3986">
    <p class='ocr_par' dir='ltr' id='par_1_70' title="bbox 734 3903 2307 3986">
     <span class='ocr_line' id='line_1_70' title="bbox 734 3903 2307 3986; baseline 0.013 -34"><span class='ocrx_word' id='word_1_467' title='bbox 734 3903 1003 3971; x_wconf 58' lang='lat' dir='ltr'><strong>rlagitans.</strong></span> <span class='ocrx_word' id='word_1_468' title='bbox 1044 3915 1102 3958; x_wconf 91' lang='lat' dir='ltr'><strong>ut</strong></span> <span class='ocrx_word' id='word_1_469' title='bbox 1140 3908 1388 3975; x_wconf 69' lang='lat' dir='ltr'><strong>angelico</strong></span> <span class='ocrx_word' id='word_1_470' title='bbox 1447 3914 1843 3966; x_wconf 88' lang='lat' dir='ltr'><strong>monachorum</strong></span> <span class='ocrx_word' id='word_1_471' title='bbox 1898 3916 2082 3969; x_wconf 89' lang='lat' dir='ltr'><strong>habitu</strong></span> <span class='ocrx_word' id='word_1_472' title='bbox 2120 3934 2307 3986; x_wconf 87' lang='lat' dir='ltr'><strong>peror-</strong></span> 
     </span>
    </p>
   </div>
   <div class='ocr_carea' id='block_1_71' title="bbox 732 3998 2310 4074">
    <p class='ocr_par' dir='ltr' id='par_1_71' title="bbox 732 3998 2310 4074">
     <span class='ocr_line' id='line_1_71' title="bbox 732 3998 2310 4074; baseline 0.011 -28"><span class='ocrx_word' id='word_1_473' title='bbox 732 4007 905 4049; x_wconf 86' lang='lat' dir='ltr'><strong>narct.</strong></span> <span class='ocrx_word' id='word_1_474' title='bbox 964 3998 1040 4049; x_wconf 90' lang='lat' dir='ltr'><strong>Ad</strong></span> <span class='ocrx_word' id='word_1_475' title='bbox 1105 4014 1266 4068; x_wconf 81' lang='lat' dir='ltr'><strong>quem</strong></span> <span class='ocrx_word' id='word_1_476' title='bbox 1327 4002 1607 4056; x_wconf 79' lang='lat' dir='ltr'><strong>Sanctus:</strong></span> <span class='ocrx_word' id='word_1_477' title='bbox 1675 4003 2141 4074; x_wconf 81' lang='lat' dir='ltr'><strong>Haudquaquam:</strong></span> <span class='ocrx_word' id='word_1_478' title='bbox 2214 4024 2310 4063; x_wconf 86' lang='lat' dir='ltr'><strong>nec</strong></span> 
     </span>
    </p>
   </div>
   <div class='ocr_carea' id='block_1_72' title="bbox 727 4088 2308 4165">
    <p class='ocr_par' dir='ltr' id='par_1_72' title="bbox 727 4088 2308 4165">
     <span class='ocr_line' id='line_1_72' title="bbox 727 4088 2308 4165; baseline 0.01 -29"><span class='ocrx_word' id='word_1_479' title='bbox 727 4088 897 4150; x_wconf 69' lang='lat' dir='ltr'><strong>enim,</strong></span> <span class='ocrx_word' id='word_1_480' title='bbox 932 4089 1026 4152; x_wconf 80' lang='lat' dir='ltr'><strong>ﬁli,</strong></span> <span class='ocrx_word' id='word_1_481' title='bbox 1066 4093 1409 4147; x_wconf 82' lang='lat' dir='ltr'><strong>conducibile</strong></span> <span class='ocrx_word' id='word_1_482' title='bbox 1440 4094 1598 4152; x_wconf 80' lang='lat' dir='ltr'><strong>foret.</strong></span> <span class='ocrx_word' id='word_1_483' title='bbox 1630 4097 1722 4165; x_wconf 90' lang='lat' dir='ltr'><strong>qui</strong></span> <span class='ocrx_word' id='word_1_484' title='bbox 1757 4096 1928 4159; x_wconf 84' lang='lat' dir='ltr'><strong>brevi,</strong></span> <span class='ocrx_word' id='word_1_485' title='bbox 1975 4098 2308 4152; x_wconf 84' lang='lat' dir='ltr'><strong>inﬁrmitatis</strong></span> 
     </span>
    </p>
   </div>
   <div class='ocr_carea' id='block_1_73' title="bbox 731 4180 2308 4252">
    <p class='ocr_par' dir='ltr' id='par_1_73' title="bbox 731 4180 2308 4252">
     <span class='ocr_line' id='line_1_73' title="bbox 731 4180 2308 4252; baseline 0.009 -24"><span class='ocrx_word' id='word_1_486' title='bbox 731 4180 891 4241; x_wconf 51' lang='lat' dir='ltr'><strong>lniﬁus</strong></span> <span class='ocrx_word' id='word_1_487' title='bbox 922 4183 1162 4251; x_wconf 72' lang='lat' dir='ltr'><strong>symbola</strong></span> <span class='ocrx_word' id='word_1_488' title='bbox 1188 4184 1523 4252; x_wconf 85' lang='lat' dir='ltr'><strong>relinquens,</strong></span> <span class='ocrx_word' id='word_1_489' title='bbox 1564 4188 1973 4251; x_wconf 79' lang='lat' dir='ltr'><strong>magistratuum</strong></span> <span class='ocrx_word' id='word_1_490' title='bbox 2024 4188 2308 4251; x_wconf 66' lang='lat' dir='ltr'><strong>prml‘ectu-</strong></span> 
     </span>
    </p>
   </div>
   <div class='ocr_carea' id='block_1_74' title="bbox 730 4262 2307 4347">
    <p class='ocr_par' dir='ltr' id='par_1_74' title="bbox 730 4262 2307 4347">
     <span class='ocr_line' id='line_1_74' title="bbox 730 4262 2307 4347; baseline 0.007 -24"><span class='ocrx_word' id='word_1_491' title='bbox 730 4286 817 4325; x_wconf 82' lang='lat' dir='ltr'><strong>ras</strong></span> <span class='ocrx_word' id='word_1_492' title='bbox 858 4272 948 4326; x_wconf 88' lang='lat' dir='ltr'><strong>Dei</strong></span> <span class='ocrx_word' id='word_1_493' title='bbox 988 4291 1211 4329; x_wconf 89' lang='lat' dir='ltr'><strong>munere</strong></span> <span class='ocrx_word' id='word_1_494' title='bbox 1230 4277 1715 4332; x_wconf 86' lang='lat' dir='ltr'><strong>administraturus</strong></span> <span class='ocrx_word' id='word_1_495' title='bbox 1732 4279 1826 4333; x_wconf 87' lang='lat' dir='ltr'><strong>sis.</strong></span> <span class='ocrx_word' id='word_1_496' title='bbox 1858 4279 1953 4332; x_wconf 84' lang='lat' dir='ltr'><strong>Ubi</strong></span> <span class='ocrx_word' id='word_1_497' title='bbox 1981 4262 2162 4347; x_wconf 79' lang='lat' dir='ltr'><strong>itaque</strong></span> <span class='ocrx_word' id='word_1_498' title='bbox 2204 4281 2307 4334; x_wconf 90' lang='lat' dir='ltr'><strong>hoc</strong></span> 
     </span>
    </p>
   </div>
   <div class='ocr_carea' id='block_1_75' title="bbox 726 4366 2304 4439">
    <p class='ocr_par' dir='ltr' id='par_1_75' title="bbox 726 4366 2304 4439">
     <span class='ocr_line' id='line_1_75' title="bbox 726 4366 2304 4439; baseline 0.003 -19"><span class='ocrx_word' id='word_1_499' title='bbox 726 4366 942 4420; x_wconf 71' lang='lat' dir='ltr'><strong>rveneri</strong></span> <span class='ocrx_word' id='word_1_500' title='bbox 979 4405 991 4427; x_wconf 84' lang='lat'><strong>,</strong></span> <span class='ocrx_word' id='word_1_501' title='bbox 1014 4378 1064 4420; x_wconf 91' lang='lat' dir='ltr'><strong>te</strong></span> <span class='ocrx_word' id='word_1_502' title='bbox 1087 4369 1345 4438; x_wconf 84' lang='lat' dir='ltr'><strong>deinceps</strong></span> <span class='ocrx_word' id='word_1_503' title='bbox 1364 4385 1518 4423; x_wconf 79' lang='lat' dir='ltr'><strong>omna</strong></span> <span class='ocrx_word' id='word_1_504' title='bbox 1546 4371 1789 4439; x_wconf 78' lang='lat' dir='ltr'><strong>deposita</strong></span> <span class='ocrx_word' id='word_1_505' title='bbox 1819 4370 1885 4423; x_wconf 88' lang='lat' dir='ltr'><strong>ad</strong></span> <span class='ocrx_word' id='word_1_506' title='bbox 1912 4372 2125 4424; x_wconf 80' lang='lat' dir='ltr'><strong>beatam</strong></span> <span class='ocrx_word' id='word_1_507' title='bbox 2157 4371 2304 4424; x_wconf 78' lang='lat' dir='ltr'><strong>illaut</strong></span> 
     </span>
    </p>
   </div>
   <div class='ocr_carea' id='block_1_76' title="bbox 727 4461 2301 4534">
    <p class='ocr_par' dir='ltr' id='par_1_76' title="bbox 727 4461 2301 4534">
     <span class='ocr_line' id='line_1_76' title="bbox 727 4461 2301 4534; baseline 0.005 -25"><span class='ocrx_word' id='word_1_508' title='bbox 727 4471 927 4512; x_wconf 68' lang='lat' dir='ltr'><strong>sortem</strong></span> <span class='ocrx_word' id='word_1_509' title='bbox 966 4461 1124 4516; x_wconf 89' lang='lat' dir='ltr'><strong>bonis</strong></span> <span class='ocrx_word' id='word_1_510' title='bbox 1152 4463 1411 4531; x_wconf 83' lang='lat' dir='ltr'><strong>operibus</strong></span> <span class='ocrx_word' id='word_1_511' title='bbox 1445 4464 1704 4517; x_wconf 77' lang='lat' dir='ltr'><strong>refertum</strong></span> <span class='ocrx_word' id='word_1_512' title='bbox 1744 4478 2127 4534; x_wconf 82' lang='lat' dir='ltr'><strong>assumpturus</strong></span> <span class='ocrx_word' id='word_1_513' title='bbox 2154 4480 2301 4518; x_wconf 90' lang='lat' dir='ltr'><strong>sum.</strong></span> 
     </span>
    </p>
   </div>
   <div class='ocr_carea' id='block_1_77' title="bbox 2419 3269 4006 3343">
    <p class='ocr_par' dir='ltr' id='par_1_77' title="bbox 2419 3269 4006 3343">
     <span class='ocr_line' id='line_1_77' title="bbox 2419 3269 4006 3343; baseline -0.004 -16"><span class='ocrx_word' id='word_1_514' title='bbox 2419 3275 2580 3343; x_wconf 85' lang='grc' dir='ltr'>γίσας</span> <span class='ocrx_word' id='word_1_515' title='bbox 2603 3275 2679 3343; x_wconf 83' lang='grc' dir='ltr'>τῷ</span> <span class='ocrx_word' id='word_1_516' title='bbox 2718 3273 2954 3340; x_wconf 83' lang='grc' dir='ltr'>σώματι,</span> <span class='ocrx_word' id='word_1_517' title='bbox 3010 3271 3105 3323; x_wconf 69' lang='grc' dir='ltr'><strong>τὸν</strong></span> <span class='ocrx_word' id='word_1_518' title='bbox 3158 3269 3255 3325; x_wconf 87' lang='grc' dir='ltr'><strong>τοῦ</strong></span> <span class='ocrx_word' id='word_1_519' title='bbox 3310 3271 3543 3324; x_wconf 86' lang='grc' dir='ltr'>θανάτου</span> <span class='ocrx_word' id='word_1_520' title='bbox 3590 3271 3758 3341; x_wconf 79' lang='grc' dir='ltr'>μυχὸν</span> <span class='ocrx_word' id='word_1_521' title='bbox 3791 3271 4006 3333; x_wconf 69' lang='grc' dir='ltr'>ἀνεζω-</span> 
     </span>
    </p>
   </div>
   <div class='ocr_carea' id='block_1_78' title="bbox 2418 3362 4006 3435">
    <p class='ocr_par' dir='ltr' id='par_1_78' title="bbox 2418 3362 4006 3435">
     <span class='ocr_line' id='line_1_78' title="bbox 2418 3362 4006 3435; baseline -0.003 -17"><span class='ocrx_word' id='word_1_522' title='bbox 2418 3383 2645 3435; x_wconf 86' lang='grc' dir='ltr'>γρησεν.</span> <span class='ocrx_word' id='word_1_523' title='bbox 2680 3365 2929 3433; x_wconf 72' lang='grc' dir='ltr'>Ἔρρωτο</span> <span class='ocrx_word' id='word_1_524' title='bbox 2952 3363 3060 3433; x_wconf 76' lang='grc' dir='ltr'><strong>γὰρ</strong></span> <span class='ocrx_word' id='word_1_525' title='bbox 3105 3362 3330 3425; x_wconf 81' lang='grc' dir='ltr'>εὐθέως,</span> <span class='ocrx_word' id='word_1_526' title='bbox 3383 3363 3477 3413; x_wconf 78' lang='grc' dir='ltr'>καὶ</span> <span class='ocrx_word' id='word_1_527' title='bbox 3515 3363 3611 3431; x_wconf 82' lang='grc' dir='ltr'>τῆς</span> <span class='ocrx_word' id='word_1_528' title='bbox 3654 3363 4006 3430; x_wconf 68' lang='grc' dir='ltr'>κατεχούσης</span> 
     </span>
    </p>
   </div>
   <div class='ocr_carea' id='block_1_79' title="bbox 2416 3455 2985 3525">
    <p class='ocr_par' dir='ltr' id='par_1_79' title="bbox 2416 3455 2985 3525">
     <span class='ocr_line' id='line_1_79' title="bbox 2416 3455 2985 3525; baseline -0.005 -16"><span class='ocrx_word' id='word_1_529' title='bbox 2416 3458 2607 3525; x_wconf 74' lang='grc' dir='ltr'>ὀδύνης</span> <span class='ocrx_word' id='word_1_530' title='bbox 2647 3455 2985 3524; x_wconf 80' lang='grc' dir='ltr'>ἀπήλλακτο.</span> 
     </span>
    </p>
   </div>
   <div class='ocr_carea' id='block_1_80' title="bbox 2488 3544 3995 3617">
    <p class='ocr_par' dir='ltr' id='par_1_80' title="bbox 2488 3544 3995 3617">
     <span class='ocr_line' id='line_1_80' title="bbox 2488 3544 3995 3617; baseline -0.001 -18"><span class='ocrx_word' id='word_1_531' title='bbox 2488 3549 2662 3601; x_wconf 60' lang='lat' dir='ltr'><strong>Tauro</strong></span> <span class='ocrx_word' id='word_1_532' title='bbox 2690 3549 2746 3600; x_wconf 82' lang='grc' dir='ltr'>δὲ</span> <span class='ocrx_word' id='word_1_533' title='bbox 2771 3547 3176 3617; x_wconf 81' lang='grc' dir='ltr'>συμϐεϐηκέναι</span> <span class='ocrx_word' id='word_1_534' title='bbox 3209 3547 3305 3599; x_wconf 79' lang='grc' dir='ltr'>καὶ</span> <span class='ocrx_word' id='word_1_535' title='bbox 3337 3545 3415 3614; x_wconf 83' lang='grc' dir='ltr'>τῷ</span> <span class='ocrx_word' id='word_1_536' title='bbox 3462 3544 3830 3615; x_wconf 74' lang='grc' dir='ltr'>προρρηθέντι</span> <span class='ocrx_word' id='word_1_537' title='bbox 3857 3544 3995 3597; x_wconf 84' lang='grc' dir='ltr'>ταύ-</span> 
     </span>
    </p>
   </div>
   <div class='ocr_carea' id='block_1_81' title="bbox 2414 3637 4001 3711">
    <p class='ocr_par' dir='ltr' id='par_1_81' title="bbox 2414 3637 4001 3711">
     <span class='ocr_line' id='line_1_81' title="bbox 2414 3637 4001 3711; baseline -0.004 -17"><span class='ocrx_word' id='word_1_538' title='bbox 2414 3659 2511 3709; x_wconf 78' lang='grc' dir='ltr'><strong>της</strong></span> <span class='ocrx_word' id='word_1_539' title='bbox 2533 3642 2686 3710; x_wconf 75' lang='grc' dir='ltr'>ἀνδρὶ</span> <span class='ocrx_word' id='word_1_540' title='bbox 2710 3640 3056 3711; x_wconf 74' lang='grc' dir='ltr'>διηγόρευται</span> <span class='ocrx_word' id='word_1_541' title='bbox 3087 3656 3099 3667; x_wconf 90' lang='grc'><strong>·</strong></span> <span class='ocrx_word' id='word_1_542' title='bbox 3120 3638 3177 3699; x_wconf 74' lang='grc' dir='ltr'>ὃς</span> <span class='ocrx_word' id='word_1_543' title='bbox 3209 3638 3302 3691; x_wconf 75' lang='grc' dir='ltr'><strong>ἐπὶ</strong></span> <span class='ocrx_word' id='word_1_544' title='bbox 3332 3638 3427 3690; x_wconf 81' lang='grc' dir='ltr'><strong>τοῦ</strong></span> <span class='ocrx_word' id='word_1_545' title='bbox 3454 3637 3751 3705; x_wconf 83' lang='grc' dir='ltr'>σκίμποδος</span> <span class='ocrx_word' id='word_1_546' title='bbox 3773 3637 4001 3689; x_wconf 79' lang='grc' dir='ltr'>ἀνακεί-</span> 
     </span>
    </p>
   </div>
   <div class='ocr_carea' id='block_1_82' title="bbox 2419 3728 4006 3802">
    <p class='ocr_par' dir='ltr' id='par_1_82' title="bbox 2419 3728 4006 3802">
     <span class='ocr_line' id='line_1_82' title="bbox 2419 3728 4006 3802; baseline -0.002 -17"><span class='ocrx_word' id='word_1_547' title='bbox 2419 3752 2598 3802; x_wconf 81' lang='grc' dir='ltr'>μενος,</span> <span class='ocrx_word' id='word_1_548' title='bbox 2626 3733 2718 3785; x_wconf 77' lang='grc' dir='ltr'><strong>καὶ</strong></span> <span class='ocrx_word' id='word_1_549' title='bbox 2741 3732 2877 3801; x_wconf 83' lang='grc' dir='ltr'>πρὸς</span> <span class='ocrx_word' id='word_1_550' title='bbox 2907 3731 3014 3783; x_wconf 84' lang='grc' dir='ltr'>τῶν</span> <span class='ocrx_word' id='word_1_551' title='bbox 3048 3730 3250 3800; x_wconf 81' lang='grc' dir='ltr'>ἰατρῶν</span> <span class='ocrx_word' id='word_1_552' title='bbox 3293 3730 3391 3802; x_wconf 83' lang='grc' dir='ltr'>τὴν</span> <span class='ocrx_word' id='word_1_553' title='bbox 3416 3730 3731 3783; x_wconf 85' lang='grc' dir='ltr'>τελευταίαν</span> <span class='ocrx_word' id='word_1_554' title='bbox 3758 3728 3855 3780; x_wconf 90' lang='grc' dir='ltr'><strong>τοῦ</strong></span> <span class='ocrx_word' id='word_1_555' title='bbox 3905 3730 4006 3782; x_wconf 84' lang='grc' dir='ltr'>θα-</span> 
     </span>
    </p>
   </div>
   <div class='ocr_carea' id='block_1_83' title="bbox 2414 3822 4005 3892">
    <p class='ocr_par' dir='ltr' id='par_1_83' title="bbox 2414 3822 4005 3892">
     <span class='ocr_line' id='line_1_83' title="bbox 2414 3822 4005 3892; baseline -0.003 -15"><span class='ocrx_word' id='word_1_556' title='bbox 2414 3828 2575 3879; x_wconf 85' lang='grc' dir='ltr'>νάτου</span> <span class='ocrx_word' id='word_1_557' title='bbox 2627 3826 2904 3892; x_wconf 81' lang='grc' dir='ltr'>ἀπόφασιν</span> <span class='ocrx_word' id='word_1_558' title='bbox 2955 3822 3394 3892; x_wconf 84' lang='grc' dir='ltr'>προσλαϐόμενος</span> <span class='ocrx_word' id='word_1_559' title='bbox 3427 3860 3444 3883; x_wconf 88' lang='grc'><strong>,</strong></span> <span class='ocrx_word' id='word_1_560' title='bbox 3487 3822 3781 3874; x_wconf 76' lang='grc' dir='ltr'>ἐπιστάντα</span> <span class='ocrx_word' id='word_1_561' title='bbox 3853 3838 4005 3891; x_wconf 82' lang='grc' dir='ltr'>παρ-</span> 
     </span>
    </p>
   </div>
   <div class='ocr_carea' id='block_1_84' title="bbox 2415 3913 4012 3984">
    <p class='ocr_par' dir='ltr' id='par_1_84' title="bbox 2415 3913 4012 3984">
     <span class='ocr_line' id='line_1_84' title="bbox 2415 3913 4012 3984; baseline -0.004 -13"><span class='ocrx_word' id='word_1_562' title='bbox 2415 3919 2710 3972; x_wconf 81' lang='grc' dir='ltr'>εκάλειτὸν</span> <span class='ocrx_word' id='word_1_563' title='bbox 2734 3918 2909 3984; x_wconf 78' lang='grc' dir='ltr'>ἆγιον,</span> <span class='ocrx_word' id='word_1_564' title='bbox 2944 3915 3020 3984; x_wconf 85' lang='grc' dir='ltr'>τῷ</span> <span class='ocrx_word' id='word_1_565' title='bbox 3054 3913 3332 3984; x_wconf 88' lang='grc' dir='ltr'>ἀγγελικῷ</span> <span class='ocrx_word' id='word_1_566' title='bbox 3363 3913 3471 3966; x_wconf 85' lang='grc' dir='ltr'><strong>τῶν</strong></span> <span class='ocrx_word' id='word_1_567' title='bbox 3504 3913 3751 3982; x_wconf 80' lang='grc' dir='ltr'>μοναχῶν</span> <span class='ocrx_word' id='word_1_568' title='bbox 3768 3930 4012 3965; x_wconf 78' lang='grc' dir='ltr'>κατακοο</span> 
     </span>
    </p>
   </div>
   <div class='ocr_carea' id='block_1_85' title="bbox 2420 4004 4007 4081">
    <p class='ocr_par' dir='ltr' id='par_1_85' title="bbox 2420 4004 4007 4081">
     <span class='ocr_line' id='line_1_85' title="bbox 2420 4004 4007 4081; baseline -0.004 -18"><span class='ocrx_word' id='word_1_569' title='bbox 2420 4012 2633 4081; x_wconf 74' lang='grc' dir='ltr'>σμῆσαι</span> <span class='ocrx_word' id='word_1_570' title='bbox 2660 4009 2849 4062; x_wconf 88' lang='grc' dir='ltr'>τοῦτον</span> <span class='ocrx_word' id='word_1_571' title='bbox 2880 4008 3248 4076; x_wconf 84' lang='grc' dir='ltr'>ἐπιϐοώμενος</span> <span class='ocrx_word' id='word_1_572' title='bbox 3283 4004 3661 4074; x_wconf 82' lang='grc' dir='ltr'>σχήματι.οὒ,</span> <span class='ocrx_word' id='word_1_573' title='bbox 3682 4005 3838 4074; x_wconf 78' lang='grc' dir='ltr'>φησὶ,</span> <span class='ocrx_word' id='word_1_574' title='bbox 3864 4006 4007 4074; x_wconf 65' lang='grc' dir='ltr'>πρὸς</span> 
     </span>
    </p>
   </div>
   <div class='ocr_carea' id='block_1_86' title="bbox 2412 4096 4007 4166">
    <p class='ocr_par' dir='ltr' id='par_1_86' title="bbox 2412 4096 4007 4166">
     <span class='ocr_line' id='line_1_86' title="bbox 2412 4096 4007 4166; baseline -0.006 -12"><span class='ocrx_word' id='word_1_575' title='bbox 2412 4102 2570 4154; x_wconf 70' lang='grc' dir='ltr'>αὐτὸν</span> <span class='ocrx_word' id='word_1_576' title='bbox 2586 4103 2611 4153; x_wconf 81' lang='grc' dir='ltr'><strong>ό</strong></span> <span class='ocrx_word' id='word_1_577' title='bbox 2628 4102 2769 4163; x_wconf 74' lang='grc' dir='ltr'>ὅσιος</span> <span class='ocrx_word' id='word_1_578' title='bbox 2786 4097 3260 4166; x_wconf 72' lang='grc' dir='ltr'>ἀπεφθέγγετο.οὖ</span> <span class='ocrx_word' id='word_1_579' title='bbox 3278 4098 3382 4164; x_wconf 79' lang='grc' dir='ltr'><strong>γάρ</strong></span> <span class='ocrx_word' id='word_1_580' title='bbox 3398 4096 3648 4165; x_wconf 81' lang='grc' dir='ltr'>λυσιτελῆ</span> <span class='ocrx_word' id='word_1_581' title='bbox 3667 4112 3769 4160; x_wconf 81' lang='grc' dir='ltr'>σοι,</span> <span class='ocrx_word' id='word_1_582' title='bbox 3788 4096 4007 4161; x_wconf 69' lang='grc' dir='ltr'>τέκνον,</span> 
     </span>
    </p>
   </div>
   <div class='ocr_carea' id='block_1_87' title="bbox 2414 4188 4007 4264">
    <p class='ocr_par' dir='ltr' id='par_1_87' title="bbox 2414 4188 4007 4264">
     <span class='ocr_line' id='line_1_87' title="bbox 2414 4188 4007 4264; baseline -0.005 -16"><span class='ocrx_word' id='word_1_583' title='bbox 2414 4196 2768 4264; x_wconf 76' lang='grc' dir='ltr'>συμϐήσεται,</span> <span class='ocrx_word' id='word_1_584' title='bbox 2800 4191 3045 4262; x_wconf 85' lang='grc' dir='ltr'>μέλλοντι</span> <span class='ocrx_word' id='word_1_585' title='bbox 3062 4190 3341 4257; x_wconf 84' lang='grc' dir='ltr'>συντόμως</span> <span class='ocrx_word' id='word_1_586' title='bbox 3359 4188 3457 4255; x_wconf 77' lang='grc' dir='ltr'>τῆς</span> <span class='ocrx_word' id='word_1_587' title='bbox 3495 4188 3805 4258; x_wconf 76' lang='grc' dir='ltr'>ἀρρωστίας</span> <span class='ocrx_word' id='word_1_588' title='bbox 3837 4188 4007 4255; x_wconf 80' lang='grc' dir='ltr'>τῆσδε</span> 
     </span>
    </p>
   </div>
   <div class='ocr_carea' id='block_1_88' title="bbox 2409 4280 4007 4357">
    <p class='ocr_par' dir='ltr' id='par_1_88' title="bbox 2409 4280 4007 4357">
     <span class='ocr_line' id='line_1_88' title="bbox 2409 4280 4007 4357; baseline -0.006 -17"><span class='ocrx_word' id='word_1_589' title='bbox 2409 4288 2681 4357; x_wconf 80' lang='grc' dir='ltr'>διαδράντι</span> <span class='ocrx_word' id='word_1_590' title='bbox 2708 4286 2776 4338; x_wconf 75' lang='grc' dir='ltr'><strong>τά</strong></span> <span class='ocrx_word' id='word_1_591' title='bbox 2813 4284 3077 4352; x_wconf 82' lang='grc' dir='ltr'>σύμϐολα,</span> <span class='ocrx_word' id='word_1_592' title='bbox 3111 4283 3276 4334; x_wconf 81' lang='grc' dir='ltr'>τῶνδε</span> <span class='ocrx_word' id='word_1_593' title='bbox 3316 4282 3423 4332; x_wconf 80' lang='grc' dir='ltr'><strong>τῶν</strong></span> <span class='ocrx_word' id='word_1_594' title='bbox 3452 4280 3781 4348; x_wconf 71' lang='grc' dir='ltr'>ἀξιωμάτων</span> <span class='ocrx_word' id='word_1_595' title='bbox 3803 4284 3870 4348; x_wconf 75' lang='grc' dir='ltr'>τῇ</span> <span class='ocrx_word' id='word_1_596' title='bbox 3904 4280 4007 4332; x_wconf 68' lang='grc' dir='ltr'><strong>τοῦ</strong></span> 
     </span>
    </p>
   </div>
   <div class='ocr_carea' id='block_1_89' title="bbox 2412 4364 4006 4447">
    <p class='ocr_par' dir='ltr' id='par_1_89' title="bbox 2412 4364 4006 4447">
     <span class='ocr_line' id='line_1_89' title="bbox 2412 4364 4006 4447; baseline -0.008 -16"><span class='ocrx_word' id='word_1_597' title='bbox 2412 4377 2647 4444; x_wconf 75' lang='grc' dir='ltr'>Χριστοῦ</span> <span class='ocrx_word' id='word_1_598' title='bbox 2684 4378 2863 4447; x_wconf 73' lang='grc' dir='ltr'>χάριτι</span> <span class='ocrx_word' id='word_1_599' title='bbox 2887 4375 2983 4433; x_wconf 71' lang='grc' dir='ltr'>τὰς</span> <span class='ocrx_word' id='word_1_600' title='bbox 3008 4375 3178 4442; x_wconf 77' lang='grc' dir='ltr'>ἀρχὰς</span> <span class='ocrx_word' id='word_1_601' title='bbox 3206 4372 3581 4439; x_wconf 80' lang='grc' dir='ltr'>διοικήσασθαι</span> <span class='ocrx_word' id='word_1_602' title='bbox 3610 4364 3687 4440; x_wconf 44' lang='grc'><strong>⁷1⁵1</strong></span> <span class='ocrx_word' id='word_1_603' title='bbox 3708 4369 3753 4422; x_wconf 84' lang='grc' dir='ltr'>δ’</span> <span class='ocrx_word' id='word_1_604' title='bbox 3786 4370 3853 4422; x_wconf 79' lang='grc' dir='ltr'>ἂν</span> <span class='ocrx_word' id='word_1_605' title='bbox 3886 4370 4006 4421; x_wconf 85' lang='grc' dir='ltr'>τοί-</span> 
     </span>
    </p>
   </div>
   <div class='ocr_carea' id='block_1_90' title="bbox 2411 4461 4009 4535">
    <p class='ocr_par' dir='ltr' id='par_1_90' title="bbox 2411 4461 4009 4535">
     <span class='ocr_line' id='line_1_90' title="bbox 2411 4461 4009 4535; baseline -0.004 -15"><span class='ocrx_word' id='word_1_606' title='bbox 2411 4489 2504 4521; x_wconf 82' lang='grc' dir='ltr'><strong>νυν</strong></span> <span class='ocrx_word' id='word_1_607' title='bbox 2534 4469 2689 4521; x_wconf 89' lang='grc' dir='ltr'>τοῦτο</span> <span class='ocrx_word' id='word_1_608' title='bbox 2716 4470 3027 4535; x_wconf 77' lang='grc' dir='ltr'>γενήσεται,</span> <span class='ocrx_word' id='word_1_609' title='bbox 3061 4466 3178 4517; x_wconf 85' lang='grc' dir='ltr'>τότε</span> <span class='ocrx_word' id='word_1_610' title='bbox 3214 4481 3293 4515; x_wconf 89' lang='grc' dir='ltr'><strong>σοι</strong></span> <span class='ocrx_word' id='word_1_611' title='bbox 3322 4462 3343 4535; x_wconf 83' lang='grc'><strong>[</strong></span> <span class='ocrx_word' id='word_1_612' title='bbox 3368 4482 3454 4530; x_wconf 60' lang='grc' dir='ltr'><strong>πο.</strong></span> <span class='ocrx_word' id='word_1_613' title='bbox 3486 4463 3606 4513; x_wconf 83' lang='grc' dir='ltr'>τότε</span> <span class='ocrx_word' id='word_1_614' title='bbox 3648 4479 3705 4513; x_wconf 91' lang='grc' dir='ltr'><strong>σε</strong></span> <span class='ocrx_word' id='word_1_615' title='bbox 3735 4461 3753 4530; x_wconf 90' lang='grc'>]</span> <span class='ocrx_word' id='word_1_616' title='bbox 3813 4461 4009 4514; x_wconf 68' lang='grc' dir='ltr'>λοιπὸν</span> 
     </span>
    </p>
   </div>
   <div class='ocr_carea' id='block_1_91' title="bbox 731 4547 2311 4631">
    <p class='ocr_par' dir='ltr' id='par_1_91' title="bbox 731 4551 2301 4625">
     <span class='ocr_line' id='line_1_91' title="bbox 731 4551 2301 4625; baseline 0.006 -26"><span class='ocrx_word' id='word_1_617' title='bbox 731 4552 895 4603; x_wconf 73' lang='lat' dir='ltr'><strong>t&#39;orro</strong></span> <span class='ocrx_word' id='word_1_618' title='bbox 929 4551 1088 4605; x_wconf 81' lang='lat' dir='ltr'><strong>liuent</strong></span> <span class='ocrx_word' id='word_1_619' title='bbox 1139 4555 1335 4608; x_wconf 90' lang='lat' dir='ltr'><strong>habuit</strong></span> <span class='ocrx_word' id='word_1_620' title='bbox 1364 4556 1665 4623; x_wconf 73' lang='lat' dir='ltr'><strong>prmdictio,</strong></span> <span class='ocrx_word' id='word_1_621' title='bbox 1698 4569 2036 4625; x_wconf 75' lang='lat' dir='ltr'><strong>eventusque</strong></span> <span class='ocrx_word' id='word_1_622' title='bbox 2067 4556 2301 4625; x_wconf 59' lang='lat' dir='ltr'><strong>prophe»</strong></span> 
     </span>
    </p>
   </div>
   <div class='ocr_carea' id='block_1_92' title="bbox 2418 4547 4009 4631">
    <p class='ocr_par' dir='ltr' id='par_1_92' title="bbox 2418 4555 4009 4631">
     <span class='ocr_line' id='line_1_92' title="bbox 2418 4555 4009 4631; baseline -0.005 -17"><span class='ocrx_word' id='word_1_623' title='bbox 2418 4560 2790 4631; x_wconf 74' lang='grc' dir='ltr'>άποκαρθὲντα</span> <span class='ocrx_word' id='word_1_624' title='bbox 2851 4560 2983 4626; x_wconf 68' lang='grc' dir='ltr'>προς</span> <span class='ocrx_word' id='word_1_625' title='bbox 3008 4558 3105 4627; x_wconf 78' lang='grc' dir='ltr'>τὴν</span> <span class='ocrx_word' id='word_1_626' title='bbox 3154 4558 3332 4608; x_wconf 79' lang='grc' dir='ltr'>ἐκεῖσε</span> <span class='ocrx_word' id='word_1_627' title='bbox 3375 4555 3526 4623; x_wconf 77' lang='grc' dir='ltr'>λῆξιν</span> <span class='ocrx_word' id='word_1_628' title='bbox 3585 4555 3842 4620; x_wconf 83' lang='grc' dir='ltr'>κομῶντα</span> <span class='ocrx_word' id='word_1_629' title='bbox 3880 4557 4009 4616; x_wconf 83' lang='grc' dir='ltr'>ταῖς</span> 
     </span>
    </p>
   </div>
   <div class='ocr_carea' id='block_1_93' title="bbox 728 4646 2301 4716">
    <p class='ocr_par' dir='ltr' id='par_1_93' title="bbox 728 4646 2301 4716">
     <span class='ocr_line' id='line_1_93' title="bbox 728 4646 2301 4716; baseline 0.006 -24"><span class='ocrx_word' id='word_1_630' title='bbox 728 4646 853 4695; x_wconf 86' lang='lat' dir='ltr'><strong>ti.on</strong></span> <span class='ocrx_word' id='word_1_631' title='bbox 885 4656 1104 4700; x_wconf 79' lang='lat' dir='ltr'><strong>secutus</strong></span> <span class='ocrx_word' id='word_1_632' title='bbox 1127 4660 1209 4700; x_wconf 80' lang='lat' dir='ltr'><strong>est</strong></span> <span class='ocrx_word' id='word_1_633' title='bbox 1242 4689 1255 4702; x_wconf 95' lang='lat'><strong><em>.</em></strong></span> <span class='ocrx_word' id='word_1_634' title='bbox 1282 4648 1491 4702; x_wconf 78' lang='lat' dir='ltr'><strong>Etenim</strong></span> <span class='ocrx_word' id='word_1_635' title='bbox 1516 4650 1699 4702; x_wconf 88' lang='lat' dir='ltr'><strong>relicta</strong></span> <span class='ocrx_word' id='word_1_636' title='bbox 1725 4650 1813 4702; x_wconf 91' lang='lat' dir='ltr'><strong>ille</strong></span> <span class='ocrx_word' id='word_1_637' title='bbox 1832 4665 1954 4702; x_wconf 90' lang='lat' dir='ltr'><strong>cum</strong></span> <span class='ocrx_word' id='word_1_638' title='bbox 1983 4649 2122 4702; x_wconf 88' lang='lat' dir='ltr'><strong>lecto</strong></span> <span class='ocrx_word' id='word_1_639' title='bbox 2140 4650 2301 4716; x_wconf 69' lang='lat' dir='ltr'><strong>aegri-</strong></span> 
     </span>
    </p>
   </div>
   <div class='ocr_carea' id='block_1_94' title="bbox 728 4736 2307 4811">
    <p class='ocr_par' dir='ltr' id='par_1_94' title="bbox 728 4736 2307 4811">
     <span class='ocr_line' id='line_1_94' title="bbox 728 4736 2307 4811; baseline 0.006 -26"><span class='ocrx_word' id='word_1_640' title='bbox 728 4736 1298 4809; x_wconf 68' lang='lat' dir='ltr'><strong>todute,diversismic</strong></span> <span class='ocrx_word' id='word_1_641' title='bbox 1353 4742 1460 4794; x_wconf 88' lang='lat' dir='ltr'><strong>illis</strong></span> <span class='ocrx_word' id='word_1_642' title='bbox 1538 4742 1947 4811; x_wconf 66' lang='lat' dir='ltr'><strong>magistratibus</strong></span> <span class='ocrx_word' id='word_1_643' title='bbox 1993 4741 2307 4805; x_wconf 71' lang='lat' dir='ltr'><strong>defunctus,</strong></span> 
     </span>
    </p>
   </div>
   <div class='ocr_carea' id='block_1_95' title="bbox 725 4830 2302 4900">
    <p class='ocr_par' dir='ltr' id='par_1_95' title="bbox 725 4830 2302 4900">
     <span class='ocr_line' id='line_1_95' title="bbox 725 4830 2302 4900; baseline 0.005 -22"><span class='ocrx_word' id='word_1_644' title='bbox 725 4843 848 4880; x_wconf 75' lang='lat' dir='ltr'><strong>rum</strong></span> <span class='ocrx_word' id='word_1_645' title='bbox 880 4830 1094 4881; x_wconf 85' lang='lat' dir='ltr'><strong>tandem</strong></span> <span class='ocrx_word' id='word_1_646' title='bbox 1130 4831 1401 4885; x_wconf 88' lang='lat' dir='ltr'><strong>modicum</strong></span> <span class='ocrx_word' id='word_1_647' title='bbox 1437 4841 1774 4900; x_wconf 69' lang='lat' dir='ltr'><strong>mgrotasset,</strong></span> <span class='ocrx_word' id='word_1_648' title='bbox 1825 4832 1979 4899; x_wconf 73' lang='lat' dir='ltr'><strong>juxta</strong></span> <span class='ocrx_word' id='word_1_649' title='bbox 2019 4832 2120 4885; x_wconf 76' lang='lat' dir='ltr'><strong>viri</strong></span> <span class='ocrx_word' id='word_1_650' title='bbox 2166 4833 2302 4900; x_wconf 87' lang='lat' dir='ltr'><strong>justi</strong></span> 
     </span>
    </p>
   </div>
   <div class='ocr_carea' id='block_1_96' title="bbox 728 4924 2307 4995">
    <p class='ocr_par' dir='ltr' id='par_1_96' title="bbox 728 4924 2307 4995">
     <span class='ocr_line' id='line_1_96' title="bbox 728 4924 2307 4995; baseline 0.003 -21"><span class='ocrx_word' id='word_1_651' title='bbox 728 4924 1079 4988; x_wconf 73' lang='lat' dir='ltr'><strong>sententiam,</strong></span> <span class='ocrx_word' id='word_1_652' title='bbox 1105 4940 1317 4979; x_wconf 87' lang='lat' dir='ltr'><strong>contam</strong></span> <span class='ocrx_word' id='word_1_653' title='bbox 1347 4926 1647 4995; x_wconf 76' lang='lat' dir='ltr'><strong>deponens,</strong></span> <span class='ocrx_word' id='word_1_654' title='bbox 1702 4927 1955 4995; x_wconf 75' lang='lat' dir='ltr'><strong>migravit</strong></span> <span class='ocrx_word' id='word_1_655' title='bbox 1989 4926 2056 4981; x_wconf 90' lang='lat' dir='ltr'><strong>ad</strong></span> <span class='ocrx_word' id='word_1_656' title='bbox 2120 4925 2307 4979; x_wconf 79' lang='lat' dir='ltr'><strong>Domi-</strong></span> 
     </span>
    </p>
   </div>
   <div class='ocr_carea' id='block_1_97' title="bbox 730 5032 885 5069">
    <p class='ocr_par' dir='ltr' id='par_1_97' title="bbox 730 5032 885 5069">
     <span class='ocr_line' id='line_1_97' title="bbox 730 5032 885 5069; baseline 0.013 -2"><span class='ocrx_word' id='word_1_657' title='bbox 730 5032 885 5069; x_wconf 67' lang='grc' dir='ltr'><strong>ΙΙἻΙΙΙῙ.</strong></span> 
     </span>
    </p>
   </div>
   <div class='ocr_carea' id='block_1_98' title="bbox 810 5199 2306 5271">
    <p class='ocr_par' dir='ltr' id='par_1_98' title="bbox 810 5199 2306 5271">
     <span class='ocr_line' id='line_1_98' title="bbox 810 5199 2306 5271; baseline 0.003 -20"><span class='ocrx_word' id='word_1_658' title='bbox 810 5199 1134 5269; x_wconf 78' lang='lat' dir='ltr'><strong>l‘lieophilns</strong></span> <span class='ocrx_word' id='word_1_659' title='bbox 1173 5211 1375 5261; x_wconf 80' lang='lat' dir='ltr'><strong>autem.</strong></span> <span class='ocrx_word' id='word_1_660' title='bbox 1402 5203 1493 5271; x_wconf 91' lang='lat' dir='ltr'><strong>qui</strong></span> <span class='ocrx_word' id='word_1_661' title='bbox 1530 5202 1751 5271; x_wconf 86' lang='lat' dir='ltr'><strong>perinde</strong></span> <span class='ocrx_word' id='word_1_662' title='bbox 1798 5212 1960 5271; x_wconf 88' lang='lat' dir='ltr'><strong>atque</strong></span> <span class='ocrx_word' id='word_1_663' title='bbox 2014 5201 2306 5262; x_wconf 77' lang='lat' dir='ltr'><strong>Melisseni,</strong></span> 
     </span>
    </p>
   </div>
   <div class='ocr_carea' id='block_1_99' title="bbox 729 5293 2309 5364">
    <p class='ocr_par' dir='ltr' id='par_1_99' title="bbox 729 5293 2309 5364">
     <span class='ocr_line' id='line_1_99' title="bbox 729 5293 2309 5364; baseline 0.001 -18"><span class='ocrx_word' id='word_1_664' title='bbox 729 5293 984 5363; x_wconf 77' lang='lat' dir='ltr'><strong>Lydiates</strong></span> <span class='ocrx_word' id='word_1_665' title='bbox 1044 5296 1459 5364; x_wconf 79' lang='lat' dir='ltr'><strong>appellabatur:</strong></span> <span class='ocrx_word' id='word_1_666' title='bbox 1530 5296 1729 5364; x_wconf 80' lang='lat' dir='ltr'><strong>quippe</strong></span> <span class='ocrx_word' id='word_1_667' title='bbox 1765 5296 1848 5349; x_wconf 80' lang='lat' dir='ltr'><strong>vir</strong></span> <span class='ocrx_word' id='word_1_668' title='bbox 1904 5311 2093 5351; x_wconf 87' lang='lat' dir='ltr'><strong>eorum</strong></span> <span class='ocrx_word' id='word_1_669' title='bbox 2145 5312 2309 5364; x_wconf 74' lang='lat' dir='ltr'><strong>gener</strong></span> 
     </span>
    </p>
   </div>
   <div class='ocr_carea' id='block_1_100' title="bbox 727 5390 2306 5459">
    <p class='ocr_par' dir='ltr' id='par_1_100' title="bbox 727 5390 2306 5459">
     <span class='ocr_line' id='line_1_100' title="bbox 727 5390 2306 5459; baseline -0.002 -16"><span class='ocrx_word' id='word_1_670' title='bbox 727 5399 863 5453; x_wconf 73' lang='lat' dir='ltr'><strong>erat,</strong></span> <span class='ocrx_word' id='word_1_671' title='bbox 919 5390 1340 5458; x_wconf 86' lang='lat' dir='ltr'><strong>impositamque</strong></span> <span class='ocrx_word' id='word_1_672' title='bbox 1403 5391 1564 5443; x_wconf 82' lang='lat' dir='ltr'><strong>illisa</strong></span> <span class='ocrx_word' id='word_1_673' title='bbox 1632 5406 1829 5459; x_wconf 77' lang='lat' dir='ltr'><strong>genere</strong></span> <span class='ocrx_word' id='word_1_674' title='bbox 1885 5391 2306 5458; x_wconf 85' lang='lat' dir='ltr'><strong>appellationem</strong></span> 
     </span>
    </p>
   </div>
   <div class='ocr_carea' id='block_1_101' title="bbox 731 5482 2306 5550">
    <p class='ocr_par' dir='ltr' id='par_1_101' title="bbox 731 5482 2306 5550">
     <span class='ocr_line' id='line_1_101' title="bbox 731 5482 2306 5550; baseline 0.001 -18"><span class='ocrx_word' id='word_1_675' title='bbox 731 5485 843 5550; x_wconf 74' lang='lat' dir='ltr'><strong>ipso</strong></span> <span class='ocrx_word' id='word_1_676' title='bbox 874 5483 1046 5535; x_wconf 77' lang='lat' dir='ltr'><strong>&#39;ctiam</strong></span> <span class='ocrx_word' id='word_1_677' title='bbox 1078 5484 1273 5535; x_wconf 89' lang='lat' dir='ltr'><strong>merito</strong></span> <span class='ocrx_word' id='word_1_678' title='bbox 1302 5484 1565 5535; x_wconf 87' lang='lat' dir='ltr'><strong>abusione</strong></span> <span class='ocrx_word' id='word_1_679' title='bbox 1597 5484 1821 5535; x_wconf 76' lang='lat' dir='ltr'><strong>terebat.</strong></span> <span class='ocrx_word' id='word_1_680' title='bbox 1851 5482 1984 5535; x_wconf 84' lang='lat' dir='ltr'><strong>Nam</strong></span> <span class='ocrx_word' id='word_1_681' title='bbox 2009 5494 2063 5536; x_wconf 91' lang='lat' dir='ltr'><strong>et</strong></span> <span class='ocrx_word' id='word_1_682' title='bbox 2119 5492 2306 5550; x_wconf 83' lang='lat' dir='ltr'><strong>proto-</strong></span> 
     </span>
    </p>
   </div>
   <div class='ocr_carea' id='block_1_102' title="bbox 730 5573 2307 5644">
    <p class='ocr_par' dir='ltr' id='par_1_102' title="bbox 730 5573 2307 5644">
     <span class='ocr_line' id='line_1_102' title="bbox 730 5573 2307 5644; baseline -0.001 -17"><span class='ocrx_word' id='word_1_683' title='bbox 730 5575 991 5642; x_wconf 76' lang='lat' dir='ltr'><strong>spatharii</strong></span> <span class='ocrx_word' id='word_1_684' title='bbox 1022 5575 1284 5644; x_wconf 79' lang='lat' dir='ltr'><strong>dignitate</strong></span> <span class='ocrx_word' id='word_1_685' title='bbox 1313 5584 1543 5629; x_wconf 77' lang='lat' dir='ltr'><strong>omatus</strong></span> <span class='ocrx_word' id='word_1_686' title='bbox 1570 5583 1704 5627; x_wconf 88' lang='lat' dir='ltr'><strong>erat.</strong></span> <span class='ocrx_word' id='word_1_687' title='bbox 1734 5573 1853 5627; x_wconf 88' lang='lat' dir='ltr'><strong>Nati</strong></span> <span class='ocrx_word' id='word_1_688' title='bbox 1886 5589 2051 5642; x_wconf 88' lang='lat' dir='ltr'><strong>porro</strong></span> <span class='ocrx_word' id='word_1_689' title='bbox 2106 5590 2171 5625; x_wconf 73' lang='lat' dir='ltr'><strong>ex</strong></span> <span class='ocrx_word' id='word_1_690' title='bbox 2241 5588 2307 5626; x_wconf 88' lang='lat' dir='ltr'><strong>eo</strong></span> 
     </span>
    </p>
   </div>
   <div class='ocr_carea' id='block_1_103' title="bbox 732 5668 2301 5731">
    <p class='ocr_par' dir='ltr' id='par_1_103' title="bbox 732 5668 2301 5731">
     <span class='ocr_line' id='line_1_103' title="bbox 732 5668 2301 5731; baseline -0.001 -12"><span class='ocrx_word' id='word_1_691' title='bbox 732 5668 986 5731; x_wconf 76' lang='lat' dir='ltr'><strong>infantes,</strong></span> <span class='ocrx_word' id='word_1_692' title='bbox 1024 5670 1189 5721; x_wconf 71' lang='lat' dir='ltr'><strong>vitam</strong></span> <span class='ocrx_word' id='word_1_693' title='bbox 1222 5668 1404 5724; x_wconf 87' lang='lat' dir='ltr'><strong>statim</strong></span> <span class='ocrx_word' id='word_1_694' title='bbox 1461 5684 1585 5722; x_wconf 85' lang='lat' dir='ltr'><strong>eum</strong></span> <span class='ocrx_word' id='word_1_695' title='bbox 1643 5679 1817 5722; x_wconf 83' lang='lat' dir='ltr'><strong>morte</strong></span> <span class='ocrx_word' id='word_1_696' title='bbox 1863 5668 2301 5729; x_wconf 85' lang='lat' dir='ltr'><strong>commutabant,</strong></span> 
     </span>
    </p>
   </div>
   <div class='ocr_carea' id='block_1_104' title="bbox 730 5758 2292 5829">
    <p class='ocr_par' dir='ltr' id='par_1_104' title="bbox 730 5758 2292 5829">
     <span class='ocr_line' id='line_1_104' title="bbox 730 5758 2292 5829; baseline 0.002 -19"><span class='ocrx_word' id='word_1_697' title='bbox 730 5760 999 5827; x_wconf 62' lang='lat' dir='ltr'><strong>amboque</strong></span> <span class='ocrx_word' id='word_1_698' title='bbox 1032 5768 1283 5828; x_wconf 76' lang='lat' dir='ltr'><strong>patentes</strong></span> <span class='ocrx_word' id='word_1_699' title='bbox 1340 5759 1739 5824; x_wconf 82' lang='lat' dir='ltr'><strong>_im:umlissi:no</strong></span> <span class='ocrx_word' id='word_1_700' title='bbox 1776 5775 1966 5815; x_wconf 85' lang='lat' dir='ltr'><strong>eorum</strong></span> <span class='ocrx_word' id='word_1_701' title='bbox 1999 5758 2195 5829; x_wconf 77' lang='lat' dir='ltr'><strong>gaudio</strong></span> <span class='ocrx_word' id='word_1_702' title='bbox 2230 5774 2292 5814; x_wconf 84' lang='lat' dir='ltr'><strong>ac</strong></span> 
     </span>
    </p>
   </div>
   <div class='ocr_carea' id='block_1_105' title="bbox 800 5868 1390 5936">
    <p class='ocr_par' dir='ltr' id='par_1_105' title="bbox 800 5868 1390 5936">
     <span class='ocr_line' id='line_1_105' title="bbox 800 5868 1390 5936; baseline 0.003 -11"><span class='ocrx_word' id='word_1_703' title='bbox 878 5871 1041 5929; x_wconf 20' lang='lat' dir='ltr'><strong>Exod,</strong></span> <span class='ocrx_word' id='word_1_704' title='bbox 1087 5888 1263 5936; x_wconf 55' lang='lat' dir='ltr'><strong>xxxiv,</strong></span> <span class='ocrx_word' id='word_1_705' title='bbox 1303 5868 1390 5927; x_wconf 79' lang='lat'><strong>‘29.</strong></span> 
     </span>
    </p>
   </div>
   <div class='ocr_carea' id='block_1_106' title="bbox 2415 4644 4006 4723">
    <p class='ocr_par' dir='ltr' id='par_1_106' title="bbox 2415 4644 4006 4723">
     <span class='ocr_line' id='line_1_106' title="bbox 2415 4644 4006 4723; baseline -0.007 -17"><span class='ocrx_word' id='word_1_706' title='bbox 2415 4654 2807 4723; x_wconf 83' lang='grc' dir='ltr'>άγαθοεργίαις</span> <span class='ocrx_word' id='word_1_707' title='bbox 2826 4651 3212 4720; x_wconf 66' lang='grc' dir='ltr'>προσλάϐοιμι,</span> <span class='ocrx_word' id='word_1_708' title='bbox 3241 4644 3363 4717; x_wconf 75' lang='grc' dir='ltr'>Εἶχε</span> <span class='ocrx_word' id='word_1_709' title='bbox 3385 4648 3440 4700; x_wconf 86' lang='grc' dir='ltr'>δὲ</span> <span class='ocrx_word' id='word_1_710' title='bbox 3462 4647 3609 4707; x_wconf 78' lang='grc' dir='ltr'>τέλος</span> <span class='ocrx_word' id='word_1_711' title='bbox 3624 4647 3655 4714; x_wconf 84' lang='grc' dir='ltr'>ἡ</span> <span class='ocrx_word' id='word_1_712' title='bbox 3673 4647 4006 4715; x_wconf 68' lang='grc' dir='ltr'>πρόρρησις,</span> 
     </span>
    </p>
   </div>
   <div class='ocr_carea' id='block_1_107' title="bbox 2421 4739 4005 4815">
    <p class='ocr_par' dir='ltr' id='par_1_107' title="bbox 2421 4739 4005 4815">
     <span class='ocr_line' id='line_1_107' title="bbox 2421 4739 4005 4815; baseline -0.006 -16"><span class='ocrx_word' id='word_1_713' title='bbox 2421 4749 2511 4799; x_wconf 72' lang='grc' dir='ltr'><strong>καὶ</strong></span> <span class='ocrx_word' id='word_1_714' title='bbox 2536 4747 2633 4815; x_wconf 80' lang='grc' dir='ltr'>τὴν</span> <span class='ocrx_word' id='word_1_715' title='bbox 2659 4744 2998 4815; x_wconf 67' lang='grc' dir='ltr'>προφητείαν</span> <span class='ocrx_word' id='word_1_716' title='bbox 3024 4741 3385 4811; x_wconf 76' lang='grc' dir='ltr'>ἐπηκολούθει</span> <span class='ocrx_word' id='word_1_717' title='bbox 3418 4740 3487 4793; x_wconf 77' lang='grc' dir='ltr'><strong>τά</strong></span> <span class='ocrx_word' id='word_1_718' title='bbox 3534 4740 3856 4808; x_wconf 80' lang='grc' dir='ltr'>πράγματα.</span> <span class='ocrx_word' id='word_1_719' title='bbox 3920 4739 4005 4808; x_wconf 80' lang='grc' dir='ltr'>Τῇ</span> 
     </span>
    </p>
   </div>
   <div class='ocr_carea' id='block_1_108' title="bbox 2419 4830 4007 4908">
    <p class='ocr_par' dir='ltr' id='par_1_108' title="bbox 2419 4830 4007 4908">
     <span class='ocr_line' id='line_1_108' title="bbox 2419 4830 4007 4908; baseline -0.006 -18"><span class='ocrx_word' id='word_1_720' title='bbox 2419 4841 2527 4908; x_wconf 80' lang='grc' dir='ltr'><strong>γάρ</strong></span> <span class='ocrx_word' id='word_1_721' title='bbox 2560 4840 2687 4907; x_wconf 77' lang='grc' dir='ltr'>εὐνῇ</span> <span class='ocrx_word' id='word_1_722' title='bbox 2714 4840 2742 4889; x_wconf 88' lang='lat'><strong>6</strong></span> <span class='ocrx_word' id='word_1_723' title='bbox 2773 4838 2913 4905; x_wconf 74' lang='grc' dir='ltr'>ἀνὴρ</span> <span class='ocrx_word' id='word_1_724' title='bbox 2940 4835 3037 4902; x_wconf 72' lang='grc' dir='ltr'>τὴν</span> <span class='ocrx_word' id='word_1_725' title='bbox 3068 4835 3223 4887; x_wconf 88' lang='grc' dir='ltr'>νόσον</span> <span class='ocrx_word' id='word_1_726' title='bbox 3250 4832 3681 4900; x_wconf 81' lang='grc' dir='ltr'>ἐπαποθέμενος.</span> <span class='ocrx_word' id='word_1_727' title='bbox 3747 4830 3842 4881; x_wconf 79' lang='grc' dir='ltr'><strong>καὶ</strong></span> <span class='ocrx_word' id='word_1_728' title='bbox 3888 4832 4007 4893; x_wconf 82' lang='grc' dir='ltr'>τοῖς</span> 
     </span>
    </p>
   </div>
   <div class='ocr_carea' id='block_1_109' title="bbox 2416 4919 4009 4999">
    <p class='ocr_par' dir='ltr' id='par_1_109' title="bbox 2416 4919 4009 4999">
     <span class='ocr_line' id='line_1_109' title="bbox 2416 4919 4009 4999; baseline -0.006 -18"><span class='ocrx_word' id='word_1_729' title='bbox 2416 4930 2695 4999; x_wconf 73' lang='grc' dir='ltr'>διαφόροις</span> <span class='ocrx_word' id='word_1_730' title='bbox 2732 4928 2962 4989; x_wconf 77' lang='grc' dir='ltr'>ἐκείνοις</span> <span class='ocrx_word' id='word_1_731' title='bbox 2984 4923 3321 4978; x_wconf 85' lang='grc' dir='ltr'>ὑπεισελθὼν</span> <span class='ocrx_word' id='word_1_732' title='bbox 3363 4922 3658 4989; x_wconf 80' lang='grc' dir='ltr'>ἀξιώμασι,</span> <span class='ocrx_word' id='word_1_733' title='bbox 3691 4919 3843 4980; x_wconf 73' lang='grc' dir='ltr'>τέλος</span> <span class='ocrx_word' id='word_1_734' title='bbox 3914 4938 4009 4987; x_wconf 86' lang='grc' dir='ltr'>μι-</span> 
     </span>
    </p>
   </div>
   <div class='ocr_carea' id='block_1_110' title="bbox 2419 5013 4009 5091">
    <p class='ocr_par' dir='ltr' id='par_1_110' title="bbox 2419 5013 4009 5091">
     <span class='ocr_line' id='line_1_110' title="bbox 2419 5013 4009 5091; baseline -0.006 -17"><span class='ocrx_word' id='word_1_735' title='bbox 2419 5023 2546 5089; x_wconf 73' lang='grc' dir='ltr'>κρὸν</span> <span class='ocrx_word' id='word_1_736' title='bbox 2578 5025 2832 5091; x_wconf 75' lang='grc' dir='ltr'>νοσήσας,</span> <span class='ocrx_word' id='word_1_737' title='bbox 2882 5018 3020 5071; x_wconf 85' lang='grc' dir='ltr'><strong>κατά</strong></span> <span class='ocrx_word' id='word_1_738' title='bbox 3047 5019 3144 5087; x_wconf 78' lang='grc' dir='ltr'>τὴν</span> <span class='ocrx_word' id='word_1_739' title='bbox 3171 5016 3263 5069; x_wconf 78' lang='grc' dir='ltr'><strong>τοῦ</strong></span> <span class='ocrx_word' id='word_1_740' title='bbox 3290 5016 3501 5068; x_wconf 83' lang='grc' dir='ltr'>δικαίου</span> <span class='ocrx_word' id='word_1_741' title='bbox 3528 5014 3823 5081; x_wconf 80' lang='grc' dir='ltr'>ἀπόφασιν,</span> <span class='ocrx_word' id='word_1_742' title='bbox 3866 5013 4009 5064; x_wconf 84' lang='grc' dir='ltr'>ἀπο-</span> 
     </span>
    </p>
   </div>
   <div class='ocr_carea' id='block_1_111' title="bbox 2420 5110 3438 5183">
    <p class='ocr_par' dir='ltr' id='par_1_111' title="bbox 2420 5110 3438 5183">
     <span class='ocr_line' id='line_1_111' title="bbox 2420 5110 3438 5183; baseline -0.007 -17"><span class='ocrx_word' id='word_1_743' title='bbox 2420 5114 2663 5182; x_wconf 73' lang='grc' dir='ltr'>καρθεὶς,</span> <span class='ocrx_word' id='word_1_744' title='bbox 2701 5114 2836 5183; x_wconf 63' lang='grc' dir='ltr'>πρός</span> <span class='ocrx_word' id='word_1_745' title='bbox 2878 5113 3080 5180; x_wconf 77' lang='grc' dir='ltr'>Κύριον</span> <span class='ocrx_word' id='word_1_746' title='bbox 3116 5110 3438 5177; x_wconf 77' lang='grc' dir='ltr'>ἐξεδήμησε.</span> 
     </span>
    </p>
   </div>
   <div class='ocr_carea' id='block_1_112' title="bbox 2491 5196 4005 5276">
    <p class='ocr_par' dir='ltr' id='par_1_112' title="bbox 2491 5196 4005 5276">
     <span class='ocr_line' id='line_1_112' title="bbox 2491 5196 4005 5276; baseline -0.007 -19"><span class='ocrx_word' id='word_1_747' title='bbox 2491 5206 2750 5276; x_wconf 76' lang='grc' dir='ltr'>Θεόφιλος</span> <span class='ocrx_word' id='word_1_748' title='bbox 2773 5206 2830 5257; x_wconf 85' lang='grc' dir='ltr'><strong>δέ</strong></span> <span class='ocrx_word' id='word_1_749' title='bbox 2862 5208 2888 5257; x_wconf 90' lang='grc' dir='ltr'>ὸ</span> <span class='ocrx_word' id='word_1_750' title='bbox 2917 5205 3054 5256; x_wconf 80' lang='grc' dir='ltr'><strong>κατά</strong></span> <span class='ocrx_word' id='word_1_751' title='bbox 3072 5204 3195 5263; x_wconf 72' lang='grc' dir='ltr'>τοὺς</span> <span class='ocrx_word' id='word_1_752' title='bbox 3226 5200 3563 5267; x_wconf 44' lang='grc' dir='ltr'>Ἁηιελισηνοὺς</span> <span class='ocrx_word' id='word_1_753' title='bbox 3592 5196 3865 5264; x_wconf 80' lang='grc' dir='ltr'>Λυδιάτης</span> <span class='ocrx_word' id='word_1_754' title='bbox 3899 5214 4005 5248; x_wconf 85' lang='grc' dir='ltr'>κα-</span> 
     </span>
    </p>
   </div>
   <div class='ocr_carea' id='block_1_113' title="bbox 2418 5288 4000 5367">
    <p class='ocr_par' dir='ltr' id='par_1_113' title="bbox 2418 5288 4000 5367">
     <span class='ocr_line' id='line_1_113' title="bbox 2418 5288 4000 5367; baseline -0.007 -18"><span class='ocrx_word' id='word_1_755' title='bbox 2418 5298 2677 5367; x_wconf 84' lang='grc' dir='ltr'>λούμενος</span> <span class='ocrx_word' id='word_1_756' title='bbox 2721 5296 2990 5365; x_wconf 76' lang='grc' dir='ltr'>(γαμϐρὸς</span> <span class='ocrx_word' id='word_1_757' title='bbox 3012 5295 3120 5363; x_wconf 74' lang='grc' dir='ltr'><strong>γάρ</strong></span> <span class='ocrx_word' id='word_1_758' title='bbox 3152 5293 3329 5345; x_wconf 76' lang='grc' dir='ltr'>αὐτῶν</span> <span class='ocrx_word' id='word_1_759' title='bbox 3382 5294 3410 5344; x_wconf 86' lang='lat'><strong>6</strong></span> <span class='ocrx_word' id='word_1_760' title='bbox 3438 5292 3578 5359; x_wconf 75' lang='grc' dir='ltr'>ἀνὴρ</span> <span class='ocrx_word' id='word_1_761' title='bbox 3614 5288 3958 5358; x_wconf 79' lang='grc' dir='ltr'>ἐχρημάτισε</span> <span class='ocrx_word' id='word_1_762' title='bbox 3984 5331 4000 5353; x_wconf 85' lang='grc'><strong>,</strong></span> 
     </span>
    </p>
   </div>
   <div class='ocr_carea' id='block_1_114' title="bbox 2413 5381 4003 5454">
    <p class='ocr_par' dir='ltr' id='par_1_114' title="bbox 2413 5381 4003 5454">
     <span class='ocr_line' id='line_1_114' title="bbox 2413 5381 4003 5454; baseline -0.009 -13"><span class='ocrx_word' id='word_1_763' title='bbox 2413 5392 2505 5443; x_wconf 74' lang='grc' dir='ltr'><strong>καὶ</strong></span> <span class='ocrx_word' id='word_1_764' title='bbox 2546 5390 2605 5442; x_wconf 68' lang='grc' dir='ltr'><strong>τό</strong></span> <span class='ocrx_word' id='word_1_765' title='bbox 2686 5392 2750 5441; x_wconf 84' lang='grc' dir='ltr'>ἐκ</span> <span class='ocrx_word' id='word_1_766' title='bbox 2796 5388 2985 5454; x_wconf 88' lang='grc' dir='ltr'>γένους</span> <span class='ocrx_word' id='word_1_767' title='bbox 3046 5387 3276 5445; x_wconf 82' lang='grc' dir='ltr'>ἐκείνοις</span> <span class='ocrx_word' id='word_1_768' title='bbox 3324 5385 3673 5452; x_wconf 82' lang='grc' dir='ltr'>παρωνύμως</span> <span class='ocrx_word' id='word_1_769' title='bbox 3721 5381 4003 5445; x_wconf 62' lang='grc' dir='ltr'>ἐπιτεθέν,</span> 
     </span>
    </p>
   </div>
   <div class='ocr_carea' id='block_1_115' title="bbox 2422 5472 4005 5547">
    <p class='ocr_par' dir='ltr' id='par_1_115' title="bbox 2422 5472 4005 5547">
     <span class='ocr_line' id='line_1_115' title="bbox 2422 5472 4005 5547; baseline -0.008 -13"><span class='ocrx_word' id='word_1_770' title='bbox 2422 5484 2647 5543; x_wconf 78' lang='grc' dir='ltr'>εἰκότως</span> <span class='ocrx_word' id='word_1_771' title='bbox 2683 5482 2773 5533; x_wconf 71' lang='grc' dir='ltr'><strong>καὶ</strong></span> <span class='ocrx_word' id='word_1_772' title='bbox 2826 5473 2979 5542; x_wconf 73' lang='grc' dir='ltr'>οὗτος</span> <span class='ocrx_word' id='word_1_773' title='bbox 3005 5475 3462 5547; x_wconf 79' lang='grc' dir='ltr'>καταχρηστικῶς</span> <span class='ocrx_word' id='word_1_774' title='bbox 3506 5472 3807 5542; x_wconf 78' lang='grc' dir='ltr'>ἐπεφέρετο</span> <span class='ocrx_word' id='word_1_775' title='bbox 3838 5488 3851 5499; x_wconf 92' lang='grc'>·</span> <span class='ocrx_word' id='word_1_776' title='bbox 3906 5475 4005 5523; x_wconf 75' lang='grc' dir='ltr'><strong>καὶ</strong></span> 
     </span>
    </p>
   </div>
   <div class='ocr_carea' id='block_1_116' title="bbox 2410 5562 4004 5643">
    <p class='ocr_par' dir='ltr' id='par_1_116' title="bbox 2410 5562 4004 5643">
     <span class='ocr_line' id='line_1_116' title="bbox 2410 5562 4004 5643; baseline -0.009 -17"><span class='ocrx_word' id='word_1_777' title='bbox 2410 5574 2518 5643; x_wconf 83' lang='grc' dir='ltr'>γὰρ</span> <span class='ocrx_word' id='word_1_778' title='bbox 2548 5576 2643 5626; x_wconf 62' lang='grc' dir='ltr'>καὶ</span> <span class='ocrx_word' id='word_1_779' title='bbox 2685 5572 2761 5642; x_wconf 79' lang='grc' dir='ltr'>τῷ</span> <span class='ocrx_word' id='word_1_780' title='bbox 2790 5570 2886 5624; x_wconf 92' lang='grc' dir='ltr'><strong>τοῦ</strong></span> <span class='ocrx_word' id='word_1_781' title='bbox 2937 5567 3436 5639; x_wconf 79' lang='grc' dir='ltr'>πρωτοσπαθαρίου</span> <span class='ocrx_word' id='word_1_782' title='bbox 3487 5564 3777 5630; x_wconf 80' lang='grc' dir='ltr'>ἐτετίμητο</span> <span class='ocrx_word' id='word_1_783' title='bbox 3828 5562 4004 5626; x_wconf 79' lang='grc' dir='ltr'><strong>ἁξιὼ-</strong></span> 
     </span>
    </p>
   </div>
   <div class='ocr_carea' id='block_1_117' title="bbox 2411 5654 4004 5735">
    <p class='ocr_par' dir='ltr' id='par_1_117' title="bbox 2411 5654 4004 5735">
     <span class='ocr_line' id='line_1_117' title="bbox 2411 5654 4004 5735; baseline -0.009 -16"><span class='ocrx_word' id='word_1_784' title='bbox 2411 5666 2584 5734; x_wconf 85' lang='grc' dir='ltr'>ματι),</span> <span class='ocrx_word' id='word_1_785' title='bbox 2612 5665 2677 5717; x_wconf 73' lang='grc' dir='ltr'><strong>τά</strong></span> <span class='ocrx_word' id='word_1_786' title='bbox 2712 5666 2840 5735; x_wconf 84' lang='grc' dir='ltr'>παρ’</span> <span class='ocrx_word' id='word_1_787' title='bbox 2863 5662 3027 5717; x_wconf 72' lang='grc' dir='ltr'>αὐτοῦ</span> <span class='ocrx_word' id='word_1_788' title='bbox 3058 5664 3245 5731; x_wconf 80' lang='grc' dir='ltr'>νήπια,</span> <span class='ocrx_word' id='word_1_789' title='bbox 3277 5659 3371 5711; x_wconf 84' lang='grc' dir='ltr'><strong>τοῦ</strong></span> <span class='ocrx_word' id='word_1_790' title='bbox 3396 5659 3495 5728; x_wconf 76' lang='grc' dir='ltr'><strong>ζῇν</strong></span> <span class='ocrx_word' id='word_1_791' title='bbox 3553 5655 3797 5722; x_wconf 68' lang='grc' dir='ltr'>αύθωρδν</span> <span class='ocrx_word' id='word_1_792' title='bbox 3822 5654 4004 5723; x_wconf 73' lang='grc' dir='ltr'>ἀπηλο</span> 
     </span>
    </p>
   </div>
   <div class='ocr_carea' id='block_1_118' title="bbox 2407 5746 4002 5827">
    <p class='ocr_par' dir='ltr' id='par_1_118' title="bbox 2407 5746 4002 5827">
     <span class='ocr_line' id='line_1_118' title="bbox 2407 5746 4002 5827; baseline -0.012 -15"><span class='ocrx_word' id='word_1_793' title='bbox 2407 5761 2665 5816; x_wconf 69' lang='grc' dir='ltr'>λάττοντο</span> <span class='ocrx_word' id='word_1_794' title='bbox 2694 5801 2707 5825; x_wconf 87' lang='lat'><strong>,</strong></span> <span class='ocrx_word' id='word_1_795' title='bbox 2737 5758 2830 5811; x_wconf 69' lang='grc' dir='ltr'><strong>καὶ</strong></span> <span class='ocrx_word' id='word_1_796' title='bbox 2870 5757 2969 5827; x_wconf 74' lang='grc' dir='ltr'>τῆς</span> <span class='ocrx_word' id='word_1_797' title='bbox 3014 5756 3236 5827; x_wconf 74' lang='grc' dir='ltr'>ἡδίστης</span> <span class='ocrx_word' id='word_1_798' title='bbox 3293 5753 3499 5806; x_wconf 83' lang='grc' dir='ltr'>τούτων</span> <span class='ocrx_word' id='word_1_799' title='bbox 3543 5746 3895 5821; x_wconf 79' lang='grc' dir='ltr'>χαρμοσύνης</span> <span class='ocrx_word' id='word_1_800' title='bbox 3938 5764 4002 5801; x_wconf 70' lang='grc' dir='ltr'><strong>τε</strong></span> 
     </span>
    </p>
   </div>
  </div>
