4164 6456
191 461 294 530 917

1326 456 1500 518 VITA
1540 455 1601 515 S.
1644 451 1949 514 NICOLAI
1992 449 2366 513 STUDIT/E.

3325 446 3433 513 9l8

193 572 289 620 καὶ
316 566 649 629 διαϐιώσεως
697 566 864 636 ἄμφω
884 565 960 619 τὼ
986 564 1198 633 συμϐίω
1232 565 1539 635 ἐστέρηντο.
1570 560 1760 629 eum

1873 559 1971 613 vita
2002 558 2277 613 carebant.
2312 555 2477 610 Plane
2513 553 2656 609 enim
2709 556 2967 621 mulcent,
3027 568 3146 624 quae
3203 556 3440 610 maxime

194 660 305 727 γάρ
326 657 494 719 ὅντως
522 658 593 710 τὰ
621 658 959 726 τῶν-νηπίων
996 657 1361 727 ψελλίσματα,
1392 659 1455 709 ἐκ
1484 657 1583 725 τῆς
1610 654 1762 724 ἀτέχ-

191 767 285 800 νου
340 748 590 818 γλώσσης
653 748 886 817 μάλιστα
956 750 1274 818 προϊέμενα.
1344 748 1452 800 Καὶ
1515 747 1579 816 δὴ
1647 745 1766 816 βου-

190 839 289 907 λὴν
361 840 531 911 καλὴν
598 838 1027 910 βουλευσάμενος
1083 840 1179 891 σὺν
1199 841 1265 907 τῇ
1298 839 1532 908 γαμετῇ,
1566 835 1643 906 τῷ
1674 852 1761 905 με-

189 933 346 1001 γάλῳ
384 931 558 1002 τούτῳ
606 932 855 1000 φωστῆρι
898 930 1296 992 καταλαϐόντες
1340 929 1767 998 προσπίπτουσι,

191 1025 284 1074 καὶ
311 1022 410 1092 τὴν
444 1024 541 1092 τῆς
558 1022 845 1085 άπαιδείας
862 1022 1056 1092 ὀδύνην
1095 1022 1232 1091 μετὰ
1260 1020 1467 1073 πολλῶν
1517 1020 1768 1090 δακρύων

189 1114 571 1185 διαγορεύουσι
598 1131 612 1145 ο
647 1120 739 1167 καὶ
765 1114 954 1183 ῶσπερ
984 1113 1159 1186 θυρεῷ
1204 1132 1308 1167 τινι
1356 1114 1580 1176 ἑαυτοὺς
1634 1114 1770 1183 πρὸς

189 1208 291 1276 τὴν
340 1209 652 1277 ἀπρόοπτον
708 1207 801 1260 τοῦ
861 1207 1097 1260 θανάτου
1132 1206 1243 1259 τῶν
1291 1205 1546 1276 ἐμῆρύων
1597 1205 1769 1273 φοράν

190 1297 745 1365 κατασφαλιξόμενοι,
768 1298 930 1350 αὐτὸν
960 1296 1050 1349 τὸν
1083 1297 1257 1365 μέγαν
1295 1297 1391 1365 τὴν
1414 1297 1477 1347 ἐκ
1510 1296 1606 1363 τῆς
1636 1298 1769 1348 ἁνα-

188 1390 500 1457 γεννήσεως
524 1389 617 1443 τοῦ
661 1389 808 1442 θείου
861 1388 1233 1458 βαπτίσματος
1264 1386 1604 1457 παρεκάλουν
1642 1390 1772 1442 ἀνα-

187 1478 354 1549 δοχὴν
377 1480 585 1544 τούτοις
641 1481 1011 1552 δωρήσασθαι.
1064 1480 1123 1535 '0
1174 1481 1231 1533 δὲ
1271 1479 1409 1549 πρὸς
1455 1480 1612 1533 τοῦτο
1673 1479 1773 1550 μὲν

186 1572 288 1623 οὐκ
314 1573 575 1624 ἐπένευσε
594 1589 608 1603 ·
650 1572 749 1643 τὴν
776 1574 951 1644 χάραν
997 1573 1055 1626 δὲ
1089 1572 1281 1625 τούτου
1308 1571 1564 1643 βρέφους,
1601 1566 1773 1641 οὗπερ

188 1660 507 1731 ἐκέκτηντο.
531 1664 597 1732 τῇ
623 1662 754 1734 λαιᾷ
774 1665 919 1733 χειρὶ
949 1662 1355 1732 καθαψάμενος,
1374 1664 1473 1733 τήν
1495 1680 1552 1715 τε
1580 1663 1774 1727 ἑτέραν

186 1752 506 1819 άπεωρίσας
530 1755 662 1817 άνω,
690 1755 784 1807 καὶ
816 1754 1016 1815 ἱκανῶς
1042 1754 1500 1823 προσευξάμενος,
1531 1756 1769 1817 Ἀπιτε,

185 1845 376 1915 φησὶν,
404 1846 638 1900 οἶκαδε·
660 1846 801 1901 τάδε
824 1847 932 1916 γὰρ
947 1846 1107 1915 λέγει
1129 1845 1195 1899 τὸ
1220 1846 1461 1915 Πνεῦμα
1486 1845 1553 1900 τὸ
1578 1846 1770 1916 ἅγιον,

1870 648 2103 703 infantes
2131 647 2247 699 rudi
2268 648 2448 714 lingua
2463 646 2853 700 balbutimenta
2877 644 3255 715 pronuntiant.
3291 643 3441 699 Bono

1870 743 2053 812 itaque
2080 741 2329 805 consilio,
2363 756 2467 793 una
2496 756 2618 793 cum
2642 740 2893 809 cenjuge,
2924 754 3180 809 magnum
3228 738 3332 792 hoc
3365 739 3447 791 lu-

1870 850 1993 888 men
2023 834 2305 896 adeuntes,
2337 831 2455 899 ejus
2482 848 2541 886 se
2572 831 2842 900 objiciunt
2875 832 3121 900 pedibus,
3148 831 3448 899 multisque

1873 927 2147 997 lacrymis,
2178 934 2484 993 exponunt,
2513 941 2673 995 quem
2705 941 2767 980 ex
2802 925 3037 978 orbitate
3072 927 3240 994 prolis
3292 924 3449 978 dolo-

1873 1034 1985 1071 rem
2019 1018 2398 1086 perseulirent.
2454 1020 2535 1071 Ac
2598 1032 2746 1081 vero,
2778 1034 2876 1071 ceu
2935 1018 3172 1087 quodam
3230 1019 3446 1087 clypeo,

1874 1108 2160 1163 adversum
2200 1108 2548 1179 improvisum
2592 1109 2734 1163 illam
2773 1110 2962 1165 mortis
3009 1108 3276 1163 infantum
3332 1110 3450 1161 vio-

1876 1202 2094 1256 lentiam
2163 1218 2283 1257 sese
2336 1203 2684 1263 munienzes,
2755 1203 2898 1256 lumc
2952 1204 3129 1272 ipsum
3195 1217 3452 1271 magnum

1873 1295 2075 1355 virum,
2105 1301 2163 1347 ut
2189 1296 2523 1364 susceptoris
2556 1310 2584 1349 a
2617 1296 2789 1349 divini
2829 1296 3173 1364 baptismatis
3226 1311 3453 1365 regene-

1876 1386 2084 1439 ratiene
2137 1400 2337 1438 munus
2370 1386 2521 1440 obire
2552 1387 2888 1458 dignaretur,
2957 1386 3268 1441 obsecrant.
3300 1386 3456 1440 Haud

1877 1488 2056 1531 tamen
2092 1477 2182 1531 ille
2218 1477 2508 1547 postulatis
2565 1480 2810 1542 Tannuit:
2872 1489 3039 1550 caput
3096 1480 3454 1535 nihilominus

1876 1569 2098 1624 infantis
2127 1570 2436 1638 superstitis
2473 1585 2635 1623 tuanu
2657 1572 2877 1626 sinistra
2905 1585 3116 1635 tenens,
3144 1572 3456 1626 dexteram-

1875 1676 1977 1729 quc
2001 1661 2234 1729 desuper
2265 1662 2509 1725 eleVunS,
2534 1676 2598 1715 ac
2623 1661 2838 1715 abunde
2872 1676 3127 1731 precatus
3163 1682 3175 1717 :
3202 1662 3452 1724 Domum,

1876 1755 2072 1823 inquit,
2096 1754 2233 1807 abite
2264 1770 2282 1806 :
2332 1756 2443 1808 hac
2473 1755 2614 1808 enim
2644 1754 2775 1807 dicit
2809 1753 3043 1820 Spiritus
3062 1766 3275 1807 sanctus
3309 1768 3326 1806 :
3354 1751 3451 1805 Vi-

1874 1856 1951 1900 ret
1977 1846 2152 1915 puella
2182 1849 2429 1916 rquippe
2470 1846 2665 1900 femina
2694 1857 2812 1900 erat
2838 1864 2850 1899 :
2880 1850 3160 1914 vestrisque
3193 1845 3296 1915 ip.i
3327 1861 3456 1897 ocu-

186 1936 278 1987 ὅτι
305 1939 354 1989 Ζ
360 1936 572 2001 uastat
598 1938 666 1992 τὸ
685 1939 1001 2008 θυγάτριον
1032 1937 1186 2007 (θῆλυ
1218 1937 1324 2008 γάρ
1366 1937 1597 2008 ἐπείπερ
1627 1936 1769 2003 ἐτύγ-

1883 1938 1949 1991 lis
1979 1938 2120 2006 ﬁlios
2146 1938 2377 2005 ﬁliorum
2399 1938 2511 2007 ejus
2531 1939 2694 1991 visuri
2723 1941 2885 2004 estis;
2936 1939 3114 2009 sicque
3145 1955 3230 1992 vos
3295 1938 3456 1993 etiam

185 2029 363 2098 χιιιε),
398 2030 497 2082 και
526 2030 650 2097 τοῖς
685 2031 1012 2101 ὀφθαλμοῖς
1038 2029 1204 2098 ὑμῶν
1233 2011 1408 2095 υιόὺς
1432 2028 1551 2082 τῶν
1577 2027 1767 2097 αὐτῆς

184 2118 335 2173 υίῶν
384 2121 806 2189 καταθρήσετε.
865 2123 963 2176 καὶ
987 2122 1139 2175 οὔτω
1192 2122 1320 2191 μετ’
1381 2122 1765 2189 εὐφροσύνης

186 2209 287 2263 καὶ
320 2212 489 2280 ὑμεῖς
515 2211 635 2266 τῶν
672 2213 915 2267 ἐνθένδε
964 2211 1766 2281 μεταναστεύσητε.,Ἐπηκσ-

185 2300 369 2355 λούθει
400 2304 457 2356 δὲ
474 2306 566 2357 καλ⁵
588 2298 690 2358 ῶδε
712 2307 822 2367 τοῖς
844 2303 938 2357 τοῦ
957 2305 1168 2373 Πιτρδς
1223 2304 1402 2369 λόγοις
1427 2302 1534 2355 τῶν
1573 2317 1754 2371 πραγ-

1874 2027 1941 2080 ab
1971 2027 2215 2082 Immanis
2237 2046 2354 2083 cum
2383 2030 2570 2083 latitia
2600 2026 2915 2098 migrabitis.
2955 2029 3123 2085 Porro
3162 2031 3250 2085 hic
3313 2044 3456 2099 quo-

1875 2134 1982 2188 que
2013 2135 2191 2175 rerum
2231 2135 2455 2176 eventus
2485 2120 2664 2178 Patris
2696 2138 2977 2178 sermones
2996 2132 3325 2178 consecutus
3349 2132 3453 2189 est,

1876 2211 2081 2280 ﬁliique
2114 2214 2349 2269 orbitate
2386 2218 2687 2270 multorum
2726 2216 2965 2272 filiorum
3002 2228 3255 2287 parentes
3286 2218 3455 2272 exsti-

1873 2311 2075 2368 terunt,
2100 2305 2190 2373 qui
2227 2306 2351 2360 filiis
2378 2308 2495 2360 orbi
2518 2318 2695 2362 erant.

128 2468 135 2473 _
190 2401 381 2469 μάτων
406 2403 438 2469 ἠ
460 2400 818 2463 ἐκδασις,καὶ
843 2400 1173 2463 πολύπαιδες
1190 2401 1255 2467 τῇ
1277 2398 1503 2468 ἀτεκνίᾳ
1527 2396 1620 2449 τοῦ
1644 2396 1835 2461 παιδὸς
1863 2398 1912 2451 oi
1939 2398 2168 2461 ἄπαιδες
2196 2402 2587 2471 ἐχρημάτιζον.

261 2494 377 2547 Καὶ
405 2492 459 2545 τί
489 2491 557 2545 ἂν
594 2492 810 2563 λέγοιμι
844 2492 911 2546 τὰ
944 2492 1318 2555 καθέκαστονς
1359 2490 1639 2542 Δέδεικται
1668 2487 1758 2557 δή-

1942 2490 2082 2556 Quid
2128 2506 2254 2545 vero
2295 2493 2507 2562 singula
2553 2494 2905 2564 prosequar?
2962 2493 3105 2549 Sane
3166 2494 3454 2564 probatum

190 2601 298 2638 που
329 2583 408 2653 τῷ
439 2582 762 2654 προφητικῷ
800 2583 1109 2653 χαρακτῆρι
1128 2580 1235 2653 [ίσ.
1257 2581 1383 2634 add.
1404 2577 1626 2650 ἆμα]τῇ
1664 2577 1769 2630 τῶν

1873 2582 1975 2637 fuit
2032 2600 2290 2652 magnum
2341 2586 2487 2640 hunc
2541 2589 2714 2640 virum
2774 2586 3095 2657 prophetico
3169 2587 3451 2643 schemate

190 2675 489 2744 θαυμάτων
512 2674 743 2744 διόπτρξν⁸
807 2673 1144 2742 πανταχόθεν
1193 2671 1285 2723 τὸν
1328 2670 1500 2739 μέγαν
1546 2684 1769 2721 κατακο·

1873 2674 2261 2728 miraculorum
2305 2675 2517 2745 dioptra
2554 2678 2783 2729 omnino
2816 2686 3073 2735 ornatum
3106 2692 3246 2742 esse,
3276 2694 3455 2748 quan-

194 2767 533 2836 σμούμενον,
557 2767 606 2818 εί
640 2765 735 2819 καὶ
765 2765 861 2818 τοῦ
895 2766 1084 2836 χρόνου
1120 2765 1197 2835 τῷ
1231 2765 1395 2834 μήκει
1426 2764 1492 2815 τά
1541 2762 1768 2814 πλεῖστα

1873 2780 2031 2833 quam
2057 2766 2217 2835 longo
2272 2768 2531 2835 temporis
2588 2768 2740 2834 lapsu
2778 2768 3035 2837 pleraque
3065 2769 3281 2823 illorum
3309 2771 3450 2824 obli-

190 2855 405 2908 τούτων
432 2857 459 2909 ὁ
485 2858 583 2926 τῆς
611 2856 783 2925 λήθης
810 2855 968 2926 βυθὸς
1000 2856 1383 2925 ἐθησαύρισεν.
1454 2854 1592 2906 Ἀλλ’
1652 2854 1769 2904 ἐπεὶ

1873 2855 2043 2909 vionis
2060 2856 2386 2924 profundum
2412 2857 2714 2911 absorbuit.
2735 2855 2872 2922 Quia
2920 2858 3202 2911 enimvero
3224 2859 3456 2914 obscure

192 2949 262 3001 δι’
292 2948 579 3011 ἀσθενείας
616 2951 644 3002 ὁ
679 2949 837 3016 λόγος
866 2948 1124 3017 ἀμυδρῶς
1178 2964 1294 3008 πως
1317 2946 1416 3007 τὰς
1446 2944 1612 2997 αὑτοῦ
1647 2946 1769 3011 ἀρι-

1877 2948 2283 3014 quodammodo
2319 2963 2428 3016 pra:
2453 2964 2548 3001 sua
2584 2948 2954 3003 imbecillitate
2984 2948 3229 3003 instituta
3256 2949 3452 3014 oratio,

196 3041 385 3103 στείας
416 3040 826 3108 ὑπεσημάνατο,
856 3040 991 3108 φέρε
1016 3038 1247 3092 καθόσον
1282 3031 1394 3091 οἷόν
1423 3053 1501 3098 τε,
1533 3037 1643 3095 τοῖς
1665 3050 1769 3086 πα-

1879 3037 2000 3105 ejus
2053 3053 2141 3092 res
2181 3040 2435 3106 praeclare
2476 3050 2653 3107 gestas
2685 3041 2990 3110 designavit
3020 3059 3035 3097 :
3068 3056 3165 3110 age
3189 3042 3324 3111 jam.
3366 3058 3454 3098 res

191 3131 368 3195 λαιοῖς
398 3131 467 3184 τά
508 3114 720 3185 ἐκείνου
764 3131 1126 3199 συνάψαντες,
1155 3127 1453 3182 κάντεῦθεν
1484 3127 1575 3179 τὸν
1606 3125 1773 3196 ἄνδρα

194 3223 581 3293 γνωρίσωμεν.
641 3223 716 3275 Οὐ
750 3222 861 3290 γάρ
921 3221 1124 3289 μερικά
1180 3218 1274 3271 τοῦ
1336 3217 1653 3286 Πνεύματος
1704 3215 1773 3267 τά

194 3313 554 3383 χαρίσματα,
607 3313 656 3365 εί
726 3314 820 3366 καὶ
844 3312 1101 3381 διάφορος
1154 3310 1447 3379 ἰι-τούτων
1501 3310 1771 3377 ἐνέργεια.

192 3406 365 3459 Μόνοι
394 3407 505 3473 γὰρ
567 3406 647 3466 είς
680 3404 945 3473 ἀλλήλους
981 3401 1397 3473 διαμερίζομεν,
1429 3399 1491 3452 τὸ
1524 3416 1774 3468 προσπα-

192 3476 285 3559 (it;
317 3499 480 3567 ἡμεῖς
507 3496 722 3567 ἑκάστῳ
756 3497 826 3549 τὰ
856 3495 1040 3565 ἀμερῆ
1075 3495 1134 3546 ἐν
1197 3494 1352 3564 μέρει
1384 3493 1625 3562 μερικῶς
1655 3507 1774 3544 συν-

192 3590 451 3653 ιττῶντες
481 3588 581 3662 τῆς
603 3590 861 3660 σχέσεως.
882 3587 1095 3641 Ούτωσὶ
1124 3587 1181 3640 δὲ
1205 3588 1589 3658 σκοπὴσωμεν.

260 3865 580 3937 Θαυμάζεις
625 3864 793 3918 ’Δόελ
830 3864 928 3935 τὴν
961 3863 1059 3933 τῆς
1112 3861 1342 3934 καρδίας
1367 3861 1640 3932 εὐθύτητα
1679 3863 1771 3915 καὶ

188 3961 259 4013 τά
286 3953 551 4028 ἀρτιγενῆ
579 3955 688 4009 τῶν
726 3954 913 4026 δώρων
940 3955 1282 4025 πρωτότοκα,
1316 3954 1439 4006 ἐπεὶ⁸
1499 3954 1593 4006 καὶ
1633 3953 1768 4022 πρὸς

187 4052 325 4105 Θεοῦ
348 4053 442 4103 τὸν
468 4050 687 4103 ἔπαινον
724 4048 1061 4117 ἀπειλήφασι
1086 4064 1099 4078 ο
1128 4047 1227 4117 τήν
1251 4063 1307 4098 τε
1339 4044 1431 4100 τοῦ
1470 4043 1635 4107 Ἐνὼς
1682 4045 1769 4097 ἐλ-

188 4145 341 4207 πίδα,
374 4143 471 4196 καὶ
486 4140 655 4212 Ἑνὼχ
670 4142 770 4212 τὴν
804 4140 1123 4211 μετάθεσιν·
1156 4139 1530 4209 θαύμασον,εἰ
1564 4138 1767 4208 βούλει,

188 4238 286 4306 τὴν
318 4234 380 4299 ἐξ
417 4233 587 4303 αὐτῆς
626 4234 950 4302 νηπιότητος
1011 4232 1107 4285 καὶ
1143 4231 1333 4284 τούτου
1370 4230 1471 4300 τὴν
1509 4231 1769 4301 ἀρτιγενῆ

188 4329 299 4380 τῶν
324 4325 539 4395 φρενῶν
565 4329 699 4394 πρὸς
728 4325 788 4377 τὸ
817 4324 972 4376 Θεῑον
1027 4324 1341 4377 ἀλλοίωσιν·
1379 4325 1478 4393 τήν
1506 4339 1566 4375 τε
1620 4340 1767 4391 γενι-

187 4419 289 4490 κὴν
320 4417 433 4470 τῶν
469 4417 694 4488 ήλικιιῖιν
733 4417 1007 4487 ἀπαρχὴν,
1034 4415 1133 4484 τῆς
1163 4414 1409 4484 λογικῆς,
1452 4415 1594 4485 φημὶ
1616 4456 1631 4481 ,
1664 4414 1760 4467 θυ-
1798 4400 1842 4455 θ

189 4513 312 4570 σίας
384 4511 452 4561 ἐκ
518 4507 828 4576 πνεύματος
894 4508 1381 4576 συντετριμμένου,
1434 4507 1766 4587 τιμιωτέραν

187 4606 297 4656 τῶν
331 4600 525 4674 δώρων
551 4601 827 4665 ἀνάθεσιν,
859 4603 950 4654 καὶ
991 4600 1090 4669 τὴν
1131 4599 1382 4653 ἐντεῦθεν
1431 4599 1641 4664 ἐλπίδα,
1674 4601 1767 4652 καὶ⁵

185 4699 284 4769 τὴν
324 4694 424 4747 τοῦ
473 4694 593 4757 νοὸς
644 4695 779 4764 πρὸς
823 4694 891 4745 τά
933 4694 1073 4763 ὑπὲρ
1119 4692 1371 4763 αἴσθησιν
1421 4691 1770 4760 καθεκάστην

186 4788 555 4860 ὲγγινομὲνην
594 4787 917 4856 μετάθεσιν·
952 4787 1076 4839 ὅσον
1109 4786 1228 4838 ἐκεῖ
1253 4786 1373 4855 μὲν,
1407 4786 1472 4838 ἐκ
1501 4785 1610 4838 τῶν
1638 4786 1767 4856 περὶ

188 4879 373 4935 αὐτῶν
393 4921 408 4939 ,
441 4878 507 4930 ἐκ
534 4877 642 4929 τῶν
691 4876 808 4929 κατ’
840 4875 1001 4927 αὐτὸν
1029 4875 1085 4927 δέ
1116 4874 1290 4945 τούτῳ
1321 4875 1420 4945 τῆς
1448 4876 1766 4945 προσφορᾶς

188 4974 221 5040 ὴ
272 4969 579 5030 τελείωσις.
618 4968 679 5020 Εἰ
729 4966 785 5019 δὲ
813 4965 912 5037 τὴν
947 4963 1038 5018 τοῦ
1081 4966 1507 5037 πρωτοπάτορος
1535 4967 1593 5018 ἐν
1620 4967 1766 5035 χειρὶ

188 5064 324 5117 Θεοῦ
360 5061 664 5131 γενομένην
707 5059 1023 5123 διάπλασιν,
1057 5058 1152 5111 καὶ
1187 5058 1286 5128 τὴν
1337 5060 1395 5112 ἐν
1448 5059 1765 5130 παραδείσῳ

189 5154 497 5224 διατριὸὴν,
532 5153 626 5205 καὶ
647 5152 745 5222 τὴν
766 5151 993 5220 πρώτην
1022 5149 1342 5216 νομοθεσίαν
1377 5150 1766 5217 άντεπεξάγοις

191 5247 264 5316 τῷ
296 5246 553 5316 ἡμετέρῳ
583 5243 778 5315 Πατρὶ,
826 5242 1037 5311 μεῖζον,
1064 5242 1096 5311 ἢ
1124 5241 1344 5294 ἔλαττον
1373 5240 1625 5311 εὑρήσεις
1656 5241 1763 5309 τῆς

193 5340 398 5411 ἀρετῆς
418 5339 480 5391 τὸ
512 5337 823 5407 ἐγκώμιον,
894 5335 990 5406 τὴν
1044 5336 1143 5404 τῆς
1198 5335 1418 5406 ἐντολῆς
1477 5335 1768 5404 ὑφαίρεσιν

192 5433 380 5501 ἄρτιον
417 5430 666 5483 ἐντεῦθεν
712 5428 1294 5499 προτλαμόανόμενος,
1324 5428 1424 5499 τήν
1469 5444 1528 5480 τε
1553 5430 1611 5482 ἐν
1657 5445 1766 5481 πα-

196 5524 432 5595 ραδείσῳ
462 5521 574 5589 (36)
604 5522 813 5590 τρυφὴν
842 5521 966 5573 ὅσον
994 5518 1148 5572 οὔπω
1186 5518 1324 5589 μετά
1361 5518 1585 5572 δικαίων
1633 5519 1767 5573 άποο

1878 3127 1997 3197 ejus
2041 3128 2388 3197 antiquorum
2454 3131 2617 3184 rebus
2672 3132 2840 3201 gemis
2896 3129 3266 3197 conferentes,
3324 3134 3454 3189 hinc

1876 3233 2096 3287 quoque
2147 3220 2487 3273 declaremus
2538 3220 2637 3273 viri
2693 3220 3083 3289 praestantiam.
3149 3222 3261 3276 Nec
3306 3223 3451 3276 enim

1879 3310 2114 3380 Spiritus
2164 3312 2307 3365 dona
2361 3312 2709 3381 particularia
2766 3322 2915 3376 sunt,
2954 3313 3196 3383 locisque
3218 3327 3282 3368 ac
3330 3331 3455 3384 per-

1875 3403 2024 3455 sonis
2084 3401 2319 3466 addicta,
2368 3403 2584 3458 tametsi
2635 3418 2825 3457 eorum
2861 3404 3040 3458 virtus
3092 3414 3179 3458 est
3213 3404 3450 3459 diversa.

1876 3493 2328 3563 Soliquippeuos,
2347 3509 2469 3563 qua:
2492 3493 2765 3548 individua
2790 3502 2941 3561 sunt,
2961 3494 3014 3548 in
3041 3502 3191 3563 parte
3210 3497 3452 3563 particu-

1875 3584 2026 3639 latim
2057 3586 2108 3639 in
2138 3585 2370 3639 invicem
2401 3586 2668 3653 partimur
2692 3600 2757 3639 ac
2776 3585 3097 3650 dividimus,
3119 3601 3227 3656 qua
3258 3602 3453 3644 sumus

1877 3680 1930 3733 in
1968 3678 2202 3749 aliquos,
2244 3678 2585 3733 affectionem
2620 3680 2931 3749 prodentes.
2990 3678 3083 3736 Sic
3109 3691 3290 3737 autem
3322 3696 3455 3737 ceu-

1878 3770 2202 3827 sideremus.

1946 3862 2163 3917 Miraris
2199 3863 2383 3919 Abelis
2416 3878 2512 3918 cor
2563 3872 2798 3925 rectum.
2842 3880 3096 3936 novaque
3157 3882 3446 3922 munerqu

1873 3956 2165 4026 primitiva,
2200 3958 2421 4025 quando
2450 3958 2614 4010 etiam
2646 3972 2676 4010 a
2706 3956 2815 4010 Deo
2844 3958 3057 4013 laudem
3084 3969 3403 4013 meruerunt
3432 3979 3446 4015 :

1874 4063 2253 4117 spemquoque
2269 4047 2433 4113 Enos,
2456 4063 2518 4102 ac
2531 4048 2738 4103 Enochi
2760 4050 3173 4106 translationem
3197 4066 3212 4105 :
3260 4067 3446 4106 verum

1876 4141 2039 4210 hujus
2056 4155 2294 4210 quoque,
2311 4141 2355 4195 si
2377 4142 2545 4202 Iubet.
2566 4141 2767 4196 mirare
2786 4142 3092 4197 abinfantia
3119 4144 3233 4214 ipsa
3251 4158 3447 4199 novam

1875 4247 2072 4287 sensus
2102 4231 2268 4286 animi
2297 4232 2349 4285 in
2377 4230 2543 4286 Deum
2574 4233 3024 4297 demntationem,
3058 4235 3452 4306 universasque

1877 4333 2095 4378 artatum
2119 4324 2426 4393 primitias;
2450 4325 3013 4396 rationalis,inquam,
3038 4327 3227 4382 hostia:
3256 4344 3319 4384 ex
3335 4330 3450 4400 spi-

1868 4416 1973 4469 ritu
1990 4416 2626 4485 eomrito,pretiosiorem
2643 4434 2926 4471 munerum
2942 4419 3293 4486 oblationem,
3307 4438 3451 4491 qua:-

1868 4522 1975 4576 qne
2002 4508 2123 4561 inde
2140 4522 2281 4575 spes.
2309 4523 2373 4562 ac
2399 4510 2595 4563 mentis
2624 4510 2963 4577 quotidiana,
2990 4511 3056 4564 ad
3080 4526 3141 4564 ea
3173 4527 3294 4581 quae
3323 4527 3450 4567 sen-

1870 4612 1992 4652 sum
2022 4608 2372 4664 exsuperant,
2401 4599 2687 4653 translatio
2721 4600 2925 4656 accedit
2955 4618 2967 4654 :
2997 4612 3207 4671 quanto
3228 4604 3356 4669 illic,
3382 4620 3449 4658 ex

1870 4688 2243 4743 circumstanti
2262 4699 2594 4759 externaque
2618 4692 2946 4754 substantia,
3004 4692 3131 4746 huic
3156 4700 3359 4755 autem,
3382 4710 3446 4747 ex

1873 4781 2123 4851 ipsismet
2170 4781 2413 4851 propriis
2444 4782 2650 4835 oblatio
2680 4793 3115 4839 consummatur.
3142 4784 3236 4838 Sin
3267 4795 3449 4841 autem

1869 4873 2183 4945 protoplasti
2230 4874 2285 4928 in
2331 4890 2494 4928 manu
2524 4873 2618 4929 Dei
2679 4874 3059 4931 formationem
3084 4916 3099 4941 ,
3130 4892 3453 4948 moramque

1867 4974 1921 5027 in
1973 4968 2246 5037 paradiso,
2279 4982 2344 5022 ac
2381 4968 2558 5036 primo
2619 4968 2785 5023 latam
2830 4970 3025 5039 legem,
3074 4969 3219 5024 Patri
3260 4956 3450 5025 nostro

1868 5074 1932 5113 ex
1971 5059 2199 5113 adverso
2254 5058 2613 5128 produxeris;
2648 5061 2846 5131 majus.
2878 5078 3041 5133 quam
3077 5064 3451 5117 mintts‘eneo—

1870 5150 2039 5203 mium
2073 5148 2293 5203 virtutis
2339 5147 2658 5215 inveneris;
2696 5151 2960 5221 integram
3015 5152 3140 5207 inde
3204 5152 3452 5207 mandati

1873 5241 2280 5309 ahrogationem
2316 5255 2625 5305 assumens,
2658 5242 3004 5312 paradisique
3059 5244 3153 5297 vix
3188 5258 3295 5298 non
3323 5260 3447 5298 cum

1867 5333 2365 5402 justisaccapturus
2384 5334 2714 5400 voluptatem
2738 5350 2749 5386 :
2772 5333 3069 5402 siquidem,
3090 5333 3244 5401 juxta
3268 5334 3449 5401 magni

1872 5428 2023 5484 Pauli
2054 5428 2401 5493 sententiam,
2464 5427 2804 5497 impossibile
2840 5436 2925 5482 est
2952 5442 3285 5496 quemquam
3315 5443 3449 5481 cou-

1872 5521 2135 5577 smnmari
2165 5521 2233 5575 ".

191 5617 495 5688 ληψόμενος
520 5631 535 5646 ·
568 5615 689 5668 ἐπεὶ
721 5615 794 5687 μη
822 5610 933 5669 οἷόν
957 5615 1017 5669 τί
1048 5631 1171 5668 τινα
1198 5613 1548 5683 τελειωθῆναι
1573 5614 1734 5680 κατὰ,
1771 5616 1863 5669 τὸν
1894 5617 2067 5687 μέγαν
2114 5616 2456 5671 Ἀπόστολον.

261 5734 307 5765 ’⁸
339 5731 504 5789 Hebr.
545 5748 601 5799 ιι,
635 5732 721 5787 ΔΟ.

1348 5801 1600 5858 FRANC.
1632 5801 2022 5860 COMBEFlSll
2059 5802 2291 5860 NOTAE.

268 5898 381 5970 (36)
408 5887 736 5969 Quanquam
791 5898 1004 5955 videtur
1050 5908 1241 5957 auctor
1301 5900 1591 5958 obscurius
1646 5902 1815 5971 loqui,
1852 5902 1985 5960 satis
2038 5912 2216 5957 tamen
2262 5902 2465 5956 indicat
2527 5913 2792 5962 errorem,
2851 5896 3134 5966 utriusque
3193 5895 3451 5951 Ecclesix
