4164 6456
696 378 806 449 993

1601 376 1943 438 ΑΝΟΝΥΜΙ
1982 376 2159 437 νιΤΑ
2209 375 2269 437 S.
2312 375 2617 437 .‘ilCOLAI
2671 374 3047 437 STUDlT/E.

3844 371 3952 432 92$

698 489 967 543 tiavcrit:
1033 487 1185 551 Ecce,
1246 486 1444 557 inquit,
1500 486 1710 550 Patres,
1758 487 2049 541 communis
2107 485 2268 540 Pater

2386 488 2636 555 ῗληθὲντα
2670 489 2964 557 Κλήμεντα
2998 488 3090 539 τὸν
3146 484 3415 555 μακάριον
3455 483 3828 550 ἀπουρθέγξασί
3847 502 3905 537 αι
3930 502 3946 516 ⁸

698 590 893 643 noster,
918 589 1033 647 post
1060 578 1316 641 triduum,
1347 578 1508 646 juxta
1545 578 1684 643 quod
1716 580 2053 645 promiserat,
2081 595 2191 631 sua:
2217 580 2267 629 in

700 688 794 724 nos
831 670 1123 737 a/fectionis
1158 669 1390 721 debitum
1439 670 1691 736 implevit,
1734 687 1923 723 novum
1965 672 2115 723 nobis
2162 687 2271 722 sua:

699 765 841 831 apud
868 762 1033 815 Deum
1064 760 1278 829 ﬁducita
1301 773 1667 831 argumentum
1720 762 1980 832 praebens.

767 1038 944 1092 Ilabes
969 1038 1182 1107 qumsiti
1214 1037 1562 1103 solutionem,
1587 1038 1804 1107 Joscphi
1839 1039 1891 1093 in
1920 1039 2153 1109 Aigypto
2174 1041 2273 1095 ob-

697 1140 961 1185 servatam
998 1130 1203 1199 liquido
1229 1146 1460 1184 annona:
1498 1131 1860 1198 provisionem
1891 1150 1904 1186 :
1957 1149 2270 1201 quanquam

702 1224 790 1277 hic
822 1223 1144 1276 miraculum
1179 1224 1337 1292 longe
1368 1223 1631 1276 miraculo
1655 1234 1889 1291 pnestt-t.
1909 1225 2175 1278 Caeterum
2204 1226 2270 1278 ad

699 1314 1000 1381 prodigium
1064 1315 1214 1368 aliud
1274 1313 1578 1367 oralionem
1633 1325 1916 1368 converto.
1949 1317 2081 1368 Cum
2126 1316 2273 1370 enim

700 1422 784 1458 Vll‘
805 1404 1041 1477 inclytus
1062 1407 1315 1459 tilemens
1334 1405 1425 1459 ditt
1452 1406 1590 1459 satis
1620 1407 1932 1459 monasterii
1956 1406 2272 1475 prmiectum

698 1494 923 1559 cgiSSct,
953 1504 1113 1563 atque
1134 1496 1201 1548 ad
1236 1496 1525 1549 Dominum
1563 1496 1969 1564 quiutadecima
2006 1499 2093 1553 die
2118 1517 2270 1554 tuen-

697 1588 774 1639 sis
798 1585 923 1639 Julii
969 1588 1279 1656 migrasset,
1313 1589 1537 1658 jamque
1570 1591 1837 1655 Hilarion,
1870 1606 2113 1656 congrue
2152 1608 2274 1647 om—

699 1677 827 1729 nino
862 1678 1066 1730 nomini
1100 1694 1313 1732 morum
1342 1680 1610 1732 hilaritate
1636 1680 1862 1739 habens.
1890 1682 2269 1750 praefecturam

696 1779 942 1836 gereret;
1004 1771 1179 1825 sancti
1237 1771 1416 1826 Patris
1478 1774 1649 1826 nostri
1716 1773 1918 1826 Nicolai
1972 1774 2275 1843 discipulus

696 1864 966 1915 Antonius
992 1865 1233 1926 nomine,
1253 1880 1281 1916 a
1318 1866 1598 1920 nonnullis
1620 1866 1686 1919 ab
1708 1867 1984 1919 accidente
2004 1868 2280 1936 nigredine
2308 1845 2355 1903 Β

700 1953 917 2006 Maurus
943 1955 1268 2023 appellatus,
1303 1972 1331 2009 a
1366 1958 1553 2011 multis
1578 1958 1758 2021 annis,
1797 1957 1975 2013 ﬂuxus
2000 1962 2282 2030 sanguinis

699 2046 892 2097 morbo
941 2048 1329 2113 exsugebatur,
1368 2048 1415 2100 vi
1450 2058 1595 2101 tanta
1627 2049 1986 2118 :egritudinis.
2018 2061 2075 2105 ut
2122 2052 2283 2106 resti-

697 2135 942 2188 stuenda‘.
990 2137 1240 2191 sanitatis
1287 2139 1526 2193 medicns
1576 2155 1701 2207 spes
1734 2143 1913 2196 omnis
1970 2142 2279 2199 defecisset.

703 2223 840 2277 lluic
888 2228 1106 2279 tandem
1141 2227 1397 2295 praelatus
1432 2229 1589 2285 Pater
1626 2232 1890 2295 llilarion,
1928 2244 1983 2286 ut
2017 2235 2071 2287 in
2120 2235 2280 2299 cella,

700 2316 751 2365 iu
792 2329 899 2382 qua
926 2315 1053 2368 olim
1086 2315 1294 2369 Christi
1326 2317 1563 2372 famulus
1594 2319 1845 2375 Nieolaus
1878 2322 2123 2377 inclusus
2146 2323 2283 2375 fuis-

698 2416 800 2469 set,
833 2408 1188 2473 decumbens,
1221 2411 1470 2478 corporis
1504 2412 1927 2479 disjunctionem
1958 2416 2278 2478 sustineret,

700 2500 963 2564 rertnisit.
1005 2500 1140 2553 Dum
1175 2517 1307 2570 ergo
1359 2505 1660 2570 impensius
1710 2506 1955 2574 gaudens
2003 2506 2057 2559 in
2085 2522 2147 2561 ea
2183 2507 2283 2561 de-

700 2601 970 2651 moratur.
1024 2608 1296 2663 apparens
1345 2596 1419 2650 illi
1451 2599 1528 2651 vir
1570 2610 1796 2653 sanctus
1822 2598 1876 2652 itt
1942 2601 2178 2663 somnis,
2227 2600 2281 2654 in

699 2683 813 2736 hzec
844 2685 1004 2737 verba
1028 2686 1355 2754 compellat:
1392 2687 1624 2742 Humilis
1650 2691 1866 2752 Antoni,
1896 2692 2012 2759 quis
2061 2700 2111 2744 te
2144 2707 2287 2743 mor-

696 2774 790 2826 bus
817 2775 1028 2829 moleste
1057 2776 1255 2830 habet?
1288 2777 1353 2831 Ut
1386 2791 1581 2842 autem,
1619 2780 1813 2849 inquit,
1842 2784 2079 2835 morbum
2104 2785 2282 2848 expli-

697 2868 830 2927 cari,
866 2869 1078 2937 ejusque
1107 2871 1207 2922 vim
1240 2873 1479 2923 remediis
1510 2872 1761 2939 majorem
1792 2874 1965 2925 detexi
1992 2891 2009 2927 :
2058 2874 2160 2939 Ne,
2197 2878 2283 2929 in-

698 2959 815 3025 quit
842 2960 920 3011 vir
950 2976 1196 3029 magnus,
1235 2962 1378 3014 ultra
1410 2965 1683 3017 timueris:
1738 2967 1931 3033 quippe
1963 2968 2173 3031 amodo,
2203 2970 2285 3022 ui-

700 3047 776 3098 ltil
824 3048 1011 3101 morba
1050 3050 1146 3102 hoc
1177 3052 1432 3105 molestia:
1485 3065 1712 3117 creante,
1745 3072 1905 3107 sanus
1952 3058 2077 3111 eris.
2121 3057 2283 3111 Tum-

2390 579 2544 632 Ἰδοὺ
2585 581 2712 648 γὰρ,
2738 580 2890 648 φησὶ,
2929 577 3205 645 Πατέρες,
3244 580 3275 629 ό
3315 576 3517 640 κοινὸς
3546 574 3716 642 ἡμῶν
3742 575 3948 641 Πατὴρ

2372 670 2522 737 μετὰ
2557 671 2670 737 τὴν
2706 671 2913 737 τρίτην
2959 669 3206 739 ήμέίαν,
3232 669 3313 733 ὠς
3370 668 3789 735 ἐπηγγείλατο,
3840 664 3952 731 τῆς

2376 762 2527 828 πρὸς
2562 761 2717 829 ἡμᾶς
2738 760 3055 824 διαθέσεως
3088 759 3153 811 τὸ
3176 760 3471 828 ὀφείλημα
3498 757 3950 825 ἐκπεπλήρωκε,

2379 855 2585 906 κοινὸν
2611 852 2721 920 τῆς
2744 854 2894 921 πρὸς
2934 854 3083 906 Θεὸν
3119 845 3667 919 αὐτοῦ’παίιξησίας
3695 850 3839 919 ἡμῖν
3885 850 3954 902 τὸ

2379 945 2571 1013 θαῦμα
2640 944 3135 1015 ταμιευσάμενος.

2452 1039 2638 1107 Ἔχεις
2658 1038 2750 1091 τοῦ
2783 1039 3114 1108 ζητουμένου
3142 1037 3237 1107 τὴν
3262 1038 3436 1099 λύσιν,
3462 1036 3560 1105 τὴν
3612 1038 3667 1089 ὲν
3691 1034 3956 1103 Αἰγύπτῳ

2379 1130 2472 1182 τοῦ
2521 1130 2717 1199 Ἰωσὴφ
2746 1132 3007 1184 σιτοδείαν
3039 1130 3293 1199 εὐμαρῶς
3326 1130 3696 1191 διασώζουσαι)
3732 1168 3746 1190 ,
3782 1129 3831 1180 ει
3860 1126 3959 1177 καὶ

2379 1222 2538 1290 δεῦρο
2569 1222 2881 1273 πλεονεκτεῖ
2909 1221 2969 1274 τὸ
2991 1221 3178 1289 θαῦμα
3212 1219 3305 1273 τοῦ
3343 1219 3640 1289 θαύματος.
3682 1218 3799 1269 Ἐπ’
3827 1216 3958 1270 ἄλλο

2381 1314 2435 1366 δὲ
2466 1315 2627 1383 τέρας
2665 1312 2741 1382 τῷ
2767 1314 2911 1383 λόγῳ
2954 1313 3313 1381 τετράψομαι.
3351 1312 3661 1379 Κλήμεντος
3702 1309 3812 1377 γὰρ
3858 1306 3955 1359 τοῦ

2382 1408 2626 1473 ἀοιδίμου
2654 1406 2738 1475 ἐφ’
2769 1407 2982 1467 ἱκανοὺς
3011 1408 3136 1469 τοὺς
3174 1406 3399 1475 χρόνους
3428 1404 3526 1474 τὴν
3554 1405 3719 1472 μονὴν
3756 1403 3962 1471 κυϐερ-

2381 1502 2664 1568 νήσαντος,
2698 1498 2950 1568 καὶπρὸς
2984 1498 3191 1569 Κύριον
3241 1501 3309 1569 τῇ
3362 1495 3808 1565 ἑπτακαιδεκάτῃ
3860 1492 3960 1547 τοῦ

2395 1591 2612 1643 Ἰουλίου
2650 1590 2819 1661 μηνὸς
2866 1590 3305 1659 ἐκδημήσαντος,
3364 1589 3457 1642 καὶ
3516 1588 3826 1657 Ὶλαρίωνος
3860 1585 3959 1636 τοῦ

2384 1680 2523 1732 κατὰ
2554 1680 2732 1732 πάντα
2764 1684 2829 1750 τῇ
2857 1680 2965 1732 τῶν
2992 1680 3140 1750 ἠθῶν
3172 1681 3447 1751 ἱλαρότητι
3480 1680 3691 1742 οἰκείως
3741 1678 3964 1747 ἔχοντος

2384 1774 2460 1843 τῷ
2484 1774 2730 1843 ὀνόματι,
2759 1774 2857 1844 τὴν
2883 1774 3188 1843 ἠγεμονίαν
3227 1774 3353 1842 ἄρτι
3388 1772 3749 1839 κρατύνοντος
3771 1786 3785 1798 ·
3816 1772 3844 1822 ὁ
3863 1768 3963 1821 τοῦ

2384 1867 2533 1919 ὁσίου
2590 1867 2802 1936 Πατρός
2841 1868 3000 1936 ἡμῶν
3047 1865 3315 1920 Νικολάου
3373 1864 3624 1933 μαθητὴς
3674 1864 3965 1923 ’Δντώνιος

2384 1959 2640 2029 τοενομα.
2666 1962 2693 2012 ό
2722 1958 2798 2029 τῷ
2818 1958 3191 2029 συμϐεϐηκότι
3223 1956 3569 2028 παρωνύμως
3596 1958 3663 2025 τῇ
3688 1970 3968 2024 προσηγο-

2389 2053 2479 2123 ρίᾳ
2512 2052 2735 2121 Μαῦρος
2764 2055 2912 2120 παρά
2938 2068 3078 2103 τισιν
3111 2049 3605 2118 ἐπονομαζόμενος,
3650 2049 3707 2100 ὲν
3747 2046 3968 2106 πολλοῖς

2386 2145 2530 2197 ἔτεσι
2564 2148 2630 2215 τῇ
2656 2146 2755 2213 τῆς
2781 2144 3105 2215 αἱμορροίας
3128 2145 3269 2213 νόσῳ
3292 2144 3701 2212 ὲκπιεζόμενος,
3724 2143 3792 2209 τῇ
3821 2141 3969 2209 φορᾷ

2385 2237 2479 2290 τοῦ
2511 2238 2814 2306 νοσήματος
2836 2238 2935 2307 τὴν
2976 2237 3125 2305 παρὰ
3153 2235 3261 2287 τῶν
3291 2234 3492 2303 ἰατρῶν
3532 2234 3849 2298 ἀπόγνωσιν
3872 2248 3968 2283 κο-

2390 2329 2707 2398 μισάμενος,
2744 2330 3027 2398 ἐπετράπη
3062 2328 3245 2380 λοιπον
3294 2328 3401 2378 ὑπὸ
3429 2327 3521 2378 τοῦ
3559 2324 3969 2394 προρρηθέντος

2388 2423 2601 2490 Πατρός
2642 2420 2968 2492 ’1λαρίωνος,
3009 2422 3145 2490 πρὸς
3185 2424 3251 2490 τῇ
3283 2420 3450 2491 χελλῃ
3513 2412 3635 2490 ὲνῇ
3690 2418 3887 2487 πρώην
3939 2419 3970 2467 ὀ

2384 2509 2479 2563 τοῦ
2517 2511 2752 2581 Χριστοῦ
2785 2511 3041 2579 θεράπων
3091 2510 3384 2578 καθεῖρκτο
3435 2507 3721 2569 Νικόλαος,
3758 2509 3972 2558 επαναο

2388 2603 2641 2656 κλιθέντα
2670 2603 2769 2672 τὴν
2803 2602 2897 2655 τοῦ
2922 2600 3172 2672 σώματος
3207 2603 3430 2654 ὑποῖσαι
3462 2598 3737 2663 διάζευξιν
3758 2614 3771 2627 ·
3807 2600 3865 2649 ὲν

2391 2695 2527 2764 μετὰ
2556 2695 2758 2763 πολλῆς
2792 2695 2889 2762 τῆς
2932 2696 3105 2764 χαρᾶς
3150 2692 3247 2763 τὴν
3279 2693 3506 2761 οἴκησιν
3561 2690 3969 2761 ποιησαμένου,

2388 2788 2633 2855 φαίνεται
2686 2785 2809 2838 καθ’
2843 2784 3104 2847 ὔπνουςὸ
3173 2784 3328 2851 ἆγιος
3376 2782 3573 2835 οὑτωσί
3632 2798 3749 2843 πως
3814 2780 3970 2849 αὐτῷ

2387 2876 2918 2947 προσφθεγγόμενος·
2962 2875 3209 2928 Ταπεινὲ
3235 2874 3519 2935 Ἀντώνιε,
3536 2874 3591 2925 tl
3617 2873 3681 2924 τὸ
3723 2888 3923 2937 παρεν
3941 2901 3961 2911 -

2387 2970 2616 3038 οχλοῦν
2646 2988 2742 3023 σοι
2779 2968 3138 3038 ἁρῤὠστημιι
3160 2970 3363 3033 ;-Ὡς
3378 2968 3446 3019 δὲ
3471 2968 3538 3020 τὸ
3569 2966 3759 3029 πάθος
3780 2965 3975 3029 ἀπήγο

2388 3080 2471 3131 γει
2490 3066 2577 3125 1a,
2637 3064 2791 3131 φησὶ,
2831 3063 2927 3115 καὶ
2972 3063 3187 3115 τούτου
3250 3061 3316 3114 τὸ
3380 3061 3634 3114 ἀνίατον
3686 3060 3799 3111 οὐκ
3846 3057 3969 3110 ἀπ-

700 3158 798 3209 qne
823 3144 893 3195 ad
925 3160 1003 3197 me
1028 3146 1138 3213 ipse
1168 3146 1396 3210 rediens,
1430 3166 1529 3200 non
1554 3149 1670 3217 jam
1698 3152 1749 3203 in
1782 3152 2007 3217 somnis,
2038 3154 2127 3205 sed
2148 3155 2281 3219 ipsis

2386 3155 2650 3221 ἐκρυψα·
2692 3154 2913 3219 Μηκέτι
2945 3152 3153 3221 φοϐοῦ,
3184 3150 3349 3219 φησὶν
3379 3150 3408 3200 ὁ
3447 3149 3618 3217 μέγας
3643 3162 3656 3176 ·
3678 3146 3795 3239 ean

706 3252 885 3288 coram
908 3237 1092 3301 oculis,
1126 3242 1240 3304 ejus
1260 3256 1287 3292 ε
1331 3242 1463 3293 cella
1490 3245 1723 3295 exeuntis
1748 3246 2043 3311 posteriora
2079 3250 2280 3314 aspexi.

702 3325 1059 3393 Quapropter,
1105 3332 1323 3399 sanguis
1376 3334 1585 3399 quidem
1636 3334 1803 3401 ﬂuxio
1854 3346 2092 3389 actutum
2138 3356 2280 3391 cont-

701 3436 881 3483 pressa
909 3432 1021 3473 est:
1053 3422 1321 3491 multaque
1363 3424 1539 3476 odoris
1574 3425 1847 3494 [‘ragautia
1878 3428 2283 3497 circumquaque

702 3511 887 3562 cellam
922 3502 1224 3580 pervagata.
1261 3514 1459 3567 humile
1492 3531 1581 3566 cor
1599 3531 1767 3566 meum
1800 3516 2053 3568 immenso
2078 3518 2280 3585 gaudio

704 3600 943 3666 replevit.
973 3601 1094 3656 Jam
1122 3614 1234 3656 tum
1266 3606 1392 3657 anni
1425 3606 1788 3673 quadraginta
1811 3608 2096 3671 tinxerant,
2124 3608 2281 3676 isque

705 3694 838 3746 nihil
859 3696 1197 3751 tuolestizeab
1212 3713 1278 3750 eo
1294 3699 1502 3765 patiens
1520 3699 1728 3760 morbo,
1747 3698 1835 3750 Dei
1851 3700 2022 3767 gratia
2044 3692 2278 3754 vivebat.

2392 3246 2567 3314 ὑγιὴς
2596 3244 2716 3298 ἀπὸ
2743 3244 2849 3311 τῆς
2875 3243 3074 3310 δεῦρο,
3122 3241 3200 3307 τῷ
3252 3242 3499 3304 τοιούτῳ
3538 3238 3835 3305 νοσήματι
3878 3235 3974 3303 μὴ

2388 3336 2969 3404 πιιρενοχλούμενος.
3004 3334 3110 3388 Καὶ
3141 3335 3229 3398 εις
3256 3332 3476 3386 ἑαυτὸν
3502 3328 3778 3399 γεγονὼς,
3815 3329 3969 3378 οὐκ·

2386 3426 2473 3479 ἐτι
2505 3428 2630 3481 καθ’
2662 3426 2926 3491 ὕπνους,
2965 3423 3444 3495 όφθαλμοςρανῶς
3486 3424 3555 3475 δὲ
3607 3424 3828 3474 τούτου
3877 3434 3973 3471 τε-

2389 3518 2596 3586 θέαμαι
2634 3520 2706 3573 τὰ
2751 3521 2995 3573 ὀπίσθια
3048 3519 3159 3586 τῆς
3200 3519 3427 3584 neum;
3450 3514 3971 3583 ὐπεξερχομένου.

2391 3609 2563 3663 Ὅθεν
2598 3612 2634 3677 ἠ
2657 3609 2777 3677 μὲν
2796 3611 2979 3677 ῥύσις
3015 3612 3197 3676 εὐθὺς
3233 3610 3339 3663 τοῦ
3388 3611 3637 3677 αἵματος
3675 3604 3976 3661 ἀνεστάλη

2387 3704 2527 3753 λετο
2549 3717 2561 3729 ·
2589 3701 2807 3753 εὐωδία
2836 3700 2905 3753 δὲ
2944 3702 3146 3767 πολλὴ
3187 3700 3302 3764 τὴν
3334 3700 3565 3754 κέλλαν
3597 3692 3975 3766 περιστοιχήο

700 3800 888 3846 σασα.
923 3788 1037 3855 τὴν
1065 3790 1355 3857 ταπεινήν
1412 3808 1532 3859 μου
1590 3792 1843 3859 καρδίαν
1914 3791 2106 3860 χαρᾶς
2165 3794 2397 3863 ἀρότου
2463 3796 2845 3863 ἐπλήρωσεν.
2908 3797 3135 3849 Ἐκτοτε
3191 3794 3284 3848 οὖν
3339 3794 3775 3865 τεσσαρακοστὸν
3849 3793 3976 3856 ἔτος

705 3877 772 3945 ἦν
805 3880 937 3947 (58),
971 3882 1064 3933 καὶ
1097 3881 1540 3950 προσδιαμείὸων
1592 3883 2042 3955 ἀπαρενόχλητος
2087 3886 2333 3953 ἐγεγόνει
2365 3887 2549 3957 χάριτι
2587 3887 2723 3940 Θεοῦ
2744 3888 2838 3939 τοῦ
2872 3887 3113 3940 τοιούτου
3142 3887 3467 3955 νοσήματος.

777 3974 841 4028 Et
873 3976 986 4029 haec
1020 3978 1284 4033 hactenus
1314 3980 1455 4031 dicta
1487 3979 1635 4033 sint:
1682 3980 1914 4050 plurima
1944 3982 2088 4034 enim
2117 3982 2286 4035 silen-

707 4068 782 4120 Iio
823 4069 1128 4123 omittenda
1164 4081 1313 4134 sunt,
1350 4086 1459 4140 quo
1492 4073 1771 4126 brevitatis
1819 4074 2061 4143 regulam
2100 4090 2286 4129 serve-

706 4176 860 4227 mus;
904 4178 1027 4216 cutn
1065 4173 1117 4215 et
1149 4164 1348 4233 alioqui
1391 4167 1568 4218 oratio
1611 4166 1842 4220 debilior
1887 4168 1979 4228 sit,
2027 4183 2192 4236 quam
2227 4178 2287 4222 ut

708 4253 1100 4307 miraculorum
1130 4255 1235 4308 vim
1280 4258 1452 4310 valeat
1490 4273 1782 4322 enarrare;
1818 4258 1919 4311 hac
1944 4269 2097 4329 parte
2137 4260 2286 4315 auris

708 4345 774 4403 ad
800 4345 960 4399 tidem
1002 4347 1241 4401 durioris
1274 4350 1491 4403 utilitati
1514 4350 1869 4419 prospiciens.

782 4434 891 4489 Nos
927 4437 1168 4505 quidem,
1205 4435 1360 4494 beate
1392 4441 1491 4503 vir,
1520 4442 1583 4493 ad
1620 4458 1681 4495 ea
1703 4458 1824 4510 qua:
1855 4442 1998 4509 longi
2023 4442 2285 4511 temporis
2318 4457 2361 4512 ι)

712 4528 891 4597 lapsu,
937 4530 1137 4583 silentii
1188 4530 1459 4599 profundo
1513 4534 1705 4587 obruta
1746 4542 2142 4594 remanserant,
2184 4549 2283 4602 pro

706 4638 772 4676 eo
808 4622 1101 4686 desiderio,
1135 4640 1245 4693 quo
1283 4625 1507 4679 humilis
1538 4635 1724 4681 uoster
1749 4628 1966 4681 animus
1997 4628 2050 4681 in
2092 4636 2143 4681 te
2180 4627 2283 4679 ha-

708 4712 818 4773 bet,
871 4714 1130 4767 vitiosum
1188 4725 1352 4784 atque
1408 4717 1700 4770 contritum
1762 4718 2033 4771 calamum
2092 4725 2286 4771 exten-

709 4804 918 4871 dentes,
945 4812 1204 4875 tanquam
1232 4824 1296 4861 ex
1322 4823 1503 4863 rerum
1526 4809 1624 4864 abs
1652 4816 1705 4863 te
1722 4811 1981 4880 praeclare
2003 4818 2281 4877 gestarum

2461 3984 2571 4036 Kal.
2608 3982 2780 4035 ταῦτα
2820 3983 2920 4052 μὲν
2962 3983 3043 4045 εἰς
3077 3980 3349 4034 τοσοῦτον.
3398 3977 3804 4048 Παραλειπτέον
3859 3976 3975 4045 γάρ

2386 4074 2453 4127 τὰ
2477 4074 2647 4126 πολλὰ
2666 4074 2745 4142 τῷ
2767 4074 2868 4142 τῆς
2892 4073 3259 4143 βραχυλογίας
3275 4071 3425 4139 νόμῳ
3456 4070 3797 4128 ὑπείκονταςο
3842 4069 3974 4119 ἐπεὶ

2386 4170 2480 4220 καὶ
2513 4168 2541 4219 ό
2584 4166 2760 4233 λόγος,
2806 4165 2875 4218 δι’
2906 4163 3209 4229 άσθενεία·,
3246 4163 3351 4216 τῶν
3385 4161 3678 4231 θαυμάτων
3702 4161 3765 4211 τὸ
3782 4158 3975 4223 σθένος

2383 4258 2609 4327 ἁδρανεῖ
2663 4257 3066 4328 διηγήσασθαι,
3105 4256 3204 4325 τῆς
3253 4254 3660 4323 ἀπιστουμένης
3692 4250 3867 4320 ἀκοῆς
3911 4252 3973 4304 ὲν

2391 4350 2575 4418 ταυτῷ
2602 4349 2662 4401 τὸ
2693 4350 2962 4419 χρήσιμον
2994 4345 3506 4416 κατεγγυῖζόμενος.

2478 4440 2668 4509 Ἡμεῖς
2724 4442 2823 4509 μὲν
2875 4440 2989 4503 οὖν,
3050 4434 3096 4492 ὦ
3144 4439 3404 4509 μακάριε,
3446 4438 3515 4489 τὰ
3557 4438 3615 4488 ὲν
3665 4437 3861 4504 μακρῷ
3891 4435 3977 4507 τῷ

2386 4532 2604 4601 χρόνῳ,
2669 4532 2769 4596 τῆς
2845 4532 3057 4602 σιωπῆς
3130 4530 3207 4599 τῷ
3298 4528 3445 4598 βυθῷ
3522 4527 3915 4595 καλυπτόμενα
3950 4568 3967 4589 ,

2388 4625 2539 4694 πόοῳ
2594 4624 2775 4693 πολλῷ
2844 4627 2945 4695 τῆς
3022 4622 3285 4691 ταπεινῆς
3351 4620 3510 4690 ἡμῶν
3573 4619 3812 4681 διανοίας
3877 4619 3975 4671 τὸν

2391 4714 2614 4785 ἐμπαθῆ
2654 4717 2745 4769 καλ⁵
2800 4714 3261 4787 συντετριμμένον
3296 4714 3546 4783 κάλαμον
3577 4710 3976 4783 παρεκτείναν-

2389 4826 2500 4872 τες,
2530 4811 2605 4871 ὠς
2632 4812 2696 4862 ἐκ
2721 4809 2991 4877 πελάγους
3016 4808 3123 4862 τῶν
3150 4808 3259 4861 σῶν
3280 4807 3741 4878 κατορθωμάτων,
3772 4807 3976 4877 μικρόν

1886 4948 2133 5006 FRANC.
2166 4949 2552 5006 COMBEFISII
2586 4950 2814 5008 NOTIE.

781 5089 896 5161 ('58)
930 5089 1135 5144 indicat
1182 5098 1373 5144 auctor
1408 5105 1467 5145 se
1526 5091 1638 5145 fere
1695 5107 1988 5161 supparem
2036 5092 2284 5157 Nicolao,

714 5164 817 5218 sub
850 5161 1009 5230 cujus
1039 5176 1427 5217 cxsuccessore
1457 5163 1811 5216 miraculum.
1841 5163 1984 5217 istud
2038 5168 2285 5231 contige-

713 5236 803 5291 rit.
838 5248 868 5286 a
902 5249 1012 5299 quo
1039 5232 1294 5300 deinceps
1335 5233 1401 5287 ad
1435 5234 1573 5287 hanc
1610 5234 1968 5301 seriptiunetn
1998 5232 2289 5287 lluxissent

711 5304 838 5359 anni
888 5303 974 5357 40.
1012 5302 1376 5356 Consentium
1420 5305 1652 5372 reliqua,
1708 5312 1820 5357 tum
1867 5318 1989 5372 qua:
2021 5303 2086 5357 de
2127 5303 2287 5357 Creta

713 5374 942 5427 necdum
982 5374 1212 5440 imperio
1266 5373 1419 5427 llotu.
1485 5373 1738 5427 restituta
1798 5375 1850 5426 in
1905 5373 2287 5442 superioribus

712 5445 871 5508 dixit,
918 5454 1029 5496 tum
1066 5459 1187 5514 qua:
1223 5446 1436 5496 tandem
1488 5444 1538 5497 in
1578 5446 1727 5498 calce
1767 5454 2011 5514 perorat,
2072 5445 2282 5497 tristem

714 5515 765 5568 id
804 5514 1064 5582 temporis
1106 5513 1364 5566 Ecclesiae
1399 5524 1623 5579 statum,
1671 5518 1737 5565 ab
1771 5513 2027 5567 hostium
2060 5514 2289 5567 infesta-

717 5586 865 5638 tione
906 5584 1303 5652 perstringens,
1365 5589 1584 5651 quando
1637 5588 1779 5637 mdes
1828 5600 1997 5637 sacra:
2053 5585 2119 5637 ab
2180 5585 2286 5639 illis

715 5655 1127 5724 cremabantur,
1167 5665 1306 5707 terra
1341 5655 1778 5707 Christianorum
1813 5656 2074 5724 sanguine
2105 5656 2287 5724 made-

718 5726 832 5789 bat,
866 5740 971 5793 qua
1004 5722 1313 5788 Saracenis,
1340 5741 1447 5791 qua
1484 5724 1731 5794 Bulgaris
1760 5722 2047 5793 imperium
2087 5723 2282 5779 Orien-

720 5796 791 5852 ti.)
852 5795 1235 5866 populantibus
1271 5813 1283 5849 :
1317 5812 1423 5865 qua
1478 5796 1545 5851 de
1601 5813 1658 5851 re
1692 5797 1952 5851 nonnulla
2019 5795 2285 5851 Batonius

2388 5096 2491 5149 sub
2541 5094 3001 5148 Constantantino
3057 5092 3172 5147 Vlll
3228 5106 3291 5146 ex
3344 5091 3634 5163 Cnropal;
3668 5098 3975 5163 auctorque

2387 5165 2525 5220 Vita:
2549 5166 2609 5219 S.
2639 5164 2800 5219 Luca:
2840 5163 3080 5233 junioris
3117 5164 3454 5233 quiescentis
3502 5160 3555 5216 in
3591 5160 3833 5225 Hellade,
3871 5162 3967 5231 qui

2386 5247 2438 5291 et
2469 5237 2585 5305 ipse
2606 5234 3040 5305 Θαυματουργὸς
3067 5236 3392 5305 appellatus.
3418 5249 3483 5288 ac
3518 5234 3820 5287 notissima:
3842 5247 3976 5305 san-

2388 5303 2615 5369 ctitatis.
2659 5303 2741 5359 eo
2778 5303 2975 5359 claruit
3027 5303 3293 5373 tempore.
3346 5303 3485 5358 Sunt
3526 5312 3671 5357 certe
3726 5318 3791 5356 ea
3841 5304 3976 5355 Acta

2391 5378 2546 5430 value
2602 5377 2859 5436 illustria.
2900 5390 3001 5429 nec
3032 5376 3421 5428 ecclesia~ticaa
3478 5374 3722 5428 historize
3778 5388 3974 5426 eorum

2395 5458 2699 5515 temporum
2730 5448 2973 5510 inutilia;
3008 5450 3224 5499 tametsi
3252 5444 3518 5499 Barouius
3547 5446 3725 5507 ipsum
3748 5457 3976 5515 quoque

2396 5512 2593 5571 nomen
2628 5518 2729 5571 viri
2762 5520 2921 5581 tanti,
2961 5532 3025 5573 ac
3068 5515 3226 5569 Luca:
3257 5515 3496 5585 junioris
3546 5515 3780 5585 ignoret.
3833 5512 3976 5565 Sunt

2397 5589 2489 5642 illa
2524 5590 2849 5657 prolixiora,
2884 5602 3049 5653 quam
3086 5596 3143 5640 ut
3173 5584 3520 5657 commodum
3547 5584 3796 5657 rideatur
3830 5585 3975 5657 inte-

2395 5675 2488 5728 gra
2524 5651 2841 5712 exscribere
2867 5651 2921 5711 et
2959 5660 3110 5711 dare.
3142 5655 3429 5728 (ἔπει-μία
3457 5656 3600 5728 dedit
3625 5651 3974 5722 Combeﬁsius

2393 5726 2509 5799 qua:
2532 5729 2706 5784 locum
2734 5744 2889 5783 suum
2918 5728 3057 5797 apud
3096 5745 3190 5783 nos
3220 5726 3572 5797 obtinebunt.)
