4164 6456
194 418 302 479 99.5

994 419 1050 477 S.
1089 420 1471 479 JOSEPIIUS
1504 420 2159 482 IIYMNOGRAPHUS.
2200 451 2269 459 —
2299 423 2635 485 NOTlTlA.

3334 430 3439 491 926

192 557 244 590 τι
276 535 499 605 μνήμης
532 534 884 603 ὲμπύρευμα,
925 533 956 600 ἢ
996 537 1086 588 καὶ
1119 537 1347 603 ὀψώνιον
1377 538 1611 602 εὐτελὲς,
1648 538 1767 590 τοῦ·
1798 578 1807 600 Α

1872 540 2083 608 pelago,
2142 542 2398 608 exiguum
2454 541 2556 594 hoc
2619 543 2894 594 ineinorize
2947 541 3268 609 fomentum,
3341 561 3439 600 seu

189 631 283 684 τόν
316 646 412 680 σου
444 629 509 697 τῇ
544 630 869 680 πανευκλεεῖ
913 629 1005 681 καὶ
1037 631 1167 699 ἁγίᾳ
1198 633 1385 700 μνήμῃ
1402 632 1767 699 ἀναγαγόντες

192 723 284 773 τὸν
308 722 489 787 λόγον.
536 721 858 789 ἀνεθέμεθα,
897 722 1067 782 Αὐτὸς
1118 722 1174 774 δὲ
1209 722 1418 775 ἄνωθεν
1481 726 1630 792 ἡμᾶς
1669 726 1769 775 ἐπ-

187 812 445 874 οπεὺδις
476 811 653 872 ἵλεως,
706 811 797 862 καὶ
847 811 938 862 τὸν
993 812 1375 881 παρεπόμενον
1414 814 1512 881 τῆς
1571 815 1770 884 σαρκὸς

198 904 357 968 ἡμῶν
391 904 630 971 πόλεμον
682 902 1108 974 κατευμαρὲςοις
1172 906 1454 969 ἑκάστοτε,
1503 906 1599 959 καὶ.
1629 907 1771 971 διεξ-

191 996 349 1061 άτοις
382 997 571 1057 αἰσίως
608 1000 708 1065 τῆς
736 996 1082 1066 ταλαιπώρου
1113 999 1257 1067 ζωῆς
1285 1000 1441 1069 ἡμῶν
1481 1000 1579 1071 τὴν
1615 1002 1770 1054 οὐθέ-

193 1106 363 1151 νειαν,
408 1090 491 1141 ὅτι
540 1090 710 1141 πολλὰ
740 1088 809 1141 τὰ
861 1091 993 1158 ⁴παρ’
1040 1089 1231 1143 ἐλπίδα
1270 1091 1474 1159 ταύτης
1506 1093 1768 1160 συμπτώ-

198 1199 380 1250 ματα,
431 1183 527 1233 καὶ
561 1182 926 1250 κυϐερνήσαις
974 1182 1164 1252 πόρρω
1220 1183 1320 1250 τῆς
1367 1186 1607 1253 πονηρᾶς
1661 1184 1772 1235 τῶν

194 1274 385 1326 παθῶν
433 1275 766 1341 καταιγίδος,
809 1275 909 1343 τὴν
953 1275 1047 1327 τοῦ
1087 1276 1204 1335 νοὸς
1252 1276 1493 1346 εἰρεσίαν
1525 1277 1772 1343 διεξαγὸ-

196 1382 357 1434 pavo;
377 1407 392 1427 ,
419 1366 514 1418 καὶ
564 1365 894 1434 βραϐεύσαις
940 1368 1167 1437 εἰρήνην
1210 1368 1305 1436 τῆς
1333 1368 1665 1435 Ἐκκλησίας
1694 1368 1772 1438 τῷ

195 1455 545 1525 σα-,τήματισ
577 1456 708 1525 δρᾷς
770 1456 876 1525 γὰρ
924 1457 1076 1523 ὅσην,
1127 1457 1221 1508 καὶ
1266 1457 1339 1520 ὡς
1388 1457 1771 1521 καλύπτουσαν

192 1545 611 1612 ἀμεταστρεπτὶ
644 1546 742 1614 τῆς
774 1546 991 1615 ἡμέρας
1022 1546 1119 1616 τὴν
1151 1546 1319 1617 ὀργὴν
1361 1547 1731 1601 ἐπιδείκνυται
1753 1565 1770 1580 ο

194 1638 288 1687 καὶ
319 1636 648 1700 καταϐάλοις
690 1636 860 1689 ἐθνῶν
919 1638 1226 1690 ἁτιθάσσων
1274 1637 1532 1707 Θρασεῖαν
1596 1638 1772 1709 ὁρμὴν

194 1729 288 1781 καὶ
320 1728 612 1781 ἀλλόκοτον
663 1729 940 1799 φρόνημα.
983 1730 1089 1783 Ἴδε
1139 1731 1247 1799 γὰρ
1296 1726 1383 1782 οἷα
1429 1729 1522 1782 νῦν
1558 1731 1626 1784 τὰ
1655 1731 1773 1782 τολ-

195 1824 444 1889 μώμενα.
494 1819 809 1889 Ἐκκληπξαι
854 1820 1371 1893 κατεμπιπρῶνται,
1415 1825 1508 1876 καὶ
1538 1822 1610 1891 γῆ
1641 1824 1774 1892 Χρι-

196 1911 432 1972 στιανῶν
472 1913 588 1975 τοῖς
630 1913 825 1983 αἵμασι
882 1913 1198 1967 σπένδεται·
1256 1915 1348 1967 καὶ
1382 1916 1598 1973 πείσαις
1650 1917 1769 1977 ταῖς

194 2002 541 2072 πρεσϐείαις,
587 2004 621 2072 ἢ
657 2006 790 2074 πρὸς
839 2004 938 2075 τὴν
973 2005 1211 2076 ἀρχαίαν
1260 2006 1349 2059 διὰ
1398 2007 1499 2073 τῆς
1536 2006 1772 2071 πίστεως

192 2094 513 2147 ἐπανελθεῖν
538 2094 639 2164 τῆς
668 2096 825 2162 δόξης
866 2095 1170 2162 εὐγένειαν.
1215 2096 1248 2165 ἢ
1287 2097 1607 2165 παμπληᾶεὶ
1642 2115 1769 2165 κρο-

190 2182 603 2253 τα-ςρῆζεβθαι,
630 2185 704 2247 ὼς
738 2184 865 2254 ἔθνη
888 2186 1122 2254 πόλεμον
1147 2184 1389 2239 Θέλοντα.
1409 2185 1519 2238 Καὶ
1544 2186 1649 2256 μὴν
1679 2187 1771 2238 καὶ

194 2276 498 2345 παράσχοις
533 2276 763 2342 ἀγαθαῖς
792 2277 973 2329 ἐλπίσι
1014 2280 1134 2340 ταῖς
1167 2278 1305 2347 πρὸς
1333 2278 1394 2330 τὸ
1426 2262 1584 2330 Θεῖον
1624 2279 1769 2347 ἡμᾶς

194 2368 517 2436 πρακτικῶς
548 2368 960 2438 ἐναϐρύνεσοαι,
991 2368 1311 2432 δοξάζοντας
1338 2370 1578 2438 Πατέρα,
1618 2369 1765 2433 Υὶόν,

194 2458 287 2509 καὶ
314 2458 470 2525 ἅγιον
500 2460 739 2529 Πνεῦμα,
768 2462 869 2531 τὴν
890 2460 1072 2531 ἀμερῆ
1096 2462 1283 2515 οὐσίαν
1310 2478 1367 2514 τε
1396 2464 1485 2515 καὶ
1512 2463 1765 2531 θεότητα,

1874 633 2035 685 etiam
2078 631 2182 683 vile
2226 631 2538 694 obsonium,
2587 646 2893 685 sermonem
2946 634 3090 686 hunc
3133 634 3344 704 inclyta:
3381 652 3445 687 ac

1873 731 2079 776 sancta:
2122 722 2395 775 memoria:
2441 731 2548 776 tua:
2577 722 2893 786 offerentes,
2928 724 3324 779 dedicavimus.
3364 724 3443 777 Tu

1874 829 2001 867 vero
2033 828 2133 867 nos
2164 813 2433 881 propitius
2462 829 2493 868 e
2515 815 2668 869 cadis
2696 815 2930 873 intuere.
2957 816 3211 885 quodque
3234 816 3446 886 jugiter

1872 920 2056 959 comes
2074 905 2223 958 adest
2248 905 2429 959 carnis
2453 905 2672 965 bellum,
2693 906 2937 972 quotidie
2961 908 3179 968 alleves.
3204 908 3446 960 misera:-

1872 1013 1978 1066 qne
2045 999 2169 1053 vita:
2233 1006 2434 1051 nostra:
2481 999 2828 1067 exiguitatem
2896 1014 3157 1068 prospere
3213 1002 3441 1068 dirigas,

1873 1104 2035 1157 quam
2065 1090 2219 1142 multi
2259 1104 2420 1143 casus
2458 1089 2828 1158 inexspectato
2865 1091 3181 1158 excipiunt,
3225 1106 3288 1143 ae
3314 1105 3444 1158 pro-

1873 1184 1959 1233 cul
1993 1197 2022 1234 a
2051 1196 2191 1234 smva
2241 1181 2715 1249 perturbationum
2761 1183 3018 1249 procella,
3053 1182 3220 1235 animi
3261 1182 3442 1235 navim

1872 1275 2140 1343 gubernes
2165 1287 2228 1325 ac
2256 1288 2435 1341 regas.
2478 1289 2775 1342 pacemque
2798 1273 3051 1327 Ecclesiae
3081 1275 3245 1328 coetui
3276 1289 3304 1328 a
3337 1273 3446 1327 Deo

1871 1367 2142 1419 obtinens.
2184 1365 2344 1419 Vides
2380 1368 2524 1419 enim
2571 1376 2833 1436 quantam
2872 1382 3143 1434 quamque
3183 1367 3443 1421 immobi-

1874 1458 1996 1511 liter
2022 1457 2164 1510 diem
2197 1458 2567 1526 obtegeutem,
2596 1459 2729 1512 iram
2760 1459 3016 1511 exhibeat
3044 1475 3058 1510 :
3090 1458 3446 1525 destruasque

1872 1551 2112 1619 gentiqu
2145 1550 2528 1603 iudomitarum
2562 1550 2823 1604 audacem
2856 1552 3144 1621 impetum,
3181 1567 3243 1604 ac
3275 1552 3445 1605 animi

1874 1642 2163 1696 insolentis
2195 1644 2530 1711 superbiam.
2572 1642 2706 1696 Vide
2733 1644 2877 1695 enim
2913 1644 3096 1713 qualia
3130 1659 3277 1697 nunc
3306 1661 3447 1713 pne-

1874 1741 2183 1787 sumantur.
2220 1734 2474 1788 Ecclesiae
2520 1735 2917 1795 incenduntur,
2965 1750 3029 1787 ac
3078 1744 3220 1789 terra
3288 1736 3448 1788 Chri—

1875 1827 2180 1881 stianorum
2212 1828 2392 1881 madet
2431 1827 2693 1895 sanguine
2730 1845 2743 1880 :
2778 1826 3122 1895 suadensque
3153 1827 3258 1879 tuis
3280 1828 3449 1880 inter—

1876 1918 2239 1979 cessionibus,
2262 1928 2317 1971 ut
2335 1919 2416 1973 vel
2437 1918 2538 1972 fide
2557 1928 2701 1971 recta
2722 1921 2786 1970 ad
2806 1920 3083 1986 antiquam
3107 1927 3452 1971 revertantur

1872 2010 2057 2081 gloria:
2098 2011 2509 2079 ingenuitatem,
2552 2010 2631 2063 vel
2679 2010 2896 2078 penitus
2942 2010 3293 2074 collidantur,
3329 2020 3451 2063 tan-

1871 2117 2033 2170 quam
2088 2112 2276 2171 gentes
2342 2119 2461 2171 quae
2490 2102 2627 2155 bella
2677 2103 2887 2156 volunt.
2923 2102 3021 2165 Ita,
3064 2118 3269 2170 quasso,
3308 2119 3448 2171 pra»

1870 2202 2114 2262 stesque,
2154 2203 2213 2247 ut
2240 2193 2379 2247 bona
2413 2194 2465 2247 in
2509 2194 2675 2248 Deum
2706 2208 2801 2264 spe
2816 2193 3060 2247 moribus
3092 2195 3192 2247 rite
3224 2209 3450 2262 compo-

1871 2284 1992 2339 sitis
2027 2283 2344 2351 gloriemur,
2380 2284 2605 2354 gloriam
2646 2282 3031 2338 submittentes
3073 2282 3242 2344 Patri,
3288 2281 3448 2347 Filio,

1873 2390 1937 2428 ac
1983 2373 2208 2443 Spiritui
2260 2384 2473 2439 sancto,
2524 2373 2816 2427 individua:
2867 2374 2960 2426 uni
3016 2374 3335 2427 substantia:
3384 2388 3449 2426 ae

1871 2467 2083 2531 deitati,
2122 2483 2270 2522 nunc
2304 2476 2360 2523 et
2401 2483 2640 2538 semper,
2672 2477 2725 2521 et
2752 2468 2806 2521 in
2852 2467 3049 2521 saecula
3095 2467 3447 2521 saeculorum.

192 2548 288 2599 xiv
344 2551 439 2601 καὶ
494 2552 600 2617 ἀεὶ,
656 2552 750 2603 καὶ
804 2554 882 2615 εἰς
935 2554 1061 2616 τοὺς
1122 2552 1325 2617 αἰῶνας
1373 2554 1483 2606 τῶν
1529 2554 1763 2606 αἰώνων.

210 2641 400 2710 Ἀμήν.

1867 2559 2062 2614 Amen.

192 2847 3436 2894 Μ

1414 3021 1588 3066 ANNO
1630 3022 1853 3066 DOMINI
1899 3024 2210 3067 DCCCXCIII

522 3198 665 3426 S.
797 3194 1632 3428 JllSliPﬂllS
1750 3198 3106 3432 HYMNMMPHUS

1568 3555 2079 3648 NOTITIA

799 3768 895 3829 (Ex
922 3769 1033 3821 Ant.
1070 3768 1368 3817 Moactroms
1410 3767 1703 3818 Bibliotheca
1751 3768 1938 3828 Sicula,
1966 3769 2191 3817 Pmorml
2232 3769 2370 3829 1708,
2409 3773 2521 3817 tom.
2552 3769 2591 3830 l,
2620 3786 2668 3832 p.
2693 3769 2827 3832 58L)

250 4098 528 4171 Iosephus
550 4095 1016 4169 hymnographus,
1043 4096 1114 4149 ita
1148 4096 1217 4149 ab
1245 4096 1572 4166 hymnorum
1607 4096 1977 4163 multitudine,
2005 4111 2146 4166 quos
2181 4096 2513 4161 decantavit,
2543 4098 2869 4167 appellatus,
2903 4099 3042 4153 lucis
3078 4115 3303 4153 usuram
3341 4101 3444 4169 Sy-

187 4192 399 4243 racusis
423 4188 653 4255 accepit,
683 4198 845 4239 natus
883 4200 946 4237 ex
978 4184 1192 4237 Plotino
1220 4193 1271 4237 et
1302 4184 1505 4253 Agatha
1528 4186 1843 4252 parentibus
1881 4184 2076 4237 virtute
2102 4185 2283 4239 claris.
2322 4186 2404 4238 Ab
2435 4185 2658 4238 infantia
2681 4201 2892 4239 morum
2946 4188 3288 4249 maturitate,
3327 4190 3442 4241 νίν-ο

185 4285 300 4330 tute
331 4291 398 4329 ac
432 4275 653 4344 pit-tale,
689 4274 886 4327 futura:
912 4271 1294 4328 Sanctimuuiae
1325 4272 1599 4339 specimen
1638 4270 1803 4323 dedit.
1836 4269 2021 4325 Sacris
2043 4272 2294 4327 addictus
2326 4273 2518 4326 litteris
2577 4274 2774 4325 mirum
2814 4274 2866 4326 in
2917 4275 3139 4326 modttm
3174 4273 3433 4343 profecit,

184 4377 231 4417 et
262 4379 371 4416 non
397 4363 629 4415 obscura
653 4361 893 4414 cmlestis
926 4358 1205 4428 sapientiae
1230 4372 1294 4410 ac
1319 4358 1517 4412 divina:
1580 4359 1910 4426 eloquentiae
1962 4359 2279 4426 splendores
2319 4361 2511 4422 edidit,
2547 4376 2689 4429 quos
2744 4361 3124 4431 praei-lariores
3170 4362 3439 4415 virtutum

183 4452 538 4506 incrementis
569 4449 764 4513 effecit,
790 4450 879 4502 sed
912 4448 1138 4502 florente
1159 4449 1338 4500 adhuc
1360 4456 1515 4501 astate
1554 4462 1678 4500 cum
1725 4447 1956 4515 Agareni
1994 4446 2294 4516 Syracusas
2325 4458 2710 4515 occupassent,
2766 4458 2825 4503 ut
2887 4448 3253 4502 Bnrharorum
3287 4448 3440 4502 furo-

188 4557 299 4594 rem
326 4540 648 4601 declinaret,
670 4538 722 4591 in
747 4538 1143 4605 Peloponesum
1166 4536 1424 4601 decessit,
1445 4535 1558 4599 ubi,
1591 4534 1799 4588 relictis
1827 4536 2183 4603 genitoribus,
2212 4545 2269 4587 ut
2296 4535 2404 4589 Deo
2424 4536 2646 4590 liberius
2691 4546 2931 4597 vacaret,
2982 4534 3436 4589 Thessalonicam

185 4633 355 4696 petiit,
398 4631 584 4699 ibique
618 4628 978 4682 monasticqu
1011 4625 1071 4680 ι).
1111 4625 1294 4679 Basilii
1321 4625 1623 4679 institutum
1657 4625 1942 4692 amplexus
1975 4632 2058 4677 est
2090 4624 2141 4675 in
2163 4623 2413 4677 caanobio
2433 4622 2642 4678 Latmui
2695 4624 2863 4677 dicto.
2894 4624 2971 4677 Eo
3013 4624 3180 4677 animi
3228 4623 3441 4678 fervore

184 4721 490 4790 regularem
518 4717 862 4785 disciplinam
891 4731 1185 4786 aggressus
1218 4724 1321 4778 est,
1356 4726 1417 4769 ut
1446 4715 1676 4768 breviter
1712 4710 2066 4782 perfectionis
2093 4711 2400 4779 exemplum
2432 4726 2553 4764 sese
2587 4713 2847 4765 omnibus
2877 4710 3207 4771 exhibuerit;
3245 4711 3433 4763 Immi—

184 4811 351 4862 litatis
374 4807 548 4868 euim,
581 4806 925 4868 obedientiaz,
958 4803 1271 4859 solitudinis
1304 4819 1367 4856 ac
1399 4802 1599 4856 silentii
1649 4800 1833 4854 studio
1888 4799 2137 4852 incubuit
2172 4816 2185 4852 :
2216 4799 2555 4862 austeritate,
2610 4798 3094 4865 contemplatione,
3142 4797 3434 4859 charitate,

186 4898 420 4965 aliisque
452 4895 750 4949 virtutibus
770 4904 999 4947 ornatus
1038 4894 1110 4946 ita
1144 4892 1380 4955 refulsit,
1408 4900 1465 4944 ut
1506 4891 1763 4943 omnibus
1816 4886 2163 4939 admirationi
2205 4897 2373 4939 esset.
2435 4884 2510 4939 Ex
2572 4886 2799 4939 assidua
2823 4900 3104 4938 sacrarqu
3134 4885 3438 4937 litterarum

187 4996 613 5051 sanctorumque
643 4983 857 5035 Patrum
894 4982 1146 5043 lectione,
1180 4981 1445 5034 virtutum
1498 4982 1734 5033 fomenta
1769 4977 2044 5035 eliciebat.
2102 4975 2424 5041 cmlitesqne
2456 4976 2751 5045 primarius
2793 4975 2993 5028 nedum
3026 4974 3229 5027 imitari
3264 4988 3436 5026 cona-

190 5074 366 5132 |~atnr,
400 5086 589 5124 verum
620 5070 781 5123 etiam
811 5078 863 5122 et
896 5070 1110 5139 hymnis
1151 5069 1383 5137 aliisque
1411 5068 1610 5136 ingenii
1661 5066 2028 5120 monumentis
2048 5066 2305 5117 extollere
2343 5068 2591 5117 curabat.
2627 5064 2762 5117 Hinc
2792 5063 2844 5116 in
2878 5065 2963 5116 sui
2986 5077 3228 5114 antorem
3259 5076 3322 5116 ac
3343 5076 3440 5115 ve-

188 5162 527 5215 nerationem
585 5174 777 5213 omnes
809 5158 1077 5223 trahebat;
1105 5157 1323 5213 dulcius
1348 5168 1528 5212 autem
1577 5174 1701 5212 cum
1760 5168 2038 5209 sacrarum
2097 5153 2401 5205 litterarum
2454 5166 2655 5205 arcana
2693 5166 2889 5217 magna
2924 5151 3192 5203 suavitate
3230 5165 3439 5217 expen-

186 5251 358 5302 deret.
398 5246 609 5316 S.epius
635 5246 845 5300 caelesti
871 5246 1142 5314 sapientia
1196 5247 1438 5300 imbutus
1497 5246 1945 5307 conciouahatnr,
1978 5242 2117 5294 etad
2152 5242 2387 5296 virtutes
2427 5241 2835 5309 amplectendas
2865 5239 3179 5293 auditorum
3217 5239 3437 5292 animos

186 5338 458 5391 excitabat
484 5356 495 5387 :
526 5336 825 5403 profluebat
855 5336 1000 5388 enim
1036 5352 1101 5388 ex
1142 5351 1241 5388 ore
1272 5336 1472 5403 egregii
1510 5337 1607 5387 viri
1635 5335 1855 5388 mellita:
1909 5332 2235 5400 eloquentize
2287 5331 2509 5389 ﬂumen,
2555 5348 2667 5399 quo
2718 5331 2965 5384 omnium
3008 5329 3172 5382 corda
3203 5328 3438 5381 dulciter

190 5426 480 5480 alliciebat.
508 5424 590 5479 Oh
612 5425 880 5494 egregiam
924 5424 1047 5477 vitae
1075 5425 1495 5477 sanctimoniam
1527 5425 1723 5492 dignus
1754 5423 2098 5477 existimatus
2151 5422 2243 5490 qui
2269 5421 2572 5476 sacerdotio
2604 5422 2935 5484 initiaretur,
2959 5419 3083 5471 licet
3117 5416 3439 5473 humilitatis

188 5513 331 5563 vires
356 5510 710 5572 obsisterent,
751 5509 1004 5576 precibus
1032 5519 1085 5563 et
1106 5510 1423 5563 obedientiae
1449 5510 1631 5573 cessit;
1669 5510 1897 5575 ideoque
1930 5512 2026 5562 hac
2055 5510 2317 5577 dignitate
2352 5509 2646 5575 insignitus
2695 5507 2995 5560 ferventius
3021 5505 3282 5557 virtutum
3312 5514 3436 5557 stu-

188 5598 277 5652 dio
306 5598 575 5651 incubuit.
603 5597 856 5650 Duriores
886 5598 1218 5665 posuitentiee
1252 5598 1395 5665 leges
1424 5600 1707 5666 amplexus
1734 5608 1838 5658 est,
1869 5598 2171 5649 orationem
2229 5596 2546 5665 protrahere
2614 5595 2826 5648 diutius
2876 5592 3108 5653 curavit,
3138 5602 3191 5645 et
3213 5591 3279 5643 ad
3306 5608 3438 5645 san-

190 5686 466 5740 ctimoniae
500 5685 774 5755 fastigium
814 5686 1071 5740 omnibus
1094 5687 1259 5739 animi
1313 5687 1493 5739 nervis
1529 5701 1819 5754 properare
1865 5688 2167 5739 contendit.
2199 5685 2333 5739 Cum
2373 5697 2553 5738 autem
2590 5683 3042 5736 Thessalonicam
3077 5681 3433 5744 pervenisset,

190 5774 243 5827 S.
270 5773 571 5843 Gregorius
608 5774 940 5842 Decapolita,
972 5777 1065 5843 qui
1096 5775 1401 5828 Sanctitatis
1428 5790 1489 5827 ac
1524 5775 1912 5826 miraculorum
1962 5774 2131 5843 gloria
2160 5774 2404 5835 florebat,
2438 5771 2664 5841 Josephi
2715 5768 3135 5824 sanctimoniam
3188 5768 3433 5822 numeris

187 5862 446 5917 omnibus
482 5860 808 5927 absolutam,
837 5861 1159 5928 demiratus,
1218 5878 1341 5917 cum
1377 5863 1466 5917 illo
1512 5862 1880 5917 arctissituatu
1935 5864 2361 5919 familiaritatem
2401 5862 2693 5920 contraxit;
2728 5861 2863 5914 adeo
2891 5868 2945 5914 ut
2989 5857 3057 5911 ab
3106 5872 3172 5912 eo
3198 5855 3433 5911 distrahi
