4164 6456
737 420 842 484 ΟΞΠ
1759 421 1816 478 S.
1858 416 2240 478 JOSEPIIUS
2279 413 2927 474 llYMNOGRAPHUS.
3852 409 3965 469 922

742 528 889 581 haud
921 533 1195 595 pateretur
1227 542 1240 579 :
1276 524 1402 579 hinc
1422 524 1702 579 discedere
1727 533 1948 578 coactus
1970 523 2034 575 ad
2069 522 2417 590 gravissimas
2443 535 2528 575 res
2547 517 3012 587 Constantinopoli
3044 517 3476 586 pertractandas,
3511 516 3743 572 cmnobii
3776 519 3968 571 mode-

740 626 970 667 ratorcm
1004 615 1160 668 enixe
1190 614 1418 681 rogavit,
1450 621 1508 666 ut
1535 611 1828 679 Jusephum
1881 609 2091 661 itineris
2134 609 2338 662 socium
2383 608 2717 677 adjnngeret,
2750 614 2804 659 et
2828 608 3040 659 tandem
3097 605 3351 658 obtinuit.

808 718 1336 787 Constantinopolim
1364 719 1622 787 appulsus
1656 713 1949 783 JoSepbus,
1985 713 2309 782 Gregorium
2339 713 2602 765 continuo
2646 712 2885 773 intuens,
2938 724 3154 763 omnem
3192 708 3315 762 vitze
3338 722 3452 762 suae
3507 709 3778 761 rationem
3820 707 3878 759 in
3908 721 3968 757 se

742 810 972 862 ﬁdeliter
1010 806 1309 860 transferre
1340 808 1587 868 curabat,
1653 820 1714 857 ac
1747 805 1910 857 vitam
1942 805 2121 870 potius
2154 802 2453 869 angelicam
2490 816 2651 868 quam
2712 801 3007 853 humanam
3056 798 3397 851 traducebat.
3442 796 3581 849 Cum
3630 804 3812 847 autem
3860 795 3970 847 Leo

744 901 871 963 (non
922 896 1213 959 Isauricus,
1246 904 1304 948 ιιι
1334 896 1494 947 habet
1549 892 1667 946 Vita
1703 892 1761 945 S.
1792 891 2008 959 Josephi
2064 888 2206 957 apud
2251 888 2534 943 Octavium
2571 890 2891 952 Car-tanum,
2923 898 3056 940 tom.
3114 885 3157 939 ﬂ
3217 885 3465 938 Sanctor.
3500 885 3725 938 Siculor.
3760 898 3815 953 p.
3876 883 3969 941 46.

738 986 829 1038 Sed
862 988 1153 1048 Armentis,
1190 995 1245 1038 ut
1273 986 1422 1053 ju\la
1466 983 1723 1051 temporis
1769 985 2003 1050 cpochas
2044 988 2186 1032 recte
2237 980 2522 1031 advertunt
2562 974 2893 1029 Godelridus
2926 973 3303 1028 llenscbenius
3356 981 3412 1025 et
3467 972 3649 1025 Daniel
3695 971 3971 1039 Papebro—

738 1073 894 1124 chius
929 1074 980 1125 in
1021 1075 1163 1126 dctis
1204 1074 1302 1125 SS.
1338 1074 1371 1125 5
1435 1073 1660 1140 Aprilis,
1693 1072 1745 1123 in
1779 1078 2074 1123 comment.
2108 1066 2307 1135 praevio
2338 1066 2402 1117 ad
2434 1063 2607 1117 Vitam
2650 1060 2955 1129 SJosephi,
2985 1062 3011 1131 §
3044 1062 3149 1128 l,p.
3172 1058 3383 1120 266,et
3406 1059 3458 1110 in
3493 1069 3741 1112 annotat.
3774 1058 3964 1127 p.273)

740 1158 1173 1212 immanissimus
1197 1158 1831 1225 (lanistaminopolitanus
1863 1155 2180 1223 imperator,
2213 1167 2411 1204 vesana
2446 1151 2592 1203 rabie
2623 1152 2673 1201 in
2700 1165 2883 1202 sacras
2915 1149 3179 1215 imagines
3220 1162 3520 1214 earumque
3565 1147 3810 1199 cultores
3869 1160 3970 1197 δεε-

740 1244 897 1303 viret.
932 1243 989 1297 S.
1019 1243 1333 1311 Gregorius.
1372 1244 1713 1309 imperatoris
1769 1242 1938 1294 furori
1974 1258 2031 1294 se
2053 1254 2350 1309 opponens,
2402 1240 2613 1305 publiCe
2670 1236 2993 1289 catholicam
3026 1234 3181 1287 ﬁdem
3216 1234 3576 1303 propugnavit
3604 1248 3623 1287 :
3662 1233 3789 1284 hinc
3826 1247 3969 1283 non-

743 1332 872 1382 nulli
928 1331 1023 1383 viri
1066 1332 1301 1399 religiosi
1333 1332 1395 1383 ad
1425 1331 1765 1399 Gregorium.
1818 1340 2073 1396 tanquam
2134 1329 2197 1382 ad
2236 1329 2352 1380 ﬁdei
2401 1326 2657 1377 athletam
2694 1326 3086 1393 confugientes,
3148 1325 3347 1390 saepius
3402 1323 3736 1383 institerunt,
3772 1331 3829 1372 ut
3863 1319 3973 1371 R0-

741 1431 883 1468 tnam
928 1418 991 1469 ad
1030 1434 1300 1471 summum
1333 1417 1642 1469 Pontilieem
1674 1416 1729 1467 ὃ.
1762 1415 2058 1482 Josephum
2092 1417 2353 1475 mitteret,
2383 1414 2467 1465 cui
2504 1412 2756 1466 Erelesia:
2798 1414 3135 1467 calamitates
3161 1427 3223 1465 ac
3253 1411 3491 1465 fidelium
3525 1410 3761 1479 pericula
3804 1424 3975 1477 expo-

742 1514 912 1565 neret,
948 1504 1179 1574 ideoqtte
1206 1516 1383 1557 noster
1415 1502 1681 1571 JOSephus
1716 1502 1962 1570 Gregorii
2000 1503 2154 1569 jussu
2201 1504 2424 1556 Romam
2459 1503 2783 1555 velifieavit:
2819 1511 2875 1554 at
2924 1502 2976 1553 in
3029 1501 3221 1555 itinere
3250 1517 3278 1552 a
3310 1501 3499 1570 piratis
3537 1516 3849 1568 aggressus,
3879 1515 3973 1550 ca-

741 1592 921 1658 ptivus
950 1593 1000 1644 in
1023 1594 1235 1645 Cretam
1272 1592 1502 1643 insttlam
1532 1592 1798 1645 adductus
1834 1600 1934 1653 est,
1974 1592 2059 1643 ubi
2097 1593 2145 1642 in
2184 1592 2393 1643 vincula
2445 1589 2742 1658 conjectus,
2771 1590 3005 1641 obscuro
3034 1590 3238 1642 carceri
3290 1589 3650 1656 mancipatur.
3690 1588 3796 1639 Sed
3832 1588 3977 1640 inter

741 1690 962 1731 catenas
997 1679 1251 1748 gestiens,
1283 1680 1553 1731 sociorum
1585 1680 1875 1745 languores
1912 1680 2113 1731 mellita
2146 1678 2476 1747 eloquentiae
2502 1678 2549 1729 vi
2582 1678 2910 1734 emollit-bat,
2938 1692 2999 1729 ac
3025 1677 3075 1727 in
3101 1676 3221 1728 fidei
3252 1676 3555 1731 constantia
3586 1675 3974 1729 conﬁrmabat.

740 1765 1063 1831 Episcopum
1098 1764 1264 1816 animi
1294 1765 1606 1818 infirmitate
1636 1765 1995 1825 laborantem,
2032 1765 2120 1831 qui
2151 1775 2207 1815 ut
2235 1778 2290 1815 se
2310 1780 2336 1815 a
2380 1765 2656 1819 laboribus
2702 1766 2939 1834 eriperet
2988 1766 3052 1817 ad
3082 1765 3380 1833 imaginum
3440 1772 3815 1832 contemptum
3859 1753 3975 1830 jam

742 1852 1133 1918 prependebat,
1163 1852 1235 1904 ita
1272 1852 1566 1916 roboravit,
1604 1863 1661 1904 nt
1739 1869 1836 1920 pro
1867 1850 2065 1904 Christi
2102 1850 2203 1903 ﬁde
2253 1865 2317 1903 ac
2350 1851 2647 1921 imaginum
2697 1854 2842 1909 cultu
2876 1853 3193 1923 sanguinem
3222 1851 3550 1920 profundere
3572 1862 3821 1919 paratum
3854 1851 3981 1902 rel-

738 1940 953 1992 diderit.
990 1940 1309 1993 lnmnneros
1338 1957 1366 1992 e
1400 1940 1595 1991 diaboli
1635 1939 1840 2007 laqueis
1871 1940 2049 2002 solvit,
2090 1955 2150 1991 ac
2175 1938 2227 1991 in
2265 1939 2363 1992 fide
2395 1938 2715 1995 fluctuantes
2750 1942 3001 2004 firmavit,
3036 1955 3269 2009 quorum
3317 1940 3561 1992 nonnulli
3588 1939 3829 2017 martyrii
3852 1938 3975 2006 pal~

741 2042 882 2078 mam
922 2027 1154 2080 assecuti
1189 2036 1333 2080 sunt.
1366 2027 1497 2078 Dum
1530 2036 1707 2079 autem
1745 2028 1814 2079 ita
1843 2026 2118 2080 fructuose
2149 2026 2331 2089 vitam,
2365 2029 2463 2081 etsi
2493 2030 2701 2082 catenis
2738 2031 2967 2088 vinctus,
2998 2028 3333 2089 traducebat,
3360 2027 3411 2078 in
3443 2025 3671 2080 natalitii
3705 2024 3975 2078 Doniiniri

744 2125 922 2174 nocte,
948 2114 1323 2180 spiritualibus
1349 2115 1575 2167 canticis
1615 2114 1873 2181 producta
1906 2129 2076 2181 usijue
2095 2114 2158 2165 ad
2180 2114 2300 2182 galli
2336 2127 2577 2179 cantum,
2616 2118 2674 2169 Ι).
2703 2116 2956 2170 Nicolaus
2992 2116 3256 2185 lllyrensis
3276 2130 3395 2170 sese
3440 2112 3789 2184 spectabilem
3818 2112 3971 2175 fecit,

740 2216 803 2251 ac
830 2197 1067 2267 .losepho
1105 2201 1391 2262 nuntiavit,
1424 2201 1839 2253 iconomaehum
1870 2201 2249 2268 imperatorem
2287 2203 2399 2269 jam
2434 2204 2787 2267 defunctum;
2818 2219 2875 2256 se
2923 2214 3103 2255 autem
3164 2202 3701 2270 Constantinopolim
3752 2200 3971 2267 regredi

739 2303 877 2353 opus
909 2302 1047 2349 esse,
1083 2298 1139 2341 ut
1161 2289 1369 2342 etelesti
1396 2290 1661 2357 sapientia
1698 2287 1901 2341 Christi
1930 2290 2111 2343 ﬁdeles
2146 2289 2494 2343 conﬁrmaret
2530 2308 2541 2342 :
2569 2292 2690 2343 inde
2722 2292 2884 2343 libelli
2939 2290 3125 2343 folium
3171 2289 3226 2342 in
3260 2304 3322 2343 os
3345 2282 3463 2357 ejus
3488 2289 3736 2346 immisit,
3769 2289 3822 2339 in
3858 2302 3978 2354 quo

742 2373 853 2427 luec
886 2375 1200 2441 legebantur
1228 2379 1423 2430 verba:
1460 2396 1477 2426 ι
1512 2377 1763 2429 Aceelera
1797 2388 2050 2444 tanquam
2112 2379 2441 2439 misericors,
2496 2388 2549 2432 et
2586 2378 2775 2431 festina
2807 2388 3059 2446 tanquam
3092 2378 3377 2430 miseratur
3405 2377 3457 2427 in
3494 2376 3825 2441 adjutorium
3879 2392 3979 2425 no-

741 2474 935 2523 strum,
977 2475 1125 2530 potes
1159 2465 1301 2517 enim
1334 2466 1495 2517 sivis.
1528 2482 1546 2513 ι
1586 2463 1707 2517 flare
1743 2481 1864 2516 runt
1900 2464 2221 2517 suavissime
2273 2465 2637 2525 decantasset,
2667 2482 2725 2519 se
2774 2466 2977 2519 ca‘lesti
3029 2464 3311 2517 dulcedine
3345 2461 3625 2531 perfusum
3668 2460 3862 2522 sensit,
3914 2475 3978 2513 ac

740 2552 1092 2616 Compedibus
1120 2553 1381 2612 solutum,
1414 2562 1465 2605 et
1502 2568 1594 2620 per
1633 2568 1809 2606 aerem
1848 2561 2082 2621 raptum;
2145 2554 2325 2606 statim
2360 2571 2388 2606 a
2426 2555 2484 2605 Ι).
2527 2552 2747 2605 Nicolan
2785 2550 3314 2619 Constantinopolim
3353 2550 3645 2603 translatus
3676 2558 3783 2600 est.
3824 2547 3969 2600 Cum

738 2635 811 2687 ibi
836 2636 1152 2705 Gregorium
1178 2639 1285 2705 jam
1310 2640 1623 2692 defunctum
1656 2641 2012 2708 deplorasset,
2048 2645 2098 2693 in
2130 2642 2416 2694 ecclesiam
2444 2642 2500 2693 S.
2544 2640 2768 2693 Joannis
2802 2639 3171 2708 Chiysostomi
3224 2639 3470 2699 secessit,
3525 2637 3617 2689 ubi
3648 2637 3881 2704 populos
3905 2637 3973 2687 ad

737 2724 1020 2778 ecclesiam
1057 2728 1390 2781 conﬂuentes
1412 2729 1613 2782 caelesti
1652 2729 1914 2795 sapientia
1982 2729 2234 2792 erudivit,
2260 2740 2310 2782 et
2337 2733 2401 2783 ad
2438 2731 2683 2783 omnium
2736 2728 3082 2781 commodum
3135 2727 3446 2779 coenobium
3493 2725 3786 2786 exstruxit,
3819 2723 3972 2791 quod

740 2814 923 2863 statim
968 2828 1293 2867 numerosus
1327 2816 1699 2883 religiosorum
1756 2830 1930 2870 coetus
1984 2819 2238 2886 explevit.
2296 2820 2525 2885 Accepta
2574 2829 2749 2868 autem
2794 2832 2858 2868 ex
2911 2817 3055 2867 dono
3087 2813 3143 2865 S.
3191 2813 3566 2866 Bartholomaai
3609 2813 3861 2880 reliquia,
3906 2812 3976 2863 ad

740 2898 860 2962 ejus
895 2902 1100 2953 cultum
1130 2887 1416 2955 ecclesiam
1445 2904 1718 2967 excitavit,
1756 2906 1940 2973 ibique
1968 2906 2170 2973 pluries
2195 2905 2254 2958 S.
2289 2905 2565 2973 apostolus
2610 2902 2956 2970 spectabilem
2984 2900 3221 2967 Jnsepbo
3263 2900 3555 2952 dormienti
3587 2914 3646 2952 se
3697 2901 3973 2965 exhibuit,

741 2986 899 3053 eique.
929 2988 1107 3040 abdita
1139 2990 1396 3042 nonnulla
1433 2992 1705 3059 mysteria,
1741 3007 1801 3045 ac.
1850 2993 2163 3046 difﬁcillima
2197 3008 2478 3046 sacrarum
2531 2991 2828 3042 litterarum
2860 2989 2974 3041 loca
3002 2987 3332 3055 explanavit;
3363 2987 3677 3039 cmlestibns
3711 2986 3977 3041 benedic-

746 3073 984 3127 tionibus
1015 3084 1065 3137 (ει
1099 3076 1521 3131 charismatihus
1565 3080 1882 3141 cumulavit,
1939 3091 1995 3132 ut
2039 3089 2306 3132 terrarum
2372 3079 2555 3131 orbem
2603 3079 2915 3130 cantionum
2971 3076 3238 3129 suavitate
3276 3074 3630 3134 demulceret,
3666 3070 3971 3142 Josephnm

746 3176 975 3228 superna
1015 3162 1389 3217 benedictione
1418 3166 1614 3231 beavit,
1648 3176 1700 3219 et
1728 3169 1779 3219 in
1829 3168 1947 3235 ejus
1992 3168 2229 3235 linguam
2254 3181 2499 3233 supernae
2544 3164 2821 3232 sapientia:
2857 3162 3043 3215 latices
3090 3161 3311 3230 largiter
3347 3160 3546 3212 iuﬁuit.
3583 3159 3657 3212 Ex
3683 3169 3815 3213 tunc
3840 3176 3975 3213 car-

747 3248 891 3299 tnina
925 3250 1110 3316 panxit
1139 3250 1409 3305 uberrime
1437 3268 1501 3305 e0
1532 3266 1745 3305 noetare
1779 3253 1997 3315 referta,
2030 3254 2417 3322 leporibusque
2468 3254 2815 3312 concinnata,
2844 3260 2902 3302 ut
2962 3250 3269 3302 auditorum
3317 3262 3381 3300 ac
3432 3247 3726 3314 legentium
3760 3249 3981 3302 animos

746 3336 878 3385 mira
917 3338 1201 3389 dulcedine
1231 3340 1576 3405 perfundant.
1606 3349 1659 3393 et
1692 3356 2037 3409 quocumque
2074 3342 2237 3394 velint
2274 3340 2530 3394 facillime
2564 3338 2780 3390 flectant
2813 3356 2826 3391 :
2865 3337 2998 3388 adeo
3034 3347 3092 3389 ιιι
3127 3351 3191 3389 ex
3234 3335 3423 3387 iisdem
3449 3333 3818 3387 caelicolarum
3846 3350 3980 3388 can-

744 3432 921 3473 torum
964 3425 1129 3476 melos
1168 3424 1382 3478 effluere
1416 3425 1481 3477 ad
1514 3428 1816 3480 animarum
1854 3430 2103 3483 solatium
2139 3438 2311 3496 putet-
2344 3428 2477 3480 llinc
2507 3428 2696 3477 mer-Ito
2747 3426 2866 3492 ejus
2891 3424 3075 3494 hymni
3104 3424 3171 3477 ab
3207 3422 3443 3476 Ecclesia
3475 3421 3661 3477 Graeca
3694 3424 3745 3474 in
3796 3424 3978 3476 sacris

748 3510 943 3561 divinat
982 3512 1298 3577 psalmodia:
1331 3513 1463 3565 locis
1507 3517 1774 3578 translati,
1807 3516 1871 3567 ad
1921 3517 2163 3569 cmlitum
2200 3516 2413 3568 laudem
2467 3515 2845 3566 decantantnr.
2884 3513 3077 3567 Multos
3113 3511 3165 3564 in
3200 3510 3449 3564 hrcresim
3478 3511 3656 3579 lapsos
3686 3512 3754 3564 ad
3784 3512 3979 3565 catho-

746 3594 901 3647 licam
937 3596 1093 3650 ﬁdem
1132 3600 1425 3661 revocavit,
1461 3601 1766 3669 tnnllosque
1798 3619 1824 3654 a
1851 3603 2029 3655 szcenli
2088 3603 2353 3654 illecebris
2378 3610 2612 3667 ereptos,
2650 3601 2964 3652 monasticze
2992 3599 3112 3650 vita:
3146 3595 3376 3649 addixit.

819 3706 887 3758 At
930 3706 1057 3760 dum
1100 3709 1152 3761 in
1182 3709 1266 3763 his
1315 3711 1536 3764 sedulus
1586 3711 1893 3773 insndabat,
1940 3712 2123 3782 inclyti
2163 3712 2273 3765 -viri
2303 3712 2512 3764 labores
2566 3708 2875 3763 exturbavit
2935 3706 3266 3776 Theophilus
3303 3716 3596 3775 imperator
3632 3708 3781 3778 (non
3836 3709 3987 3764 Con-

745 3796 1022 3849 stantinus
1049 3798 1451 3868 Copronymus,
1482 3809 1539 3851 ut
1562 3814 1625 3851 ex
1652 3800 1810 3851 citata
1844 3800 2165 3853 llensehenii
2190 3811 2239 3853 et
2270 3799 2625 3867 Papebroehii
2677 3798 3036 3866 correctione)
3072 3797 3164 3865 qtti
3194 3805 3247 3850 et
3278 3797 3392 3865 ipse
3447 3797 3618 3849 sacris
3652 3800 3992 3865 imaginibus

745 3881 1014 3946 infensus,
1043 3882 1342 3953 Josephum
1373 3886 1683 3954 evangelica
1720 3888 1966 3938 libertate
2007 3888 2447 3951 eoneionantem,
2490 3887 2541 3938 in
2598 3886 2849 3939 exsilium
2905 3885 3073 3954 ejicit,
3124 3884 3176 3937 in
3227 3899 3336 3952 quo
3390 3882 3513 3935 forti
3568 3884 3753 3937 animo
3800 3887 3987 3939 exsilii

736 3986 1008 4025 zrumnas
1049 3988 1337 4040 perpessus
1359 3984 1459 4037 est,
1493 3974 1793 4042 usquedum
1828 3989 1856 4026 a
1898 3974 2154 4028 lllichaele
2181 3975 2513 4041 imperatore
2536 3973 3065 4041 ConstantinOpolim
3087 3981 3391 4025 revocatur.
3414 3971 3542 4024 Inde
3562 3973 3763 4039 spretis
3798 3973 3989 4039 digni-

741 4060 941 4113 tatibus
971 4058 1110 4113 ultro
1132 4062 1234 4114 sibi
1264 4061 1482 4124 oblatis,
1516 4063 1899 4114 ecclesiastica:
1924 4062 2275 4129 supellectilis
2304 4064 2604 4117 custodiam
2647 4064 2875 4129 accepit,
2912 4071 2971 4115 ut
2996 4061 3205 4130 Ignalio
3261 4060 3598 4114 Patriarcha:
3635 4061 3997 4129 obtempera-

742 4157 823 4199 ret
858 4166 869 4198 :
904 4148 991 4199 hic
1023 4148 1167 4200 enim
1200 4146 1421 4216 Iosephi
1451 4149 1864 4201 sanctimoniam
1896 4148 2305 4217 doctrinamque
2337 4153 2698 4222 perpendens,
2730 4153 2781 4204 in
2813 4151 3207 4221 pertractandis
3240 4150 3494 4205 Ecclesiae
3535 4151 3768 4220 negotiis
3800 4153 3981 4219 ipsum

736 4235 995 4289 adhibere
1052 4236 1323 4303 cupiebat,
1375 4237 1517 4303 quod
1571 4252 1634 4289 ex
1664 4237 1861 4289 collato
1907 4252 2127 4290 munere
2178 4239 2412 4294 obtinuit
2451 4260 2462 4292 :
2499 4242 2725 4306 ideoque
2759 4242 2809 4292 in
2854 4240 3018 4293 rebus
3062 4238 3397 4292 difﬁcillimis
3453 4238 3652 4306 smpius
3678 4237 3983 4307 Joscphnm

736 4322 1077 4380 consulebat.
1099 4333 1150 4375 et
1177 4323 1244 4375 ab
1269 4323 1388 4390 ejus
1427 4339 1519 4376 ore
1575 4324 1806 4377 dulciter
1852 4324 2133 4392 pendebat.
2182 4326 2612 4393 Acceptissimus
2632 4328 2795 4380 etiam
2826 4326 3019 4380 Photio
3046 4326 3353 4380 successori
3392 4324 3513 4391 fuit,
3550 4326 3639 4393 qui
3676 4324 3983 4393 Josephum

733 4427 793 4461 ea
830 4411 1257 4477 prosequebatur
1284 4411 1661 4475 :estimatiune,
1702 4422 1756 4463 ut
1785 4412 1962 4479 ipsum
1993 4413 2290 4480 appellaret
2328 4413 2540 4469 Patrem
2596 4415 2838 4479 Patrum,
2865 4426 2917 4469 et
2952 4416 3228 4469 hominem
3264 4414 3394 4467 Dei:
3430 4425 3686 4483 tanquam
3720 4415 3980 4483 angelum

738 4498 1121 4555 venerabatur.
1154 4498 1239 4549 cui
1262 4508 1312 4550 et
1349 4498 1599 4551 Ecclesia
1626 4501 1835 4567 negotia
1869 4500 2252 4564 demandabat,
2290 4518 2589 4570 omnesque
2641 4503 2895 4556 Ecclesia:
2937 4502 3198 4571 primates
3234 4502 3573 4563 hortabatur,
3608 4509 3667 4554 ut
3718 4503 3979 4555 eumdem

736 4584 901 4637 veluti
942 4585 1346 4638 sanctissimum
1377 4584 1588 4637 Patrem
1642 4588 1961 4647 recolet-ent,
1984 4598 2032 4640 et
2063 4589 2161 4654 ipsi
2213 4591 2408 4643 mentis
2451 4606 2646 4643 arcana
2702 4591 3048 4659 detegerem;
3084 4590 3228 4656 quod
3255 4589 3511 4642 libentius
3541 4589 3932 4657 perpetrabant
3963 4607 3977 4641 :

737 4672 1048 4740 prophetiCa
1084 4674 1225 4725 enim
1249 4674 1366 4726 luce
1400 4673 1676 4740 perfusum
1714 4674 1919 4736 experti
1974 4686 2122 4739 sunt,
2155 4692 2265 4744 quo
2305 4677 2551 4730 cordium
2604 4677 2898 4744 penetralia
2948 4676 3177 4729 rimabat
3204 4693 3218 4729 :
3250 4674 3521 4744 Josephus
3556 4686 3735 4728 autem
3780 4689 3982 4729 omnes

736 4763 800 4814 al
840 4770 1039 4813 rectam
1081 4759 1292 4813 Domini
1322 4760 1462 4813 viam
1487 4761 1763 4828 dirigebat.
1799 4759 2041 4815 Tandem
2074 4764 2313 4831 undique
2341 4766 2728 4819 celeberrimus
2768 4764 3081 4828 virtutibus,
3104 4779 3181 4824 _ac
3211 4762 3573 4817 sanctimonia
3608 4763 3977 4825 clarissimus,

738 4850 805 4902 ab
834 4849 1023 4917 angelo
1054 4850 1417 4903 commonitus
1440 4858 1540 4912 cst,
1570 4850 1672 4901 sibi
1715 4850 1917 4903 inStare
1949 4852 2137 4904 mortis
2163 4852 2304 4905 diem
2345 4871 2359 4918 ;
2394 4853 2625 4923 ideoque
2659 4854 2910 4907 omnibus
2932 4852 3147 4921 rejectis
3178 4853 3347 4914 curis,
3380 4851 3445 4903 ad
3466 4850 3639 4917 ipsam
3672 4848 3982 4905 ferventius

738 4953 798 4989 se
828 4939 1054 5004 paravit,
1079 4951 1140 4989 ac
1172 4936 1386 4989 tandem
1427 4938 1490 4989 ad
1519 4939 1714 4991 cadum
1746 4939 1996 5004 evolavit,
2028 4940 2078 4991 in
2113 4956 2220 4992 nuo
2254 4942 2481 5009 Deipara
2516 4942 2831 5010 ctelitesque
2872 4956 3085 5007 onmes,
3114 4954 3347 5008 quorum
3416 4938 3591 5007 elogia
3640 4938 3981 4992 decantave-

739 5035 839 5086 rat,
872 5041 1084 5079 summo
1115 5028 1319 5080 honore
1350 5042 1629 5096 excepere,
1671 5028 1704 5081 5
1732 5028 1931 5096 Aprilis
1961 5045 2104 5082 anno
2135 5030 2257 5083 833.

810 5134 863 5187 Si
899 5134 1051 5203 plura
1090 5136 1222 5188 tanti
1246 5137 1348 5190 viri
1388 5138 1563 5205 cupis,
1592 5139 1815 5192 consule
1838 5140 1957 5206 ejus
1992 5140 2170 5194 Vitam
2206 5157 2233 5195 a
2267 5140 2476 5195 Joanne
2512 5139 2748 5194 Diacono
2771 5140 3049 5209 scriptam,
3077 5137 3217 5207 apud
3243 5135 3527 5191 Octavium
3555 5136 3880 5195 Caetanum.
3916 5153 3971 5190 In

742 5223 881 5277 Vitis
910 5221 1012 5275 SS.
1050 5224 1356 5277 Siculorum
1383 5264 1397 5287 ,
1464 5235 1597 5279 tom.
1644 5228 1699 5288 ll,
1730 5228 1876 5294 p.43,
1909 5229 1976 5281 ab
2005 5245 2070 5281 eo
2098 5231 2327 5298 primum
2359 5230 2460 5282 sub
2484 5228 2739 5294 anonymi
2760 5228 3043 5295 scripturis
3064 5226 3283 5298 nomine
3303 5225 3524 5288 editam,
3552 5239 3616 5278 ex
3643 5240 3746 5278 ms.
3781 5226 3981 5277 codice

736 5312 924 5366 Gra’co
952 5314 1262 5365 monasterii
1287 5312 1344 5366 S.
1382 5313 1680 5368 Salvatoris
1711 5314 1989 5380 Messanae,
2016 5296 2415 5387 abiAngustino
2466 5316 2667 5369 Florito
2689 5332 2802 5368 soe.
2834 5317 2952 5381 jesu
3002 5296 3290 5367 Latinitate
3329 5314 3618 5373 donatam;
3649 5314 3841 5365 exinde
3874 5313 3981 5366 sub

735 5397 962 5453 Joannis
998 5399 1218 5454 Diacuni
1253 5404 1471 5454 nomine
1496 5404 1738 5455 eamdem
1782 5406 1834 5455 in
1872 5404 2043 5457 lucem
2076 5408 2307 5461 emisere
2350 5407 2721 5462 llenschenius
2753 5416 2806 5459 et
2836 5405 3259 5473 Papebrochius,
3296 5404 3347 5455 in
3379 5403 3529 5455 Artis
3555 5401 3654 5454 SS.
3682 5402 3716 5455 5
3746 5402 3976 5470 Aprilis,

738 5505 770 5557 p
820 5488 947 5550 269;
976 5488 993 5556 (
1030 5489 1079 5541 hi
1100 5490 1261 5542 etiam
1294 5488 1470 5542 Vitam
1508 5507 1553 5542 s.
1579 5489 1797 5557 Josephi
1828 5508 1891 5545 ex
1934 5490 2251 5562 Synaxariis
2283 5512 2411 5549 mss.
2445 5495 2662 5549 edidere
2697 5510 2750 5564 p.
2780 5492 2930 5562 266;)
2958 5493 3203 5546 eamdem
3232 5494 3395 5543 etiam
3421 5506 3483 5542 ex
3524 5490 3850 5557 perantiqno
3882 5505 3977 5539 co.

737 5580 854 5630 dice
873 5578 1217 5633 Bibliotheca:
1251 5578 1521 5633 Vaticanze
1554 5580 1605 5633 in
1641 5580 1892 5634 Latinum
1922 5584 2237 5636 translatam
2272 5601 2297 5637 a
2329 5584 2602 5637 Ludovico
2630 5583 2923 5635 Marraccio
2951 5595 2980 5633 e
3008 5581 3424 5648 congregatione
3450 5578 3645 5631 Clerie.
3677 5578 3847 5646 regnl.
3873 5578 3979 5630 ιιη.

739 5668 838 5718 tris
870 5665 979 5728 Dei,
1011 5666 1176 5719 edidit
1211 5667 1530 5736 Hippolytus
1564 5667 1892 5723 Marraccius
1928 5668 2113 5737 frater,
2148 5673 2388 5737 ejusdem
2419 5672 2871 5743 Congregationis
2905 5671 3161 5723 sacerdos
3195 5670 3245 5721 in
3284 5668 3507 5721 Mariali
3539 5668 3711 5735 ipsius
3737 5664 3797 5719 S.
3822 5666 3979 5720 ,Ιυεν-

737 5756 847 5821 phi,
877 5755 967 5821 qui
1001 5766 1053 5806 et
1080 5770 1141 5807 ca
1178 5771 1297 5823 quae
1330 5757 1381 5808 in
1418 5756 1730 5809 Gramerum
1774 5756 1988 5813 Menaeis
2028 5776 2089 5812 ac.
2141 5761 2455 5829 illenologiis
2485 5761 2549 5813 de
2578 5759 2814 5829 Juscpho
2867 5759 3151 5818 habentur,
3196 5757 3486 5809 lectoribus
3516 5755 3782 5807 exhibuit.
3815 5754 3888 5805 De
3911 5768 3976 5805 eo

732 5844 894 5897 etiam
930 5842 1199 5913 Josepltus
1240 5842 1579 5910 Perdiearus,
1608 5847 1659 5900 iu
1706 5845 1853 5903 l'itis.
1882 5848 1981 5906 SS.
2016 5848 2337 5915 Siculorum,
2364 5866 2414 5919 p.
2437 5850 2571 5913 262;
2595 5848 2950 5918 Hieronymus
2970 5846 3202 5916 Bascapc
3223 5844 3556 5913 Epltcmcrid.
3576 5843 3726 5898 Sacr.
3762 5843 3795 5897 3
3814 5842 3976 5912 Apti-
