4164 6456
196 450 300 515 929
1628 444 1840 507 ΝΟἸῚΊ

1775 444 1960 506 ῙΤΙΛ.
3313 438 3419 509 930

198 567 265 619 lis
293 581 322 619 a
355 580 475 633 pag.
501 565 589 630 3|;
622 563 810 618 Simon
844 563 1306 634 Wztngnererkius
1341 561 1393 615 in
1447 559 1848 631 Prolegomenis
1875 560 1938 611 all
1987 558 2236 611 Pietatem
2277 556 2570 611 Matianum
2614 558 2935 619 (.‘rwcorum,
2962 572 3014 609 n.
3041 554 3131 617 22;
3164 556 3251 622 qui
3277 556 3420 610 duos

197 652 486 718 distinguit
528 650 794 720 Iosephus
823 651 1281 722 hymnographos,
1322 664 1552 717 quorum
1580 663 1742 705 unus.
1783 644 1843 697 S.
1879 644 2146 698 Theodori
2183 644 2410 698 Sttnlita:
2447 644 2629 707 frater,
2658 640 3414 714 episcopusThessalonici-n-

198 738 297 799 sis,
324 740 461 791 alter
492 747 675 791 noster
704 739 922 791 Siculus
951 756 965 805 ;
1001 748 1053 791 ct
1081 739 1205 791 huic
1241 736 1589 789 ascribcmlos
1618 744 1768 803 putat
1788 748 2025 787 canones
2054 734 2144 802 qui
2176 733 2225 784 in
2261 732 2570 786 Graecorum
2598 732 2813 787 Metueis
2834 733 3037 786 nudum
3071 730 3291 799 Iosephi
3321 746 3417 783 no-

198 842 321 879 men
355 827 682 896 punit-runt;
714 827 941 895 ejusque
962 828 1242 880 sententiae
1275 826 1550 879 adhaerent
1582 821 1954 875 Ilenschenius
1976 828 2028 872 ct
2055 819 2474 887 Papebrochius.
2510 821 2561 872 in
2609 836 2807 875 comm.
2866 820 3066 889 praevio
3116 822 3184 871 ad
3235 816 3414 871 Vitam

200 914 229 985 ς
260 915 315 977 2,
362 932 417 968 ιι.
443 914 506 967 10
526 925 580 968 et
609 916 693 969 11.
729 914 860 970 Vide
897 915 1058 968 etiam
1088 913 1349 968 Iacobum
1400 913 1544 966 Goar
1576 912 1626 963 itt
1659 908 1941 964 Glossario
1966 908 2029 960 ad
2090 905 2299 960 Ritnale
2343 906 2671 968 Graecorum,
2725 906 3074 960 Marraccium
3110 906 3334 960 citatum
3363 906 3416 958 itt

205 1007 461 1061 Biblioth.
503 1006 773 1069 Mariana,
811 1017 950 1074 part.
983 1007 1019 1060 Ι.
1051 1022 1104 1076 p.
1134 1004 1268 1066 8‘22,
1310 1003 1570 1057 Joannem
1609 1000 1805 1055 Nadasi
1841 999 2061 1052 inAnno
2099 999 2571 1067 rmlcstiSaprilis;
2613 999 2841 1051 Leonem
2866 998 3118 1053 Allatium
3164 997 3236 1052 De
3270 997 3418 1051 libris

197 1097 567 1148 ecclesiasticis
597 1094 897 1148 ercorum
926 1096 1053 1148 diss.
1088 1095 1170 1157 1.;
1202 1092 1549 1146 Franciscum
1583 1102 1854 1143 carreram
1886 1088 1936 1139 in
1983 1086 2175 1140 Paulli.
2208 1086 2387 1139 Siculo
2420 1103 2470 1154 p.
2502 1086 2615 1149 75.,
2640 1085 2916 1139 Bocchum
2937 1085 3147 1139 Pirrutn
3183 1087 3236 1139 in
3259 1087 3415 1139 nolit.

202 1182 406 1236 Ecclcs.
439 1180 811 1250 Syracusanm,
846 1197 897 1250 p.
936 1182 1057 1245 139;
1092 1179 1355 1233 leomam
1377 1179 1640 1231 Strotium
1671 1179 1723 1229 in
1752 1177 2115 1232 Controversia
2146 1177 2386 1244 Concept.
2431 1187 2569 1245 part.
2600 1194 2636 1237 t.
2666 1178 2757 1230 lib.
2785 1176 2844 1241 ll,
2870 1192 2991 1244 cap.
3026 1176 3110 1238 19,
3142 1192 3193 1241 p.
3229 1177 3422 1237 163,et

198 1284 319 1335 cap.
360 1268 444 1322 20.
478 1287 530 1335 ιι.
565 1270 686 1333 165ς
753 1269 1061 1322 Miehat-lcm
1108 1267 1368 1336 Attgt'lttttl
1413 1265 1832 1319 Mancbarusutn
1874 1268 1925 1320 in
1976 1266 2299 1320 Kalcndario
2346 1264 2703 1335 Syracusano;
2756 1265 3052 1319 (laetauunt
3110 1265 3332 1317 citatum
3365 1266 3420 1319 in

200 1356 411 1421 lsagog.
443 1356 511 1407 ad
535 1357 657 1408 hist.
688 1356 856 1410 Sicnl.
896 1371 945 1410 c.
973 1356 1063 1419 56,
1097 1372 1149 1407 ιι.
1174 1355 1264 1419 21,
1291 1354 1380 1417 εδ,
1408 1354 1671 1423 aliasque.

270 1438 498 1509 Scripsit
525 1440 798 1509 Iosvphus
834 1459 848 1495 :

276 1527 409 1597 Hgm
421 1546 513 1582 nos
545 1533 869 1590 innumeros,
899 1544 963 1581 ex
986 1528 1186 1596 quibus
1209 1528 1605 1598 Hymnograplti
1634 1544 1827 1583 nomen
1844 1528 2069 1596 accepit.
2092 1527 2152 1580 in
2169 1526 2555 1579 ecclesiasticis
2579 1525 2889 1578 Gram-orum
2910 1526 3063 1579 libris
3080 1524 3252 1580 (ΣΟον
3272 1529 3424 1597 Itym-

201 1629 305 1667 nos
331 1615 351 1680 (
380 1630 520 1683 quos
547 1616 710 1669 etiam
746 1631 984 1670 canones
1010 1620 1225 1680 vocant)
1262 1632 1355 1683 μυι-
1388 1617 1502 1669 dies
1528 1616 1844 1685 dispositos,
1866 1630 1925 1666 ac
1957 1632 2049 1682 per
2076 1614 2202 1666 anni
2251 1612 2514 1665 ambitum
2546 1613 2614 1663 ab
2641 1614 2880 1665 Ecclesia
2913 1612 3099 1666 Graeca
3147 1614 3424 1667 decantari

199 1701 394 1754 seditos
421 1702 686 1756 contineri
708 1711 937 1757 testatur
957 1701 1226 1756 Caetanus
1252 1702 1343 1756 cit.
1375 1703 1427 1755 ιιι
1457 1703 1694 1758 animad.
1727 1702 1880 1759 Tom.
1902 1703 1940 1757 ll
1965 1701 2063 1756 SS.
2092 1700 2321 1755 Siculor.
2353 1716 2403 1770 p.
2436 1700 2592 1764 18,ιι.
2619 1700 2709 1765 20,
2731 1710 2785 1753 et
2817 1698 3139 1755 Perdicarus
3175 1703 3281 1757 loc.
3325 1703 3424 1756 cit.

204 1803 261 1855 p.
288 1787 415 1847 991,
440 1803 663 1857 nempe:

274 1875 516 1929 Canones
573 1874 669 1930 XC
689 1874 760 1928 γι
788 1876 841 1929 in
878 1874 1228 1929 Paracletico.
1254 1872 1413 1929 Liber
1444 1886 1527 1930 est
1553 1877 1883 1942 Grmcorum,
1914 1876 2004 1946 qtti
2034 1874 2276 1944 quotidie
2308 1873 2522 1943 aliquod
2558 1875 2890 1930 recitandum
2928 1876 2979 1929 in
3015 1877 3184 1930 choro
3211 1876 3430 1930 exhibet

204 1963 273 2015 ad
302 1964 537 2017 aliorum
572 1965 832 2019 librorum
864 1962 1461 2033 diﬂ‘erentiatn,quibus
1497 1966 1716 2020 statutis
1743 1964 2074 2035 temporibus
2120 1970 2368 2026 utuntur,
2401 1976 2465 2015 ex
2504 1960 2686 2016 Leone
2710 1964 2907 2016 Allatio
2939 1963 3011 2017 De
3031 1963 3181 2017 libris
3221 1961 3429 2017 σηπο-

203 2066 346 2114 rum,
387 2053 607 2107 dissert.
640 2053 691 2116 1,
721 2069 773 2122 p.
805 2053 893 2109 68.

279 2137 529 2193 Canoncs'
562 2139 716 2194 XXX
736 2141 774 2195 V
806 2143 858 2196 in
888 2142 1129 2199 Triodio.
1158 2143 1316 2198 Liber
1345 2141 1434 2197 hic
1465 2141 1740 2196 recitanda
1772 2140 1827 2194 in
1859 2140 2029 2195 choro
2063 2153 2092 2191 a
2132 2136 2540 2206 Septuagesima
2574 2152 2747 2205 usque
2786 2135 2852 2190 ad
2889 2136 3184 2193 Sabhatum
3212 2139 3432 2210 Majoris

204 2224 576 2280 Hebdomadae
637 2230 1042 2299 complectitur,
1071 2247 1134 2285 es
1173 2230 1371 2285 Allatio
1400 2230 1497 2286 cit.
1525 2229 1746 2284 dissert.
1777 2231 1828 2291 1,
1880 2242 1933 2297 p.
1971 2225 2077 2291 69;
2110 2234 2163 2279 et
2214 2223 2549 2278 Marraceius
2579 2224 2631 2278 in
2671 2223 2881 2279 Mariali
2922 2225 3142 2282 XXXVI
3176 2243 3206 2282 a
3250 2244 3303 2298 p.
3336 2230 3431 2285 30!

205 2313 276 2365 ad
316 2313 443 2375 322,
473 2327 539 2367 ex
576 2315 764 2369 eodem
801 2318 938 2372 libro
959 2319 1199 2372 exhibet.

279 2398 521 2454 Canones
563 2398 603 2452 V
633 2404 684 2455 in
716 2401 1142 2460 Pentecostario.
1181 2404 1339 2458 Liber
1381 2414 1464 2459 est
1487 2402 1803 2457 Graecorum
1830 2398 1921 2469 qui
1955 2398 2235 2455 recitanda
2260 2397 2316 2451 in
2355 2398 2525 2452 choro
2561 2414 2592 2453 a
2626 2397 2833 2454 Pascha
2880 2415 3051 2470 usque
3088 2402 3154 2455 ad
3184 2410 3432 2457 octavam

205 2485 561 2542 Pentecostes
596 2490 860 2555 continet,
890 2507 955 2546 ex
992 2494 1193 2546 Allatio
1220 2473 1311 2548 cit.
1344 2488 1396 2561 p‘I
1428 2491 1494 2543 ’Π
1528 2498 1584 2543 et
1608 2489 1699 2543 78.

277 2578 544 2632 Cononem
574 2577 604 2631 I
639 2582 689 2633 iu
722 2579 1029 2651 Horologio,
1064 2583 1207 2652 quod
1234 2597 1373 2636 toetn
1394 2590 1477 2635 est
1506 2596 1569 2634 ac
1613 2578 1802 2632 Latine
1851 2578 2132 2639 diurnum,
2206 2592 2270 2631 ex
2304 2576 2496 2631 eodem
2530 2576 2725 2631 Allatio
2752 2577 2843 2631 cit.

277 2665 521 2719 Canoncs
560 2666 691 2721 ΕΔΑ
718 2666 853 2722 VIII
898 2669 950 2722 in
996 2670 1233 2723 Mensis.
1263 2668 1492 2722 Codices
1518 2677 1644 2722 sunt
1668 2666 1979 2725 duodecim.
2001 2666 2155 2734 juxta
2186 2666 2471 2720 duodecim
2493 2668 2620 2719 anni
2641 2680 2854 2720 menses
2875 2666 3136 2732 distincti,
3169 2666 3220 2720 in
3238 2667 3436 2736 quibus

205 2752 458 2819 quotidie
487 2754 826 2809 decantanda
856 2757 1004 2809 horis
1027 2755 1309 2809 canonicis
1334 2755 1398 2808 ad
1448 2753 1563 2817 Dei,
1598 2752 1841 2822 Deiparae
1873 2768 1935 2805 ac
1969 2764 2281 2806 sanctorum
2326 2754 2539 2807 laudem
2590 2755 2962 2818 continentur,
3000 2771 3065 2809 es
3118 2757 3315 2810 Allatio
3336 2759 3432 2810 cit.

210 2853 242 2905 p
298 2838 387 2892 78.
417 2837 521 2893 Sed
557 2841 696 2893 haud
723 2843 1242 2909 praitermittentlum
1278 2849 1408 2909 puto
1426 2855 1488 2893 ex
1512 2840 1701 2894 eodem
1728 2855 1780 2907 p.
1811 2839 1901 2902 8|,
1939 2838 1996 2892 S.
2026 2838 2248 2909 Iosephi
2284 2840 2536 2910 hymnos,
2563 2840 2819 2895 omnibus
2841 2842 3069 2895 aliorum
3097 2841 3433 2908 Graacorutn,

206 2926 303 2994 qui
346 2925 403 2979 in
435 2926 567 2994 ipsis
602 2926 820 2983 lena-is
845 2931 1275 2998 comperiuntur,
1303 2927 1732 2998 anteponendos.
1767 2925 1877 2979 lmo
1906 2926 2025 2994 ejus
2055 2924 2191 2980 Vita;
2217 2926 2520 2995 scriptores
2555 2928 2797 2991 tradunt,
2831 2936 3016 2996 poetas
3033 2929 3437 2999 scriptoresque

206 3027 404 3066 omnes
433 3024 553 3081 post
576 3015 751 3081 ipsum
784 3016 1056 3081 ﬂorentes,
1082 3031 1204 3085 quae
1252 3016 1554 3068 venustatis
1577 3023 1630 3067 et
1655 3013 2036 3067 concinnitatis
2069 3014 2289 3078 habent,
2316 3014 2498 3067 omnia
2529 3028 2595 3067 ex
2634 3013 2853 3082 Iosephi
2904 3016 3139 3085 hymnis,
3177 3027 3435 3085 tanquam

208 3114 274 3150 ex
310 3100 517 3153 caelos-ti
547 3102 849 3155 auril'odtna
889 3103 1117 3159 eruisse.
1163 3102 1233 3155 Ex
1266 3104 1347 3155 his
1375 3101 1629 3155 omnibus
1659 3100 1831 3161 libris.
1870 3100 2096 3167 aliisque
2129 3100 2559 3154 is.codicibus
2586 3101 2973 3154 celeberrimus
3000 3104 3099 3163 vir.
3121 3103 3437 3172 etiDeiparre

208 3186 642 3257 cultorinclytus
659 3187 981 3256 Hippolytus
1008 3189 1304 3242 Marracius
1348 3187 1609 3241 Lucensis
1628 3187 1855 3256 hymnos
1871 3188 2081 3255 Collegit
2105 3203 2295 3242 omnes
2316 3186 2555 3251 Graecos,
2579 3204 2715 3257 quos
2750 3188 2810 3243 S.
2834 3187 3101 3259 Iosephus
3118 3190 3168 3243 in
3196 3190 3436 3261 Deiparu:

208 3273 427 3326 laudem
452 3277 668 3337 cecinit.
686 3285 744 3330 et
762 3274 1051 3329 Latinitate
1067 3278 1297 3329 donatos
1315 3274 1423 3329 fere
1449 3290 1639 3329 omnes
1661 3290 1688 3327 a
1708 3274 1980 3327 Ludovico
2005 3274 2191 3327 Marrac
2212 3276 2297 3328 cio
2310 3276 2429 3342 ejus
2447 3274 2631 3339 fratre,
2649 3277 2834 3338 edidit,
2857 3278 3102 3344 notisque
3150 3278 3357 3332 illustra
3398 3280 3438 3334 it

208 3359 315 3412 hoc
349 3362 599 3428 apposito
642 3364 796 3416 titulo
830 3380 844 3416 :
878 3362 938 3416 S.
966 3361 1179 3431 Iosephi
1207 3362 1608 3432 hymnographi,
1660 3360 1848 3423 Siculi,
1894 3361 2253 3429 Syracusani,
2282 3361 2498 3416 Ordinis
2533 3363 2595 3414 ι).
2649 3362 2840 3415 Basilii
2877 3366 3140 3428 monachi,
3186 3364 3434 3432 Hariale,

204 3464 310 3516 quo
338 3448 572 3515 ejusdem
601 3448 662 3503 S.
682 3450 895 3518 Iosephi
926 3451 989 3503 de
1032 3451 1413 3519 augustissima
1442 3449 1557 3502 coeli
1581 3458 1831 3518 terra'que
1859 3447 2051 3516 Regina
2079 3448 2305 3517 Dcipara
2328 3450 2524 3518 virgine
2557 3448 2753 3513 Maria,
2779 3465 2933 3517 opera
2952 3453 3129 3503 omnia
3156 3468 3270 3521 qua
3294 3470 3436 3521 repe-

207 3536 305 3587 riri
335 3546 641 3602 potuerunt,
671 3553 734 3591 es:
753 3536 951 3592 ercis
977 3553 1101 3590 mss.
1133 3537 1401 3589 codicibus
1448 3536 1669 3588 collecta
1697 3574 1713 3599 ,
1756 3534 1940 3587 Latine
1972 3535 2198 3600 reddita,
2248 3537 2484 3605 notisque
2537 3536 2829 3601 illustrata,
2882 3554 3019 3590 nunc
3067 3542 3234 3605 primo
3267 3541 3439 3609 publi-

202 3633 419 3682 (ωηατ,
442 3625 618 3676 studio
651 3641 713 3677 ac
743 3625 919 3677 labore
950 3623 1015 3678 P.
1051 3623 1327 3693 Hippolyti
1364 3622 1678 3683 Marraccii,
1710 3621 1982 3685 Lucensis,
2021 3638 2048 3674 e
2090 3625 2492 3691 congregatione
2508 3625 2632 3675 cler.
2676 3624 2841 3692 regul.
2889 3623 3077 3678 Matris
3106 3625 3217 3692 Dei,
3238 3625 3436 3692 Romw,

204 3712 348 3778 typis
378 3708 578 3779 Ignatii
601 3711 664 3764 de
688 3709 929 3777 Lazaris,
965 3710 1121 3773 1661,
1159 3712 1215 3763 in
1252 3712 1307 3766 8.
1333 3711 1496 3764 Addit
1532 3724 1588 3763 et
1619 3711 1734 3777 ipse
1760 3709 2120 3774 Marraccius,
2158 3711 2210 3763 in
2242 3711 2389 3765 notis
2420 3712 2601 3780 μηδ,
2638 3712 2866 3782 hymnos
2902 3716 3103 3767 tnultos
3135 3718 3356 3783 reperiri
3384 3719 3435 3769 in

206 3812 344 3850 mss.
379 3798 664 3851 codicibus
692 3798 1031 3853 bibliotheca:
1080 3798 1415 3861 Barberinaa,
1444 3798 1535 3866 qui
1570 3800 1621 3850 in
1650 3797 1812 3851 editis
1841 3798 2158 3851 Graecorum
2196 3798 2413 3853 Menaeis
2444 3801 2868 3867 desiderantur;
2908 3812 2958 3855 et
2997 3818 3119 3871 pag.
3153 3803 3255 3857 I88
3271 3804 3441 3859 υιιςιι

204 3886 306 3947 ait,
338 3885 484 3953 quod
516 3886 567 3937 in
601 3883 823 3938 Triodio
848 3900 951 3940 ms.
983 3884 1429 3952 Graecoejusdem
1455 3885 1703 3937 biblioth.
1740 3900 1793 3936 ιι.
1828 3886 1950 3946 118,
1981 3885 2163 3955 hymni
2186 3895 2403 3940 exstant
2442 3888 2708 3952 nonnulli,
2741 3888 2831 3955 qui
2860 3888 3195 3957 iuimpresso
3218 3891 3282 3944 Tt
3297 3893 3441 3945 iodio

205 3986 317 4023 non
346 3972 713 4039 reperiuntur.
745 3974 900 4042 Apud
937 3973 1221 4027 Octavium
1258 3971 1558 4025 Caetanutn
1588 3972 1639 4024 in
1683 3970 1813 4025 Vitis
1841 3969 1948 4026 SS.
1983 3973 2309 4039 Siculorum,
2335 3973 2449 4028 haec
2478 3974 2531 4029 in
2554 3974 2809 4028 Latiutuu
2845 3990 2998 4031 versa
3027 3977 3097 4031 ab
3135 3976 3444 4048 Augustino

202 4056 415 4112 Florito
446 4059 705 4115 soe.Iesu
732 4062 1022 4124 habentur,
1045 4076 1237 4130 nempe
1262 4080 1275 4115 ;
1568 4130 1571 4131 ν

272 4146 533 4215 Antiquae
556 4148 689 4202 odes
712 4147 1072 4217 fragmentum
1105 4149 1156 4202 in
1195 4151 1252 4204 S.
1279 4150 1611 4205 Marcianum
1648 4153 1961 4223 episcopum
1996 4151 2585 4222 Syracusanmn.’l'om.
2622 4156 2673 4220 1,
2701 4169 2752 4225 p.
2786 4157 2837 4209 7.

273 4234 334 4285 In
361 4234 421 4287 S.
452 4237 762 4303 pontiﬁcem
789 4236 1138 4292 Pancratium
1165 4239 1421 4310 hymnus.
1449 4241 1521 4294 ib.
1555 4256 1608 4309 p.
1644 4240 1731 4294 15.

274 4321 336 4376 In
368 4321 428 4376 S.
455 4320 714 4377 Nicouem
744 4335 1033 4395 martyrem
1068 4326 1323 4396 hymnus,
1349 4327 1479 4383 ibid.
1510 4344 1563 4398 p.
1600 4326 1672 4381 45
1701 4367 1715 4382 .

274 4409 333 4461 In
368 4410 427 4462 S.
460 4407 709 4478 Euplium
742 4412 998 4481 hymnus,
1042 4411 1171 4465 ibid.
1209 4429 1261 4480 p.
1304 4413 1426 4467 “tt.

272 4495 523 4567 Hymnus
555 4498 829 4552 secundus
859 4498 909 4550 in
931 4497 987 4553 S.
1029 4499 1303 4568 Euplium,
1334 4500 1519 4569 ibitl.p.
1544 4500 1664 4554 112.

277 4584 530 4653 Hymnus
571 4587 625 4638 in
663 4583 721 4638 S.
756 4584 1043 4639 Fantiunm
1082 4601 1146 4639 ex
1176 4603 1279 4641 uis.
1310 4586 1498 4641 Graeco
1536 4589 1722 4641 codice
1768 4589 2081 4643 monasterii
2114 4589 2171 4645 S.
2203 4589 2437 4663 Philippi
2468 4589 2787 4663 Fragalatis,
2815 4594 2943 4648 ihid.
2976 4594 3159 4665 p.161.

276 4673 335 4726 In
368 4672 427 4726 ὃ.
458 4671 776 4741 Gregorium
800 4674 1211 4742 Agrigentinum
1243 4676 1556 4745 episcopum
1592 4677 1843 4746 hymnus.
1880 4675 2014 4730 lhid.
2057 4693 2109 4745 p.
2141 4677 2266 4733 218.

270 4760 333 4815 1η
366 4759 427 4814 S.
467 4758 703 4815 Leonem
743 4763 1054 4831 episcopum
1088 4762 1473 4827 Catanensem,
1506 4763 1739 4834 hymnus
1771 4764 1969 4829 tom.l!,
2024 4780 2076 4833 p.
2101 4765 2192 4821 26.

274 4851 523 4919 Denique
543 4854 681 4918 apud
699 4850 1049 4905 Laurentium
1069 4850 1286 4906 Surium
1316 4853 1369 4907 in
1393 4851 1529 4907 Vitis
1545 4853 1646 4908 SS.
1670 4854 1741 4907 24
1765 4854 1991 4924 Augusti
2016 4871 2069 4924 p.
2091 4856 2291 4925 254,|et
2312 4856 2589 4928 Aloysium
2616 4855 2973 4925 Lipomannm
2996 4858 3049 4911 in
3076 4858 3211 4913 Vitis
3243 4858 3340 4915 SS.
3370 4862 3444 4917 21

202 4939 437 5009 Augusti
480 4954 534 5008 p.
570 4939 695 5001 891,
729 4954 793 4992 ex
837 4939 1059 4993 Simone
1086 4939 1449 5009 Metaphraste
1480 4952 1657 4996 exstat
1682 4957 1862 4995 sermo
1883 4943 2173 5011 inscriptus
2205 4962 2219 4998 :
2266 4943 2482 5013 Iosephi
2529 4944 2744 4996 humilis
2773 4954 2822 4997 et
2865 4946 3069 4999 minimi
3117 4946 3355 5001 laudatio
3386 4949 3444 5003 in

200 5036 451 5080 sanctum
492 5028 793 5089 apostolum
824 5027 1293 5082 Bartholomwum.
1316 5027 1471 5083 Hunc
1496 5032 1666 5085 nostri
1698 5028 1919 5100 Iosephi
1948 5029 2114 5084 fetum
2147 5040 2340 5099 putant
2376 5031 2634 5086 Octavius
2665 5030 2944 5085 Caetanus
2987 5032 3040 5086 iu
3073 5035 3347 5090 animatlv.
3373 5037 3440 5089 ad

206 5124 335 5169 tom.
368 5117 409 5168 Ι.
461 5113 562 5168 SS.
595 5114 761 5168 Sicut.
794 5132 847 5184 p.
883 5115 1006 5176 154,
1035 5131 1087 5168 ιι.
1115 5116 1178 5180 6;
1210 5115 1331 5168 etin
1356 5117 1628 5171 animadv.
1664 5119 1730 5171 ad
1761 5125 1895 5171 tom.
1917 5117 1980 5177 ll.
2017 5114 2461 5187 p.l8;Ioscphus
2492 5116 2813 5172 Perdicurus
2837 5119 2890 5171 in
2924 5117 3055 5172 Vitis
3078 5118 3175 5173 SS.
3210 5120 3441 5175 Siculor.

204 5216 256 5270 p.
287 5199 435 5261 29‘;
474 5200 849 5255 llenscheuius
883 5210 936 5255 et
961 5200 1363 5270 Papehrochius
1421 5203 1473 5255 in
1506 5214 1752 5258 annotat.
1773 5203 1848 5258 'ad
1880 5203 1985 5256 \‘it.
2013 5202 2067 5255 S.
2092 5201 2314 5271 Iosephi
2352 5219 2402 5272 p.
2427 5204 2552 5258 274.
2593 5203 2655 5259 1Ιί
2686 5220 2814 5260 vero
2841 5207 2893 5258 in
2916 5217 3206 5260 cotnnuut.
3240 5209 3446 5277 pra-rio

202 5290 268 5342 ad
294 5289 546 5342 eamdem
581 5288 779 5349 Vitam,
802 5287 904 5361 δί,
936 5304 994 5343 n.
1034 5291 1120 5352 11,
1146 5304 1210 5342 ex
1239 5288 1436 5342 Allatio
1456 5289 1508 5342 in
1528 5290 1749 5345 dissert.
1768 5293 1835 5346 de
1860 5289 2195 5346 Grachibris
2221 5308 2273 5360 p.
2310 5292 2396 5357 11,
2428 5290 2645 5362 Iosephi
2674 5294 2843 5348 nostri
2868 5304 3078 5364 putant.

267 5377 526 5433 Canones
551 5378 619 5432 de
643 5375 702 5431 S.
728 5373 975 5442 Nicolao,
1002 5387 1285 5432 servantur
1313 5377 1497 5434 Graece
1523 5394 1657 5434 mss.
1712 5382 1896 5434 Romae
1962 5381 2016 5434 in
2072 5380 2735 5436 bibliotheca.Barberina.
