4164 6456
160 372 271 436 933

1706 385 1900 444 VlTA.

3310 387 3416 455 9‘34

154 485 625 555 πολιτευσάμενος
649 488 997 543 ἀνεπαύσατο
1021 493 1076 543 ὲν
1100 494 1292 564 Κυρίῳ
1323 512 1335 525 ·
1370 494 1586 565 λέγεται
1609 499 1715 569 γὰρ

1845 502 1999 555 datas
2032 501 2406 570 pronuntiare,
2434 510 2483 554 ct
2521 503 2756 570 prtebere
2784 501 3187 573 postulantibus
3240 506 3425 577 Itaque

152 576 241 627 ὅτι
304 578 339 646 ἡ
379 578 511 643 ἁγία
568 580 731 631 αὐτοῦ
783 580 951 651 ψυχὴ,
1023 584 1387 658 ὀψικευομένη
1421 590 1570 660 παρὰ
1630 593 1735 644 τῶν

152 667 337 733 ἁγίων
368 670 661 739 μαρτύρων
691 672 787 723 καὶ
829 674 1096 740 ἀγγέλων,
1150 678 1378 748 ἀνῆλθεν
1414 684 1469 732 ὲν
1510 685 1620 743 τοῖς
1648 685 1730 733 0'.-

151 762 371 827 ρανοῖς.
406 762 723 829 ’Δνθρωπὸς
745 782 848 831 τις,
883 767 1022 836 ἔχων
1054 769 1239 822 δοῦλον
1266 774 1556 842 χρήσιμον,
1587 777 1735 827 ἐπεξ-

151 867 267 918 περ
292 852 321 902 ὁ
344 851 529 914 δοῦλος
552 854 775 921 ἔφυγεν,
806 856 1056 909 ἀπελθὼν
1079 862 1105 912 ὁ
1136 862 1319 929 κύριος
1355 864 1518 917 αὑτοῦ
1545 868 1624 927 εἰς
1648 867 1738 917 τὸν

152 940 357 1006 ’Λγιον
393 943 668 1011 Θεόδωρον
712 946 806 997 τὸν
840 948 1184 1019 Φανερωτὴν,
1222 956 1524 1021 παρεκάλει
1565 958 1731 1011 αὐτὸν

149 1033 476 1100 φανερῶσαι
511 1038 600 1088 τὸν
636 1038 823 1090 δοῦλον
856 1042 1023 1093 αὑτοῦ
1048 1059 1066 1074 ο
1099 1046 1434 1113 προσμείνας
1456 1047 1510 1100 δὲ
1537 1051 1737 1113 ἱκανῶς

150 1125 251 1175 καὶ
290 1125 458 1193 μηδὲν
491 1127 696 1195 μαθὼν,
740 1129 1056 1184 ἐϐουλεύετο
1088 1136 1465 1204 ἀναχωρῆσαι.
1496 1140 1734 1209 ὈρΟρου

148 1216 206 1267 δὲ
258 1216 435 1279 ὄντος,
488 1221 579 1271 καὶ
614 1220 771 1287 λόγου
804 1222 1160 1292 ψυχωφε>οὖς
1198 1229 1731 1299 ἁναγινωσκομένου,

153 1309 357 1375 μικρὸν
388 1310 707 1375 ἀφύπνωσε,
767 1316 860 1366 καὶ
912 1314 1029 1383 ὥρα
1072 1317 1161 1368 τὸν
1221 1319 1471 1392 μάρτυρα
1506 1322 1733 1389 λέγοντα

149 1400 303 1468 αὐτῷ
330 1418 344 1431 ’
375 1400 491 1452 Ἰνα
540 1403 591 1454 τί
632 1406 928 1473 περέλυπος
963 1402 1054 1467 ei;
1116 1408 1221 1460 Τοῦ
1270 1412 1495 1480 ποιητοῦ
1539 1412 1731 1483 Ἰωσὴφ

149 1492 513 1563 κοιμηθέντος
548 1496 719 1565 ταύτῃ
752 1500 815 1567 τῇ
854 1501 1027 1563 νυκτὶ,
1082 1501 1341 1573 ὀψικεύθη
1374 1508 1404 1575 ἡ
1436 1505 1581 1576 ψυχὴ
1626 1509 1729 1560 αὑ-

145 1582 240 1635 τοῦ
296 1587 449 1654 παρὰ
488 1588 704 1640 πάντων
765 1591 938 1659 ἡμῶν,
981 1592 1077 1655 οὓς
1126 1597 1344 1647 κανίσιν
1401 1597 1493 1649 καὶ
1540 1598 1729 1667 ὕμνοις

146 1674 413 1745 ἐτίμησεν
437 1678 531 1728 καὶ
561 1678 888 1751 ἐσυνοψίσοη
926 1684 1004 1743 εἰς
1038 1683 1169 1735 Θεόν
1199 1701 1215 1716 ’
1247 1688 1338 1739 καὶ
1368 1688 1462 1741 νῦν
1490 1692 1727 1760 πάρειμι

147 1766 285 1834 πρὸς
321 1767 403 1819 σέ.
436 1768 541 1819 Τοῦ
566 1768 753 1822 λοιποῦ
784 1773 967 1825 τοίνυν
1001 1772 1275 1841 δηλώσει·
1316 1779 1551 1832 "Arrele
1585 1782 1728 1835 κατὰ

1841 594 2131 648 Εοριρείηῐιι
2185 596 2495 649 universam
2539 595 2654 649 suis
2694 595 2987 650 illustravit
3021 596 3270 665 hymnis,
3307 617 3420 654 (31P-

1841 685 2027 754 pilque
2067 688 2309 740 omnium
2363 702 2459 739 ore
2513 686 2817 752 celebrari,
2869 696 2922 741 et
2972 689 3185 743 cunctis
3232 689 3421 747 habet!

1838 779 2109 835 amabilis.
2144 795 2250 831 non
2285 790 2492 833 tantum
2524 780 2724 844 idiotis,
2760 782 2852 834 sed
2882 782 3046 836 etiam
3084 782 3422 854 principibus

1839 880 1888 922 ct
1928 870 2353 938 imperatoribus
2389 871 2539 938 ipsis.

1913 961 1964 1013 4.
2011 979 2029 1011 ‹
2067 961 2294 1014 Multqu
2344 977 2562 1031 quoque
2596 962 2917 1016 orthodoxa:
2958 963 3075 1018 fidei
3121 982 3286 1022 causa
3318 968 3422 1033 de-

1839 1061 2076 1112 certans,
2116 1053 2167 1104 in
2198 1052 2532 1105 Chersonem
2569 1064 2649 1108 est
2690 1055 2962 1123 relegatus
3008 1058 3079 1110 ab
3117 1058 3285 1127 impio
3314 1062 3419 1112 Ar-

1841 1159 2018 1203 meno,
2064 1158 2128 1197 eo
2170 1160 2327 1213 quem
2384 1144 2613 1198 Bardam
2669 1148 2936 1203 vocabant
2983 1150 3415 1215 condemnante,

1838 1236 1979 1301 quod
2015 1235 2164 1287 illum
2201 1252 2460 1303 generose
2493 1237 2880 1302 redarguisset.
2915 1238 3044 1294 Post
3076 1241 3234 1309 cujus
3269 1256 3419 1294 mor-

1839 1334 1941 1378 tem
1971 1340 2000 1375 e
2025 1327 2304 1379 Chersone
2340 1328 2599 1383 liberatus
2622 1340 2706 1382 est
2728 1330 2796 1383 ab
2822 1334 3036 1400 egregia
3069 1333 3157 1387 illa
3185 1335 3422 1403 impera-

1837 1419 1971 1471 trice
2032 1416 2354 1484 Thcodora,
2408 1436 2528 1486 qua:
2578 1422 2955 1476 Orthodoxiam
3002 1424 3325 1491 celebravit;
3368 1436 3423 1480 et

1836 1525 2117 1564 sacrorum
2153 1526 2407 1564 vasorum
2452 1511 2655 1581 Magna:
2686 1512 2777 1567 Dei
2809 1516 3052 1571 ecclesia:
3116 1524 3301 1572 custos
3341 1518 3422 1570 ef-

1835 1600 2009 1654 fectus
2039 1610 2143 1665 est,
2168 1601 2355 1653 divino
2385 1599 2595 1669 lguatio
2626 1602 2807 1655 sedem
2835 1604 3253 1671 patriarchalem
3278 1606 3423 1660 obti-

1833 1700 2014 1745 nentc.
2064 1690 2193 1744 Post
2224 1691 2389 1758 lmjus
2436 1706 2598 1759 porro
2643 1708 2707 1745 ex
2763 1692 2865 1745 hac
2910 1694 3019 1747 vita
3064 1695 3367 1751 discessum
3401 1720 3416 1741 ο

1836 1784 2025 1836 Pholio
2058 1799 2277 1852 quoque
2311 1784 2442 1852 (hic
2468 1784 2610 1836 enim
2644 1794 2764 1852 post
2808 1784 3075 1854 lgnatium
3109 1788 3418 1856 patriarcha

144 1857 294 1908 τόνδε
324 1858 416 1910 τὸν
442 1860 628 1923 τόπον,
662 1861 899 1932 τοῦνομα
932 1866 1273 1935 προσειπὼν,
1312 1872 1403 1923 καὶ
1446 1873 1717 1943 εὑρήσεις,

1829 1884 1912 1929 cst
1951 1876 2304 1940 declaratus)
2344 1874 2396 1927 in
2451 1876 2737 1929 amoribus
2787 1876 2889 1929 fuit
2938 1877 3417 1947 aestimationeque

141 1948 202 2000 ὃν
238 1948 515 2021 ἐπιζητεῖς
543 1952 760 2023 οἰκέτην
792 1972 907 2008 σου.

211 2042 271 2095 2.
318 2062 335 2093 ι
373 2043 429 2096 S.
460 2044 519 2095 P.
554 2042 621 2098 Ν.
652 2044 853 2113 Joseph
916 2047 1373 2121 Hymnographus
1405 2068 1466 2107 ex
1514 2054 1728 2111 Siculo-

145 2150 269 2187 rum
297 2136 577 2203 provincia
607 2147 748 2202 erat,
777 2144 1100 2205 parentibus
1135 2143 1356 2198 Plutino
1391 2158 1555 2216 atque
1581 2150 1726 2219 Aga-

146 2228 239 2279 tha
277 2246 289 2281 :
328 2228 382 2280 in
417 2228 840 2297 depopulatione
871 2243 1051 2287 autem
1095 2251 1209 2290 sum
1242 2238 1429 2305 patria:
1460 2255 1580 2294 cum
1612 2258 1728 2295 ma-

144 2327 226 2371 tre
262 2318 635 2390 fratrihusque
681 2335 955 2389 servatus,
992 2328 1043 2379 in
1095 2329 1531 2397 Peloponnesum
1564 2335 1723 2399 abiit,

144 2410 385 2480 indeque
415 2429 474 2467 se
529 2418 806 2469 transtulit
850 2416 1327 2489 Thessalonicam;
1365 2433 1417 2478 et
1452 2428 1723 2481 decimum

142 2506 398 2573 quintum
424 2522 589 2575 agens
618 2508 794 2561 :etatis
827 2524 1057 2576 annum,
1093 2522 1350 2567 attonsus
1376 2524 1473 2569 .est
1500 2518 1552 2569 in
1608 2534 1726 2570 mo-

145 2600 393 2652 nasterio
421 2601 697 2668 quodam:
760 2602 850 2654 ubi
915 2611 1081 2657 tmam
1118 2620 1330 2659 sacram
1384 2606 1722 2677 Scripturatn

145 2698 302 2738 tanto
333 2702 458 2740 eum
491 2688 733 2757 profectu
766 2692 1030 2755 decurrit,
1068 2701 1125 2746 ut
1151 2697 1435 2765 presbyter
1464 2704 1725 2755 meruerit

142 2778 415 2841 ordinari.
446 2790 646 2833 etcum
677 2780 987 2851 Decapotita
1026 2782 1289 2853 Gregorio
1331 2789 1722 2844 Coostantioo-

148 2870 319 2936 poliut
347 2872 585 2925 transiit.
616 2872 910 2941 Postquam
936 2886 1116 2929 atttem
1142 2879 1243 2931 sub
1276 2878 1458 2934 Leone
1484 2886 1722 2937 Armeno

142 2962 328 3013 denuo
360 2964 679 3016 resuscitata
716 2963 1201 3021 lcunomachorum
1238 2971 1462 3027 lizeresis
1494 2975 1723 3027 extulis-

142 3062 223 3106 set
252 3062 438 3121 caput,
494 3055 767 3123 deprecati
822 3067 948 3111 sunt
982 3073 1229 3115 sanctum
1271 3063 1593 3133 Gregorium
1629 3084 1720 3120 or-

142 3148 392 3209 thodoxi,
424 3156 482 3201 ut
519 3148 743 3202 Romam
767 3152 1066 3206 destinaret
1112 3152 1432 3223 Jusephum,
1468 3159 1715 3213 fidelibus

139 3238 212 3290 ibi
249 3237 573 3306 (lt-gentibus
600 3242 995 3306 nuntiaturttm,
1022 3245 1151 3311 quid
1206 3248 1515 3301 accidisset.
1554 3248 1715 3301 Navi-

138 3331 289 3395 gavit
320 3330 486 3400 igitur
516 3346 616 3397 eo;
652 3334 743 3385 sed
790 3349 817 3385 a
869 3334 1227 3388 barbarorum
1269 3340 1497 3406 navigiis
1546 3341 1715 3393 inter-

137 3433 350 3491 ceptus,
387 3422 655 3476 abductus
682 3426 733 3477 in
772 3425 989 3478 Cri-tam
1025 3428 1276 3495 captivus
1316 3437 1421 3483 est.
1459 3429 1572 3484 Una
1616 3449 1713 3483 au-

137 3522 245 3565 tem
308 3514 552 3567 noctium
624 3524 811 3568 astans
886 3517 1059 3569 eidem
1134 3520 1401 3587 quidam,
1478 3523 1712 3589 speciem

138 3606 505 3674 pontificalem
544 3606 876 3675 pra-ferens:
916 3608 990 3662 Ex
1040 3608 1209 3680 Myra,
1244 3612 1440 3679 inquit,
1476 3612 1582 3667 ltuc
1616 3615 1713 3666 atl-

133 3697 289 3756 vt-ni;
332 3705 387 3749 et
420 3697 617 3749 librum
657 3712 904 3761 Sumens,
938 3699 1105 3768 jussit
1147 3717 1271 3754 eum
1306 3704 1573 3771 accipere.
1608 3705 1712 3757 Ac-

134 3789 279 3856 ειορίι
304 3788 530 3855 Joseph,
559 3789 792 3857 legitque
842 3792 952 3845 haec
984 3793 1147 3845 verba
1184 3794 1500 3859 :Accelera,
1549 3796 1711 3849 misc-

134 3880 330 3939 rieors,
351 3884 407 3930 et
434 3878 650 3941 festina,
674 3880 978 3944 miserator,
1002 3882 1052 3934 in
1071 3882 1401 3951 adjutorium
1424 3894 1669 3938 nostrum
1694 3904 1708 3939 :

132 3979 287 4038 potes
320 3970 487 4029 enim,
539 3971 581 4023 si
614 3972 712 4024 vis.
765 3972 918 4035 Quod
951 3983 1132 4027 autem
1195 3988 1325 4029 tunc
1375 3977 1707 4041 decantavit,

131 4077 297 4128 Opere
357 4062 476 4131 ipso
503 4064 830 4131 completum
861 4065 1020 4131 vidit;
1068 4070 1291 4136 quando
1338 4067 1643 4139 Theophilo
1682 4090 1711 4127 e

133 4151 269 4204 vivis
300 4152 539 4213 sublato,
573 4162 759 4205 sancta
796 4152 1037 4207 Ecclesia
1080 4173 1363 4211 sat-rarum
1407 4160 1705 4229 imaginum

130 4244 334 4311 recepit
358 4251 634 4295 ornatum.
667 4243 887 4300 Interim
911 4248 1125 4301 divinus
1152 4248 1351 4317 Joseph
1379 4251 1641 4305 liberatus
1679 4270 1708 4306 e

128 4350 369 4395 carcere,
398 4334 926 4401 Constantinopolim
954 4338 1136 4393 salvus
1163 4341 1458 4408 perductus
1497 4354 1599 4397 est.

194 4427 248 4479 5.
288 4445 306 4475 α
347 4424 652 4491 lnveuerat,
694 4442 816 4479 cum
844 4429 1021 4482 adhuc
1048 4440 1190 4484 esset
1218 4434 1270 4485 in
1305 4434 1503 4488 finibus
1530 4435 1704 4489 Thes-

1831 1967 2088 2019 naxima.
2119 1963 2259 2017 Inter
2284 1965 2396 2019 hanc
2419 1964 2642 2033 longum
2666 1965 2789 2018 vitae
2810 1966 3045 2034 spatium
3073 1966 3420 2020 laudabiliter

1832 2056 2087 2125 implens,
2120 2062 2415 2123 sancteque
2466 2062 2520 2106 et
2560 2054 2877 2106 innocenter
2927 2068 3027 2107 suo
3069 2062 3321 2107 versatus
3358 2054 3411 2105 iu

1832 2162 2078 2208 munere,
2100 2146 2425 2199 obdormivit
2454 2146 2504 2198 in
2532 2144 2781 2199 Domino.
2810 2144 3012 2198 Dicitur
3035 2154 3241 2210 autem,
3267 2146 3413 2214 quod

1828 2249 2015 2292 sancta
2050 2239 2194 2291 illius
2229 2237 2436 2298 anima,
2471 2236 2869 2291 deducentibus
2907 2237 3113 2292 sanctis
3149 2239 3409 2307 martyri-

1830 2332 1932 2385 hus
1964 2331 2301 2399 angelisque,
2335 2337 2520 2382 evecta
2554 2330 2607 2382 in
2638 2330 2835 2383 caelum
2873 2329 2965 2383 sit.
3002 2330 3214 2382 Etenim
3252 2330 3416 2382 homo

1826 2424 2047 2494 quidam
2072 2463 2087 2486 ,
2129 2437 2345 2474 servum
2389 2421 2574 2474 utilem
2620 2421 2855 2483 habens,
2891 2436 3016 2474 cum
3063 2420 3153 2473 hic
3193 2435 3251 2474 se
3291 2419 3413 2490 fuga

1828 2513 2198 2584 proripuisset,
2220 2512 2354 2565 abiit
2375 2510 2440 2563 ad
2466 2520 2716 2564 sanctum
2748 2509 3415 2573 Theodorum,Phanero-

1826 2617 1930 2660 tem
1964 2610 2125 2674 vulgo
2150 2612 2550 2670 nuncupatum,
2582 2610 2874 2670 rogaturus
2900 2613 2958 2654 ut
2981 2616 3140 2655 suum
3170 2601 3274 2655 sibi
3298 2617 3413 2655 ser-

1824 2714 1947 2751 vum
2002 2698 2288 2750 revelaret.
2341 2693 2547 2747 Exacto
2590 2702 2771 2746 autem
2821 2693 3020 2747 ibidem
3063 2693 3241 2762 spatio
3292 2709 3399 2746 non

1825 2791 2039 2844 modico
2068 2790 2348 2857 temporis,
2387 2803 2508 2842 cum
2556 2788 2691 2841 nihil
2723 2787 3005 2841 didicisset
3042 2788 3111 2841 de
3157 2785 3407 2857 fugitivo.

1825 2875 2079 2929 recedere
2116 2876 2316 2935 Voluit;
2360 2876 2822 2943 recessissetque,
2866 2876 2972 2929 nisi
3004 2884 3129 2929 orto
3165 2874 3279 2944 jam
3325 2877 3412 2930 die

1823 2970 2074 3020 detentus
2111 2968 2384 3035 spirituali
2419 2967 2511 3032 qui
2543 2965 2706 3019 fiebat
2738 2982 3011 3032 sermone,
3043 2968 3411 3025 obdormisset

1824 3061 2108 3126 tantisper.
2141 3063 2317 3127 Alque
2347 3073 2473 3111 ecce
2502 3067 2791 3128 martyrem
2827 3061 2993 3119 videt,
3025 3070 3080 3114 et
3105 3060 3221 3115 Ita'c
3252 3061 3318 3115 ad
3351 3078 3411 3116 sc

1822 3152 2088 3205 dicentem
2119 3151 2271 3203 audit
2306 3168 2318 3203 :
2353 3148 2554 3219 thuid
2586 3161 2815 3204 mcestus
2846 3152 2944 3204 es?
2972 3153 3137 3206 Poeta
3172 3151 3410 3223 Josepho

1824 3243 1924 3295 hac
1965 3254 2123 3295 nocte
2154 3243 2442 3303 moriente,
2494 3242 2677 3295 anima
2711 3245 2829 3310 ejus
2859 3244 2926 3296 ab
2954 3245 3208 3300 omnibus
3250 3247 3408 3300 nobis

1819 3350 1956 3403 quos
1987 3334 2102 3387 suis
2134 3333 2431 3387 cauouibus
2466 3334 2793 3404 hymnisque
2828 3335 3137 3398 honoravit,
3174 3338 3404 3391 deducta

1817 3435 1902 3478 est
1928 3435 1981 3477 et
2012 3433 2137 3477 ante
2171 3424 2263 3478 Dei
2298 3434 2654 3492 conspectum
2688 3428 3008 3481 constituta.
3037 3426 3195 3483 Nunc
3221 3440 3403 3485 autem

1816 3524 2011 3585 praesto
2036 3530 2181 3576 sum,
2216 3522 2543 3568 ostensurus
2572 3517 2851 3583 deinceps,
2880 3518 3024 3585 quod
3056 3521 3226 3572 voles.
3260 3519 3404 3574 Vade

1815 3607 1880 3659 ad
1917 3607 2094 3659 locum
2127 3606 2277 3658 illum
2323 3606 2411 3673 (et
2437 3606 2614 3659 locum
2645 3607 3000 3677 nominavit),
3037 3607 3109 3662 ibi
3138 3607 3400 3663 famulum

1815 3706 1990 3759 tuttm,
2021 3712 2183 3765 quem
2215 3698 2472 3765 requiris,
2507 3697 2773 3751 invenies.
2814 3716 2833 3748 ι

1884 3788 1936 3841 5.
1982 3787 2258 3841 Hactenus
2296 3789 2669 3857 Syrtaxarium
2696 3788 3030 3855 prardictum,
3062 3799 3206 3845 recte
3228 3801 3281 3845 et
3310 3807 3401 3845 or-

1812 3878 1939 3932 dine
1964 3879 2171 3939 omnia,
2198 3879 2297 3931 uisi
2330 3878 2475 3946 quod
2503 3879 2565 3930 a.l
2591 3889 2842 3933 auctores
2864 3879 3049 3934 indicti
3084 3880 3137 3933 in
3156 3881 3395 3936 Cherso-

1814 3990 1933 4027 nem
1961 3974 2136 4027 exsilii
2166 3975 2420 4041 pertinet,
2452 3972 2696 4041 adeoque
2744 3982 2797 4027 et
2828 3974 3003 4042 ipsius
3036 3974 3216 4028 exsilii
3248 3984 3391 4028 teut-

1814 4084 1933 4134 pus,
1971 4066 2180 4120 Etenim
2214 4064 2468 4134 quamvis
2512 4064 2617 4117 Leo
2646 4068 2938 4129 Armentis,
2974 4081 3087 4120 suae
3120 4067 3388 4121 adversus

1812 4161 2105 4212 monachos
2140 4158 2476 4212 orthodoxos
2510 4157 2731 4212 saavitia:
2762 4160 3075 4213 ministrum
3101 4160 3388 4230 facemque.

1812 4252 2067 4304 habuisse
2102 4252 2311 4317 legatur
2334 4248 2564 4301 Bardam
2596 4249 2909 4317 quemdam,
2941 4249 3156 4303 aflinem
3190 4265 3387 4314 suum;

1813 4343 1899 4395 hic
1933 4350 2111 4393 tamen
2145 4339 2347 4391 nullam
2384 4340 2559 4406 potuit
2592 4353 2798 4406 partem
2855 4339 2959 4393 sibi
2991 4339 3293 4393 vindicasse
3330 4341 3382 4394 in

1812 4432 2061 4485 w-xando
2089 4431 2325 4499 logepho
2368 4448 2379 4482 :
2418 4444 2541 4482 cum
2585 4429 2630 4483 is
2668 4430 2770 4483 sub
2800 4430 2976 4498 ipsum
3008 4430 3224 4484 initium
3256 4446 3379 4501 per-

128 4518 418 4575 salonicae,
462 4518 631 4569 sancti
684 4518 914 4586 apo~toli
968 4519 1343 4577 Bartholumazi
1396 4526 1705 4595 reliquiam.
1744 4529 1785 4581 [δ
1816 4525 2130 4586 secutionis,
2167 4538 2311 4575 anno
2348 4522 2383 4574 2
2424 4520 2642 4583 Leonis,
2679 4524 2980 4589 suscitatze,
3034 4520 3261 4577 Romam
3312 4524 3390 4576 Ιιι-

129 4609 280 4662 llanc
320 4608 487 4676 igitur
519 4607 794 4675 accipiens
815 4649 829 4673 ,
862 4611 964 4664 sub
994 4611 1138 4665 illius
1174 4614 1392 4667 nurnine
1424 4617 1712 4671 mdiﬁraiit

128 4701 425 4763 sacellum;
458 4700 730 4768 capitque
748 4702 916 4755 multa
943 4718 1064 4757 cum
1094 4706 1465 4761 sollicitudine
1494 4724 1709 4764 versare

127 4794 330 4853 animo,
378 4790 654 4858 quomodo
701 4790 1047 4847 festivitatem
1100 4798 1221 4864 ejus
1269 4801 1441 4854 saeris
1474 4803 1706 4856 canticis

129 4883 525 4953 (eritponendis
566 4893 821 4949 ornaret;
857 4901 980 4939 eum
1020 4887 1275 4958 lacrymis
1305 4903 1463 4961 atque
1499 4895 1707 4963 singul-

128 4976 272 5028 tibus
306 4975 642 5042 supplicans,
674 4985 733 5028 ut
767 4976 928 5045 lmjus
962 4979 1217 5034 desiderii
1249 4984 1332 5036 sui
1365 5000 1592 5053 compos
1625 4988 1705 5042 ef-

129 5064 212 5119 fici
247 5076 566 5118 mereretur.
619 5067 682 5119 Et
730 5083 860 5122 vero
900 5084 1121 5139 compos
1165 5073 1283 5141 ejus
1323 5075 1551 5131 eﬂ‘ectus
1600 5090 1703 5134 est.

129 5156 302 5211 Noctu
332 5156 475 5210 enim
510 5157 688 5210 virum
721 5163 1007 5228 quemdam
1044 5166 1394 5219 reverendum
1426 5173 1707 5239 conspicu-

128 5257 213 5301 tus
247 5257 331 5301 est
372 5248 438 5300 ad
482 5248 622 5302 latus
668 5249 945 5317 epistolae,
996 5255 1088 5322 qui
1138 5256 1422 5311 videbatur
1472 5276 1621 5315 sacra
1674 5278 1705 5317 e

128 5356 314 5393 mensa
342 5339 692 5409 Evangeliqu
723 5344 933 5408 tollere,
971 5346 1257 5417 ipsumque
1278 5349 1496 5421 Juseplti
1533 5355 1704 5423 impo-

131 5455 263 5492 nens
307 5440 551 5506 pectori,
588 5455 685 5496 sua
716 5455 837 5494 eum
887 5441 1261 5499 benedictione
1309 5446 1591 5517 impertiri.
1628 5452 1701 5504 Ex

130 5543 256 5582 tunc
287 5539 471 5583 autem
503 5533 726 5598 gratiam
756 5536 1261 5612 componendorum
1296 5539 1619 5609 hymnorum
1649 5552 1704 5595 et

128 5621 440 5674 facultatem
469 5623 654 5676 habuit
678 5632 785 5677 tam
820 5625 1148 5694 expeditam,
1178 5638 1235 5681 ut
1264 5631 1484 5698 quidam
1512 5632 1699 5685 existi-

132 5722 361 5777 marent,
421 5728 543 5766 eum
608 5716 869 5769 melodias
930 5732 1114 5772 sacras
1169 5735 1275 5772 non
1329 5722 1573 5790 proferre
1633 5740 1697 5778 ex

128 5802 331 5875 scipso,
369 5804 463 5858 sed
499 5804 715 5859 aliunde
740 5815 990 5874 accoptas
1021 5816 1074 5858 et
1116 5812 1389 5863 memoria!
1414 5825 1696 5865 commcn-

1816 4627 1971 4683 gatus
2017 4618 2107 4674 sit.
2140 4624 2192 4667 et
2229 4627 2403 4680 usque
2430 4612 2497 4665 ad
2550 4627 2751 4665 annum
2788 4612 2894 4666 820
2924 4614 3182 4667 manserit
3213 4616 3390 4683 capei«

1816 4718 1913 4755 vus
1944 4702 1999 4755 in
2031 4702 2208 4754 Creta.
2246 4699 2579 4767 Theophilus
2612 4702 2799 4767 igitur,
2832 4702 3033 4770 impius
3078 4704 3278 4771 passim
3316 4707 3385 4757 ab

1811 4793 2125 4847 auctoribus
2146 4793 2344 4853 dictus,
2372 4792 2443 4846 ob
2484 4793 2919 4846 iconomachiam
2978 4795 3384 4858 resuscitatam,

1812 4886 1976 4938 Scribi
2030 4884 2117 4938 hic
2163 4894 2217 4937 et
2266 4883 2488 4952 intelligi
2545 4883 2768 4948 debuit;
2842 4883 2944 4937 sub
2994 4900 3103 4952 quo
3150 4885 3384 4947 .Bardas,

1812 4975 1869 5029 S.
1924 4974 2224 5029 Theodora:
2264 4976 2522 5043 Augustae
2552 4974 2742 5036 frater,
2798 4975 2880 5028 vir
2932 4977 3175 5032 incestus
3219 4989 3387 5048 atquc

1810 5070 2073 5134 nefarius,
2123 5070 2264 5137 apud
2328 5068 2640 5131 sororium,
2710 5070 2996 5125 monachis
3060 5073 3383 5126 orthodoxis

1811 5161 2265 5222 infensissimum,
2302 5159 2460 5214 facile
2492 5162 2667 5229 potuit
2713 5161 2966 5215 effectum
3013 5163 3165 5227 dare,
3205 5173 3263 5217 ut
3291 5161 3383 5216 Joo

1807 5256 2060 5324 sepbum,
2090 5254 2220 5306 vitia
2252 5269 2351 5305 sua
2377 5254 2742 5322 increpantem
2776 5254 3019 5315 liberius,
3053 5255 3257 5308 videret
3292 5270 3380 5308 rei

1808 5352 2062 5420 legatum.
2112 5349 2184 5400 Ita
2219 5356 2365 5400 certe
2406 5348 2619 5400 censuit
2650 5346 2694 5400 is
2724 5347 2848 5415 quis
2887 5350 3118 5400 alterum
3175 5364 3205 5402 e
3244 5364 3377 5401 mss.

1808 5438 2122 5512 Synaxariis
2145 5436 2628 5507 Cryptm-Ferrata:
2689 5439 3004 5507 compilavit
3054 5449 3263 5499 auctor,
3326 5452 3379 5491 et

1807 5534 2135 5587 conveniunt
2163 5530 2366 5598 optime
2400 5527 2532 5583 Vita:
2567 5530 2722 5593 Acta,
2764 5530 3013 5598 quamvis
3041 5530 3191 5583 nulla
3236 5527 3374 5582 facta

1807 5625 1992 5677 Bai-da:
2025 5622 2300 5676 mentione
2333 5629 2499 5673 totam
2532 5622 2745 5690 culpam
2776 5622 2829 5673 in
2856 5638 2874 5670 ι
2907 5620 3203 5688 pessimum
3232 5620 3377 5672 illius

1807 5717 2065 5784 temporis
2092 5714 2500 5781 imperatorem,
2544 5732 2559 5764 ο
2598 5713 2805 5768 scilicet
2842 5711 3205 5781 Theophilum
3234 5726 3369 5762 con-

1806 5809 2002 5863 ferant.
2028 5807 2085 5861 lu
2118 5806 2263 5860 dicto
2313 5820 2440 5858 vero
2480 5806 2781 5881 Synaxario
2815 5806 2892 5858 sic
2936 5804 3129 5873 legitur
3178 5819 3193 5856 :
3240 5819 3259 5855 ι
3289 5798 3379 5856 Ir.-
