4164 6456
756 422 865 483 935

1894 417 1956 476 S.
1997 414 2310 477 IOSEPIII
2346 413 2909 475 IIYMNOGRAPHI

3913 413 4029 481 936

757 532 867 585 Vidi
902 537 1083 584 autem
1112 525 1330 596 quidam
1363 540 1489 580 cum
1524 539 1646 579 eum
1681 525 1998 579 calunmiati
2033 534 2217 578 essent
2269 523 2335 577 dc
2369 528 2406 579 Α
2436 533 2489 574 ει
2516 525 2656 589 apud
2693 521 2972 577 Rocchum
3002 521 3269 592 Pyrrhum
3310 524 3360 576 in
3403 522 3594 575 notitia
3627 519 3885 577 Ecclesia:
3921 528 4029 595 Sy—

758 625 843 685 iis.
877 638 999 691 quae
1020 621 1283 674 adversus
1322 617 1551 670 Bardani
1584 616 1854 671 Caesarem
1906 616 2049 669 dicta
2091 614 2327 676 fuerant,

756 716 811 767 in
851 713 1184 767 Chersonent
1234 709 1564 777 relegarunt,
1598 708 1740 760 unde
1772 716 1893 775 post
1930 706 2149 773 aliquod
2197 713 2334 757 tent-

760 820 860 872 pus
882 799 1403 865 Constantinopolim
1454 813 1757 867 regressus.
1810 810 2097 849 sacrorum
2132 793 2335 861 Magnae

773 897 863 949 lli-i
914 894 1163 947 ecclesiae
1212 904 1466 944 vasorum
1524 899 1710 943 custos
1752 888 1929 942 factus
1990 898 2091 952 εει,
2132 885 2335 956 lgnatio

758 985 1091 1057 patriarcha.
1128 1003 1147 1034 ι

828 1079 879 1131 6.
913 1078 1178 1131 Graviora
1242 1076 1471 1129 aliorttm
1529 1072 1954 1143 Synaxariorum
2020 1081 2198 1125 errata
2248 1071 2335 1124 hic

758 1185 866 1222 non
903 1170 1246 1236 attingimus.
1293 1176 1501 1217 tantum
1558 1165 1795 1219 dicimus
1828 1164 1879 1216 in
1936 1178 2123 1217 eorum
2192 1162 2337 1214 nullo

759 1264 935 1314 notari
965 1277 1160 1314 nomen
1195 1259 1394 1311 Leonis
1431 1256 1677 1322 ISanrici,
1705 1256 1850 1324 quod
1879 1256 1930 1307 in
1961 1256 2113 1309 Actis
2156 1270 2334 1323 reper-

760 1362 873 1404 tum
930 1352 1001 1403 ita
1042 1360 1199 1403 torsit
1248 1351 1532 1402 Octavium
1600 1347 1918 1414 Cajetanum
1970 1355 2239 1407 nostrum,
2284 1345 2335 1398 in

758 1446 874 1494 suis
907 1444 975 1494 ad
1013 1457 1076 1495 ea
1099 1439 1574 1501 annotationibus,
1635 1448 1689 1489 ut
1743 1452 1868 1489 cum
1910 1433 2112 1489 videret
2141 1450 2337 1490 conse-

761 1549 937 1601 quens
996 1548 1139 1596 essi',
1203 1532 1346 1600 qttod
1396 1530 1556 1583 annis
1594 1540 1649 1582 ut
1708 1530 1993 1582 minimum
2044 1529 2339 1583 l7tlvixis-

759 1636 843 1677 ενι
867 1623 1161 1692 Joseplins,
1199 1624 1433 1691 ingenue
1464 1621 1643 1675 fassus
1674 1622 1763 1684 sit,
1802 1640 1819 1670 ι
1850 1630 1958 1673 tam
1986 1620 2336 1689 longinquam

757 1724 996 1778 aetatem,
1036 1714 1177 1767 inter
1220 1724 1297 1768 tot
1324 1728 1505 1767 rerum
1540 1712 1809 1773 turbines,
1843 1720 2027 1777 totque
2065 1724 2340 1763 aerumnas

758 1816 810 1856 ct
841 1805 1265 1858 exercitationes
1296 1805 1547 1857 asceticae
1586 1803 1728 1865 vitae,
1763 1803 2039 1870 negotium
2100 1801 2202 1855 sibi
2253 1798 2337 1853 fa-

2438 631 2717 669 racnsanm
2759 620 3047 685 impressa.
3086 616 3186 681 Qui
3215 618 3355 670 idem
3388 617 3629 687 Pyrrhus
3671 618 3889 669 interim
3920 634 4015 671 as-

2437 706 2570 758 Serit
2602 717 2653 757 i-t
2686 704 2947 758 Basiliani
2980 706 3191 760 ordinis
3233 707 3561 759 monachum
3606 716 3659 758 et
3713 705 4024 776 Syracusa-

2438 812 2568 849 nttm
2608 795 2777 849 fuisse
2806 793 3145 865 Josephum;
3196 796 3339 851 istud
3381 812 3443 849 ex
3489 812 3609 861 sua,
3636 799 3735 851 hoc
3763 813 3832 851 ex
3862 799 4024 867 Caje-

2440 886 2549 940 tani
2587 887 2897 953 conjectura
2924 903 3218 955 persuasus
3270 902 3285 939 :
3330 888 3588 955 additque
3631 890 3775 943 illius
3809 889 4013 943 festum

2443 977 2732 1047 Syracusis
2791 978 3056 1033 celebrari
3109 980 3142 1032 5
3188 980 3410 1049 Aprilis,
3480 981 3668 1049 utique
3722 992 4020 1051 pestquam

2441 1070 2737 1138 Cajetanus
2790 1071 2991 1139 incepit
3044 1082 3271 1125 sanctos
3333 1071 3555 1127 S.culos
3603 1090 3665 1125 ex
3701 1075 4024 1127 Graecorum

2440 1162 2656 1216 Mentiris
2700 1164 3049 1232 conquirere,
3096 1170 3151 1217 et
3197 1164 3313 1217 suis
3366 1165 3632 1221 insulanis
3673 1170 4021 1221 venerandus

2441 1275 2745 1334 proponere
2776 1275 2789 1310 :
2822 1273 2999 1327 neque
3037 1258 3182 1312 enim
3217 1256 3597 1310 existimamus
3648 1257 3854 1310 cultum
3886 1272 4017 1311 eum

2443 1353 2731 1426 Syracusis
2762 1365 2883 1405 esse
2906 1350 3215 1416 antiqumn,
3268 1361 3362 1401 aut
3397 1348 3449 1401 in
3484 1348 3593 1402 ulla
3645 1348 3919 1417 majorum
3949 1352 4022 1403 de

2440 1446 2677 1515 Josupho
2710 1443 3006 1497 traditione
3038 1442 3347 1494 fundatum.

2511 1604 2538 1675 §
2568 1602 2631 1657 ll.
2678 1600 2809 1655 Vita:
2839 1602 3142 1667 scriptores.
3195 1598 3432 1679 Curiones
3474 1601 3785 1667 compositi,
3818 1577 4029 1670 tempus

3127 1683 3335 1722 ηιυνιιε.

2511 1810 2565 1865 8.
2593 1809 2746 1876 Quod
2770 1807 2799 1879 ᾗ
2823 1808 3091 1877 superiori
3122 1807 3360 1861 diximus
3386 1807 3454 1861 de
3486 1807 3679 1872 Barda,
3698 1817 3763 1888 et
3787 1810 4031 1887 circum-

758 1914 899 1951 cere.
950 1917 969 1948 ι
1000 1896 1192 1950 Omnia
1242 1896 1622 1958 nihilominus,
1656 1912 1776 1964 qua:
1830 1896 2087 1962 deinceps
2124 1894 2177 1946 in
2214 1890 2335 1945 Vita
2367 1884 2413 1943 Β
2442 1906 2659 1960 sianum
2715 1904 2962 1971 quadam
3019 1901 3139 1953 alia:
3166 1938 3179 1963 ,
3232 1900 3286 1953 in
3344 1896 3660 1967 Synaxariis
3698 1884 4031 1968 expressius

758 1992 1039 2052 dicuntur,
1076 1992 1145 2043 ita
1177 1989 1425 2058 digessit,
1461 1998 1520 2042 ut
1564 2006 1583 2039 ι
1644 1987 1967 2057 pessimum,
2032 2006 2050 2038 ι
2112 1984 2178 2039 de
2226 2000 2335 2055 quo

758 2099 943 2149 supra,
982 2084 1389 2150 imperatorem,
1423 2081 1527 2134 sub
1574 2098 1683 2150 quo
1729 2081 1781 2133 in
1833 2080 2082 2135 exsilium
2131 2078 2337 2146 ejectus

756 2186 841 2230 est
871 2175 1095 2245 Joseph,
1122 2174 1264 2227 haud
1291 2174 1455 2227 dubie
1486 2182 1632 2227 notet
1665 2171 1832 2226 fuisse
1863 2191 1880 2223 ι
1918 2172 2333 2226 Constantinum

757 2270 1185 2337 Copronymmn,
1245 2266 1442 2320 Leonis
1502 2265 1727 2320 lsaurici
1772 2265 1967 2328 filium,
2014 2274 2067 2318 et
2123 2264 2335 2333 imperii

757 2359 983 2429 perinde
1018 2372 1177 2429 atque
1203 2360 1494 2429 impietatis
1531 2375 1906 2414 successorem
1934 2377 1948 2425 ;
1988 2379 2006 2411 ι
2034 2370 2089 2413 ει
2116 2360 2335 2412 «ortho-

757 2454 931 2507 iluxos
966 2453 1346 2521 imperatores,
1386 2470 1404 2503 ι
1442 2453 1545 2507 sub
1592 2452 1795 2520 quibus
1835 2460 1919 2505 est
1951 2452 2340 2506 Constantino-

758 2546 923 2613 polim
952 2554 1263 2608 revocatus,
1290 2545 1710 2599 Constantinum
1742 2554 1797 2598 et
1825 2545 2033 2598 Irenem
2071 2545 2337 2611 interpre-

758 2647 918 2688 tetur.
951 2634 1124 2701 thue
1151 2637 1267 2689 luce
1296 2636 1588 2689 concordet
1611 2650 1733 2688 cum
1778 2634 1997 2690 Menazis
2039 2636 2336 2689 occasione

758 2728 949 2781 Bai-da:
974 2729 1210 2795 ejectum
1240 2728 1589 2792 dicentibus;
1625 2728 1900 2781 concludit
1932 2747 1949 2778 ι
1991 2742 2206 2790 rursus,
2234 2728 2339 2782 sub

757 2820 1020 2873 Michaele
1043 2819 1210 2873 Balbo
1234 2821 1449 2889 pulsum
1481 2818 1802 2889 10sephum.
1827 2830 1991 2888 atque
2017 2836 2046 2873 a
2079 2820 2134 2873 S.
2161 2819 2338 2873 Theo-

757 2914 892 2965 dora
961 2912 1273 2965 restitutum
1304 2912 1493 2967 videri.
1536 2930 1553 2961 ι
1603 2910 1821 2964 Dubitat
1848 2910 2013 2964 etiam
2057 2928 2076 2961 ι
2126 2926 2191 2964 an
2230 2910 2339 2965 Leo

758 3002 1050 3065 Lauricus,
1091 3019 1252 3073 quem
1284 3019 1375 3056 xtv
1412 3004 1527 3057 Kal.
1566 3001 1693 3056 Julii
1730 3015 2011 3057 mortuum
2047 3003 2337 3072 Theopha-

758 3111 853 3148 nes
886 3097 1099 3155 scribit,
1161 3096 1343 3164 potius
1389 3095 1653 3149 dicendus
1692 3096 1764 3149 sit
1811 3096 1865 3156 in
1916 3093 2191 3148 Natalitiis
2224 3092 2334 3147 Do-

2439 2012 2600 2067 quam
2635 1995 2689 2048 in
2726 1993 2845 2048 Vita
2877 2002 3073 2046 notata:
3103 1994 3183 2061 (ut
3215 1992 3357 2060 quod
3388 1989 3600 2044 decimo
3628 1989 3823 2059 quinto
3849 2000 4033 2043 :etans

2441 2104 2584 2142 anno
2606 2097 2855 2141 attonsus
2878 2088 2930 2139 in
2948 2085 3276 2137 monachum
3300 2093 3523 2136 sanctus
3545 2079 3742 2150 Ioseph
3765 2083 3859 2147 sit,
3880 2084 4029 2149 quod

2439 2181 2628 2235 invasa
2677 2194 2706 2232 a
2753 2178 3042 2232 Saracenis
3076 2176 3251 2245 patria
3286 2191 3409 2229 cmn
3453 2185 3623 2229 matre
3665 2190 3729 2229 ac
3765 2174 4032 2229 fratribus

2439 2281 2727 2336 servatus,
2770 2272 2915 2339 quod
2947 2280 3426 2337 extcniporaneam
3460 2283 3594 2337 pene
3636 2269 3887 2321 habuerit
3934 2284 4030 2321 Ca-

2441 2378 2646 2416 nonum
2686 2361 3092 2415 condendorutn
3135 2359 3447 2413 facultatem
3475 2398 3489 2420 ,
3519 2359 3664 2427 quod
3696 2360 3850 2413 locus
3880 2364 4031 2412 exsi-

2441 2454 2499 2507 lii
2525 2453 2806 2507 Chersona
2843 2450 3026 2516 fuerit,
3051 2450 3197 2519 quod
3230 2461 3357 2503 ante
3397 2450 3648 2503 exsilium
3690 2450 3884 2518 injecta
3918 2455 4035 2503 sint

2441 2557 2632 2600 sancto
2669 2545 2887 2600 vincula
2928 2553 2981 2597 et
3016 2542 3273 2606 verbera,
3321 2543 3465 2611 quod
3500 2543 3734 2610 denique
3774 2542 4032 2609 gloriose

2443 2640 2587 2693 illius
2615 2639 2668 2691 in
2695 2639 2891 2693 cmlum
2926 2634 3271 2690 deductionis
3304 2634 3465 2699 visio,
3491 2634 3779 2688 occasione
3810 2632 4028 2702 fugitivi

2444 2731 2694 2799 requisiti
2730 2731 2782 2783 in
2814 2729 3013 2797 templo
3048 2727 3223 2781 sancti
3264 2724 3537 2779 Theodori
3576 2724 3897 2779 Phanerotx
3932 2741 4026 2778 Scu

2444 2822 2893 2885 Manifestatoris,
2930 2820 3187 2890 obtigerit
3219 2820 3390 2887 probo
3419 2817 3493 2870 illi
3531 2816 3667 2880 vito,
3692 2819 3784 2885 qui
3811 2816 3936 2886 ejus
3960 2819 4028 2868 ad

2444 2917 2583 2970 alios
2615 2914 2811 2969 meruit
2844 2913 2996 2967 testis
3032 2911 3345 2977 exsistere),
3384 2908 3486 2970 lue,
3510 2910 3753 2975 inquam,
3782 2908 4029 2961 circum-

2444 3007 2658 3062 stantia:
2678 3049 2693 3072 ,
2730 3007 2783 3059 in
2824 3002 3212 3073 prolixioribus
3239 3000 3390 3055 Actis
3426 3000 3729 3069 praeterita},
3758 2997 4028 3051 credibile

2446 3099 2604 3151 nobis
2638 3098 2878 3157 faciunt,
2916 3094 3047 3147 Viue
3073 3093 3346 3160 epitomen
3378 3092 3396 3159 (
3422 3106 3587 3159 quant
3618 3105 3778 3159 supra
3803 3105 3869 3143 ex
3898 3089 4029 3142 Cla-

758 3187 889 3237 niini
922 3186 1149 3247 obiisse.
1180 3202 1247 3240 an
1288 3201 1417 3239 vero
1455 3199 1576 3254 post
1630 3201 1848 3240 menses
1886 3201 1977 3241 sex
2011 3194 2067 3239 ct
2112 3184 2335 3238 totidem
2364 3220 2409 3282 C
2447 3199 2775 3242 romontano
2826 3186 3111 3245 dedimus,
3149 3198 3421 3253 quamque
3460 3182 3565 3235 alia
3607 3199 3743 3237 mss.
3773 3183 3891 3236 fere
3943 3200 4028 3235 se-

757 3279 873 3331 iiies
908 3277 975 3330 de
1010 3278 1130 3345 ejus
1168 3287 1344 3331 morte
1384 3277 1550 3331 fuerit
1598 3288 1790 3332 sancto
1834 3275 2073 3346 Josepho
2120 3277 2337 3330 nuntia-

760 3378 893 3419 tum.
926 3385 943 3417 ι
981 3368 1113 3431 Qua:
1156 3368 1338 3421 omnia
1390 3368 1547 3421 facile
1588 3370 1859 3437 potuissrt
1893 3369 2235 3433 discernere,
2291 3367 2337 3422 si

756 3476 820 3510 ex
860 3459 1096 3512 indicato
1120 3460 1313 3512 mortis
1341 3460 1447 3525 die,
1474 3461 1727 3515 scivisset
1748 3461 1982 3513 Leonem
2017 3461 2335 3521 Armcmnn,

760 3550 1000 3603 Isaurico
1048 3558 1201 3602 tanto
1262 3551 1645 3618 posteriorem,
1703 3552 2041 3619 intelligere;
2082 3560 2140 3605 et
2180 3552 2333 3610 illud.

757 3644 813 3691 ἐν
841 3641 937 3709 τῆς
1006 3642 1301 3711 Ἰσαυρξας,
1360 3642 1623 3696 insertum
1653 3644 1825 3705 Actis,
1867 3652 2181 3711 suspectum
2236 3644 2335 3695 ha-

758 3737 905 3798 here,
940 3744 1163 3803 propter
1192 3736 1425 3788 aliormn
1460 3735 1706 3789 omnium
1742 3736 2023 3790 silentium
2066 3746 2120 3791 et
2165 3722 2335 3790 enor-

758 3842 897 3877 mem
937 3825 1253 3877 distantiam
1286 3828 1567 3896 temporis.

830 3916 879 3968 7.
913 3914 1088 3969 Simili
1118 3918 1324 3970 ratione
1373 3933 1480 3971 non
1532 3917 1820 3972 dillicnlter
1874 3919 2145 3988 potuisset
2191 3921 2332 3973 idem

754 4006 1050 4076 Cajetanus
1079 4010 1263 4062 videre
1309 4008 1454 4063 illius
1493 4011 1824 4077 conjecturae
1871 4013 2189 4074 vanitatem,
2226 4028 2333 4081 qua

756 4096 1058 4167 Syracusas
1099 4100 1269 4153 fuisse
1301 4100 1524 4169 Josephi
1557 4102 1787 4171 patriam
1809 4112 2095 4171 propterea
2117 4118 2335 4157 asseve-

762 4188 920 4251 ravit,
950 4190 1079 4258 quia
1110 4191 1161 4243 in
1197 4190 1346 4245 Actis
1364 4190 1795 4260 diciturJOSCphi
1821 4194 2016 4261 patria,
2049 4193 2339 4261 gloriosior

758 4281 966 4333 reddita
989 4297 1015 4331 a
1051 4280 1198 4334 Beati
1228 4283 1544 4349 parentibus
1570 4292 1676 4337 tam
1703 4283 1842 4337 felici
1871 4285 2135 4353 germine,
2170 4302 2335 4355 quam

754 4386 785 4420 a
824 4369 1107 4439 Dionysio,
1146 4389 1163 4421 ι
1223 4370 1316 4438 qui
1356 4371 1486 4424 olim
1516 4372 1568 4425 in
1628 4386 1691 4425 ea
1744 4374 1979 4427 summis
2029 4373 2081 4427 in
2124 4375 2337 4429 deliciis

758 4464 1021 4530 regnavit.
1066 4481 1083 4512 ι
1122 4462 1251 4517 Εειο
1276 4464 1421 4516 enim
1464 4462 1610 4532 quod
1661 4465 1865 4533 regiam
1902 4465 2196 4537 Syracusis
2242 4467 2338 4519 ha-

2446 3279 2733 3347 quuutur)
2762 3276 2933 3344 ipsam
2964 3290 3107 3336 esse,
3138 3287 3327 3341 quam,
3365 3289 3393 3323 a
3429 3272 3698 3340 discipulo
3724 3273 3901 3325 sancti
3931 3270 4027 3324 Jo-

2444 3371 2596 3440 sephi
2651 3368 2983 3440 Theophane
3030 3367 3329 3434 scriptam.
3378 3362 3619 3417 Joannes
3670 3364 3878 3429 Magna:
3932 3363 4027 3417 Dei

2444 3438 2693 3516 ecclesia:
2730 3438 2997 3514 diaconus
3021 3467 3074 3511 et
3098 3467 3306 3521 orator,
3335 3472 3443 3525 pne
3466 3456 3638 3509 oculis
3663 3456 3873 3518 habuit,
3913 3455 4028 3521 ple-

2442 3556 2567 3608 nius
2601 3554 2957 3621 ornatiusque
2986 3552 3389 3619 exponendam,
3422 3547 3619 3601 additis
3648 3562 3771 3617 quae
3808 3547 4018 3601 dz'side-

2443 3648 2706 3699 rabantur
2750 3644 2959 3697 multis.
2997 3642 3148 3696 llanc
3180 3642 3261 3695 sic
3308 3653 3525 3693 auctam
3557 3652 3923 3705 ornatamque
3958 3654 4022 3691 ex

2440 3746 2611 3806 parte,
2637 3753 2698 3789 ex
2730 3745 2885 3804 parte
2912 3749 3060 3799 vero,
3093 3733 3461 3803 pradictarmn
3481 3731 4025 3785 circumstantiarum

2442 3830 2689 3883 minutiis
2720 3827 3128 3897 praetermissis,
3164 3825 3494 3892 descriptam
3525 3823 3776 3886 liberius,
3810 3824 4029 3889 accepi-

2441 3935 2563 3973 mus
2589 3935 2653 3973 ει
2686 3918 2875 3972 codice
2921 3916 3111 3970 Graeco
3139 3913 3485 3968 Bibliotheca
3511 3913 3801 3975 Vaticana,
3836 3922 4031 3966 aucto-

2441 4012 2516 4064 ris
2542 4025 2740 4063 nomen
2760 4009 2922 4077 quale
2935 4008 3174 4061 diximus
3200 4005 3519 4075 praeferente
3546 4025 3557 4058 :
3583 4005 4031 4073 contulimusque

2439 4118 2565 4156 cum
2601 4102 2873 4172 ecgrapho
2907 4099 3133 4153 alterius
3166 4098 3396 4161 codicis,
3435 4114 3465 4151 a
3500 4097 3720 4150 Daniele
3753 4104 4029 4150 monacho

2441 4206 2494 4249 et
2525 4197 2757 4257 sacrista
2788 4197 2839 4247 in
2865 4196 3202 4247 monasterio
3226 4192 3401 4247 sancti
3435 4192 3732 4245 Salvatoris
3759 4189 4029 4245 MeSsana:

2440 4288 2649 4355 absque
2688 4284 2931 4339 auctoris
2980 4284 3205 4337 nomine
3250 4281 3543 4351 descripti,
3592 4296 3659 4334 ex
3704 4281 3890 4349 pluteo
3937 4280 4027 4343 ‘20,

2442 4390 2593 4429 num.
2620 4376 2708 4428 52.

2512 4467 2564 4520 9.
2603 4465 2676 4520 Ea
2727 4467 3002 4537 primum,
3050 4462 3239 4518 Latine
3282 4464 3493 4519 reddita
3537 4480 3567 4517 a
3618 4462 3677 4517 P.
3714 4465 4031 4533 Augustino

758 4554 936 4607 huerit
971 4554 1281 4625 Dionysius,
1316 4556 1415 4609 toti
1452 4564 1633 4608 tamen
1668 4557 2002 4624 imperitavit
2048 4558 2239 4611 insula:
2269 4558 2337 4613 de
2370 4564 2413 4619 ι)
2445 4558 2651 4612 Florito
2682 4559 2960 4613 societatis
2994 4566 3217 4620 nostra},
3249 4557 3448 4625 prodiit
3470 4557 3607 4609 inter
3630 4554 3781 4610 Vitas
3803 4569 4031 4611 sancto-

753 4663 885 4714 qua,
922 4663 1029 4699 non
1068 4648 1135 4700 de
1162 4648 1425 4715 peculiari
1452 4647 1636 4716 aliqua
1682 4648 1801 4715 ejus
1854 4649 1989 4702 urbe
2034 4649 2335 4718 loquuntur

753 4739 910 4790 Acta.
944 4736 1057 4791 Non
1093 4748 1279 4807 potest
1314 4754 1447 4793 sane
1503 4740 1813 4792 verosiniile
1863 4740 2029 4793 videri
2085 4742 2137 4795 in
2183 4750 2333 4796 tanto

755 4829 1145 4882 historicorum
1178 4829 1425 4882 omnium
1460 4829 1704 4895 silentio,
1737 4828 1883 4896 quod
1916 4829 2070 4883 lrene
2102 4841 2155 4883 et
2185 4831 2331 4885 Con—

754 4916 997 4968 stantino
1038 4917 1420 4985 regnantibus,
1475 4918 1633 4985 potiti
1686 4919 1799 4970 sint
1855 4919 2044 4986 piratae
2093 4920 2331 4985 barbari,

752 5026 815 5061 ea
846 5018 1167 5077 tempestate
1218 5023 1325 5062 non
1385 5011 1678 5063 admodum
1731 5011 1913 5075 validi,
1960 5013 2332 5069 munitissima

755 5104 887 5156 urbe
948 5120 959 5154 :
1006 5118 1171 5172 quam
1227 5103 1415 5168 iidem,
1454 5102 1654 5160 Siciliae
1712 5106 1934 5175 reliqua:
1987 5107 2332 5163 dominatum

754 5195 930 5262 adepti
956 5197 1057 5248 sub
1091 5194 1350 5249 Michaele
1386 5196 1571 5261 Balbo,
1612 5214 1717 5250 non
1758 5208 2074 5267 potuerunt,
2118 5201 2192 5253 uti
2236 5215 2333 5255 nec

754 5283 1199 5351 Tauromenium,
1265 5304 1360 5357 per
1428 5304 1602 5343 annos
1656 5290 1725 5343 55
1781 5291 1867 5343 sui
1914 5293 2057 5359 juris
2115 5291 2330 5358 facere;

755 5393 929 5446 usque
952 5380 1079 5431 dum
1140 5382 1350 5435 veniret
1400 5396 1581 5435 annus
1641 5382 1766 5445 878,
1832 5384 2055 5452 quando
2116 5385 2202 5438 die
2262 5385 2325 5439 21

752 5470 897 5532 Maii,
934 5470 1159 5524 victoria
1194 5472 1328 5541 ipsis
1356 5474 1422 5527 de
1456 5476 1643 5527 eadem
1669 5475 1888 5544 obtigit,
1917 5485 1971 5529 et
2025 5478 2194 5532 totius
2242 5477 2329 5531 in-

751 5558 885 5611 sula:
911 5560 1319 5626 possessionem
1350 5562 1721 5635 coqlirmavit,
1752 5578 1947 5632 magna
1975 5580 2100 5619 eum
2139 5564 2327 5620 Eccle-

753 5651 848 5702 siae
887 5649 1256 5705 alll‘ctissimaa
1277 5653 1586 5707 calamitate
1621 5673 1633 5707 :
1662 5671 1825 5723 quam
1863 5656 2129 5711 describit
2156 5660 2201 5713 is
2234 5659 2327 5728 qui

756 5740 1001 5791 interfuit
1027 5741 1370 5797 Theodosius
1400 5759 1726 5809 monachus,
1766 5748 1818 5800 in
1838 5749 2070 5817 epistola
2104 5752 2169 5805 ad
2195 5750 2329 5806 Leo-

756 5843 882 5883 nem
909 5831 1378 5901 archidiaconutn,
1410 5852 1477 5889 ex
1514 5851 1618 5891 ms.
1660 5836 1850 5893 Graeco
1876 5837 2068 5898 Latine
2116 5844 2329 5899 reddita

2447 4666 2567 4704 rum
2620 4650 2938 4704 Siculorum
2999 4665 3089 4701 an.
3141 4648 3275 4701 1657
3303 4666 3317 4714 ;
3346 4649 3506 4701 aliam
3547 4648 3743 4703 deinde
3778 4650 4027 4717 ejusdem

2446 4742 2581 4797 Vita:
2604 4743 2908 4797 versionem
2940 4741 3227 4795 adornavit
3253 4740 3557 4794 Ludoiicus
3583 4738 3890 4795 Maraccius
3924 4741 4032 4795 Lu-

2443 4838 2646 4901 censis,
2675 4850 2707 4889 ε
2733 4835 3165 4904 Congrcgatione
3190 4834 3524 4889 Clerieorum
3559 4831 3745 4887 Matris
3770 4833 3887 4893 Dei.
3920 4850 4029 4889 una

2442 4946 2567 4982 cum
2619 4927 2937 4983 Canonibus
2980 4928 3033 4980 in
3082 4928 3266 4981 omnia
3320 4925 3497 4979 Beate
3548 4924 3789 4995 Virginis
3844 4926 4030 4983 Mariti:

2442 5019 2602 5086 festa,
2649 5030 2704 5074 et
2752 5018 3064 5073 Theotociis
3109 5034 3204 5087 per
3252 5033 3445 5071 omnes
3491 5016 3805 5072 Gnccorum
3852 5024 4031 5074 eccle-

2443 5111 2696 5165 siasticos
2737 5110 2907 5163 libros
2961 5109 3200 5178 sparsis,
3236 5118 3290 5161 et
3325 5109 3499 5162 sancti
3544 5106 3767 5177 Josephi
3823 5126 4025 5165 nomen

2445 5212 2502 5254 ut
2531 5200 2775 5253 auctoris
2804 5198 3323 5269 praeseferentibus;
3360 5215 3482 5267 quae
3516 5202 3697 5251 omnia
3741 5208 4029 5265 prwnomi-

2444 5290 2554 5342 nati
2602 5288 2859 5341 Ludovici
2896 5287 3281 5353 conjunctiOne
3316 5288 3598 5355 sanguinis
3641 5298 3695 5341 et
3742 5293 4027 5360 relig.0uis

2442 5380 2782 5450 professione
2815 5379 3002 5445 frater,
3042 5378 3367 5450 Hippolytus
3398 5380 3715 5444 Miraccius,
3742 5397 4027 5435 ceminen-

2443 5474 2599 5525 tariis
2624 5472 2855 5525 eruditis
2885 5471 3197 5535 illustravit,
3229 5487 3431 5525 vocans
3468 5473 3557 5525 illa
3587 5470 3821 5526 Mariale
3850 5478 4028 5529 sancti

2439 5564 2656 5633 Iosephi
2704 5563 3139 5633 Ilyinnoyraplii,
3190 5574 3243 5618 et
3298 5565 3595 5634 publicavit
3644 5564 3833 5619 l’ionue
3880 5585 4025 5619 anno

2442 5659 2601 5713 1661.
2655 5656 2806 5713 llanc
2853 5660 3201 5723 versionem,
3252 5657 3425 5713 Graeci
3489 5667 3780 5713 contextus
3843 5661 4022 5713 verbis

2442 5751 2683 5821 pressius
2711 5751 3090 5817 in'ha-rentem,
3130 5752 3546 5819 praetuleramus
3577 5761 3689 5804 tum
3721 5753 3891 5820 priori
3924 5753 4021 5817 illi,

2441 5852 2554 5897 tum
2597 5842 2750 5897 alteri
2790 5860 2820 5897 a
2856 5842 3092 5914 quodam
3132 5842 3295 5912 hujus
3330 5850 3516 5897 nostro
3558 5843 3853 5913 provincia:
3880 5843 4022 5910 phl-
