4164 6456
225 455 330 519 9.37

1760 453 1954 513 VITA.

3350 454 3454 517 938

223 568 403 621 ellene
435 565 742 619 elaftorattc.
777 562 883 617 Sed
915 572 1169 631 excerpta
1210 578 1276 616 ex
1326 562 1573 617 Maraceii
1618 563 1798 617 lihello
1829 570 1872 624 Α
1902 562 2047 616 cium
2081 561 2298 616 faciant.
2350 561 2547 628 Przeter
2601 564 2697 618 hos
2746 565 2883 618 duos
2916 578 3024 617 non
3073 564 3283 618 videtur
3315 568 3452 620 alius

221 659 380 723 folia,
421 659 679 727 preloque
722 657 789 710 ad
820 667 1063 711 nostrum
1097 669 1301 709 morem
1334 667 1541 724 parata,
1569 654 1788 709 excide-

221 760 348 803 rtmt
382 751 538 804 nobis
569 747 953 803 Amstelodami
980 790 995 813 ,
1028 748 1248 818 quando
1277 756 1400 817 post
1431 748 1638 801 tristem
1668 745 1790 799 Bla-

219 842 396 895 vianaa
447 840 814 910 typographia:
864 854 1053 893 casum
1109 839 1500 908 colligebamus
1547 839 1789 892 sarcinas

221 932 591 1000 Antwerpiam
646 929 1017 985 revehendas:
1052 946 1226 1000 neque
1246 930 1378 999 jam,
1408 945 1531 982 cum
1556 930 1787 998 primum

219 1025 467 1077 delectus
486 1023 957 1088 animadvertitur,
984 1023 1285 1093 promptius
1300 1033 1382 1077 est
1403 1023 1604 1091 aliquid
1626 1037 1785 1090 quam

218 1130 285 1167 ex
338 1113 562 1168 Octavio
619 1113 882 1182 Cajetano
928 1118 1168 1184 recipere
1210 1115 1395 1168 Floriti
1443 1116 1785 1175 versionem,

216 1222 451 1277 eamque
472 1208 537 1260 ad
572 1213 883 1262 contextum
909 1207 1156 1260 Graecum
1178 1206 1354 1260 denuo
1378 1219 1786 1275 recognoscere,

216 1300 444 1353 mutatis
480 1299 607 1353 hinc
636 1297 762 1353 inde
793 1298 1040 1367 pauculis
1075 1298 1164 1351 ubi
1196 1297 1247 1351 id
1274 1299 1490 1367 exigere
1523 1311 1608 1350 res
1637 1297 1788 1350 vide-

213 1389 384 1444 bitur.

285 1479 374 1533 10.
435 1479 624 1532 Simon
659 1478 1123 1548 Waugnereckius
1178 1489 1381 1540 noster,
1425 1477 1477 1530 in
1528 1476 1780 1545 Prolego-

211 1573 390 1627 menis
425 1574 490 1626 ad
530 1572 826 1626 Marianam
873 1572 1184 1628 Graecorum
1235 1572 1509 1640 pietatem,
1542 1588 1604 1623 ex
1647 1572 1784 1622 duo-

210 1666 392 1719 decim
421 1665 582 1720 tomis
609 1665 931 1719 Meuaaorum
971 1675 1023 1718 et
1070 1674 1273 1734 septem
1319 1664 1542 1732 reliquis
1584 1663 1784 1717 Grzeeze

212 1756 461 1811 Ecclesia
492 1756 856 1811 voluminibus
880 1769 1212 1826 excerptam,
1251 1771 1307 1808 ιι.
1339 1755 1430 1816 22,
1462 1754 1531 1809 de
1561 1755 1782 1809 duobus

211 1851 418 1904 sanctis
460 1849 733 1919 Josephis,
765 1859 991 1917 utroque
1019 1849 1428 1918 hymnographo
1457 1857 1510 1901 et
1560 1846 1777 1901 cenfes-

209 1957 336 1996 sore
404 1943 547 2010 apud
610 1941 862 2004 Grmcos,
903 1941 1013 2008 agit
1065 1959 1078 1994 :

209 2034 268 2086 S.
289 2034 562 2090 Theodori
600 2034 826 2088 Studitze
848 2033 1011 2087 frater
1041 2041 1206 2103 atque
1231 2034 1517 2102 episcopus
1541 2030 1778 2086 TheSsa~

209 2124 525 2188 lonicensis,
563 2125 628 2178 14
655 2122 781 2177 Julii
811 2125 1154 2186 rerolendus,
1187 2133 1241 2177 et
1288 2124 1536 2176 habuerit
1563 2124 1614 2176 in
1648 2136 1778 2176 can-

209 2215 332 2269 ticis
358 2214 474 2268 suis
497 2215 793 2284 pangendis
812 2215 913 2268 hoc
941 2214 1196 2276 notabile,
1229 2213 1372 2282 quod
1393 2229 1586 2268 nomen
1615 2230 1774 2268 suum

206 2321 354 2376 saepe
399 2306 665 2360 omissum
720 2307 771 2360 in
813 2308 990 2369 titulo,
1032 2321 1125 2374 per
1175 2305 1606 2359 Acrostichidem
1660 2306 1776 2360 sive

205 2397 412 2467 primas
467 2399 812 2466 stropharum
861 2398 1086 2462 litteras,
1125 2397 1269 2450 circa
1328 2397 1566 2449 ultimam
1615 2395 1774 2450 odam

206 2489 294 2543 sui
333 2489 509 2542 ultimi
537 2490 788 2554 canonis,
823 2504 1034 2558 semper
1058 2490 1470 2543 accuratissime
1504 2488 1733 2557 signarit
1760 2505 1772 2540 :

203 2581 341 2635 alter
367 2579 526 2634 annis
561 2580 696 2633 forte
731 2581 1084 2649 quadraginta
1114 2579 1322 2648 junior,
1357 2581 1442 2632 hic
1471 2589 1653 2632 noster
1683 2580 1772 2640 sit,

203 2674 291 2727 cui
325 2673 717 2728 adscribendos
750 2683 898 2742 putat
958 2688 1052 2726 eos
1100 2687 1373 2735 canones,
1411 2686 1531 2740 qua:
1571 2671 1771 2724 nudum

202 2765 424 2835 .losephi
454 2781 649 2819 nomen
686 2766 992 2835 appositum
1033 2765 1252 2818 habent.
1280 2764 1418 2829 Quia
1448 2778 1571 2818 vero
1609 2763 1770 2817 etiam

200 2873 442 2912 canones
491 2857 652 2926 hujus
706 2857 1045 2928 posterioris,
1082 2855 1148 2910 de
1196 2871 1305 2925 quo
1353 2871 1498 2911 nunc
1535 2855 1770 2924 agimus,

199 2946 446 3018 Josephi,
474 2947 582 3001 fere
625 2947 972 3000 aerostichidi
1006 2946 1167 3000 alicui
1203 2946 1480 3014 illigantur
1506 2985 1520 3009 ,
1579 2945 1767 2999 existi-

202 3049 313 3093 mat
368 3043 677 3108 przecitatus
716 3037 1199 3107 Wangnereckius,
1262 3041 1326 3092 ad
1375 3039 1524 3107 ipsos
1577 3047 1767 3106 utpote

198 3132 484 3198 operosius
515 3131 864 3198 compositos,
888 3131 1101 3183 extendi
1130 3130 1325 3184 debere
1347 3130 1767 3198 extemporalem

1894 652 2087 707 tertius
2122 651 2388 722 Josephus
2431 653 2623 719 fuisse,
2668 656 2759 724 qui
2812 656 2867 711 in
2908 655 3067 709 titulo
3100 672 3203 710 ms.
3243 655 3452 726 Typici.

1895 742 2078 797 Romae
2111 744 2163 796 in
2190 744 2518 800 Bibliotheca
2544 746 2836 802 Barberina
2854 748 3114 804 asservati
3137 757 3192 803 et
3225 765 3253 802 a
3279 749 3456 805 Leone

1891 834 2112 900 Allatio,
2161 849 2280 902 pag.
2317 851 2352 889 ιι
2389 836 2792 890 dissertationis
2841 840 3157 905 praecitatav,
3224 838 3453 906 laudati,

1893 925 2221 988 nominetur,
2260 941 2382 978 cum
2437 926 2656 991 dicitur,
2702 924 2963 996 Typicum
3012 929 3143 983 illud
3175 930 3456 985 c0ntinere

1897 1032 1913 1062 ι
1951 1015 2372 1070 ecclesiasticam
2407 1019 2849 1073 constitutionem
2902 1025 3146 1076 omnium
3189 1022 3454 1078 festorum

1892 1107 2056 1160 totius
2082 1108 2232 1168 anni,
2268 1109 2568 1161 secundum
2618 1111 2965 1166 traditionetu
3001 1124 3312 1168 sanctorum
3351 1115 3453 1170 Pa-

1890 1207 2054 1261 trum,
2091 1200 2335 1255 videlicet
2381 1200 2438 1255 S.
2478 1200 2654 1267 Sabze,
2690 1215 2742 1260 et
2794 1207 3047 1269 Studitae,
3110 1215 3165 1260 et
3221 1210 3455 1264 maxime

1889 1287 2320 1357 SanetiMontis;
2391 1307 2601 1347 necnon
2640 1305 2844 1363 partem
2877 1298 3188 1352 traditionis
3229 1300 3458 1354 sanctis-

1887 1380 2010 1433 sinti
2092 1383 2270 1437 Patris
2335 1385 2500 1439 nostri
2562 1383 2814 1454 Josephi,
2865 1391 3200 1456 possessoris
3260 1392 3444 1446 sancti

1885 1474 2198 1525 tnonasterii
2230 1475 2376 1540 qttod
2420 1475 2534 1529 Divi
2585 1476 2794 1531 Nicolai
2847 1479 2954 1532 τῶν
3006 1481 3282 1536 κασούλων
3313 1483 3453 1539 dici—

1886 1571 1992 1617 tur.
2039 1581 2056 1613 ι
2090 1561 2302 1617 Etenim
2354 1566 2399 1619 si
2447 1565 2645 1637 Joscph
2701 1570 2792 1624 ille
2852 1572 3130 1639 proprium
3179 1575 3453 1629 ordinavit

1884 1655 2118 1707 ollicium
2153 1659 2484 1713 monasterio
2521 1674 2621 1713 suo
2646 1701 2660 1723 ,
2700 1662 2857 1730 cujus
2909 1672 3174 1731 patronus
3221 1673 3339 1719 erat
3388 1664 3453 1718 ι).

1882 1745 2134 1803 Nicolaus
2160 1791 2174 1816 ,
2209 1752 2333 1819 quis
2374 1751 2746 1808 Paracletieon
2794 1753 3106 1812 Grtccorum
3156 1758 3341 1827 legens
3374 1759 3452 1830 (in

1881 1856 1991 1910 quo
2025 1843 2360 1898 ordinarium
2393 1846 2560 1900 totius
2610 1849 2962 1906 hebdomadas
3013 1851 3248 1906 cilicium
3278 1852 3453 1908 octies

1132 1955 1364 2009 quorum
1412 1943 1547 1994 alm-
1615 1938 1779 1993 fucm
1814 1910 1852 1963 Β
1882 1933 2177 1985 secundum
2205 1944 2326 1986 octo
2356 1945 2516 1992 tonos
2549 1940 2816 1995 variatum
2837 1944 3166 2011 continetur)
3195 1945 3451 2019 in'eoque

1880 2025 2178 2079 observans
2208 2026 2505 2081 secundum
2537 2029 2683 2085 ferite
2712 2032 2745 2085 5
2782 2050 3045 2090 canonem
3079 2039 3226 2106 (nam
3259 2041 3450 2114 singu-

1881 2116 1944 2167 lis
1975 2117 2123 2170 feriis
2157 2118 2265 2171 duo
2295 2130 2425 2173 sunt
2472 2135 2733 2189 canones,
2782 2137 2836 2182 et
2864 2127 2997 2184 feria
3049 2130 3082 2184 5
3141 2133 3348 2200 primus
3382 2137 3451 2190 de

1879 2208 2137 2275 apostolis
2156 2208 2258 2279 est)
2279 2225 2401 2264 cum
2432 2213 2769 2270 eathismatis
2793 2227 2954 2288 atque
2981 2222 3236 2288 tropariis
3254 2223 3446 2278 eodem

1879 2298 2246 2364 spectantibus
2261 2315 2381 2352 esse
2410 2301 2476 2354 de
2505 2299 2561 2355 S.
2591 2303 2816 2360 Nicolao
2847 2309 3028 2377 :quis,
3057 2309 3301 2378 inquam,
3337 2315 3450 2369 haec

1881 2386 2060 2455 legens
2093 2397 2147 2441 et
2177 2390 2492 2454 observans,
2522 2409 2628 2446 non
2659 2395 2928 2464 judicabit
2954 2398 3250 2469 Josephum
3281 2404 3444 2459 istum

1876 2479 1984 2530 τῶν
2013 2479 2291 2532 κασούλων
2320 2496 2445 2538 esse
2476 2495 2751 2542 auctorem
2784 2489 2997 2545 illorum
3029 2503 3152 2548 octo
3173 2497 3238 2549 de
3267 2495 3304 2548 S
3352 2496 3438 2551 Ni-

1877 2568 2031 2623 colao
2050 2584 2319 2626 canonum
2345 2573 2366 2626 ?
2392 2576 2557 2645 Atqui
2586 2579 2746 2630 etiam
2771 2579 2965 2635 horum
2994 2598 3265 2640 canon-tm
3291 2604 3451 2644 acro-

1876 2661 2136 2744 stichides
2188 2665 2539 2733 subjunctum
2602 2670 2801 2725 habent
2843 2689 3038 2729 nomen
3107 2678 3303 2749 Ίωσὴφ
3347 2682 3450 2736 hoc

1877 2751 2036 2806 modo
2061 2770 2074 2805 :
2095 2748 2266 2823 Ἦχος
2291 2754 2360 2808 α’.
2389 2757 2500 2821 Σοὶ,
2544 2759 2795 2827 Νικόλαε,
2834 2765 3051 2833 πρῶτον
3078 2748 3316 2840 εἰσφέρω
3346 2772 3447 2842 μὲ-

1875 2843 1983 2907 λος.
2028 2845 2244 2916 ’1ωπήφ.
2299 2849 2363 2902 Et
2404 2851 2662 2906 similiter
2703 2854 2755 2908 in
2784 2856 2933 2920 aliis,
2993 2871 3353 2931 praeterquam
3391 2867 3444 2919 itt

1875 2939 2174 2994 cauonibus
2208 2941 2319 2994 toni
2349 2942 2577 2998 secundi
2619 2953 2674 3000 et
2709 2949 2913 3015 octavi,
2943 2951 3038 3019 qui
3088 2953 3448 3013 nihilominus

1873 3031 2112 3098 ejusdem
2146 3035 2386 3088 auctoris
2435 3036 2721 3092 manifeste
2749 3049 2898 3095 sunt.
2947 3040 3104 3098 Hunc
3145 3045 3310 3116 igitur
3337 3064 3444 3103 non

1870 3138 1992 3177 esse
2020 3139 2048 3178 a
2074 3135 2260 3179 nostro
2285 3125 2523 3196 Josepho
2552 3128 3023 3202 distinguendum,
3053 3147 3164 3191 tmn
3194 3139 3283 3194 illa
3321 3143 3446 3211 styli

204 3223 348 3274 illam
379 3220 614 3274 dictandi
655 3219 990 3281 facilitatem,
1025 3235 1187 3288 quam
1237 3235 1400 3287 supra
1428 3235 1492 3273 ex
1551 3219 1769 3274 Henmis
1801 3240 1842 3297 ε
1876 3214 2176 3269 similitudo
2225 3218 2455 3271 suadere
2496 3221 2714 3286 poterit,
2766 3234 2888 3295 tum:
2925 3230 3071 3294 quod
3126 3241 3378 3284 nostrum
3414 3248 3444 3286 a

200 3313 474 3365 Ludatam
501 3311 756 3366 vidimus.
797 3309 909 3363 Cur
961 3321 1068 3364 tam
1121 3324 1412 3379 operosum
1463 3310 1567 3364 hoc
1597 3313 1686 3375 sit,
1715 3322 1772 3363 ut

198 3404 590 3457 abexercitato
639 3404 946 3472 nequiverit
1003 3418 1069 3455 ex
1116 3411 1357 3471 tempore
1404 3403 1566 3455 fieri?
1614 3400 1772 3456 Certe

198 3499 327 3551 nul.i
371 3497 580 3561 poetico
607 3507 780 3550 metro
844 3498 1095 3550 astriz-tos
1154 3495 1469 3550 Graecorum
1511 3511 1769 3556 canones,

199 3590 444 3658 potuisse
495 3604 600 3641 non
636 3603 829 3659 magna
889 3587 1235 3640 contentione
1259 3585 1427 3639 animi
1474 3586 1539 3639 ad
1593 3597 1770 3640 certas

198 3682 432 3740 litteras,
457 3678 510 3730 in
556 3678 813 3746 :ujusque
836 3678 1060 3746 strophe
1095 3677 1363 3746 principio
1396 3677 1770 3740 inveniendus,

196 3769 424 3837 astringi
492 3768 560 3821 ab
606 3783 690 3830 eo,
723 3767 808 3821 cui
861 3767 1089 3820 liberum
1125 3776 1269 3821 esset
1305 3767 1555 3835 strophas
1584 3766 1772 3835 singu-

196 3865 298 3923 las,
336 3862 485 3912 nullo
513 3860 655 3912 inter
677 3873 735 3912 se
781 3860 970 3912 ordine
1015 3873 1309 3922 eonuexas,
1365 3873 1394 3910 a
1446 3873 1770 3926 quacunque

196 3954 389 4009 liberet
437 3969 564 4005 voce
626 3952 826 4014 ordiri,
884 3951 982 4019 ipsi
1037 3950 1330 4004 didirimus
1401 3952 1766 4019 experiendo;

193 4043 418 4112 quando
441 4043 627 4096 taliunt
655 4057 923 4096 canonum
948 4041 1161 4109 aliquos
1191 4039 1382 4094 Latine
1403 4040 1762 4104 reddidimus,

191 4135 384 4186 eadem
440 4132 867 4187 acrostichidum
920 4133 1034 4200 lege
1090 4141 1325 4196 servata,
1362 4131 1524 4199 idque
1565 4130 1615 4183 in
1652 4146 1770 4185 ter-

195 4227 369 4287 sione,
391 4225 455 4278 ad
474 4224 784 4279 Graecorum
803 4224 1086 4277 verborum
1104 4237 1322 4277 sensum
1336 4223 1768 4290 exprimendum,

193 4315 455 4383 obligata.
490 4314 570 4366 An
600 4322 781 4366 autem
808 4327 998 4367 omnes
1045 4312 1121 4365 illi
1157 4326 1431 4378 canones,
1480 4327 1616 4381 quas
1653 4311 1768 4365 Ma-

194 4409 318 4461 riali
349 4421 452 4460 suo
499 4405 800 4460 Maraccius
853 4405 1105 4468 inseruit,
1164 4419 1414 4473 quosque
1466 4420 1627 4474 supra
1658 4415 1770 4460 tre-

195 4510 387 4552 centos
421 4497 648 4551 inveniri
683 4497 736 4550 in
771 4497 1059 4551 ritualibus
1088 4495 1402 4550 Grmcorum
1437 4496 1590 4550 libris
1615 4512 1766 4550 asse-

1874 3305 2118 3360 Cretensi
2147 3310 2460 3375 captivitate
2491 3309 2780 3365 liberatum
2817 3315 2874 3368 Ι).
2915 3315 3122 3371 Nicolai
3156 3322 3443 3386 miraculo,

1873 3404 2147 3472 possimus
2186 3403 2476 3471 prudenter
2510 3405 2744 3474 cpinari,
2777 3407 2825 3460 ei
2872 3408 3016 3476 quod
3056 3409 3447 3467 Constantino-

1873 3497 1978 3563 poli
2058 3497 2230 3550 erexit
2298 3498 2630 3550 monasterio
2700 3501 3066 3567 patrocinium
3141 3505 3446 3572 praetulisse

1874 3586 1930 3641 S.
1971 3587 2200 3648 Nicolui,
2249 3587 2300 3640 itt
2341 3588 2559 3642 deserto
2616 3589 2709 3643 illo
2759 3591 2899 3657 loco,
2947 3592 3014 3646 ad
3061 3609 3243 3661 quem,
3301 3596 3446 3652 haud

1872 3680 2061 3752 procul
2095 3679 2333 3749 positum
2384 3694 2414 3732 a
2449 3682 2652 3750 templo
2683 3681 2742 3737 D.
2776 3682 3003 3738 Joannis
3043 3683 3442 3756 Chrysostom',

1878 3793 1896 3825 ι
1934 3773 2116 3827 sedem
2152 3781 2204 3827 et
2243 3788 2497 3827 curarum
2526 3775 2766 3829 scholam
2807 3794 2860 3831 n.
2890 3779 2981 3842 Ἡ,
3021 3779 3222 3834 dicitur
3264 3790 3447 3838 trans-

1873 3868 2084 3931 tulisse,
2136 3867 2378 3936 inibique
2423 3868 2818 3938 discipulorum
2869 3873 3214 3928 distribuisse
3260 3878 3448 3930 multi-

1876 3959 2120 4014 tudinem
2150 3975 2164 4012 :
2201 3977 2216 4008 ι
2257 3959 2310 4012 in
2351 3960 2558 4016 casulis
2595 3961 2779 4016 forsan
2816 3968 3276 4035 extemporaneis,
3303 3970 3447 4025 unde

1872 4052 2078 4107 dictum
2136 4052 2210 4105 sit
2267 4053 2659 4107 monasterium
2724 4053 2787 4108 ι).
2837 4055 3050 4111 Nicolai
3103 4059 3443 4127 Casularum,

1874 4142 2163 4206 vocabulo,
2201 4153 2258 4194 ut
2289 4143 2396 4195 alia
2432 4144 2599 4197 multa
2626 4144 3262 4216 Constantinopolitana,
3310 4151 3445 4205 Ῥω-

1877 4233 2063 4304 μαῖκῷ
2095 4251 2107 4263 ·
2150 4234 2402 4303 quamvis
2436 4243 2491 4288 et
2531 4237 2847 4290 monasterii
2884 4255 2912 4292 a
2958 4239 3018 4294 Ι).
3050 4239 3272 4297 Nieolao
3314 4244 3444 4299 dicti

1873 4341 2145 4395 nusquam
2206 4327 2341 4378 Acta
2403 4325 2778 4392 meminerint,
2827 4338 2880 4382 et
2936 4330 3204 4399 adjectum
3255 4346 3440 4403 postea

1872 4419 2168 4470 oratorium
2198 4416 2254 4469 S.
2288 4416 2517 4470 Andreae
2560 4421 2807 4486 apostolo
2858 4427 3252 4492 nuncupaverit
3316 4443 3445 4481 san-

1875 4520 2018 4574 ctus,
2045 4519 2262 4578 prepter
2293 4509 2551 4577 reliquias
2575 4511 2695 4579 ejus
2739 4513 2862 4567 istic
2891 4515 3210 4581 collocatas,
3260 4520 3338 4573 uti
3370 4522 3446 4574 di-

194 4593 262 4642 rit
295 4589 611 4656 Cajetanns,
648 4587 810 4655 hujus
839 4587 1014 4641 ultimi
1055 4586 1278 4655 .losephi
1305 4587 1417 4642 sint
1441 4629 1456 4653 ,
1493 4604 1560 4641 an
1590 4587 1757 4657 aliqui
1799 4577 1839 4632 υ
1869 4603 2010 4655 cum-
2038 4577 2184 4653 ψη...
2223 4602 2310 4654 25,

193 4677 428 4744 relinqui
457 4677 622 4745 priori
658 4678 911 4739 debeant,
947 4693 1050 4730 non
1099 4684 1256 4730 vacat
1309 4692 1407 4732 nec
1437 4692 1615 4748 operte
1641 4696 1763 4748 pre-

193 4771 333 4822 tium
365 4777 442 4820 est
483 4769 772 4822 sollicitius
795 4771 1132 4824 examinare.

268 4860 357 4912 ll.
406 4858 588 4912 Placet
628 4860 844 4912 interim
898 4860 1192 4913 discrimen
1253 4875 1282 4912 a
1335 4858 1767 4929 Waugnerecltio

195 4969 360 5023 supra
417 4957 692 5006 nominato
753 4955 1135 5023 designatum,
1179 4965 1236 5008 ut
1273 4957 1480 5010 scilicet
1531 4974 1767 5014 canones

194 5048 292 5108 illi,
326 5047 421 5115 qui
472 5049 674 5099 nudum
717 5044 934 5116 Joscphi
988 5062 1184 5100 nomen
1227 5047 1519 5116 przeferunt
1564 5051 1766 5118 alisque

193 5139 302 5191 alio
327 5138 508 5198 titulo,
546 5135 766 5206 Josephi
817 5139 978 5205 hujus
1008 5139 1176 5190 nostri
1212 5138 1355 5190 sint:
1392 5155 1551 5207 quem
1607 5141 1765 5193 etiam

195 5230 503 5296 intelligere
529 5229 739 5281 videtur
769 5227 876 5282 Leo
902 5230 1130 5282 Allatius
1151 5230 1204 5282 in
1235 5245 1332 5282 sua
1361 5231 1425 5283 de
1458 5231 1765 5284 Graecorum

193 5323 348 5374 libris
401 5321 800 5383 dissertatione,
859 5321 1081 5389 quando
1135 5319 1431 5389 Josephum
1503 5322 1765 5375 Melodum

195 5413 466 5467 nominat.
503 5413 769 5481 Episcopo
825 5411 1300 5468 Thessalonicensi
1354 5415 1608 5484 imputari
1643 5432 1767 5485 pos-

193 5513 323 5558 sunt
357 5505 447 5558 alii
499 5505 589 5572 qui
649 5504 905 5560 dicuntur
935 5504 1029 5556 τοῦ
1067 5505 1234 5576 κυροῖ)
1284 5506 1511 5576 Ἰωσὴφ,
1562 5508 1766 5562 domini

192 5594 417 5665 Josephi
449 5613 461 5646 :
502 5596 614 5648 haec
640 5597 784 5649 enim
821 5596 1044 5650 honoris
1080 5596 1371 5666 appellatio
1401 5599 1625 5653 denotat
1647 5615 1770 5670 gra-

194 5687 322 5741 dum
355 5688 595 5756 aliquem
630 5688 1073 5741 eminentiorem.
1128 5687 1389 5744 Fatemur
1444 5702 1622 5746 tamen
1659 5709 1765 5748 non

192 5781 266 5832 ita
325 5783 538 5832 firmam
591 5794 708 5832 eam
766 5781 1136 5849 conjecturam
1197 5782 1388 5847 videri,
1451 5785 1580 5853 quin
1617 5788 1765 5840 varia

199 5873 412 5941 possint
447 5881 634 5926 contra
671 5888 788 5925 eam
841 5874 1059 5942 opponi,
1107 5891 1226 5945 quae
1261 5877 1576 5948 ambiguum
1616 5879 1765 5949 ju.ﬁ-

560 5965 801 6027 Parnm.
854 5968 967 6027 Gn.
1017 5968 1137 6029 CV.

1950 4693 2036 4744 li.
2072 4691 2191 4757 Quo
2215 4707 2360 4745 anno
2383 4694 2707 4749 Christiana:
2735 4710 2856 4750 terre
2876 4706 2928 4751 et
2954 4699 3130 4754 aetatis
3164 4716 3276 4756 suae
3307 4719 3445 4758 mor-

1877 4795 2004 4838 tuus
2039 4785 2108 4838 sit
2131 4785 2240 4849 hic,
2276 4785 2343 4840 de
2377 4802 2488 4855 quo
2547 4787 2782 4858 agimus,
2825 4787 3120 4859 Josephus,
3171 4809 3440 4863 nusquam

1871 4876 2179 4943 exprimunt
2207 4876 2341 4930 Acta
2376 4896 2390 4932 :
2428 4887 2635 4932 tantunt
2662 4895 2716 4932 η.
2749 4879 2815 4933 57
2843 4881 3118 4950 inquiunt,
3154 4885 3247 4940 diu
3281 4887 3434 4940 illum

1873 4970 1927 5022 in
1961 4969 2067 5021 vita
2127 4970 2431 5035 duravisse,
2474 4980 2528 5024 et
2567 4980 2786 5040 propter
2817 4988 3006 5041 graves
3045 4977 3096 5028 in
3121 4992 3181 5030 ea
3231 4978 3444 5034 labores

1871 5063 2183 5114 diuturnum
2239 5062 2454 5116 censeri
2495 5062 2697 5118 debere
2732 5066 3063 5120 sustinuisse
3098 5072 3435 5139 martyrium.

1871 5153 2027 5205 Num.
2071 5161 2249 5205 autem
2280 5152 2350 5206 δι
2371 5152 2642 5218 dixerant,
2696 5156 2840 5224 quod
2884 5155 3176 5213 Dominira:
3219 5160 3439 5216 Passio-

1876 5246 1959 5296 nis
1984 5258 2176 5312 magna
2209 5258 2272 5297 ac
2305 5245 2600 5298 venerabili
2632 5245 2931 5301 Paraseeve
2973 5247 3229 5315 instante,
3278 5253 3444 5305 disci-

1874 5335 2054 5402 pulum
2090 5350 2285 5398 suum,
2333 5344 2386 5390 et
2434 5337 2676 5391 ecclesias
2728 5341 3108 5406 possessiones
3163 5341 3213 5394 in
3259 5343 3442 5399 libel'o

1872 5424 2173 5494 descriptas
2226 5427 2485 5480 obtulerit
2543 5437 2598 5481 et
2654 5430 3052 5485 commendarit
3104 5430 3297 5487 Photio
3348 5450 3443 5501 pa-

1873 5516 2142 5579 triarchae,
2196 5517 2327 5570 nihil
2383 5518 2611 5571 ulterius
2645 5521 2957 5589 exprimens
2987 5539 3000 5576 :
3027 5537 3134 5590 quo
3172 5523 3313 5577 facto
3341 5524 3444 5576 im-

1873 5607 2162 5661 minentem
2189 5609 2290 5663 sibi
2315 5610 2519 5663 exitum
2549 5613 2910 5681 prtesignasse
2932 5615 3293 5670 declaraverit
3314 5632 3438 5671 mox

1875 5698 2342 5754 vehementissima
2400 5700 2591 5768 febris,
2645 5720 2766 5773 quae
2807 5706 2982 5760 eidem
3011 5705 3441 5765 feceritvivendi

1868 5790 2054 5855 linem,
2087 5801 2139 5845 et
2171 5791 2452 5861 (quantum
2481 5809 2543 5849 ex
2579 5805 2841 5851 contextu
2879 5781 3058 5871 colligi
3092 5799 3276 5872 datur)
3301 5817 3440 5871 pau-

1871 5897 2056 5938 corum
2099 5885 2322 5940 omnino
2357 5886 2567 5942 dierum
2619 5887 2797 5945 fuerit.
2831 5891 2976 5946 Hine
3003 5907 3164 5961 porro
3199 5895 3438 5950 animum

3009 5986 3086 6046 30
