4164 6456
743 410 846 472 939

1874 408 1934 467 S.
1977 408 2291 467 JOSEPIII
2329 407 2889 469 IIYMNOGRAPHI

3893 414 4003 477 940

738 534 946 581 circum
984 534 1203 593 agentes
1229 538 1321 591 per
1365 531 1491 574 octo
1524 522 1645 575 illos
1685 536 1879 585 annos,
1934 537 2074 591 quos
2105 524 2311 591 lguatio
2343 534 2385 586 Λ
2418 523 2622 593 expulit
2648 541 2677 577 e
2710 526 2908 593 patria,
2949 539 3056 579 non
3117 523 3304 593 paucis
3348 524 3507 579 annis
3547 524 3781 594 priorem
3828 525 4003 581 fuisse

740 628 958 672 mortuo
990 615 1214 668 Pbotins
1252 615 1305 666 in
1338 612 1707 681 patriarcbatn
1761 613 1970 678 habuit,
2015 625 2308 683 antequam

740 724 883 762 anno
914 706 1014 761 888
1061 705 1322 774 dignitate
1374 705 1461 758 illa
1503 709 1844 774 privaretur;
1878 715 1929 761 et
1981 724 2184 761 annum
2225 723 2313 760 re-

740 799 1035 865 quirentes,
1094 796 1185 863 qui
1225 793 1565 849 Parasceven
1624 795 1898 859 habuerit,
1958 812 2133 867 neque
2188 809 2312 866 post

740 890 955 944 tertium
978 888 1122 941 diem
1153 887 1373 955 Aprilis,
1395 903 1502 957 quo
1531 899 1803 941 mortuum
1832 891 2105 944 credimus
2135 887 2193 943 S.
2220 888 2314 943 Jo-

738 982 999 1050 srpbum;
1062 994 1237 1045 neque
1283 980 1487 1033 tamdiu
1552 989 1700 1043 ante,
1738 992 1796 1035 ut
1846 982 1988 1036 inter
2054 981 2226 1051 ipsam
2259 992 2314 1036 et

734 1076 875 1128 diem
916 1074 1107 1128 mortis
1138 1074 1400 1141 longioris
1433 1076 1697 1143 temporis
1734 1077 1900 1129 statui
1933 1074 2157 1139 debeat;
2189 1074 2313 1128 nul.

735 1169 819 1221 lus
859 1167 1105 1221 occurrit
1176 1167 1537 1235 opportunior
1588 1183 1787 1233 anuus,
1844 1182 2007 1236 quam
2050 1167 2175 1230 885,
2218 1167 2311 1235 qui

734 1261 1071 1317 Parasceven
1103 1261 1172 1315 29
1214 1261 1389 1315 Martii
1441 1263 1650 1324 habuit,
1696 1274 1745 1315 et
1784 1271 1977 1330 quarta
2036 1264 2170 1317 feria
2208 1262 2309 1317 Pa-

734 1355 933 1410 scltalis
953 1354 1303 1408 hebdomadre
1325 1356 1466 1409 diem
1484 1357 1517 1409 5
1538 1357 1757 1424 Aprilis.
1782 1354 1938 1418 Nam,
1962 1357 2007 1410 si
2039 1371 2186 1410 anno
2205 1357 2310 1411 880

733 1456 982 1500 mortuus
1022 1455 1169 1500 esset
1227 1445 1518 1515 .losepbus,
1572 1456 1820 1501 mortuus
1867 1458 2013 1501 esset
2041 1448 2161 1516 ipso
2210 1447 2299 1501 die

731 1538 993 1600 Pascbze;
1029 1539 1187 1591 talem
1238 1549 1419 1591 autem
1474 1550 1693 1609 tamque
1744 1540 2038 1594 notabilem
2074 1540 2310 1594 festivis-

732 1632 883 1683 simze
940 1630 1043 1683 diei
1103 1630 1610 1694 cireumsmntiam,
1656 1648 2023 1701 nequaquam,
2082 1634 2126 1687 si
2180 1648 2303 1687 vera

730 1723 941 1781 fuisset,
978 1723 1255 1777 omisisset
1286 1725 1593 1792 exprimere
1626 1734 1816 1777 auctor
1851 1722 2004 1777 Vitm.

797 1814 882 1867 15.
922 1811 1056 1866 Hinc
1088 1829 1250 1883 porro
1288 1815 1353 1867 de
1408 1821 1564 1867 aetate
1599 1815 1903 1880 coniectare
1938 1814 2136 1884 possis,
2173 1830 2299 1869 eum

724 1909 815 1976 qui
851 1907 1029 1962 Leone
1061 1908 1303 1961 Arnieno
1336 1909 1767 1975 persecutionem
1799 1908 2113 1978 incipiente,
2146 1909 2195 1963 id
2222 1918 2309 1963 est

725 2016 869 2052 anno
893 2016 1013 2053 :rrae
1046 2001 1283 2070 vulgaris
1317 2003 1375 2054 81
1397 2002 1419 2053 ἰ
1443 2000 1554 2069 jam
1583 2001 1865 2071 presbyter
1897 2001 2163 2065 initiatus,
2196 2000 2304 2055 Ro-

724 2108 896 2147 mamre
929 2094 1185 2161 legationi
1214 2094 1561 2163 indicabatur
1595 2094 1843 2157 idoneus,
1875 2104 2035 2162 atque
2073 2094 2209 2147 adeo
2246 2103 2306 2149 ut

725 2182 1009 2235 minimum
1034 2182 1359 2236 tricenarius
1392 2192 1528 2243 erat,
1561 2183 1700 2235 haud
1734 2183 1963 2235 multum
1998 2182 2237 2237 abfuisse
2270 2199 2300 2236 a

721 2273 1053 2339 centenario,
1084 2274 1303 2342 quando
1325 2290 1351 2326 a
1375 2274 1585 2327 mortali
1613 2275 1712 2327 hac
1734 2275 1840 2327 vita
1872 2272 1938 2326 ad
1966 2274 2302 2331 immortales

726 2364 968 2432 Superos
1024 2364 1259 2418 transiit.
1324 2364 1520 2417 Eadem
1579 2367 1789 2419 ratione
1852 2367 2081 2437 intelligi
2139 2366 2300 2422 datur

728 2456 871 2508 illam
912 2455 1271 2509 Barbarorum
1334 2456 1700 2511 incursionem
1764 2458 1817 2510 iu
1879 2456 2141 2523 Siciliam,
2177 2473 2299 2528 qua:

721 2546 1013 2616 Josephum
1052 2564 1175 2602 cum
1201 2560 1371 2603 matre
1399 2548 1764 2619 fratribusqne
1790 2551 1841 2605 in
1860 2548 2292 2620 Peloponnesum

2418 615 2663 669 luctuoso
2722 616 2814 669 illo
2854 625 3117 684 tempore,
3190 629 3300 685 quo
3354 625 3474 683 post
3526 613 3724 669 Leonis
3770 615 4000 670 Armcni

2414 706 2637 772 caedem,
2675 726 2693 759 ι
2728 706 2986 762 Michaele
3015 707 3278 762 adversus
3314 706 3567 761 rebellem
3601 704 3871 762 Thomam
3906 723 4004 763 oc-

2415 808 2631 868 cupato,
2681 809 2735 854 et
2764 816 2982 853 omnem
3038 800 3200 856 aliam
3249 816 3439 856 curam
3473 802 3602 855 huic
3650 801 3809 855 unice
3843 811 4001 870 post-

2418 898 2673 957 ponentc,
2697 891 2878 956 Creta,
2906 890 3092 945 Sicilia
3119 900 3173 945 et
3199 890 3389 945 insulae
3409 890 3674 961 Cyclades
3694 908 3725 945 a
3750 890 4006 945 Romano

2417 982 2643 1051 imperio
2676 983 2922 1037 rescissa:
2945 991 3113 1047 sunt,
3154 1001 3172 1034 ι
3202 993 3259 1037 ιιι
3286 983 3476 1037 scribit
3504 981 3613 1037 Leo
3662 983 4003 1037 Grammati-

2417 1090 2538 1128 cus.
2570 1072 2772 1141 Nempe
2802 1074 3024 1130 Barbari
3060 1074 3157 1141 illi,
3206 1076 3455 1145 piraticis
3501 1077 3830 1131 excursibus
3862 1091 4007 1145 pra:—

2416 1166 2513 1219 das
2545 1174 2670 1219 ante
2695 1165 2746 1219 id
2779 1175 2992 1237 tempus
3021 1168 3260 1222 contenti
3297 1183 3479 1238 agere,
3523 1178 3654 1223 tunc
3701 1169 3867 1220 etiam
3902 1171 4001 1221 tir-

2417 1273 2533 1311 inas
2568 1274 2707 1310 novo
2736 1257 3038 1312 doniinatni
3070 1258 3224 1314 sedes
3255 1258 3307 1312 in
3360 1258 3550 1313 iisdem
3583 1257 3780 1313 insulis
3811 1258 4005 1325 acqui-

2416 1350 2579 1403 sierc.
2625 1349 2779 1415 Quod
2844 1359 3022 1404 autem
3062 1351 3365 1406 Barbariem
3397 1352 3559 1405 etiam
3609 1366 3773 1405 naves
3828 1349 4004 1405 fuisse

2412 1444 2692 1503 dicantur,
2731 1459 2848 1510 quae
2878 1443 2995 1497 vela
3025 1442 3252 1498 Romam
3291 1443 3537 1499 facientis
3566 1459 3789 1497 cursum
3820 1443 4001 1497 inter-

2412 1537 2593 1591 cidere
2641 1549 2695 1590 et
2721 1537 2995 1606 captivum
3022 1537 3075 1591 in
3112 1537 3330 1592 Cretam
3383 1552 3613 1593 avexere
3640 1534 3945 1606 Josepbum
3980 1554 3997 1591 :

2414 1629 2463 1683 id
2519 1630 2587 1682 ita
2628 1631 2929 1698 accipimus
2982 1624 3049 1683 uf
3080 1645 3200 1684 eam
3241 1629 3479 1685 insulam
3537 1644 3645 1684 non
3684 1629 3800 1698 jam
3864 1640 4003 1683 tunc

2413 1722 2685 1775 tenuerint
2734 1721 2980 1787 Barbari,
3020 1722 3112 1777 sed
3147 1730 3205 1775 ut
3255 1736 3285 1775 a
3321 1720 3522 1776 Leonis
3554 1721 3777 1776 Armeni
3834 1721 4004 1776 mini-

2412 1814 2538 1867 stris
2561 1814 2815 1867 conJueti
2848 1814 2913 1868 ad
2947 1814 3128 1869 scelus
3160 1814 3366 1883 piratae,
3404 1811 3667 1883 profugos
3710 1813 3995 1868 Constan-

2412 1907 2641 1977 tinopoli
2689 1921 2968 1961 sacrarum
3027 1908 3268 1962 cultores
3332 1905 3631 1975 imaginum
3674 1905 3999 1959 curaverint

2416 2004 2692 2055 retrahere
2721 2002 2772 2054 in
2812 2016 3004 2055 manus
3062 1990 3583 2066 lconomacborum‘;
3618 2008 3671 2055 et
3690 1998 4001 2069 Josephnm

2412 2094 2735 2147 nominalim
2770 2093 3101 2147 intenderint
3131 2094 3610 2163 comprehendere,
3676 2108 3843 2163 quem
3882 2090 3999 2144 Ro-

2413 2196 2555 2235 mam
2594 2182 2828 2251 legatum
2871 2183 3150 2251 navigare,
3213 2198 3320 2236 non
3356 2182 3535 2251 potuit
3590 2182 3818 2236 omnino
3850 2182 3999 2235 clam

2410 2274 2594 2327 haberi
2627 2288 2734 2329 :ex
2770 2275 2922 2329 Actis
2952 2275 3097 2329 enim
3136 2275 3425 2331 manifeste
3457 2284 3695 2341 constat,
3741 2290 3853 2329 non
3892 2273 4001 2328 Sa—

2409 2381 2659 2431 racenos,
2700 2366 2795 2422 sed
2825 2365 3425 2433 lconomachosfuisse,
3453 2368 3505 2421 in
3534 2382 3767 2437 quorum
3804 2378 4001 2423 custo-

2405 2460 2493 2514 dia
2511 2460 2762 2516 detentus
2784 2459 2874 2515 ille
2898 2461 3039 2531 apud
3080 2459 3300 2515 Cretam
3350 2470 3435 2517 est
3492 2469 3604 2516 toto
3652 2459 3763 2516 fere
3795 2473 4001 2515 sexen-

2405 2568 2516 2608 1110.

745 2769 3982 2796 W

2000 2928 2690 3047 ΙΩΑΝΝΟΥ

1222 3140 1572 3194 ΔΙΔΚΟΝΟΥ
1614 3140 1748 3195 ΤΙΙΣ
1788 3142 1924 3197 ΤΟΥ
1961 3142 2144 3196 ΘΕΟΥ
2183 3142 2516 3201 ΜΕΓΔΔΗΣ
2556 3144 2958 3200 ΕΚΚΑΗΣΙΑΣ
2998 3144 3115 3201 ΚΑΙ
3157 3146 3474 3203 ΡΗΤΟΡΟΣ

2240 3312 2437 3356 ΛΟΓΟΣ

786 3489 956 3576 ΕΙΣ
1029 3490 1251 3578 TON
1336 3490 1595 3575 BION
1670 3489 1899 3576 ΤΟΥ
1973 3490 2119 3575 ΕΝ
2196 3490 2563 3577 ΑΓΙΟΙΣ
2640 3489 3106 3581 ΠΑΤΡΟΣ
3150 3493 3478 3585 ΗΜΩΝ
3555 3494 3910 3583 ΙΩΣΗΦ

2003 3674 2142 3730 ΤΟΥ
2180 3676 2678 3733 ΥΜΝΟΓΡΑΦΟΥ.

2036 4009 2496 4125 JOANN
2511 4008 2640 4124 IS

1383 4239 1689 4300 ΜΛΟΝᾸΞ
1734 4238 1866 4300 DEI
1917 4236 2298 4299 ECCLESUI

2405 4234 2694 4299 llACONl
2741 4236 2844 4297 ΕΤ
2892 4236 3297 4299 ORATORIS

2229 4397 2443 4448 SERMO

954 4586 1077 4673 ΙΝ
1173 4584 1549 4677 VITAM
1625 4585 1718 4673 S.
1800 4585 1903 4671 Ρ.
1989 4584 2105 4672 Ν.
2186 4580 2689 4675 JOSEPHI
2776 4581 3715 4675 HYMNOGRAPI-Il.

1200 4776 1292 4840 (Ex
1322 4791 1411 4826 ms.
1442 4779 1612 4827 codice
1640 4776 1869 4826 biblioth.
1896 4774 2076 4836 \'alic.,
2103 4775 2283 4824 collato
2310 4788 2420 4825 cum
2458 4788 2547 4824 ms.
2580 4774 2745 4825 Siculo
2770 4777 3059 4825 monasterii
3086 4775 3138 4824 S.
3167 4777 3475 4839 Salvatoris.)

1763 4924 2035 4984 Interprete
2063 4919 2305 4972 Ludovico
2350 4920 2645 4980 Marraccio,
2673 4921 2893 4974 Lucensi.

775 5223 823 5278 l.
847 5219 1039 5277 Omnis
1055 5225 1271 5294 quidem
1308 5224 1549 5278 virorum
1579 5225 1778 5278 virtute
1798 5225 2147 5294 praeditorum
2172 5226 2279 5281 vita
2315 5235 2355 5293 υ

697 5315 941 5369 animum
975 5315 1188 5368 virtutis
1212 5328 1485 5369 amantem
1546 5315 1612 5369 ad
1653 5315 2009 5370 imitationem
2055 5316 2267 5383 invitat,

695 5408 1067 5463 ethonestatis
1100 5408 1334 5463 amicum
1385 5409 1449 5463 ad
1484 5424 1603 5463 eam
1631 5424 1728 5478 pro
1769 5410 1979 5465 viribus
2008 5411 2271 5465 aemulan-

695 5502 819 5555 dam
840 5502 1116 5570 compellit
1147 5521 1159 5556 :
1192 5502 1236 5556 si
1276 5518 1403 5557 vero
1433 5502 1596 5556 etiam
1621 5516 1802 5557 sermo
1832 5503 1997 5556 vitam
2020 5512 2266 5565 exornet,

694 5607 746 5648 ct
787 5596 1233 5664 practicumcum
1283 5596 1621 5666 speeulativo
1668 5596 2081 5667 intelligibiliter
2134 5612 2270 5652 con-

698 5688 896 5753 veniat,
927 5687 1274 5758 perfectionis
1304 5690 1610 5745 studiosum
1649 5706 1745 5762 per
1785 5690 1898 5746 lizec
1925 5691 2034 5745 duo
2066 5691 2268 5746 excitat

692 5778 759 5831 ad
817 5780 1125 5833 sedulitatis
1176 5780 1583 5850 expressionem
1635 5799 1649 5835 :
1719 5796 2031 5851 quanquam
2094 5781 2261 5837 etiam

689 5867 801 5924 vita
830 5870 945 5925 sola
982 5871 1078 5936 illi,
1109 5870 1200 5940 qui
1231 5871 1401 5927 currit
1441 5872 1507 5927 ad
1557 5887 1783 5942 scopum
1826 5887 2075 5943 superum
2107 5887 2264 5930 voca-

2460 5234 2529 5282 a.'.
2564 5230 2674 5283 Kal.
2705 5228 2851 5291 ἅπας
2875 5228 2973 5299 μὲν
3008 5228 3121 5299 βίος
3155 5228 3266 5282 τῶν
3309 5230 3599 5300 ἐναρέτων,
3628 5232 3729 5304 τὴν
3756 5234 3978 5305 ἐρῶσαν

2382 5322 2561 5391 ψυχὴν
2595 5322 2795 5393 ἀρετῆς
2832 5320 2966 5395 πρρς
2992 5322 3226 5393 μίμησιν
3256 5322 3589 5388 ἐκκαλεῖται,
3645 5326 3743 5378 καὶ
3774 5326 3978 5396 ζηλοῦν

2382 5412 2683 5480 ἀναγκάζει
2715 5413 2854 5465 κατὰ
2872 5411 3104 5479 δύναμιν
3129 5412 3217 5465 τὸν
3248 5413 3563 5481 φιλόκαλον
3595 5415 3727 5468 εἰδὲ
3755 5418 3855 5471 καὶ
3887 5420 3979 5473 λό-

2381 5519 2474 5571 γος
2500 5503 2592 5555 τὸν
2629 5502 2741 5572 βίον
2779 5501 3031 5556 καλλύνει
3055 5544 3068 5567 ,
3094 5503 3187 5555 καὶ
3212 5503 3272 5555 τὺ
3303 5504 3609 5573 πρακτικὸν
3650 5504 3729 5575 τῷ
3759 5505 3977 5579 θεωρη-

2380 5596 2516 5667 τικῷ
2546 5596 2748 5667 νοερῶς
2777 5593 3129 5661 συνδυάζεται
3148 5596 3237 5650 τὸν
3258 5597 3582 5667 ὀρεγόμενον
3606 5597 3972 5669 τελειότητος,

2380 5690 2448 5742 δι’
2473 5689 2759 5762 ἀμφότερα
2784 5690 2956 5743 ταῦτα
2977 5689 3263 5761 διερεθίζει
3283 5692 3417 5763 πρὸς
3441 5691 3538 5762 τὴν
3557 5692 3659 5761 τῆς
3681 5694 3975 5763 ἀκριϐείας

2373 5782 2703 5838 ἐκτύπωσιν.
2740 5784 2933 5837 Καίτοι
2966 5800 3029 5852 γε
3056 5781 3149 5837 καὶ
3186 5782 3301 5853 βίος
3335 5783 3494 5853 μόνος
3517 5784 3681 5854 ἀρκεῖ
3709 5786 3790 5854 τῷ
3826 5791 3972 5841 κατὰ

2376 5876 2575 5928 σκοπὸν
2624 5877 2723 5947 τῆς
2772 5878 2885 5932 ἄνω
2933 5875 3175 5949 κλήσεως
3225 5875 3502 5947 τρέχοντι,
3542 5874 3640 5946 τὴν
3680 5876 3971 5941 βασιλείαν
