4164 6456
172 506 268 567 941

1700 482 1894 543 VITA.

3301 479 3405 541 942

172 622 278 674 τῶν
301 615 547 689 οὐρανῶν
600 608 927 683 προξενῆσαι
985 606 1079 661 καὶ
1106 604 1199 678 τὴν
1230 605 1296 658 δι’
1332 603 1523 666 αἰῶνος
1563 616 1736 671 μακα-
1770 655 1772 661 η

1875 595 2030 658 iouis,
2074 594 2293 650 caeleste
2336 606 2565 663 regnum
2615 605 2779 663 atque
2837 602 3094 648 aeternam
3133 594 3393 652 beatitudi

174 712 412 783 ριότητα.
448 708 521 761 Οὐ
559 706 663 775 μὴν
691 703 826 757 ἀλλά
851 702 943 755 καὶ
978 699 1133 767 λόγος
1158 696 1235 768 τῷ
1267 696 1366 767 βίῳ
1398 691 1739 783 συνημμένος

172 782 529 872 αατάλληλος,
563 796 734 851 Λυδία
762 794 907 855 λίθος
942 793 1133 860 ὁρᾶται
1167 789 1236 842 τὰ
1275 788 1383 841 τῶν
1433 786 1609 841 ἄλλων
1636 782 1740 852 ἤθη

175 893 479 964 βασανίζων
507 889 709 951 καλῶς,
739 884 830 938 καὶ
849 883 936 935 διὰ
957 883 1055 952 τῆς
1080 880 1295 950 χάριτος
1322 879 1411 931 τὸν
1434 874 1580 943 αὐτῷ
1609 876 1746 944 μετλ

172 985 379 1056 τρόπον
428 981 823 1051 κοσμούμενον,
860 975 1040 1028 κοινὸν
1090 971 1365 1042 προτιθεὶς
1412 971 1524 1024 τοῖς
1566 966 1743 1036 βουλο-

178 1079 361 1147 μένοις
394 1074 718 1146 ἀρχέτυπον.
743 1068 995 1122 Τοιοῦτον
1024 1061 1141 1118 οῖδα
1167 1064 1260 1119 καὶ
1302 1061 1523 1130 Ἰωσὴφ,
1554 1060 1644 1113 τὸν
1689 1059 1747 1110 ἐν

175 1170 358 1231 πόνοις
394 1168 494 1232 μὲν
521 1162 922 1232 γενναιότατον,
946 1161 1005 1212 ὲν
1023 1158 1069 1211 δ’
1093 1158 1315 1227 ἀρεταῖς
1344 1152 1745 1224 ἀπαράμιλλον,

174 1260 252 1330 τῷ
282 1260 340 1311 δὲ
373 1256 613 1327 περιόντι
653 1254 742 1308 τοῦ
771 1253 931 1319 λόγου
961 1250 1072 1314 τοῖς
1100 1246 1363 1302 ἀνέκαθεν
1393 1245 1588 1313 ἁγίοις,
1608 1243 1747 1296 κατὰ

172 1350 274 1418 τὴν
300 1345 593 1416 δεδομένην
632 1342 782 1411 παρά
810 1339 903 1393 τοῦ
934 1338 1251 1409 Πνεύματος
1284 1333 1511 1404 δύναμιν
1534 1375 1549 1399 ,
1621 1331 1747 1402 μελο

176 1438 410 1510 ῳδικοῦς
441 1433 810 1505 ὑμνητηρίους
840 1429 1327 1502 ὲμπαρενεὶροντα.

250 1698 317 1769 β’.
351 1696 551 1750 Τοῦτον
592 1694 701 1747 ἔδει
732 1692 807 1763 μὴ
845 1691 1226 1761 παραδραμεῖν
1268 1689 1360 1741 τὸν
1388 1687 1627 1757 ἐραστὴν
1659 1685 1751 1739 τοῦ

176 1790 379 1858 λόγου,
435 1787 528 1839 καὶ
568 1786 628 1837 τὸ
674 1783 861 1851 περιὸν
910 1780 1010 1851 τῆς
1058 1780 1256 1850 ἀρετῆς
1301 1776 1751 1847 δυσωπούμενον,

177 1882 292 1935 ἀλλ’
326 1880 356 1933 ὃ
406 1880 610 1940 ἐκεῖνος
655 1878 712 1927 ἐν
744 1872 919 1937 ἄλλοις
959 1873 1169 1935 πολλοῖς
1214 1870 1562 1935 ὲκτετέλεκε,
1599 1869 1755 1922 τοῦτο

1846 703 1966 744 nem
2008 686 2337 742 sutﬁcienter
2363 686 2619 755 acquirit.
2653 684 3036 741 Verumtamen
3073 701 3255 742 sermo
3280 703 3416 758 quo-

1846 795 1952 851 quc
1972 787 2161 832 mutuo
2190 794 2326 832 nexu
2360 778 2484 832 vitae
2517 778 2863 845 conjunctus,
2900 778 3070 850 Lydio
3104 779 3270 848 lapidi
3298 796 3419 851 per-

1847 874 2043 929 similis
2070 880 2155 925 cst
2192 889 2204 924 :
2243 888 2365 924 nam
2404 872 2636 924 aliorum
2669 872 2957 939 qualitates
3000 872 3205 942 optime
3235 873 3423 941 probat

1850 980 1913 1017 ac
1959 978 2156 1027 mores,
2190 970 2243 1013 et
2302 972 2583 1030 propterea
2642 961 2829 1031 gratiae
2893 963 3059 1025 illius,
3120 979 3243 1033 quae
3299 979 3421 1019 cunt

1850 1067 1992 1111 certa
2021 1055 2236 1109 ratione
2280 1054 2332 1106 in
2370 1068 2436 1107 eo
2468 1054 2736 1122 refulget,
2793 1054 3142 1123 archetypum
3179 1071 3423 1112 commu-

1852 1165 1971 1203 nem
2001 1149 2311 1203 volentibus
2337 1146 2607 1216 proponit.
2636 1145 2824 1201 Talem
2880 1146 3091 1201 allirmo
3132 1146 3304 1203 fuisse
3333 1148 3426 1202 Jo-

1852 1242 2102 1310 scphum,
2135 1241 2188 1294 in
2225 1239 2505 1294 laboribus
2530 1239 3034 1309 generosissimum,
3066 1238 3118 1291 in
3139 1238 3429 1294 virtutibus

1853 1330 2295 1399 insuperaliilctn,
2351 1330 2440 1397 qtti
2497 1328 2853 1382 suavissimas
2883 1330 3193 1390 cautiones,
3237 1344 3418 1382 secun-

1850 1423 1979 1477 dum
2023 1422 2333 1475 facultatem
2372 1422 2475 1475 sibi
2532 1436 2562 1475 a
2604 1420 2809 1490 Spiritu
2854 1429 3043 1475 sancto
3075 1423 3354 1489 tributam,
3379 1423 3431 1477 in

1854 1514 2118 1565 honorem
2172 1511 2593 1579 praecedentium
2654 1521 2970 1566 sanctorum
3033 1527 3101 1566 ex
3164 1517 3433 1571 sermonis

1854 1604 2008 1671 copia
2041 1615 2093 1657 et
2126 1603 2370 1656 ubertate
2398 1603 2726 1670 composuit.

1922 1698 1976 1748 2.
2040 1692 2195 1747 Hunc
2258 1693 2479 1746 minime
2535 1693 2759 1747 decebat
2831 1695 3109 1764 przeterire
3164 1696 3437 1753 sermonis

1859 1798 2183 1852 amatorem,
2213 1786 2428 1841 etiamsi
2478 1786 2750 1856 quispiam
2799 1787 2869 1842 0b
2899 1787 3118 1843 virtutis
3156 1787 3438 1844 abundan-

1862 1883 1991 1933 tiam
2026 1880 2293 1935 conlusns
2334 1880 2566 1933 haereret
2608 1896 2622 1933 :
2675 1878 2771 1934 sed
2821 1879 2965 1949 quod
3016 1880 3107 1934 ille
3150 1880 3205 1934 in
3252 1879 3440 1936 multis

177 1977 400 2037 παντως
426 1970 611 2024 λαϐεῖν
645 1968 794 2037 παρα
820 1965 917 2035 τῆς
941 1963 1098 2034 ήμῶι
1126 1954 1530 2030 ταπεινότητος.
1563 1962 1625 2013 Εἰ
1651 1960 1760 2029 γὰρ

1875 1974 1982 2029 ιιίἰε
2038 1973 2168 2028 fecit
2202 2014 2216 2035 ,
2261 1974 2363 2025 hoc
2418 1972 2644 2025 omnino
2702 1972 3061 2026 conveniebat
3103 1972 3354 2027 eumdem
3408 1986 3442 2026 a

177 2068 275 2121 καὶ
308 2067 406 2134 οὐχ
455 2063 651 2134 ὡραῖος
700 2058 886 2128 ὕμνος,
920 2060 1062 2108 κατὰ
1101 2054 1193 2107 τὸν
1235 2054 1649 2122 Ὑμνογράφον,
1698 2054 1754 2104 ὲν

182 2160 420 2229 στόματι
450 2155 542 2209 τοῦ
572 2150 901 2223 ἁμαρτω).οὖ
922 2191 936 2211 ,
969 2147 1109 2217 πλὴν
1140 2146 1253 2200 ἀλλ’
1293 2149 1326 2217 ἡ
1355 2145 1635 2217 προθυμία
1664 2147 1757 2197 καὶ

176 2254 240 2306 τὸ
272 2246 393 2316 ζέον
426 2250 522 2318 τῆς
556 2245 850 2303 διαθέσεως
883 2241 1026 2306 ἕλξει
1058 2239 1148 2292 τὸν
1178 2237 1592 2307 εύφημούμενον
1624 2238 1757 2308 πρὸς

180 2348 241 2399 τὺ
264 2345 333 2396 τὰ
367 2343 487 2394 λιτὰ
522 2338 691 2393 ταῦτα
719 2340 815 2390 καὶ
845 2334 1075 2404 πενιχρά
1098 2330 1499 2403 παραδέξασθαι
1522 2344 1536 2357 ’
1566 2331 1625 2382 ού
1652 2330 1759 2399 γὰρ

178 2435 243 2487 τὸ
283 2420 401 2486 ἴσον
444 2430 794 2498 ἀντιζητήσει
840 2427 991 2492 παρά
1027 2423 1125 2493 τῆς
1178 2421 1337 2490 ἡμῶν
1377 2420 1757 2491 οὐθενότητος·

182 2521 266 2588 οἷς
300 2526 412 2594 γὰρ
441 2521 582 2576 κατά
612 2520 709 2590 τὴν
739 2517 1028 2584 ἀναλογίαν
1065 2515 1113 2567 οἱ
1147 2513 1252 2582 βίοι
1302 2513 1443 2565 κατά
1474 2511 1764 2582 διάμετρον

182 2616 566 2686 ἀφεστήκασι,
594 2611 801 2673 τούτοις
828 2609 1106 2675 ἀναλόγως
1131 2608 1225 2659 καλ⁵
1260 2608 1288 2658 ὁ
1320 2606 1475 2673 λόγος
1506 2607 1766 2673 ἀποσχοι-

184 2709 417 2771 νὶζεται.
452 2705 684 2773 Λαλήσω
711 2702 842 2770 γοῦν
873 2701 1023 2767 παρὰ
1050 2700 1209 2768 μέλος
1244 2698 1320 2768 τῷ
1350 2701 1416 2751 τὰ
1444 2697 1556 2750 τῶν
1591 2697 1767 2749 ἄλλων

184 2799 448 2870 ἐμμελῶς
480 2796 863 2867 μελῳδήσαντι·
901 2794 928 2843 ὁ
962 2792 1019 2845 δὲ
1048 2794 1147 2860 τὴν
1177 2792 1296 2859 ἴσην
1319 2791 1477 2860 χάριν
1508 2789 1659 2851 εἰδὼς
1693 2789 1767 2858 μὴ

186 2886 476 2961 παροῦσαν
504 2884 582 2954 τῷ
614 2883 904 2951 γράψαντι,
950 2880 1164 2949 γυμνὴν
1204 2881 1301 2949 τὴν
1333 2878 1642 2947 προθυμίαν
1670 2879 1768 2947 τῆς

187 2979 414 3050 χάριτος
486 2973 839 3038 ἀποδέξεται*
888 2973 1009 3022 ἐπεὶ
1054 2970 1186 3040 μηδὲ
1244 2969 1321 3039 τῷ
1351 2968 1446 3022 τοῦ
1481 2968 1769 3038 προσώπου

189 3071 388 3131 καλλος
417 3067 613 3137 κομιδῇ
634 3064 740 3118 ἀπὸ
764 3064 859 3132 τῆς
882 3064 1096 3132 φύσεως
1121 3062 1295 3131 ἔχοντι
1326 3078 1393 3114 πε
1405 3063 1667 3132 ρισπούδα
1678 3080 1771 3115 ςτα

188 3163 259 3215 τὰ
306 3159 507 3226 ἔξωθεν
556 3155 956 3224 ὲπιτρίμματα.
1011 3150 1331 3205 Τούναντίον
1386 3152 1483 3220 μὲν
1539 3150 1631 3203 οὖν
1678 3152 1773 3204 καὶ

189 3252 550 3321 καταχραίνοι
582 3247 643 3301 τὸ
684 3245 1070 3316 ὼραιόμορφον
1115 3244 1143 3295 ὀ
1186 3240 1623 3311 περιστιμμίζων
1661 3244 1772 3305 τοῖς

190 3360 467 3415 χρωμασι.

1864 2072 2051 2117 nostra
2088 2062 2395 2117 humilitate
2428 2063 2689 2130 recipere.
2725 2058 2875 2115 Licet
2900 2063 3043 2114 enim
3072 2060 3227 2131 juxta
3274 2060 3443 2132 Hym-

1859 2158 2119 2228 nographi
2155 2156 2385 2219 dictum,
2411 2170 2514 2209 non
2543 2156 2613 2209 sit
2667 2155 2912 2224 speciosa
2950 2155 3069 2211 laus
3108 2156 3161 2209 in
3196 2170 3293 2210 ore
3312 2169 3442 2226 pec-

1860 2248 2083 2310 catoris,
2139 2254 2377 2300 attamen
2412 2253 2697 2314 promptus
2747 2244 3035 2314 alacerqtte
3088 2245 3337 2310 animus,
3390 2252 3447 2303 et

1864 2338 2078 2393 fervens
2124 2337 2354 2391 aﬂ‘ectus
2388 2336 2589 2390 alliciet
2627 2352 2749 2390 eum
2777 2375 2793 2401 ,
2852 2338 2945 2406 qui
2997 2337 3252 2393 laudibus
3303 2335 3447 2392 cele-

1864 2430 2050 2499 bratur
2080 2432 2143 2483 ad
2187 2431 2300 2483 lure
2330 2439 2517 2484 nostra
2563 2429 2756 2497 exigua
2786 2429 3023 2499 viliaque
3072 2430 3443 2499 suscipienda.

1868 2494 1983 2577 Non
2009 2524 2154 2578 enim
2180 2522 2328 2589 paria
2350 2524 2529 2592 exiget
2557 2537 2587 2575 a
2616 2530 2800 2576 nostra
2825 2522 3195 2577 imbecillitate
3216 2524 3444 2588 ;ctenim

1866 2616 2054 2669 eadem
2080 2616 2432 2685 proportione
2464 2616 2621 2669 debet
2668 2615 2899 2683 singulis
2948 2630 3130 2671 sermo
3166 2615 3332 2671 dividi
3383 2631 3449 2671 ac

1868 2706 2146 2768 distribui,
2178 2722 2283 2775 qna
2315 2721 2503 2759 eorum
2532 2706 2636 2759 vita
2679 2721 2774 2774 per
2796 2708 3125 2760 diametrum
3155 2707 3338 2761 differt
3384 2721 3449 2762 ac

1870 2808 2178 2866 svparatur.
2240 2796 2455 2865 Loquar
2514 2796 2675 2865 igitur
2724 2798 3055 2852 inconcinne
3093 2798 3162 2853 de
3215 2813 3307 2865 eo,
3356 2800 3451 2868 qui

1870 2891 2101 2942 aliorum
2151 2888 2289 2943 faeta
2337 2889 2665 2943 suavissimo
2701 2901 2876 2942 metro
2905 2890 3236 2958 composuit.
3279 2889 3453 2945 Porro

1873 2982 1959 3035 ille
2016 2982 2155 3037 idem
2186 3022 2200 3045 ,
2249 2983 2339 3050 qtti
2375 2985 2525 3035 novit
2586 2996 2692 3034 non
2743 2981 3006 3050 aequalem
3043 2982 3276 3051 gratiam
3314 2982 3451 3036 mihi

1876 3072 2137 3126 scribenti
2174 3073 2364 3125 adesse
2392 3080 2554 3141 atque
2586 3070 2687 3140 ipsi
2729 3073 2939 3136 aderat,
3006 3072 3209 3126 nudam
3268 3073 3454 3142 gratia:

1875 3161 2359 3229 prmnptitudineut
2397 3170 2563 3230 atque
2597 3162 2833 3214 alacrem
2863 3160 3116 3216 allectum
3149 3163 3408 3233 suscipiet
3437 3181 3453 3219 :

1878 3252 2321 3321 quandoquidem
2350 3266 2527 3321 neque
2556 3252 2666 3314 ille,
2704 3252 2798 3320 qui
2834 3268 2861 3304 a
2893 3262 3086 3306 natura
3118 3256 3303 3308 vultus
3336 3256 3456 3324 pul—

1797 3317 1838 3372 C
1872 3342 2236 3395 chritudinem
2277 3342 2518 3411 possidet
2543 3342 2827 3405 eximiam,
2852 3358 2958 3396 non
3012 3344 3066 3397 in
3124 3346 3455 3402 extrinsccis

190 3437 580 3509 espolimeutis
627 3441 793 3501 atque
869 3430 1260 3484 all‘ricatncutis
1340 3428 1551 3479 laborat
1608 3446 1622 3483 :
1668 3431 1760 3499 qui
1802 3448 1933 3489 vero
1995 3438 2248 3510 opposito
2288 3437 2451 3492 modo
2493 3425 2565 3492 δέ
2591 3437 2772 3501 habet,
2834 3436 3023 3492 forma;
3053 3437 3306 3494 decorem
3356 3457 3455 3513 ap-

194 3538 396 3607 pingit,
444 3542 499 3587 et
539 3528 1053 3598 circumpositorum
1109 3524 1355 3578 Colorum
1414 3522 1559 3577 fucat
1607 3532 1961 3587 ornamentis.

267 3624 339 3693 γ’.
371 3622 635 3689 Θεοφάνει
662 3621 764 3691 μὲν
789 3615 882 3672 οὖν
906 3633 1013 3670 τινι
1033 3658 1047 3683 ,
1082 3616 1175 3670 τοῦ
1203 3618 1350 3688 ἱεροῦ
1386 3618 1779 3689 πρεσϐυτερίου

196 3716 490 3787 ἠξιωμένῳ
519 3715 612 3766 κα)⁵
641 3714 718 3782 τῷ
746 3711 1033 3780 καταλόγῳ
1067 3709 1430 3781 ἠριθμημένῳ
1468 3711 1579 3764 τῶν
1614 3730 1779 3782 μονα-

196 3812 334 3881 χῶν,
363 3811 392 3862 ὁ
425 3807 538 3877 βίος
581 3805 732 3859 τοῦδε
768 3803 862 3857 τοῦ
902 3804 1173 3874 μακαρίου
1210 3805 1512 3872 πεπόνηται
1535 3822 1548 3835 ·
1581 3806 1640 3858 οὐ
1674 3806 1779 3876 μὴν

198 3903 339 3954 ἀλλὰ
374 3898 726 3968 παρέδραμεν
763 3895 954 3948 τοῦτον
988 3894 1160 3947 πολλά
1181 3934 1196 3958 ,
1231 3896 1312 3947 ὅτι
1358 3895 1498 3948 κατὰ
1544 3897 1780 3963 σπουδὴν

200 3993 396 4061 ἐκείνῳ
440 3987 856 4061 συνιερὶνφάνθη
904 3986 963 4039 τὸ
1015 3986 1266 4055 πόνημα*
1318 3987 1509 4055 ἀμέλει
1562 3988 1656 4039 καὶ
1698 3981 1779 4049 οἷς

200 4088 411 4146 ἐκεῖνος
434 4081 528 4135 τοῦ
571 4082 817 4150 μάκαρος
864 4077 1020 4131 τοῦδε
1053 4077 1145 4130 τὸν
1175 4077 1289 4147 βίον
1325 4077 1653 4149 ἐσμίκρυνεν
1676 4120 1689 4143 ,
1724 4081 1781 4130 ἐν

203 4178 418 4237 τούτοις
449 4175 593 4243 ἡμᾶς
630 4172 722 4225 ἐπὶ
748 4172 808 4223 τὸ
840 4169 997 4240 εὖρος
1025 4170 1123 4238 τῆς
1150 4168 1458 4238 διηγήσεως
1491 4169 1781 4239 προεΰίόα-

205 4284 320 4321 σεν.
362 4260 523 4318 Ἀλλᾶ
552 4262 637 4325 τίς
665 4261 874 4329 γένοιτο
895 4257 972 4328 τῷ
999 4258 1101 4328 βίῳ
1128 4256 1282 4311 τοῦδε
1304 4258 1598 4327 ἀξιόχρεως
1627 4260 1784 4311 ἔπαι-

205 4374 333 4421 νοςς
364 4355 495 4408 ποία
525 4354 578 4407 δὲ
611 4352 831 4420 γλῶσσα
868 4349 938 4401 τά
969 4349 1161 4402 τούτου
1205 4349 1491 4419 δυνήσεται
1520 4349 1783 4418 διηγήσα-

208 4451 337 4503 σθαι
387 4444 823 4516 κατορθώματας
866 4439 1015 4493 Ἔδει
1065 4442 1194 4510 γὰρ,
1246 4440 1354 4492 ἔδει
1397 4442 1497 4502 τάς
1539 4439 1789 4508 γλώσσας

207 4544 337 4613 ἄρτι
364 4541 619 4608 παρεῖναι
645 4534 752 4588 τῶν
779 4535 909 4603 παρ’
944 4531 1111 4586 αὐτοῦ
1144 4532 1310 4596 ἀξίως
1343 4531 1787 4600 ὲξυμνουμένων,

1958 3627 2014 3680 5.
2050 3626 2218 3682 Porro
2248 3627 2388 3681 beati
2440 3625 2603 3695 hujus
2635 3627 2799 3680 vitam
2844 3624 3205 3697 Theophanes
3234 3628 3454 3699 quidam

1886 3732 2041 3772 Sacra
2100 3716 2425 3787 presbyterii
2480 3716 2745 3785 dignitate
2784 3715 3101 3784 insignitus,
3156 3726 3209 3769 et
3270 3732 3459 3771 mona-

1884 3808 2115 3863 chorum
2144 3808 2391 3878 catalogo
2422 3808 2719 3877 ascriptus,
2756 3807 3059 3861 elaboravit
3096 3825 3111 3863 :
3165 3808 3333 3863 multa
3375 3818 3453 3863 ta-

1888 3914 2010 3953 men
2055 3900 2143 3954 hic
2174 3913 2365 3953 auctor
2394 3901 2741 3970 praetermisit
2764 3939 2776 3963 ,
2813 3915 2939 3953 nam
2968 3896 3288 3954 festinanter
3321 3916 3458 3970 opus

1884 3993 2136 4047 confecit.
2171 3991 2276 4047 Sed
2304 3993 2355 4045 in
2384 3992 2451 4047 iis
2476 3993 2529 4045 in
2563 3992 2761 4061 quibus
2794 3992 2894 4044 iste
2926 3990 3068 4044 beati
3099 3990 3262 4060 hujus
3292 3991 3453 4045 vitam

1888 4086 2179 4148 imminuit,
2219 4101 2317 4140 nos
2371 4084 2439 4144 ad
2491 4082 2828 4136 narrationis
2866 4082 3279 4152 amplitudinem
3325 4099 3454 4153 pro-

1888 4179 2055 4231 vexit.
2095 4176 2293 4231 Verum
2329 4192 2450 4245 quae
2496 4175 2711 4229 tandem
2749 4176 2880 4229 satis
2908 4175 3069 4245 digna
3117 4176 3237 4230 laus
3296 4176 3458 4245 hujus

1889 4268 1995 4321 vita
2024 4268 2325 4338 reperiatur
2356 4267 2380 4319 ?
2407 4265 2473 4318 Et
2498 4281 2619 4335 qua:
2638 4265 2820 4334 lingua
2856 4265 3117 4335 praeclara
3142 4264 3285 4320 illius
3313 4275 3457 4335 gesta

1894 4374 2181 4414 recensere
2202 4374 2225 4411 ι
2240 4357 2419 4411 alt-at?
2446 4356 2741 4425 Oportebat
2759 4370 2911 4421 sane,
2935 4356 3218 4424 oportebat
3245 4355 3458 4410 illorum

1896 4468 2039 4506 nunc
2096 4452 2308 4521 linguas
2346 4450 2558 4512 adesse,
2594 4448 2685 4518 qui
2728 4450 2797 4502 ab
2829 4448 3017 4501 eodem
3064 4463 3163 4517 pro
3203 4447 3462 4518 dignitate

1897 4543 2098 4597 laudati
2140 4551 2287 4607 sunt,
2318 4551 2371 4595 et
2398 4543 2465 4597 ab
2491 4540 2598 4595 illis
2653 4540 2740 4593 isti
2789 4538 3016 4610 gratiam
3051 4554 3145 4609 per
3183 4554 3463 4594 sermones

207 4639 306 4689 καὶ
340 4634 491 4705 παρὰ
522 4629 725 4683 τούτων
765 4626 941 4696 τούτῳ
970 4622 1419 4694 ἀποπληροῦσθαι
1448 4624 1547 4691 τὴν
1572 4623 1661 4675 διὰ
1693 4622 1772 4673 λόι

1897 4632 2133 4699 rependi.
2175 4630 2289 4685 Non
2315 4640 2493 4684 tamen
2523 4645 2644 4694 nos,
2677 4629 2865 4699 quales
2895 4643 3105 4696 sumus,
3135 4630 3461 4694 tacebituus,

207 4745 326 4794 γων
371 4723 655 4793 ἀντίχσριν
678 4736 693 4751 ο
722 4719 784 4772 οὐ
828 4718 937 4789 μὴν
976 4717 1090 4771 ἀλλ’
1120 4715 1240 4769 οὐδὲ
1258 4716 1440 4784 ἡμεῖς,
1471 4714 1545 4778 ὡς
1567 4713 1786 4783 ἔχομεν,

211 4818 591 4886 σιωπήσομεν,
630 4812 696 4865 τὰ
719 4810 928 4863 ἐκείνου
957 4805 1389 4877 ικδιηγούμενοι.

283 4908 350 4962 δ’.
377 4907 577 4976 Πατρὶς
607 4900 897 4972 τοιγαροῦν
921 4900 999 4970 τῷ
1025 4898 1245 4969 μεγάλῳ
1271 4900 1305 4968 ἡ
1329 4900 1387 4950 ὲν
1417 4898 1599 4967 νήσοις
1620 4895 1679 4949 τὸ
1704 4894 1792 4947 εὖ·

210 5005 411 5071 δαιμον
436 4998 673 5068 φέρουσα
693 5034 708 5059 ,
738 4997 773 5063 ἡ
798 4991 1102 5062 περιφανὴς
1124 4989 1373 5054 Σικελία,
1398 4988 1541 5057 φημὶ
1564 5027 1581 5053 ,
1606 4988 1670 5059 ἢν
1694 4988 1793 5055 οὐχ

213 5095 363 5148 οὕτω
412 5086 693 5159 περίδοξω
726 5083 1036 5147 Διονύσιος,
1089 5084 1119 5133 ὁ
1161 5082 1220 5133 ἐν
1254 5081 1391 5151 αὐτῇ
1440 5096 1572 5132 ποτε
1623 5078 1796 5149 ἄρξας

214 5185 406 5259 ἀΰρῶς
434 5178 838 5249 ἀπειργάσατο,
867 5176 944 5239 ὼς
969 5175 1020 5227 oi
1048 5172 1141 5227 τοῦ
1181 5172 1418 5244 μεγάλου
1451 5171 1793 5244 γεννήτορες,

215 5284 279 5334 τ),
330 5277 475 5346 μέγα
516 5276 582 5343 τῇ
630 5268 850 5339 πατρίδι
886 5266 1245 5337 χαρισάμενοι
1276 5263 1477 5333 θνομα,
1512 5264 1601 5316 διὰ
1641 5262 1795 5315 τοῦδε

215 5373 314 5426 τοῦ
374 5366 648 5440 μακαρίου
695 5352 1099 5432 βλαστήματοςζ
1140 5357 1377 5427 Πατέρες
1422 5356 1480 5409 δὲ
1525 5354 1727 5424 ’Δγάθη
1762 5354 1797 5422 ἡ

221 5462 597 5534 περιώνυμος,
637 5457 733 5511 καὶ
760 5455 1046 5513 Πλουτῖνος
1068 5453 1097 5507 ό
1128 5451 1472 5524 περιϐόητος,
1509 5450 1675 5521 ἄμφω
1701 5448 1799 5519 μὲν

219 5554 325 5621 τῆς
374 5552 577 5619 ἀρετῆς
629 5547 903 5619 ζηλωταὶ,
951 5547 1047 5599 καὶ
1095 5544 1203 5597 τῶν
1266 5544 1426 5597 θείων
1482 5543 1800 5611 θελημάτων

222 5640 617 5711 ἐκπληρωταὶ,
655 5639 743 5692 διὰ
783 5636 839 5690 δὲ
881 5637 979 5707 τῆς
1025 5635 1251 5705 ἀρίστης
1309 5634 1496 5697 ὠδῖνος
1549 5634 1610 5685 τὸ
1660 5633 1802 5701 μέγα

221 5731 645 5805 κληρωσάμενοι
667 5728 857 5796 όνομασ
879 5726 987 5779 ἔδει
1010 5726 1118 5795 γὰρ
1143 5725 1310 5794 εὐχῆς
1331 5722 1490 5793 ἔργον
1516 5718 1650 5776 εἶναι
1683 5721 1801 5774 τόδε

223 5827 285 5880 τδ
313 5826 460 5896 μέγα
488 5819 759 5894 [χάριτος]
786 5819 880 5874 καὶ
901 5819 1098 5887 ἀρετῆς
1128 5816 1446 5886 ἀποκύημα.
1485 5817 1543 5868 '0
1577 5816 1675 5884 μὲν
1695 5816 1803 5885 γὰρ

226 5917 483 5972 ἐπλούτει
512 5914 695 5967 πίστιν
727 5910 825 5981 τὴν
857 5914 936 5973 εἰς
963 5909 1115 5963 Θεόν·
1154 5911 1188 5977 ἡ
1222 5908 1278 5961 δὲ
1310 5910 1420 5971 τοῖς
1452 5906 1673 5975 ἀγαθοῖς
1706 5906 1803 5959 τοῦ

1899 4726 2045 4780 illius
2075 4740 2162 4779 res
2192 4732 2373 4795 gestas
2401 4730 2755 4792 exponentes.

1967 4903 2020 4956 4.
2051 4900 2175 4955 Fuit
2206 4901 2370 4972 igitur
2400 4899 2566 4970 hujus
2606 4898 2786 4969 magni
2816 4899 2988 4969 patria
3018 4898 3128 4965 illa,
3160 4913 3282 4969 qua!
3325 4899 3466 4954 inter

1899 4995 2107 5051 insulas
2140 4992 2419 5047 felicitatis
2443 4993 2679 5061 palmam
2725 4988 2913 5056 refert,
2950 4991 3344 5059 illustrissima,
3386 4995 3469 5047 in-

1900 5103 2084 5158 quatn,
2118 5086 2327 5149 Sicilia,
2360 5100 2523 5154 quam
2576 5098 2686 5138 non
2709 5085 2782 5137 ita
2821 5085 3141 5155 Dionysius,
3170 5085 3263 5154 qui
3286 5086 3369 5139 \in
3405 5100 3465 5139 ea

1900 5183 2029 5236 olim
2061 5179 2291 5233 summis
2324 5179 2377 5231 in
2403 5176 2619 5231 deliciis
2645 5178 2911 5245 regnavit,
2962 5175 3251 5245 gloriosam
3290 5176 3472 5231 reddi-

1902 5275 2015 5336 dit,
2045 5280 2105 5324 ut
2134 5269 2319 5340 magni
2360 5268 2525 5338 hujus
2560 5268 2832 5337 genitores
2859 5307 2873 5331 ,
2916 5267 3009 5336 qui
3049 5267 3469 5322 celeberrimum

1904 5357 2094 5429 patria:
2132 5370 2329 5410 nomen
2360 5370 2455 5425 per
2484 5362 2594 5408 tam
2617 5354 2836 5409 beatum
2862 5370 3080 5425 germen
3108 5356 3468 5425 acquisivcre.

1906 5452 2055 5505 Illius
2083 5459 2260 5504 mater
2285 5447 2494 5516 Agathe
2518 5447 2741 5512 nobilis,
2769 5457 2920 5518 pater
2951 5462 3079 5502 vero
3106 5448 3357 5505 Plutinus
3386 5465 3473 5504 ce-

1907 5543 2074 5597 lebris
2094 5540 2498 5611 appellabatur:
2551 5539 2714 5593 ambo
2766 5553 2899 5593 sane
2951 5539 3168 5594 virtutis
3217 5541 3333 5594 zelo
3384 5555 3477 5593 ar-

1904 5634 2118 5697 dentes,
2164 5631 2471 5699 divinazque
2513 5630 2812 5684 voluntatis
2846 5630 3179 5701 complenda
3224 5632 3476 5686 studiosi.

1906 5726 2009 5779 Per
2043 5724 2304 5794 optimam
2328 5736 2456 5776 vero
2473 5722 2683 5791 prolem
2726 5736 2981 5790 magnum
3017 5737 3210 5776 nomen
3249 5722 3478 5776 haeredi-

1909 5828 2111 5872 tavere.
2130 5816 2426 5885 Oportebat
2455 5823 2636 5869 autem
2665 5829 2885 5883 precum
2910 5829 3048 5883 opus
3072 5828 3194 5868 esse
3217 5829 3473 5884 magnum

1911 5909 2057 5962 hunc
2090 5906 2309 5961 virtutis
2344 5903 2536 5960 letum.
2588 5903 2748 5958 Pater
2779 5904 2923 5958 enim
2976 5902 3099 5965 fide,
3137 5917 3257 5963 qua
3282 5911 3376 5959 est
3423 5901 3479 5955 in
