4164 6456
751 432 857 495 ἓ43

1880 423 1940 481 S.
1983 418 2299 480 JOSEPHI
2342 415 2901 476 llYMNOGRAPIIl

3900 408 4011 473 944

748 542 938 603 Deum,
968 539 1117 593 dives
1151 544 1285 599 erat,
1318 540 1491 587 mgiler
1524 546 1653 585 vero
1688 530 1805 583 vita:
1837 528 1999 598 hujus
2018 528 2323 594 bonisgau-

2431 524 2547 592 βίου
2577 522 2788 593 χαίρειν
2817 520 3047 575 εἰποῦσα
3081 522 3228 593 μόνῳ
3261 524 3516 593 προσεῖχε
3550 520 3689 591 Θεῷ,
3716 521 4012 592 σωφρόνως

747 631 876 684 dere
917 641 1197 689 recusans,
1227 624 1328 679 soli
1356 622 1466 676 Deo
1498 620 1815 675 intendebat
1857 620 2133 680 animum,
2181 632 2319 685 pra:-

746 724 918 777 sentis
952 722 1071 774 vitae
1101 733 1248 772 mare
1283 714 1582 786 prudenter
1601 722 1654 767 et
1675 712 2015 767 continenter
2047 718 2322 778 pertrans-

746 817 884 878 iens,
953 813 1021 866 ita
1080 819 1137 864 ut
1188 808 1351 863 ambo
1400 808 1554 876 juxta
1596 806 1757 858 vitem
1820 803 1966 857 illam
2020 800 2320 855 Psalmista:

745 904 1029 966 florerent,
1079 908 1133 952 et
1184 897 1416 953 maturis
1469 895 1688 949 virtutis
1745 892 2015 948 fructibus
2054 890 2323 961 plurimos

744 996 810 1050 ad
839 994 923 1050 sui
966 991 1329 1046 imitationem
1364 988 1763 1059 pertraherent.
1785 985 1902 1039 Non
1936 986 2078 1039 enim
2108 984 2325 1054 {quem-

752 1086 1047 1142 admodum
1094 1084 1272 1138 facere
1323 1089 1728 1136 consueverunt
1758 1080 1831 1133 illi
1866 1079 1958 1148 qui
2010 1076 2213 1131 mumlo
2242 1076 2325 1129 vi-

742 1188 975 1243 vunt,et
1018 1175 1170 1229 carni
1210 1173 1571 1227 inservientes
1630 1169 1908 1225 communi
1962 1176 2169 1221 natura:
2218 1166 2320 1235 legi

741 1265 1141 1339 obsequuntur)
1184 1265 1248 1317 ad
1281 1264 1588 1333 voluptates
1604 1261 1984 1329 respiciebant,
2009 1268 2063 1313 et
2095 1258 2322 1315 delicias

740 1362 1111 1420 sectabantur,
1142 1357 1236 1411 sed
1270 1356 1402 1411 solis
1430 1352 1810 1407 tantummodo
1863 1351 2191 1406 necessariis
2238 1366 2326 1405 re-

740 1454 841 1508 bus
863 1451 1125 1516 contenti,
1150 1460 1313 1518 atque
1344 1448 1472 1508 illis,
1506 1445 1626 1501 sine
1652 1445 1854 1515 quibus
1883 1443 2204 1498 humilitatis
2222 1459 2323 1496 no-

740 1557 870 1600 stra:
898 1558 1099 1612 corpus
1131 1540 1437 1595 consistere
1493 1537 1705 1607 nequit,
1762 1535 2036 1606 superﬂua
2070 1535 2323 1589 manibus

740 1648 1039 1709 pauperum
1082 1631 1533 1702 dilargiebantur,
1592 1644 1659 1683 ne
1709 1627 1847 1681 forte
1878 1624 2169 1697 superﬂuis
2218 1626 2320 1695 ipsi

740 1733 806 1784 ad
840 1729 1174 1797 voluptatem
1202 1740 1265 1777 ac
1280 1720 1507 1775 delicias
1536 1727 1772 1780 utentes,
1809 1733 1837 1771 a
1878 1715 1968 1770 Ι)ρί
2022 1714 2319 1786 participa-

739 1820 887 1874 tione
916 1816 1333 1872 excluderentur
1362 1850 1377 1875 ,
1412 1811 1504 1879 qui
1543 1818 1601 1861 ut
1636 1808 1857 1862 eosdem
1912 1821 2012 1876 pro
2056 1807 2323 1861 charitate

2429 616 2523 668 καὶ
2559 613 2844 683 ἐγκρατῶς
2886 613 2981 667 τοῦ
3026 614 3143 684 βίου
3183 615 3409 685 περῶσα
3442 616 3542 687 τὴν
3579 614 3853 669 θάλασσαν
3880 654 3896 676 ,
3937 614 4014 674 ὡς

2431 706 2644 759 θάλλειν
2665 706 2760 759 καὶ
2786 706 2955 776 ἄμφω
2992 705 3135 759 κατά
3167 706 3267 777 τὴν
3302 706 3582 777 ψαλμικὴν
3616 704 3883 777 ἄμπελον,
3920 706 4015 756 καὶ

2427 796 2507 866 τῷ
2533 796 2779 867 πεπείρῳ
2803 795 2901 865 τῆς
2926 795 3126 867 ἀρετῆς
3149 796 3377 862 πολλοὺς
3406 795 3727 865 ἐφέλκεσθαι
3754 794 3892 865 πρὸς
3918 794 4014 864 τὴν

2431 890 2681 959 μίμησιν.
2714 890 2787 943 οὐ
2826 891 2936 960 γὰρ
2970 890 3047 953 ὡς
3085 889 3277 961 κόσμῳ
3302 889 3531 955 ζῶντες,
3566 889 3661 941 καὶ¹
3690 890 3857 959 σαρκὶ
3890 887 4013 939 δου-

2428 980 2694 1046 λεύοντες,
2726 980 2818 1033 καὶ
2845 979 2924 1047 τῷ
2950 980 3119 1050 κοινῷ
3146 980 3244 1051 τῆς
3280 980 3496 1049 φύσεως
3525 980 3675 1050 νόμῳ
3707 978 4013 1049 ὑπηρετού-

2431 1089 2579 1142 μενοι
2611 1073 2746 1143 πρὸς
2780 1074 2971 1145 ἡδονὰς
2996 1074 3206 1144 ἐώρων,
3229 1074 3322 1127 καὶ
3350 1073 3411 1127 τὸ
3439 1071 3715 1144 τρυφηλδν
3747 1071 4014 1125 κατεδίωο

2428 1182 2523 1217 κον
2546 1182 2560 1195 ·
2592 1165 2730 1220 ἀλλὰ
2773 1169 2885 1229 τοῖς
2918 1166 3241 1235 ἀναγκαίοις
3288 1166 3471 1237 μόνοις
3499 1164 3836 1236 ἀρκούμενοι
3857 1207 3871 1230 ,
3922 1163 4016 1217 καὶ

2427 1257 2571 1319 ὅσοις
2595 1258 2657 1309 τὸ
2680 1259 2840 1329 σῶμα
2864 1257 3181 1313 συνίσταται
3197 1260 3294 1328 τῆς
3317 1257 3476 1329 ἡμῶν
3513 1257 3925 1327 ταπεινότητος,
3949 1255 4017 1308 τά

2428 1347 2659 1418 περιττά
2714 1352 2962 1421 πενήτων
3014 1349 3203 1421 χερσὶν
3258 1348 3599 1421 ἐχαρίζοντοο
3646 1351 3734 1401 ἴνα
3779 1348 3856 1417 μὴ
3905 1350 4017 1410 τοῖς

2430 1442 2706 1509 περιττοῖς
2738 1440 2892 1493 αὐτοὶ
2927 1440 3266 1512 ἡδυνόμενοι,
3298 1442 3397 1493 οὐκ
3426 1440 3601 1511 ἐχοιεν
3634 1438 3892 1493 κοινωνὸν
3927 1440 4017 1491 τὸν

2426 1532 2559 1585 Θεόν
2583 1549 2595 1563 ·
2632 1533 2689 1597 ὂς
2737 1533 2935 1597 αὐτοὺς
2979 1534 3079 1605 τῆς
3117 1534 3252 1603 πρὸς
3293 1532 3459 1586 αὐτὸν
3512 1533 3733 1603 ἀγάπης
3770 1532 3867 1585 καὶ
3920 1531 4016 1585 τοῦ

2426 1623 2638 1688 ζέοντος
2658 1625 3023 1695 ἀμειϐόμενος
3046 1626 3271 1697 ἔρωτος,
3289 1627 3379 1679 τὸν
3404 1624 3614 1678 κλεινὸν
3648 1624 3870 1697 Ἰωσὴφ,
3898 1624 4019 1680 ἀντὶ

2425 1718 2609 1784 πάσης
2644 1717 2811 1787 ἄλλης
2851 1717 3111 1787 ἀμοιὸἧς,
3148 1717 3460 1789 ἐχαρίσατο·
3513 1714 3709 1788 Ἰωσὴφ
3738 1717 3799 1769 ὃν
3838 1719 3889 1770 oi
3927 1734 4017 1770 τε·

2426 1808 2634 1873 κόντες,
2672 1810 2767 1863 καὶ
2796 1810 2968 1863 ταῦτα
3014 1809 3131 1880 βίου
3178 1809 3402 1882 τοιαύτῃ
3433 1810 3728 1880 ὼραιότητι
3758 1808 4017 1880 λαμπρυ-

740 1913 984 1982 ipsorum
1027 1908 1080 1961 in
1131 1920 1228 1968 se,
1273 1901 1615 1971 ferventique
1671 1914 1860 1953 amore
1919 1907 2317 1961 remnneraret,

2428 1898 2638 1970 νόμενοι
2664 1941 2680 1966 ,
2740 1901 2883 1971 μέγα
2912 1919 2966 1955 τι
3008 1901 3309 1973 κατορθοῦν
3337 1901 3680 1969 ἐλογίζοντο,
3729 1902 3781 1956 εί
3830 1902 4018 1961 ποσῶς

742 2005 1007 2059 illustrem
1041 1996 1345 2067 Jusephum
1388 2010 1488 2065 pro
1525 1993 1719 2064 quavis
1775 1993 1880 2046 alia
1923 1991 2175 2047 mercede
2215 1988 2323 2044 illis

2428 1992 2829 2062 ἀπομιμεῖσθαι
2856 1992 3203 2063 δυνήσονται.

740 2096 965 2151 donavit
1014 2112 1029 2151 :
1068 2092 1228 2162 cujus
1276 2090 1551 2159 genitores
1598 2086 1912 2156 hujusmodi
1954 2086 2078 2139 vitae
2130 2085 2329 2140 decore
2367 2084 2719 2156 refulgentes,
2760 2102 3018 2159 magnum
3096 2087 3302 2157 aliquid
3360 2086 3574 2143 eliiccre
3607 2086 4019 2158 cogitabant,“

740 2205 850 2261 quo
878 2186 1043 2244 modo
1068 2186 1267 2240 imitari
1290 2181 1617 2252 potuissent.

818 2286 870 2339 5.
906 2284 1020 2336 Non
1052 2281 1196 2335 enim
1218 2278 1369 2348 juxta
1406 2291 1699 2346 puerorum
1734 2290 1940 2328 morem
1970 2272 2180 2343 primos
2212 2273 2322 2328 cri-

741 2391 835 2429 nes
864 2374 1101 2428 molliter
1119 2386 1181 2425 ac
1198 2369 1443 2439 speciose
1468 2366 1667 2430 alebat,
1696 2381 1893 2435 neque,
1919 2376 1973 2417 ut
2000 2365 2321 2417 adolescen-

743 2466 842 2520 tuli
874 2465 1053 2519 facere
1078 2475 1436 2527 consuevere,
1468 2460 1534 2514 ad
1570 2474 1733 2529 parva
1786 2458 1898 2511 haec
1932 2465 1986 2510 et
2033 2456 2177 2509 fluxa
2237 2456 2321 2508 in-

744 2558 996 2613 tendebat
1047 2558 1313 2617 animum,
1350 2552 1444 2608 sed
1473 2551 1725 2621 quamvis
1752 2550 1930 2604 adhuc
1983 2563 2115 2617 puer
2152 2558 2317 2611 esset,

743 2648 1035 2720 quamdam
1080 2656 1260 2700 tatnen
1295 2644 1614 2713 gravitatem
1674 2640 2153 2707 matutitatemqne
2206 2653 2323 2708 prae

743 2756 802 2795 se
836 2740 1253 2807 ferebat,quam
1288 2737 1341 2790 in
1370 2733 1557 2806 pueris
1578 2747 1923 2801 nequaquam
1960 2730 2202 2784 solemus
2242 2745 2326 2782 re-

745 2845 1098 2903 cognoscere,
1162 2828 1363 2897 lingua,
1408 2826 1591 2881 nescio
1631 2824 1760 2893 quid
1803 2825 1963 2877 breve
2007 2831 2170 2890 atque
2225 2835 2325 2873 an-

744 2933 962 2994 gustum
996 2920 1434 2982 subbalbutiens,
1475 2916 1659 2971 divina
1693 2916 1909 2983 eloquia
1940 2913 2023 2967 vel
2055 2913 2322 2977 discebat,

747 3020 825 3071 vel
856 3016 1101 3070 docebat.
1135 3013 1272 3079 Quia
1326 3026 1454 3066 vero
1505 3009 1648 3079 apud
1687 3022 1885 3077 pueros
1943 3020 2106 3060 senex
2145 3015 2326 3058 mente

743 3102 1502 3178 etjudicio'inenmparabilis
1544 3099 1966 3163 inscribebatnr,
2003 3112 2069 3153 ex
2123 3096 2223 3151 hoc
2267 3095 2329 3148 il.

2501 2270 2564 2326 ε’.
2596 2272 2669 2325 Ού
2704 2273 2814 2342 γάρ
2839 2272 2981 2326 κατά
3012 2273 3207 2337 παῖδας
3241 2273 3389 2345 αὐτῷ
3421 2274 3489 2328 τὰ
3518 2274 3616 2342 τῆς
3649 2271 3877 2344 πρώτης
3901 2288 4022 2343 τρι-

2431 2364 2523 2435 χὸς
2553 2363 2675 2418 οὔτε
2713 2366 2819 2435 μὴν
2858 2364 2999 2418 κατά
3034 2365 3303 2435 μείρακας
3339 2365 3474 2437 πρὸς
3514 2366 3583 2420 τά
3617 2366 3791 2437 μικρά
3841 2365 4019 2419 ταῦτα

2431 2457 2525 2509 καὶ
2562 2456 2752 2528 ῥέοντα
2791 2457 2825 2528 ἡ
2863 2458 3002 2528 ῥοπή
3030 2469 3045 2485 ·
3078 2456 3195 2509 ἀλλ’
3223 2453 3293 2528 ἦν
3326 2456 3557 2527 ἐκείνῳ,
3603 2455 3755 2509 παιδὶ
3792 2455 3894 2525 μὲν
3938 2455 4019 2507 ἔτι

2428 2546 2746 2617 ὑπάρχοντι,
2781 2549 2978 2618 σεμνόν
3001 2566 3052 2602 τι
3079 2550 3174 2602 καὶ
3201 2549 3262 2602 οὐ
3284 2549 3427 2602 κατά
3454 2548 3667 2601 παιδίον
3691 2547 3752 2600 τὸ
3781 2548 4018 2617 κίνημα·

2429 2639 2649 2707 γλῶσσα
2683 2640 2738 2693 δέ
2759 2682 2774 2705 ,
2805 2641 2978 2711 βραχύ
3004 2658 3056 2694 τι
3088 2642 3521 2711 ύποψελλίζουσα
3541 2682 3558 2709 ,
3593 2642 3661 2695 τά
3702 2641 3842 2693 κατά
3881 2640 4021 2693 Θεὸν

2431 2731 2738 2785 ἐδιδάσκετο
2767 2732 2941 2799 λόγια.
2989 2733 3144 2786 Ἐπεὶ
3176 2735 3245 2799 έδὲ
3286 2735 3377 2787 καὶ
3410 2736 3490 2797 είς
3549 2732 3821 2803 μείρακας
3850 2734 3880 2786 ό
3914 2750 4019 2804 γη-

2431 2808 2582 2892 ραιὸς
2606 2822 2696 2875 τὸν
2734 2823 2858 2876 νοῦν
2878 2867 2891 2888 ,
2925 2826 3015 2877 καὶ
3047 2824 3147 2895 τὴν
3182 2827 3442 2896 φρόνησιν
3466 2825 3888 2897 ἀπαράμιλλος,
3921 2829 4011 2880 ἐν-

2428 2912 2732 2981 εγράφετο,
2766 2914 2957 2967 τούτου
3003 2916 3062 2967 τὸ
3110 2916 3326 2987 σῶφρον
3362 2914 3742 2970 ὑπεδεικνύετο
3766 2957 3782 2980 ,
3815 2916 3913 2967 καὶ
3959 2914 4021 2966 τὸ

2427 3003 2671 3073 ἀνδρεῖον
2698 3003 2759 3056 τὸ
2806 3005 2944 3074 πρὸς
2980 3006 3049 3059 τά
3084 3007 3232 3076 πάθη
3262 3006 3532 3077 διέλαμπε
3563 3046 3577 3069 ,
3620 3006 3715 3058 καὶ
3744 3008 3775 3074 ἠ
3812 3005 4021 3072 γνῶσις

2431 3096 2687 3164 καθαρῶς
2718 3099 2829 3160 τοῖς
2861 3097 3141 3167 ὁμιλοῦσιν
3178 3100 3593 3171 ἅνεγνιορίζετο.
3641 3099 3723 3152 Τὰ
3771 3100 3885 3170 γάρ
3929 3101 4021 3168 ἐγ-

743 3202 851 3255 lius
876 3198 1162 3269 prudentia
1194 3195 1354 3249 tacite
1379 3190 1793 3248 ostendebatur.
1824 3189 2057 3242 Animus
2080 3187 2199 3256 ejus
2235 3186 2311 3240 vi-

2428 3186 2620 3241 κύκλια
2645 3188 2844 3258 μετιὼν
2876 3192 2903 3243 ὁ
2926 3190 3251 3261 Θαυμάσιος,
3283 3190 3499 3260 φύσεως
3517 3193 3702 3264 χάριτι
3731 3194 3826 3246 καὶ
3846 3210 4016 3248 σπου-

745 3293 864 3348 rilis
896 3291 949 3345 in
982 3289 1333 3343 allectionum
1370 3283 1597 3354 imperio
1613 3280 1881 3343 elucebat,
1911 3279 2149 3349 cognitio
2174 3293 2320 3343 vero,

742 3399 806 3437 ac
835 3381 1059 3437 scicntia
1088 3379 1156 3433 ab
1184 3378 1272 3442 iis,
1293 3376 1385 3446 qui
1421 3388 1544 3429 cum
1570 3388 1637 3426 eo
1661 3370 2005 3425 familiariter
2030 3369 2324 3424 versabano

746 3484 856 3537 tur,
878 3474 1023 3528 clare
1050 3467 1503 3541 cognoscebatnr.
1530 3464 1665 3519 Cum
1695 3465 1838 3517 enim
1866 3463 2202 3533 provinciam
2224 3459 2323 3514 ali-

745 3580 905 3636 quam
922 3565 1003 3616 vir
1020 3563 1107 3616 hic
1123 3558 1460 3615 admirabilis
1472 3557 1882 3629 aggrederetur,
1906 3564 2116 3607 natura:
2150 3551 2321 3622 gratia

743 3673 807 3710 ac
825 3654 1133 3709 sedulitatis
1145 3651 1419 3719 Studiique
1441 3649 1742 3703 intentione
1761 3647 2046 3700 universiis
2064 3656 2325 3719 superare

744 3748 1091 3807 cernebatur,
1122 3744 1272 3807 ulna,
1307 3742 1457 3811 juxta
1492 3740 1864 3810 proverbium,
1894 3737 2138 3806 regia,et
2168 3736 2324 3790 valde

745 3848 912 3893 recte.
944 3835 1059 3889 Non
1089 3836 1235 3889 enim
1269 3834 1323 3887 in
1348 3834 1463 3889 sola
1489 3848 1803 3888 sermonum
1829 3832 1985 3900 copia
2019 3846 2084 3884 ac
2104 3828 2322 3883 dicendi

746 3924 1003 3981 facultate
1030 3922 1369 3993 proﬁciebat.
1404 3922 1497 3975 sed
1536 3931 1662 3976 ante
1703 3926 1863 3975 verba
1896 3921 2081 3989 plures
2108 3919 2324 3973 virtutis

746 4014 959 4083 species
1000 4012 1223 4067 sedulus
1250 4009 1593 4080 pra-ferebat,
1629 4026 1694 4062 ex
1741 4025 1848 4078 quo
1879 4010 1946 4062 ad
2011 4011 2185 4078 ipsam
2241 4008 2323 4060 di-

746 4104 903 4159 cendi
955 4104 1169 4172 copiam
1212 4102 1423 4157 felicior
1479 4102 1553 4155 illi
1609 4103 1694 4155 via
1737 4094 2108 4170 aperiebatur.
2163 4098 2324 4155 Solus

748 4197 890 4248 enim
929 4196 1107 4265 panis,
1156 4194 1437 4247 occidente
1483 4192 1619 4253 sole.
1653 4191 1938 4246 universas
2000 4191 2074 4244 illi
2122 4206 2325 4245 mensa:

749 4285 972 4337 delicias
1004 4284 1309 4351 supplebat,
1366 4296 1507 4351 aqua
1567 4296 1697 4335 vero
1755 4290 1961 4334 tantum
2018 4281 2085 4335 ad
2138 4290 2321 4350 potum

752 4377 1024 4439 utebatur,
1081 4384 1365 4446 propterea
1422 4382 1477 4427 et
1530 4371 1744 4427 dicendi
1803 4372 2059 4426 facundia
2118 4374 2325 4428 ditatus

750 4478 853 4523 est.
885 4468 1079 4521 Anima
1135 4467 1280 4521 enim
1336 4463 1625 4519 scribendo
1659 4472 1713 4518 et
1750 4464 1959 4517 orando
2009 4479 2203 4518 vacare
2231 4479 2321 4519 as-

2428 3280 2523 3347 δῆς
2562 3281 2873 3349 εὐτονότητι
2924 3283 3134 3347 πάντας
3196 3284 3383 3353 ὼρᾶτο
3431 3285 3596 3338 νικῶν
3638 3287 3833 3356 πήχει.
3875 3288 4023 3339 κατά

2426 3370 2523 3440 τὴν
2551 3372 2871 3441 παροιμίαν,
2900 3372 3196 3446 βασιλικῷ·
3232 3375 3327 3429 καὶ
3359 3376 3503 3446 μάλα
3537 3376 3782 3441 εἰκότως·
3815 3377 3879 3430 οὐ
3910 3377 4021 3446 γὰρ

2427 3463 2602 3529 λόγων
2646 3464 2879 3518 ἐποιεῖτο
2933 3466 3103 3536 μόνην
3137 3467 3419 3531 ἐπίδοσιν,
3472 3468 3608 3521 ἀλλά
3665 3468 3771 3538 πρὸ
3811 3469 4021 3522 τούτων

2426 3551 2628 3622 ἀρετῆς
2670 3552 2993 3621 ἐπεμελεῖτο
3037 3554 3383 3621 πολυειδοῦς,
3418 3556 3475 3623 ἐξ
3503 3552 3571 3627 ἧς
3619 3557 3768 3626 αὑτῷ
3808 3559 3906 3611 καὶ
3945 3560 4015 3610 τὰ

2429 3642 2567 3712 πρὸς
2597 3642 2689 3695 τὸν
2711 3641 2870 3711 λόγον
2894 3645 3103 3711 ἐγίνετο
3130 3644 3310 3700 εῦοδα.
3349 3645 3409 3700 '0
3441 3646 3551 3716 γὰρ
3580 3647 3743 3717 ἄρτος
3772 3648 4021 3718 ἑσπέραν

2424 3735 2619 3804 ἐκείνῳ
2654 3736 2811 3805 μόνος
2840 3737 3084 3807 ἐπλήρου
3112 3737 3211 3808 τὴν
3251 3737 3639 3810 ἐπιτραπὲζιον
3668 3740 3888 3811 ἡδονὴν,
3924 3747 4022 3795 καὶ

2425 3826 2486 3879 τὸ
2544 3826 2688 3898 ὕδωρ
2721 3828 2822 3899 τὴν
2853 3828 3044 3897 πόσιν,
3096 3829 3178 3883 διὸ
3218 3830 3315 3883 καὶ
3358 3832 3427 3885 τά
3466 3832 3598 3901 περὶ
3643 3835 3770 3897 τοὺς
3826 3834 4023 3902 λόγους

2427 3918 2752 3989 ἐπλούτησε·
2779 3920 2927 3992 ψυχὴ
2954 3923 3065 3992 γάρ
3093 3922 3369 3976 ἐθισθεῖσα
3396 3923 3576 3992 λόγοις
3605 3924 3893 3995 σχολάζειν
3923 3927 4023 3981 καὶ

2428 4012 2783 4078 προσευχαῖς,
2808 4010 2884 4075 ὡς
2923 4010 2993 4065 ἀν
3015 4012 3074 4064 ἐν
3105 4014 3309 4082 ἀμφοῖν
3336 4014 3397 4067 τό
3412 4030 3471 4067 τε
3496 4014 3680 4086 νοερὸν
3708 4015 4012 4085 διαλάμποι

2427 4102 2522 4154 καὶ
2549 4101 2611 4154 τὸ
2644 4102 2894 4169 ἐφόλκιον
2919 4102 3071 4157 τοῦδε
3098 4102 3193 4158 τοῦ
3227 4104 3480 4174 σώματος
3504 4107 4020 4178 καταδεσμούμενον

2428 4192 2522 4245 καὶ
2552 4193 2854 4263 τηκόμενον
2877 4235 2891 4259 ,
2920 4195 3021 4248 οὐκ
3058 4194 3301 4266 εὐχερῶς
3344 4196 3459 4266 ἔχοι
3486 4197 3547 4250 τὸ
3585 4198 3720 4268 πρὸς
3758 4198 3827 4252 τά
3866 4199 4018 4271 πάθη

2426 4282 2724 4348 εύόλισθον,
2746 4284 2841 4353 ὅλη
2869 4284 2927 4338 δὲ
2958 4286 3183 4356 φέρεται
3219 4288 3356 4357 πρὸς
3376 4287 3534 4353 Θεὸν,
3569 4289 3666 4342 καὶ⁵
3696 4288 3774 4358 τῷ
3802 4290 4020 4342 ἐκείνου

2428 4376 2745 4446 κιρνωμένη
2780 4376 2944 4447 ἐρωτι
2983 4378 3132 4449 θείῳ,
3170 4377 3329 4449 ξυρόν
3374 4372 3545 4447 ἐστιν,
3571 4382 3651 4444 είς
3698 4380 3871 4455 ἀκοὴν
3904 4381 4016 4435 τῶν

2431 4465 2772 4535 μαθημάτων
2803 4468 3134 4540 ἀντεχομένη
3174 4468 3377 4530 καλῶς.

752 4570 929 4628 sueta,
958 4572 1015 4617 ut
1042 4562 1094 4615 in
1128 4571 1364 4631 utroque
1395 4574 1549 4613 mens
1575 4568 1631 4613 et
1665 4559 2329 4623 intellectusillustratur,
2379 4568 2434 4614 et
2493 4563 2803 4631 corpusculi
2855 4562 3018 4633 hujus
3068 4564 3283 4620 sarcina
3355 4565 3572 4636 alligata
3623 4574 3677 4621 et
3717 4576 4020 4631 macerata.

756 4669 862 4708 non
898 4652 1108 4708 facilem
1132 4654 1295 4708 habet
1326 4652 1392 4707 ad
1416 4666 1615 4722 pravas
1633 4650 1949 4707 affectiones
1980 4653 2330 4723 prolapsum:
2376 4664 2489 4709 tota
2545 4654 2721 4710 fertur
2761 4656 2815 4711 in
2847 4654 3040 4721 Deum,
3072 4658 3367 4728 divinaque
3412 4660 3563 4716 illius
3617 4663 3792 4715 amori
3829 4660 4022 4716 immi-

754 4760 857 4812 sta,
886 4757 1049 4816 atque
1092 4748 1265 4802 eidem
1299 4748 1622 4817 perpulchre
1660 4747 1953 4812 inltzerens,
1978 4750 2044 4803 ad
2071 4750 2434 4808 humanarum
2469 4752 2885 4822 disciplinarum
2919 4754 3167 4811 auditum
3200 4755 3352 4811 arida
3381 4756 3583 4812 evadit.

817 4842 870 4895 6.
900 4842 1153 4894 Attamen
1184 4841 1380 4894 horum
1408 4840 1571 4895 etiam
1603 4840 1855 4909 petitiam
1900 4857 2196 4910 generosus
2245 4844 2323 4897 hic

2510 4842 2582 4909 ς’.
2622 4845 2761 4898 Ἀλλ’
2783 4842 2895 4915 εἶχε
2920 4846 3019 4915 μὲν
3047 4845 3190 4899 οὕτω
3216 4847 3473 4913 γνώσεως
3492 4850 3520 4902 ό
3542 4851 3812 4917 γενναῖος·
3842 4854 4023 4923 εἴχετο

755 4938 835 4989 vir
870 4935 1123 4999 habebat,
1156 4933 1249 4987 sed
1272 4933 1326 4987 in
1352 4932 1439 4986 illa
1471 4932 1722 4995 scientia,
1752 4947 1876 5002 qua:
1911 4931 2013 4987 fert
2033 4932 2099 4986 ad
2134 4932 2324 4997 Deum,

756 5027 1108 5097 magisquam
1137 5025 1189 5079 in
1225 5025 1460 5080 humana
1480 5023 1825 5094 philosophia
1850 5023 2095 5093 profecit.
2128 5024 2324 5080 Verum

754 5136 861 5174 non
886 5121 1181 5173 diuturnus
1217 5116 1319 5171 fuit
1340 5116 1416 5172 illi
1444 5116 1564 5171 sine
1592 5115 1932 5171 offendicula
1962 5117 2085 5171 vita:
2106 5132 2325 5180 cursus,

750 5211 1200 5283 quandoquidem
1252 5209 1469 5279 magnis
1498 5208 1799 5263 animabus
1849 5223 1879 5261 a
1930 5208 2103 5277 prima
2152 5208 2327 5263 anatis

752 5306 895 5359 linea
922 5301 1163 5356 difficilia
1187 5300 1434 5371 quaedam
1461 5315 1526 5354 ac
1545 5315 1739 5370 aspera
1776 5299 2157 5355 innascuntur.
2190 5299 2325 5355 Nam

750 5394 1043 5449 multitudo
1071 5392 1330 5463 permista
1362 5390 1723 5446 barbarorum
1760 5390 1909 5445 illius
1932 5392 2163 5460 patriam
2202 5406 2324 5445 cum

748 5487 1079 5551 obsedisset,
1137 5499 1371 5554 eamque
1417 5483 1522 5538 sibi
1558 5482 1905 5553 subjecisset,
1960 5484 2107 5553 quod
2153 5484 2325 5539 cladis

750 5594 923 5649 genus
952 5576 1321 5647 praetermisit,
1354 5585 1445 5629 aut
1473 5589 1637 5645 quam
1680 5575 1951 5628 malorum
1992 5573 2213 5631 Iliadem
2270 5576 2323 5630 in

749 5684 868 5723 eam
896 5682 1003 5723 non
1042 5668 1245 5722 edidit?
1278 5667 1380 5719 Alii
1411 5665 1560 5720 ferro
1582 5665 1782 5721 sublati
1812 5676 1940 5721 sum
1975 5683 1990 5721 :
2022 5666 2113 5720 alii
2158 5669 2324 5722 mise-

750 5759 997 5813 rabiliter
1061 5757 1381 5813 facultatum
1430 5756 1704 5826 jacturam
1742 5756 2127 5813 sustinuerunt
2161 5772 2326 5812 :non-

736 5850 880 5907 nulli
913 5850 1111 5922 captivi
1142 5849 1268 5905 facti
1314 5858 1464 5915 sunt,
1496 5857 1657 5917 atque
1689 5848 1742 5904 in
1784 5858 2039 5907 externas
2069 5850 2323 5921 regiones

2435 4936 2493 4989 δέ
2527 4936 2690 4990 πλέον
2730 4938 2831 5007 τῆς
2862 4937 3136 5008 φερούσης
3178 4939 3315 5010 πρὸς
3355 4939 3449 4993 τὸν
3490 4940 3645 5006 Θεὸν,
3671 4942 3734 4994 οὐ
3769 4944 3880 5013 μὴν
3926 4948 4024 5000 ἆγε

2434 5028 2777 5099 επηρέαστος
2815 5028 2965 5098 αύτῷ
2995 5028 3089 5083 καὶ
3119 5031 3147 5082 ό
3182 5028 3295 5099 βίος
3327 5029 3489 5101 μέχρι
3516 5030 3745 5096 πολλοῦ,
3770 5033 3899 5085 ἐπεὶ
3926 5036 4025 5088 καὶ

2431 5122 2551 5182 ταῖς
2602 5119 2870 5189 μεγάλαις
2913 5120 3114 5191 ψυχαῖς
3154 5120 3265 5174 ἀπὸ
3314 5121 3539 5192 πρώτης
3582 5123 3852 5193 γραμμῆς
3899 5127 4023 5178 ἐπι-

2431 5210 2627 5280 φύεταί
2682 5229 2801 5275 πως
2857 5210 2927 5265 τά
2992 5212 3315 5283 σκυθρωπά.
3395 5214 3613 5283 Ἀμέλει
3663 5217 3759 5267 καὶ
3817 5216 4025 5287 πλῆθος

2434 5302 2676 5372 μιγάδων
2710 5302 3003 5374 βαρϐάρων
3035 5304 3135 5374 τὴν
3164 5303 3403 5374 πατρίδα
3437 5303 3863 5376 περικυκλῶσαν
3882 5346 3898 5369 ,
3927 5309 4025 5359 καὶ

2429 5396 2603 5466 αὐτὴν
2630 5396 2720 5464 ὑφ’
2751 5397 2981 5460 ἐαυτοὺς
3004 5397 3387 5467 ποιησάμενοι,
3419 5397 3473 5451 τί
3496 5397 3606 5451 τῶν
3624 5398 3815 5452 δεινῶν
3839 5399 3896 5451 ἐν
3928 5400 4027 5453 αῦ-

2428 5490 2493 5559 τῇ
2528 5489 2626 5541 οὐκ
2653 5488 3015 5558 είργάσαντο;
3044 5489 3205 5542 ποίαν
3228 5489 3287 5544 δέ
3320 5490 3520 5544 Ἰλιάδα
3551 5489 3851 5561 συμφορῶν
3873 5490 3944 5543 τά
3966 5493 4025 5543 ἐν

2430 5581 2565 5649 αὐτῇ
2615 5581 2746 5651 παρ’
2812 5580 2993 5633 αὐτῶν
3049 5582 3151 5635 οῦκ
3204 5581 3565 5651 ἀπέκρυψανς
3629 5583 3693 5635 Oi
3751 5582 3855 5652 μὲν
3913 5582 4024 5651 γάρ

2430 5671 2627 5741 ἡϐηδὸν
2656 5671 2975 5742 ἀνῃροῦντο,
3004 5674 3051 5725 oi
3077 5672 3134 5726 δέ
3157 5672 3358 5736 ἀθλίως
3394 5674 3504 5727 τῶν
3533 5673 3767 5743 καιρίων
3814 5674 3918 5726 ὐπέ
3928 5690 4025 5743 με-

2428 5777 2517 5814 νον
2544 5762 2800 5833 στέρησιν
2820 5803 2833 5827 ,
2871 5763 2920 5814 οἱ
2950 5762 3007 5815 δέ
3048 5762 3468 5817 κατεδουλοῦντο
3497 5767 3592 5816 καὶ
3618 5764 3697 5825 εἰς
3732 5762 4023 5833 ἀλλοτρίας

2428 5849 2705 5921 ἐφέροντο,
2732 5852 2780 5905 οί
2810 5850 2889 5917 δέ,
2921 5853 3065 5914 ὅσοις
3093 5853 3198 5923 ἄρα
3239 5853 3621 5923 φιλάνθρωπον
3654 5844 3961 5925 ἐπέδλεψσν
3991 5854 4021 5906 ὁ
