4164 6456
222 443 330 506 945

1767 453 1965 514 VlTA.

3371 462 3481 528 946

218 556 377 620 Θεὸς,
407 553 507 625 τὴν
534 554 906 627 ένεγκαμένην
929 557 1306 620 ἀπολιπόντες,
1332 561 1474 629 φυγῇ
1503 559 1602 628 τὴν
1627 575 1797 630 σωτη-

1910 561 2128 617 abducti
2165 562 2452 617 :nonnulli
2491 580 2636 628 vero,
2665 581 2805 636 quos
2843 567 3003 623 oculo
3031 570 3204 638 magis
3248 570 3482 643 benigno

220 648 342 716 ρίαν
372 646 913 716 ἐπραγματεύσαντο·
946 650 1003 702 ἐν
1030 645 1110 710 οἷς
1137 644 1274 718 ἦσαν
1301 652 1387 702 καὶ
1418 652 1467 702 οἱ
1497 649 1590 702 τοῦ
1625 669 1794 720 μακσι⁸

218 739 338 806 ρίου
371 737 565 790 τούτου
588 741 933 811 γεννήτορες,
965 740 1014 792 οἳ
1050 740 1141 793 τὸν
1173 742 1335 795 παῖδα
1368 741 1795 810 παραλαϐόντες,

215 831 353 898 πρὸς
381 830 479 899 τὴν
507 829 600 882 τοῦ
635 832 874 893 Πέλοπος
904 832 1147 902 ἔτρεχον,
1168 833 1306 898 ξένοι
1342 833 1624 904 πατρίδος,
1655 835 1798 900 ξένοι

213 922 519 994 χρημάτων
542 965 555 987 ,
594 925 686 976 καὶ
738 924 1034 993 ἑταιρείας,
1062 925 1154 976 καὶ
1205 924 1547 992 συγγενείας.
1573 925 1648 979 Οὐ
1691 926 1797 994 μὴν

213 1008 372 1076 οὗτος
402 1015 430 1066 ὁ
454 1014 630 1082 μέγας
663 1013 802 1082 μετά
824 1013 1030 1067 τούτων
1064 1015 1160 1084 τὴν
1182 1014 1583 1084 Πελοπόννησον
1613 1015 1800 1084 Emp-

213 1105 332 1174 ξεν,
368 1107 479 1161 οὐδ’
512 1107 738 1176 ἠγάπα,
769 1105 928 1176 ξένης
963 1107 1219 1177 πατρίδος
1250 1109 1568 1177 γενόμενος,
1599 1107 1674 1178 μὴ
1699 1107 1799 1176 τὴν

211 1196 327 1250 ἀνω
361 1198 514 1250 πόλιν
561 1197 794 1266 ζητῆσαι
834 1197 922 1250 διὰ
949 1198 1046 1267 τῆς
1096 1196 1335 1266 ἀληθοῦς
1378 1198 1674 1262 ξενιτείας,
1705 1197 1797 1248 καὶ

208 1289 306 1344 τὸν
335 1291 467 1343 Θεὸν
505 1290 685 1367 εὑρεῖν
724 1290 810 1343 διὰ
836 1290 935 1360 τῆς
962 1290 1356 1359 ἀκριϐεστέρας
1398 1290 1670 1353 πολιτείας
1701 1290 1795 1343 καὶ

211 1381 623 1441 καταστάσεως.
649 1380 740 1434 Διὸ
765 1382 859 1433 καὶ
891 1381 981 1431 τὸν
1016 1378 1192 1432 ἴουλον
1221 1384 1389 1450 μήπω
1415 1381 1600 1450 φέρων
1637 1381 1792 1449 χλοά-

209 1469 397 1534 ζοντα,
434 1472 764 1542 ἀποστέργει
804 1471 902 1541 τὴν
951 1471 1210 1537 Πέλοπος,
1261 1474 1350 1524 καὶ
1387 1472 1522 1542 πρὸς
1550 1471 1648 1543 τὴν
1691 1475 1791 1527 πά-

211 1581 310 1633 σης
356 1564 700 1628 Μακεδονίας
755 1563 1160 1635 ὑπερκειμένην
1203 1563 1356 1617 πόλιν
1387 1564 1608 1636 ἀπαίρει
1655 1565 1791 1618 Θεσ-

1905 666 1969 704 ac
2007 653 2240 723 propitio
2288 653 2529 724 respexit
2599 655 2761 721 Deus,
2808 659 2985 727 patria
3017 658 3278 716 derelicta
3307 703 3322 727 ,
3357 665 3481 733 fuga

1906 743 2008 798 sibi
2041 746 2267 801 salutem
2300 762 2705 816 comparavere.
2735 749 2875 804 lnter
2900 767 3043 821 quos
3065 751 3286 807 fuerunt
3317 756 3480 809 etiam

1905 835 2048 889 beati
2079 837 2240 905 hujus
2272 848 2547 907 parentes,
2569 838 2661 905 qui
2689 839 2875 893 eodem
2921 858 3091 911 puero
3122 844 3301 897 adhuc
3329 860 3485 900 acce-

1900 936 2010 996 pto,
2051 928 2102 981 in
2123 927 2554 998 Peloponnesum
2579 931 2832 986 celeriter
2863 934 3089 1000 profecti
3118 943 3272 998 sunt,
3297 945 3486 991 extor-

1902 1036 2009 1082 res,
2034 1021 2150 1073 sine
2176 1021 2444 1089 pecuniis,
2472 1023 2663 1077 amicis
2686 1023 2946 1078 omnibus
2981 1028 3337 1097 cognatisque
3369 1029 3482 1097 pri-

1899 1112 2026 1169 vati.
2081 1111 2198 1166 Non
2246 1122 2425 1165 tamen
2478 1129 2707 1183 magnus
2751 1114 2839 1168 hic
2857 1127 3047 1170 noster
3081 1133 3185 1171 una
3227 1133 3350 1174 cum
3376 1119 3484 1174 illis

1899 1204 2258 1272 PeIOpounesi
2290 1218 2476 1257 amore
2498 1212 2662 1273 atque
2697 1205 2900 1261 affectu
2936 1216 3132 1276 captus
3175 1219 3280 1272 est,
3337 1226 3486 1279 pere-

1896 1296 2085 1365 grinus
2112 1313 2140 1349 a
2174 1297 2372 1364 patria,
2435 1297 2507 1350 ita
2537 1306 2594 1350 ut
2626 1311 2721 1366 per
2747 1313 2932 1353 veram
2987 1300 3480 1370 peregrinationem

1896 1403 2188 1457 supernam
2212 1389 2486 1442 civitatem
2519 1403 2628 1441 non
2665 1389 2994 1458 requireret,
3019 1401 3072 1446 et
3122 1407 3218 1462 per
3271 1394 3483 1448 studio-

1895 1479 2167 1534 sissimam
2199 1481 2438 1546 politian:
2481 1496 2545 1535 ac
2575 1489 2748 1536 status
2805 1483 3253 1551 tranquillitatem
3305 1485 3475 1540 Deum

1896 1584 2003 1624 non
2037 1570 2328 1624 inveniret.
2366 1571 2651 1639 Propterea
2687 1582 2982 1643 antequam
3012 1576 3184 1643 prima
3217 1577 3479 1647 lanugine

211 1654 538 1724 σαλονίκην·
607 1655 693 1710 ἴνα
754 1655 828 1726 μὴ
899 1658 966 1726 τῇ
1039 1657 1220 1725 σχέσει
1282 1656 1389 1708 τῶν
1453 1658 1792 1727 γεννητόρων

1903 1663 2039 1717 illius
2068 1664 2252 1718 vultus
2273 1675 2546 1728 vernaret,
2573 1664 2788 1735 Pelopis
2819 1677 3041 1733 terram,
3065 1670 3212 1723 velut
3235 1685 3481 1733 cxosam,

209 1746 581 1816 δεσμούμενος
603 1789 614 1809 ,
649 1746 750 1800 οὐκ
783 1746 894 1817 ἔχοι
928 1747 1173 1807 εὐπετῶς
1195 1786 1209 1810 ,
1247 1747 1335 1800 διὰ
1371 1749 1464 1816 τῆς
1496 1747 1791 1811 παντελοῦς

1903 1754 2294 1824 Jerelinquens.
2347 1756 2820 1822 Thessalonicam,
2852 1760 3041 1813 urbem
3090 1762 3258 1816 totius
3303 1759 3484 1816 Mace-

209 1839 562 1910 έγκρατείας,
619 1841 756 1911 πρὸς
810 1840 903 1893 τὸν
959 1840 1136 1910 ἀληθῆ
1185 1841 1421 1912 ἐραστὴν
1480 1841 1789 1895 ἀναπετάν-

1903 1843 2064 1898 iouia:
2086 1845 2409 1914 principem,
2435 1844 2819 1913 proficiscitur,
2845 1862 2914 1901 ne
2946 1848 3253 1917 genitorum
3281 1846 3482 1902 affectu

208 1929 425 1993 νυσθαι,
446 1932 538 1984 καὶ
564 1931 670 2002 ὅλῳ
697 1931 960 2002 φέρεσθαι
981 1931 1058 2004 τῷ
1087 1933 1292 2004 πτερῷ.
1318 1933 1430 1985 Καὶ
1455 1935 1537 1986 ὅτι
1558 1932 1796 1994 τοιοῦτος

1903 1935 2179 2005 illigatus.
2232 1950 2339 1988 non
2389 1945 2573 2005 posset
2622 1934 2880 1991 facillime
2935 1953 3030 2006 per
3089 1940 3482 1992 continentiam

206 2017 276 2092 ἦν
299 2020 380 2092 τῷ
406 2022 640 2094 γενναίῳ
667 2023 890 2086 σκοπός,
920 2023 1014 2076 καὶ
1047 2025 1183 2094 πρὸς
1210 2025 1368 2078 τοῦτο
1403 2026 1562 2094 μόνον
1590 2024 1734 2096 ἐώρα
1761 2027 1793 2096 ἡ

206 2113 579 2188 ἀναχώρησις,
611 2116 880 2189 ἐδήλωσεν
907 2119 939 2186 ὴ
972 2117 1066 2170 τοῦ
1091 2117 1418 2187 πράγματος
1445 2116 1684 2180 ἔκϐασις.

1903 2027 2197 2097 perfectam
2227 2027 2292 2080 ad
2331 2042 2518 2080 verum
2556 2037 2855 2082 amatorem
2884 2029 3126 2093 tendere,
3159 2037 3321 2098 atque
3351 2029 3483 2082 libe-

1903 2121 1978 2175 ris
2022 2120 2226 2173 amoris
2271 2119 2355 2172 sui
2392 2121 2494 2173 alis
2530 2119 2753 2173 deferri.
2788 2119 2942 2186 Quod
2986 2135 3115 2174 vero
3163 2120 3282 2175 talis
3323 2118 3486 2174 fuerit

207 2215 462 2284 generosi
494 2214 656 2284 hujus
691 2228 922 2284 scopus,
959 2223 1013 2268 et
1056 2213 1124 2268 ad
1163 2214 1263 2268 hoc
1303 2213 1479 2270 solum
1543 2213 1841 2284 respexerit
1880 2215 2026 2270 illius
2056 2230 2088 2269 a
2143 2214 2516 2283 Peloponneso
2589 2229 2859 2281 recessus,
2913 2215 2990 2269 rei
3045 2215 3216 2285 ipsius
3257 2223 3487 2270 eventus

208 2313 640 2368 demonstravit.

278 2405 344 2469 ζ’.
380 2405 534 2475 ’Ἅμα
560 2423 619 2458 τε
655 2406 760 2474 γάρ
789 2405 885 2475 τὴν
910 2405 1310 2477 Θεσσαλονίκην
1353 2407 1616 2460 κατέλαϐε
1643 2446 1658 2469 ,
1705 2408 1799 2461 καὶ

208 2499 418 2562 εὐθέως
443 2497 713 2550 ἐπέδωκεν
741 2498 934 2551 ἑαυτὸν
961 2499 1118 2568 ἀνδρί
1148 2516 1254 2552 τινι
1285 2500 1397 2553 τῶν
1424 2501 1562 2568 ἄγαν
1595 2503 1797 2571 ἐγκρα-

206 2590 318 2642 τῶν
343 2592 435 2642 καὶ
457 2590 640 2653 ὁσίων,
662 2589 718 2652 ὃς
745 2590 832 2642 διὰ
849 2590 908 2642 τὸ
925 2592 1023 2659 τῆς
1049 2593 1248 2660 ἀρετῆς
1276 2592 1484 2660 περιὸν,
1511 2592 1607 2662 τὴν
1630 2611 1793 2661 φρον-

205 2682 329 2734 τίδα
361 2681 471 2735 τῶν
504 2682 783 2750 ἀδελφῶν,
823 2683 873 2734 οἳ
913 2685 1054 2736 κατά
1093 2684 1154 2736 τὸ
1191 2685 1335 2754 ἱερόν
1380 2689 1796 2758 φροντιστήριον

206 2773 302 2827 τοῦ
337 2776 572 2844 μεγάλου
595 2776 728 2828 Θεοῦ
760 2777 854 2828 καὶ
881 2776 1130 2847 Σωτῆρος
1166 2778 1443 2846 ἠσκοῦντο,
1476 2782 1536 2833 οὐ
1571 2781 1787 2846 διώξας,

208 2868 347 2920 ἀλλὰ
378 2869 765 2937 πνευματικῶς
798 2868 1049 2937 διωχθεὶς
1071 2912 1084 2933 ,
1122 2871 1410 2935 ἀνεδέξατο
1435 2889 1448 2902 ’
1495 2874 1587 2926 τοῦ
1621 2876 1789 2928 Λατό-

212 2977 317 3029 μου
353 2958 466 3019 νῦν,
503 2962 566 3014 ὲκ
591 2959 685 3013 τοῦ
726 2962 1095 3032 γεγενημένου
1140 2962 1451 3031 θαύματος,
1482 2965 1541 3016 τὸ
1571 2984 1787 3035 φροντι-

212 3053 436 3120 στήριον
481 3051 830 3121 ὁνομάζεται;
865 3055 973 3107 Καὶ
1009 3055 1065 3106 ἐν
1094 3053 1265 3123 τούτῳ
1291 3057 1317 3106 ό
1348 3055 1519 3123 μέγας
1548 3053 1696 3119 οὗτος
1728 3060 1794 3111 τὰ

209 3143 318 3196 τῶν
353 3145 605 3212 μοναχῶν
639 3146 792 3209 ἐνδὺς
833 3149 859 3198 ὁ
889 3147 983 3198 καὶ
1017 3147 1124 3200 ἀπὸ
1167 3145 1392 3217 πρώτης
1435 3150 1618 3219 τριχὸς
1650 3150 1796 3204 ἆπαν

1977 2409 2030 2464 7.
2053 2407 2246 2464 Statim
2267 2409 2414 2464 enim
2445 2421 2608 2480 atque
2623 2407 3068 2464 Thessalonicam
3087 2408 3485 2478 pervenit,tra-

1904 2502 2036 2557 didit
2069 2503 2309 2572 seipsum
2341 2518 2486 2557 cura:
2533 2511 2587 2556 et
2615 2501 2978 2556 moderationi
3018 2501 3300 2569 cujusdam
3355 2501 3479 2561 viri,

1904 2597 1994 2664 qui
2009 2597 2338 2651 abstinentia
2356 2606 2410 2650 et
2425 2597 2621 2666 pietate
2642 2603 2761 2651 erat
2781 2595 3040 2658 eximius,
3065 2602 3118 2648 et
3142 2602 3366 2662 propter
3383 2593 3485 2645 vir-

1906 2686 2037 2740 tutis
2084 2686 2489 2749 excellentiam,
2530 2701 2640 2739 non
2683 2683 2965 2749 affectans,
2989 2684 3084 2738 sed
3128 2683 3482 2752 spiritualiter

1902 2787 2147 2840 coactus,
2176 2788 2496 2848 susceperat
2541 2793 2730 2832 curam
2764 2777 3016 2842 fratrum,
3067 2776 3478 2847 quisecundum

1898 2885 2117 2924 sacrum
2149 2870 2330 2940 magni
2362 2869 2453 2923 Dei
2473 2884 2538 2924 ac
2562 2868 2860 2944 Salvatoris
2882 2868 3254 2939 magisterium
3305 2882 3369 2923 ac
3398 2868 3480 2921 di-

1899 2961 2185 3030 sciplinam
2210 2962 2628 3017 exercebantur.
2649 2960 2803 3016 Nunc
2816 2961 3022 3022 schola,
3044 2975 3138 3015 seu
3161 2959 3412 3029 praefectu
3423 2976 3477 3012 ra

1905 3050 2139 3114 Latomi,
2162 3067 2229 3105 ex
2257 3052 2575 3107 admirando
2596 3053 2858 3122 quodam,
2894 3051 2988 3119 qui
3015 3051 3219 3114 evenit,
3250 3066 3477 3105 succes-

1907 3140 2166 3203 su,locus
2198 3141 2289 3196 ille
2319 3143 2639 3211 appellatur.
2664 3139 2776 3196 Hoc
2806 3142 2858 3195 in
2895 3141 3225 3196 monasterio
3249 3156 3480 3210 magnus

211 3236 478 3305 σαρκικὺν
535 3237 944 3307 ἀποδυσάμενος
1002 3237 1248 3306 θέλημα,
1313 3239 1471 3291 ποίαν
1530 3241 1627 3310 μὲν
1690 3242 1797 3294 τῶν

1909 3233 1997 3286 hic
2031 3233 2115 3287 vir
2136 3234 2386 3287 monachi
2413 3233 2654 3288 habitum
2684 3242 3106 3299 assumens,cta
3132 3235 3305 3303 prima
3327 3249 3479 3287 corna

210 3327 425 3396 ἀρετῶν
471 3328 533 3379 οὐ
590 3327 952 3398 κατώρθωσε;
1009 3331 1162 3381 ποῖον
1215 3329 1272 3381 δὲ
1326 3326 1465 3393 εἶδος
1509 3332 1794 3400 ἀσκήσεως

211 3416 664 3485 ὑπερϐαλλόντως
686 3417 784 3470 οὐκ
806 3417 1181 3487 ὲξησκήσατος
1215 3419 1290 3481 ὡς
1326 3413 1465 3471 εἶναι
1500 3423 1610 3482 τοῖς
1632 3421 1798 3490 ὁρῶσι

209 3509 574 3581 παράδειγμα
600 3549 614 3572 ,
642 3508 737 3561 καὶ
766 3511 876 3570 τοῖς
900 3509 1096 3579 ζηλοῦν
1139 3508 1484 3578 βουλομένοις
1515 3511 1798 3578 ἀκριϐείας

212 3601 398 3670 πάσης
448 3599 775 3670 ἀρχέτυπον.
837 3600 1080 3669 Νηστεία
1139 3600 1246 3671 γάρ
1307 3600 1575 3670 ἐπενοήθη
1625 3600 1798 3670 τούτῳ

212 3694 402 3762 καινὴ,
436 3693 522 3746 ἶνα
544 3694 637 3746 καὶ
663 3693 755 3745 τὸν
783 3692 984 3760 δεσμὸν
1010 3691 1242 3762 κατέχῃ,
1270 3693 1363 3744 καὶ
1387 3691 1709 3762 διαλανθάνῃ
1738 3693 1799 3745 τὸ

221 3782 664 3852 σπουδαζόμενον
689 3797 703 3812 ·
741 3781 1020 3852 ἀγρυπνία
1053 3781 1250 3852 μικροῦ
1279 3781 1385 3833 δεῖν
1417 3783 1511 3834 καὶ
1533 3783 1799 3834 ἀπιστου-

216 3876 357 3944 μένη
381 3876 492 3937 τοῖς
527 3874 898 3944 λογιζομένοις
937 3874 1034 3942 τῆς
1088 3873 1288 3942 σαρκός
1315 3873 1414 3942 τὴν
1441 3874 1751 3943 χαυνότητα
1780 3889 1794 3903 ·

213 3967 472 4035 γλώσσης
501 3965 830 4034 κατάσχεσις
853 3963 953 4016 οὐκ
975 3965 1054 4025 εἰς
1078 3964 1135 4014 τὸ
1167 3962 1292 4034 [μὴ]
1321 3963 1798 4034 πολυπραγμονεῖν

213 4057 283 4110 τὰ
317 4055 575 4123 ἀλλότρια
620 4056 801 4125 (τοῦτο
835 4056 944 4125 γὰρ
970 4055 1120 4125 αὐτῷ
1152 4055 1262 4109 ἀπὸ
1313 4056 1504 4119 παιδὸς
1562 4057 1798 4127 μεμελέ-

213 4151 396 4219 τητο),
431 4149 544 4200 ἀλλ’
571 4149 710 4202 ῶστε
747 4149 821 4218 μὴ
854 4146 1216 4215 ἐξακούεσθαι
1237 4147 1337 4213 τὴν
1367 4149 1552 4219 φωνὴν
1575 4151 1686 4212 τοῖς
1721 4150 1796 4220 μὴ

215 4240 466 4310 ἀκριϐῶς
507 4241 642 4312 πρὸς
697 4241 906 4294 ἐκεῖνον
967 4239 1347 4311 προσέχουσιν,
1396 4241 1424 4292 ὃ
1484 4241 1800 4309 φιλοσοφίας

215 4333 370 4384 ἐστὶν
419 4331 584 4401 ἀρχὴ,
623 4331 821 4401 μᾶλλον
860 4331 916 4384 δὲ
956 4331 1278 4400 φιλοσοφίας
1325 4330 1385 4382 τὸ
1425 4331 1759 4385 τελειότατον
1783 4348 1797 4362 ο

213 4427 264 4477 εἰ
314 4425 425 4493 γάρ
471 4424 647 4494 ἀρχὴν
715 4425 908 4490 σοφίας
957 4422 1120 4490 φόϐον
1169 4419 1309 4474 Θεοῦ
1369 4423 1796 4494 μεμαθήκαμεν,

213 4516 354 4570 Θεοῦ
385 4516 442 4569 δὲ
465 4516 625 4585 φόϐος
656 4515 884 4569 ἐντολῶν
905 4515 1170 4583 ἐπάγεται
1198 4515 1501 4585 πλήρωσιν,
1529 4517 1796 4587 κρατίστη

1905 3325 1987 3394 (ut
2013 3325 2187 3394 aiunt)
2204 3325 2483 3380 universas
2505 3325 2688 3380 carnis
2714 3339 2922 3380 exuens
2951 3326 3258 3380 voluntates
3279 3326 3355 3389 ,in
3375 3340 3481 3394 qua

1903 3418 2101 3471 virtute
2130 3433 2451 3486 progressus
2471 3433 2575 3471 non
2606 3417 2846 3473 fecit?et
2869 3419 2921 3471 in
2945 3434 3050 3485 qua
3079 3431 3332 3473 ascescos
3353 3432 3477 3486 spe-

1900 3509 1984 3562 cie
2013 3523 2134 3563 sese
2156 3509 2459 3562 eminenter
2479 3523 2586 3562 non
2606 3509 2891 3564 exercuit?
2917 3509 3100 3578 Itaque
3121 3518 3238 3562 erat
3261 3509 3479 3563 intuen-

1904 3599 2048 3652 tibus
2077 3599 2408 3667 exemplum,
2443 3609 2496 3653 et
2523 3600 2891 3654 aemulationis
2912 3598 3173 3653 studiosis
3217 3599 3481 3651 universa!

1901 3689 2210 3745 sedulitatis
2234 3691 2585 3762 archetypos.
2615 3689 2889 3761 Jejunium
2913 3690 3057 3745 enim
3088 3705 3284 3744 novum
3318 3699 3483 3759 atque

1904 3778 2185 3833 insolitum
2213 3781 2558 3851 excogitavit,
2595 3782 2667 3835 ita
2701 3791 2762 3835 ut
2806 3791 2859 3835 et
2900 3780 3178 3836 vinculum
3203 3781 3480 3845 retineret,

1903 3879 1958 3924 et
1985 3872 2223 3926 studium
2251 3872 2393 3928 illius
2415 3875 2691 3943 singulare
2745 3882 2971 3928 caeteros
2997 3873 3218 3927 lateret.
3275 3871 3483 3942 Vigilia:

1904 3963 2017 4017 fere
2059 3974 2214 4018 erant
2245 3964 2629 4021 incredilibiles
2660 3965 3133 4020 considerantibus
3161 3964 3346 4021 carnis
3379 3966 3480 4018 im-

1905 4055 2272 4112 becillitatem.
2301 4058 2561 4127 Linguam
2586 4059 2902 4121 cohibebat,
2932 4069 3000 4113 ne
3030 4059 3206 4114 aliena
3230 4058 3370 4112 facta
3389 4074 3485 4112 cu-

1902 4148 2106 4204 riosius
2133 4150 2499 4220 investigaret.
2533 4147 2588 4202 In
2615 4150 2716 4204 hoc
2745 4149 2892 4204 enim
2917 4165 2946 4203 a
2972 4164 3140 4219 puero
3170 4165 3358 4204 curam
3391 4165 3483 4218 po-

1903 4256 2110 4307 suerat,
2148 4258 2246 4296 nec
2273 4258 2374 4296 vox
2413 4243 2533 4311 ejus
2556 4241 2803 4295 exaudiri
2829 4250 3039 4310 poterat
3068 4241 3170 4294 nisi
3198 4241 3266 4295 ab
3298 4241 3363 4294 iis
3387 4240 3479 4308 qui

1903 4341 2109 4386 attente
2137 4346 2326 4386 aurem
2366 4331 2606 4400 loquenti
2637 4330 2995 4394 arrexissent,
3024 4330 3076 4384 id
3109 4333 3256 4399 quod
3302 4331 3482 4399 philo-

1905 4422 2111 4491 sophia:
2145 4432 2227 4476 est
2258 4422 2496 4484 initium,
2523 4422 2633 4476 imo
2699 4437 2915 4477 summa
2971 4420 3328 4491 philosophiae
3351 4437 3479 4490 per-

1905 4513 2090 4570 fectio.
2129 4513 2185 4568 Si
2214 4514 2355 4568 enim
2389 4514 2604 4568 initium
2655 4505 2938 4583 sapienl'ia:
2959 4513 3206 4567 timorem
3243 4512 3335 4567 Dei
3363 4529 3481 4566 esse

215 4610 274 4663 δὲ
307 4609 419 4661 τῶν
451 4607 681 4661 ἐντολῶν
715 4608 777 4660 τὸ
831 4607 1042 4661 τιθέναι
1093 4607 1263 4676 θύραν
1296 4606 1372 4675 τῷ
1414 4607 1666 4675 στόματι,
1712 4607 1797 4659 ἵνα

1904 4605 2224 4672 didicimus;
2257 4605 2348 4658 Dei
2379 4615 2560 4660 autem
2607 4606 2792 4667 timor.
2822 4613 2882 4658 ut
2927 4604 3174 4673 ejusdem
3224 4601 3478 4656 mandata

221 4701 364 4770 μήτε
389 4699 514 4758 νοῦς
555 4699 764 4767 ἀλόγως
817 4699 1182 4769 ρεμϐάζηται,
1220 4699 1356 4768 μήτε
1396 4698 1552 4766 λόγος
1598 4699 1798 4769 θυραυ-

216 4794 395 4862 λήσας
448 4791 650 4856 ἔξωθεν
685 4791 896 4860 ἀπηχὲς
945 4793 1025 4853 εἰς
1074 4789 1400 4857 πολυλογίαν
1459 4792 1800 4862 μετακινήσῃ

216 4887 323 4953 τῆς
352 4883 581 4952 ἡσυχίας
633 4882 725 4936 τὸν
776 4881 1035 4952 ἐραστὴν,
1071 4880 1294 4950 εὓδηλον
1347 4879 1478 4948 ἀρα,
1515 4880 1659 4933 κατά
1707 4882 1800 4933 τόν

219 4977 365 5029 θεῖον
397 4975 582 5040 Δαϐὶδ,
635 4975 710 5038 ὡς
765 4976 798 5044 ἠ
851 4973 1066 5044 φυλακὴ
1101 4973 1209 5026 τῶν
1232 4971 1368 5025 ὁδῶν
1406 4971 1500 5025 τοῦ
1533 4972 1668 5026 Θεοῦ
1723 4972 1802 5044 τῷ

218 5065 593 5135 ἀναμαρτήτῳ
624 5063 722 5134 τῆς
749 5062 997 5133 γλώττης
1029 5062 1412 5116 κατευοδοῦταί
1443 5081 1500 5116 τε
1537 5064 1632 5117 καὶ
1667 5063 1802 5116 πλα-

219 5157 480 5211 τύνεταιο
529 5158 596 5227 ἢν
625 5156 979 5227 κατορθώσας
1024 5158 1052 5209 ὁ
1111 5157 1305 5225 μέγας,
1334 5157 1434 5218 τὰς
1476 5156 1641 5220 ἄλλας
1688 5153 1802 5226 εἶχε

223 5250 334 5302 τῶν
359 5248 571 5320 ἀρετῶν
595 5249 941 5318 ὲφεπομένας
972 5246 1142 5316 αὐτῷ.
1161 5247 1234 5300 Τὸ
1262 5247 1318 5300 δὲ
1346 5247 1476 5319 περὶ
1504 5249 1603 5318 τὴν
1627 5266 1803 5319 στρω-

228 5340 373 5410 μνὴν
425 5338 770 5408 ἠμελημένον
791 5340 987 5410 κομιδῇ
1017 5339 1110 5392 καὶ
1140 5337 1303 5402 λιτὸν,
1330 5339 1413 5402 τίς
1451 5338 1624 5404 οὕτως
1657 5341 1803 5394 ἐστὶν

225 5433 411 5502 ἀφυὴς
475 5432 601 5501 περὶ
630 5431 699 5484 τά
733 5431 896 5494 καλά,
925 5432 984 5494 ὃς
1017 5432 1091 5500 μὴ
1125 5430 1443 5501 τεθαύμακέ
1478 5449 1538 5485 τε
1594 5434 1688 5484 καὶ
1717 5433 1802 5499 ἐξ·

226 5523 467 5594 επλάγη,
500 5523 594 5576 καὶ
627 5524 688 5576 τὸ
719 5525 852 5593 πρὸς
893 5524 1086 5586 πόνους
1111 5524 1380 5594 ἀήττητον
1433 5524 1800 5593 ἐμεγάλυνεν;

231 5614 471 5681 Ἐδαφος
498 5609 565 5682 ἦν
593 5613 788 5682 ἐκείνῳ
823 5613 979 5683 ψιλὸν
1007 5615 1040 5683 ἡ
1083 5616 1363 5684 στρωμνὴ,
1398 5614 1456 5666 ὲν
1479 5606 1524 5679 ᾧ
1544 5614 1606 5665 τὸ
1641 5614 1804 5667 ἀσθε-

229 5709 316 5769 νὲς
339 5709 440 5776 τῆς
469 5705 683 5774 φύσεως
735 5707 1070 5776 διηλέγχετο,
1130 5709 1223 5759 καὶ
1268 5706 1412 5768 λίθος
1446 5707 1508 5758 τὸ
1557 5705 1802 5759 ποθεινὸν

233 5798 672 5869 προσκεφάλαιον
700 5812 716 5829 ο
789 5798 955 5867 ὕμνος
995 5802 1022 5850 ὁ
1077 5800 1254 5868 πάντη
1307 5797 1668 5868 βραχύτατος,
1714 5800 1802 5852 καλ

235 5891 374 5948 κατὰ
397 5891 496 5947 τὴν
533 5891 822 5955 ἀναλογίαν
849 5892 947 5959 τῆς
1001 5891 1222 5960 ἐδωδῆς,
1259 5893 1316 5944 ὲν
1419 5892 1678 5956 πολλάκις
1714 5892 1808 5945 καὶ

1904 4698 2254 4768 impleantur,
2293 4697 2439 4760 facit,
2470 4713 2634 4767 porro
2687 4697 3068 4751 mandatorum
3100 4695 3482 4766 praestantissi-

1905 4803 2054 4842 mum
2089 4797 2192 4850 est,
2223 4802 2425 4858 ponere
2455 4790 2535 4841 ori
2568 4787 2813 4858 januam,
2848 4795 2909 4841 ut
2954 4800 3129 4855 neque
3159 4800 3314 4841 mens
3342 4783 3480 4838 irra-

1905 4880 2238 4934 tionabiliter
2259 4889 2535 4948 evagetur,
2571 4894 2748 4949 neque
2792 4879 2932 4933 ratio
2987 4877 3078 4931 cui
3115 4877 3315 4932 domus
3341 4877 3482 4932 inte-

1906 4969 2067 5024 rioris
2083 4969 2328 5025 custodia
2371 4969 2738 5032 incumbebat,
2764 4969 2953 5022 eadem
2973 4967 3181 5032 relicta,
3207 4970 3261 5022 in
3290 4969 3479 5022 multi-

1906 5061 2149 5131 loquium
2183 5062 2387 5117 absone
2415 5071 2760 5117 commoveat
2784 5059 2988 5116 silentii
3020 5071 3073 5115 et
3098 5061 3479 5130 quietis,ama-

1905 5165 2079 5210 torem
2108 5194 2124 5220 ,
2173 5153 2682 5209 manifestissimum
2713 5152 2999 5218 est,juxta
3048 5153 3218 5207 divini
3261 5154 3482 5208 Daviilis

1904 5246 2149 5311 effatum,
2187 5245 2490 5301 custodiam
2525 5244 2905 5297 mandatorum
2959 5241 3071 5308 Dei,
3126 5244 3196 5307 ei,
3245 5244 3337 5313 qui
3371 5262 3476 5297 nm

1908 5348 2095 5408 peccat
2129 5338 2326 5408 lingua:
2355 5337 2531 5408 lapsu,
2569 5351 2834 5406 prospero
2866 5337 3122 5407 facilique
3161 5351 3324 5391 cursu
3356 5353 3484 5390 suc-

1908 5431 2122 5495 cedere,
2155 5439 2316 5498 atque
2349 5429 2399 5483 in
2453 5429 2865 5498 amplitudinem
2914 5429 3239 5485 commutari
3267 5445 3280 5481 :
3313 5443 3478 5496 quam

1907 5523 2123 5592 quidem
2156 5521 2460 5578 custodiam
2506 5536 2740 5591 magnus
2794 5522 2880 5576 hic
2921 5521 3109 5576 sedulo
3157 5521 3480 5578 observans.

1909 5617 2137 5669 aliarum
2181 5615 2755 5684 virtutum_sequelam
2823 5614 2979 5668 facile
3032 5613 3284 5668 obtinuit.
3328 5613 3485 5678 Quod

1911 5724 2037 5763 vero
2069 5708 2262 5762 attinet
2301 5707 2371 5761 ad
2395 5707 2603 5773 lectuli,
2636 5707 2688 5760 in
2729 5723 2839 5776 quo
2870 5707 3104 5776 jacebat,
3156 5707 3481 5777 neglectum,

1913 5814 2274 5868 tnagnamque
2309 5800 2588 5864 vilitatem,
2614 5801 2737 5869 quis
2765 5810 2880 5853 erat
2907 5801 2976 5853 ita
3009 5800 3073 5852 ad
3106 5815 3192 5853 res
3226 5799 3484 5851 honestas

1915 5893 2282 5962 dispiciendas
2305 5893 2541 5963 ineptus,
2573 5903 2628 5947 ut
2663 5907 2767 5948 non
2795 5895 2844 5946 in
2866 5893 3279 5947 admirationem
3302 5900 3486 5949 stupo-
