4164 6456
729 395 831 458 947
1859 400 1918 460 S.
1961 400 2272 460 JOSEPHI
2317 400 2846 466 HYMNOGRAPH
2858 405 2881 464 Ι
3866 412 3977 478 ςιδ

725 518 950 574 remque
982 514 1284 574 raperetur,
1324 512 1487 574 atque
1513 503 1659 561 illius
1688 506 1738 558 in
1761 503 2041 560 laboribus
2076 503 2291 558 indefes

2410 507 2725 576 μυστηρίων
2759 509 3220 580 παραγυμνὼσεις
3251 511 3330 582 τῷ
3382 515 3640 586 πανάγνῳ
3673 515 3867 572 τούτου
3898 508 3978 572 vr}

723 613 846 650 sum
881 598 1249 668 invictumque
1267 597 1504 651 animum
1525 612 1630 651 non
1654 597 1974 651 extolleret?
2006 597 2130 651 Erat
2148 597 2291 650 illius

2401 599 2778 668 διεγράφοντο.

723 691 894 746 lectus
927 693 1130 746 nudum
1171 692 1559 762 pavimentum,
1590 694 1641 746 in
1683 706 1790 761 quo
1823 703 2031 748 natura:
2059 693 2346 748 infirmitas
2411 698 2816 753 monstrabatur
2862 715 2877 752 ε
2913 700 3052 770 lapis
3082 715 3208 755 vero
3239 717 3338 771 pro
3401 705 3624 771 pulvillo
3689 704 3972 758 desidera-

724 783 848 838 bilis
868 785 1226 839 deserviebat.
1269 783 1442 841 Porro
1465 801 1690 840 somnus
1724 795 1842 841 erat
1897 789 2124 844 omnino
2154 788 2528 857 brevissimus,
2558 803 2609 846 et
2639 794 2706 848 ad
2770 804 2930 866 potus
2971 797 3189 865 cibique
3249 813 3560 853 mensuram
3612 817 3674 854 ac
3740 817 3976 870 propor-

722 881 923 934 tionem
964 899 976 933 :
1003 880 1056 934 in
1085 894 1150 934 eo
1182 889 1362 935 autem
1413 895 1556 950 saepe
1587 895 1743 936 sacra
1782 885 2036 954 mysteria
2062 884 2370 954 purissima:
2401 884 2546 941 illius
2577 891 2743 944 menti
2766 891 3206 946 denudabantnr.

789 972 911 1026 8-9.
934 971 1036 1027 Alii
1059 988 1191 1027 sane
1232 974 1500 1045 lacrymas
1526 975 1695 1030 instar
1755 979 2016 1033 torrentis
2044 994 2110 1032 ex
2151 979 2296 1032 illius

720 1062 892 1120 oculis
909 1076 1223 1122 emanantes
1263 1067 1617 1133 admirentur,
1651 1079 1706 1125 et
1738 1085 1974 1140 genuum
2013 1073 2147 1126 adeo
2193 1071 2300 1126 fre-

2477 981 2629 1052 η’-θ’.
2669 986 2862 1049 Ἀλλος
2891 988 2988 1056 μὲν
3025 986 3202 1054 οῦνῖτὸ
3234 988 3536 1057 καταρρέον
3576 987 3632 1050 ἐξ
3674 987 3977 1056 ὀφθαλμῶν

2407 1073 2728 1146 θαυμαζέτω
2753 1079 3048 1146 κρουνηδὸν
3067 1078 3319 1148 δάκρυον,
3355 1081 3446 1131 καὶ
3477 1084 3573 1141 τὰς
3604 1081 3780 1131 πάντα
3812 1080 3974 1145 λόγον

718 1166 945 1224 quentes
958 1156 1380 1222 incurvationes,
1401 1169 1458 1213 ut
1477 1161 1628 1215 nullo
1642 1177 1811 1231 prope
1823 1177 2076 1217 sermone
2090 1162 2291 1232 possinl

2405 1169 2832 1240 ὐπερϐιινούσας
2866 1172 3230 1237 γονυκλισίας,
3257 1171 3333 1234 ὼς
3362 1173 3440 1233 εἰς
3468 1173 3613 1224 λίθου
3638 1175 3801 1240 φύσιν
3838 1189 3974 1224 κατ-

717 1246 1011 1308 reccnseri,
1049 1247 1121 1300 ita
1158 1257 1215 1301 ut
1247 1246 1393 1303 illius
1421 1265 1593 1319 genua
1626 1251 1680 1305 in
1721 1251 1914 1320 lapidis
1943 1259 2193 1306 naturam
2215 1252 2300 1306 di-

719 1339 1003 1409 riguerint,
1024 1339 1252 1395 alternis
1299 1341 1368 1396 ad
1411 1341 1578 1397 Deum
1624 1343 1934 1412 colloquiis,
1962 1353 2017 1399 et
2034 1344 2296 1410 motibus,

716 1447 779 1485 ac
813 1432 1141 1486 stationibus
1163 1448 1259 1502 per
1291 1441 1455 1488 totam
1499 1443 1709 1489 noctem
1741 1435 2003 1492 adhibitis
2046 1455 2059 1491 :
2108 1438 2295 1507 palpe-

717 1523 825 1574 brze
857 1537 983 1575 vero
1012 1537 1078 1577 ac
1107 1523 1396 1592 supercilia
1430 1539 1492 1577 ex
1550 1525 1773 1580 assiduo
1807 1535 1970 1597 atque
2023 1527 2295 1582 immenso

716 1612 1079 1683 lacrymarum
1127 1615 1298 1669 imbre
1329 1625 1727 1672 excavarentur
1791 1633 1855 1673 ac
1900 1618 2288 1688 depilarentur.

716 1705 819 1758 Alii
846 1720 974 1760 vero
1033 1707 1526 1762 eminentissimam
1583 1709 1731 1763 illius
1765 1709 2147 1774 humilitatem,
2181 1726 2286 1779 qua

2403 1262 2724 1331 εσκληκέναι
2777 1263 2846 1318 τὰ
2915 1264 3114 1329 γόνατα
3169 1265 3290 1326 ταῖς
3339 1264 3762 1335 ἀλλεπαλλήλοις
3832 1267 3970 1335 πρδς

2402 1354 2534 1406 Θεὸν
2571 1353 2928 1423 ἀδολεσχίαις,
2990 1355 3086 1405 καὶ
3133 1356 3254 1415 ταῖς
3285 1353 3577 1423 παννύχοις
3631 1355 3877 1424 κινήσεσί
3910 1373 3969 1407 τε

2401 1448 2494 1498 καὶ
2529 1444 2768 1510 στάσεσι,
2797 1444 2894 1507 τάς
2927 1462 2987 1496 τε
3020 1444 3281 1513 ψιλώσεις
3320 1445 3426 1498 τῶν
3451 1444 3789 1515 βλεφαρίδων
3829 1447 3969 1514 μετά

2400 1538 2732 1608 κοιλότητος,
2767 1540 2830 1591 ἐκ
2859 1538 2958 1607 τῆς
2992 1537 3221 1607 ἀπείρου
3253 1539 3361 1590 τῶν
3386 1539 3635 1609 δακρύων
3659 1537 3971 1608 ὀμϐροϐλυο

2397 1634 2625 1700 τήσεως.
2661 1631 2850 1694 Ἀλλος
2889 1631 3025 1684 δὲτὸ
3055 1630 3391 1699 ὐπερβάλλον
3429 1631 3530 1700 τῆς
3559 1630 3969 1695 ταπεινώσεως,

2395 1724 2544 1785 ὅπως
2569 1724 2665 1777 καὶ
2691 1723 2804 1785 τοῖς
2829 1724 3233 1792 ταπεινοτέροις
3267 1722 3456 1792 μέχρις
3489 1722 3720 1790 ἐδάφους
3749 1721 3850 1789 τὴν
3878 1738 3970 1773 σεο

712 1798 793 1850 vel
831 1797 1031 1854 inlimis
1057 1800 1429 1854 venerandum
1461 1809 1625 1868 caput
1655 1801 1720 1855 ad
1757 1809 1988 1855 terrram
2011 1817 2186 1872 usque
2207 1803 2291 1857 in-

2400 1819 2641 1888 ϐασμίαν
2679 1821 2856 1886 κάραν
2881 1817 3139 1871 ὐπέκλινε
3167 1835 3180 1849 ·
3211 1815 3306 1870 καὶ
3337 1816 3503 1868 πᾶσιν
3542 1814 3740 1881 ἐπίσης
3769 1813 3840 1864 ti
3868 1811 3971 1881 τῆς

713 1889 976 1954 clinabat,
1004 1898 1060 1946 et
1099 1906 1227 1961 erga
1257 1903 1483 1946 cunctos
1523 1893 1785 1963 aequalem
1835 1893 2155 1949 charitatem
2201 1910 2298 1950 cu-

713 1982 1004 2049 stodiebat,
1041 1985 1185 2038 nulla
1223 1985 1576 2040 distinctione
1618 1985 1782 2052 facta,
1819 1995 2034 2042 servata
2084 2001 2299 2057 semper

711 2089 838 2144 erga
873 2090 1062 2129 omnes
1097 2076 1422 2132 immutabili
1481 2078 1702 2132 unione.
1751 2079 1854 2133 Alii
1892 2088 2074 2134 autem
2121 2079 2298 2134 conti-

715 2165 974 2232 nentiam,
1010 2181 1075 2222 ac
1099 2167 1264 2223 nullis
1292 2168 1611 2238 dissipatam
1647 2169 2063 2239 evagationibus
2089 2171 2295 2240 cogita-

715 2257 942 2310 tionem.
972 2256 1182 2313 Etcnim
1214 2275 1336 2314 cum
1360 2259 1461 2330 legi
1493 2262 1690 2316 mentis
1730 2262 1902 2332 legem
1922 2263 2106 2317 carnis
2124 2263 2296 2318 collu-

715 2357 950 2402 ctantem
976 2365 1038 2404 ac
1070 2360 1463 2419 repugnantem
1495 2352 1721 2414 videret,
1746 2352 1902 2421 juxta
1929 2355 2107 2424 magni
2146 2355 2292 2424 Apo-

720 2442 842 2495 stoli
871 2441 1136 2507 dictum‘,
1181 2452 1296 2496 toto
1324 2443 1492 2496 animi
1541 2454 1738 2499 conatu
1767 2446 1820 2500 in
1875 2446 2045 2517 legem
2088 2446 2178 2501 Dei
2217 2447 2293 2502 fe-

723 2531 962 2596 rebatur,
987 2547 1051 2584 ne
1068 2547 1291 2601 serpens
1311 2533 1420 2597 ille,
1444 2533 1558 2603 qui,
1583 2535 1737 2603 juxta
1769 2551 2024 2606 magnum
2048 2538 2293 2593 veritatis

719 2623 1019 2692 agonistam
1044 2623 1166 2690 Job,
1204 2625 1404 2680 residet
1428 2625 1479 2679 in
1508 2628 1764 2683 umbilico
1814 2630 2036 2694 ventris,
2084 2633 2294 2700 passio-

719 2730 816 2767 nes
839 2730 1096 2770 venercas
1119 2718 1168 2769 in
1199 2719 1422 2774 renibus
1437 2720 1682 2774 excitans
1709 2720 1836 2788 illis,
1863 2722 1954 2791 qui
1982 2725 2126 2777 circa
2145 2735 2294 2779 exte—

715 2809 887 2860 riores
930 2822 1124 2865 sensus
1154 2821 1434 2879 vagantur,
1461 2810 1514 2864 in
1551 2812 1697 2868 illius
1725 2821 1958 2868 mentem
1985 2814 2289 2883 ingressum

719 2901 1000 2968 reperiret.

789 2991 876 3044 10.
912 2991 1014 3044 Alii
1063 2992 1333 3047 intensum
1367 2993 1513 3048 illius
1571 2993 2012 3065 indefessumque
2041 2997 2092 3050 in
2147 2997 2291 3067 psal-

718 3084 819 3136 mis
842 3091 895 3137 et
914 3085 1127 3153 hymnis
1144 3084 1496 3140 concincndis
1518 3085 1754 3140 laborem
1774 3088 2123 3158 studiumque
2143 3103 2294 3143 com-

722 3175 999 3238 mendent,
1024 3190 1456 3247 generosunique
1484 3177 1786 3247 agonistam
1817 3179 2016 3234 divinis
2040 3180 2292 3236 laudibus

716 3265 1000 3323 extollant.
1050 3266 1153 3319 Alii
1196 3267 1674 3337 incomparabilem
1734 3269 1787 3323 in
1840 3269 2112 3339 loquendo
2160 3271 2296 3325 scri-

717 3358 1003 3427 bendoque
1035 3357 1342 3413 facundiam
1378 3361 1627 3414 oratione
1667 3361 2068 3426 concelebrent,
2096 3364 2294 3432 quippe

718 3451 808 3518 qui
835 3461 1090 3519 tanquatn
1117 3451 1234 3518 apis
1264 3464 1541 3505 sacrarum
1575 3451 1979 3522 Scripturarum
2005 3462 2156 3523 prata
2187 3456 2293 3506 cir-

716 3543 1101 3608 cumvolitans,
1122 3552 1174 3597 et
1207 3543 1600 3611 pulcherrimos
1615 3547 1960 3616 optimosque
1993 3545 2152 3602 flores
2181 3547 2296 3601 dis-

715 3646 863 3691 crete
883 3635 1162 3704 colligens,
1205 3650 1425 3690 omnem
1468 3637 1725 3692 virtutum
1778 3638 2083 3707 speciemin
2111 3639 2293 3709 seipso

717 3728 1066 3783 inellificavit.
1089 3727 1367 3783 Castitatis
1392 3729 1607 3799 quidem
1632 3745 1692 3783 at-
1715 3732 2087 3799 temperantiae
2111 3732 2294 3786 ex'em-

719 3823 833 3889 plar
847 3822 1035 3876 habuit
1066 3823 1433 3877 castissimum
1461 3820 1693 3892 Joseph;
1725 3824 1883 3892 cujus
1911 3824 1962 3876 in
1992 3823 2292 3878 affectioni-

719 3919 819 3970 bus
851 3915 1164 3985 subigendis
1197 3914 1535 3970 severitatem
1559 3915 1798 3968 imitatus
1830 3925 1931 3980 est,
1966 3931 2070 3968 non
2098 3916 2290 3969 adver-

717 4027 812 4065 sus
840 4009 1148 4080 Egyptian)
1188 4008 1443 4062 feminam
1504 4023 1624 4061 sese
1670 4006 1963 4061 defendens
2013 4024 2077 4061 ac
2134 4025 2290 4078 repu-

718 4118 912 4170 gnans,
940 4102 1032 4156 sed
1061 4101 1323 4154 adversus
1350 4110 1649 4166 peccatum,
1673 4100 1828 4165 juxta
1857 4101 2025 4154 divini
2045 4100 2288 4169 Apostoli

718 4194 1092 4264 praescriptum
1120 4195 1162 4257 ’,
1198 4207 1372 4260 usque
1404 4193 1470 4245 ad
1503 4192 1823 4260 sanguinem
1856 4193 2150 4247 resistens:
2177 4209 2287 4248 non

717 4285 939 4354 pallium
967 4297 1172 4336 exuens
1242 4296 1305 4335 ac
1361 4280 1634 4350 rcjicieus,
1687 4289 1746 4334 ut
1793 4281 2286 4351 impudentissima

718 4375 964 4430 mulieris
994 4389 1114 4430 sese
1151 4373 1216 4427 ad
1244 4371 1422 4441 turpia
1469 4371 1754 4426 allicientis
1790 4387 1984 4425 manus
2007 4371 2282 4442 effugeret,

2397 1915 2616 1985 ἀγάπης
2667 1913 2924 1982 ἐτήρησε,
2975 1911 3246 1982 μηδεμίαν
3287 1908 3611 1977 ποιούμενος
3650 1904 3964 1974 διαστολὴν,

2396 2008 2484 2060 διὰ
2514 2007 2612 2075 τὴν
2643 2005 2779 2074 πρὸς
2819 2003 3023 2064 πάντας
3079 2000 3473 2069 ἀμετάπτωτον
3517 1997 3734 2050 ἐνωσιν.
3772 1995 3968 2055 Ἀλλος

2394 2100 2455 2152 τὸ
2506 2098 2794 2167 ἐγκρατὲς,
2836 2098 2929 2149 καὶ
2984 2096 3044 2148 τὸ
3081 2095 3179 2163 τῆς
3213 2092 3449 2154 διανοίας
3485 2089 3790 2158 ἀνέμϐατον
3815 2104 3830 2117 ·
3891 2086 3971 2155 τῷ

2395 2191 2541 2261 νόμῳ
2563 2190 2670 2258 γάρ
2693 2189 2785 2242 τοῦ
2813 2189 2930 2250 νοὸς
2960 2184 3510 2255 ἀντιστρατευόμενον
3535 2181 3747 2247 βλέπων
3768 2179 3861 2231 τὸν
3886 2177 3973 2229 νό-

2397 2302 2495 2353 μον
2524 2283 2624 2351 τῆς
2656 2279 2877 2349 σαρκὸς,
2915 2281 2944 2332 δ
2972 2296 3136 2347 φησιν
3186 2281 3214 2331 ὀ
3238 2276 3409 2346 μέγας
3444 2273 3789 2334 Ἀπόστολος,
3848 2270 3971 2332 δλος

2393 2375 2469 2447 τῷ
2488 2375 2636 2444 νόμῳ
2664 2372 2755 2425 τοῦ
2775 2370 2911 2424 Θεοῦ
2934 2369 3299 2438 ἀνεπτέρωτο,
3321 2368 3407 2420 ἵνα
3445 2365 3518 2435 μὴ
3553 2365 3704 2434 σχοίη
3732 2363 3963 2432 παρείσο

2391 2467 2541 2519 δυσιν
2573 2467 2621 2527 ὁ,
2671 2463 2812 2515 κατά
2865 2462 2955 2514 τὸν
3003 2459 3175 2530 μέγαν
3212 2460 3311 2528 τῆς
3359 2457 3617 2527 ἀληθείας
3656 2453 3971 2522 ἀγωνιστὴν

2404 2557 2543 2620 Ἰὼϐ,
2585 2557 2712 2625 παρ’
2753 2553 2980 2624 ὀμφαλῷ
3015 2552 3250 2620 γαστρὸς
3281 2549 3540 2613 ἐνιζάνων
3593 2547 3737 2614 δφις,
3771 2544 3871 2597 καὶ
3904 2542 3973 2596 τὰ

2392 2649 2718 2721 περινέφρια
2745 2647 2891 2715 πάθη
2924 2643 3196 2698 ἀνακινῶν
3225 2645 3335 2705 τοῖς
3376 2637 3808 2711 ῥεμϐαζομένοις
3835 2633 3969 2704 περὶ

2393 2742 2490 2811 τὴν
2522 2740 2720 2806 ἔξωθεν
2754 2738 3029 2804 αἴσθησιν.

2466 3005 2516 3058 ι’.
2555 3002 2746 3064 ’Ἄλλος
2780 2999 2840 3051 τὸ
2871 3000 2926 3049 ἐν
2954 2996 3188 3065 ψαλμοῖς
3217 2992 3311 3047 καὶ
3353 2991 3544 3061 ὕμνοις
3573 2986 3856 3042 ἀνένδοτὸν
3904 2999 3966 3035 τε

2396 3099 2490 3149 καὶ
2519 3095 2770 3148 σύντονον
2832 3088 3198 3160 ρητορευέτω,
3255 3083 3350 3138 καὶ
3393 3080 3657 3144 θειαζέτω
3693 3078 3786 3129 τὸν
3841 3091 3970 3142 γεν-

2397 3191 2544 3244 ναῖον
2584 3185 2889 3255 ἀγωνιστήν
2915 3199 2928 3214 ·
2969 3181 3064 3236 καὶ
3112 3180 3142 3232 ὁ
3187 3179 3286 3247 μὲν
3338 3175 3398 3228 τὸ
3442 3173 3715 3244 ἀμίμητον
3753 3167 3970 3220 ἐκείνου

2397 3281 2526 3351 περὶ
2577 3281 2700 3341 τοὺς
2732 3276 2923 3344 λόγους
2965 3270 3385 3342 μεγαλυνέτω...
3433 3267 3581 3328 ὃπως
3619 3263 3693 3324 ὡς
3737 3258 3972 3351 μέλισσα

2394 3349 2518 3434 τοῦς
2547 3369 2811 3438 λειμῶνας
2855 3365 2963 3416 τῶν
3018 3361 3246 3431 Γραφῶν
3298 3355 3748 3428 περιιπτάμενος,
3777 3349 3873 3402 καὶ
3903 3349 3974 3400 τά

2396 3460 2658 3514 κάλλιστα
2699 3456 2808 3508 τῶν
2867 3453 3074 3506 ἀνθέων
3128 3449 3398 3518 εὐκρινῶς
3430 3443 3815 3512 ἐκλεγόμενος,
3856 3440 3968 3491 πᾶν

2395 3549 2534 3614 εἶδος
2561 3550 2758 3619 ἀρετῆς
2791 3549 2848 3599 ἐν
2879 3544 3054 3613 ἐαυτῷ
3084 3543 3386 3611 ὲκεράσατο
3409 3555 3424 3571 ⁶
3467 3535 3826 3608 σωφροσύνης
3864 3532 3970 3601 μὲν

2395 3636 2534 3701 εἶδος
2565 3637 2658 3690 καὶ
2692 3635 2916 3703 ἁγνείας
2950 3634 3086 3702 ἔχων
3123 3631 3212 3684 τὸν
3248 3630 3501 3699 σώφρονα
3542 3626 3763 3696 Ἰωσὴφ,
3810 3623 3873 3676 οὐ
3907 3621 3972 3674 τὸ

2395 3731 2532 3802 πρὸς
2571 3729 2640 3782 τά
2673 3727 2820 3795 πάθη
2857 3725 3134 3778 ἀνένδοτον
3179 3720 3630 3790 ἀπομιμούμενος
3682 3714 3924 3783 τέθηπεν
3951 3752 3968 3774 ,

2393 3824 2454 3877 οὐ
2491 3820 2628 3892 πρὸς
2675 3818 2978 3886 Αἰγυπτίαν
3022 3814 3462 3885 ἀπομαχόμενος,
3511 3811 3645 3864 ἀλλά
3692 3826 3832 3879 προς
3868 3810 3972 3877 τὴν

2393 3913 2689 3984 ἁμαρτίαν,
2722 3909 2796 3971 ὼς
2828 3911 2856 3960 ό
2902 3907 3042 3968 θεῖος
3092 3906 3436 3958 διατάττεται
3487 3899 3832 3964 Ἀπόστολος,
3868 3898 3973 3968 μέ-

2393 4023 2513 4077 χρις
2544 4005 2773 4072 αἵματος
2817 3999 3337 4065 ἀντικαθιστάμενος
3367 4013 3379 4025 ·
3415 3995 3514 4064 οὐχ
3561 3991 3776 4062 ἱμάτιον
3825 3991 3973 4044 ἀπο-

2389 4098 2670 4168 δυόμενος,
2699 4093 2786 4146 ἴνα
2824 4092 2970 4162 φύγῃ
2996 4094 3183 4160 χεῖρας
3221 4088 3442 4150 σοϐἀδος
3477 4083 3852 4154 ἐφελκομένης
3882 4083 3968 4141 εἰς

2391 4189 2568 4242 ἄτοπα
2596 4228 2611 4252 ,
2637 4184 2772 4239 ἀλλά
2799 4184 2977 4252 σάρκα
3007 4184 3186 4234 πᾶσαν
3235 4180 3324 4233 διὰ
3361 4179 3458 4247 τῆς
3516 4175 3843 4246 ἐγκρατείας
3882 4190 3973 4224 νε-

2395 4281 2564 4349 κρῶν,
2603 4253 2688 4330 ἵνα
2736 4277 2832 4329 καὶ
2901 4273 3105 4344 μικρὰς
3157 4271 3404 4334 εἰσϐολὰς
3443 4269 3724 4340 ἀποδράσῃ
3771 4265 3868 4319 τοῦ
3903 4266 3976 4319 δι’

2393 4371 2700 4440 αἰσθήσεων
2731 4365 3229 4436 παρακλέπτοντος.
3273 4361 3556 4415 Ἰακὼϐ-δὲ
3588 4359 3649 4412 τὸ
3691 4358 3980 4412 ἄπλαστον

717 4468 810 4522 sed
826 4481 1042 4522 carnem
1063 4475 1226 4520 totam
1241 4480 1335 4534 per
1351 4464 1739 4518 continentiam
1759 4463 2116 4527 mortificans,
2133 4475 2190 4517 ut
2207 4465 2289 4518 vel

2402 4466 2494 4518 ml.
2522 4463 2799 4532 ἀκέραιον,
2832 4459 2893 4512 οὐ
2924 4457 3174 4511 κλέπτων
3200 4455 3454 4521 εὐλογίας
3485 4455 3689 4522 πατρὸς
3731 4451 3798 4504 δι’
3835 4453 3980 4504 ὐπο-

717 4561 974 4616 minimos
1005 4561 1239 4628 impetus
1270 4556 1522 4613 evaderet
1551 4556 1697 4610 illius
1726 4557 1816 4625 qui
1848 4555 2034 4610 furtim
2055 4572 2148 4625 per
2165 4573 2290 4611 sen-

717 4669 813 4708 sus
837 4653 1153 4723 ingreditur.
1187 4650 1374 4705 Jacobi
1394 4659 1572 4704 autem
1603 4648 2002 4718 simplicitatem
2064 4665 2127 4703 ae
2179 4650 2290 4703 sin-

720 4747 997 4800 ceritatem
1040 4745 1282 4798 imitatus
1327 4751 1428 4805 est,
1458 4759 1564 4797 non
1615 4741 1760 4796 furto
1804 4742 2072 4810 arripiens
2125 4743 2293 4810 patris

717 4838 1120 4892 benedictiones
1152 4852 1247 4905 per
1281 4837 1705 4907 suppositionem
1742 4839 1952 4901 matris,
2001 4853 2173 4906 neque
2204 4835 2292 4890 fu-

720 4931 871 5000 giens
901 4930 968 4983 ab
1004 4928 1275 4998 Esau,qui
1307 4929 1467 4982 etiam
1494 4938 1782 4997 antequam
1805 4941 2136 4989 nasceretur,
2165 4928 2291 4981 odio

724 5023 940 5075 habitus
968 5029 1073 5084 est,
1110 5020 1203 5074 sed
1231 5034 1325 5089 per
1361 5019 1453 5073 Dei
1486 5018 1784 5073 Ecclesiam
1840 5034 1871 5072 a
1905 5033 2012 5088 qua
2056 5018 2288 5072 dilectus

719 5126 824 5178 est,
859 5123 912 5168 et
933 5129 1095 5186 quam
1115 5113 1230 5183 ipse
1250 5128 1469 5182 quoque
1488 5121 1676 5166 mutuo
1694 5113 1905 5177 dilexit,
1927 5113 2286 5182 primogenita

681 5187 683 5189 I
724 5207 1116 5262 benedictionis
1139 5213 1441 5269 assecutus,
1471 5215 1528 5259 ut
1559 5223 1653 5271 per
1683 5205 2061 5260 suavissimam
2117 5207 2274 5274 hym-

722 5299 941 5354 nodiam
969 5298 1137 5353 Deum
1181 5298 1722 5365 benediceret,quam
1760 5298 1872 5366 ipse
1915 5297 2290 5366 primogenitis

719 5405 931 5453 eorum,
962 5390 1054 5458 qui
1087 5390 1138 5443 in
1178 5389 1331 5444 cmlis
1386 5389 1675 5456 conscripti
1701 5397 1849 5451 sunt,
1880 5388 2195 5442 dulcissimo
2228 5403 2290 5442 nc

724 5481 1076 5536 festivissime
1118 5493 1290 5534 metro
1333 5481 1676 5547 composuit;
1732 5480 2086 5548 supplantans
2135 5480 2289 5533 mali-

721 5590 906 5644 gnum,
944 5583 997 5627 et
1026 5574 1095 5627 ab
1123 5588 1188 5626 eo
1222 5573 1408 5640 procul
1445 5572 1673 5639 fugiens,
1717 5581 1774 5624 ut
1811 5581 1988 5625 mente
2017 5572 2086 5624 ab
2139 5572 2286 5625 omni

722 5667 1130 5735 perturbatione
1165 5666 1327 5718 [ibt-ru
1360 5664 1524 5718 Deum
1564 5664 1828 5729 laudaret,
1877 5663 2163 5733 eidemque
2199 5678 2284 5718 se-

793 5842 809 5873 ¹
835 5839 992 5897 Rom.
1024 5856 1119 5908 vn,
1152 5841 1240 5894 23.
1307 5842 1325 5870 ¹
1348 5840 1512 5896 Hebr.
1546 5857 1640 5904 xtl,
1701 5841 1753 5895 4.

2401 4557 2575 4626 θήκης
2606 4553 2832 4624 μητρὸς,
2866 4550 2986 4604 οὐδὲ
3017 4547 3338 4617 ἀποτρέχων
3388 4544 3558 4598 Ἠσαῦ
3599 4545 3688 4596 τὸν
3723 4561 3976 4614 μεμιση-

2404 4649 2562 4718 μένον
2602 4645 2696 4699 καὶ⁵
2731 4644 2835 4714 πρὸ
2867 4642 3133 4710 γενέσεως
3155 4657 3166 4669 ·
3203 4637 3338 4691 ἀλλά
3375 4637 3460 4689 διὰ
3509 4637 3608 4705 τῆς
3633 4635 3793 4688 αὐτὸν
3827 4637 3977 4702 ηγαο

2399 4739 2640 4809 πηκυίας
2699 4737 2775 4799 ὡς
2827 4731 3301 4801 ἀνταγαπωμένης
3361 4729 3686 4798 Ἑκκλησίας
3733 4727 3871 4781 Θεοῦ
3901 4727 3978 4779 τά

2398 4828 2741 4902 πρωτοτόκια
2763 4829 2861 4897 τῆς
2905 4825 3152 4892 εὐλογίας
3174 4821 3375 4887 λαϐὼν,
3410 4821 3484 4884 ὡς
3538 4820 3784 4891 εὐλογοίη
3837 4821 3978 4874 Θεὸν

2397 4923 2484 4976 διά
2512 4925 2610 4991 τῆς
2632 4917 2902 4989 ἐμμελοῦς
2935 4915 3230 4987 ὐμνῳδίας,
3270 4917 3335 4984 ἢν
3374 4912 3536 4976 αὐτὸς
3585 4915 3696 4976 τοῖς
3754 4929 3978 4982 πρωτο-

2396 5016 2574 5077 τόκοις
2595 5012 2702 5066 τῶν
2730 5014 2788 5064 ἐν
2815 5011 3063 5080 οὐρανοῖς
3093 5007 3478 5077 ἐγγραφέντων
3503 5006 3791 5076 εὐρύθμως
3829 5005 3978 5073 ἄγαν

2397 5106 2654 5175 ἀνέθηκε,
2723 5101 3014 5173 πτερνίσας
3063 5100 3152 5152 τὸν
3209 5098 3442 5169 πονηρὸν
3505 5098 3598 5150 καὶ
3646 5099 3973 5167 ἀποτρέχων

2396 5197 2680 5270 πόρρωθεν
2723 5195 2782 5260 ἐξ
2837 5192 3022 5256 αὐτοῦ,
3074 5193 3160 5246 ἴνα
3219 5191 3297 5262 τῷ
3351 5190 3682 5261 ἀρεμϐἀστῳ
3706 5189 3786 5242 νοῒ
3830 5190 3972 5244 Θεὸν

2397 5291 2612 5362 ὐμνοίη,
2673 5289 2769 5342 καὶ
2831 5285 3004 5355 τούτῳ
3056 5285 3226 5336 ἐνοῖτο
3297 5283 3438 5336 κατά
3487 5283 3585 5352 τὴν
3637 5283 3980 5351 ἀδιάτμητον

2397 5385 2630 5452 κίνησιν.
2661 5379 2913 5450 Ἀϐραὰμ
2932 5377 2992 5430 τὸ
3021 5375 3403 5446 μεταϐατικὸν,
3430 5375 3525 5426 καὶ
3555 5374 3688 5441 πρὸς
3713 5374 3971 5442 ὑπακοὴν

2397 5473 2632 5546 Χριστοῦ
2660 5469 3076 5542 ἐτοιμόίτα]τον,
3121 5469 3221 5522 οὐκ
3251 5469 3315 5520 ἐκ
3367 5465 3650 5519 Χαλδαίων
3684 5465 3971 5534 ἀπαίρων,

2396 5569 2490 5622 καὶ
2530 5569 2631 5638 τὴν
2684 5564 3049 5632 Παλαιστίνην
3109 5561 3476 5633 ἐργαζόμενος
3529 5559 3765 5627 οἴκησιν,
3827 5559 3974 5611 ἀλλά

2398 5661 2580 5732 σχέσιν
2611 5659 2809 5729 γονέων
2837 5657 3097 5728 δευτέραν
3137 5654 3272 5708 Θεοῦ
3316 5651 3695 5721 λογισάμενος,
3754 5651 3850 5702 καὶ
3882 5651 3973 5705 δια
