4164 6456
195 441 304 503 919
1751 446 1790 502 γ

1904 455 1942 506 t.
3357 451 3468 516 950

191 547 351 601 τοῦτο
384 549 450 600 τὰ
499 547 793 618 περιπὲζια
852 548 1027 602 πάντα
1078 548 1305 618 θέμενος
1352 550 1426 614 ώς
1479 551 1651 617 οὐδὲν,
1686 551 1778 604 τὸν

1904 557 2122 609 τυιιιιιιηι
2160 555 2512 610 insecabiletn
2589 565 2754 626 atque
2789 556 3202 625 inseparabilem
3257 569 3465 617 motum

196 643 527 712 μονότροπον
557 642 669 710 βίον
704 641 790 694 ἐπ’
825 641 1087 712 ἀλλοτρίᾳ.
1116 642 1471 711 προκέκρικε.

1904 646 2153 698 iniretur.
2189 645 2356 698 Porro
2378 643 2750 699 Abrahamum
2784 655 3026 701 sectatus
3056 657 3138 701 est
3170 649 3220 702 in
3254 655 3466 720 paterni

191 735 296 790 soli
324 734 771 798 comtnutatioite,
797 745 852 789 et
868 733 1271 805 promptissima
1295 750 1420 805 erga
1446 734 1724 790 Christum
1744 735 2074 798 obedientia,
2113 753 2217 790 non
2247 736 2464 805 quidem
2496 751 2564 791 ex
2604 736 2982 793 Chalda-orum
3019 740 3237 811 regione
3290 741 3470 796 disce-

189 830 350 890 dens,
385 838 437 882 et
469 829 521 881 in
568 829 913 882 Palasstinam
952 825 1321 896 proficiscens,
1373 829 1575 881 ibidem
1625 844 1774 882 suam
1816 830 1998 884 sedem
2026 829 2426 894 collocaturus;
2455 832 2547 885 sed
2618 828 2870 885 affectqu
2901 849 3027 901 erga
3099 843 3352 902 parentes
3386 835 3472 889 di-

190 924 320 976 vino
373 923 541 975 amori
610 921 1044 990 posthabendum
1089 922 1430 986 existimans,
1467 929 1520 976 et
1567 931 1849 990 propterea
1892 933 2152 992 tanquam
2212 923 2442 976 nihilum
2490 925 2744 978 universa
2803 925 2917 978 haec
2974 927 3231 982 inferiora
3302 937 3466 998 atque

189 1013 420 1068 humilia
457 1014 685 1072 ducens.
723 1012 1021 1082 simplicem
1077 1013 1288 1067 vivendi
1351 1013 1454 1067 sibi
1506 1014 1608 1082 ipsi
1650 1015 1914 1068 rationem
1941 1016 2134 1070 alienis
2164 1016 2311 1068 t-ut'is
2344 1017 2682 1086 negotiisque
2717 1019 3035 1086 praeposuit.

264 1111 357 1157 ια’.
397 1104 507 1158 Καὶ
537 1103 591 1155 τί
641 1102 724 1154 δεῖ
751 1103 878 1164 τοὺς
937 1103 1279 1157 καθέκαστον
1339 1103 1634 1169 ἐξετάζειν,
1684 1107 1780 1158 καὶ

192 1195 570 1266 παραῦἀλλειν
608 1193 820 1257 τούτοις
856 1194 1040 1260 αὐτὸν,
1075 1194 1216 1248 κατά
1238 1195 1330 1248 τὸν
1374 1197 1780 1267 μυστικώτερον

190 1287 352 1354 λόγον
404 1286 502 1356 τῆς
553 1285 928 1354 ἀνυψώσεως;
972 1286 1140 1340 Οὐδέν
1196 1288 1347 1340 ἐστιν
1390 1290 1781 1359 ἐπαινούμενον

189 1382 254 1449 τῇ
295 1379 487 1449 Γραφῇ
517 1378 545 1431 ὃ
584 1377 662 1450 μὴ
711 1377 896 1448 τούτῳ
932 1378 1284 1449 κατωρθοῦτο
1309 1397 1322 1410 ·
1359 1381 1532 1442 οὐδεὶς
1575 1383 1633 1434 ὲν
1677 1397 1780 1434 πα-

188 1472 374 1534 λαιαῖς
404 1471 669 1542 ἱστορίαις
699 1469 870 1540 ὕμνού
881 1488 1060 1541 μενος,
1080 1471 1138 1524 ὃν
1156 1473 1256 1525 οὐκ
1279 1474 1487 1536 ἐκεῖνος
1514 1473 1777 1543 ἐζήλωσε.

191 1567 305 1618 Καὶ
340 1565 429 1617 ἵνα
461 1563 670 1617 συνέλω
706 1563 769 1616 τὸ
822 1564 954 1626 πᾶν,
1005 1563 1236 1634 σύῤῥοιά
1275 1580 1357 1626 τις
1401 1558 1468 1632 ἦν
1518 1564 1725 1635 ἀρετῶν
1755 1566 1783 1616 ὁ

190 1657 410 1708 ἐκείνου
446 1655 582 1725 βίος,
613 1655 708 1708 καὶ
751 1655 813 1707 ού
846 1655 1086 1726 μιμητὸν
1133 1654 1269 1726 πρὸς
1304 1655 1594 1725 ἀκρίὸειαν
1647 1657 1783 1709 ἀποο

189 1749 435 1818 τύπωμα
479 1750 588 1811 τοῖς
653 1745 1002 1817 βουλομένοις
1038 1746 1142 1798 κᾶν
1197 1745 1354 1814 ὀλίγα
1406 1746 1515 1799 τῶν
1572 1747 1784 1800 ἐκείνου

189 1839 662 1909 ἀπομιμήσασθαι
686 1856 700 1870 ·
742 1837 865 1892 ὅθεν
899 1838 990 1890 καὶ
1025 1837 1101 1908 τῷ
1131 1838 1438 1908 προεστῶτι
1484 1839 1586 1905 τῆς
1619 1838 1790 1907 μονῆς

1958 1109 2045 1162 ll.
2077 1105 2182 1162 Sed
2214 1109 2345 1178 quid
2377 1123 2514 1177 opus
2573 1119 2654 1164 est
2703 1111 2950 1180 singulos
3008 1125 3356 1174 enumerare,
3419 1125 3473 1168 et

1889 1202 2118 1269 mystico
2158 1216 2467 1270 arcanoqtte
2489 1202 2753 1257 orationis
2790 1219 2988 1271 genere
3046 1206 3296 1259 eumdem
3343 1205 3469 1262 effe-

1889 1293 2058 1345 rendo
2097 1294 2200 1346 illis
2231 1294 2589 1364 comparare?
2618 1292 2763 1348 Nihil
2805 1304 2889 1350 cst
2913 1298 3059 1366 quod
3097 1297 3150 1351 in
3182 1298 3350 1352 sacris
3381 1316 3472 1353 vo-

1890 1382 2189 1436 luminibus
2248 1383 2405 1437 laude
2435 1383 2662 1454 dignum
2704 1385 3024 1452 pratdicetur
3053 1388 3200 1455 quod
3255 1389 3324 1440 ab
3371 1389 3474 1441 hoc

1886 1470 2138 1525 eﬂectum
2176 1473 2240 1525 ad
2269 1477 2530 1528 amussim
2574 1490 2680 1528 non
2716 1475 2804 1529 sit.
2837 1474 3006 1529 Nemo
3039 1478 3091 1530 in
3120 1479 3363 1548 antiquis
3395 1481 3476 1534 lti-

1892 1564 2078 1620 storiis
2110 1566 2436 1632 celebratur,
2480 1583 2644 1637 quem
2680 1570 2765 1624 hic
2791 1571 3081 1625 aemulatus
3131 1589 3237 1625 nun
3282 1574 3470 1631 fuerit.

1892 1657 1978 1719 Et,
2018 1667 2076 1712 ut
2111 1659 2295 1713 omnia
2326 1660 2490 1714 verbo
2545 1663 2898 1730 complectar,
2954 1666 3209 1719 cumulus
3252 1667 3475 1734 quidam

1891 1759 1946 1804 et
1973 1752 2256 1821 congeries
2289 1752 2546 1806 virtutum
2597 1762 2713 1806 erat
2738 1754 2894 1809 istius
2928 1757 3056 1821 vita,
3081 1766 3136 1811 et
3176 1768 3475 1826 quantum-

1898 1846 1980 1897 vis
2011 1843 2209 1914 aliquis
2231 1846 2421 1899 sedulo
2437 1855 2750 1909 conaretur,
2769 1847 2851 1899 vel
2885 1849 3107 1903 minime
3137 1850 3310 1919 ipsius
3337 1850 3476 1904 facta

188 1934 293 2002 τῆς
328 1931 534 2001 πολλῆς
590 1929 1019 2000 σκληραγωγίας
1065 1931 1410 2001 ἐπετιμᾶτο,
1455 1930 1788 1983 παθοκτόνον

1904 1948 1945 1992 at
1976 1938 2224 2002 virtutes,
2244 1949 2500 2007 tanquam
2525 1949 2730 2009 typum,
2759 1941 3303 2008 propositasimitari,
3327 1945 3477 2000 nullo

189 2025 408 2092 λέγοντι
453 2022 553 2093 τὴν
607 2022 883 2093 νηστείαν,
931 2023 992 2076 ού
1048 2025 1498 2093 σωματοκτόνον,
1547 2022 1632 2076 διὰ
1673 2023 1776 2093 τὴν

191 2121 296 2184 τῆς
339 2116 563 2186 φύσεως
593 2115 925 2184 οἰκειότητα.
973 2115 1190 2184 Ἀμέλει
1230 2115 1324 2168 καὶ
1372 2114 1552 2167 πάντα
1590 2115 1792 2186 τρόπον

191 2212 450 2264 ὑπείκειν
498 2208 860 2279 μεμαθηκὼς,
919 2209 1014 2262 κα)⁵
1065 2207 1206 2261 κατά
1259 2206 1426 2277 μηδὲν
1487 2207 1793 2275 ἀντιλέγειν

191 2308 308 2366 τοῖς
345 2302 509 2356 αὑτὸν
544 2301 832 2370 ὲνάγουσιν
861 2302 940 2364 είς
971 2300 1301 2354 ταπείνωσιν
1325 2340 1340 2362 ,
1391 2299 1452 2354 τὸ
1490 2317 1793 2372 προστετα-

194 2397 406 2466 γμένον
459 2396 658 2462 ἐποίει,
715 2395 812 2448 καὶ
860 2394 970 2446 τῶν
1023 2394 1443 2465 προσκειμένων
1494 2396 1791 2464 ἐφήπτετο,

195 2493 383 2546 πάντα
427 2494 509 2555 είς
542 2493 700 2559 δόξαν
725 2491 860 2546 Θεοῦ
884 2493 979 2546 καὶ
997 2492 1452 2562 συλλογιζόμενος
1485 2493 1579 2547 καὶ
1600 2493 1790 2546 ποιῶν.

208 2587 277 2638 Ὃ
307 2587 405 2638 καὶ
440 2586 602 2649 αὐτὸς
653 2587 683 2639 ὁ
709 2584 990 2657 προεστὼς
1021 2584 1280 2651 ἐγνωκὼς
1303 2624 1320 2649 ,
1359 2583 1455 2636 καὶ
1488 2585 1670 2654 πάσης
1702 2586 1797 2637 ἀν-

201 2678 493 2748 θρωπίνης
521 2679 734 2742 ἑννοίας
782 2680 895 2732 ἀνω
941 2676 1033 2729 τὸν
1098 2677 1276 2746 μέγαν
1308 2675 1650 2738 καταλαϐὼν,
1695 2678 1798 2730 ὲπ-

201 2771 383 2824 έτεινε
427 2771 630 2841 μᾶλλον
685 2771 822 2842 πρὸς
874 2770 973 2840 τὴν
1002 2768 1180 2840 ὁρμὴν
1227 2767 1321 2821 τοῦ
1371 2768 1540 2825 καλοῦ
1583 2768 1798 2839 καὶτῆς

201 2861 508 2932 καλλίστης
534 2861 798 2932 ὀρέξεωςο
849 2861 926 2924 ὡς
978 2861 1071 2914 καί
1102 2877 1233 2914 ποτε
1291 2861 1654 2931 συνηγμένοις
1685 2863 1798 2922 τοῖς

202 2955 458 3024 ἀδελφοῖς
509 2957 568 3008 ὲν
598 2954 809 3025 ταυτῷ,
861 2953 1052 3006 τούτου
1087 2954 1153 3021 δὴ
1205 2953 1368 3022 μόνου
1405 2951 1499 3006 τοῦ
1560 2951 1797 3022 μεγάλου

201 3047 466 3109 ἀπόντος,
501 3046 964 3117 προφητικώτατα
994 3040 1250 3110 ἐξειπεῖν,
1280 3044 1355 3106 ὡς
1384 3064 1401 3094 ι
1428 3038 1596 3107 Οὗτος
1625 3046 1652 3096 ὁ
1679 3044 1797 3115 μεί-

209 3138 336 3207 ραξ,
387 3137 624 3207 Χριστοῦ
653 3135 746 3190 τοῦ
781 3135 1038 3205 ἀληθινοῦ
1088 3133 1225 3187 Θεοῦ
1261 3135 1411 3188 ἐστιν
1449 3134 1657 3206 ἀληθὴς
1695 3153 1800 3205 μα-

208 3228 409 3297 θητὴς,
444 3229 542 3280 καὶ
584 3227 694 3279 τῶν
722 3226 890 3282 αὑτοῦ
919 3225 1241 3295 θελημάτων
1286 3225 1672 3297 ἐκπληρωτὴς,
1704 3226 1798 3279 καὶ

1895 2041 2074 2084 tamen
2119 2042 2276 2102 pacto
2301 2032 2348 2086 id
2401 2032 2619 2101 assequi
2644 2043 2875 2102 poterat.
2911 2032 3300 2100 Quamobrem,
3332 2047 3384 2092 et
3410 2039 3482 2094 ob

1896 2123 2154 2177 eximiam
2217 2125 2338 2178 vita:
2389 2125 2739 2194 asperitatem
2795 2141 2825 2180 a
2880 2128 3202 2183 monasterii
3252 2131 3480 2198 praeside

1895 2215 2168 2283 quondam
2209 2215 2533 2285 redargutus
2568 2226 2670 2279 est,
2698 2218 2791 2287 qui
2819 2218 3344 2286 dicebat,jcjunium
3375 2221 3473 2274 de-

1897 2308 2028 2362 bere
2063 2322 2182 2360 esse
2217 2307 2622 2362 interfectorem
2665 2311 3006 2378 passionum,
3061 2327 3165 2365 non
3209 2313 3479 2381 corporis,

1899 2409 2120 2469 propter
2176 2411 2386 2454 natura:
2434 2402 2880 2470 coniunctionem
2937 2412 3099 2471 atque
3142 2404 3479 2459 afﬁnitatem.

1899 2491 2200 2556 Postremo,
2237 2507 2360 2546 cum
2393 2493 2443 2546 in
2474 2494 2732 2547 omnibus
2752 2509 2969 2562 semper
2994 2493 3186 2548 cedere
3205 2494 3484 2551 didicisset

1898 2596 2062 2654 atque
2098 2586 2244 2640 nulla
2295 2602 2518 2655 prorsus
2572 2586 2624 2639 in
2667 2601 2724 2640 re
2776 2586 2895 2641 aliis
2953 2588 3350 2651 contradicere,
3389 2591 3481 2657 qui

1900 2677 1974 2735 illi
2003 2677 2323 2732 humilitatis
2345 2679 2689 2732 occasionem
2718 2678 3105 2746 praebuissent.
3140 2695 3484 2749 quaecunque

1902 2768 2164 2836 imperata
2222 2768 2476 2831 fuissent,
2543 2766 2733 2820 sedulo
2792 2768 3214 2837 exsequebatur,
3258 2778 3312 2822 et
3362 2785 3484 2838 qua:

1901 2860 2366 2930 proponebantur,
2408 2859 2752 2928 capessebat,
2810 2860 3076 2914 omniaad
3109 2860 3202 2915 Dei
3255 2861 3483 2931 gloriam

1899 2960 1952 3003 et
1983 2948 2187 3004 faciens
2217 2959 2270 3003 et
2303 2950 2573 3017 cogitans.
2650 2948 2806 3013 Quod
2865 2965 2991 3004 cum
3029 2949 3118 3004 ille
3165 2951 3331 3015 idem,
3390 2950 3484 3021 qui

1901 3042 2118 3096 caeteris
2145 3051 2393 3109 praeerat,
2419 3041 2751 3109 agnovisset,
2781 3050 2835 3094 et
2857 3057 3112 3110 magnum
3139 3043 3282 3096 hunc
3307 3041 3484 3097 virum

1903 3131 2038 3185 nihil
2063 3132 2363 3185 hutnanum
2394 3140 2488 3184 aut
2521 3141 2799 3186 terrenum
2846 3141 3024 3187 mente
3069 3133 3274 3202 agitare
3329 3149 3484 3188 com-

1903 3224 2158 3292 perisset,
2191 3223 2472 3277 intentiori
2508 3223 2691 3277 studio
2727 3223 2795 3277 ad
2835 3223 3055 3276 virtutis
3113 3224 3482 3290 honestatem,

207 3285 446 3389 ὲνΙαύτῶ
476 3319 773 3390 καταμένει
813 3285 1246 3385 Πνεῦμαηᾶγιον,
1281 3318 1310 3370 ὃ
1344 3285 1688 3388 καῖ’λαλήσει
1712 3318 1798 3372 διὰ

1907 3326 2068 3384 atque
2100 3317 2166 3369 ad
2195 3314 2402 3384 optima
2433 3330 2663 3384 quaeque
2691 3316 2992 3384 expetenda
3020 3319 3265 3370 animum
3290 3317 3486 3369 adver-

208 3413 303 3466 τοῦ
357 3415 630 3481 στόματος
682 3412 1076 3484 μελῳδήματα,
1115 3411 1296 3464 πάντα
1334 3412 1702 3482 περιηχοῦντα
1732 3412 1799 3464 τά

212 3505 453 3575 πέρατα.
497 3522 518 3557 ι

1909 3409 1990 3461 tit.
2027 3408 2216 3475 Itaque
2247 3406 2334 3460 die
2365 3406 2624 3475 quadam,
2669 3406 2931 3460 fratribus
2965 3408 3017 3462 in
3043 3425 3212 3462 unum
3244 3423 3480 3477 congre-

1905 3504 2064 3571 gatis,
2088 3517 2197 3556 uno
2226 3511 2437 3556 tantunt
2465 3517 2664 3571 magno
2684 3511 2873 3556 nostro
2905 3505 3128 3558 absente
3154 3504 3334 3558 futura
3360 3517 3488 3572 pro-

210 3601 433 3669 phetico
463 3598 656 3669 spiritu
731 3599 1036 3655 vaticinans
1090 3599 1215 3653 ait:
1259 3617 1278 3650 ι
1335 3598 1667 3653 Adolescens
1721 3600 1827 3653 iste
1903 3613 2064 3650 vet-ns
2097 3605 2182 3649 est
2241 3596 2448 3650 Christi
2500 3597 2613 3648 veri
2665 3594 2758 3648 Dei
2813 3596 3139 3665 discipulus,
3190 3606 3245 3651 et
3292 3598 3490 3652 divina).

210 3695 390 3763 ipsius
424 3695 720 3749 voluntatis
739 3695 1064 3764 completor,
1100 3703 1152 3748 et
1180 3694 1234 3747 in
1271 3707 1338 3747 eo
1374 3694 1575 3749 residet
1597 3693 1836 3764 Spiritus
1865 3700 2111 3754 sanctus,
2149 3692 2243 3760 qui
2286 3706 2381 3760 per
2416 3705 2479 3744 os
2549 3691 2696 3744 illius
2725 3692 3084 3745 suavissimos
3149 3692 3384 3762 hymnos
3418 3692 3492 3746 lo-

209 3797 438 3858 quetur,
468 3787 560 3856 qui
595 3801 692 3856 per
723 3787 1013 3842 universos
1047 3786 1201 3842 orbis
1230 3796 1388 3841 terra:
1420 3787 1554 3841 lines
1585 3786 1978 3841 resonabunt.»

287 3879 377 3952 ιβ’.
426 3881 567 3934 Ἀλλ’
594 3879 739 3934 οὕτω
773 3883 872 3950 μὲν
897 3876 991 3934 οὖν
1014 3875 1163 3952 εἶχεν
1192 3883 1401 3944 ἐκεῖνος
1429 3883 1456 3935 ὁ
1478 3881 1616 3944 θεῖος
1635 3882 1800 3953 ἀνὴρ,

214 3974 313 4029 καὶ
335 3971 480 4025 οὕτω
523 3972 621 4042 μία
651 3987 735 4035 τις
767 3971 1070 4041 σύγκρασις
1124 3969 1193 4044 ἦν
1241 3973 1473 4044 ἀρετῶν,
1510 3974 1570 4038 ἐξ
1603 3970 1678 4028 ὧν
1708 3975 1803 4026 καὶ

217 4064 435 4133 βιϐλίον
463 4064 524 4116 τὸ
550 4063 739 4134 νοερδν
756 4066 855 4134 τῆς
885 4063 1068 4134 ψυχῆς
1089 4064 1490 4136 ἀπειργάσατο,
1515 4069 1654 4118 κατὰ
1677 4069 1804 4128 τοὺς

215 4159 446 4224 εὐφυεῖς
467 4155 576 4208 τῶν
608 4155 796 4226 κηρῶν
825 4155 972 4209 ἀπαν
1000 4151 1142 4219 εἶδος
1185 4157 1529 4226 μαθημάτων
1558 4158 1806 4226 ἀποματ-

217 4248 474 4315 τὸμενος.
507 4246 670 4316 Ψυχὴ
697 4247 804 4317 γὰρ
853 4247 918 4298 ὲκ
954 4248 1180 4318 πρώτης
1229 4248 1327 4316 τῆς
1368 4249 1545 4318 ἀρχῆς
1595 4248 1802 4303 ἕνοικον

219 4341 434 4412 σχοῦσα
466 4340 625 4402 Θεὸν,
651 4339 721 4391 τὰ
741 4338 954 4391 ἐκείνου
980 4339 1075 4392 καὶ
1102 4340 1301 4411 μελετᾷ
1321 4341 1415 4393 καὶ
1446 4341 1799 4409 φαντάζεται,

217 4432 392 4504 ἀπρὶξ
423 4427 850 4497 ὲναδολεσχοῦσα
886 4431 1000 4492 τοῖς
1039 4430 1204 4483 αὑτοῦ
1240 4430 1608 4500 δικαιώμασιν
1630 4450 1641 4461 ·
1678 4433 1802 4484 ἐπεὶ

218 4526 314 4578 καὶ
347 4523 524 4583 ἄλλως
577 4521 639 4572 τὸ
679 4519 942 4590 φρούριον
969 4523 1068 4590 τῆς
1105 4520 1303 4592 ψυχῆς,
1357 4523 1674 4593 ἐγκρατείᾳ,
1709 4523 1804 4574 καὶ

1973 3880 2063 3935 12.
2101 3879 2173 3934 Ita
2203 3878 2421 3949 quidem
2454 3893 2573 3933 sese
2623 3877 3096 3934 habebatdivinus
3137 3878 3226 3934 hic
3257 3879 3362 3943 vir,
3399 3889 3487 3936 at-

1902 3988 2008 4043 que
2039 3973 2111 4026 ita
2135 3987 2238 4026 una
2269 3971 2517 4041 quaedam
2543 3980 2664 4026 erat
2696 3971 2842 4024 illius
2866 3970 3130 4026 virtutum
3169 3980 3490 4044 contempe-

1906 4066 2044 4119 ratio
2069 4073 2124 4119 et
2151 4063 2489 4132 conjunctio,
2542 4078 2609 4117 ex
2641 4063 2841 4132 quibus
2877 4063 3041 4118 veluti
3065 4066 3356 4134 quemdam
3379 4066 3491 4135 spi-

1905 4156 2155 4213 ritttalem
2193 4156 2392 4210 librum
2424 4155 2750 4225 composuit,
2796 4157 2951 4224 juxta
2991 4171 3142 4225 apes,
3180 4174 3300 4227 qua:
3331 4174 3490 4213 ceras

1910 4250 2243 4305 industriose
2291 4248 2584 4314 fabricant,
2638 4265 2797 4305 omne
2842 4250 3256 4321 disciplinarum
3319 4267 3491 4324 genus

1908 4341 2251 4412 congerendo
2317 4349 2479 4409 atque
2525 4341 2901 4410 exprimendo.
2979 4343 3172 4396 Anima
3227 4345 3372 4398 enim
3423 4347 3493 4399 ab

1910 4434 2041 4502 ipsis
2070 4433 2314 4488 exordiis
2335 4432 2504 4488 Deum
2534 4433 2864 4502 inquilinum
2901 4434 3131 4500 habens,
3162 4451 3248 4490 res
3281 4436 3494 4490 divinas

1909 4525 2129 4580 assidua
2163 4525 2514 4579 meditatione
2544 4531 2598 4578 et
2626 4525 2960 4595 cogitatione
2992 4527 3257 4593 revolvit,
3293 4528 3493 4581 tenaci-

219 4616 474 4685 νηστεία,
518 4613 615 4665 κα)⁵
663 4610 946 4683 ἀγρυπνίᾳ
985 4613 1263 4684 ὀχυρωθὲν
1302 4615 1584 4682 ἀσφαλῶς,
1621 4615 1798 4667 ἀνεπί-

1917 4622 2001 4667 ter
2053 4623 2236 4667 mente
2270 4613 2548 4668 inhaerens
2588 4610 2736 4667 illius
2771 4614 3276 4684 justiticationibus,
3318 4631 3491 4685 quan-

221 4708 388 4760 61:0v
413 4705 768 4759 παντάπασιν
790 4699 858 4775 ἦν
876 4706 986 4766 τοῖς
1007 4704 1207 4771 ἔξωθεν
1239 4706 1601 4776 ρεμὸασμοῖς.
1621 4707 1804 4778 Ταύτῃ

220 4817 302 4851 τοι
342 4799 440 4850 καὶ
484 4796 669 4866 θαῦμα
717 4791 786 4866 ἦν
833 4796 1030 4867 Ἰωσὴφ
1080 4799 1195 4860 τοῖς
1239 4797 1438 4868 ὁρῶσιν
1470 4799 1667 4851 αὐτόν·
1713 4803 1808 4853 καὶ

223 4894 332 4944 πᾶν
367 4891 468 4958 μὲν
510 4889 638 4943 ἀλλο
663 4890 857 4959 ἠμέλει
896 4906 950 4943 τι
995 4891 1342 4960 παράδειγμα
1364 4908 1378 4921 ·
1424 4893 1563 4962 πρὸς
1593 4892 1720 4948 ἀλλο
1751 4893 1808 4944 δέ

221 5000 276 5035 τι
304 4981 465 5036 οὐδὲν
496 4979 811 5035 ἀπέϐλεπεν
849 4980 1219 5051 ἀποτύπωμα,
1249 4982 1366 5035 ἀλλ’
1408 4982 1441 5053 ἢ
1473 4983 1612 5053 πρὸς
1649 4981 1809 5051 μόνον

225 5075 318 5128 τδν
364 5074 570 5144 Ἰωσήφ
591 5090 606 5104 ο
645 5068 804 5137 οὗτος
833 5071 941 5144 γὰρ
976 5074 1072 5127 καὶ
1101 5072 1399 5144 ὁρώμενος,
1436 5076 1602 5128 εἰκὼν
1631 5073 1811 5138 ὡρᾶτο

227 5167 328 5236 τῆς
378 5167 604 5237 ἀρετῆς,
641 5167 736 5218 καὶ
786 5165 964 5218 λαλῶν
1011 5166 1351 5237 γλυκυτέραν
1410 5167 1627 5236 μέλιτος
1657 5169 1811 5237 ἠφίει

231 5257 440 5326 φωνὴν,
471 5257 575 5309 κάν
606 5258 728 5319 ταῖς
760 5255 928 5310 αὑτοῦ
976 5256 1361 5327 παραινέσεσιν
1409 5257 1557 5310 ἆπαν
1608 5257 1812 5326 βιϐλίον

232 5349 501 5419 ἠμέλητο.
548 5348 705 5401 Ἐπεὶ
755 5349 808 5401 τί
842 5348 917 5418 μὴ
946 5350 1075 5418 παρ’
1103 5348 1296 5418 ἐκείνῳ
1324 5349 1457 5417 ἡδύς
1496 5349 1557 5401 Ei
1589 5351 1813 5417 σαφηνί-

233 5442 348 5504 ζειν
379 5441 491 5494 έδει
531 5440 696 5511 βάθος
742 5440 999 5511 Γραφῶν,
1050 5439 1128 5510 τῷ
1160 5441 1276 5511 ἡδεῖ
1299 5440 1394 5494 τοῦ
1455 5441 1663 5512 ῥυθμοῦ
1715 5443 1815 5506 τὰς

236 5534 623 5606 μυθευομένας
651 5533 916 5604 Σειρῆνας
943 5533 1295 5603 ἀπέκρυπτεν
1320 5549 1334 5564 ⁸
1363 5532 1429 5587 ἂν
1456 5535 1647 5604 ἠθικὸν
1677 5553 1815 5604 προ-

237 5629 405 5682 έτεινε
427 5628 610 5696 λόγον,
638 5627 755 5697 ἅμα
788 5627 865 5698 τῷ
893 5628 1037 5697 λόγῳ
1059 5627 1234 5681 καὶτὸ
1259 5629 1429 5691 πάθος
1453 5629 1802 5682 κατέστελλε.

239 5719 478 5790 Χάριτες
525 5715 668 5790 ἦσαν
695 5718 772 5790 τῷ
807 5721 1015 5772 ἐκείνου
1073 5720 1489 5790 ύποκαθήμεναι
1543 5723 1810 5792 στόματι⁸

241 5810 475 5879 εστησαν
534 5807 770 5878 πρώτως
803 5810 860 5861 αἱ
914 5809 1118 5880 κρῆναι
1153 5809 1372 5879 ῥέουσαι
1407 5812 1648 5885 νάματα,
1679 5814 1712 5885 ἢ
1759 5815 1818 5867 τὸ

241 5901 453 5955 ἑκείνου
491 5899 668 5969 στόμα
698 5899 988 5970 πελαγίζον
1011 5900 1080 5955 τά
1110 5901 1372 5973 δόγματα.

1911 4701 2222 4771 doquidem,
2257 4703 2389 4757 alias
2429 4703 2624 4758 anima:
2662 4703 2974 4772 praesidium
3022 4707 3378 4774 continentia,
3408 4708 3492 4774 je-

1907 4794 2062 4865 junio
2095 4795 2401 4870 vigiliisque
2439 4797 2707 4850 munitum
2740 4812 2803 4850 ac
2832 4798 3128 4863 firmatum,
3161 4800 3488 4870 impervium

1914 4868 2276 4954 undequa‘que
2293 4894 2431 4951 erat,
2449 4895 2502 4941 et
2527 4887 2888 4942 exterioribus
2909 4868 3320 4957 evagationibus
3339 4906 3492 4961 ρι’οΓ-

1915 4991 2009 5031 sus
2037 4976 2396 5034 inaccessum.
2425 4978 2610 5047 Itaque
2637 4988 2692 5032 et
2727 4981 3050 5033 miraculum
3086 4980 3490 5051 eratlosephus

1916 5083 2035 5122 sese
2061 5067 2419 5131 intuentibus,
2452 5079 2506 5124 et
2527 5085 2690 5125 omne
2725 5071 2873 5125 aliud
2910 5074 3218 5142 exemplum
3250 5077 3489 5144 neglige—

1916 5163 2094 5223 batur,
2115 5178 2291 5232 neque
2307 5162 2536 5232 eratqui
2564 5163 2632 5218 ad
2661 5164 2828 5218 ullum
2859 5165 3045 5230 alium,
3065 5181 3227 5235 quem
3253 5167 3496 5222 imitare.

1919 5264 2024 5317 tur,
2045 5255 2231 5309 oculos
2251 5263 2611 5317 converteret.
2625 5265 2985 5324 prteterquam
3005 5258 3070 5310 ad
3091 5258 3493 5329 un,umJnseph.

1916 5350 2053 5402 Cum
2078 5348 2224 5401 enim
2258 5347 2346 5401 ille
2374 5358 2709 5412 cerneretur,
2735 5349 2900 5404 simul
2954 5350 3119 5404 etiam
3159 5352 3379 5407 virtutis
3416 5355 3493 5407 si-

1919 5443 2222 5495 mulacrum
2271 5440 2622 5506 cernebatur,
2683 5450 2738 5497 et
2768 5442 2897 5504 dum
2963 5444 3301 5510 loqueretur,
3339 5446 3497 5501 melle

1918 5534 2227 5588 suaviorem
2253 5547 2436 5588 vocem
2455 5534 2754 5600 emittebat,
2787 5545 2839 5590 et
2860 5551 2967 5605 prae
2991 5536 3136 5590 illius
3159 5537 3497 5592 adhortatio-

1920 5626 2103 5691 nibus,
2164 5624 2344 5696 quivis
2389 5624 2530 5680 alius
2571 5626 2706 5681 liber
2764 5628 2915 5697 parvi
2965 5627 3287 5683 ducebatur.
3357 5629 3497 5684 Nam

1919 5720 2048 5789 quid
2082 5733 2188 5773 nan
2207 5718 2258 5772 in
2286 5716 2377 5772 illo
2398 5718 2556 5773 dulce
2580 5728 2698 5773 erat
2730 5735 2793 5774 ac
2813 5721 3003 5776 suave?
3021 5719 3316 5776 Sacrarum
3351 5720 3498 5776 Scri-

1923 5823 2202 5882 pturarum
2237 5809 2563 5881 profundam
2599 5811 2989 5867 obscuritatem
3041 5813 3319 5868 declarare
3361 5827 3498 5882 opus

1924 5904 2064 5961 erat?
2092 5903 2351 5975 Rhythmi
2375 5905 2642 5961 suavitate
2671 5903 3042 5962 fabulosarum
3077 5905 3330 5962 Sirenum
3365 5921 3496 5960 cau-
