4164 6456
705 360 803 426 951

1829 373 1888 430 5.
1926 371 2240 432 JOSEPHI
2283 370 2596 433 IIYMNOG
2611 372 2848 432 RAPIII

3849 373 3954 433 95?.

705 488 819 533 tum
849 479 919 534 ita
942 482 1333 551 superabat,ut
1362 481 1524 536 etiam
1550 487 1869 540 occultaret.
1912 486 2168 542 Moralem
2214 505 2519 543 sermonem
2555 491 2606 542 in
2672 491 2908 543 medium
2961 489 3302 557 proferebat?
3353 491 3530 544 Animi
3601 491 3825 545 allectus
3898 509 3957 546 ac

705 585 888 633 motus
923 579 1166 633 oratione
1187 579 1566 647 componebat.
1599 580 1795 634 Gratim
1843 581 1973 651 ipsa:
2021 584 2070 637 in
2117 585 2261 638 illius
2299 601 2391 639 ore
2417 587 2813 645 insidebant,et
2837 585 2986 653 prius
3026 584 3258 638 fontium
3284 585 3688 639 decurrentium
3753 587 3954 640 ﬂui-uta

705 671 982 725 stetissent
1006 672 1246 733 immota,
1267 687 1428 740 quam
1458 688 1520 726 ex
1541 673 1684 726 illius
1707 688 1801 726 ore
1835 689 1985 729 sacra
2016 676 2264 744 dogmata
2308 677 2573 745 proﬂuere
2599 688 2759 747 atque
2796 693 3054 731 emanare
3076 686 3408 733 cessassent.

778 766 864 818 13.
902 765 1036 819 Cum
1073 765 1193 818 talis
1227 774 1371 819 εδει-ι
1397 764 1619 834 Josepb,
1681 768 1956 836 tantisque
2011 772 2268 822 virtutum
2301 776 2347 829 Α

707 873 770 911 ac
797 855 1095 911 cmlestium
1119 856 1384 910 donorum
1417 857 1836 912 charismatibus
1858 859 2154 928 effulgeret,
2189 876 2276 913 sa-

707 949 930 1003 cerdotii
960 949 1186 1015 gradum
1211 950 1364 1004 avide
1389 965 1494 1004 non
1518 951 1761 1017 appetiit,
1796 962 1890 1005 aut
1913 953 2131 1016 invasit,
2152 968 2278 1005 san-

707 1039 776 1091 cti
825 1039 1062 1106 Spiritus
1091 1040 1469 1107 dignissimum
1495 1042 1699 1094 donum
1735 1059 1838 1094 non
1877 1042 2166 1108 affectavit,
2215 1059 2278 1098 ac

707 1133 1066 1202 proliinquam
1113 1132 1218 1186 Deo
1247 1134 1562 1201 dignitatem
1602 1137 1828 1203 tempori
1862 1151 1966 1188 non
1995 1149 2077 1190 est
2101 1136 2274 1189 sulfu~

708 1236 901 1290 ratus;
934 1227 1062 1293 quin
1097 1225 1274 1294 potius
1305 1242 1334 1280 a
1393 1227 1654 1296 dignitate
1695 1229 1806 1297 ipsa
1869 1229 2165 1297 requisitos
2217 1245 2280 1284 ac

707 1326 926 1371 mactus
957 1327 1055 1381 est,
1089 1318 1355 1372 universis
1389 1318 1646 1372 fratribus
1682 1320 2039 1374 reluctantem
2070 1322 2269 1375 adhor-

707 1411 970 1472 tantibus,
1012 1419 1065 1463 et
1097 1421 1377 1480 pra-terea,
1409 1421 1465 1464 ut
1527 1411 1766 1480 episcopi
1827 1412 1981 1465 urbis
2028 1413 2278 1481 precibus

707 1505 1123 1572 obsequeretur,
1157 1503 1434 1572 presbyter
1457 1503 1738 1558 ordinatus
1768 1514 1872 1558 est.
1903 1503 2060 1557 Tunc
2095 1515 2276 1556 autem

706 1594 892 1648 videre
917 1603 1033 1649 erat
1073 1594 1290 1648 virtutis
1319 1594 1579 1661 speciem,
1609 1611 1729 1664 qua:
1753 1595 2081 1649 intensionis
2105 1595 2278 1664 majo-

708 1687 784 1739 ris
817 1701 1156 1755 nequaquam
1189 1702 1354 1754 capax
1387 1695 1524 1748 erat,
1566 1701 1726 1755 quam
1779 1685 1979 1755 Joseph
2023 1685 2276 1755 prmfere-

707 1777 816 1834 bat,
859 1777 1218 1846 Indequaquc
1249 1778 1666 1845 amplissimam.
1704 1777 1884 1845 Ipsum
1933 1795 2062 1832 vero
2089 1780 2279 1832 conni-

707 1877 908 1921 tentetn
952 1877 1006 1923 et
1043 1871 1482 1932 cantendeutem,
1525 1877 1712 1938 utpote
1767 1872 2276 1938 generosissimum,

707 1970 764 2013 ut
785 1975 1098 2030 quanquam
1132 1961 1344 2013 mortali
1373 1976 1537 2014 carne
1564 1961 1746 2015 adhuc
1801 1961 2047 2026 indutus,
2085 1963 2136 2015 in
2167 1976 2278 2016 c03-

707 2053 822 2107 lrsti
843 2066 1019 2107 tamen
1035 2054 1205 2107 choro
1229 2053 1574 2108 inliabitaret.
1594 2053 1826 2118 Etenim,
1848 2062 1899 2107 et
1921 2054 2173 2123 lacrymm
2196 2055 2278 2122 ip.

2448 770 2533 837 ιγ’.
2573 770 2824 832 Τοιοῦτος
2863 771 2940 823 ῶν
2976 772 3071 822 καὶ
3135 771 3408 834 τοσούτοις
3463 772 3956 839 καταλαμπόμενος

2382 864 2731 932 χαρίσμασιν,
2764 863 2865 916 οὐκ
2898 862 3139 932 ἐπιπηδᾷ
3167 861 3245 929 τῷ
3284 861 3478 932 βαθμῷ
3511 863 3611 932 τῆς
3633 864 3955 928 ἱερωσύνης.

2380 955 2438 1005 οὐ
2498 955 2822 1022 μεταδιώκει
2864 955 2966 1025 τὴν
2996 954 3154 1018 ἀξίαν
3189 953 3282 1006 τοῦ
3318 954 3654 1023 Πνεύματος,
3684 955 3781 1022 οὐχ
3816 953 3954 1004 ὑπο-

2381 1045 2600 1098 κλέπτει
2649 1045 2724 1116 τῷ
2776 1046 2954 1115 χρόνῳ
3003 1047 3102 1112 τὴν
3156 1046 3277 1114 Θεῷ
3323 1047 3763 1118 πλησιάζουσαν·
3820 1046 3956 1098 ἀλλά

2381 1136 2632 1190 διώκεται
2687 1139 2785 1205 μὲν
2817 1139 2919 1190 ὑπὸ
2953 1138 3045 1191 τοῦ
3084 1137 3298 1207 βαθμοῦ
3356 1139 3445 1210 βίᾳ
3495 1141 3590 1192 καὶ
3637 1141 3808 1202 ἀκων,
3863 1139 3956 1189 καὶ

2387 1228 2488 1280 ὑπὸ
2522 1231 2702 1296 πάσης
2752 1230 3127 1300 παρακληθεὶς
3167 1231 3532 1302 ἀδελφότητος
3558 1275 3578 1297 ,
3620 1233 3699 1284 ἔτι
3747 1231 3805 1282 δὲ
3860 1231 3956 1298 τὴν

2381 1319 2563 1386 δέησιν
2617 1321 3060 1390 προσηκάμενος,
3091 1322 3161 1390 ἢν
3218 1325 3246 1375 ὁ
3294 1323 3395 1390 τῆς
3451 1324 3658 1387 πόλεως
3712 1325 3958 1375 ἐποιεῖτο

2384 1411 2703 1474 ἐπίσκοπος,
2740 1415 3127 1482 χειροτονεῖται
3163 1413 3554 1484 πρεσϐύτερος.
3589 1416 3698 1468 Καὶ
3728 1411 3796 1482 ἦν
3829 1413 3957 1465 ἰδεῖν

2381 1500 2500 1552 τότε
2531 1501 2592 1552 τὸ
2627 1501 2702 1570 μὴ
2733 1501 3120 1572 ἐπιδεχόμενον
3151 1504 3402 1556 ἐπίτασιν
3436 1500 3574 1565 εἶδος
3605 1502 3954 1573 τῆς-ἀρετῆς,

2381 1595 2505 1645 ὅσον
2541 1594 2778 1662 ἐπήγετο
2820 1595 2849 1646 ό
2894 1594 3114 1663 Ἰωσὴφ,
3159 1594 3533 1662 ἐκτεινόμενον
3576 1610 3636 1646 τε
3711 1595 3803 1646 καὶ
3855 1594 3958 1660 ἐφ-

2382 1685 2552 1736 απλού
2562 1701 2742 1752 μενον,
2777 1685 2868 1738 καὶ
2886 1685 3222 1753 φιλεονεικοῦν
3244 1685 3381 1755 μετὰ
3405 1686 3607 1754 σαρκὸς
3628 1683 3702 1752 τῷ
3719 1685 3958 1754 οὐρανίῳ

2382 1777 2528 1846 χορῷ
2586 1778 2980 1847 ἐγκατοικῆσαι
3032 1777 3124 1831 τὸν
3199 1777 3600 1844 γενναιότατον.
3659 1777 3793 1829 Τότε
3848 1777 3958 1844 γὰρ

2380 1868 2615 1939 δάκρυον
2669 1867 2837 1922 αὑτοῦ
2870 1867 3178 1940 άειῤῥύτως
3233 1869 3374 1938 ῥέον,
3428 1870 3526 1931 τὰς
3579 1868 3799 1938 ἀμάρας
3845 1870 3961 1935 ἐμι-

2385 1963 2536 2028 μεῖτο
2574 1959 2684 2012 τῶν
2739 1960 3038 2027 ποταμῶψ
3103 1961 3222 2012 τότε
3282 1960 3410 2027 γόνυ
3451 1959 3772 2029 παννύχως,
3810 1958 3886 2020 ὡς
3934 1961 3963 2010 ὁ

2384 2050 2540 2118 λόγος
2575 2050 2788 2120 φθάσας
2841 2049 3129 2120 ἐδήλωσεν,
3183 2051 3616 2122 ἐπικλινόμενον,
3677 2052 3756 2112 είς
3811 2050 3960 2102 λίθου

705 2145 820 2197 sius
854 2145 1226 2199 indellcienter
1241 2145 1520 2199 efﬂuentes
1565 2146 1847 2200 fluminum
1872 2149 2135 2202 decursus
2160 2147 2280 2201 imi-

2387 2139 2548 2208 φύσιν
2585 2117 3058 2210 μεταπεποίήταια
3110 2140 3203 2192 καὶ
3258 2138 3320 2192 τὸ
3367 2117 3588 2208 στέρνον
3643 2139 3828 2191 πυκνά
3884 2138 3964 2206 τῷ

705 2237 991 2302 tabantur;
1027 2247 1079 2290 et
1107 2252 1277 2305 genua
1313 2237 1430 2304 ejus
1452 2252 1546 2304 per
1585 2246 1758 2290 totum
1809 2239 1985 2292 noctis
2037 2253 2280 2303 cursum,

706 2328 1168 2394 quemadmodum
1196 2344 1359 2396 supra
1389 2329 1591 2382 dictum
1613 2339 1717 2392 est,
1743 2330 2023 2393 inclinata.
2064 2331 2115 2384 in
2143 2332 2280 2400 lapi-

705 2419 788 2471 dis
823 2429 1074 2473 naturam
1100 2430 1431 2475 commutata
1465 2433 1640 2485 erant,
1671 2431 1724 2475 et
1751 2432 1941 2491 pectus
1974 2423 2123 2477 illius
2154 2437 2278 2478 cre-

705 2513 803 2565 bro
836 2513 1032 2582 lapidis
1068 2513 1176 2568 ictu
1232 2530 1551 2582 percussum
1595 2514 1930 2569 obcalluerat
1974 2531 2126 2579 sane,
2179 2515 2274 2570 sed

705 2613 884 2657 tamen
918 2606 1183 2660 musculis
1206 2605 1354 2659 circa
1385 2607 1662 2659 thoracem
1729 2606 1875 2662 lzesis
1913 2622 2018 2661 non
2074 2617 2285 2676 poterat

704 2712 806 2749 vox
841 2697 1008 2751 libera
1039 2707 1093 2752 et
1113 2697 1287 2751 soluta
1324 2698 1562 2767 prodire.
1589 2697 1660 2752 lla
1692 2713 1918 2768 magnus
1949 2700 2035 2754 hic
2065 2714 2184 2753 sese
2217 2699 2282 2752 ad

703 2789 957 2842 virtutem
982 2790 1289 2845 amabiliter
1331 2791 1584 2854 habebat,
1613 2801 1831 2859 tamque
1869 2791 2068 2843 nullam
2102 2791 2284 2844 carnis

702 2895 817 2934 sum
845 2894 1030 2933 curam
1073 2895 1314 2948 unquam
1356 2880 1567 2939 habuit,
1602 2890 1659 2932 ut
1691 2882 1916 2933 omnino
1950 2881 2020 2933 ab
2071 2880 2161 2933 illa
2192 2895 2282 2934 so-

2387 2232 2520 2302 λίθῳ
2551 2233 2905 2302 κρουόμενον,
2933 2233 3236 2285 τετύλωται
3261 2233 3330 2286 τά
3357 2232 3494 2285 ἄλλα
3516 2248 3528 2260 ·
3561 2233 3653 2285 καὶ
3677 2233 3966 2299 συγκακῶ-

2390 2338 2489 2378 σαν
2514 2324 2609 2376 καὶ
2639 2323 2767 2386 τοὺς
2797 2323 2930 2393 περὶ
2961 2323 3055 2375 τὸν
3106 2323 3331 2393 Θώρακα
3379 2321 3543 2392 μῦας,
3588 2324 3686 2375 οὐκ
3731 2323 3820 2374 εἴα
3865 2323 3968 2390 τὴν

2385 2415 2571 2485 φωνὴν
2593 2413 2976 2468 ἀποτελεῖσθαι
3003 2414 3186 2484 ἀπαρε
3196 2414 3487 2484 μπόδιστον
3509 2431 3521 2441 ·
3551 2413 3722 2475 οὕτως
3738 2415 3766 2465 ὀ
3785 2413 3966 2480 μέγας

2387 2505 2533 2581 εἶχεν
2562 2510 2842 2582 ἐρασμίως
2877 2511 3013 2581 πρὸς
3044 2510 3266 2580 ἀρετὴν,
3297 2511 3550 2565 τοσοῦτον
3566 2510 3666 2562 οὐκ
3696 2508 3967 2578 ἐμέλησεν

2388 2603 2540 2673 αὐτῷ
2576 2621 2706 2656 ποτε
2740 2605 2838 2671 τῆς
2875 2603 3100 2671 σαρκὸς,
3131 2603 3214 2655 ὅτι
3246 2601 3594 2656 παντάπασιν
3618 2601 3798 2662 αὐτοῖς
3827 2601 3970 2651 ἀπο-

2387 2696 2608 2749 λέλυτο·
2641 2694 2735 2747 καὶ
2767 2694 2888 2758 ὅλος
2911 2689 2979 2763 ἦν
3008 2693 3148 2763 πρὸς
3169 2693 3304 2746 Θεὸν
3339 2693 3582 2763 ἀφορῶν,
3603 2692 3668 2744 δι’
3692 2692 3752 2743 ὃν
3781 2689 3972 2741 ἐπόθει

2386 2787 2614 2856 λυθῆναι
2639 2786 2738 2855 μὲν
2763 2784 2856 2838 τοῦ
2881 2784 3108 2854 δεσμοῦ,
3142 2785 3284 2839 κατὰ
3328 2784 3558 2848 Παῦλον,
3598 2781 3971 2836 συνάπτεσθαι

2387 2881 2446 2934 δὲ
2476 2880 2554 2950 τῷ
2586 2879 2850 2950 ἐρωμένῳ
2881 2881 2976 2932 καὶ
3009 2882 3237 2949 ἐραστῇ.

704 2974 850 3027 Intus
914 2988 977 3026 ac
1004 2972 1142 3028 liber
1192 2973 1490 3026 videretur.
1523 2970 1694 3026 Totus
1751 2982 1869 3024 erat
1909 2973 2108 3026 mentis
2165 2972 2282 3026 acie.
2317 2971 2457 3027 ﬁxus
2485 2972 2537 3026 in
2563 2971 2752 3036 Deum,
2811 2980 3031 3042 propter
3058 2987 3243 3042 quem,
3285 2987 3393 3026 una
3421 2985 3546 3025 cum
3571 2967 3761 3034 Paulo,
3789 2986 3817 3022 a
3843 2985 3970 3023 cor-

703 3065 851 3136 poris
883 3065 1101 3119 vinculo
1131 3063 1355 3118 dissolvr
1387 3065 1661 3133 cupiebat,
1688 3074 1889 3118 etcum
1931 3064 2130 3118 dilecto
2159 3072 2322 3133 atque
2354 3073 2536 3118 amato
2571 3073 2672 3119 suo
2701 3063 2970 3133 capulari.

777 3159 860 3210 li.
887 3157 1255 3223 Quamobrem
1286 3172 1409 3210 cum
1441 3157 1579 3210 Deus
1600 3158 1748 3210 illum
1775 3158 1935 3211 etiam
1964 3158 2121 3210 bonis
2145 3173 2281 3226 prte-

703 3249 952 3303 sentibus
985 3260 1335 3302 remunerare
1360 3248 1520 3302 vellet
1550 3249 1567 3315 (
1602 3259 1684 3302 est
1705 3258 1886 3302 autem
1921 3249 2143 3310 bonum,
2169 3248 2280 3302 imo

705 3341 971 3393 bonorum
1019 3340 1264 3393 omnium
1307 3339 1596 3409 optimutn,
1653 3340 1884 3394 similem
1943 3340 2178 3408 aliquem
2224 3340 2275 3393 in

702 3429 922 3482 virtutis
960 3426 1135 3481 stadio
1160 3435 1469 3481 currentem
1508 3427 1765 3496 reperire,
1785 3435 1839 3482 et
1873 3428 2150 3497 pr0posito
2174 3428 2275 3483 sibi

2465 3155 2526 3208 ιδ’
2534 3198 2546 3211 .
2582 3155 2748 3208 Ὅθεν
2788 3156 2883 3208 καὶ
2913 3154 3049 3208 Θεοῦ
3080 3155 3270 3208 τοῦτον
3310 3153 3676 3223 ἀμειϐομένου
3719 3151 3812 3204 καὶ
3854 3154 3972 3214 τοϊς

2387 3247 2623 3300 ἐνταῦθα
2653 3247 2838 3310 καλοῖς
2878 3246 3064 3312 (καλὸν
3104 3246 3160 3299 δὲ
3191 3246 3298 3315 ἄρα
3329 3247 3423 3298 καὶ
3462 3245 3644 3298 καλῶν
3679 3243 3972 3297 κάλλιστον

2384 3337 2446 3389 τὸ
2475 3336 2759 3406 εὑρίσκειν
2779 3336 2871 3389 τὸν
2896 3335 3253 3406 ἀρεταίνοντα
3271 3338 3476 3405 ὅμοιον,
3500 3337 3595 3388 καὶ
3615 3337 3681 3404 τῇ
3708 3333 3994 3403 προθέσει·

2391 3428 2821 3492 συνεπαυξάνειν
2849 3428 2939 3480 τὸν
2968 3427 3166 3499 δρόμον
3189 3430 3289 3497 τῆς
3320 3428 3565 3496 ἀρετῆς),
3606 3426 3870 3494 ἐπιδημεῖ
3896 3428 3968 3494 τῇ

705 3524 848 3576 illius
867 3522 1114 3593 exemplo
1132 3521 1376 3590 ejusdem
1400 3523 1618 3578 virtutis
1641 3539 1862 3578 cursum
1895 3525 2134 3595 augere),
2163 3539 2280 3593 per-

2389 3520 2827 3573 Θεσσαλονικέων
2856 3519 3022 3592 [οὕτω
3075 3518 3232 3584 δόξαν
3256 3520 3426 3588 αὐτῷ,
3458 3522 3484 3572 ὁ
3517 3517 3680 3580 πολὺς
3711 3518 3802 3569 τὸν
3824 3517 3966 3586 βίον,

703 3616 852 3670 venit
897 3616 948 3670 in
971 3616 1160 3670 urbem
1187 3614 1781 3679 Thessalonicensium,
1807 3616 1878 3669 ita
1917 3617 2022 3670 Deo
2053 3617 2284 3681 volente,

703 3715 862 3761 mtate
891 3715 1201 3775 provectus,
1239 3714 1292 3760 et
1319 3706 1600 3760 miraculis
1648 3706 2058 3769 celeberrimus,
2113 3703 2284 3761 Deca-

705 3796 998 3865 politarum
1031 3795 1222 3860 decus,
1253 3804 1310 3851 et
1335 3805 1396 3850 ut
1424 3797 1611 3852 verius
1641 3796 1846 3861 dicam,
1897 3799 2145 3852 omnium
2200 3798 2282 3852 ci-

707 3885 939 3938 vitatum
999 3895 1381 3939 ornamentum
1437 3885 1655 3941 divinus
1701 3885 2017 3956 Gregorius,
2066 3887 2159 3956 qui
2193 3887 2281 3940 ubi

706 3976 1096 4031 monasterium
1140 3975 1272 4030 illud
1319 3975 1542 4044 appulit,
1602 3976 1654 4029 in
1688 3991 1794 4044 quo
1851 3991 2146 4045 generosus
2197 3975 2285 4028 hic

705 4068 977 4137 agonista,
1013 4083 1243 4137 magnus
1275 4067 1494 4136 inquam
1528 4065 1746 4134 Joseph,
1780 4069 2041 4122 adversus
2101 4069 2284 4122 hostes

707 4162 1014 4217 invisibiles
1043 4160 1429 4216 strenuissime
1451 4160 1812 4229 depugnabat,
1842 4160 2030 4212 videns
2060 4160 2283 4212 stabiles

703 4261 761 4309 et
783 4259 1094 4314 constantes
1128 4250 1271 4305 illius
1297 4265 1496 4313 mores,
1537 4249 1836 4317 animmque
1865 4250 1984 4316 ejus
2040 4249 2280 4301 habitum

705 4358 1028 4414 agnoscens,
1052 4357 1116 4395 ex
1150 4342 1321 4410 gratia
1349 4340 1438 4393 illa
1472 4341 1652 4393 divina
1681 4355 1744 4393 ac
1773 4339 2136 4408 plenitudine,
2161 4354 2281 4407 qua}

705 4435 762 4489 in
791 4434 1036 4503 ejusdem
1074 4433 1213 4488 facie
1255 4432 1553 4502 refulgebat
1611 4433 1759 4501 (cito
1786 4432 1951 4494 enim,
2006 4448 2070 4486 ac
2127 4431 2282 4486 latilc

705 4535 1018 4580 sanctorum
1053 4525 1248 4580 animae
1275 4541 1488 4588 eorum,
1515 4540 1655 4593 quos
1678 4524 1730 4577 in
1788 4525 2004 4578 virtutis
2059 4525 2281 4577 aemula-

707 4618 859 4672 tione
893 4617 1103 4672 similes
1127 4618 1346 4681 habent,
1379 4617 1595 4671 habitus
1624 4625 1952 4684 agnoscunt,
2001 4633 2063 4671 ac
2117 4619 2277 4671 veluti

707 4710 1082 4779 venerantur)
1114 4725 1235 4765 cum
1289 4709 1381 4764 illo
1423 4709 1848 4763 familiaritatem
1901 4711 2190 4774 contraxit,
2227 4720 2280 4764 et

2390 3612 2486 3666 καὶ
2511 3615 2624 3676 τοῖς
2657 3613 2901 3683 θαύμασι
2928 3611 3279 3682 περιϐόητος,
3311 3611 3372 3664 τὸ
3395 3608 3777 3663 Δεκαπολιτῶν
3805 3625 3972 3676 περι-

2387 3703 2627 3774 λάλημα,
2651 3704 2850 3774 μᾶλλον
2869 3703 2925 3756 δὲ
2939 3702 3132 3756 πασῶν
3153 3702 3264 3754 τῶν
3283 3701 3492 3754 πόλεων
3509 3700 3969 3768 ἐγκαλλὼπισμα.

2385 3799 2566 3862 ὁθεῖος
2595 3797 2894 3868 Γρηγόριος
2915 3813 2928 3826 ·
2961 3797 3020 3860 ὃς
3051 3796 3170 3850 ἐπεὶ
3205 3795 3477 3866 παρέϐαλε
3510 3797 3577 3864 τῇ
3611 3791 3768 3862 μονῇ]
3798 3833 3812 3854 ,
3851 3795 3907 3843 ἐν

2389 3889 2439 3961 [ὁ
2465 3892 2716 3964 γενναῖος
2733 3886 3066 3958 ἀγωνιστὴς]
3099 3888 3162 3939 τά
3192 3888 3332 3939 κατά
3353 3885 3461 3938 τῶν
3484 3885 3734 3954 ἀοράτων
3751 3883 3971 3951 ἐχθρῶν

2386 3982 2632 4037 ἐπετέλει
2675 3980 3162 4050 ἀνδραγαθήματα,
3211 3979 3239 4029 ὁ
3277 3979 3468 4046 μέγας.
3526 3975 3700 4044 φημὶ.
3741 3975 3967 4044 Ἰωσὴφ.

2391 4070 2679 4145 gemmeo;
2712 4073 2964 4143 βεϐηκὸς,
2996 4073 3091 4125 καὶ
3111 4071 3288 4141 ψυχῆς
3314 4068 3572 4135 ἐπιγνοὺς
3603 4066 3966 4134 κατάστημα,

2386 4170 2449 4221 ἐκ
2481 4169 2580 4236 τῆς
2631 4166 3060 4235 ἐπιφαινομένης
3099 4164 3179 4235 τῷ
3225 4162 3502 4234 προσώπῳ
3541 4161 3764 4230 χάριτος
3811 4158 3971 4219 θείας

2386 4260 2480 4314 καὶ
2520 4260 2859 4331 ὼραιότητος
2899 4259 3133 4328 (ταχεῖαι
3165 4258 3272 4326 γὰρ
3320 4257 3376 4308 αἱ
3418 4254 3589 4323 ψυχαὶ
3635 4251 3744 4304 τῶν
3789 4253 3969 4318 ἁγίων

2386 4352 2520 4422 πρὸς
2555 4351 2618 4404 τὸ
2651 4351 2896 4421 θηρᾶσαι
2925 4350 2992 4403 τὰ
3013 4349 3123 4402 τῶν
3154 4348 3440 4418 ὁμοζήλων
3465 4346 3653 4407 ἀὐτοῖς
3687 4345 3970 4412 καταστῆ’

2388 4443 2576 4512 ματα),
2601 4441 2897 4496 οἰκειοῦται
2928 4440 3104 4509 τούτῳ
3127 4442 3222 4492 καὶ
3257 4437 3588 4490 συνάπτεται
3632 4433 3967 4502 σωματικῶς

2383 4535 2499 4603 ἅμα
2524 4535 2618 4588 καὶ
2641 4533 2865 4602 νοερῶς,
2899 4531 2994 4584 καὶ
3018 4532 3120 4583 οὐκ
3150 4529 3326 4583 ἐθέλει
3357 4527 3547 4582 τούτου
3581 4523 3919 4595 χωρίζέσθαι
3946 4540 3962 4553 ·

2383 4627 2541 4697 φύσει
2568 4627 2675 4696 γὰρ
2699 4624 2991 4678 οίκειοῦται
3022 4622 3096 4692 τῷ
3121 4622 3291 4693 ὁμοίῳ
3309 4622 3367 4674 τὺ
3389 4622 3596 4690 ὅμοιον.
3645 4616 3783 4668 Ἀλλ’
3817 4615 3962 4667 ἐκά-

2381 4720 2462 4771 λει
2493 4717 2555 4770 τὸ
2585 4719 2836 4787 πρᾶγμα,
2873 4716 2968 4769 καὶ⁷
3011 4713 3232 4784 ἔμελλεν
3262 4714 3290 4765 ὁ
3333 4711 3476 4774 θεῖος
3529 4709 3831 4778 Γρηγόριος
3860 4706 3964 4774 τήν

707 4817 938 4872 corpore
959 4800 1121 4856 simul
1157 4815 1221 4856 ac
1252 4811 1430 4854 mente
1470 4801 1796 4869 conjunctus
1824 4810 1927 4861 est,
1961 4817 2059 4854 nec
2090 4802 2157 4854 ab
2214 4817 2278 4854 eo

2384 4807 2818 4861 Θεσσαλονικέων
2834 4804 3176 4858 καταλιπεῖν·
3201 4801 3528 4855 ἀνεϐάλλετο
3552 4800 3608 4852 δὲ
3623 4798 3715 4850 τὸν
3731 4797 3961 4866 δρόμον,

709 4894 951 4965 separari
984 4894 1227 4959 volebat;
1266 4909 1386 4962 qua:
1414 4893 1558 4946 enim
1595 4903 1784 4945 natura
1816 4891 2014 4944 similia
2046 4905 2170 4946 sunt
2196 4892 2280 4945 fa-

710 4987 913 5041 cillime
978 4987 1323 5051 c0pulantur.
1381 4983 1484 5039 Sed
1538 4983 1860 5051 Gregorium
1909 4983 2119 5053 negotia
2172 4985 2278 5037 alio

708 5079 1030 5141 evocabant,
1056 5088 1109 5133 et
1130 5077 1570 5133 Thessalonicam
1599 5077 1903 5144 relinquere
1942 5079 2233 5146 cogebatur
2262 5099 2274 5132 :

711 5171 813 5225 iter
830 5178 1010 5224 tamen
1049 5169 1327 5224 differebat
1354 5183 1540 5223 amore
1581 5183 1709 5236 erga
1738 5167 1978 5221 divinum
2051 5169 2276 5238 Jusepb,

712 5270 771 5315 ut
808 5261 886 5316 ita
906 5261 1109 5323 dicam,
1144 5260 1436 5330 impeditus
1453 5275 1517 5314 ac
1536 5268 1797 5315 retentus.
1845 5258 2130 5328 Propterea
2151 5276 2276 5314 cum

711 5353 764 5407 in
797 5352 1012 5408 urbium
1038 5353 1274 5422 reginam
1305 5352 1461 5405 vellet
1484 5351 1770 5420 proficisci,
1797 5367 1895 5405 nec
1921 5351 2060 5404 ferre
2079 5363 2277 5419 posset,

712 5444 795 5498 vel
831 5445 896 5498 ad
927 5446 1182 5514 exiguum
1215 5453 1428 5512 tempus
1457 5458 1486 5496 a
1511 5458 1612 5497 suo
1652 5443 1704 5496 in
1741 5443 1940 5496 virtute
1968 5443 2167 5496 aeinulo
2193 5459 2280 5498 se-

714 5538 920 5604 parari,
963 5536 1200 5607 perrexit
1224 5535 1290 5589 ad
1315 5535 1634 5589 monasterii
1667 5535 1972 5602 prtesidem,
1993 5546 2044 5588 et
2061 5549 2276 5588 omnem

715 5630 884 5682 movit
909 5629 1160 5698 lapidem,
1190 5627 1495 5682 innumeris
1519 5627 1770 5695 precibus
1802 5626 2082 5688 adhibitis,
2107 5636 2162 5682 ut
2184 5625 2277 5679 Jo-

2384 4903 2448 4970 τῇ
2483 4900 2617 4968 πρδς
2643 4899 2732 4950 τὸν
2757 4897 2897 4949 θεῖον
2929 4895 3126 4964 Ἰωσὴφ
3171 4893 3635 4962 ἀνακοπτόμενος,
3667 4891 3741 4951 ὡς
3772 4890 3836 4941 άν
3874 4906 3962 4949 τις

2385 4992 2548 5051 εἴποι,
2593 4992 2816 5059 στοργῇ.
2866 4989 2955 5040 Διὸ
2984 4988 3073 5040 διά
3111 5003 3265 5048 τινας
3315 4986 3562 5053 ἀνάγκας
3613 4981 3962 5049 ἐπιδημῆσαι

2385 5086 2553 5139 θέλων
2580 5085 2713 5155 πρὸς
2751 5084 2848 5154 τὴν
2882 5082 3126 5151 μεγάλην
3153 5080 3261 5132 τῶν
3307 5079 3536 5139 πόλεως.
3574 5076 3634 5128 οὐ
3678 5075 3865 5142 φέρων
3910 5074 3960 5126 δ’

2383 5175 2492 5229 οὐδ’
2521 5174 2768 5241 ἐπολίγον
2790 5174 2888 5242 τὴν
2913 5171 3006 5224 τοῦ
3033 5171 3299 5241 ὁμοζήλου
3323 5167 3613 5237 διακοπὴν,
3637 5163 3960 5234 προσελθὼν

2384 5265 2461 5336 τῷ
2489 5265 2789 5335 προεστῶτι
2811 5269 2906 5334 τῆς
2941 5263 3131 5334 μονῆς,
3161 5261 3257 5314 καὶ
3287 5261 3466 5314 πάντα
3495 5257 3675 5311 κάλων
3701 5255 3959 5321 κινήσας,

2385 5359 2577 5426 λόγους
2631 5376 2690 5411 τε
2739 5358 2969 5428 μυρίους
3041 5354 3488 5428 παρακλητικοὺς
3563 5348 3958 5416 ποιησάμενος.

2382 5449 2646 5518 λαμϐάνει
2681 5448 2770 5500 τὸν
2833 5446 3030 5516 Ἰωσὴφ
3063 5446 3479 5512 συναπόδημον·
3535 5438 3704 5509 ἔμαθε
3751 5437 3862 5504 γάρ
3909 5430 3956 5502 ᾧ

2380 5541 2515 5602 τέως
2551 5540 2797 5593 ὑπείκειν
2825 5538 2901 5608 τῷ
2929 5537 3233 5610 Γρηγορίῳ,
3264 5537 3354 5590 διὰ
3379 5535 3439 5588 τὸ
3481 5529 3820 5602 ὑπερϐάλλον
3854 5529 3961 5593 τῆς

2380 5631 2601 5699 ἀρετῆς.

715 5723 850 5790 seph
891 5721 1097 5776 socium
1133 5721 1339 5774 itineris
1363 5720 1446 5773 sui
1486 5727 1668 5788 posset
1718 5717 1984 5781 obtinere,
2027 5718 2353 5787 tandemque
2405 5723 2660 5776 obtinuit.
2733 5721 2851 5776 iam
2916 5725 3061 5778 enim
3123 5721 3384 5776 didicerat
3433 5720 3697 5791 Gregorio
3757 5713 3956 5770 cedere

713 5828 872 5886 atque
898 5816 1122 5887 obsequi
1157 5824 1371 5886 propter
1402 5815 1615 5870 virtutis
1645 5815 2017 5870 eminentiam.
