4164 6456
189 436 294 501 953

1731 429 1924 491 VITA.

3322 435 3426 498 954

260 550 341 600 ιε’.
378 545 486 599 Καὶ
511 544 576 615 δὴ
600 547 665 616 τῇ
703 545 933 616 βασιλίδι
959 543 1366 614 παραϐαλόντες
1389 543 1497 596 τῶν
1527 542 1757 604 πόλεων,

1938 537 2019 592 l5.
2059 539 2195 593 Cum
2232 540 2396 610 igitur
2440 539 2966 615 Constantinopolim
3029 543 3428 611 pervenissent,

189 637 246 689 ὲν
282 637 363 708 τῷ
393 638 505 690 τῶν
544 639 870 692 καλλινίκων
900 636 1200 708 μαρτύρων
1231 635 1456 705 Σεργίου
1500 634 1596 687 καὶ
1621 632 1767 684 Βάκ-

189 746 281 796 χου
314 729 430 799 ναῷ
458 730 556 800 τὴν
587 732 881 800 παροικίαν
913 729 1047 800 πρὸς
1073 728 1249 800 βραχὺ
1285 729 1637 797 ἐποιήσαντο.
1659 725 1769 778 Καὶ

187 809 254 883 ἦν
317 814 446 867 ίδεῖν
502 817 592 869 τὸν
642 817 785 888 ἱερὸν
854 818 1052 887 Ἰωσὴφ
1124 816 1199 881 ὡς
1229 818 1352 887 ἇρτι
1406 816 1504 886 τῆς
1569 816 1768 886 ἀρετῆς

189 909 490 976 ἠργμένον,
524 911 703 963 πᾶσαν
760 910 858 979 μὲν
907 910 1156 980 ὑπακοὴν
1203 909 1475 981 τηροῦντα
1509 908 1585 976 τῷ
1623 909 1767 977 Γρηο

187 1003 381 1073 γορίῳ,
416 1006 523 1056 πᾶν
545 1005 602 1058 δὲ
633 1001 771 1069 εἶδος
795 1008 892 1076 τῆς
920 1007 1207 1076 ἀσκήσεως
1245 1004 1304 1070 ὲξ
1331 1003 1584 1075 ὑπαρχῆς
1629 1019 1765 1072 μετ-

189 1092 510 1164 ερχόμενον.
545 1095 613 1148 Ἀ
641 1096 742 1166 μὲν
772 1099 882 1167 γὰρ
911 1095 1288 1166 κατωρθὼκει,
1313 1094 1389 1160 ὡς
1414 1094 1567 1148 οὐδὲν
1594 1092 1770 1160 ἐλογί-

190 1182 336 1246 ζετο,
361 1186 498 1255 πρὸς
525 1187 581 1240 δὲ
627 1188 696 1240 τὰ
742 1187 1054 1258 ἔμπροσθεν
1082 1188 1467 1251 ·ὲπεκτείνετο,
1520 1185 1615 1238 καὶ
1649 1184 1766 1254 ἅμα

189 1274 523 1328 ὲπιϐεϐαιῶν
555 1278 647 1330 καὶ
671 1277 740 1330 τά
777 1278 1012 1348 πρώτως
1067 1277 1487 1348 κατορθωθέντα
1527 1279 1594 1346 τῇ
1629 1277 1766 1346 πρὸς

189 1369 400 1419 ἐκεῖνον
443 1370 817 1442 ἀκριϐεστάτη
853 1369 1250 1440 διαμορφὼσει,
1286 1367 1379 1422 τὸν
1415 1368 1588 1439 μέγαν
1623 1369 1767 1437 λέγω

191 1455 517 1527 Γρηγόριον,
545 1459 621 1523 ὼς
650 1459 776 1530 ἄρτι
804 1463 903 1529 τῆς
929 1459 1101 1529 καλῆς
1126 1458 1440 1530 ἀκορέστως
1477 1459 1764 1526 ἀσκήσεως

191 1545 598 1614 ἀπαρχόμενος,
629 1543 825 1616 νεαλὴς
857 1545 1055 1616 ἐχώρει
1078 1547 1210 1616 πρὸς
1241 1546 1368 1608 τοὺς
1403 1544 1644 1610 ἀγῶνας,
1670 1543 1764 1596 καὶ

191 1633 282 1686 τὸν
315 1636 424 1688 τῶν
455 1639 757 1707 ἀσωμάτων
782 1639 1117 1709 ἀπεμιμεῖτο
1145 1637 1258 1707 βίον
1288 1638 1345 1688 ὲν
1368 1634 1604 1705 σώματι,
1645 1633 1765 1705 χαί-

195 1742 308 1795 ρειν
333 1728 432 1797 μὲν
462 1732 639 1782 πᾶσιν·
659 1728 829 1782 εἰπὼν
862 1729 1163 1799 αἰσθητοῖς,
1196 1725 1273 1797 τῷ
1298 1726 1516 1797 ἀοράτῳ
1539 1725 1594 1793 δὲ
1631 1725 1763 1778 κάλ-

192 1816 274 1870 λει
304 1820 711 1888 ὲνηδυνόμενος.
747 1822 856 1875 Καὶ
884 1821 1081 1891 δροφον
1111 1819 1211 1890 μὲν
1251 1815 1364 1889 εἶχε
1389 1819 1480 1871 τὸν
1511 1817 1761 1889 οὐρανὸν,

1872 629 1927 684 in
1966 631 2163 699 templo
2205 632 2719 701 gloriosissimorurn
2773 647 3072 706 martyrum
3139 635 3312 706 Sergii
3378 647 3432 690 et

1877 722 2071 776 Bacchi
2153 723 2299 778 brevi
2355 726 2617 794 temporis
2657 726 2832 794 spatio
2895 743 3102 782 moram
3164 727 3429 793 fecerunt,

1871 813 1947 867 lbi
1978 828 2109 868 vero
2139 813 2321 869 videre
2347 825 2465 870 erat
2495 832 2711 872 sacrum
2738 815 2963 884 Joseph,
3023 829 3279 889 tanquam
3330 834 3432 874 no-

1869 906 2054 959 vitium
2091 920 2156 960 ac
2213 905 2427 959 virtutis
2456 907 2705 970 tironem,
2749 908 3005 962 omnibus
3055 910 3111 963 in
3151 911 3312 965 rebus
3339 926 3434 964 ex-

1869 1010 2042 1052 actam
2065 998 2325 1069 Gregorio
2339 998 2702 1053 obedientiam
2737 1010 3014 1070 prarstare,
3031 1010 3192 1070 atque
3211 1018 3428 1056 omnem

1866 1090 2133 1160 religiosae
2161 1089 2571 1146 exercitationis
2601 1094 2833 1159 speciem
2871 1108 2902 1146 a
2961 1092 3235 1163 principio
3275 1109 3432 1162 repe-

1867 1191 2008 1246 tere;
2041 1196 2159 1249 qute
2180 1183 2325 1236 enim
2366 1191 2523 1236 antea
2557 1193 2705 1236 recte
2734 1196 2996 1252 gesserat,
3054 1196 3316 1254 tanquam
3350 1184 3433 1237 ni-

1869 1273 1943 1326 hil
1991 1281 2270 1341 reputans,
2321 1273 2389 1326 ad
2423 1273 2682 1328 ulteriora
2715 1288 2835 1327 sese
2882 1275 3226 1338 extendebat,
3257 1284 3310 1328 et
3345 1289 3434 1336 ea,

1867 1378 1988 1432 qua:
2011 1365 2159 1433 prius
2182 1365 2440 1431 praeclare
2460 1375 2667 1436 egerat,
2690 1367 2851 1420 simul
2867 1367 3315 1429 confirmabat,et
3341 1383 3435 1437 per

1865 1456 2262 1510 exactissimam
2280 1457 2757 1510 conformationem
2776 1458 2841 1512 ad
2862 1458 3013 1512 illum
3033 1457 3122 1529 (ad
3148 1474 3402 1524 magnum
3416 1499 3430 1521 ,

1868 1546 2113 1616 inquam,
2159 1546 2528 1617 Gregorium)
2566 1547 2804 1601 honesta:
2823 1548 3250 1612 exercitationis,
3314 1559 3435 1601 tan-

1864 1654 2025 1707 quam
2054 1649 2296 1693 recenter
2322 1647 2612 1708 susceptae,
2657 1639 2947 1693 insatiabili
2978 1638 3120 1694 fame
3144 1639 3422 1694 cruciatus

1864 1731 1931 1784 ab
1948 1731 2561 1800 exordioincipiehat,et
2587 1747 2762 1787 novus
2785 1740 2946 1802 atque
2963 1731 3165 1802 integer
3192 1733 3344 1786 miles
3370 1732 3435 1785 ad

1864 1821 2157 1874 certamina
2177 1822 2494 1890 procedens,
2510 1823 2953 1891 incorporearum
2975 1823 3137 1876 vitam
3160 1824 3338 1876 adhuc
3383 1824 3436 1876 in

191 1907 314 1959 ἀντὶ
379 1909 438 1962 δὲ
477 1911 657 1980 πάσης
704 1911 958 1978 γλυκείας
1017 1911 1305 1983 στρωμνῆς
1365 1909 1426 1963 τδ
1469 1908 1762 1978 σύντροφον

1869 1926 2100 1981 corpore
2134 1913 2343 1981 positus
2372 1913 2703 1967 imitabatur.
2740 1915 3005 1970 Omnibus
3050 1913 3268 1984 quidem
3309 1929 3436 1968 sen-

192 1998 391 2068 ἐκείνῳ
429 2000 524 2053 καὶ
553 2001 706 2070 φίλον
753 2003 967 2072 ἔδαφος,
1009 2002 1063 2056 εί
1092 2020 1222 2056 ποτε
1272 2003 1380 2070 ἄρα
1412 1998 1764 2054 διαναπαύειν

190 2087 386 2160 ἔμελλε
406 2091 468 2145 τὸ
499 2093 798 2165 συνεργοῦν
832 2095 1024 2164 ἐκείνῳ
1055 2095 1192 2164 πρὸς
1214 2094 1416 2163 ἀρετήν
1434 2108 1448 2123 ο
1492 2091 1634 2145 οὕτω
1655 2091 1762 2161 γὰρ

189 2176 338 2247 ἑώρα
384 2179 594 2246 διάγειν
634 2183 727 2234 καὶ
779 2183 870 2236 τδν
910 2182 1052 2234 θεῖον
1075 2182 1398 2252 Γρηγὸριον,
1435 2182 1527 2234 καὶ
1552 2181 1762 2235 κάτοπ-

189 2285 320 2337 τρον
351 2266 463 2340 εἶχε
498 2272 589 2324 τὸν
623 2273 831 2324 ἐκείνου
865 2273 977 2341 βίον
1001 2290 1016 2304 ·
1046 2273 1139 2326 καὶ
1165 2272 1300 2342 πρὸς
1333 2272 1541 2326 ἐκεῖνον
1568 2272 1763 2324 ἑαυτὸν

189 2361 537 2428 ἀπευθύνων,
596 2365 942 2436 καθεκάστην
995 2366 1292 2428 ἀναϐάσεις
1340 2366 1400 2418 ἑν
1444 2367 1511 2435 τῇ
1564 2364 1765 2434 καρδίᾳ

189 2451 418 2507 ἐτίθετο.

1871 2002 2122 2058 siliilibus
2166 2004 2403 2072 gaudere
2461 2005 2768 2068 recusabat,
2821 2008 2937 2060 sola
2992 2021 3118 2060 vero
3177 2004 3437 2059 invisibili

1866 2095 2267 2165 pulchritudine
2296 2095 2686 2149 delectabalur.
2727 2094 2789 2149 Et
2818 2104 3016 2150 tectum
3049 2096 3266 2164 quidem
3287 2095 3436 2148 illius

1864 2195 1982 2240 erat
2020 2186 2239 2250 ecelum,
2271 2201 2367 2254 pro
2416 2187 2669 2240 universa
2729 2200 2859 2238 vero
2912 2185 3096 2239 lectuli
3146 2184 3439 2237 dulcedine

1865 2279 2241 2331 eonnutritum
2266 2277 2370 2332 sibi
2393 2294 2456 2331 ac
2482 2278 2739 2332 dilertum
2765 2277 3134 2347 pavimentum
3184 2276 3438 2340 habebat,

1866 2367 1912 2422 si
1951 2367 2167 2437 quando
2199 2371 2577 2439 cooperariuin
2627 2370 2749 2438 ejus
2774 2370 2838 2422 ad
2893 2370 3175 2430 virtutem,
3239 2383 3439 2436 corpus

1867 2460 2092 2524 scilicet,
2113 2463 2455 2531 requiescere
2472 2470 2710 2533 Optaret.
2754 2461 2828 2514 lta
2850 2463 2995 2515 enim
3014 2461 3175 2514 etiam
3194 2459 3436 2513 divinum

188 2547 512 2618 Gregorium
548 2551 711 2604 vitam
765 2566 924 2620 agere
994 2552 1231 2612 videbat.
1265 2561 1428 2621 atque
1451 2550 1597 2603 illius
1650 2549 1812 2604 vitam
1857 2561 2114 2623 tanquam
2174 2557 2454 2624 speculum
2514 2555 2584 2609 ob
2621 2555 2809 2608 oculos
2860 2553 3084 2615 habens,
3148 2552 3439 2621 eidemque

187 2643 428 2708 scipsum
475 2659 807 2714 componens
867 2655 920 2700 et
966 2645 1344 2710 conformans,
1391 2659 1485 2714 per
1536 2644 1780 2711 singulas
1820 2645 1936 2702 dies
1973 2650 2324 2705 ascensiones
2351 2650 2404 2702 in
2433 2648 2595 2702 corde
2619 2662 2720 2701 suo
2747 2646 3090 2715 disponebat.

259 2742 358 2799 ις’.
398 2737 473 2790 Οὐ
530 2738 663 2791 πολὺ
694 2738 755 2790 τδ
792 2740 848 2791 ἐν
909 2739 1082 2809 μέσῳ,
1132 2740 1224 2792 καὶ
1254 2734 1362 2808 (οἷα
1388 2739 1456 2792 τά
1495 2738 1590 2790 τοῦ
1624 2737 1760 2790 Θεοῦ

188 2825 488 2896 κρίματαί)
508 2829 658 2882 Λέων
683 2830 711 2882 ὁ
745 2829 1035 2901 θηριώδης,
1065 2833 1092 2884 ὁ
1115 2833 1179 2883 ἐκ
1203 2831 1301 2898 τῆς
1335 2829 1605 2900 Ἰσαυρίας
1631 2828 1760 2901 [imo

199 2919 542 2992 Ἀρμενίας],
575 2923 672 2991 τῆς
718 2923 994 2992 βασιλείας
1037 2923 1144 2976 τῶν
1183 2924 1476 2993 σκήπτρων
1509 2921 1762 2975 ἐπιλαϐόν

198 3029 387 3078 μενος,
420 3015 564 3081 κυκᾷ
584 3013 683 3082 μὲν
703 3012 832 3083 ὃλην
855 3013 953 3083 τὴν
991 3013 1341 3082 Ἐκκλησίαν.
1363 3014 1455 3063 καὶ
1478 3014 1600 3073 ταῖς
1623 3028 1758 3064 παν-

1942 2741 2029 2798 16.
2061 2739 2215 2796 Haud
2243 2742 2469 2795 multum
2502 2755 2632 2793 vero
2659 2738 2924 2808 temporis
2950 2735 3278 2798 intercessit,
3308 2749 3434 2789 cum

1868 2835 1924 2904 (0
1951 2835 2134 2904 qualia
2173 2833 2264 2889 Dei
2307 2834 2578 2903 judicia!)
2633 2831 2742 2885 Leo
2790 2830 2877 2885 ille
2907 2828 3338 2884 immanissimus
3372 2842 3438 2880 ex

1866 2927 2118 2980 Armenia
2149 2927 2166 2994 (
2198 2927 2220 2980 l
2248 2927 2264 2995 )
2296 2941 2572 2996 egressus,
2602 2934 2763 2993 atque
2798 2921 3010 2991 imperii
3042 2929 3255 2988 sceptra
3294 2919 3442 2972 inva-

1863 3018 1997 3074 dens
2029 3056 2045 3080 ,
2093 3021 2400 3074 universam
2457 3017 2754 3072 Ecclesiam
2831 3015 2994 3084 carpit
3035 3012 3334 3083 exagitare,
3386 3019 3440 3063 ct

187 3101 372 3168 αγίαις
416 3103 589 3155 εἰκόσι
642 3103 808 3157 πάλαι
852 3102 1298 3174 προσωχθηκὼς,
1355 3101 1588 3172 πόλεμον
1637 3102 1756 3153 κατ’

1866 3111 2230 3166 sanctissimis
2285 3111 2642 3180 imaginibus,
2713 3108 2911 3177 quibus
2983 3105 3112 3159 olim
3194 3103 3440 3156 infensus

185 3193 368 3246 αὐτῶν
399 3193 510 3247 τῶν
547 3193 766 3247 πώποτε
808 3196 1191 3265 γεγενημένων
1233 3195 1454 3264 ἐκίνησε
1495 3194 1587 3245 τὸν
1637 3210 1762 3261 σφο-

1867 3199 2065 3264 fucrat,
2100 3201 2278 3254 dirum
2312 3208 2474 3267 atque
2547 3198 2947 3252 atrocissimum
2980 3195 3178 3248 bellum
3216 3191 3435 3246 inferre.

184 3283 448 3354 δρότατον
475 3298 491 3315 ⁶
544 3285 612 3339 τὰ
639 3286 695 3339 δὲ
724 3286 833 3338 τῶν
857 3286 1214 3357 φιλοχρίστων
1249 3286 1435 3356 στίφη,
1476 3286 1550 3356 μὴ
1580 3303 1764 3340 πεπει-

191 3377 370 3445 σμένα
403 3377 480 3447 τῷ
509 3378 718 3431 ἐκείνου
750 3377 1038 3449 θελήματι,
1058 3378 1214 3440 ἄλλος
1244 3377 1501 3447 ἀλλαχόθι
1519 3377 1761 3447 διεσκορ-

187 3469 434 3528 πὶζοντο.
463 3469 554 3520 Διὸ
581 3470 674 3521 καὶ
705 3471 751 3521 oi
779 3469 877 3535 μὲν
907 3471 998 3522 τὸν
1025 3470 1299 3539 Βόσπορον
1324 3469 1758 3538 κατελάμϐανον,

185 3559 235 3611 oi
267 3559 326 3612 δὲ
351 3560 514 3623 εὐθὺς
535 3560 634 3628 τῆς
656 3562 902 3623 Σικελίας
923 3563 1216 3626 ἀπέπλεον,
1240 3561 1388 3616 ἄλλοι
1409 3562 1463 3614 δὲ
1478 3562 1577 3624 τὰς
1598 3578 1762 3631 κορυ-

187 3652 296 3720 φὰς
315 3652 426 3705 τῶν
448 3653 621 3723 ὁρέων
671 3654 1209 3724 καταλαμϐάνοντες,
1228 3653 1322 3706 τοῦ
1357 3653 1531 3706 δεινοῦ
1576 3652 1758 3724 μονιοῦ

187 3745 286 3808 τὰς
324 3744 550 3808 συώδεις
580 3748 758 3817 ὁρμὰς
802 3745 1218 3818 ἀπεδίδρασκον.
1267 3745 1408 3798 Ἀλλ’
1437 3746 1538 3815 οὐχ
1582 3746 1610 3798 ὁ
1640 3762 1762 3813 γεν-

189 3839 336 3900 ναίος
359 3838 684 3908 ἀγωνιστὴς,
713 3838 806 3890 καὶ
835 3837 944 3889 τῶν
987 3836 1150 3906 ἱερῶν
1175 3836 1564 3906 μορφωμάτων
1593 3851 1761 3907 προσ-

189 3930 429 3998 κυνητὴς
460 3928 634 3992 οὓτως
660 3929 832 3983 ἐποίει
858 3928 1183 3998 Γρηγόριος·
1219 3929 1354 3982 ἀλλά
1384 3928 1476 3980 τὸν
1507 3928 1648 3981 θεῖον
1672 3930 1762 3980 ὲν·-

185 4021 477 4091 δεδυμένος
529 4022 626 4091 τῆς
673 4022 910 4085 πίστεως
955 4021 1204 4092 θώρακα,
1255 4020 1608 4090 περιέρχεται
1662 4019 1762 4089 μὲν

187 4113 533 4181 πανταχόθεν
557 4115 656 4184 τῆς
693 4113 921 4179 πόλεως,
953 4114 1248 4184 κηρύσσων
1294 4114 1352 4166 ἐν
1378 4114 1623 4180 ἀγυιαῖς,
1665 4112 1762 4166 καὶ

187 4204 459 4259 διδάσκων
486 4208 543 4256 ἐν
577 4208 890 4271 στενωποῖς,
931 4205 1025 4258 καὶ
1050 4204 1363 4276 παρρησίαν
1384 4205 1442 4257 ἐν
1478 4206 1600 4266 ταῖς
1630 4203 1764 4257 πλα-

183 4298 364 4361 τείαις
408 4299 870 4368 ἐπιδεικνύμενος,
909 4298 982 4370 μὴ
1021 4297 1098 4368 τῷ
1134 4297 1425 4366 λαοπλάνῳ
1480 4296 1762 4350 πείθεσθαι

190 4389 422 4458 βασιλεῖ,
456 4391 590 4461 μηδὲ
614 4395 724 4454 τοῖς
757 4392 967 4444 ἐκείνου
1009 4392 1294 4460 ληρήμασι
1330 4391 1426 4460 τὴν
1461 4389 1632 4461 ἀκοὴν
1672 4392 1760 4442 ὲν-

1864 3292 2066 3346 Christi
2101 3303 2280 3346 autem
2313 3293 2614 3346 amantium
2651 3291 2851 3345 civium
2881 3288 3120 3348 ordines,
3172 3286 3317 3339 illius
3344 3299 3442 3359 vo:

1865 3385 2056 3438 luntati
2089 3401 2274 3454 parcre
2303 3393 2640 3445 recusantes,
2696 3398 2789 3452 per
2828 3381 3012 3434 varias
3046 3379 3313 3447 regiones.
3349 3377 3438 3429 alii

1864 3478 1970 3531 alio
1991 3477 2277 3547 fugientes.
2309 3478 2539 3545 dispersi
2581 3485 2729 3530 sunt.
2759 3475 2862 3528 Alii
2894 3472 3111 3543 quidem
3150 3471 3202 3524 in
3241 3469 3439 3538 Bospo-

1865 3585 1984 3624 rum
2009 3567 2384 3638 profugerunt,
2408 3567 2495 3620 alii
2525 3581 2651 3619 vero
2679 3563 2893 3618 rectain
2929 3563 3171 3616 Siciliam
3202 3559 3277 3630 (‘2
3303 3562 3438 3628 )na-

1865 3662 2179 3731 vigaverunt
2211 3677 2225 3712 :
2257 3658 2343 3712 alii
2377 3660 2593 3712 demum
2618 3654 2976 3727 ad.montium
3003 3651 3287 3707 cacumina
3318 3665 3440 3704 sese

1865 3760 2201 3823 receperunt,
2224 3761 2281 3805 ut
2298 3750 2588 3820 singularis
2613 3748 2708 3802 feri
2733 3748 2878 3801 illius
2900 3742 3285 3799 immanissimi
3316 3757 3440 3810 por.

1864 3845 2018 3900 cinos
2053 3843 2321 3913 appetitus
2350 3844 2663 3896 evaderent.
2696 3840 2764 3892 At
2822 3852 2930 3891 non
2964 3836 3036 3889 ita
3068 3850 3125 3890 se
3155 3833 3322 3904 gessit
3357 3847 3444 3901 ge-

1869 3951 2102 3991 nerosus
2137 3935 2404 4004 agonista,
2435 3943 2489 3987 et
2513 3947 2792 3986 sacrarum
2847 3928 3142 3997 imaginum
3185 3925 3443 3979 adorator

1865 4027 2181 4098 Gregorius,
2203 4026 2296 4080 sed
2328 4025 2571 4079 divinum
2588 4023 2706 4076 fidei
2738 4023 3013 4074 thoracem
3045 4019 3297 4080 induens,
3323 4016 3434 4068 cir-

1865 4120 2048 4175 cuibat
2080 4132 2487 4186 quaquaversus
2514 4115 2811 4177 civitatem,
2843 4110 3147 4179 prtedicans
3191 4109 3242 4161 in
3279 4107 3436 4166 vicis,

1865 4209 2063 4264 docens
2102 4209 2154 4261 in
2183 4206 2502 4276 angiportis,
2534 4214 2586 4258 et
2615 4205 2668 4256 in
2707 4202 2896 4270 plateis
2940 4201 3243 4254 libertatem
3303 4196 3442 4249 fidu-

1865 4303 2113 4370 ciamque
2144 4301 2460 4369 praeferens,
2501 4313 2569 4351 ne
2597 4296 2820 4349 minima
2857 4293 3072 4364 quidem
3108 4292 3159 4344 iu
3193 4306 3251 4343 re
3283 4288 3442 4342 sedn-

1869 4394 2004 4450 ctori
2035 4393 2202 4462 plebis
2228 4393 2337 4460 regi
2359 4390 2762 4458 obtemperans,
2801 4396 2893 4440 aut
2912 4385 3055 4438 illius
3080 4383 3239 4451 nugis
3258 4396 3320 4434 ac
3345 4380 3442 4434 de-

188 4483 392 4535 διδόναι
425 4483 526 4534 κᾶν
551 4482 686 4554 πρὸς
717 4482 932 4553 μικρόν.
967 4483 1075 4535 Καὶ
1101 4477 1241 4552 ἦσαν
1270 4483 1318 4534 oi
1358 4481 1572 4534 ἐκείνου
1609 4480 1760 4548 λόγοι

1869 4487 2165 4543 liramentis
2193 4486 2437 4554 prtebens
2457 4481 2720 4534 auditum.
2743 4478 2905 4531 Erant
2929 4484 3107 4530 autem
3143 4473 3287 4527 illius
3311 4471 3444 4524 allo—

189 4580 324 4647 πρὸς
355 4578 454 4639 τὰς
487 4577 595 4630 τῶν
620 4578 859 4631 εὐσεϐῶν
905 4578 1131 4648 καρδίας
1181 4576 1532 4641 ὲνστάζοντες
1570 4576 1759 4642 δρόσος

1859 4581 2104 4636 cutiones
2145 4577 2198 4630 in
2235 4577 2399 4630 corda
2435 4573 2649 4643 piorum
2684 4571 2973 4630 stillantes,
2998 4582 3089 4621 ros
3111 4565 3440 4627 matutinus,

188 4668 387 4737 ἑωθινὴ
425 4669 516 4722 καὶ
551 4669 686 4739 ίαμα
712 4669 1078 4739 πνευματικὸν
1121 4669 1216 4722 καὶ
1253 4668 1524 4738 σωτήριον
1549 4684 1563 4698 ·
1596 4660 1639 4734 ᾧ
1665 4667 1762 4720 καὶ

1866 4686 1924 4724 ac
1955 4667 2401 4721 medicamentum
2427 4661 2708 4732 spirituale
2764 4675 2825 4713 ac
2850 4656 3214 4712 salutiferam.
3271 4652 3442 4723 Igitur

185 4762 246 4814 τὸ
273 4762 484 4830 πλῆθος
512 4761 623 4815 τῶν
645 4762 703 4814 ὲν
731 4764 796 4832 τῇ
831 4761 1045 4831 μεγάλῃ
1081 4760 1191 4813 τῶν
1240 4759 1449 4813 πόλεων
1498 4759 1757 4830 ἀσκητῶν

1866 4754 2148 4810 multitudo
2176 4763 2504 4815 ascetarum,
2536 4751 2626 4815 qui
2675 4746 3286 4815 Constantinopolitana
3313 4743 3442 4796 urbe

190 4853 561 4917 συνελθόντες,
592 4852 734 4908 κατὰ
759 4852 958 4906 ταυτὸν
981 4852 1324 4923 προσάγουσι
1357 4849 1545 4920 κοινὴν
1575 4851 1761 4920 ἱκετη-

190 4945 313 5012 ρίαν
337 4944 414 5013 τῴ
439 4944 746 5016 Γρηγορίῳ,
774 4944 867 4999 τὸν
896 4946 1141 5014 γενναῖον
1168 4946 1227 4998 ὲν
1258 4945 1462 5011 λόγοις,
1505 4945 1600 4997 καὶ
1629 4960 1764 4996 στα-

190 5037 359 5104 θηρὸν
407 5037 468 5088 ὲν
526 5035 732 5100 πόνοις,
799 5036 936 5107 πρὸς
970 5036 1071 5106 τὴν
1115 5034 1494 5106 πρεσϐυτέραν
1539 5034 1762 5104 Ῥώμην

188 5127 607 5193 ἰξαποστεῖλαι,
667 5128 1098 5200 διασημανοῦντα
1143 5128 1221 5197 τῷ
1272 5128 1452 5198 πάπᾳ]
1489 5127 1584 5180 καὶ
1638 5128 1754 5190 τοῖς

187 5220 369 5273 ἐκεῖσε
404 5219 474 5272 τὰ
528 5216 624 5272 νῦν
671 5219 964 5290 συνέχοντα
995 5219 1094 5290 τὴν
1144 5218 1297 5273 πόλιν
1339 5217 1511 5285 δεινὰ,
1549 5217 1637 5270 ἵνα
1670 5234 1756 5281 τις

258 5421 336 5492 (ι)
374 5419 476 5475 Hic
508 5419 579 5475 ab
610 5417 799 5492 audaci
837 5432 1004 5492 manu
1050 5417 1316 5486 scriptum
1345 5414 1761 5492 erat,__&1tb_1ﬁc

198 5486 478 5561 ἰσαυρίας
505 5531 520 5553 ,
557 5505 678 5544 cum
713 5487 821 5543 Leo
843 5487 1113 5561 Armentis
1152 5497 1302 5561 esset
1355 5486 1759 5561 intelligendus.

193 5563 266 5617 De
289 5558 686 5631 persecutionis
712 5567 893 5631 autem
915 5558 1074 5631 a_b_eo
1089 5573 1186 5631 an.
1211 5559 1315 5631 4M
1342 5559 1546 5631 moveri
1571 5565 1767 5631 coepta:

192 5625 514 5694 acerbitate,
569 5629 688 5684 vide
744 5629 874 5684 Acta
933 5627 1033 5698 SS.
1089 5625 1440 5698 Theophanis
1494 5636 1548 5682 et
1603 5625 1763 5680 Nice-

193 5704 374 5771 phori,
427 5701 492 5753 12
523 5710 574 5755 et
610 5697 1352 5771 15_Martii.___Menologium
1386 5698 1594 5771 _Basilii
1632 5698 1763 5771 imp.

195 5767 308 5828 inec
356 5772 544 5826 omnia
575 5770 641 5825 ad
693 5768 979 5841 Theophili
1024 5776 1266 5839 tempora
1318 5768 1530 5825 refert:
1589 5767 1767 5823 minus

193 5852 358 5898 recte.

1863 4849 2238 4910 morabantur,
2301 4842 2553 4898 convenit
2631 4840 2683 4893 in
2742 4847 3010 4900 unum,et
3088 4848 3440 4888 communem

1871 4939 2314 5009 supplicationem
2385 4935 2580 4990 detulit
2665 4931 2946 4997 Gregorio,
3012 4935 3260 4984 statuens
3315 4939 3439 4978 eum

1873 5032 2082 5086 mittere
2134 5029 2369 5097 legatum
2402 5025 2614 5094 (utpote
2642 5021 2914 5077 efﬁcacem
2969 5023 3022 5072 in
3066 5017 3434 5076 sermonibus.

1869 5133 1923 5178 et
1945 5128 2284 5177 constantem
2321 5118 2375 5171 in
2413 5117 2692 5172 laboribus
2723 5115 2740 5181 )
2776 5113 3004 5165 Romam
3053 5119 3313 5172 veterem,
3378 5116 3437 5159 ut

1869 5214 2200 5286 significaret
2232 5225 2382 5280 papa:
2413 5209 2432 5280 (
2473 5210 2505 5264 ὅ
2538 5209 2554 5268 )
2613 5206 2846 5274 aliisque
2907 5202 3169 5258 Romanis
3194 5214 3258 5255 ea
3291 5200 3433 5252 mala

1939 5411 2015 5480 (Ξ)
2049 5410 2342 5478 Cajetanus
2371 5410 2478 5463 huc
2505 5409 2690 5467 trahit.
2731 5405 2874 5476 quod
2907 5404 3231 5480 Gregorium
3270 5401 3440 5457 Deca-

1873 5477 2093 5554 poiitam
2130 5477 2342 5554 Menma
2385 5481 2593 5554 dicant
2629 5477 3196 5554 §yracusas_venisse
3255 5492 3267 5526 :
3329 5489 3433 5525 non

1875 5546 2038 5614 recte,
2068 5552 2194 5621 quia
2232 5551 2497 5620 pati-thoc
2522 5550 2595 5603 ibi
2626 5546 2826 5603 factum
2867 5546 2970 5600 dici
3026 5555 3316 5621 antequam
3344 5559 3432 5621 ac-

1872 5615 2586 5684 cederet'Thessalouicam,
2615 5621 2858 5688 adeoque
2883 5625 3006 5688 ante
3033 5615 3431 5688 persecutionis

1873 5703 2103 5761 tempus.
2138 5692 2275 5758 Quid
2305 5691 2446 5759 quod
2482 5691 2568 5744 hic
2601 5684 2856 5759 expresse
2901 5685 3112 5740 dicatur
3140 5684 3432 5753 Gregorius

1872 5779 1978 5819 non
2014 5762 2254 5819 fugisse?

1939 5834 2016 5902 ('5)
2051 5805 2189 5887 uici}.
2212 5840 2428 5903 propter
2443 5846 2680 5887 errorem
2704 5830 2770 5886 de
2790 5827 2970 5884 Leone
2991 5825 3248 5894 Isaurico,
3272 5839 3432 5894 quem
