4164 6456
680 356 789 422 955

1804 357 1865 416 S.
1905 355 2221 417 JOSEPHI
2262 359 2825 426 HYMNOGRAPIII

3839 368 3947 429 956

678 485 802 541 quae
856 463 1515 533 Constantinopolitanam
1568 464 1845 519 civitatem
1929 463 2305 534 allligebanl,‘

2414 470 2657 539 rttxoupfa
2692 472 2918 541 γένηται
2971 475 3035 544 τῇ
3068 472 3162 526 τοῦ
3224 472 3359 526 Θεοῦ
3402 474 3717 547 Ἐκκλησία.
3785 476 3955 548 Ὁρᾷς

681 576 793 631 quo
816 559 1036 627 aliquod
1060 558 1318 611 auxilium
1348 556 1603 612 Boclesia:
1645 557 1735 611 Dei
1761 555 2063 611 aﬂ'erretur.
2098 556 2262 611 Vides

679 654 852 713 enim.
884 653 1124 715 aiebam,
1151 667 1182 703 ο
1214 650 1393 715 Pater,
1420 650 1695 720 quomodo
1724 664 1811 704 res
1833 659 2034 703 nostra:
2065 649 2117 701 in
2144 648 2263 702 Ilia-

681 747 803 801 dcm
838 746 1101 799 malorum
1134 745 1247 796 sint
1278 753 1643 806 corumutalm,
1679 751 1733 795 et
1767 757 2020 812 magnum
2043 739 2243 795 Christi

682 839 825 894 Ovile
854 836 1203 905 periclitetur,
1231 849 1295 888 eo
1318 835 1463 904 quod
1490 849 1595 887 non
1624 834 1693 888 sit
1720 833 1812 903 qui
1832 831 2258 889 deleudalillud.

760 930 844 981 l7.
875 928 1128 980 Admittit
1177 926 1591 979 advocationem
1652 941 1884 995 magnus
1944 924 2264 993 Gregorius,

683 1033 739 1078 et
767 1023 941 1094 magis
973 1038 1195 1093 rogans,
1228 1037 1392 1092 quam
1432 1030 1677 1091 rogatus,
1698 1036 2005 1075 sermonem
2031 1019 2268 1075 breviter

686 1114 939 1177 abso.'vit,
975 1114 1327 1183 divinumque
1353 1111 1647 1182 .losephum
1666 1128 1951 1167 accersens
1985 1130 1999 1165 :
2029 1130 2046 1163 ι
2085 1111 2266 1176 Nunc,

687 1206 887 1278 inquit,
904 1222 937 1257 o
955 1207 1048 1269 liii,
1072 1218 1282 1275 tempus
1300 1215 1379 1260 est
1398 1205 1721 1260 ostendendi
1734 1206 2099 1275 eloquentiam
2123 1215 2269 1259 tuam

691 1300 1009 1368 plurimam,
1041 1306 1095 1351 et
1129 1298 1520 1366 comprobandi
1582 1296 1913 1350 incrementa
1955 1297 2159 1351 amoris
2192 1296 2269 1350 tui

693 1392 746 1445 in
778 1390 944 1444 Deum
994 1405 1090 1459 pro
1130 1389 1363 1444 viribus.
1407 1409 1423 1441 ι
1460 1389 1572 1452 Ille,
1605 1388 1697 1455 qui
1733 1404 1949 1457 semper
1988 1388 2272 1459 subjectus

691 1499 816 1537 esse
837 1483 1142 1548 didicisset,
1161 1493 1319 1551 caput
1340 1482 1615 1536 humiliter
1639 1481 1886 1545 inclinat,
1913 1491 1967 1534 et
1987 1497 2055 1535 ne
2086 1497 2269 1535 rerum

692 1573 912 1643 quidem
979 1575 1409 1628 necessariarum
1459 1574 1743 1627 minimum
1797 1576 1926 1644 quid
1980 1575 2271 1642 accipiens,

696 1668 874 1719 navim
903 1664 1244 1726 conscendit,
1264 1675 1315 1718 et
1356 1661 1584 1718 Romam
1620 1681 1813 1721 versus
1842 1666 1955 1718 vela
1993 1663 2137 1717 facit.
2167 1662 2274 1717 Sed

700 1758 837 1811 forte
870 1773 974 1809 non
1006 1765 1123 1808 erat
1150 1756 1263 1810 haec
1298 1756 1385 1810 Dei
1424 1758 1696 1820 voluntas,
1729 1759 1822 1825 qui
1876 1771 2020 1825 saepe
2052 1770 2145 1825 per
2185 1771 2273 1810 res

2372 565 2501 631 γὰρ,
2548 562 2754 631 ἔλεγον,
2808 558 2852 617 ὧ
2910 567 3111 637 Πάτερ,
3170 567 3246 629 ὡς
3315 568 3473 631 Ἰλιάς
3499 570 3615 622 ἐστι
3664 570 3851 622 κακῶν
3896 572 3957 623 τὰ

2372 654 2634 725 ἡμέτερα,
2668 656 2762 709 καὶ
2797 658 3094 712 κινδυνεύει
3125 659 3185 712 τὸ
3212 659 3354 727 μέγα
3404 662 3653 732 ποίμνιον
3682 663 3780 716 τοῦ
3816 665 3954 734 Χρι-

2376 746 2525 814 στοῦ,
2563 749 2651 801 διὰ
2677 749 2737 801 τὸ
2768 749 2842 820 μὴ
2866 746 3007 803 εἶναι
3030 751 3122 803 τὸν
3152 751 3537 822 ἐκδικήσαντα.

2449 926 2533 991 ιζ’.
2566 929 2788 998 Δέχεται
2831 930 2930 1002 τὴν
2961 930 3309 1002 παράκλησιν
3341 934 3369 985 ὁ
3428 935 3605 1003 μέγας
3652 936 3961 1007 Γρηγόριος

2376 1020 2467 1073 καὶ
2498 1018 2574 1081 ὡς
2609 1021 2809 1089 μᾶλλον
2839 1022 3089 1092 αἰτήσας,
3113 1024 3212 1076 οὐκ
3242 1025 3512 1094 αἰτηθεὶς,
3542 1028 3840 1097 ἀπαρτίζει
3864 1032 3957 1081 τὸν

2376 1112 2531 1181 λόγον
2556 1116 2694 1181 ταχύ
2719 1128 2734 1142 ⁸
2763 1113 2858 1166 καὶ
2887 1113 2978 1167 τὸν
3002 1114 3143 1169 θεῖον
3178 1117 3695 1187 μετακαλεσάμενος
3736 1121 3962 1189 Ἰωσὴφ,

2377 1205 2513 1268 Νῦν,
2536 1203 2678 1267 εἷπε,
2707 1204 2917 1269 τέκνον,
2954 1208 3144 1277 καιρὸς
3172 1208 3266 1260 τοῦ
3302 1227 3361 1262 τε
3391 1210 3551 1277 λόγου
3585 1210 3646 1263 τὸ
3670 1213 3811 1264 πολῦ
3840 1215 3964 1264 ἐπι-

2378 1298 2674 1362 δείξασθαι,
2712 1300 2807 1352 καὶ
2844 1298 2935 1351 τὸν
2966 1298 3104 1369 πρὸς
3137 1299 3270 1352 Θεὸν
3306 1301 3487 1370 ἔρωτα
3520 1304 3967 1357 πολυπλασιάσαι

2379 1389 2456 1451 ὡς
2488 1389 2729 1457 ἐφικτόν.
2776 1390 2833 1442 ’0
2870 1390 2926 1443 δὲ
2963 1390 3151 1460 μαθὼν
3182 1392 3268 1444 ἀεὶ
3320 1392 3749 1459 ὑποτάσσεσθαι,
3789 1395 3964 1447 κλίνει

2384 1480 2479 1549 μὲν
2510 1481 2694 1549 ἠρέμα
2724 1480 2825 1549 τὴν
2860 1483 3126 1552 κεφαλὴν,
3177 1485 3275 1538 καὶ
3315 1484 3451 1555 μηδέ
3491 1484 3603 1537 τῶν
3639 1486 3967 1553 ἀναγκαίων

2383 1570 2549 1640 μηδὲν
2575 1590 2625 1627 τι
2657 1572 3012 1642 παραλαϐὼν,
3044 1573 3171 1644 νηός
3203 1592 3261 1628 τε
3285 1576 3541 1629 ἐπέϐαινε
3571 1578 3667 1631 καὶ
3701 1578 3842 1648 πρὸς
3868 1579 3969 1648 τὴν

2393 1663 2613 1735 Ῥώμην
2644 1665 2935 1720 ἀπέπλεεν.
2979 1667 3093 1719 Ούκ
3122 1662 3192 1737 ἦν
3227 1667 3285 1720 δέ
3336 1668 3447 1738 ἄρα
3500 1671 3595 1723 καὶ
3620 1671 3740 1741 Θεῷ
3772 1672 3969 1743 βουλη-

2383 1756 2493 1821 τὸν,
2551 1756 2631 1827 τῷ
2668 1757 2757 1810 διὰ
2803 1760 2913 1811 τῶν
2978 1759 3238 1813 ἐναντίων
3286 1760 3549 1825 πολλάκις
3596 1763 3976 1833 οἰκονομοῦντι

698 1851 956 1904 adversas
986 1850 1307 1903 admiranda
1341 1850 1600 1919 disponit.
1629 1850 1768 1915 Quid
1806 1866 1937 1919 ergo
1969 1851 2189 1912 acciJit,
2223 1861 2277 1905 et

2414 1848 2686 1919 ςαράδοξα.
2741 1849 2806 1906 Τί
2840 1846 2935 1903 οῦν
2986 1851 3219 1919 γίνεται,
3270 1853 3364 1907 καὶ
3413 1853 3466 1907 τί
3496 1853 3773 1921 τελεῖται;
3831 1855 3981 1925 Νῆις

700 1942 832 2013 quid
858 1942 1059 1997 factum
1082 1944 1209 1996 est?
1240 1941 1541 1997 Barbaries:
1565 1943 1814 1998 triremes
1844 1943 2142 2013 piratarum
2194 1959 2288 1999 su-

702 2034 1081 2104 pervenientes
1112 2033 1296 2087 omnia
1328 2034 1544 2103 navigia
1600 2036 1942 2100 invaserunt,
1997 2044 2162 2105 atque
2214 2035 2282 2089 ad

703 2141 827 2182 sese
857 2134 1199 2180 attraxerunt
1229 2125 1359 2179 illud
1388 2126 1551 2179 etiam
1589 2127 1641 2179 in
1692 2142 1801 2195 quo
1831 2142 2065 2197 magnus
2085 2124 2289 2196 .loseph

715 2216 1019 2272 ferebatur.
1071 2217 1379 2279 Adducitur
1429 2218 1613 2286 itaque
1666 2217 1917 2288 captivus
1941 2218 1996 2272 in
2044 2219 2287 2285 Cretam,

707 2328 819 2381 quo
866 2328 987 2366 cum
1013 2313 1367 2381 pervenisset,
1402 2311 1454 2364 in
1489 2326 1763 2366 carcerem
1813 2312 2296 2382 conjectus,atque

709 2402 1051 2474 gravissimis
1109 2402 1321 2456 catenis
1370 2402 1625 2472 alligatus
1665 2409 1769 2456 est.
1820 2401 2055 2455 Tantum
2115 2409 2295 2455 autem

713 2494 944 2548 vinculis
961 2494 1077 2549 suis
1106 2493 1413 2547 exsultabat
1434 2508 1499 2547 ac
1528 2494 1813 2560 gestiebat,
1844 2502 1902 2547 ut
1922 2493 2137 2549 caeteris
2159 2508 2298 2562 quo-

711 2584 1071 2655 quecaptivis
1126 2584 1343 2639 aﬂ‘erret
1398 2583 1653 2637 solatium
1725 2583 2100 2638 dulcissimum
2158 2581 2303 2637 l'erro

714 2676 859 2731 mala
891 2675 1247 2739 incurrentia,
1283 2684 1334 2729 et
1363 2674 1646 2729 doloribus
1669 2673 1937 2729 amictari.

790 2769 876 2823 18.
916 2767 1101 2823 Dulcia
1123 2767 1321 2838 quippe
1344 2774 1471 2821 sunt
1496 2766 1713 2821 vincula
1756 2782 1879 2835 quae
1903 2774 2123 2835 propter
2145 2763 2305 2818 Chri-

718 2868 863 2914 stum
892 2857 1217 2919 tolerantur,
1268 2858 1521 2927 quamvis
1553 2856 1618 2909 ad
1643 2864 1861 2925 tempus
1909 2854 2190 2909 tristitiam
2222 2850 2307 2905 af-

720 2952 901 3005 ferant
944 2966 1008 3005 ac
1045 2951 1400 3005 discrucient.
1436 2948 1654 3005 Gratias
1690 2949 1854 3018 igitur
1900 2961 2130 3017 agamus
2154 2984 2168 3009 ,
2200 2945 2311 2999 aie-

722 3045 837 3106 bat,
867 3044 1047 3113 magni
1070 3042 1223 3098 Pauli
1256 3043 1563 3112 exemplum
1595 3057 1707 3111 pra:
1751 3040 1927 3094 oculis
1973 3037 2309 3099 hahentes',

722 3134 816 3203 qui
855 3117 1110 3203 tanquam
1140 3134 1432 3187 monilibus
1466 3131 1641 3187 ferrea
1676 3138 1870 3185 catena
1918 3130 2062 3183 circa
2114 3128 2309 3183 collum

2394 1944 2686 1997 ἐπιστᾶσαι
2718 1942 3052 2017 βαρϐαρικαὶ
3099 1944 3311 2017 ἀνδρῶν
3359 1946 3675 2018 πειρατῶν,
3734 1950 3875 2002 ἄλλα
3924 1967 3979 2001 τε

2395 2035 2553 2089 πλοῖα
2588 2036 3045 2102 συνεπισπῶνται,
3087 2038 3181 2091 καὶ
3226 2037 3290 2110 δὴ
3327 2041 3572 2108 κάκεῖνο,
3602 2040 3630 2094 ὅ
3680 2041 3773 2094 τὸν
3804 2043 3983 2112 μέγαν

2397 2126 2592 2197 ἔφερεν
2630 2128 2852 2199 Ἰωσήφ.
2892 2130 3098 2196 Ἤγετο
3121 2128 3214 2183 οῦν
3235 2130 3581 2200 αἰχμάλωτος
3602 2135 3683 2195 εἰς
3700 2133 3801 2203 τὴν
3828 2135 3984 2203 Κρή-

2397 2235 2532 2288 την·
2558 2220 2686 2274 ένϐα
2717 2222 3009 2290 γενόμενος
3054 2220 3321 2275 ἐντίθεται
3354 2221 3455 2289 μὲν
3504 2225 3571 2292 τῇ
3618 2226 3815 2295 εἱρκτῇ
3850 2225 3988 2278 ἀλύ-

2403 2327 2519 2363 σεσι
2554 2309 2801 2381 βαρείαις
2832 2311 3222 2381 δεσμούμενος·
3253 2312 3510 2366 τοσοῦτον
3539 2314 3595 2366 δὲ
3633 2317 3747 2377 τοῖς
3767 2315 3990 2385 δεσμοῖς

2403 2404 2750 2473 ἐνηγάλλετο,
2783 2406 2907 2458 ὅσον
2932 2404 3155 2467 καὶτοῖς
3185 2404 3367 2469 ἄλλοις
3392 2404 3700 2474 δεσμώταις
3744 2409 3992 2461 ἐποιεῖτο

2407 2495 2753 2566 παράκλησιν
2796 2497 2967 2567 ἡδέως
3004 2496 3193 2567 φέρειν
3221 2498 3290 2552 τὰ
3329 2498 3579 2562 ἐπιόντα,
3610 2499 3704 2553 καὶ
3734 2501 3811 2570 μὴ
3858 2501 3991 2553 δυσ·

2408 2587 2682 2658 χεραίνειν
2708 2590 2819 2652 τοῖς
2847 2587 3141 2657 ἀλγεινοῖς.

2484 2764 2574 2830 ιη’.
2616 2758 2777 2812 Ἣδέα
2804 2759 2913 2828 γάρ
2936 2761 3042 2812 εἰσι
3069 2758 3136 2813 τά
3174 2759 3264 2813 διὰ
3309 2760 3548 2829 Χριστὸν
3574 2758 3772 2829 δεσμὰ,
3822 2761 3916 2814 καὶ
3948 2762 3999 2812 εἰ

2413 2850 2552 2921 πρὸς
2581 2850 2772 2920 καιρὸν
2790 2849 2936 2919 ἀνιᾷ.
2964 2842 3522 2918 Εὐχαριστῶμενοῦν,
3550 2846 3727 2915 ἔλεγε,
3751 2848 3833 2917 τῷ
3852 2846 3998 2914 Θεῷ,

2414 2945 2505 2997 τὸν
2546 2942 2719 3013 μέγαν
2755 2940 2966 2995 Παῦλον
3006 2940 3359 3011 παράδειγμα
3400 2939 3641 3009 ἔχοντες,
3668 2939 3729 3002 ὃς
3770 2941 3869 2992 καὶ
3921 2940 4000 3001 ὡς

2417 3034 2703 3104 όρμίσκοις
2747 3033 2857 3093 τοῖς
2904 3029 3103 3092 κλοιοῖς
3160 3029 3452 3099 ώρκῖξετο,
3507 3029 3605 3081 καὶ
3642 3029 3865 3099 ἔχαιρεν
3919 3030 4004 3082 ὅτι

2419 3123 2624 3194 ἠξιώθη
2679 3122 2819 3192 ὑπὲρ
2856 3120 2952 3175 τοῦ
2992 3120 3256 3191 ὀνόματος
3308 3119 3544 3190 Χριστοῦ
3591 3120 3963 3190 μαστιχθῆναι
3989 3135 4002 3147 ·

723 3224 941 3292 alligata
958 3223 1336 3284 decorabatur,
1351 3231 1403 3276 et
1420 3221 1690 3291 gaudebat
1704 3219 1848 3290 quod
1871 3234 1967 3288 pro
1984 3217 2193 3272 Christi
2225 3232 2305 3270 no

2427 3216 2562 3270 ἀλλά
2589 3216 2685 3269 καὶ
2713 3216 2739 3268 ό
2771 3214 2984 3267 Παύλου
3031 3214 3265 3283 Χριστὸς
3293 3212 3703 3282 λοιδορούμενος
3736 3214 3839 3266 οὐκ
3870 3214 4008 3266 ἀντ-

726 3312 871 3365 minc
890 3311 1094 3381 ﬂagella
1116 3312 1223 3381 pati
1245 3312 1557 3365 meruisset.
1578 3309 1721 3374 Quin
1751 3309 1912 3363 ctiam
1933 3306 2185 3362 Christus
2208 3307 2321 3376 ipse

729 3401 880 3456 Pauli
900 3401 1161 3456 Dominus
1189 3417 1314 3456 cum
1340 3401 1775 3465 malediceretur,
1800 3415 1909 3454 non
1929 3399 2320 3464 maledicebat;

728 3509 853 3548 cum
887 3504 1181 3563 pateretur,
1210 3508 1317 3547 non
1359 3495 1799 3549 comminabatur
1831 3511 1844 3547 :
1888 3492 2199 3547 tradebatur
2222 3508 2323 3545 au-

732 3584 1122 3651 temjudicanti
1156 3584 1376 3653 injuste,
1400 3584 1861 3655 quemadmodum
1902 3585 2146 3653 loquitur
2167 3599 2325 3653 cory-

734 3679 886 3747 plnea
914 3677 1287 3747 apostolorum
1336 3677 1627 3732 summitas
1668 3691 1898 3746 magnus
1936 3676 2130 3729 Petrus
2151 3674 2194 3730 ⁸.
2220 3674 2323 3728 Sed

738 3770 994 3824 videntur
1012 3769 1289 3839 aliquibus
1307 3784 1501 3838 aspera
1530 3785 1595 3824 ac
1617 3769 1895 3824 dolorilica
1912 3809 1928 3833 ,
1952 3780 2172 3838 propter
2190 3767 2329 3820 mul-

738 3873 850 3918 tam
884 3877 1151 3918 sensuum
1176 3860 1626 3925 imbecillitatem,
1645 3876 1729 3923 ea,
1757 3875 1878 3929 qua:
1897 3859 2324 3927 corporibusin-

741 3953 991 4007 feruntur
1019 3960 1314 4007 tormenta.
1342 3957 1411 4006 At
1430 3967 1542 4023 quo
1569 3964 1727 4022 pacto
1762 3953 1919 4006 aliter
1938 3952 2199 4021 possibile
2224 3952 2329 4004 erit

740 4044 1163 4116 Christijugum
1207 4044 1371 4109 ferre,
1424 4046 1531 4099 nisi
1579 4045 1702 4114 quis
1738 4044 1957 4099 incedat
2002 4059 2096 4113 per
2136 4058 2328 4099 omnes

743 4137 922 4189 aetatis
976 4136 1180 4205 gradus
1212 4135 1334 4190 sine
1384 4135 1622 4199 macula,
1668 4149 1861 4188 omnes
1899 4134 2062 4187 etiam
2104 4134 2330 4187 virtutes

748 4242 1035 4293 exercens,
1078 4244 1217 4297 quas
1270 4227 1517 4282 exercuit
1552 4228 1641 4280 ille
1675 4244 1770 4296 pro
1812 4222 1992 4291 nobis,
2029 4236 2080 4281 et
2107 4226 2328 4295 quidem

749 4336 874 4374 cum
902 4319 1046 4374 Deus
1071 4328 1239 4386 esset,
1269 4330 1323 4374 et
1348 4318 1613 4373 voluntati
1640 4318 1934 4389 potentiam
1983 4318 2330 4388 conjunctam

750 4423 804 4467 et
828 4423 1249 4469 concurrentem
1276 4413 1519 4476 haberet,
1551 4424 1842 4482 possetque
1874 4415 2033 4467 aliter
2061 4413 2217 4468 nobis
2244 4413 2331 4466 in-

751 4507 920 4575 gratis
959 4505 1193 4561 salutem
1225 4506 1449 4562 aﬂ‘crre?
1482 4505 1676 4559 Verum
1715 4506 1812 4569 illi,
1862 4508 2009 4575 quod
2042 4507 2095 4559 in
2128 4506 2329 4561 virtute

761 4596 1096 4651 laboriosum
1130 4606 1233 4661 est,
1258 4597 1611 4652 subscribens
1639 4597 1757 4666 (per
1786 4612 1951 4666 quam
1980 4598 2068 4663 iis,
2101 4599 2193 4666 qui
2224 4598 2334 4651 sal-

756 4700 971 4755 vantur,
1012 4691 1138 4746 ειειί
1200 4700 1371 4760 porta:
1413 4700 1572 4745 antea
1651 4691 1884 4746 occlusa:
1969 4691 2337 4761 aperiuntur)

758 4796 854 4850 per
884 4780 1051 4835 vitam
1086 4781 1367 4837 laboribus
1388 4782 1626 4849 plenam,
1654 4791 1912 4852 tanquam
1940 4781 2081 4837 Deus
2130 4797 2194 4836 ac
2225 4783 2331 4835 Do-

762 4872 947 4927 minus
971 4871 1206 4927 salutem
1222 4872 1478 4926 omnibus
1499 4872 1918 4926 demonstravit.
1944 4872 2213 4927 Debemus
2239 4872 2336 4941 igi-

761 4972 852 5016 tur
885 4978 984 5034 pro
1006 4963 1190 5019 divina
1210 4963 1445 5033 imagine
1460 4961 1689 5026 Christi,
1722 4963 1951 5034 ejusque
1975 4964 2336 5018 immaculata:

764 5072 829 5110 ac
859 5056 1166 5125 purissima:
1219 5055 1430 5120 Matris,
1458 5058 1700 5123 pericula
1734 5057 1941 5120 subire,
1978 5066 2036 5111 ut
2075 5056 2342 5113 adversus

766 5149 1167 5204 moderatorem
1199 5149 1385 5203 saaculi
1418 5148 1581 5219 hujus
1614 5165 1787 5218 usque
1810 5151 1877 5203 ad
1896 5150 2217 5218 sanguinem
2245 5151 2341 5204 de-

767 5249 1065 5303 certantes,
1100 5242 1328 5309 gratiam
1367 5241 1619 5295 invenire
1654 5242 1949 5310 possimus,
1984 5243 2338 5310 quemadmo-

766 5330 896 5384 dum
918 5346 1072 5387 sacra
1102 5332 1403 5400 loquuntur
1425 5333 1670 5400 oracula,
1707 5333 1760 5387 in
1810 5333 2075 5389 auxilium
2137 5348 2338 5402 Oppor-

767 5430 983 5480 tunum.
1016 5423 1113 5481 His
1154 5425 1390 5498 aliisque
1432 5425 1742 5496 hujusmodi
1772 5427 1960 5483 multis
1987 5427 2337 5483 sermonibus

850 5571 871 5605 ³
904 5582 1068 5639 Hebr.
1099 5582 1286 5648 ".16.
1352 5581 1415 5637 ⁸1
1456 5581 1600 5638 Pctr.
1638 5598 1698 5649 ιι,
1735 5582 1825 5637 l9.

2357 4554 2411 4611 D

2423 3308 2713 3379 ελοιδόρει,
2771 3307 2866 3360 καὶ
2903 3306 3127 3376 πάσχων
3185 3306 3287 3357 οὐκ
3317 3304 3554 3374 ἠπείλει,
3607 3304 3901 3374 παρεδίδου
3952 3304 4010 3357 δὲ

2423 3403 2500 3470 τῷ
2530 3402 2770 3471 κρίνοντι
2803 3399 3046 3463 δικαίως,
3077 3398 3151 3461 ὡς
3185 3399 3217 3467 ἡ
3246 3398 3520 3467 κορυφαῖα
3554 3397 3661 3450 τῶν
3690 3398 4011 3450 ἀποστόλων

2424 3492 2666 3563 ἀκρότης
2692 3493 2721 3543 ὁ
2776 3490 2949 3561 μέγας
2976 3490 3179 3558 Πέτρος
3209 3488 3393 3558 φησίν.
3454 3487 3616 3541 Ἀλλά
3658 3488 3806 3541 δοκεῖ
3866 3504 4013 3540 τισιν

2425 3583 2670 3652 ἀλγεινὰ,
2696 3582 2785 3636 διὰ
2813 3583 2873 3635 τὸ
2897 3581 3030 3635 πολὺ
3058 3584 3157 3652 τῆς
3190 3580 3524 3651 αἰσθήσεως,
3563 3577 3633 3633 ’.ά
3661 3581 3774 3642 τοῖς
3821 3579 4013 3649 σώμα-

2427 3695 2512 3730 σιν
2537 3676 2878 3745 ἐπαγόμενα.
2904 3673 3015 3727 Καὶ
3037 3672 3154 3735 πῶς
3186 3673 3363 3737 ἄλλως
3389 3672 3613 3726 δυνατὸν
3638 3673 3730 3725 τὸν
3770 3671 4013 3741 Χριστοῦ

2428 3765 2560 3839 ἆραι
2585 3766 2748 3836 ζυγὸν
2776 3809 2792 3831 ,
2826 3768 2874 3820 εἰ
2909 3768 2983 3837 μή
3013 3782 3098 3829 τις
3127 3765 3392 3818 διοδεύσει
3426 3764 3514 3818 διὰ
3544 3764 3735 3819 πασῶν
3755 3763 3867 3816 τῶν
3901 3761 4018 3833 ἡλιο

2428 3861 2565 3916 κιῶν
2596 3862 2899 3931 ἀμέμπτως
2950 3856 3117 3915 αὐτοῦ
3170 3858 3266 3913 καὶ¹
3307 3856 3612 3928 δυνάμεων,
3650 3856 3831 3910 πάντα
3872 3854 4021 3922 γινό·

2434 3970 2593 4026 μενος
2622 3954 2723 4007 ὅσα
2752 3954 2955 4016 ἐκεῖνος
2986 3950 3128 4021 ὺπέρ
3158 3950 3339 4020 ἡμῶν,
3384 3950 3481 4003 καὶ
3520 3948 3696 4004 ταῦτα
3742 3948 3878 4011 Θεὸς
3918 3946 4019 4007 ὢν.

2431 4047 2526 4099 καὶ
2553 4044 2852 4115 σύνδρομον
2888 4043 3028 4114 έχων
3069 4046 3136 4114 τῇ
3188 4042 3447 4114 βουλήσει
3474 4042 3573 4112 τὴν
3623 4041 3883 4110 δύναμιν,
3923 4040 4021 4093 καὶ

2431 4143 2724 4212 δυνάμενος
2752 4141 2927 4204 ἄλλως
2948 4142 3049 4211 τὴν
3071 4140 3230 4211 ἡμῶν
3260 4139 3369 4192 τῶν
3399 4137 3717 4208 ἀχαρίστων
3751 4152 4023 4205 πραγμα-

2431 4224 2723 4290 τεύσασθαι
2750 4234 3024 4303 σωτηρίαν
3048 4251 3062 4299 ;
3112 4232 3280 4286 Ἀλλὰ
3307 4231 3367 4284 τὸ
3393 4231 3651 4285 ἐπίπονον
3681 4228 4023 4297 ὑπογράφων

2432 4328 2532 4397 τῆς
2558 4328 2783 4398 ἀρετῆς,
2809 4326 2877 4379 δι’
2901 4321 2969 4398 ἦς
2992 4328 3103 4389 τοῖς
3159 4323 3489 4393 σωζομένοις
3516 4325 3574 4375 αἱ
3628 4320 4022 4389 κεκλεισμέναι

2435 4419 2601 4471 πύλαι
2632 4418 2959 4487 ἀνοίγονται,
3010 4416 3079 4470 δι’
3111 4415 3377 4468 ἐπιπόνου
3425 4412 3567 4483 βίου,
3612 4410 3689 4472 ὡς
3730 4409 3868 4472 Θεὸς
3929 4406 4025 4461 καὶ

2436 4510 2733 4578 Δεσπότης,
2760 4508 2857 4580 τὴν
2892 4508 3167 4578 σωτηρίαν
3201 4507 3367 4560 πᾶσιν
3397 4499 3669 4565 ὑπέδειξε.
3697 4497 3893 4570 Χρεὼν
3924 4515 4027 4551 τοις

2438 4600 2643 4674 γαροῦν
2668 4599 2807 4668 ὑπὲρ
2826 4597 3283 4668 τῆς-θεανδρικῆς
3306 4594 3517 4657 εἰκόνος
3536 4589 3777 4663 Χριστοῦ
3802 4591 3902 4643 καὶ
3929 4593 4027 4660 τῆς

2438 4692 2603 4747 αὑτοῦ
2670 4691 2905 4762 ἀμώμου
2966 4692 3062 4744 καὶ
3118 4688 3503 4759 παναχράντου
3567 4681 4027 4755 προκινδυνεῦσαι

2438 4783 2683 4855 Μητρὸς,
2723 4783 2808 4836 ἵνα
2842 4782 3034 4853 μέχρις
3065 4782 3302 4852 αἰματος
3327 4781 3466 4850 πρὸς
3487 4776 3580 4829 τὸν
3602 4775 4025 4844 κοσμοκράτυρα

2436 4872 2531 4925 τοῦ
2552 4871 2749 4933 αἰῶνος
2770 4870 2960 4923 τούτου
2984 4865 3524 4937 ἁντικαθιστάμενοι,
3557 4865 3717 4935 χάριν
3741 4861 4025 4932 εὕροιμεν,

2440 4963 2516 5028 ὡς
2544 4964 2613 5017 τά
2639 4963 2759 5035 ἱερά
2785 4979 2920 5033 φησι
2958 4963 3151 5029 Λόγια,
3177 4963 3259 5025 εἰς
3290 4959 3549 5028 εὔκαιρον
3576 4956 3858 5027 βοήθειαν.
3888 4950 4028 5007 Τού-

2440 5074 2553 5121 τοις
2578 5056 2671 5110 καὶ
2717 5053 2982 5116 τοιούτοις
3008 5052 3191 5116 ἄλλοις
3224 5050 3441 5122 μυρίοις
3494 5048 3699 5115 λογίοις
3726 5046 3859 5107 τοὺς
3890 5043 4028 5109 ὑπὲρ

2438 5148 2673 5220 Χριστοῦ
2690 5145 3179 5215 ἐγκεκλεισμένους
3205 5142 3503 5215 ὐπηλειφε,
3538 5138 3722 5200 διὀὒς
3755 5137 3906 5207 τάχα
3935 5133 4026 5187 καὶ

2440 5240 2577 5310 πρὸς
2605 5240 2770 5307 ἀλλην
2806 5237 3177 5306 στελλόμενος,
3206 5235 3305 5305 τὴν
3330 5234 3425 5287 ἐπὶ
3474 5232 3701 5304 Κρήτην
3741 5226 3884 5282 Θεοῦ
3936 5228 4025 5297 ἁρ-

2448 5336 2593 5406 ῥήτῳ
2622 5333 2766 5402 λόγῳ
2796 5331 3114 5395 κατέλαὸεν,
3140 5330 3230 5383 ἵνα
3259 5328 3357 5382 καὶ
3385 5327 3548 5398 νῆσος
3576 5326 3729 5377 πᾶσα
3753 5324 3853 5377 καὶ
3882 5323 4032 5392 ἠπει-

2448 5443 2539 5497 ρος
2561 5425 2652 5479 τὸν
2681 5425 2796 5495 βίον
2826 5423 2981 5495 γνοίη
3011 5421 3105 5477 τοῦ
3156 5421 3429 5492 μάκαρος,
3458 5420 3556 5472 καὶ
3602 5416 3747 5490 μετά
3782 5412 3884 5466 τοῦ
3922 5413 4030 5485 βίον

783 5750 967 5793 cavere
1017 5734 1259 5808 Floritus
1308 5736 1652 5808 ngscjverat,
1681 5735 2001 5808 Gregorium
2034 5736 2099 5790 lll
2148 5736 2232 5790 hic
2306 5734 2553 5807 intelligit
2596 5745 2723 5792 :ast
2782 5734 2959 5792 Lconc
3011 5735 3249 5789 Armeno
3296 5742 3651 5804 persequente
3712 5730 4028 5788 Ecclesiam.

784 5808 957 5865 eidem
986 5807 1308 5881 praisidebat
1337 5806 1395 5862 S.
1426 5805 1533 5863 Leo
1559 5808 1649 5864 lll.
