4164 6456
199 452 309 516 957

201 652 522 722 Πνεύματος
550 654 704 720 ἁγίου
738 651 887 722 αὑτῷ
918 655 1272 720 οἰακίςοντος.

1747 464 1944 524 νιτΑ.

202 563 298 615 aut
353 561 414 614 τὸ
473 560 807 630 ὑπερϐάλλον
854 559 952 628 τῆς
987 562 1271 628 γνώσεως·
1321 567 1348 619 ὂ
1405 567 1496 621 καὶ¹
1555 570 1770 639 γέγονε,
1801 585 1848 642 Α
1875 592 1970 631 eos
2002 579 2096 649 qui
2132 597 2235 651 pro

3342 496 3446 560 958

2279 585 2496 642 Christo
2527 588 2577 642 in
2608 605 2825 648 carcere
2864 598 3060 667 captivi
3098 600 3441 667 tenebantur,

1866 669 2272 740 alloquebatur,
2298 693 2529 745 quorum
2563 695 2728 734 causa
2755 688 3161 757 quamprimum
3185 694 3251 743 ad
3272 694 3434 746 aliam

201 765 424 820 quoque
455 751 643 805 urbem
672 749 845 804 Creta:
879 752 1101 816 ntissus,
1149 754 1406 811 ineffabili
1452 757 1544 814 Dei
1603 761 1765 816 verbo
1805 763 1934 820 illud
1968 778 2253 824 assecutus
2285 785 2392 838 est,
2419 786 2476 831 ut
2517 778 2690 832 insula
2719 779 2808 832 illa
2863 791 2968 836 tota
3001 801 3121 839 cum
3144 783 3444 842 continenti

201 845 348 898 beati
380 845 541 913 hujus
582 843 748 895 vitam
810 853 970 911 atque
995 845 1480 905 entinentissimam
1514 853 1770 908 virtutem
1811 857 1952 914 illius
2009 875 2074 916 ac
2103 861 2387 920 scientiam
2441 871 2944 938 agnosceret.Quod
2977 875 3176 933 factum
3199 879 3447 950 cst,Spi-

201 935 310 990 ritu
333 945 524 988 sancto
546 933 696 987 illum
726 933 979 1002 dirigenti
1011 943 1064 989 et
1095 938 1450 1007 gubernante.

272 1031 361 1086 ιθ’.
394 1031 563 1084 Ἔνθα
611 1032 705 1085 καί
739 1049 860 1085 τινα
905 1032 983 1104 τῷ
1013 1039 1108 1105 της
1138 1037 1445 1111 ἐπισκοπῆς
1469 1046 1771 1115 τετιμημέ-

192 1142 289 1178 νον
315 1121 508 1193 βαθμῷ
535 1122 854 1176 καταλαόὼν
884 1124 943 1177 ἐν
978 1129 1209 1198 φρουρᾷ,
1235 1131 1326 1183 καί
1357 1147 1407 1184 τι
1443 1134 1538 1186 καὶ
1560 1133 1772 1206 ἀνθρώ-

1949 1045 2036 1098 l9.
2073 1046 2276 1102 Ibidem
2324 1049 2486 1104 etiam
2525 1057 2808 1121 quemdam
2861 1060 3067 1114 invenit
3120 1064 3171 1116 itt
3203 1081 3444 1129 carcere.

1872 1135 2162 1205 episcopali
2196 1141 2458 1210 dignitate
2499 1143 2833 1215 insignitum.
2863 1151 2954 1220 qui
3011 1167 3136 1207 cum
3195 1165 3252 1210 ttt
3284 1160 3444 1212 homo

193 1232 356 1268 πινον
385 1214 686 1284 πάσχοντα,
717 1213 812 1266 καὶ
859 1213 1136 1286 λογισμοῖς
1165 1219 1591 1292 ἀλλεπαλλήλοις
1635 1224 1743 1293 βαλ

1873 1227 2113 1281 humano
2144 1245 2291 1285 more
2320 1243 2617 1302 pateretur,
2644 1249 2697 1291 et
2735 1240 2957 1295 alternis
2990 1245 3268 1313 variisque
3289 1251 3439 1317 cogi-

191 1307 442 1376 λόμενον,
477 1306 572 1359 καὶ
608 1304 807 1376 μικροῦ
831 1306 942 1359 δεῖν
991 1307 1370 1365 κινδυνεύοντα
1398 1314 1542 1368 νῶτα
1581 1317 1762 1372 δοῦναι

189 1400 309 1460 τοῖς
347 1395 567 1466 μισοῦσι
595 1396 727 1449 Θεὸν
764 1396 861 1449 καὶ
888 1397 989 1468 τὴν
1017 1398 1181 1451 αὑτοῦ
1208 1402 1389 1455 εἰκόνα
1424 1405 1756 1474 ὑδρίζουσιν,

187 1488 566 1557 ἀναλαμϐάνει
597 1490 710 1551 τοῖς
753 1487 951 1556 λόγοις,
1001 1490 1353 1561 ὑποστηρίζει
1413 1481 1549 1559 τοῖς
1582 1514 1760 1570 παρα-

184 1579 470 1650 δείγμασι,
494 1581 590 1633 καὶ
617 1580 1125 1652 ὕπεραποθνήσκειν
1152 1584 1369 1653 ἕτοιμον
1392 1589 1763 1658 ἀπειργάζετο

185 1669 428 1739 Χριστοῦ
455 1670 553 1738 τῆς
580 1670 787 1734 είκόνος
811 1670 976 1724 αὑτοῦ
1002 1687 1016 1701 ·
1070 1673 1177 1727 κᾶν
1227 1677 1254 1727 ό
1305 1675 1365 1728 τὸ
1396 1677 1618 1744 ἀσθενὲς
1662 1682 1762 1750 τῆς

183 1761 356 1814 αὑτοῦ
383 1760 561 1830 ψυχῆς
593 1762 977 1831 ἐπιστάμενος,
1007 1764 1106 1818 οὑκ
1143 1767 1325 1819 εἴασεν
1358 1771 1520 1823 αὑτὸν
1561 1789 1759 1844 πειρα-

183 1852 383 1920 σθῆναι
446 1852 582 1920 ὑπὲρ
615 1853 713 1923 τὴν
764 1853 1016 1924 δύναμιν.
1063 1857 1222 1910 Μετά
1257 1861 1452 1931 μικρὸν
1479 1865 1584 1934 γὰρ
1624 1867 1762 1935 πρὸς

1868 1319 2496 1389 tatiouibusjaetarctur,
2518 1343 2706 1396 param
2724 1332 2907 1384 aberat
2928 1348 2955 1385 a
2979 1333 3290 1392 discrimine
3307 1340 3442 1392 dan-

1864 1409 1916 1463 di
1943 1419 2088 1479 terga
2114 1412 2347 1468 inimicis
2383 1415 2494 1479 l'ei,
2517 1420 2606 1485 qui
2638 1436 2844 1474 sacram
2879 1423 3021 1478 illius
3049 1424 3333 1497 imaginem
3351 1446 3438 1485 as-

1871 1504 2256 1572 pernabantur.
2309 1507 2463 1563 Hunc
2505 1509 2703 1580 Joseph
2757 1514 3154 1571 hortationibus
3213 1520 3325 1574 suis
3369 1522 3437 1576 ad

1870 1594 2011 1648 viam
2071 1598 2316 1654 veritatis
2373 1602 2606 1666 reduxit,
2663 1608 2922 1673 exemplis
2975 1612 3336 1676 continuavit,
3383 1623 3438 1668 et

1869 1686 1940 1738 ita
1997 1688 2298 1757 disposuit,
2362 1704 2418 1746 ut
2470 1710 2567 1763 pro
2627 1695 2846 1752 Christo
2879 1699 3118 1769 .ejusqtte
3199 1704 3435 1773 imagine

1867 1775 2030 1829 vitam
2052 1794 2173 1833 eum
2199 1787 2454 1848 sanguine
2479 1786 2803 1852 profundere
2833 1801 3053 1857 paratus
3071 1804 3232 1847 esset.
3253 1795 3434 1859 Quan-

1867 1882 2028 1934 quam
2074 1871 2181 1937 ille,
2215 1874 2306 1942 qui
2339 1876 2504 1928 animi
2546 1877 2691 1932 illius
2734 1880 3101 1937 inﬁrmitatem
3145 1899 3251 1937 non
3284 1885 3435 1955 igno-

182 1944 252 1998 τὰ
281 1944 499 1997 ἐκεῖθεν
534 1945 1032 2016 μεταστειλάμενος
1058 1949 1087 2001 ὁ
1114 1947 1254 2012 θεῖος
1300 1950 1521 2022 Ἰωσὴφ,
1557 1955 1634 2020 τῷ
1661 1957 1743 2025 μὲι

1865 1963 2036 2028 rabat,
2093 1980 2199 2017 non
2271 1968 2517 2035 permisit
2577 1971 2725 2024 illum
2789 1990 2950 2042 supra
3019 1977 3161 2032 vires
3211 1979 3428 2044 tentari,

181 2036 472 2105 ὲπισκόπῳ
501 2035 724 2108 τοιαύτη
755 2053 838 2100 τις
863 2038 1080 2108 ἄγκυρα
1118 2041 1294 2112 καιρῷ
1317 2044 1584 2112 χειμῶνος
1627 2047 1755 2100 ἀλλ-

181 2127 506 2196 επαλλήλων
558 2128 833 2198 λογισμῶν
908 2129 1272 2184 κινδυνεύοντι
1333 2135 1751 2192 ἀναδείκνυται·

179 2217 357 2287 ἑτέρῳ
382 2218 439 2270 δὲ
477 2216 683 2291 ίδιώτῃ,
733 2218 828 2270 καὶ
872 2217 965 2271 διὰ
1013 2217 1076 2272 τὸ
1109 2219 1184 2289 μὴ
1222 2221 1412 2290 φέρειν
1432 2224 1527 2286 τὰς
1557 2225 1621 2278 ὲκ
1653 2225 1749 2278 τοῦ

177 2309 416 2378 πάσχειν
439 2309 593 2371 ἀνίας
627 2309 940 2380 συνθεμένῳ
968 2310 1030 2363 τὸ
1063 2312 1174 2364 πᾶν
1203 2312 1304 2382 τῆς
1327 2314 1568 2385 ἀρρήτου
1606 2319 1753 2372 οίκο-

176 2401 375 2469 νομξας
414 2400 705 2453 διαπτύσαι
733 2403 1051 2471 μυστήριον,
1087 2401 1179 2467 ,ἔτι
1227 2420 1287 2456 τε
1324 2407 1421 2475 τὴν
1473 2407 1752 2478 θεόσωμον

175 2494 367 2547 εἰκόνα
397 2492 787 2562 καταπατῆσαι
815 2493 1078 2564 Χριστοῦ,
1108 2493 1304 2564 ἀθρόον
1331 2499 1665 2569 περιτυχὼν,
1696 2502 1750 2554 τί

177 2588 278 2656 μὲν
306 2589 407 2639 οὑκ
432 2583 552 2638 εἷπε
583 2587 692 2638 τῶν
722 2586 1012 2655 μαλάττειν
1041 2588 1259 2642 εἰδότων
1287 2591 1378 2642 καὶ
1407 2591 1618 2656 λιθίνας
1645 2595 1748 2664 ψυ-

175 2679 312 2748 χὰςς
345 2683 476 2731 ποῖα
507 2679 564 2733 δὲ
592 2679 804 2747 δάκρυα
833 2679 932 2732 οὑκ
960 2681 1141 2750 ἀφῆκε
1165 2681 1272 2735 τῶν
1293 2683 1624 2756 ὀφθαλμῶν;
1650 2688 1749 2744 τὰς

174 2775 367 2840 χεῖρας
427 2771 934 2841 κατασπαζόμενος,
996 2772 1090 2824 κα)⁸
1147 2774 1298 2845 χείλη
1349 2776 1428 2845 τῷ
1490 2780 1749 2850 τραχήλῳ

173 2863 532 2932 προσάπτων,
554 2864 642 2916 ῖνα
670 2864 1008 2934 μετακινήσῃ
1040 2864 1229 2918 τοῦτον
1252 2867 1360 2919 τῶν
1383 2868 1750 2940 δεδογμένων,

171 2955 269 3008 καὶ
316 2954 480 3025 πείσῃ
519 2955 608 3007 διὰ
657 2953 894 3024 Χριστὸν
924 2954 1187 3026 προέσθαι
1218 2958 1312 3010 καὶ
1364 2958 1463 3030 τὴν
1515 2961 1697 3031 ζωήν
1727 2962 1756 3015 δ

167 3049 232 3118 δὴ
265 3049 365 3100 καὶ
399 3047 674 3108 τετέλεκε,
699 3047 793 3099 καὶ
823 3046 993 3111 ὅπως,
1039 3047 1152 3115 ἐγὼ
1178 3049 1533 3121 διηγήσομαι.

1866 2053 1988 2107 inde
2027 2055 2172 2110 enim
2211 2057 2317 2110 alio
2367 2061 2681 2128 deportatus
2718 2074 2818 2119 est.
2866 2065 3013 2121 Talis
3063 2069 3278 2137 quidem
3333 2087 3431 2124 an-

1862 2161 1988 2200 cora
2023 2147 2357 2206 fuitdivinus
2386 2151 2583 2223 Josepb
2622 2157 2876 2227 episcopo
2907 2159 2978 2213 illi
3008 2160 3148 2216 inter
3169 2162 3430 2217 fluctuan-

1863 2245 1944 2290 tes
1985 2240 2247 2307 procellas
2290 2244 2618 2301 alternarum
2650 2249 3036 2318 cogitationum
3079 2254 3424 2322 periclitanti.

1860 2330 1962 2383 Alii
1985 2347 2112 2386 vero
2148 2333 2327 2389 idiota:
2350 2353 2412 2391 ac
2464 2341 2694 2410 vulgari,
2731 2344 2824 2411 qtti
2878 2345 3150 2400 tristitiam
3181 2363 3242 2400 ex
3277 2348 3425 2402 calao

1862 2421 2048 2475 mitate
2074 2438 2170 2477 sua
2207 2439 2621 2492 consurgentem
2649 2431 2786 2486 ferre
2812 2450 2915 2487 non
2945 2446 3170 2504 poterat,
3215 2453 3275 2491 ac
3301 2454 3425 2507 pro-

1862 2522 2044 2580 pterea
2075 2515 2141 2569 de
2171 2521 2470 2586 respuenda
2501 2521 2788 2578 ineﬂ’abilis
2821 2527 3062 2595 mysterii
3099 2530 3422 2594 oeconomia,

1856 2613 1910 2657 et
1938 2605 2116 2660 divina
2141 2607 2341 2663 Christi
2373 2613 2608 2681 imagine
2661 2617 3030 2672 conenlcanda
3055 2630 3242 2688 pactus
3275 2631 3422 2682 erat.

1855 2709 1979 2749 cum
2021 2697 2074 2750 in
2141 2699 2290 2752 illum
2340 2713 2555 2770 repente
2610 2705 2908 2770 incidisset,
2952 2711 3079 2779 quid
3131 2728 3235 2765 non
3287 2713 3426 2767 dixit

1854 2800 2064 2850 eorum,
2099 2804 2219 2857 quae
2246 2791 2327 2844 vel
2364 2793 2602 2861 lapideos
2643 2797 2853 2852 animos
2883 2811 3105 2866 possent
3142 2802 3424 2854 emollire?

1852 2875 2054 2942 Quales
2077 2889 2256 2934 autem
2291 2883 2558 2954 lacrymas
2590 2889 2658 2940 ab
2681 2890 2856 2943 oculis
2880 2905 2985 2944 non
3005 2893 3223 2946 emisit?
3252 2894 3421 2945 maui-

1852 2967 1952 3023 bus
1983 2970 2131 3025 illum
2159 2974 2451 3029 submissis
2481 2980 2820 3046 atnplexans.
2854 2992 2906 3035 et
2930 2985 3117 3037 oscula
3144 2985 3420 3052 eolloejns

1870 3060 2122 3131 inﬁgens,
2147 3068 2450 3121 conabatur
2483 3073 2731 3124 eumdem
2762 3088 2791 3125 a
2829 3075 3092 3128 sententia
3124 3077 3418 3141 dimovere,

167 3140 598 3211 etpersuadere,
657 3150 712 3194 ut
752 3151 972 3210 propter
1019 3137 1298 3197 Christum
1354 3144 1524 3199 vitam
1566 3145 1736 3217 ipsam
1775 3153 2149 3220 profunderet.
2227 3156 2385 3224 Quod
2449 3176 2579 3215 sane
2646 3164 2900 3229 obtinuit,
2961 3137 3417 3234 quemadmodum

168 3250 319 3291 nunc
356 3249 457 3304 ego
488 3233 752 3288 enarrabo

236 3339 308 3388 κ’.
347 3329 583 3400 Ἐσπέρα
614 3327 714 3398 μὲν
737 3323 804 3399 ἧν
831 3331 920 3382 ὅτε
951 3328 1029 3399 τῷ
1074 3327 1345 3400 ἀνθρώπῳ
1383 3331 1479 3395 τὰς
1525 3332 1738 3406 θαυμα-

1919 3337 2008 3392 20.
2032 3338 2268 3407 Tempus
2319 3352 2435 3396 erat
2485 3346 2874 3414 vespertinum,
2919 3364 3043 3403 cum
3085 3351 3418 3413 admirandis

168 3428 293 3488 σίας
322 3423 676 3495 παραινέσεις
716 3423 774 3475 ὲν
806 3423 874 3493 τῇ
933 3422 1134 3493 καρδίᾳ
1184 3423 1478 3493 παρέθετο,
1521 3425 1638 3495 ἅμα
1686 3428 1742 3481 δὲ

163 3515 314 3587 πρωῒ
345 3517 544 3583 σπεῖρα
568 3511 877 3583 βαρϐαρικὴ
913 3513 1050 3581 πρὸς
1094 3514 1192 3583 τὴν
1225 3514 1471 3582 φρουρὰν
1500 3516 1745 3587 παραγέ-

162 3627 308 3679 γονε,
364 3606 704 3677 ρινολαϐίδας
761 3603 1078 3674 ἐπαγομένη
1123 3605 1217 3659 καὶ
1265 3607 1582 3677 πιεστήρια,
1645 3611 1742 3663 καὶ

163 3701 425 3771 ἀνηρώτα
445 3700 535 3753 τὸν
555 3697 863 3768 ἄνθρωπον,
895 3695 944 3748 εί
985 3695 1060 3767 μὴ
1097 3696 1198 3765 τῆς
1231 3696 1458 3770 γνώμης
1507 3699 1738 3769 ὑφῆκεν,

162 3795 212 3847 εί
244 3792 322 3862 μὴ
349 3787 614 3859 ἠλλοιώθη
640 3787 780 3841 κατά
817 3803 892 3852 τι,
920 3785 1059 3841 ἀλλὰ
1078 3789 1190 3850 τοῖς
1222 3789 1327 3858 πρὸ
1379 3789 1577 3860 μικροῦ
1620 3808 1738 3862 κρι.

163 3887 337 3939 θεῖσιν
360 3882 561 3946 ὑλικῶς
589 3881 816 3952 εμμένει
843 3881 940 3935 καὶ
972 3881 1299 3950 ἀπαρνεῖται
1340 3882 1596 3952 Χριστόν.
1627 3887 1738 3939 Καὶ

161 3979 242 4040 ὃς,
275 3976 429 4029 οὐδὲν
464 3973 925 4042 ὑποστειλάμενος
953 3971 1062 4026 οὐδ’
1093 3972 1378 4037 ὲνδυάσας,
1407 3973 1541 4028 ἀλλά
1583 3975 1736 4048 διαρ-

164 4065 336 4137 ρήξας
392 4063 485 4116 τὸν
526 4062 728 4132 χιτῶνα
783 4062 879 4116 καὶ
931 4061 1265 4131 γυμνωθεὶς,
1318 4062 1576 4136 ’Ἐτοιμος
1625 4068 1735 4134 ὲγώ

160 4157 304 4224 ειμι,
343 4152 549 4219 ἔλεγεν,
579 4151 626 4205 εί
652 4145 764 4204 οἷόν
788 4167 848 4203 τε
873 4149 1004 4222 ἄρα,
1038 4151 1298 4221 μυριάκις
1328 4154 1469 4223 ὑπὲρ
1499 4156 1594 4208 τοῦ
1633 4175 1730 4225 με-

161 4244 333 4314 γάλου
362 4240 494 4295 Θεοῦ
547 4240 641 4294 καὶ
684 4240 933 4311 Σωτῆρος
960 4241 1276 4297 ἀποθανεῖν.
1329 4243 1514 4298 Ταῦτα
1562 4246 1731 4300 είπὼν

159 4337 258 4390 καὶ
291 4331 504 4404 μηδέίν]
534 4349 587 4384 τι
619 4332 778 4385 πλέον
806 4332 1082 4402 προσθεὶς,
1106 4335 1266 4404 χερσὶ
1297 4335 1506 4406 δημίων
1537 4339 1729 4393 ἑαυτὸν

158 4425 381 4482 είσωθεῖ
409 4440 423 4454 ·
455 4426 483 4476 ὁ
517 4423 572 4475 δὲ
604 4423 767 4494 (οὓτω
799 4425 1108 4494 προσταγὲν
1143 4425 1246 4478 ὑπὸ
1278 4426 1373 4479 τοῦ
1419 4429 1597 4482 ἐκεῖσε
1632 4430 1729 4502 τὴν

156 4519 336 4592 ἀρχὴν
360 4517 736 4586 περιέποντος)
762 4517 1061 4584 ἀναρτᾶται
1085 4518 1162 4586 τῷ
1191 4517 1352 4590 ξύλῳ,
1377 4521 1472 4577 καὶ
1496 4523 1640 4576 ἆπαν
1665 4523 1726 4576 τὸ

158 4615 319 4682 σῶμα
351 4608 660 4678 καταϐελὴς
688 4608 930 4676 γίνεται·
970 4609 1122 4661 ἐνθεν
1171 4628 1254 4663 τοι
1309 4613 1406 4666 καὶ
1455 4613 1725 4685 ὀφθαλμοὶ

154 4704 507 4777 διερρύησαν,
539 4703 632 4755 καὶ
665 4701 870 4769 ἔγκατα
900 4702 973 4765 ώς
1009 4702 1184 4772 ὕδωρ,
1208 4706 1508 4770 Δαυῖτικῶς
1529 4683 1724 4775 εἰπεῖν,
1762 4683 1802 4736 D

155 4797 498 4865 ἐξεκέχυντο,
529 4794 623 4848 καὶ
657 4795 860 4864 πᾶσαή
892 4793 1037 4847 ἔνδον
1083 4796 1452 4868 ὲθριαμὸεύθη
1496 4799 1726 4854 διάπλα-

156 4906 236 4953 σις
261 4904 276 4919 ·
299 4890 331 4958 ἡ
357 4886 504 4956 ψυχὴ
539 4885 597 4940 δὲ
614 4883 688 4956 τῷ
717 4884 949 4956 γενναίῳ
977 4885 1172 4955 ἐκείνῳ
1193 4888 1286 4938 καὶ
1314 4887 1393 4941 ἔτι
1426 4891 1724 4960 κατείχετο,

157 4984 249 5035 καὶ
279 4979 520 5048 γλῶσσα,
553 4980 867 5048 κεκμηκυῖα
899 4979 1012 5040 τοῖς
1063 4977 1246 5040 πόνοις
1270 4979 1364 5030 καὶ
1405 4983 1527 5043 ταῖς
1560 4983 1725 5053 ὑπερ-

155 5072 478 5131 ϐαλλούσαις
531 5069 766 5134 ὀδύναις,
804 5068 896 5122 τὸν
945 5069 1178 5138 Χριστὸν
1207 5072 1596 5140 ἀνεκήρυττεν.
1631 5075 1727 5125 ’ον

155 5164 325 5224 οὕτως
355 5161 506 5231 όρᾷν,
551 5160 645 5213 καὶ
671 5158 870 5220 ἀθλίως
893 5157 1103 5228 ἔχοντα,
1140 5159 1214 5221 ώς
1265 5161 1494 5224 ἐκείνοις
1529 5163 1724 5228 ἐδόκει,

153 5257 202 5312 oi
232 5254 504 5324 ἀλιτήριοι
549 5251 625 5322 μὴ
655 5250 972 5320 ἀνεχόμενοι
999 5251 1202 5321 δήμιοι,
1245 5254 1514 5315 παντοίως
1560 5271 1728 5324 προσσ

157 5343 578 5410 πατταλεύουσι,
607 5343 702 5398 καὶ
748 5341 892 5396 λίθον
960 5342 1191 5413 ἄραντες
1249 5345 1594 5419 πάμμεγα[ν]
1627 5349 1721 5399 ἐπ.

157 5441 350 5508 αφιᾶσι
374 5440 440 5507 τῇ
472 5436 684 5507 κεφαλῇ
711 5436 784 5506 *ἠ
810 5434 866 5490 δὶ
891 5435 1287 5508 διαρῤήγνυται
1337 5438 1444 5509 ἄρα
1473 5440 1611 5493 κατά
1637 5458 1726 5509 μι-

155 5533 284 5601 κρά,
321 5531 417 5585 καὶ
449 5531 482 5601 ἡ
511 5529 658 5600 βιαία
684 5527 831 5600 ψυχὴ
855 5529 1036 5599 δκείνη
1071 5530 1209 5601 πρὸς
1248 5529 1380 5585 Θεὸν
1403 5532 1650 5603 ἐκδημετ.

1849 3427 2322 3484 cohortationibus
2357 3434 2470 3487 suis
2495 3434 2546 3487 in
2577 3449 2671 3489 cor
2694 3436 2855 3506 hujus
2897 3439 3136 3495 hominis
3166 3453 3418 3512 penetra-

1847 3519 1944 3573 vit.
1980 3519 2209 3575 Summo
2230 3531 2408 3576 autem
2442 3539 2601 3580 mane
2627 3529 2826 3581 cohors
2857 3529 3138 3586 barbarica
3192 3535 3258 3588 ad
3292 3551 3414 3588 car-

1850 3622 2031 3664 cerem
2072 3611 2240 3674 venit.
2267 3611 2447 3667 ferens
2490 3630 2674 3669 secum
2696 3615 2928 3688 forcipes
2953 3627 3017 3674 ad
3043 3638 3201 3677 nares
3220 3627 3418 3679 distor-

1843 3701 2113 3769 quendas,
2136 3711 2190 3756 et
2221 3703 2324 3757 alia
2355 3705 2716 3761 instrumenta
2742 3710 2807 3762 ad
2831 3713 3160 3779 torquendos
3189 3715 3414 3770 miseros

1842 3798 1988 3858 apta,
2012 3799 2067 3845 et
2097 3792 2467 3863 interrogabat
2503 3795 2798 3860 hominem,
2819 3813 2885 3851 an
2924 3809 3186 3867 perstaret
3222 3803 3273 3856 in
3292 3820 3415 3858 scn-

1841 3882 2033 3946 tentia,
2059 3884 2300 3954 nihilque
2317 3887 2462 3940 circa
2483 3903 2599 3941 eam
2625 3888 2945 3943 immutatus
2965 3892 3172 3957 fuisset,
3194 3910 3260 3946 an
3288 3910 3414 3949 vero

1836 3987 1961 4027 cum
1996 3973 2082 4037 iis,
2108 3976 2196 4043 qui
2230 3977 2390 4046 paulo
2449 3988 2576 4033 ante
2629 3980 2855 4047 judicati
2903 3981 3140 4048 fuerant,
3168 3988 3412 4040 sentiens

1837 4065 1980 4120 circa
2011 4069 2192 4122 omnia
2223 4068 2498 4122 Christum
2521 4070 2847 4138 abnegaret?
2876 4075 2966 4128 Ille
2998 4091 3143 4141 vero,
3179 4079 3412 4131 nihilre-

1836 4155 2155 4221 formidans,
2190 4171 2281 4212 aut
2327 4161 2602 4226 haesitans,
2637 4163 2867 4220 discissa
2897 4167 3098 4228 tunica,
3141 4183 3204 4222 ac
3234 4173 3409 4222 denu-

1833 4249 1993 4305 datus
2022 4267 2037 4305 :
2065 4251 2194 4320 Ego,
2223 4254 2415 4321 inquit,
2466 4265 2686 4322 paratus
2711 4271 2854 4319 sum,
2882 4257 2926 4311 si
2955 4258 3064 4311 fieri
3093 4263 3282 4327 possit.
3313 4277 3409 4328 pro

1833 4355 2030 4410 magno
2063 4341 2172 4395 Deo
2209 4353 2264 4396 et
2309 4344 2588 4397 Salvatore
2649 4347 2844 4400 millies
2899 4362 2962 4399 ac
3021 4349 3207 4401 millies
3244 4350 3405 4402 tnori.

1831 4432 2186 4495 llarc‘dicens,
2221 4444 2274 4488 et
2309 4435 2441 4489 nihil
2482 4437 2714 4505 amplius
2736 4439 2964 4499 addens,
2997 4440 3049 4492 in
3085 4450 3414 4494 manustor‘

1833 4533 2013 4576 torum
2077 4537 2195 4575 sese
2249 4525 2502 4592 conjecit.
2588 4525 2765 4588 Tunc,
2827 4528 2898 4581 ita
2954 4529 3251 4596 imperante
3293 4529 3404 4592 illo,

1832 4615 1922 4683 qui
1958 4615 2029 4667 ibi
2066 4629 2186 4668 cum
2238 4615 2466 4682 imperio
2515 4618 2807 4681 residebat,
2866 4635 3164 4688 suspensus
3212 4629 3294 4674 est
3351 4620 3404 4674 in

1834 4706 2000 4773 ligno,
2034 4715 2312 4773 totumque
2337 4707 2481 4761 illius
2505 4724 2703 4778 corpus
2729 4717 2810 4765 est
2841 4710 3218 4764 dilaceratum.
3251 4709 3406 4766 Oculi

1837 4797 1984 4851 illius
2010 4797 2353 4862 ellluxerunt,
2385 4809 2440 4852 et
2489 4801 2748 4854 interiora
2798 4803 2938 4871 ejus,
2996 4803 3318 4871 velutaqua,
3347 4813 3407 4857 ut

1835 4904 1958 4943 cum
1986 4888 2185 4943 Davide
2211 4890 2423 4958 loquar,
2460 4890 2628 4944 effusa
2651 4903 2797 4958 sunt,
2817 4894 2994 4947 omnis
3024 4908 3151 4947 vero
3181 4894 3404 4948 interior

1836 4981 2008 5036 forma
2077 4991 2130 5035 et
2189 4985 2512 5051 compositio
2607 4985 2895 5041 dissoluta.
2970 4986 3165 5042 Adhuc
3219 4996 3400 5042 tamen

1835 5074 2012 5126 anima
2045 5076 2288 5143 generosi
2346 5074 2492 5129 illius
2551 5075 2604 5129 in
2659 5092 2885 5146 corpore
2941 5078 3301 5143 detinebatur,
3347 5089 3402 5133 et

1836 5165 2037 5235 lingua,
2072 5166 2412 5233 quantumvis
2440 5167 2719 5222 laboribus
2766 5181 2822 5223 et
2860 5172 3158 5226 excessivis
3196 5171 3400 5224 dolori-

1835 5256 1938 5311 bus
1967 5258 2258 5319 delassata.
2293 5256 2569 5312 Christum
2591 5269 2769 5313 tamen
2801 5260 2993 5314 iterum
3043 5262 3392 5332 pradicabat.

1835 5350 1899 5401 At
1936 5363 2062 5402 vero
2101 5365 2224 5402 cum
2275 5349 2487 5418 profani
2559 5350 2633 5404 illi
2677 5352 3051 5422 immanesque
3115 5356 3394 5419 satellites,

1833 5440 2051 5494 illumin
2073 5451 2180 5494 tam
2216 5443 2435 5505 misero,
2469 5451 2628 5511 prout
2652 5443 2785 5511 ipsis
2807 5443 3108 5510 videbatur,
3142 5453 3284 5497 statu
3311 5444 3395 5496 in-

1833 5533 1970 5588 tueri
1995 5547 2099 5586 non
2133 5535 2484 5601 sustinerent,
2529 5536 2889 5605 undequaque
2918 5551 3041 5589 eum
3091 5535 3389 5605 conligunt,

157 5639 207 5684 et
239 5643 500 5697 magnum
548 5635 871 5694 vastumque
903 5626 1132 5697 lapidem
1168 5628 1498 5692 attollentes.
1559 5643 1723 5698 super
1756 5639 1914 5699 caput
1949 5629 2098 5684 illius
2155 5630 2507 5698 demiserunt,
2537 5630 2683 5700 qttod
2715 5631 2899 5686 statim
2954 5630 3006 5685 in
3043 5628 3216 5684 frusta
3238 5644 3388 5684 com-

159 5720 426 5774 minutum
468 5725 590 5782 est;
617 5715 799 5770 anima
818 5732 950 5772 vero
984 5718 1070 5773 illa
1109 5717 1265 5772 fortis
1313 5727 1476 5789 atque
1526 5721 1725 5774 invicta
1763 5722 1829 5775 ad
1857 5720 2022 5774 Deum
2052 5721 2304 5775 evolavit.

223 5810 325 5863 κα’.
357 5809 543 5862 Ταῦτα
567 5809 635 5861 τὰ
659 5809 911 5879 πάρεργα
935 5813 1124 5879 γέγονε
1143 5811 1222 5882 τῷ
1250 5813 1391 5882 ὑπερ
1399 5813 1556 5883 μάχῳ
1584 5815 1715 5885 Χρι.

160 5906 278 5960 στοῦ
322 5906 520 5973 Ἰωσήφ
542 5919 554 5932 ⁸
580 5897 729 5967 οὗτος
764 5904 821 5956 ὲν
855 5904 1045 5976 Κρήτῃ
1070 5903 1162 5957 τοῦ
1203 5905 1450 5968 γενναίου
1491 5904 1704 5976 διάδρο-

1890 5813 1977 5867 2|.
2016 5811 2138 5868 Hazc
2165 5822 2290 5868 sunt
2314 5829 2433 5882 qua-
2450 5813 2610 5868 veluti
2633 5813 3010 5884 perfunctorie.
3039 5829 3100 5868 ac
3120 5829 3213 5882 per
3233 5825 3384 5870 tran-

1814 5919 2037 5962 sennam
2088 5915 2456 5977 propugnator
2508 5907 2714 5963 Christi
2761 5904 2960 5977 Joseph
2995 5907 3242 5977 peregit:
3291 5908 3380 5965 hic
