4164 6456
729 401 840 465 959

1827 401 1884 458 S.
1927 396 2242 458 JOSEPHI
2288 392 2849 455 HYMNOGRAPHI

3885 389 3989 453 960

730 513 836 567 fuit
869 511 1118 583 generosi
1143 506 1306 579 hujus
1330 522 1426 578 per
1444 507 1760 563 Cretensem
1794 508 2070 576 regionem
2089 507 2305 561 discur-

2441 523 2516 568 ιος
2537 521 2549 534 ·
2577 504 2822 557 τοιοῦτον
2840 504 2900 557 τὸ
2927 501 3185 572 καλλιέρη
3195 520 3269 571 μα
3295 503 3322 555 ὁ
3341 501 3686 573 αἰχμάλωτος
3711 500 3789 569 τῷ
3820 500 3991 562 οὕτως

734 621 851 661 sus.
877 601 1197 674 llujusmodi
1226 601 1527 667 victimam,
1547 616 1668 655 cum
1689 598 1933 667 captivus
1952 599 2311 664 detineretur,

733 693 866 761 Deo,
885 694 975 763 qui
1007 694 1078 745 ita
1098 707 1183 746 res
1208 707 1337 746 suas
1356 692 1702 760 disponebat,
1735 689 2113 752 consecravit,
2145 703 2208 742 ac
2235 687 2315 743 fe-

739 788 913 841 liciter
936 794 1116 838 votum
1146 800 1306 838 suum
1326 794 1610 839 assecutus
1637 791 1741 847 est,
1767 782 2121 851 animumque
2142 780 2315 834 hone-

733 880 887 932 statis
927 872 1164 931 amicum
1203 877 1455 946 explevit.
1500 874 1637 929 Nam
1666 875 1791 930 licet
1825 885 1970 931 esset
2005 876 2057 927 iu
2093 873 2311 937 exsilio,

736 970 976 1038 atquein
1010 986 1246 1033 carcere,
1282 969 1520 1038 linguam
1553 976 1736 1024 tamen
1761 968 1985 1022 liberam
2016 965 2083 1020 ad
2118 965 2316 1036 praedi-

735 1063 965 1116 candam
1040 1064 1294 1131 pietatem
1358 1076 1421 1115 ac
1442 1061 1761 1130 religionem
1828 1073 2045 1127 semper
2096 1056 2309 1113 habuit.

736 1149 1017 1206 Pressuris
1036 1149 1474 1220 angustiabatur,
1494 1160 1546 1204 ct
1560 1150 1671 1205 Deo
1691 1157 1959 1220 martyres
1981 1148 2317 1202 transmitte-

739 1241 831 1295 bat
860 1260 872 1295 :
915 1241 1123 1295 catenis
1148 1241 1504 1307 gravabatur,
1532 1250 1586 1295 et
1619 1240 1816 1295 mullos
1850 1255 1881 1294 a
1912 1238 2097 1295 sicarii
2119 1237 2312 1292 Tarta-

742 1333 814 1385 rei
848 1334 1099 1386 manibus
1124 1333 1403 1386 liberabat.

808 1424 903 1477 9.2.
939 1423 1044 1477 Sed
1075 1424 1383 1494 qualisnam
1438 1422 1603 1478 fuerit
1637 1424 1782 1480 illius
1802 1424 1868 1478 ad
1898 1423 2087 1478 urbem
2113 1420 2316 1491 regiam

742 1531 1028 1584 regressus
1058 1530 1423 1584 exponamus.
1445 1514 1561 1571 Nox
1592 1517 1678 1569 illa
1716 1525 1851 1578 erat,
1894 1516 1945 1568 in
1978 1529 2086 1584 qua
2113 1513 2317 1568 Christi

740 1609 988 1661 Natalitia
1031 1608 1315 1662 consuevit
1342 1608 1581 1663 Ecclesia
1638 1609 1934 1662 celebrare.
1979 1608 2310 1678 .losepllau-

742 1711 845 1753 ten.
873 1714 997 1753 cum
1033 1700 1197 1768 pedes
1233 1701 1591 1768 compedibus
1650 1702 2007 1765 constrictos,
2030 1709 2080 1754 et
2119 1700 2316 1754 collum

740 1793 951 1847 catenis
975 1802 1256 1860 gravatum
1285 1792 1531 1856 haberet,
1558 1802 1724 1847 totam
1750 1793 1893 1847 illam
1920 1804 2132 1847 noctem
2157 1792 2210 1845 in
2230 1792 2315 1845 di-

2416 595 2791 665 οἰκονομοῦντι
2820 597 2890 649 τά
2918 597 3041 649 κατ’
3071 595 3236 648 αὑτὸν
3263 595 3386 664 Θεῷ
3408 594 3738 663 ἀφιέρωσεν.
3780 593 3988 661 Ὑπέρ-

2419 702 2546 755 ευγε
2574 686 2677 756 τῆς
2720 684 2974 754 γνώμηςῐ
3010 683 3282 753 ὑπέρευγε
3312 684 3411 753 τῆς
3443 682 3740 751 φιλοκάλου
3780 680 3988 751 ψυχῆςε

2417 780 2499 834 ὅτι
2531 778 2627 831 καὶ
2674 779 2733 831 ἐν
2764 776 3035 849 ὑπερορίᾳ
3077 777 3171 830 καὶ
3220 777 3279 828 ἐν
3315 777 3531 846 φρουρᾷ
3575 773 3839 844 ἀσίγητον
3880 769 3992 840 εἶχε

2418 870 2515 940 τὴν
2547 869 2821 938 γλῶσσαν,
2854 869 2992 938 μετὰ
3018 867 3333 941 παρρησίας
3377 866 3867 938 ἀνακηρύττουσαν
3901 867 3994 932 τὴν

2420 962 2725 1017 εὐσέϐειαν.
2780 961 3229 1030 Ἐστενοχωρεττο
3277 959 3402 1021 ταῖς
3448 957 3685 1026 θλίψεσι,
3735 957 3835 1008 καὶ
3880 954 3997 1023 Θεῷ

2419 1055 2739 1126 προσήγαγε
2774 1054 3055 1124 μάρτυρας
3080 1065 3095 1081 ·
3136 1050 3432 1122 ἐϐαρύνετο
3461 1051 3577 1113 τοῖς
3612 1048 3864 1118 δεσμοῖς,
3903 1047 4002 1099 καὶ

2418 1145 2647 1209 πολλοῦς
2672 1144 2960 1215 ἐλυτροῦτο
2988 1144 3097 1198 τῶν
3126 1144 3220 1198 τοῦ
3247 1139 3843 1214 παλαμναίουχειρῶνι

2496 1436 2601 1507 κβ’.
2632 1436 2777 1490 Ἀλλ’
2804 1436 2890 1490 οἶα
2913 1434 3004 1490 καὶ
3038 1437 3071 1505 ἡ
3105 1432 3272 1489 αὑτοῦ
3315 1432 3478 1488 πάλιν
3525 1432 3663 1504 πρὸς
3690 1432 3794 1504 τὴν
3840 1431 3996 1500 βασι-

2420 1530 2680 1585 λεύουσαν
2718 1528 3113 1594 ἐπανάζευξιςς
3164 1529 3226 1581 Ἥ
3256 1527 3352 1594 νὺξ
3387 1525 3573 1597 παρῆν
3610 1527 3699 1579 ὅτε
3755 1526 3862 1593 τὴν
3891 1524 4004 1576 τῶν

2420 1623 2708 1693 γενεθλίων
2733 1622 2827 1676 τοῦ
2849 1621 3087 1691 Χριστοῦ
3117 1622 3331 1692 ἡμέραν
3356 1622 3388 1690 ἡ
3428 1619 3724 1688 Ἐκκλησία
3761 1618 4003 1670 εἰθισται

2420 1717 2591 1768 τελεῖν
2614 1731 2629 1745 ο
2660 1717 2689 1768 ό
2712 1714 2769 1767 δὲ
2819 1714 2912 1766 καὶ
2947 1711 3089 1783 ξύλῳ
3134 1711 3225 1764 τὸν
3250 1710 3387 1763 πόδα
3432 1709 3848 1779 ἐκπεζόμενος,
3908 1708 4003 1759 καὶ

2420 1809 2532 1868 τοῖς
2560 1806 2759 1867 κλοιοῖς
2780 1805 2872 1858 τὸν
2898 1802 3168 1873 τράχηλον
3211 1801 3769 1870 κατακαμπτόμενος,
3796 1798 4005 1852 παννύ-

744 1884 884 1937 vinis
906 1883 1162 1937 laudibus
1195 1883 1555 1937 concinendis
1584 1883 1681 1945 illi,
1726 1884 1818 1951 qui
1853 1893 2071 1952 propter
2100 1899 2199 1938 nos
2246 1884 2319 1937 si—

2441 1914 2539 1966 (ιον
2561 1896 2805 1950 ἐπετέλει
2832 1868 3250 1967 meamet“,
3286 1894 3379 1946 καὶ
3536 1868 3603 1945 διζ
3660 1892 3808 1961 ἡμᾶς
3864 1890 4006 1957 ὑπὲρ

744 1975 888 2028 milis
934 1975 1462 2029 uobisinellabiliter
1501 1976 1801 2039 lactusest,
1854 1975 2145 2044 transegit;
2194 1991 2322 2044 pro‘

744 2068 901 2123 duxit
932 2078 1111 2122 autem
1144 2082 1329 2122 sacros
1355 2068 1584 2137 hymnos
1613 2084 1784 2139 usque
1806 2068 1875 2124 ad
1906 2069 2033 2140 galli
2054 2078 2279 2125 cautum
2306 2087 2321 2135 ;

748 2176 872 2215 cum
906 2176 1036 2215 ecce
1063 2160 1246 2215 subito
1273 2161 1493 2230 quidam
1537 2177 1709 2217 canus
1760 2162 2028 2227 crinibus,
2067 2164 2324 2218 sacerdo-

748 2252 840 2306 tali
876 2264 1021 2307 vcste
1074 2253 1319 2319 indutus,
1372 2256 1603 2325 gratiam
1638 2255 1785 2308 vultu
1827 2255 2150 2310 emicantcm
2214 2271 2327 2326 prae

751 2364 809 2400 se
846 2345 1049 2411 ferens,
1079 2348 1152 2399 illi
1187 2352 1458 2417 apparuit,
1492 2363 1728 2415 eumque
1755 2348 1824 2401 ita
1875 2348 2145 2404 allocutus
2198 2358 2281 2403 est
2311 2366 2325 2402 :

757 2455 776 2487 ι
807 2436 989 2502 Nuper
1012 2452 1076 2491 ex
1109 2438 1343 2508 Myrensi
1380 2438 1553 2509 Lyciae
1570 2440 1788 2493 civitate
1804 2439 2116 2504 discedens,
2177 2439 2243 2493 ad
2280 2450 2332 2495 te

752 2538 807 2583 et
835 2528 903 2581 ad
957 2539 1101 2581 tuam
1132 2530 1453 2583 cliaritatcm
1496 2531 1724 2595 deveni;
1758 2529 1872 2595 Dei,
1917 2542 2139 2600 propter
2170 2547 2329 2601 quem

752 2620 969 2673 laboras
992 2636 1054 2674 ac
1081 2620 1350 2687 tleccrtas,
1370 2621 1714 2677 velocissima
1753 2631 1977 2693 urgente
2031 2624 2327 2678 celeritate.

2426 1990 2583 2058 λόγον
2612 1988 2733 2043 καθ’
2754 1989 2902 2058 ἡμᾶς
2929 1987 3153 2057 ὀφθέντι
3174 1984 3398 2056 Χριστῷ
3437 1984 3813 2055 παρετείνετο,
3838 1982 4006 2051 μέχρι

2428 2084 2522 2136 καὶ
2552 2083 2927 2151 ἀλεκτρυόνων
2956 2080 3129 2152 ᾠδῶν.
3164 2080 3271 2131 Καὶ
3294 2080 3359 2149 δὴ
3411 2076 3699 2146 ἐφίσταταί
3729 2094 3814 2137 τις
3856 2074 4006 2141 ὑπὲρ

2430 2174 2604 2246 [ῦπαρ
2626 2172 2672 2245 ἳ]
2699 2173 2894 2243 ἀθρόον
2916 2214 2933 2239 ,
2958 2170 3140 2233 πολιὸς
3170 2170 3269 2241 τὴν
3298 2168 3482 2239 τρίχα,
3516 2167 3857 2236 ἱεροπρεπὴς
3908 2165 4011 2233 τὴν

2430 2265 2655 2335 ἐσθῆτα,
2705 2263 3115 2333 ἀγλαῖζομένην
3143 2262 3221 2329 τῷ
3250 2260 3529 2333 προσώπῳ
3558 2260 3721 2329 χάριν
3745 2256 4013 2327 ἐπιφερό-

2436 2373 2619 2428 μενος,
2651 2354 2747 2408 καὶ
2762 2355 2895 2424 πρὸς
2916 2354 3079 2407 αὐτὸν
3101 2354 3225 2422 ἄρτι
3257 2351 3453 2422 φησίν·
3485 2368 3503 2402 t
3547 2351 3640 2401 Ἐκ
3670 2349 3881 2416 Μύρων
3912 2345 4013 2411 τῆς

2433 2447 2641 2510 Λυκίας
2662 2448 2900 2516 ἀπάρας,
2940 2446 3077 2515 πρὸς
3106 2444 3165 2497 σέ
3190 2444 3285 2497 καὶ
3321 2445 3420 2514 τὴν
3459 2445 3560 2512 σὴν
3585 2443 3809 2511 ἀγάπην
3829 2440 4015 2508 ἀπήν-

2434 2551 2595 2604 τησα,
2617 2534 2751 2587 Θεοῦ
2779 2535 2846 2587 δι’
2877 2534 2935 2587 ὃν
2950 2534 3188 2595 ἐναθλεῖς
3206 2534 3431 2602 ἀπτέρῳ
3457 2534 3613 2603 τάχει
3630 2532 3731 2603 μὲν
3752 2530 4018 2585 κατεπεί-

2435 2643 2649 2696 γοντοςο
2686 2628 2780 2681 καὶ
2809 2628 2873 2694 δή
2902 2643 2985 2679 σοι
3006 2625 3075 2679 τά
3105 2626 3325 2695 θυμήρη
3348 2624 3493 2693 λέγω
3541 2623 3907 2693 ἀγγελτήρια,
3942 2624 4019 2684 ὡς

752 2712 996 2782 Apporto
1023 2716 1202 2767 aliteth
1229 2714 1322 2768 tibi
1347 2725 1499 2784 grata
1551 2731 1615 2769 ac
1660 2716 1852 2770 festiva
1916 2718 2155 2771 nuntia:
2222 2717 2332 2781 ille,

755 2805 850 2873 qui
886 2805 1182 2861 Eeclesiam
1217 2805 1309 2859 Dei
1340 2809 1670 2877 exagitabat,
1727 2818 1781 2862 ct
1805 2822 1935 2862 oves
1965 2808 2336 2862 Cliristidila—

2437 2720 2465 2771 ὁ
2496 2719 2593 2789 μὲν
2622 2720 2720 2787 τὴν
2767 2718 3094 2786 Ἐκκλησίαν
3154 2716 3357 2782 κυκῶν,
3391 2718 3486 2769 καὶ
3529 2717 4020 2785 κατασπαράττειν

2439 2810 2732 2879 ἐπιχειρῶν
2764 2808 2830 2861 τὰ
2859 2808 3110 2877 πρόϐατα
3136 2808 3229 2861 τοῦ
3266 2806 3528 2878 Χριστοῦ,
3552 2807 3893 2878 παραλυθεὶς
3918 2808 4021 2875 τῆς

760 2901 915 2952 niaro
964 2899 1401 2968 aggredicbatur,
1464 2900 1692 2970 imperio
1752 2901 2020 2971 privatus,
2075 2911 2332 2971 tanquam

2441 2901 2635 2970 ἀρχῆς,
2695 2903 2805 2963 τοῖς
2852 2901 3062 2954 ἐκεῖθεν
3114 2899 3519 2971 δικαιωτηρίοις
3576 2900 3649 2962 ὠς
3689 2898 3891 2966 ἐναγὴς
3943 2902 4024 2961 εἰς

755 2990 1109 3044 exsecrabilis
1138 3006 1201 3044 ac
1228 2992 1601 3055 detestandus,
1650 2991 1846 3046 futuris
1867 2994 2091 3063 judiciis
2112 2994 2164 3047 in
2192 2993 2335 3048 diem

2442 2994 2654 3065 ἡμέραν
2690 2993 3115 3063 ἀποκαλύψεως,
3170 2992 3245 3055 ὥς
3289 3009 3423 3062 φησι
3460 2992 3690 3054 Παῦλος,
3742 2994 4022 3059 ἀποτετή-

761 3083 1134 3145 revelatinuis,
1162 3082 1622 3152 quemadmodum
1651 3086 1856 3139 Paulus
1904 3086 2203 3155 loquitur',
2252 3102 2336 3140 re-

2447 3105 2607 3158 ρηται
2629 3104 2643 3117 ο
2670 3088 2727 3139 σέ
2756 3087 2811 3139 δὲ
2844 3087 3017 3157 χρεὼν
3043 3087 3143 3155 τὴν
3172 3085 3419 3155 βασιλίδα
3460 3084 3812 3146 καταλαϐεῖν,
3847 3085 3928 3147 ὡς
3961 3087 4030 3137 ἂν

763 3183 1013 3226 servatus
1044 3184 1144 3229 est.
1188 3172 1263 3226 Te
1297 3186 1476 3228 autem
1505 3189 1721 3246 oportet
1749 3177 1801 3229 in
1828 3176 2028 3246 regiam
2059 3176 2334 3231 civitatem

2443 3177 2799 3249 ἐπιστηρίξῃς
2860 3178 3090 3240 πολλοὺς
3140 3180 3205 3248 τῇ
3256 3177 3517 3247 δεδομένῃ
3576 3194 3657 3230 σοι
3702 3175 3859 3244 παρά
3932 3175 4031 3227 τοῦ

762 3268 1117 3331 contendere,
1153 3276 1209 3320 ut
1227 3268 1520 3322 confirmes
1547 3269 1813 3336 plurimos
1837 3269 2007 3337 gratia
2034 3269 2128 3321 tibi
2157 3286 2184 3321 a
2210 3268 2335 3338 Spi-

2443 3268 2760 3339 Πνεύματος
2786 3268 2991 3337 χάριτι.
3031 3269 3180 3336 Πλὴν
3208 3266 3346 3321 ἀλλά
3375 3267 3556 3320 λαϐὼν
3616 3267 3715 3335 τὴν
3758 3267 4033 3334 κεφαλίδα

765 3361 871 3412 ritu
914 3370 1103 3413 sancto
1124 3374 1405 3413 concessa.
1442 3358 1545 3413 Sed
1572 3360 1724 3428 prius
1754 3361 1939 3430 accipe
1977 3361 2078 3415 hoc
2122 3361 2335 3430 capitu-

2441 3361 2665 3431 ταύτην,
2701 3359 2985 3427 κατάφαγε
3020 3359 3204 3429 (ἐῴκει
3235 3360 3342 3428 γὰρ
3391 3352 3794 3429 παρακατέχειν
3842 3361 3913 3427 τῇ
3940 3358 4028 3410 δε-

762 3449 896 3513 lum,
928 3461 981 3505 et
1010 3452 1235 3506 comede
1273 3451 1459 3505 illud.»
1491 3450 1791 3506 Videbatur
1812 3462 1995 3506 autem
2036 3454 2235 3509 habere
2286 3455 2336 3508 in

2446 3455 2535 3525 ξιᾷ
2561 3454 2734 3525 βραχύ
2769 3472 2822 3507 τι
2857 3454 3041 3523 βίϐλου
3077 3453 3423 3524 ἀπότμημα).
3462 3471 3481 3505 ι
3535 3451 3592 3505 '0
3630 3452 3688 3504 δὲ
3735 3450 4029 3520 ἐνηδύνετο

765 3542 990 3596 dextera
1016 3544 1273 3613 exiguum
1301 3543 1593 3612 quemdam
1627 3543 1894 3597 libellum.
1924 3541 2023 3600 Hic
2060 3559 2189 3600 vero
2205 3546 2336 3600 scri-

2452 3548 2551 3619 μὲν
2587 3550 2653 3619 τῇ
2690 3551 2899 3619 γραφῇ,
2930 3548 3043 3613 καὶ,
3073 3564 3091 3598 ι
3115 3548 3203 3610 '0;
3228 3546 3380 3617 ἡδέα,
3418 3544 3595 3613 ἔλεγε,
3630 3543 3709 3613 τῷ
3752 3545 4037 3613 νοουμένῳ

765 3645 939 3704 ptum
985 3638 1204 3706 quidem
1262 3637 1409 3691 illius
1465 3644 1753 3691 venustate
1815 3636 2229 3692 delectabatur:
2279 3655 2336 3693 ea

2444 3639 2679 3707 λάρυγγι
2712 3641 2812 3708 τῆς
2858 3636 3039 3707 ψυχῆς
3060 3637 3127 3690 τὰ
3149 3635 3510 3707 γεγραμμένα
3538 3633 3721 3688 ταυτίῐ
3756 3652 3774 3684 ι
3818 3628 3949 3702 Εἶχε
3976 3632 4035 3683 δὲ

767 3745 917 3794 vero,
942 3745 1064 3799 quae
1094 3730 1167 3784 ibi
1202 3730 1403 3799 scripta
1420 3740 1599 3794 erant,
1634 3730 1879 3785 interiori
1904 3732 2101 3785 animae
2123 3722 2345 3801 gutture

768 3822 1095 3876 suavissime
1128 3820 1413 3875 recitabat.
1444 3820 1611 3874 Erant
1631 3832 1811 3875 autem
1837 3821 1890 3874 in
1921 3821 2187 3875 eolibello
2210 3822 2346 3877 scri-

772 3924 859 3980 pta
892 3914 1005 3967 haec
1031 3914 1192 3967 verba
1220 3931 1232 3966 :
1268 3931 1287 3963 ‹
1322 3913 1581 3967 Accelera
1630 3922 1894 3979 tanquam
1933 3914 2267 3978 misericors,
2296 3923 2349 3967 et

772 4003 966 4058 festina
995 4015 1253 4073 tauquam
1280 4004 1565 4058 miserator
1591 4004 1643 4057 iu
1693 4004 2028 4072 adjutorium
2062 4015 2347 4058 nostrum:

774 4106 924 4163 putes
950 4098 1117 4158 enim,
1145 4097 1188 4150 si
1218 4095 1318 4149 vis.
1360 4115 1377 4147 ι
1410 4096 1478 4149 Ει
1500 4096 1590 4149 ubi
1624 4095 1813 4164 jussus
1844 4110 1873 4148 a
1899 4096 2085 4150 divino
2110 4096 2201 4150 illo
2234 4098 2352 4150 viro

772 4188 1061 4243 cecinisset
1090 4189 1201 4242 lucc
1230 4203 1357 4241 cum
1386 4203 1600 4242 summa
1641 4187 1929 4241 dulcedine
1958 4203 2021 4242 ac
2061 4188 2349 4253 suavitate,

777 4282 993 4350 aspexit
1053 4280 1292 4348 scipsum
1326 4296 1356 4333 a
1411 4279 1768 4348 compedibus
1818 4280 2098 4334 solutum:
2130 4288 2353 4335 catenas

775 4388 927 4437 vero,
955 4373 1155 4443 quibus
1181 4373 1381 4427 collum
1410 4373 1689 4441 alligatum
1721 4382 1858 4437 erat,
1882 4380 2008 4426 ante
2034 4374 2197 4442 pedes
2228 4388 2355 4427 suos

772 4465 1037 4535 jacentes,
1094 4476 1147 4518 ct
1183 4465 1392 4518 audivit
1443 4466 1595 4517 illum
1644 4464 1911 4517 dicentem
1960 4480 2023 4517 τι
2114 4465 2357 4530 Sequere

2450 3732 2483 3801 ἡ
2506 3728 2693 3800 γραφὴ
2729 3728 2869 3783 κατά
2892 3728 3037 3795 λέξιν
3056 3727 3251 3791 οὕτως’
3287 3747 3306 3781 t
3341 3728 3585 3797 Τάχυνον
3606 3727 3680 3789 ὡς
3705 3725 4037 3793 οἰκτίρμων,

2451 3822 2541 3874 καὶ
2576 3818 2810 3873 σπεῦσον
2836 3821 2912 3882 ὡς
2937 3820 3185 3888 ἐλεήμων
3216 3820 3296 3881 είς
3321 3818 3422 3888 τὴν
3455 3816 3707 3887 βοήθειαν
3740 3814 3922 3885 ἡμῶν,
3953 3815 4039 3867 ὅτι

2449 3912 2673 3965 δύνασαι
2701 3910 3045 3981 βουλόμενος.
3069 3930 3086 3962 ι
3111 3909 3219 3963 Καὶ
3245 3909 3321 3973 ὡς
3344 3907 3754 3978 ταῦταμῷάλλεω
3775 3905 4037 3976 ἐμμελῶς

2452 4006 2592 4074 ἀγαν
2618 4005 2712 4058 καὶ
2739 4003 2981 4073 λιγυρῶς
3014 4002 3316 4071 ἐκελεύσθη
3346 4002 3498 4070 παρα
3527 3999 3621 4053 τοῦ
3655 4000 3800 4051 θείου
3839 3998 4039 4065 ἀνδρὸς

2453 4099 2686 4160 ἐκείνου,
2724 4098 2824 4167 ὁρᾷ
2856 4096 2954 4166 μὲν
2986 4094 3175 4148 ἐαυτὸν
3202 4094 3301 4163 τῆς
3336 4093 3639 4161 ποδοκάκης
3668 4090 4039 4153 ἀπολυθέντα,

2454 4194 2580 4253 τοὺς
2606 4192 2651 4245 δ’
2681 4193 2740 4247 ἐν
2795 4190 2873 4261 τῷ
2924 4191 3182 4261 τραχήλῳ
3216 4191 3429 4253 κλοιοῦς
3473 4188 3761 4258 κειμένους
3811 4188 3869 4239 ἐν
3928 4189 4044 4247 τοῖς

2457 4285 2603 4337 ποσί·
2626 4285 2740 4347 καὶ,
2778 4302 2795 4335 t
2823 4284 3173 4353 Παρομάρτει
3202 4300 3315 4353 μοι,
3350 4300 3369 4333 ι
3390 4281 3558 4350 {praue
3582 4281 3710 4350 παρ’
3729 4278 3921 4333 αὐτοῦ·
3949 4279 4047 4331 καὶ

2459 4374 2526 4441 (ὣ
2579 4373 2674 4427 τοῦ
2724 4373 3044 4444 θαύματοςι
3095 4374 3141 4427 ῶ
3185 4374 3284 4441 τῆς
3333 4360 3557 4443 ταχείας
3600 4371 3964 4441 ἐπικουρίαςῐ
3998 4370 4045 4422 ὢ

2459 4466 2568 4520 τῶν
2597 4466 2977 4536 ἀνεκλαλήτων
3026 4467 3120 4519 καὶ
3149 4466 3473 4536 παραδόξων
3502 4465 3808 4536 τεραστίων
3845 4461 4045 4525 Θεοῦη

781 4573 888 4612 me.
920 4576 938 4607 ι
962 4559 1050 4618 Et,
1075 4576 1107 4611 υ
1134 4558 1452 4611 miraculum
1480 4558 1492 4609 !
1520 4573 1552 4610 ο
1579 4558 1766 4611 auxilii
1799 4558 2127 4612 celeritatem
2152 4560 2164 4611 l
2193 4575 2226 4610 ο
2258 4558 2332 4612 De

2458 4561 2701 4631 ἀοράτως
2736 4561 2916 4629 ὡρᾶτο
2972 4559 3066 4612 τὸν
3135 4559 3320 4628 ἀναφῆ
3360 4558 3664 4626 διατέμνων
3714 4556 3877 4626 ἀέρα,
3944 4558 4043 4608 καὶ

782 4651 1022 4721 prodigia
1050 4650 1341 4704 inell'ahilia
1382 4661 1545 4721 atque
1576 4651 1923 4705 admirandal
1956 4652 2250 4707 invisibilis
2276 4653 2355 4707 vi-

780 4744 1012 4798 debatur
1060 4744 1321 4798 intactum
1356 4760 1535 4799 aerem
1571 4744 1867 4807 dissecare,
1907 4754 1961 4801 et
1992 4745 2137 4800 celer
2177 4747 2353 4801 instar

782 4835 911 4890 Euri
947 4837 1013 4890 ad
1048 4837 1292 4890 omnium
1329 4838 1621 4891 maximam
1649 4837 1922 4892 civitatem
1969 4852 2193 4892 cursum
2225 4837 2358 4891 diri-

786 4942 930 4996 gere.
960 4927 1348 4996 Huiuscemodi
1395 4930 1499 4985 alis
1531 4930 1677 4984 novit
1712 4928 1855 4984 Deus
1900 4929 2134 4985 feliciter
2188 4930 2359 4985 dedu-

785 5034 930 5084 cere,
959 5020 1052 5089 qui
1084 5036 1179 5075 cor
1206 5036 1366 5076 suum
1389 5021 1453 5074 ad
1480 5021 1629 5074 illum
1663 5020 1870 5075 faciunt
1900 5020 2142 5076 evolare.

856 5112 948 5165 23.
983 5110 1093 5167 Hoc
1115 5127 1247 5167 sane
1278 5114 1601 5168 miraculum
1621 5115 1689 5169 ad
1720 5113 1885 5169 Deum
1912 5114 2132 5185 hymnis
2151 5114 2327 5168 collau
2348 5143 2362 5153 -

788 5203 1029 5266 dandum
1057 5202 1257 5274 .losepli
1287 5204 1571 5272 incitabat;
1612 5207 1742 5261 illud
1788 5221 1917 5262 vero
1967 5207 2113 5276 quod
2170 5206 2364 5261 deinde

791 5297 1010 5362 accidit,
1062 5297 1132 5352 ad
1164 5300 1430 5369 lacrymas
1480 5308 1534 5355 et
1564 5298 1722 5354 ﬂetus
1787 5299 2062 5354 excitavit.
2107 5297 2360 5353 Nondum

793 5389 938 5443 enim
973 5389 1042 5444 ab
1062 5390 1335 5455 omnibus,
1368 5391 1460 5459 qui
1483 5405 1609 5444 eum
1657 5389 1915 5444 amabant
1964 5404 2029 5443 ac
2085 5388 2363 5443 desidera-

792 5481 947 5549 bant,
978 5494 1304 5554 conspectus
1328 5484 1525 5549 fuerat,
1559 5499 1687 5539 cum
1712 5481 2197 5547 audivit,divinum
2232 5479 2356 5535 Gre-

794 5577 1029 5646 gorium,
1076 5593 1424 5635 communem
1470 5579 1714 5635 omnium
1768 5576 2222 5637 consolationem,
2273 5574 2366 5644 qui

800 5686 1051 5727 verarum
1082 5670 1448 5729 Ecclesiarum
1463 5686 1559 5730 ore
1572 5672 1972 5739 celebrabatur,
1990 5681 2043 5728 et
2061 5671 2306 5726 auimatu
2318 5684 2365 5723 m

870 5852 1065 5908 “Rom.
1098 5869 1166 5921 ιι,
1186 5852 1275 5908 25.

2458 4652 2758 4722 ὑπηνέμιος
2794 4651 2982 4721 ῶσπερ
3031 4650 3166 4721 πρὸς
3204 4650 3303 4721 τὴν
3357 4650 3603 4720 μεγάλην
3658 4648 3770 4702 τῶν
3828 4635 4045 4700 πόλεων

2459 4743 2735 4798 ἀπαντῶν.
2761 4742 3038 4805 Τοιούτοις
3077 4737 3186 4795 οἶδε
3237 4740 3369 4804 Θεδς
3400 4742 3513 4803 τοῖς
3556 4740 3776 4811 πτεροῖς
3826 4737 4042 4802 δεξιοῦ-

2463 4837 2585 4891 σθαι
2614 4838 2742 4901 τοὺς
2782 4837 2883 4909 τὴν
2909 4836 3122 4890 ἑαυτῶν
3150 4834 3378 4905 καρδίαν
3401 4834 3538 4905 πρὸς
3560 4836 3769 4888 ἐκεῖνον
3797 4833 4047 4886 ἀναπτε-

2464 4929 2767 5001 ρώσαντας.

2532 5110 2639 5181 κγ’.
2692 5111 2850 5165 Ἀλλὰ
2881 5112 2991 5183 γὰρ
3020 5112 3079 5165 τὸ
3102 5112 3200 5182 μὲν
3233 5110 3417 5180 θαῦμα
3450 5110 3586 5181 πρὸς
3617 5109 3899 5179 ὑμνῳδίαν
3928 5112 4047 5162 ἐκίο

2464 5218 2544 5254 νει
2582 5201 2767 5254 τοῦτον
2790 5201 2946 5264 Θεοῦ,
2975 5201 3037 5254 τὺ
3068 5201 3126 5254 δὲ
3161 5202 3375 5272 συμϐἀν
3437 5202 3572 5271 πρὸς
3601 5201 3877 5269 ὀδυρμοὺς
3911 5219 4019 5270 παρ
4038 5234 4049 5240 -

2465 5293 2597 5347 ὠθει
2630 5295 2725 5347 καὶ
2774 5293 3006 5365 δάκρυα.
3063 5292 3232 5347 Οὔπω
3265 5294 3375 5365 γὰρ
3428 5294 3562 5347 πᾶσι
3614 5294 3729 5354 τοῖς
3784 5291 4047 5345 ποθοῦσιν

2466 5388 2668 5455 ὀφθεὶς,
2709 5386 3097 5457 ἀναμανθάνει,
3128 5387 3206 5449 ὡς
3226 5387 3255 5439 ό
3280 5386 3423 5450 θεῖος
3455 5384 3781 5456 Γρηγόριος,
3808 5384 3873 5438 τὸ
3925 5402 4041 5437 κοι-

2469 5479 2558 5530 νὸν
2586 5477 2979 5549 παρηγόρημα,
3017 5477 3079 5529 τὸ
3126 5476 3234 5529 τῶν
3281 5474 3624 5544 Ἐκκλησιῶν
3657 5472 3922 5544 ἀληθινὸν
3951 5491 4046 5526 πε-

2473 5569 2769 5639 ριλάλημα,
2831 5571 2891 5621 τὸ
2950 5567 3191 5638 ἔμψυχον
3249 5567 3361 5619 τῶν
3413 5566 3626 5635 ἀρετῶν
3672 5565 4046 5633 ἀποτύπωμα,

2475 5663 2686 5725 πολλοῖς
2717 5663 2980 5732 καμάτοις
3016 5659 3430 5730 κατακαμφθεὶς
3464 5661 3558 5713 καὶ
3598 5658 3784 5722 πόνοις
3834 5658 4049 5730 ἀμυθή-
