4164 6456
200 395 303 459 961

1766 391 1959 450 ΗΤΛ.

3354 399 3463 463 962

199 534 319 581 τοις
357 515 712 577 κατατακεὶς,
751 513 887 582 πρὸς
920 511 980 564 ὃν
1009 510 1196 564 ἐπόθει
1219 510 1354 564 Θεὸν
1384 509 1742 576 ὲπανέζευξεν

1888 509 2149 563 virtutum
2182 510 2461 581 exemplar
2507 523 2644 578 erat,
2668 514 2855 569 multis
2900 514 3179 569 laboribus
3230 518 3457 588 vietmn,

196 612 228 663 ὃ
262 610 357 662 καὶ
378 608 593 681 θρήνων
621 605 876 659 ὑπόθεσιν
899 604 1286 676 ποιησάμενος,
1313 604 1684 674 ἀναλαμϐάνει
1716 602 1778 656 τὸ

197 701 404 770 σκῆνος
452 702 510 753 ὲν
564 701 687 762 ταῖς
724 698 905 770 χερσὶ,
946 699 1042 751 καὶ
1078 696 1154 760 ὡς
1194 696 1438 767 ἔμψυχον
1476 698 1578 768 ήδη
1610 697 1774 767 ὀρῶν,

194 796 459 855 τοιαύτας
479 792 617 864 πρὸς
649 791 813 845 αὐτὸν
850 792 1087 844 ἐποιεῖτο
1115 788 1215 853 τὰς
1243 790 1639 860 παρακλήσεις,
1681 790 1778 843 θα-

200 884 411 946 λάσσας
438 881 685 953 δακρύων
715 878 773 947 ἐξ
802 879 1097 951 ὀφθαλμῶν
1132 879 1444 952 ἀπορρέων,
1478 879 1575 932 καὶ
1606 880 1774 941 πόδας

201 975 513 1046 ἑπιὸρέχων
537 973 662 1037 τοὺς
678 970 1206 1042 εὐαγγελισαμένους
1224 972 1445 1043 εἰρήνην
1458 972 1551 1024 καὶ
1570 970 1773 1040 ἀγαθά,

202 1067 328 1138 μεθ’
355 1062 429 1120 ῶν
447 1067 649 1128 ἐκεῖνος
674 1062 917 1134 ἐλήλυθε·
944 1080 962 1115 ι
994 1062 1118 1127 Πῶς
1147 1062 1406 1134 ὑπομενῶ
1433 1079 1546 1125 σου,
1570 1064 1771 1131 Πάτερ,

195 1162 302 1229 τὴν
334 1158 591 1229 στέρησιν
616 1176 631 1221 ;
659 1159 774 1220 πῶς
802 1156 847 1209 δ’
874 1155 1009 1227 ἄτερ
1040 1154 1135 1209 σοῦ
1189 1156 1270 1226 τῷ
1316 1156 1579 1226 περιγείῳ
1608 1154 1775 1225 χώρῳ

196 1251 507 1322 παραμενῶ
531 1268 547 1317 ;
582 1250 677 1312 Τίς
701 1266 805 1319 μου
832 1248 892 1302 τὸ
924 1248 1240 1319 θλιϐόμενον
1265 1248 1362 1316 τῆς
1386 1247 1564 1318 ψυχῆς
1594 1248 1773 1314 λόγοις

196 1342 576 1414 παρακαλέσει
601 1340 702 1410 τῆς
740 1340 1140 1411 παρακλήσεως
1162 1356 1176 1405 ;
1202 1338 1306 1391 τίνι
1333 1339 1388 1391 δὲ
1415 1341 1507 1392 καὶ
1540 1339 1629 1392 τὸν
1655 1355 1768 1408 χει-

197 1436 357 1505 μῶνα
385 1434 493 1489 τῶν
518 1435 793 1505 λογισμῶν
820 1434 1183 1505 άναγνωρίσω
1214 1435 1376 1500 ποτέ;
1406 1434 1526 1487 τίνα
1552 1433 1770 1504 εὕροιμι

190 1521 281 1579 οἷα
308 1526 543 1594 Χριστὸν
570 1526 745 1600 ταύτῃ
764 1529 829 1596 τῇ
852 1526 1061 1597 χαλεπῇ
1094 1524 1335 1595 θαλάσσῃ
1353 1524 1432 1590 τὺ,
1460 1524 1768 1594 Φιμώθητι,

193 1619 550 1688 ἐπιλέγοντας
584 1620 700 1672 Ἰνα
727 1619 779 1671 τί
808 1618 885 1689 μὴ
912 1617 1129 1688 πρῶτον
1155 1616 1255 1686 ἐμὲ
1293 1616 1367 1687 τῷ
1400 1616 1479 1686 σῷ
1520 1614 1771 1687 Δεσπότῃ

192 1711 572 1781 προέπεμπες,
599 1711 663 1763 ἶν’
694 1706 859 1781 εἶχον,
883 1710 1034 1780 παρὰ
1079 1710 1262 1781 χερσὶν
1309 1709 1603 1779 ἀποψύχων
1649 1709 1767 1770 ταῖς

194 1807 337 1869 σαῖς,
368 1804 478 1858 τῶν
498 1807 555 1858 ἐν
577 1805 698 1874 ἀέρι
721 1803 1022 1857 ὀδοστατῶν
1047 1806 1142 1855 καὶ
1168 1802 1422 1874 πονηρῶν
1455 1800 1766 1872 φορολόγων

1879 608 1933 652 et
1960 599 2219 654 aerumnis
2253 600 2557 655 innumeris
2579 602 2909 667 conlectum,
2937 606 3003 658 ad
3062 604 3252 671 Deum,
3296 624 3458 677 quem

1878 688 2242 755 desiderabat,
2276 692 2719 763 emigrasseH).
2751 693 2864 749 Hoc
2917 707 3176 766 tanquam
3234 697 3459 753 ﬂetuum

1878 796 1943 836 ac
1975 781 2339 854 laerymarum
2368 786 2657 840 materiam
2719 787 3019 856 accipiens,
3078 805 3280 860 corpus
3316 790 3460 846 illius

1876 875 2131 928 manibus
2166 876 2598 943 amplexabatur,
2642 886 2697 931 et
2731 888 2988 946 tanquam
3044 882 3223 937 adhuc
3271 882 3459 936 vivum

1876 955 2166 1036 aspiceret,
2199 966 2334 1021 tales
2372 967 2438 1020 ad
2462 981 2587 1021 eum
2622 968 2984 1024 allocutiones
3017 972 3289 1040 dirigebat
3311 973 3450 1042 (tiu-

1875 1058 2021 1112 mina
2039 1059 2403 1130 lacrymarum
2424 1073 2488 1113 ex
2504 1059 2679 1113 oculis
2697 1060 3055 1130 profundens,
3074 1072 3126 1116 et
3149 1066 3310 1133 pedes
3338 1066 3459 1121 illos

1874 1149 2131 1219 irrigans,
2162 1150 2255 1219 qui
2288 1149 2796 1220 evangelizaverant
2836 1167 3022 1221 pacrm
3074 1169 3138 1207 ac
3171 1156 3309 1211 bona
3331 1173 3455 1212 cum

1872 1242 2074 1311 quibus
2119 1241 2207 1294 ille
2239 1242 2482 1310 venerat)
2515 1256 2529 1292 :
2567 1259 2586 1292 ι
2613 1239 2895 1307 Quomodo
2941 1243 3212 1298 sustinere
3244 1257 3455 1314 potero,

1872 1348 1905 1386 0
1927 1333 2105 1397 Pater,
2135 1331 2334 1398 aiebat,
2359 1333 2430 1386 ita
2457 1333 2577 1389 sine
2607 1344 2658 1388 te
2678 1334 2840 1389 orbus
2874 1336 3199 1390 remanere?
3228 1337 3347 1402 Quo
3361 1353 3460 1406 pa-

1869 1433 1958 1477 cto
1979 1421 2167 1493 procul
2201 1434 2306 1476 ate
2336 1423 2387 1476 in
2447 1424 2548 1478 bac
2594 1434 2806 1478 terrena
2845 1426 3066 1495 regione
3086 1427 3460 1495 permanebo?

1870 1514 2003 1579 Quis
2023 1513 2206 1568 cordis
2232 1514 2335 1567 mei
2362 1516 2645 1583 angustias
2674 1516 3023 1571 suavissimis
3042 1519 3298 1588 alloquiis
3316 1534 3454 1573 cono

1870 1606 2134 1661 Solabitur
2166 1604 2189 1658 3
2219 1605 2320 1659 Coi
2351 1614 2542 1676 potero
2576 1607 2871 1662 identidem
2933 1623 3209 1679 exponere
3238 1612 3450 1681 cogita-

1868 1700 2080 1753 tionum
2108 1712 2351 1750 mearum
2388 1707 2786 1767 tempestatem,
2816 1710 2873 1752 nt
2912 1700 3131 1755 scilicet
3168 1699 3450 1754 Christum

1869 1792 2163 1851 inveniam,
2196 1790 2286 1860 qui
2344 1790 2564 1844 turbido
2606 1792 2732 1846 huic
2791 1793 3038 1847 mortalis
3080 1792 3201 1847 vita:
3254 1793 3448 1862 pelago

190 1897 288 1961 τάς
326 1896 679 1967 παλαμναίας
711 1899 900 1967 χεῖρας
944 1894 1361 1965 ἀποδιδράσκειν
1401 1893 1490 1949 διὰ
1521 1893 1620 1961 τῆς
1665 1892 1758 1961 σῆς

1867 1885 2247 1947 conuninctur,
2274 1897 2337 1936 ac
2368 1883 2513 1937 dicat
2546 1899 2559 1935 :
2594 1881 2973 1951 Compescere,
3002 1900 3064 1938 ac
3092 1885 3320 1938 sedare?
3341 1884 3453 1938 Cur

192 1988 627 2059 παρακλήσεως;
659 1988 805 2058 Πλὴν
827 1986 1013 2058 ἐπειδὴ
1047 1987 1414 2057 προέδραμες,
1444 1985 1490 2037 ῶ
1517 1987 1763 2054 γενναῖος

186 2080 286 2152 τὴν
320 2081 501 2152 ψυχὴν
522 2082 771 2153 καὶπρὸς
795 2081 986 2144 πόνους
1008 2081 1311 2145 ὰνὲνδοτος,
1337 2079 1399 2132 τὸ
1421 2078 1644 2143 ἀσθενὲς
1664 2078 1763 2148 τῆς

187 2172 331 2242 ἐμῆς
366 2174 545 2243 ψυχῆς
566 2172 936 2245 άναὶρῤὠννυε,
961 2174 1053 2225 καὶ
1082 2172 1177 2226 σοῦ
1222 2175 1344 2236 ταῖς
1375 2174 1607 2236 πυκναῖς
1639 2174 1763 2224 ὲπι-

188 2266 435 2327 στασίαις
464 2266 523 2316 ὲν
549 2265 703 2317 νυκτὶ
755 2263 855 2334 μὲν
898 2266 992 2317 καὶ
1050 2265 1109 2316 ὲν
1160 2263 1345 2336 ήμέρᾳ
1377 2264 1513 2334 πρὸς
1551 2263 1620 2317 τὰ
1659 2264 1754 2317 τοῦ

186 2356 321 2410 Θεοῦ
362 2355 625 2410 διευθέτει
649 2355 933 2426 θελήματα
955 2374 968 2387 ·
999 2354 1066 2408 ἵν’
1101 2354 1207 2408 ὑπὸ
1236 2355 1333 2426 τήν
1369 2355 1579 2408 ἐκείνου
1604 2357 1763 2425 χεῖρα

182 2448 283 2519 τὴν
316 2449 583 2519 κραταιάν
608 2447 1053 2517 ταπεινούμενος,
1086 2447 1175 2500 διά
1221 2449 1327 2500 τῶν
1364 2447 1472 2499 σῶν
1521 2462 1762 2516 προσευο

184 2539 321 2608 χῶν,
356 2537 422 2603 ἃς
451 2538 670 2609 άμέσως
697 2536 873 2602 τελεῖς
898 2540 963 2608 τῇ
997 2537 1247 2609 μακαρίᾳ
1273 2537 1461 2608 Τριάδι
1484 2535 1764 2605 καταλαμ-

181 2631 448 2700 πόμενος,
474 2629 727 2694 άὸλασῶς
742 2628 898 2682 διαπε
909 2632 1059 2700 ράσω
1082 2628 1175 2682 τοῦ
1203 2629 1318 2698 βίου
1347 2627 1443 2697 τήν
1466 2626 1759 2691 θάλασσαν,

178 2723 279 2775 καὶ
312 2720 408 2774 σοῦ
436 2720 510 2791 τῷ
543 2721 719 2792 λιμένι
748 2720 1191 2793 προσορμισθεὶς,
1222 2719 1475 2788 βλέποιμί
1501 2735 1560 2772 σε
1585 2718 1761 2789 διηνε-

180 2814 293 2876 κῶς
319 2815 463 2868 κατά
493 2814 593 2884 τὴν
630 2814 961 2883 άδιάτμητον
990 2811 1205 2865 ἕνωσιν.
1239 2830 1258 2863 ι

1861 1994 1947 2032 me
1986 1979 2219 2045 priorem
2254 1977 2319 2029 ad
2372 1976 2661 2030 Dominum
2695 1986 2846 2029 tuum
2898 1992 3003 2030 non
3034 1976 3365 2047 pramisisti,
3395 1986 3453 2031 ut

1861 2070 2070 2125 scilicet
2096 2084 2308 2139 possem
2349 2084 2444 2138 per
2497 2077 2616 2122 tuas
2669 2083 2865 2122 manus
2908 2070 3205 2138 respirare,
3236 2084 3451 2123 aeme-

1861 2161 2043 2215 diante
2072 2160 2447 2214 consolatione
2472 2169 2562 2214 tua
2597 2162 2961 2229 pessimarum
2991 2178 3168 2217 aerea:
3202 2163 3448 2230 regionis

1862 2250 2303 2304 stationariorum
2344 2257 2505 2317 atque
2537 2257 2853 2301 exactorum
2889 2253 3197 2303 daemonum
3257 2259 3449 2303 trucu-

1867 2343 2039 2396 lentas
2069 2356 2265 2394 manus
2289 2338 2523 2408 eﬂ'ngere
2542 2340 2566 2391 ἲ
2585 2338 2989 2404 Verumtamen,
3008 2339 3448 2409 quandoquidem

1868 2433 2530 2504 praecurristi,generosus
2559 2431 2767 2497 animo,
2791 2440 2845 2484 ct
2900 2432 2953 2484 in
2988 2432 3263 2487 laboribus
3297 2434 3453 2485 intle-

1868 2525 2067 2587 fessus,
2099 2524 2296 2578 auin‘iar
2330 2538 2463 2577 mea:
2501 2522 2869 2578 inﬁrmitatem
2907 2526 3227 2588 corrobora,
3251 2533 3305 2577 et
3340 2522 3450 2577 fre-

1864 2618 2159 2688 quentibus
2190 2617 2455 2688 praesidiis
2493 2618 2775 2671 tuisnocte
2830 2634 2895 2672 ac
2928 2616 3016 2670 die
3046 2618 3111 2671 ad
3136 2617 3226 2670 Dei
3250 2617 3447 2671 volun-

1866 2716 2035 2762 tatem
2066 2706 2403 2759 ellicieudam
2460 2705 2815 2774 dispone;ut
2871 2708 2976 2759 sub
3040 2706 3245 2775 potenti
3305 2705 3448 2759 illius

1866 2813 2031 2853 manu
2057 2797 2398 2862 humiliatus,
2424 2813 2518 2869 per
2538 2798 2671 2852 tales
2691 2812 2900 2867 preces,
2921 2812 3060 2867 quas
3080 2796 3198 2851 sine
3224 2797 3334 2876 ullo
3359 2797 3445 2850 in—

178 2904 448 2958 lermedio
478 2902 806 2959 beatissima:
859 2900 1111 2956 'l'rinitati
1172 2900 1547 2956 lucidissimus
1611 2889 2027 2950 ell‘undis.sine
2092 2885 2395 2942 oll'ensione
2458 2887 2584 2942 vitae
2616 2886 2780 2957 hujus
2848 2902 2996 2941 mare
3044 2899 3442 2963 pertranseam,

174 3007 231 3053 et
250 2998 319 3052 ad
350 3008 505 3053 tuum
559 3008 776 3068 portum
832 2997 1122 3068 appulsus,
1178 3012 1273 3065 per
1334 2990 1754 3062 inseparabilem
1796 2982 2056 3037 unionem
2094 2990 2144 3035 te
2179 2996 2393 3050 semper
2428 2982 2664 3036 intuear.
2704 2998 2723 3032 ι

246 3091 352 3147 κδ’.
401 3091 587 3156 Οὕτως
643 3092 812 3147 εἰπὼν
862 3092 941 3163 τῷ
976 3091 1127 3160 τόπῳ
1173 3089 1631 3161 προσκαρτερεῖν,
1692 3086 1750 3139 ὲν

1929 3076 2019 3131 ει.
2053 3075 2149 3132 llis
2181 3076 2365 3143 dictis,
2401 3076 2455 3130 in
2480 3077 2669 3130 eodem
2695 3076 2814 3129 loco
2842 3085 3161 3129 constanter
3193 3091 3442 3145 persevc-

170 3178 328 3253 ᾧπερ
357 3186 384 3238 ό
421 3184 562 3247 θεῖος
590 3184 885 3255 Γρηγόριος
911 3183 1294 3252 ἐγκλειόμενος
1321 3181 1423 3251 τῆς
1462 3178 1753 3249 φιλοσόφου

1862 3167 2042 3232 rarit,
2094 3168 2147 3221 in
2182 3182 2292 3237 quo
2334 3167 2553 3220 divinus
2583 3164 2880 3235 Gregorius
2919 3166 3164 3219 inclusus
3203 3165 3444 3234 philoso-

171 3236 882 3345 ξιαλέιίᾷτρας’ἀᾷτὲξχὲτοξ
927 3236 1181 3344 ἑλόμενος
1223 3236 1530 3343 ἔχεινμτῶν
1576 3236 1752 3322 πόνων

1863 3258 2023 3329 phica
2080 3272 2201 3311 sese
2250 3258 2301 3310 in
2339 3257 2587 3326 palaestra
2618 3266 2974 3319 exercuerat,
3019 3254 3291 3324 elegitque
3334 3254 3437 3310 sibi

173 3364 555 3437 συμμεριστὴν
595 3344 869 3437 Ἰωάννην,
900 3365 991 3418 τὸν
1035 3363 1128 3418 τοῦ
1163 3363 1403 3434 μεγάλου
1446 3359 1749 3432 Γρηγορίου

1863 3349 2074 3405 socium
2131 3347 2377 3402 laborum
2419 3360 2647 3402 suorum
2692 3344 2957 3401 Joannem
2992 3345 3317 3415 quemdam,
3346 3345 3440 3416 qui

169 3463 439 3532 φοιτητήν
494 3436 554 3511 τε
607 3458 701 3511 καὶ
752 3436 1020 3529 ζηλωτήν.
1082 3450 1151 3529 ᾯ
1211 3454 1525 3527 συμϐιώσεις
1562 3453 1750 3523 χρόνον

1862 3439 2044 3508 magni
2097 3436 2342 3505 Gregorii
2393 3436 2691 3505 discipulus
2742 3448 2860 3489 erat
2909 3445 3073 3506 atque
3117 3437 3438 3502 aemulator,

173 3528 403 3621 συχνθλν,
424 3550 600 3603 ἐδόκει
632 3528 924 3620 βλέπεσθαι
949 3528 1270 3619 Γρηγόριος,
1302 3549 1395 3601 καλ⁵
1441 3546 1615 3608 διδοὺς
1656 3545 1751 3597 καὶ

1859 3544 1985 3582 cum
2034 3543 2144 3598 quo
2196 3528 2371 3583 multo
2416 3535 2658 3597 tempore
2700 3529 2867 3582 vitam
2913 3528 3246 3593 traducens,
3285 3528 3439 3581 vide-

167 3618 467 3711 λαμὸάνων
526 3618 780 3711 ἀφορμάς
809 3618 1281 3710 unaunam;
1337 3637 1446 3708 γάρ
1490 3630 1605 3705 εἶχε
1654 3635 1749 3688 καὶ

1859 3620 2016 3675 batur
2042 3621 2147 3675 sibi
2179 3619 2501 3690 Gregorium
2530 3619 2705 3690 ipsum
2736 3619 2940 3684 videre,
2972 3634 3034 3673 ac
3060 3619 3226 3671 multa
3265 3618 3432 3672 dabat

180 3732 440 3800 Ἰωάννης
496 3730 911 3801 ἐπικαθημένας
949 3732 1017 3801 τῇ
1056 3729 1276 3803 γλώσσῃ
1333 3729 1434 3793 τὰς
1496 3728 1746 3800 χάριτας.
1834 3774 1851 3793 η

180 3823 338 3877 Ἐπεὶ
366 3823 422 3876 δὲ
447 3824 540 3875 καὶ
576 3817 753 3888 οὗτος,
780 3822 1008 3895 νηστείᾳ
1039 3822 1135 3876 καὶ
1174 3820 1456 3894 ἀγρυπνίᾳ
1506 3820 1747 3873 καταδα-

168 3917 355 3987 μάσας
381 3916 442 3969 τὸ
474 3916 569 3985 τῆς
597 3916 771 3987 ψυχῆς
802 3914 1216 3985 περικάλυμμα,
1246 3914 1383 3986 πρὸς
1408 3912 1543 3967 Θεὸν
1564 3910 1746 3982 ἐξεδή-

169 4021 367 4077 μησεν⁶
405 4006 588 4068 όθεῖος
630 4004 825 4075 Ἰωσὴφ
856 4005 948 4058 τὸν
966 4005 1131 4058 τόπον
1169 4001 1505 4069 καταλιπὼν,
1540 4001 1617 4072 τῷ
1649 3999 1743 4053 τοῦ

170 4097 411 4167 μεγάλου
444 4096 537 4149 καὶ
570 4096 771 4166 χρυσοῦ
825 4094 924 4167 τήν
976 4096 1227 4164 γλῶσσαν
1292 4094 1540 4148 Ἰωάννου
1592 4091 1744 4164 σηκῷ

163 4186 555 4254 ἐμφιλοχωρεῖ,
578 4184 652 4247 ῶς
686 4200 809 4237 τινα
852 4183 1124 4255 θησαυρὸν
1158 4182 1501 4251 ἑπαγόμενος
1532 4182 1741 4252 Γρηγο-

166 4277 285 4343 ρίου
310 4274 372 4327 τὺ
402 4274 694 4344 ίερὼτατον
720 4272 973 4342 λείψανον
1006 4274 1102 4326 καὶ
1140 4272 1233 4325 τοῦ
1266 4270 1428 4325 αὐτοῦ
1472 4270 1740 4343 μαθητοῦ,

164 4363 378 4418 πολλῶν
407 4362 924 4434 συνδεδραμηκότων
970 4361 1112 4416 κατὰ
1171 4362 1388 4427 ταυτὸν,
1434 4361 1577 4414 ὥστε
1619 4378 1741 4414 ποι-

164 4453 460 4525 μαίνεσθαι
487 4454 582 4508 καὶ
608 4452 1028 4523 καθοδηγεῖσθαι
1064 4453 1329 4524 τεχνικῶς
1382 4451 1514 4522 παρ’
1545 4452 1736 4518 αὑτοῦ,

161 4546 258 4599 καὶ
291 4544 538 4616 γλώττης
596 4544 813 4616 ἐκείνης
851 4544 1158 4615 ἀκροᾶσθαι
1203 4546 1301 4616 τῆς
1334 4544 1619 4615 μελιχρᾶς,
1662 4545 1737 4605 ὡς

159 4637 335 4691 ἐδίδου
357 4635 452 4690 τοῦ
483 4637 652 4691 τόπου
696 4636 757 4690 τὸ
793 4635 1114 4691 πάνσθενον.
1147 4636 1313 4690 Ὅθεν
1368 4635 1464 4689 καὶ
1504 4626 1734 4706 πλησίον

153 4728 251 4783 τοῦ
310 4729 500 4795 τόπου,
540 4729 752 4800 ἐρήμου
809 4728 931 4782 τότε
977 4729 1158 4799 πάντη
1209 4728 1589 4798 τυγχάνοντος,
1645 4729 1737 4779 ὲν-

159 4819 406 4891 ιδρύεται
448 4819 864 4891 φροντιστήριον
886 4832 902 4847 ⁸
930 4820 989 4873 ἐν
1012 4814 1057 4888 ᾧ
1090 4819 1153 4874 τό
1185 4836 1246 4871 τε
1275 4818 1477 4888 πλῆθος
1507 4818 1742 4873 κατατέ-

158 4929 286 4981 μνει
309 4910 419 4963 τῶν
448 4909 731 4981 μαθητῶν,
756 4910 852 4964 καὶ
874 4910 979 4981 πρὸ
1014 4910 1236 4965 πάντων
1269 4911 1342 4973 ὦς
1374 4926 1425 4962 τι
1456 4909 1739 4980 κειμήλιον

158 5000 361 5054 ἄσυλον
391 4999 452 5052 τὸ
478 5000 672 5070 σκῆνος
699 4999 795 5053 τοῦ
824 5000 1066 5072 μεγάλου
1096 5000 1194 5055 καὶ
1219 4999 1312 5055 τοῦ
1349 5000 1607 5071 φοιτητοῦ
1637 5018 1738 5055 xa-

155 5091 454 5146 τατίθεται.

226 5350 326 5406 κε’.
362 5352 438 5405 Οὐ
473 5351 601 5422 μὴν,
629 5351 742 5405 ἀλλ’
790 5352 978 5422 ἐπειδὴ
1029 5354 1197 5408 πάλαι
1227 5357 1337 5418 τοῖς
1378 5354 1732 5417 Θεσσαλικοῑς

156 5444 514 5518 ἐνδιατρίϐων
542 5444 731 5512 ὁρίοις,
769 5446 921 5515 παρά
948 5462 1091 5509 τινος
1128 5446 1274 5499 θείου
1303 5447 1495 5516 ἀνδρὸς
1514 5450 1606 5499 καὶ
1630 5453 1729 5515 τήν

154 5536 359 5603 γνῶσιν
397 5536 458 5587 οὐ
489 5534 747 5605 μιμητοῦ,
775 5534 836 5587 τὸ
868 5535 1010 5589 θεῖον
1032 5535 1123 5590 καὶ
1145 5539 1455 5608 γεριὶιτατον
1476 5538 1729 5607 λείψανον

1853 3723 1909 3766 et
1971 3711 2272 3781 accipiebat
2315 3711 2576 3764 virtutum
2621 3710 2969 3765 documenta.
3017 3709 3225 3763 Etenim
3268 3708 3436 3763 Joan-

1858 3818 1956 3857 nes
1988 3804 2153 3857 etiam
2190 3803 2457 3873 plurimas
2496 3802 2549 3855 in
2615 3802 2797 3873 lingua
2839 3801 3080 3856 cbarites
3132 3803 3433 3855 residentes

1853 3894 2107 3949 habebat.
2159 3892 2458 3965 Postquam
2517 3903 2699 3948 autem
2749 3894 2853 3947 iste
2899 3893 3150 3947 similiter
3200 3892 3430 3962 jejuniis

1852 3986 2162 4057 vigiliisque
2215 4002 2447 4057 corpore
2495 3988 2737 4041 edomito
2784 3996 2949 4054 atque
2989 3996 3318 4054 consumpto
3362 3986 3431 4041 ad

1854 4076 2024 4131 Deum
2066 4078 2352 4147 emigravit
2397 4095 2411 4131 :
2465 4077 2683 4131 divinus
2723 4075 2918 4145 Josepl:
2943 4117 2957 4142 ,
2992 4076 3109 4130 loco
3152 4076 3245 4129 illo
3274 4079 3434 4131 dere-

1853 4169 2013 4235 licto,
2051 4171 2105 4223 in
2136 4170 2316 4240 magni
2346 4178 2511 4239 atque
2541 4184 2707 4224 aurea
2738 4168 2922 4238 lingua
2960 4168 3169 4238 praediti
3202 4167 3433 4224 Joannis

1852 4263 2055 4333 templo
2114 4263 2346 4317 libenter
2398 4262 2863 4327 conversabatur,
2910 4262 2963 4316 in
3007 4277 3117 4331 quo
3169 4271 3427 4331 tauquam

1850 4356 2166 4407 thesaurum
2219 4355 2509 4422 quemdam
2555 4352 2963 4408 sacratissimas
3009 4352 3253 4423 Gregorii
3299 4354 3428 4408 reli-

1848 4444 2041 4515 quias,
2080 4444 2309 4514 ejusque
2350 4444 2604 4513 discipuli
2660 4445 2973 4498 collocavit.
3016 4443 3203 4499 Multis
3242 4454 3424 4499 autem

1850 4540 1914 4593 ad
1960 4555 2083 4593 eum
2126 4540 2617 4603 concurrentibus,
2667 4549 2724 4593 nt
2758 4540 2827 4594 ab
2870 4554 2936 4593 eo
2967 4548 3307 4608 regerentur,
3339 4555 3427 4594 so-

1843 4631 2074 4701 lertique
2101 4646 2232 4685 cura
2264 4630 2651 4701 dirigerentur,
2688 4641 2742 4685 et
2766 4630 2967 4697 lingua:
3001 4630 3148 4687 illius
3178 4631 3425 4686 mellitis.

1842 4723 1997 4778 sima:
2018 4738 2215 4777 arcana
2246 4723 2517 4788 audirent,
2548 4725 2798 4792 angustia
2829 4723 2931 4778 loci
2955 4737 3051 4779 eos
3072 4724 3421 4780 excludebat.

1844 4812 2000 4869 Unde
2029 4829 2155 4868 cum
2186 4814 2363 4869 locum
2397 4817 2757 4882 undequaque
2780 4812 3058 4868 desertum
3096 4828 3203 4867 non
3234 4813 3423 4882 procul

1840 4904 1968 4959 inde
1998 4904 2318 4969 invenisset,
2344 4904 2416 4958 ibi
2443 4905 2626 4959 sedem
2653 4919 2833 4968 suam,
2866 4918 3124 4960 curarum
3152 4904 3419 4967 scholam,

1840 4993 2163 5056 collocavit,
2208 4994 2261 5047 in
2312 5009 2417 5064 qua
2452 5005 2506 5049 et
2558 4994 2960 5066 discipulorum
3008 4995 3417 5049 multitudinem

1840 5087 2156 5151 distribuit,
2216 5095 2271 5141 et
2324 5096 2452 5142 ante
2503 5089 2725 5153 omnia,
2786 5096 3045 5154 tanquam
3100 5083 3417 5141 inviolabile

1845 5177 2116 5247 quoddam
2150 5177 2578 5233 'monimentum
2634 5179 2819 5247 magni
2873 5177 3121 5247 Gregorii
3184 5188 3240 5231 et
3298 5177 3421 5246 ejus

1840 5268 2085 5336 discipuli
2117 5283 2319 5339 corpus
2349 5270 2657 5325 collocavit.

1908 5359 1999 5413 25.
2056 5358 2327 5425 Quoniam
2376 5375 2507 5415 vero
2551 5361 2679 5415 olim
2748 5361 2800 5413 in
2846 5360 3179 5416 Thessalicis
3221 5358 3419 5413 ﬁnibus

1839 5452 2006 5505 vitam
2048 5452 2344 5507 traducens
2375 5467 2403 5505 a
2462 5453 2581 5506 viro
2617 5454 2856 5523 quodam
2889 5453 3112 5516 divino,
3151 5460 3205 5505 et
3241 5451 3295 5504 in
3337 5450 3410 5503 di-

1837 5542 1961 5595 vina
2001 5544 2232 5598 scientia
2278 5545 2733 5615 incomparabili,
2766 5545 2980 5601 divinas
3011 5559 3075 5600 ac
3105 5541 3414 5599 sacratissi-

182 5734 305 5814 .(t)
338 5733 585 5805 Elogium
618 5735 669 5792 in
732 5735 949 5793 Menaeis
988 5736 1059 5794 20
1130 5736 1472 5805 Novembris,
1520 5740 1666 5795 brevi
1739 5741 2030 5797 admodum
2094 5754 2335 5814 tempore
2401 5744 2656 5805 reducem
2697 5743 3017 5817 Gregorium
3073 5741 3277 5801 vixisse
3326 5737 3412 5795 itt-

155 5817 357 5859 ειιιυειι.
