4164 6456
213 412 321 472 905

1772 422 1966 482 VlTA.

3361 437 3469 505 966

211 518 435 589 τῷήδεί
483 520 580 590 τὴν
624 521 935 591 δυναμένην
986 523 1285 597 συμϐαλεῖν
1313 522 1425 589 τοῖς
1474 527 1774 600 λεγομένοις

1894 535 2111 599 bantur,
2162 548 2397 592 mcntcm
2434 540 2702 607 potuisset
2747 544 3101 615 animumque
3156 546 3463 617 advertere,

207 610 469 667 διάνοιαν.
506 613 615 666 Καὶ
644 617 797 667 ποῖον
824 618 936 686 γὰρ
977 614 1115 678 εἶδος
1158 615 1371 669 ἐκεῖθεν
1408 616 1663 686 φθόγγων
1689 622 1791 674 οὐκ

206 703 523 758 έδιδάσκετο
559 707 873 775 μουσικῶν;
924 708 1110 779 ἢποία
1152 708 1314 779 χάρις
1353 710 1453 763 οὐκ
1506 710 1790 782 ἐπέλαμπε

204 799 324 860 τοῖς
350 797 812 870 ᾲςματιζομένοις
837 800 985 872 αὕτῷ
1012 818 1027 866 ;
1070 801 1309 855 Ἐκεῖθεν
1341 801 1508 868 ὕπνος
1556 804 1652 857 καὶ
1679 806 1790 867 τοῖς

203 890 351 957 ἄγαν
390 889 657 961 ῥᾳθύμοις
698 893 1114 959 ἁπετινάσσετο,
1150 893 1441 948 σπεύδουσι
1484 895 1789 967 κηληθῆναι

201 981 307 1051 τὴν
328 982 497 1051 ἀκοὴν
526 983 665 1052 ὁμοῦ
697 986 791 1038 καὶ
825 984 1066 1039 διάνοιαν
1100 984 1180 1056 τῷ
1224 986 1434 1058 λιγυρῷ
1461 990 1791 1058 προσφωνή-

204 1089 363 1141 ματι.
398 1072 681 1127 Ἐντεῦθεν
705 1075 801 1128 καὶ
830 1076 943 1138 τοῖς
978 1075 1112 1146 πρὸς
1140 1075 1342 1146 ἀρετὴν
1390 1077 1617 1140 ἑαυτοὺς
1667 1079 1789 1129 ὲπι-

199 1162 441 1214 τείνουσι
462 1164 559 1231 τῆς
588 1165 793 1235 ἀρετῆς
821 1167 853 1237 ἡ
881 1165 995 1231 ἕξις
1020 1167 1436 1238 κατανενόηται.
1482 1168 1669 1223 Ταῦτα
1696 1168 1791 1222 καὶ

200 1254 251 1304 oi.
281 1254 343 1307 ὲν
365 1252 563 1317 λύπαις
600 1255 1094 1328 ἀναλαμὸάνοντες,
1125 1257 1185 1310 τὺ
1211 1256 1456 1329 ἀθυμοῦν
1479 1261 1570 1312 καὶ
1598 1260 1788 1315 δακνό-

203 1362 371 1413 μενον
395 1346 493 1415 τῆς
532 1346 711 1418 ψυχῆς
762 1350 1148 1421 κατεκοίμιζον
1173 1366 1185 1378 '
1238 1352 1450 1415 τούτοις
1495 1352 1590 1405 καὶ
1626 1355 1675 1407 οἱ
1729 1354 1787 1405 ὲν

198 1440 441 1511 εὐθυμία
469 1441 621 1505 ὄντες
654 1448 791 1514 πρὸς
821 1444 1018 1515 ἡδονῆς
1050 1446 1174 1499 κατ’
1210 1446 1371 1501 ἄλλον
1418 1448 1619 1517 τρόπον
1654 1467 1786 1519 μετ-

201 1530 440 1584 έπιπτον
460 1533 694 1605 δάκρυα.
712 1536 776 1588 Οί
803 1536 1106 1607 γράφοντες
1129 1536 1204 1599 δὲ,
1234 1541 1346 1601 τοῖς
1376 1538 1551 1603 ἄλλοις
1577 1542 1787 1611 χαίρειν

198 1625 450 1686 εἰπόντες
483 1627 782 1696 πονήμασι,
837 1631 950 1692 τοῖς
1000 1628 1095 1682 τοῦ
1128 1630 1277 1683 θείου
1330 1629 1525 1700 Ἰωσὴφ
1550 1632 1683 1686 πολύ
1732 1650 1783 1686 τι

197 1716 390 1788 κέρδος
409 1718 432 1767 ὲ
442 1717 698 1789 μμελῳδή
708 1735 841 1787 μασι
867 1721 1279 1792 συνηθροίκασι,
1326 1722 1528 1791 μᾶλλον
1554 1723 1611 1777 δὲ
1665 1740 1786 1777 συν-

196 1808 539 1876 αθροίζουσι.
586 1810 625 1861 Γ
628 1810 829 1864 λῶσσαι
856 1811 966 1883 γὰρ
1010 1814 1184 1867 πᾶσαι
1232 1813 1374 1867 κατὰ
1419 1815 1611 1884 φυλὰς,
1647 1815 1785 1886 πρὸς

1897 628 2036 681 mira
2067 630 2356 686 dulcedine
2399 632 2729 687 oblectabat.
2763 633 2978 691 Etenim
3020 640 3201 708 qualis
3230 644 3469 697 musico-

1895 737 2019 777 rum
2059 738 2319 778 sonorum
2365 726 2579 794 species
2629 726 2755 781 inde
2786 743 2893 783 non
2931 732 3356 789 addiscebatur?
3386 739 3467 793 vel

1892 812 2071 882 qualis
2099 814 2269 883 gratia
2310 816 2362 868 iu
2397 816 2482 877 iis,
2509 830 2630 884 qua:
2665 815 2733 869 ab
2760 816 2947 871 eodem
2976 821 3330 889 canebantur,
3360 842 3468 880 non

1891 905 2182 958 eludebat?
2210 904 2339 958 lude
2371 908 2451 958 vel
2491 907 2861 974 ignavissimis
2894 923 2957 962 ac
3012 914 3260 968 socordia
3291 916 3468 982 plenis

1893 1011 2121 1051 somnus
2153 997 2555 1064 excutiebatur,
2594 998 2985 1056 festinantibus
3019 1003 3085 1056 ad
3114 1005 3469 1064 oblectandas

1891 1102 2051 1142 aures
2099 1089 2265 1142 simul
2312 1097 2367 1143 et
2413 1089 2660 1143 animum
2706 1100 2869 1145 cantu
2921 1091 3069 1149 illius
3116 1096 3465 1153 suavissimo.

1890 1178 2018 1234 lude
2064 1192 2116 1236 et
2152 1182 2280 1244 illis,
2314 1181 2406 1250 qui
2447 1182 2515 1235 ad
2547 1183 2804 1237 virtutem
2840 1185 3193 1242 vehementer
3219 1188 3464 1245 animum

1891 1274 2266 1335 intendebant,
2331 1275 2552 1331 virtutis
2615 1274 2791 1345 ipsius
2842 1275 3062 1333 habitus
3116 1292 3469 1347 comparatus

1890 1372 1994 1415 est.
2030 1360 2152 1414 Ihec
2185 1364 2445 1417 memoria
2493 1372 2804 1433 repetentes
2837 1364 2938 1429 illi,
2983 1366 3075 1436 qui
3109 1384 3345 1425 mmrore
3371 1385 3472 1441 0p-

1889 1453 2061 1522 pressi
2098 1462 2274 1515 erant,
2311 1454 2480 1507 animi
2510 1455 2861 1524 pusillitatem
2908 1472 2975 1513 ac
3022 1459 3329 1514 molestiam
3370 1461 3468 1518 de-

1888 1545 2182 1612 ponebant.
2244 1545 2338 1599 His
2389 1548 2553 1599 ctiam
2626 1547 2704 1601 illi
2748 1548 2840 1618 qui
2896 1550 3226 1607 hilaritatem
3296 1554 3464 1608 animi

1886 1634 2331 1701 experiebantur,
2365 1636 2429 1688 ad
2466 1636 2760 1707 voluptatis
2790 1639 3079 1710 lacrymas,
3116 1643 3209 1697 sed
3245 1643 3469 1699 diverso

1887 1725 2071 1789 modo,
2112 1726 2404 1780 transitum
2450 1728 2748 1785 faciebant.
2805 1729 3122 1801 Scriptores
3174 1742 3357 1788 autem
3408 1734 3463 1789 iu

1887 1814 2014 1868 aliis
2060 1816 2319 1884 operibus
2373 1821 2773 1888 componendis
2802 1821 2971 1877 laatari
3025 1836 3363 1893 recusantes,
3398 1842 3466 1881 ex

194 1900 293 1968 τὴν
330 1900 542 1955 έαυτῶν
581 1902 862 1957 διάλεκτον
899 1905 969 1958 τὰ
1018 1905 1370 1976 μελετήματα
1424 1907 1774 1980 βαλλόμεναι,

1886 1905 2055 1960 divini
2084 1905 2286 1975 Joseph
2322 1911 2556 1964 canticis
2602 1924 2665 1966 ac
2704 1913 2939 1970 modulis
2979 1916 3340 1987 collegerunt,
3382 1918 3466 1972 vel
3534 1950 3536 1954 ι

191 1994 291 2063 τὴν
319 1993 495 2048 νύκτα
518 1998 698 2049 πᾶσαν
725 1998 1187 2067 καταφωτίζουσι,
1215 2008 1308 2054 καὶ
1338 2002 1398 2055 τὸ
1438 2002 1608 2072 αὐτῆς
1653 2017 1774 2054 σκο-

1885 1996 2072 2066 potius
2112 1996 2382 2066 colligunt
2425 1998 2638 2054 lucrum
2692 2002 2965 2071 quoddam
3008 2006 3349 2076 peramplum
3401 2022 3468 2063 ac

193 2088 371 2140 τεινὸν
396 2090 488 2142 καὶ
517 2089 652 2159 πρὸς
676 2088 843 2143 ὕπνον
876 2091 1165 2163 ἑλκόμενον
1203 2098 1272 2165 τῇ
1299 2097 1478 2164 πυκνῇ
1525 2111 1774 2167 φρυκτω-

1886 2088 2092 2143 nobile.
2125 2086 2382 2143 Omnium
2409 2092 2555 2145 enim
2590 2092 2790 2163 lingua:
2824 2095 2981 2165 juxta
3017 2098 3193 2153 tribus
3224 2114 3373 2163 suas,
3399 2114 3467 2154 ac

198 2178 290 2247 pi;
334 2179 477 2250 πρὸς
511 2180 744 2248 ἡλιακὰς
811 2185 1152 2253 φωτοχυσίας
1198 2185 1646 2255 μεταϐιϐάζουσι,
1681 2188 1774 2239 καὶ

1884 2180 2249 2250 proprietates
2288 2181 2517 2249 loquela:
2552 2197 2687 2248 sum,
2716 2198 2809 2253 per
2841 2194 3008 2240 totam
3040 2199 3256 2244 noctem
3290 2190 3464 2245 sacris

192 2270 410 2338 χαίρειν
440 2269 518 2339 τῷ
552 2269 707 2341 ὕπνῳ
731 2274 984 2327 εἰποῦσαι
1014 2276 1126 2338 τοῖς
1149 2274 1393 2347 ᾄσμασιν
1414 2276 1768 2347 ὠραῒζονται.

1884 2273 2332 2326 meditationibus
2362 2282 2642 2337 vacantes,
2671 2274 2819 2331 illius
2856 2280 3110 2335 tenebras
3138 2294 3203 2335 ac
3230 2296 3457 2335 somnu-

194 2368 444 2439 lculiam,
482 2364 752 2435 frequenti
787 2366 1055 2420 luminum
1106 2370 1433 2424 accensione
1480 2371 1533 2423 in
1565 2371 1774 2426 salares
1813 2367 2000 2423 radios
2031 2372 2398 2429 commutant,
2439 2377 2494 2421 et
2528 2367 2707 2423 somni
2755 2369 3045 2428 dulcedine
3119 2372 3225 2427 frui
3302 2389 3463 2429 recu-

191 2468 402 2521 santes,
431 2460 606 2513 sancti
639 2458 799 2526 hujus
826 2457 929 2512 viri
963 2459 1194 2516 canticis
1223 2460 1576 2517 dccorautur.

262 2547 368 2610 κζ’.
396 2550 552 2600 Ἐστι
603 2565 689 2611 τις
724 2550 989 2617 ἄτεγκτος
1040 2552 1136 2605 καὶ
1163 2553 1482 2624 ἀμείλικτος
1511 2557 1605 2608 καὶ
1636 2556 1773 2626 πρὸς

188 2640 443 2709 ὃακρᾶων
472 2642 733 2715 ὲπιρῤοὰς
763 2645 985 2712 ἀφυήςς
1016 2644 1100 2697 Τά
1132 2647 1211 2709 είς
1237 2646 1337 2717 τὴν
1364 2647 1645 2719 Παρθένον
1678 2650 1772 2701 καὶ

188 2733 419 2803 Μητέρα
439 2732 595 2798 Θεοῦ,
643 2735 742 2805 τὴν
770 2736 908 2806 ὑπὲρ
936 2736 1095 2804 λόγον
1137 2737 1511 2793 συλλαὸοῦσαν
1544 2742 1633 2795 τὸν
1664 2742 1770 2795 Δό-

187 2843 305 2892 γον,
346 2826 547 2897 λιγυρὰ
588 2826 950 2897 μελῳδήματα
981 2830 1171 2897 ἐπιὼν,
1205 2831 1480 2897 θαλάσσας
1516 2834 1770 2906 δακρύων

184 2918 312 2982 τοὺς
340 2919 653 2989 ὀφθαλμοὺς
675 2920 1007 2992 πληρωθεὶς,
1042 2924 1137 2977 καὶ
1174 2925 1275 2996 τὴν
1300 2926 1542 2981 διάνοιαν
1572 2946 1769 2982 συντα-

185 3010 328 3074 κεὶς,
358 3011 510 3081 άΰλῳ
539 3011 614 3080 νῷ
645 3015 1055 3086 κατατρυφήσει
1077 3017 1185 3069 τῶν
1206 3019 1409 3089 νοερῶν
1434 3020 1640 3089 ἰύγγων
1669 3023 1768 3091 τῆς

183 3102 565 3167 κιτανύξεως·
596 3105 767 3175 μυρία
800 3106 856 3158 δὲ
901 3107 1078 3160 ταῦτα
1109 3109 1286 3181 τούτῳ
1332 3112 1668 3166 συντέθειται
1707 3113 1766 3167 ὲν

1954 2548 2046 2603 27.
2078 2547 2167 2601 Est
2206 2547 2480 2616 quispiam
2516 2546 2724 2617 rigidus
2755 2563 2818 2601 ac
2850 2548 3045 2615 durus,
3080 2560 3243 2623 atque
3277 2556 3343 2610 ad
3378 2558 3463 2613 la-

1882 2658 2100 2714 crymas
2125 2641 2485 2696 cﬂuudeudas
2511 2642 2768 2711 ineptus?
2795 2645 3165 2701 Suavissimas
3195 2652 3461 2711 melodias

1880 2733 1950 2786 ab
1975 2746 2040 2785 eo
2070 2732 2305 2800 scriptas
2332 2733 2382 2785 in
2412 2730 2691 2802 Virginem
2716 2748 2779 2787 ac
2804 2732 2897 2789 Dei
2930 2735 3153 2794 Matrem
3181 2741 3315 2812 (10),
3340 2762 3462 2815 quae

1880 2822 2229 2877 inelfabiliter
2282 2821 2522 2877 Verbum
2573 2826 2845 2895 Concepit,
2894 2830 3118 2886 assidue
3175 2833 3358 2904 legens
3395 2856 3461 2894 ac

1876 2914 2199 2978 decantatis,
2239 2914 2606 2986 lacrymarum
2640 2919 2813 2972 maria
2851 2920 3028 2989 plenis
3071 2925 3248 2981 oculis
3286 2929 3462 2985 eﬂun-

1875 3005 1985 3069 det,
2011 3014 2064 3059 et
2092 3014 2273 3059 mente
2295 3006 2737 3077 colliquefactus,
2765 3009 3116 3068 immateriali
3141 3029 3306 3071 sensu
3339 3021 3458 3090 spi-

1875 3094 2168 3150 ritualibus
2213 3097 2657 3165 compunctionis
2719 3098 2930 3155 deliciis
2981 3101 3310 3171 perfruetur.
3361 3107 3456 3164 Hre

182 3193 468 3264 διαφόροις
525 3194 868 3264 ἐναλλαγαῖς,
908 3198 1004 3251 καὶ
1050 3198 1197 3269 ἤχων
1258 3204 1620 3272 κατατομαῖς,
1670 3203 1763 3257 καὶ

1876 3198 2052 3242 autem
2096 3188 2345 3243 melodiae
2378 3200 2653 3246 sexcenta:
2694 3201 2848 3257 sunt,
2909 3209 3031 3264 qua:
3082 3196 3151 3250 ab
3180 3212 3247 3251 eo
3289 3200 3458 3256 variis

184 3284 413 3355 ῥυθμῶν
469 3287 730 3339 ποικίλων
764 3287 1050 3359 διαφοραῖς
1091 3292 1155 3345 τὸ
1198 3291 1300 3362 ἡδύ
1337 3310 1453 3356 πως
1480 3295 1768 3365 ἀρωματί-

182 3377 368 3437 ζοντα.
402 3376 663 3431 Βούλεταί
688 3396 771 3442 τις
796 3379 991 3449 μαθεῖν
1024 3381 1116 3436 τὸν
1156 3382 1271 3453 βίον
1301 3383 1397 3437 τοῦ
1442 3385 1581 3454 πρὸς
1627 3387 1766 3457 ὴμέ-

182 3488 285 3540 ραν
316 3471 635 3541 τιμωμένου
660 3472 816 3540 ἁγίου
840 3476 908 3544 τῇ
955 3473 1251 3547 Ἐκκλησία
1276 3475 1368 3529 τοῦ
1392 3476 1527 3531 Θεοῦ
1558 3495 1572 3545 ;
1614 3480 1767 3533 Μετ-

178 3562 431 3634 ερχέσθω
500 3564 563 3617 τὸ
607 3562 914 3636 εὔρυθμον,
969 3568 1066 3621 καὶ
1116 3568 1204 3635 ἐφ’
1259 3568 1341 3620 ἐνὶ
1390 3568 1606 3638 ἑκάστῳ
1658 3571 1768 3624 τῶν

180 3657 486 3727 ᾀδομένων,
541 3656 957 3725 ἐπιγινωσκέτω
1001 3658 1102 3730 τὴν
1137 3658 1232 3712 τοῦ
1294 3659 1411 3729 βίου
1465 3660 1764 3731 διαγωγήν.

182 3748 295 3802 Καὶ
324 3748 436 3811 πᾶς
469 3746 568 3818 μὲν
596 3748 705 3802 τῶν
740 3749 911 3817 ἁγίων
939 3749 1032 3802 ὑπ’
1062 3751 1257 3818 ἐκείνῳ
1289 3751 1602 3822 τιμώμενος
1639 3753 1769 3806 ἀνα.

178 3842 460 3895 δείκνυται
481 3856 496 3872 ’
529 3839 693 3903 αὐτὸς
724 3840 778 3894 δὲ
817 3842 877 3894 ὲν
910 3842 1081 3895 πᾶσιν
1109 3843 1300 3912 ὁρᾶται
1335 3842 1675 3914 τιμώμενος,
1708 3846 1768 3898 έν

177 3932 358 3985 ἄλλων
389 3931 528 4000 βίοις
556 3930 720 3994 αὐτὸς
749 3915 1148 4002 ἑξυμνούμενος
1167 3972 1182 3996 ,
1214 3932 1303 3988 διὰ
1329 3932 1391 3986 τδ
1420 3933 1638 4005 λιγυρὸν
1671 3936 1767 3989 καὶ

178 4022 458 4092 εὔρυθμον
480 4020 580 4087 τῆς
607 4020 881 4089 ἐμμελοῦς
915 4020 1289 4091 μσλῳδήσεως.
1323 4022 1517 4086 Ἀλλος
1545 4024 1645 4093 μὲν
1675 4024 1767 4079 οῦν

179 4116 537 4185 μεγαλυνέτω
560 4114 652 4166 τὸν
679 4113 793 4182 βίον
815 4112 909 4167 τοῦ
938 4113 1236 4183 μακαρίου,
1263 4115 1292 4167 δ
1313 4114 1369 4169 δὲ
1394 4116 1489 4185 τῆς
1512 4116 1767 4184 γνώσεως

175 4210 235 4259 τὸ
252 4208 359 4258 vim:
368 4206 590 4276 ρφέρον,
612 4205 809 4264 πάντες
826 4204 883 4256 δὲ
901 4204 1078 4256 πάντα
1091 4203 1290 4275 ἐπίσης
1316 4204 1412 4259 καὶ
1438 4205 1529 4259 διὰ
1546 4207 1765 4261 πάντων

179 4297 639 4369 μεγαλυνέτωσαν
656 4294 753 4366 τὴν
783 4296 942 4365 χάριν
964 4296 1059 4351 τοῦ
1078 4297 1415 4367 Πνεύματος,
1446 4300 1569 4371 ἥτις
1590 4302 1766 4375 τούτῳ

175 4387 351 4452 οὕτως
389 4388 704 4458 ἐκκέχυται,
735 4388 810 4451 ὡς
838 4391 919 4453 είς
940 4390 1121 4443 πᾶσαν
1146 4391 1245 4461 τὴν
1267 4394 1593 4465 οἰκουμένην
1616 4398 1765 4464 ἐξελ-

178 4484 296 4538 θεῖν
314 4482 412 4536 τὸν
443 4480 684 4551 φθόγγον
717 4481 908 4547 αὐτοῦ,
935 4483 1032 4536 καὶ
1062 4483 1142 4547 είς
1169 4483 1240 4538 τὰ
1259 4486 1473 4557 πέρατα
1500 4489 1678 4544 πάντα
1696 4491 1765 4545 τά

176 4575 289 4629 τῶν
337 4573 749 4645 μελῳδημάτων
795 4572 1130 4647 θεοκρότητα
1182 4552 1423 4647 ῥήματα.
1471 4580 1606 4651 Περὶ
1653 4583 1761 4653 γάρ
1788 4552 1840 4613 D

174 4667 283 4721 τῶν
326 4666 506 4722 ἄλλων
545 4667 599 4720 τί
646 4668 753 4739 χρὴ
787 4667 882 4721 καὶ
928 4666 1142 4735 λέγειν;
1182 4669 1415 4734 ὁπόσους
1452 4672 1661 4737 ἐκεῖνος
1691 4676 1756 4728 ὲκ

172 4761 268 4813 τοῦ
294 4756 465 4831 βυθοῦ
490 4759 589 4830 τῆς
626 4760 885 4822 ἀπιστίας
912 4758 1209 4824 ἐξείλκυσε.
1248 4763 1343 4817 καὶ
1370 4763 1505 4833 πρὸς
1534 4764 1631 4835 τὴν
1660 4764 1762 4835 τῆς

175 4852 341 4920 ἁγίας
372 4850 604 4921 Τριάδος
636 4850 838 4917 γνῶσιν
871 4850 1162 4922 έρύθμισε*
1192 4853 1393 4919 πόσους
1418 4856 1475 4909 δὲ
1506 4855 1762 4926 πέπεικε,

173 4946 389 5014 χαίρειν
419 4943 594 4994 εἰπεῖν
626 4940 705 5011 τῷ
738 4940 927 5013 κόσμῳ
952 4942 1048 4995 καὶ
1070 4944 1181 5006 τοῖς
1208 4944 1265 4996 ὲν
1299 4945 1491 5015 κόσμῳ
1509 4988 1524 5012 ,
1552 4949 1645 5002 καὶ
1670 4948 1761 5001 τὸν

179 5035 396 5105 μονήρη
427 5032 542 5103 βίον
587 5031 976 5087 ἀσπάσασθαιο
1012 5033 1186 5099 πόσας
1216 5034 1275 5089 δὲ
1313 5040 1578 5104 γυναῖκας
1625 5057 1765 5112 παρ-

175 5128 421 5180 θενεύειν
456 5124 694 5189 ἐδίδαξεν
715 5164 730 5187 ,
761 5123 827 5177 ἶν’
866 5124 1041 5196 ἔχοιεν
1068 5128 1165 5191 τὰς
1211 5127 1501 5199 λαμπάδας
1528 5132 1764 5185 ἀναπτο-

177 5223 351 5290 μένας
364 5218 657 5289 διηνεκῶς,
674 5216 769 5271 καὶ
792 5217 1100 5273 συνέλθοιεν
1124 5219 1201 5289 τῷ
1224 5222 1495 5294 μνηστῆρι
1521 5224 1763 5295 Χριστῷ,

174 5316 300 5384 ἄρτι
336 5310 588 5381 κραυγῆς
612 5308 943 5379 τελουμένης
964 5309 1022 5363 ἐν
1043 5308 1119 5380 τῷ
1142 5310 1292 5382 μέσῳ
1320 5310 1383 5383 δὴ
1411 5313 1511 5384 τῆς
1535 5315 1761 5380 νυκτός;

1870 3277 2392 3332 commutationibus
2408 3287 2463 3333 et
2487 3292 2749 3334 sonorum
2770 3282 3202 3348 concisionibus,
3240 3289 3455 3344 variis-

1869 3384 1976 3438 que
2044 3369 2427 3439 rhythmorum
2463 3369 2789 3426 diﬁerentiis
2828 3375 3172 3443 compositae,
3203 3377 3454 3433 dulcedi-

1869 3476 1993 3514 nem
2015 3461 2419 3529 quodanuuodo
2440 3472 2608 3531 atque
2626 3463 2851 3518 odorem
2878 3466 3168 3523 suavitatis
3190 3472 3455 3524 aromati-

1870 3560 2016 3605 zant.
2039 3550 2134 3607 Est
2152 3568 2315 3622 porro
2348 3554 2864 3624 aliquis,quisancti
2884 3556 3059 3624 illius,
3085 3560 3179 3630 qui
3210 3564 3451 3618 currenti

1872 3643 1960 3698 die
1990 3643 2059 3698 ab
2082 3644 2326 3699 Ecclesia
2368 3643 2460 3699 Dei
2496 3646 2820 3709 honoratur,
2858 3648 3025 3703 vitam
3058 3650 3337 3707 addiscere
3356 3668 3454 3708 cu-

1870 3736 2020 3808 piat?
2045 3738 2307 3809 Capessat
2328 3754 2393 3794 ac
2424 3738 2566 3807 legat
2596 3739 2933 3810 lepidissima
2956 3742 3102 3798 illius
3129 3746 3365 3809 cantica,
3398 3755 3453 3800 et

1869 3831 1925 3885 in
1974 3845 2307 3901 unoquoque
2331 3846 2546 3896 eorum,
2584 3847 2704 3901 qua:
2754 3842 3053 3900 canuntur,
3113 3836 3241 3890 vita:
3272 3839 3451 3893 sancti

1869 3923 2017 3978 illius
2036 3907 2304 3979 rationem
2324 3934 2703 3996 recognoscat.
2733 3924 2797 3980 Et
2822 3925 3065 3996 profecto
3093 3929 3454 4001 uniuscujus-

1868 4031 1976 4087 que
2004 4027 2345 4084 sanctorum,
2369 4017 2463 4089 qui
2488 4018 2558 4073 ab
2600 4032 2667 4073 eo
2705 4018 3029 4086 honoratur,
3052 4021 3157 4075 vita
3186 4021 3240 4076 in
3269 4022 3446 4078 lucem

1869 4108 2166 4180 profertur,
2185 4110 2468 4180 oculisque
2486 4109 2795 4179 subjicitur.
2816 4109 2937 4181 Ipse
2957 4126 3085 4168 vero
3102 4112 3241 4168 inter
3257 4127 3452 4171 omnes

1869 4202 2175 4259 honoratus
2207 4209 2452 4273 apparet,
2485 4211 2651 4274 atque
2679 4203 2733 4258 in
2767 4202 3001 4259 aliorum
3033 4204 3146 4260 vita
3177 4204 3293 4276 ipse
3324 4206 3448 4261 lau-

1869 4297 2031 4351 datur
2082 4306 2308 4367 propter
2359 4296 2692 4352 suavitatem
2745 4305 2799 4352 ct
2845 4296 3276 4353 concinnitatem
3329 4298 3451 4355 dul-

1869 4388 2104 4444 cissimaa
2159 4388 2427 4443 melodiae.
2480 4388 2587 4443 Alii
2632 4389 2796 4459 igitur
2854 4387 3020 4457 hujus
3081 4388 3228 4443 beati
3281 4391 3448 4446 vitam

1870 4497 2003 4538 sane
2050 4481 2441 4552 magnificent:
2476 4481 2570 4536 alii
2599 4489 2782 4536 autem
2817 4480 3067 4536 scientia;
3113 4481 3262 4537 illius
3308 4483 3447 4537 emi-

1870 4574 2151 4640 nentiam;
2187 4589 2380 4629 omnes
2404 4587 2533 4629 vero
2567 4572 2753 4628 omnia
2781 4572 3068 4643 aequaliter
3098 4582 3152 4628 et
3191 4588 3286 4643 per
3320 4589 3441 4629 om-

1870 4666 1958 4720 uia
2004 4663 2355 4733 magniﬁcent
2405 4663 2647 4733 Spiritus
2686 4662 2942 4733 gratiam,
2996 4678 3119 4733 quae
3152 4663 3229 4718 ita
3264 4663 3318 4718 in
3352 4664 3448 4719 illo

1869 4758 2039 4813 effusa
2090 4767 2195 4821 est,
2255 4766 2314 4811 ut
2361 4756 2417 4810 in
2450 4769 2667 4811 omnem
2700 4763 2971 4810 terrarum
3008 4755 3195 4810 orbem
3249 4756 3448 4812 exierit

1870 4865 2044 4906 sonus
2109 4850 2251 4920 ejus,
2309 4857 2364 4904 et
2417 4846 2473 4902 in
2525 4847 2663 4904 fines
2713 4854 2873 4903 terrae
2933 4847 3223 4903 universos
3277 4848 3445 4904 verba

1869 4943 2041 5000 Deum
2072 4943 2382 4999 resonantia
2441 4940 2802 4995 melodiarum
2837 4938 2977 5009 ejus.
3014 4938 3091 4995 De
3126 4939 3250 4997 aliis
3278 4956 3447 5012 porro

1871 5037 2001 5109 quid
2036 5050 2175 5106 opus
2208 5042 2292 5091 est
2320 5042 2582 5103 praeterea
2609 5032 2816 5096 dicere,
2840 5041 2974 5101 quot
3019 5032 3110 5086 ille
3142 5047 3211 5086 ex
3254 5033 3445 5088 inlide-

1870 5130 2045 5186 litatis
2080 5128 2339 5183 barathro
2383 5125 2452 5181 ad
2495 5134 2699 5181 sanctae
2740 5124 3026 5179 Trinitatis
3072 5124 3442 5193 cognitionem

1870 5219 2150 5285 eduxerit;
2183 5226 2317 5288 quot
2340 5216 2679 5288 persuaserit
2703 5214 2891 5269 mundi
2925 5224 2981 5268 et
3011 5229 3204 5269 eorum
3236 5229 3359 5285 qua
3382 5215 3437 5269 iu

1874 5312 2081 5369 mundo
2114 5322 2242 5367 sunt
2284 5309 2484 5381 gaudia
2515 5319 2775 5377 respuere
2798 5342 2813 5369 ,
2853 5312 2908 5359 et
2938 5305 3241 5359 solitariam
3276 5306 3440 5359 vitam

177 5404 517 5478 amplexari;
552 5411 687 5473 quot
719 5402 951 5457 feminas
989 5402 1357 5473 virginitatem
1432 5422 1653 5463 servare
1690 5409 1962 5472 docuerit,
1996 5415 2056 5460 ut
2116 5403 2384 5460 baberent
2449 5399 2671 5455 assidue
2738 5398 3020 5468 lampades
3050 5411 3313 5453 accensas
3341 5435 3357 5461 ,
3389 5403 3445 5452 et

175 5520 298 5559 cum
354 5510 560 5567 sponso
593 5493 812 5550 Christo
852 5496 1074 5564 nuptias
1121 5495 1346 5563 inirent,
1375 5500 1561 5554 statim
1599 5509 1763 5570 atque
1803 5502 2010 5557 clamor
2041 5497 2223 5553 media
2292 5504 2454 5552 nocte
2475 5490 2666 5548 fieret?

244 5638 361 5709 (10)
390 5637 786 5709 Plurimaseas
807 5632 976 5709 fuisse
998 5648 1104 5688 non
1126 5633 1441 5709 dubitamus
1469 5656 1481 5692 :
1506 5647 1559 5709 et
1584 5640 1767 5696 multae

179 5702 409 5765 forsitan
450 5708 634 5760 adhuc
680 5704 845 5778 latent
883 5704 1100 5778 inmss.
1135 5702 1335 5762 Siculis
1364 5709 1507 5778 apud
1542 5708 1766 5765 Basilia-

178 5797 300 5837 nos.
368 5778 694 5848 Hippolytus
732 5773 1142 5848 Maraccius_ex
1187 5773 1500 5832 Graecorum
1549 5779 1767 5837 Mena-is

178 5866 373 5910 novem
399 5843 640 5917 integros
672 5859 912 5903 canones
937 5845 1004 5900 de
1036 5843 1265 5916 Deipara
1301 5849 1492 5915 edidit,
1518 5862 1567 5905 et
1596 5854 1767 5905 maxi-

1867 5656 2015 5696 mum
2051 5655 2339 5694 numerum
2386 5632 2809 5690 Theotociorum
2831 5669 2847 5695 ,
2880 5629 2932 5684 id
2961 5637 3044 5685 est
3086 5629 3436 5698 str0pharum

1865 5716 1933 5766 de
1982 5710 2175 5775 Beata,
2210 5712 2261 5764 in
2294 5710 2412 5780 line_
2448 5709 2715 5780 cujusque
2753 5702 2889 5780 oda:_
2922 5701 3290 5780 cauendarum
3315 5734 3334 5765 ,
3372 5715 3438 5752 ex

1866 5782 2123 5837 omnibus
2154 5770 2299 5857 quos
2323 5795 2352 5833 a
2385 5770 2642 5857 Josephq;
2650 5771 2996 5857 compositos!
3011 5770 3240 5857 credidit
3270 5784 3439 5825 cano-

1868 5853 2050 5919 nibus,
2084 5840 2188 5922 per.
2206 5851 2371 5905 totius
2402 5840 2533 5901 anni
2558 5840 2793 5901 oﬁicium
2826 5840 3051 5911 Sparsis.
