4164 6456
782 460 884 525 967

1870 444 1926 502 S.
1973 439 2283 501 JOSEPHI
2325 433 2875 497 HYMNOGRAPIII

3908 421 4009 483 968

851 568 940 620 28.
980 564 1172 619 Verum
1204 575 1392 614 rursus
1418 554 1651 611 extorris
1684 563 1843 622 alque
1865 551 2018 605 exsul
2040 564 2161 603 esse
2185 564 2333 601 rom-
2371 601 2373 609 λ

2516 543 2621 609 κη’.
2649 545 2722 595 Οὑ
2760 548 2866 612 μὴν
2899 540 3033 593 ἀλλὰ
3067 538 3156 591 καὶ
3180 537 3340 589 πάλιν
3365 534 3654 604 ὑπερόριος
3692 531 3927 598 γίνεται,
3955 532 4012 583 τὸ

781 660 1026 728 pellitur;
1070 656 1298 709 caudam
1359 668 1456 706 sua
1513 656 1891 702 commovente
1937 641 2137 695 Satana
2196 641 2345 694 ftau-

781 752 1023 807 dulcnto.
1073 756 1125 800 et
1180 745 1477 814 pessimum
1538 740 1685 793 illius
1735 734 1995 804 temporis
2047 733 2338 803 imperato-

787 857 899 895 rem
940 840 1050 911 (ll)
1090 838 1379 890 excitante.
1417 832 1531 886 Non
1578 834 1724 885 cnitn
1754 836 1929 898 potest
1964 826 2010 879 is
2043 826 2342 893 quiescere,

782 934 870 999 qui
916 938 1176 995 tanquam
1210 926 1447 981 triticum
1484 923 1602 991 pios
1634 921 1817 973 fideles
1853 915 2095 970 cribrare
2125 914 2345 982 expetit,

786 1025 875 1077 sed
906 1023 1119 1075 animas
1154 1021 1218 1073 ad
1264 1034 1383 1072 sese
1418 1018 1684 1086 proclives
1719 1018 1933 1083 penitus
1960 1018 2265 1067 commovet
2296 1015 2351 1061 et

782 1115 1041 1181 exagitat.
1088 1108 1456 1174 Quamobrem
1498 1107 1695 1159 iterum
1732 1103 1925 1155 bellum
1959 1101 2218 1155 adversus
2246 1094 2350 1149 Ec—

783 1203 1004 1254 clesiam
1054 1200 1446 1252 inttttttCUSaaul
1499 1195 1816 1256 suscitatur,
1847 1200 1901 1245 et
1940 1206 2110 1245 sacrae
2149 1185 2351 1242 (.hristi

787 1299 1216 1355 sanctorumque
1266 1286 1412 1339 illius
1465 1285 1733 1349 imagines
1780 1281 2163 1351 exploduntur,
2217 1292 2354 1346 quas

788 1398 910 1435 cum
948 1380 1331 1449 magnanimus
1381 1385 1564 1428 noster
1600 1382 1711 1425 tota
1747 1371 1927 1440 lingua
1962 1369 2217 1439 pupulum
2258 1368 2357 1420 ho-

786 1486 985 1525 norare
1028 1474 1267 1531 doct-ret,
1330 1476 1383 1519 et
1431 1465 1718 1518 catholicae
1760 1462 2185 1526 orthodox-aeque
2234 1456 2357 1512 fidei

787 1566 1063 1634 dogmata,
1103 1578 1206 1613 non
1247 1563 1296 1612 itt
1334 1560 1566 1627 privato,
1598 1568 1693 1609 aut
1728 1557 1779 1607 in
1813 1556 1998 1614 domo,
2030 1553 2123 1606 sed
2161 1551 2214 1603 itt
2246 1550 2359 1619 pla-

791 1657 892 1709 teis
943 1669 1066 1707 cum
1108 1652 1360 1705 libertate
1417 1650 1767 1718 praedicaret,
1826 1645 2149 1697 exturbatur
2197 1650 2361 1711 atque

792 1748 1011 1814 ejicitttr
1044 1759 1074 1797 e
1111 1744 1333 1797 civitate
1378 1742 1429 1792 iit
1478 1738 1756 1802 exsiliunt,
1798 1735 1888 1788 ubi
1925 1734 2135 1802 magnis
2175 1733 2227 1785 itt
2260 1748 2359 1784 an-

791 1838 991 1908 gnstiis
1027 1836 1368 1893 versabatur,
1405 1830 1641 1897 maiores
1675 1839 1854 1881 tamen
1891 1826 2170 1893 angustias
2200 1834 2361 1894 atque

2445 638 2660 706 οὐραῖον
2688 635 3095 702 περισεισαντος
3127 628 3223 682 τοῦ
3258 625 3892 696 πτερνοσκὸπουοΣατὰν,
3922 623 4011 674 καὶ

2446 730 2536 781 τὸν
2576 726 2696 778 τότε
2735 725 2968 793 πονηρὸν
3008 721 3235 793 βασιλέα
3265 723 3601 788 κινήσαντος.
3644 717 3759 769 Οὔκ
3800 711 3869 784 ἦν
3909 714 4011 781 γάρ

2448 820 2695 889 ἠρεμεῖν,
2727 818 2818 870 τὸν
2845 818 2921 880 ὡς
2961 820 3104 870 σῖτον
3136 816 3375 868 σινιάσαι
3408 810 3673 884 ζητοῦντα
3696 809 3823 870 τοὺς
3858 806 4013 859 εὐσε-

2449 909 2565 973 ϐεῖς
2588 950 2603 976 ,
2634 908 2767 963 ἀλλὰ
2793 909 3063 971 παντοίως
3095 908 3234 961 κινεῖ
3259 905 3358 969 τὰς
3398 904 3532 976 πρὸς
3556 902 3717 956 αὑτὸν
3748 899 4016 972 ῥεπούσας

2448 1001 2644 1072 ψυχάς.
2675 1002 2837 1057 Ὅθεν
2866 1003 2961 1055 καὶ
2985 1002 3148 1055 πάλιν
3179 1000 3413 1071 πόλεμος
3435 997 3577 1051 κατά
3600 996 3699 1065 τῆς
3728 992 4016 1047 ἀτινάκτου

2452 1095 2787 1165 πανταχόθεν
2841 1093 3167 1163 Ἐκκλησίας
3203 1090 3639 1163 ἀναρριπίζεται,
3673 1089 3766 1140 καὶ
3804 1084 3876 1137 τὰ
3906 1082 4020 1151 ἱερά

2457 1186 2800 1257 μορφώματα
2851 1184 3086 1256 Χριστοῦ
3138 1185 3232 1239 καὶ
3286 1184 3395 1237 τῶν
3438 1180 3603 1236 αὑτοῦ
3642 1178 3814 1248 ἁγίων
3864 1177 4021 1229 πάλιν

2454 1276 2763 1339 διώκονται,
2790 1277 2826 1330 ὃ.
2854 1275 3115 1347 τιμᾶσθαι
3145 1276 3241 1349 ὅλῃ
3274 1274 3493 1346 γλώσσῃ
3520 1271 3582 1325 τὸ
3613 1271 3815 1340 πλῆθος
3845 1267 4025 1321 ἀναδι-

2455 1371 2667 1426 δάσκων
2684 1372 2712 1422 ό
2738 1370 3136 1438 γενναιότατος,
3163 1370 3256 1419 καὶ
3281 1366 3673 1437 ἀνακηρύττων
3688 1361 3787 1431 τῆς
3810 1358 4028 1430 096050-

2460 1462 2572 1526 ξὶας
2604 1463 2670 1514 τὰ
2691 1461 2959 1531 δόγματα,
2983 1462 3083 1514 οὑκ
3108 1462 3164 1514 ἐν
3189 1460 3338 1530 οἰκίᾳ
3361 1457 3466 1510 οὐδ’
3492 1456 3585 1509 ἐπὶ
3605 1454 3859 1523 δώματος
3882 1494 3897 1514 ,
3924 1449 4033 1503 ἀλλ’

2460 1558 2519 1608 ἐν
2559 1556 2837 1618 πλατείαις
2874 1555 2967 1607 καὶ
2999 1552 3281 1624 παρρησίᾳ
3304 1591 3319 1615 ,
3347 1547 3626 1615 ἐξωθεῖται
3667 1545 3767 1614 τῆς
3801 1543 4034 1603 πόλεως,

2460 1648 2554 1698 καὶ
2577 1641 2645 1716 ἦν
2678 1648 2736 1698 ἐν
2760 1645 3028 1716 ὑπερορίᾳ
3059 1640 3583 1712 στενοχωρούμενος,
3608 1634 3811 1706 μᾶλλον
3841 1633 3891 1683 δ’
3916 1635 4038 1683 tau.

2460 1741 2552 1793 τὸν
2578 1739 3038 1809 οἱκειογνωμόνως
3069 1732 3437 1804 στενοχωρῶν.
3462 1729 3596 1784 Μετ’
3617 1727 3679 1781 οὑ
3705 1725 3843 1778 πολὺ
3868 1723 3927 1775 δὲ
3953 1722 4043 1789 λῇ-

2465 1832 2652 1895 ξαντος
2675 1830 2770 1883 τοῦ
2788 1827 2983 1893 κακοῦ,
3006 1826 3100 1881 καὶ
3125 1825 3219 1879 τοῦ
3248 1821 3516 1895 χειμῶνος
3540 1820 3922 1889 λωφήσαντος.
3955 1816 4045 1867 καὶ

791 1936 1110 1988 alHiCIiones
1162 1931 1274 1998 ipse
1314 1928 1534 1996 proprio
1574 1938 1737 1978 sensu
1788 1931 2091 1991 Sponteque
2120 1918 2355 1973 subibat.

2475 1922 2768 1992 ὑρθοδόξοις
2812 1921 3075 1974 δοθέντων
3099 1918 3208 1972 τῶν
3237 1894 3531 1987 σκήπτρων
3572 1909 3893 1982 βασιλεῦσιν
3941 1909 4048 1960 ἀπὸ

792 2025 905 2077 Non
946 2023 1115 2077 multo
1155 2032 1336 2074 autem
1387 2026 1530 2086 post,
1564 2028 1812 2070 cessante
1849 2014 2015 2077 tttalo,
2061 2028 2125 2066 ac
2153 2022 2360 2081 tempe-

791 2129 929 2169 szate
972 2116 1308 2182 quiesci-nte,
1358 2108 1639 2162 concessis
1671 2123 1699 2159 a
1732 2105 1839 2158 Deo
1871 2104 2085 2172 imperii
2118 2102 2359 2157 fascibus

795 2205 1215 2276 imperatoribus
1267 2200 1589 2253 orthodoxis
1636 2197 1769 2265 (l2),
1809 2195 2004 2248 itetuttt
2058 2193 2358 2247 accersitur

2464 2002 2630 2079 Θεοῦ,
2659 2013 3045 2084 μετακαλεῖται
3066 2007 3220 2073 αὖθις
3249 2008 3393 2063 κατά
3412 2005 3563 2059 Θεόν.
3603 2003 3661 2055 'U
3686 2002 3742 2055 δὲ
3766 2002 3829 2053 οὑ
3866 1999 4052 2052 πείθε-

2466 2125 2578 2174 ται,
2616 2111 2682 2180 τῇ
2708 2106 2975 2179 ὑπερορίᾳ
3017 2105 3093 2169 ὡς
3132 2101 3448 2172 παραδείσῳ
3476 2100 3563 2153 διὰ
3589 2096 3825 2165 Χριστὸν
3860 2094 4051 2164 ἡδυνό-

2468 2217 2651 2270 μενος.

799 2299 1099 2351 δυσευηύωη
1168 2293 1361 2346 Ουυιιι-
1395 2291 1483 2344 “lc
1551 2303 1679 2341 Vero
1742 2302 1848 2341 ιιοη
1917 2285 2344 2354 οὶιιειηρεηνίι;
2399 2292 2602 2346 etenim
2661 2291 2714 2345 in
2770 2290 2964 2345 exsilio
3020 2285 3257 2358 paradisi
3317 2282 3657 2338 dulcedinem
3730 2278 4059 2349 dogustaliat

795 2401 1015 2461 propter
1035 2388 1334 2440 Christum.

861 2484 952 2534 29.
994 2478 1098 2531 Sed
1146 2477 1403 2545 qttottialtl
1456 2474 1508 2526 hi
1557 2474 1908 2526 vehementer
1956 2470 2260 2530 instabant.
2311 2485 2379 2525 ac

800 2574 970 2628 veluti
1026 2571 1247 2623 admoto
1291 2576 1533 2620 exercitu
1584 2567 1869 2632 urgebant,
1920 2564 2005 2617 ille
2058 2576 2184 2615 vero
2219 2577 2379 2630 repu-

797 2680 963 2734 gnare
1016 2678 1123 2714 non
1178 2660 1414 2722 valebat,
1465 2657 1762 2726 praescitim
1810 2656 1938 2723 quia
1977 2670 2174 2722 magno
2230 2653 2377 2708 cives

800 2771 991 2811 amore
1044 2753 1498 2823 prosequebatur,
1557 2749 1936 2815 frequentibus
1991 2744 2373 2814 imperantium

802 2848 1055 2919 p;ecibus
1087 2845 1348 2905 obeditit,
1387 2854 1548 2909 atque
1600 2840 1775 2893 exsilii
1837 2840 2050 2892 tandem
2108 2836 2368 2890 derelicto

802 2944 941 3000 loco,
964 2938 1016 2988 itt
1037 2934 1389 3005 Byzantinatn
1426 2932 1613 2982 urbem
1641 2928 1917 2997 profectus
1950 2936 2051 2979 est.
2086 2926 2151 2979 Et
2175 2926 2370 2980 nihilo-

803 3047 984 3083 nnuus
1023 3043 1149 3081 eum
1216 3024 1447 3078 aliorum
1483 3022 1751 3075 bonorum
1786 3019 1982 3088 gaudio
2014 3016 2117 3071 frui
2151 3018 2371 3070 r'ecusa-

803 3134 905 3185 ret,
943 3123 1061 3173 vix‘
1094 3120 1244 3171 illum
1298 3124 1710 3184 persuaserunt,
1759 3124 1815 3164 ιιι
1873 3109 2369 3164 ecclesiasticarum

2554 2474 2654 2531 ιϐ’.
2689 2473 2835 2546 Πλὴν
2859 2473 2982 2526 ἐπεὶ
3020 2472 3218 2524 ἐκεῖνοι
3266 2466 3365 2539 μὲν
3391 2466 3669 2519 ἐπέκειντο
3697 2460 4055 2515 ἀντιϐολοῦν-

2474 2584 2566 2630 τες
2596 2568 2696 2638 τὴν
2726 2564 3035 2630 ἀνάζευξιν,
3066 2563 3095 2615 δ
3125 2562 3183 2614 δέ
3216 2560 3539 2615 ἀντιτείνειν
3560 2556 3661 2609 οὑκ
3682 2551 3821 2625 εἶχε,
3870 2555 3963 2609 διὰ
3998 2555 4057 2607 τὸ

2476 2658 2572 2710 καὶ
2601 2658 2737 2727 πρὸς
2757 2658 2882 2718 τοὺς
2911 2658 2969 2708 ἐν
2993 2656 3059 2724 τῇ
3109 2652 3265 2705 πόλει
3308 2650 3715 2719 φιλάνθρωπον,
3749 2647 3895 2699 είκει
3928 2648 4055 2707 ταῖς

2474 2748 2583 2801 τῶν
2631 2745 2977 2816 κρατούντων
3024 2745 3256 2805 πυκναῖς
3313 2738 3728 2810 παρακλήσεσι,
3791 2738 3890 2790 καὶ
3955 2738 4057 2803 τὴν

2479 2838 2776 2909 ὑπερορίαν
2805 2835 2938 2897 τέως
2968 2833 3284 2886 καταλιπὼν
3328 2833 3394 2901 τῇ
3438 2827 3719 2893 Βυζαντίδι
3749 2818 4019 2894 ἐπιφοιτᾷ
4044 2841 4056 2853 ο

2482 2933 2577 2984 καὶ
2604 2931 2757 2995 μόλις
2783 2931 2902 2998 μὲν,
2930 2926 3175 2979 πείθουσι
3203 2923 3249 2975 δ’
3274 2925 3443 2991 ὅμως,
3477 2923 3597 2983 ταῖς
3617 2918 3804 2979 ἄλλαις
3840 2919 4061 2987 χαίρειν

2480 3024 2703 3074 εἰπόντα
2750 3022 2959 3089 τιμαῖς,
3013 3013 3487 3086 ἐκκλησιαστικὼν
3539 3011 3840 3082 προστῆναι
3907 3026 4057 3078 πρα-

2481 3114 2727 3183 γμάτων,
2780 3113 2873 3163 καὶ
2903 3111 3002 3175 τὴν
3044 3106 3286 3178 φυλακὴν
3317 3103 3745 3175 ἑμπιστευθῆναι
3795 3102 3911 3153 τῶν
3959 3100 4063 3167 τῆς

808 3217 1153 3283 negotiorum
1183 3222 1372 3262 curam
1407 3213 1738 3274 capesseret.
1774 3216 2093 3269 sacramque
2124 3199 2373 3253 Ecclesiae

2491 3204 2818 3274 Ἐκκλησίας
2859 3201 3018 3272 ἱερῶν
3052 3198 3371 3269 κειμηλίων.
3425 3197 3539 3250 Οὑκ
3578 3193 3829 3248 ἐπείθετο
3856 3194 3915 3246 δὲ
3950 3195 4063 3260 ἄρα

807 3303 1205 3372 supellectilem
1241 3301 1292 3353 in
1315 3314 1471 3353 suam
1503 3296 1661 3349 fidem
1690 3296 2014 3362 susriperet.
2051 3291 2115 3345 Et
2148 3292 2375 3345 forsitan

812 3396 1153 3468 principibus
1186 3407 1293 3445 non
1325 3391 1776 3454 obtemperasset,
1816 3401 1915 3439 nec
1956 3393 2239 3455 propterea
2273 3384 2377 3435 mi-

814 3488 1105 3542 nisterium
1142 3486 1272 3538 illud
1303 3482 1661 3551 suscepisset,
1686 3484 1776 3532 sed
1812 3479 1997 3530 divino
2018 3476 2378 3546 lgnatio(l3),

811 3581 903 3649 qui
937 3578 1169 3647 plurima
1197 3578 1395 3629 virtute
1422 3582 1675 3636 ornatus,
1702 3582 1755 3624 et
1782 3568 2250 3624 ferventissimum
2283 3581 2382 3636 pro

812 3674 1035 3725 Clu-isto
1066 3671 1241 3722 zelum
1276 3682 1492 3737 gerens,
1528 3680 1699 3733 nuper
1745 3662 2147 3731 patriarchatus
2177 3660 2382 3737 guber-

817 3765 1012 3819 nacula
1047 3763 1151 3817 sibi
1194 3735 1401 3815 credita
1463 3765 1800 3825 susceperat,
1856 3769 1963 3807 non
2005 3735 2384 3821 obtemperare

816 3874 922 3910 non
942 3860 1139 3925 potuit.
1169 3853 1282 3918 llic,
1308 3851 1821 3906 excellentissimam
1841 3846 2061 3916 Josephi
2082 3845 2250 3900 nostri
2271 3845 2382 3899 vir-

813 3958 985 4003 tutem
1015 3947 1342 4007 admiratus,
1368 3942 1617 3997 eumdem
1656 3941 1707 3992 in
1731 3938 1977 3991 laburutn
2014 3951 2237 3990 suorum
2263 3950 2386 4003 par-

804 4054 949 4105 tem,
981 4049 1035 4093 et
1089 4039 1144 4091 in
1182 4039 1344 4090 rebus
1394 4033 1720 4088 necessariis
1752 4031 2057 4099 adjutorem
2104 4042 2387 4083 assumere

819 4130 1068 4185 studebat
1094 4146 1106 4181 ε
1132 4138 1185 4181 et
1212 4142 1333 4180 cum
1355 4124 1641 4177 ministerii
1661 4122 1772 4191 jam
1795 4122 2033 4191 ptmdicti
2062 4129 2385 4190 praetextum

822 4224 1139 4281 invenisset.
1174 4220 1224 4271 id
1262 4217 1407 4286 quod
1452 4216 1710 4285 cupiebat
1756 4213 1914 4267 facile
1958 4213 2215 4267 obtinuit.
2254 4210 2388 4264 Fre-

822 4326 1052 4382 quentes
1079 4312 1243 4380 igitur
1271 4324 1393 4361 t'tltll
1421 4322 1486 4360 eo
1513 4320 1797 4361 sermones
1820 4313 1872 4358 et
1896 4304 2165 4372 colloquia
2198 4304 2391 4357 misce-

824 4405 937 4468 bat,
959 4411 1084 4455 etea
1112 4415 1233 4468 qua:
1258 4398 1573 4468 ignorabat,
1601 4396 1669 4449 ab
1686 4410 1750 4447 co
1773 4400 1873 4446 lem
1896 4393 2228 4447 addisceltat.
2250 4391 2391 4446 Nihil

2480 3300 2592 3360 τοῖς
2619 3296 2866 3366 ἄρχουσι,
2900 3292 2994 3345 καὶ
3026 3290 3115 3344 διὰ
3161 3288 3321 3341 τοῦτο
3367 3287 3466 3356 τὴν
3492 3285 3766 3338 διακονίαν
3819 3283 4063 3352 ἐδέχετο,

2481 3390 2596 3445 ἀλλ’
2637 3388 2883 3457 Ίγνατίῳ
2913 3386 2989 3455 τῷ
3029 3384 3163 3454 θείῳ
3189 3381 3379 3453 (πολὺς
3407 3380 3462 3431 δὲ
3492 3379 3579 3448 ἀρ’
3612 3372 3768 3439 οὗτος
3793 3377 3897 3446 τὴν
3933 3380 4067 3446 ἁρε-

2482 3483 2603 3552 τὴν,
2632 3481 2725 3533 καὶ⁵
2754 3480 2845 3532 τδν
2874 3477 3017 3547 ὑπὲρ
3052 3473 3289 3546 Χριστοῦ
3321 3472 3481 3540 ζῆλον
3513 3468 3903 3540 θερμότατος),
3937 3468 4068 3538 ἄρτι

2482 3574 2582 3643 τῆς
2612 3569 3026 3642 ἀρχιερωσύνης
3078 3562 3499 3637 ἐμπιστευθέντι
3553 3563 3678 3623 τοὺς
3710 3558 3953 3618 οἴακας·
4010 3559 4071 3620 δς

2484 3666 2547 3717 τὸ
2576 3664 2765 3732 περιὸν
2792 3662 2894 3727 τῆς
2919 3657 3122 3731 ἀρετῆς
3143 3656 3299 3709 τοῦδε
3322 3655 3415 3708 τοῦ
3446 3652 3595 3725 ἱεροῦ
3615 3650 4072 3719 δυσωπούμενος,

2487 3751 2748 3803 ἔσπευδεν
2794 3749 2937 3819 ἔχειν
2973 3745 3337 3815 συγκοινωνδν
3366 3744 3477 3796 τῶν
3535 3744 3733 3806 πόνων,
3797 3742 3907 3793 κάν
3959 3742 4077 3801 τοῖς

2488 3842 2809 3911 ἀναγκαίοις
2834 3840 3185 3910 συλλήπτορα
3204 3852 3222 3868 ’
3251 3837 3345 3890 καὶ⁵
3372 3834 3646 3907 πρόφασιν
3664 3833 3764 3902 τήν
3792 3832 4079 3884 διακονίαν

2490 3936 2809 4007 εὑράμενος,
2838 3931 2932 3986 τοῦ
2959 3930 3299 4000 ποθουμένου
3335 3928 3617 3997 ἐτύγχανε.
3643 3926 3751 3978 Καὶ
3776 3920 3846 3995 ἦν
3877 3927 4080 3991 ἐκείνῳ

2494 4026 2795 4097 συνομιλῶν
2834 4022 3004 4093 θαμὰ,
3037 4025 3131 4074 καὶ
3158 4021 3286 4090 παρ’
3312 4018 3477 4071 αὑτοῦ
3506 4018 3573 4070 τὰ
3604 4015 3952 4084 ἀγνοούμενα
3997 4015 4079 4066 δι-

2492 4118 2850 4187 δασκόμενος.
2902 4115 3103 4167 Καινὸν
3144 4114 3200 4165 δὲ
3259 4113 3478 4172 πάντως
3521 4109 3673 4161 οὐδὲν
3717 4108 3771 4159 εἴ
3810 4124 3940 4158 τινα
3969 4106 4084 4159 τῶν

2490 4208 2819 4279 ἀπορρήτων
2893 4206 2993 4275 τῆς
3056 4204 3278 4274 Γραφῆς
3346 4199 3659 4271 μυστηρίων
3715 4199 3917 4267 ἐκείνῳ
3980 4198 4083 4265 μέν

2492 4301 2758 4369 ἠγνοεῖτο,
2788 4298 2864 4367 τῷ
2887 4297 2945 4350 δέ
2980 4296 3200 4366 μεγάλῳ
3230 4294 3364 4364 τῷδε
3404 4292 3601 4361 Πατρὶ,
3638 4290 3727 4343 διά
3754 4306 3816 4340 τε
3845 4289 3912 4341 τὸ
3940 4289 4081 4341 πολὺ

2491 4395 2592 4463 τῆς
2626 4390 2862 4460 σπουδῆς
2922 4390 3017 4441 καὶ
3058 4389 3119 4440 τὸ
3173 4386 3362 4456 περιὸν
3413 4384 3514 4453 τῆς
3562 4382 3913 4451 καθάρσεως,
3986 4384 4083 4433 καὶ

826 4509 990 4564 porro
1012 4493 1134 4545 novi
1159 4489 1354 4550 ενοι.δί
1373 4502 1477 4557 qua
1501 4484 1851 4540 ineffabilium
1876 4483 2067 4537 divina:
2096 4481 2373 4551 Scriptura

2495 4481 2823 4549 ἐγινώσκετο
2835 4481 2927 4533 καὶ
2942 4479 3095 4549 διηρο
3106 4478 3263 4547 ρούτο
3278 4493 3343 4545 με
3353 4477 3416 4529 ti
3429 4474 3626 4542 πολλῆς
3658 4471 4082 4543 μελιχρότητος,

828 4563 1213 4656 mysteriorum
1234 4584 1350 4634 viro
1366 4580 1635 4633 illiessent
1650 4577 1853 4647 ignota.
1872 4574 2064 4643 Magno
2077 4582 2256 4626 autent
2276 4573 2369 4626 hui

2475 4573 2536 4625 ’ὃ
2564 4573 2806 4642 χάρισμα
2827 4570 2937 4623 τῶν
2982 4571 3133 4641 παρά
3182 4567 3261 4638 τῷ
3311 4567 3532 4636 μεγάλῳ
3570 4563 3766 4632 Παύλῳ
3798 4563 4087 4633 ὑμνουμέ-

818 4678 986 4743 Patri,
1014 4685 1069 4731 et
1106 4684 1327 4745 propter
1365 4673 1594 4726 multum
1630 4671 1896 4732 studium,
1920 4676 1974 4720 et
1997 4675 2217 4737 pmpter
2248 4666 2383 4718 emi-

2489 4683 2594 4717 νων
2622 4664 2789 4730 ἐστὶν,
2812 4663 2973 4718 ἄλλου
3004 4664 3078 4733 μὴ
3106 4661 3502 4730 προσδεόμενον
3528 4658 3672 4712 θείου
3695 4656 4071 4727 χαρίσματος.

822 4784 1043 4829 nentem
1091 4776 1381 4840 puritatem
1414 4779 1465 4821 et
1491 4765 1709 4833 cognita
1740 4774 1914 4827 erant,
1952 4770 2007 4816 et
2036 4761 2225 4815 eadem
2257 4762 2490 4831 plurima
2522 4776 2646 4815 cum
2686 4759 2974 4815 dulcedine
3021 4773 3086 4813 ac
3125 4757 3394 4812 suavitate
3439 4752 3742 4822 explicabat
3784 4770 3798 4805 :
3837 4751 3893 4804 id
3929 4751 4077 4820 quod

821 4870 1026 4923 donum
1058 4874 1160 4928 est,
1204 4878 1269 4917 ex
1318 4861 1404 4927 iis,
1449 4875 1571 4930 quae
1605 4875 1633 4913 a
1667 4873 1862 4928 magno
1907 4845 2169 4924 Apostolo
2203 4852 2677 4917 commendantur,
2715 4862 2771 4909 et
2804 4852 3006 4915 nullius
3046 4850 3271 4905 alterius
3302 4848 3428 4902 doni
3463 4846 3701 4916 indigere
3728 4844 3971 4898 videtur.

900 4964 989 5017 50.
1048 4958 1345 5026 Postquam
1393 4965 1573 5009 autem
1626 4967 1855 5021 magnus
1900 4952 1991 5006 hic
2037 4950 2265 5004 antistes
2313 4963 2400 5003 se-

2566 4946 2631 5003 λ’.
2677 4947 2818 5002 Ἀλλ’
2847 4948 2969 5000 ἐπεὶ
2997 4946 3092 4999 καὶ
3126 4946 3155 4998 δ
3188 4943 3359 5014 μέγας
3407 4940 3695 5012 ἀρχιερεὺς
3738 4934 3899 5003 οὗτος
3931 4941 4084 5010 γήρᾳ

822 5064 1041 5112 nectute
1099 5050 1488 5117 laboribusque
1550 5044 1858 5099 innumeris
1915 5041 2199 5095 confectus
2259 5040 2373 5093 emi

2500 5037 2950 5103 ἐταλαιπωρεῖτο,
3012 5034 3107 5088 καὶ
3157 5032 3392 5100 καμάτῳ
3434 5028 3706 5083 πολυειδεῖ
3745 5029 3889 5099 πρὸς
3948 5030 4085 5082 Θεὸν

827 5148 1006 5219 gravit
1027 5147 1091 5199 ad
1124 5144 1315 5207 Deum,
1356 5139 1619 5194 successit
1654 5138 1706 5191 in
1730 5135 1848 5205 ejus
1877 5135 2055 5191 locum
2083 5142 2137 5186 et
2160 5131 2395 5202 patriar-

827 5241 1041 5296 cltalem
1071 5236 1390 5307 dignitatem
1417 5230 1671 5293 Photius,
1702 5228 1792 5296 qui
1818 5228 1869 5279 iit
1895 5227 2131 5295 publicis
2152 5224 2397 5279 consiliis

830 5334 884 5387 in
916 5328 1190 5386 sententia
1225 5324 1472 5390 ferenda,
1505 5331 1558 5376 et
1596 5330 1815 5390 propter
1858 5318 2125 5373 sermonis
2160 5316 2394 5384 copiam,

900 5537 918 5601 (
930 5533 1011 5602 ll)
1034 5529 1393 5602 Theophilum
1422 5526 1648 5602 scilicet,
1673 5534 1734 5602 ut
1751 5524 1808 5577 in
1841 5522 2150 5602 lfrolegom.
2170 5519 2400 5602 dictum.

897 5589 1011 5677 (12)
1037 5602 1172 5655 Sunt
1189 5589 1255 5677 'hi
1287 5598 1570 5677 '_l’_heot_lora
1594 5607 1643 5648 et
1640 5595 1821 5677 “ﬁlius
1836 5594 1956 5675 ejus
1982 5589 2404 5677 MichaeluMen:

826 5659 955 5730 duin
986 5659 1167 5726 autem
1213 5672 1266 5723 in
1294 5667 1599 5735 Menologio
1640 5664 1824 5735 Basilii
1861 5659 2053 5735 imper.
2107 5669 2224 5735 est,
2256 5659 2400 5728 quod

830 5744 1042 5800 nonnisi
1100 5730 1684 5809 ΤΙιρομιιίιοηιιιόιιιιο,
1729 5730 1999 5809 Joscphus
2034 5730 2306 5809 scribatur
2335 5744 2401 5808 ex

829 5828 1047 5871 carcere
1067 5800 1285 5883 ereptus
1315 5808 1378 5867 D.
1404 5805 1609 5861 Nicolai
1637 5819 1759 5877 ope,
1787 5800 2089 5871 iterumque
2118 5801 2319 5870 eiectus
2348 5800 2402 5853 in

2501 5128 2826 5199 ἐξεδήμησε.
2849 5126 3151 5195 διαδέχεται
3175 5122 3269 5176 τὸν
3310 5122 3411 5192 τῆς
3439 5119 3855 5191 ἀρχιερωσύνης
3887 5120 4087 5187 θρόνον

2500 5222 2528 5273 ὁ
2557 5221 2781 5282 Φώτιος,
2831 5219 2889 5281 ὃς
2943 5217 3041 5287 τῆς
3094 5216 3398 5283 συγκλήτου
3445 5213 3644 5283 βουλῆς
3700 5212 3975 5283 ἐτύγχανε
4026 5215 4089 5264 τὸ

2504 5314 2767 5381 πρωτεῖον
2815 5311 3231 5381 ἐπιφερόμενος,
3260 5308 3349 5361 δια
3373 5325 3432 5361 τε
3484 5306 3546 5359 τὸ
3596 5304 3732 5359 πολὺ
3776 5305 3876 5358 τοὺ
3923 5305 4088 5372 λόγου

2512 5516 2785 5572 exsilium.

2588 5588 2699 5657 (13)
2732 5584 2790 5657 ὃ.
2821 5582 3080 5653 lgnatius,
3117 5581 3209 5651 qui
3235 5579 3432 5657 colitur
3454 5578 3525 5657 ἓξ
3568 5576 3776 5657 o_ctob.,
3812 5575 4092 5657 methodio

2514 5648 2817 5717 successit,
2848 5648 3074 5721 'quarlo
3134 5648 3259 5720 post
3324 5649 3703 5702 ortltodoxiam
3774 5648 4090 5721 restitutam

2512 5742 2691 5791 anno;
2723 5715 2912 5793 pulsus
2938 5732 2993 5775 et
3015 5715 3209 5793 iterum
3240 5722 3542 5793 restitutus,
3562 5732 3735 5787 usque
3760 5715 3828 5769 ad
3861 5731 3956 5769 an.
3987 5716 4091 5769 873

2513 5789 2695 5853 sedem
2723 5789 2904 5851 tenuit
2931 5789 3375 5862 patriarchalem.
