4164 6456
183 415 291 480 969

1743 420 1936 480 ΥΙΤΑ.

3325 413 3431 478 970

187 523 285 577 καὶ
317 525 378 576 τὸ
410 525 746 596 ὑπερϐάλλον
792 527 890 596 τῆς
947 529 1219 596 γνώσεως,
1279 530 1371 580 καὶ
1423 530 1538 598 ἅμα
1591 529 1677 582 διὰ
1707 530 1766 580 τὸ

1884 535 1921 579 et
1957 534 2179 594 propter
2213 525 2456 581 scientia.
2485 522 2884 588 excellentiam,
2920 532 2971 577 et
3015 532 3234 593 propter
3265 530 3427 580 auiam

184 616 358 669 δεινὸν
384 617 477 669 τοῦ
507 619 646 683 νοὸς,
679 621 777 673 καὶ
818 619 956 689 πρὸς
981 621 1042 672 τὸ
1071 619 1348 673 συνθεῖναι
1377 622 1472 673 καὶ
1497 623 1760 674 σκευάσαι

187 712 490 781 πράγματα
514 711 838 782 ἐπιτήδειον,
867 711 928 776 ἐξ
955 707 1016 766 οὗ
1035 713 1131 765 καὶ
1157 711 1254 781 τὴν
1276 713 1452 782 ἀρχὴν
1487 713 1582 781 τῆς
1605 715 1646 765 is
1658 730 1761 783 ρω-

189 806 358 871 σύνης
385 802 834 872 ἀπεκληριῦσατο,
892 804 980 856 ῐνα
1020 803 1095 872 μὴ
1140 803 1282 872 λέγω
1332 804 1508 856 πάντα
1557 805 1625 855 τὰ
1665 802 1762 856 τοῦ

187 896 401 965 ἀνδρὸς,
429 896 521 948 καί
553 913 656 947 που
693 894 789 949 καὶ
822 895 958 967 πρὸς
1014 895 1268 959 διαϐολὰς
1315 895 1550 965 χωρήσω
1587 896 1762 958 τοῦδε,

187 986 298 1038 ἀπὸ
328 987 423 1038 τοῦ
447 986 768 1055 πράγματος
788 989 869 1050 είς
897 986 1055 1040 τοῦτο
1086 987 1580 1057 παρακινούμενος.
1619 989 1767 1056 Πλὴν

187 1076 273 1128 ὅτι
304 1077 397 1127 καὶ
427 1071 582 1139 οὗτος
619 1077 698 1146 τῷ
730 1077 953 1147 μεγάλῳ
1000 1077 1178 1148 τούτῳ
1210 1080 1388 1147 Πατρί
1436 1081 1634 1150 Ἰωσὴφ
1669 1079 1770 1147 τὴν

191 1168 314 1236 ίσην
347 1169 530 1238 ὲτήρει
565 1169 750 1239 τιμὴν,
788 1169 884 1223 καὶ
932 1168 1011 1240 τῷ
1051 1171 1200 1240 μέσῳ
1240 1172 1336 1240 τῆς
1385 1173 1611 1241 καρδίας
1661 1171 1767 1223 ὐπ-

189 1259 458 1327 έκρυπτε,
502 1260 641 1312 Θεοῦ
689 1260 976 1329 ἄνθρωπον
1025 1263 1328 1332 ὀνομάζων,
1375 1266 1470 1316 καὶ
1502 1263 1771 1332 ίσαγγέλῳ

190 1353 336 1403 κατά
372 1351 434 1404 τὸ
485 1351 703 1423 θεμιτὸν
757 1354 1040 1425 προσέχων
1092 1354 1260 1425 αὐτῷ.
1313 1355 1504 1407 Ἔνθεν
1545 1373 1625 1408 τοι
1675 1355 1774 1409 καὶ

188 1443 320 1513 ὃλην
346 1444 444 1511 τὴν
471 1445 725 1515 φροντίδα
755 1445 865 1498 τῶν
919 1447 1393 1517 ἐκκλησιαστικῶν
1430 1447 1774 1517 πραγμάτων

189 1535 343 1604 αὑτῴ
373 1536 726 1606 ἀναθέμενος,
760 1537 979 1608 Πατέρα
1007 1538 1268 1608 Πατέρων
1296 1539 1498 1601 ἐκάλει,
1526 1539 1620 1590 καὶ⁵
1648 1538 1773 1603 τοὺς

190 1626 301 1677 τῶν
334 1626 565 1692 πρώτων
608 1625 833 1697 βαθμῶν
882 1627 1238 1698 ἀξιουμένους
1283 1632 1381 1700 τῆς
1441 1628 1773 1699 Ἐκκλησίας

191 1714 494 1784 παρεκάλει
531 1717 702 1784 τούτῳ
744 1719 1056 1772 ἀνατιθέναι
1107 1721 1233 1784 τοὺς
1283 1719 1614 1789 λογισμούςο
1653 1720 1680 1772 ὃ
1709 1719 1774 1790 δή

191 1810 288 1862 καὶ
332 1811 439 1872 πᾶς
475 1810 645 1864 ἐτέλει
700 1812 794 1864 καὶ
845 1811 952 1881 «pb
984 1812 1084 1881 τῆς
1130 1814 1537 1884 πατριαρχικῆς
1589 1829 1771 1885 Rapa.-

1868 617 2184 684 gravitatem
2233 617 2439 687 primas
2487 615 2800 680 obtinebat;
2842 624 2897 670 et
2943 614 2996 668 in
3042 616 3435 670 eoucinnandis

1868 709 2374 778 pertractandisque
2422 707 2656 775 negotiis
2701 722 2948 777 magnam
2987 707 3222 761 habebat
3249 708 3437 761 dexte-

1870 799 2110 862 ritatem,
2145 801 2287 854 unde
2336 811 2390 854 et
2439 798 2744 852 sacerdotis
2797 800 3162 868 principatum
3214 803 3443 854 sortitus

1869 901 1950 946 est
1982 894 2092 960 (ne
2146 892 2339 962 loquar
2369 907 2516 947 nunc
2549 893 2615 946 de
2643 891 2856 946 caeteris
2899 893 3177 952 omnibus,
3219 908 3341 962 qua!
3375 894 3441 947 ad

1870 985 2012 1040 hunc
2033 986 2208 1039 virum
2244 994 2512 1053 spectant,
2529 995 2584 1039 ct
2611 1003 2640 1040 a
2671 984 2954 1055 proposito
2972 999 3224 1039 sermone
3244 986 3311 1038 ad
3340 1000 3437 1038 ea-

1871 1077 2109 1132 Iumnias
2155 1076 2491 1146 divertam).
2555 1077 2822 1131 Pra-terea
2879 1077 2968 1130 hic
3026 1077 3189 1129 etiam
3248 1093 3444 1144 magno

1874 1168 2018 1224 Patri
2041 1168 2281 1239 Josepho
2310 1169 2575 1238 aequalem
2604 1169 2866 1222 honorem
2901 1167 3274 1237 impendebat,
3306 1178 3358 1220 et
3388 1169 3440 1220 in

1871 1263 2048 1316 medio
2066 1263 2245 1316 cordis
2268 1261 2569 1316 recondens
2605 1275 2728 1313 eum
2770 1261 3047 1314 hominem
3095 1259 3439 1329 Deiappella-

1871 1352 1983 1417 bat,
2005 1361 2057 1405 et
2075 1361 2334 1418 tauquam
2354 1352 2568 1420 angelo,
2589 1359 2854 1419 quantum
2877 1349 2958 1403 fas
2993 1358 3132 1413 erat,
3166 1350 3338 1402 cidem
3363 1348 3448 1399 in-

1873 1440 2128 1492 tendebat
2156 1456 2168 1491 :
2202 1455 2419 1492 omnem
2468 1440 2633 1493 etiam
2669 1439 3170 1493 ecclesiasticorum
3202 1438 3447 1507 negotio-

1879 1545 2000 1582 rum
2060 1545 2248 1582 curant
2312 1544 2374 1582 ac
2435 1531 2856 1584 sollicitudinem
2921 1531 2972 1584 in
3028 1544 3093 1584 eo
3160 1544 3445 1598 reponens,

1877 1619 2095 1674 Patrem
2133 1620 2354 1674 Patrum
2385 1621 2686 1684 vocitabat,
2721 1632 2774 1675 et
2812 1636 2926 1686 eos,
2976 1622 3069 1691 qui
3119 1621 3172 1676 in
3206 1620 3448 1674 Ecclesia

1876 1715 2088 1783 primos
2137 1714 2340 1783 gradus
2395 1714 2688 1778 habebant,
2749 1714 3098 1780 hortabatur,
3152 1723 3211 1768 ut
3271 1714 3324 1766 in
3383 1730 3451 1766 eo

1877 1805 2046 1857 animi
2095 1820 2256 1858 curas
2310 1805 2674 1870 collocarent;
2739 1805 2884 1874 quod
2933 1820 3066 1860 sane
3107 1806 3269 1859 etiam
3323 1812 3450 1858 ante

198 1899 468 1971 κλήσεως.
502 1896 612 1955 Ἦν
633 1902 765 1974 γὰρ,
799 1871 940 1957 κατά
965 1871 1316 1977 τάτᾼσματα
1491 1871 1769 1976 ἀσμάτων.

1884 1896 2202 1965 patriarchae
2260 1899 2696 1951 exhortationem
2745 1913 2939 1953 omnes
2985 1897 3276 1951 faciebant.
3325 1897 3452 1950 Erat

198 1993 396 2063 κομιδῇ
433 1993 660 2064 εὐφυὴς,
707 1994 1000 2060 ἀλώπεκας
1045 1997 1461 2067 ἁμαρτημάτων
1519 2000 1773 2070 κατέχειν

192 2085 458 2154 σμικρὰς,
491 2087 585 2137 καὶ
627 2086 980 2140 ἀποκτέννειν
1010 2087 1110 2158 τῆς
1151 2089 1444 2158 νοουμένης
1491 2089 1596 2158 γῆς
1644 2093 1773 2154 τοὺς

191 2175 572 2244 ἁμαρτωλοὺς,
597 2178 626 2230 ὅ
679 2195 844 2248 φησιν
873 2181 900 2232 ὁ
961 2180 1106 2244 θεῖος
1159 2181 1346 2243 Δασὶδ,
1385 2183 1472 2234 ναὶ
1515 2182 1651 2251 δῆτα
1679 2183 1773 2235 καὶ

190 2267 370 2337 ψυχὴν
403 2269 754 2338 ἐπιστηρίξαι
790 2272 885 2324 καὶ
942 2271 1372 2340 βεῦαιὼσασθαι,
1424 2275 1518 2327 καὶ
1565 2273 1658 2326 τὸν
1692 2275 1773 2335 εἰς

195 2359 469 2426 σαρκικας
502 2357 711 2424 ὀρέξεις
747 2358 903 2429 δίκην
934 2361 1172 2430 σφαίρας
1210 2363 1352 2416 κατά
1405 2363 1644 2434 πρανοῦς
1673 2381 1773 2416 κυ-

191 2446 444 2517 λιόμενον
471 2447 772 2518 ἀναστῆσαι
807 2451 907 2518 τῆς
943 2452 1220 2522 ἀμαρτίας
1253 2456 1346 2506 καὶ
1379 2458 1603 2524 ποιήσαι
1637 2471 1772 2524 μετ-

192 2540 380 2610 άρσιον
408 2557 420 2568 ·
447 2539 585 2593 ἀλλὰ
636 2543 729 2593 καὶ
751 2542 843 2594 τὸν
872 2543 1299 2616 ἀπερικτυπήτῳ
1319 2546 1564 2609 συζῶντα
1584 2548 1772 2616 σχολῇ,

190 2629 290 2678 καὶ
324 2630 444 2689 ταῖς
471 2627 571 2696 τῆς
599 2629 758 2696 ἀγίας
791 2629 1021 2699 Τριάδος
1051 2631 1312 2702 θεωρίαις
1351 2631 1771 2703 περιλαμπόμε-

191 2732 308 2778 νον,
345 2716 425 2768 ετι
453 2718 663 2780 πείσαι,
699 2718 773 2788 μή
831 2721 1065 2788 χαλάσαι
1090 2721 1151 2773 τὸ
1184 2721 1327 2774 θεῖον
1374 2723 1592 2794 πτερὸν,
1637 2723 1773 2792 μηδὲ

196 2808 667 2877 μετεωρισθῆναι,
709 2809 798 2862 διά
846 2814 942 2872 τὰς
995 2813 1054 2863 ὲν
1089 2811 1346 2882 θεωρίαις
1402 2814 1631 2880 παγίδας
1684 2814 1774 2883 (δι’

191 2894 271 2951 ὦν
292 2901 322 2951 ὁ
353 2902 756 2970 πτερνοσκῦπος
784 2903 1014 2972 οίήσεως
1043 2903 1201 2956 πάθει
1230 2906 1352 2968 τοὺς
1378 2905 1606 2967 πολλοὺς
1637 2905 1776 2975 πρὸς

192 2990 260 3043 τὸ
287 2991 390 3060 τῆς
413 2993 686 3055 ἀπωλείας
719 2995 1033 3063 κατήγαγεν
1062 2995 1378 3067 βάραθρον),
1411 2995 1652 3065 γαλήνην
1678 2996 1777 3064 μὲν

193 3081 468 3134 διδάσκων
501 3083 648 3147 ὅπως
677 3085 992 3139 συνίσταται
1026 3089 1059 3156 ή
1093 3086 1260 3157 ψυχὴ,
1285 3089 1380 3139 καὶ
1400 3088 1548 3149 ὅπως
1573 3088 1642 3140 τά
1675 3104 1770 3154 φυ-

1874 1987 2040 2050 enitn,
2098 1990 2396 2042 secundum
2451 1990 2597 2057 quod
2661 1991 2713 2043 in
2776 1989 3006 2044 Cantico
3073 1989 3452 2044 canticorum'

1879 2079 2144 2149 scriptum
2197 2091 2299 2145 est,
2354 2081 2647 2136 admodum
2693 2082 2916 2138 sedulus
2970 2097 3032 2136 ac
3087 2082 3353 2136 sollicitus
3394 2082 3448 2134 in

1875 2171 2114 2242 parvulis
2183 2182 2532 2242 peccatorum
2603 2174 2857 2244 vulpibus
2925 2174 3221 2243 capiendis,
3277 2183 3330 2228 et
3396 2174 3451 2226 in

1875 2264 2136 2332 spiritalis
2190 2273 2348 2318 term
2404 2265 2785 2333 peccatoribus
2820 2307 2834 2330 ,
2878 2265 3032 2334 juxta
3094 2264 3312 2318 Davidis
3368 2265 3447 2316 di-

1889 2366 2062 2419 ctum,
2093 2356 2500 2410 interliciendis.
2534 2356 2802 2412 Praeterea
2836 2359 3078 2411 animum
3101 2357 3320 2411 assidue
3358 2357 3456 2410 lir-

1885 2449 2091 2511 mabat,
2133 2463 2198 2502 ac
2251 2448 2500 2501 stabilem
2546 2449 2830 2511 reddebat,
2869 2464 3106 2518 cumque
3153 2450 3206 2501 in
3245 2463 3455 2501 morem

1875 2540 2025 2594 orbis
2075 2553 2170 2592 seu
2227 2538 2445 2606 spherae
2517 2538 2582 2591 ad
2626 2539 2877 2592 carnales
2925 2537 3199 2606 appetitus
3251 2537 3457 2605 peccati

1882 2642 2140 2700 tanquam
2172 2631 2225 2683 in
2260 2631 2470 2684 declive
2499 2631 2827 2695 volveretur,
2859 2631 3174 2684 retrahebat
3211 2640 3377 2698 atque
3402 2630 3458 2683 in

1876 2724 2111 2778 sublime
2126 2723 2385 2791 erigebat.
2408 2722 2658 2792 Cumque
2671 2723 3019 2791 quietissimo
3039 2723 3151 2776 otio
3169 2721 3460 2786 frueretur,

1876 2825 1929 2869 et
1958 2824 2162 2871 sanctae
2203 2814 2492 2869 Trinitatis
2541 2814 2845 2869 visionibus
2893 2814 3283 2875 illustraretur,
3319 2829 3462 2866 nun-

1878 2921 2040 2974 quam
2061 2904 2395 2966 remittebat,
2411 2904 2504 2958 sed
2525 2919 2740 2973 semper
2763 2903 2960 2957 divinae
2985 2901 3462 2971 contemplationis

1880 2997 1993 3050 alas
2022 2995 2372 3059 intendebat;
2423 3011 2602 3064 neque
2640 3005 2819 3049 mente
2850 2995 3203 3060 eﬁ‘erebatur,
3239 3003 3464 3062 propter

1881 3089 2106 3157 laqueos
2145 3087 2237 3156 qui
2284 3088 2337 3139 in
2387 3087 2697 3139 visionibus
2749 3086 3123 3155 reperiuntur,
3179 3099 3277 3154 per
3323 3099 3465 3153 quos

199 3173 371 3232 σικῶς
395 3175 886 3246 ἐγκατεσπαρμένα
909 3176 1010 3245 τῆς
1032 3177 1283 3245 γνώσεως
1303 3177 1610 3247 σπέρματα,
1642 3196 1775 3230 παν-

1884 3187 2138 3232 versutus
2167 3179 2380 3231 daemon
2415 3177 2667 3232 elationis
2698 3177 2828 3230 vitio
2861 3178 3063 3230 multos
3117 3178 3169 3229 in
3200 3177 3371 3230 ruina:
3400 3189 3465 3227 ac

195 3262 363 3324 τοίως
392 3266 450 3316 ἐν
478 3266 608 3334 ήμίν
637 3267 778 3318 κατὰ
809 3267 1006 3336 κρᾶσιν
1030 3270 1122 3321 καὶ
1154 3268 1394 3338 ἰδιότητα
1425 3270 1778 3338 μεταποιοῦν-

1889 3269 2214 3339 perditionis
2245 3269 2565 3323 barathrum
2593 3271 2828 3335 induxit,
2855 3269 3306 3337 tranquillitatem
3355 3283 3466 3336 pra:

196 3355 294 3407 ταί
325 3372 385 3408 τε
414 3359 509 3410 καὶ
542 3357 896 3422 ὲπαύξονται,
929 3358 1062 3430 πρὸς
1093 3361 1230 3430 ὅπερ
1273 3360 1502 3424 ἕκαστος
1546 3359 1778 3428 πέφυκε.

1890 3373 1950 3412 se
1986 3359 2166 3412 ferens
2187 3373 2252 3412 ac
2269 3358 2492 3418 docens.
2513 3373 2580 3412 ne
2597 3359 2780 3412 anima
2812 3358 3042 3412 ulterius
3065 3357 3461 3426 progrediatur,

196 3471 300 3526 sed
334 3472 408 3526 ibi
442 3473 670 3540 gradum
709 3474 887 3538 sistat,
925 3485 979 3530 et
1007 3477 1386 3545 conquiescat,
1414 3486 1468 3529 et
1503 3485 1646 3530 utea
1677 3475 1886 3529 semina
1927 3474 2169 3529 scicntia:
2209 3482 2263 3527 et
2289 3473 2641 3541 cognitionis,
2675 3487 2797 3542 quae
2846 3474 3168 3528 naturaliter
3200 3475 3466 3529 seminata

197 3574 354 3628 sunt,
398 3566 620 3618 omnino
651 3567 706 3620 in
743 3567 924 3633 nobis,
968 3567 1122 3637 juxta
1156 3577 1578 3638 temperaturam
1609 3567 1758 3621 illam
1791 3583 1856 3622 ac
1894 3567 2280 3637 proprietatem
2321 3574 2729 3619 cominutentur
2769 3576 2822 3619 et
2853 3575 3127 3629 crescant,
3179 3566 3247 3619 ad
3297 3579 3465 3634 quam

203 3661 586 3731 unusquisque
625 3664 945 3717 naturaliter
974 3679 1281 3734 prapensus
1310 3673 1416 3718 est.

282 3755 384 3810 λα’.
426 3757 540 3808 Καὶ
575 3758 630 3809 τί
678 3758 754 3828 μὴ
791 3758 934 3835 λέγω
975 3758 1046 3812 τὰ
1087 3762 1260 3829 μείζω
1306 3761 1400 3812 καὶ
1449 3759 1786 3828 τελεώτερα;

215 3846 401 3918 Ἐώρα
426 3850 550 3912 τοὺς
579 3848 892 3919 ὀφθαλμοὺς
917 3852 946 3902 ὁ
965 3853 1230 3919 γενναῖος,
1255 3851 1348 3904 καὶ
1365 3851 1475 3904 ἀπὸ
1503 3851 1670 3920 μόνης
1691 3851 1790 3920 τῆς

201 3939 382 4008 ὖψεως
412 3940 581 4010 ὁποίῳ
610 3941 773 3993 πάθει
803 3941 1034 4005 ἕκαστος
1061 3941 1361 4012 ὲδεσμεῖτο,
1396 3939 1789 4011 μυστηριυώὦς

203 4031 612 4102 προδιέγραφεν
631 4072 646 4095 ,
679 4031 814 4101 ὁμοῦ
843 4035 942 4103 μὲν
975 4033 1318 4086 ὑπεκκλίνων
1347 4036 1446 4102 τὴν
1470 4033 1629 4098 δόξαν
1649 4073 1663 4098 ,
1702 4031 1786 4082 ἵνα

205 4125 287 4194 μή
314 4141 398 4186 τις
423 4124 583 4193 τυχὸν
611 4125 964 4194 ὑπολειφθείη
998 4125 1152 4196 παρά
1183 4126 1310 4188 τοὺς
1336 4125 1586 4187 πολλοὺς,
1622 4128 1651 4178 ὁ
1677 4128 1788 4185 τοῖς

137 4276 150 4297 .
206 4217 377 4270 πᾶσιν
411 4217 640 4284 ἄγγελος
663 4218 1039 4288 νομιζόμενος.
1070 4218 1166 4272 καὶ
1205 4219 1292 4272 ἵνα
1325 4219 1400 4289 μὴ
1435 4217 1666 4288 ὲντρέψῃ
1701 4216 1792 4268 τὸν

205 4311 596 4381 ἁμαρτάνοντα
616 4351 631 4375 ,
659 4311 753 4364 καὶ
783 4312 868 4364 διά
897 4311 1055 4364 τοῦτο
1083 4313 1286 4383 ποιήσῃ
1318 4312 1454 4382 πρὸς
1484 4312 1581 4380 τὴν
1610 4313 1792 4380 ἀμαρ-

205 4401 334 4453 τίαν
354 4402 836 4472 ἐπιρρεπέστερον·
860 4401 1003 4470 φιλεῖ
1023 4403 1132 4469 γάρ
1153 4404 1215 4454 τὸ
1237 4403 1374 4464 τέως
1393 4402 1789 4472 κρυπτόμενον,

206 4492 306 4544 καὶ
331 4491 409 4553 ὡς
439 4492 699 4562 αἰσχύνης
727 4493 890 4563 ἔργον
913 4493 1247 4564 νομίζεσθαι·
1268 4493 1328 4546 τὸ
1347 4492 1404 4545 δὲ
1432 4494 1567 4562 πρὶς
1592 4492 1793 4554 πολλὰς

1961 3753 2050 3806 5|.
2087 3750 2192 3805 Sed
2236 3764 2336 3804 cur
2368 3747 2576 3816 majora
2628 3761 2692 3801 ac
2733 3746 3060 3815 perfectiora
3109 3751 3466 3815 praeteream?

1893 3843 1950 3898 Si
1984 3857 2146 3913 quem
2173 3854 2476 3912 generosus
2512 3839 2614 3894 iste
2643 3839 2694 3892 in
2721 3839 2898 3892 oculis
2926 3840 3191 3907 vultuque
3222 3841 3468 3909 aspexis-

1892 3944 1996 3998 set,
2020 3950 2087 3989 ex
2123 3934 2242 3988 solo
2265 3943 2510 4002 aspectu,
2544 3945 2784 4000 quanam
2825 3929 3081 3999 passione
3109 3933 3344 4000 quisque
3376 3932 3469 3984 de-

1894 4027 2185 4085 tineretur,
2245 4023 2466 4076 areanis
2518 4020 2695 4075 modis
2754 4020 3141 4089 praesignabat,
3196 4031 3249 4074 et
3304 4021 3468 4074 simul

1894 4115 2124 4184 gloriam
2155 4112 2487 4177 declinabat,
2512 4125 2580 4165 ne
2601 4110 2726 4180 quis
2747 4109 2887 4164 forte
2918 4126 3040 4164 cum
3070 4125 3234 4179 supra
3267 4113 3470 4165 multos

1893 4221 2017 4261 esse
2041 4205 2440 4274 suspicaretur,
2471 4203 2565 4272 qui
2591 4203 2659 4256 ab
2694 4202 2952 4256 omnibus
2981 4203 3204 4272 angelus
3233 4203 3472 4256 aastima-

1897 4297 2108 4350 batur:
2165 4305 2220 4349 et
2270 4309 2338 4349 ne
2392 4303 2705 4364 peccantem
2759 4293 3073 4356 innutriret,
3127 4307 3192 4346 ac
3241 4292 3470 4356 foveret,

1895 4399 2060 4457 atque
2107 4387 2176 4441 ad
2217 4385 2556 4456 peccandqu
2608 4383 2812 4439 faceret
2864 4384 3270 4454 procliviorem.
3323 4383 3473 4438 Solet

1897 4480 2042 4533 enim
2081 4478 2132 4533 id
2167 4477 2314 4548 quod
2357 4476 2536 4530 adhuc
2574 4475 2852 4530 occultum
2898 4484 3001 4537 est,
3037 4483 3294 4542 tanquam
3335 4488 3474 4545 opus

209 4578 384 4641 ἀκοάς
417 4579 658 4647 ἐμπεσὸν
695 4579 1175 4652 εὐκαταφρόνητον
1228 4580 1308 4651 τῷ
1350 4580 1594 4633 ποιοῦντι
1645 4578 1778 4647 λογί-

1906 4581 2062 4640 turpe
2115 4570 2370 4626 censeri:
2433 4565 2584 4638 quod
2637 4582 2768 4621 vero
2831 4567 2900 4620 ad
2958 4564 3251 4618 multorum
3313 4581 3476 4620 aures

211 4668 424 4734 ξασθαι.

291 4847 404 4919 λβ’.
444 4847 606 4902 Ἀλλά
647 4846 754 4918 γὰρ
791 4849 914 4901 ἐπεὶ
956 4847 1064 4900 εδει
1106 4849 1198 4901 καὶ
1244 4847 1466 4910 τοῦτον,
1513 4846 1794 4918 ἄνθρωπον

217 4939 353 4992 ὅντα
385 4937 477 4991 καὶ
505 4939 566 4991 τὸ
611 4938 773 5008 σῶμα
808 4938 909 5008 τῆς
948 4937 1333 5000 ταπεινώσεως
1372 4935 1792 5007 περικείμενον,

223 5029 429 5100 μᾶλλον
457 5029 515 5084 δὲ
543 5032 601 5083 ὲν
623 5030 930 5102 ὀστρακίνῳ
961 5030 1145 5082 σκεύει
1171 5028 1262 5082 τοῦ
1295 5027 1546 5098 σώματος
1569 5028 1662 5080 τὸν
1695 5029 1792 5096 μέ-

219 5139 328 5190 γαν
356 5121 456 5192 τῆς
481 5124 677 5192 ἀρετῆς
707 5121 1150 5191 περικρύπτοντα
1182 5120 1466 5190 μάργαρον
1485 5160 1500 5185 ,
1532 5118 1794 5172 ἀναλῦσαι

220 5215 361 5286 πρὸς
381 5215 473 5266 τὸν
495 5214 649 5278 Θεὸν,
675 5215 770 5268 καὶ
801 5217 864 5284 τῇ
887 5213 1108 5282 ἀληκτῳ
1140 5214 1476 5282 μαρμαρυγῇ
1507 5213 1614 5264 τῶν
1636 5211 1795 5265 θειων

227 5305 609 5376 θεωρημάτων
647 5305 870 5374 ἀμέσως
900 5304 1292 5372 ἑνωραῖζεσθαι
1316 5319 1329 5331 ·
1371 5303 1468 5356 καὶ
1515 5301 1624 5354 τῶν
1675 5302 1805 5352 τοο).-

1906 4665 2171 4732 pervenit,
2234 4658 2646 4729 contemptibile
2702 4659 2770 4713 ab
2844 4671 2909 4712 eo
2967 4657 3061 4725 qui
3118 4665 3310 4724 peccat
3361 4658 3479 4712 exi-

1898 4755 2130 4810 stimari.

1969 4847 2058 4900 32.
2097 4846 2370 4913 Quoniam
2403 4863 2532 4903 vero
2582 4847 2871 4916 oportebat
2905 4847 3081 4918 ipsum
3121 4849 3308 4912 etiam,
3344 4862 3469 4901 eum

1897 4952 2042 4994 esset
2097 4941 2288 5004 homo,
2339 4952 2390 4994 et
2445 4955 2675 5010 corpore
2725 4940 3052 4995 humilitatis
3098 4939 3474 4995 circumdatus

1900 5041 2064 5095 esset,
2114 5033 2198 5085 vel
2240 5033 2420 5100 potius
2471 5033 2523 5085 in
2579 5047 2708 5087 vase
2751 5032 2901 5087 llctili
2940 5032 3189 5102 corporis
3226 5045 3474 5099 magnam

1904 5124 2121 5178 virtutis
2181 5125 2534 5195 margaritam
2611 5124 2988 5178 absconditam
3058 5123 3478 5184 circumferret;

1905 5216 2212 5284 oportebat.
2269 5216 2518 5284 inquam.
2577 5232 2822 5270 remeare
2872 5217 2936 5270 ad
3003 5215 3195 5279 Deum,
3257 5224 3312 5269 et
3377 5216 3479 5268 im-

1908 5308 2114 5362 mensis
2151 5308 2465 5363 divinarum
2522 5309 3044 5378 contemplationum
3094 5307 3477 5378 splendorihus

225 5399 337 5452 λῶν
411 5399 654 5469 ἱδρώτων
709 5399 802 5450 τὸν
857 5400 1049 5467 μισθὸν
1115 5397 1554 5466 συγκομισασθαι
1595 5411 1609 5426 ο
1663 5411 1778 5447 νοσε

1909 5403 2224 5456 immediate
2261 5402 2548 5466 illustrari,
2593 5401 3000 5468 multorumque
3041 5399 3297 5455 sudorum
3334 5415 3482 5452 mer-

233 5491 334 5561 μὲν
359 5489 543 5557 ὀλίγον
564 5530 579 5554 ,
613 5489 700 5542 διὰ
732 5490 789 5543 δὲ
817 5489 970 5552 θείας
1011 5488 1409 5558 ἀποκαλύψεως
1449 5488 1666 5557 μυεῖται
1711 5488 1776 5556 τὴ

1908 5495 2094 5550 cedem
2156 5505 2456 5562 reportare,
2519 5495 2685 5564 erepit
2733 5492 3134 5564 aliquantulum
3180 5500 3477 5559 aegrotare;

233 5579 522 5649 ικδημίαν,
552 5579 784 5647 ἀγγέλου
810 5579 984 5649 τούτῳ
1004 5581 1144 5633 κατά
1164 5580 1288 5642 τοὺς
1311 5576 1509 5640 ὕπνους
1539 5577 1809 5647 λαλήσανο

1915 5601 2010 5656 per
2063 5586 2304 5640 divinam
2343 5598 2525 5640 autem
2572 5584 2960 5640 revelationem
3013 5597 3131 5636 sese
3167 5583 3294 5634 hinc
3343 5579 3483 5633 emi-

233 5690 345 5732 τος.
389 5673 449 5724 '0
484 5670 593 5723 τῶν
624 5671 889 5741 νηστειῶν
920 5671 1102 5725 τοίνυν
1130 5671 1450 5742 παρῳχήκει
1478 5669 1689 5741 καιρὸς,
1720 5685 1778 5721 κ]

1916 5685 2200 5745 graturum
2241 5676 2524 5739 intellexit,
2585 5675 2780 5746 angelo
2820 5674 2872 5728 id
2918 5674 2972 5728 in
3022 5671 3232 5726 somnis
3276 5668 3486 5740 signiti-

305 5848 333 5884 ⁸
363 5849 525 5904 Cant.
567 5865 626 5907 tt.
661 5848 746 5901 15.

560 5944 822 6004 ΡΑτιιοι..
870 5943 986 6003 (in.
1018 5943 1143 6006 CV.

3028 5941 3099 5998 31
