4164 6456
236 439 342 501 973i

1800 447 2002 505 ΥΙΤΛ.

3383 463 3490 529 974

232 552 339 621 ἀὴρ
366 550 511 612 im;
543 547 908 619 καθηγεάζετο
936 551 1030 604 καὶ
1066 554 1136 621 γῇ
1164 554 1229 623 τῇ
1256 552 1545 606 καταθέσει
1586 554 1677 607 τοῦ
1710 554 1813 608 σώ-

1921 553 2115 608 itincre
2146 569 2316 622 nuper
2349 555 2719 621 advenientes,
2754 564 2988 622 gemitus
3029 565 3296 638 lleutsque
3330 587 3487 630 voces

230 660 420 711 ματος.

1920 646 1973 698 in
2024 661 2149 701 aere
2209 646 2556 716 audiverunt,
2608 653 2857 708 Celeriter
2906 660 3161 726 pessimis
3205 661 3490 730 spiritibus

230 752 355 789 ι-ιιηι
402 737 603 805 gemitu
646 736 999 802 abeuntibus,
1048 754 1114 794 eo
1182 740 1326 810 quod
1378 741 1524 796 illius
1562 756 1850 797 ascensum
1893 744 2167 796 sustinere
2201 757 2308 795 non
2382 758 2625 813 possent.
2677 745 2973 806 Universus
3010 761 3189 810 autem
3226 772 3319 812 aer
3359 774 3491 814 san-

228 826 593 893 ctificabatur,
645 837 811 897 atque
861 828 1023 882 etiam
1075 839 1217 885 terra
1263 833 1514 901 corporis
1548 834 1693 887 illius
1723 833 2083 902 depositione.

299 915 394 971 λε’.
434 916 542 969 Καί
575 934 658 979 τις
684 919 848 987 ἀνὴρ,
882 918 1119 989 συνήθης
1148 920 1222 981 ὡς
1253 921 1321 971 τά
1350 920 1518 974 πολλὰ
1548 923 1623 990 τῷ
1655 923 1816 990 ἁγίῳ,

228 1009 324 1063 καὶ
359 1007 460 1077 βίῳ
494 1006 652 1075 λόγον
686 1009 938 1078 κοσμῶν,
972 1012 1064 1064 καὶ
1092 1010 1171 1081 τῷ
1204 1011 1345 1082 λόγῳ
1384 1013 1472 1065 τὸν
1524 1014 1637 1083 βίον
1689 1014 1820 1065 καθ-

224 1104 499 1172 ωραῖζων,
519 1101 680 1171 ἐῴκει
698 1104 838 1156 κατὰ
856 1104 947 1157 τὸν
977 1105 1168 1175 καιρὸν
1192 1106 1287 1175 τῆς
1313 1108 1440 1176 ὲκδη
1452 1110 1578 1178 μίας
1594 1109 1689 1177 τῆς
1717 1127 1817 1178 μα-

226 1194 428 1263 καρίας
450 1193 666 1261 ἐκείνης
682 1192 859 1263 ψυχῆς
884 1195 1098 1265 (πόρρω
1125 1195 1233 1267 γὰρ
1253 1193 1364 1266 ἦν),
1394 1200 1578 1267 φωνῆς
1598 1201 1815 1252 ἀκούειν

224 1286 499 1354 καλούσης
540 1284 738 1338 αὐτόν’
775 1286 988 1349 Ἔξιθι,
1033 1289 1127 1339 καὶ
1183 1288 1346 1358 βλέπε
1388 1291 1669 1361 παράδοξα
1717 1296 1810 1348 καὶ

223 1380 351 1432 θεῖα
387 1379 697 1448 μυστήρια·
736 1378 928 1448 ἀμέλει
966 1380 1061 1433 καὶ
1099 1383 1197 1451 τῆς
1241 1382 1479 1445 οἰκείας,
1522 1384 1595 1447 ὡς
1633 1385 1808 1438 ἐδόκει

222 1471 443 1540 ἐκείνῳ,
468 1472 576 1523 ὐπὸ
595 1472 692 1539 τῆς
716 1472 898 1541 φωνῆς
919 1473 1316 1540 ἀφυπνισθέντι
1344 1477 1437 1528 καὶ
1458 1475 1653 1542 ἐξιόντι
1681 1479 1807 1547 ὁρά-

218 1564 317 1616 ταί
355 1581 408 1615 τι
434 1562 599 1631 φόϐον
639 1563 731 1615 καὶ
770 1565 949 1633 χαρὰν
982 1565 1248 1635 ἐμποιοῦν
1281 1566 1482 1637 θέαμα.
1528 1569 1809 1638 Ἐφαίνετο

218 1658 333 1726 γὰρ
358 1655 481 1708 ὅλον
510 1655 572 1708 τὸ
600 1655 764 1719 κῦτος
789 1656 885 1709 τοῦ
911 1657 1143 1727 οὐρανοῦ
1178 1659 1588 1732 διασχιζόμενον
1622 1663 1808 1731 σῶμα·

216 1765 334 1813 τος,
359 1749 427 1801 τά
448 1748 507 1800 δὲ
530 1748 785 1817 τάγματα
805 1749 915 1801 τῶν
933 1750 1105 1818 ἁγίων
1131 1752 1385 1822 ὁμιλαδὸν
1406 1754 1504 1823 τῆς
1532 1758 1807 1826 μακαρίας

218 1843 489 1914 περιοχῆς
532 1841 869 1915 ἐξερχόμενα
890 1885 904 1908 ,
938 1845 998 1899 οὐ
1040 1844 1163 1898 καθ’
1190 1845 1385 1899 ἕνωσιν
1432 1847 1557 1916 μίαν
1582 1850 1675 1901 καὶ
1708 1848 1807 1919 τὴν

1988 924 2074 976 55.
2109 922 2200 975 Vir
2228 933 2409 977 autent
2435 928 2654 1008 quidam
2696 931 2869 984 sancti
2902 930 3061 1002 hujus
3092 940 3491 997 consuetudine

1916 1014 2120 1075 clarus,
2153 1015 2246 1083 qui
2285 1016 2392 1078 vita
2425 1031 2735 1075 sermonem
2778 1024 3098 1090 exornabat,
3137 1037 3193 1081 et
3234 1046 3492 1089 sermone

1915 1107 2084 1159 vitam
2119 1107 2435 1171 decorabat,
2467 1121 2630 1180 atque
2663 1113 2739 1166 illi
2787 1117 2940 1171 valde
2972 1118 3171 1176 similis
3204 1134 3356 1189 erat;
3395 1143 3491 1195 per

1916 1198 2046 1251 illud
2095 1207 2326 1267 tempus,
2375 1216 2485 1270 quo
2524 1201 2682 1257 beata
2733 1204 2879 1261 illius
2926 1209 3111 1265 anima
3158 1214 3487 1284 emigrabat.

1916 1306 2041 1345 cum
2071 1293 2262 1359 procul
2306 1308 2468 1359 esset,
2506 1309 2697 1351 vocem
2729 1298 2937 1353 audivit
2962 1314 3267 1359 vocantem
3301 1323 3381 1373 se,
3428 1324 3493 1364 ac

1916 1382 2224 1436 dicentem:
2273 1383 2541 1455 Egredere
2590 1402 2656 1442 ac
2701 1388 2824 1443 vide
2867 1390 3158 1454 mirabilia,
3207 1406 3262 1450 et
3306 1399 3490 1455 divina

1917 1476 2200 1543 mysteria.
2248 1476 2495 1546 Denique
2541 1495 2570 1532 a
2605 1481 2861 1535 familiari
2905 1498 3058 1548 voce,
3096 1496 3155 1539 ut
3199 1488 3301 1541 sibi
3337 1490 3488 1545 vide-

1916 1566 2097 1628 batur,
2124 1566 2566 1637 expergefactus,
2593 1580 2648 1625 et
2681 1587 2957 1640 egressus,
3001 1576 3265 1631 visionem
3295 1596 3491 1648 quam-

1916 1658 2041 1711 dam
2071 1658 2266 1712 timore
2297 1659 2600 1729 gaudioque
2630 1661 2843 1729 plenam
2880 1668 3186 1735 conspexit.
3226 1668 3490 1728 Universa

1916 1752 2062 1805 enim
2114 1753 2235 1806 curli
2293 1753 2522 1805 latitudo
2566 1754 2798 1809 discindi
2850 1758 3154 1822 videbatur,
3211 1771 3375 1833 atque
3424 1782 3490 1819 ex

1919 1842 2077 1897 beato
2110 1844 2203 1897 illo
2248 1844 2371 1898 sinu
2412 1846 2689 1899 turmatim
2720 1858 3032 1903 sanctorum
3070 1854 3287 1908 ordines
3314 1857 3485 1921 exire,

218 1936 416 2007 αὐτὴν,
446 1935 585 1988 ἀλλὰ
629 1937 926 2007 προηγεῖτο
955 1935 1055 2007 μὲν
1088 1937 1123 2005 ἡ
1152 1936 1263 1989 τῶν
1295 1938 1610 1992 ἀποστόλων
1643 1940 1810 2009 ἀκρό-

1921 1950 2021 1989 ηοη
2051 1936 2274 2007 quidem
2317 1952 2426 1992 uno
2454 1939 2757 2010 eodemque
2788 1942 2983 2008 modo;
3019 1946 3111 1999 sed
3158 1947 3334 2015 primo
3366 1919 3487 2019 qui-

215 2045 319 2099 της
354 2027 491 2099 μετά
521 2029 622 2098 τῆς
658 2027 785 2099 ὅλης
823 2028 1003 2082 αὐτῶν
1044 2028 1369 2099 ὁμηγύρεως
1398 2070 1411 2093 ,
1450 2031 1727 2102 μάρτυρες
1759 2031 1813 2084 δὲ

222 2120 367 2190 μετὰ
394 2120 616 2184 τούτους
640 2122 1073 2190 συνεφεπόμενοι
1102 2121 1517 2189 κατεφαίνοντο,
1552 2124 1647 2174 καὶ
1680 2124 1811 2176 καθ-

216 2213 354 2283 εξῆς
377 2216 427 2266 oi
452 2213 730 2283 προφῆται
751 2252 765 2276 ,
798 2214 895 2267 καὶ
920 2213 1031 2265 τῶν
1058 2213 1232 2269 ἄλλων
1270 2214 1433 2276 ὁσίως
1469 2214 1812 2284 βεϐιωκότων

215 2306 287 2357 τὰ
317 2306 505 2375 στίφη,
540 2305 635 2358 καὶ
672 2306 700 2358 ὁ
733 2304 842 2358 τῶν
873 2304 1290 2376 διαπρεψάντων
1316 2307 1375 2358 ὲν
1409 2307 1690 2379 ἁγιωσύνῃ
1720 2310 1812 2360 καὶ

220 2396 613 2470 ἀρχιερωσύνη
631 2396 1044 2467 παναγιὼτατος
1078 2397 1355 2466 σύλλογος.
1390 2398 1572 2471 Ἐώρα
1595 2402 1726 2469 γοῦν
1752 2402 1813 2454 τὸ

218 2491 511 2559 γινόμενον
547 2490 576 2541 ὁ
611 2490 801 2562 ῥηθεὶς
827 2492 1033 2553 ἐκεῖνος
1057 2489 1219 2560 ἀνὴρ,
1256 2490 1353 2542 καὶ
1378 2491 1496 2553 ὅλος
1520 2488 1587 2563 ἦν
1609 2493 1813 2560 ἐκπλή-

220 2585 363 2649 ξεως
388 2584 659 2654 καθορῶν·
688 2582 804 2638 ἀλλ’
823 2585 925 2637 οὐκ
946 2582 1180 2654 ⁴Ιγδύνατο
1208 2583 1504 2653 συμϐαλεῖν
1530 2586 1607 2655 τῷ
1634 2602 1812 2656 παρα-

219 2679 391 2742 δόξως
420 2677 691 2747 γινομένῳ
733 2677 1011 2746 θεάματι,
1043 2675 1194 2728 ἐνθεν
1238 2694 1320 2729 τοι
1359 2676 1454 2729 καὶ
1500 2676 1812 2749 διηπορεῖτο

221 2772 349 2825 καθ’
383 2771 599 2832 ἑαυτὸν,
634 2769 698 2822 Τί
722 2770 853 2822 ποτέ
891 2770 1009 2821 ἐστι
1038 2769 1099 2821 τὸ
1134 2770 1453 2840 ὅρώμενον;
1491 2770 1599 2824 Kal.
1623 2770 1688 2839 δὴ
1714 2772 1812 2840 τῆς

220 2866 503 2934 προτέρας
551 2862 725 2914 ἐδόκει
769 2862 864 2913 καὶ
899 2859 1053 2924 αὖθις
1091 2860 1313 2913 ἀκούειν
1355 2861 1572 2931 φωνῆς·
1621 2863 1809 2931 Νῆφε,

222 2956 503 3024 ἄνθρωπε,
533 2954 638 3007 ἰδοὺ
665 2954 725 3005 τὸ
750 2952 1026 3027 ὁρώμενον
1061 2952 1324 3023 πρόδηλον
1349 2969 1362 2982 ·
1400 2954 1564 3024 ἤκουε
1594 2953 1764 3007 ταῦτα
1795 2972 1807 2983 ·

222 3048 321 3101 καὶ
370 3048 474 3117 ὁρᾷ
519 3048 835 3109 νεανίσκους
880 3045 1156 3114 τέσσαρας
1201 3045 1293 3096 τὸν
1335 3045 1601 3117 ἀριθμὸν,
1638 3046 1814 3115 πτερὰ

224 3138 653 3207 περικειμένους
684 3139 775 3190 ὲπὶ
805 3135 913 3188 τῶν
948 3134 1135 3206 ὢμων,
1167 3136 1262 3189 καὶ
1290 3136 1533 3207 ὡσπερεί
1564 3154 1687 3191 τινα
1717 3137 1812 3191 κό-

227 3247 331 3300 ρην
364 3231 486 3298 ἄρτι
519 3228 679 3282 καλὸν
708 3227 801 3280 καὶ
832 3228 929 3298 ἡδὺ
958 3227 1390 3297 ἀπολάμπουσαν
1418 3231 1474 3281 ὲν
1503 3229 1653 3299 μέσῳ
1677 3247 1811 3284 κατ-

226 3323 455 3393 έχοντας
477 3364 491 3387 ,
526 3321 622 3374 καὶ
657 3322 770 3383 τοίς
807 3321 917 3373 τιῖν
948 3320 1122 3387 ἁγίων
1156 3321 1381 3373 ἐκείνων
1418 3324 1597 3391 χοροῖς
1629 3322 1813 3375 διακε-
1836 3292 1881 3351 C

224 3415 559 3484 λευομένους
610 3415 705 3466 καὶ
752 3412 1042 3480 λέγοντας·
1079 3412 1318 3479 Δέξασθε
1358 3412 1478 3483 μεθ’
1522 3412 1674 3483 ὑμῶν
1715 3415 1813 3482 τὴν

229 3507 513 3578 μακαρίαν
538 3506 742 3574 ταύτην
771 3504 952 3574 ψυχὴν
974 3547 988 3571 ,
1044 3505 1166 3575 ἥτις
1207 3504 1337 3574 ὑμῖν
1392 3504 1563 3557 πολλὰ
1600 3504 1815 3572 διεμελ-

225 3599 408 3667 ῲδησε
464 3597 848 3667 μελῳδήματα,
887 3595 1027 3665 μετά
1058 3593 1152 3647 καὶ
1189 3592 1281 3646 τοῦ
1303 3594 1393 3645 τὸν
1421 3592 1683 3661 ὑμέτερον
1704 3592 1815 3661 βίον

225 3688 710 3760 ἀπομιμήσασθαι.
752 3686 862 3739 Kal.
897 3686 1106 3750 πάντας
1147 3687 1294 3756 ἐώρα
1330 3684 1535 3754 ταύτην
1575 3684 1815 3747 ἀσπαζο-

230 3784 432 3850 μένους
474 3777 810 3850 περιχαρῶς,
842 3778 1314 3850 προηγησαμένης
1344 3778 1442 3847 τῆς
1468 3777 1689 3857 Μητρὸς
1720 3774 1812 3828 τοῦ

227 3873 389 3927 Θεοῦ.

301 4142 413 4205 λςό
458 4138 676 4209 Ἀμέλει
732 4137 830 4191 καὶ
868 4137 1031 4193 πάλιν
1061 4136 1312 4207 διηπόρει
1336 4137 1364 4188 ὁ
1394 4133 1698 4204 ἄνθρωπος,
1723 4133 1817 4196 Τίς

234 4252 370 4288 ποτε
399 4234 458 4286 δὲ
489 4231 628 4301 αὓτη
652 4232 685 4301 ἡ
718 4230 988 4300 τοσαύτης
1012 4228 1110 4299 τῆς
1131 4227 1289 4298 δόξης
1314 4226 1688 4289 ἀπολαϐοῦσα,
1725 4227 1820 4278 καὶ

234 4329 335 4396 τῆς
374 4325 520 4393 ὑπὲρ
564 4322 722 4389 λόγον
762 4319 928 4390 τιμῆς
958 4336 973 4385 ;
1001 4319 1111 4371 Kal.
1157 4317 1347 4373 ἀκούει
1388 4317 1496 4370 τῶν
1542 4316 1819 4384 φερόντων

235 4418 455 4486 ἐκείνην
496 4414 745 4482 ἀγγέλων
770 4410 1076 4482 διαπρυσίῳ
1109 4412 1294 4480 φωνῇ·
1328 4402 1494 4470 Οὗτός
1520 4409 1670 4459 ἐστιν
1710 4407 1821 4458 Ίωο

236 4509 368 4578 σὴφ,
424 4506 624 4576 Ἰωσὴφ
666 4502 775 4555 τῶν
818 4499 1158 4571 Ἐκκλησιῶν
1189 4501 1220 4569 ή
1251 4498 1575 4568 εὐπρέπεια,
1595 4496 1651 4557 ὃς
1679 4496 1818 4549 ἀπο-

238 4601 443 4655 στόλων
470 4601 561 4654 τὸν
588 4598 702 4668 βίον
723 4597 817 4650 καὶ
846 4594 954 4648 τῶν
991 4593 1284 4665 μαρτύρων
1314 4593 1371 4644 ὲν
1399 4590 1497 4661 βίῳ
1520 4588 1700 4649 καλῶς
1730 4604 1819 4659 μι-

241 4696 582 4767 μησάμενος,
610 4690 747 4744 ἀλλά
786 4690 880 4743 καὶ
920 4688 1129 4749 πάντας
1160 4686 1400 4756 τιμήσας
1432 4686 1500 4753 τῇ
1553 4680 1814 4752 δεδομένῃ

236 4787 416 4856 τούτῳ
442 4784 595 4854 παρά
614 4780 709 4836 τοῦ
744 4779 1063 4849 Πνεύματος
1086 4778 1291 4847 χάριτι,
1338 4776 1561 4847 ᾄσματά
1611 4792 1669 4827 τε
1699 4773 1817 4826 θεῖα

238 4879 450 4939 τούτοις
475 4875 641 4939 ἀξίως
666 4874 765 4943 τῆς
798 4871 1003 4934 οἰκείας
1036 4869 1225 4939 σοφίας
1274 4871 1365 4921 καὶ
1412 4867 1664 4935 γνώσεως
1694 4865 1820 4919 πλέ-

245 4975 364 5038 ξας,
400 4971 551 5041 παρά
580 4968 787 5022 τούτων
809 4962 963 5027 αὖθις
1002 4965 1374 5032 ἀντιτιμίται,
1409 4960 1614 5031 ταύτην
1649 4961 1820 5013 ὐπαν-

244 5067 340 5136 τὴν
366 5064 505 5132 πρὸς
537 5061 803 5132 οὐρανοὺς
833 5058 1154 5127 είσιτήριον,
1191 5053 1335 5108 οὓτω
1364 5053 1501 5107 Θεοῦ
1532 5052 1819 5118 διατάξαν-

243 5175 355 5221 τος,
410 5156 497 5207 ἵνα
526 5154 715 5224 μηδεὶς
759 5151 868 5204 τῶν
912 5151 1009 5203 ἀπ’
1056 5149 1257 5211 αἰῶνος
1296 5147 1468 5214 ἁγίων
1502 5146 1637 5217 ἀπῇ,
1679 5144 1819 5197 ὥστε

246 5249 455 5309 πάντας
486 5243 622 5314 ὁμοῦ
663 5241 1067 5312 συνδραμόντας
1101 5238 1315 5292 τελέσαι
1344 5238 1436 5289 τὸν
1468 5236 1830 5305 έπιϐατήριον,

247 5338 326 5409 τῷ
351 5336 585 5407 γενναίῳ
616 5334 787 5403 τούτῳ
810 5332 1025 5402 ζηλωτῇ
1053 5347 1113 5383 τε
1136 5330 1230 5383 καὶ
1254 5331 1486 5400 μιμητῇ.
1532 5326 1691 5381 Ἀλλὰ
1716 5327 1823 5395 γάρ

247 5433 343 5484 καὶ
376 5430 458 5482 ἐτι
515 5426 680 5495 βλέπε
729 5424 822 5478 καὶ
875 5424 945 5477 τὰ
977 5420 1181 5475 τούτων
1233 5419 1638 5489 παραδοξότατα
1665 5436 1677 5449 ⁸
1732 5420 1824 5471 καὶ

247 5522 369 5593 ipa
395 5520 605 5587 ελεγον,
631 5520 728 5571 καὶ
755 5516 880 5580 ὅλος
906 5514 1134 5586 οὐρανὸς
1181 5513 1497 5579 ὲξεκένωτο,
1524 5512 1617 5564 καὶ
1644 5510 1825 5576 τάξεις

250 5616 427 5668 πᾶσαι
456 5611 565 5666 τῶν
603 5609 872 5679 οὐρανίων
920 5606 1228 5677 δυνάμεων,
1267 5605 1502 5672 ἐντίμως
1542 5605 1682 5672 ἄγαν
1737 5606 1827 5657 καὶ

251 5704 499 5768 εὐλαϐῶς
525 5699 961 5773 κατησπάζοντο.
1014 5699 1126 5753 Καὶ
1158 5699 1257 5752 οὐκ
1300 5698 1381 5751 ἔτι
1421 5697 1644 5760 δυνατὸς
1695 5698 1828 5769 όρᾷν

252 5794 324 5868 ἦν
350 5800 379 5850 ὸ
419 5796 518 5866 τῆς
551 5793 782 5865 θεωρίας
809 5792 1011 5860 ταύτης
1036 5790 1397 5854 καταξιωθεὶς
1446 5789 1515 5842 τὰ
1552 5788 1826 5852 ἐπέκεινα,

254 5889 363 5943 ὑπὸ
390 5886 590 5957 πολλῆς
619 5884 854 5955 ἀγωνίας
886 5883 1067 5954 ἱδρῶτι
1090 5882 1274 5954 λεπτῷ
1297 5880 1634 5952 πανταχόθεν
1662 5899 1829 5935 κατα·

1916 2029 2037 2081 dem
2085 2030 2457 2098 apostolorum
2491 2033 2782 2087 summitas
2828 2049 2954 2088 cum
2989 2036 3245 2091 universo
3274 2040 3492 2095 illorunt

1916 2129 2061 2173 cmtu
2112 2120 2397 2188 prodibat:
2449 2134 2572 2191 post
2606 2123 2703 2178 hos
2752 2135 2938 2179 autem
2987 2138 3258 2198 martyres
3296 2148 3494 2188 conse-

1914 2221 2148 2279 quentes
2172 2214 2542 2281 apparebant:
2570 2216 2848 2283 prophetae
2872 2217 3151 2290 deinceps,
3181 2232 3233 2276 ct
3258 2223 3492 2278 aliorum

1916 2313 2235 2358 sanctorum
2306 2306 2399 2374 qui
2435 2306 2563 2359 olim
2601 2309 2870 2373 vixerant,
2910 2311 3081 2377 acies,
3118 2323 3172 2367 et
3213 2317 3494 2383 pontificia

1915 2395 2184 2465 dignitate
2215 2398 2457 2468 insignes
2487 2399 2728 2464 fuerant,
2762 2404 3170 2459 sanctissimum
3204 2408 3493 2479 collegium

1915 2486 2215 2541 visebatur.
2268 2488 2586 2557 Aspiciebat
2630 2506 2761 2559 ergo
2800 2492 2883 2546 vir
2918 2496 3212 2562 praedictus
3253 2500 3304 2553 id
3345 2505 3495 2570 quod

1915 2580 2096 2644 fiebat,
2124 2591 2385 2650 totusque
2410 2591 2634 2651 stupore
2662 2585 2854 2654 plenus
2878 2598 3017 2653 erat,
3046 2589 3175 2643 dum
3199 2594 3492 2661 aspiceret,

1916 2687 2023 2726 non
2058 2683 2237 2725 tamen
2287 2684 2499 2743 poterat
2530 2676 2688 2745 plene
2722 2679 2945 2747 assequi
2990 2691 3157 2750 atque
3190 2684 3499 2756 intelligere

1914 2764 2284 2832 spectaculum
2338 2767 2469 2818 illud
2506 2768 2924 2836 admirandum;
2976 2783 3260 2843 propterea
3316 2790 3496 2833 mente

1915 2853 2079 2907 dubia
2124 2865 2288 2925 atque
2324 2858 2451 2912 hinc
2502 2859 2626 2912 inde
2660 2862 2863 2929 agitata
2904 2863 3086 2918 aiebat
3114 2867 3227 2935 ipse
3264 2884 3447 2923 secum
3478 2891 3492 2925 :

1926 2947 2198 3013 Quidnam
2242 2960 2323 3003 est
2367 2952 2470 3004 hoc
2514 2952 2661 3020 quod
2695 2967 2795 3021 ego
2834 2955 3023 3009 video?
3055 2955 3206 3014 Tunc
3241 2961 3389 3017 visus
3414 2973 3498 3017 est

1917 3040 2020 3094 sibi
2070 3040 2172 3109 ipsi
2211 3057 2397 3095 vocem
2432 3042 2605 3107 illam,
2638 3060 2801 3112 quam
2836 3053 2992 3101 antea
3039 3051 3347 3117 audiverat,
3385 3055 3489 3110 ite-

1917 3148 2037 3186 rum
2066 3133 2255 3186 audire
2299 3134 2568 3188 dicentem
2621 3137 2766 3189 sibi:
2806 3136 3032 3208 Evigila,
3080 3157 3112 3193 ο
3154 3146 3336 3209 homo,
3370 3159 3499 3199 ecce

1918 3224 2265 3277 manifestum
2313 3234 2395 3277 est
2436 3225 2487 3277 id
2539 3224 2687 3294 quod
2735 3226 2926 3281 vides:
2979 3230 3103 3282 audi
3153 3230 3287 3285 ha'c.
3341 3233 3497 3289 Tune

1916 3317 2051 3369 \idit
2080 3326 2317 3385 quatuor
2340 3319 2569 3384 juvenes
2599 3318 2876 3373 habetntes
2906 3321 3020 3375 alas
3039 3322 3182 3376 circa
3215 3324 3496 3390 humeros,

1916 3417 1969 3462 et
1993 3408 2153 3462 veluti
2185 3409 2420 3477 puellam
2453 3411 2747 3478 quamdam
2779 3410 3190 3480 pulchritudine
3222 3429 3284 3467 ac
3311 3419 3497 3469 suavi-

1922 3510 2029 3554 tate
2073 3500 2312 3569 undique
2361 3502 2641 3570 perfusam
2690 3512 2939 3557 tenentes
2987 3503 3039 3555 in
3092 3506 3292 3569 medio,
3329 3518 3493 3576 atque

1920 3595 2139 3648 illorum
2165 3602 2487 3647 sanctorum
2508 3593 2695 3647 choris
2718 3593 3096 3663 pra'cipieutes
3118 3611 3182 3648 ac
3205 3597 3449 3652 dicentes
3478 3618 3490 3651 :

1920 3686 2193 3754 Suscipite
2237 3685 2521 3739 vobiscum
2578 3685 2792 3738 beatam
2848 3686 2991 3739 hanc
3053 3688 3315 3752 animam,
3373 3705 3497 3759 qua:

1920 3778 2076 3832 vobis
2113 3778 2378 3847 plurimas
2410 3776 2697 3830 cautiones
2729 3778 3055 3831 suavissime
3087 3778 3363 3833 modulata
3390 3792 3492 3845 est,

1922 3878 2269 3937 vestramque
2319 3868 2485 3920 vitam
2537 3867 2747 3920 imitata
2790 3878 2894 3921 est.
2950 3866 3014 3920 Et
3055 3869 3222 3922 simul
3272 3869 3494 3926 videbat

1923 3962 2043 4015 illos
2084 3976 2277 4015 omnes
2320 3975 2441 4013 eam
2474 3960 2850 4030 amplexantes
2893 3975 3084 4028 magna
3121 3976 3247 4015 cum
3287 3962 3495 4028 laetitia,

1924 4050 2091 4105 Maer
2120 4050 2211 4103 Dei
2249 4050 2579 4119 principium
2619 4050 2782 4119 hujus
2812 4051 2884 4104 rei
2921 4050 3157 4105 faciente

1994 4143 2085 4198 56.
2124 4143 2296 4197 Porro
2327 4159 2545 4197 rursum
2589 4145 2753 4197 homo
2785 4143 2951 4211 cmpit
2988 4145 3286 4212 ambigere,
3313 4160 3375 4201 ac
3410 4162 3497 4201 se-

1925 4250 2052 4290 cnm
2087 4234 2329 4303 colloqui
2358 4252 2369 4286 :
2400 4232 2661 4299 Quaenam
2697 4234 2810 4288 haec
2837 4242 2940 4295 est,
2970 4249 3091 4301 quae
3123 4243 3267 4288 tanta
3296 4233 3493 4289 fruitur

1929 4325 2103 4392 gloria
2134 4332 2301 4393 atque
2342 4322 2600 4377 ineffabili
2640 4321 2877 4375 honore?
2908 4321 3238 4389 Audivitque
3273 4325 3495 4393 angelos

1926 4417 2101 4484 ipsam
2133 4416 2368 4469 ferentes
2412 4416 2593 4468 dicere
2624 4413 2726 4467 sibi
2762 4428 2893 4466 voce
2927 4413 3249 4481 perspicua:
3285 4411 3383 4468 Hic
3411 4426 3500 4469 est

1924 4507 2145 4577 Joseph,
2176 4506 2376 4576 Joseph
2412 4505 2781 4560 Ecclesiarum
2815 4506 2981 4557 decus
3011 4513 3065 4557 et
3089 4514 3493 4569 ornamentum,

1924 4600 2019 4670 qui
2057 4600 2429 4670 apostolorum
2468 4614 2533 4651 ae
2564 4608 2866 4666 martyrum
2900 4597 3063 4649 vitam
3094 4596 3199 4649 vita
3227 4613 3323 4652 sua
3358 4612 3495 4667 pra:-

1922 4694 2069 4748 clare
2099 4692 2345 4746 imitatus
2368 4700 2471 4755 est,
2504 4700 2557 4744 et
2588 4690 2812 4758 insuper
2841 4688 3130 4742 universos
3165 4686 3291 4745 illos
3325 4690 3496 4743 hono-

1924 4784 2066 4839 ravit
2096 4798 2191 4853 per
2222 4784 2451 4851 gratiam
2488 4782 2591 4837 sibi
2634 4796 2663 4835 a
2710 4780 2914 4849 Spiritu
2967 4790 3157 4833 sancto
3194 4780 3491 4834 tributam:

1923 4885 1978 4931 et
2005 4875 2219 4930 cantica
2249 4874 2434 4928 divina
2469 4872 2738 4941 sapientia
2789 4886 2853 4924 ac
2898 4870 3123 4925 scientia
3177 4886 3275 4924 sua
3305 4871 3489 4937 digna,

1927 4970 1979 5021 in
2034 4966 2346 5022 earumdem
2398 4966 2611 5019 laudem
2658 4964 2989 5025 modulatus,
3044 4978 3190 5017 nunc
3242 4965 3312 5017 ab
3362 4964 3493 5031 ipsis

1926 5061 2046 5114 vice
2077 5073 2231 5114 versa
2280 5058 2580 5111 honoratur
2607 5072 2620 5108 :
2656 5056 2727 5109 ita
2763 5054 2873 5108 Deo
2902 5054 3195 5107 ordinante
3227 5056 3368 5108 hunc
3401 5069 3495 5107 oc-

1927 5164 2150 5205 cursum
2202 5150 2255 5202 in
2302 5148 2482 5217 primo
2542 5147 2688 5200 illius
2741 5146 2806 5199 ad
2860 5146 3058 5199 coelum
3118 5148 3387 5213 ingressu,
3436 5156 3497 5199 ut

1931 5242 2114 5296 nullus
2166 5248 2484 5294 sanctorum
2526 5236 2621 5307 qui
2659 5236 2880 5290 fuerunt
2928 5252 3164 5303 unquam
3202 5250 3231 5287 a
3271 5236 3494 5297 saeculo,

1931 5333 2098 5397 absit,
2135 5331 2228 5387 sed
2263 5345 2455 5384 omnes
2507 5328 2669 5383 simul
2709 5334 3122 5385 concurrentes,
3169 5340 3493 5393 generosqu

1934 5426 2082 5479 hunc
2137 5422 2366 5475 zelotem
2403 5430 2457 5474 et
2503 5420 2834 5472 imitatorem
2881 5417 3174 5480 deducant,
3217 5425 3377 5481 atque
3421 5415 3496 5467 illi

1933 5516 2000 5569 ad
2034 5515 2203 5568 cmlos
2241 5526 2532 5566 ascensum
2572 5509 2794 5563 iaciant.
2828 5505 3050 5568 Verum,
3094 5508 3274 5574 aspice
3305 5514 3500 5574 praete-

1935 5622 2026 5660 rea
2052 5605 2120 5660 ad
2146 5606 2261 5659 haec
2285 5617 2497 5657 summe
2521 5602 2866 5665 maximeque
2881 5598 3223 5651 admiranda.
3249 5596 3376 5651 Haec
3397 5597 3493 5661 ait,

1932 5698 2339 5755 etuniversum
2378 5695 2575 5750 corium
2610 5700 2933 5748 evacuatum
2967 5698 3130 5759 atque
3156 5689 3498 5745 exinanitum

1934 5800 2037 5851 est,
2066 5803 2368 5859 omnesque
2387 5786 2606 5841 ordines
2626 5783 2930 5838 coelesuum
2962 5791 3288 5851 potestatum
3312 5794 3497 5848 egres-

1937 5898 2031 5946 sae,
2089 5882 2241 5935 illum
2280 5893 2477 5949 magno
2522 5893 2643 5932 cum
2685 5876 2888 5931 honore
2938 5888 2999 5928 ac
3046 5870 3345 5928 reverentia
3386 5883 3500 5923 am-
