4164 6456
714 420 819 481 975

1815 407 1872 465 S.
1919 406 2232 467 JOSEPlll
2276 409 2832 471 llYMNOGllAPIlI

3866 410 3975 473 976

715 536 1098 606 plexabantur.
1130 529 1316 599 Neque
1350 525 1580 581 ulterius
1613 525 1692 579 \‘ll‘
1734 525 1821 578 ille
1865 526 2050 579 videre
2087 525 2282 595 potuit,

2408 530 2744 600 τταζὸμενος.
2779 530 2913 584 Τίνα
2941 529 3149 595 ταῦτας
3192 527 3253 582 'll
3279 528 3413 599 πρὸς
3449 528 3546 600 τὴν
3574 527 3735 597 ἁγίαν
3765 529 3978 600 Τριάδα

715 627 809 696 qui
858 622 1173 696 hujusmodi
1205 618 1519 689 spectaculo
1549 616 1745 686 dignus
1781 615 1961 671 factus
1988 615 2184 680 fuerat,
2219 620 2289 671 ob

716 726 944 780 multam
973 720 1249 792 agoniam,
1280 716 1561 785 animique
1583 712 1898 791 angustiam.
1922 713 2289 768 minutissimo

719 818 918 872 sudore
963 813 1207 881 undique
1252 810 1501 864 stillante
1540 806 1819 876 perfusus.
1871 805 2128 872 Qurenam
2162 816 2291 861 sunt

2398 622 2678 693 εἰσαγωγὴ
2705 623 2800 674 καὶ
2830 624 3219 692 προσκύνησις,
3241 624 3275 691 ή
3310 622 3573 688 μετὰτῶν
3603 622 3853 688 ἀγγέλων
3878 640 3979 675 πα-

2400 716 2682 784 ράστασις,
2719 716 2753 784 ἠ
2784 715 3021 785 ἄρρητος
3050 715 3251 783 γνῶσις
3283 714 3453 783 αὐτῆς
3491 714 3640 784 αὐτῷ
3667 715 3980 782 κεχυμένης

2398 806 2638 874 ἀμέσως,
2666 808 2753 860 διὰ
2770 809 2867 877 τὴν
2894 806 3064 877 χωρὶς
3094 807 3617 877 παραπετασμάτων
3645 809 3975 876 ἁνάκρασιν.

729 908 877 963 hare?
905 906 984 960 Ad
1024 904 1430 959 sanctissimam
1468 899 1790 954 Trinitatem
1832 899 2096 952 admissio
2130 909 2295 968 atque
2334 913 2589 953 accessus
2617 909 2672 953 ut
2700 915 2819 953 eam
2852 902 3142 965 adoraret;
3212 910 3394 953 astare
3453 914 3577 953 cum
3612 902 3820 968 angelis
3852 911 3982 953 ante

718 1006 899 1058 illam:
935 1000 1229 1057 ineﬂ'abilis
1263 999 1328 1053 de
1363 994 1555 1052 eadem
1596 994 1827 1050 scientia
1858 994 1934 1047 illi
2001 994 2120 1049 sine
2186 992 2368 1047 medio
2411 994 2613 1059 infusa,
2664 1004 2887 1064 propter
2935 994 3491 1049 communicationem
3553 995 3672 1049 sine
3734 997 3849 1049 ullo
3887 1012 3981 1048 vc-

718 1097 936 1151 lumine.

788 1194 880 1247 57.
928 1190 1114 1259 Neque
1154 1199 1285 1242 vero
1336 1201 1537 1242 novum
1578 1186 1761 1254 aliqua
1798 1197 1864 1237 ex
1914 1192 2066 1251 parte
2121 1180 2293 1235 rideri

717 1286 899 1349 debet,
948 1283 995 1338 si
1048 1280 1373 1351 hujusmodi
1432 1279 1641 1333 honore
1688 1277 1741 1331 in
1793 1290 2023 1330 ascensu
2078 1288 2178 1329 suo
2229 1275 2295 1327 ad

720 1377 921 1433 cmlum
958 1374 1157 1445 dignus
1199 1373 1376 1427 factus
1405 1379 1509 1425 est.
1552 1370 1633 1424 Ab
1665 1368 1773 1422 illis
1803 1369 1949 1421 enim
1994 1366 2298 1421 honoratus

720 1479 827 1534 est,
854 1483 977 1521 cum
1009 1467 1209 1536 quibus
1236 1464 1386 1517 illum
1425 1477 1640 1532 semper
1670 1461 1927 1514 honorari
1953 1458 2161 1529 justum
2192 1468 2294 1512 est.

724 1560 941 1616 Etenim
978 1559 1197 1611 illorum
1231 1556 1396 1609 vitam
1436 1554 1631 1608 sedulo
1668 1553 1963 1623 descripsit
1994 1563 2157 1621 atque
2191 1553 2300 1605 ela-

726 1652 965 1715 boravit;
1000 1666 1121 1703 cum
1159 1647 1427 1719 apostolis
1460 1656 1723 1716 tanquam
1766 1647 2051 1714 apostolus
2085 1661 2299 1699 connu-

722 1740 1055 1805 merandus;
1093 1754 1217 1793 cum
1260 1736 1595 1806 martyribus
1639 1746 1897 1805 tanquam
1938 1745 2164 1806 martyr,
2205 1735 2297 1805 qui

2471 1178 2566 1241 λζ’.
2627 1175 2827 1229 Καινδν
2884 1176 2941 1229 δὲ
2988 1178 3207 1239 πάντως
3238 1176 3393 1230 οὐδὲν
3443 1178 3491 1228 εἰ
3524 1178 3777 1245 τοιαύτης
3825 1181 3886 1231 ἐν
3915 1182 3982 1250 τῇ

2398 1271 2569 1339 ἀνόδῳ
2600 1270 2766 1339 τιμῆς
2796 1267 3135 1339 κατηξίωτο·
3169 1268 3323 1339 παρά
3358 1270 3467 1341 γᾶρ
3503 1269 3713 1323 τούτων
3756 1273 3987 1341 τετίμη·

2399 1380 2507 1424 ται,
2541 1358 2621 1423 οἷς
2655 1362 2741 1413 ἀεὶ
2772 1360 3135 1430 συντιμᾶσϐαι
3162 1360 3371 1413 δίκαιόν
3396 1363 3561 1424 ἐστιν,
3598 1362 3679 1414 ὅτι
3725 1365 3821 1415 καὶ
3860 1365 3989 1416 τού-

2400 1473 2508 1507 των
2538 1452 2629 1507 τὸν
2671 1453 2785 1523 βίον
2831 1452 3284 1523 ἁπηκριϐὡσατο,
3325 1455 3438 1515 τοῖς
3482 1453 3808 1517 ἀποστόλοις
3861 1472 3989 1507 συν-

2404 1545 2831 1617 αριθμούμενος,
2852 1545 2927 1608 ὠς
2957 1544 3273 1608 ἀπόστολος·
3305 1546 3418 1608 τοῖς
3450 1545 3718 1621 μάρτυσιν
3737 1546 3813 1609 ὡς
3840 1549 3990 1619 μάρ-

2401 1657 2498 1703 τυς
2540 1641 2896 1709 ἀναίμακτος,
2937 1639 3021 1691 ὅτι
3050 1638 3142 1690 τὸν
3199 1637 3359 1690 πόνον
3402 1637 3604 1708 μᾶλλον
3644 1639 3892 1693 ἐπέτεινε
3919 1644 3988 1709 τῇ

2403 1733 2500 1802 τῆς
2529 1731 2675 1801 ζωῆς
2698 1729 3103 1802 ἀποκληρώσει,
3129 1730 3225 1783 καὶ
3244 1731 3549 1800 παρατάαει
3583 1731 3660 1800 τῷ
3682 1732 3873 1802 οίκείῳ
3896 1733 3990 1785 τοῦ

731 1833 859 1885 licet
906 1847 1160 1885 cruorem
1208 1846 1316 1884 non
1350 1830 1624 1894 effuderit,
1659 1831 1965 1899 graviorem
2008 1841 2186 1884 tamen
2227 1832 2301 1883 la-

2409 1822 2712 1885 συνειδότος
2743 1820 3030 1891 μαρτυρίῳ
3052 1817 3494 1889 ἐπαγαλλόμενος
3520 1834 3535 1848 ·
3571 1822 3683 1881 τοῖς
3712 1821 3885 1883 ὁσίοις
3915 1823 3993 1882 ὡς

724 1925 913 1979 borem
968 1923 1221 1977 tolerarit
1274 1923 1326 1976 in
1360 1937 1422 1975 ea
1462 1923 1592 1985 vita,
1622 1938 1785 1990 quant
1826 1922 1927 1977 sibi
1972 1923 2132 1993 eli-git
2166 1933 2218 1977 et
2250 1923 2300 1975 in

724 2032 831 2085 qua
860 2016 951 2068 diu
981 2014 1221 2076 durat-it,
1269 2014 1422 2067 hctus
1455 2014 1739 2069 sustinens
1785 2014 2059 2068 familiare
2094 2026 2299 2084 marty-

726 2107 891 2168 rium,
914 2106 1056 2173 quod
1082 2104 1195 2173 ipso
1221 2114 1433 2157 tantum
1461 2114 1683 2157 noverat
1708 2122 1720 2156 :
1750 2121 1871 2157 cum
1893 2106 2305 2158 conlessorihus

728 2209 991 2268 tanquam
1022 2197 1306 2250 confessor
1327 2203 1574 2249 sanctam
1612 2196 1850 2248 animam
1882 2211 2054 2263 usque
2076 2196 2141 2248 ad
2171 2196 2305 2248 ima-

731 2292 1066 2359 ginationem
1095 2300 1302 2343 castam
1336 2302 1637 2356 puramque
1658 2286 1896 2341 eme-iens
1921 2304 1936 2340 :
1962 2303 2082 2342 cum
2118 2288 2183 2340 iis
2213 2287 2305 2356 qui

730 2384 917 2437 futura
986 2382 1307 2452 prmvident,
1390 2390 1652 2450 tanquam
1714 2396 1818 2434 non
1871 2395 2067 2449 expers
2122 2381 2309 2449 gratia:

728 2475 1104 2543 praedii-tionis
1143 2473 1477 2535 futurorum,
1513 2472 1637 2541 plus
1672 2472 1879 2527 habens
1922 2487 2085 2540 quam
2117 2488 2307 2529 omnes

728 2568 818 2621 alii
867 2572 971 2637 (ut
1016 2567 1220 2636 aliquid
1272 2569 1393 2635 plus
1425 2566 1582 2619 beato
1622 2565 1747 2619 huic
1788 2564 2147 2635 gratiﬁcer);
2180 2580 2305 2619 nam

729 2673 895 2726 supra
924 2673 1116 2710 omnes
1162 2656 1300 2709 alios
1336 2656 1453 2723 ipse
1496 2654 1742 2707 animum
1780 2653 2037 2722 apposuit
2066 2654 2132 2707 ad
2171 2670 2308 2723 pan-

730 2746 936 2816 gendas
984 2744 1410 2799 encomiasticas
1456 2742 1741 2796 cautiones
1786 2757 1883 2810 per
1922 2743 2306 2797 suavissimam

730 2844 900 2904 atque
950 2835 1365 2889 ornatissimam
1412 2832 1741 2887 melodiam:
1780 2834 1895 2903 ipse
1928 2849 2055 2888 vero
2096 2836 2165 2889 ab
2190 2850 2309 2889 om-

730 2927 897 2981 nibus
942 2930 1141 2980 meruit
1177 2928 1231 2980 in
1264 2926 1545 2981 crelestem
1580 2926 1880 2979 thalamum
1914 2942 2037 2980 cum
2079 2927 2308 2993 honore,

732 3018 864 3071 nulli
908 3019 1001 3072 alii
1049 3032 1339 3082 concesso,
1383 3018 1687 3071 ascendens
1717 3018 1934 3073 deduci.
1968 3017 2137 3089 Magis
2181 3035 2311 3090 ergo

730 3120 783 3163 et
810 3110 1028 3173 fruitur;
1057 3119 1112 3163 et
1143 3110 1455 3165 conl‘ruitur
1496 3124 1617 3163 cum
1659 3108 1767 3163 illis
1800 3110 2007 3164 honore
2035 3126 2098 3164 ac
2127 3111 2310 3180 splen-

729 3202 865 3257 dore
898 3218 925 3256 a
962 3202 1312 3257 sanctissima
1345 3202 1613 3255 Trinitate
1637 3203 1739 3257 sibi
1768 3203 2197 3265 communicato,
2223 3205 2309 3257 cui

2406 1915 2573 1975 ὅσιος,
2600 1911 2770 1982 ἁγνὴν
2799 1913 2899 1979 τὴν
2942 1910 3109 1979 ἁγίαν
3136 1910 3316 1981 ψυχὴν
3358 1911 3453 1964 καὶ
3483 1911 3646 1982 μέχρι
3687 1912 3994 1981 φαντασίας

2407 2007 2894 2077 ἀπεργασάμενος·
2934 2008 3042 2068 τοῖς
3077 2003 3351 2076 προορῶσι
3370 2004 3437 2058 τὰ
3471 2005 3754 2074 μέλλοντα,
3786 2006 3865 2068 ὡς
3894 2006 3995 2073 τῆς

2408 2101 2765 2170 προῤῥήσ;ως
2802 2099 2903 2151 οὐκ
2952 2097 3199 2168 ἀμοιρῶν
3257 2096 3351 2150 τοῦ
3407 2097 3782 2167 χαρίσματος·
3826 2098 3995 2150 πλέον

2408 2192 2547 2262 ἔχων
2568 2192 2825 2246 ἁπάντων
2847 2191 2957 2261 (ἵνα
2980 2207 3033 2242 τι
3058 2189 3220 2242 πλέον
3234 2188 3312 2259 τῷ
3338 2188 3595 2259 μακαρίῳ
3624 2189 3993 2260 χαρίσωμαι),

2407 2286 2489 2338 ὅτι
2532 2288 2644 2347 τοῖς
2678 2284 2858 2345 ἄλλοις
2889 2284 3057 2336 πᾶσιν
3084 2281 3248 2344 αὐτὸς
3278 2282 3517 2350 ἐπέθηκε
3547 2282 3635 2335 διὰ
3675 2282 3776 2350 τῆς
3813 2283 3997 2350 ὲμμευ

2409 2376 2533 2438 λοῦς
2570 2374 2836 2445 μελῳδίας
2864 2376 2963 2444 τὴν
2991 2373 3191 2444 ψυχὴν,
3228 2372 3516 2443 εὐκόσμως
3548 2374 3787 2440 ἄγουσαν
3815 2376 3996 2441 ἐγκω-

2413 2469 2673 2537 μιαστικα
2707 2465 3093 2536 μελῳδήματα.
3124 2465 3297 2529 Αὐτὸς
3338 2465 3395 2519 δὲ
3426 2465 3579 2536 παρά
3609 2466 3830 2520 πάντων
3864 2467 3999 2535 μίαν

2410 2559 2615 2629 ταύτην
2681 2559 2849 2630 τιμὴν
2918 2558 3267 2629 είσὸατήριον
3321 2558 3658 2629 είσονρανίου
3717 2558 4002 2621 παστάδος

2412 2648 2908 2722 [ἁπεκεκλήρωτο],
2951 2650 3150 2720 μᾶλλον
3188 2652 3287 2721 μὲν
3316 2646 3409 2704 οὖν
3448 2651 3544 2704 καὶ
3575 2650 3865 2711 ἀπολαύει,
3903 2656 4000 2702 καὶ

2412 2745 2779 2797 συναπολαύει
2805 2743 3016 2806 τούτοις
3040 2744 3139 2813 τῆς
3169 2743 3318 2814 παρὰ
3344 2744 3442 2812 τῆς
3468 2742 3628 2810 ἁγίας
3646 2742 3878 2813 Τριὰδος
3912 2760 4001 2794 τι-

2416 2836 2523 2906 μῆς
2551 2852 2613 2887 τε
2667 2836 2761 2888 καὶ
2791 2835 3207 2907 λαμπρότητος·
3304 2836 3733 2906 παριστάμενος,
3768 2835 3864 2888 καὶ
3898 2836 4003 2899 τῆς

2414 2927 2743 2998 ὑπερφὼτου
2789 2929 3156 2999 κατατρυφῶν
3187 2926 3547 2999 ὡραιότητος,
3588 2928 3862 2999 μέμνηται
3900 2929 4003 2997 μὲν

2412 3020 2446 3089 ἡ
2454 3020 2569 3088 μῶν
2584 3019 2692 3071 τῶν
2706 3017 2991 3090 τιμώντων
3008 3019 3189 3085 αὐτὸν,
3208 3019 3476 3073 ἀντιϐολεῖ
3491 3019 3548 3073 δὲ
3565 3019 3829 3089 διηνεκῶς
3845 3019 4002 3080 ὅπως

2418 3114 2511 3165 καὶ
2535 3115 2695 3183 ἡμεῖς
2716 3113 2964 3185 ἀϐρόχως
2984 3112 3084 3183 τὴν
3099 3112 3192 3166 τοῦ
3214 3112 3329 3184 βίου
3346 3112 3773 3183 διαπεράσαντες
3793 3112 4003 3165 Θάλασ-

2421 3222 2519 3257 σαν
2558 3206 2695 3274 πρὸς
2718 3206 2809 3258 τὸν
2836 3204 3106 3259 ἄκλυστον
3125 3204 3322 3275 λιμένα
3352 3203 3886 3276 καθορμισθείημεν.

728 3304 936 3353 astans.
984 3301 1039 3345 et
1088 3290 1517 3360 pulchritudine,
1567 3306 1689 3360 qua:
1736 3290 1911 3345 lucem
1965 3307 2182 3346 omnem
2235 3302 2479 3359 superat,
2536 3293 2865 3359 oblectatus,
2936 3309 3148 3349 memor
3174 3309 3308 3349 sane
3331 3304 3416 3349 est
3474 3294 3675 3359 nostri,
3704 3295 3799 3365 qui
3832 3295 3994 3348 illum

731 3390 1093 3451 honoramus,
1129 3398 1179 3440 et
1208 3387 1429 3441 assidue
1469 3401 1565 3455 pro
1617 3386 1776 3441 nobis
1822 3396 2099 3455 precatur,
2130 3395 2189 3442 ut
2216 3403 2316 3443 nos
2354 3390 2519 3444 etiam
2552 3390 2672 3444 vitae
2702 3390 2866 3460 hujus
2887 3404 3038 3445 mare
3085 3390 3255 3447 salvis
3312 3390 3572 3447 anchoris
3594 3400 4000 3461 pertranseun-

730 3495 811 3538 tes
842 3484 906 3537 ad
942 3482 1453 3552 tranquillissimum
1482 3492 1700 3552 portum
1725 3484 2127 3550 perveniamus.

799 3574 891 3629 38.
920 3573 1147 3640 Verum,
1168 3588 1201 3627 ο
1223 3573 1317 3627 Dei
1355 3572 1559 3627 famule
1582 3572 1912 3637 fidelissime,
1941 3589 2223 3643 compesce
2248 3588 2311 3629 ac

729 3667 859 3723 seda
892 3667 946 3719 in
981 3666 1139 3720 nobis
1167 3665 1497 3719 acerrimum
1531 3664 1714 3718 carnis
1741 3665 2008 3732 pra-lium,
2052 3675 2107 3718 et
2138 3665 2309 3734 impe-

731 3768 834 3823 tra,
868 3757 1026 3810 nobis
1070 3756 1176 3810 tuis
1209 3755 1353 3826 apud
1405 3755 1573 3809 Deum
1615 3755 2123 3820 intercessionibus,
2160 3771 2311 3808 nien-

734 3862 839 3904 tem
877 3848 945 3902 ab
976 3850 1127 3902 omni
1164 3848 1613 3917 phantasmatum
1647 3847 2058 3917 perturbatione
2099 3862 2314 3917 semper

730 3942 1033 3996 immunem
1069 3958 1083 3995 :
1133 3940 1304 3995 habes
1351 3941 1497 3996 enim
1541 3941 1928 3994 conﬁdentiam
1969 3940 2191 3993 multam
2244 3954 2307 3993 ac

728 4036 1065 4098 libertatem,
1115 4033 1322 4103 quippe
1356 4033 1450 4102 qui
1503 4032 1746 4086 animam
1779 4041 1924 4085 tuam
1968 4032 2177 4085 beatam
2208 4046 2307 4101 pro

732 4137 927 4181 sancta
979 4125 1127 4179 illius
1185 4124 1421 4194 imagine
1476 4124 1730 4193 posuisti,
1785 4134 2112 4193 sanctasque
2162 4124 2308 4178 illius

733 4218 942 4272 sanctis
988 4216 1272 4271 laboribus
1316 4216 1423 4270 tuis
1472 4217 1775 4280 honorasti,
1823 4231 1949 4269 cum
1992 4216 2191 4285 quibus
2226 4217 2309 4269 iu-

730 4308 967 4362 tercedis
1023 4323 1122 4377 pro
1173 4307 1355 4373 nobis,
1401 4306 1497 4376 qui
1556 4322 1776 4376 semper
1830 4316 2195 4376 protectorem
2243 4321 2307 4359 ac

730 4399 1019 4465 praesidem
1054 4408 1104 4451 te
1136 4397 1337 4451 habere
1366 4412 1661 4466 rogamus:
1694 4406 1747 4450 et
1787 4408 2023 4451 mentem
2060 4406 2303 4450 nostram

2480 3574 2582 3646 λη’.
2620 3573 2777 3640 Ἀλλ’,
2804 3569 2850 3628 ὦ
2876 3574 3012 3628 Θεοῦ
3043 3573 3296 3645 θεράπων
3331 3574 3642 3637 πιστόταιε,
3674 3574 3888 3629 παῦσον
3910 3578 4005 3631 τὸν

2410 3669 2469 3720 ὲν
2502 3670 2634 3738 ἡμῖν
2667 3667 2768 3737 τῆς
2794 3668 2997 3736 σαρκὸς
3031 3666 3402 3739 ίσχυρώτατον
3434 3667 3691 3736 πόλεμον,
3722 3669 3818 3721 καὶ
3852 3668 4002 3723 δίδου

2411 3762 2531 3822 ταῖς
2565 3761 2684 3821 σαῖς
2708 3760 2844 3829 πρὸς
2874 3760 2964 3812 τὸν
2993 3759 3126 3812 Θεὸν
3172 3759 3609 3830 παρακλήσεσιν,
3644 3759 4000 3827 ἀφάνταστον

2411 3849 2567 3918 ήμῶν
2612 3848 2987 3919 διατηρεῖσθαι
3022 3848 3115 3901 τὸν
3147 3847 3309 3902 νοῦν·
3342 3848 3490 3917 ἔχεις
3527 3848 3636 3919 γὰρ
3677 3850 4001 3921 παρρησίαν

2414 3940 2636 4009 πολλὴν,
2660 3938 2733 4002 ὡς
2756 3939 3016 4003 τεθεικὼς
3040 3938 3139 4010 τὴν
3178 3939 3277 4010 σὴν
3307 3940 3584 4009 μακαρίαν
3625 3942 3807 4010 ψυχὴν
3852 3942 4001 4009 ὑπὲρ

2414 4032 2510 4100 τῆς
2531 4031 2692 4099 ἁγίας
2724 4031 2932 4094 είκόνος
2984 4030 3174 4097 αὑτοῦ,
3229 4031 3303 4092 ὡς
3347 4034 3586 4101 τιμήσας
3640 4032 3768 4095 τοὺς
3807 4033 4004 4099 ἁγίοις

2414 4124 2582 4177 αὑτοῦ
2607 4125 2719 4186 τοῖς
2750 4126 2863 4187 σοῖς
2882 4124 3059 4191 ἁγίοις
3081 4125 3385 4193 πονήμασι,
3418 4122 3540 4193 μεθ’
3566 4118 3641 4177 ῶν
3668 4124 3873 4193 πρεσδε
3885 4126 4004 4188 ὐοες

2414 4216 2556 4285 ὑπὲρ
2583 4215 2761 4285 ἡμῶν,
2806 4215 2913 4267 τῶν
2957 4214 3016 4267 σὲ
3070 4216 3383 4284 προστάτην
3424 4214 3570 4284 ἔχειν
3607 4216 4001 4285 ἐπευχομένιιρν

2411 4310 2521 4372 ἀεὶ,
2554 4309 2647 4361 καὶ
2697 4307 2995 4377 ὲλλάμποις
3038 4307 3197 4375 ἡμῶν
3246 4306 3337 4359 τδν
3373 4305 3497 4372 νοῦν
3551 4304 3754 4374 νοερῶς
3804 4306 3998 4358 τυπῶν

2410 4400 2547 4471 πρὸς
2598 4401 2868 4470 μυστικὴν
2904 4399 3175 4470 μελῳδίαν
3221 4398 3316 4451 τοῦ
3356 4397 3693 4467 Πνεὺματος,
3740 4398 3826 4449 ἴνα
3854 4414 4000 4465 συμ-

730 4488 1018 4556 splendore
1044 4489 1348 4557 perfundis,
1383 4490 1706 4557 spiritaliter
1744 4490 2051 4542 inlormans
2078 4488 2143 4541 ad
2190 4503 2303 4555 my-

2417 4493 2618 4563 φωνοίη
2653 4493 2720 4544 τα
2755 4492 2860 4558 ἔξω
2905 4494 3017 4554 τοῖς
3042 4490 3275 4557 ἔνδοθεν,
3309 4489 3406 4543 καὶ
3450 4491 3510 4543 τὸ
3552 4490 3827 4560 μακάριον
3878 4490 3999 4560 ᾄδοι

732 4582 869 4637 stiea
904 4581 1123 4651 spiritus
1153 4580 1466 4645 melodiam,
1496 4594 1553 4635 ut
1585 4582 1909 4635 exteriorem
1927 4591 2146 4635 cantum
2179 4597 2302 4635 cum

733 4673 981 4728 interiori
1015 4674 1334 4742 conjungat,
1390 4682 1444 4726 et
1475 4673 1851 4727 beatissimum
1883 4671 2052 4727 Deum
2087 4673 2299 4727 suavis-

731 4768 871 4821 simo
928 4778 1092 4819 cantu
1138 4765 1413 4819 collaudet
1455 4766 1754 4819 secundum
1812 4766 2087 4819 occultam
2141 4776 2306 4834 atque

732 4857 1158 4910 intellectualem
1197 4857 1461 4911 musicam
1501 4873 1564 4910 ac
1607 4858 2063 4922 modulationem,
2098 4857 2150 4911 in
2186 4858 2306 4911 loco

730 4948 950 5017 quidem
975 4949 1243 5004 incolatus
1270 4965 1362 5019 per
1389 4958 1574 5019 typum
1597 4959 1651 5003 et
1681 4950 1997 5019 imaginem,
2032 4950 2085 5003 in
2122 4949 2305 5005 futuro

2414 4583 2555 4636 κατὰ
2583 4583 2645 4635 τὸ
2673 4585 2915 4653 κρυπτὸν
2956 4583 3051 4635 καὶ
3082 4582 3374 4652 νοούμενον
3419 4580 3674 4651 ἐμμελῶς
3720 4581 4000 4649 μουσούρ-

2412 4689 2570 4742 γημα
2599 4674 2693 4725 καὶ
2725 4671 3053 4743 μελῴδημα,
3077 4673 3135 4725 ὲν
3162 4672 3260 4743 μὲν
3287 4670 3367 4742 τῷ
3388 4671 3540 4741 τόπῳ
3568 4670 3665 4740 τῆς
3696 4673 3999 4739 παροικίας

2414 4766 2700 4828 εἰκονικῶς
2722 4783 2781 4819 τε
2811 4768 2907 4820 καὶ
2936 4766 3205 4831 τυπικῶς,
3238 4766 3297 4818 ὲν
3337 4765 3395 4818 δὲ
3434 4766 3512 4834 τῷ
3545 4765 3791 4835 μέλλοντι
3833 4764 3998 4815 αἰῶνι

2412 4860 2617 4929 νοερῶς
2646 4861 2739 4913 καὶ
2770 4860 3119 4925 τελεστικῶς,
3153 4860 3211 4912 ὲν
3245 4859 3393 4929 αὐτῴ
3417 4858 3657 4929 Χριστῷ,
3700 4856 3778 4927 τῷ
3810 4873 3870 4908 σε
3915 4872 4000 4910 τι.

2415 4953 2650 5022 μήσαντι
2680 4953 2771 5005 καὶ
2789 4951 3069 5016 δοξάσαντι
3092 4954 3172 5015 είς
3196 4953 3321 5015 τοὺς
3344 4950 3566 5014 αἰῶνας.
3612 4951 3806 5019 Ἀμήν.

732 5048 914 5093 autem
947 5039 1607 5096 mulointellectualiter
1678 5050 1843 5111 atque
1884 5054 2083 5097 arcane
2127 5040 2182 5095 in
2247 5041 2365 5110 ipso
2437 5039 2679 5106 Christo,
2724 5041 2819 5111 qui
2873 5050 2925 5096 te
2977 5040 3269 5098 honoravit
3314 5048 3368 5095 et
3418 5038 3742 5110 gloriﬁcavit
3782 5038 3839 5093 in
3887 5053 3995 5095 sar-

733 5134 876 5189 cula.
911 5135 1083 5189 Arnen
