4164 6456
211 387 317 450 977
676 411 681 415 '
1646 385 1748 442 ΜΛ
1762 384 1807 441 ιι
1818 384 1855 441 [Α

1818 383 2011 444 [ΑΙιΕ.
3349 379 3456 447 978

236 546 1648 571 Μ

1047 730 1723 895 SANCTI
1830 728 2637 884 JOSEPHI

1408 1043 2296 1138 HYMNOGRAPHI

809 1260 1081 1333 SICULI,
1131 1258 1649 1329 SYIKACUSANI,
1698 1259 2019 1320 ORDINIS
2063 1260 2137 1318 D.
2190 1258 2473 1318 BASILII
2522 1257 2893 1319 MONACHI

1292 1452 2389 1567 MARIALE

221 1696 370 1768 Quo
408 1694 691 1769 ejusdem
740 1694 799 1753 S.
855 1692 1116 1777 Josephi
1176 1691 1254 1751 de
1293 1690 1745 1777 augustissima
1791 1689 1960 1777 _oaali_
1995 1689 2606 1777 terrmque__Regina
2662 1685 3474 1777 DeipartiYirgineMaria

306 1764 502 1848 opera
540 1773 986 1851 quaspreperiri
1014 1764 1377 1851 potuerunt
1404 1764 1626 1851 'umnia
1660 1787 1737 1851 ex
1767 1769 1999 1831 Graecis
2040 1764 2553 1851 mrssfcodicib‘us
2586 1764 2883 1851 qoligcta,
2921 1766 3140 1851 Latiae
3169 1765 3413 1825 reddita
3445 1764 3480 1795 "

309 1846 613 1928 uotisque
647 1846 980 1921 illustrem,
1003 1846 1173 1911 riunt:
1207 1850 1484 1927 primum
1525 1850 1935 1928 publicentur
1967 1850 2182 1928 studio
2217 1865 2287 1909 ac
2330 1849 2561 1928 latiore,
2590 1849 2653 1908 P.
2693 1848 3036 1908 HIPPOLYTI
3079 1846 3434 1906 ansccu
3461 1887 3477 1916 ,

306 1926 644 2005 Lucensis,
676 1947 753 1992 ex
785 1930 1278 2010 congregatione
1314 1929 1705 1991 Clericorum
1742 1926 2155 2007 Regularium
2198 1927 2412 1988 Matris
2453 1927 2595 1988 Dei.

1268 2117 1471 2178 (Romae,
1494 2117 1623 2178 typis
1647 2114 1820 2179 lgnatii
1847 2115 1909 2165 de
1938 2115 2129 2166 Luat-is
2160 2112 2442 2175 DIOCLXI.)

1385 2418 1953 2469 EMINENTISSIMO
1988 2418 2309 2471 PRINCIPI

446 2506 502 2553 Π.
544 2504 929 2557 BENEDICTO
967 2507 1368 2563 ODESCALCO,
1404 2508 1692 2558 SANCT/E
1729 2508 2027 2557 ΗΟΜΑΝιΕ
2076 2510 2090 2556 Ι

1655 2509 1692 2555 Ε
1729 2508 2027 2557 ΗΟΜΑΝιΕ
2076 2508 2414 2558 ECCLESLE
2450 2509 2819 2557 CARDINALI
2855 2509 3299 2559 AMPLISSIMO

952 2587 1400 2636 IIIPPOLYTUS
1436 2588 1858 2637 MARRACCIUS
1897 2587 2355 2638 FELICITATEM
2394 2590 2759 2639 PRECATUR.

307 2756 365 2812 S.
389 2759 604 2827 Iosephi
631 2759 1047 2830 Ilymnographi,
1072 2762 1323 2816 Ecclesiw
1353 2760 1549 2816 Cra-ctu
1587 2763 1868 2816 luminaris
1901 2764 2107 2817 omnino
2135 2764 2446 2828 clarissimi,
2482 2764 2729 2829 Mariale,
2757 2782 2857 2826 quo
2885 2765 3118 2834 ejusdem
3149 2766 3207 2821 S.
3240 2766 3483 2837 Iosephi,

236 2851 302 2901 de
326 2852 707 2919 augustiuima
754 2852 871 2904 cceli
905 2862 1156 2920 terrasque
1210 2850 1409 2920 Regina
1455 2851 1685 2919 Deipara
1744 2850 1954 2920 Virgine
2010 2849 2209 2915 Maria,
2235 2867 2395 2919 opera
2443 2854 2642 2917 omnia,
2680 2870 2795 2922 qua:
2831 2854 3049 2922 reperiri
3082 2864 3388 2921 potuerunt,
3419 2872 3484 2910 ex

239 2936 451 2990 Grauis
484 2939 864 3006 manuscriptis
888 2938 1155 2991 codicibus
1195 2939 1437 3001 collecta,
1469 2937 1657 2992 Latine
1691 2940 1917 2999 reddita.
1970 2941 2208 3010 notisque
2230 2941 2507 2994 illustrata
2534 2944 2893 3007 continentur,
2921 2943 2975 2996 in
3008 2943 3269 3011 publicam
3300 2944 3485 2997 mundi

240 3026 435 3084 lucem.
462 3026 892 3093 splendoremque
928 3025 1269 3085 deducturus,
1304 3027 1437 3079 votis
1478 3028 1739 3087 omnibus,
1773 3043 1834 3079 ac
1862 3037 1972 3081 toto
1998 3028 2174 3081 cordis
2210 3038 2422 3090 conatu,
2456 3039 2559 3081 tua:
2592 3029 2727 3082 illud
2755 3046 2897 3082 curm
2927 3046 2989 3082 ac
3014 3031 3310 3099 patrocinio
3344 3047 3486 3083 com-

240 3115 451 3172 mendo.
488 3114 742 3182 Princeps
775 3115 1221 3180 eminentissime;
1264 3124 1313 3165 ut
1348 3115 1521 3183 ipsum
1566 3116 1697 3167 satis
1732 3131 1825 3181 per
1854 3132 1908 3168 se
1939 3116 2165 3179 clarum,
2198 3119 2275 3170 tui
2305 3133 2508 3187 quoque
2544 3120 2770 3171 nominis
2805 3136 2868 3171 ac
2900 3120 3246 3187 protectionis
3278 3120 3486 3190 fulgen-

244 3204 451 3255 tissima
478 3202 667 3269 jubare
697 3202 1047 3265 illustratum,
1087 3201 1405 3257 Christianm
1448 3202 1749 3269 reipublicae
1801 3204 2028 3256 utilitati
2076 3207 2237 3272 possit
2278 3206 2511 3275 dignius,
2549 3222 2611 3258 ac
2638 3205 2867 3259 nobilius
2905 3207 3182 3262 inservire.
3230 3206 3352 3261 Non
3394 3208 3489 3262 tibi

242 3293 409 3358 offero
444 3293 592 3344 vitem
624 3302 927 3361 tenuemque
958 3292 1155 3361 ingenii
1193 3294 1293 3345 mei
1332 3291 1580 3359 opellam,
1630 3302 1732 3344 tua:
1774 3309 2026 3359 purpura:
2070 3294 2345 3361 majestate
2378 3310 2439 3346 ac
2468 3296 2745 3363 dignitatis
2786 3295 3005 3365 fastigio
3055 3296 3366 3365 indignam;
3400 3295 3490 3350 sed

243 3396 374 3440 opus
403 3379 617 3432 omnino
656 3381 928 3443 eximium,
965 3396 1027 3432 ac
1054 3395 1271 3447 prorsus
1299 3381 1561 3450 egregium
1614 3381 1925 3433 veneranda:
1960 3381 2292 3449 antiquitatis
2329 3391 2748 3442 monumentum:
2785 3382 2924 3451 quod
2956 3399 2982 3436 e
3014 3382 3253 3449 latebris,
3289 3384 3341 3437 in
3371 3386 3492 3453 qui-

242 3466 340 3516 bus
374 3482 468 3533 per
506 3475 697 3533 septem
730 3476 779 3519 et
808 3465 1036 3532 amplius
1074 3466 1289 3528 sarcula,
1344 3467 1453 3519 alta
1492 3468 1748 3520 oblivione
1779 3468 2044 3536 sepultum
2082 3466 2279 3534 jacuit,
2325 3469 2570 3537 prodiens
2600 3470 2653 3521 in
2692 3480 2954 3537 apertum,
2994 3472 3088 3524 sub
3125 3472 3202 3523 tui
3236 3472 3491 3524 tutissimi

243 3554 536 3619 patrocinii
580 3568 642 3605 ac
671 3552 965 3606 clarissimi
1019 3554 1247 3607 nominis
1297 3554 1556 3621 auspiciis
1606 3554 1747 3606 haud
1790 3554 2034 3607 indecore
2063 3571 2172 3609 sese
2218 3564 2415 3609 asseret
2450 3557 2503 3607 in
2538 3556 2728 3611 lucem.
2768 3557 2948 3611 Desint
2976 3559 3022 3611 ei
3054 3558 3176 3611 licet
3226 3560 3493 3626 offerentis

242 3642 477 3709 dignitas
512 3650 561 3693 et
594 3641 860 3705 meritum,
892 3626 1023 3709 opus
1045 3651 1120 3694 est
1156 3640 1370 3709 Iosephi
1400 3639 1799 3712 Hymnographi
1851 3643 1941 3711 qui
1982 3658 2099 3694 cum
2150 3660 2253 3695 non
2286 3642 2679 3697 solumaterraz
2708 3644 2934 3713 regibus,
2969 3646 3059 3698 scd
3081 3646 3245 3698 acaeli
3272 3647 3493 3706 civibus.

248 3732 382 3782 miro
415 3730 570 3782 modo
621 3730 781 3797 fuerit
818 3731 1104 3783 honoratus
1140 3746 1157 3783 :
1190 3729 1296 3782 imo
1339 3746 1456 3782 cum
1487 3731 1553 3782 ab
1598 3730 1710 3797 ipsa
1747 3731 2099 3798 augustisima
2154 3731 2246 3784 Dei
2292 3730 2483 3795 Matre,
2532 3748 2597 3784 ex
2635 3732 3099 3802 indulgentissima
3150 3735 3365 3801 pietate,
3401 3751 3499 3787 suo

248 3818 406 3885 fuerit
440 3818 686 3886 amplexu
720 3819 969 3886 dignatus
998 3833 1016 3871 :
1044 3820 1183 3887 quis,
1220 3819 1457 3889 quamvis
1506 3835 1747 3887 magnus,
1783 3819 1888 3870 sibi
1937 3818 2127 3872 ducere
2176 3830 2343 3885 potest
2402 3822 2710 3889 inglorium,
2745 3823 2880 3875 tanti
2916 3824 3011 3875 riri
3057 3825 3201 3891 operi
3242 3824 3296 3876 in
3329 3823 3497 3877 lucem

246 3905 517 3973 publicam
551 3905 852 3973 prodeunti,
885 3908 968 3959 sui
996 3907 1248 3971 nominis,
1277 3923 1338 3959 ac
1364 3907 1640 3975 dignitatis
1674 3906 2013 3968 auctoritate,
2048 3908 2227 3961 tutela:
2258 3924 2368 3960 sua:
2413 3910 2663 3977 gratiam.
2699 3924 2761 3961 ac
2792 3911 3080 3978 patrocinii
3124 3911 3354 3979 favorem
3396 3911 3499 3962 im-

247 3996 489 4063 partiri?
522 3992 748 4062 Insuper
778 4011 907 4063 opus
936 4003 1013 4047 est
1050 3997 1114 4048 de
1145 3994 1375 4061 Deipara
1439 3992 1667 4064 Virgine,
1710 4010 1827 4061 qua:
1861 4010 1983 4046 cum
2011 3996 2079 4047 sit
2108 3995 2201 4047 Dei
2245 3996 2494 4048 altissimi
2540 3996 2733 4060 Mater,
2762 4006 2810 4051 et
2838 4008 3209 4052 creaturarum
3259 3999 3499 4051 omnium

245 4084 499 4145 Domina,
530 4084 668 4152 quis,
702 4084 941 4152 quamvis
972 4083 1169 4136 eximia
1197 4083 1453 4152 dignitate
1486 4081 1770 4150 refulgens,
1803 4082 1856 4133 in
1888 4099 2098 4135 summa
2129 4083 2404 4151 felicitate.
2457 4084 2791 4153 maximaque
2826 4085 3089 4138 beatitatis
3121 4097 3271 4155 parte
3304 4087 3504 4153 reposi-

246 4186 359 4226 tum
396 4190 502 4226 non
538 4174 846 4236 arbitretur,
872 4172 1047 4237 rebus,
1074 4189 1189 4242 qua:
1218 4174 1285 4224 ad
1318 4173 1487 4241 ipsam
1515 4172 1797 4239 pertinent,
1820 4180 1871 4224 et
1903 4188 2021 4238 quae
2047 4171 2214 4239 ipsius
2233 4170 2429 4223 cultum
2460 4188 2522 4223 ac
2543 4172 2790 4226 honorem
2824 4183 3069 4243 tangunt,
3103 4190 3252 4240 posse
3286 4174 3500 4240 aliquod

245 4263 535 4329 patrocinii
568 4278 729 4332 genus
765 4262 1082 4328 impendere,
1107 4280 1171 4315 ac
1200 4261 1469 4315 servitutis
1509 4261 1762 4329 specimen
1814 4258 2099 4312 exhibere?
2136 4261 2434 4327 prcesertim
2466 4276 2585 4312 cum
2609 4268 2809 4313 certum
2840 4262 3053 4314 omnino
3086 4262 3178 4325 sit,
3208 4262 3277 4313 ad
3305 4263 3502 4313 summi

251 4354 345 4407 Dei
371 4354 599 4422 gloriam
636 4354 913 4421 pertinere,
946 4353 1200 4423 quidquid
1235 4352 1494 4407 Genitrici
1529 4368 1637 4404 sua:
1662 4350 1821 4419 fuerit
1871 4349 2162 4416 impensum
2197 4361 2214 4398 :
2243 4356 2401 4417 atque
2431 4350 2870 4417 augustissimam
2917 4349 3012 4403 Dei
3042 4352 3266 4403 hominis
3303 4348 3504 4403 Paren-

247 4457 373 4505 tem,
410 4442 762 4510 patrocinium
812 4442 914 4495 sibi
950 4443 1261 4505 exhibitum,
1316 4441 1569 4510 muniﬁca
1608 4454 1808 4507 seraper
1849 4437 2138 4505 patrocinii
2167 4436 2252 4489 sui
2283 4436 2602 4491 exhibitione
2652 4438 2886 4490 vicissim
2941 4454 3302 4505 compensare.
3354 4436 3505 4491 Nihil

244 4531 415 4600 igitur
442 4531 647 4590 dubito,
676 4528 1380 4594 Princeps-eiiiinentissime,
1410 4538 1458 4582 te
1474 4528 1595 4581 huic
1623 4526 1937 4595 losephino,
1971 4524 2231 4587 simulque
2258 4523 2506 4577 Mariano
2528 4525 2695 4593 operi,
2724 4525 2864 4594 quod
2892 4525 2989 4577 tibi
3021 4525 3293 4577 humiliter
3317 4526 3503 4594 offero,

249 4622 328 4672 tni
365 4621 611 4688 su/frngii
635 4637 697 4672 ac
715 4619 1001 4687 patrocinii
1024 4618 1252 4689 gratiam
1274 4618 1664 4686 promptissime
1693 4633 1755 4668 ac
1787 4613 2133 4668 libentissime
2154 4613 2519 4678 prmstiturum
2543 4629 2560 4675 ;
2595 4630 2714 4663 nam
2734 4612 2873 4674 licet,
2894 4622 3051 4680 prout
3075 4623 3151 4665 est
3173 4630 3205 4665 a
3240 4629 3339 4677 me,
3365 4630 3508 4666 mor-

244 4709 441 4761 talium
472 4708 674 4775 inﬁmo,
695 4723 912 4758 summa:
943 4716 1047 4759 tua:
1078 4704 1415 4774 benignitatis
1442 4712 1808 4772 argumentum
1831 4703 2016 4764 ducat,
2036 4702 2081 4754 si
2105 4710 2158 4752 tu
2187 4700 2325 4752 illud
2342 4702 2421 4753 vel
2450 4701 2621 4754 solum
2656 4702 2910 4768 respicere
2941 4700 3175 4770 digneris
3204 4717 3221 4758 .'
3248 4712 3505 4764 attamen,

245 4813 399 4865 ιιςρυι
421 4807 498 4850 est
516 4796 857 4864 Josephi,qui
884 4795 1006 4846 talis
1030 4810 1089 4845 ac
1123 4804 1303 4845 tantus
1335 4801 1432 4855 est,
1464 4802 1518 4843 ut
1548 4792 1615 4843 sit
1645 4803 1731 4843 tuo
1752 4791 1931 4860 favore
1959 4800 2111 4860 atque
2137 4790 2332 4844 honore
2359 4791 2705 4857 dignissimus
2735 4805 2752 4843 .'
2778 4801 2827 4844 et
2868 4799 3025 4859 prout
3051 4799 3129 4844 est
3152 4794 3218 4845 de
3248 4789 3501 4857 Deipara,

245 4903 365 4955 quin
394 4886 683 4937 innumeris
708 4883 893 4949 gratiis
920 4882 971 4934 in
1002 4892 1049 4933 te
1078 4880 1309 4944 collatis,
1332 4880 1450 4947 jam
1486 4889 1653 4933 totum
1687 4890 1833 4930 tuum
1875 4879 1941 4931 ad
1974 4895 2028 4931 se
2061 4879 2317 4947 pertraxit
2346 4878 2628 4943 affectum;
2669 4886 2859 4941 totum,
2896 4877 3034 4931 velut
3060 4880 3185 4946 jure
3234 4894 3330 4931 suo
3357 4887 3505 4931 tuum

246 4976 349 5031 sibi
376 4974 606 5028 vindicat
633 4972 1006 5040 patrocinium.
1030 4970 1287 5024 Pietatem
1304 4985 1425 5038 erga
1462 4968 1741 5037 Deiparam
1760 4985 1790 5020 a
1809 4968 2095 5035 majoribus
2118 4966 2240 5030 tuis,
2264 4964 2506 5018 Mariano
2524 4965 2692 5017 cultui
2716 4981 2915 5034 semper
2949 4966 3347 5028 addictissimis,
3370 4964 3507 5021 velut

247 5061 941 5135 privclaramha'reditatem
963 5061 1015 5112 in
1044 5068 1090 5111 te
1110 5058 1434 5127 transfusam
1452 5055 1696 5112 lcetanter
1716 5058 2059 5125 accepisti:et
2080 5056 2272 5121 abipso
2294 5055 2478 5107 indita:
2508 5056 2725 5107 rationis
2752 5070 2872 5117 usu,
2893 5064 3042 5106 tanto
3065 5054 3261 5116 studio,
3288 5041 3335 5107 ἐι
3353 5053 3507 5107 bene-

249 5153 480 5207 uolentia
516 5149 945 5218 augustissimam
979 5146 1072 5200 Dei
1097 5144 1323 5199 Matrem
1355 5147 1630 5214 amplexus
1663 5162 1736 5205 es,
1769 5154 1825 5197 ut
1858 5146 1911 5198 in
1940 5146 2053 5214 ejus
2077 5144 2332 5213 obsequiis
2360 5160 2521 5209 supra
2545 5143 2759 5208 multos,
2792 5143 2955 5196 etiam
2986 5142 3504 5212 obsequentissimos,

248 5240 559 5294 eminueris.
614 5236 871 5306 Equidem
912 5236 1154 5306 quamvis
1188 5236 1242 5288 in
1278 5236 1486 5304 familia
1530 5245 1625 5288 tua
1668 5234 1983 5297 Odescalca,
2016 5248 2129 5301 qua:
2158 5231 2211 5281 in
2260 5230 2647 5284 Germanorum
2680 5231 2787 5282 oris
2820 5230 3115 5299 antiquitus
3156 5239 3283 5281 nata
3320 5238 3419 5293 est,
3456 5246 3508 5289 ei

253 5331 589 5401 postmodum
620 5331 672 5382 in
709 5328 871 5382 Italia
901 5329 1004 5394 fuit
1038 5328 1308 5397 splendide
1336 5336 1649 5395 propagata,
1694 5326 1850 5414 auita:
1897 5324 2188 5376 nobilitatis
2223 5333 2498 5387 tesseram,
2532 5334 2689 5391 atque
2725 5322 2914 5392 inclyti
2942 5320 3149 5389 generis
3199 5321 3505 5372 claritatem

253 5438 359 5475 non
394 5434 583 5488 parum
610 5418 916 5486 suspiciam,
946 5419 1113 5485 magis
1148 5425 1319 5468 tamen
1349 5416 1575 5478 suspicio
1604 5408 2123 5481 obsequentissimum
2153 5411 2409 5474 studium,
2437 5426 2498 5463 ac
2524 5411 2959 5463 ardentissimum
2989 5410 3205 5477 pietatis
3230 5408 3503 5475 aﬂectum,

252 5526 359 5576 quo
393 5508 623 5575 majores
655 5509 731 5560 tui
756 5522 809 5560 se
841 5517 977 5560 totos
1015 5506 1256 5573 Deiparte
1306 5502 1506 5574 Virgini
1554 5502 1795 5555 addictos
1827 5512 1979 5570 atque
2007 5501 2371 5564 emancipatos
2406 5498 2771 5552 declararunt.
2809 5500 3076 5564 Quoniam
3113 5514 3229 5550 vero
3268 5494 3507 5563 epistola:

254 5601 604 5653 deJicatoriw
636 5600 880 5651 brevitati
912 5594 1321 5661 inserviendum,
1358 5605 1409 5649 et
1438 5594 1672 5648 volumen
1701 5595 1959 5661 integrant
1993 5605 2092 5641 non
2129 5588 2402 5655 su/ﬁceret,
2434 5587 2480 5639 si
2509 5603 2687 5641 omnes
2714 5597 2882 5641 essent
2914 5598 3019 5639 tute
3046 5586 3305 5675 prosapia:
3336 5598 3509 5635 recen-

323 5787 339 5802 '
365 5784 532 5831 Crura
566 5793 623 5825 ei
654 5779 851 5827 Μρυτιτὶς
884 5784 935 5825 (τι
967 5774 1259 5834 Μιιηοιοςξίίς
1284 5772 1491 5841 aliisque
1520 5765 1767 5841 titurgicis
1795 5767 2073 5841 Grecorum
2122 5762 2265 5841 libris
2300 5762 2590 5813 addidimus.
2627 5766 2744 5824 Quae
2794 5775 2909 5810 vero
2954 5754 3244 5808 Mart-accitis
3267 5766 3330 5802 es
3371 5751 3513 5803 codi-

257 5849 400 5899 cibus
424 5830 538 5894 mss.
573 5850 904 5906 expresserat,
929 5830 1193 5891 deﬁciente
1217 5830 1599 5900 Gra'co,it.aliuc
1627 5830 1679 5886 ci
1701 5846 1791 5883 nos
1808 5834 1993 5882 damus.
2022 5830 2142 5880 Ευιτ
2188 5833 2338 5883 PATR-
