4164 6456
680 428 787 490 979
1780 424 1837 479 S.
1882 418 2191 479 JOSEPIII
2238 410 2796 473 IIYMNOGRXPHI
3815 398 3928 460 980

711 539 854 602 endi,
891 537 982 606 qui
1026 533 1317 587 incredibili
1351 550 1475 601 erga
1514 532 1607 585 Dei
1662 531 1885 583 Matrem
1922 532 2111 583 ardore
2141 535 2455 585 trstuarunt,
2483 534 2528 574 et
2563 522 2844 573 tenerrima
2894 532 3281 606 prorsus—ergit-
3314 514 3548 606 eamdem
3588 510 3784 606 pietate
3812 510 3929 606 eni-

688 598 937 686 «uerant';
967 624 1098 673 duos
1126 620 1297 673 solum
1323 637 1350 673 e
1376 598 1501 682 tuis,
1537 620 1636 671 levi
1683 628 1887 669 tantum
1923 619 2129 669 calamo
2176 614 2439 674 delibabo,
2475 628 2595 678 erga
2628 608 3065 675 augustissimam
3103 603 3195 655 Dei
3231 601 3457 655 Matrem
3504 598 3928 667 ﬂagrantissimo

692 720 875 784 1/fectu
927 713 1257 780 conspicuos.
1312 731 1342 763 ιι
1370 712 1545 778 probae
1592 722 1727 762 nota:
1775 711 2116 778 scriptoribus
2153 706 2454 765 recensitos,
2502 718 2564 752 ac
2594 701 2813 752 summis
2867 699 3028 751 etiam
3068 694 3317 748 laudibus
3370 690 3702 784 celebratos;
3742 703 3927 784 nempe

691 779 911 855 Paulum
942 779 1308 861 Odescalcum,
1342 799 1615 865 utriusque
1641 799 1934 866 signatura:
1965 794 2399 861 referendarium.
2434 804 2731 856 ερεετοριιηι
2764 785 3109 842 Pennensem.
3133 792 3181 835 et
3214 782 3525 833 Adriensem
3546 794 3562 838 .'
3587 780 3676 844 qui
3709 779 3933 828 auditor

693 890 941 961 Jenernlis
971 904 1194 941 camera:
1228 886 1554 952 apostolictv,
1581 896 1631 939 et
1662 887 1804 954 apud
1841 885 2030 936 multos
2078 882 2340 951 principes
2390 878 2721 931 Christianos
2750 875 3092 943 (nominatim
3126 871 3269 938 apud
3315 868 3700 937 Hispaniarum
3732 866 3931 961 regem)

690 956 819 1033 uadis
872 980 1179 1046 apostolica:
1214 977 1453 1039 nuntius,
1480 987 1527 1029 et
1559 979 1877 1044 gubernator
1922 976 2339 1040 provinciarum,
2370 979 2417 1020 et
2455 969 2617 1019 totius
2658 965 3029 1019 ecclesiastica:
3071 963 3294 1014 ditionis
3348 961 3592 1046 visitator

687 1079 800 1119 nost
840 1043 1031 1119 multos
1061 1082 1153 1131 pro
1188 1064 1428 1117 Romana
1482 1043 1723 1116 Ecclesia
1766 1074 1999 1128 sumptos
2033 1062 2260 1117 labores.
2293 1069 2339 1111 et
2374 1072 2585 1124 operam
2609 1054 2813 1122 egregie
2843 1060 3116 1111 navatam,
3158 1048 3285 1099 obiit
3318 1062 3455 1097 anno
3494 1043 3704 1096 Domini
3765 1043 3929 1102 I585,

704 1156 718 1206 ἱ
745 1154 873 1208 ldus
912 1154 1210 1206 Februarii.
1239 1152 1305 1204 Et
1332 1150 1548 1205 Petrum
1589 1150 1867 1219 Georgium
1897 1149 2264 1207 Odescalcu-n,
2292 1142 2711 1212 protonotarium
2749 1140 3120 1207 apostolicum,
3157 1136 3431 1202 utriusque
3466 1131 3933 1219 signaturatqrefc-

690 1244 1011 1301 rendarium,
1049 1241 1272 1307 majoris
1305 1240 1657 1308 prtrsidentite
1694 1240 2126 1299 abbreviaturem,
2167 1234 2394 1287 brevium
2420 1230 2649 1294 justitt'u"
2688 1226 3018 1293 privfectum,
3067 1220 3407 1276 Alexandritv
3443 1220 3693 1280 primum,
3741 1217 3935 1308 deinde

700 1326 944 1393 Vigevani
976 1303 1486 1391 episcopumfutque
1519 1329 1657 1388 apud
1691 1321 1955 1376 Helvetios
1988 1324 2126 1373 sedis
2162 1319 2465 1387 apostolicae
2508 1317 2773 1373 nuntium,
2800 1313 2969 1365 virum
3005 1310 3218 1361 omnino
3251 1309 3523 1366 eximium,
3560 1314 3608 1358 et
3639 1303 3936 1370 compluri-

686 1415 780 1467 bus
806 1415 1107 1466 litterarum
1137 1412 1484 1465 monumentis
1520 1412 1805 1463 a'ternitati
1839 1410 2172 1463 meritissime
2200 1418 2559 1460 consecratum
2584 1423 2599 1465 ;
2624 1405 2711 1471 qui
2739 1402 2962 1469 majores
2989 1399 3245 1452 honorum
3278 1397 3474 1464 gradus
3509 1394 3749 1453 meritus,
3775 1408 3936 1460 quam

687 1499 928 1565 adeptus,
958 1511 1173 1548 cursum
1198 1495 1316 1547 vita:
1344 1496 1728 1546 consummavit
1751 1509 1889 1544 anno
1912 1503 2027 1557 post
2062 1503 2245 1545 natum
2276 1494 2338 1547 de
2376 1492 2589 1561 Virgine
2617 1490 2949 1544 Salvatorem
2981 1487 3142 1545 1620.
3168 1485 3253 1537 die
3281 1483 3313 1536 6
3340 1483 3490 1536 Maii.
3524 1480 3695 1533 Porro
3725 1478 3934 1531 Paulus

691 1584 1031 1640 Odescalcus.
1065 1599 1180 1635 cum
1215 1592 1347 1635 esset
1384 1584 1773 1650 augustissima:
1816 1582 2065 1633 carlorum
2121 1580 2330 1649 Regina:
2367 1578 2799 1632 constantissimo
2840 1577 3057 1641 pietate,
3097 1583 3255 1642 atque
3295 1569 3617 1623 inmutabili
3661 1569 3938 1620 devotione

688 1674 953 1724 do'l'tnt'llls
985 1674 1084 1739 (a),
1110 1672 1267 1738 jussu
1305 1670 1544 1737 Gregorii
1577 1667 1725 1720 XIII
1767 1667 1971 1731 Pontif.
2009 1666 2159 1720 Har.
2192 1671 2388 1721 electus
2409 1676 2508 1727 est,
2538 1675 2594 1717 ut
2622 1664 2890 1717 Joannam
2928 1664 3293 1724 Austriacant,
3335 1657 3663 1713 Ferdinandi
3700 1657 3937 1710 Ctesaris

686 1762 881 1827 ﬁliam,
908 1762 1245 1825 eamdemque
1282 1758 1578 1816 Francisci,
1615 1758 1792 1825 magni
1844 1756 2072 1807 Etruria:
2119 1758 2291 1819 ducis,
2342 1772 2583 1815 uxorem,
2640 1754 2930 1808 Lauretum
2974 1763 3200 1812 euntem,
3248 1762 3357 1804 tota
3396 1749 3671 1817 pomiﬁcia
3708 1749 3935 1808 ditione,

686 1851 831 1918 regio
853 1849 996 1900 cultu
1022 1849 1363 1911 exciperet,et
1392 1846 1461 1897 ad
1488 1846 1878 1913 optatissimam
1918 1842 2143 1911 Virginis
2164 1847 2326 1897 a'dem
2350 1846 2627 1898 deduceret
2659 1860 2676 1897 :
2702 1860 2820 1895 cum
2851 1859 3141 1911 congruum
3184 1841 3398 1893 omnino
3446 1846 3603 1897 esset.
3657 1836 3938 1889 heroinam

694 1936 1215 2004 prtrstantissimam,
1249 1950 1453 1986 summa
1486 1932 1858 1993 benevolentia,
1892 1948 2196 2001 summoque
2222 1949 2347 2000 erga
2393 1932 2672 1993 Deiparam
2713 1930 2977 1999 Virginem
3020 1929 3191 1981 animi
3216 1928 3410 1995 aﬂ'ectu
3448 1925 3872 1995 pra'dicandam,
3905 1939 3938 1972 a

684 2024 798 2075 viro
826 2022 1014 2087 excipi,
1047 2020 1354 2089 deducique,
1382 2021 1471 2089 qui
1495 2030 1623 2071 esset
1664 2020 2057 2089 augustissima?
2087 2018 2179 2071 Dei
2218 2020 2413 2072 Matris
2472 2019 2703 2089 Virginis
2742 2019 2931 2072 Maria:
2964 2018 3125 2070 cliens
3170 2017 3383 2067 omnino
3417 2015 3667 2075 eximius,
3717 2012 3942 2079 ejusque

685 2110 854 2162 cultui
885 2110 1230 2177 obsequioque
1256 2107 1579 2174 penitissime
1610 2107 1877 2159 addictus.
1910 2105 2057 2158 Idem
2087 2124 2290 2175 quoque
2324 2107 2547 2169 Paulus,
2580 2125 2700 2160 cum
2739 2107 3023 2161 Rosarium
3054 2104 3115 2158 Β.
3159 2104 3387 2174 Virginis
3415 2122 3445 2156 a
3469 2104 3697 2169 pueritia
3735 2103 3857 2169 ipsa
3884 2104 3940 2151 in

684 2196 956 2249 amoribus
1003 2195 1288 2255 habuisset,
1322 2210 1353 2245 a
1384 2191 1484 2246 Pio
1532 2192 1567 2242 V
1608 2192 1813 2260 Pontif.
1854 2192 2002 2245 Max.
2036 2193 2104 2244 ad
2131 2190 2394 2249 Joannem
2445 2196 2813 2261 Austriacum,
2851 2195 3035 2250 Caroli
3074 2193 3113 2246 V
3152 2193 3385 2248 Caesaris
3420 2192 3591 2260 ﬁlium
3623 2191 3722 2260 (ὁ),
3758 2201 3805 2242 et
3834 2189 3943 2242 Ca-

687 2282 869 2334 tholici
907 2284 1166 2334 exercitus
1191 2290 1375 2333 contra
1408 2279 1606 2332 Turcas
1641 2283 1656 2332 i
1684 2291 2035 2348 nperatorem,
2058 2281 2182 2349 jure
2212 2284 2401 2337 merito
2434 2284 2536 2352 fuit
2566 2283 2799 2339 Nuntius
2825 2284 3149 2347 destinatus,
3176 2291 3231 2333 ut
3265 2283 3407 2333 inter
3443 2279 3553 2331 alia
3581 2280 3669 2345 pia
3694 2293 3942 2338 munera,

683 2370 740 2421 in
786 2369 1090 2421 classiarios
1158 2385 1333 2420 omnes
1367 2384 1481 2419 cum
1519 2368 1699 2435 fausta
1755 2370 1987 2421 uictoria:
2024 2370 2396 2435 apprecatione
2428 2371 2819 2432 distribuenda,
2852 2372 2957 2437 ipsi
2991 2370 3276 2423 Austriaco
3324 2367 3558 2429 eiusdem
3589 2364 3654 2417 Β.
3699 2363 3945 2433 Virginis

688 2456 972 2510 Ro'sarium
1002 2457 1250 2521 deferret.
1291 2456 1442 2518 Quod
1490 2471 1645 2521 porro
1701 2455 2004 2520 Rosarium,
2042 2456 2168 2507 dum
2196 2457 2258 2508 de
2285 2458 2523 2525 ejusdem
2568 2458 2833 2526 pontiﬁcis
2892 2456 3148 2509 mandato
3182 2457 3235 2506 in
3270 2455 3406 2506 tanti
3456 2452 3712 2519 principis
3747 2467 3945 2502 manus

684 2549 1041 2614 consignuret,
1071 2547 1151 2598 his
1180 2546 1362 2603 dictis.
1392 2560 1456 2597 e1:
1484 2546 1657 2597 cordis
1687 2547 1948 2612 penetrali
1988 2548 2198 2605 intimo,
2236 2563 2300 2598 ac
2332 2563 2359 2598 e
2386 2548 2547 2600 totius
2581 2548 2793 2611 ﬁducia:
2826 2544 3100 2598 soliditate
3134 2542 3481 2611 expromptis,
3514 2556 3639 2593 usus
3668 2551 3744 2591 est
3771 2555 3789 2591 :
3820 2558 3839 2588 ι
3877 2537 3945 2589 In

682 2635 781 2687 hoc
818 2636 965 2702 signo
996 2636 1186 2687 vinces.
1232 2654 1249 2685 ι
1287 2634 1410 2687 Ηατ
1457 2647 1631 2685 autem
1685 2636 1859 2696 verba,
1895 2645 1950 2686 ut
1981 2634 2326 2688 Constantino
2358 2631 2507 2691 olim,
2536 2632 2608 2683 ita
2660 2640 2782 2681 tunc
2817 2629 3033 2681 Austrio
3080 2628 3246 2695 fuisse
3296 2636 3493 2678 certam
3522 2642 3549 2678 e
3577 2625 3708 2677 coelo
3740 2622 3945 2690 futura:

684 2722 919 2774 victoria
944 2723 1294 2787 sponsionem,
1326 2724 1402 2775 rei
1424 2732 1600 2790 postea
1625 2722 2004 2773 demonstravit
2033 2733 2263 2773 eventus.
2296 2719 2438 2773 Nam
2464 2721 2731 2781 Austrius,
2760 2736 2877 2771 cum
2902 2717 3183 2771 Rosarium
3209 2718 3273 2771 ab
3308 2716 3597 2771 Odescalco
3630 2716 3945 2782 accepisset,

686 2810 866 2863 divina
898 2810 1130 2879 quadam
1166 2810 1358 2864 virtute
1382 2822 1430 2864 et
1464 2812 1646 2863 robore
1683 2811 2037 2879 confortatus,
2077 2810 2181 2865 Deo
2210 2824 2255 2863 et
2288 2809 2605 2861 beatissima:
2649 2806 2849 2876 Virgini
2892 2807 3182 2875 conﬁdens,
3215 2822 3393 2858 omnes
3428 2806 3667 2857 triremes
3701 2814 3749 2855 et
3782 2818 3946 2854 naves

686 2899 926 2960 visitans,
965 2900 1181 2960 milites,
1215 2901 1371 2953 duces
1397 2912 1444 2954 et
1476 2901 1760 2969 principis,
1788 2902 1875 2968 qui
1909 2902 1979 2952 ibi
2012 2901 2256 2960 aderant,
2292 2899 2646 2966 conﬁrmavit,
2681 2899 2940 2966 simulque
2973 2898 3041 2949 ad
3069 2913 3300 2966 pugnant
3334 2906 3545 2947 strenue
3584 2894 3861 2953 excitavit,
3894 2900 3947 2944 et

684 2988 1041 3054 postmodum.
1072 2987 1305 3054 ejusdem
1336 3005 1487 3054 pra'st
1508 2991 1627 3041 rtim
1661 2988 1873 3041 Rosarii
1906 2992 2118 3051 virtute,
2148 2991 2209 3042 de
2236 2989 2605 3055 potentissima
2639 2985 2933 3039 Turcarum
2958 2986 3126 3038 classe
3154 2985 3223 3037 ad
3260 2982 3562 3035 Echinadas
3593 2982 3800 3034 insulas
3826 2981 3948 3050 glu-

685 3076 1036 3129 riosissimum
1068 3077 1344 3127 victoriam
1372 3079 1675 3142 repurtttvit.

761 3160 952 3213 Petrus
995 3178 1112 3213 vero
1164 3159 1420 3229 (ieorgius
1473 3162 1826 3226 Odescalcus,
1879 3168 1957 3216 vir
1989 3166 2051 3216 ab
2086 3166 2279 3217 eximia
2315 3168 2367 3218 in
2404 3164 2633 3217 Mariam
2693 3163 2976 3231 Deiparum
3045 3161 3311 3231 Virginem
3346 3164 3540 3229 pietate
3576 3170 3625 3213 et
3684 3159 3945 3227 religione

688 3258 944 3305 teternum
980 3250 1374 3315 prmdicuntlus,
1405 3252 1541 3302 inter
1570 3252 1677 3304 alia
1706 3253 1859 3318 plane
1891 3256 2188 3313 innumera,
2219 3255 2405 3323 quibus
2432 3254 2867 3306 ardentissimum
2891 3270 3013 3322 erga
3045 3269 3289 3321 magnam
3323 3251 3416 3303 Dei
3446 3251 3672 3303 Matrem
3700 3251 3945 3300 studium

687 3338 980 3390 declaravit
1018 3338 1113 3405 (c),
1147 3336 1451 3388 litterarum
1489 3341 1835 3391 monumentis
1870 3341 1936 3392 ad
1970 3352 2205 3407 posteros
2242 3342 2538 3393 transmisit
2564 3358 2692 3409 opus
2724 3340 2880 3409 plane
2910 3341 3195 3409 egregium,
3232 3349 3281 3390 et
3310 3338 3375 3390 ab
3410 3339 3650 3390 omnibus
3696 3337 3947 3388 Mariano

689 3424 855 3476 αιηηί
882 3425 1197 3489 ηιαηείραίίδ
1230 3424 1443 3476 assidu?
1479 3425 1773 3489 legendum,
1803 3427 1897 3479 sub
1935 3428 2089 3480 tit::lo
2122 3429 2197 3495 (ά)
2234 3449 2245 3481 :
2275 3427 2583 3481 lnslilumm
2610 3428 2918 3481 devotionis
2941 3428 3005 3479 ad
3035 3428 3299 3479 honorem
3332 3426 3663 3479 lteatissimze
3702 3424 3949 3492 Virginis

692 3511 877 3565 Marica
907 3530 920 3575 ;
954 3522 1112 3581 atque
1164 3514 1376 3579 insuper
1424 3526 1575 3565 extra
1625 3514 1770 3566 urbis
1807 3514 2186 3568 Alexandrinrv
2232 3519 2441 3572 moenia.
2473 3517 2524 3567 in
2556 3516 2785 3583 ejusdem
2823 3516 3144 3568 beatissima?
3188 3513 3421 3583 Virginis
3465 3514 3651 3566 Μανίαν
3690 3513 3947 3563 honorem

688 3601 794 3652 tria
832 3600 1024 3666 templa
1051 3600 1407 3651 construenda
1456 3600 1786 3669 dicandaque
1835 3603 2058 3655 curavit.
2109 3602 2235 3655 lltvc
2285 3613 2459 3656 autem
2492 3605 2554 3656 de
2580 3604 2685 3656 tuis
2724 3603 3054 3656 solummodo
3094 3603 3353 3656 delibasse
3406 3613 3677 3655 contentus
3710 3604 3858 3663 (nam
3888 3610 3946 3651 ut

687 3688 926 3739 oratione
958 3687 1021 3739 de
1050 3705 1145 3739 sua
1176 3688 1227 3739 in
1262 3690 1622 3756 presbyterum
1674 3688 2039 3757 designatione
2088 3691 2357 3743 verissime
2387 3690 2527 3742 dixit
2571 3689 2980 3760 Cltrysostomus
3012 3707 3029 3744 :
3063 3707 3084 3742 ι
3121 3688 3185 3743 1η
3221 3690 3469 3757 pretiosis
3505 3689 3810 3756 unguentis,
3841 3704 3949 3739 non

689 3786 897 3828 tantum
930 3776 975 3827 si
998 3776 1115 3843 quis
1165 3775 1403 3841 effundat
1451 3774 1734 3841 lecgtltum,
1761 3793 1939 3829 verum
1970 3780 2131 3830 etiam
2171 3780 2219 3831 si
2250 3778 2369 3847 quis
2401 3777 2479 3831 vel
2510 3778 2729 3828 summis
2778 3778 2961 3845 digitis
3001 3776 3331 3844 superficiem
3384 3778 3637 3845 attingat,
3674 3786 3723 3828 et
3766 3791 3947 3826 aerem

689 3878 819 3915 novo
853 3861 1009 3913 odore
1039 3862 1217 3922 tinxit,
1249 3872 1295 3911 et
1334 3871 1582 3928 quotquot
1618 3862 1811 3916 adsunt
1847 3867 2164 3933 fragrantia:
2195 3866 2464 3919 suavitate
2503 3865 2740 3933 replevit.
2793 3884 2810 3915 ο
2852 3866 2994 3930 Quid
3017 3866 3079 3919 de
3112 3876 3159 3918 te
3196 3864 3397 3929 dicam,
3436 3866 3677 3932 princeps
3708 3866 3949 3915 eminen-

691 3948 914 4005 tissime.
947 3949 1034 4017 qui
1072 3950 1305 3999 omnium
1330 3948 1593 4013 ntajorum
1628 3958 1843 4002 tuorum
1873 3952 2120 4019 pietatem
2152 3970 2277 4023 erga
2316 3953 2626 4022 Deiparam,
2653 3970 2759 4005 una
2790 3967 2907 4004 cum
2932 3952 3055 4004 aliis
3090 3952 3654 4019 prtestantissimarum
3687 3952 3948 4003 virtutum

690 4036 1037 4092 θνηαηιεηιῖδο
1066 4051 1165 4085 ηοη
1196 4036 1369 4086 δοίυηι
1401 4050 1632 4101 minare.
1662 4036 1751 4089 sed
1773 4038 1931 4090 etiam
1977 4056 2225 4106 superare
2256 4041 2552 4094 studuisti?
2580 4040 2820 4094 Dicerem
2870 4051 2917 4093 te
2953 4040 3199 4093 Ecclesia
3241 4038 3299 4093 S.
3342 4039 3534 4093 Maria:
3560 4041 3621 4091 de
3652 4039 3948 4107 Montibus.

689 4121 751 4172 ob
780 4122 1148 4189 patentissima
1185 4122 1565 4173 miraculorum
1606 4124 1779 4192 signa,
1820 4142 1937 4193 qua:
1983 4127 2056 4177 ibi
2099 4128 2334 4195 quotidie
2363 4131 2415 4183 iu
2465 4128 2657 4182 Matris
2707 4144 2817 4181 sua?
2874 4128 3108 4195 gratiam
3163 4127 3492 4180 demonstrat
3532 4126 3691 4188 Deus,
3736 4128 3790 4176 in
3824 4126 3956 4179 urbe

688 4212 1193 4280 famigeratissimtv,
1238 4226 1338 4261 non
1374 4212 1485 4264 sine
1516 4213 1736 4280 speciali
1764 4214 1956 4269 divinae
1980 4217 2322 4284 providentia:
2353 4217 2596 4280 consilio,
2628 4223 2975 4284 protectorem
3004 4214 3167 4282 fuisse
3194 4215 3529 4267 meritissime
3565 4214 3953 4274 constitutum;

689 4316 809 4353 cum
838 4316 896 4353 eo
927 4301 1154 4352 exsistas
1186 4314 1311 4368 erga
1343 4298 1627 4367 Deiparam
1681 4300 1947 4371 Virginem
1987 4305 2202 4372 affectu,
2237 4316 2294 4358 ut
2338 4307 2392 4357 in
2418 4306 2618 4368 ontnia,
2651 4319 2767 4372 qua:
2800 4312 2966 4357 tanta
3000 4301 3193 4355 Matris
3234 4302 3485 4359 honorem
3509 4317 3571 4352 ac
3602 4302 3949 4353 reverentiam

690 4398 933 4456 tangunt,
965 4388 1130 4455 magis
1150 4404 1315 4454 prono
1341 4404 1403 4439 ac
1434 4389 1642 4441 incenso
1670 4391 1847 4442 animo
1897 4394 2151 4460 rapiaris,
2182 4411 2343 4463 quam
2368 4392 2438 4445 ad
2472 4402 2760 4459 magnetem
2788 4391 3013 4460 ferrum,
3045 4401 3202 4460 atque
3231 4392 3300 4442 ad
3331 4391 3461 4443 solis
3488 4399 3659 4442 rotam
3702 4390 3954 4455 rapiatur

690 4476 1082 4541 heliotropium.
1119 4474 1475 4527 Pra'dicarem
1506 4493 1823 4545 propensum
1863 4481 2155 4535 voluntatis
2189 4494 2293 4535 tua:
2320 4483 2573 4545 studium,
2604 4499 2665 4535 ac
2689 4482 2836 4534 cordi
2876 4492 2965 4535 tuo
2992 4483 3213 4533 insitam
3250 4482 3582 4533 teneritatem
3613 4496 3738 4548 erga
3768 4496 3951 4547 augu-

687 4564 983 4616 stissimum
1032 4560 1351 4615 Lauretante
1412 4561 1644 4632 Virginis
1692 4568 2029 4628 sacrarium,
2077 4570 2130 4621 in
2173 4586 2274 4639 quo
2327 4569 2555 4637 Deipara
2604 4572 2803 4637 genita,
2856 4578 2904 4621 et
2944 4569 3193 4629 educata,
3238 4578 3287 4620 et
3323 4568 3379 4620 in
3414 4584 3517 4635 quo
3556 4565 3785 4619 Verbum
3821 4584 3954 4619 caro

688 4653 892 4719 factum
924 4660 1041 4713 est;
1071 4667 1188 4703 cum
1231 4650 1364 4703 illud
1411 4668 1514 4705 non
1538 4652 1710 4705 solum
1760 4654 2151 4725 religiosissime
2194 4659 2474 4719 invisens,
2521 4660 2612 4712 sed
2644 4660 2804 4711 etiam
2850 4658 2903 4708 iu
2940 4657 3313 4724 beneﬁciorum
3360 4653 3678 4709 Lauretum:
3717 4653 3954 4724 Virginis

684 4756 811 4808 ergu
840 4749 887 4791 te
920 4741 1130 4807 signum
1178 4741 1315 4807 (ipsa
1348 4741 1483 4793 enim
1515 4744 1645 4794 votis
1681 4744 1785 4797 tuis
1828 4745 2041 4813 benigne
2095 4757 2384 4809 annuente,
2428 4747 2577 4815 fuisti
2608 4764 2639 4797 a
2671 4747 2818 4814 gravi
2860 4745 3149 4813 gutturalis
3184 4744 3585 4813 suppurationis
3633 4745 3958 4812 a'griturtsne

688 4827 1026 4895 personatus)
1060 4828 1235 4881 aureis
1268 4828 1439 4891 donis,
1483 4839 1572 4881 tua
1600 4831 1793 4897 pietate
1817 4843 1864 4885 et
1900 4834 2293 4902 magniﬁcentia
2321 4835 2520 4899 dignis,
2552 4833 2928 4885 honestaveris.
2967 4830 3297 4885 Celebrarem
3333 4842 3403 4894 te,
3437 4832 3680 4899 adjutum
3721 4848 3956 4898 premer-

688 4916 784 4966 tim
811 4930 902 4977 ονε
930 4912 1193 4979 Deiparaz,
1233 4932 1391 4981 quam
1418 4917 1776 4986 singularibus
1826 4920 2195 4990 obsequiorum
2227 4924 2527 4991 generibus,
2558 4921 2863 4989 magnisque
2884 4920 3211 4972 devotissimi
3255 4919 3479 4986 affectus
3532 4919 3954 4987 signiﬁcationi-

690 5003 785 5052 bus
812 5000 910 5052 tibi
934 5002 1146 5053 assidue
1169 5002 1426 5055 demereri
1457 5006 1798 5070 procurasti;
1836 5006 2214 5063 Novariensem
2246 5011 2633 5078 episcopatum,
2679 5008 2995 5077 legationem
3040 5004 3462 5067 Ferrariensem,
3496 5016 3653 5075 atque
3683 5005 3794 5058 alia
3832 5023 3957 5058 mu-

692 5104 819 5139 nera
851 5104 885 5141 a
911 5086 1029 5139 sede
1060 5088 1353 5153 apostolica
1389 5100 1491 5142 tua:
1512 5108 1653 5145 curte
1683 5096 1990 5155 commissa,
2026 5114 2233 5148 suntnta
2260 5114 2463 5166 semper
2493 5114 2612 5149 cum
2637 5096 2943 5165 prudentia,
2977 5104 3134 5165 atque
3162 5096 3469 5165 integritate
3499 5095 3912 5148 administrasse
3937 5110 3955 5147 :

691 5192 753 5224 ac
778 5175 1009 5238 eiusdem
1068 5175 1313 5244 Deiparte
1354 5178 1450 5231 tibi
1490 5181 1786 5247 patrocinio
1828 5183 2067 5249 favente,
2111 5196 2159 5237 te
2188 5186 2240 5237 in
2280 5186 2525 5238 omnibus
2576 5185 2742 5253 fuisse
2789 5200 2991 5251 semper
3021 5184 3076 5236 in
3100 5184 3311 5253 judicio
3360 5194 3581 5245 rectum,
3623 5187 3679 5236 in
3714 5184 3955 5235 moribus

688 5262 1039 5329 inculpatum,
1069 5264 1122 5315 in
1149 5266 1336 5332 gratiis
1360 5276 1408 5319 et
1442 5266 1708 5335 beneﬁciis
1746 5282 2071 5338 proruptum,
2103 5290 2226 5341 erga
2253 5275 2494 5328 subditos
2534 5276 2836 5343 benignum.
2864 5274 2919 5325 in
2948 5288 3203 5341 pauperes
3236 5272 3569 5339 muniﬁcum,
3613 5270 3797 5323 animo
3821 5287 3957 5323 can-

688 5350 895 5405 didum.
921 5351 1075 5405 corde
1103 5353 1390 5419 sincerum,
1424 5357 1528 5408 vita
1550 5373 1763 5423 purum,
1795 5370 1843 5411 et
1872 5371 1925 5411 ut
1960 5362 2109 5412 verbo
2141 5363 2339 5425 dicam,
2370 5366 2422 5415 in
2455 5362 2696 5415 omnibus
2725 5363 2895 5413 virum
2925 5362 3000 5412 tui
3030 5360 3257 5413 nominis
3288 5360 3661 5413 benedictum:
3688 5360 3793 5411 nisi
3817 5360 3956 5422 htec,

683 5448 735 5491 et
762 5439 1037 5507 complura
1064 5442 1175 5493 alia
1201 5442 1553 5495 devotissimus
1589 5447 1774 5496 mentis
1800 5458 1903 5498 tute
1935 5464 2057 5516 erga
2094 5448 2186 5500 Dei
2218 5448 2442 5501 Matrem
2474 5447 2793 5505 testimonia,
2825 5455 2873 5497 et
2900 5444 3180 5511 splendida
3216 5442 3453 5508 ejusdem
3487 5441 3578 5495 Dei
3603 5440 3800 5494 Matris
3825 5458 3956 5511 erga

690 5534 739 5578 te
769 5522 1071 5581 Clementia
1102 5542 1463 5594 monumenta,
1496 5547 1614 5599 quin
1650 5534 1763 5586 solo
1801 5537 2037 5587 veritatis
2082 5536 2276 5603 a/fectu
2316 5545 2551 5603 urge-tte,
2602 5534 2714 5585 siue
2746 5532 2856 5584 ulla
2889 5530 3269 5584 assentationis
3303 5539 3430 5582 nota
3460 5530 3686 5582 scribere
3715 5544 3956 5593 possem,

778 5715 834 5787 ᾳ)
866 5712 1194 5787 Τμτεειιηίη
1233 5712 1375 5787 llist.
1415 5714 1627 5769 Lauret.
1667 5716 1762 5770 lib.
1804 5733 1876 5779 tv,
1912 5732 2033 5786 cap.
2062 5718 2153 5783 25,
2445 5716 2514 5783 (ί)
2545 5714 2802 5787 Ughcllus
2831 5711 2884 5764 in
2920 5709 3089 5787 Italia
3118 5728 3295 5787 sacra,
3317 5724 3470 5787 _tom.
3504 5709 3625 5787 IV.“

756 5782 833 5852 (b)
855 5782 1220 5857 _llyacinlhus
1255 5784 1597 5855 Choqueltus
1643 5788 1696 5841 in
1739 5781 2025 5857 Triumpho
2070 5781 2257 5843 nam.
2446 5781 2521 5855 (rt)
2554 5781 2917 5857 Hieronymus
2944 5782 3199 5839 Ghilinus
3228 5786 3281 5837 in
3315 5784 3544 5838 Theatra
3590 5781 3837 5833 Virorum
3869 5781 3959 5834 li.-

685 5868 807 5924 cap.
848 5853 901 5907 9.
933 5853 941 5854 ί
1394 5853 1401 5855 ἡ
1925 5853 1932 5857 ’
2376 5853 2687 5920 teraturum,
2726 5866 2778 5907 et
2810 5854 2921 5907 alii.
