4164 6456
216 338 319 403 931
1631 349 1994 410 MARIALE.
3368 343 3474 405 982

220 456 413 507 tacitus
443 453 711 521 privterire
767 471 976 506 ontumo
1030 472 1259 524 cogerer,
1301 459 1360 509 ob
1398 459 1721 529 singularem
1760 465 1836 515 tui
1877 464 2044 516 animi
2097 463 2431 525 modestiam,
2475 475 2590 528 qua:
2639 460 2842 526 magnis
2885 457 2990 508 tuis
3041 455 3292 507 laudibus
3343 451 3476 506 hanc

218 541 492 608 adjunxit,
528 543 705 594 laudis
756 543 957 595 odium.
1006 543 1232 611 Implere
1277 548 1413 598 enim
1458 547 1687 616 gloriose
1721 553 1922 618 satagis
1960 550 2209 617 inclytam
2245 551 2321 600 tui
2350 545 2677 617 cognominis
2713 545 2988 598 Odcscalci
3044 542 3474 610 appellationem,

216 645 337 694 qua?
371 647 401 680 a
429 630 727 681 calcatione
758 629 1004 694 odorum,
1043 632 1097 682 id
1112 621 1199 684 'est
1236 633 1478 697 laudum,
1515 653 1615 687 non
1647 638 1931 704 incongrue
1959 637 2233 689 derivatur
2261 654 2276 688 :
2307 646 2459 703 atque
2485 633 2600 687 ideo
2630 633 2780 693 odos,
2808 632 2860 684 id
2887 642 2962 684 est
2995 631 3205 685 laudes.
3240 630 3478 697 quamris

220 729 327 770 tua:
361 718 546 769 virtuti
583 719 796 771 omnino
825 719 1052 781 debitas,
1089 729 1245 789 atque
1275 740 1305 774 a
1338 723 1543 775 sincera
1575 724 1903 792 confessione
1936 724 2269 777 laudantium
2301 725 2389 774 tibi
2415 723 2702 782 exhibitas,
2734 736 2982 790 generoso
3008 717 3327 771 litiiiiilitatis
3355 715 3482 779 pede

218 805 430 856 calcare
457 822 559 856 non
584 805 804 858 desinis.
842 804 1033 858 Omnia
1059 808 1219 874 igitur
1247 822 1352 860 tua:
1386 809 1657 863 modestite
1686 812 1991 874 concedens,
2015 824 2062 864 et
2087 829 2169 868 ea.
2203 810 2392 879 quibus
2419 811 2481 862 de
2512 821 2560 863 te
2589 826 2731 862 meus
2760 807 3021 868 calamus,
3054 824 3084 859 a
3113 805 3227 858 sola
3263 804 3481 856 reritate

219 892 504 958 impulsus.
542 909 645 944 non
693 908 855 944 unam
906 895 1156 962 paginam
1208 906 1382 964 posset
1429 913 1655 958 ornare,
1695 900 1743 951 in
1783 899 1972 952 intimo
2025 900 2210 953 mentis
2259 914 2485 955 recessu.
2535 897 2726 950 ibidem
2761 905 3103 952 arternatura,
3145 893 3427 945 recondens
3465 902 3484 940 :

217 980 394 1030 solani
434 982 564 1032 mihi
592 999 621 1032 a
649 992 696 1033 te
722 982 933 1034 concedi
963 983 1115 1035 elice
1145 992 1284 1051 peto.
1331 985 1559 1054 mihique
1593 987 1736 1039 nullo
1772 998 1926 1055 pacto
1977 987 2222 1053 denegari
2271 986 2650 1040 ardentissime
2689 986 2960 1045 desidero,
3009 997 3157 1049 posse
3192 981 3386 1032 scilicet
3427 979 3480 1030 in

219 1068 326 1135 ﬁne
355 1069 512 1136 hujus
538 1071 776 1138 cpistola:
801 1071 923 1123 huic
956 1070 1015 1124 S.
1045 1070 1263 1140 Iosephi
1301 1073 1704 1143 Hymnographi
1731 1078 1873 1144 operi
1905 1075 2171 1136 Mariano,
2205 1094 2264 1128 ac
2295 1076 2392 1128 tibi
2429 1075 2590 1127 etiam
2621 1074 2743 1142 ipsi.
2774 1089 2837 1126 ea:
2867 1070 3044 1125 cordis
3078 1071 3264 1123 intimo
3290 1068 3481 1120 saltem

221 1159 447 1210 breviter
479 1159 767 1226 gratulari.
805 1158 1066 1213 Gratulor
1099 1163 1264 1229 igitur
1297 1163 1421 1216 huic
1453 1165 1619 1232 operi,
1661 1164 1908 1233 Princeps
1940 1164 2373 1225 eminentissime,
2406 1180 2465 1216 eo
2495 1161 2636 1232 quod
2680 1161 2734 1212 in
2788 1161 2966 1212 mundi
3000 1165 3334 1225 conspectum
3362 1171 3484 1222 pro-

220 1246 396 1309 diens,
431 1263 494 1299 ea:
519 1248 979 1314 providentissima
1019 1250 1112 1302 Dei
1148 1251 1469 1320 benignitate
1496 1262 1545 1305 te
1571 1255 1818 1306 sortitum
1847 1257 1915 1307 sit
1961 1264 2267 1321 patronum.
2304 1267 2404 1320 quo
2435 1253 2489 1304 in
2525 1250 2767 1317 Deipara:
2806 1247 2972 1302 cultu.
3004 1255 3051 1298 et
3087 1243 3291 1298 ctcteris
3321 1241 3484 1292 e‘iam

219 1335 466 1386 omnibus
499 1335 929 1389 Christianarum
972 1338 1224 1390 virtutum
1253 1342 1602 1402 ornamentis,
1639 1343 1721 1394 vix
1760 1342 2010 1408 majorem
2045 1340 2412 1407 melioremque
2440 1349 2617 1403 optare
2651 1335 2904 1403 potuisset
2933 1349 2950 1386 :
2983 1343 3030 1385 et
3059 1330 3299 1400 gratulor
3319 1330 3483 1381 etiam

217 1422 339 1482 tibi,
367 1425 493 1491 quia
539 1421 737 1492 Ioseph
780 1442 923 1478 meus
955 1426 1033 1492 (ut
1063 1426 1280 1494 [irinum
1319 1429 1460 1494 apud
1497 1445 1576 1480 me
1617 1430 1716 1498 est)
1752 1440 1900 1482 tuum
1933 1446 2026 1479 suo
2074 1428 2218 1496 operi
2253 1425 2544 1479 exhibitum
2587 1423 2870 1492 patrocinii
2921 1421 3194 1475 honorem.
3229 1426 3383 1486 grata
3415 1415 3485 1467 sit

220 1526 428 1576 semper
469 1513 742 1576 memoria,
775 1523 822 1566 et
852 1514 1086 1566 sollicita
1133 1515 1273 1580 apud
1315 1516 1480 1569 Deum
1511 1534 1680 1585 prece,
1729 1527 2107 1585 prosecuturus
2134 1533 2152 1568 :
2184 1525 2338 1583 atque
2373 1513 2755 1582 augustissima
2802 1509 3054 1563 arctorum
3088 1505 3312 1575 Regina,
3352 1506 3483 1557 dum

218 1600 370 1665 operi
396 1601 533 1669 quod
562 1601 674 1667 ejus
701 1601 886 1654 laudes
919 1611 966 1654 et
995 1605 1230 1656 encomia
1260 1607 1511 1660 Cotttittet.
1539 1607 1878 1672 protertiouis
1905 1616 2010 1657 tua!
2033 1605 2260 1671 favorem
2295 1604 2574 1672 impendis,
2608 1603 2703 1654 hoc
2735 1601 2913 1653 valida
2939 1599 3171 1652 vicissim
3198 1593 3483 1665 promotio-

221 1687 304 1738 nis
334 1704 444 1739 sua?
473 1705 596 1756 erga
631 1699 677 1740 te
699 1688 1038 1748 exhibitione.
1070 1702 1117 1742 et
1151 1691 1324 1760 dgnis
1348 1709 1382 1744 e
1413 1695 1540 1745 catlo
1578 1693 1878 1746 muneribus
1912 1695 1977 1746 sit
2016 1694 2404 1761 aﬁluentissime
2433 1701 2823 1759 compensaturt

304 1775 434 1828 Vale
465 1778 673 1829 interim
705 1777 914 1844 publico
937 1780 1069 1831 bono
1096 1797 1300 1848 magum
1324 1781 1416 1833 Dei
1450 1781 1640 1834 Multis
1668 1782 1829 1833 cliens
1853 1783 2243 1842 amantissime,
2281 1793 2327 1834 et
2357 1798 2435 1834 me
2457 1780 2717 1848 famulum
2741 1775 3260 1838 tibideditissimum,
3292 1783 3486 1826 totam-

216 1882 317 1933 que
347 1870 804 1938 congregationem
838 1885 1028 1931 meam,
1060 1871 1167 1921 tuis
1207 1871 1467 1939 obsequiis
1510 1870 1960 1928 addictissimam,
1996 1869 2156 1923 solita
2190 1868 2513 1936 benignitate
2547 1881 2878 1936 prosequere.

293 1952 499 2016 Ranae.
536 1972 600 2008 ex
627 1956 828 2009 adibus
863 1955 919 2011 S.
958 1955 1147 2010 Maria:
1173 1958 1228 2010 in
1256 1956 1595 2024 Campitello,
1630 1974 1770 2010 anno
1799 1959 1993 2011 sa’utis
2039 1958 2198 2014 “26!.
2227 1959 2311 2009 die
2337 1960 2366 2010 ti
2390 1955 2669 2010 Januarii.

1025 2113 3472 2135 ww

1582 2218 2138 2307 LECTORI.

296 2371 495 2428 Pauca.
532 2371 707 2424 amice
758 2369 971 2432 Lector,
1003 2371 1070 2424 de
1101 2384 1324 2424 auctore
1355 2372 1520 2439 hujus
1572 2371 1774 2438 Opt‘t‘is.
1811 2385 1875 2424 ac
1904 2370 1970 2424 de
2010 2388 2173 2439 opt-re
2203 2371 2322 2439 ipso
2376 2381 2553 2424 tecum
2598 2367 2889 2438 praalabor,
2943 2367 3135 2421 audire
3161 2367 3206 2422 si
3239 2365 3479 2420 libuerit.

218 2457 357 2522 Quis
384 2473 446 2509 ac
473 2469 712 2527 quantus
745 2458 909 2510 fuerit
935 2457 992 2513 S.
1030 2456 1301 2527 Joscpbus
1353 2459 1832 2528 llymnograpbus,
1880 2459 2040 2526 cujus
2090 2458 2327 2512 Mariana
2365 2467 2721 2510 monumenta
2768 2471 2916 2509 nunc
2960 2459 3139 2520 primo
3183 2453 3478 2523 spectanda

221 2549 335 2599 tuis
359 2547 534 2599 oculis
574 2546 797 2614 objicio,
832 2561 893 2597 es
928 2546 992 2599 iis
1020 2563 1140 2614 «line
1182 2547 1246 2598 de
1279 2548 1400 2616 ipsrv
1436 2547 1488 2598 in
1525 2547 1793 2615 principio
1829 2547 1990 2614 hujus
2021 2548 2206 2616 operis
2259 2562 2474 2615 appono
2501 2550 2592 2614 (ne
2627 2546 2681 2598 in
2724 2546 2828 2600 hoc
2862 2545 3141 2598 vestibulo
3180 2553 3230 2596 te
3259 2543 3478 2613 longius

223 2636 428 2700 morer)
459 2635 585 2696 erit,
613 2645 671 2686 ut
706 2649 887 2703 spero,
923 2634 1017 2686 tibi
1052 2636 1184 2686 satis
1218 2649 1491 2702 superque
1542 2633 1915 2690 manifestum.
1949 2634 2172 2704 Josephi
2225 2635 2367 2698 Vita,
2413 2652 2514 2705 per
2542 2635 2810 2689 Joannem
2852 2633 3058 2704 Magna!
3097 2634 3186 2687 Dei
3223 2632 3479 2685 Ecclesia:

217 2723 849 2789 1Zonstantinopolitaum
883 2723 1174 2775 diaconum
1216 2736 1279 2774 ac
1309 2732 1580 2774 oratorem
1633 2726 1954 2792 composita,
1996 2739 2156 2790 quam
2189 2723 2448 2788 exhibeo,
2475 2730 2653 2774 exstat
2688 2721 2878 2774 Graece
2915 2735 3020 2774 ms.
3055 2720 3108 2772 in
3154 2719 3479 2788 prrantiquo

222 2810 415 2862 codice
447 2811 800 2878 ampli~sinne
845 2811 1189 2864 bibliotheca:
1221 2809 1521 2873 Vaticana',
1555 2822 1608 2863 et
1635 2811 1760 2864 inde
1793 2821 2070 2880 excerpta,
2109 2827 2203 2880 per
2237 2809 2296 2864 P.
2330 2809 2672 2864 Ludovicum
2712 2808 3100 2872 Marraccium,
3137 2823 3314 2861 meum
3343 2823 3476 2858 ron-

219 2900 508 2966 junctione
537 2901 843 2968 sanguinis,
879 2914 944 2952 ac
989 2898 1269 2966 religionis
1310 2898 1678 2967 professione,
1714 2897 1936 2953 fratrem
1969 2912 2292 2966 genuanum
2338 2896 2527 2950 Latine
2560 2895 2768 2950 reddita
2812 2904 2914 2948 est.
2967 2893 3155 2947 Exstat
3195 2891 3384 2945 cadent
3424 2891 3476 2943 iu

216 2987 416 3040 (ἐπι-σο
448 3002 548 3039 IllS.
576 2987 764 3040 codice
799 2986 1117 3040 monasterii
1150 2985 1207 3038 S.
1240 2983 1546 3040 Salvatoris
1577 2986 1719 3055 apud
1770 2984 2097 3048 Messanam,
2132 2993 2297 3054 atque
2323 2999 2351 3036 a
2374 2983 2542 3037 Patre
2585 2983 2893 3052 Augustino
2927 2981 3154 3034 Floritio
3182 2983 3309 3032 Soc.
3346 2977 3475 3031 Jesu

225 3074 278 3125 in
313 3073 570 3126 Latinum
615 3076 904 3137 translata,
933 3075 1076 3126 edita
1113 3081 1197 3127 est
1233 3071 1512 3139 Panormi,
1553 3073 1824 3144 superiori
1856 3090 2000 3127 anno
2037 3073 2205 3138 1657,
2239 3088 2343 3125 una
2379 3087 2504 3125 cum
2541 3081 2691 3126 tonio
2743 3070 2984 3125 secundo
3014 3069 3198 3138 operis
3231 3067 3303 3120 De
3343 3067 3478 3120 Vitis

222 3160 330 3217 δε.
374 3161 681 3215 Siculorum
719 3165 778 3214 Ρ.
816 3163 1025 3216 Uctavii
1081 3161 1330 3230 Caietani
1383 3163 1630 3231 ejusdem
1687 3164 1996 3218 Societatis.
2041 3162 2160 3217 Vita
2207 3161 2452 3232 Josophi,
2503 3177 2666 3232 quam
2697 3177 2764 3216 ex
2801 3161 3020 3216 Menaeis
3083 3161 3346 3229 produco.
3382 3175 3478 3228 per

219 3251 475 3305 eumdem
506 3249 566 3304 Ρ.
603 3251 936 3305 Ludovicum
969 3249 1325 3304 Mart-accium
1357 3261 1437 3304 est
1471 3250 1627 3306 Latio
1660 3253 1806 3307 illata
1845 3253 1942 3323 (a).

296 3337 372 3390 De
397 3353 563 3406 Opere
597 3349 777 3393 autem
812 3341 933 3408 ipso
966 3339 1094 3409 quid
1127 3339 1353 3392 dicam?
1392 3341 1523 3394 Dico
1557 3341 1687 3394 illud
1723 3356 1785 3395 ex
1817 3340 2056 3404 Menaeis,
2089 3357 2149 3395 ex
2184 3340 2504 3407 Horologio,
2543 3355 2604 3392 cx
2637 3337 2994 3402 Paraclctiro,
3027 3353 3091 3392 ex
3133 3335 3375 3396 Triodio,
3408 3351 3476 3388 cx

220 3426 280 3480 Pi
302 3430 658 3487 ntecostario.
692 3445 756 3482 ex
797 3429 1020 3490 llituali,
1055 3429 1285 3498 aliisque
1313 3428 1636 3484 Griccorum
1676 3431 2071 3491 voluminibus,
2106 3430 2160 3482 in
2194 3429 2396 3497 quibus
2424 3427 2648 3495 Josephi
2700 3426 2951 3480 Canones
2984 3425 3112 3478 hinc
3149 3424 3272 3478 imle
3299 3427 3474 3491 sparsi

221 3519 602 3587 reperiuntur,
638 3519 803 3572 fuisse
825 3519 1112 3572 Collet'tltm
1150 3535 1164 3570 :
1197 3530 1250 3570 et
1277 3517 1389 3573 fere
1420 3528 1592 3573 totum
1620 3519 1804 3574 studio
1837 3536 1901 3573 ac
1934 3518 2213 3585 diligentia
2234 3517 2348 3586 jam
2381 3515 2510 3568 dicti
2540 3513 2599 3568 Ρ.
2636 3512 2902 3568 Ludovici
2933 3511 3197 3566 Μαι-τηρεῖ
3225 3527 3255 3565 e
3284 3510 3477 3565 Graeco

221 3607 278 3659 in
313 3603 568 3658 Latinum
601 3621 910 3659 sermonem
943 3607 1114 3660 fuisse
1142 3608 1491 3662 translatum.
1525 3607 1654 3661 Dico
1681 3623 1805 3662 esse
1839 3617 2009 3660 totum
2047 3622 2304 3667 aureum,
2341 3615 2518 3659 totum
2568 3619 2902 3674 gemmeum.
2955 3611 3130 3656 totum
3159 3617 3223 3656 ex
3258 3602 3476 3671 pietatis

218 3697 513 3755 saccbaro,
543 3711 607 3748 ac
635 3697 944 3750 devotionis
976 3696 1132 3750 melle
1162 3706 1534 3765 compactum.
1568 3714 1631 3750 ex
1665 3713 1798 3764 quo,
1832 3711 1996 3764 quam
2030 3693 2362 3748 :tﬂ'ectuosus
2403 3692 2572 3746 fuerit
2611 3692 2858 3746 auctoris
2901 3691 2952 3745 in
2987 3690 3212 3744 Mariam
3258 3691 3474 3760 genius,

219 3793 392 3845 quam
444 3779 765 3846 ingeniosus
813 3779 1060 3842 allectus,
1089 3788 1144 3833 et
1181 3796 1346 3848 quam
1397 3796 1568 3846 purus
1601 3796 1666 3834 ac
1699 3780 1916 3836 fervens
1965 3799 2120 3836 amor
2171 3783 2611 3837 luculentissima
2643 3780 2841 3836 elucet.
2896 3779 3027 3834 Ilico
3070 3794 3194 3834 esse
3225 3778 3473 3833 omnium

221 3881 446 3934 semper
481 3868 842 3922 immaculata:
877 3867 1120 3937 Virginis
1151 3867 1528 3922 studiosorum
1564 3869 1821 3934 inanibus
1859 3869 2167 3932 terendum,
2202 3868 2541 3937 judiciisque
2581 3867 2949 3936 probandum,
2982 3881 3106 3920 cum
3137 3865 3191 3918 in
3226 3865 3473 3918 omnium

219 3958 428 4012 animis
476 3957 729 4027 pietatem
776 3973 900 4029 erga
947 3972 1168 4027 semper
1206 3968 1261 4012 et
1303 3959 1562 4012 omnibus
1613 3959 1791 4012 modis
1833 3957 2400 4011 immaculatissimam
2452 3955 2731 4028 Virginem
2774 3956 3081 4025 Deiparam,
3137 3969 3244 4009 non
3296 3956 3472 4008 solum

220 4043 416 4101 fovere
453 4047 544 4100 sed
581 4061 780 4116 augere
809 4063 915 4100 non
947 4063 1140 4115 parum
1181 4047 1391 4112 valeat;
1424 4063 1547 4101 cum
1583 4047 1704 4100 duri
1751 4062 1979 4116 prorsus
2010 4062 2073 4100 ac
2105 4046 2299 4117 lapidei
2333 4046 2520 4102 cordis
2552 4047 2646 4111 sit,
2678 4046 2770 4115 qui
2812 4060 2878 4100 eo
2910 4046 3051 4101 lecto
3085 4060 3190 4099 non
3222 4044 3474 4098 emollia-

220 4146 335 4198 tur,
361 4145 418 4188 et
440 4133 507 4188 ad
537 4133 783 4204 Magnam
817 4132 910 4187 Dei
940 4133 1164 4188 Matrem
1193 4135 1476 4188 ardentius
1501 4136 1792 4188 amandam
1827 4151 1935 4189 non
1968 4135 2257 4190 excitetur.
2293 4137 2425 4189 Dico
2450 4149 2575 4190 esse
2603 4134 2938 4189 ditissimum
2978 4132 3470 4202 Gazophylacium,

222 4223 531 4274 innumeris
582 4221 949 4275 Marianarum
1005 4221 1229 4275 laudum
1281 4235 1336 4274 et
1377 4225 1773 4291 pneconiorum
1823 4225 2046 4278 talentis
2102 4223 2529 4278 refertissimum
2575 4221 3026 4293 :pretiossimam
3087 4219 3470 4275 Aurifodinam

220 4311 398 4364 sacris
433 4309 676 4377 Deiparae
705 4326 804 4379 pro
833 4310 1100 4364 concione
1135 4311 1602 4365 declamatoribus
1634 4313 1859 4366 uberem
1890 4313 2238 4380 virginalium
2276 4313 2656 4368 encomiorum
2695 4311 2982 4364 materiam
3019 4309 3422 4363 ministrantem
3455 4327 3469 4363 :

218 4407 387 4464 atque
425 4398 904 4466 incomparabilem
959 4397 1308 4453 Thesanrum
1333 4443 1346 4462 ,
1387 4415 1492 4454 non
1527 4417 1588 4455 ex
1626 4416 1819 4469 magna
1854 4401 1973 4454 auri
2021 4402 2100 4453 vel
2134 4400 2346 4470 argenti
2395 4402 2469 4464 vi,
2523 4414 2822 4468 rerumque
2879 4397 3250 4467 pretiosarum
3288 4398 3468 4466 copia.

218 4489 314 4537 sed
349 4501 415 4539 cx
453 4486 650 4556 amplis
677 4488 1019 4556 summisque.
1055 4487 1298 4554 Deipara:
1327 4487 1566 4558 Virginis
1600 4489 1799 4558 opibus
1834 4489 2248 4543 allluentissime
2282 4497 2626 4559 congestum.
2663 4486 2738 4542 De
2768 4501 2878 4555 quo
2905 4485 3127 4554 quidem
3163 4501 3471 4554 opnrejure

219 4573 422 4626 merito
452 4574 506 4625 in
541 4575 714 4641 ipsius
743 4574 968 4644 Josephi
1004 4574 1121 4628 Vita
1152 4573 1394 4629 Joannes
1430 4575 1636 4644 Magna:
1667 4575 1756 4628 Dei
1789 4577 2037 4630 ecclesise
2077 4577 2346 4630 diaconus
2376 4589 2430 4630 et
2458 4586 2646 4630 orator
2677 4576 2730 4628 in
2761 4575 2910 4628 hunc
2950 4573 3170 4626 modum
3207 4575 3423 4640 scripsit
3452 4591 3466 4626 :

221 4659 320 4712 Est
349 4662 611 4729 quispiam
659 4663 881 4731 rigidus,
912 4679 976 4715 ac
1014 4663 1202 4727 durus,
1240 4674 1395 4732 atque
1427 4666 1496 4716 ad
1535 4664 1796 4734 laergmas
1845 4662 2187 4732 effundendus
2221 4663 2471 4732 ineptus?
2512 4662 2869 4716 Suavissimas
2902 4661 3156 4715 melodias
3181 4677 3212 4713 a
3238 4659 3468 4730 Josepho

218 4751 449 4814 scriptas
476 4752 528 4802 in
569 4749 831 4820 Virginem
858 4768 920 4804 ac
952 4751 1042 4805 Dei
1072 4752 1311 4815 Matrem,
1348 4769 1466 4822 qua:
1510 4752 1852 4821 ineffabiliter
1902 4750 2122 4805 Verbum
2162 4755 2418 4820 concepit,
2471 4753 2686 4805 assidue
2735 4752 2928 4818 legens,
2952 4760 3000 4803 et
3042 4749 3351 4812 decantatis,
3384 4749 3466 4800 lti-

218 4852 524 4904 crymaram
561 4839 732 4890 maria
783 4838 950 4905 plenis
983 4841 1147 4892 ocu'is
1178 4841 1428 4907 effundet.
1461 4851 1509 4893 et
1553 4849 1719 4893 mente
1753 4838 1977 4908 collique
2023 4839 2196 4904 factus
2228 4840 2577 4893 immateriali
2617 4855 2772 4892 sensit
2807 4837 3178 4906 spiritualibus
3211 4853 3464 4903 compun-

221 4923 416 4975 ctionis
443 4924 646 4977 deliciis
681 4925 1001 4993 perfruetur.
1039 4925 1137 4980 "te
1159 4936 1334 4978 autem
1367 4928 1606 4981 melodia:
1637 4937 1894 4981 sexcenta
1923 4937 2064 4986 sunt,
2100 4943 2217 4995 qua:
2245 4927 2308 4978 ab
2334 4943 2392 4980 eo
2420 4929 2582 4980 variis
2608 4924 3115 4980 commutationibus
3141 4933 3190 4977 et
3215 4940 3466 4976 sonorum

219 5011 633 5076 concisionibus,
664 5013 924 5082 variisque
949 5011 1313 5082 rhythmorum
1344 5014 1656 5082 differentiis
1691 5017 2018 5085 rompositte,
2047 5014 2380 5068 dulcedinem
2407 5017 2802 5084 quodammodo
2835 5022 2995 5083 atque
3039 5013 3464 5072 odoremmtavi-

223 5097 354 5149 tatis
402 5099 780 5153 aromatizant.
821 5097 911 5154 Sic
944 5100 1055 5154 ille.
1102 5101 1284 5158 Certe.
1333 5103 1508 5155 amice
1557 5101 1770 5164 Lector,
1802 5105 1848 5158 si
1895 5107 1962 5159 ad
2003 5120 2064 5158 ea
2103 5121 2226 5173 quae
2254 5120 2282 5158 a
2319 5105 2377 5158 S.
2415 5103 2657 5173 Josepho
2691 5102 3119 5172 llymnograplio
3151 5104 3247 5158 tibi
3275 5102 3330 5156 in
3362 5102 3464 5154 hac

220 5199 389 5251 opere
419 5185 771 5249 exhibentur,
803 5185 1024 5256 legenda
1061 5187 1302 5241 animum
1341 5189 1643 5258 oculosque
1694 5192 1945 5259 adjicies,
1981 5204 2164 5248 certus
2193 5195 2420 5248 Ol‘lltil'IO
2459 5210 2579 5246 sum
2629 5195 2694 5246 de
2725 5203 2819 5248 tua
2855 5203 2979 5261 post
3011 5193 3354 5262 degustatam
3388 5191 3464 5245 ibi

225 5275 483 5327 latentem
524 5273 866 5328 dulcedinem
904 5276 956 5330 in
995 5275 1224 5344 legendo
1278 5279 1704 5345 perseverantia,
1762 5296 1863 5335 nec
1897 5282 2086 5335 dubito
2133 5289 2185 5335 te
2239 5281 2548 5343 liujusmodi
2605 5281 2841 5333 lectione
2870 5281 2924 5333 in
2958 5281 3108 5336 cultu
3165 5294 3465 5347 anim-eque

226 5360 472 5432 Virginis
510 5364 913 5429 augustissima:
945 5362 1287 5434 Deiparentis
1319 5365 1564 5433 pristinae
1595 5367 1813 5434 pietatis
1842 5369 2202 5436 magnitudini
2242 5384 2456 5431 semper
2488 5369 2692 5436 aliquid
2737 5369 3075 5422 additurum.
3112 5369 3334 5422 Interim
3368 5383 3465 5437 pro

223 5450 331 5504 hoc
366 5449 426 5503 S.
462 5446 685 5518 Josepbi
713 5465 900 5519 opere,
933 5451 1078 5520 quod
1112 5451 1206 5506 tibi
1237 5452 1290 5505 iu
1324 5453 1611 5520 praesentia
1639 5455 1894 5519 exhibeo,
1925 5467 1978 5510 et
2013 5471 2110 5525 pro
2135 5457 2260 5510 aliis
2290 5457 2454 5510 etiam
2493 5456 2588 5510 SS.
2630 5457 2851 5510 Patrum
2882 5457 2933 5510 in
2967 5456 3183 5509 laudem
3221 5453 3464 5524 Deipara:

223 5537 470 5607 Virginis
511 5539 948 5607 praaclarissimis
981 5541 1368 5606 monumentis,
1397 5557 1538 5612 quae,
1566 5542 1612 5598 si
1636 5541 1781 5598 Deus
1813 5542 1980 5596 vitam
2010 5545 2175 5605 vires,
2205 5553 2368 5613 atque
2401 5544 2571 5596 otium
2606 5544 2738 5597 dare
2765 5552 2977 5614 pergat,
3012 5543 3110 5597 tibi
3135 5542 3464 5612 quantocius

218 5627 574 5682 exbibiturus
597 5643 741 5691 sum,
769 5644 956 5698 preces
975 5638 1099 5682 tuas
1124 5629 1266 5699 apud
1292 5629 1460 5686 Deum
1487 5639 1540 5687 et
1564 5631 1972 5688 sanctissimam
2000 5632 2119 5701 ejus
2150 5631 2434 5685 Parcutcm
2456 5629 2735 5697 Virginem
2762 5630 3008 5690 Mariam.
3037 5629 3460 5694 modestissime,

222 5715 317 5770 sed
360 5715 759 5769 instantissime
788 5715 1031 5785 requiro.
1065 5713 1213 5771 Vale.

295 5831 374 5895 (τε)
406 5827 537 5878 Vidi-
562 5843 726 5895 supra
757 5827 856 5882 t'ol.
899 5826 1024 5884 931.
