4164 6456
206 428 311 492 985

1614 429 1980 491 MARIALE.

3357 428 3464 494 986

208 539 443 601 καθίσας
511 539 678 607 σαρκὶ⁵
739 540 769 591 ὁ
802 536 1129 609 ὕπεροὺσιος
1176 537 1304 602 τοὺς
1336 538 1678 609 καθημένους
1725 544 1775 593 ἐν

1888 546 2061 599 simus
2111 551 2217 607 est,
2249 556 2285 597 o
2312 539 2508 609 Virgo;
2536 537 2588 592 in
2617 552 2725 608 quo
2787 535 2876 591 ille
2915 533 3112 590 sedens
3152 539 3456 592 secundum

207 632 390 683 σκότει
417 631 712 695 ἀπωλείας,
745 631 958 701 ἐγερεῖς
999 631 1139 702 πρὸς
1177 628 1431 698 γνώσεως
1475 632 1592 700 φῶς
1650 635 1786 701 ἁγα-

205 721 412 790 θὲτητι.

884 830 1005 902 ᾮδὴ
1046 828 1113 899 γ’·

291 944 355 997 Ἦ
381 946 450 1014 γῆ
483 947 515 1016 ή
560 945 918 1017 κατάκαρπος
958 948 1025 1000 ὲκ
1072 946 1173 1014 γῆς
1200 947 1455 1016 ἀκάρπου
1501 951 1783 1017 γεννᾶται,

202 1041 329 1109 ἥτις
359 1042 759 1111 καρπογονήσει
814 1039 907 1093 τὸν
948 1040 1195 1109 γεωργὸν
1245 1041 1355 1093 τῶν
1406 1043 1645 1112 ἀγαθῶν,
1689 1044 1787 1097 καὶ

203 1133 494 1203 ζωηφόρον
531 1134 772 1203 ἄσταχυν
796 1134 889 1187 τὸν
926 1135 1199 1205 τρέφοντα
1229 1134 1440 1198 πάντας
1485 1137 1616 1208 θείῳ
1665 1137 1785 1190 vsti-

204 1241 362 1294 ματι.

274 1319 525 1390 Σήμερον
554 1319 855 1391 ἐσλάστησε
903 1321 1004 1391 τῆς
1045 1321 1407 1394 παρθενίαςή
1459 1325 1674 1396 ῥάϐδος,
1722 1328 1783 1394 ἐξ

200 1404 269 1478 ἧς
294 1411 520 1481 ἀνθήσει
544 1411 705 1474 ἀνθος
731 1414 759 1465 ό
787 1413 1090 1481 φυτουργὸς
1120 1415 1277 1485 ήμῶν
1299 1416 1452 1480 Θεὸς,
1476 1419 1543 1471 τὰ
1566 1420 1780 1491 πονηρὰ

201 1502 560 1571 βλαστήματα
581 1502 903 1573 ἀποτέμνων
932 1504 1080 1575 ἄκρᾳ
1107 1506 1425 1576 ἀγαθότητι.

285 1594 381 1647 Ἰὀὲ
398 1594 459 1648 τὸ
478 1595 772 1661 ἀλάξευτον
791 1596 917 1665 ὅρος
936 1598 1001 1650 ὲκ
1030 1598 1237 1668 πέτρας
1264 1600 1460 1665 ἀγόνου
1482 1601 1782 1672 ἅποτεχθὲν

198 1685 293 1738 τὸν
318 1685 464 1741 λίθον
485 1691 817 1758 καρπογονεῖ
842 1690 1052 1760 νοητὸν,
1080 1691 1140 1752 ὃς
1164 1692 1459 1763 συντριὸὴν
1480 1697 1780 1765 ἐργάσεται

198 1779 311 1833 τῶν
341 1779 546 1846 ξοάνων
576 1781 795 1836 πάντων
818 1782 913 1837 τοῦ
941 1783 1262 1856 ἀλάστορος.

270 1953 457 2025 Νόμου
482 1958 927 2031 προχαράγματά
953 1978 1013 2014 σε
1043 1962 1447 2033 προεδήλωσαν,
1478 1964 1629 2035 Κόρη
1647 1981 1659 1993 ·
1690 1966 1783 2020 τὸν

200 2046 516 2121 Νομοδότην
546 2053 612 2105 σὺ
643 2052 754 2123 γάρ
784 2053 1033 2124 νομίμων
1061 2054 1182 2124 δίχα
1227 2056 1287 2109 ἐν
1326 2058 1525 2127 γαστρὶ
1577 2076 1776 2127 κυοφο-

200 2142 339 2211 ρεῖς,
373 2142 648 2212 τηροῦντά
672 2160 729 2197 σε
754 2144 895 2216 ὑπὲρ
926 2146 1084 2215 λόγον
1107 2147 1367 2219 ἀφθτρον,
1404 2151 1690 2220 ἀμίαντον.

883 2412 1004 2482 ᾮδὴ
1032 2412 1095 2466 δ’.

285 2524 597 2596 ’Υπερτιρα
629 2524 740 2578 τῶν
774 2527 1022 2594 ἀγγέλων
1050 2527 1143 2580 ἐπὶ
1189 2528 1294 2597 γῆς
1346 2528 1484 2600 κόρη
1513 2530 1779 2596 τίκτεται,

199 2617 257 2671 ἰν
291 2618 572 2688 ἁγιωσύνῃ
619 2614 755 2672 οὖσα
792 2621 888 2673 καὶ
940 2620 1208 2691 καθάρσει
1243 2621 1596 2693 ἀσύγκριτος,
1658 2625 1783 2695 ἥτις

197 2713 301 2778 τήν
330 2710 602 2781 κάθαρσιν
660 2714 878 2767 πάντων
922 2715 1157 2785 Χριστὸν
1194 2715 1434 2783 τέξεται,
1491 2719 1778 2788 ἁγιότητα,

199 2800 297 2855 καὶ
338 2802 578 2872 παντελῆ
613 2803 1014 2873 ἀπολύτρωσιν.

269 2894 537 2963 Μακαρία
589 2896 624 2965 ή
671 2894 847 2949 κοιλία
883 2899 917 2967 ή
949 2896 1049 2967 τῆς
1089 2899 1289 2970 ’Λννης
1316 2901 1647 2970 γεγένηται·
1684 2900 1781 2971 τὴν

200 2987 311 3051 γὰρ
339 2986 397 3037 ὲν
447 2986 626 3056 κοιλία
685 2987 985 3055 μέλλουσαν
1017 2991 1214 3059 χωρεῖν
1252 2990 1343 3043 τὸν
1381 2991 1653 3061 μακάριον
1688 2993 1781 3045 καὶ

204 3076 281 3147 μὴ
349 3078 699 3147 χωρούμενον
758 3082 932 3148 Λόγον
978 3082 1371 3151 ἀπεγέννησεν,
1420 3083 1782 3155 ἀναγέννησιν

202 3169 341 3221 πᾶσι
378 3172 591 3231 πιστοῖς
620 3171 1018 3241 παρεχόμενον.

1890 649 2109 688 carm-tn
2149 634 2200 702 2
2238 647 2335 687 eos
2384 630 2479 700 qui
2522 629 2575 682 in
2628 628 2950 698 perditionis
3002 628 3245 682 tenebris
3275 628 3465 684 sedent

1887 724 2146 779 excitabit
2166 724 2231 777 ad
2253 724 2431 779 lucem
2453 721 2693 778 scientia:
2720 728 2937 790 propter
2959 719 3261 775 bonitatem
3283 736 3460 775 suam.

2563 833 2675 890 Odc
2702 832 2736 886 '5

1942 954 2076 1007 Mira
2108 951 2435 1007 fecunditate
2477 949 2703 1020 prmdita
2754 957 2896 1001 terra
2940 963 3005 1001 ex
3030 958 3171 1002 terra
3219 948 3465 1002 nascitur

1887 1043 2208 1108 infecunda;
2239 1050 2293 1095 et
2320 1040 2769 1095 fecundissimum
2810 1036 3052 1091 fructum
3081 1038 3283 1107 gignet,
3318 1038 3464 1105 agri-

1886 1136 2061 1191 colam
2085 1136 2293 1190 scilicet
2322 1133 2626 1195 bonorum;
2658 1140 2712 1185 et
2743 1129 2952 1198 spicam
2981 1129 3107 1183 vitae
3154 1130 3461 1184 allatricem

1884 1243 2005 1297 qum
2029 1228 2201 1281 nutrit
2234 1240 2427 1281 omnes
2454 1223 2635 1278 divina
2662 1222 2964 1277 voluntate.

1955 1318 2248 1373 Pullulavit
2263 1316 2421 1371 hodie
2441 1316 2590 1385 virga
2606 1313 2953 1383 virginitatis,
2971 1330 3036 1367 ex
3068 1328 3174 1383 qua
3197 1314 3295 1368 ﬂos
3312 1318 3463 1370 elllo.

1884 1411 2023 1466 rebit
2056 1418 2209 1466 sator
2231 1419 2414 1463 noster
2440 1406 2607 1471 Deus,
2638 1405 2732 1474 qui
2759 1405 2899 1458 mala
2930 1406 3176 1475 germina
3206 1410 3468 1466 rescindit

1884 1511 2104 1572 propter
2132 1514 2401 1556 summam
2434 1497 2736 1553 bonitatem
2768 1510 2948 1550 suam.

1956 1592 2087 1648 Vide
2134 1590 2407 1662 quomodo
2462 1605 2621 1645 mons
2655 1606 2685 1645 a
2742 1588 2975 1659 lapicida
3035 1588 3292 1657 intactus,
3324 1603 3379 1647 et
3434 1610 3464 1649 a

1884 1696 2035 1756 petra
2090 1682 2262 1741 sterili
2337 1692 2536 1749 natus,
2586 1684 3008 1741 intellectualem
3064 1686 3295 1756 lapidem
3346 1685 3466 1740 fru-

1887 1776 2111 1842 etiﬁeat,
2138 1775 2231 1845 qui
2261 1774 2517 1829 universa
2549 1774 2929 1843 superbissimi
2966 1778 3141 1834 hostis
3170 1778 3464 1834 simulacra

1885 1868 2018 1925 conf
2020 1870 2214 1939 ringet.

1959 1961 2360 2032 Expresserunt
2412 1969 2465 2015 te
2510 1971 2637 2017 ante
2698 1962 2835 2033 legis
2884 1964 3335 2033 pnesignatioues
3372 2002 3388 2027 ,
3431 1978 3465 2013 ο

1885 2053 2067 2108 Puella
2098 2071 2110 2107 :
2140 2052 2340 2108 etenim
2366 2060 2562 2122 praeter
2594 2064 2913 2108 consuetum
2938 2070 3146 2108 morem
3168 2052 3467 2124 Legislato-

1886 2158 1999 2198 rem
2027 2143 2079 2197 in
2112 2152 2269 2197 utero
2297 2151 2630 2211 conceptum
2663 2154 2865 2213 gestas,
2900 2145 2993 2212 qui
3026 2153 3079 2198 te
3101 2158 3265 2213 supra
3295 2143 3466 2196 ratio-

1887 2237 1971 2291 nis
1997 2246 2237 2305 eaptum,
2264 2236 2639 2305 incorruptam
2670 2244 2834 2308 atque
2886 2236 3296 2292 immaculatum
3327 2249 3464 2291 con-

1884 2337 2092 2384 servat.

2581 2415 2694 2473 Ode
2722 2416 2778 2472 ιι.

1953 2527 2138 2600 Longe
2171 2530 2378 2599 angelis
2408 2530 2700 2585 sublimior
2726 2530 2903 2600 puella
2934 2531 3180 2586 nascitur
3206 2529 3261 2585 in
3289 2540 3466 2597 terra;

1884 2636 2007 2689 quae
2054 2621 2109 2675 in
2155 2624 2450 2676 sanctitate
2500 2630 2554 2676 et
2604 2621 2843 2692 puritate
2873 2631 2958 2678 est
2996 2621 3468 2692 incomparabilis,

1884 2720 1937 2765 et
1969 2726 2093 2780 quae
2139 2711 2417 2767 Christum
2478 2712 2694 2782 pariet,
2746 2712 2993 2767 omnium
3041 2712 3419 2783 purgationem
3447 2752 3465 2778 ,

1883 2804 2393 2868 sanctilicationem,
2417 2814 2473 2859 et
2504 2803 2797 2874 perfectam
2831 2805 3286 2875 redemptionem.

1955 2894 2137 2951 Laetus
2162 2911 2227 2951 ac
2243 2896 2436 2951 beatus
2460 2897 2630 2951 Anna:
2654 2906 2845 2951 uterus
2871 2895 3099 2952 etl‘ectus
3114 2906 3195 2953 est
3217 2896 3465 2963 ;‘etenim

1883 2990 2028 3045 illam
2052 2990 2353 3059 generavit,
2387 3005 2509 3060 qua:
2548 2989 2781 3044 Verbum
2815 2989 3056 3054 beatum,
3086 2988 3232 3059 quod
3263 3004 3293 3043 a
3321 2988 3467 3042 nulla

1883 3100 1943 3139 re
1973 3084 2092 3153 capi
2125 3091 2322 3152 potest,
2365 3091 2528 3151 atque
2579 3081 2839 3136 omnibus
2873 3081 3125 3137 ﬁdelibus
3163 3096 3461 3151 regenera-

1883 3174 2087 3229 tionem
2129 3172 2427 3242 praastabit,
2454 3171 2507 3225 in
2536 3179 2690 3225 utero
2723 3186 2825 3225 suo
2850 3170 3177 3225 continebit.

271 3259 391 3311 Νῦν
425 3264 455 3312 ό
490 3258 652 3329 ζόφος
691 3259 789 3328 τῆς
818 3262 1019 3327 κακίας
1050 3262 1405 3332 ὶκμειοῦσθαι
1431 3266 1774 3337 ἀπάρχεται·

1954 3266 2083 3320 Atra
2113 3266 2331 3319 malitiae
2346 3266 2518 3333 caligo
2538 3278 2683 3317 nunc
2701 3263 2892 3331 incipit
2912 3262 3199 3327 imminui;
3225 3262 3464 3317 animata

197 3352 231 3419 ἡ
258 3350 373 3421 γὰρ
397 3351 491 3405 τοῦ
510 3352 660 3423 ήλίου
690 3353 931 3424 ἔμψυχος
980 3358 1178 3425 νεφέλη
1203 3358 1442 3411 ἀνέτειλε
1495 3375 1780 3429 στειρωτι-

200 3444 314 3497 κῶν
342 3445 408 3497 ἐκ
432 3444 674 3511 λαγόνων
700 3447 733 3517 ή
764 3448 1125 3519 Διτανάμωμος,
1177 3442 1245 3521 ἧς
1271 3450 1371 3521 τήν
1399 3452 1655 3521 γέννησιν
1677 3452 1779 3521 τὴν

200 3537 468 3605 ςωταυγῆ
495 3539 867 3609 ὲορτάσωμεν.

282 3626 375 3690 Ὦς
417 3629 775 3699 κατάκαρπος
829 3630 1007 3696 ἐλαία,
1043 3633 1075 3701 ἡ
1126 3632 1191 3685 ὲκ
1225 3632 1384 3703 ῥίζης
1429 3632 1780 3704 βλαστήσασα

209 3719 431 3781 Ἰεσσαὶ,
450 3719 714 3790 Παρθένε,
752 3722 921 3775 Ἄννα
959 3723 1019 3775 σὲ
1057 3723 1343 3792 βλαστάνει
1375 3725 1778 3795 βλαστάνουσαν

197 3811 287 3863 τὸν
312 3812 581 3881 ἐλεήμονα
608 3815 799 3880 Λόγον,
829 3809 890 3869 οὗ
935 3816 996 3868 τὸ
1044 3816 1192 3881 ἕλεος
1238 3819 1333 3870 καὶ
1371 3818 1405 3888 ή
1432 3817 1659 3890 ἀλήθεια
1690 3820 1779 3874 διὰ

197 3905 401 3969 παντὸς
424 3906 846 3978 προπορεύεται.

886 4022 1009 4093 ᾮδὴ
1040 4020 1104 4077 ε’·

263 4156 341 4212 Τδ
366 4159 812 4230 ὲσφραγισμένον
850 4159 947 4215 νῦν
994 4160 1200 4231 βιϐλίον
1222 4162 1593 4228 ἀποτίκτεται,
1640 4165 1776 4235 ὅπερ

193 4250 570 4321 ἀναγνώσεται
617 4254 849 4319 οὐδόλως
880 4257 1095 4325 φύσεως
1128 4259 1277 4328 νόμῳ
1318 4258 1527 4328 βροτὸς,
1573 4264 1773 4329 τηρούο

199 4361 362 4410 μενον
386 4344 565 4411 Λόγου
593 4346 673 4408 είς
705 4346 1049 4415 κατοίκησιν,
1104 4348 1288 4413 καθὼς
1316 4350 1490 4419 βίϐλοι
1544 4351 1777 4422 προεδή-

194 4435 376 4490 λωσαν
400 4436 677 4506 θεηγόρων
702 4438 761 4490 ὲν
787 4438 1083 4510 Πνεύματι.

272 4527 342 4582 Ἥ
368 4528 614 4597 ἄμπελος
640 4532 880 4603 σήμερον
914 4534 1108 4604 ἐτέχθη
1142 4534 1176 4604 ή
1209 4535 1497 4606 σωτήριος,
1534 4536 1654 4606 ἥτις
1685 4534 1776 4589 τὸν

1883 3360 2027 3413 enim
2062 3358 2194 3413 solis
2246 3357 2418 3411 nubes
2447 3366 2568 3411 orta
2596 3371 2662 3409 ex
2697 3354 2977 3411 sterilibus
3014 3354 3215 3408 lumbis
3245 3355 3333 3408 illa
3358 3356 3466 3409 sci-

1883 3450 2010 3505 licet
2043 3458 2153 3504 tota
2186 3449 2535 3503 immaculata
2551 3448 2626 3519 (ιι)
2661 3448 2860 3517 ;anus
2884 3446 3179 3518 fulgentem
3209 3448 3466 3502 nativita-

1884 3552 1990 3598 tem
2024 3542 2258 3597 solemni
2290 3543 2396 3595 ritu
2431 3541 2796 3596 celebremus.

1952 3636 2004 3706 3
2031 3636 2100 3691 Es
2123 3636 2269 3690 velut
2289 3636 2429 3690 oliva
2462 3633 2767 3696 fructifera,
2786 3647 2820 3687 ο
2846 3631 3033 3703 Virgo,
3055 3647 3176 3702 qua:
3198 3648 3262 3686 ex
3286 3633 3468 3687 radice

1881 3728 2034 3784 Jesse
2081 3729 2437 3799 germinasti:
2469 3728 2628 3783 Anna
2680 3735 2731 3781 te
2775 3725 3036 3796 protulit,
3084 3740 3209 3779 mox
3257 3723 3465 3793 produ.

1883 3832 2096 3876 cturam
2129 3819 2362 3875 Verbum
2396 3821 2736 3884 misericors,
2756 3819 2902 3893 quod
2931 3833 3149 3887 semper
3176 3818 3464 3873 miserico-

1884 3914 1974 3969 dia
2004 3923 2057 3967 et
2082 3914 2286 3968 veritas
2317 3914 2654 3985 praecedunt.

2555 4024 2669 4079 Ode
2702 4024 2754 4079 5.

1950 4162 2106 4217 Nune
2151 4162 2289 4217 liber
2326 4170 2575 4232 signatus
2620 4159 2848 4229 paritur,
2889 4174 3054 4230 quam
3110 4160 3262 4213 nullo
3295 4158 3461 4213 modo

1882 4256 2181 4311 secundum
2208 4264 2416 4309 natura:
2455 4256 2625 4322 legem
2658 4253 2799 4322 leget
2827 4253 3074 4309 mortalis
3104 4254 3289 4315 homo,
3326 4268 3453 4308 eum

1880 4356 2194 4403 reservatur
2245 4348 2313 4401 ad
2347 4345 2509 4401 Verbi
2547 4346 2968 4412 habitationem,
2993 4346 3459 4416 quemadmodum

1880 4451 2036 4496 antea
2064 4440 2187 4495 libri
2223 4440 2603 4510 theologorum
2636 4441 2689 4493 in
2720 4436 2927 4509 Spiritu
2965 4439 3403 4494 declaraverunt.

1952 4530 2090 4587 Vitis
2122 4532 2401 4587 salutifera
2430 4533 2590 4586 hodie
2610 4532 2733 4586 data
2778 4540 2882 4598 est,
2911 4547 2977 4586 ex
3008 4547 3116 4602 qua
3144 4533 3334 4587 botrus
3360 4533 3452 4586 ille

196 4622 478 4691 ἀκήρατον
524 4621 751 4694 ἀνθήσει
801 4622 997 4695 βότρυν
1023 4625 1116 4679 τὸν
1162 4625 1306 4679 θετον
1351 4627 1578 4695 γλεῦκος
1630 4644 1770 4698 προ-

1881 4626 2315 4694 incorrnptibilis
2372 4625 2658 4687 eﬂlorebit,
2720 4623 2815 4694 qui
2880 4623 3124 4679 divinum
3214 4634 3454 4679 mnstu-n

196 4713 409 4779 χέοντα,
443 4712 502 4777 ἐξ
540 4705 603 4765 οὗ
634 4714 743 4775 πᾶς
769 4713 799 4766 ό
832 4715 1005 4767 πίνων
1035 4717 1313 4785 μυστικῶς
1343 4716 1496 4772 θείαν
1537 4719 1632 4772 καὶ
1667 4734 1775 4771 σωο

194 4807 389 4874 τήριον
418 4805 762 4877 εὐφροσύνην
812 4808 1183 4878 καρπώσεται.

263 4899 473 4969 Σκιρτή
485 4915 635 4961 σατε,
665 4900 909 4967 ἄγγελοι,
962 4901 1273 4971 ἀνθρώποις
1305 4904 1726 4974 συγχορεύοντες
1758 4920 1771 4933 ·

198 4990 440 5061 σήμερον
471 4993 535 5043 ὲκ
585 4991 803 5063 στείρας
861 4994 895 5063 ή
950 4995 1223 5063 Παρθένος
1252 4996 1615 5067 ἀποτεχθεῖσα
1669 4997 1770 5067 τήν

186 5084 373 5159 ,λύπην
406 5084 636 5149 ἔπαυσε,
667 5089 761 5141 καὶ
792 5087 1205 5158 προοιμιάζεται
1235 5090 1411 5162 χαρὰν
1442 5093 1556 5154 τοῖς
1623 5110 1764 5145 παν-

190 5176 519 5248 ηγυρίζουσι
547 5178 644 5246 τὴν
677 5180 847 5249 αὐτῆς
873 5181 1025 5237 θείαν
1054 5182 1323 5252 γέννησιν.

258 5265 418 5329 Θεῖος
464 5267 831 5339 προδιέγραψε
863 5273 1150 5344 προφήτης
1200 5273 1575 5345 προδηλότατα
1603 5275 1769 5344 τόμον

198 5373 254 5410 σε
310 5358 522 5423 καινὸν,
581 5361 638 5412 ὲν
700 5354 746 5429 ᾧ
794 5361 1042 5434 δακτύλῳ
1093 5364 1262 5433 Λόγος
1293 5363 1551 5436 πατρῴῳ,
1590 5366 1767 5437 Κόρη,

266 5541 344 5608 (ὁ)
376 5541 505 5617 llaec
538 5550 623 5617 est
649 5544 811 5617 veluti
852 5546 1070 5615 propria
1107 5546 1170 5601 Β.
1206 5545 1446 5617 Virginis
1477 5558 1627 5609 nota,
1662 5564 1769 5617 qua

195 5612 307 5681 ipsa
338 5613 413 5688 ah
445 5615 719 5688 aliisgAdze
748 5612 870 5670 [iliis
907 5612 1235 5683 secernitur,
1271 5612 1481 5673 scilicet
1519 5612 1770 5688 quod-sit

194 5694 303 5737 tota
336 5686 710 5759 immaculata.
738 5687 950 5741 Etcum
983 5688 1050 5742 de
1079 5689 1180 5743 hac
1211 5704 1343 5743 voce
1383 5698 1494 5742 tota
1522 5686 1681 5759 quasi
1715 5691 1764 5742 in

196 5755 546 5827 proverbium
591 5757 785 5827 abierit
812 5759 953 5827 apud
988 5774 1214 5812 omnes:
1249 5760 1351 5825 Qui
1389 5755 1562 5815 totum
1609 5760 1761 5825 dicit,

196 5824 324 5897 nihil
355 5839 439 5879 εχ·
462 5828 619 5891 ludit,
654 5824 923 5897 Joscphus
956 5828 1013 5881 Β.
1052 5824 1319 5897 Virginem
1366 5840 1531 5884 totam
1573 5824 1765 5882 immaé

196 5894 433 5953 culatam
463 5898 763 5969 appellans,
786 5894 853 5953 'in
897 5902 1045 5955 nulla
1078 5894 1194 5955 title
1235 5912 1383 5971 parte
1424 5919 1542 5956 cum
1591 5902 1760 5957 fuisse

1877 4717 2176 4787 prolundit,
2208 4718 2275 4772 de
2300 4734 2408 4788 quo
2439 4718 2691 4788 quisquis
2713 4716 2942 4789 mystice
2972 4716 3130 4782 bibit,
3159 4717 3359 4773 divinas
3388 4733 3452 4774 ac

1875 4811 2112 4867 salubris
2134 4813 2332 4867 laetitia:
2361 4811 2574 4867 fructus
2607 4812 2886 4882 percipiet.

1947 4905 2154 4960 Movete
2188 4906 2440 4968 choreas,
2469 4922 2502 4960 o
2551 4905 2728 4973 angeli
2759 4904 3100 4959 exsultantes
3136 4901 3301 4958 simul
3329 4917 3451 4956 eum

1877 5000 2211 5055 hOminihus.
2264 4999 2433 5054 Ilodie
2468 5016 2530 5053 ex
2558 5000 2727 5053 sterili
2764 4996 2933 5073 Virgo
2960 5007 3109 5064 nata,
3161 5012 3454 5064 uiatorem

1872 5094 2199 5154 eliminavit.
2239 5104 2294 5147 et
2321 5095 2644 5163 principium
2679 5092 3045 5147 deditlaatitim
3074 5092 3143 5145 iis
3179 5090 3273 5160 qui
3316 5089 3460 5144 divi-

1876 5200 1999 5239 nam
2033 5184 2179 5240 illins
2204 5185 2543 5240 Nativitatem
2584 5184 2993 5239 concelebrant.

1933 5278 2193 5333 lndicavit
2222 5288 2274 5333 te
2296 5288 2421 5333 ante
2445 5278 2663 5333 divinus
2680 5278 2943 5347 propheta
2969 5274 3449 5339 manifestissime.

1878 5371 2134 5425 volumen
2169 5385 2370 5425 novum
2408 5378 2460 5425 te
2478 5371 2783 5441 appellans,
2806 5384 2840 5425 o
2862 5369 3049 5424 Puella
3085 5386 3099 5423 :
3134 5368 3189 5423 in
3218 5382 3330 5440 quo
3352 5382 3449 5439 pa-

1870 5548 2196 5623 maculatam
2261 5548 2506 5623 profecto
2571 5548 2767 5623 voluit.
2827 5545 3060 5623 Maculze
3096 5544 3275 5623 eninr
3309 5540 3446 5623 nihil

1868 5618 2047 5674 inesse
2079 5620 2237 5674 debet
2263 5615 2367 5677 illi.
2405 5620 2497 5688 qui
2536 5635 2640 5672 non
2673 5620 2725 5672 in
2758 5626 2929 5688 parte.
2969 5616 3061 5688 sed
3099 5615 3152 5668 in
3204 5620 3316 5688 toto
3348 5615 3446 5665 im-

1867 5690 2170 5743 maculatus
2201 5700 2304 5743 est.
2335 5684 2471 5744 Cum
2512 5691 2673 5759 igitur
2709 5684 2769 5740 ll.
2799 5686 2962 5757 Virgo
2996 5687 3067 5740 sit
3102 5691 3213 5737 tnta
3246 5684 3443 5759 imma-

1864 5760 2286 5834 culata,_quoad
2326 5770 2498 5814 totum
2533 5752 2655 5813 vita:
2691 5774 2805 5834 sua:
2837 5752 3071 5834 tempus,
3105 5764 3271 5823 atque
3302 5752 3441 5834 adeo

1861 5832 2024 5883 etiam
2078 5827 2138 5883 iui
2173 5833 2291 5899 ipso
2336 5841 2623 5899 conceptu,
2681 5831 2775 5898 qui
2822 5840 2900 5885 cst
2954 5827 3221 5897 cujusque
3264 5827 3440 5893 prima

1863 5915 2008 5965 unus,
2035 5902 2220 5956 debuit
2244 5917 2363 5958 csse
2387 5902 2755 5956 immaculata.
