4164 6456
158 457 261 521 989

1559 458 1919 520 MARIALE.

3292 455 3399 519 990

156 571 497 641 γεννήτορες,
518 569 616 640 τὴν
649 570 1016 626 συλλαϐοῦσαν
1068 570 1221 633 Θεὸν,
1276 572 1368 624 τὸν
1420 575 1725 626 καταπλου-

1837 575 2223 643 acquisierunt,
2254 588 2375 642 qua!
2404 572 2700 641 concepisti
2749 572 2916 626 Deum
2979 570 3239 623 ditantem
3286 588 3398 629 me-

154 664 390 729 τήσαντα
447 663 672 733 δωρεαῖς
702 663 973 734 κρείττοσι
1017 664 1143 726 τοὺς
1174 663 1613 734 κραυγάξονταςσ
1665 663 1724 718 '0

152 757 261 807 τῶν
289 757 541 826 πατέρων
573 757 774 826 Κύριος
802 756 895 810 καὶ
920 756 1078 820 Θεὸς,
1114 756 1407 823 εὐλογητὸς
1435 753 1507 808 εἷ.

222 849 286 899 Οἱ
336 847 531 917 μασθοί
585 865 680 900 σου
742 848 881 918 ὑπὲρ
925 845 1066 901 οἶνον
1122 848 1497 915 ἀγαθώτατον,
1560 849 1727 903 Ἀννα

153 938 433 1005 θεόκλητε,
452 939 532 991 ὃτι
549 938 774 1007 μασοοῖς
790 939 1017 1007 ἀγαθοῖς
1036 938 1134 1009 τὴν
1150 940 1238 991 τὸν
1257 939 1607 1006 ἀγαθώτατον
1626 942 1730 994 Λό-

152 1052 245 1098 -ιοον
267 1034 579 1102 θηλάσασαν
604 1036 667 1086 σὺ
690 1034 986 1104 ἐθήλασας,
1021 1036 1111 1089 τὸν
1126 1035 1362 1106 χορηγὸν
1393 1035 1488 1089 τοῦ
1555 1034 1730 1103 γάλα-

151 1143 280 1187 κτος
340 1126 436 1178 καὶ
458 1127 627 1197 πνοῆς
653 1128 859 1197 τροφέα
895 1128 1098 1195 πάσης.

223 1217 451 1285 Σκίρτα,
478 1217 641 1289 κροῦε
678 1219 781 1289 τὴν
814 1220 1042 1290 κινύραν
1086 1237 1205 1283 σου,
1263 1219 1584 1272 θεόπνευστε
1629 1221 1715 1272 Δα-

150 1307 262 1372 6ἰδ,
294 1309 389 1359 καὶ
452 1309 683 1379 χόρευε·
743 1310 778 1380 ή
817 1310 1049 1373 κιϐωτὸς
1092 1311 1203 1381 γὰρ
1264 1310 1374 1363 ἰδοὺ
1444 1311 1510 1381 ἢν
1563 1308 1730 1363 πάλαι

153 1400 551 1469 προήγγειλας,
584 1404 648 1455 ὲκ
679 1401 1066 1471 στειρευούσης
1090 1401 1327 1472 γαστρὸς
1370 1402 1729 1472 προελήλυθε,

153 1493 231 1562 τῷ
267 1492 489 1547 Βασιλεῖ
519 1494 615 1564 τῆς
650 1494 985 1557 κτίσεωςκαὶ
1001 1494 1121 1565 Θεῷ
1174 1496 1544 1566 τετηρημένη.

806 1606 933 1678 vah
979 1606 1053 1679 ηε

221 1726 552 1793 Κινήσωμεν
584 1723 829 1794 γλῶτταν
855 1726 1145 1796 ὑμνῳδίας,
1180 1724 1240 1778 τδ
1273 1724 1417 1779 θεῖον
1443 1725 1727 1793 γενέθλιον

150 1816 506 1887 γεραίροντες
535 1817 633 1885 τῆς
672 1816 764 1868 τὸν
799 1815 1185 1887 ὑπερύμνήτον
1217 1816 1390 1883 Λόγον
1436 1817 1530 1868 καὶ
1560 1817 1730 1886 ὑπέρ-

151 1904 275 1959 θιον
323 1908 733 1975 σωματωσάσης
796 1906 1099 1976 Πνεύματι,
1159 1909 1253 1961 καὶ
1302 1907 1728 1978 ἁνακράζωμεν·

151 1998 256 2050 Τὸν
292 1997 498 2064 Κύριον
527 1998 779 2067 ὑμνεῖτε,
807 1999 885 2053 τὰ
910 2000 1067 2071 ἔργα,
1124 2001 1219 2054 καὶ
1248 2000 1590 2069 ὑπερυψούτε
1647 2001 1728 2064 εἰς

151 2091 365 2150 πάντας
398 2089 524 2151 τοὺς
552 2090 777 2149 αἰῶνας.

222 2188 288 2237 Οἱ
320 2186 479 2249 θεῖοι,
506 2188 1180 2259 σκιρτήσατε,προφῆται,
1210 2190 1478 2258 τιμῶντες
1512 2190 1727 2262 Παρθέ-

150 2295 246 2330 νου
280 2278 343 2331 τὸ
393 2278 699 2345 γενέθλιονο
760 2279 899 2349 αὑτὴ
926 2280 1036 2351 γὰρ
1094 2282 1379 2353 ἐπλήρωσε
1431 2284 1609 2335 πάντα
1661 2282 1729 2337 τὰ

152 2369 512 2438 κηρύγματα,
545 2369 636 2422 τὸν
668 2370 762 2439 ὑφ’
788 2370 950 2440 ήμῶν
1005 2370 1333 2442 δηλούμενον
1361 2374 1726 2443 ἀποκυήσασα

153 2460 413 2532 Χριστὸν.
442 2461 533 2514 τὸν
562 2462 657 2514 τού
709 2462 908 2525 παντὸς
960 2461 1213 2528 Βασιλέα,
1245 2464 1303 2518 ὃν
1344 2464 1730 2535 ὑπερυψούμεν

156 2552 236 2614 εἰς
265 2551 481 2614 πάντας
509 2553 635 2614 τοὺς
657 2551 881 2615 αἰῶνας.

217 2642 472 2708 Ῥήξατε.
490 2644 559 2697 τὰ
580 2644 702 2714 ὅρη,
725 2643 1086 2717 εὐφροσύνην,
1102 2645 1410 2708 ἀπόστολοι,
1434 2648 1729 2719 μάρτυρες,

159 2735 486 2805 χορεύσατε,
527 2739 666 2790 ὅσιοι
710 2740 804 2790 καὶ
856 2738 1054 2792 δίκαιοι
1097 2737 1193 2792 νῦν
1221 2739 1617 2810 ἀγαλλιάσοητε
1655 2742 1733 2811 τῷ

156 2830 422 2897 γενεθλίῳ
446 2830 684 2898 σήμερον
708 2833 805 2899 τῆς
826 2830 919 2883 τοῦ
948 2832 1381 2903 Κυριομήτορος,
1407 2836 1499 2885 καὶ
1524 2833 1730 2904 Κύριον

155 2920 381 2989 ὑμνεῖτε
416 2920 646 2988 βοῶντες
672 2922 763 2974 καὶ
793 2922 1135 2992 ὑπερυψοῦτε
1169 2925 1248 2986 εἰς
1276 2924 1403 2987 τοὺς
1427 2924 1657 2988 αἰῶνας.

227 3013 473 3083 Ἥνθησε
499 3013 559 3065 τὸ
589 3014 755 3083 μῆλον
788 3015 849 3066 τὸ
874 3014 1093 3078 εὑῶδες,
1120 3014 1181 3067 τὸ
1209 3015 1357 3087 ῥόδον
1383 3016 1442 3069 τὸ
1470 3015 1610 3069 θεῖον
1635 3034 1730 3069 πε-

153 3104 493 3172 φανέρωται,
525 3106 618 3157 καὶ
658 3106 963 3176 κατευωδία
1018 3106 1303 3178 ἐπλήρωσε
1366 3109 1606 3178 σήμερον
1664 3108 1733 3161 τὰ

154 3198 403 3265 πέρατα,
438 3199 534 3251 καὶ
567 3199 627 3250 τὸ
655 3199 890 3263 δυσῶδες
926 3199 1131 3252 ἔπαυσε
1162 3203 1259 3271 τῆς
1284 3200 1555 3271 ἁμαρτίας
1576 3201 1733 3270 ἡμῶν

1834 668 2059 721 lioribus
2084 667 2247 720 donis
2293 681 2387 719 eos
2416 666 2509 735 qui
2543 666 2817 720 clamant:
2852 662 2994 719 Deus
3038 678 3102 716 ac
3136 662 3401 718 Dominus

1833 770 2072 829 patrum,
2118 758 2435 812 benedictus
2467 774 2545 812 cs.

1891 854 1931 905 Α
1959 851 2064 903 Deo
2091 865 2276 906 vocata
2312 852 2465 903 Anna
2486 888 2502 912 ,
2540 851 2761 903 meliora
2782 858 2909 903 sunt
2933 848 3098 903 ubera
3125 856 3216 901 tua
3239 849 3361 901 vino
3387 865 3402 910 ;

1833 954 1889 998 tu
1919 944 2062 996 enim
2086 944 2232 996 illam
2277 942 2515 1003 iactasti,
2541 957 2662 1011 qua:
2711 942 2868 996 bonis
2904 941 3161 995 ubeiibus
3184 941 3406 993 lactarit

1832 1038 2095 1107 Optimum
2127 1034 2382 1098 Verbum,
2405 1044 2679 1090 auctorem
2706 1035 2882 1099 lactis,
2904 1044 2958 1089 et
2986 1035 3165 1088 omnis
3184 1036 3409 1103 spiritus

1834 1130 2179 1183 nutritorem.

1888 1221 2129 1283 Exsulta,
2167 1234 2201 1273 0
2236 1219 2399 1273 David
2427 1235 2455 1273 a
2489 1219 2595 1273 Deo
2632 1221 2923 1289 inspirate;
2954 1230 3172 1288 percute
3201 1220 3399 1291 cytha-

1836 1329 1950 1367 ram
1979 1324 2149 1379 tuatn,
2179 1322 2234 1367 et
2260 1314 2525 1382 tripudia;
2549 1328 2675 1367 ecce
2708 1314 2851 1367 enim
2886 1316 3047 1376 Area,
3079 1329 3240 1382 quam
3273 1313 3405 1366 olim

1838 1405 2234 1475 prtenuntiasti,
2276 1420 2340 1458 ex
2373 1415 2528 1458 utero
2559 1404 2729 1458 sterili
2781 1405 3064 1471 processit,
3097 1404 3409 1474 [legit-rra-

1836 1506 2081 1551 turarnm
2136 1496 2383 1552 omnium
2420 1512 2482 1551 ac
2520 1497 2629 1550 Deo
2658 1506 2958 1550 reservata.

2532 1611 2643 1665 Ode
2674 1610 2726 1665 8.

1894 1724 2027 1779 Cum
2083 1725 2409 1795 hymnorum
2481 1722 2709 1777 canticis
2773 1721 3015 1791 linguam
3066 1735 3404 1783 moveamm,

1836 1821 1982 1874 illius
2014 1820 2353 1872 nativitatem
2385 1818 2625 1870 divinam
2653 1825 2995 1875 venerantes,
3023 1829 3145 1881 qum
3170 1814 3402 1867 Verbum

1835 1910 2300 1979 Superlautlatum,
2333 1923 2397 1962 ac
2419 1909 2826 1977 superdivinnm
2864 1922 2958 1976 per
2984 1906 3250 1975 Spiritum
3286 1920 3411 1959 cor-

1835 2004 2125 2074 poravit,et
2146 2002 2513 2057 exclamemus
2530 2019 2542 2054 :
2562 1999 3081 2068 Benedicite,opera,
3096 1999 3408 2064 Dominum,

1833 2107 1887 2149 et
1907 2097 2311 2166 supercxaltate
2342 2095 2394 2148 in
2432 2095 2615 2148 omnia
2640 2093 2856 2148 saecula.

1892 2190 2091 2243 Adeste
2151 2189 2510 2256 exsultantes,
2554 2201 2587 2239 ο
2638 2185 2911 2254 ιιι-ονιιριρε
2959 2182 3177 2245 divini,
3242 2192 3408 2252 atque

1837 2282 2102 2336 honorate
2124 2279 2358 2333 natalem
2388 2276 2625 2344 Virginis
2650 2277 2791 2331 diem
2837 2293 2851 2329 :
2886 2276 3001 2344 ipsa
3043 2274 3187 2329 enim
3217 2290 3408 2328 omnes

1834 2368 2559 2440 adimplevitpraedictiones,
2577 2366 2790 2436 pariens
2809 2364 3087 2419 Christum
3123 2379 3221 2433 pro
3249 2364 3409 2419 nobis

1835 2462 2267 2523 manifestatum,
2320 2458 2558 2513 universi
2605 2457 2831 2525 ltegem,
2881 2471 3042 2526 quem
3089 2456 3409 2525 superexal-

1839 2565 2017 2609 tantus
2068 2555 2119 2607 iu
2170 2554 2352 2607 omnia
2388 2553 2606 2607 saecula.

1905 2646 1956 2716 5
1978 2645 2132 2700 Nunc
2164 2646 2453 2714 erumpite,
2487 2654 2720 2707 montes,
2746 2644 3021 2710 ltetitiam;
3062 2645 3292 2713 apostoli
3347 2660 3413 2700 ac

1839 2751 2124 2810 martyres,
2158 2741 2386 2794 choreas
2411 2738 2623 2801 ducite;
2667 2737 2837 2792 sancti
2870 2746 2925 2791 et
2955 2736 3114 2805 justi,
3146 2738 3414 2790 exsultate

1840 2831 1999 2884 hodie
2035 2831 2086 2883 in
2115 2828 2290 2883 Natali
2328 2827 2516 2884 Matris
2542 2828 2776 2892 Domini,
2795 2835 2847 2881 et
2873 2826 3162 2882 Dominum
3196 2828 3413 2882 laudate

1839 2924 2159 2985 clamantes,
2197 2932 2252 2977 et
2306 2921 2707 2990 superexaltate
2733 2922 2783 2973 in
2818 2921 3040 2975 saecula.

1901 3013 2099 3069 Odoris
2139 3013 2452 3068 suavissimi
2513 3027 2733 3080 pomntn
2780 3011 3011 3077 ﬂoruit;
3066 3026 3190 3065 rosa
3229 3010 3411 3065 divina

1842 3108 2096 3176 apparuit
2120 3106 2223 3174 (6).
2247 3114 2303 3161 et
2327 3106 2610 3159 universos
2634 3113 2793 3158 terra
2820 3105 2954 3159 lines
2988 3103 3152 3157 hodie
3189 3104 3414 3172 replevit

1842 3198 2231 3262 suaveolentia,
2270 3212 2335 3253 ac
2362 3197 2567 3268 peccati
2609 3197 2777 3251 nostri
2812 3195 3038 3250 fetorem
3074 3196 3399 3256 eliminat-it,

153 3292 188 3361 ή
228 3292 504 3358 πάναγνος
538 3293 628 3345 καὶ
661 3295 845 3364 μήτηρ
884 3291 980 3346 τοῦ
1015 3294 1212 3362 Λόγου,
1239 3295 1304 3366 ἢν
1350 3293 1730 3364 ὑπερυψοῦμεν

1838 3294 2147 3347 castissima
2206 3292 2416 3347 scilicet
2449 3291 2607 3345 Verbi
2645 3299 2839 3355 mater,
2880 3306 3046 3359 quam
3097 3292 3416 3360 sttpcrcxal-

150 3386 232 3446 εἰς
261 3387 475 3447 πάντας
504 3386 631 3448 τοὺς
659 3388 882 3447 αἰῶνας.

227 3478 596 3547 Στειρεύουσα
625 3479 785 3547 φύσις
814 3480 923 3532 τῶν
971 3479 1291 3551 ἀνθρώπων,
1329 3482 1543 3535 σεπτῶν
1576 3499 1733 3552 χαρι-

154 3568 385 3634 σμάτων
414 3567 523 3620 τῶν
555 3568 699 3621 θείου
738 3571 1073 3639 Πνεύματος,
1118 3573 1357 3642 σήμερον
1402 3572 1734 3642 εὐφράνοητι

154 3658 375 3728 στείρα,
408 3658 509 3728 τὴν
542 3659 803 3712 θεόπαιδα
832 3662 1225 3729 ἀποτεχοεῖσαν
1286 3662 1579 3732 βλέπουσα,
1641 3664 1735 3715 καὶ

152 3753 464 3820 ἀναόόησεν
486 3770 499 3783 ·
524 3753 626 3805 Τὸν
651 3755 855 3824 Κύριον
880 3755 1119 3823 ὑμνεῖτε,
1144 3757 1209 3809 τά
1237 3756 1394 3825 ἔργα,
1443 3755 1537 3808 καὶ
1566 3755 1734 3824 ὑπερ-

153 3846 363 3915 υψοῦτε
398 3848 481 3909 εἰς
513 3847 721 3911 πάντας
750 3848 877 3911 τοὺς
906 3848 1129 3908 αἰῶνας.

844 3962 968 4033 est;
998 3963 1064 4017 θ’.

238 4076 341 4131 ’ἰδὲ
373 4076 468 4129 τοῦ
494 4074 630 4128 Θεοῦ
650 4078 678 4129 6
706 4075 869 4138 τόπος
891 4076 919 4128 6
942 4076 1096 4144 ἅγιος
1122 4075 1418 4145 προφανῶς
1446 4076 1731 4138 δέδεικται,

157 4169 315 4233 πόλις
349 4169 385 4239 ἡ
435 4167 715 4238 περιδοξος
762 4167 858 4220 τού
897 4168 1173 4230 Βασιλέως
1210 4167 1645 4237 άνῳκοδόμηται,
1708 4168 1737 4218 6

158 4259 457 4330 φωταυγὴς
522 4261 849 4327 παράδεισος
905 4259 1148 4329 φαιδρῶς
1202 4259 1500 4329 ἐξήνθησε,
1554 4270 1734 4327 παρα-

156 4352 337 4405 δεισου
371 4350 629 4422 πρόξενος
685 4349 1026 4421 ὑπάρχουσα,
1058 4351 1192 4420 πρὸς
1252 4350 1485 4422 Χριστόν
1531 4366 1592 4402 τε
1645 4351 1737 4402 άν-

159 4443 401 4515 Θρώπων
428 4444 725 4496 οἰκείωσιν.

231 4535 414 4604 Ὠφθη
442 4538 475 4604 ἡ
512 4536 734 4605 λαμπὰς
761 4534 952 4604 λυχνία
989 4553 1048 4588 τε
1078 4537 1338 4605 σήμερον,
1372 4540 1404 4607 ή
1436 4540 1734 4611 χρυσαυγί-

1838 3397 2015 3440 tamus
2037 3386 2089 3438 in
2130 3400 2314 3438 omnia
2354 3385 2579 3438 saecula.

1903 3475 2191 3530 lnfecnntla
2215 3475 2648 3529 venerandorum
2672 3474 3065 3529 charismatum
3098 3474 3413 3543 diviniSpi-

1837 3568 2000 3632 ritus,
2047 3568 2231 3621 laetare
2281 3567 2473 3631 hodie,
2520 3582 2554 3619 ο
2606 3566 2888 3621 hominum
2936 3577 3164 3630 natura,
3225 3568 3414 3621 videns

1836 3661 2077 3714 divinam
2108 3660 2339 3729 puellam
2374 3675 2438 3714 ex
2468 3660 2636 3715 sterili
2666 3669 3013 3723 nascentem,
3046 3671 3099 3715 et
3127 3661 3368 3715 exclama
3394 3680 3405 3713 :

1837 3752 2078 3807 Laudato
2102 3768 2265 3822 opera
2292 3752 2605 3817 Domiuttm,
2636 3761 2691 3805 et
2719 3755 3123 3822 supercxnltate
3157 3754 3210 3807 in
3234 3757 3423 3806 omnia.

1838 3844 2057 3900 saecula.

2520 3960 2634 4015 Ode
2692 3960 2748 4014 9.

1896 4076 2135 4133 Ornatus
2163 4077 2455 4133 sanctitate
2483 4076 2575 4131 Dei
2607 4077 2760 4131 locus
2795 4091 2922 4131 ecce
2950 4075 3106 4128 hodie
3128 4074 3422 4127 manifeste

1841 4182 2176 4227 monstratus
2218 4183 2299 4226 est
2334 4189 2350 4236 ;
2394 4171 2589 4225 civitas
2658 4171 2892 4239 gloriosa
2950 4168 3110 4234 limis
3151 4169 3416 4221 a-ditirata

1840 4276 1923 4319 est
1942 4283 1955 4330 ;
1973 4265 2267 4319 Paradisus
2289 4262 2562 4335 refulgens
2585 4263 2862 4332 splendide
2882 4262 3140 4325 elllornit;
3165 4274 3211 4310 ct
3243 4262 3417 4313 homi-

1840 4356 2001 4411 nibus
2029 4355 2365 4424 paradisum,
2390 4363 2445 4409 et
2489 4369 2615 4407 cum
2660 4354 2881 4409 Christo
2917 4352 3416 4406 reconciliationem

1840 4448 2148 4517 acquisivit.

1897 4540 2187 4610 Splendida
2219 4540 2448 4609 lampas,
2489 4551 2539 4595 et
2567 4541 2790 4595 lucerna
2820 4539 2890 4591 ho
2911 4538 2977 4590 lie
3008 4537 3423 4605 apparuit,qu:e

156 4625 327 4688 ζουσα
359 4624 477 4692 φῶς
523 4625 583 4677 τὸ
649 4625 994 4696 προαιώνιον,
1028 4621 1149 4699 ὲνῇ
1204 4627 1435 4698 οἰκῆσαν
1496 4632 1622 4694 τοὺς
1677 4634 1730 4684 ἐν

1844 4646 2012 4685 aureo
2034 4640 2252 4683 πίθηκε
2280 4629 2417 4684 lucis
2444 4628 2650 4698 fulgore
2684 4636 2972 4682 coruscat:
3016 4628 3197 4695 inqua
3226 4626 3424 4678 eadem

156 4720 314 4769 νυκτί
342 4716 454 4769 τῶν
483 4716 669 4769 δεινῶν
690 4716 1079 4784 καταφωτίσει.
1104 4719 1302 4771 παύσει
1328 4737 1386 4772 τε
1418 4722 1516 4791 τῆς
1548 4722 1738 4786 ἀθεΐας

154 4811 350 4879 ἀχλὺν,
382 4810 477 4862 καὶ
534 4809 747 4879 ἡμέρας
782 4810 989 4875 πάντας
1015 4811 1391 4883 ἀπεργάσεται
1443 4818 1735 4880 κοινωνοὺς

157 4904 379 4971 άληθῶς
408 4902 498 4956 διά
524 4904 783 4968 πίστεως.

228 4995 487 5067 Σήμερον
540 4997 574 5067 ἡ
606 4995 679 5067 γῆ
730 4995 977 5069 χορεύει’
1010 4995 1102 5052 τδν
1162 4998 1281 5052 νέον
1334 4998 1441 5070 γὰρ
1507 4999 1735 5070 οὐρανὸν

232 5201 313 5271 (6)
350 5199 722 5255 Bernardinus
750 5200 817 5255 de
846 5198 1013 5256 Busta
1044 5200 1097 5255 in
1132 5201 1343 5255 Mariali
1382 5216 1548 5255 serm.
1582 5201 1635 5258 ες,
1668 5201 1734 5256 de

160 5275 428 5340 (Ioni-cpt.
461 5278 614 5340 parte
664 5286 744 5328 Ill.
773 5272 1009 5339 probans
1049 5271 1275 5326 Mariam
1323 5273 1376 5325 in
1409 5288 1530 5326 rosa
1564 5271 1734 5325 fuisse

162 5339 676 5412 liguratam_Eccles.
717 5357 864 5403 xxiv,
902 5343 990 5395 tthi
1036 5342 1087 5395 in
1122 5358 1353 5409 persona
1387 5342 1622 5412 Virginis
1647 5343 1730 5395 di-

161 5409 305 5467 citur
361 5429 377 5464 :
440 5409 509 5463 Et
560 5414 713 5480 quasi
764 5412 1028 5480 plantatio
1079 5428 1213 5466 rosa:
1266 5414 1321 5465 in
1375 5411 1611 5474 Jcriclio,
1659 5414 1731 5466 ait

159 5483 302 5537 inter
336 5480 443 5534 alia
469 5498 483 5533 :
533 5500 550 5530 ι
574 5479 728 5533 Rosa
754 5479 819 5535 de
849 5482 1020 5549 spinis
1049 5485 1313 5545 nascitur,
1339 5492 1393 5536 et
1415 5498 1594 5537 tamen
1621 5486 1731 5550 spi-

161 5569 286 5605 nam
321 5566 433 5603 non
484 5551 676 5623 habet;
710 5552 789 5604 sic
838 5553 998 5617 Virgo
1048 5551 1216 5606 Maria
1249 5555 1499 5623 quamvis
1534 5554 1599 5606 de
1636 5553 1729 5604 .lu-

159 5625 259 5684 da,
315 5636 440 5689 qua:
486 5621 672 5687 utique
727 5623 962 5689 peccatis
1014 5626 1235 5689 spinosa
1271 5621 1421 5683 erat.
1473 5633 1595 5676 nata
1631 5625 1722 5685 sit,

162 5695 373 5746 nullum
395 5704 573 5744 tamen
594 5693 780 5761 spinzc.
804 5691 855 5745 id
878 5702 957 5745 est
976 5693 1202 5761 precati,
1223 5693 1470 5746 aculeum
1492 5694 1675 5745 sensit.
1698 5712 1714 5741 ι

169 5761 325 5817 Unde
356 5762 426 5814 de
467 5762 585 5831 ipsa
626 5758 839 5831 Virgine
867 5758 1015 5815 canit
1059 5762 1294 5815 Ecclesia
1329 5764 1379 5815 in
1411 5764 1597 5816 Ollieio
1627 5764 1726 5814 As-

163 5831 494 5897 sumptionls
540 5830 782 5896 ejus‘tleut
852 5850 863 5883 :
927 5831 989 5885 Et
1053 5833 1191 5885 sicut
1254 5836 1364 5885 dies
1429 5835 1569 5886 ιπΠή
1622 5834 1724 5885 εἰν-

166 5901 485 5960 cumdabant
524 5917 641 5955 eam
695 5902 848 5969 ﬂores
905 5919 1168 5957 rosarum.
1210 5903 1264 5957 In
1325 5904 1523 5957 llissali
1566 5905 1726 5958 etiam

1850 4725 1939 4778 lux
1966 4724 2301 4785 inhabitans,
2333 4738 2427 4777 eos
2458 4724 2549 4791 qui
2577 4723 2629 4774 in
2654 4733 2817 4775 nocte
2840 4720 3108 4773 malorum
3132 4728 3418 4771 morantur

1847 4814 2198 4875 illuminabit,
2239 4823 2292 4867 et
2356 4814 2652 4882 impii-tatis
2712 4812 2968 4867 nebulam
3027 4809 3312 4869 dissolvet,
3363 4815 3425 4868 c'.

1845 4920 2034 4959 omnes
2066 4921 2161 4974 per
2186 4905 2345 4958 ﬁdem
2379 4905 2677 4974 participes
2699 4904 2806 4959 diei
2842 4919 2965 4957 vere
2991 4898 3227 4957 rlliciet.‘

1905 5001 2147 5056 Exsultat
2174 5000 2333 5056 hodie
2362 5008 2503 5054 terra
2523 5016 2723 5055 novum
2760 5002 2955 5056 caelum
2985 4999 3062 5070 (7)
3085 4998 3195 5052 Deo
3218 4999 3421 5069 jucun-

1836 5200 2084 5254 Romano
2118 5200 2366 5269 antiquo.
2398 5209 2457 5254 ut
2495 5199 2661 5254 refert
2698 5199 2997 5268 Balinghen
3036 5197 3089 5269 iu
3139 5196 3422 5269 [ornasse

1837 5271 2109 5335 Mariano,
2150 5266 2273 5342 pag.
2307 5273 2396 5337 9.5,
2430 5270 2560 5324 olim
2605 5266 2907 5324 cauebatur
2939 5272 3005 5323 de
3036 5268 3098 5322 Β.
3144 5266 3366 5338 Virgine
3395 5283 3409 5319 :

2252 5383 2380 5437 Haec
2410 5393 2657 5450 concepta
2691 5384 2826 5435 miro
2858 5382 3012 5433 modo

2362 5464 2459 5514 est,
2487 5464 2541 5506 ut
2574 5470 2694 5506 rasa
2726 5469 2843 5505 cum
2876 5453 3045 5504 nilorc

2360 5534 2409 5577 et
2440 5535 2496 5577 ut
2527 5525 2752 5576 candens
2781 5522 2978 5575 lilium.

2254 5594 2323 5649 Ut
2349 5594 2552 5663 {ructus
2577 5596 2682 5646 exit
2716 5610 2748 5645 a
2777 5594 2906 5660 flore

2368 5675 2445 5718 est
2476 5665 2733 5733 producta
2757 5679 2871 5733 (Ψιι
2896 5678 3094 5729 pnaore

2358 5731 2622 5804 prceoeuta
2656 5749 2747 5801 per
2782 5731 3001 5786 Filium.

1902 5831 1977 5889 (7)
2009 5830 2145 5895 Quia
2181 5844 2285 5882 non
2319 5827 2421 5880 fuit
2465 5842 2493 5879 a
2530 5825 2764 5879 terrenis
2797 5824 3011 5891 pristini
3042 5822 3401 5895 ﬂagitiicon.

1831 5902 1992 5973 tagiis
2032 5890 2467 5969 coinquinatum,
2512 5896 2605 5952 sed
2642 5912 2670 5950 a
2715 5895 3085 5953 concentiouis
3118 5890 3290 5947 initio
3353 5890 3411 5947 ia
