4164 6456
181 363 283 427 993

1589 356 1639 417 Μ
1651 356 1948 415 ARMLE.

3320 357 3428 421 994

181 477 509 545 κατέχουσαι
543 472 783 543 φαιδρῶς
834 471 895 525 τὸ
943 471 1137 543 μέλλον
1190 470 1639 541 ἀπογράφουσαι,
1688 474 1746 524 ἐκ

1857 468 2143 525 manifesto
2177 469 2229 525 id
2258 470 2402 538 quod
2450 470 2691 527 futurum
2727 482 2841 527 erat
2864 473 3272 536 subindicautcs
3306 493 3320 530 :
3357 492 3422 530 ex

176 569 380 635 ταύτης
413 566 520 637 γὰρ
573 565 897 635 τεχθήσεται
935 567 962 618 ὁ
994 562 1277 633 φωτισμδς
1340 566 1440 633 τῆς
1496 562 1751 630 γνώσεως

176 661 320 714 λύων
357 661 457 729 τῆς
487 660 695 728 πλάνης
721 658 819 727 τὴν
847 657 1106 726 ξὸφωσιν.

247 754 499 822 Ζηλοῦσα
548 753 647 821 τὴν
710 751 880 804 πάλαι
951 750 1257 822 θεοφρόνως
1288 754 1321 823 ἡ
1354 751 1524 805 Ἀννα
1585 750 1752 822 εὐχὴν

180 848 515 916 ἀποπληροῖ,
545 844 641 897 καί
702 862 763 897 σε
811 844 1270 914 προσανατίθεται
1299 844 1377 915 τῷ
1409 845 1558 914 ἱερῷ,
1614 862 1752 897 παν-

178 944 403 1012 ὀμωμε,
460 939 765 1010 ἱερωτάτην
807 935 1069 1007 σύλληψιν
1102 937 1404 1008 μέλλουσαν
1456 939 1599 1008 ἔχειν
1658 939 1752 991 καὶ

174 1036 454 1103 γέννησιν.

245 1129 437 1191 Ἤλιος
491 1127 818 1197 ἐφήπλωσεν
864 1126 1115 1187 ἀκτῖνας,
1166 1123 1307 1195 ὁρῶν
1366 1122 1462 1192 τὴν
1523 1123 1753 1191 νεφέλην

172 1221 266 1273 τοῦ
304 1222 482 1289 φωτὸς
510 1221 926 1290 ἐφαπλουμένην
975 1216 1253 1288 Πνεύματι
1310 1216 1446 1269 Θεοῦ
1498 1216 1643 1269 ἔνδον
1673 1222 1752 1277 εἰς

175 1316 364 1379 Ἀγια,
396 1312 456 1376 ἐξ
484 1308 549 1383 ἦς
580 1313 846 1383 ὀμδρὴσει
874 1310 1069 1380 ἄφεσιν
1093 1312 1202 1373 τοῖς
1247 1308 1602 1379 χερσωΘείσιν
1659 1310 1751 1374 ἐγ-

172 1408 476 1477 κλήμασιν.

240 1500 371 1551 Θεοί
431 1515 497 1568 με
528 1497 659 1559 Θεὸς
696 1499 755 1550 έν
790 1497 875 1549 σοὶ
911 1493 1201 1565 σκηνώσας
1235 1492 1301 1546 δι’
1343 1487 1548 1553 οἶκτον,
1613 1507 1745 1543 παν-

174 1590 418 1661 άχραντε
447 1588 607 1659 ἁγνὴ,
671 1588 948 1640 κλαπέντα
1016 1584 1216 1655 βρώσει
1252 1584 1517 1654 πρότερον
1567 1582 1748 1651 ἀπάτῃ

171 1685 236 1751 τῇ
273 1681 371 1734 τοῦ
395 1682 592 1751 ὄφεως,
633 1683 727 1733 καὶ
759 1679 855 1748 τῆς
891 1679 1096 1747 φθορᾶς
1125 1679 1226 1747 τὴν
1255 1674 1536 1745 ἄφθαρτον
1586 1675 1747 1726 πάλιν

169 1776 389 1846 τρυφὴν
423 1774 786 1828 ἁντιδίδωσιν.

827 1968 951 2039 est,
1004 1967 1066 2022 δ.

249 2088 422 2159 Ἰεραὶ
490 2085 860 2158 προήγγειλαν
937 2083 1203 2153 γλῶσσαι,
1263 2080 1460 2152 σεμνὴ,
1523 2078 1745 2131 ῐσεσθαι

166 2182 372 2251 χωρξον
409 2194 468 2230 σε
512 2176 728 2247 φύσεως
787 2178 885 2244 τῆς
934 2176 1255 2245 ἁχωρήτου·
1299 2173 1387 2224 διὰ
1454 2169 1615 2223 τοῦτό
1681 2186 1739 2220 σε

166 2270 322 2341 χοροὶ
352 2267 677 2338 παρθενικοὶ
725 2265 1116 2337 προπέμπουσι
1174 2260 1743 2333 λαμπαδηφοροὖντες

167 2365 247 2425 εἰς
275 2361 469 2428 Ἅγια.

240 2452 415 2516 κλέος
461 2451 812 2523 ἀπηνέγκατο
882 2449 1141 2517 Ὶωακεὶμ
1174 2448 1338 2517 Ἀννῃ
1375 2444 1743 2515 συμϐαδίζων,

170 2545 265 2596 καὶ
306 2543 492 2613 φέρων
525 2559 585 2595 σε
619 2544 716 2596 σὺν
746 2541 952 2612 εὐωχίᾳ
1010 2541 1088 2602 εἰς
1118 2539 1209 2591 τὸν
1257 2538 1413 2606 ἅγιον
1443 2537 1590 2602 ναὸν,
1650 2535 1747 2587 ναὲ

167 2637 309 2690 Θεοῦ
353 2636 609 2706 πανάγιε,
667 2636 903 2706 ἄχραντε
944 2635 1250 2705 πανάμωμε
1280 2632 1547 2685 Δέσποινα

236 2811 443 2864 Λύεται
470 2810 745 2880 ἀπόφασις
774 2809 1077 2881 προγονική
1102 2824 1118 2840 ο
1150 2806 1382 2878 ῆνθησεν
1409 2806 1517 2859 ἰδοὺ
1549 2806 1656 2878 γὰρ
1710 2807 1743 2875 ἡ

167 2906 437 2974 ἄμπελος,
468 2905 588 2974 ἥτις
623 2904 715 2955 τὸν
749 2902 942 2975 βότρυν
965 2902 1057 2954 τὸν
1088 2901 1364 2970 ἀκήρατον
1420 2900 1553 2969 ἡμῖν
1604 2915 1743 2969 καρ-

169 2996 494 3066 ποτονήσει,
572 2995 809 3066 φέροντα
872 2989 1015 3047 οἶνον
1077 2991 1416 3063 ερφροσύνης
1476 2994 1587 3053 τοῖς
1650 2994 1745 3043 πέ-

170 3104 353 3159 ρασιν.

236 3181 428 3250 Μόνην
468 3195 530 3231 σε
575 3177 916 3246 πανάμωμον
972 3178 1000 3229 ὁ
1029 3174 1403 3243 πλαστουργὺς
1444 3174 1613 3240 Λόγος
1654 3173 1745 3225 εὐ·
1774 3166 1814 3188 ’⁸

168 3271 357 3343 ρηκὼς
403 3270 819 3342 κατεσκήνωσέν
873 3286 969 3323 σου
1027 3270 1086 3322 ἒν
1138 3267 1314 3339 νηδύϊ,
1381 3268 1745 3337 εργαξόμενος

166 3363 330 3433 ἡμῶν
376 3364 477 3432 τὴν
532 3363 829 3433 σωτηρίαν,
878 3361 1136 3432 ἄχραντε,
1190 3360 1375 3430 χάριτι
1428 3359 1495 3411 δι’
1540 3360 1747 3428 ἄφατον

167 3456 342 3519 ἔλεος.

846 3541 964 3613 ’ῼδὴ
999 3548 1059 3595 ε’.

235 3662 480 3731 Νεφέλαι
507 3660 827 3730 ρανάτωσαν
852 3657 1204 3728 δικαιοσύνην
1239 3658 1503 3730 σήμερον,
1545 3656 1621 3719 ὡς
1649 3726 1658 3735 .
1681 3659 1741 3710 ὲν

164 3755 385 3827 οὐρανῷ
420 3754 530 3824 γὰρ
599 3751 939 3823 ὲφαπλοῦται
991 3752 1114 3805 θεία
1173 3753 1372 3823 νεφέλη
1402 3753 1460 3804 ὲν
1513 3750 1591 3819 τῷ
1633 3750 1745 3819 ναῷ

167 3848 265 3901 τοῦ
303 3846 465 3910 Θεοῦ,
520 3845 639 3915 ἣτις
695 3843 991 3909 ἀποστᾱιξει
1046 3842 1382 3911 γλυκασμὺν,
1410 3842 1589 3894 πᾶσαν
1636 3842 1745 3893 τῶν

166 3941 358 4011 ψυχῶν
385 3939 542 4010 ἡμῶν
562 3938 662 4007 τὴν
688 3938 913 4008 πικρίαν
942 3936 1250 4007 ἐξαίροντα.

237 4034 378 4102 Ξένη
415 4048 511 4084 σου
534 4033 567 4101 ἡ
595 4030 878 4101 σύλληψις,
913 4029 1038 4099 ξένη
1067 4045 1160 4081 σου
1207 4029 1241 4099 ἡ
1294 4026 1567 4097 γέννησις,
1617 4024 1743 4096 ξένη

168 4127 264 4180 σοῦ
288 4128 324 4195 ἡ
355 4124 604 4196 πρόοδος,
628 4124 899 4194 Παρθένε,
928 4124 963 4192 ἡ
993 4121 1141 4174 ἔνδον
1170 4119 1265 4173 τοῦ
1318 4119 1468 4189 ἱεροῦ
1509 4119 1702 4188 ἀγωγή
1729 4134 1742 4150 ·

170 4221 299 4286 ξένα
332 4219 430 4271 καὶ
468 4215 751 4287 παράδοξα
780 4215 849 4270 τὰ
890 4214 959 4269 σὰ
1004 4214 1160 4284 λόγον
1199 4211 1597 4284 ὑπερϐαίνοντα
1654 4212 1747 4265 καὶ

167 4311 436 4375 διάνοιαν,
465 4309 725 4379 ἄχραντε.

1783 1787 1825 1840 Β
1855 1755 2123 1823 serpentis
2184 1755 2377 1809 l‘raudc

1858 561 1977 630 ipsa
2008 562 2151 615 enim
2197 561 2477 615 nascitura
2510 572 2627 616 erat
2676 563 3004 618 illuminatio
3035 566 3277 620 scientiae
3305 581 3428 637 qua:

1854 648 2061 703 erroris
2091 650 2348 704 tenebras
2382 650 2727 705 dissolveret.

1915 738 2104 793 Divina
2137 741 2401 807 sapientia
2431 741 2653 812 prazdita
2686 743 2862 806 Anna,
2895 758 2959 798 ac
2988 743 3103 798 zelo
3137 744 3294 813 plena
3326 762 3429 802 an-

1854 833 2060 902 tiquum
2087 844 2271 888 votum
2305 850 2463 888 suum
2516 834 2769 904 complet,
2816 844 2998 906 teque.
3028 854 3062 891 ο
3108 838 3428 894 immacula-

1854 928 2084 990 tissima,
2111 936 2399 995 praesentat
2419 928 2471 979 in
2504 927 2727 996 templo,
2756 943 2875 995 quae
2905 931 3262 986 sacerrimam
3295 947 3427 987 cou-

1854 1021 2182 1087 ceplionem,
2213 1027 2266 1070 et
2292 1027 2505 1087 partum
2548 1020 2799 1073 habitura
2827 1034 2970 1074 eras.

1908 1107 2178 1179 Explicuit
2226 1111 2304 1165 sol
2331 1110 2522 1163 radios
2558 1126 2709 1176 suos,
2746 1113 2886 1166 lucis
2923 1113 3121 1166 nubem
3149 1117 3428 1184 aspiciens

1852 1216 2147 1268 expan~am
2179 1200 2415 1269 impulsu
2448 1200 2631 1255 divino
2656 1200 2798 1256 intra
2843 1203 3045 1258 Sancta
3084 1216 3427 1271 sanctorum,

1851 1309 1915 1349 ex
1971 1310 2078 1365 qua
2118 1294 2449 1364 indulgentia
2508 1293 2844 1349 desolatione
2880 1297 3054 1366 plenis
3101 1297 3428 1354 criminibus

1852 1387 2086 1455 pluitura
2104 1393 2241 1439 erat.

1915 1477 2068 1532 Facit
2096 1491 2182 1530 me
2202 1475 2425 1531 Deitatis
2457 1487 2766 1533 consortem
2790 1477 2958 1544 Deus,
2990 1480 3083 1549 qui
3109 1480 3161 1535 in
3195 1490 3245 1536 te
3268 1483 3425 1537 habi-

1852 1568 2010 1633 tavit,
2044 1582 2078 1620 o
2112 1576 2221 1621 tota
2252 1582 2411 1636 pura,
2448 1576 2501 1620 et
2539 1578 2709 1630 casta,
2756 1580 2973 1640 propter
3012 1587 3167 1627 suam
3212 1573 3427 1627 miseri-

1852 1661 2137 1714 cordiam:
2188 1675 2313 1713 cum
2367 1661 2517 1729 prius
2571 1661 2832 1731 deceptus
2896 1679 3073 1718 essem
3117 1682 3212 1735 per
3245 1667 3428 1722 cibum

2433 1773 2445 1807 :
2486 1763 2539 1808 et
2595 1770 2694 1825 pro
2743 1758 3094 1827 corruptione
3122 1800 3137 1826 ,
3182 1760 3429 1816 incorru-

1858 1848 2072 1918 ptibiles
2098 1848 2295 1901 iterum
2332 1844 2555 1901 delicias
2590 1847 2855 1916 rependit.

2530 1960 2646 2017 Ode
2684 1962 2738 2017 4.

1917 2076 2104 2131 Genus
2138 2090 2355 2130 sacrum
2411 2075 2801 2144 preplietarum
2837 2088 3362 2146 prmnunttaverunt,
3393 2095 3429 2133 ο

1848 2171 2174 2231 Veneranda,
2197 2169 2312 2223 lore
2346 2169 2751 2237 receptaculum
2777 2151 2989 2224 natura:
3013 2172 3428 2242 incomprehen-

1848 2263 2027 2317 sibilis
2052 2278 2067 2325 ;
2100 2272 2387 2330 propterea
2415 2262 2706 2331 virginales
2736 2265 2889 2319 chori
2919 2274 2969 2320 te
3005 2268 3345 2323 comitantur
3367 2270 3424 2324 in

1850 2357 2047 2409 Sancta
2076 2364 2391 2408 sanctorum
2412 2369 2536 2408 cum
2562 2356 2931 2425 lampadibus.

1900 2447 2145 2501 Gloriatu
2174 2446 2357 2500 retulit
2384 2444 2588 2502 Joacim
2638 2464 2742 2501 una
2788 2463 2913 2503 cum
2956 2451 3110 2504 Anna
3142 2451 3424 2519 incedens,

1847 2538 2104 2592 etlerens
2149 2546 2201 2590 te
2242 2552 2368 2591 cum
2412 2536 2710 2592 festivitate
2746 2540 3016 2594 convivali
3055 2542 3109 2595 in
3165 2544 3423 2612 templum

1847 2641 2097 2684 sanctum
2144 2644 2218 2693 ,ο
2274 2629 2532 2698 templum
2573 2626 2668 2682 Dei
2712 2630 3122 2686 sanctissimum
3152 2671 3169 2698 ,
3220 2631 3427 2704 Regina

1847 2728 1960 2775 tota
2002 2734 2157 2787 pura,
2182 2718 2602 2773 etimmaculata
2638 2718 2774 2789 (10).

1918 2811 2088 2866 Hodie
2105 2812 2295 2882 primis
2325 2812 2643 2883 parentibus
2664 2813 2897 2882 irrogata
2943 2817 3210 2872 sententia
3244 2816 3429 2872 abole-

1849 2912 1935 2955 tur
1970 2918 1982 2953 :
2016 2916 2143 2956 ecce
2172 2902 2318 2955 enim
2356 2900 2539 2954 lloruit
2571 2901 2716 2966 vitis,
2747 2918 2869 2972 qua:
2887 2903 3239 2960 fructiﬁcabit
3268 2906 3428 2960 nobis

1850 2996 2066 3048 botrum
2106 2995 2610 3064 incorruptibilem,
2646 2995 2960 3052 aﬂerentem
3010 2999 3196 3051 vinum
3227 2997 3429 3053 lzetitize

1851 3091 2118 3145 universis
2152 3090 2349 3143 linibus
2381 3100 2556 3143 terrae.

1918 3183 1974 3251 8
2005 3183 2114 3251 (ll)
2159 3183 2367 3235 Invenit
2409 3191 2459 3236 te
2494 3183 2665 3235 solam
2698 3180 2848 3235 omni
2898 3182 3112 3237 macula
3145 3191 3423 3238 carentem

1849 3269 2085 3325 Verbum
2122 3272 2416 3339 plasmator
2451 3288 2652 3336 rerum,
2681 3283 2734 3327 et
2765 3272 2885 3327 ideo
2915 3274 2969 3327 in
3007 3284 3164 3328 utero
3191 3283 3286 3328 tuo
3326 3274 3423 3327 lia-

1848 3364 2037 3416 liitavit
2065 3378 2297 3431 operatus
2322 3364 2550 3417 salutem
2570 3373 2818 3420 nostram
2846 3376 3067 3436 propter
3091 3365 3421 3420 ineﬂ'abilem

1849 3453 2283 3508 misericordiam
2322 3469 2499 3508 suam.

2516 3545 2631 3602 OJe
2691 3548 2745 3603 5.

1920 3659 2091 3730 Large
2122 3660 2313 3729 pluant
2344 3660 2503 3715 hodie
2536 3662 3035 3732 nubesjustitiam;
3064 3665 3264 3719 etenim
3300 3675 3421 3718 tau-

1849 3767 2011 3821 quam
2038 3755 2089 3805 in
2120 3753 2263 3805 ccelo
2291 3754 2621 3821 expanditur
2649 3754 2701 3807 in
2746 3755 2948 3824 templo
2989 3756 3078 3809 Dei
3112 3757 3296 3809 divina
3330 3758 3421 3811 illa

1848 3843 2042 3907 nubes,
2074 3858 2195 3911 quae
2227 3844 2569 3897 dulcedinem
2593 3845 2838 3910 stillabit,
2875 3847 3183 3901 universam
3209 3848 3422 3902 anima-

1848 3950 1968 3990 rum
2001 3945 2242 3989 nostram
2274 3937 2577 3990 amaritiem
2608 3938 2966 3993 auferentem.

1925 4024 2069 4079 Labe
2095 4025 2244 4079 omni
2270 4041 2463 4082 carens
2496 4026 2690 4095 Virgo,
2721 4031 3006 4097 peregrina
3030 4038 3114 4084 est
3138 4031 3427 4100 conceptio

1849 4128 1969 4181 tua;
2029 4121 2312 4187 peregrina
2364 4129 2448 4174 est
2491 4120 2749 4175 nativitas
2789 4127 2903 4185 tua,
2942 4121 3055 4190 (12)
3108 4123 3427 4191 peregrinus

1850 4205 2156 4274 ingressus,
2190 4217 2243 4259 et
2279 4208 2389 4261 vita
2419 4218 2538 4261 acta
2577 4208 2633 4261 in
2669 4210 2904 4278 templo;
2937 4212 3222 4280 peregrina
3247 4222 3301 4265 et
3326 4215 3425 4266 all-

1850 4299 2119 4361 miranda,
2143 4309 2197 4353 et
2215 4314 2523 4354 sermonem
2547 4310 2601 4355 et
2626 4302 3009 4371 cogitationem
3033 4305 3426 4361 transcenden-

1852 4390 1923 4444 tia
1956 4390 2139 4443 omnia
2175 4405 2294 4459 qua:
2317 4401 2405 4445 tua
2437 4400 2585 4446 sunt.

242 4490 419 4560 Ὅλην
450 4504 509 4542 σε
537 4488 733 4559 ἡγιασε
790 4486 853 4541 τδ
884 4485 1110 4558 Πνεῦμα
1164 4487 1226 4539 τὸ
1272 4485 1543 4552 πανάγιον
1595 4482 1743 4537 ἔνδον

1920 4481 2221 4536 Morantem
2263 4492 2313 4537 te
2341 4483 2393 4536 in
2437 4484 2641 4553 templo
2674 4494 2839 4555 atque
2872 4486 3071 4540 ibidem
3107 4485 3428 4543 coelestibus

169 4583 261 4639 τοῦ
295 4581 429 4640 ναοῦ
460 4580 825 4653 διαιτωμένην
853 4580 951 4634 καὶ
975 4578 1319 4652 τρεφομένην
1348 4575 1557 4647 τροφὴν
1579 4576 1744 4647 οὐρά-

170 4695 283 4732 νιον
302 4692 319 4708 ’
348 4675 541 4746 νύμφη
569 4672 665 4727 τοῦ
693 4673 909 4744 Πατρδς
949 4670 1303 4743 περικαλλὴς,
1343 4669 1464 4723 ὅθεν
1496 4668 1745 4740 ἐχρημὰ-

167 4785 324 4832 τισας
353 4768 449 4820 καὶ
475 4765 567 4820 τοῦ
596 4764 774 4835 Λόγου
800 4764 1113 4835 γεννήτρια.

239 4949 359 5021 (l0)
389 4947 537 5024 Ergo
558 4948 604 5004 si
637 4956 744 5001 tota
776 4959 912 5024 pura
934 4954 987 5000 et
1008 4942 1462 5024 immaculatanin
1485 4943 1630 5023 nulla
1658 4941 1739 4995 sui

172 5016 351 5091 parte,
385 5016 488 5073 nec
527 5019 582 5072 in
618 5016 993 5085 conceptione,
1024 5031 1145 5082 qua:
1187 5023 1267 5068 est
1310 5016 1743 5149 uniuscujusgue

172 5096 296 5145 vita:
341 5104 476 5149 pars
518 5090 716 5149 prima,
768 5087 868 5140 luit
909 5086 1122 5149 impura
1172 5094 1224 5139 et
1271 5086 1538 5139 maculata
1576 5100 1590 5137 :
1688 5098 1741 5137 ιιι

170 5086 296 5145 vita:
341 5104 476 5160 pars
518 5090 716 5160 prima,
768 5087 868 5160 luit
909 5086 1122 5160 impura
1172 5094 1224 5139 et
1271 5086 1538 5139 maculata
1576 5100 1590 5137 :
1637 5086 1741 5149 Qui

170 5163 315 5217 enim
342 5155 536 5215 totum
552 5159 701 5222 dicit,
731 5156 863 5210 nihil
890 5155 1151 5210 excludit.

240 5232 357 5303 (ll)
406 5231 661 5303 Petestne
700 5242 799 5303 pro
828 5228 1176 5303 immaculata
1332 5224 1743 5303 Yirginis_con-

171 5296 424 5372 ceptione
464 5296 835 5372 testimonium
878 5296 1086 5372 clarius
1119 5306 1174 5350 et
1218 5297 1549 5372 luculentius
1589 5296 1739 5372 inve:

173 5364 311 5428 uiri?
360 5368 647 5437 Quomodo
688 5368 832 5423 enim
876 5364 937 5439 Β.
983 5364 1148 5439 Virgo
1193 5368 1307 5439 sola
1357 5370 1535 5439 caruit
1593 5366 1741 5439 otuni

172 5443 411 5504 macula,
443 5440 513 5502 si,
550 5437 1109 5509 czeterorumjnstar,
1153 5437 1410 5509 originali
1439 5439 1649 5509 macula
1687 5437 1740 5489 in

174 5529 276 5567 suo
315 5520 581 5579 conceptu
612 5508 859 5564 sorduit?
890 5505 1154 5563 Universa
1186 5505 1332 5561 terra
1347 5506 1566 5579 Egypti
1594 5506 1739 5560 Pha-

174 5583 329 5637 raoni
364 5578 629 5635 tributum
658 5579 1033 5649 persolvebat,
1054 5578 1466 5649 exceptaterra’
1486 5578 1739 5632 sacerdo-

173 5653 290 5717 tali,
332 5666 457 5723 quae
480 5647 747 5723 immunis
778 5648 848 5723 ab
883 5648 985 5702 hoc
1022 5662 1189 5701 onere
1221 5647 1473 5723 _fu_it;_sic
1500 5662 1736 5717 quoque,

1851 4576 1995 4631 escis
2024 4584 2356 4642 vescentem,
2395 4576 2633 4647 Spiritus
2659 4580 3047 4634 sanctissimus
3077 4589 3243 4633 totam
3267 4596 3428 4635 sanc-

1853 4667 2103 4721 tiﬁcavit:
2135 4668 2277 4724 unde
2299 4669 2700 4739 speciosissima
2736 4685 2937 4742 sponsa
2977 4669 3176 4737 Patris,
3196 4681 3250 4726 ct
3264 4669 3425 4727 Verbi

1851 4759 2101 4815 Genitrix
2134 4760 2279 4816 facta
2319 4777 2403 4817 es.

1842 4942 1954 4998 sola
2012 4954 2194 4997 tamen
2241 4952 2385 4998 terra
2431 4943 2788 5000 sacerdotalis
2842 4944 3029 5011 Maria,
3064 4954 3285 5014 propter
3333 4961 3426 5001 sa-

1841 5013 2114 5085 cerdoxem
2139 5014 2413 5085 Clll‘islum
2446 5028 2508 5085 ex
2542 5029 2605 5068 ea
2644 5016 3010 5085 gignendum,
3054 5013 3314 5079 immunis
3357 5021 3427 5072 ab

1843 5083 1947 5138 hoc
1982 5084 2155 5155 Stygii
2186 5082 2495 5140 Pharaonis
2523 5082 2723 5139 tributo
2747 5089 3066 5155 permansit.

1915 5101 1947 5137 c
1983 5101 2155 5207 διγὸιι
2186 5101 2495 5140 rnaraoms
2523 5101 2723 5139 trmuto
2747 5101 3066 5155 permansut.

1915 5152 2025 5235 (ιζ)
2119 5154 2368 5239 eregrina
2398 5165 2482 5209 est
2507 5157 2789 5239 conceptio
2839 5166 2929 5239 tua
2977 5158 3427 5239 :peregrinalest

1842 5224 2099 5281 nativitas
2142 5236 2231 5280 tua
2264 5228 2276 5280 l
2304 5224 2423 5280 Non
2454 5227 2597 5280 enim
2637 5226 2861 5282 decebat
2898 5224 3267 5283 sanc'tuarium
3304 5229 3422 5296 Dei,

1852 5298 2072 5350 domum
2122 5298 2421 5366 sapientiae,
2473 5295 2846 5367 reliquiarium
2916 5297 3155 5367 Spiritus
3221 5295 3421 5364 sancti,

1852 5381 2044 5438 urnam
2076 5383 2287 5422 manna:
2321 5366 2580 5438 caelestis,
2613 5366 2850 5436 aliquam
2880 5367 2931 5420 in
2958 5366 3017 5422 se
3057 5369 3257 5423 habere
3300 5384 3426 5438 pec-

1846 5437 1956 5508 cati
1986 5438 2185 5508 labem,
2219 5448 2385 5505 atque
2403 5437 2539 5508 _i_deo
2585 5438 2703 5491 labe
2732 5437 2882 5492 omni
2912 5452 3112 5508 carens
3144 5437 3310 5508 Virgo
3336 5441 3422 5493 di-

1844 5507 1989 5561 citur
2024 5523 2055 5561 a
2092 5506 2350 5577 Josepbo.
2402 5505 2629 5578 Yocavit
2674 5516 2860 5563 autem
2904 5505 3177 5578 Jusephus
3225 5505 3422 5563 conce-

1842 5578 2081 5649 ptionem
2115 5580 2384 5647 passivam
2404 5577 2464 5649 li.
2484 5577 2719 5649 Virginis
2758 5577 3122 5648 peregrinam,
3153 5580 3279 5648 quia
3312 5594 3422 5634 non

1842 5654 1901 5701 ut
1928 5648 2161 5719 aliorum
2193 5648 2593 5719 conceptioues
2634 5649 2689 5704 in
2738 5659 2988 5719 peccato,
3013 5651 3107 5707 sed
3138 5650 3252 5707 sola
3300 5650 3423 5706 sine

174 5724 300 5777 licet
350 5718 603 5777 homines
654 5719 846 5789 reliqui
901 5732 1100 5789 noxam
1154 5718 1471 5787 originalem
1518 5726 1738 5789 contra-
1836 5728 2059 5788 peccato
2082 5718 2352 5789 originali.

178 5794 387 5859 nentes,
430 5787 835 5863 quodammodo
882 5788 1146 5844 tributum
1193 5789 1426 5844 dmmoni
1473 5787 1734 5859 pendant,
