4164 6456
760 388 867 452 995

763 587 825 639 ad
869 585 1270 637 misericordias
1302 593 1421 636 luas
1443 583 1695 652 confugio
1736 584 1858 637 :l'ac
1892 585 2116 638 liberam
2150 603 2177 635 a
2213 586 2324 639 da:-

760 694 983 730 mouum
1030 685 1351 729 nucumento
1374 676 1612 730 animam
1654 692 1827 730 meam
1865 677 2153 746 dejectam,
2185 687 2239 731 et
2260 678 2325 732 ad

759 773 1071 839 languorem
1095 767 1364 820 redactam
1386 769 1992 837 aconcupisceutiarum
2012 769 2324 824 inlluxibus.

1468 861 1579 914 Ode
1612 861 1665 913 6.

832 973 1111 1028 Oblirmati
1150 974 1322 1040 gratia
1352 974 1531 1027 divina
1552 972 1722 1026 divini
1758 972 1996 1044 Virginis
2028 974 2323 1043 genitores,

759 1077 1013 1132 tauquam
1059 1066 1365 1118 columbam
1410 1066 1816 1119 immaculatain
1852 1069 1901 1118 in
1937 1064 2133 1119 Sancta
2168 1080 2325 1121 sanc-

757 1168 826 1208 to:
846 1174 958 1221 um,
986 1169 1043 1210 ut
1075 1157 1272 1210 ibidem
1292 1158 1636 1220 educaretur,
1673 1172 1798 1212 cum
1835 1157 2028 1212 elIectu
2056 1156 2203 1210 illam
2226 1159 2325 1211 ob-

758 1251 949 1302 tulere.

806 1340 1080 1394 Orientem
1102 1356 1165 1393 ex
1226 1340 1346 1395 luce
1377 1340 1550 1394 lucem
1607 1356 1729 1394 cum
1773 1354 1920 1395 esses
1956 1340 2009 1393 iu
2059 1349 2109 1394 te
2144 1355 2329 1395 susce-

765 1440 947 1497 plura,
982 1431 1300 1483 veneranda:
1332 1430 1524 1498 puella:
1558 1429 1895 1499 splendidam
1926 1430 2099 1485 lucem
2128 1446 2324 1485 accen-

752 1523 945 1577 dentes
975 1530 1028 1575 et
1072 1523 1300 1575 choreas
1343 1521 1605 1575 ducentes
1636 1562 1649 1587 ,
1698 1530 1749 1575 te
1779 1528 1845 1575 ad
1883 1522 2126 1576 divinum
2180 1533 2318 1578 tein-

755 1617 901 1685 plum
951 1614 1345 1682 praecedebant.

811 1705 1034 1756 l’lenum
1075 1703 1258 1771 gloria:
1289 1700 1573 1769 palatium,
1595 1716 1787 1768 magna
1813 1701 2198 1769 prophetarum
2216 1699 2323 1756 cir-

757 1795 1123 1858 ciiiiisoiiatio,
1156 1794 1387 1845 thronus
1427 1801 1650 1845 sanctus
1685 1792 1737 1844 in
1770 1790 1967 1845 Sancta
2008 1802 2321 1846 sanctorum

756 1886 1055 1938 collocatur
1093 1884 1336 1936 omnium
1386 1882 1514 1952 Regi
1546 1893 1903 1952 prteparatus.

835 1980 1043 2044 Quibus
1069 1993 1290 2047 possum
1313 1977 1564 2029 laudibus
1588 1974 1776 2041 ell‘ero,
1803 1991 1835 2029 ο
1878 1976 2057 2030 Puella
2084 2018 2098 2042 ,
2130 1993 2326 2033 conce-

759 2070 1069 2139 ptionem9
1093 2080 1263 2129 tuam,
1289 2078 1341 2121 et
1366 2066 1687 2121 iuell‘abdem
1710 2077 1920 2135 partum
1959 2079 2107 2122 tuum
2132 2086 2144 2122 :
2172 2085 2327 2123 com-

754 2162 952 2215 mendo
981 2161 1370 2231 profectionem
1404 2170 1573 2223 tuam,
1614 2175 1709 2228 per
1742 2175 1905 2227 quain
1961 2161 2028 2213 ab
2057 2161 2205 2214 omni
2237 2162 2326 2214 la:-

753 2254 1056 2307 sionelibcr
1080 2254 1274 2316 evado,
1310 2267 1433 2321 ego,
1468 2251 1560 2321 qui
1592 2253 1835 2305 adducor
1868 2252 1935 2305 ad
1976 2263 2123 2306 tuam
2175 2268 2323 2308 sere-

754 2348 1004 2397 nitatem.

1430 2436 1541 2491 Ode
1579 2439 1631 2490 7.

829 2526 1150 2581 ltadiantcm
1196 2537 1454 2597 tanquam
1509 2528 1676 2582 solem
1709 2522 1820 2603 (15)
1854 2529 2052 2597 excipit
2099 2539 2149 2583 te
2188 2539 2325 2582 tcm-

753 2624 902 2690 plum
940 2631 1188 2673 sanrtum
1220 2621 1359 2674 intra
1388 2618 1477 2687 se,
1513 2622 1879 2676 ell'uudentein
1908 2622 2031 2674 inde
2053 2623 2323 2676 salutares

754 2714 1071 2781 splendores
1116 2715 1167 2765 in
1206 2729 1397 2766 ouincs
1447 2716 1579 2767 lines
1630 2725 1814 2779 terrae,
1864 2732 1895 2769 o
1926 2709 2073 2768 casta
2127 2713 2323 2784 Virgo,

755 2809 1166 2859 Sanctissimum
1201 2808 1462 2873 templum
1492 2807 1765 2859 facturum
1796 2822 1918 2861 esse
1945 2805 2063 2859 Filii
2096 2805 2212 2859 Dei.

826 2896 1069 2952 Sublatis
1119 2898 1371 2951 manibus
1422 2914 1613 2951 omnes
1662 2898 1905 2967 plaudite
1948 2900 2188 2951 videntes
2236 2896 2323 2949 in-

754 3002 1005 3058 nuptam,
1044 3006 1164 3057 qua:
1197 2989 1299 3043 l'ert
1349 2991 1743 3059 redemptionis
1772 2990 1957 3059 signa;
1994 2990 2192 3043 etenim
2230 3003 2324 3057 per

755 3100 953 3138 manus
999 3085 1173 3153 angeli
1212 3086 1505 3148 enutritur,
1554 3088 1756 3153 quippe
1808 3100 1929 3153 qua:
1969 3082 2208 3153 paritura
2242 3090 2325 3136 est

756 3176 916 3228 nobis
957 3172 1297 3227 ineifabilitrr
1339 3189 1534 3242 panem
1567 3176 1864 3229 cwlestein.

828 3266 1251 3320 TencbricOsum
1297 3268 1401 3321 sub
1448 3276 1591 3320 terra
1657 3265 1992 3320 domicilium
2028 3263 2326 3319 incolentes

758 3360 951 3412 anima:
984 3360 1256 3427 justorum
1300 3361 1566 3413 universae
1602 3357 1730 3412 felix
1776 3357 2026 3411 nuntium
2067 3357 2323 3426 accipite:

755 3452 1017 3506 columba.
1060 3467 1222 3505 aurea
1294 3451 1544 3520 apparuit
1604 3466 1727 3519 qua:
1787 3449 2084 3519 spiritualis
2141 3448 2329 3503 diluvii

757 3546 1116 3598 cessationem
1143 3546 1393 3609 adducit,
1420 3554 1473 3597 et
1502 3544 1554 3598 in
1580 3539 1779 3598 Sancta
1828 3552 2143 3598 sanctorum
2202 3558 2326 3595 cum

755 3638 1007 3706 religioso
1034 3638 1268 3704 tripmlio
1297 3638 1615 3706 ingreditur.

833 3728 1028 3797 Utpote
1062 3730 1309 3797 speciosa
1347 3731 1653 3795 speciosum
1698 3728 1977 3798 peperisti,
2019 3728 2110 3798 qui
2140 3726 2327 3781 del'or--

755 3823 996 3876 iuitatem
1034 3832 1277 3875 nostram
1314 3822 1365 3874 in
1398 3822 1683 3891 pristinam
1728 3825 1970 3876 restituit
2014 3821 2262 3891 clligicm,
2295 3835 2328 3874 0

754 3915 936 3967 Puella
982 3924 1091 3967 tota
1120 3914 1464 3967 immaculata
1486 3913 1620 3985 (ιι),
1651 3925 1930 3983 propterea
1960 3915 2037 3967 illi
2057 3914 2325 3967 canimus.

754 4005 974 4059 Patrum
1004 4004 1271 4059 Dominus
1297 4015 1349 4059 et
1378 4005 1518 4060 Deus
1545 4006 1860 4061 benedictus
1886 4020 1967 4068 es,
2005 4016 2109 4059 etc.

1236 4098 1347 4152 Ode
1382 4096 1434 4150 8.
1466 4097 1833 4166 Alpliabetum.

825 4212 989 4275 Audi,
1022 4222 1073 4266 et
1118 4211 1377 4281 intellige,
1426 4212 1734 4266 venerande
1776 4226 1961 4274 senex,
2016 4209 2152 4264 dixit
2173 4208 2327 4263 Anna

754 4302 1034 4357 Zachariae
1080 4319 1092 4356 :

824 4396 1021 4465 Accepi
1064 4394 1343 4448 voluntate
1374 4393 1557 4447 divina
1583 4391 1824 4447 Puellam
1866 4391 2265 4447 venerandam.

827 4487 978 4539 Bono
1010 4501 1316 4555 magnoque
1356 4488 1537 4538 animo
1568 4486 1707 4539 lianc
1744 4496 1798 4539 tu
1832 4487 2068 4555 suseipe.

823 4578 1151 4631 Conceditur
1177 4577 1318 4630 enim
1352 4593 1444 4643 per
1471 4576 1616 4629 illam
1644 4576 1979 4645 redempta:
2007 4587 2061 4631 et
2091 4577 2145 4631 iu
2165 4576 2327 4631 Temo

756 4673 842 4740 plo
879 4680 1068 4725 sancto
1100 4669 1232 4724 oll‘er
1258 4670 1427 4731 illam,
1459 4671 1739 4725 clamans:
1768 4669 2103 4734 Beuedicite,
2136 4671 2321 4726 omnia

756 4778 915 4831 opera
946 4760 1186 4823 Domini,
1223 4758 1479 4813 Domino.

826 4853 1087 4907 Dominus
1110 4853 1259 4906 solus
1287 4853 1622 4918 benedictus,
1647 4854 1971 4908 exclamavit
1995 4856 2269 4910 sacerdos.

843 4946 946 5015 ιθ
994 4946 1197 5001 Dedisti
1230 4945 1385 4999 nobis
1412 4960 1555 5000 nunc
1585 4956 1772 5016 aperte
1811 4948 2011 5002 intueri
2047 4948 2326 5019 ingressus

759 5042 897 5090 vitae.

824 5196 935 5266 (l5)
983 5195 1354 5250 Deruardinus
1398 5196 1465 5249 de
1508 5193 1676 5248 Busto
1700 5195 1765 5266 in
1813 5192 2022 5249 Μαι-ἱειιί
2065 5210 2232 5249 serm.
2264 5196 2319 5257 5.

750 5265 1101 5334 deconcept.
1147 5278 1298 5333 parte
1336 5267 1391 5330 5,
1423 5268 1661 5334 probans
1697 5265 1919 5318 Mariam
1952 5266 2004 5318 iu
2040 5267 2154 5319 sole
2184 5266 2321 5335 ligu-

750 5349 923 5390 ratam
957 5341 1091 5401 psal.
1129 5338 1215 5399 id,
1263 5336 1351 5389 tibi
1394 5338 1632 5389 dicitur:
1683 5335 1749 5387 In
1792 5335 1898 5388 sole
1928 5337 2100 5404 posuit
2142 5337 2320 5390 taber-

747 5406 997 5461 naculum
1029 5423 1219 5468 suum,
1263 5408 1336 5459 ait
1372 5408 1515 5460 inter
1554 5415 1788 5459 caetera:
1829 5426 1848 5459 ι
1884 5405 1985 5459 Per
2025 5406 2195 5460 solem
2232 5409 2317 5461 iu—

752 5480 1011 5546 tetligitur
1070 5476 1127 5530 Β.
1189 5476 1375 5546 Virgo,
1428 5478 1558 5546 quia
1613 5477 1755 5530 sicut
1808 5477 1892 5529 sol
1962 5477 2167 5530 clarior
2232 5486 2317 5532 est

748 5551 1004 5601 amnibus
1070 5547 1362 5611 sideribus,
1433 5560 1488 5601 et
1542 5557 1626 5601 est
1684 5547 2115 5615 incorruptibilis
2162 5565 2176 5601 :
2237 5550 2318 5602 sic

750 5615 811 5669 Β.
846 5616 1005 5686 Virgo
1042 5618 1093 5668 in
1130 5632 1226 5671 sua
1268 5618 1623 5684 cciiceptione
1657 5618 1754 5671 l'uit
1782 5617 2005 5681 clarior,
2036 5625 2089 5671 et
2128 5618 2317 5686 purior

751 5690 1006 5740 uinnibus
1050 5690 1338 5751 creaturis,
1375 5698 1428 5742 et
1465 5689 1568 5739 luit
1598 5689 1912 5757 incorrupta
1953 5691 2022 5741 ab
2057 5689 2316 5743 omnibus

752 5759 1007 5823 peccatis.
1040 5776 1059 5808 ι
1096 5760 1351 5827 ldeinque
1378 5760 1498 5811 loco
1527 5757 1692 5827 citato
1722 5773 1886 5811 serui.
1918 5759 1971 5819 8,
2019 5773 2125 5811 non
2160 5760 2316 5826 longe

752 5845 781 5879 a
803 5830 1092 5900 principio,
1114 5826 1393 5898 explicitis
1419 5829 1483 5884 de
1506 5827 1562 5880 B.
1589 5826 1809 5897 Virgine
1837 5829 1966 5883 illud
1992 5828 2191 5884 Ecelcs.
2221 5828 2312 5893 ili,

1854 386 1909 442 Β.
1956 386 2269 445 JUSEPIll
2312 386 2867 447 llYMNOGllAPIlI

826 495 978 549 Nunc
997 508 1210 546 munem
1242 507 1387 561 spent
1422 506 1596 544 meam
1631 492 1682 545 in
1708 503 1778 555 tc,
1804 507 1835 544 ο
1859 495 2056 560 puclla,
2089 511 2287 561 repono
2316 514 2327 560 ,
2364 504 2404 556 Α

2506 496 2646 565 Πρὸς
2670 498 2727 550 σέ
2765 515 2866 567 μου
2891 497 2987 567 τὴν
3020 499 3235 553 ἃπασαν
3291 498 3481 556 ἐλπίδα
3505 545 3518 565 ,
3557 504 3729 574 Κόρη,
3784 508 3998 578 τίθημι.

2431 585 2565 654 πρὸς
2591 589 2717 649 τοὺς
2747 590 3068 658 οἰκτιρμούς
3101 608 3199 644 σου
3234 596 3594 663 καταφεύγω·
3633 597 3839 669 βλάϐης
3886 603 4004 654 δαι-

2435 678 2610 745 μόνων
2640 680 2809 744 δεῖξον
2840 684 3105 753 ἀμέτοχον
3132 687 3230 755 τὴν
3262 690 3714 745 καταπωθείσὰν
3760 711 3864 761 μου
3884 695 3993 764 ψύ-

2431 773 2550 843 χὴν,
2580 778 2672 827 καὶ
2697 777 3136 847 ἐξασθενήσασαν
3160 782 3361 849 ἡδονῶν
3408 785 3778 843 ὲπικλύσεσιν.

3076 873 3199 944 tm:
3269 883 3345 939 ς.
3736 873 3747 885 ·

2501 976 2776 1041 Σωθέντες
2826 981 2889 1049 τῇ
2926 980 3046 1054 θείᾳ
3103 986 3285 1054 χάριτι
3329 990 3374 1040 οί
3405 989 3536 1043 θεῖοι
3580 991 3678 1060 τῆς
3720 994 4001 1063 Παρθένου

2429 1070 2781 1142 γεννήτορες,
2812 1074 3018 1145 ταύτην
3049 1076 3124 1139 ὡς
3180 1077 3409 1148 ἄμωμον
3459 1083 3788 1153 περιστερὰν
3818 1087 3897 1147 εἰς
3933 1087 4002 1139 τὰ

2430 1157 2596 1225 ’Ἅγια
2628 1162 3006 1234 ἀνατραφῆναι
3046 1168 3195 1236 πόθῳ
3222 1169 3589 1224 ἀνατιθέασιν.

2499 1340 2606 1393 Τοῦ
2634 1342 2733 1410 τῆς
2765 1341 3066 1415 μελλούσης
3083 1344 3416 1415 εἰσδέχεσθαι
3448 1348 3508 1400 τὸ
3535 1348 3650 1417 φῶς
3689 1354 3749 1402 re
3781 1352 3846 1403 ἐκ
3888 1370 4004 1420 φω-

2425 1435 2516 1498 τὸς
2561 1437 2961 1506 προερχόμενον
2996 1437 3149 1505 φῶτα
3182 1438 3560 1509 ὑφαπτόμεναι
3588 1443 3747 1511 κόραι
3805 1448 4005 1511 σεμναὶ

2427 1525 2856 1595 προπορεύονται
2911 1527 3175 1596 φωτοειδῆ
3222 1528 3355 1597 πρὸς
3422 1527 3565 1582 θεῖον
3626 1532 3752 1584 ναὸν
3803 1533 4002 1601 χορεύο

2429 1632 2604 1667 ουσαι.

2498 1708 2571 1759 Τὸ
2588 1707 2797 1778 πλῆρες
2821 1707 2978 1778 δόξης
2999 1706 3280 1773 παλάτιον,
3304 1707 3364 1761 τὸ
3395 1709 3536 1779 μέγα
3563 1711 3863 1779 προφητῶν
3896 1729 4001 1762 πε-

2433 1801 2698 1869 ριήχημα,
2735 1799 2925 1869 θρόνος
2956 1801 2984 1851 ὁ
3016 1800 3169 1867 ἅγιος
3220 1798 3367 1851 ἔνδον
3416 1802 3496 1862 είς
3554 1800 3724 1868 ’Ἅγια
3780 1798 3994 1855 τίθεται

2432 1895 2511 1964 τῷ
2540 1893 2758 1946 Βασιλεί
2790 1892 2898 1945 τῶν
2936 1894 3071 1946 ὅλων
3100 1892 3541 1962 ὲτοιμαζόμενος.

2513 1986 2698 2056 ’Υμνῶ
2728 2004 2841 2051 σου,
2873 1987 3047 2055 Κόρη,
3097 1986 3194 2056 τὴν
3226 1984 3507 2053 σύλληψιν,
3542 1984 3695 2055 ὑμνῶ
3753 2002 3850 2039 σου
3904 1988 4008 2056 τὴν

2432 2080 2745 2150 ἀπόρρητον
2784 2080 3060 2150 γέννησιν,
3126 2078 3281 2148 ὑμνῶ
3336 2077 3435 2146 τὴν
3498 2078 3707 2147 σκέπην
3773 2095 3890 2141 σου,
3935 2080 4007 2131 δι’

2431 2165 2497 2241 ἦς
2523 2170 2726 2240 βλάϐης
2756 2171 2939 2241 πάσης
2993 2169 3215 2241 ῥύομαι,
3253 2171 3281 2222 ό
3309 2169 3445 2240 πρὸς
3473 2168 3571 2240 τὴν
3610 2170 3708 2240 σὴν
3759 2172 4011 2241 γαλήνην

2433 2264 2909 2332 κατεπειγόμενος.

3109 2446 3231 2518 ’ῼδὴ
3254 2445 3313 2510 ξ’.

2501 2541 2817 2609 Φωτοφόρον
2866 2557 2924 2594 σε
2958 2540 3035 2604 ὡς
3080 2540 3235 2611 ἥλιον
3271 2538 3571 2611 εἰσδέχεται
3599 2540 3726 2603 vah;
3758 2542 3786 2593 ὁ
3819 2540 4004 2609 ἅγιος,

2432 2631 2579 2683 ἔνδον
2611 2631 3030 2701 ἁστράπτουσαν
3059 2630 3287 2694 ἀκτῖνας
3316 2633 3427 2693 τοῖς
3468 2630 3669 2700 πέρασι
3698 2631 4000 2699 σωτηριώ-

2431 2723 2563 2787 δεις,
2609 2724 2767 2794 ἁγνὴ,
2818 2724 3114 2794 ὑπεράγιον
3142 2722 3268 2776 ναὸν
3300 2722 3548 2790 γενέσθαι
3580 2720 3879 2792 μέλλουσαν
3908 2722 4011 2774 τοῦ

2434 2815 2563 2867 Υίοῦ
2595 2814 2755 2878 Θεοῦ,
2796 2815 3057 2884 Παρθένε.

2502 2908 2701 2975 Χεῖρας
2754 2908 2997 2970 ἅπαντες
3030 2908 3331 2977 κροτήσατε
3384 2906 3705 2976 λυτρώσεως
3756 2907 4012 2976 σύμϐολα

2434 3001 2702 3070 φέρουσαν
2730 3000 2826 3070 τὴν
2864 3000 3236 3070 ἀπειρόγαμον
3268 2999 3502 3069 ὁρῶντες
3523 3016 3537 3029 ·
3601 3002 3842 3067 ἀγγέλου
3893 3003 4011 3071 γὰρ

2431 3095 2617 3164 χερσὶν
2650 3093 2990 3161 ἑκτρέφεται,
3020 3094 3110 3144 τὸν
3140 3093 3389 3161 οὐράνιον
3414 3094 3575 3163 ἄρτον
3610 3094 3741 3162 ἡμῖν
3775 3092 3850 3156 ὡς
3879 3094 4015 3163 μέλ-

2349 3203 2394 3266 C
2434 3184 2630 3238 λοῦσαν
2657 3184 2980 3254 ἀπορρήτως
3014 3184 3349 3236 ἀποτίκτειν.

2501 3276 2687 3346 Ψυχαὶ
2714 3276 2923 3330 ἅπασαι
2961 3277 3185 3329 δικαίων
3211 3276 3513 3345 ὑποχθόνιοι
3549 3276 3971 3343 εὑαγγελίςεσθε
3992 3295 4009 3308 ο

2431 3371 2792 3439 περιστερὰή
2835 3370 3010 3440 χρυσῆ
3048 3368 3388 3422 κατάπαυσιν
3444 3370 3681 3436 φέρουσα
3734 3369 4010 3422 κατακλυο

2435 3460 2575 3530 σμοῦ
2639 3460 2831 3530 νοητοῦ
2887 3462 3296 3530 πεφανέρωται,
3332 3460 3426 3512 καὶ
3481 3462 3559 3522 εἰς
3606 3460 3775 3528 ’Δγια
3836 3462 4012 3528 ἁγίων

2431 3552 2668 3616 εὑσεδῶς
2699 3552 3068 3623 περιχορεύει.

2514 3730 2599 3793 Ὠς
2651 3729 2827 3798 ὡραία
2854 3730 2945 3782 τὸν
2971 3729 3172 3800 ὡραῖον
3190 3754 3197 3762 ·
3218 3729 3557 3797 ἀπεκύησας,
3585 3728 3682 3797 τὴν
3724 3729 4012 3798 ἀμορφίαν

2430 3823 2587 3893 ημῶν
2614 3823 3097 3891 προσεπανάγοντα
3124 3822 3203 3883 εἰς
3237 3820 3461 3891 πρώτην
3507 3822 3831 3889 ἐμφέρειαν,
3854 3822 4013 3890 Κόρη

2432 3916 2738 3983 πανὰμωμε
2758 3930 2770 3944 ·
2804 3908 2849 3981 ᾧ
2874 3915 2964 3966 καὶ
2979 3913 3254 3984 ψάλλομεν
3275 3931 3288 3945 ⁸
3306 3914 3365 3966 Ὀ
3382 3913 3488 3965 τῶν
3518 3912 3773 3982 πατέρων
3801 3911 4013 3982 Κύριος

2431 4006 2525 4061 καὶ
2557 4005 2688 4066 Θεὸς
2722 4004 3011 4073 εὐλογητὸς
3047 3999 3115 4055 εἷ.

2796 4096 2918 4166 ᾯδὴ
2946 4094 3017 4165 η’,
3091 4095 3241 4149 κατὰ
3275 4093 3643 4164 ἁλςςάόητον.

2507 4209 2728 4273 Ἄκουε,
2762 4206 2942 4271 σύνες,
2976 4204 3256 4276 πρεσϐύτα
3284 4206 3434 4275 σοφὲ,
3471 4204 3549 4275 τῷ
3568 4204 3816 4277 Ζαχαρία
3836 4208 4015 4263 ’Ἄννα

2432 4303 2585 4371 φησῇ

2504 4392 2762 4462 Βουλήσει
2810 4391 2933 4462 θείᾳ⁴
2967 4390 3031 4461 ἣν
3090 4390 3249 4461 ἔσχον
3295 4390 3463 4444 παῖδα
3516 4392 3722 4461 σεμνὴν
3771 4394 4013 4462 γενναίᾳ.

2431 4484 2576 4554 ψυχῇ
2603 4482 2876 4550 ὑπόδεξαι.

2504 4578 2582 4628 Δι’
2605 4575 2775 4643 αὑτῆς
2806 4573 2915 4645 γὰρ
2944 4572 3095 4626 ἔσται
3135 4570 3422 4641 λύτρωσις,
3457 4570 3554 4623 καὶ
3611 4570 3692 4633 εἰς
3752 4570 3885 4622 ναὸν
3919 4571 4017 4623 τὸν

2429 4670 2585 4738 ἆγιον
2635 4666 2832 4722 ἅνάθου
2881 4664 3087 4734 ταύτην
3147 4664 3284 4736 βοῶν
3324 4679 3337 4693 ·
3365 4662 3676 4731 Esmun,
3706 4665 3891 4715 πάντα
3941 4664 4017 4715 τὰ

2425 4761 2565 4833 ἔργα
2586 4760 2814 4831 Κυρίου,
2834 4758 2926 4811 τδν
2955 4756 3182 4827 Κύριον.

2496 4855 2800 4925 Εὐλογητὸς
2848 4854 3008 4924 μόνος
3039 4850 3265 4922 Κύριος,
3297 4850 3523 4921 ὲόόησεν
3550 4852 3578 4904 ὁ
3606 4850 3811 4922 ἱερεὺς,
3854 4853 4013 4919 Ζωῆς

2425 4948 2663 5013 εἰσόδους
2701 4946 2795 5001 νῦν
2822 4944 3143 5015 ὑποφαίνεις
3181 4943 3388 5014 σαφῶς.

2430 5195 2582 5252 Sicut
2615 5194 2695 5248 sol
2749 5192 2922 5246 oriens
2978 5193 3197 5254 mundo,
3229 5197 3361 5248 etc..
3395 5186 3609 5256 inquit:
3662 5204 3681 5236 ι
3720 5184 3877 5241 Sicut
3925 5187 4013 5239 sui

2430 5276 2646 5321 creatus
2675 5274 2758 5319 est
2788 5265 2981 5333 plenus
3004 5261 3229 5325 lumine,
3259 5268 3314 5312 et
3338 5257 3455 5311 sine
3484 5258 3592 5311 ulla
3620 5256 3889 5333 tenebra}
3921 5258 4011 5333 ita

2431 5335 2604 5391 Mater
2629 5336 2719 5389 Dei
2762 5327 2817 5388 in
2842 5333 3201 5399 conceptione
3252 5343 3351 5383 sua
3379 5337 3656 5399 procreata
3680 5336 3765 5378 est
3797 5327 4009 5395 fulgida

2426 5408 2633 5461 lumine
2672 5406 2866 5459 divina:
2895 5397 3083 5472 gratiae
3104 5440 3120 5465 ,
3147 5408 3202 5454 et
3234 5413 3511 5468 nunquam
3561 5397 3854 5450 obscurata
3901 5398 4014 5451 [ιλιι

2429 5480 2534 5532 ulla
2569 5475 2776 5547 peccati
2801 5475 3041 5547 tenebrat.
3080 5490 3099 5524 ι
3211 5539 3223 5547 _
3413 5537 3423 5547 ,
3463 5537 3474 5547 _
3572 5537 3584 5547 ,

2492 5537 2606 5617 (Ml
2636 5546 2815 5612 Quare
2838 5554 2947 5597 tota
2972 5539 3342 5617 immaculata,
3373 5537 3476 5592 nisi
3498 5537 3645 5617 quia,
3670 5537 3856 5617 quoad
3882 5550 4012 5617 om-

2422 5608 2543 5673 nem
2576 5608 2699 5671 vita:
2722 5630 2837 5669 suae
2860 5624 3090 5684 partem,
3123 5613 3243 5665 sine
3268 5610 3385 5684 ulla
3402 5608 3609 5684 peccati
3640 5608 3858 5684 macula
3886 5615 4009 5660 tota

2420 5690 2561 5743 fuit?
2596 5687 2711 5741 Non
2749 5678 3146 5758 lnis'setautem
3184 5690 3318 5758 tota,
3343 5681 3390 5758 si
3422 5680 3477 5758 in
3512 5679 3687 5747 prima
3720 5678 3849 5758 vita:
3886 5690 4008 5758 sua:

2421 5769 2596 5828 parte,
2619 5772 2742 5827 quae
2765 5753 3053 5828 conceptio
3080 5763 3183 5816 est,
3218 5748 3504 5821 originalis
3533 5748 3749 5817 peccati
3782 5748 4009 5802 macula

2421 5826 2695 5885 sordidata
2726 5826 3086 5896 apparuisset.
