4164 6456
750 397 858 464 999

1845 403 1904 465 S.
1945 400 2220 464 JOSEl‘II
2233 403 2255 461 I
2295 401 2854 465 IIYMNOGRAPHI

3853 401 3993 466 1000

743 512 909 565 tionis
942 510 1174 580 abyssus
1204 512 1479 582 cooperiat
1515 529 1618 568 me.
1661 513 1900 569 Habeam
1944 532 2038 585 per
2082 526 2132 570 te
2179 517 2318 570 salu-

2444 519 2536 571 ι>.λ’
2558 521 2696 589 αὐτή
2732 537 2799 589 με
2835 519 3006 573 σῶσον
3039 519 3129 572 καὶ
3157 517 3490 589 κυδέρνησον
3517 516 3654 588 πρὸς
3681 517 3878 587 λιμένα
3895 537 3988 573 του

754 616 891 660 tem:
930 613 984 658 tu
1029 607 1161 660 mihi
1187 608 1532 678 gubernatrix
1585 621 1702 663 esto
1755 609 1823 663 ad
1862 621 2079 680 portum
2114 611 2314 665 divime

741 699 1061 753 voluntatis.

1435 815 1486 883 2
1542 815 1622 868 ιιι.

748 924 1235 999 ΙιιΑριόίεδίὶιιὶιαζβ
1269 928 1675 980 obdormitionis
1721 928 2036 984 beatissima
2086 930 2318 999 Virginis

813 995 990 1048 C(UlO"
1023 993 1272 1064 lll(l5'.
1307 999 1456 1065 cujus
1495 1000 1805 1052 arroslichis
1833 1003 1942 1052 hwc
1968 1012 2044 1054 est
2068 1017 2085 1054 :
2111 993 2318 1055 ιιξωιιη

814 1067 1032 1118 dilaudo
1073 1064 1386 1120 Genitricem
1419 1067 1516 1120 Dei
1543 1066 1765 1136 Ioseph.

1413 1247 1526 1301 Ode
1576 1249 1628 1300 l.

815 1361 943 1418 Laeti
1010 1371 1292 1416 cantemus
1348 1363 1599 1428 Domino,
1630 1363 1724 1432 qui
1776 1378 1931 1417 suam
1993 1365 2320 1420 incontami-

746 1464 926 1507 natam
956 1463 1010 1508 et
1030 1455 1180 1508 omni
1205 1455 1492 1508 sanctitate
1517 1454 1794 1523 praeditam
1827 1456 1880 1508 iu
1906 1472 2071 1512 carne
2101 1455 2320 1512 Matrem

745 1547 1027 1599 transtulit
1056 1547 1120 1599 ad
1155 1557 1354 1598 terram
1389 1545 1712 1600 viventium.

815 1641 1172 1694 Accelerabas
1234 1651 1294 1693 tu
1335 1641 1447 1709 ipsa
1489 1657 1708 1710 quoque
1741 1640 2131 1711 profectionem
2165 1645 2322 1698 istaut

745 1736 955 1802 magnis
988 1735 1287 1804 gressibus,
1331 1751 1363 1788 ο
1396 1733 1584 1804 Virgo,
1610 1744 1668 1788 ut
1702 1745 1855 1789 tanto
1882 1736 2043 1790 citius
2085 1737 2323 1804 glOt-iosc

2419 609 2564 662 Θεὶου
2596 611 2721 681 Θελή
2730 627 2916 680 ματος.

3168 815 3242 868 Γ’.

2436 925 2538 1001 Ἔχ·
2593 927 2904 1001 προθορτίᾳ
2956 925 3068 1001 τ-ἧς
3121 929 3456 1001 κοιμήσεως
3502 931 3614 999 τῆς
3662 933 3997 1001 ὑπερατιιις

2497 997 2810 1074 Beardaneu,
2844 997 3058 1074 Κιιγὼν
3098 1005 3169 1074 τί,
3207 997 3280 1058 οὗ
3331 1003 3370 1069 ἠ
3415 997 3790 1074 ἀκροᾶται(
3818 997 3992 1057 έάτιι

2490 1086 2534 1186 :7
2554 1069 2710 1150 ᾼίνῶ
2748 1070 3008 1137 γεγηθὼς
3047 1069 3152 1121 τοῦ
3210 1074 3356 1126 Θεοῦ
3407 1072 3520 1139 τὴν
3569 1069 3805 1143 Μηξέρα
3874 1077 3997 1129 ἰωο

2546 1154 2646 1205 ηερ.
2693 1156 2713 1188 ›

3085 1257 3212 1327 ᾯδὴ
3259 1251 3329 1311 α’.

2500 1361 2754 1436 ᾊσωμεν
2785 1365 2862 1436 τῷ
2898 1367 3089 1438 Κυρίῳ
3118 1368 3226 1421 τῶν
3253 1369 3312 1419 ἐν
3361 1367 3516 1440 χώρᾳ
3558 1368 3778 1434 ζώντων
3824 1385 3999 1437 μετα-

2429 1458 2688 1526 στήσαντι
2719 1461 2816 1527 τὴν
2857 1460 3054 1513 ἑαυτοῦ
3084 1460 3224 1514 κατὰ
3264 1462 3439 1532 σάρκα
3469 1463 3742 1531 πανατίαν
3764 1463 4004 1535 Μητέρα

2425 1547 2524 1618 τὴν
2563 1549 2852 1618 ἄχραντον.

2499 1641 2612 1695 Ἰνα
2645 1643 2702 1695 τὸ
2723 1643 2916 1708 κάλλος
2949 1643 3154 1718 βλέπῃς
3187 1647 3279 1700 καὶ
3311 1646 3699 1718 καταπολαύῃς
3726 1647 4004 1720 ὡραιότη-

2426 1752 2517 1798 τος
2560 1734 2653 1788 τοῦ
2685 1736 2815 1790 Υἱοῦ
2845 1755 2959 1804 σου,
2995 1738 3262 1809 Παρθένε,
3312 1740 3446 1810 πρὸς
3476 1740 3639 1794 αὐτὸν
3675 1742 4002 1812 μεταστᾶσα

747 1843 892 1880 nunc
926 1825 1044 1878 Filii
1070 1827 1529 1895 pulchritudinem
1554 1841 1829 1912 cerneres,
1851 1837 2014 1897 atque
2039 1830 2175 1882 mira
2203 1830 2323 1900 ejus
2360 1868 2399 1921 Β
2427 1829 2749 1899 ἀνέδραμες.

747 1918 1060 1972 aniceuitate
1090 1916 1368 1970 fruereris.

819 2008 882 2060 Et
914 2023 1042 2062 vero
1067 2018 1293 2063 mortem
1317 2006 1723 2077 quodammodo
1751 2007 2084 2074 sustinuisti,
2115 2019 2173 2062 tu
2204 2021 2326 2079 quae

748 2101 870 2154 talis
884 2097 1002 2152 Filii
1021 2098 1265 2153 Genitrix
1291 2097 1462 2162 fuisti,
1487 2099 1579 2168 qui
1607 2107 1836 2154 mortem
1868 2100 2054 2153 attulit
2089 2101 2324 2167 inferno,

747 2193 952 2261 quique
992 2191 1225 2245 mortuis
1261 2189 1574 2244 hominibus
1605 2205 1701 2260 per
1732 2203 1784 2245 te
1813 2206 1959 2246 nunc
1991 2191 2157 2246 vitam
2179 2191 2324 2246 elar-

747 2287 915 2356 gitur.

820 2377 929 2443 Tu,
962 2397 994 2431 υ
1031 2376 1214 2446 Virgo,
1242 2377 1617 2430 demonstrata
1647 2391 1707 2431 es
1765 2375 2024 2431 omnibus
2059 2376 2329 2432 creaturis

751 2470 939 2538 purior
966 2467 1242 2539 (l6),quia
1263 2465 1518 2536 peperisti
1549 2481 1673 2520 eum
1698 2466 1791 2536 qui
1838 2467 1979 2520 tollit
2001 2476 2252 2536 peccata;
2276 2476 2332 2521 et

751 2572 970 2630 propter
1016 2561 1156 2614 hanc
1188 2573 1320 2613 sane
1355 2573 1575 2612 causam
1627 2565 1678 2611 te
1731 2573 1854 2612 cum
1917 2557 2181 2629 singulari
2227 2557 2333 2611 fide

753 2654 1141 2722 glorificamus.

1448 2740 1560 2796 Ode
1584 2742 1638 2796 ὅ.

825 2857 1039 2927 Utique
1067 2857 1268 2913 caelum
1299 2865 1352 2910 et
1385 2864 1527 2909 terra
1558 2863 1780 2924 propter
1810 2855 1953 2909 hunc
1981 2863 2134 2908 tuum
2159 2863 2336 2909 trans-

762 2952 896 3004 itum
952 2951 1228 3012 laetantur,
1260 2949 1429 3003 Mater
1460 2949 1554 3002 Dei
1584 2950 1677 3018 qui
1732 2950 2160 3018 inexspectatum
2215 2965 2334 3002 ruu-

758 3049 865 3094 tuaa
889 3041 1294 3108 conjunctionis
1330 3039 1642 3130 vinculum,.
1672 3055 1767 3108 per
1801 3047 1892 3092 tua
1945 3038 2002 3092 in
2045 3038 2200 3094 caelis
2242 3053 2337 3108 pa-

758 3133 985 3186 trocinia
1011 3139 1446 3199 consequuntur.

837 3223 1213 3291 Susripientcs
1253 3231 1303 3277 te
1331 3240 1358 3275 a
1399 3223 1558 3276 terris
1582 3221 1830 3276 cmlestes
1861 3221 2035 3291 angeli
2067 3220 2168 3276 hac
2190 3219 2337 3275 tuiin
2368 3213 2409 3270 C

763 3319 864 3387 13
923 3319 1088 3370 altum
1130 3317 1504 3385 deportatione
1543 3316 1967 3381 exsultabant,o
2011 3325 2335 3369 cunctorum

758 3410 1008 3463 laudibus
1039 3409 1310 3464 celebrata
1340 3407 1432 3461 Dei
1473 3406 1741 3461 Genitrix.

818 3501 1008 3554 Divina
1047 3509 1100 3554 et
1130 3500 1406 3553 adoranda
1463 3510 1552 3553 tua
1597 3499 1650 3552 in
1689 3499 1885 3553 cmlum
1928 3498 2339 3569 transmigratio

761 3611 870 3648 non
919 3595 1102 3647 minus
1143 3609 1329 3647 revera
1372 3602 1590 3662 captum
1645 3593 1937 3645 humanum
1972 3593 2270 3659 superavit.
2305 3607 2338 3645 ο

765 3684 925 3754 Virgo
956 3685 1155 3738 intacta
1184 3698 1343 3752 quam
1371 3682 1618 3736 eumdem
1635 3683 1909 3752 superavit
1933 3692 2023 3736 tua
2041 3681 2342 3737 fecunditas

760 3776 814 3829 in
848 3775 1125 3845 pariendo.

832 3868 886 3921 ln
922 3867 1164 3921 caelestia
1200 3865 1554 3919 tabernacula
1596 3863 1744 3919 fuisti
1777 3873 1833 3919 tu
1873 3865 2086 3919 sublata
2117 3907 2132 3931 ,
2164 3882 2198 3918 ο
2245 3881 2341 3921 ca-

761 3961 1008 4013 stissima
1049 3968 1102 4012 et
1137 3958 1300 4011 nullis
1323 3957 1566 4025 subjecta
1587 3955 1748 4027 Virgo
1771 3956 2022 4022 maculis,
2049 3957 2196 4025 quod
2220 3973 2344 4012 eras

764 4051 1024 4105 nimirum
1055 4051 1227 4104 multo
1255 4049 1490 4102 maxime
1518 4063 1716 4118 purum
1749 4038 1842 4103 Dei
1873 4049 2158 4118 templum.

1453 4164 1566 4218 Ode
1626 4163 1680 4218 4.

836 4282 1008 4335 Letho
1064 4281 1392 4335 exstinctam
1428 4289 1482 4334 et
1527 4280 1676 4332 omni
1710 4279 1978 4348 privatam
2018 4295 2147 4334 voce
2176 4279 2346 4348 ipsius

767 4384 817 4429 te
837 4380 960 4426 vitae
975 4373 1324 4434 Genitricem,
1347 4373 1474 4424 dum
1500 4373 1774 4440 aspiciunt
1791 4369 1953 4424 Verbi
1970 4371 2137 4424 divini
2161 4381 2348 4440 mysta:

767 4468 841 4531 (id
859 4475 940 4518 est
957 4465 1228 4533 apostoli),
1255 4466 1442 4534 ing-ns
1461 4478 1555 4517 eos
1572 4463 1865 4515 admiratio
1878 4471 1932 4515 et
1951 4462 2096 4516 velut
2117 4462 2348 4516 ecstasis

769 4560 1062 4628 oppressit,
1100 4573 1132 4610 o
1169 4571 1442 4624 nunquam
1482 4555 1757 4608 sordidata
1811 4553 1974 4622 Virgo
2011 4554 2024 4607 !

840 4653 918 4704 Ah
952 4650 1154 4704 funus!
1186 4658 1239 4702 et
1261 4648 1421 4702 simul
1459 4661 1492 4700 ο
1521 4647 1690 4716 gratia
1721 4648 1733 4700 !
1765 4660 1799 4699 ο
1835 4647 1961 4698 item
2002 4645 2121 4699 laus
2159 4645 2344 4698 divina

769 4760 987 4799 omnem
1020 4741 1289 4796 excedens
1338 4741 1694 4800 intellectum,
1731 4754 1894 4808 quam
1937 4747 2063 4791 tunc
2093 4738 2345 4806 apostoli,

768 4841 844 4893 nil
878 4837 983 4892 nisi
1013 4836 1256 4890 divinum
1289 4833 1582 4902 sapientes,
1612 4841 1738 4886 sunt
1761 4829 2051 4899 auspicati,
2083 4844 2206 4882 cum
2241 4828 2349 4882 sci-

771 4933 916 4996 licet,
941 4945 974 4985 o
1013 4928 1163 4984 omni
1195 4942 1258 4981 ex
1286 4935 1440 4996 parte
1465 4924 1796 4989 beatissima,
1823 4933 1874 4976 te
1904 4923 2341 4976 circumstarent.

845 5131 962 5200 (l5)
1016 5131 1290 5200 Canonem
1346 5127 1496 5200 hun_c_
1545 5124 1605 5200 in
1665 5120 2077 5200 profestivitnate,
2139 5136 2232 5176 seu
2293 5121 2347 5174 in

773 5191 959 5275 vig‘ilia
993 5199 1429 5275 Obdormitionis
1460 5195 1800 5275 B._Virginis,
1830 5194 1922 5262 qui
1953 5191 2350 5275 Gneee‘oexstat

776 5261 1087 5329 invMenmis
1128 5284 1237 5322 tam
1284 5267 1567 5336 impressis
1603 5261 1767 5333 quam
1821 5261 2210 5336 manuscriptis
2246 5261 2348 5315 sub

775 5347 863 5399 die
893 5344 956 5397 Η
989 5341 1238 5409 Augusti,
1276 5333 1380 5409 una
1416 5352 1540 5390 cum
1576 5348 1785 5409 canone
1841 5333 1908 5386 de
1944 5335 2346 5409 pret_i_o_sa_zona

777 5415 839 5469 Β.
892 5400 1152 5482 Virginis,
1205 5400 1498 5482 Latinitate.
1533 5422 1566 5482 Ξ
1613 5422 1671 5482 se
1710 5400 1962 5482 donatos,
1997 5402 2128 5456 mihi
2151 5400 2349 5482 plena-

779 5484 905 5538 chio
935 5470 1163 5536 Romam
1199 5478 1504 5534 transmisit
1533 5475 1591 5529 P.
1617 5476 1806 5528 Simon
1830 5470 2185 5541 Vuaguereck
2215 5470 2342 5525 Soe.

779 5554 910 5622 glesu
939 5552 1244 5624 theologus,
1281 5549 1493 5624 amicus
1533 5561 1708 5599 meus-
1760 5617 1770 5624 _
2003 5613 2024 5624 ,
2063 5612 2076 5624 ,
2175 5617 2189 5624 _
2228 5609 2264 5624 ,ι
2305 5611 2316 5622 .

779 5616 792 5630 ’
858 5625 970 5695 (16)
1004 5609 1497 5695 Ρυτῖοτ-ὀηιιιῲιιε
1535 5617 1806 5695 creatur-is
1853 5629 1960 5695 non
2000 5609 2350 5695 fuisset‘Dei-

785 5685 1015 5765 para,'si
1047 5707 1172 5745 eum
1197 5686 1766 5765 impuritatepeccati
1811 5685 2121 5765 originalis,
2155 5689 2213 5765 u_t
2245 5697 2352 5765 cae-

789 5751 887 5818 ieri
925 5751 1129 5817 'omues
1180 5751 1311 5834 Atla}
1355 5751 1577 5829 posteri,
1609 5751 2145 5834 concepta—fuisset.
2187 5751 2355 5834 Igitur

792 5845 852 5889 ut
883 5835 1071 5904 purior
1091 5825 1655 5888 omnibus‘creaturis
1687 5825 1812 5882 vere
1841 5826 1912 5884 sit
1935 5833 1989 5881 et
2022 5825 2127 5878 dici
2157 5825 2353 5893 possit,

2377 4564 2424 4621 D

2501 2008 2792 2080 Νεύρωσίν
2851 2026 2971 2073 πως
3027 2009 3291 2082 ὑπέστης,
3324 2010 3360 2080 ἡ
3390 2012 3476 2067 τὸν
3527 2010 3811 2081 νεκρωτὴν
3876 2010 4011 2082 ᾅδου

2429 2102 2704 2171 κυήσασα,
2738 2102 2832 2155 καὶ
2881 2105 3095 2174 νεκροῖς
3123 2105 3235 2167 τοῖς
3277 2101 3592 2174 ἀνθρώποις
3630 2104 3718 2158 διὰ
3774 2105 3874 2158 σοῦ
3907 2106 4010 2159 νῦν

2429 2193 2575 2264 ζωὴν
2602 2195 2989 2266 χαρισάμενον.

2503 2376 2716 2447 Ὠφθης
2733 2377 3114 2449 καθαρωτέρα,
3144 2377 3363 2433 πάντων
3382 2378 3472 2433 τὸν
3511 2379 3847 2450 καθαίροντα
3872 2380 4019 2451 κυή·

2433 2485 2572 2521 σασα
2595 2468 2894 2540 ἁμαρτίας,
2921 2470 3169 2542 Παρθὲνε
3193 2487 3210 2502 ·
3243 2471 3330 2524 διὰ
3359 2471 3517 2526 τοῦτὸ
3557 2489 3617 2526 σε
3647 2473 3832 2528 πίστει
3854 2473 4024 2540 δοξά-

2433 2561 2618 2630 ξομεν.

3106 2740 3230 2811 ᾩδὴ
3279 2738 3351 2810 γ’·

2505 2849 2582 2921 Γῆ
2613 2853 2708 2906 καὶ
2729 2855 2798 2908 τὰ
2827 2850 3056 2924 οὐράνια
3122 2859 3188 2925 τῇ
3222 2856 3551 2926 μεταστάσει
3603 2876 3698 2911 σου
3733 2860 4024 2932 χαίρουσι,

2436 2944 2630 3016 Μῆτερ
2660 2945 2820 3010 Θεοῦ,
2849 2946 2936 3000 διὰ
2964 2946 3058 3000 σοῦ
3103 2949 3334 3018 τυχόντα
3394 2951 3700 3022 παραδόξου
3737 2953 4024 3021 ὲνώσεως.

2518 3211 2776 3281 Ἔχαιρον
2799 3212 3039 3282 οὐράνιοι
3062 3214 3446 3285 ὑποδεχόμενοι
3461 3217 3683 3285 ἄγγελοι
3706 3219 3765 3272 σὲ
3785 3220 3900 3275 ἀπὸ
3917 3221 4031 3291 τῆς

2441 3303 2878 3374 ἀναφερομένην,
2919 3305 3150 3358 Θεοτόκε
3181 3305 3519 3376 πανύμνητε.

2515 3479 2712 3548 Γέγονε
2746 3479 3048 3550 παράδοξος
3083 3479 3274 3553 ὥσπερ
3300 3484 3334 3552 ἡ
3356 3477 3572 3555 κύησις,
3630 3484 3899 3554 ἆχραντε,
3928 3485 4032 3539 eo:

2443 3572 2681 3642 ἀληθῶς,
2721 3572 2865 3627 οὕτω
2921 3575 3014 3628 καὶ⁵
3069 3576 3102 3645 ἡ
3161 3574 3280 3628 θεία
3338 3577 3432 3630 καὶ
3478 3579 3650 3648 σεπτή
3704 3596 3801 3632 σου
3853 3581 4034 3648 μετά-

2447 3683 2658 3730 στασις.

2519 3857 2730 3928 Ἥρθης
2753 3859 2888 3927 πρὸς
2928 3856 3264 3927 σκηνώματα
3289 3858 3357 3912 τὰ
3391 3859 3710 3930 ἐπουράνια,
3752 3863 4040 3932 Πάναγνε,

2445 3952 2578 4005 οὖσα
2632 3949 2791 4016 Θεοῦ,
2842 3953 3077 4021 ἄχραντε
3110 3951 3376 4024 Παρθένε,
3425 3955 3817 4024 καθαρώτατον
3863 3956 4045 4028 τέμε-

2448 4060 2559 4107 νος.

3134 4163 3256 4233 ’φὴ
3290 4160 3349 4218 ε.

2517 4274 2736 4346 Θάμόος
2784 4269 2899 4344 εἶχε
2926 4276 3018 4328 καὶ
3039 4275 3294 4339 ἔκστασις
3341 4278 3468 4340 τοὺς
3484 4276 3578 4330 τοῦ
3609 4278 3782 4344 Λόγου
3817 4279 4049 4351 μύστας

2448 4368 2711 4439 ὁρῶντας,
2745 4369 3006 4440 ἅχραντε,
3026 4371 3084 4421 σὲ
3112 4368 3314 4440 νεκρὰν
3329 4367 3496 4423 οὖσαν
3531 4371 3624 4424 καὶ
3653 4371 3899 4440 ἄφωνον,
3936 4375 4047 4444 τῆς

2451 4461 2598 4531 ζωῆς
2621 4461 2836 4531 μητέρα
2861 4461 3330 4532 χρηματίζουσαν.

2526 4642 2590 4694 Ὢ
2609 4639 2850 4712 κηδείαςί
2868 4640 2916 4693 ὥ
2944 4640 3190 4710 χάριτοςί
3223 4637 3272 4693 ὣ
3297 4640 3396 4709 τῆς
3425 4639 3567 4710 ὑπὲρ
3584 4638 3743 4709 λόγον
3767 4640 3897 4694 τότε
3929 4641 4050 4712 up.-

2454 4737 2683 4806 νήσεως,
2741 4730 2813 4806 ἦς
2863 4733 3108 4806 προῆγον
3141 4735 3192 4789 oi
3226 4732 3517 4804 θώφρονές
3541 4749 3601 4786 σε
3630 4733 4047 4804 περιεστῶτες,

2454 4847 2529 4882 πα
2537 4828 2910 4900 μμακάριστε.

2456 5136 2519 5176 ex
2575 5119 2636 5175 S.
2687 5119 2951 5190 Josepho,
2985 5116 3307 5189 huiusmodi
3363 5128 3448 5174 est
3494 5117 3564 5173 ab
3612 5133 3677 5173 ea
3739 5119 4054 5188 impar-itas

2456 5193 2772 5245 ableaanda.

2455 5207 2772 5247 anteaanaa.

2528 5210 2842 5332 minus?”
2884 5275 2999 5332 nec
3057 5259 3301 5332 subjecta
3353 5259 3579 5332 maculae
3637 5259 3898 5329 originali
3938 5279 3954 5315 :
3999 5265 4052 5318 si

2455 5329 2631 5386 enim
2660 5329 2795 5386 huic
2845 5331 3137 5398 aliquando
3169 5330 3412 5398 subjecta
3450 5329 3662 5390 fuisset,
3716 5345 3827 5382 non
3875 5335 4050 5395 nulli,

2455 5404 2548 5457 Sed
2582 5402 2747 5456 alicui
2789 5401 3015 5455 macula:
3059 5401 3307 5470 subjecta
3347 5400 3454 5454 dici
3495 5409 3698 5471 posset,
3740 5401 3892 5469 quod
3927 5418 4052 5457 non

2452 5475 2566 5526 vult
2600 5472 2656 5527 S.
2691 5471 2983 5540 Josephus.

2535 5545 2648 5613 (l8)
2682 5539 2899 5596 Fuisset
2946 5551 3127 5613 autem
3165 5541 3461 5613 aliquando
3502 5539 3805 5603 sordidata,
3851 5541 3907 5594 Id
3956 5554 4058 5598 est

2458 5615 2513 5668 in
2541 5611 2718 5683 primo
2744 5612 3107 5683 instantisui,
3139 5613 3184 5665 si
3210 5611 3574 5683 contraxisset
3607 5620 3896 5683 peccatum
3924 5619 4057 5667 ori-

2461 5681 2664 5752 giriale,
2704 5683 2849 5753 quod
2898 5682 3138 5753 animam
3185 5681 3457 5752 inquinat,
3514 5690 3570 5736 et
3605 5681 3812 5739 divinis
3857 5683 4058 5740 oculis

2463 5750 2888 5811 abominabilem
2912 5750 3110 5809 reddit.
