4164 6456
161 425 299 490 ιοοι

1563 434 1800 493 MARIA
1812 435 1917 493 LE.

3274 433 3409 500 1002

231 546 307 598 Σὺ
363 562 564 615 χωριον
607 549 916 620 εὐρύχωρον
954 549 1181 618 γέγονας
1213 549 1305 600 τοῦ
1360 521 1554 618 Λόνου,
1602 550 1718 603 ὅθεν

1905 551 2057 604 Verbi
2101 552 2248 605 locus
2286 560 2336 603 et
2365 550 2521 605 sedes
2569 553 2908 622 amplissima
2960 564 3015 608 tu
3052 552 3236 607 fuisti:
3271 555 3413 610 unde

159 637 372 705 μετῆρέ
404 653 462 688 σε
510 639 646 708 πρὸς
683 641 990 711 εὐρύχωρον
1039 642 1129 693 aut
1159 642 1331 708 ᾶγιον,
1361 642 1609 706 Θεοτόκε,
1641 642 1737 709 λῆ-

159 724 244 789 ξιν
282 726 377 778 καὶ
402 727 639 783 αἰώνιον.

231 813 345 883 Τὴν
366 815 530 884 ἁγίαν
562 835 658 870 σου
678 820 933 890 κοίμησιν
956 821 1176 888 ἄγγελοι
1198 821 1291 874 καὶ
1331 819 1603 892 ἄνθρωποι
1632 840 1738 893 μα·

158 905 476 973 καρίζουσι,
515 910 734 963 πάντων
789 913 976 976 πέλεις
1010 915 1120 981 γὰρ
1161 913 1468 980 βασίλισσα,
1505 915 1736 969 Βασιλέα

157 995 408 1065 πάντων,
431 1001 606 1072 Κόρη,
635 1003 854 1067 τέξασα.

845 1202 971 1274 ᾮδὴ
988 1203 1045 1260 ι’·

238 1314 297 1366 '0
346 1314 516 1384 τάφος
565 1333 658 1369 σου
703 1315 982 1387 κηρύττει,
1016 1320 1346 1390 πανάμωμε,
1405 1323 1504 1391 τὴν
1553 1323 1731 1392 ταφήν

153 1426 272 1473 σου,
303 1411 400 1462 καὶ
428 1409 527 1479 τὴν
558 1411 700 1480 μετά
731 1409 980 1482 σώματος
1013 1413 1152 1483 πρὸς
1181 1413 1440 1485 οὐρανοὺς
1485 1412 1581 1466 νῦν
1626 1433 1724 1482 με-

150 1502 436 1555 τὰστασιν.

243 1590 580 1660 ’Υμνήσατε,
620 1594 900 1664 παρθένοι,
933 1595 1214 1662 δοξάσατε,
1260 1595 1551 1662 νεανίσκοι,
1595 1615 1729 1668 πρε-

153 1679 351 1733 σϐύται
381 1684 474 1735 καὶ
503 1684 780 1754 ἄρχοντες,
803 1687 901 1755 τῆς
925 1686 1186 1742 Θεοτόκου
1214 1688 1314 1759 τὴν
1343 1686 1616 1758 κοίμησιν.

217 1857 472 1912 Θανοῦσα
519 1859 820 1924 ἀθανάτους
853 1861 1086 1932 μετέϐης
1123 1863 1258 1934 πρὸς
1311 1865 1589 1928 κατοικίας
1634 1867 1724 1935 ὲκ·
1757 1896 1798 1950 [ς

149 1950 277 2022 θρὺν
297 1951 656 2005 θανατῶσασα
685 1951 762 2023 τῷ
788 1954 992 2024 τοκετῷ
1023 1971 1138 2019 σου,
1178 1957 1504 2027 πανὰμωμε.

229 2129 534 2185 Ἐκύχλουν
616 2130 928 2204 θεολήπτων
976 2133 1184 2205 ἀνδρῶν
1235 2151 1294 2188 σε
1346 2137 1718 2207 χοροστασίαι,

146 2221 366 2288 egestu;
405 2225 644 2295 ῥήμασιν
683 2225 1104 2295 ὑμνολογοῦντές
1137 2244 1219 2293 σε,
1256 2228 1541 2283 Δέσποινα.

842 2421 964 2493 ᾯδὴ
982 2421 1055 2486 ς’.

225 2511 287 2564 ⁸0
321 2507 473 2576 οἶκος
502 2513 596 2566 τὸν
611 2513 702 2566 τοῦ
738 2514 932 2577 παντὸς
953 2514 1180 2583 συνοχέα
1204 2515 1232 2566 ὁ
1259 2516 1514 2586 χωρήσας
1548 2534 1716 2586 μετα-

146 2604 318 2656 ϐαίνει
351 2604 572 2672 οίκῆσαι
605 2605 741 2674 πρὸς
796 2606 1082 2676 οὐρανοὺς,
1121 2607 1345 2674 οὐρανὸς
1376 2608 1716 2678 δεδειγμένος

145 2694 383 2764 Χριστοῦ
410 2696 503 2749 καὶ
533 2695 719 2766 θρόνος
749 2699 841 2750 καὶ
872 2698 1018 2767 μέγα
1048 2699 1331 2764 παλάτιον,
1362 2701 1396 2769 ἡ
1443 2701 1717 2767 πάναγνος

145 2786 468 2858 περιστερὰ,
496 2782 564 2858 ἦς
595 2786 745 2840 θείαν
776 2788 1111 2859 ὐμνήσωμεν
1144 2791 1424 2861 κοίμησιν.

222 3050 560 3119 Ύπόπτεροι
585 3052 643 3104 ἐν
674 3052 921 3120 νεφέλαις
957 3053 1217 3124 ἀρθέντες
1246 3056 1417 3122 ἀετοὶ,
1452 3057 1528 3121 ὡς
1572 3060 1712 3130 ὑψη-

149 3141 310 3195 πέται
348 3141 445 3193 τοῦ
477 3142 650 3210 Λόγου
684 3144 1010 3215 Γεθσημανῆ
1051 3145 1418 3212 συνελθόντες,
1450 3148 1714 3218 Παρθένε,

1841 651 1895 694 et
1927 641 1995 694 ab
2038 642 2128 694 illo
2158 644 2220 696 ad
2257 644 2520 696 latissime
2571 653 2841 711 patentem
2867 655 2922 699 ct
2974 654 3222 699 sanctam
3247 656 3411 714 atque

1841 747 2116 801 nunquam
2138 735 2681 803 desituramquietem
2704 739 2966 793 translata
2990 754 3067 802 es,
3095 753 3128 791 ο
3148 737 3405 806 Deipara!

1910 823 2298 878 Dormitinnem
2323 836 2468 880 tuam
2501 843 2713 881 sacram
2740 831 2914 898 angeli
2949 831 3111 884 simul
3145 841 3199 884 et
3234 831 3410 884 homi-

1839 931 1932 971 nes
1965 918 2173 970 beatam
2213 916 2377 971 fuisse
2399 921 2739 987 profitentur.
2773 921 2839 973 Hs
2861 925 3001 974 enim
3029 924 3258 976 istorum
3284 938 3408 976 om-

1837 1009 1988 1061 nium
2025 1008 2233 1076 regina,
2271 1027 2301 1060 n
2333 1008 2514 1077 Virgo.
2547 1022 2604 1066 ut
2635 1028 2755 1081 qua:
2776 1011 2978 1082 Regem
3024 1016 3404 1069 universorum

1837 1103 2152 1169 procreasti.

2500 1197 2611 1252 Ode
2656 1199 2708 1253 5.

1906 1310 2167 1366 Omnibus
2198 1316 2440 1370 tumulus
2471 1315 2573 1369 iste
2599 1323 2726 1366 tuus
2763 1312 3078 1374 declaravit,
3105 1309 3402 1381 aliquando

1833 1407 1885 1452 te
1912 1399 2082 1456 fuisse
2116 1405 2436 1459 tumulatam
2467 1425 2480 1460 :
2521 1414 2574 1459 ct
2602 1404 2648 1458 is
2695 1417 2840 1456 nunc
2865 1416 3082 1470 quoque
3103 1401 3276 1472 palam
3310 1402 3400 1455 in-

1829 1491 1975 1546 dicat
2002 1496 2248 1562 corporis
2280 1496 2358 1551 tui
2384 1497 2447 1550 ad
2479 1497 2645 1551 cmlos
2677 1495 2872 1549 factam
2907 1494 3341 1548 translationem.

1901 1581 2188 1638 Genitricis
2216 1584 2310 1637 Dei
2356 1585 2808 1640 obdormitionem
2853 1583 3071 1651 hymnis
3108 1582 3399 1644 celebrate,

1829 1671 2082 1740 virgines,
2133 1675 2428 1743 glorificate
2479 1675 2630 1740 item,
2676 1689 2709 1728 ο
2749 1675 2978 1744 juvenes
3028 1681 3191 1743 atque
3220 1687 3400 1737 senes,

1829 1776 1934 1815 una
1961 1778 2084 1817 cum
2115 1765 2453 1837 principibus
2488 1776 2665 1821 terra}.

1901 1854 2004 1926 14
2031 1857 2306 1913 Excedens
2334 1860 2434 1914 hac
2461 1859 2570 1912 vita
2596 1859 2663 1912 ad
2705 1856 2861 1912 sedes
2890 1856 3148 1910 transiisti
3178 1857 3400 1909 immor-

1829 1948 1985 2012 tales,
2011 1949 2138 2018 quia
2161 1967 2257 2019 per
2289 1961 2441 2006 tuum
2467 1961 2706 2022 partum,
2737 1967 2769 2005 ο
2787 1925 3028 2020 undique
3055 1949 3397 2012 intemerata,

1827 2049 2050 2095 mortem
2076 2043 2300 2100 affecisti
2335 2053 2530 2099 morte.

1893 2129 2125 2188 Numine
2166 2135 2467 2191 aﬂlatorum
2501 2135 2780 2189 hominum
2826 2134 2978 2189 chori
3007 2143 3058 2188 te
3085 2133 3392 2204 cingebant,

1823 2238 1856 2276 ο
1891 2222 2118 2280 Domina
2146 2228 2159 2280 !
2192 2229 2562 2282 collaudantes
2591 2239 2641 2282 te
2674 2228 2912 2298 hymnis,
2949 2225 3181 2279 faustam
3209 2225 3302 2279 tibi
3328 2226 3394 2279 ad

1821 2317 2021 2371 emlum
2053 2318 2439 2388 profectionem
2477 2319 2900 2391 gratulantibns.

2510 2409 2622 2465 Ode
2652 2409 2704 2464 6.

1877 2497 1892 2549 Ι
1919 2499 1967 2552 la
1985 2499 2179 2565 domus
2201 2516 2308 2571 qua
2327 2501 2812 2571 comprehenditur
2835 2501 3018 2555 onmia
3039 2501 3395 2570 comprehen-

1820 2590 1954 2644 dens
1981 2590 2092 2659 jam
2125 2593 2287 2647 modo
2336 2592 2405 2647 ad
2439 2593 2611 2648 caelos
2666 2593 2797 2647 facit
2826 2595 3116 2648 transitum
3173 2602 3229 2648 ut
3275 2592 3396 2646 illos

1822 2681 2104 2748 inhabitet,
2121 2684 2235 2752 ipsa
2254 2700 2467 2754 quoque
2484 2686 2681 2740 cmlum
2700 2685 2968 2739 exsistens
2992 2694 3174 2753 utpote
3191 2685 3392 2738 (Ihristi

1820 2773 2049 2828 thronus
2071 2776 2384 2841 etejusdem
2408 2793 2660 2848 magnum
2686 2776 2968 2847 palatium,
2999 2776 3110 2841 illa,
3145 2776 3391 2846 inquam,

1820 2866 2126 2922 castissima
2178 2869 2472 2936 columba,
2525 2869 2681 2938 cujus
2752 2867 2995 2922 divinam
3047 2867 3394 2924 celebramus

1818 2957 2228 3017 dormitionem.

1925 3051 2206 3122 Tanquam
2235 3054 2442 3108 alarum
2475 3055 2699 3124 remigio
2725 3057 2863 3110 vecti
2889 3059 2939 3112 in
2962 3057 3195 3113 nubibus
3213 3067 3267 3112 et
3293 3073 3393 3113 ceu

1820 3141 1979 3198 Verbi
2017 3145 2186 3199 divini
2229 3149 2475 3215 quaedam
2505 3148 2849 3204 altivolantes
2900 3150 3096 3218 aquila:
3131 3151 3182 3204 in
3217 3150 3389 3204 Geth-

146 3236 239 3286 καὶ
273 3233 598 3303 ἐπιφθάνειν
626 3237 880 3306 ἀπαιρεῖν
922 3253 982 3289 σε
1027 3238 1333 3307 μέλλοντες,
1371 3240 1712 3311 πανύμνητε,

1820 3248 2059 3300 semane,
2079 3250 2190 3288 uno
2213 3245 2430 3305 repente
2462 3248 2607 3292 cmtu
2638 3239 2866 3293 abiturae
2889 3240 2953 3292 ad
2974 3241 3170 3293 malum
3197 3241 3316 3304 tibi,
3355 3255 3390 3294 ο

147 3327 278 3396 πρὸς
315 3326 569 3396 οὐρανὸν,
623 3327 715 3391 οὓς
757 3329 832 3392 ὡς
859 3329 1027 3382 τέκνα
1064 3328 1194 3382 Υἱοῦ
1252 3348 1346 3384 σου
1385 3332 1714 3402 ηὑλόγησας.

211 3514 311 3577 Τίς
339 3514 477 3585 αὕτη
511 3516 544 3586 ἡ
571 3516 938 3573 ἀναϐαίνουσα
979 3519 1129 3571 πέλει
1160 3521 1438 3590 κοσμιχῶν
1468 3522 1575 3574 ἀπὸ
1605 3540 1714 3576 κοιο

143 3609 312 3662 λάδων
337 3624 350 3673 ;
382 3609 467 3671 τίς
498 3609 690 3680 αὖτηὴ
722 3615 1024 3681 προπομπὴ
1042 3613 1134 3664 καὶ
1161 3614 1522 3683 προπόρευσις
1552 3611 1711 3683 ξένη;

140 3702 190 3753 τε
221 3699 282 3754 τὸ
306 3701 584 3772 ὁρώμενον
616 3703 758 3773 μέγα
781 3705 1078 3774 μυστήριον
1100 3719 1114 3767 ;
1138 3702 1205 3756 Ἥ
1228 3704 1443 3757 πάντων
1469 3707 1583 3758 ἐστὶ
1610 3705 1702 3775 βα-

145 3792 302 3859 σιλὶς,
331 3795 426 3846 καὶ
446 3793 631 3864 κυρία,
664 3794 758 3848 καὶ
777 3793 924 3860 δόξα,
958 3795 1054 3848 καὶ
1086 3795 1367 3866 καύχημα.

223 4063 522 4129 Ἠλάλαξεν
545 4064 858 4117 ἀποστόλων
879 4065 908 4116 ὁ
941 4064 1112 4135 δῆμος
1140 4081 1233 4117 και
1261 4064 1511 4135 δακρύων
1543 4067 1710 4138 ἐπλη-

143 4155 313 4226 ρώθη,
353 4158 516 4227 ἡνίκα
545 4173 640 4210 σου
686 4156 783 4226 τὴν
819 4156 998 4226 ψυχὴν
1029 4157 1126 4226 τὴν
1152 4157 1311 4224 ἀγίαν
1360 4158 1623 4212 λιποῦσαν
1651 4161 1710 4213 τὸ

142 4248 385 4317 θεοδόχον
415 4248 662 4301 τεθέαται
688 4249 975 4319 σκήνωμα,
1009 4253 1104 4304 καὶ
1125 4250 1333 4320 ὕμνησε
1389 4249 1710 4321 θεοπρεπῶς

142 4357 234 4394 σου
250 4340 352 4410 τὴν
379 4341 556 4406 θείαν,
585 4342 919 4413 πανάμωμε,
951 4343 1228 4413 κοίμησιν.

832 4579 956 4650 ᾯδὴ
989 4580 1056 4644 ς’.

203 4690 429 4760 Νόμους
463 4690 562 4760 τῆς
594 4691 809 4761 φύσεως
859 4692 1100 4748 λαθοῦσα
1137 4697 1205 4766 τῇ
1256 4698 1450 4766 κυήσει
1475 4714 1595 4762 σου,
1627 4698 1705 4768 τῷ

134 4781 384 4855 ἀνομίμῳ
431 4783 887 4856 νὸμῳθνήσκεις,
922 4787 1059 4858 μόνη
1105 4787 1243 4858 em
1277 4788 1543 4853 ζωὼσασα
1571 4791 1698 4851 τοὺς

136 4876 300 4929 πάλαι
358 4878 821 4948 νενικρωμένους,
871 4879 1134 4950 ἀχραντε,
1179 4879 1449 4953 ζωηψόρῳ
1495 4881 1698 4953 τοκετῷ

133 4981 247 5022 σου.

194 5250 366 5304 Μένει
396 5253 553 5318 κενὸς
584 5256 613 5309 ὁ
642 5256 787 5319 θεῖος
838 5257 1010 5326 τάφος
1046 5274 1139 5312 σου
1166 5260 1259 5312 τοῦ
1294 5259 1566 5331 σώματος,
1598 5264 1696 5332 τῆς

133 5343 350 5415 χάριτος
408 5344 466 5398 δὲ
497 5346 752 5418 πλήρης·
787 5351 1066 5419 ποταμοὺς
1116 5351 1223 5420 γὰρ
1275 5353 1406 5422 ἡμῖν
1464 5355 1699 5422 mydia

137 5434 397 5504 ἰαμάτων,
434 5436 527 5490 καὶ
558 5438 830 5492 ἀποπαύει
860 5440 1128 5511 ῥεύματα,
1169 5445 1407 5512 παναγία
1447 5445 1696 5499 Θεοτόκε.

198 5608 382 5680 Ἤρθη
409 5609 471 5662 τὺ
493 5610 654 5682 σῶμα
679 5613 778 5682 μὲν
802 5613 896 5668 τοῦ
917 5615 1114 5686 τάφου,
1147 5617 1453 5689 παραμένει
1483 5619 1538 5671 δὲ
1570 5620 1698 5688 ἡμῖν

1738 4596 1790 4654 D

1828 3321 1991 3392 Virgo
2013 3326 2081 3380 ab
2110 3326 2365 3381 omnibus
2396 3327 2632 3393 laudata,
2663 3339 3115 3398 supervenerunt,
3162 3346 3301 3400 quos
3332 3344 3388 3385 tn

1825 3426 1883 3469 nt
1923 3417 2060 3472 filios
2091 3416 2211 3472 Filii
2241 3419 2318 3474 tui
2350 3430 2639 3490 prosecuta
2681 3436 2742 3476 es
2769 3421 3174 3477 benedictione.

1900 3508 2073 3580 liogo,
2108 3527 2357 3580 quamam
2391 3512 2492 3567 ista
2533 3528 2652 3582 qua:
2679 3514 3009 3569 ascenditde
3035 3515 3220 3568 mundi
3254 3531 3390 3571 con-

1824 3601 2054 3656 vallibus
2084 3603 2388 3667 ?Quaenam
2414 3604 2528 3658 hzec
2548 3614 2657 3658 tam
2686 3605 2842 3659 nobis
2874 3606 3149 3676 incognita
3177 3622 3388 3676 pompa

1819 3692 2072 3746 deductio
2100 3696 2398 3762 procedens
2417 3711 2446 3749 a
2481 3704 2626 3750 terra
2659 3697 2711 3749 in
2743 3697 2938 3751 cmlum
2971 3713 3143 3766 usque
3165 3698 3188 3749 ?
3210 3697 3384 3763 Quam

1819 3793 1901 3836 est
1930 3785 2254 3840 immensum
2290 3787 2432 3840 istud
2458 3787 2776 3857 mysterium
2798 3788 2940 3857 quod
2969 3789 3249 3843 intuemur
3269 3789 3384 3858 jam

1820 3875 2007 3927 nunc?
2036 3875 2301 3930 Nimirum
2350 3878 2594 3932 ascendit
2620 3879 2781 3933 modo
2808 3890 2993 3932 nostra
3020 3879 3261 3934 omnium
3290 3883 3387 3936 do-

1819 3965 1965 4018 mina
1991 3977 2043 4019 et
2074 3968 2279 4035 regina,
2308 3968 2476 4021 decus
2499 3968 2623 4022 item
2649 3980 2702 4024 et
2735 3971 2989 4039 gloriatio
3031 3979 3244 4026 nostra.

1887 4055 2147 4111 Jubilavit
2173 4061 2540 4127 apostolorum
2581 4071 2754 4116 caelus
2771 4071 2824 4117 et
2839 4064 3001 4117 simul
3020 4074 3197 4117 tamen
3213 4064 3386 4136 lacry-

1819 4146 1920 4200 mis
1949 4150 2204 4216 perfusus
2228 4147 2330 4203 fuit
2355 4149 2571 4218 quando
2601 4152 2734 4205 vidit
2760 4153 2836 4205 tui
2865 4153 3110 4221 corporis
3133 4155 3384 4209 taberna-

1815 4237 2020 4300 culum,
2056 4240 2109 4291 in
2141 4254 2250 4308 quo
2285 4239 2453 4292 Deum
2484 4241 2792 4311 suscepisti,
2823 4257 2851 4294 a
2879 4250 3066 4298 sancta
3084 4243 3262 4296 anima
3291 4253 3380 4298 tua

1815 4325 2141 4396 derelinqui.
2171 4327 2349 4393 Quare
2375 4329 2612 4383 divinam
2643 4330 2782 4384 hanc
2806 4332 3042 4400 quietem
3081 4341 3225 4385 tuam
3268 4333 3384 4386 lau-

1815 4417 1977 4471 dibus
2011 4419 2100 4472 Dei
2132 4421 2414 4489 majestate
2443 4423 2622 4492 dignis
2666 4433 2990 4493 prosecutus
3031 4423 3152 4489 fuit,
3195 4440 3229 4478 ο
3263 4440 3382 4478 om-

1818 4504 1976 4559 nibus
2005 4508 2227 4561 omnino
2256 4509 2432 4563 modis
2457 4510 2774 4564 intemerata
2797 4511 2810 4562 !

2396 4600 2497 4669 l5
2559 4599 2672 4655 Ode
2699 4602 2751 4657 7.

1883 4711 2248 4780 Conceptione
2268 4724 2358 4768 tua
2380 4728 2580 4769 arcana
2602 4715 2898 4784 legitimum
2923 4714 3194 4785 quondam
3223 4726 3379 4768 natu-

1809 4815 1880 4852 ra:
1900 4802 2143 4855 ordinem
2177 4805 2675 4872 superasti,eadem
2699 4821 2844 4860 nunc
2875 4816 3054 4858 tamen
3092 4807 3207 4873 lege
3239 4805 3374 4857 ritu-

1809 4907 1915 4960 que
1943 4895 2177 4958 mortali,
2211 4896 2361 4949 subis
2399 4906 2626 4952 mortem
2670 4897 3060 4967 :quantumvis
3089 4906 3244 4966 partu
3286 4906 3377 4949 tuo

1810 4983 2025 5036 vivilico
2078 4985 2324 5039 homines
2365 4987 2664 5041 inveterata
2703 4987 2910 5056 jamdiu
2963 4995 3137 5040 morte
3182 4987 3377 5040 exani-

1812 5085 1987 5128 matos
2009 5075 2075 5128 ad
2099 5076 2261 5129 vitam
2293 5078 2596 5142 reduxeris,
2627 5094 2662 5134 ο
2687 5094 2809 5149 qua:
2846 5079 2960 5132 sola
2991 5092 3114 5133 vere
3143 5093 3203 5133 es
3223 5087 3375 5134 casta

1811 5183 1873 5220 ac
1895 5183 2114 5235 prorsus
2140 5168 2486 5223 immaculata
2502 5172 2636 5240 (f9).

1881 5258 2072 5314 Exstat
2113 5260 2334 5316 divinus
2365 5263 2455 5317 ille
2487 5264 2729 5318 tumulus
2753 5277 3002 5332 corpore
3032 5261 3251 5332 quidem
3280 5271 3372 5315 tuo

1801 5350 1912 5416 jam
1935 5366 2155 5416 vacuus,
2181 5354 2273 5406 sed
2296 5355 2342 5408 is
2366 5355 2537 5423 gratia
2557 5365 2734 5410 tamen
2755 5355 3146 5408 miraculorum
3180 5361 3369 5406 scatet.

1803 5439 1937 5495 Nam
1970 5444 2360 5500 medicinarum
2399 5448 2554 5501 nobis
2590 5447 2767 5503 fundit
2799 5447 3045 5512 ﬂumina,
3100 5445 3369 5499 malorum

1803 5542 1982 5586 autem
2020 5534 2246 5589 summat
2278 5547 2562 5594 torrentes.

1878 5624 2053 5679 Manet
2105 5627 2258 5680 nobis
2290 5627 2595 5682 benedictio
2625 5628 2818 5683 saltem
2873 5638 2984 5688 tua,
3014 5626 3140 5680 licet
3173 5636 3371 5693 corpus

196 5789 311 5877 (l9?
351 5787 639 5844 Fuissetne
787 5791 956 5864 Virgo
993 5810 1216 5877 prorsnus
1253 5795 1627 5863 immaculata,
1663 5797 1707 5852 si
1751 5801 1892 5870 turpi
1935 5817 1996 5857 ac
2063 5803 2379 5861 detestanda
2421 5807 2704 5876 originalis
2739 5808 2942 5877 peccati
2990 5804 3202 5859 macula
3266 5798 3368 5855 ali-

132 5862 345 5927 quando
376 5872 735 5928 conspurcata
779 5862 1164 5934 apparuisset?

444 5953 708 6015 PATROL.
757 5958 872 6018 Gn.
925 5959 1047 6021 CV.

2984 5958 3061 6015 32
