4164 6456
762 380 896 443 1003

1851 381 1910 439 S.
1953 379 2262 439 JOSEPHI
2306 378 2867 442 HYMNOGRAPHI

3860 382 4014 446 1004

759 504 933 552 ιιιυιιι,
975 502 1009 541 o
1039 486 1201 557 Virgo
1248 484 1523 550 inviolata,
1570 484 1843 540 sublatum
1886 486 1956 538 sit
2000 502 2030 538 ο
2083 486 2318 539 tumulo:

2439 489 2708 556 ήεύλογία
2758 508 2875 556 σου,
2920 491 3163 563 Παρθένε
3217 492 3394 563 ἀγνὴ“,
3433 492 3669 562 τυφλοὺς
3728 509 4001 563 φωταγω-

761 585 874 638 lucc
892 590 1071 635 autem
1100 588 1191 632 tua
1224 578 1530 633 benetlictio
1559 592 1735 633 caecos
1757 579 1822 632 atl
1845 579 2021 631 lucem
2041 576 2311 646 perfruen-

756 675 881 728 dam
913 669 1252 730 manutlucit,
1282 682 1345 722 ac
1365 668 1531 722 divite
1558 668 1722 722 simul
1751 667 1928 721 fructu
1956 677 2170 721 tuorum
2201 681 2325 736 erga

758 771 987 823 miseros
1018 764 1409 819 humanitatem
1444 764 1715 818 viscerum
1749 761 2005 831 patefacit
2035 761 2327 815 universis.

828 859 1119 928 Dignatum
1150 864 1231 911 cst
1255 853 1491 910 Verbum
1525 856 1770 909 divinum
1840 854 1893 908 in
1943 862 1994 908 te
2032 852 2326 914 conscribi,

758 966 791 1004 ο
820 963 1021 1003 novum
1046 947 1206 1017 plane
1233 946 1511 1009 volumen,
1547 945 1707 1014 idque
1736 944 2123 1012 conjunctione
2148 950 2329 997 tecum

757 1043 922 1105 facta,
961 1055 1175 1096 summe
1236 1038 1553 1093 admiranda
1584 1077 1599 1102 ,
1654 1052 1823 1107 roga,
1874 1045 1933 1090 nt
1993 1050 2093 1090 nos
2137 1050 2330 1090 omnes

757 1137 898 1189 libro
927 1134 1050 1189 vitae
1078 1135 1407 1197 inseramur,
1428 1130 1744 1199 quicunque
1780 1138 1930 1183 tuum
1963 1127 2329 1182 venerabilem

760 1227 979 1299 hymnis
1023 1224 1386 1280 celebramus.

1458 1312 1573 1367 Ode
1594 1311 1647 1364 8.

836 1407 912 1463 Ex
948 1406 1150 1462 finibus
1202 1414 1358 1458 terrae
1409 1413 1788 1458 convenerunt
1817 1404 1870 1457 in
1906 1402 2037 1458 Sion
2069 1401 2329 1457 illustris-

762 1499 898 1553 sima
936 1497 1125 1552 finium
1164 1493 1312 1548 orbis
1340 1492 1639 1555 columina,
1671 1502 1731 1547 ut
1762 1492 1879 1557 tibi,
1910 1507 1943 1547 o
1989 1493 2331 1554 intemerata,

759 1593 883 1646 vita
899 1589 1058 1643 finem
1084 1584 1327 1646 facienti,
1354 1599 1541 1638 curam
1575 1584 1901 1639 adhiberent
1922 1582 2328 1652 exsequiarum.

830 1683 889 1736 In
938 1694 1108 1734 unum
1149 1676 1388 1731 collecta:
1417 1690 1609 1730 omnes
1657 1674 1939 1729 hominum
1973 1674 2195 1746 lingua,
2228 1688 2327 1727 au-

2432 581 2601 648 γοῦσα
2635 622 2651 648 ,
2695 585 2788 637 καὶ
2828 584 2921 637 σοῦ
2968 585 3029 638 τὸ
3090 585 3512 658 εὐσυμπάθητον
3575 585 4011 656 ὐπεμφαίνουσα

2436 674 2723 739 πλουσίως.

2499 855 2643 925 Τόμε
2698 857 2874 922 καινὲ,
2924 857 2985 911 έν
3037 849 3081 926 ᾧ
3115 858 3290 925 Λόγος
3329 858 3741 926 ἀναγέγραπται
3793 854 4015 923 συνόδῳ

2429 945 2705 1019 ξενοτάτῃ,
2730 947 2911 1017 βίϐλου
2934 948 3141 1013 πάντας
3171 949 3318 1019 ζωῆς
3348 950 3555 1004 ἱκέτευε
3576 949 3854 1018 γραφῆναι
3876 947 4016 1007 τοὺς

2425 1038 2524 1107 τὴν
2549 1040 2754 1108 σεπτήν
2794 1056 2889 1092 σου
2918 1039 3175 1111 κοίμησιν
3198 1041 3293 1095 καὶ
3334 1040 3637 1112 παράδοξον
3672 1038 4011 1109 ὑμνοῦντας.

2367 1136 2423 1182 et
2451 1144 2640 1185 nosu-o
2703 1141 2862 1200 captu
2893 1132 3227 1201 superiorem
3295 1132 3751 1187 obdormiscentis
3789 1129 4010 1183 obitum

3145 1308 3268 1377 Ὠδὴ
3299 1307 3371 1380 η’.

2522 1401 2612 1453 Ἐκ
2644 1400 2750 1454 τῶν
2792 1398 3046 1471 περάτων
3103 1398 3349 1461 ἐλθόντες
3381 1400 3430 1451 οἱ
3485 1398 3736 1469 περάτων
3764 1417 4011 1467 φωτοει-

2430 1492 2678 1547 δέστατοι
2712 1491 2893 1546 στύλοι
2923 1493 3062 1562 πρὸς
3090 1496 3188 1561 τὴν
3226 1491 3366 1544 Σιὼν
3392 1492 3774 1560 παρεγένοντο,
3827 1493 4012 1563 πέρας

2434 1585 2549 1655 βίου
2579 1584 2855 1640 λαϐοῦσαν
2882 1584 3143 1655 κηδεῦσαι
3182 1600 3261 1648 σε,
3287 1584 3540 1654 ᾶχραντε.

2520 1677 2949 1750 Ῥητορευόντων
2969 1677 3030 1731 οὐ
3061 1675 3236 1730 σθένει
3255 1676 3403 1731 πᾶσα
3434 1673 3655 1743 γλῶσσα
3683 1675 3805 1728 οὐδὲ
3829 1675 4011 1744 ἀγγέ-

760 1774 1005 1846 gelorum
1042 1771 1169 1825 item
1221 1768 1467 1824 omnium
1509 1782 1627 1834 ora,
1658 1782 1766 1821 non
1797 1775 1851 1823 te
1891 1766 2052 1837 digna
2101 1776 2330 1837 possunt

2439 1770 2537 1824 λων
2568 1769 2735 1837 ἀξίως
2780 1768 3167 1840 άνευφημῆσαί
3218 1784 3279 1820 σε
3319 1766 3563 1837 στόματα
3595 1782 3610 1799 ·
3654 1767 4012 1837 ἀσυγκρίτως

764 1864 1018 1936 prosequi
1049 1860 1453 1932 prmdicatione.
1488 1856 1623 1913 Nam
1654 1858 2154 1929 incomparabiliter
2183 1874 2335 1931 crea-

764 1960 898 2015 turis
918 1958 1194 2019 omnibus,
1218 1970 1251 2009 o
1278 1952 1525 2017 Domina,
1558 1953 1861 2007 antecellis.

833 2050 1005 2120 Igitur
1035 2048 1215 2101 omnis
1240 2046 1477 2100 exsultet
1508 2053 1778 2109 creatura,
1802 2053 1856 2098 et
1884 2042 2049 2098 simul
2078 2041 2146 2096 ad
2186 2041 2323 2095 tanti

763 2143 1047 2199 transitus
1073 2140 1179 2210 ιε
1217 2138 1453 2192 divinam
1482 2151 1649 2206 prope
1682 2135 2003 2207 dignitatem
2049 2134 2331 2189 celebran-

764 2237 1071 2305 dam,ipsa:
1099 2246 1318 2303 quoque
1370 2230 1635 2285 cmlnrum
1687 2228 1858 2284 nubes
1906 2229 2114 2284 stillent
2153 2241 2332 2281 rorem

758 2329 1009 2399 justitize.

835 2421 882 2477 Ο
910 2419 1065 2474 vide!
1107 2434 1250 2473 nunc
1281 2417 1492 2472 Domini
1532 2415 1763 2470 thronus
1799 2413 1892 2484 qui
1939 2413 2141 2467 eminet
2172 2426 2334 2482 super

767 2512 1115 2569 Cherubinos
1148 2521 1200 2563 et
1228 2507 1499 2569 Thronos,
1529 2506 1718 2575 incipit
1742 2505 1809 2559 de
1842 2515 1985 2559 terra
2015 2504 2240 2568 elevari,
2277 2513 2337 2558 ut

768 2605 823 2658 in
852 2616 1109 2672 suprema
1134 2600 1224 2655 Dei
1246 2600 1392 2670 regia
1415 2599 1733 2654 collocetur.
1758 2594 1873 2660 llla,
1916 2595 2164 2665 inquam,
2182 2608 2335 2649 creao

769 2707 1019 2750 turarum
1051 2692 1212 2747 unica
1251 2708 1279 2745 a
1303 2691 1468 2745 naavis
1493 2690 1651 2757 plane
1675 2689 1932 2743 omnibus
1964 2688 2163 2743 intacta
2197 2686 2331 2756 (20).

1454 2780 1570 2835 Ode
1599 2780 1653 2835 9.

835 2873 991 2931 Sicut
1042 2872 1316 2928 caelitibus
1358 2872 1625 2926 illustrior
1680 2868 1972 2932 universis,
2022 2866 2335 2921 laudatores

767 2982 871 3023 nos
924 2964 1155 3021 illustris
1182 2972 1290 3018 tua:
1338 2962 1755 3017 obdormitionis
1800 2968 2018 3014 tuarum
2048 2956 2335 3028 splendore

765 3057 1066 3127 gratiarum
1099 3054 1347 3110 illumina
1370 3054 1533 3109 simul
1575 3068 1637 3107 ac
1676 3052 1891 3122 penitus
1917 3050 2157 3105 illustra.

2436 1862 2545 1935 γὰρ
2562 1863 2779 1917 πάντων
2806 1862 3152 1933 ὑπέρκεισαι,
3181 1860 3468 1915 Δέσποινα.

2520 2044 2894 2112 Ἀγαλλιάσθω
2930 2044 2965 2114 ἡ
2994 2042 3194 2108 κτίσις,
3230 2042 3288 2096 αἱ
3320 2038 3540 2109 νεφέλαι
3574 2040 3718 2109 ἐντῇ
3750 2035 4011 2108 παρούσῃ

2435 2136 2617 2206 ἡμέρᾳ
2639 2133 2984 2204 δικαιοσύνην
3012 2133 3351 2204 ρανάτωσαν,
3386 2128 3489 2200 τῆς
3524 2127 3805 2199 Παρθένου
3824 2124 4009 2196 τιμῶ-

2437 2244 2527 2280 σαι
2552 2227 2651 2297 τὴν
2674 2225 2826 2280 θείαν
2860 2224 3214 2295 μετάστασιν.

2511 2403 2639 2466 Ἴδε,
2673 2402 2702 2455 ὁ
2730 2402 2916 2472 θρόνος
2937 2401 3143 2473 Κυρίου
3176 2401 3457 2470 ὑπερέχων
3486 2399 3555 2453 τὰ
3571 2396 3887 2468 Χερουϐελμ
3916 2396 4012 2449 καὶ

2435 2501 2561 2563 τοὺς
2582 2499 2840 2570 Θρόνους,
2867 2497 3033 2569 γῆθεν
3058 2495 3286 2566 ὑψοῦται
3304 2494 3632 2565 τεθήσεσθαι
3655 2495 3735 2557 είς
3759 2492 4012 2563 βασίλεια

2438 2590 2557 2643 θεῖα
2577 2631 2592 2656 ,
2614 2590 2648 2659 ὴ
2680 2588 2815 2658 μόνη
2848 2587 3209 2657 πανάμωμος.

3123 2785 3244 2840 Ὠδὴ
3278 2784 3344 2840 θ’.

3123 2787 3137 2805 ⁹
3180 2787 3208 2838 δ
3309 2787 3344 2840 ’.

2521 2878 2609 2939 Ὠς
2635 2878 2853 2931 πάντων
2884 2787 3341 2945 φαιδρπέὲαἶιξιν
3370 2873 3707 2942 ἐπουρανίων
3726 2874 3857 2936 τοὺς
3888 2873 4001 2943 δμ-

2438 2970 2605 3039 νητὰς
2634 2968 2732 3037 τῆς
2764 2968 2995 3039 φαιδρᾶς
3026 2984 3118 3019 σου
3147 2967 3457 3037 κοιμήσεως
3485 2965 3592 3019 τῶν
3623 2965 3735 3019 σῶν
3764 2966 4012 3037 χαρίτων

2437 3060 2515 3129 τῷ
2538 3060 2731 3127 φέγγει
2760 3060 3070 3130 φαίδρυνον,
3112 3059 3366 3127 φὼτισον.

836 3147 1137 3211 Exsultate,
1178 3153 1387 3201 mentes
1420 3144 1665 3199 omnium
1688 3151 1956 3212 quotquot
1988 3139 2192 3208 aliquid
2232 3137 2333 3193 ha-

2508 3152 2865 3221 Σκιρτήσατε,
2891 3152 3107 3219 καρδίαι
3171 3150 3388 3204 πάντων
3418 3147 3809 3213 εὐσεϐούντων,
3842 3152 3902 3202 ἐν
3940 3152 4009 3219 τῇ

764 3238 1127 3309 bentpietatis
1157 3239 1210 3291 in
1246 3236 1569 3291 celebranda
1599 3234 1718 3304 ejus
1758 3232 2180 3295 obdormitione,
2212 3244 2332 3298 qua:

763 3332 880 3387 sola
928 3332 1095 3384 Deum
1132 3328 1345 3398 genuit,
1372 3336 1559 3395 utpote
1606 3334 1815 3379 cunctae
1851 3323 2160 3393 patrocinio
2214 3321 2332 3389 ejus

763 3434 1042 3492 nunquam
1062 3419 1438 3476 obdormituro
1463 3415 1877 3471 conservandae.

837 3503 1164 3583 Panegyriee
1198 3510 1297 3564 tibi
1328 3508 1633 3578 gratulatur
1657 3518 1825 3573 terra,
1850 3517 1905 3562 et
1944 3508 2109 3563 simul
2156 3506 2335 3577 angeli

767 3603 1073 3675 tripudiant
1124 3602 1480 3671 :aggaudent
1534 3599 1771 3669 denique
1830 3613 2024 3655 omnes
2066 3600 2159 3668 qui
2210 3605 2337 3652 sunt

764 3697 922 3766 justi,
967 3694 1459 3749 obdormiscentetn
1524 3701 1595 3755 te,
1643 3706 1676 3744 o
1714 3692 1887 3760 virgo,
1926 3690 2164 3760 hymnis'
2195 3688 2337 3744 cele-

767 3789 1009 3842 hrantcs.

838 3877 1071 3932 Haurire
1098 3876 1187 3931 fac
1216 3875 1387 3931 effuse
1419 3890 1633 3941 omnes,
1665 3891 1697 3930 o
1726 3876 1961 3929 amatrix
1992 3873 2156 3946 Virgo
2185 3874 2334 3929 heni-

768 3970 1011 4040 gnitatis,
1044 3968 1111 4023 de
1167 3976 1385 4021 tuarum
1436 3966 1660 4020 ﬂumine
1711 3964 2248 4029 misericordiarum;
2284 3972 2339 4018 et

766 4062 985 4115 demum
1036 4058 1267 4114 salutem
1331 4058 1489 4112 nobis
1541 4056 1763 4125 largire,
1811 4066 1891 4121 tu,
1945 4071 2065 4125 quae
2097 4054 2336 4111 Verbum

765 4151 917 4207 omni
959 4164 1174 4206 summa
1208 4149 1447 4202 bonitate
1477 4148 1759 4217 praeditum
1792 4148 2024 4216 genuisti

1444 4262 1545 4332 17
1583 4260 1669 4315 IV.

771 4378 848 4431 De
879 4376 1201 4440 depositione
1241 4376 1484 4443 pretiosa:
1513 4374 1665 4443 vestis
1706 4372 2061 4425 sanctissime
2096 4371 2338 4439 Deiparaz

840 4448 895 4500 in
925 4442 1256 4498 Blachernis.
1306 4444 1489 4498 (.‘anon
1538 4442 1783 4513 ιιζβι),
1827 4442 1983 4511 cujus
2018 4445 2338 4513 acrostichis

2437 3244 2692 3313 κοιμήσει
2707 3243 2805 3311 τῆς
2827 3245 2994 3311 μόνης
3024 3242 3324 3307 θεόπαιδος,
3345 3245 3411 3313 τῇ
3431 3243 3713 3312 ἀκοιμήτῳ
3741 3241 4013 3313 πρεσΰεέᾳ

2436 3333 2984 3404 ταύτης-σωζόμεναι.

2518 3514 2583 3568 Ἦ
2611 3517 2680 3585 γῆ
2701 3514 3085 3584 πανηγυρίζει,
3103 3514 3324 3583 ἄγγελοι
3357 3514 3671 3584 σκιρτῶσιν,
3703 3513 4013 3582 ἀγαλλιῶν-

2438 3620 2526 3655 ται
2551 3603 2607 3657 δὲ
2640 3603 2841 3665 πάντες
2867 3606 2915 3657 oi
2938 3603 3157 3669 δίκαιοι,
3197 3605 3255 3657 ὲν
3296 3606 3363 3675 τῇ
3400 3605 3653 3674 κοιμήσει
3680 3621 3798 3669 σου,
3831 3604 4014 3675 Κόρη,

2441 3696 2866 3764 ὑμνολογοῦντές
2896 3713 2977 3750 σε.

2514 3893 2781 3962 Φιλὰγαθε
2825 3894 3088 3967 ιιαρθένε,
3128 3896 3293 3967 ῥᾶνον
3347 3895 3442 3949 ἐπὶ
3468 3894 3676 3956 πάντας
3713 3895 3783 3947 τὰ
3828 3895 4016 3962 ἀγαθά

2442 4003 2539 4039 σου
2569 3986 2718 4057 ὲλέη,
2748 3986 2843 4040 καὶ
2866 3988 3038 4041 σῶσον
3060 3989 3230 4059 ἡμᾶς,
3257 3990 3291 4057 ἡ
3334 3988 3426 4041 τδν
3471 3985 3787 4053 πανάγαθον
3835 3986 4015 4055 Λόγον

2439 4078 2820 4148 ἀποκυήσασα.

3187 4280 3259 4336 Δ’.

2455 4378 2557 4430 Ἐν
2586 4374 2901 4429 καταθέσει
2930 4372 3038 4442 τῆς
3064 4377 3257 4444 τιμίας
3279 4344 3538 4444 ἐσθῆτος
3554 4373 3663 4442 τῆς
3682 4374 4016 4444 damur!“-

2519 4448 2809 4499 Θουιωιου
2868 4446 2938 4497 ἐν
3004 4443 3412 4514 Βλαχέρναις,
3445 4446 3655 4514 Κανὼνξ
3705 4443 3794 4511 Δ’,
3836 4443 3910 4507 οὗ
3974 4452 4012 4513 ἡ

839 4526 965 4571 est:
1011 4533 1028 4564 ι
1081 4514 1283 4569 Vestem
1333 4514 1539 4567 beatam
1599 4511 1830 4583 Virginis
1858 4516 1959 4567 dia!
2008 4512 2117 4564 colo
2149 4527 2164 4563 :
2200 4531 2216 4561 ι
2248 4511 2338 4563 Jo-

2516 4516 2867 4583 ἁκροστιχίς
2915 4511 3167 4567 ἐστιν-’ἆ
3201 4511 3478 4582 ίῈσθῆτα
3524 4513 3667 4584 τιμῶ
3694 4514 3807 4583 τῆς
3864 4511 4016 4572 πανὲ

840 4588 983 4653 seplt.

1454 4674 1570 4729 Ode
1619 4676 1672 4729 1.

845 4767 1061 4824 Vestem
1102 4776 1251 4822 tuam
1294 4768 1659 4822 venerandam
1704 4767 1897 4837 largita
1941 4782 2024 4832 es,
2069 4780 2103 4820 ο
2150 4766 2334 4837 V’irgn,

845 4954 963 5023 (20)
1015 4955 1209 5009 Annon
1285 4968 1493 5023 ntevus
1536 4952 1807 5021 originale
1857 4959 2160 5022 peccatum,
2209 4952 2353 5020 quod

770 5022 1012 5079 animam
1048 5039 1216 5094 quam
1261 5023 1429 5090 tangit
1479 5022 1667 5094 findat,
1723 5023 1934 5094 polluit,
1987 5025 2345 5094 contaminat,

772 5109 836 5148 ac
867 5092 1083 5149 macula
1111 5094 1426 5161 turpissima
1457 5092 1734 5162 aspergit?
1763 5092 1844 5146 Ab
1877 5096 1975 5147 hoc
2006 5093 2169 5157 igitur
2201 5108 2351 5145 naevo

769 5166 933 5233 plane
963 5166 1133 5219 libera
1170 5163 1419 5231 Deipara,
1452 5172 1509 5215 nt
1535 5165 1657 5216 sita
1696 5164 1859 5233 nzevis
1887 5163 2143 5233 omnibus
2188 5163 2350 5230 plane

771 5232 1018 5289 intacta:
1071 5249 1177 5287 non
1231 5234 1375 5286 enim
1420 5242 1524 5296 est,
1570 5243 1627 5284 ut
1666 5232 1776 5284 uixi
1815 5234 1969 5288 alias.
2023 5234 2073 5285 in
2121 5232 2348 5301 lleipara

771 5306 925 5359 locus
955 5304 1164 5373 vulgari
1211 5318 1275 5358 ac
1310 5302 1437 5356 trito
1466 5303 1754 5371 proverbio
1791 5320 1802 5354 :
1843 5302 2007 5356 Nulla
2041 5304 2202 5370 [acies
2233 5304 2348 5355 abs-

810 5392 871 5428 ue
901 5392 1065 5429 ηιευο.

810 5392 871 5428 ue
901 5392 1065 5429 meno.

771 5392 803 5443 η
844 5446 954 5514 (2|)
979 5445 1157 5498 Habes
1176 5444 1322 5498 hunc
1339 5457 1606 5497 canouem
1626 5442 1809 5495 Grmcc
1829 5452 2036 5496 tantum
2056 5442 2109 5495 in
2131 5441 2349 5514 Menaeis

771 5515 1087 5569 Grarcorum
1122 5524 1227 5567 tam
1254 5516 1533 5582 impressis
1552 5527 1713 5580 quam
1740 5515 2128 5582 manuscriplis
2146 5513 2246 5564 sub
2263 5514 2350 5565 die

773 5583 977 5648 ﬁlulii,
1012 5597 1066 5638 et
1089 5584 1275 5638 Greece
1299 5581 1401 5638 nis.
1438 5586 1487 5635 iu
1513 5586 1701 5635 codice
1733 5583 2070 5636 bibliotheca:
2098 5581 2349 5635 Barbcri-

777 5671 857 5707 me
888 5673 941 5708 ιι.
985 5657 1103 5717 HO,
1134 5671 1256 5723 pag.
1288 5654 1373 5717 74,
1404 5655 1525 5707 etin
1550 5656 1773 5723 antiquo
1802 5654 2112 5723 MenOIOgio
2143 5653 2350 5723 ms.bi-

777 5726 1061 5780 hlimhecm
1096 5722 1412 5778 monasterii
1438 5725 1663 5793 Crypta:
1680 5722 1934 5777 Ferratte.
1959 5754 2027 5763 —-
2062 5722 2158 5775 Die
2190 5724 2223 5774 2
2250 5722 2347 5775 Ju-

778 5796 835 5849 lii
850 5791 1535 5864 apudCoustantinupolim
1566 5796 1618 5847 in
1637 5791 1950 5849 Blachcrnis
1969 5794 2348 5847 celebrabatur

2518 4586 2704 4656 ἄγνου
2745 4585 3069 4651 Παρθένου.
3106 4604 3123 4635 ι
3166 4584 3407 4651 Ἰωσήφ.

3139 4679 3342 4750 manu

2527 4768 2761 4838 Ἐσθῆτὰ
2780 4785 2871 4821 σου
2897 4771 3120 4840 σεπτὴν,
3142 4770 3369 4821 Θεοτόκε
3402 4769 3665 4841 Παρθένε,
3691 4770 3769 4842 τῷ
3785 4773 4015 4840 τιμῶντι

2454 4950 2648 5004 festum
2713 4949 3070 5017 depositionis
3117 4950 3437 5004 veneranda:
3488 4953 3652 5006 vestis
3711 4952 3775 5007 Β.
3833 4952 4018 5009 Maria:

2456 5022 2713 5084 Virginis,
2774 5030 2832 5073 ut
2871 5030 3013 5089 patet
3055 5036 3157 5072 non
3209 5022 3383 5073 solum
3423 5037 3486 5074 ex
3532 5023 3769 5083 Menaeis.
3818 5026 3918 5077 sed
3953 5042 4014 5079 ex

2456 5090 2781 5143 Kalendario
2826 5089 3135 5143 Grmcorum
3167 5099 3221 5143 et
3260 5090 3661 5154 Rulhenorum,
3694 5109 3758 5146 ex
3794 5092 4015 5148 Emma-

2454 5160 2613 5215 nuele
2658 5161 2936 5214 Comneno
2992 5161 3316 5230 imperatore
3366 5163 3419 5214 in
3470 5162 3647 5216 edicto
3701 5163 3770 5215 de
3819 5161 4015 5226 Feriis,

2456 5246 2663 5283 necnon
2694 5245 2758 5283 ex
2790 5230 3003 5283 Molano
3029 5229 3084 5282 in
3142 5229 3531 5285 Additionibus
3571 5233 3637 5285 ad
3671 5232 4014 5287 Usuarduni.

2456 5299 2768 5354 Vocabatur
2798 5310 2979 5353 autem
3034 5316 3095 5353 ea
3142 5302 3458 5355 solernnitas
3494 5302 3773 5371 Depositio
3814 5308 4013 5368 vestis;

2452 5371 2578 5438 quia
2641 5386 2707 5422 eo
2765 5370 2851 5423 die
2916 5373 3149 5438 reposita
3213 5371 3389 5424 fuerat
3451 5370 3617 5425 vestis
3677 5389 3772 5427 seu
3834 5378 4016 5427 tunica

2453 5440 2513 5493 Β.
2570 5438 2819 5512 Virginis
2858 5439 3038 5493 blame
3084 5442 3135 5493 in
3192 5442 3345 5493 theca
3390 5452 3648 5511 argentea
3693 5445 3746 5496 in
3817 5448 4017 5512 templo

2452 5511 2597 5579 quod
2634 5509 2743 5563 Leo
2776 5509 3001 5577 Magnus
3035 5512 3325 5579 imperator
3351 5513 3402 5564 in
3437 5509 3556 5565 loco
3593 5514 3739 5566 dicto
3766 5509 4018 5567 Blachcr-

2455 5584 2539 5634 nis
2580 5584 2631 5633 in
2664 5582 2931 5635 snburbio
2968 5582 3577 5650 Constantinopolitano
3609 5593 4015 5636 construxerat.

2454 5650 2624 5704 Porro
2650 5651 2877 5704 historia
2904 5651 2970 5705 de
2999 5661 3141 5704 veste
3163 5650 3220 5704 Β.
3253 5649 3491 5719 Virginis
3515 5667 3543 5705 a
3569 5656 3744 5720 primo
3765 5654 4015 5715 exordio,

2454 5734 2513 5775 ut
2543 5738 2661 5774 eam
2694 5739 2757 5775 ex
2790 5722 3004 5775 Menaeis
3040 5722 3349 5776 Graecorum
3391 5722 3558 5776 refert
3589 5723 3876 5777 Mattheus
3916 5722 4020 5775 Ra-

2453 5798 2616 5845 tlerus
2664 5795 2714 5845 in
2762 5808 2862 5847 suo
2911 5791 3178 5846 ViriJaria
3223 5790 3562 5861 Sanctorum,
3614 5804 3769 5859 parte
3810 5809 3871 5857 ιι,
3920 5795 4018 5847 sub
