4164 6456
167 411 301 475 1005

1574 399 1934 462 MARIALE.

3263 391 3396 456 1006

168 533 226 569 σε
258 516 376 587 λαῷ
423 515 724 586 δεδώρησαι
766 513 850 567 ἀεὶ
876 514 1021 585 ἱερὸν
1074 511 1482 583 περιτείχισμα,
1514 510 1733 563 ἃπασαν

1856 508 2038 575 )opnlo
2073 517 2124 560 te
2156 504 2377 567 colenti,
2425 519 2546 571 quae
2576 516 2793 572 semper
2833 498 2904 556 sit
2948 513 3101 553 sacra
3135 502 3361 554 tnunitio
3382 543 3396 562 ,

162 609 272 658 τῶν
300 604 557 662 ἐναντίων
575 609 945 662 ἐπανάστασιν
965 610 1196 660 πὰντοτε
1220 602 1595 674 ἐκτρεπόμεθα
1622 602 1735 655 σθέο

166 716 242 751 νει
281 699 375 752 τοῦ
411 701 742 769 πνεύματος.

236 791 410 859 Σαρκὶ
428 789 519 842 τοῦ
549 789 614 842 δι’
646 790 791 858 ἡμᾶς
818 788 878 852 ἐξ
900 788 1077 857 ἁγνῶν
1104 804 1197 840 σου
1248 785 1492 856 αἱμάτων
1542 801 1734 855 γνωρι-

167 878 390 940 σθέντος
443 878 541 932 ἐπὶ
583 881 706 949 γῆς.
744 879 947 949 ἐσθῆτα
991 880 1140 951 ίερὰν
1163 881 1344 952 ἐπαφῆ
1374 878 1730 949 καθηγίασας,

167 970 420 1036 σώματός
467 985 566 1024 σου
614 973 680 1040 τῇ
729 970 1091 1042 προσψαύσει,
1137 971 1206 1024 δι’
1248 967 1316 1042 ἧς
1360 971 1565 1032 πάντας
1611 971 1734 1032 τοὺς

164 1059 388 1122 δούλους
424 1077 518 1113 σου
549 1060 822 1129 ἁγιάζεις,
846 1061 1110 1131 Παρθένε,
1143 1061 1444 1131 ὑμνοῦντας
1480 1076 1559 1113 σε.

237 1228 607 1300 Θησαύρισμα
653 1233 850 1284 σεπτὸν
888 1234 997 1294 τοῖς
1031 1233 1234 1296 πιστῶς
1265 1250 1322 1285 σε
1369 1231 1566 1302 τιμῶσι
1607 1232 1734 1287 ἐδω-

171 1321 344 1388 ρήσω,
382 1321 562 1391 ἀγαθὴ
599 1322 861 1393 Παρθένε,
898 1322 1116 1392 ἀληθῶς
1157 1323 1255 1394 τὴν
1298 1323 1485 1392 τιμίαν
1533 1323 1735 1393 ἐσθῆτά

168 1425 285 1473 σου,
320 1409 564 1476 ἅπαντας
595 1411 1044 1467 καταπλουτοῦσα
1069 1413 1300 1482 δωρεαῖς
1321 1413 1463 1466 θείου
1491 1414 1738 1484 Πνεύμα-

166 1516 278 1561 τος,
315 1500 410 1551 καὶ
443 1500 735 1571 θαυμάτων
764 1503 985 1566 πολλαῖς
1015 1504 1359 1568 ἐπιδείξεσιν.

255 1591 318 1641 'H
357 1591 583 1656 ἄσπιλος
632 1594 832 1664 ἀμνὰς,
877 1595 970 1647 τὸν
1031 1595 1225 1666 Ἀμνὸν
1269 1598 1301 1666 ἡ
1351 1595 1585 1648 τεκοῦσα
1638 1596 1732 1649 τοῦ

165 1681 303 1734 Θεοῦ
340 1683 657 1754 ὑπερφυῶς,
698 1685 1003 1758 δεδώρησαι
1033 1689 1166 1758 ἡμῖν
1193 1687 1292 1758 τὴν
1317 1688 1505 1758 τιμίαν
1534 1688 1738 1758 ἐσθῆτά

169 1791 289 1837 σου,
315 1777 502 1829 σπίλον
518 1777 685 1840 δντως
717 1779 811 1833 καὶ
834 1779 1022 1850 ῥυτίδα
1043 1780 1479 1851 ἐκκαθαίρουσαν
1509 1781 1737 1836 πάντοτε

166 1865 278 1918 τῶν
308 1867 481 1937 αὐτὴν
515 1869 990 1940 προσκυνούντων,
1024 1873 1359 1944 πανάμωμε.

841 2046 962 2121 ᾮδὴ
990 2049 1059 2118 γ’·

236 2159 313 2213 Τὸ
335 2159 568 2231 τερπνὸν
610 2161 881 2234 ἁγίασμα,
926 2166 1024 2235 τὴν
1055 2166 1381 2236 ἐπουράνιον
1411 2167 1605 2237 πύλην,
1642 2168 1741 2238 τὴν

166 2253 262 2304 τοῦ
290 2253 429 2304 Θεοῦ
469 2253 702 2324 Μητέρα
756 2256 1115 2327 ὑμνήσωμεν,
1171 2260 1264 2312 καὶ
1318 2260 1487 2330 αὐτῆς
1541 2260 1742 2330 ἐσθῆτα

169 2344 288 2397 θεῖα
338 2345 606 2416 βρύουσαν
659 2349 1014 2418 χαρίσματα,
1063 2351 1132 2420 ἦν
1181 2351 1362 2404 πίστει
1410 2353 1738 2422 ἅνυμνήσω-

173 2455 294 2507 μεν.

259 2531 595 2602 Ἀφθαρσίας
640 2531 847 2601 ἔνδυμα
877 2534 1004 2597 τοὺς
1039 2536 1106 2604 τῇ
1139 2533 1315 2604 φθορᾷ
1357 2532 1742 2603 γυμνωθέντας

178 2638 276 2674 σου
333 2622 412 2690 τῷ
461 2622 685 2693 ὰφθόρῳ
722 2624 866 2694 τόκῳ
917 2624 1125 2686 πάντας
1175 2624 1466 2689 ἐνέδυσας,
1527 2625 1740 2696 σεμνὴ,

170 2704 254 2772 οἷς
295 2711 394 2782 τὴν
439 2713 641 2781 σεπτὴν
673 2712 879 2782 ἐσθῆτά
941 2731 1034 2768 σου
1081 2711 1384 2782 δεδώρησαι
1439 2713 1595 2767 ὄλϐον
1645 2716 1737 2769 ἀνι

173 2802 492 2873 αφαίρετον.

1840 613 1937 666 per
1993 612 2158 666 quam
2191 611 2386 651 omnes
2426 595 2864 649 adversariorum
2902 593 3138 662 impetus
3176 593 3401 660 spiritus

1841 686 2038 740 robore
2069 696 2332 755 perpetuo
2359 685 2720 739 declinamus.

1911 777 2062 846 Ejus,
2095 780 2187 847 qui
2217 789 2438 849 propter
2469 793 2568 834 nos
2597 792 2660 831 ex
2702 777 2869 831 castis
2902 774 3260 844 sanguiuibus
3291 784 3399 826 tuis

1839 869 1894 921 in
1927 883 2091 921 carne
2116 882 2279 936 super
2309 879 2509 922 terram
2535 866 2788 937 c0guitus
2814 877 2916 927 est,
2945 874 3148 919 vestem
3183 878 3395 918 sacram

1840 968 2044 1014 attactu
2077 959 2455 1020 sanctiﬁcasti,
2486 958 2734 1027 corporis
2758 956 2965 1011 scilicet
3005 957 3079 1010 tui
3112 966 3402 1014 contactu;

1842 1066 1936 1119 per
1974 1064 2138 1119 quam
2187 1063 2383 1103 omnes
2431 1063 2618 1107 servos
2671 1059 2816 1114 tuos,
2859 1048 2955 1117 qui
2997 1057 3046 1100 te
3087 1048 3331 1109 laudant,
3373 1061 3407 1098 0

1847 1141 2030 1209 Virgo,
2060 1140 2400 1194 sanetiiicas.

1911 1230 2064 1284 Sicut
2091 1231 2410 1286 thesaurum
2435 1230 2834 1292 ltonorabiletn,
2867 1240 3069 1282 vestem
3107 1238 3253 1282 tuam
3284 1241 3406 1297 pre-

1846 1320 2044 1373 tiosam
2077 1320 2293 1373 donasti
2329 1320 2457 1384 illis,
2491 1320 2582 1388 qui
2625 1328 2677 1373 te
2707 1318 2934 1371 iideliter
2959 1322 3160 1384 colunt,
3185 1333 3218 1371 0
3243 1317 3407 1385 Virgo

1843 1425 1968 1464 vere
2007 1409 2431 1480 benignissima,
2493 1412 2673 1464 ditatis
2721 1424 2914 1464 omnes
2943 1408 3182 1477 Spiritus
3231 1411 3405 1464 sancti

1842 1502 2024 1564 donis,
2061 1502 2360 1569 multisque
2399 1501 2790 1554 miraculorum
2829 1499 3262 1554 ostensionibus.

1911 1592 2049 1645 Tota
2086 1606 2220 1661 pura
2252 1605 2412 1659 agna,
2445 1605 2567 1660 quae
2604 1590 2817 1659 Agnum
2864 1591 2954 1644 Dei
3001 1604 3168 1660 supra
3196 1598 3406 1644 naturae

1841 1683 2059 1735 modum
2123 1683 2352 1750 peperit,
2413 1682 2602 1750 largita
2649 1691 2733 1736 est
2765 1681 2922 1735 nobis
2970 1683 3260 1750 pretiosam
3309 1697 3402 1735 ve-

1843 1783 1984 1828 stem
2039 1788 2219 1834 suam,
2267 1775 2483 1828 assidue
2537 1774 2926 1828 einundantem
2983 1787 3174 1827 omnes
3219 1773 3405 1828 sordes

1770 1872 1812 1926 It
1842 1882 1908 1921 ac
1955 1867 2199 1920 maculas
2233 1882 2444 1931 eorum,
2486 1869 2578 1936 qui
2627 1868 2799 1936 ipsam
2841 1867 3104 1930 adorant;
3145 1880 3177 1920 0
3214 1866 3406 1920 imma-

1841 1957 2197 2013 culatissima.

2439 2049 2546 2120 18
2576 2049 2688 2105 Odc
2722 2050 2777 2104 '5.

1914 2157 2066 2222 Eam,
2118 2173 2239 2227 qua:
2283 2169 2364 2213 est
2390 2159 2629 2229 jucunda
2667 2159 3047 2221 samtiiicatio,
3093 2171 3250 2228 porta
3291 2174 3406 2214 cm—

1845 2251 2018 2318 lestis,
2069 2251 2272 2320 Deique
2301 2250 2492 2316 Mater,
2527 2253 2848 2316 laudemus;
2887 2264 3199 2320 vestemque
3240 2253 3406 2316 illius,

1847 2360 1912 2400 ex
1946 2359 2052 2415 qua
2081 2344 2268 2400 divina
2307 2345 2636 2400 charismata
2673 2346 3004 2411 scaturiunt,
3036 2345 3256 2417 hymnis
3284 2361 3407 2402 cum

1847 2436 1948 2492 ﬁde
1977 2439 2339 2493 celebremus.

1932 2529 2204 2585 Mediante
2236 2539 2394 2600 partu
2441 2539 2532 2584 tuo
2563 2529 2906 2601 incorrupto,
2939 2546 3130 2587 omnes
3167 2547 3262 2601 per
3289 2546 3413 2586 cor-

1848 2623 2156 2694 ruptionem
2181 2624 2433 2686 nudatos,
2471 2624 2896 2693 incorruptionis
2926 2625 3129 2680 amictu
3159 2625 3403 2687 induisti,

1856 2730 1889 2768 o
1941 2722 2169 2783 augusta
2205 2713 2351 2784 (22);
2401 2726 2564 2784 atque
2599 2716 2790 2770 iisdem
2821 2727 3024 2770 vestem
3065 2726 3210 2770 tuam
3243 2733 3417 2772 vene-

1849 2810 2101 2873 randam,
2145 2810 2368 2865 stabiles
2397 2825 2462 2865 ac
2497 2823 2763 2880 perennes
2803 2811 3024 2865 divitias
3094 2812 3284 2880 largita
3335 2827 3417 2881 es.

248 2895 389 2965 (22‘)
437 2895 756 2952 Beatissima
800 2905 948 2952 veste
983 2906 1077 2951 tua
1125 2896 1278 2951 illum
1324 2896 1752 2965 circumdedisti,
1806 2917 1838 2955 ο
1879 2903 2223 2958 immaculata
2255 2902 2391 2971 (23),
2435 2904 2528 2972 qui
2568 2903 2798 2959 nubibus
2864 2904 3063 2958 coelum
3099 2905 3419 2958 iuduituui-

175 3000 396 3041 versum
427 3005 440 3040 :
477 3002 596 3040 earn
639 2987 801 3056 igitur
830 2987 1119 3042 adorantes
1147 3003 1270 3069 cum
1320 2987 1445 3052 iide,
1478 3000 1531 3043 te
1560 2989 1950 3059 gloriﬁcamus,
1984 3010 2016 3045 o
2048 2995 2406 3062 patrocinium
2443 2995 2748 3048 animarum
2784 3003 3118 3051 nostrarum.

263 3075 524 3145 Ἰατρεῖον
550 3077 781 3146 ἄμισθον
808 3079 921 3139 τοῖς
944 3077 1263 3131 ἀσθενοῦσιν
1291 3079 1526 3150 ὑπάρχει
1551 3080 1580 3131 ὁ
1603 3081 1743 3145 θεῖος

175 3159 333 3229 οὗτος
380 3163 558 3230 οἶκος·
603 3167 701 3237 τὴν
749 3167 857 3237 γὰρ
904 3167 1106 3237 ἐσθῆτά
1157 3185 1288 3235 σου,
1333 3169 1514 3238 ἁγνὴ,
1566 3171 1749 3242 πηγὴν

1923 3083 2016 3138 Est
2049 3085 2165 3138 liazc
2198 3084 2396 3138 domus
2434 3092 2546 3148 ttta,
2591 3085 3011 3139 medicaminum
3053 3084 3291 3155 gratuita
3337 3085 3420 3137 oi-

1860 3175 2017 3232 licina
2050 3177 2243 3232 morbo
2287 3177 2665 3232 laborantibus
2697 3194 2711 3231 :
2753 3177 2995 3245 possidet
3034 3177 3182 3231 enim
3214 3185 3417 3232 vestem

181 3378 272 3432 die
306 3370 888 3458 ⁸2εΙιιιίᾲὶηΙιιιῄιιεῐηοίιὶ
924 3382 1116 3458 οειρεγι
1154 3373 1337 3458 Galba_
1356 3383 1410 3428 et
1446 3373 1749 3458 Gaudidus,
1778 3385 1822 3445 ο
1859 3394 1924 3458 ex
1958 3378 2006 3431 vi
2039 3379 2353 3458 meritorum
2379 3377 2614 3458 Christi._
2640 3377 2980 3458 Quapropter
3008 3377 3063 3432 S.
3099 3377 3420 3433 Ambrosius

214 3446 383 3500 nmini
431 3444 665 3510 patricii,
712 3445 955 3512 germani
994 3442 1224 3510 ,fratres,
1274 3444 1538 3498 adorandi
1579 3462 1747 3500 causa

205 3514 614 3583 lierosolymam
664 3513 915 3583 profecti.
972 3514 1025 3566 in
1065 3513 1402 3570 Palaestinam
1457 3526 1755 3581 venerunt,

180 3581 622 3658 quibusdamque
667 3581 940 3637 'Galilatis
1019 3585 1133 3639 oris
1205 3586 1531 3707 peragratis,
1610 3586 1754 3655 apud

180 3657 480 3707 uuamdam
526 3653 804 3707 llebrteam
847 3662 1154 3707 matronam
1253 3694 1266 3707 .
1357 3655 1544 3707 ireinis
1589 3671 1753 3707 vene-

180 3601 622 3658 qutnusoamque
699 3601 940 3637 uanireis
1019 3601 1133 3639 oris
1205 3601 1531 3707 peragratis,
1610 3601 1753 3655 apud

179 3657 480 3727 quamdam
526 3653 804 3707 llebrteam
847 3662 1154 3708 matronam
1253 3694 1266 3708 .
1357 3655 1544 3727 irginis
1589 3671 1753 3709 vene-

182 3725 409 3781 randam
453 3732 659 3776 vestem
704 3733 1058 3792 repererunt:
1104 3739 1268 3794 quam
1297 3736 1354 3778 ut
1386 3726 1752 3793 acquirerem,

184 3799 286 3852 hac
310 3805 432 3848 arte
462 3795 547 3847 usi
577 3802 724 3847 sunt.
764 3794 1193 3863 Hierosolymam
1225 3795 1548 3863 peregrinati
1573 3796 1754 3848 omnia

186 3870 297 3921 illic
323 3866 445 3917 loca
482 3874 670 3934 sancta
700 3863 1377 3934 venerabundiadierant,
1405 3866 1757 3934 arculamque

186 3935 533 4006 persimilem
570 3933 644 3986 illi
698 3933 902 4006 inqua
941 3933 1032 3986 Dei
1082 3932 1271 4006 Matris
1309 3937 1540 3987 multum
1580 3932 1752 3987 horio-

186 4003 358 4060 rauda
399 4003 568 4057 vestis
602 4003 1034 4066 custodiebatur,
1070 4003 1755 4068 tiericurarunt;reversi-

185 4093 290 4144 que
329 4073 399 4126 ad
435 4083 738 4144 matronam
771 4087 926 4126 suam
968 4073 1114 4126 illam
1153 4089 1381 4128 vacuam
1424 4074 1490 4125 ad
1522 4075 1757 4143 speciem

191 4143 556 4214 reliquerunt,
585 4143 730 4214 illam
763 4158 913 4214 vero,
947 4145 1001 4196 in
1029 4158 1136 4211 qua
1166 4155 1575 4198 sacrosanctum
1629 4145 1758 4197 illud

186 4227 240 4270 et
271 4212 522 4270 divinum
558 4222 676 4266 erat
706 4212 1108 4274 indumentum,
1147 4213 1415 4268 sublatam
1446 4228 1630 4267 secum
1664 4229 1761 4282 ap-

190 4291 500 4354 portarunt,
529 4290 583 4335 et
629 4283 1151 4354 Constantinopolim
1210 4285 1462 4350 regressi,
1504 4283 1578 4354 _in
1625 4286 1759 4338 sub-

191 4350 350 4410 urbio
403 4366 527 4412 suo.
579 4352 666 4406 cui
717 4350 1032 4406 Blaclterna:
1094 4367 1310 4417 nomen,
1377 4352 1758 4407 condiderunt.

189 4425 342 4478 Clam
409 4421 666 4477 omnibus
727 4421 1044 4476 thesaurum
1109 4435 1331 4476 servare
1392 4424 1572 4476 conati
1637 4439 1761 4477 cum

192 4494 400 4550 [rustra
453 4492 704 4555 fuissent,
753 4491 1070 4561 imperatori
1105 4507 1217 4546 rem
1251 4493 1521 4560 aperiunt,
1556 4496 1647 4562 qui
1685 4493 1762 4546 al-

193 4567 315 4619 lata
362 4563 529 4617 vestis
561 4562 753 4615 nuntio
793 4562 1095 4616 incredibili
1136 4565 1337 4630 gaudio
1388 4563 1615 4616 allectus
1657 4572 1760 4624 est.

195 4637 326 4689 dum
354 4649 476 4688 eam
501 4633 940 4694 exoscularetur,
979 4633 1418 4701 amplecteretur,
1449 4634 1764 4701 temploque

195 4707 248 4758 in
289 4702 792 4774 ipsisuBlacliernis
837 4704 1099 4765 excitato,
1137 4718 1319 4774 arcam
1362 4703 1556 4774 ibidem
1609 4717 1763 4770 repo-

196 4770 328 4830 suit:
376 4792 394 4824 ι
443 4772 716 4828 Hactenus
746 4770 948 4827 Menam
988 4775 1130 4841 apud
1177 4773 1471 4827 Raderum.
1506 4771 1764 4825 Eamdem

199 4844 514 4905 historiam,
561 4842 888 4911 ethquidem
942 4843 1250 4896 uberiorem
1309 4853 1363 4895 ct
1417 4843 1768 4911 prolixiorem

197 4917 369 4969 habes
423 4911 564 4981 apud
619 4909 986 4981 Nicephorum
1041 4913 1134 4966 lib.
1203 4928 1269 4965 xv
1337 4909 1481 4964 mu.
1547 4911 1772 4973 Eccles.,

196 5003 322 5052 cap.
354 4985 461 5048 ii;
499 4982 918 5052 Metapbrastetn
946 4985 998 5036 in
1018 4983 1266 5036 oratione
1297 4983 1364 5037 de
1397 4985 1505 5035 vita
1537 4991 1590 5035 et
1622 4983 1773 5036 obitu

199 5051 572 5110 sanctissima:
599 5051 849 5121 Deiparaa
876 5052 1017 5122 apud
1040 5053 1259 5106 Surium
1291 5052 1385 5122 die
1416 5053 1484 5106 15
1506 5055 1772 5122 Augusti;

200 5127 499 5196 Georgium
526 5121 996 5196 Nicomedieusem
1017 5123 1270 5196 oratione
1297 5125 1349 5175 in
1371 5121 1773 5196 Depositionem

202 5192 461 5266 pretiosa:
496 5194 676 5266 vestis
717 5192 960 5266 Deipara:
1009 5193 1069 5266 _in
1112 5193 1474 5266 Biaelietnis,
1505 5194 1773 5266 aliosque.

270 5267 386 5334 (ἳὲ)
421 5268 473 5319 ltt
508 5266 544 5318 Ι.
583 5264 857 5331 Princeps,
888 5263 948 5316 (ἰ.
1000 5263 1072 5314 De
1103 5264 1297 5332 legibus
1335 5265 1772 5316 liwcliabentur:

207 5356 224 5388 ι
271 5338 538 5406 Princeps
596 5335 835 5406 legibus_
869 5334 1122 5389 subditus
1188 5349 1294 5386 non
1356 5343 1479 5386 est:
1533 5339 1774 5406 augUsta

198 5423 355 5471 vero,
405 5401 530 5460 licet
562 5405 634 5459 sit
656 5401 918 5467 'subdita,
949 5406 1204 5472 princeps
1238 5413 1420 5456 tamen
1451 5403 1637 5456 eadem
1667 5405 1778 5470 pri-

199 5479 399 5548 vilegia
446 5477 524 5530 illi
569 5475 840 5548 concedit,
881 5491 1004 5543 qua:
1052 5475 1165 5548 ipse
1191 5473 1386 5548 habet.
1428 5474 1643 5548 i_L‘erte
1670 5473 1776 5548 Pa-

204 5543 335 5602 tres'
350 5547 599 5601 arbitrati
635 5555 786 5608 sunt,
812 5557 866 5600 et
903 5559 1049 5607 vere,
1076 5543 1353 5597 Christum
1400 5545 1575 5598 solum
1609 5543 1778 5596 fuisse

201 5621 444 5673 solutum
485 5633 515 5669 a
562 5616 770 5684 legibus
815 5616 1019 5683 peccati
1058 5614 1345 5684 originalis
1380 5628 1477 5682 per
1505 5628 1585 5677 se,
1627 5622 1682 5666 et
1713 5627 1778 5665 ex

203 5691 252 5743 vi
318 5704 432 5742 sua:
492 5698 716 5748 natur-3:,
777 5701 872 5755 per
928 5685 1051 5755 hoc,
1092 5694 1272 5737 tamen
1341 5699 1447 5737 non
1499 5684 1778 5755 adimitur,

203 5759 260 5811 Β.
326 5757 637 5826 Virginem,
701 5754 956 5824 tanquam
1029 5754 1331 5822 Augustam
1359 5793 1393 5826 ,_
1440 5756 1509 5826 ali
1549 5754 1778 5826 Aiisdem

202 5824 512 5899 exc-ruptam
558 5826 729 5880 fuisse
767 5840 860 5894 per
908 5826 1164 5896 gratiam,
1216 5833 1273 5879 et
1319 5824 1682 5894 privilegium,
1726 5832 1778 5875 et

1861 3451 1913 3501 in
1960 3451 2153 3516 psalm.
2199 3464 2386 3511 cxvttt,
2433 3449 2654 3516 quando
2694 3448 2967 3516 Virginem
3015 3459 3298 3503 attestatus
3340 3462 3423 3503 est

1860 3519 2124 3588 integram
2167 3520 2237 3572 ab
2269 3519 2416 3572 omni
2468 3519 2588 3588 labe
2635 3520 2860 3587 peccati,
2903 3519 3131 3582 addidit,
3180 3536 3270 3586 per
3302 3536 3422 3588 gra-

1860 3591 2012 3642 tiam.
2061 3587 2123 3641 Et
2185 3589 2452 3642 Eusebius
2483 3587 2820 3653 Emisseuus,
2854 3591 3072 3657 quando
3143 3587 3418 3643 Christum

1859 3659 2207 3712 solummodo
2239 3661 2440 3724 peccati
2471 3659 2756 3727 originalis
2787 3673 3086 3712 aerumnam
3118 3659 3420 3712 dcclinassc

1859 3730 2119 3788 asseruit.
2181 3729 2342 3782 verba
2412 3745 2502 3795 per
2569 3745 2622 3782 se
2657 3730 2905 3797 protinus
2954 3728 3222 3796 adjunxit,
3256 3729 3422 3798 signi-

1859 3797 2026 3853 ﬁcare
2059 3798 2252 3852 volens
2297 3799 2668 3852 beatissimam
2709 3798 2984 3868 Virginem
3022 3811 3278 3866 tanquam
3312 3797 3424 3853 Au-

1859 3877 2095 3938 gustam,
2146 3883 2268 3937 qua:
2319 3868 2585 3937 principis
2634 3869 2943 3938 prixilegiis
2986 3873 3203 3935 gaudet,
3257 3868 3425 3921 fuisse

1858 3937 1954 4006 per
2004 3939 2306 4000 Christum,
2343 3953 2406 3992 ac
2442 3940 2561 4006 ejus
2609 3939 2863 4008 gratiam,
2899 3937 2968 4008 ab
3009 3939 3256 4005 ejusdem
3299 3954 3423 4004 μου-

1860 4005 1965 4061 cati
2002 4008 2417 4075 inquinamento
2465 4005 3077 4077 praeservatamaNam,
3118 4016 3178 4060 ut
3220 4008 3345 4060 luna
3394 4024 3422 4060 a

1860 4078 1976 4131 sole
2031 4079 2225 4146 recipit
2266 4076 2600 4139 claritatem,
2647 4080 2718 4130 ita
2751 4078 2844 4130 Dei
2891 4076 3062 4129 Mater
3106 4079 3285 4130 omnia
3326 4092 3422 4129 sua

1863 4147 2163 4218 privilegia,
2197 4159 2250 4200 et
2281 4148 2579 4218 praesertim
2612 4148 2713 4201 hoc
2745 4148 3213 4218 praesen-vationis,
3236 4147 3426 4218 recipit

1862 4233 1891 4270 a
1965 4217 2123 4270 Filio.

1863 4303 1981 4356 cap.
2019 4289 2072 4339 4.

1933 4355 2069 4426 (22‘)
2107 4356 2261 4410 Deest
2287 4357 2510 4426 stroplic
2551 4371 2654 4409 una
2689 4357 2741 4408 in
2788 4355 3006 4410 Mena-is
3041 4355 3343 4426 impressis,
3377 4364 3432 4407 et

1866 4425 2002 4480 infra
2037 4425 2254 4497 plures;
2283 4425 2427 4494 quod
2459 4427 2623 4480 semel
2656 4427 2945 4497 monuisse
2978 4425 3228 4497 sulliciat.
3271 4425 3427 4479 Eon.

1937 4495 2052 4567 (25)
2085 4495 2156 4550 Ut
2187 4497 2494 4550 verilicetur
2523 4495 2668 4563 quod
2698 4510 2938 4564 purpura
2964 4501 3110 4564 regia
3137 4496 3206 4548 sit
3235 4497 3430 4567 nitida,

1864 4577 1918 4621 et.
1948 4564 2122 4620 'omni
2171 4581 2397 4635 prorsus
2444 4568 2606 4621 sorde
2662 4581 2882 4627 vacans,
2931 4567 3229 4633 requiritur
3288 4564 3430 4634 quod

1869 4637 2018 4690 nullo
2046 4639 2120 4692 sit
2161 4651 2386 4705 aspersa
2420 4637 2663 4706 pulvere,
2698 4646 2792 4687 aut
2826 4636 2927 4688 olei
2961 4645 3434 4706 stt__conspurcata

2207 4215 2334 4271 Vide
2401 4215 2778 4287 Nieremberg.
2847 4217 2900 4270 in
2971 4216 3422 4286 exceptionibus,

1791 4738 1844 4797 Ι)
1873 4710 2010 4788 labe,
2044 4721 2139 4797 nec
2168 4703 2437 4786 in'aliqua'
2477 4707 2643 4797 etiam
2687 4714 2838 4797 parte
2867 4703 3432 4797 sui.l“V_erumta_n:en,

1873 4781 1918 4830 si
1966 4780 2094 4844 quid
2140 4792 2264 4830 cum
2302 4778 2421 4845 ejus
2469 4778 2646 4828 nitore
2686 4785 2794 4845 aut,
2824 4775 3086 4845 munditia
3131 4776 3436 4828 consistere

1874 4857 2078 4916 posset,
2111 4844 2348 4900 maxime
2378 4847 2626 4899 modii-us
2653 4844 2853 4914 pulvis,
2872 4844 2966 4912 qui
2996 4845 3249 4916 facillime
3275 4859 3434 4916 excu-

1879 4915 2030 4980 titur,
2064 4935 2168 4968 nun
2219 4932 2349 4969 vero
2390 4915 2531 4969 foeda
2571 4917 2938 4984 proserpentis
2971 4915 3073 4967 olei
3108 4915 3341 4976 macula,
3375 4931 3439 4966 ac

1877 4990 1930 5041 in
1971 4989 2177 5040 vicinas
2201 4994 2381 5054 partes
2416 5001 2475 5038 se
2499 4985 2855 5050 insinuantis,
2885 4995 2943 5037 ut
2981 4993 3152 5037 totum
3184 4994 3437 5054 contactu

1878 5074 1981 5112 suo
2035 5047 2308 5122 deturpet.
2369 5054 2572 5108 Eodem
2647 5056 2811 5108 modo
2843 5047 3034 5108 ’dictio
3089 5047 3441 5107 immaculata

1878 5129 2080 5182 nullius
2112 5126 2319 5195 peccati
2367 5134 2460 5178 aut
2519 5126 2742 5178 maculae
2789 5124 3130 5178 coasortium
3181 5124 3440 5182 admittit,

1877 5208 1929 5251 et
1961 5198 2003 5250 si
2034 5213 2157 5250 cum
2192 5197 2376 5264 aliquo
2412 5196 2683 5249 cohaerere
2712 5203 3007 5263 pateretur,
3050 5195 3288 5248 maxime
3317 5207 3439 5244 cum

1882 5269 2098 5320 modico
2134 5267 2423 5318 venialium
2481 5276 2828 5333 peccatorum
2888 5264 3122 5328 nenolo,
3163 5279 3267 5316 non
3316 5276 3443 5333 veru

1882 5353 2003 5390 cum
2059 5337 2265 5403 peccati
2329 5331 2611 5403 originalis
2676 5334 2964 5404 gravitate,
3019 5334 3194 5404 quod,
3229 5331 3443 5404 turpius

1885 5409 2029 5459 titltlti
2061 5393 2354 5460 'labei'actat
2384 5393 2523 5457 oieo.
2557 5393 2899 5473 Quapropter
2928 5393 3056 5457 dum
3089 5393 3147 5456 S.
3173 5393 3445 5470 .IosepIms

1879 5477 1937 5529 Β.
1975 5475 2253 5545 Virginem
2292 5477 2452 5528 toties
2498 5475 2748 5528 absolute
2792 5474 3198 5528 immaculatam
3232 5487 3444 5545 nuncu-

1879 5549 2048 5616 pavit;
2080 5542 2422 5613 conccptioui
2446 5545 2809 5616 immaculata:
2837 5559 2941 5597 non
2970 5545 3154 5616 solum
3181 5542 3446 5616 suﬂraga-

1879 5614 1964 5670 tus
2015 5627 2118 5675 est,
2167 5622 2258 5670 sed
2303 5616 2481 5669 eidem
2516 5631 2617 5668 suo
2661 5614 2924 5683 suffragio
2966 5615 3178 5682 insigne
3216 5614 3446 5666 ain-tori-

1882 5691 2007 5741 tatis
2053 5690 2264 5756 pondus
2306 5686 2532 5740 addidit.
2587 5684 2717 5740 Vide
2770 5683 3142 5752 Niet'etnberg.
3183 5683 3234 5736 in
3277 5683 3447 5737 Exce-

1884 5763 2136 5828 ptiouili.,
2168 5772 2288 5824 cap.
2325 5757 2378 5808 5.
2412 5787 2418 5793 ρ
