4164 6456
795 367 925 429 1007
1876 379 1930 434 ὃ.
1977 374 2287 433 JOSEPHI
2333 376 2889 437 HYMNOGRAPIII
3886 383 4020 445 1003

794 494 965 547 tuam,
1015 498 1047 531 o
1085 482 1413 547 castissima,
1461 494 1623 554 atquc
1674 484 2204 544 immaculatissima.
2243 486 2360 537 fon-
2389 491 2437 547 Α

2389 491 2437 547 Α
2466 490 2759 551 ἀπαύστως
2806 490 3078 559 βρύουσαν
3119 488 3324 558 ίάματα
3368 490 3650 561 κέκτηται,
3688 493 4022 565 πανάμωμε.

792 582 898 625 teni
934 588 996 627 ex
1030 588 1139 643 quo
1169 574 1526 629 medicamina
1564 575 1932 631 indcﬁcienter
1970 588 2247 631 emanant.

1360 729 1365 735 _
1473 665 1586 719 ()de
1617 666 1671 717 4.

3162 664 3282 735 ᾭδὴ
3306 664 3366 718 δ’.

865 752 1111 805 Adeste:
1164 752 1385 807 unicam
1430 754 1772 809 benedictam
1823 756 2263 826 magnilicemus;
2309 765 2365 810 et

2531 756 2939 823 Μεγαλύνωμεν
2956 756 3055 827 τὴν
3081 757 3249 827 μόνην
3267 756 3663 826 εὑλογημένην,
3690 758 3784 810 καὶ
3812 757 3912 825 τὴν
3931 758 4024 809 αὐ-

792 840 857 893 ad
904 849 1108 894 vestem
1144 840 1288 896 illius
1319 858 1443 897 cum
1494 844 1597 898 ﬁde
1636 845 1987 910 accedamus,
2038 858 2095 900 ut
2132 849 2359 917 gratiam

2459 845 2555 911 τῆς
2578 847 2776 915 ἐσθῆτα
2803 846 3241 916 προστησώμεθα
3260 844 3463 910 πίστει,
3485 846 3631 907 ὅπως
3651 844 4024 916 ἀρρυσώμεθα

793 932 1028 995 Spiritus
1056 933 1392 987 hauriamus.

2458 938 2556 1006 τὴν
2598 940 2758 1007 χάριν
2786 936 2880 989 τοῦ
2907 938 3242 1006 Πνεύματος.

862 1022 1145 1092 Tanquam
1184 1024 1643 1094 pretiosissimum
1682 1025 2023 1088 thesaurum,
2070 1025 2184 1079 haec
2224 1027 2361 1079 civi-

2540 1031 2627 1093 Ὧς
2660 1031 2955 1100 πολύτιμον
2990 1029 3344 1100 θησαύρισμα
3396 1030 3706 1100 κεκτημένη
3729 1070 3744 1094 ,
3776 1030 3810 1097 ἡ
3846 1029 3905 1081 σὲ
3948 1047 4024 1079 τι·

788 1125 872 1166 tas
921 1131 1041 1182 qua:
1090 1125 1141 1169 te
1200 1117 1455 1180 honorat,
1510 1118 1803 1185 possidens
1850 1125 2057 1170 vestem
2106 1127 2276 1180 tuam,
2327 1132 2360 1170 0

2461 1123 2617 1191 μῶσα
2651 1123 2805 1185 πόλις
2833 1122 2931 1190 τὴν
2959 1120 3163 1189 ἐσθῆτά
3190 1138 3305 1187 σου,
3326 1121 3499 1192 Κόρη,
3526 1122 3701 1174 πίστει
3739 1121 4024 1173 κατασπά-

791 1208 990 1274 puella,
1036 1222 1159 1259 cum
1191 1207 1296 1261 ﬁde
1331 1223 1451 1261 eam
1486 1208 1836 1278 amplectitur
1861 1214 2026 1276 atque
2052 1208 2356 1270 osculatur,

1634 1209 1836 1262 ectitur
1861 1214 2026 1276 atque
2052 1208 2356 1270 osculatur,
2458 1214 2627 1277 ζεται,
2662 1213 2756 1263 καὶ
2782 1213 2938 1283 χάριν
2971 1210 3274 1282 κομίζεται.

787 1306 839 1348 et
873 1297 1100 1363 gratiam
1134 1298 1261 1351 inde
1293 1307 1553 1366 reportat.
2489 1367 2498 1383 ι

856 1391 1164 1447 Adon-anius
1206 1403 1410 1446 vestem
1442 1401 1611 1457 tuam,
1644 1407 1676 1445 ο
1716 1392 2182 1459 laudabilissima,
2250 1405 2508 1467 tanquam
2582 1399 3010 1468 incorruptionis
3048 1397 3273 1463 fontem,
3314 1407 3368 1453 et
3406 1397 3589 1469 gloria:
3631 1396 3829 1451 stolam
3884 1393 4029 1447 exsio

786 1491 1015 1537 stentem
1050 1483 1302 1537 omnibus
1338 1483 1690 1539 laudantibus
1716 1494 1787 1539 te.

856 1576 1051 1629 Munda
1102 1576 1171 1630 ab
1222 1578 1371 1631 omni
1430 1578 1548 1633 labe
1607 1588 1660 1633 et
1718 1580 1834 1634 sola
1882 1580 2166 1636 benedicta
2220 1580 2359 1652 (24).

2548 1585 2613 1636 Ἠ
2645 1583 2984 1654 πανάμωμος
3018 1584 3109 1635 καὶ
3141 1584 3274 1654 μόνη
3314 1581 3655 1652 εὐλογημένη
3680 1583 3789 1635 τῶν
3822 1583 4030 1652 Χερου-

784 1682 906 1736 qua:
928 1667 1223 1722 (Ilierubitn
1274 1670 1515 1723 sanctior
1545 1670 1881 1739 apparuisti;
1904 1670 2114 1725 animas
2142 1681 2358 1726 nostras

2465 1672 2566 1742 ὄὶμ
2591 1676 2842 1742 φανεῖσα,
2867 1673 2965 1735 τὰς
2984 1672 3164 1742 ψυχὰς
3185 1673 3343 1743 ἡμῶν
3371 1673 3545 1726 σῶσον
3575 1674 3756 1742 πάσης
3778 1675 4030 1744 περιστά-

785 1764 852 1814 ab
872 1764 1020 1815 omni
1047 1762 1375 1816 adversitate
1397 1760 1631 1826 custodi,
1655 1761 1785 1816 dum
1821 1771 1871 1815 te
1892 1776 2012 1815 cuin
2045 1762 2147 1817 lide
2180 1763 2353 1816 hono-
2387 1805 2429 1863 Β

1717 1777 1785 1815 tm
1821 1771 1871 1815 te
1892 1776 2012 1815 cum
2045 1762 2147 1817 lide
2180 1763 2353 1816 ltono-
2387 1805 2432 1863 Β
2464 1781 2601 1826 σεως
2627 1763 2735 1817 τῶν
2758 1764 2938 1817 πίστει
2966 1763 3251 1835 τιμώντων
3280 1781 3361 1819 σε.

789 1869 996 1908 ι’·ιιιιιιε.

1398 1944 1505 2015 19
1531 1942 1643 2000 Ode
1675 1946 1727 2000 5.

1675 1946 1727 2000 5.
3090 1940 3211 2012 ᾭδὴ
3241 1940 3301 1995 ε’.

852 2036 1232 2107 Undequaque
1264 2036 1557 2105 purissima
1604 2036 1834 2091 Domina
1860 2036 1998 2107 (25),
2044 2046 2099 2090 ιιι
2141 2036 2355 2091 donasti

2522 2031 2617 2095 Σὺ,
2648 2030 2914 2084 Δέσποινα
2959 2029 3142 2100 ﬁni],
3178 2037 3293 2094 τοῖς
3344 2032 3455 2091 σοῖς
3483 2030 3691 2094 δούλοις
3722 2031 4027 2103 δεδώρησαι

782 2128 958 2184 servis
1007 2129 1115 2183 tuis
1151 2138 1353 2183 vestem
1400 2144 1464 2183 ac
1511 2128 1804 2197 pretiosam
1842 2142 2036 2182 zonam
2084 2137 2254 2193 tuam,
2298 2137 2355 2182 ut

2453 2122 2780 2193 κραταίωμα
2806 2122 2904 2194 τὴν
2932 2122 3169 2194 ἐσθῆτα,
3197 2124 3292 2175 καὶ
3338 2124 3527 2193 τιμίαν
3552 2140 3647 2177 σου
3688 2124 3889 2194 ζώνην,
3935 2126 4028 2176 καὶ

782 2224 851 2276 sit
881 2223 989 2276 illis
1014 2222 1180 2275 robur
1204 2235 1268 2275 ac
1292 2220 1540 2275 divinum
1571 2221 1995 2274 munimentum.

1390 2220 1540 2273 inutn
1571 2221 1995 2274 munimentum.
2453 2215 2595 2268 θεῖον
2628 2216 3034 2286 περιτείχισμα.

850 2312 1314 2368 Jucundissimutn
1342 2313 1686 2377 viridarium,
1716 2326 1938 2367 suavem
1958 2311 2195 2382 Spiritus
2218 2310 2350 2366 odo-

2530 2307 2860 2377 Παράδεισος
2879 2306 3111 2376 τερπνὸς
3144 2306 3372 2361 εὐωδίαν
3402 2307 3496 2361 τοῦ
3524 2308 3860 2377 Πνεύματος,
3890 2326 4027 2361 amv-

782 2422 897 2461 rent
932 2406 1189 2461 emittens
1218 2403 1426 2458 factum
1453 2413 1537 2459 est
1565 2404 1825 2473 templum
1857 2403 2013 2469 illud,
2042 2418 2075 2456 o
2108 2412 2219 2456 tota
2244 2402 2351 2455 im-

2458 2402 2721 2470 ἀχραντε,
2777 2399 3123 2469 ἀποπέμπων
3162 2401 3190 2451 ὁ
3229 2401 3354 2463 ναὸς
3410 2399 3439 2450 ὀ
3493 2401 3735 2470 κατέχων
3778 2401 3878 2470 τὴν
3928 2402 4026 2470 σὴν

782 2499 1077 2560 maculata,
1109 2498 1162 2551 in
1195 2513 1305 2567 quo
1335 2505 1426 2551 tua
1465 2497 1633 2550 vestis
1662 2505 2039 2550 conservatur.

1335 2505 1426 2551 tua
1465 2497 1633 2550 vestis
1662 2505 2039 2550 conservatur.
2458 2491 2663 2561 ἐσθῆτα
2685 2491 2976 2546 δέδεικται.

855 2589 1081 2654 Repleta
1133 2588 1282 2643 omni
1332 2588 1644 2652 sanctitate,
1696 2586 1978 2641 sanctiﬁca
2018 2584 2231 2640 animas
2277 2593 2328 2639 ct
2390 2597 2621 2653 corpora
2669 2590 2882 2647 nostra,
2926 2580 3054 2635 dum
3084 2589 3287 2635 vestem
3358 2590 3505 2635 tuam
3571 2590 3819 2636 sanctam
3854 2582 4028 2636 hono-

782 2700 988 2747 ramus,
1022 2694 1281 2753 tanquam
1309 2682 1457 2735 omni
1491 2681 1697 2735 ltonore
1723 2681 2124 2749 dignissimam.

852 2774 1098 2830 Genitrix
1152 2774 1267 2838 Dei,
1319 2773 1404 2828 fac
1450 2788 1552 2827 nos
1595 2772 1793 2841 templa
1826 2771 1917 2827 Dei
1960 2772 2054 2841 qui
2086 2770 2353 2824 habitavit

2526 2770 2707 2832 Ναοὺς
2755 2769 2903 2839 ἡμᾶς
2936 2768 3072 2821 Θεοῦ
3114 2767 3209 2821 τοῦ
3250 2769 3310 2823 ὲν
3339 2770 3421 2822 σοὶ
3465 2770 3851 2840 ὲνοικήσαντος
3898 2772 4023 2823 ἀνά-

781 2867 838 2921 in
867 2874 938 2930 te,
966 2866 1093 2920 dum
1126 2875 1177 2920 te
1209 2867 1262 2920 in
1293 2864 1493 2933 templo
1525 2872 1618 2918 tuo
1646 2863 1832 2918 divino
1862 2879 1983 2917 cum
2015 2862 2118 2917 ﬁde
2140 2862 2348 2931 gloriﬁ-

2456 2862 2628 2928 δειξον
2647 2902 2662 2926 ,
2693 2860 2924 2913 Θεοτὸκε
2945 2900 2959 2926 ,
2996 2860 3121 2923 τοὺς
3163 2859 3242 2930 τῷ
3274 2861 3405 2931 θείῳ
3452 2861 3565 2932 ναῷ
3598 2878 3690 2914 σου
3724 2862 3939 2926 πιστῶς
3970 2880 4029 2914 σε

780 2974 991 3015 camus.

2460 2950 2879 3023 μακαρίζοντας.

1447 3048 1562 3103 Ode
1616 3046 1670 3101 6.

3132 3044 3254 3114 ᾮδὴ
3291 3042 3363 3108 ς’·

850 3139 1329 3211 lnexpugnaoilem
1374 3148 1634 3208 tanquam
1682 3153 1921 3203 murum,
1960 3152 1992 3191 ο
2026 3136 2194 3191 Mater
2227 3124 2349 3191 6m-
2376 3114 2419 3173 ο

2384 3114 2419 3173 c
2536 3136 2838 3201 ’Δνέδειξας
2888 3140 2954 3208 τῇ
3001 3136 3194 3189 πασῶν
3257 3136 3489 3205 βασιλίδι
3541 3136 3649 3189 τῶν
3700 3136 3953 3200 πιίλεων,
3993 3139 4028 3205 η

780 3236 931 3290 nium
972 3233 1135 3302 Regis
1180 3240 1234 3285 et
1276 3229 1516 3294 Domini,
1565 3229 1764 3285 dedisti
1795 3230 2073 3283 civitatum
2109 3229 2351 3283 omnium

2452 3229 2688 3282 τεκοῦσα
2721 3228 2964 3281 Βασιλέα
2994 3230 3104 3281 τῶν
3129 3227 3266 3281 ὅλων
3293 3232 3385 3281 καὶ
3417 3228 3641 3299 Κύριον,
3672 3228 3921 3299 ἀρραγὲς
3952 3230 4028 3291 ὡς

780 3328 982 3397 regina:
1012 3332 1214 3378 vestem
1248 3333 1395 3376 tuam
1428 3329 1673 3375 sanctam
1712 3336 1776 3374 ac
1800 3321 2185 3375 venerabilem.

2041 3321 2185 3374 ilem.
2450 3324 2627 3389 τεῖχος
2656 3321 2755 3391 τὴν
2783 3319 2988 3390 σεπτὴν
3018 3322 3111 3383 καὶ
3135 3322 3297 3388 ἁγίαν
3328 3320 3535 3388 ἐσθῆτὰ
3570 3338 3680 3371 σου.

851 3419 967 3473 Nos
994 3417 1317 3486 gaudentes,
1358 3411 1594 3481 Virginis
1612 3413 1843 3483 gratiam
1874 3412 2267 3481 gloriﬁcemus,
2288 3426 2353 3466 ac

2520 3412 2815 3483 Γηθόμενοι
2865 3411 2966 3481 τῆς
3021 3411 3299 3482 Παρθένου
3336 3412 3435 3480 τὴν
3469 3411 3628 3480 χάριν
3678 3411 4027 3480 δοξάσωμεν,

778 3509 1184 3565 sanctissimam
1217 3505 1365 3558 illius
1395 3513 1603 3559 vestem
1630 3518 1976 3565 veneremur,
2006 3517 2071 3556 ex
2097 3517 2204 3572 qua
2228 3517 2349 3555 om-

2451 3504 2544 3557 καὶ
2575 3505 2677 3573 τὴν
2709 3504 2912 3572 ταύτης
2943 3503 3219 3571 παναγίαν
3248 3503 3450 3573 ἐσθῆτα
3479 3505 3829 3573 τιμήσωμεν,
3873 3506 3937 3569 ἐξ
3962 3503 4031 3579 ἧς

777 3601 868 3657 nis
895 3600 1104 3654 sanitas
1134 3612 1199 3652 ac
1230 3597 1399 3651 robur
1431 3595 1621 3648 morbo
1651 3593 2030 3648 laborantibus
2061 3594 2346 3648 incessan-

2216 3608 2346 3648 sau-
2457 3597 2608 3649 πᾶσα
2637 3596 2803 3666 ῥῶσις
2832 3594 3154 3650 ἀσθενοῦσιν
3183 3598 3477 3659 ἀπαύστως
3508 3598 3860 3666 προέρχεται.

776 3704 859 3748 ter
892 3699 1198 3762 promanat.

847 3784 1238 3840 lnexbaustum
1286 3796 1553 3852 aquarum
1605 3780 1851 3836 vitalium
1901 3780 2104 3835 fontem
2161 3791 2212 3835 te
2244 3779 2517 3845 novimus,
2586 3794 2619 3834 ο
2650 3780 2900 3851 Deipara,
2966 3790 3223 3851 tuamque
3297 3780 3537 3835 divinam
3614 3792 3827 3836 vestem
3865 3798 4034 3837 vene-

777 3897 989 3946 ramur,
1034 3896 1101 3935 ex
1150 3894 1257 3949 qua
1307 3893 1407 3934 nos
1455 3877 1640 3933 ﬁdeles
1688 3876 1932 3948 quotidie
1984 3877 2347 3932 medicamina
2384 3876 2689 3931 haurimus.

848 3975 1222 4029 Substantiam
1250 3973 1529 4028 hominum
1560 3973 1665 4027 sibi
1699 3972 1802 4042 ipsi
1824 3971 2181 4026 domesticam
2216 3973 2346 4025 fecit

2536 3973 2596 4024 '0
2636 3971 2839 4041 Κύριος
2897 3972 3035 4041 μετὰ
3074 3970 3208 4036 σοῦ,
3260 3970 3489 4023 Θεοτόκε
3513 4010 3528 4033 ,
3580 3971 3878 4041 γενόμενος
3922 3975 4036 4027 τῶν

775 4067 1061 4130 Dominus,
1105 4065 1361 4119 habitans
1410 4064 1463 4117 in
1513 4074 1584 4128 te,
1629 4080 1663 4118 ο
1712 4063 1964 4133 Deipara,
2014 4077 2345 4131 omnemque

2451 4061 2755 4133 ἀνθρώπων
2785 4062 2962 4131 ἑαυτῷ
2980 4063 3078 4133 τὴν
3102 4062 3288 4114 οὐσίαν
3309 4061 3607 4131 ᾠκείωσεν,
3632 4064 3844 4117 καὶτοῦ
3871 4065 4034 4117 ἀλλο-

776 4160 950 4215 hostis
974 4159 1252 4213 lasionem
1277 4156 1346 4211 ab
1371 4170 1436 4210 eo
1469 4156 1875 4210 exterminavit.

2450 4155 2602 4209 τοίου
2640 4154 2699 4218 ἐξ
2726 4154 2894 4224 αὐτῆς
2927 4156 3109 4208 πᾶσαν
3144 4154 3351 4225 βλάϐην
3372 4154 3655 4225 ἐξώρισεν.

1455 4267 1569 4322 Ode
1608 4270 1660 4321 7.

3134 4268 3256 4339 ᾮδὴ
3285 4266 3347 4333 ζ’-

852 4362 1118 4432 Depresso
1151 4370 1313 4429 atque
1344 4359 1538 4414 humili
1570 4360 1756 4424 corde,
1786 4370 2075 4429 menteque
2098 4359 2339 4424 sublimi,
2374 4427 2411 4433 ᾳ

2392 4428 2411 4433 _
2530 4358 2880 4432 ’Υψηλοτάτῳ
2910 4361 2990 4414 νοῒ
3021 4363 3115 4415 καὶ
3144 4364 3374 4433 ταπεινῇ
3401 4361 3598 4433 καρδίᾳ
3626 4360 3721 4415 τοῦ
3755 4361 4036 4432 βασιλέως

777 4427 1106 4509 altissimum
1140 4427 1307 4521 Regis
1338 4451 1595 4504 thronum
1622 4427 2029 4519 gloriticemus;
2056 4450 2344 4504 sanctissi-
2373 4427 2421 4486 θ

2390 4427 2421 4486 D
2448 4427 2783 4529 ὑψηλύτατον
2832 4427 2922 4513 τὸν
2971 4460 3160 4530 θρόνον
3224 4427 3538 4529 δοξασωμεν
3574 4427 3688 4528 τὴν
3743 4427 4034 4527 παναγίαν

780 4562 923 4600 mam
951 4545 1158 4600 scilicet
1184 4553 1239 4597 et
1264 4543 1477 4612 plenam
1508 4542 1684 4611 gratia
1716 4542 1971 4611 puellam.
2188 4586 2194 4593 .

1611 4542 1684 4595 tia
1716 4542 1971 4611 puellam.
2188 4586 2194 4593 .
2444 4552 2614 4619 κόρην
2646 4552 2743 4620 τὴν
2778 4551 3247 4622 κεχαριτωμένην.

845 4637 954 4706 2ο
984 4638 1039 4690 In
1068 4638 1174 4690 hoc
1196 4635 1434 4689 thalamo
1452 4641 1545 4688 tuo
1571 4634 1877 4689 venerando
1901 4645 2231 4689 asservatam
2256 4649 2348 4688 ve-

2515 4643 2730 4707 Παστὰς
2778 4643 2914 4697 Θεοῦ
2962 4644 3231 4712 ὲκλεκτὴ,
3272 4643 3332 4697 ἐν
3378 4646 3444 4715 τῇ
3486 4646 3657 4714 σεπτῇ
3710 4660 3809 4695 σου
3848 4645 4032 4715 ταύτῃ

774 4739 912 4784 stem
958 4737 1108 4781 tuam
1164 4742 1293 4781 cum
1335 4726 1440 4779 ﬁde
1466 4726 1823 4791 honoramus,
1858 4735 2118 4796 tanquam
2160 4741 2342 4780 arcam

2444 4735 2674 4789 παστάδι
2709 4736 2890 4789 πίστει
2918 4737 3015 4805 τὴν
3050 4736 3258 4806 ἐσθῆτά
3296 4754 3390 4789 σου
3428 4737 3689 4805 κειμένην
3721 4736 4032 4807 σεϐόμεθα,

773 4834 1041 4884 sanetam,
1115 4830 1169 4875 et
1216 4821 1471 4890 pietatem
1514 4822 1809 4875 colentium
1849 4823 2263 4891 protectionem,
2308 4838 2341 4877 ο

2130 4838 2263 4887 iem,
2308 4838 2341 4877 ο
2444 4831 2519 4894 ὠς
2551 4830 2782 4883 κιϐωτὸν
2817 4831 2982 4898 ἁγίαν
3014 4830 3112 4883 καὶ⁸
3140 4830 3511 4882 εὐσεϐούντων
3543 4828 3774 4898 σκέπην.

776 4918 869 4970 Dei
897 4917 1134 4969 thalame
1154 4913 1342 4967 electe.

845 5008 888 5059 Α
912 5014 1181 5060 vetustate
1211 5005 1474 5060 liberatur
1502 5006 1682 5061 omnis
1702 5006 1794 5074 qui
1820 5021 1942 5059 cum
1970 5005 2074 5061 (ide
2109 5006 2340 5070 accedit,

2534 5005 2969 5067 Ἀνακαινιςεται
3010 5006 3116 5067 πᾶς
3146 5005 3175 5056 ὁ
3200 5002 3439 5073 προσιὼν
3466 5003 3525 5055 ὲν
3557 5002 3761 5066 πίστει,
3796 5007 3896 5055 xa’t
3927 5021 4033 5071 την

772 5108 825 5153 et
864 5106 1111 5151 sanctam
1159 5097 1441 5165 capsulam
1489 5096 1791 5161 osculatur,
1837 5112 1957 5165 quae
2003 5098 2339 5167 splendidam

2447 5097 2611 5164 ἁγίαν
2640 5098 3021 5166 ἀσπαζόμενος
3053 5095 3211 5167 σορὸν
3244 5094 3343 5165 τὴν
3384 5096 3722 5165 κατέχουσαν
3760 5095 3866 5165 τὴν
3902 5100 4032 5166 σὴν,

771 5194 977 5239 vestem
1006 5194 1150 5237 tuam
1178 5185 1441 5250 continet,
1477 5200 1511 5239 ο
1538 5183 1703 5255 Virgo
1733 5194 1903 5240 casta.

1777 5194 1903 5239 ista.
2450 5188 2589 5259 ἁγνὴ
2615 5188 2881 5259 Παρθένε,
2908 5189 3174 5259 φωτοειδῆ
3200 5188 3421 5256 ἐσθῆτα.

844 5366 955 5446 (ἳῤ)
991 5365 1074 5447 {in
1104 5366 1216 5419 haec
1252 5364 1910 5447 ‘v‘erba_imtri_acttlata2nB.
1943 5363 2184 5447 Virginis
2206 5382 2345 5447 con-
2526 5368 2640 5447 (Ξξί)
2690 5368 2831 5433 Quid
2863 5378 2947 5421 est
2987 5382 3110 5423 esse
3143 5371 3506 5447 undequaque
3549 5367 3924 5446 purumhnisi
3962 5382 4033 5447 ex

768 5435 1010 5503 ceptioni
1054 5435 1289 5497 faveant,
1325 5435 1533 5502 judicet
1577 5437 1764 5489 lector.
1803 5437 1963 5491 Certe
2001 5452 2101 5506 ego
2142 5438 2342 5490 intelli-
2445 5435 2597 5492 omni
2624 5435 2804 5506 parte,
2851 5448 3013 5506 atque
3043 5453 3105 5491 ex
3142 5435 3539 5503 onini’genere
3567 5450 3756 5489 carere
3785 5436 4035 5506 impuri-

771 5520 898 5573 gere
929 5520 1036 5558 non
1067 5521 1314 5574 possum,
1352 5507 1630 5577 quomodo
1671 5506 1729 5558 B.
1773 5507 1930 5575 \irgo
1958 5507 2207 5560 absolute
2234 5508 2340 5577 dici
2444 5510 2592 5562 tate?
2640 5507 2757 5562 Non
2808 5511 2999 5562 luisset
3036 5509 3203 5577 igitur
3236 5506 3296 5560 Β.
3334 5506 3500 5576 Virgo
3530 5508 3925 5575 undequaque,
3978 5509 4033 5559 id

806 5577 945 5657 ossit
986 5579 1186 5657 munda
1236 5578 1302 5628 ab
1330 5576 1652 5657 omninlabe.
1704 5578 1911 5657 et__sola
1943 5577 2251 5657 benedicta,
2279 5576 2340 5657 .si
2441 5587 2527 5657 est
2546 5596 2609 5633 ex
2645 5579 2793 5632 omni
2819 5590 2991 5647 parte,
3014 5576 3181 5657 atque
3205 5578 3450 5657 exnonmi'
3471 5590 3666 5657 genere
3690 5578 4031 5657 purissima,

792 5648 890 5698 abc
917 5646 1197 5718 originalis
1225 5647 1430 5718 peccati
1462 5644 1680 5718 {redata
1728 5649 2022 5713 aliquando
2065 5648 2338 5716 apparuit,
2441 5649 2485 5701 si
2518 5665 2581 5703 ex
2616 5658 2769 5716 parte
2794 5644 3174 5718 conceptioitis
3200 5646 3453 5717 originali
3478 5644 4031 5717 Tuissetimpuritate

768 5717 1147 5788 etcortimuni
1200 5717 1592 5788 maledictioni,
1648 5726 1706 5771 ut
1744 5720 1925 5771 ezeteri
1976 5732 2165 5771 omnes
2216 5719 2341 5771 Adae
2442 5721 2748 5788 deturpata.

774 5784 891 5849 lilii,
926 5785 1167 5854 subjecta
1202 5784 1321 5839 fuit.
