4164 6456
245 419 381 483 1009

1646 427 2009 489 MARIALE.

3324 434 3458 499 1010

311 535 579 590 Eumntlat
604 549 795 591 omnes
824 535 1019 592 animm
1046 539 1315 603 sordes,o
1384 539 1545 612 Virgo
1608 543 1987 605 mundissima,
2024 540 2137 597 haec
2168 558 2317 608 arca,
2383 557 2506 614 quae
2532 545 2771 600 continet
2839 556 3041 601 vestem
3115 545 3282 609 ilium,
3347 566 3452 616 qua

236 644 437 697 corpus
465 637 619 684 tuum
642 628 1007 682 venerandum
1034 640 1349 699 coopertum
1386 630 1506 687 fuit.

309 722 675 792 Θεογεννῆτορ
704 721 863 793 ἁγνὴ,
912 723 1011 793 τὴν
1041 722 1101 776 σὲ
1137 723 1384 795 τιμῶσαν
1430 727 1584 780 πόλιν
1612 727 1793 798 λιμοῦ,

1970 728 2214 794 Custodi,
2249 731 2340 786 Dei
2372 732 2615 789 Genitrix
2642 748 2797 803 pura,
2844 735 2985 790 hanc
3020 733 3209 789 urbem
3254 748 3376 803 quin
3407 742 3458 787 te

236 814 467 883 σεισμοῦ
512 830 571 867 τε
612 815 705 866 καὶ
750 814 1045 877 κακώσεως
1089 816 1309 887 ἀπάσης
1355 819 1668 891 περίσωζε,
1713 822 1804 876 καὶ

234 905 459 979 εθνικῆς
488 906 701 977 ἐφόδου,
737 909 831 962 καὶ
858 905 1110 970 ἔναντίας
1144 908 1367 981 βλάϐης.

935 1089 1042 1161 ῼδὴ
1082 1088 1153 1160 η’·

309 1180 667 1249 Εὐχαρίστοις
693 1181 896 1250 φωναῖς
925 1182 1277 1252 ἀνυμνοῦμέν
1309 1200 1367 1235 σε
1395 1183 1494 1253 τὴν
1533 1186 1797 1240 παντοίων

231 1271 417 1324 καλῶν
442 1274 573 1343 ἡμῖν
621 1271 901 1342 πρόξενον,
932 1273 1023 1326 καὶ
1050 1272 1148 1343 τὴν
1195 1273 1398 1344 σεπτὴν
1450 1274 1653 1345 ἐσθῆτά
1703 1294 1797 1330 σου

230 1364 623 1433 ἀσπαζόμενοι,
643 1364 817 1435 Κόρη,
833 1365 1191 1429 ἀναϐοῶντεςο
1212 1350 1523 1435 Εὐλογεῖτε,
1543 1367 1611 1421 τὰ
1639 1368 1795 1439 ἔργα.

230 1455 324 1507 τὸν
356 1456 576 1524 Κύριον.

304 1545 514 1614 Nonth
535 1546 609 1606 ὡς
631 1546 938 1617 λαμπάδιον
965 1546 1181 1617 ἔχοντες
1214 1549 1271 1601 ὲν
1300 1547 1493 1618 λυχνία
1517 1548 1797 1619 τραπέζης

230 1636 594 1704 προκείμενον
663 1636 725 1689 τὸ
785 1637 929 1707 ἱερὸν
1008 1638 1275 1709 μαφόριον
1350 1638 1451 1707 τῆς
1523 1640 1797 1708 πανάγνου

230 1725 553 1794 Παρθένου,
609 1725 709 1789 τὰς
767 1727 869 1797 τῆς
923 1730 1153 1800 καρδίας
1216 1729 1566 1799 φωτιζόμεθα
1630 1732 1797 1801 κόρας

229 1817 516 1872 ἑκάστοτε.

301 1909 567 1977 Οὐδαμῶς
604 1907 966 1980 ἀμοιροῦντας
996 1909 1287 1974 κατέλιπες
1315 1911 1466 1981 ἱερᾶς
1498 1928 1614 1978 σου,
1651 1912 1798 1983 Παρ-

229 1996 373 2062 θένε,
406 1997 799 2068 προσψαύσεως
826 1998 953 2061 τοὺς
974 1996 1230 2064 ἀναξίους
1256 2000 1478 2064 δούλους
1511 2019 1607 2055 σου
1636 2020 1650 2034 ·
1676 2005 1797 2057 ἀντὶ

1909 825 2161 890 honorat,
2225 842 2252 879 a
2320 825 2494 892 fame,
2552 836 2881 891 terrtemotu,
2935 838 3098 898 atque
3152 826 3299 880 omni
3378 825 3460 879 af-

1908 916 2182 971 ﬂictione:
2253 918 2321 972 ab
2376 919 2717 976 ethnicorum
2768 921 2991 991 impetu,
3049 930 3213 990 atque
3274 917 3457 974 hostili

1905 1007 2141 1064 laesione.

2561 1104 2668 1158 (ide
2723 1105 2777 1158 8.

1970 1190 2013 1246 0
2063 1195 2306 1249 omnium
2365 1194 2522 1250 nobis
2577 1196 2840 1250 bonorum
2900 1196 3274 1260 conciliatrix,
3332 1211 3458 1250 cum

1899 1285 2197 1353 gratiarum
2244 1286 2458 1340 actione
2504 1295 2557 1340 te
2606 1286 2935 1340 laudamus:
2974 1295 3028 1340 ct
3062 1296 3264 1341 vestem
3313 1295 3457 1339 tuam

1899 1377 2262 1430 venerabilem
2299 1378 2699 1443 deoseulantes,
2731 1393 2762 1430 ο
2791 1376 3007 1442 Puella,
3041 1379 3415 1433 exclamamus
3444 1395 3459 1430 :

1900 1462 2222 1529 Benedicite,
2257 1480 2440 1534 opera,
2469 1466 2779 1520 Dominum.

1968 1554 2195 1610 Lumine
2221 1555 2335 1625 jugi
2387 1555 2639 1611 fruuntur
2689 1557 2831 1612 oculi
2875 1557 3058 1612 cordis
3096 1558 3289 1619 nostri,
3336 1572 3457 1610 cum

1901 1646 2201 1703 habeamus
2244 1656 2506 1718 tanquam
2553 1651 2856 1720 lampadem
2910 1651 2965 1704 in
3010 1650 3229 1704 lucerna
3262 1664 3462 1703 mensa:

1899 1741 2319 1811 prominentem,
2358 1757 2567 1797 sacram
2604 1754 2806 1798 vestem
2843 1744 3167 1798 castissima
3200 1740 3458 1811 Virginis.

1968 1918 2013 1974 0
2045 1917 2230 1989 Virgo,
2266 1919 2391 1974 licet
2418 1919 2672 1987 indignos
2714 1935 2900 1975 servos
2934 1932 3076 1983 tuos,
3111 1920 3260 1973 nullo
3301 1920 3463 1971 ιιιοιιυ

1899 2010 2168 2079 reliquisti
2205 2020 2455 2081 expertes
2486 2010 2624 2064 sacri
2673 2020 2956 2065 contactus
2987 2011 3094 2075 tui;
3132 2012 3328 2064 ctenim
3364 2025 3463 2078 pro

228 2089 482 2157 σώματος
506 2089 613 2161 γάρ
641 2107 734 2143 σου
756 2087 851 2142 τοῦ
874 2089 1158 2162 ζωηφόρου
1186 2091 1286 2163 τὴν
1309 2091 1514 2163 ἐσθῆτά
1538 2110 1629 2147 σου
1662 2097 1793 2149 πᾶσι

1900 2102 2047 2157 vitali
2091 2118 2323 2173 corpore
2359 2113 2473 2169 tuo,
2514 2114 2716 2157 vestem
2766 2113 2910 2159 tuam
2940 2104 3194 2156 omnibus
3225 2102 3461 2156 donasti.

226 2179 551 2251 δεδώρησαι.

310 2272 632 2341 Ὑμνῳδίαις
668 2270 871 2337 ἐνθέοις
909 2274 1232 2344 τιμήσωμεν
1259 2274 1354 2328 τοῦ
1384 2276 1517 2329 Θεοῦ
1546 2278 1791 2349 εὐρύχω-

230 2383 325 2435 ρον
355 2366 620 2434 σκήνωμα
648 2363 746 2435 τὴν
766 2365 824 2417 ὲν
846 2367 1088 2436 μητράσι
1119 2366 1392 2434 πάναγνον
1424 2367 1519 2439 τὴν
1541 2369 1793 2439 οὐράνιον

225 2454 429 2522 πύλην,
456 2454 522 2506 δι’
550 2450 615 2525 ἧς
656 2454 909 2525 ἐκλείσθη
936 2456 970 2525 ἠ
1010 2454 1147 2527 πρὸς
1180 2456 1407 2510 θάνατον
1450 2459 1591 2511 πύλη
1642 2460 1792 2513 εἱσά-

224 2562 426 2613 γουσα.
1162 2588 1169 2593 ,

906 2642 1029 2715 ᾮδὴ
1057 2643 1122 2697 θ’.

310 2732 441 2786 Ἰδού
479 2749 538 2785 σε
570 2732 671 2802 τὴν
705 2732 891 2804 κλίνην
929 2735 1180 2807 Σολομῶν
1221 2735 1554 2807 γεραίρομεν
1582 2755 1791 2808 χαρμο-

225 2823 408 2885 σύνοις
452 2823 825 2893 μελῳδήμασι,
871 2826 967 2878 καὶ
994 2825 1091 2895 τὴν
1130 2827 1318 2894 τιμίαν
1364 2843 1457 2880 σου
1485 2828 1686 2897 ἐσθῆτα
1717 2829 1794 2890 ὡς

224 2915 395 2983 ἄλλην
426 2914 656 2968 κι6ωτὸν
695 2916 1038 2987 ἁγιάσματος
1090 2916 1436 2983 κυκλοῦντες,
1486 2919 1583 2982 τὰς
1622 2920 1793 2983 ἰάσεις

224 3005 575 3077 λαμϐάνομεν
603 3007 701 3069 τὰς
724 3006 1051 3077 σωτηρίους,
1079 3007 1166 3060 ἀεὶ
1196 3009 1460 3077 Παρθένε.

299 3098 477 3168 Ὠρθη
501 3098 598 3151 νῦν
623 3099 656 3169 ἡ
688 3098 808 3151 θεία
830 3115 925 3152 σου
956 3098 1114 3170 σορὸς
1143 3102 1447 3170 κατέχουσα
1471 3101 1570 3171 τὴν
1596 3101 1797 3171 ἐσθῆτα

224 3190 324 3260 τὴν
340 3190 527 3260 τιμίαν
551 3208 670 3256 σου,
696 3189 885 3260 ῶσπερ
908 3193 1087 3260 πηγὴν
1118 3191 1317 3259 φωτὸς,
1350 3191 1613 3262 Παρθένε,
1645 3194 1797 3246 ἀκτίς-

224 3301 323 3346 νας
375 3282 624 3352 ἰαμάτων
672 3282 1033 3352 ἐκπέμπουσα
1080 3282 1177 3336 καὶ
1234 3285 1424 3346 σκότος
1473 3283 1795 3353 νοσημάτων

224 3375 519 3433 διώκουσα.
546 3376 612 3444 ἣν
646 3373 781 3443 μετὰ
806 3373 972 3427 πόθου
1001 3373 1386 3461 ἀσπαζόμεθα.

1974 2282 2316 2338 lllustremus
2363 2283 2565 2338 divinis
2631 2284 2861 2339 canticis
2918 2284 3313 2351 amplissimum
3369 2282 3462 2335 Dui

1903 2375 2336 2440 tabernaculum,
2379 2374 2746 2429 castissimam
2798 2374 2944 2429 inter
2985 2385 3207 2437 matres,
3255 2383 3462 2441 portam

1902 2462 2203 2524 cmlestem,
2249 2476 2346 2530 per
2387 2477 2551 2531 quam
2584 2461 2768 2516 clausa
2805 2472 2890 2518 est
2915 2463 3105 2533 jatma,
3141 2478 3258 2530 quzc
3294 2462 3464 2515 intro-

1900 2552 2131 2609 ducebat
2160 2552 2225 2607 ad
2264 2562 2519 2609 mortem.

2595 2646 2705 2699 Ode
2732 2645 2787 2699 9.

1974 2738 2015 2787 Ο
2058 2733 2222 2803 Virgo
2255 2742 2540 2804 perpetua,
2582 2733 2818 2805 ingentis
2861 2734 3060 2789 lmtitia:
3082 2736 3309 2789 canticis
3341 2750 3467 2791 ecce

1902 2840 2231 2879 veneramur
2271 2833 2324 2879 te
2364 2824 2618 2878 lectulum
2666 2824 3017 2880 Salomonis:
3065 2840 3127 2878 ac
3170 2827 3463 2896 pretiosam

1902 2927 2104 2971 vestem
2137 2924 2286 2971 tuam
2320 2924 2578 2985 tanquam
2615 2915 2775 2970 aliam
2809 2916 3258 2971 sanctiﬁcationis
3282 2932 3465 2972 arcam

1901 3008 2325 3071 circumdantes,
2348 3007 2612 3062 salutares
2642 3007 2745 3076 2],
2784 3006 3022 3063 medelas
3046 3008 3359 3078 recipimus.

1972 3098 2125 3154 Sicut
2169 3097 2293 3152 fons
2330 3098 2465 3153 lucis
2493 3098 2608 3152 visa
2655 3106 2760 3165 est,
2817 3112 2850 3152 0
2880 3096 3064 3167 Virgo,
3107 3115 3230 3152 arca
3267 3100 3353 3152 illa
3385 3099 3466 3150 tli-

1901 3195 2049 3258 vina,
2090 3205 2213 3261 quae
2248 3189 2492 3245 continet
2527 3199 2734 3245 vestem
2771 3198 2917 3243 tuam
2947 3190 3265 3259 pretiosam,
3309 3190 3467 3242 emit.

1903 3296 2022 3341 tens
2044 3285 2226 3339 radios
2257 3284 2630 3347 curationum,
2666 3298 2731 3338 ac
2751 3284 3002 3337 tenebras
3034 3283 3347 3336 morborum
3376 3281 3442 3335 de

1904 3377 2140 3448 pellens;
2171 3377 2291 3431 ideo
2328 3376 2473 3429 illaut
2505 3390 2629 3429 cum
2667 3375 2862 3429 all‘ectu
2892 3374 3297 3429 deosculamur.

294 3466 545 3535 Σήμερον
584 3464 972 3535 συγχαίρουσιν
1012 3466 1166 3535 ἡμῖν,
1195 3457 1527 3535 πανάμωμε.
1562 3482 1795 3535 προσκυ-

1976 3467 2267 3522 Exsultant
2308 3468 2593 3521 nobiscum
2639 3467 2823 3531 hodie,
2865 3482 2897 3521 o
2942 3465 3465 3527 immaculatissima.

223 3559 377 3627 νήσιι
424 3558 525 3627 τῆς
569 3557 794 3626 ἐσθῆτός
844 3574 938 3610 σου
988 3560 1159 3612 πᾶσαι
1216 3558 1470 3629 οὐράνιαι
1500 3558 1794 3628 Δυνάμεις,

224 3650 536 3714 ἀπόστολοι,
576 3650 872 3720 προφῆται,
906 3651 998 3702 καὶ
1034 3650 1333 3720 μάρτυρες,
1382 3656 1478 3703 καὶ
1508 3651 1666 3713 ὅσιοι,
1698 3652 1797 3703 καὶ

225 3746 421 3799 δίκαιοι
450 3743 707 3807 ἅπαντες,
746 3743 1010 3798 Δέσποινα
1036 3746 1173 3815 μόνη
1204 3746 1291 3798 diei.
1318 3745 1583 3815 HapOéve,

306 3836 595 3902 Ἠγίασται
646 3835 890 3905 ἆπασαή
922 3834 994 3905 τῆ
1019 3874 1034 3901 ,
1069 3835 1337 3902 πανάγιον
1384 3833 1478 3887 τοῦ
1524 3834 1794 3887 Δεσπότου

225 3927 595 3996 καταγώγιον,
625 3931 691 3998 τῇ
721 3926 1011 3980 καταθέσει
1038 3926 1142 3996 τῆς
1172 3926 1400 3996 ἐσθῆτος
1424 3927 1523 3996 τῆς
1549 3926 1670 3995 σῆς,
1703 3926 1797 3979 καὶ

223 4022 253 4072 ὀ
280 4019 445 4072 Δαόὶδ
470 4019 836 4086 ἑπαγάλλεται
858 4021 957 4089 τῆς
990 4018 1156 4072 πάλαι
1192 4018 1432 4072 κιϐωτοῦ
1487 4017 1797 4089 προτυπού-

226 4128 326 4180 σης
355 4127 415 4163 σε
444 4112 511 4179 τῇ
542 4110 853 4175 καταθέσει,
886 4110 974 4162 ἀεὶ
1012 4109 1285 4181 Παρθένε.

293 4201 525 4273 Φαιδρὸν
546 4200 891 4273 περιϐόλαιον
918 4200 981 4255 τὸ
1004 4201 1097 4255 σὺν
1123 4202 1389 4272 μαφόριον
1420 4201 1678 4271 ἐδωρήσω
1701 4202 1796 4253 καὶ

225 4293 596 4363 προτείχισμα
638 4294 704 4362 τῇ
753 4308 814 4345 σε
859 4294 1074 4363 τιμὼσῃ
1134 4292 1365 4362 βασιλίδι
1410 4292 1522 4343 τῶν
1588 4292 1795 4344 πόλεων

226 4386 438 4451 πασῶν,
473 4385 549 4448 ὡς
588 4384 906 4454 βασίλισσαν
938 4385 1194 4440 ἁπάντων
1228 4385 1555 4454 ποιημάτων
1586 4386 1794 4454 τυγχά-

224 4494 446 4542 νουσαν,
474 4477 780 4549 Θεοκυῆτορ
815 4477 1261 4548 μητροπάρθενε.

972 4592 1047 4645 E'.

226 4704 368 4772 Περὶ
397 4702 504 4769 τῆς
527 4705 723 4774 τιμίας
755 4703 942 4771 ζώνης
981 4705 1093 4773 τῆς
1128 4707 1454 4774 ὑπεραγίας
1504 4707 1796 4760 Θεοτόκου

295 4771 511 4829 Κανὼν
538 4771 717 4845 Ε’,οὗ
748 4777 786 4844 ἡ
826 4771 1174 4843 ἁκροσέιχίς
1205 4771 1338 4829 ἐστι
1359 4794 1372 4805 ·
1412 4794 1429 4825 ι
1477 4777 1688 4842 ἰσχύν
1711 4792 1790 4845 με

293 4845 410 4913 τὴν
434 4844 560 4911 σὴν
590 4843 805 4909 ζῶσαν,
846 4845 999 4914 ἁγνὴ
1028 4847 1311 4914 Παρθένε.
1343 4864 1359 4897 ι
1403 4845 1644 4915 Ἰωσήφ.

916 4959 1042 5030 est,
1074 4966 1143 5014 a'.

306 5052 487 5122 ’ἰσχύν
517 5068 585 5120 με
616 5050 763 5105 θείαν
792 5050 1030 5114 εὐσεϐῶς
1060 5048 1362 5117 περίζωσον
1393 5051 1799 5122 ύμνολογοῦντά

1900 3562 1954 3615 in
1997 3561 2315 3615 adoratione
2358 3560 2524 3615 vestis
2567 3568 2694 3624 tuae,
2742 3556 2991 3613 Virtutes
3032 3558 3303 3619 caelestes,
3338 3571 3468 3626 apo-

1900 3653 2047 3716 stoli,
2080 3653 2358 3722 prophetas
2380 3659 2435 3705 et
2457 3661 2760 3719 martyres;
2786 3660 2841 3704 et
2872 3649 3045 3703 sancti
3081 3664 3145 3703 ac
3179 3649 3313 3718 justi
3345 3650 3467 3701 uni—

1901 3744 2081 3810 versi;
2109 3758 2142 3798 ο
2174 3744 2404 3797 Domina
2434 3743 2551 3797 sola
2588 3741 2755 3812 Virgo
2796 3750 3077 3811 perpetua.

1969 3836 2351 3906 Propositione
2374 3834 2540 3889 vestis
2570 3842 2696 3897 tum,
2726 3833 3061 3887 sanctiﬁcata
3087 3840 3173 3886 est
3204 3831 3462 3885 universa

1899 3938 2067 3990 terra,
2117 3944 2150 3983 ο
2197 3928 2606 3983 sanctissimum
2671 3925 2887 3979 Domini
2947 3923 3358 3977 habitaculum:
3414 3931 3470 3975 ct

1897 4020 2192 4075 exsultavit
2225 4019 2355 4073 olim
2389 4019 2553 4073 David
2587 4019 2641 4071 in
2672 4018 3008 4087 expositione
3044 4032 3204 4077 arere,
3235 4030 3358 4084 qua:
3392 4022 3463 4076 te,

1898 4126 1931 4165 ο
1970 4110 2130 4179 \‘irgo
2158 4121 2439 4179 perpetua,
2476 4108 2878 4179 praeligurabat.

1968 4200 2121 4256 Hanc
2159 4213 2361 4255 vestem
2405 4212 2553 4255 tuam
2587 4212 2847 4269 tanquam
2890 4199 3207 4268 praeclarum
3261 4198 3463 4251 vallum

1897 4309 1962 4348 ac
1995 4294 2394 4347 munimentum
2438 4293 2651 4346 donasti
2698 4293 2894 4360 reginae
2925 4291 3170 4345 omnium
3221 4289 3463 4348 urbium,

1896 4401 2019 4457 qua:
2048 4395 2098 4441 te
2121 4386 2269 4449 colit,
2288 4385 2451 4439 veluti
2476 4384 2734 4454 Reginam
2756 4383 2998 4436 omnium
3016 4392 3415 4443 creaturarum,
3435 4396 3468 4434 ο

1898 4478 1991 4534 Dei
2032 4478 2271 4535 Genitrix
2308 4475 2474 4548 Virgo
2505 4484 2698 4531 mater.

2663 4586 2703 4641 V

1902 4706 1979 4760 De
2019 4707 2245 4773 pretiosa
2280 4720 2412 4757 zona
2453 4704 2512 4757 Β.
2569 4703 2798 4773 Virginis
2846 4701 3303 4771 ConstantinOpoli
3342 4702 3469 4753 olim

1967 4785 2253 4839 asservata,
2291 4775 2473 4827 Canon
2525 4773 2563 4825 V
2602 4775 2737 4843 (2(5),
2788 4773 2939 4840 cujus
2992 4775 3304 4843 acroatichis
3347 4784 3468 4823 est:

1826 4834 1867 4888 D
1969 4866 1987 4898 ι
2032 4834 2331 4898 Βοὺονεήιε
2350 4845 2559 4913 accinge
2594 4834 2706 4907 tuo,
2725 4834 2769 4896 ὀ
2799 4834 2946 4898 εᾶειιι
2989 4841 3166 4911 Virgo.
3203 4858 3222 4893 ι
3250 4840 3465 4909 Ioseph.

2577 4954 2691 5010 Ode
2734 4956 2786 5010 ί.

1973 5051 2183 5105 Robore
2234 5049 2419 5103 divino
2459 5048 2757 5102 clementer
2810 5061 2895 5101 me
2944 5046 3225 5101 circumda
3275 5048 3468 5099 etlaco

231 5164 323 5200 σου
355 5145 457 5215 τὴν
491 5144 645 5215 ἱερὰν
676 5142 853 5214 ζώνην
882 5143 1026 5196 θεῖον
1070 5142 1517 5212 χρηματίζουσαν
1547 5146 1611 5213 τῇ
1645 5143 1795 5195 πόλει

1899 5142 2072 5209 cinge,
2101 5154 2134 5192 ο
2166 5140 2484 5193 intemerata
2516 5136 2711 5207 Virgo!
2746 5137 2966 5205 quando
2998 5146 3272 5190 sacratam
3323 5152 3470 5189 nunc

228 5258 321 5293 σου
354 5238 681 5309 περίζωσμα
718 5237 812 5289 καὶ
844 5235 1194 5306 κραταίωμα,
1214 5235 1388 5306 Κόρη,
1420 5236 1516 5288 καὶ
1550 5235 1793 5305 spent;

297 5416 413 5485 (‘26)
441 5416 629 5469 Exstat
664 5414 753 5470 hic
795 5429 972 5469 canon
1017 5414 1205 5469 Graece
1234 5413 1287 5467 in
1313 5412 1532 5485 Menaeis
1556 5412 1792 5485 Graeco:

232 5482 371 5547 rum,
401 5496 509 5539 tam
538 5485 842 5553 impressis,
862 5499 1025 5553 quam
1050 5483 1456 5551 manuscriptis,
1486 5483 1591 5553 sub
1609 5482 1695 5553 die
1720 5482 1786 5536 3|

229 5556 480 5624 Augusti:
525 5551 634 5622 quo
678 5554 763 5608 die
800 5551 929 5609 olim
970 5553 1533 5624 Constantinopolim
1563 5551 1796 5624 Chalco-

231 5622 438 5694 pra'teio
472 5624 848 5679 celebrabatur
890 5624 1085 5679 festum
1136 5622 1515 5694 Depositionis
1548 5622 1798 5690 pretiosae

231 5690 404 5749 eone.
442 5710 538 5748 seu
574 5696 775 5761 Cinguli
807 5694 1167 5750 sanctissima:
1192 5690 1283 5747 Dei
1314 5690 1627 5761 Genitricis.

319 5766 439 5836 (‘27)
469 5760 985 5834 Praeter-Iosephum
1014 5760 1798 5836 nostrum,sacratam_Deipa-

234 5851 306 5891 ra:
330 5830 525 5890 'zonam
559 5835 772 5905 hymnis
793 5830 848 5889 et
883 5835 1133 5890 laudibus
1165 5832 1455 5890 celebravit
1484 5830 1541 5887 ὃ.
1570 5830 1796 5886 Germa-

1902 5248 2092 5288 zouam
2120 5241 2267 5286 tuam
2292 5231 2509 5302 hymnis
2533 5230 2751 5285 celebro
2783 5228 2919 5301 (27),
2951 5244 3075 5297 quae
3107 5229 3249 5282 hanc
3272 5228 3466 5281 civita-

1900 5426 2003 5466 nus
2037 5410 2345 5479 patriarcha
2371 5406 3034 5479 Constantinopolitanus,
3065 5414 3118 5459 et
3146 5404 3468 5479 Euthytnius

1902 5474 2205 5535 monachus
2245 5478 2569 5547 Zigabenus,
2604 5474 2834 5547 uterque
2864 5475 3217 5547 inAEneomig
3248 5475 3300 5547 in
3333 5474 3467 5527 ado-

1896 5550 2165 5604 rationem
2203 5543 2523 5603 venerandae
2569 5562 2719 5601 zona:
2746 5543 3127 5600 sanctissimae
3187 5543 3465 5609 Deiparae;

1897 5620 2025 5673 item
2081 5619 2344 5688 Georgius
2375 5616 3079 5688 Nicomediensis,canone
3104 5613 3187 5688 _t_l_c
3238 5612 3466 5688 Deposi-

1897 5689 2043 5742 tione
2098 5680 2419 5742 venerandae
2480 5702 2630 5740 zonae
2686 5684 3049 5740 sanctissimae
3104 5680 3463 5752 Virginisgin

1899 5758 2234 5818 Blachcruis,
2275 5758 2369 5825 qui
2399 5773 2575 5811 canon
2604 5754 2790 5810 Grmce
2823 5762 3003 5825 exstat
3044 5769 3143 5805 ms.
3182 5750 3233 5804 in
3276 5750 3467 5803 codice

1900 5828 2245 5885 Bibliotheca:
2291 5822 2605 5883 monasterii
2640 5826 2851 5896 Cryptae
2915 5822 3150 5877 Ferratae
3194 5839 3208 5877 :
3252 5834 3463 5875 necnon
