4164 6456
761 332 884 395 1011
1847 338 1904 395 S.
1945 334 2256 396 JOSEPHI
2298 338 2612 399 HYMNOG
2626 342 2858 403 RAPIII
3853 346 4001 409 1012

757 459 863 502 tem
906 448 1012 519 22
1053 456 1200 503 tuam
1253 447 1421 518 cingit
1452 456 1511 501 ut
1555 446 1755 501 vallum
1786 459 1837 502 ct
1876 448 2015 503 forte
2044 450 2315 519 quoddam
2344 458 2394 517 Α

2349 455 2831 526 Απεριτείχισμα,
2865 458 3097 526 ἀχραντε
3153 456 3415 528 Παρθινε,
3470 462 3535 529 τῇ
3602 458 3805 529 ποίμνῃ
3872 477 3993 514 σου.

757 540 1212 609 propugnaculum
1253 538 1323 593 ab
1354 540 1471 604 ipso
1500 540 1657 595 nobis
1687 538 1918 594 Numine
1949 554 2270 596 concessum
2300 559 2314 595 :
2354 557 2476 610 quae
2508 546 2631 600 item
2659 556 2879 601 tuorum
2908 548 3164 602 clientum
3197 563 3412 618 gregem
3488 551 3663 604 munit
3727 562 3995 621 tanquam

758 631 896 684 muri
950 629 1167 699 quidam
1243 630 1481 684 ambitus
1532 629 1677 683 nulla
1736 645 1993 713 unquam.
2040 633 2091 685 vl
2159 635 2514 701 rumpendus.

826 720 1262 789 Omnipotentem
1290 720 1546 789 peperisti
1580 721 1770 783 Deum,
1790 735 1822 773 ο
1850 720 2312 776 incontaminatal

2486 730 2558 782 Σὺ
2592 729 2682 784 τὸν
2712 728 2844 782 Θεὸν
2879 729 2972 783 τὸν
3004 731 3231 785 δυνατὸν
3276 732 3514 803 ἐκύησας
3542 733 3988 804 περιζωννύοντα

756 815 849 883 qui
880 830 1070 869 omnes
1101 815 1217 884 pios
1259 817 1495 885 accingit
1539 816 1777 868 virtute:
1822 816 1966 870 unde
2016 816 2229 869 beatam
2266 824 2318 870 te

2414 821 2540 883 τοὺς
2578 821 2818 884 εὐσεϐεῖς
2865 822 3077 882 πάντας
3129 823 3382 893 δύναμιν,
3437 824 3751 895 πανάμωμε
3774 843 3788 856 ·
3818 828 3899 880 διό
3926 845 3990 879 σε

758 906 1122 969 nominantes,
1180 907 1321 961 hanc
1364 908 1643 961 caelestem
1696 922 1888 961 zonam
1936 917 2083 961 tuam
2126 922 2320 977 magna

2420 913 2816 981 μακαρίζομεν,
2858 912 2953 966 καὶ
2994 912 3093 983 τὴν
3137 913 3287 966 θείαν
3315 930 3410 967 σου
3442 913 3623 984 ζώνην
3666 917 3993 986 περιχαρῶς

756 996 1063 1049 animorum
1098 996 1285 1050 laetitia
1315 997 1721 1063 deosculamur,
1758 1008 1815 1052 ut
1835 1013 1897 1051 ex
1921 1012 2027 1066 qua
2062 1007 2321 1068 tanquam

2062 1007 2321 1068 tanquam
2416 1003 2783 1073 ἀσπαζόμενοι
2816 1003 2976 1075 χάριν
3002 1005 3381 1076 ἀπαντλοῦμεν
3409 1005 3501 1060 καὶ
3532 1006 3702 1070 ἔλεος.

758 1086 902 1138 {urite
929 1085 1159 1153 gratiam
1191 1086 1479 1141 haurimus
1518 1097 1571 1141 et
1602 1088 2051 1142 misericordiam.

824 1173 971 1229 Bona
1022 1176 1183 1230 hodie
1234 1177 1356 1231 luce
1407 1188 1597 1233 exorta
1652 1195 1775 1233 cum
1832 1178 2070 1248 tripudio
2125 1194 2324 1248 magno

2490 1181 2856 1251 Χαρμονικῶς
2883 1184 2951 1250 τῇ
2981 1180 3278 1235 καταθέσει
3314 1184 3556 1253 σήμερον
3580 1183 3994 1252 περιχορεὼωο

752 1269 1090 1324 exsultemus
1120 1280 1341 1339 pr0pter
1367 1282 1595 1327 sacrata:
1620 1289 1789 1337 zonre,
1820 1288 1941 1341 quae
1982 1284 2191 1327 castam
2225 1271 2322 1328 Dei

2425 1291 2525 1343 μεν
2562 1273 2657 1340 τῆς
2713 1274 2864 1343 ἱερᾶς
2908 1272 3086 1339 ζώνης
3135 1272 3237 1342 τῆς
3283 1274 3456 1344 ἁγνῆς
3502 1274 3807 1338 θεόπαιδος.
3838 1275 3899 1338 ἐξ
3926 1272 3998 1345 ἧς

754 1357 1039 1414 Parentetn
1089 1360 1282 1429 cinxit,
1318 1365 1458 1433 apud
1497 1379 1595 1419 nos
1646 1365 1733 1418 hic
1771 1366 2031 1434 deposita:
2061 1365 2323 1420 solemni-

2317 1393 2323 1405 .
2419 1364 2551 1433 ἡμῖν
2599 1361 2923 1432 περίζωσμα
2974 1362 3287 1433 ἀφθαρσίας
3347 1362 3604 1434 ῠφάνθη.
3652 1365 3747 1417 καὶ
3800 1363 3961 1433 ἀδιάῤ

754 1462 919 1505 tatem
951 1451 1062 1521 (28)
1088 1472 1101 1508 :
1128 1470 1191 1509 ex
1222 1470 1329 1523 qua
1372 1454 1531 1509 nobis
1564 1471 1699 1510 zona
1735 1465 2051 1511 contextum
2094 1466 2176 1512 est
2201 1456 2320 1511 cin-

2094 1466 2176 1512 est
2201 1456 2320 1511 cin-
2420 1458 2622 1527 ρηκτον
2651 1455 2872 1525 ἔνδυμα,
2906 1457 3003 1509 καὶ
3031 1455 3292 1528 περιΰολὴ
3317 1456 3707 1522 ἀδιάσπαστος.

753 1546 962 1611 gttlum,
996 1544 1138 1613 quod
1180 1560 1285 1599 non
1320 1547 1617 1617 corrumpi,
1646 1556 1701 1602 et
1730 1547 2130 1610 indumentum.
2167 1545 2312 1614 quod
2348 1559 2457 1600 non
2522 1546 2775 1610 lacerari,
2804 1556 2857 1601 et
2920 1546 3155 1618 denique
3177 1546 3420 1618 pallium,
3447 1546 3592 1618 quod
3625 1563 3734 1603 non
3773 1548 3934 1603 avelli
3964 1564 3999 1604 a

752 1633 909 1687 nobis
934 1642 1132 1703 potest.

820 1727 865 1784 Ο
895 1738 1049 1783 extra
1096 1745 1311 1785 omnem
1355 1732 1800 1801 reprehensionis
1844 1734 2017 1788 aleam
2052 1735 2319 1789 collocata
2353 1755 2395 1811 Β

2357 1755 2395 1811 Β
2507 1734 2643 1787 Ὑπὸ
2672 1735 2772 1804 τὴν
2800 1733 2899 1804 σὴν
2922 1734 2951 1787 δ
2986 1732 3080 1798 σὸς
3106 1732 3257 1799 λαὸς,
3289 1735 3624 1805 πανάμωμε,
3668 1734 4001 1805 προστρέχει

750 1820 950 1893 Virgo!
984 1824 1214 1892 p0pulus
1250 1832 1378 1879 tuus
1420 1840 1619 1893 magno
1644 1841 1807 1880 cursu
1840 1827 1905 1879 ad
1938 1835 2086 1880 tuam
2124 1835 2317 1897 poten-

2417 1824 2668 1895 δύναμιν,
2705 1825 2811 1878 ὑπὸ
2832 1825 2931 1895 τὴν
2964 1825 3064 1898 σὴν
3100 1823 3311 1897 σκέπην
3353 1825 3690 1896 καταφεύγει
3722 1826 3957 1882 πάντοτε
3981 1845 3997 1855 ·

753 1912 881 1964 tiam
916 1912 1215 1977 contendit,
1239 1922 1293 1967 et
1320 1913 1372 1966 in
1404 1914 1618 1969 cunctis
1644 1916 2067 1971 adversitatihus
2104 1917 2167 1971 ad
2198 1933 2321 1986 pro-

2421 1919 2557 1971 πᾶσι
2606 1915 2764 1985 γενοῦ
2817 1916 3077 1987 βοήθεια,
3123 1918 3221 1972 καὶ
3263 1917 3334 1971 τὰ
3372 1916 3509 1989 πρὸς
3559 1917 3836 1988 σωτηρίαν
3882 1920 4001 1981 τοῖς

751 2004 1043 2058 tectionem
1072 2020 1131 2059 se
1165 2013 1313 2059 tuam
1344 2005 1554 2074 recipit.
1590 2005 1723 2063 Esto
1765 2007 1929 2077 igitur
1956 2010 2170 2064 cunctis
2202 2010 2319 2064 loco

2418 2011 2554 2063 πᾶσι
2600 2009 2742 2063 δίδου
2788 2009 3071 2080 αἰτήματα
3133 2008 3382 2074 σώζουσα
3430 2009 3622 2066 δεινῶν
3666 2009 3767 2072 τάς
3820 2009 4003 2080 ψυχὰς

749 2095 1013 2163 praesidii,
1046 2104 1100 2150 et
1133 2111 1473 2165 quaecunque
1513 2097 1618 2152 sibi
1683 2098 1815 2167 ipsis
1855 2100 2139 2168 postulant
2170 2100 2319 2154 salu-
2416 2100 2598 2169 ήμῶν.

750 2186 908 2250 taria,
939 2200 1001 2239 ea
1030 2185 1137 2241 illis
1164 2186 1347 2241 omnia
1381 2187 1601 2257 largire,
1639 2195 1697 2242 tu
1740 2204 1864 2257 quae
1916 2190 2162 2259 impertis
2193 2192 2315 2244 ani-

750 2276 948 2331 mabus
979 2278 1186 2334 nostris
1214 2277 1593 2347 liberationem
1626 2295 1655 2332 a
1689 2280 2118 2338 calamitatibus.

1448 2372 1563 2427 Ode
1601 2372 1654 2426 5.

3110 2372 3233 2443 ᾮδὴ
3260 2378 3336 2440 γ’-

818 2461 1135 2517 Renovatur
1180 2478 1277 2518 cor
1321 2473 1592 2530 nostrum,
1637 2474 1690 2519 et
1733 2480 1874 2519 novo
1920 2468 2079 2535 quasi
2134 2468 2319 2536 vigore

2490 2463 2849 2531 Νεουργεῖται
2880 2462 3100 2532 καρδία,
3132 2462 3316 2516 πίστει
3365 2462 3543 2533 θερμῇ
3572 2460 3822 2531 ψαύουσα
3851 2460 4005 2530 ζώνῃ

748 2554 1044 2620 hilareseit,
1084 2554 1213 2609 dum
1245 2569 1460 2610 sacram
1491 2564 1663 2621 tuam,
1694 2570 1728 2611 o
1762 2555 1947 2626 Virgo,
1981 2571 2176 2611 zonam
2215 2559 2321 2612 [ide

2420 2556 2542 2626 ίερᾷ
2565 2557 2663 2623 τῆς
2698 2554 2997 2626 Παρθένου,
3034 2555 3130 2608 καὶ
3165 2555 3567 2626 περιζώννυται
3592 2553 3822 2623 δύναμιν
3853 2554 4004 2621 ἀμα-

746 2642 977 2698 ferventi
1024 2644 1412 2715 apprehendit.
1447 2662 1555 2715 qua
1601 2647 1730 2701 item
1774 2664 1910 2702 zona
1944 2662 2041 2701 cor
2070 2656 2317 2702 nostrum

2419 2662 2531 2715 χον,
2565 2646 2706 2699 κατὰ
2728 2646 2919 2699 παθῶν
2938 2646 3287 2719 ἀκαθάρτων,
3314 2646 3621 2717 δυσμενῶν,
3653 2644 3920 2717 ἀσάρκων
3942 2661 4006 2696 τε

745 2734 855 2789 vim
887 2735 1066 2790 induit
1098 2736 1575 2808 inexpugnabilem
1618 2738 1847 2808 impuris
1892 2738 2320 2808 appetitiouibus

1328 2737 1575 2805 gnabilem
1618 2738 1847 2808 impuris
1892 2738 2320 2808 appetitiouibus
2419 2739 2663 2806 ἄτρωτος
2707 2738 2972 2808 μένουσα.

745 2827 1104 2893 debellandis,
1169 2843 1234 2882 ac
1282 2827 1445 2882 simul
1498 2827 1625 2883 hinc
1676 2839 1987 2899 perseverat
2027 2828 2171 2885 idem
2230 2844 2326 2885 cor
2400 2840 2649 2883 nostrum
2737 2829 2953 2900 penitus
3009 2814 3406 2886 invulnerabile
3469 2845 3501 2885 a
3556 2829 3843 2901 spiritibus
3892 2832 4015 2889 ini-

749 2934 930 2973 IIHCIS.

833 3011 1144 3069 Etiamnum
1190 3021 1370 3068 manet
1400 3013 1715 3084 incorrupta
1766 3028 1905 3068 zona
1950 3014 2063 3070 haec
2084 3023 2318 3077 sacrata,
2346 3030 2392 3094 ρ

2362 3030 2392 3094 3
2495 3014 2664 3070 Μένει
2705 3014 2940 3084 ἄφθορος
2972 3013 3053 3068 ἔτι
3082 3016 3115 3085 ή
3147 3014 3271 3086 ίερά
3318 3014 3463 3085 ζώνη
3497 3031 3617 3081 σου,
3654 3015 3780 3084 ἥτις
3813 3031 3911 3068 σου
3942 3015 4006 3067 τὸ

744 3122 867 3176 quae
899 3107 1028 3160 olim
1070 3122 1272 3176 corpus
1314 3116 1465 3162 tuum
1502 3107 1665 3160 nullis
1703 3122 1942 3177 unquam
1977 3108 2252 3173 sordibus,
2285 3124 2318 3161 o

2426 3107 2694 3177 ἄχραντον
2738 3107 2921 3176 σῶμα,
2938 3106 3114 3177 Κόρη,
3142 3105 3388 3171 διέζωσε,
3428 3104 3843 3173 καθαγιάζουσα
3872 3105 4008 3168 τοὺς

748 3203 937 3273 Virgo,
976 3201 1323 3270 inquinatum
1362 3199 1768 3264 circumcinxit,
1808 3207 1863 3254 et
1899 3214 2153 3267 magnam
2200 3199 2326 3255 inde

2431 3197 2673 3260 εὑσεσώς
2709 3199 3055 3267 προσιόντας,
3109 3199 3204 3252 καὶ
3235 3198 3442 3270 φθορᾶς
3472 3198 3788 3269 ὲξαίρουσα,
3824 3197 4008 3251 νόσων

746 3295 914 3348 trahit
947 3294 1217 3363 hodieque
1246 3291 1540 3347 ellicaeiant
1577 3291 1684 3361 23
1718 3291 1784 3345 ad
1822 3291 1924 3346 hos
1965 3306 2160 3346 omnes
2186 3306 2327 3361 quo-

1167 3307 1217 3347 te
1246 3291 1540 3347 ellicaeiant
1577 3291 1684 3361 23
1718 3291 1784 3345 ad
1822 3291 1924 3346 hos
1965 3306 2160 3346 omnes
2186 3306 2327 3361 quo-
2433 3292 2528 3344 καὶ
2558 3289 2811 3358 θλίψεων.

744 3388 1038 3441 dammodo
1067 3383 1513 3447 snnctiﬁcandos,
1548 3384 1640 3454 qui
1673 3398 1732 3438 se
1780 3383 1864 3453 pie
1910 3384 2203 3440 conferunt
2230 3384 2300 3441 ad
2339 3397 2460 3441 eam
2501 3383 2893 3447 venerandam,
2946 3382 3209 3454 ipsosque
3264 3382 3340 3438 ab
3406 3380 3624 3438 interitu
3656 3396 3753 3451 per
3780 3383 4010 3437 morbos

744 3495 796 3538 et
827 3484 964 3538 alias
996 3483 1337 3537 calamitates
1363 3481 1714 3535 imminentes
1748 3480 1965 3535 liherat.

822 3576 1069 3630 Maxima:
1114 3571 1538 3644 pulchritudinis
1569 3570 1769 3626 domus
1803 3570 2060 3626 exstitisti
2105 3580 2161 3626 tu
2204 3571 2320 3641 ipsa

2505 3572 2913 3642 Ἐχρημάτισας
2941 3566 3087 3635 οἶκος
3134 3569 3491 3642 περικαλλὴς,
3522 3571 3785 3641 ἄχραντε.
3827 3572 4011 3639 Λόγου

744 3683 966 3739 quoque
993 3683 1088 3735 pro
1122 3665 1301 3719 Verbo
1341 3664 1525 3719 divino
1552 3679 1618 3718 ex
1651 3673 1701 3718 te
1739 3664 2047 3727 inearuato,
2075 3679 2107 3718 ο
2150 3663 2322 3719 Mater

2423 3665 2518 3717 τοῦ
2558 3666 2622 3717 ὲκ
2652 3664 2745 3717 σοῦ
2771 3663 3169 3735 σαρκωθέντος,
3192 3664 3286 3717 καὶ
3309 3665 3371 3718 ὲν
3400 3665 3472 3733 ἀγ
3483 3663 3547 3734 ίῳ
3566 3682 3659 3718 σου
3690 3665 3832 3735 οἴκῳ
3857 3666 4014 3718 εὐδο-

744 3761 1130 3818 immaculata!
1156 3760 1383 3829 jamque
1409 3757 1513 3813 sibi
1542 3758 1928 3826 eomplaeitmn
1961 3765 2047 3812 est
2082 3756 2235 3820 item,
2262 3765 2323 3811 ut

2425 3757 2697 3826 κὴσαντος
2728 3753 2905 3825 ζώνην
2934 3754 3033 3826 τὴν
3075 3756 3175 3825 σὴν
3219 3754 3522 3827 ἐντεθῆναι,
3551 3756 3619 3826 ῆν
3651 3756 4013 3821 stateem“.

748 3857 862 3912 haec
892 3870 1030 3909 zona
1062 3862 1152 3909 tua
1179 3852 1233 3907 in
1268 3861 1458 3906 sancta
1483 3850 1649 3905 domo
1671 3850 1801 3913 ista,
1830 3864 1953 3919 quae
1982 3848 2192 3903 nomini
2225 3857 2318 3903 tuo

1326 3861 1458 3906 incta
1483 3850 1649 3905 domo
1671 3850 1801 3913 ista,
1830 3864 1953 3919 quae
1982 3848 2192 3903 nomini
2225 3857 2318 3903 tuo
2425 3864 2577 3918 μενοι
2604 3846 2970 3916 ἀγιαζόμεθα.

745 3956 1064 4002 consecrata
1100 3956 1203 4009 est,
1244 3951 1564 4013 reponatur,
1639 3957 1803 4013 quam
1835 3951 1889 3996 et
1932 3956 2034 3998 nos
2101 3943 2205 4013 piis
2244 3941 2451 4011 passim
2495 3942 2700 3996 osculis
2768 3940 3203 4010 frequentant“,
3262 3941 3393 3997 inde
3431 3940 3670 3996 fructum
3708 3940 4016 4011 quemdam

745 4038 1050 4093 sanctitatis
1080 4038 1413 4091 obtinemus.

818 4134 1122 4191 Eminentis
1142 4133 1300 4203 pretii
1333 4146 1529 4187 zonam
1561 4129 2050 4199 tuam,oDeipat-a,
2084 4145 2313 4185 venera-

2496 4128 2607 4198 Τὴν
2656 4128 2845 4198 τιμίαν
2895 4144 2990 4181 σου
3050 4127 3230 4197 ζώνην
3280 4127 3585 4197 τιμητικῶς
3652 4127 3899 4191 ἅπαντες
3952 4129 4018 4184 ἑν

746 4229 933 4284 bundo
959 4227 1140 4282 cordis
1171 4225 1367 4295 jubilo,
1410 4238 1602 4278 omnes
1643 4222 2004 4277 circumcirca
2036 4223 2316 4292 amplexa-

2423 4219 2741 4286 ἀγαλλιάσει
2774 4218 3003 4288 καρδίας
3043 4216 4017 4288 περιπτυσσόμεθατιμὴνὺπάρχου-

746 4336 892 4384 mur,
950 4328 1207 4389 tanquam
1275 4318 1443 4372 decus
1500 4314 1935 4370 Christianitatis
2009 4317 2390 4403 universam”

2376 4345 2397 4401 )
2424 4327 2521 4362 σαν
2557 4310 2774 4362 πάντων
2803 4308 3030 4373 πιστῶν,
3072 4306 3324 4372 Θεοτόκε,
3352 4306 3430 4370 ὡς
3466 4305 3559 4377 ’τῷ
3596 4305 3892 4380 ὑπερτίμφ
3913 4324 4020 4363 σου

746 4411 1192 4482 quandoquidem
1248 4409 1337 4462 illa
1383 4419 1633 4462 sanctum
1681 4422 1881 4477 corpus
1934 4417 2108 4469 tuum.
2172 4407 2319 4476 quod
2350 4402 2367 4403 ί

1383 4419 1633 4462 sanctum
1681 4422 1881 4477 corpus
1934 4417 2108 4469 tuum.
2172 4407 2319 4476 quod
2350 4402 2367 4403 ί
2429 4402 2717 4470 ψαύσασαν
2750 4402 2982 4471 σώματι.

746 4518 906 4555 omne
939 4502 1171 4571 pretium
1208 4510 1265 4554 et
1288 4500 1553 4554 honorem
1576 4508 1821 4567 supcrat,
1852 4498 2117 4566 attingere
2154 4498 2315 4567 digna

749 4594 868 4649 fuit.

1402 4681 1516 4739 Ode
1560 4684 1613 4738 ι.

3132 4677 3254 4750 ᾭδὴ
3274 4675 3335 4733 δ’.

818 4775 902 4830 Tu
935 4775 1155 4843 quidem
1202 4776 1256 4828 in
1309 4776 1477 4830 altum
1510 4784 1786 4843 assumpta
1831 4775 1896 4826 ad
1934 4775 2315 4829 inaccessibile

2497 4771 2709 4842 Ἥρθης
2758 4772 2895 4842 πρὸς
2924 4771 3039 4839 φῶς
3068 4771 3263 4825 ἄδυτον
3310 4769 3779 4840 μεταχωρήσασα,
3814 4771 4011 4836 ἔλιπες

747 4869 929 4920 lumen
966 4868 1246 4922 accessisti
1276 4887 1289 4921 :
1322 4876 1378 4921 at
1409 4866 1622 4923 cunctis
1658 4867 1876 4921 interim
1910 4866 2123 4919 beatam
2151 4876 2203 4921 te
2232 4867 2315 4921 di-

2422 4865 2479 4917 δὲ
2510 4869 2620 4927 τοῖς
2639 4881 2696 4917 σε
2722 4863 3121 4935 μακαρίζουσιν
3144 4864 3264 4917 ἀντὶ
3287 4862 3383 4916 τοῦ
3410 4862 3662 4933 σώματός
3691 4881 3815 4928 σου,
3837 4866 4009 4934 ἀγνὴ,

748 4959 998 5013 euntibus
1042 4960 1167 5014 loco
1214 4960 1290 5014 tui
1344 4959 1651 5013 intemerati
1698 4958 1969 5028 corpotis,
2020 4958 2315 5027 pretiosam

2420 4957 2519 5028 τὴν
2564 4957 2753 5027 τιμίαν
2798 4955 2997 5026 ζώνην,
3052 4955 3236 5025 πηγὴν
3285 4953 3582 5024 θαυμάτων
3621 4954 4014 5025 ὑπάρχουσαν,

748 5131 1055 5186 anonymus
1106 5122 1313 5186 auctor
1346 5112 1923 5186 antiquusEncomio
1976 5113 2027 5186 in
2081 5112 2308 5182 Deposi-
2416 5111 3327 5186 Constantinopolitana:_ejusque
3378 5109 3500 5186 festi
3553 5124 3668 5186 no_n
3720 5112 3902 5166 solum
3956 5115 4013 5168 in

750 5180 955 5240 tionem
991 5201 1143 5240 zona:
1172 5185 1230 5239 S.
1266 5180 1646 5254 Mariaqnod
1680 5199 1745 5237 ex
1790 5183 1958 5251 Regio
1987 5180 2173 5237 Graece
2205 5200 2307 5237 tus.
2419 5184 2671 5254 praesenti
2700 5180 2913 5238 canone
2963 5182 3346 5254 S.r.|osephus,
3385 5183 3477 5236 sed
3498 5192 3581 5254 _et_
3609 5180 3926 5237 Germanus
3957 5197 4013 5238 et

750 5200 955 5240 tionem
991 5201 1143 5240 zonae
1172 5200 1230 5239 δ.
1268 5200 1469 5247 manat,
1501 5200 1646 5254 quoa
1680 5200 1745 5237 ex
1790 5200 1958 5251 negm
1987 5200 2173 5237 orazce
2205 5200 2307 5237 tus.
2457 5200 2671 5238 raesenu
2700 5200 2913 5238 canone
2964 5200 3023 5237 δ.
3052 5200 3346 5249 Josepnus,
3385 5200 3477 5236 seu
3512 5200 3567 5236 et
3609 5200 3926 5237 uermanus
3957 5200 4012 5238 et

748 5257 935 5311 codice
961 5256 1196 5318 eruit,et
1225 5254 1415 5309 Latine
1437 5271 1465 5308 a
1496 5271 1554 5308 se
1582 5254 1849 5307 redditum
1883 5269 2026 5323 anno
2052 5254 2181 5306 1648
2204 5270 2309 5306 una
2419 5200 2747 5323 Euthymius
2779 5270 2944 5322 supra
2974 5253 3149 5316 relati,
3191 5251 3513 5323 Emmanuel
3543 5252 3863 5323 Comnentts
3904 5257 4012 5305 itu-

749 5340 872 5379 cum
912 5324 1147 5379 Historia
1186 5325 1409 5380 haeresis
1436 5323 1911 5377 Monothelitarnm
1939 5322 2161 5377 Parisiis
2192 5323 2311 5376 edi-
2420 5321 2639 5389 perat—or
2694 5324 2748 5377 in
2810 5321 2911 5378 suo
2961 5324 3140 5377 edicto
3192 5324 3260 5375 de
3318 5321 3491 5385 feriis,
3538 5331 3592 5376 et
3670 5322 4009 5376 Kalendaria

749 5395 827 5448 dit
880 5393 939 5450 P.
971 5392 1299 5450 Franciscus
1357 5392 1662 5458 Combeﬁs,
1714 5393 1922 5447 ordinis
1979 5392 2312 5447 Praedicato-
2420 5392 2755 5456 Graecorum,
2785 5392 3165 5447 Hutheuorum
3216 5402 3272 5445 et
3312 5390 3573 5460 Syrorum
3616 5394 3901 5460 expressis
3944 5409 4012 5448 ac

752 5482 893 5518 tum.
2417 5464 2639 5517 disertis
2689 5464 2871 5517 verhis
2930 5464 3245 5515 meminere.
3307 5459 3443 5513 Vide
3496 5459 3889 5515 Colveneriutu
3953 5464 4008 5516 in

820 5534 931 5601 (28)
972 5533 1390 5589 Sacrosanctam
1414 5532 1752 5603 beatissima:
1778 5526 1873 5586 Dei
1900 5531 2090 5587 Matris
2122 5548 2315 5588 zonam
2416 5532 2746 5603 Kalendario
2769 5531 3011 5603 Mariano
3028 5534 3116 5603 die
3154 5533 3174 5585 Ι
3200 5531 3479 5603 Augusti,
3511 5544 3566 5585 et
3587 5544 3747 5586 notas
3782 5542 4009 5588 tmstras

751 5619 922 5671 nsque
949 5605 1087 5658 adeo
1124 5604 1362 5658 Et-clesia
1388 5602 1575 5658 Graeca
1608 5612 1863 5671 venerata
1899 5611 2003 5663 est.
2030 5613 2089 5655 ut
2112 5604 2162 5655 iu
2195 5604 2316 5670 ejus
2416 5602 2469 5654 in
2504 5602 2725 5656 Mariale
2759 5602 2818 5656 S.
2850 5600 3108 5656 Germani
3148 5601 3214 5656 ad
3249 5600 3559 5657 orationem
3590 5603 3656 5656 de
3696 5618 3837 5656 zona
3872 5620 4005 5655 sau-

755 5670 1015 5727 honorem
1049 5673 1246 5727 festum
1280 5673 1574 5741 quomnnis
1602 5672 1689 5725 die
1714 5670 1775 5726 '5l
1824 5673 2027 5726 mensis
2064 5673 2313 5740 Augusti,
2416 5675 2674 5729 ctissinne
2714 5672 2806 5727 Dei
2836 5671 3043 5727 Matris.

752 5741 979 5797 solemni
1025 5744 1132 5799 ritu
1166 5743 1548 5797 celebrandum
1584 5742 1881 5798 instituerit
1918 5744 1969 5795 in
2006 5744 2147 5812 regia
2181 5744 2313 5797 urbe
