4164 6456
171 427 310 493 1013

1582 423 1947 487 MARIALE.

3280 412 3423 477 10H

161 543 257 596 καὶ
294 542 464 595 τόπον
520 540 819 612 σωτηρίας,
886 540 980 594 καὶ
1035 538 1348 612 χαράκωμα
1381 539 1593 611 ταύτης
1646 539 1750 610 τῆς

1854 543 1999 591 tuam
2031 531 2306 604 reliquisti
2345 545 2564 595 zonam,
2598 539 2860 601 tanquam
2899 525 3288 598 scaturiginem
3318 531 3424 583 mi-

159 633 367 705 τιμῶσί
403 650 465 686 σε
500 631 733 699 πόλεως,
768 632 1031 704 άχραντε.

236 903 380 955 Νέον
406 902 568 974 ἡμεῖς
591 903 666 966 ὡς
692 900 920 973 οὐρανὸν
950 900 1304 972 ὑπερχόμεθά
1331 917 1426 956 σου
1454 903 1546 955 τὸν
1570 898 1745 966 οἷκον,

164 997 224 1048 ιν
259 990 305 1063 ᾧ
349 995 782 1066 τεθησαύρισται
821 993 1072 1065 καθάπερ
1117 995 1266 1064 ἥλιος
1315 995 1611 1065 φωταυγής
1651 1010 1747 1046 σου

164 1090 199 1159 ή
224 1088 346 1142 θεία
375 1087 541 1156 ζώνη,
575 1086 736 1156 βολάς
758 1086 1057 1155 θαυμάτων
1079 1085 1466 1154 ἐκπέμπουσα,
1493 1085 1585 1137 καὶ
1612 1082 1749 1137 πάν-

161 1197 276 1232 των
306 1179 405 1242 τὰς
456 1180 685 1250 καρδίας
728 1178 1170 1246 καταυγάζουσα,
1205 1175 1375 1247 Κόρη,
1416 1178 1510 1232 καὶ
1555 1174 1747 1229 παθῶν

163 1273 266 1341 τὴν
293 1272 527 1342 ὀμίχλην
555 1270 851 1324 διώκουσα.

234 1537 312 1590 Σὺ
354 1536 589 1598 κισωτδς
616 1536 711 1589 τοῦ
739 1536 933 1607 νοητοῦ
974 1536 1315 1606 άγιάσματος
1360 1536 1745 1605 χρηματίζεις,

162 1629 430 1698 ἄχραντε,
460 1629 797 1698 πανύμνητε,
849 1628 946 1681 καὶ
975 1628 1074 1699 τὴν
1115 1629 1303 1697 τιμίαν
1336 1628 1538 1697 ταύτην
1590 1629 1748 1697 σορὸν

162 1718 407 1789 ἔχουσαν
436 1719 537 1789 τὴν
568 1718 747 1787 ζώνην
772 1718 840 1788 ἢν
867 1719 1134 1787 περιοῦσα
1164 1720 1453 1787 ἐφόρεσας,
1484 1718 1748 1790 παρέχεις

161 1810 244 1880 τῷ
273 1811 392 1881 λαῷ
426 1828 523 1864 σου
557 1808 896 1879 καταφῦγιον
936 1812 1096 1875 πᾶσι,
1144 1810 1240 1864 καὶ
1274 1812 1459 1882 πηγήν
1499 1813 1748 1881 ἰαμάτων

159 1902 463 1960 ἀκένωτον.

1850 620 2163 675 raeulorum
2188 629 2245 676 et
2274 619 2609 689 ipsissimam
2637 618 2834 674 salutis
2862 616 3073 680 sedem,
3097 631 3163 672 ac
3185 617 3424 687 denique

1852 721 1912 766 ut
1936 712 2135 766 vallum
2161 712 2327 782 hujus
2350 710 2616 774 civitatis,
2645 728 2767 781 qua:
2803 724 2992 765 amore
3026 708 3218 780 ﬂagrat
3250 710 3424 765 llOllO-

1850 807 1929 860 ris
1959 806 2063 858 tui.

1920 896 2084 952 Velut
2118 912 2320 951 novum
2350 896 2623 967 quoddam
2661 895 2863 949 cmlum
2905 906 3054 951 tuam
3084 894 3311 949 domum
3344 894 3425 948 in-

1848 989 2147 1060 gredimur,
2178 1004 2212 1042 o
2258 986 2444 1055 Virgo,
2499 990 2553 1043 in
2583 1002 2694 1058 quo
2731 985 2874 1042 caelo
2904 996 3165 1056 tanquam
3200 986 3425 1041 thesau-

1850 1097 1945 1137 rus
1966 1080 2192 1152 quidam
2224 1088 2317 1134 tua
2347 1078 2535 1133 divina
2571 1088 2825 1134 servatur
2861 1090 3001 1131 zona
3044 1077 3064 1145 (
3089 1085 3277 1146 utpote
3302 1090 3427 1144 qua:

1850 1172 2021 1227 Deum
2044 1152 2186 1227 ‘olim
2224 1172 2366 1239 inﬁse
2388 1170 2815 1240 circumdedit),
2848 1170 3098 1225 illustres
3128 1168 3426 1223 miraculo-

1850 1280 1971 1319 rum
2002 1265 2188 1320 radios
2225 1263 2485 1319 emittens
2534 1262 2708 1317 instar
2734 1251 2891 1327 solis,
2924 1276 3123 1333 nempe
3162 1259 3424 1317 cordibus

1848 1354 2095 1409 omnium
2135 1353 2515 1410 illuminandis
2543 1361 2599 1407 et
2638 1350 2947 1422 eﬂ‘ugandis
2992 1352 3118 1408 inde
3150 1350 3423 1407 malarum

1848 1444 2209 1514 cupiditatum
2238 1444 2504 1500 tenebris.

1921 1538 1966 1591 υ
2024 1534 2287 1590 sordibus
2337 1536 2569 1599 intacta,
2636 1544 2690 1589 et
2742 1534 2893 1589 omni
2948 1534 3171 1588 laudum
3226 1549 3422 1603 genere

1848 1630 2093 1683 certatim
2124 1628 2193 1682 ab
2225 1627 2483 1682 omnibus
2517 1622 2777 1681 colenda!
2816 1636 2872 1680 tu
2915 1643 2975 1681 es
3026 1640 3154 1680 arca
3185 1626 3425 1679 sanctiﬁ—

1847 1723 2081 1777 cationis
2130 1721 2358 1785 intimae,
2419 1719 2697 1776 intellectu
2754 1720 2939 1790 potius
2984 1734 3146 1789 quam
3189 1727 3423 1773 externo

1848 1815 2086 1884 quodam
2123 1830 2285 1869 sensu
2318 1812 2643 1878 delibandre,
2671 1820 2725 1867 et
2770 1810 2936 1867 simul
2969 1810 3073 1864 hoc
3107 1808 3425 1863 venerabile

1777 1898 1819 1954 Β
1849 1904 2238 1969 conditorium,
2297 1920 2411 1974 quo
2461 1912 2777 1959 asservatur
2820 1917 2958 1957 zona
3006 1900 3102 1956 tibi
3148 1901 3330 1955 adhuc
3372 1898 3427 1950 in

162 1998 331 2053 terris
354 2000 518 2052 vitam
539 1999 751 2063 degenti
786 2007 1069 2068 usurpata,
1108 1998 1307 2068 populo
1328 1997 1436 2070 24
1456 2009 1552 2053 tuo
1574 1998 1801 2055 exhibes
1869 2008 2129 2069 tanquam
2202 1998 2773 2069 refugiumplnnibus
2849 2006 3099 2068 paratum
3147 2011 3214 2052 ae
3281 1996 3430 2051 velut

158 2096 543 2167 prodigiorum
617 2095 817 2150 fontem
882 2095 1047 2149 nullis
1128 2110 1369 2165 unquam
1443 2095 1729 2151 conatibus
1762 2094 2226 2151 exhauriendum.

235 2180 385 2241 Ἧκε
433 2191 499 2257 τῇ
549 2190 616 2257 σῇ
673 2188 828 2241 πόλει
878 2186 1172 2241 πολύολθον
1234 2188 1467 2259 δώρημα
1518 2190 1552 2260 ή
1586 2190 1746 2258 τιμία

1910 2188 2146 2243 Advenit
2172 2188 2317 2243 dono
2365 2186 2575 2242 civitati
2627 2186 2758 2240 huic
2796 2194 2904 2240 tuae
2935 2184 3238 2239 multarum
3270 2182 3429 2237 valde

161 2278 313 2348 ζώνη
337 2296 451 2339 σου.
477 2279 817 2351 πανύμνητε,
838 2282 932 2333 καὶ
953 2280 1220 2350 κατετέθη
1241 2281 1557 2351 περιφανῶς
1571 2280 1747 2355 ταύτῃ

1851 2278 2164 2334 l'elicitatum
2224 2279 2519 2343 cumulus,
2588 2289 2743 2333 tuum
2819 2292 3013 2346 nempe
3091 2275 3433 2358 cingulum,

160 2372 229 2441 τῇ
260 2372 451 2442 ἡμέρᾳ
480 2373 538 2424 ὲν
565 2371 741 2441 τούτῳ
772 2370 902 2442 θείῳ
951 2373 1087 2442 οἴκῳ
1138 2388 1257 2438 σου,
1294 2373 1388 2426 καὶ
1420 2373 1613 2441 γέγονε
1647 2389 1745 2443 με·

161 2462 364 2533 γεστης
416 2464 631 2535 ἑορτῆς,
681 2463 936 2531 θεοτόκε,
969 2467 1084 2530 τοῖς
1129 2464 1347 2537 θερμῶς
1388 2482 1447 2519 σε
1488 2464 1747 2520 ποθοῦσιν

165 2554 451 2618 ὑπόθεσις.

242 2817 433 2888 Νόμου
470 2821 623 2873 σκιαὶ
656 2821 751 2874 καὶ
778 2823 1078 2893 προφητῶν
1100 2823 1168 2876 τά
1193 2823 1493 2894 αίνίγματα
1518 2824 1751 2895 προεδή-

167 2910 301 2963 λουν
328 2912 549 2966 ἔσεσθαί
588 2930 671 2975 σε,
706 2902 975 2983 πάναγνε,
998 2914 1135 2968 θεοῦ
1170 2916 1401 2986 Μητέρα
1436 2915 1749 2985 παναληθῆ,

166 3002 239 3055 δι’
285 2998 356 3074 ἧς
411 3005 444 3074 ή
481 3006 697 3076 κατάρα
752 3006 1134 3078 άπεστειρώθη
1192 3008 1286 3061 καὶ
1331 3007 1534 3078 ήνθησε
1569 3008 1753 3061 τελεία

165 3090 418 3159 εὐλογία,
447 3094 542 3146 καὶ
565 3096 833 3166 σωτήριος
860 3095 1022 3167 χάρις
1043 3098 1159 3161 τοῖς
1188 3099 1247 3151 ὲν
1282 3097 1462 3152 πίστει
1490 3098 1584 3152 καὶ⁸
1606 3098 1754 3170 πόθῳ

170 3179 351 3251 ὕμνοῦ
360 3186 411 3236 σί
448 3202 531 3239 σε.

1840 2385 1874 2424 o
1941 2370 2232 2440 praeconiis
2323 2369 2709 2424 universorum
2815 2370 3107 2423 decantata
3182 2366 3354 2436 Virgo
3410 2406 3426 2430 ,

1839 2462 2004 2535 idque
2053 2463 2316 2518 hodierna
2352 2464 2475 2519 luce
2512 2462 2568 2517 in
2614 2462 2717 2517 hac
2754 2461 2939 2517 divina
2992 2462 3107 2515 aede
3176 2470 3270 2516 tua
3304 2460 3431 2515 illu-

1849 2565 2019 2610 strem
2068 2555 2124 2609 in
2162 2555 2384 2610 modum
2418 2564 2504 2610 est
2539 2554 2893 2619 collocatum,
2922 2554 3209 2623 evasitque
3251 2554 3432 2607 omni-

1850 2648 1952 2702 bus
1982 2645 2211 2701 ferventi
2249 2657 2302 2702 te
2328 2662 2517 2702 amore
2552 2647 3015 2718 prosequentibus
3052 2646 3225 2701 multo
3266 2643 3423 2701 festi-

1851 2736 2038 2792 vitatis
2070 2736 2418 2792 instituenda:
2448 2747 2859 2807 argumentum.

1920 2828 2167 2898 Caligine
2193 2838 2469 2885 scatentes
2488 2830 2623 2901 legis
2641 2830 2851 2885 umbrae
2874 2846 2937 2885 ac
2958 2829 3120 2885 simul
3140 2828 3434 2900 aenigmata

1849 2921 2243 2991 prophetarum
2280 2931 2332 2977 te
2358 2922 2661 2992 aliquando
2697 2914 3043 2977 verissimam
3080 2921 3174 2977 Dei
3205 2920 3433 2975 Matrem

1852 3011 2094 3067 futuram
2123 3013 2644 3084 praesigniﬁcarunt,
2671 3029 2706 3069 o
2730 3014 3082 3070 castissima!
3118 3014 3308 3084 sicque
3338 3026 3434 3082 per

1855 3112 1905 3157 te
1936 3114 1987 3157 et
2011 3104 2217 3173 peccati
2249 3105 2562 3160 maledictio
2599 3105 2668 3160 ad
2703 3106 2995 3175 quamdam
3038 3104 3196 3176 quasi
3228 3103 3432 3160 sterili-

1774 3180 1817 3240 (ἶ
1854 3203 2019 3249 tatem
2058 3194 2279 3251 redacta
2302 3206 2408 3261 est,
2439 3206 2495 3252 et
2523 3197 2768 3253 vicissim
2800 3213 2928 3254 vera
2960 3215 3025 3254 ac
3060 3198 3303 3268 perfecta
3334 3197 3431 3251 be-

170 3279 419 3335 nedictio
468 3297 574 3336 una
624 3298 749 3339 cum
830 3284 1058 3340 salutari
1137 3285 1373 3356 quadam
1434 3288 1605 3357 gratia
1686 3287 2029 3347 elllorescere
2082 3292 2309 3363 incepit,
2375 3293 2446 3349 ad
2487 3292 2825 3364 singularem
2907 3294 3182 3358 omnium,
3232 3291 3433 3362 cupida

168 3370 279 3428 ﬁde
311 3372 409 3428 tibi
444 3374 823 3442 servientium,
866 3377 1183 3431 utilitatem.

865 3490 995 3560 ’ῼδὴ
1028 3490 1093 3545 ε’.

245 3600 440 3672 Ζώνης
483 3600 634 3665 θείας
667 3601 921 3672 τεθείσης
967 3604 1210 3675 σήμερον
1238 3606 1297 3659 ὲν
1325 3606 1461 3678 οίκῳ
1486 3624 1601 3677 σου,
1639 3610 1757 3665 θεο-

176 3693 493 3765 χαρίτωτε,
553 3694 953 3766 συνεπανετέθη
1006 3696 1231 3764 ἀγαθῶν
1278 3700 1430 3753 πᾶσα
1468 3699 1613 3765 δόσις
1646 3703 1759 3765 τοῖς

172 3786 463 3858 χρῄζουσι,
491 3786 585 3840 καὶ
616 3788 918 3858 πληροῦται
940 3789 1049 3852 πᾶς
1079 3805 1167 3850 τις
1198 3790 1499 3862 ἀγιασμοῦ,
1526 3793 1555 3847 ό
1586 3809 1757 3864 προσ-

175 3880 434 3943 πελάζων
458 3880 559 3945 τὰς
590 3881 835 3951 αἰτήσεις
882 3881 1092 3945 πιστῶς
1124 3882 1505 3953 κομιζόμενος.

2522 3498 2637 3555 Ode
2683 3500 2738 3553 5.

1932 3609 2228 3680 Cingulum
2281 3611 2427 3666 istud
2475 3621 2625 3666 tuum
2659 3612 2930 3675 divinum,
2975 3611 3135 3682 cujus
3180 3612 3343 3667 hodie
3378 3612 3432 3667 in

1857 3702 1961 3758 hac
2003 3704 2167 3757 domo
2208 3714 2299 3757 tua
2348 3704 2747 3775 depositionem
2782 3703 3147 3769 celebramus,
3177 3719 3210 3758 o
3241 3704 3434 3775 singu-

1858 3793 1959 3849 lari
1987 3794 2133 3864 apud
2173 3795 2341 3848 Deum
2377 3794 2551 3864 gratia
2596 3794 2807 3865 pollens
2839 3792 3038 3865 Virgo!
3076 3794 3220 3850 istud
3252 3804 3430 3860 tuum,

1866 3888 2120 3957 inquam,
2152 3887 2432 3956 cingulum
2468 3888 2521 3941 in
2560 3904 2719 3943 suum
2755 3888 2862 3943 huc
2891 3889 3238 3952 comitatum,
3268 3887 3435 3943 traxit

174 3970 622 4028 liberalissimam
647 3974 894 4029 omnium
923 3976 1224 4046 gratiarum
1264 3978 1504 4047 c0piam,
1542 3989 1704 4048 prout
1743 3982 2015 4051 cujusque
2042 3980 2285 4051 postulat
2321 3980 2717 4052 indigentia,et
2750 3981 3065 4051 quicunque
3112 3981 3219 4035 huc
3244 3995 3431 4035 acces-

176 4064 335 4126 serit,
367 4064 461 4119 ille
488 4066 745 4136 impletur
774 4067 999 4138 copioso
1021 4068 1168 4124 dono
1198 4072 1596 4136 sanctimoniae,
1638 4074 1682 4127 si
1722 4075 1981 4131 nimirum
2015 4090 2205 4145 preces
2250 4090 2377 4131 suas
2412 4075 2579 4131 corde
2617 4075 2878 4129 obtulerit
2911 4075 3127 4129 sincero
3160 4089 3225 4129 ac
3259 4074 3433 4129 ﬁdeli'

259 4158 591 4232 Ὠραιώθης,
614 4160 881 4234 Παρθένε,
912 4162 1085 4233 Λόγον
1133 4164 1467 4235 ὡραιότατον
1506 4166 1756 4241 ἀποκυή-

180 4268 345 4315 σασα,
380 4250 476 4305 καὶ
526 4253 604 4323 τῷ
636 4252 714 4323 σῷ
739 4252 929 4325 ὡραίῳ
960 4255 1335 4328 ἑπευδόκησας
1364 4257 1503 4328 οἴκῳ
1526 4258 1756 4328 τεθήσε-

181 4344 310 4397 σθαι
337 4344 438 4415 τὴν
468 4345 677 4415 ὡραίαν
715 4345 913 4418 ζώνην,
944 4348 1065 4418 ήτις
1095 4347 1157 4402 τὸ
1203 4350 1294 4403 σὺν
1342 4347 1544 4423 ὡραῖον
1575 4350 1756 4422 σῶμα,

178 4438 438 4500 Θεοτόκε,
465 4438 686 4509 ὡραίως
714 4439 996 4504 διέζωσεν.

1931 4169 2190 4241 lnclytam
2224 4169 2295 4224 ob
2327 4169 2492 4225 Verbi
2516 4184 2546 4223 a
2590 4178 2640 4225 te
2665 4170 2831 4241 geniti
2856 4168 3339 4238 pulchritudinem,
3374 4176 3432 4222 tn

1862 4278 2083 4333 quoque
2116 4264 2315 4335 inclyta
2352 4278 2413 4319 es
2450 4261 2860 4333 pulchritudine
2907 4260 3214 4325 illustrata;
3267 4260 3435 4316 simul

1868 4360 1921 4407 et
1957 4352 2008 4405 in
2043 4352 2146 4407 hoc
2213 4352 2413 4422 templo
2450 4365 2543 4407 tuo
2584 4351 2784 4423 inclyte
2818 4351 3092 4419 specioso,
3137 4360 3193 4405 tu
3227 4349 3439 4420 placide

1864 4443 1975 4514 pati
2024 4459 2084 4500 es
2123 4444 2368 4515 dignata,
2412 4453 2469 4497 ut
2510 4451 2868 4513 reponeretur
2907 4442 3123 4513 inclytae
3161 4441 3288 4497 item
3323 4440 3441 4510 pul-

180 4534 515 4592 cln-itudinis
569 4553 706 4593 zona
769 4549 904 4604 tua,
948 4555 1069 4611 quae
1130 4550 1186 4597 et
1237 4550 1391 4598 tuum
1454 4542 1653 4616 inclyte
1703 4544 1989 4615 pulchrum
2045 4558 2265 4615 corpus,
2306 4559 2340 4599 o
2398 4544 2647 4613 Deipara,
2687 4543 2869 4598 cinctu
2931 4540 3171 4612 quodam
3236 4539 3441 4611 inclyto

182 4634 522 4703 perornavit.

252 4724 360 4778 Σοῦ
410 4726 442 4778 ό
486 4725 641 4793 ἅγιος
693 4722 841 4789 οἶκος
891 4727 1050 4791 ἄλλος
1097 4728 1172 4793 ὡς
1225 4729 1556 4802 παράδεισος
1622 4733 1754 4785 πᾶσι

1934 4729 2117 4787 Novus
2170 4744 2294 4786 esse
2343 4730 2633 4800 paradisus
2686 4728 2886 4783 domus
2930 4727 3046 4783 haec
3080 4736 3170 4782 tua
3199 4726 3442 4782 creditur

185 4816 554 4886 γνωρίζεται,
640 4817 808 4886 μέσον
868 4820 1205 4890 κεκτημένος
1275 4821 1465 4893 ὡσπερ
1530 4820 1760 4892 εὔοσμον

189 4909 343 4978 ῥόδον
380 4909 479 4979 τὴν
508 4908 688 4981 ζώνην
717 4926 833 4972 σου,
875 4910 1084 4974 εὐοδίας
1130 4911 1284 4976 θείας
1330 4913 1759 4985 άποπληροῦσαν

184 5001 285 5065 τὰς
333 5000 560 5071 καρδίας
604 5002 713 5056 τῶν
747 5003 955 5066 πιστῶς
1011 5005 1373 5075 προσιόντων,
1425 5007 1757 5077 πανάμωμε.

1864 4822 2043 4893 palam
2077 4820 2184 4891 25
2218 4822 2287 4874 ab
2330 4820 2628 4885 universis,
2676 4818 2732 4874 in
2779 4819 2938 4889 cujus
2988 4817 3229 4888 paradisi
3260 4816 3442 4873 medio

1867 4916 2041 4970 instar
2071 4913 2357 4984 cujusdam
2391 4915 2688 4983 fragrantis
2718 4928 2858 4968 rosa:
2882 4927 3020 4967 zona
3055 4920 3148 4967 tua
3174 4911 3441 4966 collocata

1865 5006 2132 5070 cernitur,
2182 5019 2277 5074 per
2314 5003 2471 5075 cujus
2513 5003 2874 5074 ﬂagrantiam
2921 5002 3186 5068 divinam,
3242 5016 3439 5058 eorum

187 5093 380 5159 corda,
410 5094 506 5163 qui
534 5092 601 5147 ad
634 5101 686 5149 te
716 5096 804 5164 pia
832 5098 1069 5167 quadam
1102 5098 1437 5155 conﬁdentia
1509 5100 1796 5166 accedunt,
1837 5099 2119 5170 voluptate
2162 5098 2482 5153 olenissima
2531 5097 2889 5163 inundantur,
2929 5111 2964 5151 ο
3007 5110 3037 5149 a
3066 5096 3236 5151 nazvis
3261 5096 3440 5149 omni-

190 5189 296 5245 bus
325 5190 532 5245 intacta
564 5188 732 5262 Virgo
754 5192 768 5246 l

264 5280 520 5351 ὀμδρου
550 5280 696 5336 θείου
737 5282 937 5354 νεφέλη
968 5284 1218 5352 γέγονας,
1270 5285 1608 5357 πανάμωμε,
1638 5287 1766 5341 ινα-

191 5373 540 5438 ποστάζουσα
606 5374 878 5447 δωτηρίας
941 5377 1126 5450 ὕδωρ,
1178 5380 1274 5432 καὶ
1338 5378 1492 5450 πηγὴ
1558 5395 1770 5450 χερσω·

194 5464 367 5518 θεῖσιν
416 5465 759 5536 ἐγκλήμασιν
792 5467 929 5537 πρὸς
968 5470 1347 5541 καρποφορίαν
1380 5468 1767 5541 μεταγαγοῦσα

195 5556 486 5621 εὐσεϐείας
506 5573 521 5588 ο
553 5556 642 5611 διά
678 5557 835 5614 τοῦτο
869 5560 1079 5625 πιστῶς
1112 5578 1172 5615 σε
1198 5561 1516 5633 δοξάζομεν.

270 5778 413 5857 (29).
434 5778 626 5857 βυιρω
662 5781 848 5857 igitur,
893 5799 1025 5857 quae
1062 5799 1128 5840 ex
1160 5785 1347 5857 Adam,
1377 5801 1474 5857 per
1507 5785 1776 5857 originem

196 5849 571 5920 contrahitur,
608 5849 717 5910 ιιοῇ
746 5852 851 5912 fuit
892 5849 1162 5928 particeps
1194 5855 1253 5913 Β.
1289 5849 1475 5928 Virgo,
1524 5849 1767 5929 alioquin

1945 5282 2208 5338 Guttatim
2238 5281 2533 5338 salutarem
2564 5280 2762 5350 pluvia:
2803 5279 3006 5336 divina
3039 5280 3238 5335 undam
3264 5279 3445 5336 distila

1874 5376 1995 5432 laus
2033 5375 2206 5430 nubes
2248 5372 2386 5429 facta
2428 5388 2511 5439 es,
2552 5387 2587 5428 o
2630 5373 2806 5443 culpa
2838 5373 3019 5429 omnis
3083 5388 3281 5453 expers
3324 5372 3448 5428 Vir-

1874 5484 1943 5540 go
1982 5466 2135 5538 (‘29)!
2186 5464 2584 5535 animabusque
2634 5465 2843 5520 nostris
2892 5471 3112 5535 propter
3177 5464 3442 5519 vitiorum

1874 5559 2182 5613 ariditatem
2218 5556 2436 5627 penitus
2459 5555 2679 5612 incultis
2705 5556 2931 5611 exhibes
2978 5564 3031 5610 te
3059 5562 3118 5609 ut
3151 5555 3444 5625 quamdam

1884 5799 1996 5841 non
2040 5783 2289 5840 absolute
2344 5794 2447 5836 nec
2498 5794 2623 5836 vere
2663 5779 2772 5835 dici
2826 5786 3025 5850 posset
3051 5780 3234 5834 omnis
3277 5780 3449 5850 culpari

1875 5870 2091 5927 expers,
2123 5868 2248 5912 eum
2278 5852 2561 5923 originalis
2591 5865 2788 5924 expers
2811 5847 2921 5906 rion
2952 5847 3167 5907 luisset.
