4164 6456
820 357 957 421 1015

814 472 1091 528 fontanam
1135 474 1545 543 scaturiginem,

814 571 986 636 gmari
1016 580 1066 625 te
1089 580 1283 624 conatu
1317 570 1438 625 ﬁdei
1482 586 1681 627 nostra:
1706 573 2098 639 gloriﬁcamus.

1515 665 1626 722 Ode
1655 667 1713 722 6.

888 755 1023 809 Ευιιι
1060 755 1153 824 qui
1183 764 1267 811 est
1293 764 1420 811 ante
1452 759 1633 811 omnia
1657 761 1876 824 smula,
1905 771 1961 815 ut
1989 777 2188 818 norum
2222 766 2382 819 nobis

818 844 1079 899 infantem
1117 848 1475 915 progenuisti,
1507 858 1559 903 et
1583 850 1746 905 simul
1768 853 1831 904 ad
1867 866 2066 906 novum
2100 856 2245 911 hunc
2277 866 2385 909 tua:

818 937 1110 989 adventum
1155 936 1491 1005 festivitatis,
1536 955 1643 1008 qua
1694 941 1914 1009 pretiosi
1975 943 2135 999 hodie
2182 945 2381 1015 ciuguli

817 1028 892 1079 tui
929 1028 1108 1097 agitur
1144 1029 1435 1097 depositio,
1477 1029 1705 1085 innovas
1742 1046 1957 1101 quoque
1997 1034 2161 1088 corda
2193 1045 2380 1090 nostra

817 1120 1045 1175 vetustis
1066 1120 1177 1188 jam
1202 1122 1377 1188 culpis
1406 1122 1719 1190 depravata.

890 1209 935 1265 Ο
994 1212 1235 1281 virginea
1290 1210 1383 1266 Dei
1430 1212 1619 1273 Mater,
1675 1228 1891 1267 sacrum
1964 1215 2065 1269 hoc
2118 1215 2380 1284 templum

818 1312 968 1355 tuum
1013 1302 1135 1371 jure
1181 1304 1378 1357 merito
1426 1304 1597 1371 gignit
1634 1304 2047 1359 admirationem
2098 1307 2377 1371 omnibus,

817 1400 1002 1461 utpote
1059 1392 1205 1462 quod
1265 1394 1548 1447 miriﬁcam
1598 1410 1789 1448 zonam
1867 1404 2013 1449 tuam
2078 1398 2382 1465 possidens,

815 1486 1070 1541 omnibus
1102 1487 1221 1540 ﬁdei
1255 1487 1400 1540 dono
1443 1487 1681 1556 praeditis
1715 1488 1937 1559 pelagus
1976 1488 2255 1559 quoddam
2295 1506 2379 1544 re-

815 1586 1110 1649 praesentat
1138 1579 1523 1634 remediorum.

883 1670 1108 1725 Cuncta:
1148 1672 1527 1726 exhilarantur
1573 1674 1769 1728 animae
1814 1682 2063 1728 sanctum
2112 1676 2384 1730 intrantes

816 1762 1075 1829 templum
1109 1771 1283 1827 tuum,
1328 1764 1451 1831 quia
1487 1779 1637 1817 zona:
1686 1765 1849 1833 hujus
1884 1774 1989 1818 tua:
2013 1765 2064 1819 id
2104 1765 2205 1820 loci
2239 1767 2384 1833 posi-

814 1864 883 1908 ta:
936 1852 1190 1906 fruuntur
1216 1853 1670 1921 contemplatione
1697 1873 1709 1907 :
1734 1855 1833 1909 ista
1855 1856 1999 1910 enim
2031 1857 2163 1910 solis
2188 1873 2385 1926 quam-

814 1947 939 2000 dam
968 1945 1145 1999 sereni
1188 1946 1393 2000 habens
1434 1944 1651 2011 faciem,
1682 1947 2071 2016 omnipotentis
2111 1949 2261 2002 illum
2298 1949 2384 2002 di-

815 2037 1042 2107 vinique
1070 2037 1308 2105 Spiritus
1357 2037 1621 2106 fulgorem
1670 2038 1830 2092 donis
1874 2048 2037 2108 atque
2066 2041 2257 2109 gratiis
2295 2055 2381 2093 re-
2418 2054 2457 2108 Β

817 2128 1036 2193 fertum,
1065 2145 1162 2182 ceu
1187 2129 1451 2198 quosdam
1478 2145 1545 2182 ex
1574 2144 1631 2183 se
1660 2130 1841 2184 radios
1866 2130 2079 2185 vibrare
2107 2132 2270 2186 solet.

885 2219 1204 2275 Animarum
1251 2228 1561 2273 nostrarum
1624 2220 1768 2273 vires
1829 2220 2065 2289 quadam
2121 2221 2385 2291 multipli-

816 2311 962 2367 cium
995 2320 1344 2380 peccatorum
1390 2310 1622 2380 paralysi
1655 2310 1974 2377 dissolutas,
2006 2311 2161 2380 quasi
2204 2313 2387 2367 nervis

816 2401 1142 2468 quihusdam
1194 2401 1506 2463 corrobora,
1545 2398 1803 2470 oVirgo!
1853 2411 1908 2456 ct
1956 2402 2054 2456 tibi
2103 2402 2221 2457 illos
2254 2417 2391 2471 prte-

820 2502 969 2546 tcrea
1002 2495 1201 2547 virtute
1238 2493 1475 2561 quadam
1509 2494 1774 2563 singulari
1813 2498 2178 2567 accingendos
2209 2513 2386 2561 sume,

1905 371 1961 426 ς.
2000 369 2172 427 JUSE
2184 370 2312 427 PIII
2358 370 2918 437 IIYMNOGRAPHI

1633 492 1737 545 qua
1794 492 1894 532 nos
1947 479 2153 549 inrigati
2203 482 2271 535 ad
2322 483 2598 542 faciendos
2632 486 2844 543 fructus
2914 490 3128 559 pietatis
3197 490 3572 557 fecundamur,
3614 492 3759 546 unde.
3833 502 3894 546 et
3943 494 4055 547 sin-

3922 375 4055 437 1016

3161 681 3284 753 ᾨδὴ
3321 680 3395 746 ς’-

2557 773 2690 824 Νέον
2732 771 2955 836 τέτοκας
3000 774 3131 845 ἡμῖν
3164 775 3238 837 ὡς
3281 772 3491 826 παιδίον
3533 773 3624 825 τὸν
3673 773 3783 839 πρὸ
3830 772 4057 825 πάντων

2483 863 2713 926 αἰώνων,
2742 864 2835 917 καὶ
2860 867 3203 934 καινουργεῖς
3235 865 3463 934 καρδίας
3486 864 3760 935 ἁμαρτίας
3798 864 4051 915 παλαίω-

2484 974 2567 1010 σιν
2591 958 2907 1027 δεξαμένας,
2927 960 3231 1028 καινισμῶν
3252 960 3351 1029 τῆς
3370 959 3719 1023 καταθέσεως
3742 961 3847 1028 τῆς
3865 961 4057 1030 τιμίας

2482 1046 2660 1119 ζώνης
2691 1068 2803 1117 σου,
2838 1050 2991 1121 Κόρη
3018 1049 3363 1122 ἀειπάρθενε.

2555 1232 2745 1299 "And;
2777 1249 2870 1285 σου
2894 1233 2922 1284 ὀ
2950 1231 3076 1293 ναὸς
3105 1230 3415 1300 θαυμαστὸς
3443 1229 3762 1302 δικαιοσύνῃ
3792 1230 4051 1297 ὑπάρχει,

2483 1325 2557 1387 ῶς
2584 1341 2666 1386 τις
2696 1324 2796 1392 τὴν
2826 1323 3147 1391 θαυμαστήν
3174 1339 3267 1375 σου
3299 1321 3475 1391 ζώνην
3498 1319 3751 1389 θαύματα
3781 1320 4055 1388 ﬂpﬁouszw

2486 1416 2842 1484 κεκτημένος,
2865 1417 2977 1476 τοῖς
2994 1416 3204 1476 πιστοῖς
3225 1413 3459 1479 πέλαγος
3478 1413 3752 1465 δείκνυται
3786 1411 3839 1461 ία
3847 1411 4055 1478 μάτων,

2484 1508 2793 1577 Θεοκυῆτορ
2833 1505 3269 1575 μητροπάρθενε.

2554 1682 2759 1751 Γέγηθε
2810 1684 2959 1735 πᾶσα
3006 1679 3151 1747 ψυχὴ
3187 1677 3443 1730 συνιοῦσα
3490 1675 3549 1728 ὲν
3580 1672 3719 1741 ἁγίῳ
3773 1669 3892 1738 ναῷ
3943 1685 4057 1727 σου,

2486 1776 2580 1828 καὶ
2612 1775 2671 1825 ὲν
2697 1772 2846 1841 αὐτῷ
2876 1772 3079 1841 ὁρῶσα,
3112 1768 3363 1831 Θεοτόκε,
3390 1766 3489 1835 τὴν
3516 1765 3693 1830 ζώνην
3721 1779 3839 1823 σου,
3867 1760 4061 1826 ῶσπερ

2485 1867 2634 1936 ἣλιον
2686 1863 2911 1934 φαιδρὸν
2969 1863 3171 1929 φέγγος
3227 1859 3649 1929 ἁστράπτουσαν
3698 1851 4061 1924 χαρισμάτων

2485 1962 2579 2016 τοῦ
2622 1957 2924 2031 παντεργοῦ
2957 1958 3049 2010 καὶ
3075 1956 3218 2009 θείου
3259 1954 3591 2024 Πνεύματος.

2556 2219 2845 2288 Νεύρωσον
2893 2217 3072 2288 ἡμῶν,
3120 2216 3281 2286 ἁγνὴ,
3333 2213 3432 2277 τὰς
3465 2212 3689 2283 καρδίας
3727 2209 4065 2281 παρεθείσας

2484 2312 2756 2367 παντοίων
2790 2308 3077 2378 ἁμαρτιῶν
3114 2307 3302 2370 ἰδέαις,
3344 2306 3440 2359 καὶ
3473 2302 3782 2373 περίζωσον
3829 2301 4064 2368 δύναμιν

2486 2404 2611 2467 τοὺς
2641 2403 2739 2472 τὴν
2770 2400 2947 2470 ζώνην
2983 2417 3078 2453 σου
3109 2398 3313 2461 πιστῶς
3347 2397 3423 2459 ὡς
3451 2396 3820 2464 πολυτίμητον
3850 2409 4060 2460 κεκτη-

2492 2496 2686 2564 μένους
2716 2492 2808 2545 καὶ
2834 2489 3195 2559 ἀναφαίρετον
3222 2486 3596 2558 θησαύρισμα.

816 2587 1129 2658 quicunque
1178 2584 1372 2641 eximia
1407 2585 1665 2655 religione
1729 2600 1925 2641 zonam
1970 2596 2144 2655 tuam,
2182 2599 2242 2644 ut
2280 2589 2435 2644 multi
2474 2602 2663 2659 gazzim
2717 2584 2875 2655 pretii
2933 2587 3243 2644 asservant,
3280 2578 3425 2632 nulla
3473 2588 3590 2631 arte
3628 2576 3693 2629 de
3728 2573 3836 2645 piis
3871 2587 4065 2628 eorum

819 2681 1074 2737 manibus
1111 2680 1564 2747 extorquendam.

1421 2777 1531 2848 26
1577 2776 1786 2834 0de‘7.

892 2871 1156 2927 Sublimis
1203 2870 1269 2923 ad
1328 2870 1569 2925 caelestia
1627 2871 1977 2927 tabernacula
2034 2873 2392 2942 proﬁciscens

818 2978 1001 3017 rerum
1050 2971 1353 3015 creatarum
1400 2962 1643 3014 omnium
1691 2963 1900 3033 regina,
1946 2973 2149 3018 nostra:
2178 2965 2387 3019 civitati

818 3062 1138 3109 cunctarum
1188 3053 1406 3107 urbium
1457 3052 1661 3123 regina:
1707 3069 1935 3124 magnas
1970 3055 2190 3124 reliquit
2232 3068 2390 3123 Opes,

816 3161 1011 3201 zonam
1046 3160 1239 3215 nempe
1288 3160 1465 3207 suam,
1497 3159 1593 3213 per
1634 3160 1798 3215 quam
1850 3147 1981 3200 urbs
2024 3147 2141 3200 hzec
2192 3155 2382 3200 nostra

818 3236 1128 3293 custoditur
1168 3237 1431 3291 adversus
1466 3237 1815 3291 incursiones
1853 3236 2116 3299 hostium.
2151 3246 2259 3291 tam
2291 3238 2385 3306 qui

817 3328 1095 3393 videntur,
1132 3344 1295 3397 quam
1326 3329 1419 3397 qui
1454 3342 1561 3381 non
1596 3328 1870 3383 videntur.

890 3419 1025 3476 Tam
1069 3421 1235 3475 nobili
1269 3421 1428 3485 fonti,
1463 3436 1527 3474 ex
1557 3435 1667 3490 quo
1706 3420 1955 3475 ebullivit
2007 3420 2181 3490 gratia
2209 3428 2263 3474 et
2291 3420 2387 3473 mi-

819 3511 1117 3567 sericordia
1144 3511 1350 3575 divina,
1385 3510 1609 3580 propius
1641 3525 1786 3563 nunc
1813 3509 2159 3575 accedamus,
2193 3526 2388 3580 nempe

819 3603 1167 3672 receptaculo
1211 3602 1340 3656 huic
1384 3600 1716 3665 venerando,
1758 3602 1811 3657 in
1856 3618 1966 3671 quo
2006 3619 2141 3656 zona
2175 3604 2384 3672 pretio-

821 3694 1038 3748 sissima
1072 3702 1432 3748 conservatur
1474 3693 1621 3747 illius
1666 3692 1854 3748 Matris
1913 3693 2078 3748 simul
2110 3683 2389 3765 ae'Virgi-

820 3786 928 3847 nis,
962 3802 1083 3855 quae
1118 3801 1355 3841 massam
1390 3785 1603 3856 generis
1649 3785 1879 3841 humani
1916 3786 2198 3841 adorando
2230 3796 2387 3857 partu

819 3891 924 3930 suo
952 3876 1020 3929 ad
1057 3890 1314 3944 magnum
1350 3876 1531 3929 evexit
1564 3875 1754 3931 decus.

889 3968 1128 4021 Adorate
1184 3967 1400 4037 hymnis
1461 3967 1774 4032 Dominum,
1836 3966 2080 4023 Virtutes
2125 3969 2390 4023 caelorum

819 4059 1106 4122 universae,
1128 4058 1285 4125 cujus
1300 4067 1354 4112 et
1373 4056 1726 4120 Genitricem.
1761 4059 1959 4130 linguai
1978 4074 2170 4113 omnes
2189 4068 2394 4113 morta-

820 4149 980 4209 lium,
1003 4148 1345 4218 gloriﬁcate:
1401 4148 1556 4204 vobis
1590 4150 1790 4219 quippe
1823 4150 1968 4203 dono
2017 4148 2165 4203 dedit
2196 4164 2390 4203 zonam

824 4253 1002 4299 suam.
1041 4238 1093 4293 in
1123 4238 1279 4307 cujus
1300 4254 1427 4293 vere
1453 4248 1571 4293 tuto
1592 4254 1656 4293 ac
1680 4239 1909 4294 salutari
1934 4240 2164 4304 ambitu,
2195 4240 2392 4294 merito

824 4336 1056 4397 possunt
1084 4328 1357 4396 refugium
1393 4342 1638 4398 qumrere
1679 4328 1882 4384 ﬁdeles.

897 4419 1139 4489 Urgeant
1160 4420 1331 4475 nubes
1363 4420 1522 4474 hodie
1538 4420 1764 4475 imbrem
1784 4419 2010 4490 justitite
2032 4421 2099 4476 de
2115 4421 2391 4491 supernis,

823 4510 1265 4578 quandoquidem
1307 4527 1452 4565 nunc
1480 4511 1743 4580 depositae
1772 4511 1859 4566 hic
1886 4527 2035 4566 zona:
2070 4522 2176 4566 tua:
2209 4512 2391 4582 agitur

827 4598 1113 4663 festivitas,
1146 4617 1180 4654 υ
1220 4617 1343 4670 qua:
1387 4602 1502 4670 ipsa
1545 4616 1606 4661 es
1636 4617 1853 4672 quoque
1894 4603 2066 4657 nubes
2108 4618 2235 4657 vere
2281 4602 2392 4656 Deo

826 4692 1180 4761 gratissima!
1243 4694 1409 4748 simul
1462 4709 1625 4749 omne
1691 4694 1956 4764 quidquid
2011 4695 2143 4749 vivit
2201 4696 2386 4750 exsul—

823 4783 995 4839 tando
1021 4792 1204 4840 cantet
1236 4804 1249 4840 :
1283 4786 1611 4842 Benedictus
1634 4785 1813 4841 Deus!

1518 4874 1632 4932 Ode
1674 4880 1729 4931 8.

898 4975 959 5029 In
989 4970 1306 5028 sanctuario
1326 4969 1571 5041 profanis
1585 4980 1637 5025 et
1658 4971 1841 5040 impiis
1874 4970 2176 5034 inaccesso,
2211 4970 2389 5025 instar

827 5062 1013 5118 throni
1040 5062 1324 5131 cujusdam
1350 5062 1485 5115 sacri
1512 5061 1796 5130 reponitur
1818 5076 2031 5115 summa
2054 5076 2177 5116 cum
2197 5076 2393 5131 pompa

828 5164 885 5210 et
929 5151 1110 5208 latitia
1160 5151 1265 5206 iste
1313 5151 1547 5217 loculus,
1593 5152 1688 5220 qui
1736 5152 1912 5205 unicae
1942 5151 2033 5205 Dei
2067 5152 2389 5215 Genitricis,

826 5257 881 5305 ot
910 5249 1251 5303 intemeratae
1290 5246 1535 5299 omnium
1573 5245 1775 5313 reginae
1807 5258 1999 5297 zonam
2036 5245 2088 5297 in
2135 5259 2257 5298 sese
2285 5244 2399 5297 col—

826 5341 1059 5400 locan
1090 5347 1263 5402 tenet;
1297 5352 1361 5390 ex
1405 5351 1510 5403 qua
1556 5334 1775 5406 quidem
1809 5335 1875 5388 iis
1918 5334 2012 5404 qui
2058 5336 2247 5390 multis
2269 5346 2399 5391 sunt

830 5430 1067 5500 peccatis
1093 5429 1249 5484 fracti
1279 5443 1343 5481 ac
1376 5428 1661 5492 debilitati,
1707 5426 1864 5497 plena
1898 5428 2035 5482 tanti
2075 5428 2202 5483 mali
2234 5428 2395 5498 quies

830 5538 895 5578 ac
922 5521 1187 5577 medicina
1226 5522 1281 5575 in
1320 5532 1567 5591 promptu
1597 5523 1769 5575 adest.

902 5613 1111 5667 Revera
1151 5626 1245 5681 per
1282 5620 1499 5666 sanctas
1532 5627 1727 5665 manus
1759 5620 1900 5677 tuas,
1936 5612 2085 5666 illum
2120 5628 2183 5667 ex
2225 5621 2275 5667 te
2315 5614 2398 5667 in-

835 5713 1118 5759 carnatum
1163 5702 1271 5775 27
1312 5702 1365 5755 in
1403 5702 1563 5757 terris
1608 5700 1917 5766 Dominum,
1958 5710 2063 5756 tuo
2108 5701 2394 5756 accinxiin

836 5794 1079 5869 cingulo,
1124 5794 1218 5864 qui
1264 5808 1452 5851 omnes
1501 5809 1639 5848 vera:
1684 5793 1868 5862 pietati
1906 5784 2114 5850 deditos
2160 5793 2394 5862 quedam

2416 3352 2464 3416 C

2422 4759 2474 4818 ι)

3165 2768 3297 2839 ’ῼδὴ
3331 2766 3396 2832 ξ’·

2574 2871 2638 2924 Ἦ
2697 2867 2916 2920 πάντων
2969 2862 3260 2932 βασίλισσα
3310 2862 3446 2928 πρὸς
3508 2854 3792 2925 οὐρανίους
3858 2852 4067 2921 σκηνάς

2487 2962 2801 3033 ἀπαίρουσα
2848 2955 3242 3012 καταλέλοιπεν
3282 2950 3439 3003 ὄλϐον
3484 2950 3552 3017 τῇ
3588 2944 3821 3033 βασιλίδι
3873 2942 4069 2994 πασῶν

2487 3054 2596 3107 τῶν
2630 3032 2841 3106 πόλεων
2877 3049 2976 3118 τὴν
3012 3046 3217 3113 ταύτης
3264 3040 3460 3109 ζώνην,
3500 3039 3568 3091 δι’
3596 3032 3663 3105 ἧς
3697 3034 4068 3104 περιζώσεται

2491 3146 2790 3217 ἐπιδρομῆς
2820 3140 3032 3211 ὁρατῶν
3071 3137 3165 3191 καὶ
3193 3133 3439 3204 ἀοράτων
3474 3129 3707 3199 ἐχθρῶν.

2564 3424 2721 3493 Πηγῇ
2770 3420 2866 3473 νῦν
2901 3416 3274 3489 προσέλθομεν
3330 3409 3713 3477 ἀποσταξούσῃ
3755 3407 3923 3474 χάριν
3982 3403 4074 3455 καὶ

2493 3516 2640 3577 ἔλεος
2671 3516 2735 3583 τῇ
2782 3511 2926 3583 σορῴ
2968 3513 3033 3579 τῇ
3067 3508 3247 3578 τιμία,
3288 3508 3355 3574 τῇ
3404 3501 3709 3571 κατεχούσῃ
3756 3496 3943 3563 ζώνην
3980 3496 4075 3563 τὴν

2494 3603 2761 3672 πάντιμον
2790 3600 2892 3669 τῆς
2936 3597 3247 3669 τιμησάσης
3285 3593 3587 3662 ἀνθρώπων
3621 3588 3682 3641 τὸ
3724 3587 3966 3656 φύραμα
3992 3602 4073 3637 τι·-

2499 3694 2605 3766 μίῳ
2636 3695 2782 3762 τόκῳ
2810 3690 3003 3760 αὐτῆς,
3024 3686 3303 3759 Παρθένου
3328 3699 3387 3735 τε
3420 3682 3515 3736 καὶ
3544 3679 3783 3749 Μητρός.

2564 3974 2773 4027 Αἰνεῖτε
2803 3969 2895 4023 τὸν
2910 3968 3135 4039 Κύριον,
3154 3964 3423 4032 Δυνάμεις
3449 3961 3617 4013 πᾶσαι
3643 3958 3699 4011 αἱ
3724 3956 4076 4026 ἐπουράνιαι*

2495 4065 2593 4136 τὴν
2612 4063 2800 4117 τοῦτον
2816 4058 3101 4124 τεκοῦσαν,
3118 4054 3421 4127 ἀνθρώπων
3438 4051 3678 4120 γλῶσσαι
3696 4050 3896 4114 πᾶσαι,
3922 4048 4079 4111 δοξά-

2498 4174 2649 4219 σατε,
2681 4156 2763 4213 ὅτι
2808 4153 2910 4223 τὴν
2944 4150 3122 4221 ζώνην
3154 4145 3327 4214 αὐτῆς
3382 4142 3699 4213 ἐδωρήσατο
3748 4138 4078 4206 καταφυγὴν

2498 4247 2673 4318 ἀληθῆ
2703 4245 2799 4299 καὶ
2824 4242 3100 4313 σωτηρίαν
3129 4238 3361 4299 πιστοῖς.

2559 4337 2925 4392 ⁴⁹Ρανάτωσαν
2958 4331 3164 4387 ἄνωθεν
3192 4323 3540 4393 δικαιοσύνην
3577 4320 3803 4388 νεφέλαι
3832 4319 4079 4388 σήμερον

2500 4429 2792 4486 καταθέσει
2823 4425 2922 4495 τῆς
2954 4423 3133 4491 ζώνης
3162 4422 3260 4490 τῆς
3289 4419 3409 4487 σῆς,
3446 4413 3642 4483 νεφέλη
3680 4411 4076 4479 θεοχαρίτωτε,

2500 4521 2595 4575 καὶ
2649 4516 2957 4589 μελῳδείτω
2997 4513 3145 4585 ψυχὴ
3177 4512 3327 4565 πᾶσα
3371 4508 3638 4579 χαίρουσα
3657 4518 3672 4532 ·
3704 4501 4024 4571 Εὐλογητὸς
4057 4502 4081 4552 ὁ

2501 4614 2656 4675 Θεὸς.

3165 4866 3289 4938 ᾮδὴ
3318 4864 3386 4937 η’-

2563 4966 2762 5038 Θρόνος
2784 4963 3037 5034 καθάπερ
3058 4960 3213 5029 am;
3244 4961 3276 5030 ἡ
3300 4958 3458 5027 σορὸς
3490 4956 3807 5011 ἀνατίθεται
3840 4956 3999 5009 ἔνδον
4026 4957 4079 5007 ὲν

2494 5060 2708 5122 ἀδύτοις
2748 5058 2913 5127 ἱεροῖς
2962 5052 3298 5124 φαιδρότατα
3332 5051 3431 5120 τῆς
3466 5049 3633 5119 μόνης
3659 5048 3960 5111 θεόπαιδος
3991 5050 4078 5101 καὶ

2500 5150 2767 5220 βασιλίδος
2818 5149 3035 5202 πάντων
3060 5144 3255 5213 ἀγνῆς,
3306 5141 3483 5211 ζώνην
3523 5139 3841 5209 κεκτημένη
3870 5140 4079 5193 ἐπανα-

2500 5237 2912 5311 παυομένην,ὲξ
2935 5231 3127 5308 ἦςτοῑς
3152 5232 3417 5287 κοπιῶσιν
3439 5233 3496 5284 ὲν
3518 5230 3742 5293 πολλαῖς
3770 5230 4079 5301 ἁμαρτίαις

2499 5332 2807 5393 ἀνάπαυσις
2828 5329 3011 5381 τελεία
3048 5326 3376 5398 προέρχεται
3406 5320 3679 5390 ἀφθόνως.

2591 5607 2713 5659 Ἐπὶ
2741 5605 2837 5673 τῆς
2873 5604 2976 5674 γῆς
3012 5604 3101 5655 τὸν
3129 5600 3331 5672 Κύριον
3361 5597 3521 5667 ἱερῶς
3547 5596 3953 5666 ὲσωμάτωσας,
3988 5600 4078 5648 καὶ

2506 5699 2693 5767 χερσὶν
2725 5696 2907 5761 ἁγίαις
2944 5690 3156 5761 ἀληθῶς
3205 5689 3489 5751 διέζωσας,
3517 5687 3609 5739 τὸν
3636 5684 4081 5755 περιζωννύοντα

2506 5789 2631 5853 τοὺς
2664 5785 3017 5851 εύσεϐοὗντας
3044 5783 3272 5851 δύναμιν
3294 5795 3308 5810 ’
3340 5778 3433 5832 νῦν
3461 5779 3518 5835 δὲ
3547 5778 3796 5834 ἀναδᾶσα
3827 5778 4078 5851 οὐρανῶν
