4164 6456
213 408 350 476 1017
1616 408 1979 469 MARIALE.
3299 410 3433 478 1018

207 523 481 594 ὑπεράνω,
516 525 807 588 κατέλιπες
852 526 1159 597 ἀνθρώποις
1193 525 1290 594 τὴν
1335 524 1524 587 τιμίαν
1568 522 1766 592 ζώνην,
1797 528 1841 585 Α

1797 528 1841 585 Α
1872 522 2131 591 singulari
2167 524 2405 593 accingit
2441 526 2651 581 robore.
2685 526 2753 582 At
2785 543 2952 591 nunc,
2999 542 3033 582 ο
3065 527 3302 599 virginea
3338 530 3428 585 Dei

207 614 449 683 Παρῦἐνε
479 618 729 681 Θεοτὸκε,
762 618 1089 689 κραταίωμα
1118 617 1211 670 καὶ
1240 617 1487 685 σκέπην.ι

1879 613 2067 679 Mater,
2101 626 2451 686 posteaquam
2494 632 2661 687 super
2695 634 2885 675 omnes
2914 620 3083 675 caelos
3115 621 3426 685 ascendiati,

204 717 355 761 tuum
406 709 547 763 istud
599 710 907 764 venerabile
956 709 1232 776 cingulum
1289 707 1603 763 hominibus
1634 705 1897 775 reliquisti
1962 715 2219 774 tanquam
2287 718 2477 776 potens
2542 707 2815 777 quoddam
2881 711 3278 765 munimentum
3319 726 3429 781 quo

201 810 569 870 protegantur.

269 916 634 987 Νενοσηκόσιν
688 918 844 985 ῐαμα,
896 916 1257 969 ὀλισθαίνουσι
1310 916 1606 986 στήριγμα,
1664 916 1758 967 καὶ

1931 910 2116 965 Gratia
2152 910 2239 965 illa
2274 910 2479 977 divina,
2520 928 2643 983 qua:
2682 914 2736 970 in
2769 929 2870 969 nos
2895 931 2959 970 ex
2993 926 3098 973 tua:
3140 934 3291 976 zonae
3322 938 3418 977 ve-

194 1014 304 1072 τοῖς
327 1010 660 1079 ρᾳθυμοῦσιν
678 1009 934 1077 εὐθυμία,
963 1008 1145 1071 ἔνθεος
1164 1008 1296 1061 κυόἑ
1306 1025 1491 1079 ρνησις
1510 1007 1755 1072 πλέουσι,

1858 1002 2099 1056 nerando
2148 1001 2300 1055 cultu
2355 1003 2659 1059 redundare
2712 1007 2978 1073 cernitur,
3009 1008 3142 1073 haec,
3173 1011 3418 1081 inquam,

194 1102 633 1172 πεπλανημένοις
671 1101 996 1173 ἐπιστροφὴ,
1027 1102 1059 1172 ὴ
1096 1102 1448 1170 παρεπομένη
1489 1103 1555 1170 τῇ
1598 1099 1756 1170 τιμία

1857 1097 2048 1165 gratia,
2080 1110 2114 1150 ο
2155 1104 2303 1151 casta
2336 1094 2500 1163 Virgo
2524 1138 2538 1160 ,
2581 1106 2664 1151 est
2698 1099 2985 1155 verissima
3030 1105 3418 1171 aegrotantibus

194 1212 284 1245 σου
313 1194 478 1266 ζώνῃ,
501 1194 637 1263 ἁγνὴ
670 1192 932 1262 Παρθένε,
974 1193 1133 1262 χάρις
1164 1190 1377 1261 ἀληθῶς
1404 1188 1753 1260 χρηματίζει,

1856 1187 2085 1249 medela,
2143 1188 2367 1257 jamjam
2429 1189 2557 1241 item
2629 1190 2935 1249 labentibus
3010 1194 3413 1262 fulcimentum;

188 1286 253 1353 ἦν
284 1286 458 1337 πίστει
493 1284 903 1357 προσκυνοῦμεν
929 1286 1009 1345 είς
1045 1284 1252 1343 πάντας
1282 1283 1509 1345 αἰῶνας.

1856 1287 2114 1349 prmterea
2164 1280 2303 1334 male
2359 1280 2616 1335 animatis
2663 1281 2861 1337 divinae
2897 1286 3168 1354 quoddam
3222 1288 3415 1341 alacri-

187 1378 309 1429 tatis
341 1377 564 1441 donum,
592 1376 658 1430 ad
693 1379 804 1430 haec
838 1377 1185 1429 moderamen
1226 1385 1274 1429 et
1316 1373 1745 1443 gubernaculum
1784 1370 2193 1437 navigantibus,
2255 1386 2319 1426 ac
2358 1372 2593 1441 denique
2623 1373 2689 1427 iis
2758 1374 2850 1442 qui
2887 1376 3229 1443 aberrarunt,
3258 1378 3414 1433 auxi-

184 1467 313 1521 lium
363 1468 519 1537 plane
564 1482 627 1521 ac
674 1469 853 1521 lumen
898 1466 965 1521 ad
1012 1466 1463 1535 resipiScendum.
1511 1464 1666 1520 Unde
1696 1474 1749 1520 et
1787 1462 1937 1518 cultu
2006 1462 2148 1517 fideli
2180 1472 2232 1516 te
2261 1463 2551 1519 adoremus
2583 1467 2636 1519 in
2668 1467 2848 1520 omnia
2877 1467 3096 1522 saecula.

255 1603 660 1666 Ἐπιτιλοῦντες
702 1604 940 1673 σήμερον
972 1602 1072 1673 τὴν
1099 1604 1260 1670 ἁγίαν
1311 1601 1608 1655 κατάθεσιν
1639 1602 1743 1666 ζώ-

1929 1598 2010 1653 Ob
2044 1599 2363 1654 tuzedivinae
2393 1616 2543 1655 zona:
2578 1602 2969 1671 depositionem
3008 1606 3094 1660 hic
3123 1606 3250 1659 olim
3284 1624 3405 1679 per-

179 1713 273 1761 νης
306 1712 401 1748 σου
448 1696 546 1764 τῆς
585 1694 755 1757 θείας,
808 1694 959 1765 ἱερὰν
1010 1700 1316 1766 πανήγυριν
1346 1695 1394 1747 oi
1423 1694 1597 1747 δοῦλοί
1645 1712 1739 1747 σου

1842 1700 2044 1755 actam,
2098 1708 2195 1747 nos
2246 1693 2386 1747 servi
2421 1693 2496 1746 tui
2538 1708 2746 1747 sacram
2780 1693 2940 1749 hodie
2970 1699 3260 1767 panegyrin
3294 1700 3406 1754 sive

177 1781 419 1852 ἄγωμεν,
462 1785 557 1838 καὶ
603 1788 660 1838 ὲν
687 1787 832 1856 χαρᾷ
883 1785 1131 1855 βοῶμεν’
1183 1787 1374 1854 Χαῖρε,
1417 1784 1670 1847 Θεοτόκε,
1704 1786 1735 1855 ἡ

1842 1794 2171 1839 conventum
2230 1784 2593 1849 celebramus,
2646 1787 2967 1854 magnisque
3028 1789 3123 1842 tibi
3176 1793 3398 1848 vocibus

176 1876 317 1945 χαρὰ
344 1875 452 1928 τῶν
477 1876 745 1943 ἀγγέλων,
778 1876 869 1928 καὶ
904 1875 1122 1927 πάντων
1160 1874 1268 1927 τῶν
1297 1872 1597 1945 ἀνθρώπων
1628 1873 1737 1927 τῶν

1841 1874 1983 1929 hunc
2048 1876 2102 1928 in
2158 1875 2373 1925 modum
2414 1890 2535 1927 cum
2591 1875 2770 1928 lsetitia
2803 1876 3181 1943 gratulamur:
3222 1876 3398 1941 Salvis,

177 1944 379 2026 πιστῶς
402 1965 812 2034 μελῳδούντων*
847 1964 1010 2031 Δαὸς,
1042 1962 1385 2037 ὑπεροψοῦτε
1408 1944 1493 2028 είς
1520 1963 1733 2027 πάντας
1763 1944 1809 2004 Β

1763 1944 1809 2004 Β
1838 1966 2088 2032 Deipara,
2116 1967 2369 2035 gaudium
2393 1982 2451 2019 es
2476 1965 2790 2032 angelorum
2818 1977 3079 2020 eteorum
3103 1971 3398 2035 tiraasertint

175 2056 292 2119 τοὺς
322 2056 545 2120 αἰῶνας.

1840 2055 2143 2121 hominum,
2188 2055 2279 2125 qui
2330 2055 2583 2124 religiose
2633 2071 2775 2110 nunc
2817 2057 3017 2125 iugiter
3066 2057 3397 2114 decantant:

1838 2147 2076 2215 Populus
2105 2146 2337 2212 Domini,
2367 2148 2766 2217 superexaltate
2801 2147 3088 2202 Dominum
3122 2152 3175 2204 in
3215 2150 3397 2206 omnia

1838 2239 2033 2293 sarcula
2056 2241 2068 2293 ί

848 2366 974 2439 ᾮδὴ
996 2366 1060 2421 θ’·
2514 2369 2625 2424 Ode
2663 2371 2717 2427 ο.

247 2501 381 2555 Ἰδοὺ
407 2503 439 2569 ἡ
470 2501 584 2555 θεία
602 2502 755 2571 κλίνη
772 2501 865 2555 τοῦ
891 2501 1161 2573 Σολομῶν,
1186 2500 1726 2573 δυνατοὶξῆνκυκλοῢ-

1899 2503 2133 2565 Intuere,
2189 2501 2438 2565 obsecro,
2478 2516 2599 2554 nam
2660 2504 2759 2556 iste
2814 2503 3031 2557 divinus
3087 2504 3392 2561 Salomonis

171 2610 248 2644 σιν
277 2594 559 2662 ἐξήκοντα,
592 2595 775 2663 ῥήσεις
799 2594 1052 2665 Γραφῶν,
1078 2590 1279 2663 οἷάπερ
1308 2596 1364 2645 ὲν
1385 2592 1543 2662 κλίνῃ
1575 2592 1728 2661 βασι-

1833 2591 2102 2657 lectulus,l
2139 2607 2299 2660 quem
2361 2592 2703 2646 circumdant
2754 2596 3031 2663 sexaginta
3079 2594 3248 2650 fortes
3289 2598 3391 2662 (ut

168 2684 283 2750 λικῇ
308 2683 454 2753 σορῷ
471 2684 624 2754 τιμίςρ⁵
643 2685 882 2754 σήμερον
901 2684 1077 2753 ζώνην
1098 2681 1374 2736 ἀνακλίνει
1405 2681 1502 2750 τὴν
1529 2680 1726 2747 ἑαυτῆς

1824 2685 1976 2738 aiunt
2005 2683 2303 2753 Scriptura:
2329 2686 2368 2752 ),
2413 2700 2567 2738 suam
2603 2686 2761 2739 hodie
2797 2702 2986 2739 zonam
3016 2688 3303 2755 pretiosam
3336 2689 3386 2741 in

168 2775 468 2837 ἁνὰκλισιν,
489 2777 568 2838 είς
593 2776 807 2828 πὰντων
824 2776 932 2828 τῶν
961 2773 1445 2844 τεταπεινωμένων
1469 2773 1561 2826 καὶ
1578 2773 1725 2825 εὐσε-

1826 2773 2007 2827 loculo
2037 2782 2296 2842 tanquam
2336 2776 2387 2828 in
2431 2775 2618 2830 lectica
2651 2776 2795 2843 regia
2831 2778 3064 2844 quodam
3111 2780 3272 2831 modo
3307 2794 3389 2831 rc-

169 2865 397 2919 εούντηον
434 2866 751 2936 περιποίησι
762 2884 805 2919 ν.

1823 2862 2011 2926 clinat,
2048 2863 2210 2931 idque
2238 2863 2291 2916 in
2332 2864 2587 2917 solatium
2631 2873 2685 2916 et
2726 2866 3225 2919 reconciliationem
3266 2883 3388 2919 om—

168 2957 328 3021 nium,
380 2958 476 3025 qui
522 2968 579 3010 ut
628 2957 824 3025 abjecti
877 2965 1325 3023 contemnuntur,
1378 2956 1445 3011 ad
1498 2955 1713 3009 illorum
1756 2956 1884 3011 item
1948 2956 2194 3009 omnium
2273 2956 2743 3011 conservationem
2791 2972 2856 3011 ac
2881 2959 3124 3023 tutelam,
3155 2960 3387 3028 quicun-

166 3064 259 3117 que
288 3063 471 3101 veram
502 3048 752 3116 pietatem
783 3048 932 3102 cordi
969 3048 1187 3102 habent.

237 3187 319 3250 Ὠς
350 3186 507 3247 πόλις
553 3186 810 3255 βασιλέως
862 3185 969 3239 τῶν
1012 3182 1289 3253 οὐρανῶν,
1343 3183 1466 3253 περὶ
1498 3177 1563 3253 ἦς
1594 3182 1716 3234 ἔλα-

1897 3180 1940 3231 0
1966 3179 2107 3248 regis
2147 3180 2409 3233 cmlorum
2458 3181 2647 3235 civitas
2690 3183 2757 3237 de
2792 3198 2896 3251 qua
2926 3184 3068 3237 dicta
3098 3193 3224 3238 sunt
3267 3186 3383 3255 glo-

164 3278 290 3349 λήθη
317 3278 597 3348 παράδοξα
618 3295 632 3309 ο
674 3277 797 3329 ἔθου
823 3279 889 3346 τῇ
925 3278 992 3346 σῇ
1024 3276 1176 3327 πόλει
1204 3274 1377 3344 δῶρον
1409 3274 1589 3342 τίμιον
1623 3273 1717 3325 καὶ

1826 3268 1972 3323 riosa
1998 3270 2009 3321 !
2040 3267 2119 3322 Tu
2163 3269 2213 3321 in
2257 3269 2358 3322 hac
2392 3279 2479 3322 tua
2512 3270 2731 3325 civitate
2776 3273 3063 3339 reposuisti
3094 3283 3380 3341 augustum

166 3375 347 3427 σεπτὸν
379 3374 480 3441 τὴν
508 3371 778 3439 παναγίαν
830 3372 1054 3440 μνήμην
1087 3386 1178 3422 σου
1210 3370 1425 3422 πάντων
1457 3369 1536 3429 είς
1576 3383 1716 3436 κρα-
1743 3420 1784 3441 η

1743 3420 1784 3441 Α
1822 3370 1876 3413 et
1909 3360 2245 3413 adorandum
2294 3376 2515 3422 munus,
2554 3370 2699 3415 luam
2748 3378 2939 3430 nempe
2971 3380 3161 3417 zonam
3202 3380 3382 3418 sacra-

163 3466 363 3534 ταίωμα
387 3465 500 3517 τῶν
528 3463 832 3527 manilium}
856 3458 923 3534 ἧς
949 3463 998 3515 οἱ
1030 3460 1362 3530 στεφηφόροι
1393 3459 1711 3527 τροπῶνται
1741 3451 1783 3479 ν

1741 3451 1783 3479 ν
1820 3451 2105 3514 tissimant,
2168 3460 2227 3503 ut
2258 3460 2401 3505 esset
2440 3452 2552 3521 28
2580 3454 2834 3507 omnibus
2881 3470 3006 3508 vere
3037 3456 3380 3510 credentibus

162 3558 440 3626 πολεμίους
472 3556 751 3626 ὀρθοδοξίᾳ
790 3554 1211 3623 διαλάμποντες.

1816 3543 2088 3612 quoddam
2133 3551 2325 3612 potens
2365 3544 2523 3611 plane
2567 3546 3056 3614 propugnaculum,
3105 3562 3208 3614 qna
3243 3563 3376 3600 zona

162 3648 285 3701 sise
318 3648 609 3714 accingam
676 3645 834 3715 quasi
888 3660 952 3700 ac
989 3646 1240 3699 muniant
1318 3650 1504 3698 nostra
1548 3636 1779 3695 illustria
1821 3635 2130 3705 principum
2194 3632 2631 3688 orlltodoxorum
2689 3635 2887 3703 capita,
2946 3636 3194 3690 hostilem
3252 3652 3376 3691 mox

162 3741 403 3808 impetum
435 3739 694 3793 facillime
728 3738 1034 3809 proﬂigant.

220 3876 541 3940 Σταλάξατε,
567 3873 635 3926 τὰ
677 3873 801 3945 ὅρη,
830 3873 925 3927 νῦν
971 3872 1321 3941 γλυκασμδν,
1346 3870 1441 3923 καὶ
1496 3866 1700 3937 βουνοὶ,

1870 3862 2099 3923 Stillate,
2143 3871 2374 3922 montes,
2417 3859 2782 3925 dulcedinem,
2815 3868 2869 3915 et
2899 3860 3087 3922 colles,
3135 3860 3373 3914 laetitiam

157 3966 479 4034 εὐφροσύνην
512 3963 763 4019 αίώνιοψ
798 3963 1152 4033 πατριαρχῶν
1200 3962 1389 4030 δῆμοι,
1421 3960 1517 4013 καὶ
1564 3976 1705 4029 μαρ-

1801 3952 2222 4021 sempiternam!
2260 3950 2367 4004 Vos
2400 3961 2681 4019 praeterea,
2704 3951 2879 4006 tribus
2915 3952 3370 4021 patriarcharum,

157 4056 317 4125 τύρων
363 4058 566 4118 πάντες
613 4056 796 4124 χοροὶ,
857 4055 965 4108 τῶν
1025 4052 1321 4125 προφητῶν
1352 4054 1380 4105 ὁ
1412 4050 1703 4117 σύλλογος,
1800 4076 1801 4079 η

1800 4050 1856 4094 et
1871 4039 2021 4093 chori
2052 4048 2354 4109 martyrum
2389 4039 2654 4105 universi,
2678 4041 2865 4095 adhaec
2890 4048 3065 4095 coetus
3088 4040 3372 4109 pr0pheta-

157 4146 300 4199 θείων
353 4146 671 4200 ἀποστόλων
721 4147 895 4216 δῆμος
950 4146 1178 4209 σεπτὸς,
1228 4144 1572 4214 εὐφράνθητε
1610 4143 1707 4194 σὺν

1805 4146 1949 4192 rum,
2000 4145 2065 4183 ac
2119 4128 2354 4198 denique
2399 4130 2676 4183 adoranda
2721 4131 2923 4185 cohors
2975 4131 3369 4199 apostolorum,

156 4240 303 4291 πᾶσιν
326 4241 478 4308 ἡμῖν,
515 4241 581 4308 τῇ
612 4237 901 4291 καταθέσει
931 4237 1028 4308 τῆς
1056 4237 1208 4300 Θείας
1240 4235 1417 4307 ζώνης
1448 4237 1544 4306 τῆς
1565 4234 1697 4287 Θεό-

1812 4230 2048 4276 vestram
2089 4220 2374 4274 nobiscum
2408 4235 2598 4274 omnes
2632 4220 2872 4274 laetitiam
2911 4222 3184 4275 caelestem
3224 4235 3371 4273 com-

156 4330 324 4395 παιδος
1816 4314 2093 4368 municate
2139 4313 2205 4366 ad
2244 4311 2414 4366 divini
2449 4312 2613 4380 hujus
2653 4313 2857 4383 cinguli
2882 4328 2992 4382 quo
3033 4328 3091 4367 se
3120 4312 3244 4367 olim
3278 4310 3369 4365 Dei

1800 4406 2043 4461 Geuitrix
2076 4405 2337 4468 accinxit,
2365 4404 2550 4474 dignis
2578 4404 2741 4459 hodie
2768 4404 2945 4459 modis
2980 4404 3365 4459 celebrandam

1803 4496 2180 4551 festivitatem.

221 4613 471 4683 Ίιγίασας
500 4614 571 4666 τὰ
597 4613 771 4666 πάντα
800 4610 889 4664 διὰ
912 4614 1010 4681 τῆς
1033 4611 1151 4679 σῆς,
1176 4608 1413 4677 παναγία
1434 4609 1700 4676 Παρθένε,

1877 4611 2203 4666 Exhilarasti
2234 4612 2417 4664 omnia
2450 4610 2679 4664 omnino
2719 4610 2950 4680 quadam
2989 4608 3368 4664 benedictione

158 4707 396 4773 κυήσεως,
445 4706 543 4757 καὶ
588 4701 682 4754 νῦν
728 4703 860 4771 ἡμῖν
907 4701 1146 4761 δέδωκας
1177 4699 1252 4762 ὡς
1282 4698 1504 4751 πλείονα
1538 4715 1702 4765 φωτι-

1804 4711 1993 4757 sancta
2042 4718 2136 4771 per
2168 4712 2320 4755 tuum
2368 4700 2805 4765 sanctissimum,
2847 4716 2881 4753 ο
2913 4699 3102 4770 Virgo,
3140 4715 3368 4769 puerpe«

158 4797 271 4862 σμδν
291 4797 384 4865 τὴν
412 4793 682 4862 παναγίαν
704 4793 878 4862 ζώνην
910 4808 1027 4855 σου,
1049 4786 1117 4861 ἦς
1141 4794 1205 4861 τῇ
1227 4790 1520 4844 καταθέσει
1547 4791 1693 4842 πᾶσα
1732 4797 1773 4851 ο

1732 4797 1773 4851 D
1804 4793 1973 4855 rium,
2030 4802 2083 4845 et
2136 4806 2281 4845 nunc
2325 4806 2543 4860 quoque
2583 4791 2761 4855 nobis,
2808 4799 2865 4845 ut
2907 4805 3009 4860 ope
3057 4799 3146 4843 tua
3196 4790 3368 4859 magis

156 4886 182 4954 ἡ
214 4887 275 4953 ’τῆ
304 4887 538 4957 χορεύει,
588 4884 682 4937 καὶ
727 4884 974 4953 γεραίρει
1011 4898 1068 4934 σε
1100 4883 1203 4952 τήν
1252 4882 1425 4951 χαρᾶς
1455 4882 1692 4950 ἀρρήτου

1804 4898 2017 4950 semper
2049 4898 2110 4935 ac
2137 4881 2309 4952 magis
2345 4882 2704 4943 illustremur,
2740 4896 2934 4934 zonam
2982 4881 3179 4934 dedisti
3219 4893 3365 4933 tuam

154 4976 551 5046 ἁποπληροῦσαν
581 4976 642 5028 τὺ
666 4975 1026 5045 ἁνθρ.ἱ›πινον.

1804 4974 2250 5032 sacratissimam,
2279 4972 2331 5025 in
2360 4972 2515 5036 cujus
2545 4972 2631 5025 hic
2660 4971 3023 5039 depositionis
3063 4970 3355 5024 festivitate

157 5069 382 5124 universa
417 5070 705 5123 nobiscum
738 5067 974 5121 exsultat
1007 5075 1149 5119 terra
1184 5073 1345 5134 teque
1380 5065 1611 5119 summis
1639 5064 1943 5120 animorum
2013 5065 2207 5118 studiis
2274 5065 2525 5127 honorat,
2576 5073 2635 5117 ut
2685 5078 2807 5132 qua:
2860 5062 3159 5116 humanum
3193 5076 3365 5131 genus

156 5168 300 5216 tutum
348 5164 605 5220 ineffabili
644 5162 880 5233 quodam
912 5162 1108 5233 gaudio
1134 5162 1498 5230 complevisti.

212 5279 377 5345 Φιλίας
426 5282 607 5343 δολίας
655 5282 753 5350 τῆς
798 5282 908 5333 τῶν
944 5280 1129 5334 παθῶν
1179 5279 1271 5333 καὶ
1320 5278 1516 5348 ἐχθροῦ
1572 5278 1693 5330 καθ’

1876 5277 2109 5344 Praeripe
2144 5290 2227 5328 me
2266 5291 2329 5328 ac
2362 5276 2548 5336 libera,
2600 5290 2633 5327 ο
2678 5288 2889 5327 suntme
2936 5273 3136 5327 intacta
3166 5269 3358 5339 Virgo.

155 5368 359 5441 ἑκάστην
407 5374 760 5443 πειράζοντος
797 5372 1080 5443 ἁμαρτιῶν
1116 5372 1271 5442 βάοει
1322 5370 1597 5441 ῥᾳθυμίας
1632 5386 1691 5421 τε

1801 5371 1870 5424 ab
1900 5369 2047 5423 omni
2091 5368 2463 5422 insidiantium
2518 5366 2647 5419 mihi
2695 5366 3053 5436 cupiditatum
3098 5363 3358 5427 amicitia,

156 5461 364 5531 χαλεπῆς
408 5464 736 5533 ἀπαγωγῆς,
791 5466 1159 5535 πανάχρσντς,
1192 5484 1282 5516 aut
1311 5462 1689 5531 αίχμαλωσίας
1791 5479 1800 5516 :

1791 5463 1861 5516 ab
1900 5460 2103 5513 inimici
2142 5461 2269 5512 item
2320 5460 2715 5513 tentationibtts
2754 5456 3107 5527 quotidianis,
3149 5456 3349 5524 quibus

158 5550 235 5601 καὶ
258 5556 553 5625 προνομῆς,
585 5555 663 5625 τῷ
692 5556 769 5625 σῷ
799 5556 1255 5627 προσπεφευγότα
1302 5554 1442 5608 ἐλέει
1472 5554 1561 5608 διὰ
1589 5553 1687 5607 τά.-
1793 5554 1802 5607 i

1793 5554 1881 5607 ille
1922 5569 2025 5615 mc,
2053 5568 2148 5620 per
2190 5560 2407 5619 peccata
2447 5551 2629 5619 graiia
2668 5552 2895 5615 vitaeque
2925 5547 3337 5602 dissolutionem

158 5653 283 5711 κους,
312 5645 383 5709 ὡς
411 5648 724 5719 συμπαθὴς,
757 5648 918 5721 ἁγνὴ,
953 5647 1284 5714 ἀπάλλαξον.
1794 5662 1802 5699 l

1794 5644 2108 5708 maximam,
2139 5643 2385 5711 abripere
2418 5642 2681 5697 violenter
2726 5642 2779 5695 in
2812 5641 3175 5709 captivitatem
3213 5654 3354 5707 pr:e«

1791 5737 2027 5805 damque
2056 5751 2212 5791 suam
2256 5735 2468 5799 nititur,
2521 5736 2585 5788 ad
2622 5743 2768 5787 tuam
2797 5734 2998 5803 quippe
3041 5746 3185 5787 nunc
3214 5745 3351 5785 con-

1793 5825 1938 5896 fugio
1972 5824 2421 5892 miscricordiattt,
2447 5842 2479 5881 ο
2508 5824 2668 5896 Virgo
2698 5824 3029 5880 miscratrixl
