4164 6456
752 402 891 468 1019

1420 511 1531 582 39
1566 508 1655 563 vr.

752 632 834 687 Ad
854 626 1467 699 hymituntgzicuthista‘n.
1504 625 1571 679 In
1603 623 1996 699 sanctissimam
2040 620 2320 699 Deiparam

823 689 1005 755 Ca'uon
1047 696 1117 750 Vl
1154 696 1289 765 (50),
1336 697 1484 762 cujus
1531 694 1941 765 acrosticltisfst
1969 706 2043 765 :_(
2084 689 2324 743 Gaudere

824 781 872 825 te
906 784 1063 823 uuam
1091 761 1347 829 convenit,
1381 761 1561 836 gaudii
1591 765 1802 819 damus.
1828 761 2045 828 Ioseph.
2098 781 2115 811 ι

1447 876 1562 931 Ode
1596 877 1656 931 1.

825 974 1046 1030 Gabriel
1075 988 1308 1043 magnus
1339 969 1725 1039 arcltangelus,
1756 982 1881 1021 cum
1912 975 1982 1031 te,
2014 980 2047 1019 0
2074 972 2244 1027 casta,
2264 962 2326 1015 li-

755 1068 914 1121 brum
960 1066 1163 1121 Christi
1200 1066 1524 1127 animatum,
1562 1072 1616 1116 et
1646 1062 1849 1131 Spiritu
1892 1068 2086 1113 sancto
2128 1058 2329 1127 sigilla-

1859 398 1918 459 S.
1960 393 2271 458 JOSEPIII
2320 391 2878 453 IlYMNOGRAl‘Ht

3864 388 4012 459 1020

3164 503 3257 569 εἶ’·

2442 620 2560 681 Ἐις
2590 618 2695 669 τὸν
2722 618 2911 685 ὕμνον
2944 615 3270 685 dimidiatos:
3292 615 3400 683 τῆς
3427 617 3755 685 ὐπεραγὶας
3788 621 4006 673 Θεστά-

2498 706 2607 740 κου
2640 681 2850 740 Kay-dir
2870 688 2965 757 ς’.
2999 681 3066 757 οὗ
3095 688 3133 754 ἠ
3153 681 3520 755 »ἀκροσειχίς
3540 681 3681 757 sui;
3702 681 3773 738 οἰ
3804 690 4003 757 Χαρᾶς

2496 757 2754 825 δοχεῖυν,
2784 756 2883 811 σοὶ
2913 754 3119 809 ποέπει
3149 754 3379 825 χαίρειν
3402 757 3584 827 μόνῃ.
3619 756 3845 828 Ἰωσήφ
3866 754 3933 814 ,ἰ

3123 871 3245 926 Ὧδῆ
3274 868 3343 926 α’.

3123 872 3137 891 ‘
3182 872 3210 924 δ
3274 871 3343 926 α’.

2500 964 2735 1036 Χριστοῦ
2771 963 2951 1034 βίϐλον
2976 871 3698 1034 ἔμψυὲνὴὲσφραγισμένην
3738 980 3801 1017 σε
3828 962 4012 1016 Πνεύ-

2433 1074 2564 1128 ματι
2599 1058 2628 1110 ό
2661 1056 2831 1124 μέγας
2874 1054 3209 1125 ἀρχάγγελος
3240 1052 3551 1126 [Γαόριήλῂ
3589 1054 3752 1124 ἁγνὴ,
3786 1052 4010 1121 θεώμε-

756 1168 872 1214 tum
915 1158 1177 1222 vidisset,
1219 1156 1553 1211 exclamavit
1589 1156 1655 1209 ad
1698 1161 1747 1207 te
1778 1168 1790 1204 :
1824 1149 2033 1213 Gaude,
2077 1165 2110 1202 0
2146 1148 2328 1219 gaudii

2441 1166 2540 1213 νος,
2575 1147 2843 1217 ἐπεφώνει
2868 1161 2981 1199 σοι’
3018 1148 3209 1215 Χαῖρε,
3254 1146 3428 1217 χαρᾶς
3446 1145 3672 1216 δοχεῖον,
3704 1144 3773 1199 δι’
3810 1140 3884 1216 ἦς
3914 1145 4015 1214 τῆς

756 1253 979 1314 domus,
1008 1265 1103 1319 per
1130 1263 1292 1317 quam
1328 1248 1520 1316 prima:
1549 1244 1791 1316 parentis
1821 1240 2134 1295 maledictio
2158 1239 2333 1294 aboli.

763 1358 814 1398 ta
842 1353 946 1397 CSI.

832 1434 959 1489 Ad:e
998 1435 1285 1495 correctio,
1312 1432 1505 1499 gaude,
1560 1445 1592 1484 ο
1624 1429 1789 1498 Virgo
1824 1426 1916 1482 Dei
1949 1441 2171 1497 sponsa.
2212 1442 2335 1497 quae

760 1523 1036 1577 infernum
1070 1520 1424 1576 interemisti:
1464 1519 1660 1589 gaude,
1691 1527 1801 1572 tota
1833 1516 2204 1580 immaculata,
2236 1530 2334 1585 pa-

761 1614 950 1669 latium
981 1615 1150 1669 solius
1202 1614 1375 1683 regis;
1412 1614 1606 1682 gaude,
1646 1611 1839 1663 throne
1892 1609 2045 1677 ignee
2074 1607 2336 1676 Omnipo-

763 1705 946 1759 tentis.

753 1808 761 1817 '
835 1794 1035 1865 Vigens
1057 1809 1270 1863 semper
1299 1807 1445 1859 rosa,
1477 1792 1649 1861 gaude
1673 1790 1805 1861 (5i),
1825 1804 1945 1859 qua:
1969 1790 2082 1844 sola
2114 1803 2333 1857 pomum

2434 1246 2784 1314 προμήτορος
2807 1238 2915 1311 ἀρὰ
2938 1238 3264 1310 λυθήσεται.

2516 1415 2684 1485 Ἀδὰμ
2741 1414 3135 1486 ἐπανόρθωσις,
3191 1415 3372 1485 χαῖρε,
3423 1413 3666 1484 Παρθένε
3712 1413 4011 1484 Θεόνυμφε,

2435 1509 2529 1562 τοῦ
2558 1508 2686 1580 ᾂδου
2710 1509 3049 1578 ἡ’νέκρωσις,
3076 1508 3256 1576 χαῖρε,
3288 1506 3624 1575 πανὰμωμε,
3650 1504 3712 1558 τὸ
3736 1506 4012 1559 παλάτιον

2435 1601 2528 1653 τοῦ
2564 1601 2722 1670 μόνου
2752 1599 3043 1665 Βασιλέως,
3072 1598 3424 1669 χαῖρειθρόνι
3459 1597 3661 1667 Πύρινε
3687 1599 3786 1653 τοῦ
3810 1616 4015 1655 παντο-

2438 1693 2723 1761 κράτορος.

2521 1781 2699 1835 Ῥόδον
2735 1780 2795 1834 τὸ
2828 1779 3164 1850 ἀμάραντον,
3200 1781 3377 1851 χαῖρε,
3414 1781 3448 1851 ή
3483 1780 3618 1852 μόνη
3651 1780 4014 1851 βλαστήσασα

760 1888 1077 1943 suavissimi
1122 1886 1308 1941 odoris
1348 1885 1667 1954 protulisti:
1707 1885 1898 1955 gaude,
1936 1894 1989 1936 tu
2022 1898 2142 1952 qua:
2174 1898 2337 1951 pepe-

2441 1875 2502 1928 τὸ
2535 1874 2699 1943 μῆλον
2721 1873 2783 1926 τὸ
2811 1871 3046 1942 εὔοσμον
3066 1888 3082 1902 ·
3118 1874 3297 1943 χαῖρε,
3324 1873 3357 1943 ή
3395 1872 3599 1937 τέξασα
3630 1871 3693 1925 τὸ
3716 1872 4015 1943 ὀσφράδιον

761 1980 883 2034 risti
934 1979 1283 2034 olfactorium
1323 1977 1483 2047 Regis
1524 1977 1805 2042 omnium;
1839 1976 2036 2047 gaude,
2074 1974 2337 2045 nuptialis

2441 1968 2531 2020 τοῦ
2557 1966 2776 2019 πάντων
2799 1964 3072 2028 Βασιλέως
3093 1981 3107 1991 ·
3148 1968 3335 2037 χαῖρε,
3378 1963 3745 2035 ἀπειρόγαμε,
3798 1963 4014 2034 κόσμου

762 2072 987 2126 thalami
1022 2072 1235 2142 ignara,
1280 2071 1465 2124 mundi
1491 2070 1743 2123 salvatio.

833 2164 1084 2227 Domina,
1117 2162 1385 2218 castitatis
1409 2162 1724 2224 thesaurus,
1759 2158 1954 2225 gaude,
1986 2173 2080 2227 per
2113 2173 2275 2227 quam
2306 2174 2337 2213 a

761 2270 891 2310 casu
932 2264 1119 2311 nostro
1141 2255 1306 2309 erecti
1336 2269 1559 2319 sumus;
1591 2253 1785 2322 gaude,
1817 2266 1981 2306 suave
2001 2251 2248 2305 redolens
2274 2250 2338 2304 li-

762 2347 919 2412 lium,
966 2347 1152 2402 ﬁdeles
1192 2346 1357 2401 odore
1403 2359 1688 2399 recreans:
1746 2343 2037 2414 thymiama
2088 2342 2340 2397 suavissi-

766 2455 937 2505 mum,
964 2448 1301 2511 unguentum
1331 2437 1811 2507 pretiosissimum.

1358 2532 1468 2601 30
1508 2530 1622 2585 Ode
1671 2531 1725 2583 δ.

832 2643 1041 2715 Expers
1094 2645 1319 2698 omnino
1377 2652 1612 2697 aratura:
1677 2657 1828 2713 ager,
1874 2657 1940 2697 ex
1987 2656 2097 2712 quo
2159 2641 2340 2695 divina

765 2741 912 2810 spica
941 2738 1285 2809 germinavit,
1318 2738 1525 2805 gaude:
1570 2753 1757 2791 mensa
1786 2736 2045 2799 animata,
2078 2750 2199 2805 qua:
2241 2749 2341 2803 pa-

767 2844 889 2883 nem
932 2829 1060 2883 vita:
1092 2829 1339 2898 recepisti
1366 2845 1379 2882 :
1408 2829 1604 2899 gaude,
1634 2827 1882 2891 Domina,
1918 2826 2041 2882 fons
2075 2840 2231 2896 aqum
2262 2826 2342 2879 vi-

768 2922 945 2975 ventis
980 2920 1360 2975 inexhaustus.

839 3012 1125 3066 Remotum
1162 3012 1230 3065 ab
1263 3012 1411 3067 omni
1448 3012 1567 3067 labe
1614 3012 1843 3066 vitulum
1894 3010 2054 3066 enixa
2089 3010 2342 3065 ﬁdelibus

2438 2058 2744 2128 διὰσωσμα.

2519 2150 2765 2217 ’Δγνεὶας
2813 2148 3188 2220 θησαύρισμα,
3232 2150 3414 2218 χαῖρε,
3453 2148 3521 2202 δι’
3547 2143 3615 2218 ἧς
3639 2147 3705 2200 ὲκ
3730 2147 3828 2200 τοῦ
3861 2145 4017 2200 πτώ-

2442 2259 2611 2311 ματος
2641 2246 2801 2311 ήμεῖς
2838 2242 3210 2311 ὲξανέστημεν
3232 2258 3246 2273 ·
3280 2243 3460 2311 χαῖρε,
3489 2241 3757 2310 ἡδύπνοον
3803 2242 4014 2309 κρῖνον,

2439 2335 2726 2399 Δέσποινα,
2776 2337 3003 2398 πιστοὺς
3062 2334 3397 2401 εὐωδιὼτον,
3448 2333 3701 2404 θυμίαμα
3752 2332 4019 2403 εὔοσμον,

2444 2427 2612 2497 μῦρον
2646 2416 2963 2496 πολῦτιμον.

3132 2518 3256 2589 ᾮδτι
3284 2517 3353 2584 γ’·

2512 2636 2721 2706 Στάχυν
2753 2638 2786 2706 ἡ
2820 2637 3171 2707 βλαστήσασα
3199 2635 3291 2689 τὸν
3317 2635 3483 2699 Θεῖον,
3508 2634 3581 2697 ὡς
3608 2631 3761 2704 χώρα
3808 2632 4021 2701 ἀνῆρο·

2439 2747 2533 2792 τος
2582 2730 2790 2798 σαφῶς,
2847 2730 3033 2800 χαῖρε·
3084 2728 3294 2798 ἔμψυχε
3347 2725 3593 2797 τράπεζα
3647 2726 3813 2795 ἄρτον
3868 2725 4023 2794 ζωῆς

2442 2824 2757 2892 χωρήσασα,
2796 2823 2951 2892 χαῖρε
2972 2836 2986 2850 ·
3019 2820 3112 2873 τοῦ
3143 2819 3341 2883 ζῶντος
3384 2818 3575 2880 ὓδατος
3618 2815 3770 2885 πηγὴ
3802 2816 4023 2869 ἁκένω-

2442 2931 2554 2977 τος,
2595 2914 2878 2966 Δέσποινα.

2515 3003 2754 3072 Δάμαλις
2782 3002 2871 3054 τὸν
2901 3003 3099 3073 μόσχον
3116 3003 3149 3071 ή
3179 3000 3415 3055 τεκοῦσα
3438 3015 3530 3053 τον
3555 3004 3808 3070 ᾶμωμον,
3835 3004 4023 3071 χαῖρε,

761 3105 1017 3174 jnvenca;
1047 3107 1219 3176 gaude
1246 3124 1258 3160 :
1293 3105 1484 3172 gaude,
1507 3114 1667 3173 agna,
1696 3119 1817 3173 qua:
1839 3102 2093 3172 peperisti
2127 3104 2339 3170 Agnum

2442 3096 2555 3157 τοῖς
2590 3095 2797 3155 πιστοῖς
2818 3109 2831 3121 ο
2851 3096 3027 3163 χαῖρε,
3055 3092 3231 3161 ἀμνὰς
3258 3093 3506 3160 κυήσασα
3532 3091 3666 3143 Θεοῦ
3698 3091 3755 3144 Ἀ
3766 3091 3901 3159 μνδν
3931 3092 4028 3144 τὸν

770 3198 883 3260 Dei,
915 3198 1005 3266 qui
1044 3198 1209 3251 totius
1236 3196 1423 3250 mundi
1448 3196 1589 3249 tollit
1617 3203 1835 3264 peccata
1863 3211 1876 3248 :
1901 3193 2096 3264 gaude,
2129 3192 2339 3247 fervens

2445 3188 2669 3257 αἴροντα
2694 3186 2903 3255 κόσμου
2923 3184 3126 3249 παντὸς
3151 3184 3219 3238 τὰ
3239 3183 3582 3254 πταίσματα’
3602 3186 3785 3253 χαῖρε,
3814 3182 4028 3253 θερμὸν

768 3288 1231 3357 propitiatorium.

840 3378 1091 3434 Emicans
1114 3393 1333 3437 aurora.
1362 3392 1481 3447 qua:
1521 3376 1635 3431 sola
1673 3375 1841 3430 solem
1877 3373 2155 3429 Christum
2193 3382 2340 3427 attu-

2448 3279 2776 3331 ἱλαστήριον.

2521 3294 2598 3328 ιστ
2679 3292 2776 3329 ιον.

2521 3278 2757 3439 Ὄὲξρος
2781 3366 3019 3437 φαεινὸς.
3051 3368 3231 3437 χαῖρε,
3259 3367 3291 3436 ή
3323 3365 3457 3437 μόνη
3483 3365 3574 3418 τὸν
3596 3365 3746 3435 ἣλιον
3777 3365 4029 3432 φέρουσα

768 3468 875 3523 listi
897 3510 911 3533 ,
946 3470 1162 3540 gaude:
1198 3469 1332 3524 lucis
1371 3467 1653 3529 habitatio,
1695 3466 1888 3535 gaude,
1936 3480 2058 3534 qua:
2090 3464 2339 3520 tenebras

2447 3461 2699 3531 Χριστόν·
2749 3459 2926 3528 φωτὸς
2980 3459 3440 3529 κατοικητήριον,
3492 3459 3675 3526 χαῖρε,
3720 3456 3784 3509 τὸ
3830 3457 4027 3519 σκότος

768 3560 1091 3623 dissolvisti,
1138 3570 1192 3615 et
1238 3560 1611 3614 tenebricosos
1651 3558 1927 3610 dzeinonas
1974 3555 2200 3609 omnino
2235 3555 2339 3608 ini-

771 3648 1038 3703 minuisli.

840 3738 946 3809 Tu,
983 3739 1235 3803 Domina,
1269 3746 1423 3809 porta
1453 3740 1636 3806 unica,
1670 3754 1767 3809 per
1788 3753 1949 3808 quam
1980 3726 2219 3793 Verbum
2254 3751 2345 3793 so-

851 3942 963 4012 (50)
1002 3942 1189 3997 Exstat
1232 3942 1321 3997 hic
1352 3957 1524 3997 canon
1564 3940 1748 3996 Graece
1774 3949 1990 4012 tantum
2028 3942 2079 3996 in
2115 3939 2345 4012 [lorolo-

2442 3554 2675 3617 λύσασα,
2698 3555 2792 3608 καὶ
2810 3554 2933 3617 τοὺς
2950 3551 3209 3623 ζοφώδεις
3228 3551 3487 3622 δαίμονας
3503 3549 3763 3613 όλοτελῶς
3783 3548 4029 3619 ικμειὼ·

2448 3660 2614 3699 σασα.

2494 3737 2710 3806 Χαῖρε,
2749 3734 2892 3806 πύλη
2932 3734 3068 3806 μόνη
3098 3733 3167 3806 ἢν
3202 3734 3232 3788 ό
3261 3732 3432 3801 Λόγος
3461 3731 3717 3786 διώδευσε
3771 3730 3965 3801 μόνος,
3994 3735 4031 3803 ἡ

2445 3951 2573 4006 tuae,
2603 3940 2819 3997 Christe
2852 3941 3012 4006 Deus,
3047 3943 3116 3995 ab
3160 3942 3415 3996 omnibus
3449 3954 3549 3996 nos
3583 3940 3754 3994 libera
3785 3940 4029 3994 calami-

772 4010 1456 4092 gio‘Grmcorunmjenetiis
1479 4013 1744 4092 impresso
1758 4010 1856 4092 _l‘ol.
1888 4010 2345 4092 5§7,.inn'l‘riodio
2444 4013 2671 4092 tatibus.
2704 4014 2758 4067 et
2786 4011 3241 4092 miserere-nobis
3278 4021 3553 4092 tanquam.
3577 4011 3731 4092 solus
3780 4013 4032 4092 cleinrns

770 4082 1087 4139 Graeorum
1116 4082 1354 4136 Sabbato
1397 4081 1605 4151 quinta:
1632 4081 1985 4137 bebdomada:
2014 4082 2067 4136 in
2098 4081 2346 4147 Quadra-

769 4154 1002 4222 gesima,
1042 4153 1096 4206 in
1137 4152 1325 4222 codice
1366 4151 1550 4222 Graece
1590 4167 1692 4206 ms.
1750 4151 2093 4206 bibliotheca:
2142 4152 2343 4206 Barbe-

2442 4092 2497 4137 et
2536 4082 2827 4138 humanus.
2864 4101 2883 4133 ι
2922 4080 3015 4136 Sic
3043 4082 3137 4136 ibi.
3173 4081 3349 4149 Atque
3396 4080 3449 4134 in
3485 4081 3813 4135 bibliotheca
3850 4081 4019 4134 Bara

2444 4151 2555 4207 rica
2613 4163 2795 4207 exstat
2836 4152 2904 4205 de
2955 4152 3043 4206 die
3094 4152 3377 4205 Acatliisto
3415 4151 3592 4204 oratio
3643 4151 3746 4203 hoc
3809 4152 4026 4203 lilttlu:

771 4219 904 4277 iina:
940 4239 996 4275 n.
1058 4221 1181 4283 118.
1230 4237 1351 4291 pag.
1407 4220 1530 4283 liti,
1572 4237 1781 4276 necnon
1821 4222 1873 4275 in
1927 4222 2048 4275 aliis
2094 4222 2343 4290 pluribus
2448 4240 2467 4274 ι
2508 4220 2763 4277 Narratio
2807 4221 2954 4277 utilis
3003 4237 3068 4275 ex
3104 4222 3269 4275 veteri
3316 4220 3542 4275 historia
3585 4219 3839 4291 collecta,
3874 4231 3933 4273 et
3978 4224 4029 4271 in

770 4291 1087 4345 Graecorum
1110 4291 1478 4345 voluminibus
1514 4292 1899 4359 manuscriptis
1924 4291 1978 4344 in
2009 4292 2333 4346 bibliotheca

772 4361 1036 4415 Vaticana
1060 4375 1123 4415 ac
1145 4360 1635 4429 Cryptaferratensi
1666 4362 1979 4415 asservatis.
2003 4390 2074 4401 —
2107 4362 2336 4430 Propter

772 4430 984 4499 insigne
1025 4431 1348 4485 miraculum
1385 4445 1413 4482 a
1454 4432 1759 4485 castissima
1800 4430 1891 4484 Dei
1922 4430 2199 4484 Genitrice
2233 4431 2335 4485 sub

774 4498 1025 4554 Heraclio
1063 4501 1391 4567 imperatore
1426 4511 1723 4569 patratum,
1756 4500 1822 4554 de
1860 4515 1969 4569 quo
2000 4502 2142 4564 vide,
2181 4501 2226 4554 si
2256 4500 2335 4553 li-

774 4571 884 4634 het,
914 4541 1172 4623 Ca:saresr
1190 4579 1405 4623 nostros
1427 4541 1779 4625 illarianosdn
1810 4541 2060 4623 He'raclio
2086 4541 2335 4638 iiiipera-
2367 4541 2413 4600 θ

772 4648 892 4693 tore
918 4655 1037 4711 cap.
1072 4638 1187 4711 6ης
1216 4642 1267 4702 7,
1291 4639 1668 4711 celebrabatur
1694 4639 1986 4709 quotannis
2018 4639 2335 4711 Constanti-

775 4710 955 4778 nopoli
989 4710 1104 4763 dies
1130 4709 1321 4773 festus,
1363 4710 1670 4779 Arat/tinus
1698 4719 2066 4778 nuncupatus,
2098 4725 2207 4779 quo
2243 4709 2334 4764 Dei

773 4779 1189 4833 amantissimus
1219 4780 1450 4848 populus
1493 4778 2135 4849 Constantiimpolitanus
2169 4789 2335 4833 totam

774 4856 990 4903 noctem
1041 4850 1247 4917 absque
1303 4850 1411 4920 ulila
1460 4850 1870 4904 intermissione
1919 4850 2180 4920 hymnum
2239 4866 2338 4919 pro

772 4920 1073 4989 gratiarum
1100 4924 1310 4973 actione
1348 4919 1656 4988 Deiparenti
1690 4919 2036 4983 decantabat,
2078 4928 2335 4989 tanquam

774 4990 876 5053 illi,
909 5005 1029 5058 qum
1071 5003 1168 5058 pro
1212 4991 1455 5043 omnium
1497 4990 1675 5044 salute
1715 4990 1975 5044 excubias
2023 4992 2249 5059 egisset,
2284 4998 2339 5043 et

774 5059 981 5130 caelesti
1024 5074 1121 5113 sua
1162 5060 1362 5113 virtute
1418 5069 1526 5113 tam
1577 5062 1790 5130 insigne
1846 5069 2107 5129 tropaeum
2148 5071 2337 5115 contra

776 5129 962 5184 hostes
990 5130 1273 5185 erexisset.
1306 5131 1640 5184 Acathistum
1676 5145 1803 5184 vero
1838 5130 2161 5195 neminavit,
2193 5132 2338 5198 quod

776 5210 905 5254 tunc
949 5201 1179 5269 populus
1231 5216 1295 5256 ac
1328 5201 1511 5255 clerus
1562 5200 1856 5255 universus
1895 5199 2086 5253 eodem
2141 5201 2339 5255 ardore

776 5269 919 5324 idem
967 5268 1228 5333 facerent,
1277 5270 1491 5324 nemine
1528 5280 1796 5336 cessante,
1824 5270 2039 5324 nemine
2069 5285 2100 5323 a
2140 5269 2336 5325 divinis

776 5339 1031 5396 laudibus
1055 5340 1495 5405 conquiescente.
1530 5338 1683 5395 Unde
1713 5341 1764 5394 in
1798 5339 2001 5394 Rituali
2025 5338 2336 5395 Graecorum

777 5410 938 5473 libro,
982 5410 1122 5479 apud
1156 5408 1471 5464 Gretserum
1515 5412 1637 5465 libr.
1670 5426 1730 5465 ιιι
1763 5410 2223 5465 Connuentarior.
2285 5412 2340 5463 in

776 5494 901 5548 cap.
936 5480 1005 5534 12
1028 5480 1223 5534 Cadini
1254 5480 1487 5550 legitur:
1528 5500 1547 5533 ι
1578 5481 1913 5541 Acathistos.
1944 5482 2104 5550 quasi
2149 5496 2341 5535 carens

779 5551 1236 5632 sessioneuictus
1263 5561 1388 5632 est,“
1409 5554 1553 5632 quod
1588 5560 1732 5605 totus
1765 5551 2000 5632 populus
2038 5559 2149 5604 tota
2183 5559 2343 5632 nocte

777 5621 975 5674 stando
1042 5620 1299 5691 hymnum
1353 5620 1595 5689 Deipara:
1656 5622 2028 5676 concinuerit:
2086 5620 2343 5691 quodque

779 5705 902 5744 cum
935 5691 1191 5745 omnibus
1216 5692 1336 5746 aliis
1366 5692 1419 5744 in
1450 5693 1657 5747 aedibus
1679 5708 1747 5745 ex
1779 5706 1928 5746 more
1947 5692 2135 5746 sedere
2156 5693 2336 5755 liceat,

779 5757 835 5814 in
868 5761 986 5817 istis
1014 5762 1210 5816 divina:
1236 5761 1422 5817 Matris
1443 5763 1606 5817 erecti
1630 5778 1817 5817 omnes
1840 5771 2043 5817 Stantes
2066 5763 2338 5817 ausculta-

780 5844 927 5889 mus.
982 5831 1240 5889 Precibus
1300 5834 1738 5905 propuguatricis
1787 5843 1840 5889 ct
1885 5833 2096 5888 invicta:
2150 5831 2338 5887 Matris

2440 4292 2762 4346 memoriam
2802 4306 3065 4346 revocans
3112 4291 3547 4359 inexspectatum
3598 4290 3729 4342 illud
3776 4291 4027 4359 miracu-

2441 4362 2576 4425 lum,
2610 4362 2810 4416 factum
2837 4362 3057 4430 quando
3077 4358 3342 4415 Persm’et
3378 4360 3595 4413 barbari
3639 4359 3842 4427 regiam
3882 4358 4029 4413 hanc

2440 4431 2716 4487 civitatem
2770 4431 3121 4491 obsederunt,
3162 4431 3256 4499 qui
3314 4431 3592 4499 perierunt
3638 4430 3882 4482 divinam
3943 4432 4031 4481 nl-

2441 4502 2644 4556 tioneln
2673 4502 2880 4570 experti
2910 4519 2923 4554 :
2957 4502 3151 4555 civitas
3189 4516 3318 4553 vero
3361 4500 3529 4553 ilhesa
3568 4513 3902 4570 permanens
3948 4500 4035 4551 in-

2440 4568 2773 4648 tercessione
2830 4570 3073 4648 Deipara:
3130 4569 3427 4648 quotannis
3488 4584 3551 4621 ex
3620 4568 3712 4622 illo
3775 4577 4034 4648 tempore

2442 4642 2703 4721 hymnum
2755 4640 3055 4721 gratiarum
3120 4639 3453 4719 agendarum
3514 4652 3684 4720 causa
3746 4639 4029 4701 concinit.

2441 4708 2595 4790 diem
2621 4708 2774 4765 illum
2826 4708 3175 4774 Acathiston,‘
3215 4709 3374 4779 quasi
3424 4708 3691 4763 sessionis
3738 4718 4030 4777 expertem

2440 4797 2752 4835 nominans.
2792 4799 2809 4832 I

2511 4852 2621 4920 (5t)
2676 4850 2753 4903 En
2804 4849 3091 4920 pulchrum
3136 4847 3194 4902 S.
3244 4847 3467 4913 Joseplii
3516 4862 3616 4917 pro
3668 4847 4034 4920 immaculata

2440 4920 2501 4991 Β.
2536 4919 2777 4991 Virginis
2807 4919 3177 4991 conceptione
3224 4920 3619 4973 testimonium.
3656 4919 3712 4991 _Si
3762 4921 3914 4972 enim
3966 4935 4037 4972 ex

2438 4988 2679 5061 Josepho
2727 4991 2798 5072 Β..
2830 4988 3005 5072 Virgo
3044 4988 3314 5072 fuit.r_osa
3361 5002 3596 5072 semper.
3627 4988 3842 5072 vigens,
3893 5003 4037 5056 ergo

2441 5056 2719 5131 nunquam
2755 5062 2874 5115 sine
2906 5056 3091 5131 vigore
3114 5059 3312 5131 divina:
3344 5056 3534 5128 gratia:
3568 5056 3707 5131 fuit,
3745 5059 3843 5113 sed
3879 5074 4038 5131 seut-

2441 5148 2539 5203 per
2571 5126 2781 5212 exstitit
2811 5126 3006 5211 divina_
3032 5130 3204 5212 gratia
3243 5126 3507 5212 vernans.
3542 5126 3698 5212 .Quid
3744 5138 3833 5183 est
3879 5130 4033 5212 enim

2445 5197 2662 5271 semper
2692 5197 3062 5271 vigensunisi
3107 5199 3364 5255 omnibus
3406 5198 3633 5253 omnino
3681 5197 4038 5271 temporibus

2447 5268 2657 5340 vigens,
2691 5268 2855 5326 etiam
2893 5270 2987 5325 illo
3030 5278 3332 5340 momento,
3372 5282 3489 5340 quo,
3520 5269 3878 5340 sanctissima
3908 5268 4037 5337 ejus

2444 5338 2627 5397 anima
2660 5352 2842 5396 creata
2877 5341 3014 5395 fuit?
3044 5338 3182 5394 Nam
3206 5340 3252 5393 si
3285 5340 3406 5394 sine
3444 5339 3631 5408 vigore
3664 5338 3867 5392 divinae
3905 5354 4037 5406 gra-

2446 5414 2533 5467 tiae
2575 5412 2895 5481 aliquando,
2936 5411 2988 5465 id
3036 5419 3121 5466 est
3168 5410 3221 5481 in
3247 5410 3426 5479 primo
3479 5424 3593 5481 sua:
3646 5409 4036 5481 conceptionis

2444 5478 2684 5536 instanti
2717 5480 3219 5551 luisset,quomodo
3250 5478 3402 5545 tunc,
3421 5480 3593 5551 malae
3620 5478 3873 5551 originis
3893 5489 4035 5531 astu

2443 5553 2596 5607 arida
2628 5567 2752 5607 cum
2783 5548 3114 5617 essen—rosa
3144 5564 3358 5617 semper
3383 5548 3573 5618 vigens
3606 5565 3734 5603 vere
3767 5548 3879 5602 dici
3909 5562 4037 5617 pos-

2445 5622 2557 5677 set?
2590 5620 2722 5676 Vide
2735 5621 3035 5692 Velasquez
3064 5620 3139 5674 De
3172 5618 3348 5692 Ναξία
3377 5619 3720 5692 ἱῃιηιαοκῖαςρ
3747 5628 4026 5692 corrupte,

2449 5692 2572 5746 libr.
2612 5709 2664 5758 v,
2699 5686 2932 5747 Dissert:
2959 5693 3012 5755 2,
3047 5698 3238 5745 annot.
3270 5688 3328 5755 2,
3362 5689 3454 5743 ubi
3488 5690 3635 5758 quod
3668 5688 3733 5744 Β.
3774 5686 3948 5759 Virgo
3977 5687 4031 5740 iu

2450 5778 2549 5818 sua
2579 5764 2938 5834 conceptione
2971 5761 3133 5817 fuerit
3161 5774 3285 5816 rosa
3317 5760 3778 5830 lragrantissima.
