4164 6456
184 406 319 476 102⁷1

1594 417 1957 479 MARIALE.

3285 418 3424 485 1022

182 518 415 589 μοχλοὺς
470 517 567 571 καὶ
615 517 791 582 πύλας
843 521 991 591 ᾅδου,
1023 523 1312 587 Δέσποινα,
1350 522 1429 594 τῷ
1461 524 1606 592 τόκῳ
1651 540 1728 575 σοι

1852 523 1962 576 lum
1989 524 2368 592 pertransivit;
2394 540 2515 595 quae
2538 536 2715 583 vectes
2756 536 2810 581 et
2838 534 3025 597 portas
3050 525 3246 581 inferni
3265 539 3422 596 partu

178 611 526 680 συντρίψασα
552 627 564 639 ’
598 616 777 683 χαῖρε,
809 616 841 684 ἠ
883 615 1001 668 θεία
1031 617 1231 680 εἴσοδος
1263 616 1371 669 τῶν
1401 618 1743 686 σωζομένων,

176 701 519 772 πανύμνητε.

870 798 1082 869 1.15526"-

254 884 349 937 Ἓν
380 890 585 956 φωναῖς
634 888 903 959 ᾀσμάτων
933 894 1115 945 πίστει
1147 912 1230 947 σοι
1290 892 1527 964 βοῶμεν,
1557 896 1739 949 πανύ-

175 994 216 1045 μ
253 996 370 1043 ητε·
395 982 569 1049 χαῖρε,
592 983 712 1034 πῖον
728 982 850 1053 ὅρος
867 986 960 1036 καὶ
984 1002 1107 1037 τετυ
1115 987 1358 1055 ρωμένον
1370 989 1425 1039 ὲν
1441 988 1737 1057 πνεύματι·

172 1068 557 1138 χαίρε,λυχνία
573 1072 669 1125 καὶ
696 1073 900 1141 στάμνε
930 1073 1103 1141 μάννα
1138 1075 1399 1143 φέρουσα,
1432 1079 1491 1132 τὸ
1521 1079 1748 1147 γλυκαίο

171 1177 264 1209 νον
290 1160 359 1211 τά
388 1160 495 1213 τῶν
525 1162 769 1217 εὐσεϐῶν
797 1164 1150 1237 αισθτιτήρια.

254 1333 597 1408 ’ἱλαστήριον
624 1339 717 1393 τοῦ
747 1342 974 1413 κόσμου,
1001 1347 1181 1416 χαῖρε,
1199 1346 1436 1417 άχραντε
1453 1349 1740 1405 Δέσποινα·

168 1426 358 1496 χαῖρε,
411 1429 613 1499 κλίμαξ
660 1433 827 1503 γῆθεν
876 1437 1085 1500 πάντας
1135 1439 1472 1509 άνυψώσασα
1523 1444 1740 1513 χάριτι·

166 1522 332 1588 χαῖρε
355 1560 371 1582 ,
406 1531 439 1591 η
494 1525 711 1593 γέφυρα
764 1526 935 1590 ὅντως
976 1532 1009 1599 ὴ
1061 1532 1374 1601 μετάγουσα
1404 1536 1470 1588 ὲκ
1503 1536 1738 1592 Θανάτου

167 1609 387 1672 πάντας
414 1611 549 1678 πρὸς
584 1611 728 1683 ζωὴν
757 1618 881 1679 τοὺς
916 1617 1219 1688 ὑμνοῦντάς
1249 1639 1329 1677 σε.

239 1702 503 1770 uagam»
560 1706 869 1778 ὑψηλοτέρα
889 1747 903 1772 ,
957 1714 1137 1782 χαῖρε,
1171 1715 1275 1784 γῆς
1303 1714 1363 1767 τὸ
1395 1714 1642 1785 Θεμέλιον
1685 1719 1744 1772 ἐν

166 1792 234 1859 τῇ
271 1795 339 1860 σῇ
384 1794 559 1863 νηδύϊ,
590 1796 847 1869 ἄχραντε,
896 1800 1119 1865 άκόπως
1170 1803 1523 1873 βαστάσασα*
1562 1812 1740 1879 χαῖρε,

1853 626 1944 669 tuo
2003 617 2333 681 contrivisti,
2388 618 2606 689 gaude:
2665 620 2862 688 gaude,
2892 620 3113 674 divinus
3168 621 3422 677 introitus

1848 719 2035 758 eorum
2069 705 2159 773 qui
2209 708 2509 773 salvantur,
2550 722 2583 760 0
2617 708 2765 759 omni
2799 708 2956 761 laude
2983 707 3329 778 dignissima.

2510 796 2624 851 Ode
2660 795 2717 848 4.

1909 883 2289 941 Exclamamus
2316 887 2380 940 ad
2406 897 2458 941 te
2496 890 2726 944 fideliter
2751 905 2875 944 cum
2901 893 3128 948 vocibus
3181 895 3428 949 cantico-

1849 991 1988 1041 rum,
2026 993 2059 1030 o
2102 978 2312 1032 cunctis
2353 978 2601 1035 laudibus
2640 980 2964 1035 celebranda
2992 1000 3005 1036 :
3038 985 3234 1054 gaude,
3268 1000 3425 1038 mons

1849 1066 2066 1135 pinguis
2100 1077 2152 1120 et
2200 1071 2522 1136 coagulatus
2552 1072 2742 1136 Spiritu
2778 1094 2790 1126 :
2842 1073 3039 1142 gaude,
3094 1074 3335 1140 lucerna,
3368 1084 3424 1128 et

1849 1174 1984 1211 urna
2017 1160 2196 1214 ferens
2216 1176 2435 1223 manna,
2461 1162 2605 1231 quod
2633 1162 2843 1230 piorum
2885 1178 3086 1218 sensus
3128 1164 3423 1221 dulcedine

1847 1248 2143 1318 perfundit.

1922 1336 2165 1394 Universi
2197 1342 2659 1410 propitiatorinm,
2690 1343 2882 1411 gaude,
2917 1359 2949 1398 ο
2970 1344 3197 1400 Domina
3229 1345 3423 1398 imma-

1846 1429 2066 1483 culata:
2117 1431 2313 1498 gaude,
2362 1432 2528 1494 scala,
2573 1448 2695 1501 quae
2727 1448 2918 1487 omnes
2950 1449 3044 1501 per
3093 1438 3322 1503 gratiam
3366 1436 3422 1489 in

1847 1521 2012 1573 altum
2042 1522 2259 1575 extollis
2281 1535 2310 1574 a
2335 1532 2474 1574 terra
2505 1540 2519 1575 :
2550 1524 2742 1590 gaude,
2768 1538 2925 1591 pons,
2959 1524 3052 1592 qui
3083 1540 3209 1579 vere
3239 1536 3421 1580 trans-

1848 1611 2017 1666 mittis
2048 1628 2077 1665 a
2108 1620 2280 1665 morte
2308 1612 2373 1664 ad
2411 1612 2575 1664 vitam
2618 1629 2807 1667 omnes
2835 1614 3121 1669 laudantes
3146 1624 3217 1669 le.

1917 1701 2161 1757 Nobilior
2193 1703 2349 1757 cadis
2375 1702 2729 1767 sublimitate,
2773 1705 2965 1772 gaude,
3008 1721 3130 1774 qua:
3156 1706 3277 1759 sine
3311 1704 3421 1759 ullo

1846 1790 2031 1846 labore
2071 1794 2123 1845 in
2165 1802 2257 1846 tuo
2302 1803 2456 1847 utero
2483 1801 2642 1847 terra)
2661 1792 3077 1847 fundamentum
3111 1797 3359 1864 portasti,
3387 1812 3421 1851 ο

164 1883 411 1976 afﬁxa)“
437 1886 723 1958 πορφύραν
752 1889 903 1944 θείαν
932 1892 1151 1964 βάψασα
1168 1894 1228 1963 ἑξ
1252 1899 1501 1970 αἱμάτων
1532 1920 1627 1956 σου
1660 1903 1728 1976 τᾷ

1844 1884 2231 1938 immaculata:
2265 1886 2456 1952 gaude,
2500 1900 2741 1954 purpura
2764 1928 2779 1950 ,
2813 1900 2933 1953 qua:
2969 1885 3229 1939 virtutum
3289 1885 3422 1956 Regi

164 1970 386 2040 βασιλεῖ
406 1975 515 2029 τῶν
540 1979 843 2052 δυνάμεων.

230 2151 553 2226 Νομοθέτην
572 2159 603 2228 ἡ
621 2157 857 2217 τεκοῦσα
877 2163 1114 2236 άληθῶς,
1135 2169 1318 2241 χαῖρε,
1343 2170 1628 2240 Δέσποινα,
1648 2175 1740 2228 τὸν

157 2243 259 2305 τὰς
289 2246 526 2337 άνομίας
556 2250 773 2307 πάντων
798 2254 1007 2326 δωρεάν
1034 2259 1409 2331 ὲξαλείφοντα,
1434 2265 1741 2337 άκατανόη-

157 2349 253 2384 τον
281 2334 471 2403 βάθος,
504 2338 639 2410 ὕψος
669 2342 929 2416 ἄρρητον,
978 2349 1345 2422 άπειρόγαμε,
1379 2353 1446 2407 δι’
1475 2350 1543 2425 ἧς
1577 2334 1739 2426 ήμεῗς

155 2426 372 2499 ὲθεώθη
382 2446 501 2497 μεν.

229 2518 302 2570 Σὲ
330 2518 429 2590 τὴν
476 2522 744 2589 πλέξασαν
774 2529 853 2599 τῷ
892 2531 1082 2603 κόσμῳ
1106 2533 1496 2604 άχειρόπλοκον
1535 2539 1737 2608 στέφα-

156 2622 249 2699 νον
275 2608 772 2685 ἀνυμνολογοῦμεν,
813 2619 1007 2691 Χαῖρε,
1052 2624 1156 2689 σοὶ,
1197 2624 1459 2695 Παρθένε,
1493 2632 1739 2699 κραυγά-

156 2695 369 2763 ζοντες,
399 2700 459 2753 τὸ
490 2704 859 2779 φυλακτήριον
883 2712 1122 2779 πάντων,
1160 2716 1255 2768 καὶ
1283 2695 1612 2790 χαράκωμα,
1641 2695 1736 2777 καὶ

153 2788 512 2861 κραταίωμα,
544 2797 637 2850 καὶ
668 2798 826 2869 ἱερὸν,
855 2803 1212 2871 καταφύγιον.

914 2893 1034 2964 ᾭδὴ
1068 2892 1101 2949 '-

237 2991 393 3050 Ὀδδν
421 2997 456 3069 ἠ
486 3001 735 3069 κυήσασα
773 3002 940 3075 ζωῆς,
963 3010 1141 3078 χαῖρε,
1198 3012 1532 3084 πανάμωμε,
1568 3017 1600 3083 ή
1632 3033 1733 3069 κα-

149 3086 478 3179 τακλυσμοῦ
524 3092 625 3162 τῆς
675 3095 953 3168 ἁμαρτίας
1003 3101 1224 3157 σώσασα
1255 3106 1493 3176 κόσμον’
1550 3110 1731 3179 χαῖρε,

1844 1976 2132 2047 purpureis
2182 1975 2406 2032 floribus
2450 1986 2763 2031 contextam
2810 1984 3014 2031 vestem
3057 1978 3164 2033 tuis
3196 1979 3421 2049 sangui-

1845 2069 2003 2123 nibus
2028 2069 2258 2123 tinxisti.

1912 2161 2202 2217 Auctorem
2226 2163 2360 2233 legis
2387 2162 2547 2217 enixa
2586 2178 2733 2223 vere.
2759 2162 2849 2233 qui
2876 2162 3124 2217 omnium
3158 2163 3420 2231 iniquita-

1842 2261 1924 2309 tes
1960 2257 2192 2324 gratuito
2241 2257 2403 2320 delet,
2459 2256 2653 2324 gaude,
2716 2254 2967 2318 Domina,
3003 2255 3421 2325 inintelligibilis

1841 2344 2207 2414 profunditas,
2254 2345 2358 2415 31
2416 2346 2705 2400 iuell‘abilis
2761 2346 3107 2410 sublimitas;
3162 2345 3421 2416 nuptialis

1841 2439 1941 2491 tori
1973 2440 2181 2507 ignara,
2217 2453 2312 2507 per
2339 2454 2501 2507 quam
2542 2453 2640 2491 nos
2668 2437 2902 2493 deificati
2935 2452 3147 2491 sumus.

1911 2529 2111 2582 Mundo
2155 2545 2412 2582 coronam
2448 2546 2553 2583 non
2614 2544 2773 2583 mauu
2808 2528 3007 2582 factam
3060 2527 3417 2590 contexuisti,

1837 2619 1961 2673 ideo
1998 2628 2049 2673 te
2088 2620 2301 2690 hymnis
2330 2621 2696 2683 celebramus,
2725 2620 2843 2685 tibi,
2872 2619 3083 2680 Gaude.
3109 2619 3421 2672 exclamat)-

1840 2721 1942 2776 tes,
1974 2728 2007 2764 ο
2035 2713 2279 2765 omnium
2313 2712 2586 2777 custodia,
2619 2722 2672 2767 ct
2722 2712 2945 2775 vallum,
3000 2718 3057 2764 et
3115 2710 3307 2773 robur,
3364 2718 3419 2764 et

1839 2818 2054 2860 sacrum
2085 2804 2416 2859 subsidium.

2506 2896 2616 2951 Ode
2651 2896 2704 2949 5.

1905 3010 2017 3080 (32)
2046 3009 2254 3066 (larens
2279 3011 2427 3064 omni
2458 3010 2690 3075 macula,
2726 3024 2849 3079 qua:
2894 3009 3040 3063 viam
3070 3009 3195 3064 vitae
3255 3023 3421 3079 pepe-

1836 3103 1978 3164 risti,
2015 3102 2191 3171 gaude
2219 3120 2230 3154 :
2259 3102 2457 3172 gaude,
2486 3118 2608 3171 qua:
2636 3101 2897 3154 mundum
2926 3117 2953 3154 a
2978 3102 3187 3155 diluvio
3208 3102 3417 3169 peccati

153 3172 457 3290 θεόνυμφε,
496 3180 748 3283 άὲιουσμα
775 3188 868 3240 καὶ
897 3188 1113 3261 λάλημα
1145 3172 1400 3263 φρικτόνο
1430 3172 1610 3268 χαῖρε,
1642 3172 1726 3252 έν-

1838 3196 2100 3260 liberasti,
2135 3210 2169 3248 ο
2195 3194 2287 3247 Dei
2321 3209 2522 3264 sponsa
2558 3212 2571 3248 :
2602 3194 2809 3247 auditio
2872 3203 2927 3247 et
2954 3195 3160 3249 locutio
3191 3194 3419 3249 horrore

151 3265 426 3339 διαίτημα
451 3271 549 3327 τοῦ
575 3277 845 3332 Δεσπότου
871 3282 970 3352 τῆς
997 3284 1251 3347 κτίσεως.

237 3444 419 3517 Ἰσχὺς
459 3451 555 3504 καὶ
587 3452 848 3526 ὀχύρωμα
878 3457 1205 3529 ἀνθρώπων,
1236 3466 1415 3535 χαῖρε,
1458 3466 1693 3537 ἄχραντε
1713 3486 1731 3502 ο

147 3536 285 3591 τόπε
312 3542 653 3613 ἀγιάσματος
680 3547 778 3617 τῆς
810 3548 989 3619 δόξης,
1020 3552 1286 3624 νέκρωσις
1322 3554 1473 3626 ᾅδου,
1506 3536 1734 3626 νυμφὼν

146 3632 419 3701 ὁλόφωτε,
467 3642 648 3710 χαῖρε,
682 3641 793 3695 τῶν
841 3644 1092 3713 ἀγγέλων
1145 3650 1393 3721 χαρμονή
1422 3665 1437 3680 ο
1486 3655 1669 3722 χαῖρε,
1696 3652 1731 3723 ὴ

150 3724 384 3796 βοήθεια
416 3729 527 3783 τῶν
553 3733 759 3787 πιστῶν
794 3734 1065 3806 δεομένων
1095 3755 1213 3793 σου.

224 3912 580 3984 Πυρίμορφον
623 3915 807 3987 ὄχημα
833 3917 928 3971 τοῦ
956 3919 1155 3987 Λόγου,
1213 3923 1370 3991 χαῖρε
1392 3960 1407 3986 ,
1439 3922 1726 3991 Δέσποινα,

146 4004 365 4074 ἔμψυχε
395 4006 712 4076 παράδεισε,
740 4009 804 4062 τδ
846 4010 1002 4076 ξύλον
1043 4012 1100 4067 ἐν
1130 4014 1283 4084 μέσῳ
1313 4013 1433 4084 ἕχον
1461 4014 1608 4086 ζωῆς
1638 4016 1728 4070 τὸν

149 4094 380 4168 Κύριον,
410 4091 473 4151 οὗ
497 4100 524 4152 ό
550 4099 867 4171 γλυκασμὸς
906 4102 1166 4166 ζωοποιεί
1196 4107 1375 4159 πίστει
1407 4108 1538 4172 τοὺς
1571 4108 1727 4162 αετέ-

146 4205 348 4257 χοντας
375 4192 468 4242 καὶ
499 4190 675 4263 φθορᾷ
717 4193 1118 4262 ὑποκύψαντας.

231 4282 594 4352 Ῥωννύμενοι
648 4285 825 4341 σθένει
878 4305 970 4341 σου
999 4289 1209 4353 πιστῶς
1256 4292 1574 4363 άναῦοῶμέν
1606 4309 1721 4347 σοι’

146 4375 350 4444 Χαῖρε,
384 4375 540 4440 πόλις
588 4377 680 4431 τοῦ
731 4379 1125 4450 Παμὸασιλέως
1152 4422 1166 4445 ,
1220 4382 1586 4454 δεδοξασμένα
1629 4386 1725 4439 καὶ

146 4466 485 4531 άξιάκουστα
512 4471 637 4538 περὶ
666 4467 733 4541 ἧς
759 4471 1079 4543 λελάληνται
1118 4474 1306 4543 σαφῶς
1331 4490 1346 4507 ⁸
1379 4476 1505 4546 ὅρος
1530 4477 1727 4529 ἁλατό-

150 4572 349 4625 μητσν,
375 4558 555 4626 χαῖρε,
588 4558 751 4627 βάθος
778 4561 1104 4633 ἀμέτρητον.

218 4647 552 4720 Εὐρύχωρον
583 4654 848 4722 σκήνωμα
876 4653 967 4707 τοῦ
1009 4654 1207 4724 Λόγου,
1249 4659 1429 4728 χαῖρε,
1462 4656 1721 4729 άχραντε,

146 4739 341 4808 κόχλος
358 4742 391 4810 ἡ
417 4740 508 4793 τὸν
534 4741 677 4796 θείον
704 4734 1051 4817 μαργαρίτην
1078 4748 1471 4819 προαγαγοῦσα
1495 4766 1507 4779 ’
1540 4753 1721 4821 χαῖρε,

146 4831 577 4900 πανθαύμαστε,
633 4826 853 4890 πάντων
903 4838 1037 4909 πρὸς
1070 4841 1205 4894 Θεὸν
1250 4843 1564 4916 καταλλαγὴ
1615 4844 1725 4897 τῶν

149 4922 567 4993 μακαριξόντων
602 4943 681 4991 σε,
714 4927 967 4992 Θεοτόκε,
1000 4931 1281 4987 ἑκάστοτε.

843 5109 966 5179 ᾭδὴ
996 5116 1072 5174 ς’.

217 5194 443 5258 Παστὰς
467 5195 561 5249 τοῦ
595 5198 766 5268 Λόγου
789 5198 1078 5269 άμόλυντε,
1131 5199 1281 5256 αἰτία
1312 5202 1410 5273 τῆς
1441 5203 1551 5257 τῶν
1581 5204 1717 5257 πάν-

214 5355 331 5429 (32)
362 5355 518 5429 Cum
534 5354 596 5411 Β.
632 5352 800 5428 Virgo
822 5372 888 5414 ex
920 5370 1101 5416 mente
1139 5357 1198 5415 S.
1226 5357 1448 5429 Josephi
1478 5363 1718 5417 caruerit

144 5428 293 5479 omni
340 5424 579 5502 macula,
625 5424 757 5502 non:
774 5428 948 5502 solum
984 5430 1158 5485 caruit
1202 5424 1434 5486 maculis
1465 5442 1715 5502 peccato-

145 5512 266 5548 rum
298 5496 621 5569 actualium,
652 5498 747 5553 sed
778 5498 941 5554 etiam
977 5502 1190 5565 macula
1222 5502 1425 5569 peccati
1460 5496 1618 5557 nobis
1646 5506 1714 5556 ab

145 5575 268 5641 ortu
305 5567 603 5641 congeniti.
633 5583 759 5641 cum
791 5569 905 5641 haec
938 5570 1007 5641 sit
1049 5586 1175 5641 vere
1205 5567 1417 5626 macula
1456 5572 1631 5641 turpis
1660 5582 1715 5628 et

147 5636 439 5710 delormis,
470 5646 528 5690 ut
558 5637 794 5710 animam
828 5639 1094 5709 inquinet,
1130 5639 1347 5710 Deoque
1376 5636 1567 5696 reddat
1588 5658 1710 5697 om-

144 5708 276 5761 nino
319 5706 596 5773 odiosam,
640 5706 1041 5778 alioquin'non
1091 5706 1363 5766 caruisset
1403 5714 1551 5766 omni
1593 5727 1711 5766 ma-

146 5778 303 5829 cula:
341 5787 397 5830 et
448 5778 711 5845 particula
760 5779 1085 5833 universalis
1124 5783 1291 5835 omnis
1344 5797 1449 5834 non
1493 5798 1708 5836 omnem

147 5848 417 5903 maculam
444 5848 949 5917 comprehenderet,
983 5867 1107 5905 cum
1141 5868 1245 5906 non
1277 5853 1708 5921 comprehende-

1838 3288 2047 3359 plena:
2106 3289 2300 3358 gaude.
2342 3287 2557 3343 mansio
2620 3285 2837 3339 Domini
2885 3286 3131 3340 onmium
3195 3293 3414 3341 creatu~

1835 3392 2044 3431 rarum.

1904 3469 1948 3523 0
1975 3467 2360 3533 immaculata,
2400 3467 2664 3522 fortitudo
2715 3479 2769 3522 et
2825 3467 3059 3522 munitio
3107 3467 3415 3530 hominum,

1832 3562 2045 3630 gaude:
2089 3564 2242 3617 locus
2271 3561 2727 3616 sanctificationis
2754 3560 2964 3630 glorias,
3029 3559 3284 3614 interitus
3325 3558 3412 3613 in-

1832 3647 1990 3712 ferni,
2044 3648 2316 3703 thalamus
2374 3657 2521 3703 totus
2570 3648 2803 3711 luridus,
2853 3649 3049 3719 gaude.
3099 3649 3414 3719 angelorum

1831 3741 2048 3806 laetitia;
2069 3740 2266 3811 gaude,
2295 3740 2557 3796 auxilium
2586 3757 2803 3806 eorum,
2846 3741 2937 3811 qui
2967 3749 3162 3797 tecum
3197 3743 3299 3796 fide
3318 3744 3415 3797 de-

1831 3844 2146 3902 precantur.

1897 3922 2087 3979 Nitens
2115 3924 2267 3993 ignea
2292 3924 2411 3977 luce
2460 3938 2658 3977 currus
2688 3921 2875 3987 Verbi,
2928 3922 3127 3991 gaude,
3156 3920 3413 3988 Domina,

1828 4015 2079 4081 paradise
2115 4013 2375 4078 animate,
2407 4014 2459 4066 in
2502 4013 2662 4082 cujus
2696 4011 2879 4066 medio
2921 4019 3005 4067 est
3057 4011 3222 4065 arbor
3280 4013 3411 4067 vita:

1825 4102 2110 4169 Dominus,
2148 4104 2241 4174 qui
2290 4103 2577 4158 dulcedine
2633 4117 2731 4157 sua
2776 4101 3016 4156 viviﬁcat
3072 4116 3264 4157 omnes
3320 4102 3413 4159 sui

1825 4195 2117 4265 participes
2151 4201 2206 4247 et
2233 4192 2570 4261 corruptiOni
2601 4190 2894 4245 obnoxios.

1897 4282 2110 4339 Virtute
2138 4293 2228 4337 tua
2264 4283 2503 4337 roborati
2526 4322 2540 4348 ,
2573 4297 2697 4335 cum
2730 4281 2836 4337 fide
2860 4282 3161 4336 clamamus
3220 4281 3287 4336 ad
3312 4290 3404 4337 te:

1824 4374 2031 4439 Gaude,
2055 4376 2245 4430 civitas
2270 4376 2513 4429 omnium
2535 4373 2719 4444 Regis,
2741 4374 2810 4428 de
2844 4390 2949 4443 qua
2973 4372 3262 4428 manifeste
3289 4375 3408 4443 glo-

1824 4467 1965 4520 riosa
1994 4476 2048 4520 et
2072 4466 2232 4535 digna
2288 4466 2476 4520 auditu
2508 4465 2655 4519 dicta
2690 4476 2820 4521 sunt
2874 4482 2886 4518 :
2923 4480 3084 4519 mons
3114 4480 3144 4518 a
3174 4465 3406 4535 lapicida

1749 4583 1794 4639 ι)
1824 4559 2057 4614 intactus
2085 4578 2097 4613 :
2128 4558 2323 4628 gaude,
2364 4556 2711 4628 profunditas
2760 4557 3049 4611 immensa.

1890 4651 2097 4722 Expers
2116 4653 2363 4719 maculae,
2383 4651 2580 4723 gaude,
2606 4652 3004 4719 amplissimum
3031 4647 3193 4703 Verbi
3216 4648 3403 4702 taber-

1820 4748 2070 4801 naculum
2104 4747 2375 4809 :concha,
2411 4760 2533 4815 quae
2568 4744 2810 4798 divinam
2866 4742 3216 4809 margaritam
3277 4754 3405 4808 pro-

1822 4838 1990 4891 tulisti
2018 4854 2031 4899 ;
2059 4838 2253 4905 gaude,
2284 4845 2394 4890 tota
2424 4836 2767 4890 admirabilis
2795 4854 2809 4900 ;
2847 4849 2972 4887 cum
3010 4831 3119 4885 Deo
3161 4831 3405 4885 reconci-

1821 4927 1972 4981 liatio
2021 4928 2263 4982 onmium
2308 4929 2520 4981 illorum
2573 4928 2667 4996 qui
2709 4936 2781 4989 te,
2818 4942 2850 4980 ο
2883 4925 3135 4994 Deipara,
3180 4922 3410 4983 assiduo

1831 5022 2159 5077 beatiticant.

2515 5112 2628 5165 Ode
2656 5110 2709 5163 6.

1921 5203 2246 5274 (35)Nullam
2302 5204 2509 5259 habens
2565 5201 2869 5265 maculam,
2918 5201 3157 5255 tlialame
3214 5201 3417 5267 Verbi,

1819 5372 1898 5416 rrt
1934 5364 2201 5417 maculam
2242 5364 2589 5432 originalem.
2624 5362 2784 5418 Certe
2830 5379 2957 5417 cum
2989 5379 3150 5419 nemo
3182 5363 3402 5418 dubitet

1822 5433 1912 5485 Dei
1952 5433 2175 5486 Matrem
2212 5434 2443 5487 actualis
2483 5434 2693 5502 peccati
2740 5434 2974 5488 venialis
3009 5435 3226 5488 macula
3261 5449 3404 5487 nun-

1814 5519 1975 5573 quam
2014 5505 2187 5557 luisse
2218 5503 2300 5556 vel
2337 5504 2613 5557 levissime
2641 5504 2900 5566 alllatam,
2940 5504 3247 5573 intelligere
3285 5519 3397 5556 non

1815 5589 2057 5642 possunt,
2108 5574 2383 5641 quomodo
2428 5573 2790 5628 nihilominus
2860 5574 3058 5641 aliquis
3102 5574 3403 5628 contendat

1813 5642 2070 5696 findatam
2106 5645 2315 5696 macula
2345 5644 2503 5711 longe
2536 5644 2793 5711 turpiori,
2827 5658 3019 5711 nempe
3043 5642 3323 5711 originali.

1882 5713 1992 5781 (33)
2049 5712 2127 5765 En
2180 5723 2313 5782 quot
2371 5712 2655 5768 modis.S.
2697 5711 2983 5782 Iosephus
3022 5712 3397 5782 immaculata:

1813 5782 1870 5834 Β.
1896 5780 2160 5851 Virginis
2200 5780 2551 5850 conceptinni
2596 5781 2962 5850 suffragetur!
3013 5782 3259 5851 Omnem
3298 5780 3393 5851 ab-

1812 5852 1989 5908 solute
2014 5849 2283 5909 maculam
2314 5871 2344 5907 a
2374 5849 2430 5907 Β.
2466 5852 2705 5924 Virgine,
2740 5849 2863 5920 qua:
2887 5851 2989 5907 fuit
3017 5851 3190 5907 divini
3221 5849 3389 5906 Verbi
