4164 6456
801 418 936 479 1023

1886 422 1942 480 S.
1988 418 2297 480 JOSEPIII
2340 420 2391 478 Il
2403 421 2437 476 Y
2449 420 2495 477 .\l
2509 419 2650 475 NOG
2666 419 2709 475 ii
2722 421 2758 474 .\
2768 418 2897 476 l‘lll

3894 408 4036 473 1024

802 551 957 588 causa
994 533 1350 588 deilica'ionis
1379 534 1641 595 omnium,
1668 536 1863 601 gaude,
1911 550 1943 586 ο
1988 544 2101 589 tota
2138 534 2365 605 purissi-

2468 554 2572 587 των
2619 532 2888 598 Θεὼσεως,
2936 533 3116 603 χαῖρε,
3163 530 3505 599 πανάχραντε
3532 543 3545 559 ⁸
3582 530 3688 580 τῶν
3735 530 4037 597 προφητῶν

801 647 879 681 lim
909 651 919 680 :
952 631 1142 696 gaude,
1214 630 1602 697 prephetarum
1656 629 1763 698 32
1792 629 2243 695 circumsonatio,
2306 636 2360 681 et

789 722 1163 786 apostolorum
1201 719 1515 773 exsultatio.

868 810 977 877 (δι)
1012 808 1101 861 Ille
1130 824 1219 862 ros
1256 823 1320 861 ex
1348 817 1399 861 te
1430 808 1736 872 distillavit,
1764 808 1855 877 qui
1893 808 2211 862 idololatriae
2265 808 2361 861 iii-

802 900 1043 953 eettdittm
1083 899 1344 954 exstinxit
1376 918 1389 953 :
1419 900 1772 967 quamobrem
1813 898 1883 953 ad
1913 909 1964 954 te
2007 900 2308 953 clamamus
2343 917 2357 953 :

801 990 1003 1052 Gaude,
1028 988 1196 1042 vellus
1230 988 1528 1052 roscidum,
1554 1003 1585 1041 ο
1604 987 1790 1058 Virgo,
1817 990 1961 1059 quod
1982 988 2197 1043 Gedeon
2230 1003 2365 1059 pra:-

801 1079 953 1131 vidit.
2280 1080 2283 1083 “

867 1170 985 1223 Tibi
1019 1186 1147 1226 ecce
1176 1170 1507 1233 clamamus,
1542 1170 1731 1226 Gaude
1759 1189 1772 1226 :
1810 1179 1928 1226 esto
1962 1170 2118 1225 nobis
2142 1170 2194 1224 in
2226 1172 2359 1225 mari

798 1263 1139 1316 versantibus
1198 1271 1417 1330 portus,
1457 1272 1511 1317 et
1552 1263 2013 1331 propugnaculum
2075 1262 2128 1315 in
2173 1263 2361 1332 pelago

797 1354 1227 1419 tribulationum,
1253 1362 1307 1409 et
1338 1355 1578 1408 omnium
1616 1352 1992 1409 scandalorum
2024 1354 2216 1409 hostis.

864 1526 1059 1581 Gaudii
1096 1543 1279 1591 causa,
1320 1528 1466 1596 reple
1493 1527 1665 1597 gratia
1707 1536 1943 1580 mentem
1978 1538 2240 1589 nostram,
2301 1538 2361 1582 ut

797 1618 1029 1673 clamare
1048 1620 1318 1688 possimus
1340 1619 1406 1673 ad
1433 1629 1512 1672 te:
1540 1619 1747 1683 Gaude,
1771 1620 1938 1673 rubus
1960 1620 2357 1685 iucombustus,

798 1707 968 1763 nubes
988 1716 1096 1761 tota
1122 1706 1323 1770 lucida,
1379 1723 1500 1777 qua:
1524 1709 1744 1763 assidue
1799 1708 1982 1763 ﬁdeles
2045 1709 2356 1767 obumbrat.

1432 1819 1543 1873 Otle
1574 1820 1627 1873 7.

860 1910 941 1964 Ad
966 1917 1018 1965 te
1046 1925 1165 1966 cum
1190 1911 1413 1964 vocibus
1435 1910 1607 1965 laudis
1631 1911 1964 1966 clamamus:
1989 1910 2196 1979 Gaude,
2226 1927 2349 1965 cur-
2386 1902 2428 1958 Β

793 2019 889 2058 rus
916 2004 1046 2058 solis
1078 2003 1358 2073 spiritalis,
1391 2004 1517 2058 vitis
1549 2019 1693 2069 vera,
1731 2020 1850 2073 qua:
1909 2006 2122 2058 botrum
2174 2014 2354 2073 matu-

794 2112 914 2150 rum
945 2096 1231 2166 protulisti,
1262 2112 1326 2151 ex
1352 2112 1460 2165 quo
1487 2092 1654 2151 ellluit
1687 2097 1871 2151 viuum
1905 2097 2184 2153 Izetiﬁcans
2232 2086 2357 2151 iani-

794 2203 911 2242 mas
941 2203 1153 2250 eorum,
1184 2190 1275 2257 qui
1312 2198 1361 2242 te
1387 2203 1509 2243 cum
1535 2188 1638 2241 ﬁde
1661 2188 1981 2257 glorilicant.

862 2277 974 2347 (35)
1024 2276 1411 2332 Universorum
1479 2278 1759 2332 hominum
1826 2278 2094 2331 medicum
2174 2278 2353 2340 enixa,

794 2367 990 2437 gaude,
1014 2384 1047 2422 ο
1079 2384 1275 2438 sponsa
1326 2367 1418 2424 Dei
1447 2388 1461 2435 ;
1487 2369 1637 2439 virga
1696 2368 1942 2439 mystica,
1978 2384 2041 2422 ex
2074 2384 2181 2438 qua
2250 2368 2349 2424 ﬁos

793 2569 1088 2632 thalamus,
1132 2579 1181 2623 et
1234 2586 1395 2625 causa
1440 2570 1804 2624 deiﬁcationis
1850 2569 2117 2633 omnium,
2172 2568 2356 2622 cliuli-

800 2642 965 2699 navit,
1000 2649 1058 2692 ut
1087 2640 1153 2691 ab
1183 2656 1243 2693 ea
1284 2642 1445 2693 etiam
1483 2641 1746 2706 originale
1779 2650 2084 2707 peccatum,
2113 2639 2255 2707 quod
2292 2654 2357 2691 ex

793 2710 1000 2762 Thoma
1038 2709 1070 2761 3
1112 2726 1163 2777 p.
1217 2726 1270 2777 q.
1320 2711 1386 2763 87
1424 2720 1478 2763 et
1507 2710 1595 2771 89,
1642 2710 1856 2779 proprie
1892 2710 2116 2779 maculae
2161 2724 2357 2779 nomen

795 2789 1056 2837 meretur.
1100 2780 1439 2834 eliminatum
1489 2778 1935 2845 intelligeremus.
1978 2778 2110 2842 Quis
2154 2778 2358 2831 etenim

794 2864 918 2900 cum
951 2848 1006 2900 S.
1049 2846 1319 2917 Josephus
1350 2850 1551 2903 diserte
1580 2849 1785 2903 scribat
1822 2849 1878 2899 Β.
1930 2847 2201 2915 Virginem
2230 2846 2360 2917 inul-

796 2918 902 2970 lam
939 2916 1193 2987 habuisse
1214 2920 1509 2977 maculam,
1536 2934 1597 2970 ex
1630 2918 1749 2987 ejus
1784 2918 1961 2987 verbis
1987 2930 2131 2987 recte
2159 2916 2358 2987 inferat

794 2988 1028 3055 aliquam
1072 2986 1123 3039 in
1165 3002 1227 3040 ea
1263 2987 1429 3042 fuisse
1456 2987 1742 3049 maculam,
1796 2986 2021 3047 scilicet,
2050 2986 2221 3055 culpa:
2252 2986 2365 3039 ori-

795 3055 1007 3124 ginalis,
1029 3072 1133 3125 qua
1155 3056 1245 3109 ﬁlii
1266 3059 1391 3111 Atla:
1404 3056 1683 3115 emistituti
1702 3065 1827 3110 sunt
1846 3057 1937 3108 lilii
1957 3057 2070 3120 ine,
2092 3056 2362 3125 mancipia

795 3126 1018 3187 diaboli,
1047 3127 1186 3179 servi
1218 3128 1511 3188 gehennae?

867 3195 976 3263 (54)
1007 3195 1209 3248 Dicitur
1234 3195 1290 3250 Β.
1321 3195 1482 3263 Virgo
1506 3195 1699 3259 vellus,
1723 3195 1848 3263 quia
1880 3194 2207 3248 sicutvcllus
2232 3195 2355 3249 licet

796 3264 869 3318 sit
896 3265 962 3318 de
1001 3280 1246 3329 corpore,
1298 3266 1472 3319 nescit
1531 3275 1710 3317 tamen
1749 3265 1993 3333 corporis
2025 3265 2355 3333 passionem,

798 3335 869 3387 ita
898 3333 957 3387 Β.
994 3333 1156 3401 Virgo
1186 3335 1309 3388 licet
1345 3335 1507 3387 luerit
1550 3335 1616 3389 de
1658 3350 1887 3401 corpore
1925 3337 2151 3402 peccati,
2188 3335 2237 3386 id
2274 3346 2359 3388 est

796 3404 863 3457 de
896 3419 1075 3458 massa
1122 3407 1439 3471 peccatrice,
1487 3404 1588 3456 fuit
1632 3414 1811 3455 tamen
1856 3420 1881 3454 a
1916 3406 2167 3471 passione
2198 3404 2358 3469 hujus

796 3474 1065 3539 corporis,
1116 3475 1167 3525 in
1210 3476 1415 3541 peccati
1459 3475 1757 3542 praaSertini
1806 3473 2085 3541 originalis
2133 3483 2355 3526 contra-

797 3544 980 3596 ctione
1010 3543 1289 3597 immunis.
1324 3542 1487 3596 Favet
1514 3542 1586 3595 D.‘
1613 3542 1972 3611 Hieronymus
2006 3545 2057 3595 in
2097 3559 2261 3596 scrin.
2291 3542 2358 3596 de

796 3614 1078 3679 Assumpt.
1111 3614 1238 3665 dum
1268 3614 1331 3665 de
1364 3613 1531 3665 Maria
1568 3614 1793 3680 loquens
1824 3615 1934 3665 ait:
1969 3632 1985 3663 ι
2019 3612 2238 3665 Caeteris
2266 3628 2358 3680 per

794 3692 978 3753 partes
1014 3693 1314 3753 praestatur,
1339 3683 1518 3735 Mariae
1537 3697 1741 3753 verose
1768 3681 2149 3734 to:aniinl'udit
2177 3682 2352 3753 pleni-

797 3750 927 3803 tudo
966 3752 1172 3818 gratize.
1207 3767 1327 3819 quae
1354 3753 1511 3804 estin
1547 3751 1787 3815 Christo,
1817 3766 2145 3820 quamquam
2180 3750 2352 3803 aliter.

798 3820 908 3873 llnc
941 3822 1138 3889 quippe
1168 3832 1250 3875 est
1292 3821 1435 3889 quod
1484 3821 1647 3873 David
1680 3822 1865 3873 canit:
1906 3821 2179 3873 Descendit
2219 3822 2355 3872 sicut

794 3891 972 3958 pluria
1000 3893 1052 3942 in
1085 3892 1281 3943 vellus:
1306 3906 1540 3959 namque
1571 3890 1744 3959 vellus
1770 3907 1891 3943 ctnn
1920 3892 1989 3943 sit
2021 3891 2086 3942 de
2108 3905 2354 3958 corpore,

796 3962 970 4013 nescit
1006 3962 1254 4028 corporis
1286 3958 1615 4028 passionem.
1655 3979 1672 4009 ι
1704 3958 1825 4012 llzec
1856 3960 1963 4012 ille.
1989 3962 2159 4027 Cujus
2192 3960 2353 4013 verba

794 4031 1024 4082 all‘erens
1054 4030 1385 4083 Catharinus
1438 4031 1488 4082 in
1530 4044 1632 4083 suo
1661 4028 1844 4083 'l‘ract.
1893 4029 1959 4081 de
1998 4040 2245 4096 concept.
2287 4031 2352 4082 ad

797 4098 1003 4168 Synod.
1034 4098 1278 4152 Trideut.
1312 4108 1464 4167 parte
1490 4114 1566 4152 tt:
1606 4116 1625 4149 ‹
1667 4099 1921 4161 Advorte,
1962 4098 2159 4166 inquit,
2188 4114 2351 4167 quam

793 4170 1008 4236 egregie
1033 4170 1211 4221 velleri
1242 4179 1609 4236 conparatur,
1634 4169 1777 4236 quod
1806 4184 1931 4221 cum
1960 4168 2032 4221 sit
2061 4169 2127 4221 de
2152 4183 2353 4237 corpo-

795 4254 872 4301 re,
908 4240 1078 4292 nescit
1104 4250 1279 4292 tamen
1304 4238 1549 4305 corporis
1572 4239 1898 4307 passionem.
1937 4238 2075 4302 Quid
2109 4250 2193 4292 est
2230 4241 2348 4302 hoc,

794 4308 901 4361 nisi
949 4310 1091 4376 quod
1124 4308 1248 4362 licet
1277 4308 1441 4360 Maria
1481 4315 1627 4362 esset
1668 4307 1735 4360 de
1774 4322 2004 4375 corpore
2035 4309 2263 4375 peccati,
2299 4308 2351 4361 id

791 4387 876 4431 est
908 4376 976 4431 de
1012 4393 1187 4431 massa
1223 4378 1546 4446 peceatrice,
1576 4386 1753 4446 tamen
1788 4378 1945 4444 quasi
1987 4378 2162 4431 vellus
2196 4379 2351 4445 igno-

794 4448 935 4517 ravit
970 4444 1587 4517 corporis—passionem?
1616 4444 1746 4499 Tale
1789 4457 1909 4501 erat
1936 4444 2349 4501 Geileonis’vel-

792 4516 878 4571 lus
914 4516 1081 4570 etiam
1108 4516 1396 4586 antequam
1422 4518 1771 4571 descenderet
1801 4518 1851 4569 in
1879 4517 2017 4586 illud
2053 4517 2254 4585 pluvia,
2296 4526 2350 4570 et

792 4602 883 4639 ros
910 4600 1123 4641 merita:
1153 4585 1334 4649 nullis,
1380 4588 1430 4641 id
1462 4595 1543 4641 est
1576 4587 1841 4641 Altissimi
1876 4585 2069 4645 Filius.
2111 4602 2177 4639 ne
2211 4587 2350 4641 forte

790 4656 943 4709 dicas
977 4658 1079 4710 hoc
1118 4658 1343 4725 intelligi
1390 4665 1511 4725 post
1558 4655 1681 4709 Filii
1726 4658 2140 4724 conceptionem
2172 4673 2185 4710 :
2220 4672 2347 4709 nam

789 4735 843 4796 et
876 4727 1100 4795 angelus
1147 4727 1457 4791 salutando,
1496 4728 1608 4795 jam
1638 4728 1811 4796 gratia
1852 4728 2065 4796 plenam
2099 4736 2257 4779 antea
2289 4727 2351 4779 il-
2394 4762 2405 4771 -

792 4795 898 4847 latu
926 4797 1197 4849 enuntiat.
1220 4814 1248 4847 θ
1288 4796 1377 4850 Sic
1408 4795 1760 4851 Catharinus.

862 4865 1027 4918 Favet
1070 4868 1233 4935 etiam
1266 4865 1566 4920 Gulielmus
1603 4864 1863 4919 Filiatrus
1895 4866 2182 4935 episcopus
2217 4866 2350 4918 Tul-

793 4935 963 4987 lensis
996 4936 1047 4988 in
1067 4934 1255 4989 Ollicio
1280 4939 1487 4990 ordinis
1506 4935 1735 4990 Velleris
1759 4936 1925 4989 Aurei
1954 4937 2067 4989 sive
2086 4934 2349 4989 beatissi-

790 5020 891 5075 mae
934 5006 1166 5075 Virginis
1198 5008 1301 5061 sub
1344 5011 1511 5074 ﬁgura
1559 5004 1785 5061 Velleris
1820 5006 1979 5059 Roris
2010 5019 2064 5059 et
2098 5004 2350 5059 Victoriae

788 5073 1059 5145 Cedeouis
1084 5076 1229 5130 edito
1272 5073 1415 5129 anno
1451 5077 1609 5141 1458,
1651 5086 1705 5129 et
1742 5078 1793 5129 in
1826 5078 2063 5129 comitiis
2102 5077 2347 5145 ejusdem

790 5144 1380 5215 Yaleulinianeusibus,
1435 5148 1488 5200 in
1536 5147 1821 5200 Hannouia
1860 5144 2180 5215 approbato,
2218 5146 2347 5199 dum

791 5213 844 5266 in
895 5215 1092 5285 hymno
1121 5218 1187 5270 ad
1218 5214 1505 5286 Vesperas,
1551 5217 1631 5270 sic
1666 5216 1733 5270 de
1786 5213 2097 5270 beatissima
2129 5215 2349 5285 Virgine

790 5296 935 5338 cauit
966 5306 977 5338 :

860 5397 990 5448 .lllm
1022 5400 1144 5449 lana
1179 5402 1477 5464 sanctitate,
1523 5416 1706 5452 carens
1740 5401 1938 5465 peccati
1978 5401 2207 5463 macula,

929 5466 1243 5523 Clarissima
1274 5473 1537 5531 castitate,
1571 5472 1867 5522 huntilmtis
1902 5471 2080 5537 regula

861 5534 977 5590 Hoc
1034 5540 1194 5591 vellus
1224 5541 1419 5607 absque
1453 5541 1667 5602 lwsura,
1704 5534 2096 5607 repletum'divo
2132 5541 2345 5602 semine,
2414 5561 2423 5575 ι

934 5609 1192 5676 Tingitur,
1219 5620 1266 5661 et
1298 5612 1357 5677 ﬁt
1379 5627 1611 5678 purpura
1638 5612 1840 5663 cruoris
1874 5608 2002 5661 Nati
2026 5610 2260 5677 ραιηὶηε.

867 5699 927 5751 Et
958 5702 1085 5752 dum
1123 5700 1317 5754 ibidem
1344 5702 1467 5756 lect.
1505 5719 1555 5765 v,
1584 5704 1662 5757 sic
1689 5703 1964 5769 loquitur:
2002 5720 2020 5752 ι
2063 5702 2350 5756 Descendit

790 5786 920 5839 ergo
959 5772 1096 5823 sicut
1132 5770 1309 5837 pluvia
1346 5774 1396 5824 iu
1438 5774 1626 5831 vellus.
1663 5788 1853 5840 puram
1921 5770 2191 5839 Virginem
2228 5773 2349 5824 red-

791 5840 925 5893 dens
967 5841 1264 5909 puriorem,
1298 5846 1627 5899 assumendo
1666 5843 1734 5897 ab
1770 5860 1832 5896 ea
1863 5858 2079 5897 carncin
2125 5842 2353 5911 purissié

2462 628 2805 698 περιήχημα,
2867 628 3047 696 χαῖρε,
3086 623 3217 692 ξτῶν
3269 621 3584 677 ἀποστόλων
3633 620 3693 675 τὸ
3748 622 4032 689 trunna-

2462 734 2659 787 πεσμα.

2530 808 2627 859 Ἐκ
2657 806 2749 860 σοῦ
2781 806 2813 876 ἡ
2841 804 3031 875 δρόσος
3065 801 3338 866 ἀπέσταξε
3373 800 3615 871 φλογμὸν
3640 800 3941 863 πολυθεῖας
4000 802 4033 867 ἠ

2460 897 2688 953 λύσασα.
2708 898 2830 949 ὅθεν
2854 894 3065 964 βοῶμέν
3090 912 3173 947 σοι
3190 911 3206 926 ο
3230 896 3423 963 Χαῖρε,
3449 895 3475 947 6
3509 894 3673 955 πόκος
3697 892 3725 943 ὁ
3755 891 4032 962 ἔνδροσος,

2461 987 2520 1040 ὃν
2552 984 2777 1050 Γεδεὼν,
2808 985 3072 1054 Παρθένε.
3099 984 3487 1053 προεθεςὶσατο.

2544 1162 2672 1216 Ἰδού
2700 1179 2780 1215 σοι
2832 1163 3001 1232 Χαῖρε
3026 1161 3412 1232 κραυγάζομεν
3438 1176 3451 1190 ·
3473 1161 3640 1230 λιμὴν
3681 1160 3815 1228 ἡμῖν
3874 1156 4032 1227 γενοῦ

2461 1241 3003 1325 Θαλαττεύουσιηκαι
3028 1251 3362 1319 ὁρμητήριον
3404 1251 3461 1325 ἐν
3508 1249 3589 1318 τῷ
3641 1248 3873 1316 πελάγει
3928 1250 4035 1301 τῶν

2461 1339 2715 1408 θλίψεων,
2745 1342 2836 1393 καὶ
2866 1323 2975 1396 δῶν
3006 1339 3318 1393 σκανδάλων
3367 1323 3584 1394 πάντων
3626 1339 3720 1392 τοῦ
3786 1340 4033 1410 πολεμήο

2460 1448 2640 1500 τορος.

2530 1508 2724 1591 Χαρᾶέ
2753 1523 2921 1585 αἰτία,
2953 1524 3262 1593 χαρίτωσον
3315 1521 3472 1591 ἡμῶν
3493 1522 3586 1574 τὸν
3620 1521 3885 1592 λογισμὸν
3937 1523 4031 1576 τοῦ

2460 1613 2790 1681 κραυγάζειν
2822 1630 2902 1665 σοι
2926 1627 2940 1641 ·
2980 1613 3174 1681 Χαῖρε,
3203 1614 3237 1682 ἡ
3280 1610 3547 1679 ἄφλεκτος
3594 1609 3777 1678 βάτος,
3827 1611 4035 1680 νεφέλη

2459 1704 2715 1773 ὀλόφωτε,
2742 1705 2927 1774 ήτοὺς
2987 1704 3215 1769 πιστοὺς
3262 1701 3557 1763 ἀπαύστως
3609 1700 4031 1765 ἐπισκιάζουσα.

3101 1816 3224 1887 ᾯδὴ
3249 1815 3313 1879 ζ’.

2549 1908 2914 1980 Ἀνυμνοῦμέν
2947 1926 3004 1961 σε
3036 1908 3287 1978 βοῶντες·
3324 1910 3514 1979 Χαῖρε,
3544 1911 3725 1981 ὄχημα
3756 1908 3912 1978 ἡλίου
3942 1907 4033 1960 τοῦ

2461 2001 2673 2071 νοητοῦ,
2694 2000 2935 2071 ἄμπελος
2968 2000 3193 2070 ἀληθινὴ
3221 2003 3310 2054 τὸν
3341 2002 3535 2074 βότρυν
3564 2005 3655 2055 τἰν
3708 2004 3973 2073 πέπειρον
4002 2004 4033 2069 ἡ

2460 2096 2845 2165 γεωργήσασα,
2880 2089 3024 2147 οἶνον
3054 2095 3320 2158 στάζοντα
3346 2096 3437 2148 τὸν
3465 2096 3563 2159 τὰς
3593 2095 3772 2166 ψυχὰς
3800 2095 4034 2165 εὐφραί-

2461 2206 2618 2241 νοντα
2648 2187 2754 2240 τῶν
2784 2186 2989 2249 πιστῶς
3022 2203 3080 2239 σε
3122 2186 3474 2250 δοξαζόντων.

2519 2278 2736 2347 Ἰίὰτῆρα
2753 2276 2861 2329 τῶν
2880 2276 2976 2330 ἀνθ
2986 2276 3225 2346 ρώπωνή
3242 2278 3415 2348 κυὴσα
3426 2295 3515 2341 σα,
3535 2280 3710 2347 χαῖρε,
3730 2277 4034 2360 θεόνυμφε’

2460 2372 2495 2440 ἠ
2527 2369 2774 2441 ρἀδοςή
2811 2368 3067 2440 μυστικὴ,
3121 2369 3280 2433 ἄνθος
3335 2370 3397 2422 τὸ
3422 2369 3758 2442 ἀμάραντον,
3804 2372 3836 2439 ἠ
3871 2367 4033 2433 ἐξαν-

2460 2584 2625 2623 mam.
2666 2569 2791 2638 licet
2823 2570 3107 2638 peccatrici
3146 2569 3399 2623 similem.
3445 2586 3463 2619 ι

2530 2638 2642 2706 (35)
2682 2636 3015 2708 Quidigitur
3051 2639 3245 2692 mirum
3279 2639 3321 2692 si
3356 2638 3502 2691 hunc
3538 2636 3807 2690 medicum
3840 2638 4032 2708 enixa,

2459 2708 2527 2762 ah
2568 2724 2634 2760 eo
2671 2707 2770 2761 fuit
2811 2707 3153 2775 prieservata,
3190 2725 3258 2762 ne
3295 2710 3511 2761 cazleret
3554 2710 3605 2759 in
3652 2707 4029 2760 inﬁrmitatem

2460 2778 2663 2847 peccati
2725 2778 3045 2846 originalis?
3100 2778 3198 2831 Cui
3247 2778 3389 2830 enim
3444 2777 3834 2846 congruentius
3888 2777 4033 2831 hanc

2497 2848 2897 2901 rzeservatiouis
2941 2847 3263 2901 medicinam
3312 2848 3568 2900 exhibere
3609 2854 3821 2912 poterat
3858 2861 4028 2915 quon

2489 2918 2655 2970 latri?
2684 2916 2823 2970 Hinc
2861 2917 3225 2971 Bernardinus
3255 2918 3322 2971 de
3348 2917 3512 2969 Busto
3543 2931 3707 2971 scrin.
3732 2915 3765 2967 ﬁ
3794 2916 3861 2967 de
3895 2932 4031 2968 con-

2459 2988 2727 3055 ceptione,
2755 2997 2908 3051 parte
2932 3003 2968 3048 ι,
2987 2988 3063 3039 ait
3086 2988 3137 3040 in
3168 3003 3279 3040 rem
3308 2995 3548 3039 nostram
3578 3003 3592 3038 :
3624 3004 3641 3035 ι
3668 2986 3860 3055 inquit
3884 2985 4032 3038 Con-

2463 3054 2737 3111 stantinus
2775 3056 3065 3111 Africanus
3101 3057 3152 3109 in
3189 3056 3359 3123 prima
3408 3056 3633 3110 Pratica:
3665 3054 3933 3121 Pantegni
3965 3057 4034 3108 de

2462 3127 2724 3194 regimine
2750 3127 3020 3204 sanitatis,
3050 3141 3098 3179 c.
3132 3125 3199 3204 de
3251 3126 3627 3194 Disputatione
3661 3126 4032 3204 regendorum

2462 3211 2746 3255 sanorum,
2777 3195 3004 3249 intentio
3030 3196 3357 3249 medicarum
3392 3211 3496 3247 non
3523 3207 3606 3247 est
3641 3194 3741 3246 nisi
3774 3194 3842 3246 de
3872 3196 4032 3246 sani-

2461 3276 2571 3319 tate
2602 3265 2979 3327 custodienda,
3016 3266 3315 3319 secundum
3357 3264 3618 3318 Calenum
3655 3264 3707 3315 in
3739 3262 3905 3315 initio
3946 3264 4032 3315 sui

2461 3336 2584 3388 lihri
2619 3335 2690 3387 De
2712 3336 2917 3389 diversa
2947 3336 3235 3387 intentione
3272 3335 3612 3395 medicorum,
3642 3334 3735 3401 qui
3766 3334 3882 3385 ait:
3922 3333 4035 3385 Ble-

2459 3407 2707 3459 dicoruut
2745 3405 2972 3459 intentio
3003 3420 3065 3458 ac
3096 3405 3348 3456 voluntas
3383 3419 3487 3455 non
3523 3416 3603 3457 est
3650 3402 3751 3455 nisi
3788 3403 3841 3455 in
3876 3404 4034 3455 sani-

2461 3473 3264 3553 late__regendadalmisuavit
3333 3474 3478 3526 enim
3546 3474 3689 3553 quod
3757 3473 4035 3553 ultimitas

2460 3544 2742 3598 medicina:
2786 3544 2921 3597 nihil
2963 3544 3221 3603 sitaliud,
3256 3558 3417 3611 quam
3462 3542 3713 3595 sanitatis
3752 3542 4030 3594 custodia.

2457 3614 2681 3681 Antiqui
2727 3614 2871 3666 enim
2906 3612 3186 3671 dixerunt,
3221 3614 3365 3679 quod
3402 3613 3593 3665 melius
3632 3621 3715 3664 est
3745 3610 4034 3664 custodire

2457 3686 2765 3745 sanitatem,
2812 3698 2975 3752 quam
3017 3683 3222 3738 morbis
3268 3697 3607 3749 repugnare:
3659 3681 3786 3749 quia
3820 3684 4034 3752 sanitas

2459 3754 2512 3806 in
2546 3754 2697 3806 sanis
2731 3750 3022 3821 reperitur.
3058 3754 3127 3805 ab
3168 3752 3399 3804 inﬁrmis
3436 3768 3563 3803 vero
3594 3762 3675 3803 est
3711 3752 3934 3803 absens.
3970 3750 4036 3803 Et

2458 3824 2653 3876 melius
2680 3833 2763 3875 est
2794 3838 2907 3875 rem
2952 3823 3225 3875 inventam
3262 3822 3555 3882 custodire,
3597 3836 3761 3888 quam
3798 3835 3907 3871 non
3946 3822 4034 3871 in-

2459 3904 2669 3946 venlam
2695 3908 2955 3961 quaerere.
2988 3891 3249 3945 Sanitatis
3282 3892 3427 3943 enim
3454 3890 3700 3943 custodia
3736 3892 3887 3954 prior
3921 3901 4030 3951 est,

2456 3977 2619 4031 quam
2667 3963 3000 4016 inﬁrmitatis
3031 3962 3264 4021 curatio,
3296 3961 3555 4027 quoniam
3595 3961 3756 4012 homo
3802 3968 4035 4012 natura-

2457 4032 2580 4085 liter
2605 4042 2691 4085 est
2710 4048 2898 4093 sanus,
2918 4039 2970 4084 et
2995 4032 3201 4084 sanitas
3219 4040 3302 4083 est
3326 4039 3809 4097 temperamentum
3834 4044 4035 4097 corpo-

2457 4102 2552 4155 ris.
2603 4101 2727 4155 Haec
2780 4102 2887 4154 ille.
2941 4100 3148 4165 Quibus
3196 4096 3626 4167 praesuppositis.
3666 4098 3743 4151 sic
3806 4096 4029 4151 infero:

2454 4172 2708 4226 Christus
2732 4179 2992 4240 tauquam
3028 4172 3205 4223 bonus
3234 4168 3479 4221 medicus
3504 4169 3651 4220 venit
3680 4168 3731 4240 in
3759 4168 4030 4240 mu_ndum

2454 4242 2521 4294 ad
2564 4236 2967 4310 procurandum
3000 4240 3280 4310 hominum
3312 4240 3567 4310 salutem,
3598 4247 3652 4291 et
3681 4237 3803 4310 ideo
3834 4236 4031 4289 Sama-

2454 4307 2666 4365 ritanus
2690 4311 2909 4379 vulnera
2941 4309 3222 4379 originalis
3254 4316 3307 4361 et
3333 4309 3564 4379 actualis
3595 4307 3799 4379 peccati
3820 4321 4034 4379 curans

2455 4382 2756 4449 appellatur
2776 4396 2806 4433 a
2832 4376 3085 4449 Magistro
3100 4378 3431 4437 Sententiar.
3471 4377 3781 4449 in'princip.
3807 4376 3841 4429 4
3877 4377 4028 4428 lihri.

2456 4446 2560 4504 Sed
2596 4452 2721 4504 boni
2756 4446 2950 4504 medici
2997 4449 3194 4518 triplici
3239 4456 3467 4501 utuntur
3500 4446 3791 4507 medicina,
3829 4461 4027 4499 secun-

2451 4521 2583 4574 dum
2626 4520 3039 4588 Philosophum,
3091 4535 3151 4572 iit
3194 4518 3395 4581 Ethic.,
3443 4518 3671 4580 scilicet,
3721 4530 4031 4588 prafserva-

2449 4592 2579 4655 tiva,
2606 4586 2985 4644 conservativa
3011 4596 3065 4643 et
3094 4588 3363 4647 curativa,
3394 4601 3628 4655 quarum
3663 4586 4031 4655 excellentior

2448 4669 2533 4715 est
2563 4654 2966 4728 praeservativa,
2999 4659 3227 4728 scilicet,
3274 4654 3557 4728 impedire,
3587 4671 3667 4728 ne
3690 4655 3817 4724 quis
3849 4654 3903 4728 in
3944 4655 4028 4707 in-

2450 4724 2759 4784 ﬁrmitatem
2807 4730 3037 4782 labatur.
3086 4727 3229 4795 Ergo
3276 4727 3462 4779 debuit
3512 4724 3670 4795 Matri
3715 4739 3829 4779 sua:
3882 4724 4029 4777 hanc

2450 4799 2776 4854 medicinam
2803 4798 3080 4861 exhibere,
3111 4794 3229 4851 eam
3261 4794 3667 4865 praesen-rando,
3698 4810 3765 4847 ne
3799 4796 4030 4865 caderet

2449 4870 2504 4924 in
2533 4869 2903 4923 inﬁrmitatem
2940 4869 3143 4936 peccati
3173 4864 3475 4933 originalis,
3506 4864 3653 4936 quod
3684 4866 3909 4936 quidem
3948 4864 4029 4916 l'a-

2449 4955 2571 4994 cere
2610 4939 2805 5007 potuit,
2848 4933 2972 5006 quia
3006 4933 3685 5007 quidquidﬂpotestg’Deus
3724 4934 4026 5007 ali_aliquo

2449 5004 2751 5070 removere,
2805 5004 2981 5076 potest
3025 5004 3194 5061 etiam
3248 5005 3379 5059 illud
3440 5004 3652 5058 infundi
3705 5004 4024 5071 prohibere,

2450 5080 2577 5149 quia
2632 5078 2845 5133 facilius
2884 5076 3435 5149 quidhsuspenditur,
3471 5077 3604 5149 sive
3635 5083 4023 5149 pra:s_er\_atur,

2448 5142 2611 5219 quam
2647 5142 2927 5203 inductum
2941 5142 3190 5219 ‘tollitur'.
3222 5145 3262 5199 ι.
3297 5144 3459 5198 Patre
3500 5145 3721 5219 furioso,
3751 5142 3808 5196 π.
3840 5142 3913 5219 l_)c_

2447 5212 2539 5288 qui
2578 5228 2721 5281 sunt,
2783 5229 2889 5273 etc.
2936 5215 3041 5271 Sed
3090 5226 3375 5285 peccatum
3430 5212 3692 5288 originale
3751 5212 4021 5288 multipli-

2450 5282 2587 5343 citer
2617 5297 2794 5358 potest
2824 5282 3114 5349 removeri,
3156 5289 3394 5340 maxime
3428 5282 3896 5358 pcrjbaptismum.
3924 5282 4023 5334 llu-

2450 5352 2636 5422 minis,
2688 5368 2781 5413 aut
2830 5357 3086 5416 ﬂaminis,
3144 5358 3226 5410 vel
3289 5352 3591 5423 sanguinis,
3667 5363 3727 5405 ut
3777 5352 4023 5405 declarat

2451 5429 2705 5498 Magister
2747 5429 2801 5481 iu
2845 5429 2899 5490 ι,
2950 5426 3090 5498 (1.4,
3129 5439 3181 5479 et
3222 5441 3316 5496 per
3363 5439 3524 5498 suam
3552 5423 3785 5498 gratiam
3834 5423 4023 5498 remit-

2451 5492 2599 5561 titu'r,
2627 5500 2774 5567 juxta
2808 5499 2937 5552 illud
2971 5497 3036 5551 ad
3068 5492 3238 5550 Hom:
3260 5512 3353 5550 ttt:
3386 5494 3679 5567 Justiﬁcati
3724 5492 3897 5561 gratis
3933 5508 4024 5567 per

2450 5564 2675 5638 gratiam
2710 5569 2895 5637 ipsius.
2930 5567 3071 5635 Ergo
3097 5567 3280 5640 etiam»
3299 5568 3471 5634 potuit
3505 5564 3813 5640 prolti_bere_,
3855 5576 3921 5640 ne
3968 5564 4018 5612 in

2450 5631 2617 5692 Matre
2650 5631 2747 5693 sua
2783 5631 3061 5691 benedicta
3095 5631 3670 5701 itifunderettlr,'quod
3703 5641 3755 5684 ct
3788 5631 3940 5689 fecit,
3972 5642 4021 5683 rt

2450 5711 2529 5763 sic
2577 5709 2664 5762 ille
2717 5708 3019 5777 digniorem
3058 5706 3306 5762 exhibuit
3352 5705 3677 5759 medicinam
3734 5703 3953 5756 salutis.
3998 5719 4014 5750 ι

2451 5778 2722 5834 Hactenus
2757 5778 2955 5833 Bustus
2987 5778 3022 5831 l.
3054 5792 3105 5832 c.
