4164 6456
152 414 286 477 1025

1556 403 1919 466 MARIALE.

3247 402 3382 470 1026

150 524 382 591 θῂσασα,
415 523 593 591 χαῖρε,
625 520 915 581 Δέσποινα,
944 516 1010 569 δι’
1051 530 1117 587 ης
1139 514 1313 585 χαρᾶς
1345 513 1720 584 πληρούμεθα,

1830 510 2296 564 immarceseibilis
2320 508 2553 563 cﬂloruit
2573 527 2587 564 :
2606 510 2799 580 gaude,
2829 508 3079 574 Domina,
3109 524 3206 581 per
3221 527 3382 582 quam

149 617 241 665 καὶ
268 613 415 681 ζωὴν
447 608 909 681 κληρονομοῖψεν.

228 704 630 773 Ῥητορεὺουσα
664 701 723 752 οὐ
758 700 933 753 σθένει
967 699 1206 767 γλῶσσα,
1243 698 1529 758 Δέσποινα,
1561 695 1722 763 ὑμνο-

151 796 379 863 λογῆσαί
406 812 463 846 σε
491 810 503 821 ·
531 793 669 861 ὑπὲρ
703 792 810 861 γάρ
837 792 904 843 τά
928 792 1178 859 Σεραφὶμ
1205 789 1442 859 aettem,
1469 786 1724 855 κυήσασα

150 887 240 937 τὸν
274 886 499 954 βασιλέα
517 884 773 952 Χριστὸν,
811 883 869 934 δν
901 881 1107 933 ἱκέτευε
1140 878 1320 948 πάσης
1369 877 1464 929 νῦν
1520 875 1719 945 ϐλάϐης

152 975 422 1047 ῥύσασθαι
449 967 576 1038 τοὺς
604 974 809 1036 πιστῶς
841 989 899 1024 σε
939 970 1401 1041 προσκυνοῦντας.

222 1152 476 1219 Εὑφημεί
521 1166 577 1201 σε
616 1148 995 1218 μακαρίζοντα
1018 1148 1086 1200 τά
1110 1147 1323 1217 πέρατα
1348 1146 1441 1197 καὶ
1477 1146 1721 1215 ἀνακρά-

148 1243 231 1306 ζει
257 1259 339 1295 σοι
359 1260 370 1270 ·
398 1244 591 1311 Χαῖρε,
630 1243 659 1291 ὸ
692 1245 854 1309 τόμος
888 1242 945 1293 ὲν
966 1233 1010 1306 ᾧ
1041 1238 1290 1307 δακτύλῳ
1348 1238 1721 1305 ἐγγέγραπται

154 1335 373 1404 [ἰατρὸς
402 1336 431 1386 ὁ
459 1335 652 1400 Λόγος,
690 1333 850 1401 ἁγνὴ,
886 1332 945 1385 ὃν
976 1332 1183 1385 ἱκέτευε
1226 1329 1392 1400 βίϐλῳ
1421 1329 1562 1399 ζωῆς
1598 1328 1721 1389 τοὺς

146 1428 367 1491 δούλους
392 1444 485 1479 σου
515 1425 887 1497 καταγράψαι,
909 1425 1160 1478 Θεοτόκε.

204 1600 793 1669 Ἱκετεύομενοὶδοῦλοί
820 1617 913 1652 σου
943 1600 1039 1652 καὶ
1061 1599 1316 1670 κλίνομεν
1342 1600 1471 1665 γόνυ
1496 1597 1720 1667 καρδίας

144 1688 177 1755 ἠ
187 1686 307 1754 μῶν
334 1702 349 1716 ο
374 1686 552 1739 κλῖνον
582 1688 640 1739 τὺ
669 1687 761 1749 οὓς
794 1704 909 1751 σου,
937 1687 1097 1759 ἁγνὴ,
1124 1690 1216 1742 καὶ
1245 1687 1419 1741 σῶσον
1451 1688 1578 1751 τοὺς
1606 1687 1720 1741 θλί-

143 1778 271 1845 ψεσι
292 1777 677 1847 βυθιζομένους
699 1780 868 1848 ἡμᾶς,
921 1782 1015 1832 καὶ
1044 1781 1384 1850 συντήρησον
1428 1781 1605 1850 πάσης
1631 1783 1721 1849 ἐχ-

143 1870 292 1939 θρῶν
316 1870 568 1934 ἁλώσεως
589 1870 686 1940 τὴν
720 1872 817 1940 σὴν
846 1872 1020 1935 πόλιν,
1052 1872 1301 1925 Θεοτόκε.

785 2072 907 2142 ᾭδὴ
938 2071 1005 2143 η’·

220 2186 398 2254 Νηδύῖ
420 2184 509 2238 τὸν
545 2186 719 2253 Λόγον
753 2185 1015 2248 ὑπεδέξω,
1056 2185 1149 2237 τὸν
1183 2185 1360 2238 πάντα
1384 2183 1719 2253 βαστάζοντα

144 2274 478 2338 ἐϐάστασας,
505 2275 737 2342 γάλακτι
758 2274 1058 2343 ἐξέθρεψας
1082 2274 1312 2344 νεύματι
1337 2275 1427 2327 τὸν
1453 2274 1719 2344 τρέφοντα

141 2369 245 2434 τὴν
298 2366 627 2435 οἰκουμένην
658 2364 896 2425 ἃπασαν,
952 2364 1111 2433 άγνὴ,
1148 2359 1192 2430 ᾧ
1248 2364 1560 2433 ψάλλομεν·
1615 2364 1719 2416 Τὸν

146 2457 351 2526 Κύριον
381 2458 618 2525 ὑμνεῖτε,
650 2455 719 2507 τὰ
740 2454 897 2524 ἔργα,
919 2457 1009 2508 καὶ
1040 2455 1380 2525 ὑπερυψοῦτε
1412 2456 1490 2517 εἰς
1514 2454 1716 2516 πάντας

141 2547 274 2607 τοὺς
299 2544 522 2606 αἰῶνας.

222 2637 468 2702 Μωῦσῆς
500 2635 823 2705 κατενόησεν
850 2636 907 2688 ἐν
937 2635 1083 2705 βάτῳ
1124 2635 1185 2687 τὸ
1230 2635 1372 2704 μέγα
1425 2637 1717 2705 μυστήριον

141 2725 238 2778 τοῦ
273 2725 433 2776 τόκου
461 2740 558 2776 σου
577 2742 592 2756 ·
627 2712 814 2787 παῖδες
844 2724 1247 2794 προεικόνησαν
1274 2724 1431 2776 τοῦτο
1488 2727 1718 2795 ἐμφανέ-

142 2834 318 2869 στατα
354 2818 522 2885 μέσον
554 2817 723 2885 πυρὸς
780 2816 1079 2887 ἱστάμενοι,
1124 2818 1221 2868 καὶ
1264 2818 1338 2887 μὴ
1374 2817 1715 2886 φλεγόμενοι,

144 2912 391 2981 ἀκήρατε
418 2910 549 2985 ἁγία
592 2908 832 2979 Παρθὲνε
854 2925 867 2939 ·
887 2909 1008 2963 ὅθεν
1031 2926 1090 2962 σε
1115 2910 1389 2980 ὑμνοῦμεν
1411 2912 1490 2973 εις
1514 2908 1719 2970 πάντας

140 3021 268 3065 τους
296 3021 520 3067 αιωνας.

214 3097 280 3147 Οἱ
319 3095 510 3166 πρώην
534 3098 713 3168 ἀπάτῃ
737 3095 1116 3166 γυμνωθέντες
1165 3095 1357 3167 στολὴν
1409 3093 1714 3167 ἀφθαρσίας

1823 601 2110 669 implentur
2141 602 2358 671 gaudio,
2383 608 2437 654 ct
2458 600 2755 668 accipimus
2790 602 3160 657 hmreditatem
3236 603 3381 657 vitm.

1891 690 2080 743 Delicit
2107 692 2309 760 lingua,
2339 692 2468 745 dum
2506 692 2572 743 de
2599 699 2649 744 te
2680 691 2940 760 loquitur,
2966 708 2999 746 o
3027 694 3274 757 Domina,
3330 694 3383 746 in

1823 781 2076 836 laudibus
2108 782 2215 835 luis
2246 799 2261 835 :
2291 784 2490 836 etenim
2520 797 2686 852 supra
2716 782 3007 838 Clterubim
3061 786 3298 839 exaltata
3325 802 3385 839 es

1820 873 2039 943 pariens
2074 888 2254 941 regem
2282 872 2580 939 Christum,
2639 889 2800 943 quem
2844 874 3152 943 deprecare,
3201 888 3255 931 ut
3317 877 3387 930 ab

1820 967 1968 1019 omni
1998 966 2217 1022 lusione
2250 966 2441 1021 liberet
2470 983 2614 1022 nunc
2646 982 2839 1022 omnes
2872 968 2965 1037 qui
2996 976 3048 1023 te
3088 983 3210 1023 cum
3235 971 3384 1023 omni

1823 1058 1925 1111 lide
1955 1060 2202 1113 adorant.

1894 1150 2093 1218 Insigni
2118 1152 2275 1203 laude
2312 1158 2364 1203 te
2388 1148 2665 1203 celebrant
2717 1165 2782 1203 ac
2839 1148 3152 1203 beatificant
3199 1164 3388 1204 omnes

1824 1241 1953 1293 lines
1987 1250 2164 1301 terrre,
2192 1242 2493 1295 clamantes
2522 1241 2586 1293 ad
2635 1250 2684 1293 te
2716 1259 2729 1293 :
2769 1240 2978 1304 Gaude,
3025 1240 3301 1300 volumen.
3332 1241 3386 1293 in

1821 1348 1930 1402 quo
1979 1333 2241 1401 scriptum
2301 1343 2383 1386 est
2434 1333 2601 1400 digito
2668 1329 2844 1385 Patris
2899 1330 3176 1398 Verbum;
3241 1331 3387 1402 quod

1822 1427 2133 1494 deprecare,
2168 1438 2201 1477 0
2238 1436 2389 1478 casta
2422 1425 2666 1494 Deipara,
2715 1433 2774 1479 ut
2804 1424 2859 1477 in
2910 1424 3052 1478 libro
3108 1426 3232 1479 vitae
3286 1426 3386 1479 de-

1823 1518 2029 1573 scribat
2064 1532 2250 1571 servos
2297 1527 2439 1571 tuos.

1896 1609 2257 1678 Deprecamur
2290 1619 2341 1663 te
2367 1610 2507 1664 servi
2544 1610 2642 1675 lui,
2667 1618 2719 1664 et
2744 1609 3071 1663 inclinamus
3095 1624 3234 1678 genu
3264 1623 3389 1663 cor-

1822 1702 1907 1757 dis
1957 1704 2123 1756 nostri
2158 1721 2171 1757 :
2214 1702 2414 1755 inclina
2449 1712 2528 1763 tu,
2576 1716 2609 1754 ο
2640 1701 2954 1768 purissima,
2985 1716 3169 1756 aurem
3212 1710 3384 1761 tuam.

1824 1806 1878 1848 et
1897 1794 2042 1849 salva
2069 1809 2191 1857 nos,
2225 1794 2319 1862 qui
2352 1793 2404 1846 in
2448 1792 2712 1860 profundo
2736 1793 3144 1847 tribulationum
3175 1793 3388 1846 demer.

1825 1889 2033 1958 giniur;
2054 1887 2289 1949 custodi,
2322 1902 2354 1938 ο
2394 1886 2640 1955 Deipara,
2671 1886 2945 1941 civitatem
2980 1895 3124 1940 tuam
3149 1886 3217 1941 ab
3237 1885 3385 1940 omni

1821 1980 2171 2035 inimicorum
2196 1980 2615 2048 expugnatione.

2417 2088 2522 2158 33
2550 2086 2663 2142 Ode
2697 2088 2749 2142 8.

1889 2202 1933 2255 Ο
1962 2210 2112 2255 casta
2140 2244 2153 2267 ,
2192 2200 2426 2255 Verbum
2460 2203 2509 2254 iu
2536 2215 2689 2256 utero
2725 2201 3012 2271 suscepisti
3040 2220 3053 2256 :
3082 2211 3383 2271 portantem

1820 2293 1998 2346 omnia
2029 2294 2279 2363 portasti,
2314 2294 2524 2347 nutriin
2563 2294 2887 2347 nutrientem
2936 2303 3069 2347 nutu
3125 2310 3223 2349 suo
3262 2295 3386 2347 uui—

1821 2399 2038 2437 versum
2066 2394 2336 2436 terrarum
2370 2385 2554 2437 orbem
2582 2402 2597 2448 ;
2630 2385 2716 2439 cui
2750 2386 3027 2453 psallimus
3057 2402 3072 2439 :
3100 2385 3386 2438 Dominum

1820 2474 2053 2539 laudate,
2088 2490 2272 2545 opera,
2303 2484 2352 2529 et
2380 2477 2780 2545 superexaltate
2809 2476 2861 2529 in
2888 2475 3070 2530 omnia
3104 2476 3323 2531 saecula.

1882 2653 2101 2724 Moyses
2148 2655 2412 2709 intellexit
2470 2656 2523 2708 in
2571 2670 2708 2709 ruoo
2752 2668 3006 2723 magnum
3062 2655 3383 2726 mysterium

1818 2754 2006 2813 partus
2037 2746 2113 2799 tui
2147 2748 2341 2815 :pueri
2374 2746 2792 2815 prmﬁgurarunt
2844 2746 2979 2800 illud
3041 2747 3388 2817 apertissime

1820 2844 2026 2891 stantes
2059 2838 2110 2890 in
2134 2838 2314 2890 medio
2346 2838 2485 2908 ignis
2524 2838 2642 2892 sine
2673 2837 2779 2890 ulla
2841 2838 3098 2904 laesione;
3147 2840 3288 2892 unde
3314 2847 3386 2901 te,

1820 2929 2044 2998 oVirgo
2101 2930 2354 2984 inviolata
2411 2945 2477 2985 ac
2526 2940 2738 2995 sancta,
2777 2931 3060 2986 laudamus
3099 2930 3154 2985 in
3204 2932 3390 2985 omnia

1819 3021 2036 3075 sa‘cula.

1896 3112 2143 3167 Versutia
2177 3113 2347 3169 hostis
2367 3125 2523 3169 antea
2553 3116 2761 3179 nudati,
2796 3115 2933 3170 stola
2965 3115 3389 3170 immortalitatis

141 3187 473 3257 ἑνεδύθημεν
490 3192 554 3258 τῇ
585 3189 852 3259 κυοφορίᾳ
874 3206 991 3255 σου,
1019 3188 1115 3240 καὶ
1148 3188 1199 3240 οι
1255 3187 1609 3258 καθεζόμενοι
1662 3189 1720 3239 ὲν

1824 3204 1997 3258 induti
2028 3220 2219 3260 sumus
2274 3215 2429 3274 partu
2459 3214 2551 3261 tuo
2580 3225 2593 3261 :
2642 3216 2696 3261 et
2725 3222 2848 3261 cum
2891 3207 3203 3262 sederemus
3226 3208 3278 3260 in
3308 3215 3390 3260 te-

145 3281 329 3329 εκότει
368 3279 784 3348 παρλπτώσεων
835 3278 949 3345 φῶς
995 3280 1485 3345 κατωπτεύσαμεν,
1544 3279 1716 3345 φωτὸς

143 3372 589 3441 κατοικητήριον,
618 3371 769 3440 Κόρη
788 3387 802 3401 ·
828 3371 949 3423 ὅθεν
988 3387 1045 3422 σε
1080 3370 1356 3441 ὑμνοῦμεν
1387 3373 1466 3434 είς
1512 3371 1715 3435 πάντας

144 3464 271 3524 τοὺς
296 3462 522 3524 αἰῶνας.

214 3554 424 3622 Νεκροί,
445 3553 533 3605 διὰ
570 3552 663 3605 σοῦ
711 3551 1128 3617 ζωοποιοῦνται·
1162 3553 1307 3624 ζωὴν
1354 3551 1463 3625 γὰρ
1518 3552 1615 3623 τὴν
1635 3554 1717 3605 ἐν-

142 3647 449 3699 υπόστατον
483 3645 743 3715 ἐκύησαςο
772 3645 987 3698 εὕλαλοι
1013 3648 1062 3697 οἱ
1087 3645 1272 3699 ἄλαλοι
1295 3645 1487 3716 πρώην
1504 3663 1720 3715 χρημα-

142 3737 415 3801 τίζοντες,
448 3736 639 3807 λεπροὶ
670 3736 1155 3806 άποκαθαίρονται,
1214 3736 1359 3789 νόσοι
1409 3736 1714 3800 διώκονται,

146 3830 475 3897 πνευμάτων
501 3829 700 3897 ἀερίων
727 3828 796 3881 τά
816 3827 993 3898 πλήθη
1027 3828 1308 3898 ἣττηνται,
1332 3828 1574 3897 Παρθένε
1591 3826 1719 3898 βρο-

142 3922 254 3971 τῶν
286 3922 319 3988 ἡ
355 3921 622 3989 σωτηρία.

228 4012 291 4062 Ἦ
310 4012 499 4080 κόσμῳ
519 4010 751 4065 τεκοῦσα
775 4012 1071 4083 σωτηρίαν,
1084 4010 1152 4064 δι’
1166 4006 1232 4084 ἧς
1244 4011 1351 4065 ἀπὸ
1370 4011 1473 4081 γῆς
1491 4013 1570 4074 είς
1587 4011 1721 4079 ὕψος

143 4103 417 4172 ἦρθημεν,
450 4105 679 4171 χαίροις,
729 4104 1154 4173 παντευλόγητε,
1225 4103 1403 4173 σκέπη
1443 4104 1537 4155 καὶ
1589 4121 1722 4174 κρα-

146 4197 389 4263 ταίωμα,
442 4196 616 4264 τεῖχος
668 4196 761 4247 καὶ
818 4194 1083 4266 ὀχύρωμα
1154 4194 1261 4247 τῶν
1318 4193 1719 4265 μελῳδούντων,

143 4287 285 4355 ἁγνή
315 4300 331 4314 ο
364 4286 466 4337 Τὸν
500 4285 701 4354 Κύριον
730 4286 974 4355 ὑμνεῖτε,
992 4288 1060 4339 τά
1081 4286 1241 4357 ἔργα,
1274 4286 1364 4338 καὶ
1381 4285 1720 4356 ὺπερυψοῦτε

144 4378 224 4440 εις
260 4376 471 4438 πάντας
500 4378 625 4438 τοὺς
654 4376 878 4439 αἰῶνας.

787 4510 911 4582 mi;
943 4510 1008 4565 θ’.

218 4648 345 4701 Ἵνα
379 4664 461 4700 σοι
495 4649 676 4701 πιστοὶ
700 4648 760 4701 τὸ
793 4650 969 4717 Χαῖρε
994 4652 1392 4723 κραυγάζωμεν
1421 4656 1469 4707 οἱ
1514 4654 1603 4707 διὰ
1628 4656 1722 4709 σοῦ

144 4741 245 4809 τῆς
278 4740 458 4809 χαρᾶς
486 4739 702 4808 μέτοχοι
729 4741 1009 4810 γενόμενοι
1041 4745 1135 4813 τῆς
1162 4745 1353 4811 ἁῖδξου,
1393 4746 1551 4816 ῥῦσαι
1578 4748 1724 4817 ἡμᾶς

153 4830 490 4903 πειρασμοῦ,
523 4830 867 4902 βαρὸαρικῆς
907 4834 1181 4902 ἁλώσεως,
1216 4838 1309 4889 καὶ
1335 4838 1515 4909 πάσης
1560 4840 1724 4909 ἄλλης

151 4924 370 4993 πληγῆς
420 4920 508 4974 διὰ
558 4921 782 4989 πλῆθος,
804 4924 980 4995 Κόρη,
1008 4928 1421 4996 παραπτὼσεων
1468 4929 1725 5001 ἐπιούσης

149 5012 366 5083 βροτοῖς
426 5010 849 5080 ἁμαρτάνουσιν.

222 5187 439 5257 Ὠφθης
467 5187 744 5259 φωτισμδς
788 5189 946 5261 ήμῶν
977 5197 1069 5244 καὶ
1093 5192 1407 5263 βεϐαίωσις,
1435 5193 1556 5247 ὅθεν
1590 5194 1726 5263 βοῶ-

152 5282 249 5349 μέν
281 5297 369 5332 σοι
389 5294 402 5307 '
442 5280 637 5350 Χαῖρε,
668 5280 865 5351 ἄστρον
919 5283 1114 5336 ἄδυτον
1147 5284 1363 5352 εἰσάγον
1414 5285 1603 5355 κόσμῳ
1636 5285 1727 5339 τὸν

152 5376 329 5444 μέγαν
347 5374 500 5444 ἥλιον
515 5389 529 5402 ’
551 5376 730 5444 χαῖρε,
751 5373 910 5444 Ἐδὲμ
927 5375 1184 5441 ἀνοίξασα
1201 5375 1298 5447 τδζν
1312 5378 1721 5447 κεκλεισμένην,

150 5470 286 5536 ἁγνὴ
316 5485 330 5497 ο
358 5469 537 5536 χαῖρε,
568 5466 725 5518 στύλε
759 5466 953 5536 πύρινε
981 5469 1274 5537 εἰσάγουσα
1333 5470 1412 5533 είς
1470 5469 1567 5539 τὴν
1610 5469 1722 5522 ἄνω

148 5560 291 5631 ζωὴν
319 5559 381 5612 τὸ
411 5558 748 5628 ἀνθρώπινον
769 5560 944 5629 γένος.

217 5737 446 5807 Στῶμεν
481 5736 722 5801 εὐλαϐῶς
768 5740 826 5791 ἐν
859 5740 991 5809 οἴκῳ
1040 5740 1175 5793 Θεοῦ
1233 5740 1387 5810 ἡμῶν
1422 5743 1514 5793 καὶ
1536 5740 1727 5809 ὲκόοήο

151 5847 369 5897 σωμεν⁴
401 5832 805 5901 Χαῖρε,κόσμου
837 5834 1129 5905 Δέσποινα·
1165 5837 1343 5906 χαῖρε,
1376 5835 1583 5905 Μαρία,
1618 5836 1728 5888 Κυ-

1748 4550 1795 4605 1)

1821 3296 2003 3349 nebris
2050 3307 2416 3364 peccatorum,
2486 3298 2667 3353 lumen
2736 3300 3085 3368 aspeximus,
3118 3314 3150 3351 o
3188 3298 3387 3368 puclla,

1820 3386 2041 3441 luminis
2077 3388 2485 3443 habitaculum:
2526 3405 2698 3461 quare
2747 3400 2798 3445 te
2837 3390 3121 3445 laudamus
3176 3392 3226 3445 in
3266 3408 3388 3445 om-

1822 3481 1907 3532 nia
1942 3482 2160 3535 sarcula.

1890 3570 2232 3625 Suscitantur
2259 3587 2355 3642 per
2377 3581 2427 3627 te
2452 3573 2517 3627 ad
2567 3575 2730 3627 vitam
2767 3574 3011 3639 mortui';
3050 3575 3211 3628 vitam
3240 3575 3384 3629 enim

1821 3667 2207 3721 subsistentem
2250 3666 2507 3735 peperisti
2539 3683 2551 3717 :
2595 3667 2816 3719 l'acundi
2850 3666 2986 3720 ﬁunt
3014 3682 3078 3721 ac
3109 3667 3321 3729 diserti,
3353 3669 3384 3720 ii

1820 3760 1909 3829 qui
1931 3760 2092 3829 paulo
2108 3766 2233 3811 ante
2258 3757 2402 3826 loqui
2432 3757 2741 3811 nesciebant
2766 3775 2782 3813 :
2810 3758 3006 3827 leprosi
3032 3762 3384 3821 muudantur,

1821 3852 1995 3906 morbi
2027 3851 2390 3921 depelluntur,
2423 3865 2706 3905 aereorum
2742 3850 3032 3919 spirituum
3058 3851 3268 3921 multipl
3292 3867 3382 3906 ονε

1819 3944 1991 3999 turba:
2029 3943 2253 3997 devictae
2277 3953 2425 4007 sunt,
2449 3956 2483 3995 o
2522 3940 2685 4009 Virgo
2715 3941 2862 3994 salus
2888 3941 3190 3994 hominum.

1893 4034 2195 4089 lnnumeris
2226 4033 2692 4088 benedictionibus
2714 4033 3011 4095 cumulata,
3042 4048 3162 4101 quan
3187 4032 3389 4086 mundo

1820 4127 2047 4182 salutem
2078 4124 2359 4195 peperisti,
2407 4139 2501 4193 per
2530 4138 2693 4192 quam
2747 4138 2777 4177 a
2837 4133 2980 4178 terra
3047 4124 3099 4176 iu
3157 4124 3390 4177 sublime

1819 4217 2009 4271 elevati
2039 4230 2249 4278 sumus,
2280 4216 2472 4285 gaude,
2506 4229 2540 4268 ο
2562 4224 2710 4269 casta
2757 4215 3043 4284 protectio,
3102 4223 3155 4268 et
3201 4215 3387 4279 robur,

1822 4322 2013 4363 murus
2042 4318 2093 4362 et
2120 4307 2401 4361 munimen
2439 4307 2791 4361 canentium:
2835 4304 3118 4358 Dominum
3154 4305 3389 4368 laudate,

1822 4415 2010 4470 opera,
2044 4408 2098 4454 et
2126 4397 2523 4468 superexaltate
2557 4399 2610 4451 in
2638 4397 2818 4451 omnia
2858 4396 3075 4451 sazcula.

2484 4506 2595 4562 Ode
2613 4507 2667 4561 9.

1892 4646 1937 4701 0
1972 4646 2173 4711 Puella,
2226 4653 2286 4699 ut
2319 4644 2415 4699 tibi
2452 4642 2635 4697 Gaude
2678 4643 2976 4697 clamemus
3026 4656 3124 4695 nos
3186 4641 3388 4706 ﬁdeles,

1825 4740 1917 4808 qui
1954 4746 2127 4808 perte
2182 4737 2363 4807 gaudii
2408 4736 2697 4806 participes
2756 4734 2883 4789 lacti
2948 4750 3158 4800 sumus,
3225 4735 3390 4789 libera

1826 4844 1928 4883 nos
1976 4844 2004 4881 a
2036 4829 2254 4897 perenni
2305 4828 2624 4889 tentatione,
2664 4841 2692 4879 a
2724 4826 3078 4881 barbarorum
3113 4841 3390 4895 expugna.

1827 4920 1997 4983 tione,
2031 4928 2082 4973 et
2114 4919 2182 4973 ab
2213 4921 2361 4973 omni
2410 4919 2514 4972 alia
2558 4920 2734 4990 plaga,
2763 4935 2883 4990 qua:
2904 4927 3119 4988 prepter
3148 4919 3394 4971 multitu-

1829 5013 2008 5066 dinem
2034 5020 2404 5081 peccatorum,
2440 5012 2764 5067 mortalibus
2811 5010 3162 5082 peccantibus
3229 5010 3391 5065 adve-

1830 5107 1943 5159 nire
1972 5107 2125 5159 solet.

1902 5194 2340 5249 Stabilimentum
2370 5204 2423 5249 et
2468 5195 2792 5249 illuminatio
2858 5204 3042 5249 nostra
3087 5194 3226 5249 facta
3293 5210 3388 5249 es:

1828 5300 1998 5355 quare
2026 5285 2091 5337 ad
2122 5283 2232 5355 34
2263 5293 2314 5338 te
2337 5286 2672 5338 clamamus:
2716 5284 2923 5349 Gaude,
2952 5293 3157 5338 astrum
3188 5284 3393 5337 inocci-

1829 5378 2018 5441 duunt,
2075 5377 2223 5445 quod
2303 5374 2505 5429 mundo
2588 5391 2843 5446 magnum
2902 5376 3067 5429 solem
3130 5374 3391 5439 attulisti;

1840 5462 2035 5538 gaude,
2061 5482 2094 5521 ο
2122 5477 2291 5530 casta,
2315 5480 2437 5535 qua:
2470 5466 2781 5533 paradisum
2803 5464 2966 5519 Edem
2994 5465 3236 5519 clausum
3271 5480 3396 5533 ape-

1843 5560 1996 5615 ruisti
2024 5577 2038 5624 ;
2071 5558 2267 5629 gaude,
2299 5558 2553 5613 columna
2582 5559 2757 5628 ignea,
2792 5572 2913 5627 qua:
2956 5558 3251 5611 humanum
3304 5574 3398 5628 ge-

1840 5668 1942 5706 nus
1972 5652 2024 5705 in
2058 5665 2350 5720 supernam
2387 5650 2552 5704 vitam
2586 5649 2953 5703 iutroduxisti.

1909 5742 1970 5796 Et
2001 5743 2250 5813 religiose
2280 5752 2487 5797 stemus
2516 5742 2570 5796 in
2607 5741 2772 5796 domo
2800 5742 2892 5796 Dei
2918 5743 3110 5805 nostri,
3171 5750 3226 5796 ct
3286 5744 3399 5794 cln-

1837 5851 2087 5891 memus:
2134 5834 2340 5899 Gaude,
2374 5835 2561 5890 mundi
2603 5834 2785 5903 regina
2817 5851 2832 5899 ;
2859 5837 3050 5903 gaude,
3080 5834 3243 5889 Maria
3278 5849 3397 5889 om-
