4164 6456
780 382 915 449 1027
1882 382 1940 441 S.
1986 377 2300 440 JOSEPHI
2345 375 2901 439 HYMNOGRAPHI
3894 374 4020 436 1023

780 496 931 548 nium
977 503 1221 549 nostrum
1282 491 1550 557 Domina;
1587 490 1782 559 gaude,
1837 491 1953 545 sola
2007 487 2387 546 immaculata,

2499 488 2553 541 ια
2589 490 2809 541 πάντων
2850 489 3027 559 ἡμῶν·
3064 489 3246 559 χαῖρε,
3283 489 3318 558 ἡ
3365 488 3502 558 μόνη
3548 486 3777 555 ἄμωμος
3828 501 3889 538 εν
3930 505 4019 553 γυι-

779 597 834 639 et
863 586 1086 656 pulchra
1128 585 1272 639 inter
1312 584 1570 638 mulieres
1603 582 1716 654 (36)
1763 600 1775 637 :
1819 580 2014 650 gaude,
2058 595 2154 634 vas
2200 580 2346 648 quod

2492 581 2591 645 ιιξὶ
2621 583 2715 633 καὶ
2740 581 2877 650 καλή
2901 599 2914 611 ·
2944 584 3120 652 χαῖρε,
3177 580 3371 643 σκεῦος
3425 580 3595 651 μύρον
3647 579 3708 631 τὸ
3755 580 4021 633 ἁκὲνωτον

782 685 1118 748 unguentum
1177 676 1565 731 inexhaustum
1607 673 1737 729 inte
1792 681 2114 728 evacuatum
2161 685 2348 725 susce-

2492 673 2546 725 πὶ
2588 673 2646 725 σὲ
2676 672 2910 727 κενωθὲν
2938 673 3337 742 εἰσδεξάμενον.

824 769 911 822 isti

784 783 1122 927 lmil‘lerpetua
1138 856 1324 928 Virgo,
1343 856 1596 913 columba
1618 869 1739 925 qua:
1761 852 2169 911 Misericordem
2190 868 2354 924 pepe-

784 946 900 999 risti
930 946 1070 1018 (57),
1093 948 1305 1017 gaude;
1340 947 1538 1017 gaude,
1569 944 1947 1000 confessorum
1972 943 2214 998 omnium
2238 942 2355 1013 glo-

784 1032 969 1097 riatio;
993 1034 1191 1103 gaude,
1215 1035 1542 1090 athletarum
1563 1048 1791 1099 corona,
1811 1035 2166 1102 omniumque
2183 1035 2359 1101 justo-

786 1138 909 1177 rum
934 1124 1117 1179 divina
1137 1125 1447 1190 exsultatio,
1474 1134 1838 1196 nostrumque
1883 1124 2125 1178 ﬁdelium
2186 1124 2354 1178 salus.

2532 851 2601 906 Ἦ
2630 850 2929 923 περιστερὰ
2946 850 2981 921 ἡ
2996 850 3090 903 τὸν
3123 851 3275 920 Ἐλεή
3285 867 3421 920 μονα
3444 851 3828 920 ἀποκυήσασα,
3850 856 4026 922 χαῖρε,

2466 943 2842 1014 ’Δειπὰρθενε·
2862 942 3024 996 ὁσίων
3047 943 3285 1009 πάντων,
3313 946 3491 1013 χαῖρε,
3522 944 3586 995 τὸ
3614 945 3885 1014 καύχημα
3927 947 4030 997 τῶν

2454 1032 2702 1102 ἀθλητῶν
2722 1032 3068 1101 στεφάνωμα,
3103 1034 3281 1101 χαῖρε,
3306 1033 3564 1085 ἁπάντων
3584 1050 3641 1085 τε
3665 1034 3775 1085 τῶν
3798 1035 4027 1086 δικαίων

2457 1122 2600 1175 θεῖον
2633 1123 3081 1193 ὲγκαλλώπισμα,
3111 1124 3205 1176 καὶ
3232 1122 3391 1195 ἡμῶν
3419 1122 3529 1175 τῶν
3560 1123 3770 1175 πιστῶν
3825 1124 3890 1175 τὸ
3922 1125 4033 1175 Eii-

2460 1232 2670 1284 amapa.

860 1297 1203 1356 Hereditatis
1229 1308 1357 1369 tua,
1382 1318 1505 1374 quae
1535 1318 1637 1359 nos
1665 1317 1878 1364 sumus.
1932 1299 2169 1372 peccatis
2238 1315 2360 1355 om-

2533 1309 2742 1369 Φεῖσαι,
2770 1306 2801 1358 δ
2837 1306 2990 1369 Θεὸς,
3014 1306 3113 1376 τῆς
3143 1304 3511 1374 κληρονομίας
3569 1321 3663 1358 σου
3696 1305 3795 1368 τὰς
3858 1307 4039 1374 ἁμαρ-

789 1389 948 1444 nibus
969 1391 1211 1462 ignosce,
1236 1394 1455 1450 Christe
1478 1394 1642 1461 Deus,
1676 1409 1783 1449 non
1800 1394 2099 1463 respiciens
2121 1408 2265 1447 nunc
2293 1394 2363 1447 ad

2500 1402 2582 1463 ίας
2614 1402 2644 1469 ὴ
2656 1399 2771 1469 μῶν
2810 1400 3011 1463 πάσας,
3040 1398 3406 1468 παραϐλέπων
3435 1397 3530 1449 νῦν
3556 1399 3635 1459 εἰς
3665 1397 3849 1458 τοῦτο,
3906 1398 4039 1466 ἔχων

789 1481 900 1546 illa,
938 1497 1060 1537 cum
1097 1486 1297 1542 habeas
1323 1488 1716 1550 deprecantem
1760 1494 1812 1541 te
1870 1500 2014 1550 eam,
2073 1500 2193 1554 qua:
2247 1485 2365 1540 sine

2497 1491 2882 1546 κδυσωποῦσάν
2905 1508 2963 1543 σε
2989 1491 3087 1560 τὴν
3116 1493 3208 1543 ἐπὶ
3239 1490 3344 1559 γῆς
3390 1490 3645 1559 ἀσπόρως
3673 1506 3732 1541 σε
3766 1492 4040 1557 κυοτξορή-

791 1575 999 1629 semine
1030 1578 1217 1644 genuit
1238 1586 1291 1632 te
1313 1593 1478 1648 super
1509 1586 1738 1643 terram,
1773 1577 1973 1647 quippe
2006 1576 2098 1647 qui
2144 1585 2363 1646 propter

2492 1599 2643 1636 τασαν
2672 1582 2762 1636 διὰ
2795 1581 2936 1652 μέγα
2961 1579 3108 1643 ἔλεος
3137 1579 3439 1651 Θελήσαντα
3469 1578 3849 1650 μορφωθῆναι,
3887 1579 4027 1651 Χρι-

792 1681 1049 1735 magnam
1084 1670 1515 1727 misericordiam
1542 1681 1690 1727 tuam
1721 1670 1942 1726 voluisti
1974 1669 2207 1724 formam
2232 1670 2368 1725 alie-

792 1772 914 1813 nam
942 1760 1241 1832 suscipere.

1526 1851 1622 1908 Vll

791 1984 857 2036 In
902 1989 1295 2044 sanctissimam
1340 1988 1623 2059 Deiparam
1672 2005 1842 2043 canon
1890 1987 1996 2044 VII
2035 1989 2171 2059 (58),
2215 1989 2366 2059 cujus

865 2060 1169 2131 acrostichis
1194 2059 1303 2113 hac
1331 2069 1446 2114 est:
1476 2076 1497 2112 ι
1530 2058 1781 2129 Deipara,
1802 2062 1942 2114 senis
1974 2069 2023 2115 te
2068 2058 2237 2116 modis
2274 2058 2368 2131 ego

872 2144 1004 2181 cano
1017 2170 1032 2185 .
1072 2147 1092 2180 ι
1128 2129 1325 2199 Ioseph
1337 2172 1350 2186 .

1498 2219 1614 2277 Ode
1641 2224 1696 2278 1.

866 2313 1100 2383 Decepta
1121 2326 1291 2382 pravo
1319 2312 1493 2369 hostis
1521 2314 1775 2379 consilio,
1814 2312 1987 2383 prima
2010 2323 2183 2368 mater
2219 2329 2371 2368 mor-

798 2416 907 2460 tem
939 2405 1167 2460 adduxit
1197 2405 1252 2460 in
1310 2405 1571 2461 mundum
1632 2415 1734 2459 :tu
1793 2421 1994 2471 vero,o
2053 2398 2368 2473 purissima,

800 2498 965 2549 vitam
1019 2497 1181 2550 enixa
1238 2510 1340 2551 nos
1405 2497 1757 2565 corruptione
1824 2504 2135 2567 peremptos
2196 2496 2373 2551 viviti-

811 2586 971 2640 casti.

868 2677 977 2748 35
1012 2677 1079 2732 Et
1106 2678 1529 2748 cogitationibus
1552 2680 1864 2748 prolabens,
1899 2690 1952 2735 et
1989 2682 2220 2737 maculis
2252 2698 2375 2737 car-

802 2770 1023 2825 nalibus
1048 2772 1374 2827 sordescens
1395 2812 1411 2838 ,
1441 2772 1507 2826 ad
1542 2780 1594 2827 te
1633 2788 1757 2827 vere
1777 2772 1890 2841 (39}
1937 2788 2151 2842 puram,
2180 2775 2377 2829 imma-

803 2861 1042 2915 culatam
1085 2870 1139 2917 et
1175 2874 1381 2918 castam
1435 2863 1689 2935 confugio
1719 2881 1733 2919 :
1802 2872 1921 2920 esto
1948 2865 2189 2933 adjutrix
2219 2881 2379 2921 servo

808 2962 923 3005 lllO.

877 3043 1108 3129 Infestas
1154 3044 1336 3099 cordis
1367 3046 1472 3099 mei
1525 3046 1831 3114 passiones,
1888 3061 1921 3098 o
1970 3045 2220 3117 Deipara,
2276 3049 2383 3103 tuis

2391 1821 2441 1881 B

2471 1674 2586 1740 στὲ,
2615 1674 2678 1727 τὸ
2701 1673 2999 1745 ἀλλότριον.

3233 1850 3308 1907 Ζ’.

2470 1996 2575 2059 Εἰς
2619 1993 2733 2058 τὴν
2778 1990 3106 2059 ὑπεραγίαν
3155 1988 3455 2052 θεοτόκον,
3793 1983 3869 2046 ζ’.
3905 1981 3978 2041 οὗ
4008 1988 4044 2053 ἠ

2539 2056 3059 2131 ἇκρὸστιχίξὲσὶιο
3087 2077 3105 2110 t
3129 2060 3345 2112 Ἕκτον
3362 2056 3645 2128 προσάεω
3666 2057 3737 2125 τῇ
3780 2059 4047 2119 Θεοτόιιῳ

2534 2135 2742 2204 μέλος.
2776 2152 2795 2185 ι
2826 2131 3059 2200 Ἰωσήφ.

3154 2220 3283 2292 me]
3313 2217 3386 2275 α’.

2554 2316 2649 2369 Ἐκ
2671 2314 2913 2384 πονηρᾶς
2944 2311 3274 2382 συμὸουλίας
3305 2310 3399 2363 τοῦ
3438 2307 3736 2378 δυσμενοῦς
3759 2310 3797 2377 ἡ
3828 2309 4052 2377 προμή-

2473 2427 2585 2481 τωρ
2621 2408 2847 2463 Θάνατον
2872 2404 3187 2473 ὲπεισῆξεν·
3230 2404 3345 2457 ἀλλ’
3395 2401 3537 2472 αὑτὴ
3572 2400 3668 2472 τὴν
3705 2400 3855 2469 ζωὴν
3920 2403 4052 2469 κυή-

2476 2518 2635 2565 σασα,
2672 2501 2834 2569 ἁγνὴ,
2860 2496 3232 2567 νεκρωθὼτας
3261 2496 3329 2565 τῇ
3360 2494 3535 2564 φθορᾷ
3588 2494 3733 2564 ἡμᾶς
3768 2492 4050 2554 ὲζὼωσας.

2560 2678 2672 2733 Καὶ
2722 2677 3000 2748 λογισμοῖς
3018 2675 3335 2729 ὀλισθαίνων
3377 2673 3474 2727 καὶ
3523 2672 3834 2743 μωλυσμοῖς
3858 2688 4051 2742 σαρκι-

2481 2774 2595 2832 κοῖς
2618 2770 2998 2842 σπιλούμενος,
3028 2771 3122 2822 ἐπὶ
3150 2769 3212 2822 σὲ
3239 2769 3339 2838 τὴν
3378 2766 3623 2838 καθαρὰν
3683 2765 3909 2835 ἀληθῶς
3963 2766 4057 2818 καὶ

2481 2861 2729 2925 ἄσπιλον,
2765 2862 2937 2933 ἁγνὴν
2962 2858 3313 2929 καταφεύγω,
3337 2858 3529 2930 βοηθὸς
3554 2856 3714 2926 γενοῦ
3765 2855 3848 2928 τῷ
3881 2854 4059 2926 δούλῳ

2484 2970 2600 3006 σου.

2550 3044 2631 3097 Τὰ
2665 3044 2761 3113 τῆς
2790 3042 3013 3113 καρδίας
3042 3060 3142 3113 μου
3171 3041 3319 3111 πάθη
3336 3040 3405 3093 τὰ
3430 3040 3663 3110 χαλεπὰ,
3688 3038 3950 3102 θεοτόκε,
3978 3036 4064 3088 ἴα-

808 3136 1264 3190 mcdicaminibus
1309 3151 1483 3199 cura;
1546 3135 1924 3205 gravissimam
1993 3138 2380 3208 cogitationum

2496 3154 2607 3198 σαι,
2632 3136 2740 3187 τῶν
2770 3134 3021 3187 ἀστάτων
3041 3133 3317 3203 λογισμῶν
3347 3133 3409 3185 τὸ
3432 3132 3604 3185 δεινὸν
3659 3130 3961 3184 κλυδώνιον
3998 3132 4063 3199 τῇ

807 3228 1232 3282 inconstantium
1262 3236 1636 3297 tempestatem
1691 3228 1820 3283 scda
1870 3229 2259 3286 intercessione
2284 3240 2377 3285 tua

808 3320 949 3387 apud
981 3316 1175 3382 Deum,
1206 3332 1240 3372 ο
1267 3318 1520 3372 Domina.

1519 3408 1631 3466 Ode
1653 3410 1708 3465 3.

880 3501 980 3557 Per
1016 3503 1161 3556 illam
1192 3519 1314 3574 quae
1346 3504 1553 3574 peperit
1580 3512 1652 3570 te,
1691 3504 1948 3560 miserere
1972 3506 2125 3573 mihi,
2154 3516 2209 3561 et
2236 3508 2385 3562 salva

809 3608 918 3657 me,
963 3609 995 3647 ο
1042 3592 1303 3661 Verbum,
1346 3606 1402 3648 tu
1458 3593 1549 3664 qui
1620 3595 1771 3650 solus
1817 3607 2007 3650 natura
2048 3599 2387 3667 compatiens

812 3694 1031 3755 propter
1066 3687 1273 3740 viscera
1309 3686 1702 3741 misericordiae
1733 3695 1837 3742 tua:
1887 3687 2122 3742 etl‘udisti
2147 3704 2247 3759 pro
2298 3703 2386 3745 me

813 3784 986 3829 totum
1012 3776 1333 3846 sanguinem
1365 3785 1540 3829 tuum.

884 3865 1173 3921 Addictum
1207 3865 1316 3920 Deo
1352 3867 1608 3936 templum
1650 3882 1744 3936 per
1788 3867 2031 3922 divinam
2077 3868 2386 3938 generatio-

890 4042 1002 4113 (56)
1027 4042 1143 4097 Non
1168 4043 1345 4112 potuit
1371 4042 1429 4099 S.
1459 4040 1730 4113 Iosephus
1757 4044 2167 4100 immaculatum
2188 4046 2249 4102 B.
2279 4045 2397 4102 Vir-

814 4116 954 4186 ginis
1006 4124 1329 4183 conceptum
1366 4115 1548 4186 verbis
1575 4116 1951 4186 __elarioribus
2002 4118 2395 4186 depraedicare.

814 4184 955 4250 Quid
980 4186 1126 4237 enim
1155 4193 1239 4237 est
1268 4186 1450 4238 dicere
1476 4184 1534 4236 Β.
1574 4183 1850 4252 Virginem
1880 4186 2051 4240 solam
2074 4183 2228 4241 inter
2267 4204 2317 4240 ιιι
2330 4204 2394 4241 u-

817 4256 979 4307 liercs
995 4253 1166 4307 fuisse
1200 4253 1630 4315 immaculatam.
1653 4256 1755 4308 nisi
1776 4270 1898 4309 cum
1918 4272 2110 4311 onmes
2136 4257 2396 4312 mulieres

818 4333 941 4393 p0st
996 4322 1127 4377 Ade:
1187 4324 1398 4392 lapsum
1450 4323 1657 4377 fuerint
1694 4340 1816 4378 cum
1868 4325 2118 4394 originali
2180 4328 2396 4380 macula

818 4404 1123 4462 conceptae,
1162 4409 1282 4447 eam
1314 4394 1487 4447 solam
1524 4394 1668 4447 inter
1707 4396 1830 4449 illas
1862 4396 1929 4448 ab
1960 4398 2061 4451 hac
2088 4398 2299 4451 macula
2337 4400 2390 4449 in

2488 3228 2555 3295 σῇ
2590 3224 2839 3294 μεσιτείᾳ
2866 3223 3003 3292 πρὸς
3035 3222 3169 3275 Θεὸν
3210 3221 3508 3286 ἐκσπασον,
3540 3221 3832 3274 Δέσποινα.

2563 3500 2623 3553 '0
2652 3498 2817 3569 μόνος
2846 3497 3006 3567 φύσει
3046 3406 3357 3567 συμῗιοῗθέξς,
3389 3499 3419 3551 ὁ
3452 3496 3513 3550 τὸ
3543 3496 3681 3566 rupti
3732 3512 3849 3559 σου,
3901 3497 4067 3565 Δότε,

2485 3592 2575 3644 διὰ
2602 3593 2887 3662 σπλάγχνα
2904 3591 3085 3654 ἐλέους
3109 3590 3177 3643 δι’
3228 3591 3330 3660 ἐμὲ
3365 3590 3459 3642 ἐπὶ
3504 3589 3740 3659 σταυροῦ
3794 3589 4066 3653 κενώσας,

2490 3684 2580 3738 διὰ
2610 3684 2708 3753 τῆς
2759 3700 2820 3737 σε
2857 3683 3137 3753 κυησάσης
3170 3681 3439 3753 οἴκτειρον
3469 3681 3565 3734 καὶ
3593 3682 3767 3734 σῶσόν
3796 3697 3890 3751 με.

2565 3870 2708 3931 Ναδς
2736 3867 3024 3938 γενόμενος
3047 3862 3184 3918 Θεοῦ
3204 3865 3271 3935 τῇ
3289 3861 3676 3933 θεογηννησεᾳ,
3694 3860 3967 3923 ἑκουσίως
3996 3862 4075 3923 εἰς

2495 4049 2747 4114 cinatur;
2785 4048 2962 4118 ipsum
3018 4056 3198 4101 tamen
3234 4045 3502 4118 columba:
3538 4058 3734 4118 nomen
3768 4043 3911 4097 nihil
3966 4044 4072 4098 nisi

2497 4135 2693 4189 purum
2727 4128 2781 4173 et
2808 4116 3119 4189 illime_prae
3152 4132 3210 4189 se
3244 4116 3380 4189 fert,
3423 4116 3567 4184 quod
3601 4116 3654 4167 in
3674 4129 3799 4189 rem
3826 4124 4072 4167 nostram

2495 4184 2742 4258 apposite
2770 4188 2932 4243 cadit.
2982 4184 3114 4240 Nam
3161 4188 3218 4239 Β.
3255 4184 3435 4254 Virgo,
3462 4184 3723 4258 quamvis
3752 4184 3821 4237 de
3848 4198 4074 4237 caenosa

2494 4254 2713 4313 etiaeda
2755 4260 2936 4312 radice
2961 4266 3247 4326 parentum
3294 4255 3508 4323 generis
3553 4254 3727 4307 nostri
3760 4265 4072 4320 proereata,

2495 4329 2629 4382 nihil
2664 4340 2841 4383 tamen
2873 4329 3115 4383 continet
3152 4327 3255 4380 nisi
3297 4335 3543 4379 sanctum
3569 4336 3621 4377 et
3655 4339 3877 4392 purum,
3909 4326 3985 4377 ita
4016 4335 4075 4377 ut

2494 4401 2655 4453 etiam
2698 4402 2873 4468 ipsum
2903 4401 3022 4467 ejus
3052 4398 3286 4467 primum
3316 4396 3530 4468 initium
3566 4393 3731 4447 fuerit
3770 4395 4079 4468 intemera-

819 4478 923 4541 suo
953 4474 1226 4541 conceptu
1257 4464 1483 4541 liberam
1524 4465 2024 4541 exstiti_sse,_atque
2054 4469 2190 4522 adeo
2221 4467 2390 4521 solam
2428 4487 2472 4541 ι)
2506 4463 2777 4541 tissimuin
2810 4478 2861 4523 et
2899 4463 3298 4541 omni'prorsus
3328 4464 3449 4518 labe
3487 4479 3699 4541 carens.
3736 4465 3881 4531 quod
3910 4463 4077 4517 Gala-

820 4534 960 4588 iuter
987 4548 1179 4587 omnes
1215 4534 1615 4587 immaculatam
1651 4533 1861 4587 fuisse?

885 4604 997 4673 (57)
1032 4602 1114 4655 0b
1152 4604 1443 4677 puritatem
1478 4604 1800 4672 originalem
1832 4607 2067 4677 maxime
2100 4606 2400 4677 appellatur

823 4670 988 4743 Virgo
1050 4670 1267 4743 nomine
1328 4670 1596 4743 coltttttbte
1623 4713 1636 4735 ,
1691 4689 1813 4742 quat
1863 4678 1983 4729 sine
2024 4670 2305 4739 felle-est,
2346 4686 2401 4731 et

818 4740 982 4814 typus
1034 4742 1339 4814 puritatis:
1397 4740 1514 4814 Una
1572 4753 1648 4796 est
1698 4740 1941 4797 columba
1998 4763 2134 4801 mea.
2186 4744 2396 4801 Cautio.

822 4810 946 4881 cap.
992 4810 1056 4866 ιιι
1094 4810 1227 4885 Nam
1260 4813 1537 4885 sexaginta
1572 4815 1952 4885 suntregime,
1985 4825 2041 4869 et
2086 4817 2256 4869 multo
2283 4822 2402 4885 plu-

820 4900 907 4937 res
938 4883 1259 4936 concubina:
1291 4899 1307 4948 ;
1354 4882 1880 4938 adolescentularum
1936 4894 2117 4939 autem
2173 4882 2402 4940 non'cst

823 4967 1111 5016 numerus,
1147 4954 1240 5007 sed
1299 4954 1555 5021 primaria
1591 4953 1801 5024 Sponsa
1831 4964 1885 5006 et
1929 4956 2183 5010 omnibus
2237 4957 2399 5024 longo

823 5024 1111 5077 intervallo
1143 5024 1476 5091 anteposita,
1508 5040 1615 5077 una
1647 5034 1731 5077 est
1760 5023 1951 5086 Maria,
2002 5026 2102 5079 hoc
2140 5035 2223 5079 est
2261 5023 2397 5088 sola,

822 5109 986 5162 quam
1016 5093 1449 5165 singularitatem
1483 5095 1718 5147 maxime
1755 5094 1915 5147 liabet
1948 5098 1998 5146 in
2034 5098 2269 5164 puritate
2303 5097 2392 5165 jn-

826 5166 989 5218 stitite
1039 5163 1341 5231 originalis.
1395 5162 1490 5216 Est
1544 5165 1744 5232 quippe
1804 5178 1956 5217 amor
2008 5162 2399 5219 munditiae—et

824 5234 1079 5302 puritatis
1148 5234 1294 5286 velut
1347 5236 1562 5287 nativus
1633 5236 1918 5296 columbae,
1978 5246 2035 5288 ut
2112 5248 2398 5304 propterea

826 5318 1051 5373 aquam,
1089 5305 1231 5356 unde
1268 5305 1454 5356 bibere
1504 5314 1557 5357 et
1596 5320 1653 5374 se
1691 5308 1871 5357 law-re
1913 5308 2105 5374 possit,
2141 5308 2398 5359 mundam

828 5385 882 5427 et
914 5389 1103 5442 puram
1134 5389 1257 5427 esse
1284 5377 1576 5427 admoneat
1604 5373 1774 5426 Varro
1806 5373 1933 5429 libr.
1968 5390 2045 5435 ιιι,
2084 5392 2133 5429 c.
2160 5378 2188 5428 7
2228 5393 2241 5428 :
2269 5375 2400 5429 Sunt

825 5447 986 5502 enim.
1027 5445 1226 5512 inquit,
1273 5445 1709 5515 permundaaltaz
1759 5444 2011 5498 volucres.
2060 5445 2246 5515 Itaque
2282 5457 2402 5514 apte

830 5516 1101 5567 consentit
1128 5530 1254 5569 cum
1306 5529 1523 5567 sumtno
1560 5512 1799 5583 Virginis
1851 5515 2027 5569 nitore
2071 5512 2269 5570 nomen
2310 5512 2401 5570 ο...

829 5584 1047 5639 lumbae.
1084 5584 1149 5638 Et
1194 5600 1392 5637 nomen
1443 5586 1662 5653 quidem
1712 5583 1997 5639 Hebraeum
2046 5589 2335 5650 columlnu,
2370 5602 2400 5640 a

830 5655 1011 5708 radice
1066 5656 1339 5725 impurum
1394 5658 1523 5723 quid
1564 5663 1618 5708 et
1648 5656 1967 5723 graveolens
1990 5656 2196 5711 ferente
2224 5658 2399 5710 dedu-

830 5737 978 5777 ctum
1010 5733 1115 5788 est,
1146 5726 1272 5796 quia
1307 5725 1545 5778 indidem
1597 5726 1877 5779 derivatur
1910 5728 2055 5782 unde
2099 5742 2314 5781 omnum
2350 5737 2403 5780 et

829 5796 1023 5860 lutum,
1067 5805 1123 5849 ut
1149 5796 1381 5851 Samius
1410 5796 1462 5849 in
1497 5811 1619 5866 cap.
1652 5812 1693 5850 ιι
1748 5797 1986 5863 Cantie.,
2018 5814 2075 5853 ιι.
2108 5797 2197 5863 58,
2231 5798 2398 5850 ratio-

2504 4542 2651 4592 tinus
2682 4540 2806 4592 libr.
2837 4554 2935 4603 vti,
2978 4536 3055 4590 De
3076 4534 3463 4603 arcanis,ieap.
3490 4534 3543 4596 5,
3570 4548 3892 4603 expressum
3923 4543 4079 4602 putat

2500 4624 2566 4662 eo
2590 4607 2824 4677 Spiritus
2850 4602 3025 4662 sancti
3055 4606 3277 4677 oraculo
3304 4602 3516 4658 Can’tic.
3548 4620 3582 4657 ιι
3618 4620 3633 4656 :
3668 4602 3929 4677 Columba
3962 4619 4079 4677 mea

2501 4679 2553 4731 in
2585 4673 2935 4747 foraminibus
2982 4687 3164 4746 petris.
3212 4674 3345 4728 Nam
3387 4683 3591 4747 petram
3628 4673 3693 4725 ad
3741 4675 4076 4747 principium

2503 4742 2867 4819 generationis
2889 4742 3170 4819 pertinere
3190 4753 3341 4814 putat
3359 4758 3426 4797 ex
3459 4744 3613 4819 Isaia:
3634 4758 3724 4805 LV,
3740 4743 3830 4819 ubi
3850 4742 4075 4819 _l|ebrri

2497 4814 2758 4887 iubentur
2788 4814 3068 4872 attendere
3108 4817 3174 4869 ad
3229 4824 3435 4887 petram
3489 4816 3631 4887 unde
3667 4814 3863 4887 _excisi
3896 4825 4076 4887 erant,

2504 4883 2554 4943 id
2603 4898 2707 4951 est,
2758 4891 2823 4941 ad
2873 4903 2986 4942 suae
3019 4885 3390 4957 generationis
3445 4883 3802 4957 principium.
3847 4886 3904 4935 lu
3946 4886 4080 4957 ipsis

2504 4974 2632 5027 ergo
2660 4968 2821 5026 petra:
2853 4954 3235 5019 foraminibus,
3268 4955 3431 5027 inque
3462 4957 3582 5027 ipso
3611 4954 3791 5022 primo
3820 4963 3981 5027 ortus
4011 4955 4079 5004 ad

2506 5023 2673 5082 vitam
2748 5029 3013 5097 principio
3062 5028 3274 5096 puritas
3338 5023 3575 5097 Virginis
3633 5026 4080 5097 commendatur.

2510 5097 2641 5152 Vide
2675 5092 3038 5167 Neleinberg.
3064 5092 3130 5150 in
3165 5092 3543 5167 Exceptionib.
3577 5110 3627 5148 c.
3671 5092 3757 5167 13.

2577 5169 2687 5237 (58)
2726 5168 2912 5221 Exstat
2942 5161 3231 5237 lii'cgcauon
3272 5161 3458 5220 G'raace
3491 5176 3698 5237 tantum
3728 5166 3783 5217 in
3820 5161 4083 5237 Paraclef

2510 5234 2612 5292 lica
2655 5234 2993 5301 Graecorum,
3023 5235 3178 5290 Feria
3214 5252 3288 5298 tv,
3325 5237 3463 5290 sexti
3498 5236 3631 5289 tomi
3685 5249 3782 5287 seu
3829 5234 4083 5287 secundi.

2576 5308 2686 5378 (59)
2711 5310 2787 5363 Ne
2813 5309 3009 5378 aliquis
3034 5317 3249 5377 putaret
3273 5306 3335 5358 Β.
3368 5305 3642 5374 Virginem
3668 5302 3826 5368 false,
3847 5306 4087 5378 inaniter

2503 5389 2557 5433 et
2586 5376 2719 5433 ﬁcte
2781 5376 2919 5432 dici‘
2972 5376 3163 5447 puram
3238 5387 3291 5431 et
3360 5378 3810 5439 immaculatam,
3875 5376 4088 5427 addidit

2502 5449 2794 5518 Joseplius,
2851 5466 2988 5510 vere,
3042 5448 3358 5517 signiﬁcans
3411 5447 3584 5518 ipsam
3625 5448 3678 5498 in
3709 5447 3947 5498 veritate
3984 5460 4089 5513 pu-

2507 5536 2620 5573 ram
2649 5521 2814 5572 fuisse.
2864 5532 3025 5587 atque
3068 5519 3497 5572 immaculatam.
3522 5517 3729 5569 Revera
3760 5525 3946 5569 autem
3978 5528 4085 5567 uon

2508 5591 2709 5644 fuisset
2733 5605 2891 5658 pura,
2922 5604 3020 5642 nec
3050 5589 3154 5642 dici
3192 5598 3369 5656 posset
3390 5602 3514 5641 vere
3542 5590 3916 5650 immaculata,
3954 5587 3999 5639 si
4031 5590 4084 5638 iu

2507 5662 2681 5728 primo
2713 5661 2943 5713 instanti
2995 5661 3079 5712 sui
3127 5674 3249 5713 esse
3284 5659 3598 5727 itnpur'ttale
3629 5672 3693 5711 ac
3716 5659 3942 5712 macula
3974 5658 4087 5709 ori-

2505 5732 2697 5800 ginalis
2728 5730 2976 5784 criminis
3004 5731 3277 5784 sordidata
3310 5729 3675 5799 apparuisset.
