4164 6456
98 393 222 457 1029

1487 378 1851 442 MARIALE.

3179 371 3322 440 1030

93 511 227 579 πάθη
265 505 544 576 ὠλίσθησα
580 502 791 575 χαλεπά
812 516 827 535 ο
854 501 937 557 διό
974 517 1057 568 σε,
1088 498 1225 553 Θεοῦ
1260 498 1375 566 ναὶ,
1408 497 1657 559 ἱκετεύω,
1688 538 1697 559 λ

1802 511 1885 550 em
1915 496 2161 560 effectus,
2194 491 2497 548 voluntarie
2524 492 2579 547 in
2608 491 3021 549 molestissimas
3044 492 3328 562 passiones

94 600 373 664 Δέσποινα,
402 596 589 666 βοήθει
617 611 732 664 μοι.

156 768 377 830 Παστάς
403 766 610 838 Κυρίου
642 762 896 833 ἔκλεκτὴ,
926 759 1178 832 οὐρανίου
1210 756 1480 820 παστάδος
1503 756 1656 825 ποίη-

96 863 179 915 σόν
249 877 317 931 με
345 858 681 927 κληρονόμον
710 857 801 908 τὸν
820 855 888 924 τῇ
921 851 1042 923 θείᾳ
1085 866 1181 903 σου
1237 849 1437 919 σκέπῃ,
1478 848 1553 911 ὡς
1600 850 1659 901 ὲν

95 951 319 1006 παστάδι
366 950 538 1019 σεπτῇ
584 945 707 1002 καθ’
738 944 978 1014 ἑκάστην
1029 940 1179 1011 πόθῳ
1204 957 1263 994 σε
1306 938 1657 1009 γεραίροντα.

763 1131 885 1184 Ὧδὴ
908 1130 970 1184 δ’.

763 1132 777 1152 ’
823 1132 850 1184 δ
908 1132 970 1184 δ’.

166 1227 431 1291 Ῥανίσιν,
454 1225 710 1295 άχραντε,
738 1132 979 1291 πῖεῗρᾶς
1006 1219 1100 1273 τοῦ
1130 1220 1291 1272 τόκου
1328 1233 1423 1270 σου
1435 1214 1542 1268 τῶν
1555 1232 1660 1267 πα-

93 1321 194 1374 θῶν
230 1337 331 1389 μου
350 1319 444 1371 τδν
474 1316 648 1387 ρὗον
677 1315 771 1368 καὶ
803 1313 927 1375 τοὺς
946 1312 1151 1373 δεινοὺς
1177 1308 1397 1369 σπίλους
1413 1309 1511 1378 τῆς
1528 1323 1660 1374 καρ-

91 1413 202 1475 δίας
235 1428 338 1481 μου
374 1408 787 1479 ὲναποκάθαρον
807 1446 822 1470 ,
875 1404 1038 1474 ἁγνὴ,
1079 1404 1175 1456 καὶ
1206 1399 1347 1469 φωτί
1379 1416 1473 1453 σου
1498 1415 1665 1452 κατα-

93 1506 427 1573 λάμπρυνον.

172 1561 320 1637 Ὁδὸς
355 1572 545 1628 εὐθεῖά
579 1588 688 1641 μοι,
741 1570 859 1633 ὁδὸς
886 1568 1182 1636 εἰσάγουσα
1222 1563 1492 1636 σωτηρίας
1529 1561 1664 1633 πρὸς

94 1666 311 1737 τρίϐους
358 1664 516 1735 ήτὴν
562 1663 681 1717 ὁδὸν
740 1658 944 1725 τέξασα
983 1655 1666 1729 γενήθητι,ἁποπλανήσει

93 1758 309 1829 πονηρᾷ
333 1758 437 1811 καθ
455 1759 468 1777 ‘
494 1757 734 1825 ἑκάστην
759 1752 1139 1807 ὁλισθαίνοντι.

1756 587 2043 656 prolapsus
2072 602 2215 641 sum.
2273 584 2565 654 Propterea
2603 585 2831 654 supplex
2875 600 3012 655 rogo
3052 596 3125 649 te,
3152 601 3186 641 o
3222 587 3330 640 Do-

1757 680 1929 739 mina,
1955 693 2074 746 quae
2100 694 2159 732 es
2188 678 2448 748 templum
2480 675 2595 740 Dei,
2628 675 2825 743 adjuva
2856 691 2964 730 me.

1831 769 1992 840 Regis
2021 768 2233 822 Domini
2259 768 2534 823 thalamus
2566 765 2791 832 electus,
2821 765 2908 822 fac
2957 782 3046 822 me
3094 767 3331 824 caelestis

1759 861 1984 915 thalami
2054 869 2364 915 consortem
2427 859 2608 913 divina
2666 859 3002 927 protectione
3054 868 3188 925 tua;
3229 874 3332 930 ego

1760 953 1961 1019 quippe
2004 952 2055 1006 in
2089 957 2323 1021 augusto
2352 948 2591 1004 thalamo
2614 946 2865 1019 quotidie
2897 962 3021 1003 cum
3051 950 3251 1006 all‘ectu
3275 961 3329 1006 te

1761 1044 1992 1095 honoro.

2434 1128 2547 1184 Ode
2589 1131 2643 1184 ι.

1831 1223 2112 1290 Absterge,
2147 1236 2181 1276 0
2215 1221 2565 1276 immaculata
2609 1229 2665 1275 et
2734 1234 2892 1287 pura,
2920 1221 3033 1291 (ιο)
3085 1220 3253 1291 guttis
3306 1235 3339 1273 e

1763 1314 1932 1368 latere
1969 1312 2092 1367 Filii
2151 1312 2229 1366 tui
2289 1312 2666 1376 manantibus,
2733 1313 2926 1366 sordes
2983 1313 3334 1368 aﬂ’ectionum

1764 1420 2029 1471 mearum,
2062 1413 2117 1459 et
2141 1403 2412 1473 pessimas
2436 1404 2679 1459 maculas
2705 1403 2889 1459 cordis
2922 1404 3070 1471 mei;
3111 1414 3165 1460 et
3207 1406 3328 1460 luce

1765 1507 1855 1551 tua
1882 1498 2090 1551 illustra
2114 1511 2220 1550 me.

1837 1588 1924 1643 Sis
1955 1589 2110 1652 mihi,
2138 1596 2216 1653 tu,
2243 1602 2366 1658 quae
2388 1586 2529 1641 viam
2576 1587 2750 1656 ipsam
2804 1586 3085 1657 peperisti,
3113 1586 3199 1641 via
3261 1601 3344 1643 re-

1766 1690 1851 1737 cta
1876 1698 1890 1746 ;
1926 1680 2010 1733 via
2041 1696 2161 1749 qua:
2190 1679 2424 1735 deducat
2454 1695 2540 1734 me
2561 1679 2616 1733 in
2641 1679 2868 1735 semitas
2896 1681 3194 1746 salutares;
3213 1695 3340 1736 nam

1768 1774 2011 1845 quotidie
2036 1787 2222 1827 errore
2254 1774 2399 1827 malo
2425 1772 2702 1841 prolabor.

157 1850 407 1919 Σταγόνα
433 1848 699 1919 δμὸρισον
735 1848 791 1901 ὲν
814 1849 881 1918 τῇ
919 1844 1117 1917 καρδίᾳ
1146 1860 1248 1915 μου
1298 1837 1667 1937 κατανύξεως,

1797 1837 1800 1844 ’
1840 1866 2070 1921 Eliunde
2127 1866 2303 1922 stillas
2349 1837 2784 1937 compunctionis
2829 1869 2884 1924 in
2928 1868 3093 1924 corde
3147 1882 3343 1935 meo,o

96 1942 266 2013 Κόρη,
298 1942 332 2012 ή
364 1942 464 2010 τὴν
489 1939 678 2010 πηγὴν
707 1937 808 2009 τῆς
839 1937 986 2021 ζωῆς
1016 1936 1287 2007 κυήσασα,
1331 1934 1431 1995 τὰς
1456 1928 1669 2000 διεκχύ-

96 2049 205 2096 σεις
235 2030 345 2085 τῶν
401 2029 553 2101 ὲμῶν
605 2028 945 2100 παθημάτων
1009 2024 1430 2080 άναστέλλουσα.

170 2125 339 2193 ’Δγῑα
355 2123 644 2189 Δέσποινα,
673 2124 766 2176 τὸν
790 2121 1091 2192 ὑπεράγων
1120 2121 1157 2189 ή
1187 2118 1441 2188 κυήσασα
1479 2114 1669 2184 Λόγον,

96 2216 371 2286 άγιασμδν
401 2217 467 2288 τῇ
493 2215 640 2286 ψυχῇ
667 2233 767 2287 μου
801 2213 1068 2282 δώρησαι,
1106 2210 1203 2264 καὶ
1227 2205 1521 2280 τρικυμίας
1548 2222 1672 2259 πει-

100 2308 330 2379 ρασμῶν
352 2308 453 2379 τήν
472 2307 620 2380 ζωήν
647 2324 749 2378 μου
775 2303 1160 2376 ιλευθέρωσον.

758 2491 890 2561 ’ῼδὴ
923 2498 988 2547 ε’.

163 2605 336 2659 Ξένον
363 2605 441 2669 ὡς
469 2605 709 2675 ἔσχηκας
759 2610 1017 2669 τοκετδν,
1072 2605 1221 2669 εένον
1266 2620 1334 2675 με
1389 2604 1681 2673 γενόμενον

100 2698 241 2752 Θεοῦ
261 2698 618 2770 δι’άμαρτίας
648 2698 950 2763 οίκείωσον,
986 2698 1217 2764 ξένωσον
1249 2700 1312 2750 ὲκ
1340 2697 1563 2767 ταύτης,
1587 2697 1681 2750 καὶ

99 2790 178 2862 τῷ
201 2789 515 2862 οίκτίρμονι
544 2790 848 2855 οίκείωσον,
884 2789 1151 2860 Παρθένε,
1180 2792 1244 2859 τῇ
1282 2790 1530 2860 μεσιτείᾳ
1562 2806 1678 2845 σου.

186 3061 281 3123 Ὠς
312 3060 441 3131 δρος
463 3060 630 3114 πάλαι
660 3074 716 3112 σε
733 3060 929 3130 Δανιὴλ
962 3059 1173 3129 βλέπει,
1203 3060 1489 3131 τηλαυγῶς
1540 3080 1683 3132 μαρ-

1769 1956 1974 2021 Puella,
2016 1971 2139 2026 quae
2187 1954 2392 2012 fontem
2423 1956 2545 2011 vitae
2591 1957 2873 2026 peperisti,
2925 1966 2981 2013 et
3027 1956 3341 2025 passionum

1770 2062 2015 2104 mearum
2044 2048 2343 2104 eﬂ‘usiones
2373 2062 2680 2118 compesce.

1842 2141 1984 2195 Nulli
2006 2142 2292 2197 sanctitate
2323 2141 2561 2196 secunda
2588 2139 2816 2195 Domina
2849 2138 2984 2210 (Μ),
3027 2154 3151 2210 qua:
3196 2139 3348 2194 omni

1775 2232 2061 2288 sanctitate
2088 2231 2341 2301 superius
2366 2230 2599 2286 Verbum
2643 2230 2918 2301 peperisti,
2960 2231 3346 2285 sanctiﬁcatio-

1778 2338 1898 2376 nem
1960 2323 2158 2391 largire
2197 2323 2306 2393 36
2329 2322 2521 2377 animae
2582 2338 2737 2389 mete,
2794 2329 2849 2377 et
2907 2336 2939 2376 a
2984 2322 3346 2377 tentationum

1782 2415 2029 2485 procellis
2058 2415 2226 2471 libera
2258 2416 2423 2471 vitam
2473 2430 2670 2469 meam.

2444 2503 2556 2560 Ode
2577 2505 2631 2559 5.

1850 2620 1993 2689 Ipsa,
2021 2636 2141 2689 qua:
2170 2628 2382 2688 partum
2416 2619 2760 2688 peregrinum
2796 2617 3056 2680 habuisti,
3081 2632 3165 2670 me
3189 2631 3218 2670 a
3242 2616 3350 2668 Deo

1781 2715 2127 2783 peregrinum
2151 2713 2423 2777 eliectum,
2485 2727 2551 2767 eo
2594 2712 2737 2781 quod
2764 2715 2967 2780 peccati
3020 2709 3353 2765 domesticus

1785 2799 2002 2865 fuerim,
2035 2801 2103 2855 ab
2133 2803 2321 2855 eodem
2354 2809 2578 2869 peccato
2638 2798 2978 2867 peregrinum
3038 2796 3201 2850 redde
3249 2813 3264 2860 ;
3299 2805 3354 2849 et

1788 2894 2124 2947 misericordi
2158 2908 2244 2947 me
2270 2892 2632 2947 domesticum
2670 2890 2841 2953 eliice,
2869 2905 2901 2943 ο
2926 2888 3111 2956 Virgo,
3148 2887 3354 2940 media-

1788 2985 1932 3038 tione
1965 2995 2077 3038 tua.

1860 3072 2014 3127 Sicut
2040 3086 2279 3127 montem
2312 3073 2445 3126 vidit
2475 3084 2525 3125 te
2581 3072 2708 3123 olim
2771 3068 2979 3132 Daniel,
3029 3068 3356 3136 virginitatis

106 3156 391 3223 μρυγαίς
420 3152 521 3221 τῆς
545 3151 841 3222 παρθενίας
860 3152 1268 3222 ἐκλάμπουσαν,
1301 3152 1359 3218 ἐξ
1384 3146 1446 3206 οὗ
1468 3153 1676 3224 ἐτμήθη

1797 3166 1950 3219 ἀάίἰε
1989 3165 2268 3234 splendide
2301 3171 2706 3226 coruscantem,
2737 3177 2769 3214 ο
2798 3169 2908 3217 tota
2960 3161 3303 3215 immaculata
3337 3180 3352 3216 :

104 3246 255 3307 λίθος
305 3244 629 3314 συντρίῦων,
676 3243 940 3313 πάναγνε,
977 3243 1041 3297 τά
1086 3242 1277 3297 εἴδωλα
1298 3244 1397 3314 τῆς
1444 3244 1649 3316 πλάνης

106 3338 294 3392 σθένει
314 3336 583 3407 θεότητος.
768 3330 772 3333 ’

1788 3271 1851 3309 ex
1884 3272 1994 3325 quo
2028 3257 2309 3309 abscissus
2340 3264 2422 3310 est
2456 3255 2617 3323 lapis,
2648 3254 2740 3324 qui
2781 3252 2976 3307 robore
3033 3252 3355 3325 divinitatis,

1786 3348 1992 3401 erroris
2033 3349 2325 3401 simulacra
2363 3347 2637 3400 contrivit.

175 3428 639 3484 Trueulentorum
660 3429 931 3484 latronum
960 3428 1333 3485 invasionibus
1363 3430 1671 3489 sauciatum
1713 3434 1765 3488 in
1794 3441 2000 3503 anima,
2031 3448 2084 3493 et
2108 3440 2526 3495 semimortuum
2590 3444 2642 3494 in
2674 3441 2757 3494 via
2792 3439 2955 3508 hujus
2973 3441 3117 3503 vitae,
3179 3439 3358 3510 gravi—

106 3538 214 3594 que
244 3523 303 3578 in
333 3521 649 3577 discrimine
682 3522 938 3591 positum,
981 3524 1138 3577 visita
1167 3537 1276 3586 me,
1334 3538 1369 3579 o
1416 3521 1679 3580 Verbum.
1723 3542 1957 3599 peream
1988 3548 2112 3603 quae
2133 3534 2339 3601 peperit
2375 3543 2444 3586 te.

862 3614 981 3684 ᾭδὴ
1015 3614 1089 3678 ς’-

191 3708 262 3760 Ἦ
296 3706 491 3778 ῥάϐδος
524 3707 557 3775 ή
581 3705 802 3774 ἔντιμος
842 3707 876 3777 ή
924 3706 1276 3776 βλαστήσασα
1338 3707 1470 3776 ἡμῖν
1527 3707 1685 3774 ξύλον

110 3800 260 3870 ζωῆς
289 3799 379 3852 τὸν
403 3797 629 3867 Κύριον,
658 3797 758 3867 τὴν
784 3796 1045 3868 ταπεινὴν
1067 3796 1245 3868 ψυχήν
1264 3814 1367 3866 μου
1394 3796 1687 3867 φθοροποι-

109 3895 203 3954 ob;
237 3890 451 3953 ἐννοίας
484 3890 884 3960 βλαστάνουσαν
912 3890 992 3960 τῷ
1040 3889 1259 3960 σταυρῴ
1293 3888 1390 3942 τοῦ
1421 3888 1553 3942 Υἱοῦ
1591 3906 1683 3944 σου

112 3983 475 4054 άποκάθαρον

183 4076 373 4147 Θηρδς
396 4076 664 4146 ἁμαρτίας
696 4091 787 4145 με,
814 4073 889 4136 ὡς
922 4072 1139 4137 κυτώας
1190 4074 1254 4127 ὲκ
1314 4074 1550 4144 γαστρὸς
1606 4075 1699 4127 τὸν

128 4170 349 4231 Ἰωνᾶν,
404 4168 638 4236 ἐξάγαγε
684 4169 801 4229 σαῖς
834 4166 1083 4232 ίκεσίαις,
1116 4166 1279 4233 Λόγε,
1334 4166 1433 4236 τῆς
1494 4169 1551 4220 ὲν
1599 4182 1700 4233 γα-

119 4264 249 4331 στρὶ
280 4259 463 4329 ἁγνῶς
485 4261 815 4330 χωρησάσης
847 4275 908 4312 σε
936 4259 1027 4313 τὸν
1054 4258 1337 4329 άχώρητον
1366 4258 1545 4328 φύσει,
1599 4275 1700 4311 ’κο-

120 4352 333 4405 λυέλεε.

209 4442 576 4513 Ἐπλήθυναν,
601 4443 864 4508 Δέσποτα,
916 4442 1056 4513 ὑπὲρ
1102 4440 1283 4512 ἄμμον
1313 4441 1598 4494 θαλασσῶν
1633 4444 1701 4495 τὰ

2431 3624 2542 3678 0th
2577 3624 2607 3675 6

1866 3713 2109 3767 Emunda
2137 3729 2298 3768 cruce
2327 3713 2443 3766 Filii
2474 3715 2546 3766 lui
2586 3713 2859 3765 infelicem
2890 3712 3126 3765 animam
3161 3726 3358 3772 meam.

1792 3802 2148 3870 cngitationes
2172 3804 2365 3857 noxias
2404 3803 2756 3870 pullulantem
2782 3845 2798 3868 ,
2837 3818 2868 3856 ο
2920 3802 3070 3869 virga
3136 3817 3363 3855 venera-

1796 3892 1939 3956 bilis,
1969 3910 2032 3947 ex
2070 3910 2175 3963 qua
2205 3895 2364 3949 nobis
2395 3895 2598 3965 lignum
2625 3895 2746 3948 vitae
2780 3894 3040 3947 Dominus
3093 3894 3365 3962 germina-

1797 3984 1895 4036 vit.

1866 4076 1945 4131 διο
1985 4093 2015 4132 a
2048 4077 2157 4131 fera
2199 4080 2428 4147 peccati,
2454 4089 2711 4147 tanquam
2738 4076 2931 4133 Jonam
2962 4096 2992 4133 a
3042 4092 3231 4136 ventre
3259 4080 3367 4135 ceti

1798 4171 1956 4235 ednc,
1986 4184 2019 4222 o
2070 4170 2329 4234 Verbum,
2388 4171 2556 4224 multa
2601 4171 2888 4241 praeditum
2971 4173 3367 4235 misericordia,

1799 4276 1895 4329 per
1928 4262 2372 4317 intercessionem
2408 4264 2572 4326 illius,
2628 4278 2750 4332 qua:
2804 4272 2854 4317 te
2902 4264 3373 4333 incomprehensi-

1799 4350 1961 4405 bilcm
1990 4362 2203 4415 natura,
2226 4352 2278 4405 in
2305 4368 2405 4405 suo
2439 4362 2591 4407 uteio
2619 4352 2923 4407 castissime
2940 4353 3371 4421 comprehendit.

1880 4440 1926 4495 Ο
1958 4443 2203 4508 Domine,
2229 4444 2581 4511 multiplicata
2605 4452 2733 4498 sunt
2771 4459 2937 4513 super
2981 4457 3201 4495 arenam
3252 4457 3371 4495 ma-

128 4534 350 4605 πονηρά
374 4503 484 4602 μου
539 4503 890 4604 πταίσματα*
940 4503 1035 4596 ὡς.
1075 4503 1413 4603 κεκτημένος
1466 4532 1697 4600 πέλαγος

1813 4533 1884 4586 i'is
1922 4533 2155 4601 pes.~ima
2189 4543 2411 4603 peccata
2443 4550 2559 4587 mea
2589 4552 2601 4587 :
2646 4542 2726 4598 tu,
2760 4543 3019 4603 tanquam
3086 4532 3375 4603 possidens

200 4695 320 4763 (ω)
366 4692 597 4763 Quando
662 4691 873 4756 Patres,
900 4698 1018 4763 _ut_
1048 4688 1312 4763 Origenes
1370 4687 1608 4763 ilomil._i
1642 4689 1708 4763 de

123 4759 368 4821 diversis
406 4766 460 4817 in
506 4762 855 4825 Matthmum;
895 4759 951 4814 S.
988 4759 1295 4814 Bernardus
1326 4776 1488 4814 serui.
1527 4760 1612 4822 l5,
1643 4760 1709 4812 de

123 4838 303 4891 Cinna
360 4833 610 4898 Domini;
641 4832 699 4887 S.
747 4831 856 4886 Leo
915 4845 1050 4899 papa
1100 4830 1259 4898 epist.
1294 4830 1383 4893 38,
1437 4830 1495 4882 S.
1547 4828 1705 4882 Joan.

128 4909 568 4975 llhrysostomus
632 4903 685 4955 in
747 4917 873 4975 cap.
929 4916 980 4954 ιι
1019 4900 1184 4975 Epist.
1213 4900 1279 4953 ad
1335 4900 1607 4975 Hebraeos,
1657 4906 1710 4952 et

130 4968 263 5036 alii:
288 4974 567 5029 Christum
617 4968 1279 5034 vocant-immaculatum,
1318 4986 1425 5023 non
1471 4968 1646 5023 solum
1678 4984 1707 5022 τι

128 5046 364 5099 Christo
403 5053 682 5112 peccatum
724 5042 933 5097 actuale
962 5040 1279 5112 excludunt,
1312 5055 1497 5112 verum
1543 5042 1707 5092 etiam

135 5126 193 5170 et
225 5106 520 5177 originale,
552 5115 603 5166 id
636 5114 781 5180 quod
809 5126 1065 5181 expresse
1098 5109 1283 5181 docuit
1316 5106 1432 5163 Odo
1462 5110 1716 5181 Camera-

134 5187 325 5241 censis
353 5185 407 5237 in
451 5178 796 5252 Expositione
823 5178 1081 5245 Catienis,
1100 5180 1228 5235 dist.
1259 5181 1323 5252 ii,
1349 5180 1534 5252 dicens
1560 5194 1572 5229 :
1604 5178 1716 5252 Ησ-

134 5258 305 5308 stiani
337 5248 759 5317 immaculatum,
782 5253 836 5305 id
859 5263 959 5315 est,
991 5252 1105 5303 sine
1127 5250 1268 5302 omni
1291 5250 1500 5302 macula
1528 5248 1715 5317 σαίρω,

135 5336 324 5394 utpote
351 5333 595 5389 concepta
623 5336 667 5377 et
706 5333 833 5375 nata
856 5323 969 5394 sine
1000 5330 1232 5389 peccato.
1265 5320 1718 5394 Eodemprorsus

139 5390 310 5450 modo
342 5397 409 5448 de
441 5394 656 5462 Virgine
676 5393 1011 5447 censendum
1042 5407 1055 5443 :
1093 5405 1214 5443 nam
1258 5390 1715 5462 quemadmodum

140 5470 407 5521 Christus
430 5460 833 5517 nou—diceretur
854 5477 1039 5516 revera
1068 5461 1452 5514 iminaeulntus
1475 5460 1720 5512 absolute

139 5546 197 5591 et
239 5536 589 5604 simpliciter,
621 5534 665 5586 si
697 5533 916 5602 aliquod
948 5532 1260 5604 admisisset
1309 5537 1589 5604 peccatum
1617 5543 1723 5604 _ac-

144 5608 295 5661 tuale
321 5599 419 5658 aut
446 5605 728 5673 originale,
758 5599 911 5672 aique
945 5605 1125 5655 minus
1151 5599 1315 5673 Virgo
1374 5599 1723 5673 immaculata

149 5667 596 5745 nuncuparetur,
659 5667 721 5729 si
766 5667 987 5745 aliquod
1049 5667 1381 5745 agnovisset.
1426 5667 1724 5745 Meritoque

146 5748 267 5801 Odo
298 5739 720 5801 Gauieraeensis
773 5739 891 5799 loco
925 5739 1108 5797 citato’
1139 5742 1333 5796 eodem
1365 5739 1527 5795 modo
1558 5755 1726 5807 copu-

144 5820 278 5875 lavit
306 5816 496 5872 Jesuni
519 5813 794 5871 Christum
817 5824 870 5869 et
893 5812 1117 5869 Matrem
1136 5810 1255 5883 ejus
1272 5812 1325 5866 in
1347 5809 1727 5882 Elogioﬁnomi-

1815 4690 1899 4743 nis
1949 4689 2285 4743 immaculati
2320 4689 2448 4743 dum
2501 4690 2667 4744 dixit:
2701 4688 2769 4743 ab
2814 4687 3157 4741 immaculata
3205 4685 3378 4743 Matre

1815 4770 2084 4827 sumptam
2114 4776 2234 4814 esse
2264 4762 2490 4814 hostiam
2523 4762 2949 4814 immaculatam.
2973 4758 3105 4812 Vide
3132 4757 3379 4813 Nierem-
3406 4777 3412 4783 ·

1819 4830 2084 4899 bergium,
2122 4831 2173 4883 in
2206 4830 2626 4899 Exceptionibus
2649 4846 2766 4898 cap.
2798 4828 2852 4882 2.

1892 4898 2140 4967 (4Ι)Ηυο
2217 4898 2405 4967 Elogio
2498 4900 2782 4968 Deiparam
2851 4898 3124 4969 Virginem
3190 4912 3383 4954 omnes

1817 4972 2035 5022 omnino
2071 4980 2176 5023 tam
2242 4970 2490 5024 homines
2521 4985 2681 5038 quam
2722 4970 2942 5038 angelos
3003 4970 3056 5021 in
3096 4969 3383 5022 sanctitate

1816 5042 2117 5093 excessisse
2165 5041 2522 5107 proclamavit
2583 5038 2874 5107 Josephus,
2906 5043 3049 5102 quod
3115 5038 3381 5091 veriﬂcari

1816 5110 2124 5163 nullatenus
2179 5124 2357 5177 pOSSI'l.
2406 5118 2689 5163 contracto
2729 5119 2949 5177 peccato
2984 5108 3275 5176 originali;
3316 5123 3382 5160 ex

1817 5180 1916 5231 hac
1953 5180 2096 5248 enim
2143 5193 2291 5247 parte
2341 5181 2515 5247 angeli
2554 5190 2605 5233 et
2639 5180 2959 5248 protoplasti
3020 5180 3074 5231 in
3132 5178 3385 5247 paradiso

1815 5247 2070 5316 essentB.
2098 5249 2315 5318 Virgine
2332 5247 2652 5305 sanctiores.
2674 5247 2811 5303 Nam
2828 5251 2871 5305 si
2895 5249 3095 5318 primos
3114 5257 3385 5318 parentes,

1817 5319 1959 5389 quod
2012 5316 2216 5374 essent'
2237 5320 2534 5372 humanum
2583 5334 2754 5389 genus
2804 5316 3171 5389 pro‘pagaturi,
3208 5316 3384 5370 visum

1820 5386 1905 5442 est
1932 5386 2042 5441 Deo
2073 5390 2430 5443 sanctimonia
2461 5386 2684 5444 ornatos
2736 5386 3002 5443 in’lucem
3033 5391 3265 5441 educere
3295 5397 3384 5454 (ex

1821 5460 2186 5513 communiuri
2217 5459 2526 5525 sententia),
2552 5476 2619 5513 an
2637 5460 3090 5528 viileriipsialiter
3118 5459 3293 5525 potuit
3317 5457 3387 5508 de

1824 5529 1926 5582 hac
1948 5530 2115 5583 altera
2143 5529 2249 5583 Eva
2278 5533 2588 5596 reparanda:
2615 5531 2805 5585 salutis
2828 5529 3113 5599 adiutrice,
3133 5530 3387 5599 socioque

1824 5600 2217 5669 ampliﬁcandae
2278 5601 2602 5664 sanctitatis,
2631 5614 2685 5656 et
2741 5596 3120 5669 aliisiinsigui
3176 5596 3388 5668 gloriis.

1823 5668 1946 5739 quae
1964 5669 2302 5739 primigenia:
2330 5669 2470 5723 labis
2498 5672 2760 5740 probrum
2795 5679 2888 5725 aut
2915 5668 3205 5740 excludant
3230 5682 3391 5734 opor-

1826 5748 1923 5804 tet,
1955 5749 2050 5794 aut
2085 5740 2141 5794 in
2176 5740 2402 5793 dubium
2438 5739 2797 5796 revocentur?
2828 5740 2884 5795 Si
2916 5739 3092 5808 angeli
3148 5741 3199 5789 in
3262 5756 3391 5808 suo:

1828 5811 2016 5867 ctitate
2034 5825 2063 5865 a
2084 5809 2193 5866 Deo
2213 5811 2404 5878 creati,
2428 5827 2525 5867 cur
2547 5828 2652 5867 non
2678 5814 2931 5867 similiter
2943 5804 3132 5865 eorum
3153 5804 3396 5877 Regina?
