4164 6456
846 396 984 465 1031

1943 400 2001 456 S.
2048 398 2363 461 JOSEPIII
2404 403 2965 472 HYMNOGRAPHI

3953 422 4100 490 103?.

848 510 1096 582 pelagum
1137 509 1656 575 niisericortliarum,
1683 520 1956 574 converte,
1986 519 2039 564 et
2055 510 2202 566 salva
2256 529 2361 579 me,

2479 560 2489 587 λ
2518 520 2841 591 οἰκτιρμῶν,
2864 524 3210 596 ἐπίστρεψον,
3240 525 3411 580 σῶσόν
3425 544 3492 598 με
3511 530 3911 603 παρακλήσεσι,
3929 535 4098 605 Λὸγτ,

843 602 1101 666 Verbum,
1132 601 1581 657 advocationibus
1610 600 1900 657 Genitricis
1934 612 2057 657 tuae.

1408 714 1537 784 37¢
1552 713 1664 769 Ode
1693 715 1743 768 ’7.

919 804 1189 859 Detlicasti
1240 814 1395 873 partu
1458 816 1575 867 tuo,
1617 804 1709 873 qui
1752 804 1853 859 fuit
1917 821 2081 878 supra
2133 818 2402 875 naturam,

838 904 1091 950 naturam
1127 896 1284 964 primi
1313 896 1572 964 parentis.
1604 894 1688 950 Me
1727 896 1893 966 igitur
1940 899 2033 969 qui
2060 915 2221 969 supra
2245 910 2405 956 natu-

838 1002 954 1039 ram
986 1001 1171 1054 pecco,
1205 996 1259 1039 et
1286 986 1454 1051 Deum
1490 997 1681 1039 natura
1715 987 1916 1041 bonum
1967 990 2035 1043 ad
2087 992 2226 1044 iram
2279 1008 2407 1061 pro-

834 1091 988 1139 voco,
1021 1076 1281 1130 maternis
1322 1075 1429 1148 tuis
1457 1076 1989 1132 reconciliationibus
2014 1079 2187 1133 eidem
2210 1080 2401 1136 dome-

827 1169 1027 1221 sticum
1066 1169 1251 1222 redde.

902 1259 1107 1329 iugiter
1142 1269 1404 1314 emanant
1452 1274 1483 1313 a
1522 1260 1687 1315 corde
1722 1275 1841 1314 meo
1909 1272 2259 1330 peccatorum
2300 1264 2401 1319 llu-

828 1353 973 1405 mina
1013 1369 1026 1404 :
1060 1365 1115 1405 tu
1156 1367 1221 1405 cx
1241 1366 1353 1421 qua
1381 1367 1520 1421 aqua
1553 1352 1747 1406 salutis
1798 1353 2047 1407 fidelibus
2092 1356 2398 1425 scaturivit,

825 1442 1061 1495 enmnda
1098 1442 1226 1495 illud
1247 1482 1262 1507 ,
1295 1450 1565 1495 utcanere
1598 1442 1803 1511 possim
1835 1443 2139 1498 dulcisonis
2188 1446 2394 1502 modis:

826 1531 1139 1597 Benedicta,
1163 1545 1284 1601 qua:
1310 1530 1479 1585 Deum
1501 1532 1555 1586 in
1589 1547 1755 1588 carne
1806 1536 2087 1603 peperisti.

897 1623 1073 1692 Supra
1108 1633 1306 1677 terram
1344 1632 1401 1676 tu
1427 1623 1577 1678 fuisti
1624 1624 1821 1678 ccelum
1861 1624 2107 1679 Factoris
2161 1627 2283 1680 mali
2340 1636 2397 1681 et

2515 612 2616 681 τῆς
2642 613 2917 685 Τεκούσης
2947 634 3028 672 σε.

3183 734 3304 806 ᾭδὴ
3338 734 3404 800 ζ’.

2595 816 2660 869 Ἦ
2697 816 2796 889 τὴν
2829 819 2993 887 φύσιν
3023 823 3116 877 τοῦ
3150 825 3494 898 προπάτορος
3528 828 3781 884 θεώσασα
3825 830 3910 901 τῷ
3950 832 4094 906 ὑπὲρ

2512 908 2676 977 φύσιν
2696 913 2840 981 τόκῳ
2876 932 2992 981 σου,
3029 917 3363 988 ἀμαρτῶντά
3396 937 3463 990 με
3493 921 3634 992 ὑπὲρ
3657 922 3847 991 φύσιν,
3881 925 4093 976 καὶτὸν

2509 1002 2713 1070 ἀγαθὸν
2741 1008 2806 1075 τῇ
2840 1006 2997 1074 φύσει
3025 1010 3367 1079 πικράναντα
3397 1012 3551 1078 Θεὸν,
3582 1014 3966 1084 κατωλαγαίς
3992 1034 4089 1069 σου

2511 1099 2806 1162 μητρικαϊς
2838 1097 2988 1167 αύτῷ
3014 1100 3317 1155 οίκείωσον.

2581 1247 2692 1317 Τὴν
2726 1250 3079 1321 πηγάζουσαν
3109 1255 3369 1309 ἑκάστοτε
3419 1258 3648 1327 καρδίαν
3681 1279 3782 1331 μου
3810 1263 4074 1333 ἁμαρτη-

2517 1340 2703 1408 μάτων
2758 1344 3029 1414 ρεύματα,
3068 1349 3101 1417 ἠ
3140 1348 3437 1417 πηγάσασα
3470 1352 3744 1423 σωτηρίας
3783 1354 3935 1426 ὕδωρ
3964 1361 4078 1419 τοῖς

2505 1430 2733 1491 πιστοῖς,
2764 1429 3065 1501 καθάρισον
3107 1432 3335 1502 μέλπειν
3367 1436 3622 1505 ἐμμελῶς
3662 1453 3675 1466 ·
3720 1439 4082 1512 Εὐλογημένη

2501 1521 2534 1588 ἡ
2564 1517 2696 1571 Θεὸν
2720 1521 2884 1589 σαρκὶ⁵
2913 1524 3188 1592 κυήσασα.

2572 1611 2811 1681 Οὐρανὸς
2839 1612 2934 1665 ἐπὶ
2960 1614 3057 1682 τῆς
3081 1615 3184 1683 γῆς
3223 1616 3288 1669 σὺ
3320 1616 3695 1689 ἐχρημάτισας
3722 1620 3819 1673 τοῦ
3841 1622 4080 1692 ούρανοῦ

826 1729 1002 1781 ιρι-ηε,
1028 1733 1189 1788 quem
1227 1718 1454 1786 supplex
1480 1733 1702 1787 precare
1718 1727 1775 1771 ut
1795 1717 1987 1773 liberet
2014 1734 2145 1773 mea
2164 1722 2378 1775 terreni:

2498 1704 2593 1754 καὶ
2614 1704 2716 1772 γῆς
2737 1704 2991 1775 Παητοῦ,
3016 1705 3076 1757 δν
3103 1708 3312 1761 ἱκέτευε
3328 1709 3434 1761 τῶν
3462 1708 3561 1778 τῆς
3584 1710 3688 1780 γῆς
3707 1729 3773 1779 με
3804 1714 4077 1783 ῥύσασθαι

822 1810 1004 1873 malis,
1054 1821 1106 1863 et
1134 1810 1354 1877 dignum
1382 1825 1470 1863 me
1501 1809 1665 1863 faciat
1692 1818 1751 1863 ut
1798 1810 2068 1881 particeps
2089 1812 2192 1865 sim
2222 1813 2378 1866 bono-

2497 1791 2704 1855 κακῶν,
2736 1794 2831 1846 καὶ
2895 1795 3122 1865 μέτοχον
3177 1798 3285 1850 τῶν
3315 1799 3373 1850 ἐν
3427 1799 3679 1870 οὐρανοῖς
3731 1802 4079 1870 καταξιῶσαι

824 1916 941 1954 rum
980 1901 1309 1971 t-(glestium,
1342 1916 1375 1954 0
1406 1901 1500 1955 Dei
1530 1900 1798 1955 Genitrix.

1501 2013 1614 2069 Ode
1639 2015 1692 2069 8.

886 2104 1000 2175 Ego
1037 2106 1226 2171 miser,
1261 2108 1611 2175 quantumvis
1646 2107 1832 2170 nolim,
1884 2106 2062 2176 turpia
2104 2117 2382 2176 perpelor,

813 2199 1188 2252 consuetudini
1244 2200 1579 2262 deserviens,
1635 2213 1757 2268 qua:
1839 2214 1924 2251 me
2005 2200 2228 2268 subjicit
2272 2215 2389 2268 pes.

814 2289 968 2340 simis
1008 2288 1266 2351 dominis,
1320 2288 1477 2357 quia
1531 2287 1642 2343 Deo
1672 2288 2030 2355 exciderunt;
2080 2304 2114 2343 ο
2156 2290 2386 2344 Domina

816 2375 1001 2445 Virgo,
1032 2378 1201 2431 libera
1236 2394 1341 2431 nte.

882 2466 1152 2531 Genuisti,
1177 2485 1208 2521 υ
1240 2468 1469 2521 Domina
1497 2466 1677 2536 Virgo,
1703 2477 1917 2521 uotrum
1952 2468 2153 2523 nullius
2223 2484 2385 2525 manu

810 2558 1064 2626 agricolae
1090 2560 1322 2623 cultum,
1346 2574 1413 2613 ex
1438 2573 1550 2627 quo
1572 2560 1761 2611 vinum
1782 2556 2125 2612 salutiferum
2168 2560 2386 2629 proﬂuit

809 2650 1117 2724 universis;
1144 2664 1229 2703 me
1258 2651 1461 2719 peccati
1500 2651 1762 2705 ebrietate
1808 2651 2253 2720 obtenebratum,
2293 2668 2382 2709 so~

809 2740 1025 2795 brietati
1050 2754 1114 2794 ac
1144 2741 1303 2795 saluti
1348 2740 1588 2794 restitue.

878 2830 924 2887 Ο
965 2831 1213 2897 Domine,
1246 2832 1371 2885 licet
1399 2831 1768 2887 damnationis
1803 2847 1929 2887 reus
1964 2834 2089 2900 sim,
2146 2849 2215 2889 ne
2267 2845 2381 2890 sta-

809 2930 934 2977 tuas
966 2938 1052 2976 me
1091 2938 1214 2977 cun.
1260 2923 1554 2987 damnatis,
1588 2923 1642 2975 in
1684 2922 1815 2975 liora
1840 2921 2033 2990 judicii
2065 2942 2078 2977 :
2106 2923 2203 2977 sed
2257 2926 2378 2978 exi-

807 3027 975 3081 guum
1009 3012 1307 3081 suspirium
1336 3027 1515 3066 meum
1546 3013 1876 3083 suscipiens,
1906 3012 2116 3066 salvum
2163 3029 2247 3069 me
2268 3013 2378 3078 fac,

805 3122 841 3158 υ
872 3106 1181 3169 miseratur,
1234 3104 1723 3160 intercessionibus
1755 3103 1941 3158 Matris
1965 3113 2089 3159 tuae.

1502 3218 1614 3274 Ode
1654 3219 1706 3274 9.

875 3311 1209 3367 Conculcavi
1255 3326 1355 3379 ego
1390 3311 1540 3366 solus
1596 3326 1693 3380 per
1747 3327 2018 3366 summam
2080 3311 2378 3367 amentiam

803 3401 973 3471 legem
1004 3411 1149 3455 tuam
1171 3400 1584 3465 salutiferam,o
1630 3400 1879 3469 Christe;
1931 3411 1985 3456 et
2044 3402 2377 3472 gravissima:

803 3490 1226 3559 transgressioni
1254 3488 1367 3560 38
1421 3490 1697 3557 deservio,
1736 3491 1961 3561 jamque
2009 3492 2376 3547 damnationis

804 3596 929 3634 reus
956 3581 1136 3635 Iactus
1167 3596 1290 3635 sum
1322 3596 1337 3633 :
1369 3580 1519 3635 salva
1582 3595 1693 3647 me,
1730 3582 2068 3638 etmiserere
2112 3582 2243 3645 mei,
2282 3595 2376 3651 per

806 3678 1018 3724 castam
1059 3670 1232 3735 illam,
1265 3684 1384 3738 qua:
1410 3670 1618 3739 peperit
1644 3679 1716 3736 te,
1757 3680 1816 3725 tu
1860 3672 2061 3741 quippe
2109 3685 2170 3726 es
2224 3668 2373 3725 omni

800 3764 1042 3818 bonitate
1056 3765 1328 3833 superior.

869 3859 911 3910 A
940 3866 1267 3927 tempestate
1293 3856 1655 3912 tentationnm
1689 3855 1822 3911 milii
1874 3857 2111 3928 graviter
2160 3857 2372 3929 pericli-

801 3952 936 4003 tanti
965 3960 1082 4004 esto
1112 3960 1322 4019 portus,
1354 3964 1388 4004 ο
1408 3950 1517 4005 Deo
1537 3949 1859 4031 charissima
1887 3948 2113 4004 Domina
2138 3959 2225 4005 :et
2247 3965 2371 4021 pas-

795 4045 1013 4099 sionum
1078 4058 1319 4097 mearum
1404 4044 1604 4097 ﬂuctus
1679 4044 1955 4112 mitigans,
2017 4054 2367 4113 peccatorum

796 4150 1044 4187 meorum
1066 4134 1314 4203 pelagum
1354 4133 1590 4199 desicca,
1621 4140 1678 4186 ut
1708 4147 1806 4202 pro
1833 4133 2017 4187 debito
2052 4133 2266 4189 laudem
2314 4144 2366 4190 te

793 4226 943 4278 omni
979 4226 1136 4277 laude
1176 4226 1574 4293 dignissimam.

872 4317 1100 4371 Notitica
1129 4319 1259 4371 mibi
1291 4319 1431 4371 viain
1477 4326 1700 4381 rectam,
1732 4332 1764 4372 ο
1823 4316 2004 4387 Virgo,
2062 4332 2157 4386 per
2198 4332 2363 4387 quam

796 4411 1042 4464 Invenire
1069 4409 1272 4479 possim
1292 4418 1503 4479 portam
1526 4410 1590 4463 ad
1612 4426 1774 4479 regna
1802 4424 2037 4478 superna
2077 4412 2360 4476 ferentem,

796 4500 861 4552 ad
883 4501 1065 4552 divina
1095 4497 1333 4568 paradisi
1359 4499 1726 4563 tabernacula,
1751 4501 1816 4552 ad
1846 4514 2025 4551 veram
2048 4514 2111 4552 ac
2163 4500 2362 4569 sempi-

792 4598 1001 4643 ternam
1037 4587 1443 4642 beatitudinem.

862 4680 1094 4735 Ordines
1118 4681 1437 4751 angelorum
1469 4676 1782 4735 sanctorum
1808 4722 1823 4747 ,
1854 4682 2128 4736 exercitus
2157 4691 2359 4752 marty-

2350 1890 2358 1895 ’
2426 1884 2466 1939 Β
2496 1882 2737 1952 ἀγαθῶν,
2762 1886 3181 1957 Θεογεννήτρια.

3167 2003 3289 2077 ᾯδὴ
3325 2013 3394 2077 η’-

2562 2090 2672 2143 Καὶ
2698 2091 2773 2162 μὴ
2806 2090 2997 2160 θέλων,
3024 2087 3069 2146 ὦ
3106 2097 3293 2160 τάλας,
3329 2100 3553 2170 πράττω
3580 2102 3648 2155 τά
3694 2102 3874 2156 ἄτοπα
3903 2120 4070 2173 συνη-

2489 2179 2608 2249 θείᾳ
2624 2181 2891 2238 δουλεύων
2920 2186 3327 2262 καταδουλούση
3358 2207 3425 2261 με
3446 2190 3653 2256 δούλοις
3683 2197 3967 2266 πονηροῖς,
4008 2199 4072 2249 ἐκ

2487 2269 2624 2323 Θεοῦ
2658 2272 2974 2343 ὀλισθήσασι
2998 2288 3013 2303 ⁸
3042 2276 3311 2333 Δέσποινα
3342 2280 3611 2351 Παρθένε,
3660 2283 3952 2356 ἐλεύθερόν
3998 2302 4072 2357 με

2485 2362 2677 2427 δεῖξον.

2571 2455 2660 2516 Ὠς
2693 2454 2787 2507 τὸν
2821 2454 3015 2525 βότρυν
3078 2459 3311 2513 τεκοῦσα
3382 2462 3472 2515 τὸν
3523 2464 3881 2537 ἀγεώργητον
3905 2511 3923 2533 ,
3978 2470 4073 2523 τὸν

2486 2546 2806 2617 «maiorm
2835 2542 2979 2599 οἶνον
3008 2550 3140 2602 πᾶσι
3192 2553 3480 2624 σωτήριον,
3538 2556 3679 2625 μέθῃ
3737 2576 3804 2625 με
3860 2564 4067 2629 πικρᾶς

2484 2638 2759 2710 ἁμαρτίας
2798 2640 3182 2711 σκοτούμενον,
3204 2645 3471 2699 Δέσποινα
3493 2646 3758 2719 Παρθένε,
3780 2653 4068 2723 σωφρόνη·

2486 2751 2577 2789 σον
2607 2738 2701 2790 καὶ⁵
2730 2737 2924 2791 σῶσον.

2556 2828 2649 2899 Μή
2680 2845 2746 2899 με
2764 2830 2970 2900 στήσῃς
3003 2829 3063 2881 ὲν
3082 2828 3221 2900 ῶρᾳ,
3245 2830 3511 2898 Δέσποτα,
3537 2834 3773 2906 κρίσεως
3798 2838 3943 2905 μετά
3963 2835 4067 2890 τῶν

2482 2923 2829 2993 κατακρίτων
2851 2922 2979 2975 ὄντα
3002 2922 3353 2991 κατάκριτον,
3388 2926 3526 2979 ἀλλά
3549 2928 3639 2980 τὸν
3682 2932 3883 3000 μικρὸν
3940 2949 4064 2984 στε-

2482 3014 2690 3082 ναγμόν
2716 3029 2819 3083 μου
2847 3012 3161 3082 δεξάμενος,
3186 3012 3359 3068 σῶσόν
3393 3033 3462 3087 με
3499 3022 3816 3089 πρεσϐείαις
3833 3020 3937 3092 τῆς
3967 3024 4065 3092 σῆς

2484 3104 2728 3174 Μητρὸς,
2761 3105 3016 3178 οίκτίρμο
3052 3142 3064 3157 .

3169 3224 3292 3295 ᾯδὴ
3318 3224 3385 3280 e.

2570 3307 2699 3378 Ἐμὲ
2721 3308 2811 3362 τὸν
2848 3310 3009 3380 μόνον
3051 3315 3520 3384 καταπατήσαντα
3551 3314 3938 3384 φρενοδλαῦῶς
3971 3318 4061 3371 τὸν

2485 3400 2645 3471 νόμον
2676 3404 3029 3472 σου,Χριστὲ,
3064 3404 3156 3458 τὸν
3183 3408 3472 3476 σωτήριον,
3503 3408 3597 3460 καὶ
3627 3408 3777 3480 δεινῇ
3803 3410 4057 3479 παρασά-

2485 3493 2965 3562 σειδουλεύσαντα,
3011 3496 3107 3551 καὶ
3137 3498 3608 3568 κατακεκριμένον
3627 3498 3823 3563 σῶσον,
3854 3502 4059 3555 οἰκτεί-

2484 3603 2650 3659 ρησον
2675 3589 2763 3643 διὰ
2791 3589 2891 3660 τῆς
2918 3590 3185 3661 τεκούσης
3220 3606 3279 3643 σε
3298 3592 3489 3661 ἁγνῆς,
3550 3591 3626 3656 ὡς
3678 3593 4049 3667 ὑπεράγαοος.

2547 3850 2726 3922 Διμὴν
2742 3852 2801 3906 ἑν
2812 3850 2950 3924 ζάλῃ
2972 3869 3062 3921 μοι
3078 3852 3597 3907 κινδυνεύσαντιτῶν
3619 3852 3947 3925 πειρασμῶν
3962 3870 4053 3922 γε·

2476 3940 2590 4008 νοῦ,
2626 3942 2985 4013 θεοχαρίτωτε
3024 3945 3309 4008 Δέσποινα,
3346 3946 3442 3998 καὶ
3473 3944 3660 3998 παθῶν
3703 3960 3807 4014 μου
3833 3944 3928 3996 τὸν
3956 3948 4050 3997 σά-

2474 4032 2565 4086 λον
2594 4034 2855 4102 πράὒνον,
2881 4032 2943 4085 τὸ
2967 4033 3075 4087 τῶν
3095 4034 3381 4105 ἁμαρτιῶν
3418 4052 3519 4104 μου
3542 4034 3769 4104 ξήρανον
3789 4034 4045 4102 πέλαγος,

2472 4127 2620 4188 ὅπως
2649 4126 2792 4180 κατά
2818 4125 2979 4196 χρέος
3007 4142 3066 4178 σε
3087 4126 3240 4196 ὑμνῶ
3268 4128 3368 4197 τὴν
3390 4128 3787 4199 πολυύμνητον.

2555 4306 2703 4359 Ὀδδν
2729 4305 2943 4359 εὐθεῖάν
2974 4323 3065 4376 μοι
3119 4306 3524 4383 καθυπόδειξον,
3552 4305 3622 4361 δι’
3651 4302 3723 4380 ἧς
3750 4310 3939 4380 εὑρεῖν
3962 4312 4047 4366 δυ.

2470 4399 2724 4469 νήσωμαι
2770 4400 2869 4469 τὴν
2905 4398 3081 4469 πύλην
3131 4398 3231 4468 τὴν
3282 4398 3555 4470 φόρουσαν
3616 4401 3754 4470 πρὸς
3793 4404 3865 4455 τὰ
3912 4407 4041 4470 ἀνω,

2470 4493 2729 4562 Παρθένε,
2751 4491 3017 4561 βασίλεια,
3051 4492 3185 4562 πρὸς
3201 4492 3270 4545 τά
3284 4492 3381 4544 τοῦ
3420 4495 3750 4563 παραδείσου
3773 4495 3894 4549 θεῖα
3915 4514 4039 4569 σκη-

2390 4574 2436 4633 D
2464 4586 2716 4655 νὼματα,
2752 4588 2888 4656 πρὸς
2917 4586 3017 4657 τὴν
3042 4586 3093 4639 δι
3117 4587 3133 4605 ‘
3158 4587 3355 4649 αίῶνος
3399 4586 3578 4658 ἀληθῆ
3634 4591 4035 4660 μακαριότητα.

2656 4680 2881 4746 στρατὸς
2901 4677 3213 4748 μαρτύρων,
3236 4678 3399 4730 όσίων
3418 4678 3695 4746 σύλλογος,
3744 4680 4034 4751 ίεραρχῶν,

788 4788 935 4837 rum,
982 4770 1386 4836 confessorem,
1429 4773 1869 4835 hieran—Irarum,
1895 4772 2193 4841 juslorum,
2232 4788 2358 4840 pro-

2479 4772 2709 4836 Ξικαίων,
2739 4770 3053 4842 προφητῶν,
3082 4772 3396 4826 ἀποστόλων
3416 4789 3500 4839 τε,
3521 4774 3630 4825 τῶν
3674 4775 3929 4843 ἀγγέλων
3973 4778 4033 4829 τά

788 4866 1075 4936 plietarum
1120 4874 1281 4935 atque
1313 4864 1683 4934 apostolorum
1727 4876 1923 4928 curtus,
1956 4879 2060 4917 una
2092 4879 2216 4917 cum
2249 4864 2356 4919 Ge-

789 4960 984 5012 nilrice
1002 4968 1115 5023 tua,
1133 4967 1204 5022 te;
1228 4957 1463 5021 Christe,
1480 4969 1766 5026 precantur
1784 4977 1797 5011 ;
1819 4956 1898 5011 Tu
1921 4969 2175 5026 tanquam
2193 4958 2359 5011 multa

785 5050 1046 5119 prmditus
1079 5048 1477 5109 misericordia,
1501 5050 1648 5102 salva
1670 5064 1792 5113 nos,
1810 5058 1864 5103 et
1890 5051 2144 5104 miserere
2162 5050 2353 5104 nostri.

1471 5161 1581 5217 Vlll

2464 4865 2739 4933 τάγματα,
2770 4866 2908 4933 μετὰ
2936 4863 3034 4934 τῆς
3071 4882 3129 4918 σε
3174 4865 3441 4935 τεκούσης
3489 4865 3873 4920 ἔκδυσωποῦσί
3915 4885 3971 4921 σε
4014 4884 4027 4897 ·

2466 4953 2647 5006 Σῶσον
2671 4955 2839 5025 ἡμᾶς,
2876 4954 3164 5027 οίκτειρον,
3205 4957 3428 5028 Χριστὲ,
3453 4955 3527 5020 ὡς
3553 4958 3867 5023 πολυέλεος.

3187 5171 3268 5226 H'.

785 5254 851 5312 In
902 5256 1294 5342 sanctissimam
1340 5254 1844 5342 Derparampatt‘on
1888 5254 2020 5342 XIII
2058 5256 2352 5337 (12)cujus

2479 5262 2559 5327 ἳίς
2578 5261 2692 5328 τὴν
2725 5264 3057 5342 ὑπερατίαν
3094 5266 3407 5342 Θερτόκοκ,
3452 5268 3667 5342 Κανῲις
3686 5268 3764 5339 η’,
3804 5268 3878 5328 οὗ
3914 5276 4026 5342 ἠδ-

850 5326 1161 5447 storm-fcitis
1184 5337 1259 5378 est
1287 5342 1305 5379 .'
1346 5346 1363 5377 ι
1391 5331 1586 5380 Octava
1623 5327 1691 5378 do
1722 5328 1837 5391 tibi,
1876 5325 2077 5390 Maria,
2121 5329 2349 5381 cantica.

888 5412 1063 5447 οδρυι.
1096 5414 1115 5446 ι

888 5412 1063 5462 οδρρη.
1096 5414 1115 5446 ι

1458 5483 1570 5539 Odc
1608 5487 1653 5538 l.

849 5574 896 5630 0
924 5575 1160 5646 gloriosa
1197 5586 1250 5631 ct
1329 5589 1502 5644 casta,
1541 5596 1660 5647 «ιιιίυ
1707 5582 1819 5635 sola
1874 5582 2112 5634 lidelium
2180 5581 2349 5650 gloria

854 5758 964 5828 (42)
1000 5759 1189 5815 Exstat
1236 5761 1321 5815 hic
1359 5761 1544 5816 Conon
1592 5764 1774 5817 (ξι-,ι’ρο
1821 5774 2028 5818 tantum
2072 5767 2122 5818 in
2173 5767 2336 5821 Para-

780 5828 972 5885 cletico
1008 5831 1318 5887 Cura-corum
1358 5835 1503 5887 edito
1558 5837 1689 5889 lenia
1744 5851 1791 5889 Iv
1844 5839 2020 5890 octavi
2077 5840 2185 5891 toni
2241 5854 2333 5892 seu

2524 5335 2825 5402 κροστιχί(
2856 5334 2989 5388 ἐστι
3016 5352 3029 5365 ’
3068 5354 3085 5387 ι
3111 5335 3325 5404 Δέησίς
3366 5337 3537 5391 ἐστιν
3558 5334 3745 5409 ὀγόόὴ
3776 5342 3850 5411 τῇ
3881 5334 4024 5413 Πίῳ·

2522 5402 2693 5465 θένῳ.
2719 5422 2738 5454 ι
2787 5402 3027 5473 Ἰωσήφ.

3105 5497 3227 5553 Ὠδὴ
3253 5517 3289 5553 α
3308 5538 3323 5552 .

3105 5499 3118 5517 ‘
3164 5498 3193 5550 δ
3253 5517 3323 5553 α.

2523 5586 2893 5658 Δεδοξασμένα
2961 5591 3092 5660 περὶ
3120 5498 3239 5644 21:16
3293 5592 4016 5669 λελάληται,δεδοξασμένη,

2446 5768 2827 5836 quartiplagii,
2863 5779 2917 5825 et
2949 5749 3002 5824 in
3034 5770 3367 5828 Paracletico
3389 5791 3494 5832 ms.
3527 5774 3881 5834 Biblimbeca
3903 5798 4013 5835 mo-

2448 5843 2666 5892 nastcrii
2688 5840 3115 5909 Cryptmferratw
3136 5842 3266 5898 feria
3304 5860 3374 5900 vt.
