4164 6456
212 426 350 491 1033

1606 424 1968 487 MARIALE.

3306 416 3443 479 103’s

213 542 372 611 ἁγνὴ,
406 542 437 609 ἡ
473 540 580 593 τῶν
630 538 836 593 πιστῶν
886 538 1010 603 δόξα
1062 539 1197 609 μόνη
1236 541 1654 610 χρηματίσασω
1707 539 1788 592 διὸ

1896 536 2028 590 facta
2055 550 2144 589 es:
2178 534 2409 604 gloriosa
2447 531 2591 585 dicta
2620 541 2747 586 sunt
2778 532 2843 586 de
2872 542 2957 586 te:
2994 537 3295 600 propterea,
3316 534 3441 586 dum

214 632 511 702 μελλούσης
538 630 696 698 δόξης
729 647 794 700 με
828 631 1085 683 κοινωνὸν
1125 633 1244 693 σαῖς
1280 632 1595 701 πρεσϐείαις
1622 631 1779 698 δοξά-

212 724 376 788 ζοντά
420 742 481 775 σε
535 723 831 788 ἀνάδειξον,
881 723 1117 794 ἄχραντε
1162 724 1467 794 πανάμωμε
1494 725 1779 778 Δέσποινα.

283 910 665 980 Εὐλογημένος
687 912 715 964 ὁ
750 911 985 980 καρπὸς,
1020 912 1349 981 πανὰμωμε,
1380 914 1410 965 ό
1437 913 1535 982 τῆς
1578 912 1782 976 κοιλίας

214 1019 330 1063 σου,
361 1003 429 1054 δι’
451 997 513 1055 οὗ
540 1002 721 1071 βροτοὶ
739 1002 1056 1073 πάντεςξτῆς
1078 1004 1215 1073 ἀρᾶς
1242 1003 1531 1074 ὲλύθημιεν.
1562 1003 1782 1074 εὐλογη-

216 1094 353 1162 μένη
385 1093 653 1159 πάναγνε,
698 1094 1097 1164 ἀνερμήνευτον
1147 1094 1354 1165 Θαῦμα,
1415 1096 1782 1166 ἀκατανόητον

212 1185 419 1255 ὅραμα,
448 1185 667 1239 πάντων
690 1202 749 1238 τε
786 1185 993 1256 βροτῶν
1016 1187 1076 1240 τὸ
1095 1185 1403 1257 διὰσωσμα.

294 1346 361 1399 Ἡ
392 1347 501 1400 τῶν
530 1346 778 1415 ἀγγέλων
809 1347 1045 1401 δυσωπεῖ
1068 1366 1151 1413 σε,
1186 1348 1381 1418 Κύριε,
1409 1347 1616 1418 πληθὺς
1656 1350 1784 1404 ἑκά·-

215 1456 392 1502 στοτε,
420 1440 528 1491 τῶν
566 1440 825 1510 μαθητῶν
855 1440 1049 1509 δῆμος,
1096 1441 1392 1510 προφητῶν
1424 1443 1453 1494 ό
1505 1441 1780 1511 σύλλογος,

217 1531 514 1602 μαρτύρων
547 1534 640 1586 καὶ
681 1533 841 1585 όσίων
878 1549 993 1586 σου’
1048 1533 1137 1587 διὰ
1165 1534 1261 1604 τῆς
1288 1535 1571 1598 Θεοτόκου,
1605 1536 1787 1606 ἁμαρ-

214 1625 477 1693 τημάτων
513 1624 857 1697 συγχώρησιν
888 1624 1130 1697 δώρησαι
1178 1628 1330 1698 ἡμῖν,
1360 1627 1436 1691 ὼς
1482 1627 1786 1698 φιλάνορωο

217 1734 342 1779 πος.

289 1809 354 1862 Σὲ
374 1810 471 1880 τὴν
488 1811 545 1863 ὲν
575 1810 901 1880 σπλάγχνοις
933 1810 1255 1882 δεξαμένην,
1305 1812 1559 1883 ἄχραντε,
1584 1814 1645 1868 τὸ
1673 1814 1788 1883 φῶς

216 1900 277 1952 τὸ
302 1902 561 1956 ἀστεκτον
582 1902 880 1957 ὲκδυσωπῶ
906 1902 1111 1957 πίστειο
1136 1904 1235 1972 τῆς
1263 1904 1484 1977 γεέννης
1511 1904 1671 1975 ῥῦσαί
1698 1923 1786 1976 με,

216 1994 312 2043 καὶ
340 1992 441 2059 τῆς
471 1993 843 2063 ἀποκειμένης
901 2011 993 2064 μοι
1045 1994 1135 2048 διὰ
1189 1997 1391 2066 πλῆθος
1438 1998 1793 2068 πταισμάτων

217 2077 494 2144 κολάσεως
532 2082 915 2151 ὲλευθέρωσον,
944 2081 1039 2135 σοῦ
1084 2086 1203 2149 ταῖς
1230 2085 1640 2155 εὐπροσδέκτοις
1666 2086 1790 2159 δεή-

221 2182 392 2218 σεσιν.

917 2277 1039 2349 ᾮδὴ
1069 2277 1139 2346 γη

302 2366 477 2437 Ἱερᾶς
508 2367 784 2431 πολιτείας
823 2368 1135 2436 ἀποπεσὼν,
1198 2374 1461 2443 ἄχραντε,
1505 2392 1788 2447 παρασυν-

220 2460 460 2530 εὸλήθην
480 2464 591 2523 τοῖς
614 2462 834 2530 κτήνεσι
855 2463 947 2516 καὶ
970 2464 1295 2534 κατάκριτος
1315 2465 1433 2529 ὅλος
1462 2469 1786 2538 γεγένημαιο

221 2551 256 2619 ἡ
292 2551 381 2603 τὸν
408 2552 616 2621 Κριτὴν
653 2554 907 2605 τετοκυῖα
964 2554 1166 2622 πάσης,
1210 2556 1585 2626 κατακρίσεως
1625 2557 1789 2626 ῥῦσαι

221 2643 318 2695 καὶ
358 2643 532 2695 σῶσόν
561 2659 649 2712 με.

294 2735 640 2803 Στεναγμοὺς
668 2736 1002 2800 ἀνενδότους,
1030 2738 1119 2790 καὶ
1149 2737 1379 2809 ψυχικὸν
1403 2741 1661 2813 δάκρυον,
1688 2747 1787 2798 καὶ

221 2826 447 2896 διηνεκῆ
478 2844 567 2897 μοι
598 2829 909 2899 παράσχου,
953 2831 1118 2901 κόρη,
1143 2835 1455 2899 κατάνυξιν,
1486 2837 1631 2898 ὅπως
1659 2857 1788 2891 πεν-

226 2918 379 2989 θήσω
433 2920 631 2988 μουτά
682 2923 999 2991 συμφυέντα
1050 2942 1138 2994 μοι
1193 2926 1340 2997 πάθη
1363 2928 1421 2993 ἐξ
1462 2930 1789 3001 ἀπροσεξίας

227 3028 359 3082 μου,
383 3010 783 3083 Θεοχαρίτωτε.

310 3097 658 3167 Ἐπουράνιαι
686 3097 888 3167 τάξεις,
924 3102 1265 3174 λειτουργικὰ
1296 3109 1598 3176 πνεύματα,
1619 3110 1789 3183 δῆμος

1887 635 1937 681 te
1964 625 2229 695 glorifico,
2258 626 2342 679 fac.
2372 638 2457 679 me
2480 622 2793 691 participem
2835 623 3031 677 futurae
3058 621 3241 690 gloria:
3283 623 3446 674 inter-

1886 718 2227 773 cessionibus
2256 716 2387 780 tuis,
2416 731 2447 771 0
2479 714 2706 770 Domina
2731 712 3096 777 immaculata,
3138 722 3192 767 et
3213 713 3279 766 ab
3301 713 3446 766 omni

1887 810 2005 862 labe
2037 808 2212 862 aliena
2252 808 2389 876 (45).

1948 900 2057 970 39
2084 900 2291 954 Carens
2317 900 2465 952 omni
2496 898 2704 954 macula
2732 896 2897 965 Virgo
2920 896 3055 966 (Ui),
3080 906 3189 952 tota
3223 910 3369 953 casm
3390 912 3453 952 ac

1888 993 2191 1056 benedicta,
2241 990 2625 1061 inexplicabile
2654 988 3002 1049 miraculum,
3035 988 3451 1057 incomprehen-

1887 1084 2044 1138 sibile
2071 1084 2464 1153 spectaculum,
2493 1081 2734 1135 omnium
2782 1080 3097 1135 mortalium
3137 1081 3309 1146 Salus,
3360 1081 3452 1135 bc-

1888 1174 2131 1229 nedictus
2163 1175 2234 1229 sit
2265 1174 2475 1229 fructus
2516 1171 2719 1226 ventris
2748 1171 2848 1235 tui,
2879 1186 2973 1240 per
2996 1184 3158 1238 quam
3192 1186 3293 1227 nos
3352 1174 3447 1227 lio-

1888 1266 2060 1321 mines
2088 1266 2319 1320 universi
2351 1280 2380 1319 a
2417 1262 2795 1318 inaledietione
2819 1262 3029 1316 liberati
3058 1278 3270 1316 sunms.

1958 1357 2139 1412 Turba
2199 1356 2516 1426 angelorum
2573 1353 2817 1423 copiosa,
2873 1352 3261 1421 discipulorum
3324 1369 3454 1409 con-

1888 1459 2100 1507 ventus.
2148 1446 2559 1515 prophetarum,
2622 1451 2924 1510 martyrum
2976 1453 3031 1495 et
3074 1442 3450 1497 confessormn

1891 1549 2107 1592 tuorum
2142 1548 2341 1601 cretus,
2374 1546 2443 1601 te,
2481 1534 2729 1598 Domine,
2769 1546 2984 1601 semper
3022 1539 3274 1600 precatur
3310 1549 3324 1585 :
3354 1548 3453 1600 per

1891 1629 2174 1699 Deiparam
2206 1627 2404 1698 largire
2440 1627 2599 1681 nobis
2623 1632 2968 1696 peccatorum
2993 1626 3231 1690 veniam,
3267 1634 3455 1695 utpote

1890 1723 2171 1777 homimun
2204 1730 2439 1775 amator.
2902 1762 2905 1767 .

1959 1814 2038 1868 Ad
2064 1823 2135 1879 te,
2171 1828 2205 1868 o
2252 1810 2621 1875 immaculata,
2672 1826 2792 1881 quae
2840 1813 3016 1883 ignem
3058 1810 3454 1865 intolerabilem

1898 1907 2040 1961 intra
2068 1907 2274 1960 viscera
2302 1904 2612 1975 suscepisti,
2656 1905 2931 1975 supplices
2960 1919 3081 1960 cum
3114 1904 3218 1958 llde
3267 1918 3456 1973 pret-es

1898 1998 2052 2053 fero:
2089 2013 2120 2051 a
2151 1996 2393 2066 gehenna
2441 1996 2587 2066 eripe
2642 2010 2766 2061 me,
2820 2006 2873 2051 et
2904 2009 2933 2049 a
2966 1995 3252 2065 supplicio,
3312 1997 3456 2064 quod

1896 2100 2120 2161 propter
2144 2088 2545 2144 multitudinem
2595 2096 2945 2160 peccatorum
3008 2104 3252 2142 meorum
3301 2104 3460 2158 para—

1898 2192 2013 2238 tum
2039 2192 2123 2237 est
2150 2182 2304 2247 mihi,
2332 2182 2501 2237 libera
2524 2196 2609 2236 me
2632 2180 3025 2249 acceptissimis
3053 2180 3303 2251 precibus
3325 2182 3456 2236 tuis.

2543 2292 2655 2349 Ode
2687 2295 2739 2349 5.

1969 2384 2039 2442 Ut
2069 2402 2098 2441 a
2122 2387 2293 2443 sacris
2324 2387 2444 2441 vitze
2473 2385 2738 2441 institutis
2767 2384 2964 2448 excidi,
3005 2399 3038 2438 o
3070 2384 3414 2438 immaculata
3438 2422 3456 2447 ,

1896 2487 2239 2548 comparatus
2264 2493 2383 2533 sum
2410 2478 2694 2545 iumentis,
2724 2485 2777 2531 et
2801 2475 3088 2531 damnatus
3107 2483 3253 2529 totus
3287 2474 3460 2529 factus

1896 2586 2054 2633 sunt;
2093 2581 2145 2623 tu
2174 2584 2293 2639 qua!
2321 2568 2567 2623 Iudicem
2604 2569 2885 2638 peperisti,
2916 2568 2986 2623 ab
3033 2569 3181 2622 omni
3233 2569 3461 2622 damna-

1897 2662 2045 2715 tione
2068 2662 2236 2716 libera
2264 2677 2371 2726 me,
2399 2670 2449 2715 et
2474 2662 2621 2714 salva
2646 2675 2752 2715 me.

1966 2754 2253 2809 Assiduam
2322 2753 2822 2822 compunetionem,
2867 2767 3025 2807 veros
3083 2751 3335 2821 gemitus.
3396 2765 3460 2804 ac

1896 2846 2161 2915 lacryinas
2202 2861 2264 2900 ex
2324 2846 2507 2898 animo
2562 2853 2880 2900 emanantes
2922 2843 3165 2899 concede
3226 2844 3379 2905 mihi,
3426 2860 3459 2898 o

1895 2937 2097 3005 puella,
2124 2935 2494 3005 utpassiones
2535 2950 2655 3004 qua:
2697 2934 2828 2988 mihi
2879 2950 2943 2990 ex
2978 2948 3094 2988 mea
3136 2932 3459 3004 negligentia

1896 3028 2249 3090 inhaesernnt,
2278 3025 2475 3079 deﬂere
2504 3027 2732 3094 possim,
2756 3040 2789 3079 ο
2816 3025 2923 3080 Deo
2950 3025 3280 3095 gratissima.

1968 3120 2197 3189 Digesta:
2244 3133 2338 3187 per
2387 3117 2583 3172 coelum
2638 3122 2956 3188 angelorum
3005 3115 3170 3178 acies,
3228 3116 3463 3168 admini.

227 3189 545 3258 προφητῶν,
576 3190 885 3246 ἀποστόλων
909 3210 1023 3260 σου,
1065 3201 1156 3249 καὶ
1199 3199 1491 3268 μαρτύρων
1533 3221 1649 3270 σου,
1691 3210 1790 3263 σὺν

1896 3212 2132 3269 stratorii
2159 3211 2403 3281 spiritus,
2442 3210 2600 3265 turba
2627 3211 3037 3280 prophetarum,
3060 3207 3456 3278 apostolorum,

224 3284 293 3349 τῇ
353 3281 585 3353 τεκούσῃ
636 3298 714 3344 σε,
761 3282 1184 3352 ὲκδυσωποῦσιν,
1240 3290 1541 3362 οἱκτίρμον,
1580 3297 1655 3367 τῷ
1685 3300 1798 3368 λα,ίρ

229 3388 323 3423 σου
354 3371 595 3442 δὼρησαι
627 3376 981 3445 πταισμάτων
1010 3379 1224 3446 ἄφεσιν.

305 3556 656 3625 Συμπχοείας
680 3578 745 3629 με
775 3560 1032 3626 οείας,ὼς
1063 3564 1374 3633 συμπαθὴς,
1415 3566 1669 3637 ἄχραντε,
1704 3574 1796 3628 νῦν

231 3650 581 3713 καταξιῶσαι
638 3651 876 3706 δυσώπει
926 3655 1018 3706 τὸν
1074 3657 1516 3727 εὐσυμπάοητον,
1564 3666 1798 3733 τρόπους

230 3747 613 3817 ἀππλάγχνους
637 3752 729 3803 καὶ
748 3751 1090 3819 ἀσυμπαθεῖς
1129 3757 1482 3823 κεκτημένον,
1514 3760 1799 3828 μετανοίας

232 3839 469 3908 τρόπους
504 3856 571 3909 με
596 3839 687 3891 νῦν
706 3842 1058 3896 ἀνακάλεσαι.

309 4096 422 4166 (45)
459 4094 583 4150 "see
608 4111 708 4149 vox
738 4095 1099 4157 immaculata,
1129 4096 1386 4166 adjuncta
1428 4096 1670 4154 Domina:
1712 4116 1811 4155 no-

236 4176 367 4221 stra:
395 4166 598 4235 Virgini
634 4166 893 4235 Deiparze,
935 4168 1137 4219 exserit
1199 4182 1390 4222 omnes
1457 4169 1600 4222 vires
1675 4186 1807 4226 suas

236 4248 289 4291 et
355 4236 746 4303 plenitudinem
830 4236 1081 4304 puritatis
1161 4237 1451 4305 significat,
1512 4238 1807 4305 excludens

238 4306 464 4361 onmem
514 4306 782 4359 maculam
814 4308 928 4359 sive
977 4304 1401 4370 actualem,sive
1448 4304 1803 4375 originalem;

243 4376 487 4429 nobilius
520 4378 840 4448 signilieans‘
871 4376 1238 4448 exclusionem
1272 4376 1500 4431 maculae
1522 4380 1805 4448 originalis

239 4448 293 4499 in
335 4449 686 4516 conceptione
723 4445 1007 4513 c0njnucta
1061 4445 1285 4513 Virgini,
1332 4462 1494 4516 quam
1524 4447 1567 4501 si
1610 4445 1807 4503 conce-

1896 3320 1960 3361 ae
1990 3314 2287 3373 martyrum
2321 3311 2564 3367 tuorum,
2615 3317 2721 3356 una
2787 3315 2910 3355 cum
2963 3299 3235 3356 Genitrice
3262 3309 3375 3361 tua,
3408 3309 3461 3353 te

1894 3398 2210 3469 suppliciter
2232 3404 2479 3457 exorant,
2509 3409 2543 3449 ο
2591 3395 2904 3449 misericors
2930 3433 2945 3457 ,
3014 3403 3073 3449 ut
3133 3392 3332 3462 populo
3364 3402 3459 3447 tuo

1895 3504 2242 3563 peccatorum
2275 3488 2664 3557 indulgentiam
2717 3487 2987 3557 largiar-is.

1966 3586 2007 3636 0
2052 3581 2425 3643 immaculata,
2496 3589 2755 3646 tanquam
2823 3578 3162 3647 compatiens
3241 3591 3462 3646 precare

1896 3676 2049 3730 illum
2081 3674 2173 3743 qui
2208 3672 2444 3725 maxime
2472 3672 2729 3723 omnibus
2772 3670 3122 3738 compatitur,
3173 3678 3231 3723 ut
3256 3684 3340 3722 me
3377 3669 3460 3721 di-

1896 3769 2021 3820 vina
2054 3763 2434 3831 compassione
2482 3762 2704 3830 dignum
2757 3760 2997 3815 efficiat:
3045 3772 3242 3815 etcum
3280 3774 3460 3812 mores

1900 3860 2160 3923 immites,
2185 3867 2239 3911 et
2276 3854 2641 3923 compatiendi
2673 3856 2892 3925 ignaros
2929 3854 3224 3916 induerim,
3261 3860 3318 3906 tu
3376 3868 3461 3905 me

1900 3964 2047 4004 nunc
2079 3949 2144 4003 ad
2190 3942 2521 4017 pmnitentiie
2548 3960 2727 3999 mores
2758 3959 2967 4000 revoca.

1914 4102 2136 4173 Virgine
2160 4102 2454 4173 epithetum
2486 4104 2864 4160 immaculata,
2892 4113 3054 4173 quam
3097 4098 3141 4153 si
3181 4113 3302 4173 eum
3334 4114 3467 4152 con-

1916 4168 2349 4241 cepiione'ipsa
2443 4173 2891 4239 coniungeretur.
2942 4168 3084 4241 _Vide
3171 4170 3461 4241 tLaldei-nn,

1917 4237 2023 4297 Pro
2058 4243 2210 4295 titulo
2241 4237 2603 4294 immaculata:
2626 4237 2997 4307 conceptionis,
3019 4253 3135 4306 cap.
3168 4237 3218 4299 5,
3255 4256 3304 4291 ιι.
3340 4239 3460 4292 197.

1987 4314 2099 4383 (44)
2132 4313 2385 4365 Potuitne
2419 4310 2589 4383 Virgo
2608 4311 2754 4364 omni
2791 4310 3236 4383 carere_tnaCttla,
3271 4311 3465 4383 si_ori-

1914 4377 2111 4452 ginalis
2164 4383 2366 4451 peccati
2416 4377 2625 4452 macula
2658 4396 2761 4433 non
2801 4378 3014 4452 caruit:
3040 4377 3227 4452 Nonne
3268 4378 3461 4431 mirmn

1913 4447 2331 4522 apparet,'quod
2366 4466 2488 4505 eum
2519 4450 2734 4522 dubitet
2776 4464 2942 4522 nemo
2982 4447 3084 4522 Dei
3122 4448 3341 4522 Matrem
3373 4463 3464 4500 ac-

238 4513 413 4585 ptioni
447 4510 545 4591 ipsi
580 4510 860 4591 jungatur.
898 4515 1100 4591 Iudicat
1128 4510 1273 4591 enim
1306 4510 1569 4591 originem
1608 4529 1660 4570 et
1685 4519 1807 4572 fon-
1840 4510 1883 4565 ι)
1914 4510 2043 4577 ti'iali
2091 4510 2315 4591 peccato
2353 4536 2629 4588 nunquam
2664 4517 2831 4591 fuisse
2864 4517 2946 4591 vel
2987 4517 3173 4570 leviter
3206 4516 3461 4591 amatam,

240 4598 372 4647 tem,
411 4586 551 4638 unde
603 4586 945 4651 conceptioni
989 4586 1234 4653 provenit
1265 4589 1405 4652 quod
1444 4586 1515 4639 sit
1549 4587 1814 4642 immacu-

239 4656 351 4709 lata
388 4664 443 4708 et
477 4657 555 4725 ab
578 4656 727 4709 omni
774 4655 892 4709 labe
939 4656 1139 4725 aliena,
1169 4671 1360 4724 nempe
1401 4660 1651 4724 gratiam,
1692 4674 1814 4725 quae

241 4725 445 4779 animae
476 4723 715 4793 Virginis
743 4725 988 4778 inhaeret.
1012 4724 1172 4790 Virgo
1202 4723 1346 4779 enim
1374 4723 1480 4779 non
1513 4737 1594 4779 est
1616 4723 1811 4780 imma-

240 4796 424 4847 culata
458 4809 522 4846 ex
552 4796 601 4847 vi
634 4810 745 4847 sane
788 4797 1178 4862 eoneeptionis.
1215 4798 1304 4847 sed
1335 4812 1399 4849 ex
1428 4796 1686 4851 beneficio
1721 4798 1809 4850 Dei

241 4864 586 4917 infundentis
617 4864 690 4916 illi
724 4867 973 4931 gratiam,
1018 4866 1067 4915 in
1117 4865 1233 4931 ipso
1264 4866 1641 4933 conecpliunis
1693 4884 1811 4919 Ino-

242 4944 451 4988 mento.
479 4935 658 4999 Quare
684 4936 766 5004 (ut
790 4950 938 4986 more
959 4935 1284 5004 scholastica
1306 4936 1517 5003 loquar)
1549 4937 1661 4990 haec
1686 4954 1815 4990 cau-

242 5004 376 5058 salis
405 5016 488 5057 est
517 5019 637 5056 vera
669 5002 836 5071 :‘quia
869 5004 1047 5056 anima
1077 5002 1312 5071 Virginis
1342 5002 1424 5058 εει
1464 5004 1813 5059 immaculata

244 5078 300 5127 in
333 5085 609 5127 memento
639 5075 1031 5140 conceptionis,
1052 5075 1337 5141 conceptio
1363 5074 1481 5142 ipsa
1506 5083 1591 5129 est
1621 5076 1814 5128 innua-

242 5143 425 5197 culata
464 5159 571 5197 non
603 5160 633 5197 e
658 5155 866 5197 contra.
889 5145 965 5195 Ad
1000 5146 1132 5210 lucc,
1166 5142 1329 5213 Virgo
1359 5154 1441 5198 est
1467 5146 1812 5200 immaculata

214 5215 546 5267 .intrinsece
592 5229 688 5281 per
732 5216 984 5281 gratiam,
1017 5224 1071 5266 et
1124 5215 1417 5267 carentiatn
1466 5216 1690 5269 macula:
1714 5217 1814 5284 ipsi

244 5285 602 5337 inhaerentem
627 5298 641 5346 ;
671 5285 953 5351 conceptio
989 5299 1116 5338 vero
1145 5293 1228 5339 est
1264 5284 1607 5337 immaculata
1634 5286 1810 5338 solum

243 5356 671 5423 exti’itiseceper
697 5353 1193 5407 denominationem
1223 5370 1252 5407 a
1271 5353 1502 5422 puritate
1515 5370 1634 5423 qua:
1652 5365 1733 5409 est
1761 5358 1812 5407 in

246 5423 493 5491 Virgine.
538 5421 832 5491 Conceptio
870 5425 1012 5476 enim
1066 5438 1242 5492 neque
1274 5421 1575 5478 inti-insece
1642 5434 1815 5493 potest

245 5494 452 5547 habere
491 5493 740 5560 gratiam,
768 5508 943 5562 neque
977 5496 1213 5559 culpam,
1243 5493 1333 5547 sed
1379 5504 1564 5547 sancta
1619 5496 1816 5547 dicitur

245 5579 276 5616 a
312 5564 605 5617 sanctitate
657 5566 872 5625 animm,
912 5566 1179 5617 maculata
1230 5578 1358 5617 vero
1386 5572 1498 5615 tum
1548 5565 1615 5616 ab
1677 5565 1814 5617 infe-

246 5637 432 5686 etione
466 5633 691 5688 seminis
723 5649 786 5688 ex
819 5634 1000 5689 debito
1047 5643 1101 5688 et
1139 5639 1293 5704 quasi
1343 5634 1669 5699 radicaliter,
1703 5647 1813 5688 tum

247 5706 554 5757 l'ormaliter
585 5719 614 5757 a
650 5704 858 5758 macula
888 5704 1183 5759 inhznrente
1216 5706 1431 5769 aninue,
1454 5720 1575 5772 qua:
1630 5705 1813 5759 omnia

248 5776 592 5843 conceptioni
626 5776 729 5842 ipsi
778 5775 1083 5829 extrinseca
1119 5785 1264 5829 sunt.
1295 5772 1541 5828 Nobilius
1579 5790 1706 5844 ergo
1736 5778 1812 5827 si-

248 5846 540 5915 gniﬁcatur
574 5845 783 5914 put-itas
825 5846 1195 5914 eoneeptionis
1244 5847 1623 5916 coniungendo
1684 5862 1806 5901 cum

574 5942 842 5998 PsTnOL.
888 5938 1005 5999 GR.
1056 5939 1184 6001 CV.

1916 4609 2038 4647 esse
2074 4587 2426 4645 nihilominus
2458 4587 2547 4655 qui
2581 4590 2745 4641 velint
2783 4588 3032 4640 fmilatam
3075 4587 3279 4641 maenla
3308 4589 3465 4651 longe

1917 4663 2146 4730 turpiori
2173 4659 2265 4713 ?ls
2299 4672 2548 4723 sanctus,
2582 4658 2912 4730 impollutus,
2936 4666 3246 4730 segregatus
3277 4671 3305 4709 a
3343 4672 3465 4730 pec—

1916 4726 2188 4787 eatoribus
2218 4741 2325 4783 tam
2378 4731 2584 4797 procul,
2615 4741 2672 4780 ut
2724 4728 3026 4780 sanctitatis
3063 4735 3216 4779 notas
3268 4726 3464 4794 popqu

1919 4802 2198 4856 sacrificiis
2226 4812 2278 4852 et
2306 4800 2523 4866 templo,
2550 4797 2943 4861 sacerdotibus,
2979 4797 3195 4859 tln'ono,
3236 4810 3299 4866 ac
3340 4798 3465 4847 reli-

1916 4874 2038 4941 quis
2089 4864 2548 4941 olinrlalu'ic'amli
2582 4869 2683 4941 sibi
2736 4867 2913 4941 palatii
2946 4866 3105 4941 nudis
3137 4864 3464 4941 imaginibus

1917 4935 2078 5010 atque
2132 4940 2338 4993 umbris
2399 4940 2465 4990 ah
2524 4939 2654 4990 orbe
2685 4939 2924 5010 fundite
2962 4936 3322 5010 impresserit,
3366 4935 3467 4988 hoc

1919 5006 2094 5077 ipsum
2137 5010 2416 5079 palatium,
2460 5022 2650 5074 nempe
2685 5006 2904 5059 Matrellt
2943 5006 3239 5079 divinitatis
3271 5020 3467 5071 corpu-

1917 5075 2408 5144 randtefasteruum
2448 5079 2747 5145 augustale,
2784 5092 2905 5129 cum
2938 5075 3091 5129 facile
3123 5084 3469 5145 posset,non

1915 5152 2135 5211 exeruit,
2173 5150 2402 5208 scilicet,
2437 5164 2465 5198 ιι
2499 5144 2613 5200 labe
2644 5147 2954 5201 detestanda
2992 5146 3195 5212 peecali
3224 5144 3381 5199 nobis
3404 5147 3471 5197 ab

1917 5232 2036 5273 ortu
2072 5219 2381 5287 congcniti?
2410 5217 2474 5271 Et
2506 5221 2556 5271 in
2588 5218 2691 5270 illis
2721 5219 2788 5269 ab
2814 5234 2930 5270 sese
2962 5217 3253 5282 plurimum
3302 5230 3474 5268 remo-

1919 5292 2009 5352 tis,
2044 5290 2283 5357 fumique
2325 5291 2496 5342 instar
2527 5288 2838 5348 defecturis,
2874 5288 2939 5339 ad
2974 5302 3031 5339 se
3066 5296 3243 5339 tamen
3276 5294 3474 5339 utcun-

1917 5376 2021 5427 que
2054 5360 2447 5427 spectantibus.
2470 5360 2723 5426 puritatis
2750 5374 2977 5409 sutmna:
3004 5358 3275 5414 curiosus.
3307 5370 3474 5422 copu-

1920 5431 2133 5483 landam
2168 5432 2268 5482 sibi
2301 5430 2611 5481 arctissimo
2640 5429 2885 5480 omnium
2925 5443 2988 5480 ae
3021 5427 3252 5479 maxime
3282 5427 3474 5478 intimo

1917 5517 1979 5554 ae
2011 5502 2341 5567 sempiterno
2375 5500 2587 5551 vinculo
2627 5499 2895 5563 neglexit?
2930 5498 3128 5549 Passus
3175 5511 3473 5567 exsecran-

1916 5572 2108 5623 tlaium
2134 5566 2381 5623 Studium
2415 5570 2761 5621 contumeliis
2796 5578 2977 5636 patere
3003 5582 3163 5635 quam
3210 5567 3314 5619 sibi
3364 5566 3474 5636 Mag-

1917 5651 2051 5693 trem
2077 5640 2381 5709 delegerat?
2399 5637 2598 5692 Passus
2614 5633 2840 5692 daemonii
2860 5633 3076 5691 carnem
3093 5633 3482 5709 semelmanci-

1918 5710 2054 5796 pari;
2071 5707 2236 5796 quani
2254 5710 2445 5796 deinde
2461 5724 2647 5796 secum
2681 5720 2821 5796 esset
2838 5710 2890 5761 in
2918 5718 3237 5796 perpetuum
3254 5707 3480 5773 junctu-

1920 5776 2013 5833 i'us
2030 5780 2051 5831 ?
2071 5776 2200 5834 Vide
2222 5778 2750 5853 Ludoviculauinum
2771 5780 2893 5853 Sne.
2912 5777 3068 5832 Jesus
3087 5779 3137 5830 in
3162 5776 3363 5853 Corona
3380 5793 3478 5853 ας-

1917 5853 2235 5920 gustissimcc
2254 5847 2689 5919 Vn‘ginislllatris
2718 5850 2829 5915 Dei,
2851 5858 3007 5903 tract.
3044 5865 3081 5911 1,
3114 5847 3398 5903 excellent.
3421 5847 3473 5898 7.

3127 5940 3204 5999 33
