4164 6456
737 418 874 481 1035
1823 402 1879 457 Si,
1926 392 2236 457 JOSEPIH
2282 387 2844 449 IIYMNOGRAPIII
3839 397 3981 460 1036

1319 520 1427 591 [ιο
1458 518 1567 570 οιιυ
1616 518 1671 569 ι.
2329 505 2379 562 Α
3039 505 3162 575 est;

798 639 932 691 Tota
970 651 1120 705 pura,
1145 630 1389 684 discinde
1426 627 1723 697 pessimum
1753 632 2097 693 peccatorum
2147 632 2297 671 meo—

2472 613 2545 665 Τὸ
2576 612 2811 683 πονηρὸν
2842 615 3130 684 ἁμαρτιῶν
3155 633 3259 686 μου
3291 619 3656 687 χειρόγραφον
3695 618 3818 689 θεία
3858 622 3976 686 λιι-ί-

733 747 848 781 rum
872 724 1288 791 chirographum
1312 718 1494 770 divina
1524 718 1730 771 lancea.
1756 728 1878 782 qute
1901 711 2129 781 pupugit
2160 708 2297 761 divi-

2404 723 2496 774 χῃ,
2542 705 2806 772 πάναγνε,
2828 706 3123 776 διάρρηξον
3139 710 3205 777 τῇ
3230 710 3543 778 κεντησάσῃ
3565 708 3717 761 Οείαν
3742 710 3986 777 πλευράν

734 839 861 874 num
888 821 1026 872 latus
1056 816 1221 877 illius,
1253 816 1344 882 qui
1372 828 1436 865 ex
1466 821 1534 873 te,
1557 824 1589 863 ο
1626 808 1806 876 Virgo,
1858 807 2023 859 homo
2052 803 2163 857 ﬁeri
2213 808 2296 854 at—

2402 796 2497 849 τοῦ
2526 796 2931 866 ὲνανορωπίσαι
2957 800 3021 851 ἐκ
3056 799 3173 864 σοῦ,
3208 801 3474 870 Παρθένε,
3502 801 3853 870 θελήσαντος,
3893 808 3988 854 καὶ

734 929 839 983 que
869 912 1006 963 inter
1039 908 1288 961 homines
1318 902 1523 959 versari
1580 899 1775 963 voluit,
1831 907 1885 951 et
1939 908 2182 966 precare,
2239 900 2299 983 ut

2406 886 2573 957 βίϐλῳ
2599 905 2667 955 με
2698 890 2977 958 γραφῆναι
3014 891 3319 959 σωζομένον
3344 891 3604 956 δυσώπει,
3622 892 3713 943 τὸν
3730 893 3986 963 ἀφρόνως

732 979 830 1071 ego
870 1019 898 1056 a
928 1002 1036 1055 Ι)υο
1068 1015 1162 1068 per
1192 1012 1365 1051 meam
1422 990 1789 1061 insipientiam
1840 988 2145 1056 elongatus,
2193 982 2299 1037 sal—

1422 990 1789 1061 insipientiam
1840 988 2145 1056 elongatus,
2193 982 2299 1037 sal—
2403 979 2540 1033 Θεοῦ
2583 981 3016 1053 ιοακρυνόμενον.

737 1097 1032 1149 tatnlorutn
1069 1094 1209 1146 libro
1230 1089 1493 1144 ascrihar.

800 1186 1135 1255 Indulgentia
1170 1184 1387 1251 dignum
1418 1196 1506 1234 me
1558 1178 1665 1241 fac,
1698 1190 1732 1229 ο
1764 1173 1968 1245 puella,
2014 1170 2107 1239 qui
2136 1168 2297 1222 vehe-

2477 1162 2594 1214 'lw.
2655 1165 2861 1231 φωναῖς
2920 1164 3295 1237 χαριστηρίοις
3359 1164 3564 1228 δοξάζω
3604 1184 3687 1231 σε,
3743 1168 3830 1219 ἵνα
3857 1166 3987 1235 θείῳ

734 1289 942 1333 menter
992 1289 1178 1345 pecco,
1205 1283 1257 1327 et
1290 1274 1342 1325 in
1375 1271 1561 1341 gravia
1583 1268 1778 1321 delicta
1816 1262 2127 1332 prolapsusf
2152 1272 2295 1320 sum,

2413 1250 2869 1323 ..όοῳμεγαλύνω
2922 1272 3003 1317 σε,
3059 1258 3158 1327 τὴν
3180 1258 3259 1327 τῷ
3326 1258 3573 1328 μεγίστῳ
3630 1276 3724 1310 σου
3776 1259 3987 1327 τοκετῷ

735 1382 794 1424 ut
823 1384 945 1423 eum
986 1344 1212 1419 vocibus
1244 1364 1419 1431 plenis
1449 1358 1747 1429 gratiarum
1779 1353 1997 1407 actione
2030 1359 2081 1404 te
2130 1347 2299 1417 glori-

2404 1344 2611 1407 πάντας
2684 1347 3139 1416 σμικρυνοέντας,
3193 1350 3523 1420 πανάμωμε,
3578 1352 3982 1419 μεγαλύνασαν,

734 1467 887 1516 licent
916 1468 969 1513 et
1006 1473 1128 1511 cum
1159 1455 1345 1509 divino
1364 1451 1557 1505 alfectu
1586 1446 1883 1518 gloriﬁccm
1908 1456 1979 1507 te,
2032 1457 2155 1512 qua:
2200 1454 2298 1493 ex-

2408 1436 2660 1503 μεγάλως
2685 1438 3019 1509 ἀμαρτῶντα
3035 1442 3126 1493 καὶ
3150 1441 3338 1505 δεινῶς
3358 1444 3753 1512 συμπωθέντα
3769 1461 3983 1513 συγχω-

731 1551 1120 1608 cellentissimo
1154 1554 1308 1615 partu
1348 1553 1440 1598 tuo
1487 1542 1783 1596 universos
1812 1538 1948 1593 viles
1986 1544 2149 1604 atque
2196 1531 2296 1584 ab-

1487 1542 1783 1596 nniversos
1812 1538 1948 1593 viles
1986 1544 2149 1604 atque
2196 1531 2296 1584 ab-
2406 1529 2638 1598 ρήσεως,
2678 1530 2838 1600 κόρη,
2871 1531 3124 1595 ἀξίωσον.

730 1648 920 1716 jcctos.
950 1658 983 1695 ο
1009 1640 1326 1711 purissima,
1368 1632 1752 1705 magniﬁcasti.

802 1709 1124 1791 lleatissima
1162 1732 1364 1785 illibata
1390 1727 1626 1797 puritate
1656 1724 1841 1793 Virgo,
1898 1722 1949 1775 in
1979 1728 2029 1775 te
2087 1727 2299 1773 natura!

2473 1710 2647 1779 Νόμοι
2670 1710 2725 1762 ἐν
2749 1709 2832 1764 σοὶ
2866 1716 3357 1784 κεκαινοτόμηνται
3379 1715 3618 1785 φύσεωςο
3650 1718 3794 1788 ὑπὲρ
3822 1720 3987 1787 φύσιν

751 1845 877 1897 eges
910 1829 1238 1880 innovantur
1264 1839 1281 1887 ;
1311 1819 1515 1875 etenim
1550 1831 1717 1886 supra
1750 1824 2001 1868 naturam
2056 1810 2294 1865 Verbum
2335 1866 2375 1897 ῃ

2344 1866 2375 1897 D
2404 1800 2577 1869 Λόγον
2593 1805 2700 1874 γὰρ
2728 1805 2987 1873 ἐκύησας·
3008 1805 3089 1857 διό
3115 1824 3173 1858 σε
3200 1808 3382 1860 πίστει
3414 1809 3714 1861 ὲκδυσωπῶ
3734 1812 3827 1861 τὸν
3844 1812 3988 1878 ὑπὲρ

732 1866 991 1989 βρῖιρΐίδιὶ
1018 1933 1030 1968 :
1068 1921 1355 1983 propterea
1390 1918 1440 1963 te
1464 1922 1589 1962 cum
1630 1904 1734 1959 ﬁde
1772 1917 1984 1973 precor,
2014 1910 2071 1954 ut
2096 1915 2181 1953 me
2207 1898 2301 1969 qui
2334 1866 2376 1923 Β

2340 1866 2378 1923 Β
2538 1866 2699 1962 φύσιν
2724 1896 2824 1964 τὴν
2847 1866 3217 1965 ἀνθρωπίνην,
3238 1898 3571 1966 πανάμωμε,
3601 1898 3771 1951 πολλὰ
3801 1866 3984 1969 ήμαρ;

734 1988 895 2080 supra
935 2010 1230 2063 humanam
1264 2012 1512 2056 naturam
1546 1998 1715 2052 multa
1746 1995 1987 2065 peccavi,
2031 2000 2083 2048 et
2112 2009 2143 2046 a
2194 1992 2304 2045 Deo

2410 1988 2737 2058 τηκότα,καὶ
2770 1988 2905 2043 Θεοῦ
2940 1990 3344 2063 μακρυνοέντα,
3382 1992 3789 2062 ἐπιστρέψαντα
3812 1992 3990 2043 σῶσον

732 2107 1019 2172 elongatus
1045 2114 1188 2161 sum,
1226 2102 1535 2156 convertas,
1565 2100 1621 2146 et
1655 2089 1865 2145 salvum
1921 2086 2091 2141 facias
2136 2085 2304 2138 inter-

1226 2102 1535 2156 convcrtas,
1565 2100 1621 2146 et
1655 2089 1865 2145 salvum
1921 2086 2091 2141 facias
2136 2085 2304 2138 intcr-
2413 2080 2733 2149 πρεσϐείαις
2755 2097 2869 2135 σου.

731 2190 1069 2247 cessionibus
1092 2187 1223 2240 tuis.

804 2286 1061 2339 Inimicus
1088 2280 1263 2341 ferox,
1316 2275 1522 2346 peccati
1570 2272 1771 2343 jaeulis
1830 2279 2000 2325 totam
2064 2267 2305 2323 animam

2498 2263 2557 2316 '0
2594 2266 2865 2337 δυσμενὴς
2884 2269 2981 2338 τῆς
3014 2272 3294 2341 ἁμαρτίας
3326 2273 3438 2335 τοῖς
3471 2272 3649 2342 βέλεσι
3673 2273 3774 2344 τὴν
3802 2273 3989 2342 ψυχήν

734 2394 910 2433 meatu
931 2372 1301 2429 consauciavit
1324 2379 1613 2434 meumque
1634 2378 1730 2418 cor
1748 2359 2307 2429 [tedisconcupisecn-

2418 2372 2517 2425 μου
2541 2358 2669 2426 ὃλην
2700 2359 3090 2430 ὲτραυμάτισε,
3128 2366 3223 2416 καὶ
3260 2365 3623 2435 κατεμόλυνεν
3648 2365 3861 2435 ἡδοναῖς
3887 2367 3990 2433 τὴν

736 2468 827 2522 tiis
873 2458 1310 2519 eommaculavit,
1346 2465 1508 2524 atque
1539 2469 1569 2507 a
1602 2452 1688 2505 via
1722 2460 1866 2505 recta
1924 2449 2139 2502 seduxit
2198 2462 2304 2501 me.

2415 2450 2553 2520 ἐμὴν
2591 2452 2840 2521 καρδίαν,
2875 2455 3097 2525 καὶτῆς
3130 2456 3251 2509 ὀδοῦ
3292 2458 3663 2528 ἀπεπλάνησε,
3717 2458 3991 2525 Παρθένεν

734 2562 1021 2626 Propterea
1068 2553 1243 2608 clamo
1267 2549 1332 2603 ad
1353 2557 1422 2612 te,
1460 2554 1519 2600 ut
1546 2551 1903 2600 revertentem
1938 2540 2225 2610 suscipias,
2255 2546 2310 2593 et

2414 2540 2514 2608 τῆς
2540 2543 2774 2606 εὐθείας⁶
2798 2545 2885 2599 διὰ
2916 2545 3074 2600 τοῦτο
3100 2547 3210 2614 βοῶ
3238 2565 3340 2614 σοι,
3384 2550 3811 2621 Ἐπιστρέφοντα
3836 2546 3992 2613 δέξαι

737 2647 911 2700 salves
938 2658 1043 2697 me.

2415 2633 2507 2684 καὶ
2540 2632 2712 2687 σῶσόν
2751 2652 2842 2705 με.

1385 2827 1497 2883 Odc
1518 2828 1570 2881 5.

3095 2845 3221 2917 ᾬδὴ
3257 2854 3318 2903 ε’.

810 2944 1042 2998 Maxima
1076 2950 1127 2995 te
1164 2954 1381 3008 semper
1405 2937 1741 2992 beatitudine
1802 2935 2097 2998 fruentem,
2134 2936 2306 2989 beati-

2487 2955 2677 3009 Γενεαὶ
2704 2957 2905 3024 γενεῶν
2938 2973 2994 3009 σε
3028 2955 3126 3027 τὴν
3156 2959 3588 3027 ἀειμακάριστον
3626 2957 3721 3009 νῦν
3747 2957 3996 3026 μακαρί-

743 3041 905 3089 lii-ant
960 3048 1105 3087 nunc
1131 3030 1512 3101 generationes
1542 3026 1955 3095 generationum
1991 3042 2005 3079 :
2053 3036 2107 3079 et
2145 3027 2309 3080 cmic-

2419 3046 2619 3109 ζουσιν·
2644 3047 2889 3118 οὐρανῶν
2910 3047 3187 3116 δυνάμεις,
3208 3048 3284 3110 ώς
3310 3048 3378 3099 τὰ
3407 3049 3557 3101 κάτω
3584 3050 3694 3109 τοῖς
3729 3048 3844 3100 ἀνω
3875 3064 4000 3098 συν-

738 3141 848 3182 stes
904 3128 1134 3179 virtutes
1181 3123 1351 3177 solam
1406 3133 1459 3175 te
1509 3121 1911 3182 concelebrant,
1950 3134 1983 3172 ο
2028 3116 2310 3173 benedicta

2421 3138 2658 3203 ἅψασαν,
2710 3116 3018 3209 εὐφημοῦσι
3054 3139 3241 3210 μόνην,
3272 3141 3329 3191 ἐν
3356 3140 3601 3208 γυναιξὶν
3626 3138 4000 3210 εὐλογημένη,

741 3220 882 3269 inter
931 3215 1208 3277 mulieres,
1259 3221 1420 3279 atque
1469 3210 1658 3262 Adami
1728 3208 1954 3277 collapsi
2007 3208 2319 3279 revocatio;
2350 3218 2385 3275 (ς

1778 3208 1954 3303 “inpii
2007 3208 2319 3303 revocati“);
2350 3218 2393 3275 C
2425 3230 2517 3283 τοῦ
2548 3231 2807 3294 πεσόντος
2840 3208 3019 3298 ν’Δδάμ
3049 3232 3081 3301 ἡ
3106 3208 3422 3303 ἀνάκλησις.

738 3310 939 3376 quippe
986 3319 1106 3373 qua:
1178 3302 1439 3356 inferiora
1481 3315 1605 3355 cum
1660 3298 2035 3369 superioribus
2092 3297 2312 3368 copula-

740 3402 901 3453 veris.

810 3496 887 3547 Ad
945 3493 1046 3545 Imc
1077 3498 1136 3543 ut
1195 3489 1403 3555 integer
1458 3498 1735 3552 sanusque
1795 3500 2162 3553 perseverem,
2214 3500 2314 3540 nee

2500 3505 2788 3574 Διαμένειν
2846 3522 2910 3574 με
2937 3505 3096 3569 σῶον,
3136 3506 3211 3575 μὴ
3234 3503 3701 3575 περιτρεπόμενον
3754 3504 4002 3565 στάσεως

741 3590 849 3639 nilo
887 3585 1045 3638 modo
1076 3598 1104 3635 a
1144 3578 1354 3634 meliori
1385 3586 1530 3630 statu
1567 3577 1871 3641 diniovear,
1895 3577 1988 3631 sed
2020 3588 2167 3632 recto
2212 3586 2314 3631 tra-

2421 3596 2751 3666 κρείττονος,
2785 3595 2899 3647 ἀλλ’
2930 3595 3457 3664 εὐῦυποροῢντα,καὶ
3486 3594 3603 3663 Θεῷ
3631 3596 3699 3647 τὰ
3726 3595 4003 3663 εὐάρεστα

742 3678 1159 3740 initeiucedam,
1202 3673 1416 3740 Deoque
1445 3670 1639 3739 placita
1693 3670 1908 3734 faciam,
1967 3681 2023 3725 tu
2075 3686 2158 3725 me
2202 3674 2314 3725 vir-

2421 3687 2750 3755 πράττοντα,
2775 3686 3162 3755 ἐνδυνάμωσόν
3210 3703 3300 3756 με,
3355 3686 3447 3737 τὸν
3506 3684 3709 3753 ἀγαθὸν
3758 3684 4004 3737 τεκοῦσα

744 3780 854 3822 tute
876 3766 1191 3828 corrobora,
1223 3777 1344 3832 quae
1368 3759 1471 3830 41
1519 3757 1748 3813 Verbum
1781 3761 1981 3815 bonum
2041 3762 2307 3832 peperisti

1811 3777 1981 3814 ὀ¹¹¹¹¹¹¹
2041 3762 2307 3832 μονονίδιί
2421 3778 2590 3845 Λόγον
2620 3777 2711 3830 τὸν
2744 3779 2887 3847 ἡμᾶς
2911 3778 3102 3840 ἀνοίας
3132 3778 3455 3847 ῥυσάμενον.

742 3860 886 3926 quod
921 3875 1019 3913 nos
1048 3860 1117 3912 ab
1154 3860 1576 3914 irratimtalitale
1608 3857 1879 3915 liberavit.

820 3947 1232 4001 liednntlantem
1269 3950 1340 4001 ob
1372 3949 1757 4003 misericordia:
1787 3951 2040 4020 abyssum
2090 3952 2314 4021 sangui-

2503 3961 2562 4014 Ὀ
2588 3960 2648 4013 τὸ
2676 3957 2817 4029 αἷμά
2855 3976 2972 4024 σου,
3013 3960 3177 4027 Λόγε,
3218 3960 3307 4012 διά
3340 3957 3787 4028 ὑπερϐάλλουσαν
3818 3957 4004 4018 ἐλέους

744 4056 865 4091 Itt'ltl
906 4048 1077 4103 tuum,
1110 4054 1143 4092 ο
1194 4040 1453 4105 Verbum,
1492 4041 1574 4120 in.
1601 4056 1763 4095 cruce
1815 4051 1984 4095 totum
2028 4043 2261 4097 cil'udisti
2295 4060 2310 4096 :

2421 4054 2656 4108 ἄϐυσσον
2684 4054 2741 4104 ἐν
2770 4052 2989 4122 σταυρῷ
3044 4052 3307 4115 κενώσας,
3352 4051 3462 4101 τῶν
3503 4048 3691 4102 παθῶν
3742 4067 3847 4119 μου
3902 4051 4005 4116 τὴν

746 4132 866 4181 ideo
895 4130 1106 4183 cxsieca
1140 4131 1455 4198 passionum
1517 4147 1760 4185 mearum
1820 4133 2096 4203 abyssum,
2152 4143 2206 4189 et
2234 4135 2315 4188 di-

2423 4146 2659 4200 ἄϐυσσον
2684 4144 2937 4215 ξήρανον,
2974 4143 3067 4197 καὶ
3088 4142 3451 4213 ὲγκαταρύξει
3480 4159 3559 4194 σοι
3614 4141 3693 4209 τῷ
3744 4140 3865 4207 Θεῷ
3914 4142 4006 4191 εὐ-

745 4236 909 4289 gnum
946 4235 1032 4273 me
1065 4219 1148 4274 fac
1177 4222 1448 4275 mediante
1479 4221 1729 4292 Deipara,
1771 4234 1829 4278 ut
1873 4242 1995 4278 cum
2053 4241 2314 4296 compun-

1893 4242 1995 4278 Ὶηη
2053 4241 2314 4296 (ἒοῐηνυιι-
2422 4232 2727 4309 αρεστῆὰαι
2750 4237 2837 4290 διὰ
2867 4236 2970 4303 τῆς
2998 4236 3263 4289 Θεοτόκου
3285 4235 3537 4298 ἀξίωσον.

740 4313 925 4367 ctione
959 4313 1055 4367 tibi
1089 4310 1196 4365 Deo
1224 4312 1439 4381 placere
1471 4322 1526 4367 et
1556 4326 1742 4383 gratus
1770 4330 1895 4371 esse
1946 4318 2169 4386 possim.

1434 4423 1545 4477 Ode
1568 4422 1623 4476 6.
3052 4439 3176 4511 ᾯδὴ
3218 4437 3294 4503 ς’,

819 4532 1030 4587 Invenit
1086 4546 1183 4601 per
1224 4540 1276 4585 te
1331 4531 1763 4587 misericordiam
1809 4536 2043 4591 humana
2079 4547 2312 4606 natura;
2355 4570 2399 4628 υ

2366 4570 2399 4628 D
2509 4550 2766 4621 Ἥλέηται
2816 4550 2903 4603 διὰ
2929 4548 3022 4602 σοῦ
3054 4550 3272 4620 ἡφύσις
3318 4548 3417 4617 τῆς
3447 4545 3882 4616 ἀνθρωπότητος·
3916 4546 4010 4597 τὸν

739 4627 943 4680 etenim
978 4624 1384 4680 misericordem
1416 4624 1699 4679 Dominum
1744 4629 2020 4697 peperisti,
2077 4646 2110 4684 ο
2160 4633 2317 4687 mise-
2356 4624 2383 4628 ⁷

2356 4624 2385 4628 ⁷
2432 4643 2700 4712 ἐλεήμονα
2738 4644 2847 4712 γὰρ
2869 4642 3109 4711 ἐκύησας
3141 4642 3367 4711 Κύριον,
3412 4639 3643 4708 ὲλεῆμον
3705 4638 3956 4707 πάναγνε
3985 4658 3997 4668 ·

751 4719 916 4772 rati-ix
952 4732 1014 4772 ac
1045 4726 1153 4772 tota
1188 4732 1321 4785 pura
1352 4735 1368 4772 :
1403 4718 1544 4773 unde
1587 4719 1679 4773 tibi
1734 4722 2003 4791 supplico,
2064 4724 2321 4779 miserere

2064 4724 2321 4779 Miserere
2424 4736 2547 4789 ὅθεν
2578 4736 2811 4788 δυσωπῶ
2841 4752 2923 4803 σε,
2952 4737 3051 4805 τὴν
3074 4734 3211 4805 ἐμὴν
3232 4733 3408 4805 ψυχὴν
3440 4732 3681 4802 ἐλέησον.

749 4824 943 4863 ιΙΙΙΙΙΙΙζΙΞ
976 4822 1128 4862 ηιοτιξ.

820 4901 979 4955 Acies
1047 4901 1490 4968 incorporeorutn
1549 4902 1838 4973 spirituum
1893 4916 2120 4960 exorant
2172 4918 2242 4969 te,
2286 4924 2319 4964 ο

2497 4912 2620 4965 Τῶν
2651 4912 2981 4981 ἀσωμάτων,
3009 4914 3230 4982 Χριστὲ.
3258 4914 3327 4966 τά
3375 4913 3629 4983 τάγματα
3692 4913 4008 4967 δυσωποῦσί

747 4994 984 5053 Christe,
1007 4991 1275 5060 simulque
1292 5004 1613 5062 martyrum,
1655 4994 2069 5069 prophetarum,
2102 5007 2155 5051 et
2185 5014 2320 5067 apo-

2428 5023 2511 5068 σε,
2555 5004 2851 5076 μαρτύρων
2872 5023 2953 5067 τε,
3007 5006 3322 5076 προφητῶν,
3382 5007 3476 5057 καὶ
3528 5004 3635 5057 τῶν
3687 5005 4008 5058 ἀποστόλων

750 5079 1015 5134 stotorum
1036 5086 1244 5134 catus:
1274 5093 1369 5148 per
1400 5080 1726 5135 Genitricem
1767 5091 1918 5136 tttam
1970 5086 2178 5138 salvum
2238 5086 2321 5139 lac

2430 5110 2549 5148 σοιιι⁸
2584 5096 2672 5147 διὰ
2694 5095 2795 5165 τῆς
2812 5096 3077 5165 τεκούσης
3109 5113 3189 5160 σε,
3218 5097 3311 5149 τὸν
3335 5096 3461 5149 λαόν
3488 5113 3579 5148 σου
3602 5094 3741 5158 σῶζε
3758 5097 3873 5149 ἀπὸ
3899 5100 4006 5150 πά-

751 5171 1011 5241 pnpulum
1068 5177 1223 5223 tttum
1280 5169 1349 5223 ab
1426 5170 1576 5224 oumi
1639 5172 2028 5228 circumstante
2099 5176 2321 5230 calami-

1316 5169 1349 5223 ι)
1426 5170 1576 5224 omni
1639 5172 2028 5228 circumstante
2099 5176 2321 5230 calatni-
2429 5205 2528 5258 σης
2564 5190 2953 5259 περιστάσεως.

752 5271 880 5313 tale.

819 5352 1060 5406 Culloris
1103 5352 1282 5406 nescia
1320 5362 1492 5417 terra,
1521 5370 1644 5423 qua:
1696 5356 1993 5425 agricolam
2034 5362 2314 5429 peperisti,

2510 5372 2575 5425 ἸΙ
2606 5374 2961 5444 ἀγεώργητος
3000 5375 3069 5445 γῆ
3109 5374 3200 5426 τὸν
3231 5374 3476 5445 γεωργὸν
3507 5377 3541 5446 ἡ
3584 5376 3862 5445 κυήσασα,
3914 5380 4011 5430 καὶ

738 5448 1109 5515 cluniumque
1139 5446 1474 5511 Creatorem,
1510 5450 1903 5519 sylvescentem
1965 5456 2317 5521 passionibtts

2424 5467 2652 5519 πάντων
2689 5468 3055 5535 Δημιουργὸν,
3078 5467 3177 5537 τὴν
3222 5467 3640 5536 ὐλομανήσσσαν
3672 5470 3857 5538 ψυχήν
3904 5490 4007 5539 μου

750 5540 989 5591 animam
1026 5554 1225 5603 meam,
1249 5537 1584 5596 l‘ruetilcram
1607 5544 1791 5611 redde,
1819 5546 2088 5602 mediante
2136 5550 2318 5605 divina

2428 5560 2540 5621 τοῖς
2605 5560 2826 5623 πάθεσι,
2916 5551 3098 5623 δεῖξον
3142 5561 3491 5630 καρποφόρον
3558 5560 3646 5614 διὰ
3697 5563 3797 5629 τῆς
3860 5563 4011 5624 θείας

750 5633 1001 5685 scientia.

2428 5651 2795 5718 ἐπιγνώσεως.

823 5728 897 5777 Ad
928 5727 1095 5780 Deum
1126 5742 1211 5780 me
1254 5728 1574 5784 deducentia
1632 5744 1897 5804 prmcepta
1947 5746 2318 5808 transgressus

2501 5742 2753 5810 Παρέὅην
2784 5742 2879 5804 τάς
2907 5742 3125 5803 ἐντολὰς
3172 5743 3271 5804 τὰς
3334 5742 3468 5812 πρδς
3523 5744 3656 5795 Θεδν
3706 5745 4010 5812 ὁδηγούσας

748 5832 780 5872 5
804 5834 894 5881 nn,
953 5830 1003 5875 et
1036 5831 1226 5890 sponte
1257 5824 1512 5892 pessimis
1553 5830 1899 5895 paSsionihus
1932 5848 2119 5888 servus
2144 5833 2315 5887 fartus

2432 5853 2518 5901 με,
2557 5838 2645 5885 καὶ
2680 5835 2847 5892 Θέλων
2885 5839 2993 5898 τοῖς
3020 5840 3275 5912 πονηροῖς
3306 5836 3637 5905 ὁεδούλωμαι
3673 5839 3877 5891 πάθεσι
3903 5840 4010 5891 ’ὁώ
