4164 6456
213 446 347 509 1M7

1615 447 1981 508 MARIALE.

3303 442 3439 511 1038

212 559 440 613 ἱκετεύω
486 573 545 611 σε
596 558 693 631 τῆς
740 557 919 611 αὐτῶν
951 577 1017 630 με
1067 559 1592 632 ρὖαιδεσποτείας,
1640 563 1778 612 Ἀει-

1888 575 2006 614 smn
2042 575 2057 612 :
2090 568 2374 630 propterea
2410 568 2458 613 te
2480 560 2703 629 supplex
2741 574 2861 624 oro,
2904 574 2938 614 0
2975 560 3132 629 Virgo
3167 575 3448 633 perpetua.

210 651 477 721 πάροενε.

890 742 1012 813 ᾮδὴ
1061 743 1133 807 {'-

291 833 540 904 ’Δρῤήτῳ
588 832 781 902 κυήσει
847 850 983 898 σου,
1043 833 1290 903 φριχτῶν
1336 835 1590 906 ἀρρήτων
1639 834 1783 903 ἡμᾶς

207 923 469 992 ἠξίωσας,
494 923 746 989 Θεοτόκε,
773 924 1113 994 πραγμάτων
1142 939 1155 953 ·
1188 924 1268 977 διὸ
1296 927 1530 995 φρικτῆς
1581 943 1648 995 με
1687 919 1784 991 ρὗ

211 1031 303 1067 σαι
338 1014 633 1077 κολάσεως,
658 1014 875 1083 καὶτῆς
902 1014 1141 1085 ἀρρήτου
1199 1018 1374 1087 χαρᾶς
1426 1016 1782 1083 καταξίωσον,

212 1106 300 1159 ἵνα
331 1104 486 1176 ὑμνῶ
520 1121 580 1159 σε
605 1105 695 1159 ἀεὶ
714 1105 813 1176 τὴν
836 1105 1233 1177 πολυύμνητον.

291 1382 583 1454 Ῥᾳθύμως
607 1383 702 1437 τδν
753 1382 868 1453 βίον
908 1402 1012 1455 μου
1080 1383 1481 1456 ὲκδαπανήσας,
1540 1388 1783 1458 ἄκαρπος

210 1475 423 1544 ἔμεινα,
451 1475 547 1528 καὶ
588 1475 860 1546 πτοοῦμαι
884 1478 981 1547 τὴν
1012 1477 1171 1547 δίκην
1203 1480 1298 1530 καὶ
1325 1478 1422 1547 τῆς
1448 1478 1670 1550 γεέννης
1725 1481 1786 1534 τὸ

211 1566 325 1638 πῦρ
345 1568 406 1620 τὸ
428 1568 692 1622 ἄσϐεστον
712 1583 726 1598 ⁸
757 1569 790 1639 ἡ
824 1568 934 1638 πῦρ
950 1569 1206 1634 τεκοῦσα,
1236 1552 1499 1637 Παρθένε,
1529 1571 1590 1624 τὸ
1617 1573 1783 1625 ἄστε-

211 1675 361 1721 κτον,
436 1660 704 1731 πρόστηθι
738 1658 897 1731 ρὖαξ
926 1676 993 1729 με
1027 1659 1195 1729 πυρὸς
1236 1664 1303 1732 τῇ
1361 1662 1608 1735 μεσιτείᾳ.
1666 1680 1782 1716 σου.

1885 662 1942 705 ut
1971 667 2056 707 me
2092 653 2159 706 ab
2188 667 2375 707 earum
2410 653 2637 729 imperio
2668 653 2899 708 liberare
2921 654 3180 722 digneris.

2536 741 2648 797 Ode
2678 744 2730 798 7.

1953 833 2301 887 lnenarrabili
2338 844 2494 904 mrtu
2560 846 2675 898 tuo,
2731 834 2779 887 o'
2824 837 3070 907 Deipara,
3128 838 3319 907 dignos
3366 838 3443 894 fc‘

1883 922 2002 979 cisti
2049 941 2146 979 nos
2194 925 2354 1006 rebus
2401 926 2763 980 incil‘abilibus
2797 937 2961 995 atque
3013 929 3237 983 horrore
3269 938 3323 984 et
3354 946 3443 985 re-

1883 1017 2119 1070 verentia
2159 1016 2375 1085 plenis:
2416 1021 2769 1087 quamobrem
2829 1018 2898 1072 ab
2949 1019 3193 1073 horribili
3235 1022 3444 1090 suppli-

1882 1124 1967 1163 cro
2000 1109 2166 1162 libera
2217 1124 2337 1174 me;
2369 1118 2529 1178 atque
2565 1109 2820 1164 ineﬂ'abili
2847 1111 3041 1179 gaudio
3080 1112 3302 1182 dignum
3358 1128 3444 1169 tne

1884 1198 1991 1262 fac,
2018 1207 2080 1253 ut
2131 1198 2344 1253 laudem
2397 1209 2447 1254 te
2488 1214 2698 1270 semper
2744 1200 2995 1270 plurimis
3047 1201 3298 1260 laudibus
3355 1205 3443 1259 di-

1884 1305 2067 1361 gnam.

1954 1382 2145 1436 Totam
2174 1382 2335 1451 vitam
2364 1396 2537 1436 meam
2577 1396 2673 1452 per
2701 1398 2967 1471 summam
2996 1387 3299 1441 socordiam
3344 1388 3441 1443 ab-

1885 1474 2117 1542 sumpsi,
2136 1487 2296 1543 atque
2317 1475 2435 1529 sine
2454 1475 2565 1549 ullo
2588 1476 2764 1529 fructu
2784 1477 3078 1545 permansi,
3105 1489 3161 1533 et
3176 1479 3442 1548 judicium

1886 1565 2139 1630 formido,
2166 1582 2228 1621 ac
2252 1569 2509 1636 gebeunce
2532 1565 2638 1638 42
2665 1568 2839 1638 ignem
2870 1569 3387 1639 inexstinguibilem,
3411 1589 3444 1626 ο

1890 1654 2401 1727 Virgo,qu:eignem
2451 1658 2845 1714 intolerabilem
2889 1639 3163 1730 péperisti‘,
3215 1674 3444 1732 patrona

1888 1750 2242 1805 mibi‘adcsto
2281 1760 2339 1805 ut
2368 1750 2564 1807 liberes
2630 1767 2716 1808 me
2775 1754 2846 1809 ab
2880 1754 3020 1825 igne,
3057 1757 3445 1813 intercessione

1888 1850 1999 1897 tua.
2819 1870 2837 1885 ι
3022 1847 3036 1862 “

277 1936 582 2005 θαυμάτων
610 1936 871 2013 ἐπέκεινα
899 1934 960 1987 τὸ
988 1934 1133 2004 μέγα
1162 1933 1345 2004 θαῦμα
1380 1935 1476 2005 τῆς
1516 1934 1615 2004 σῆς
1645 1935 1778 2003 κυή-

1955 1934 2147 2004 Ingens
2176 1934 2495 1989 miraculum
2534 1945 2722 2005 partus
2761 1937 2860 2005 tui,
2895 1938 3155 1994 miracula
3190 1942 3444 1998 universa

209 2045 348 2093 σεως
366 2046 380 2060 ο
417 2030 503 2081 διὰ
522 2012 679 2081 τοῦτδ
726 2018 835 2098 βοῶ
860 2044 964 2081 σοι’
1005 2028 1169 2097 Ἀγνὴ
1195 2027 1459 2097 Παρθένε.
1485 2027 1782 2099 Θεογεννή-

205 2136 357 2191 τρια,
382 2122 449 2172 τὰ
476 2119 545 2173 σὰ
577 2120 705 2190 ἐλὲη
736 2119 824 2173 ἐπ’
882 2120 1007 2189 ἐμοὶ
1076 2120 1488 2189 Θαυμάστωσον,
1548 2121 1640 2173 καὶ
1684 2121 1782 2190 τῆς

209 2213 514 2282 μελλούσης
542 2213 711 2282 ὀργῆς
742 2211 905 2282 ῥῦσαι
950 2212 1051 2264 καὶ
1083 2210 1256 2263 σῶσόν
1285 2227 1373 2277 με.

293 2305 425 2373 Ἐμὲ
574 2266 858 2371 ⁸βίῶσαντα
887 2304 946 2355 ὲν
969 2302 1203 2373 ἀμελείᾳ
1226 2266 1319 2355 καὶ
1357 2266 1781 2375 παραὸλέψαντα
1861 2308 1869 2321 “

206 2396 333 2458 τοὺς
362 2396 549 2463 ἁγίους
574 2410 669 2448 σου
698 2394 917 2464 νόμους,
969 2394 1063 2446 καὶ
1088 2392 1155 2447 τὰ
1203 2392 1376 2446 σεπτά
1416 2411 1530 2457 σου,
1576 2395 1777 2468 Σῶτερ,

208 2487 541 2555 ἐντάλματα,
560 2486 851 2556 οἷκτειρον,
885 2485 1057 2537 σῶσον
1092 2485 1180 2538 διὰ
1225 2485 1354 2556 τῆς,
1372 2486 1633 2557 τεκούσης
1696 2505 1777 2553 σε,

205 2579 281 2643 ὡς
308 2580 610 2652 εὐεργέτης
640 2579 773 2644 Θεὸς
813 2579 910 2633 καὶ
935 2578 1244 2642 πολυέλεος.

886 2766 1009 2839 Ὠδὴ
1044 2772 1114 2836 η’-

277 2856 711 2928 Νενεκρωμένην
737 2855 975 2921 ζώωσον,
1008 2853 1425 2923 ωμπτωοεῖσαν
1450 2854 1775 2925 ἀνάστησον,

206 2947 757 3017 τετραυματισμένην
781 2946 880 3016 τὴν
898 2945 1074 3015 ψυχήν
1106 2962 1208 3014 μου
1233 2946 1403 3011 ῐασαι,
1425 2947 1515 2999 τὸν
1534 2948 1658 2999 νοῦν
1675 2964 1777 3016 μου

208 3039 546 3107 εἰρήνευσον,
602 3036 711 3090 τῶν
771 3036 1094 3106 πειρασμῶν
1119 3037 1187 3089 τά
1245 3035 1464 3104 κύματα
1515 3038 1775 3106 πράῦνον,

207 3127 475 3196 Παρθένε,
494 3127 586 3180 καὶ
609 3126 819 3196 βοῶντα
846 3142 913 3195 με
936 3126 1130 3178 σῶσονο
1155 3126 1218 3179 Οἱ
1246 3126 1453 3189 παῖδες,
1481 3127 1775 3195 εὐλογεῖτε·

1887 2028 2257 2084 transcendit:
2289 2030 2408 2086 ideo
2441 2016 2616 2086 clamo
2645 2033 2712 2087 ad
2742 2041 2822 2087 te:
2846 2033 3053 2090 Ocasta
3076 2035 3235 2109 Virgo
3256 2054 3317 2094 ac
3348 2022 3441 2095 Dei

1884 2129 2079 2183 mazer,
2111 2119 2336 2175 mirifica
2368 2121 2421 2175 in
2451 2136 2537 2176 me
2569 2122 2979 2179 misericordias
3018 2135 3161 2192 tuas,
3189 2133 3329 2184 etab
3364 2133 3443 2185 ira

1883 2209 2066 2267 futura
2103 2214 2293 2280 libera,
2324 2222 2378 2268 et
2423 2214 2703 2273 sali'aJue.

1953 2302 2089 2357 Cum
2118 2304 2281 2357 vitam
2310 2319 2485 2359 meam
2517 2305 2569 2359 in
2589 2306 2797 2362 incuria
2822 2323 2886 2364 ac
2914 2311 3237 2381 negligentia
3266 2323 3442 2369 trans-

1882 2396 2101 2466 egerim,
2132 2385 2459 2472 sanctasque
2494 2398 2635 2470 leges
2663 2410 2805 2466 tuas,
2837 2412 2893 2457 et
2919 2407 3221 2461 veneranda
3246 2424 3445 2478 praece-

1884 2496 1972 2557 pta
1992 2496 2081 2541 tua
2118 2496 2491 2558 transgressus
2518 2489 2736 2555 fuerim,
2770 2493 3032 2549 miserere
3055 2497 3157 2552 mei
3198 2513 3260 2552 ac
3293 2497 3442 2553 salva

1882 2580 2050 2641 me,o
2107 2577 2374 2645 Salvator,
2429 2595 2525 2650 per
2576 2580 2906 2636 Geuitricem
2959 2593 3130 2650 tuam,
3184 2598 3441 2657 tanquam

1882 2668 2024 2726 Deus
2042 2671 2336 2738 beneﬁcus,
2370 2687 2433 2727 ac
2469 2674 2653 2728 multa:
2678 2676 3060 2732 misericordia:
3081 2679 3297 2748 plenus.

2562 2764 2678 2821 Ode
2705 2766 2758 2820 8.
2826 2765 2840 2781 ‘

1950 2852 2200 2907 Animam
2235 2868 2412 2908 meam
2473 2866 2830 2925 peremptam,
2889 2858 3176 2925 vi\'iiica,o
3241 2860 3438 2935 Virgo:

1879 2941 2188 3008 prolapsam
2222 2942 2392 3011 erige,
2418 2942 2716 2997 sauciatam
2749 2960 2919 3008 cura;
2966 2956 3200 3002 mentem
3264 2965 3438 3004 meam

1881 3031 2134 3101 paciﬁca;
2170 3035 2528 3089 tentationum
2553 3034 2750 3089 ﬂuctus
2780 3037 3082 3093 concitatos
3108 3041 3398 3109 tranquilla
3420 3080 3436 3105 ,

1878 3132 1932 3176 et
1966 3123 2173 3177 salvum
2206 3139 2291 3179 me
2321 3124 2406 3180 fac
2465 3126 2791 3181 clamantem
2828 3144 2841 3181 :
2875 3126 3201 3195 Benedicite,
3245 3134 3435 3200 pueri;

211 3220 405 3288 ἱερεῖς,
440 3219 749 3287 ἀνυμνείτε·
775 3216 927 3283 λαὸς,
951 3214 1290 3286 ὑπερυψοῦτε
1303 3216 1531 3285 Χριστὸν
1552 3219 1629 3281 εἰς
1654 3219 1777 3282 τοὺς

1880 3215 2213 3278 sacerdotes,
2238 3215 2493 3281 laudate;
2518 3215 2718 3285 pepuli,
2741 3219 3139 3286 superexaltate
3160 3220 3436 3279 Christum

206 3326 434 3373 αιωνας.

292 3402 378 3463 Ὠς
406 3402 434 3452 ὁ
466 3397 665 3469 λῃστὴς
683 3396 977 3469 κραυγάζω
1008 3414 1088 3451 σοι
1108 3414 1122 3428 ·
1157 3399 1441 3469 Μνήσθητί
1466 3418 1593 3469 μου.
1652 3402 1772 3470 φιλ-

204 3491 490 3560 άνθρωπ’
547 3489 715 3543 κλαίω
735 3489 808 3552 ὼς
848 3490 883 3559 ἡ
909 3488 1106 3558 πόρνη,
1137 3491 1231 3541 καὶ
1277 3489 1384 3558 βοῶ
1412 3508 1493 3543 σοι
1511 3508 1524 3520 ·
1552 3492 1774 3561 Ἥμαρ-

206 3598 319 3646 ⁶εον,
352 3582 426 3643 ὡς
456 3579 621 3634 πάλαι
644 3582 673 3633 ὁ
703 3581 928 3643 ἄσωτος.
985 3580 1359 3634 Μετανοοῦντα
1386 3580 1533 3644 δέξαι
1567 3598 1635 3651 με
1683 3582 1775 3634 τὸν

207 3672 666 3740 ἀπεγνωσμένον,
689 3671 776 3725 διὰ
822 3670 923 3739 τῆς
984 3669 1273 3734 Θεοτόκου,
1330 3669 1628 3739 προθύμως
1687 3672 1775 3724 ἵνα

210 3766 423 3834 μέλπω·
455 3764 664 3834 Ὶερείς,
691 3762 988 3832 εὐλογεῖτεο
1011 3762 1159 3831 λαὸς,
1180 3762 1519 3835 ὑπερυψοῦτε
1543 3764 1775 3833 Χριστὸν

209 3858 287 3921 εἰς
322 3858 447 3920 τοὺς
488 3856 710 3920 αἰῶνας.

288 4012 810 4112 Ἵκετικῶςδβοῶμέν
832 4058 935 4106 σοι,
964 4040 1194 4095 Θεοτόκε
1240 4043 1579 4114 πανύμνητε,
1639 4045 1774 4115 μετά

206 4136 317 4189 τῶν
342 4135 583 4203 ἀπείρων
633 4134 834 4205 νοερῶν
890 4135 1197 4202 δυνάμεων,
1242 4136 1561 4205 μαρτύρων,
1612 4138 1773 4191 ὁσίων

205 4245 289 4288 τε,
321 4228 414 4279 καὶ
440 4225 776 4291 ἀποστόλων,
831 4227 924 4278 καὶ
982 4226 1276 4296 προφητῶν
1301 4243 1316 4258 ’
1348 4229 1590 4295 ,ποίησον
1645 4246 1776 4296 πρε-

209 4318 397 4371 σόείαν
418 4317 556 4386 ὑπὲρ
581 4317 802 4370 πάντων
818 4316 927 4369 τῶν
948 4318 1128 4369 πίστει
1154 4320 1210 4368 ὲν
1222 4316 1341 4385 Θεῴ
1357 4317 1733 4386 μελῳδούντων
1758 4334 1772 4348 ·

217 4410 426 4478 Ἰερεῖς,
449 4406 742 4475 εὐλογεῖτε’
763 4406 911 4471 λαὸς,
931 4406 1273 4478 ὑπερυψοῦτε
1293 4408 1523 4478 Χριστὸν
1547 4410 1626 4471 είς
1650 4408 1773 4473 τοὺς

206 4499 431 4561 αἰῶνας.

905 4584 1034 4655 ᾫδὴ
1062 4584 1127 4639 θ..

289 4680 351 4733 ἹΙ
380 4678 501 4733 Θεία
534 4677 689 4747 κλίνη
741 4675 1112 4746 Σολομῶντος,
1164 4676 1230 4747 ἢν
1279 4674 1769 4730 κυκλοῦσιδυνατοὶ

201 4771 299 4824 νῦν
339 4771 623 4840 ἑξήκοντα,
675 4770 862 4838 ῥήσεις
886 4766 985 4836 τῆς
1047 4766 1197 4829 θείας
1245 4766 1466 4835 Γραφῆς
1510 4783 1523 4797 ·
1580 4762 1695 4838 ὲνῇ
1739 4769 1768 4819 ὁ

204 4866 375 4932 Λόγος
399 4859 811 4915 ἐπανεπαύσατο
836 4874 850 4889 ’
878 4860 999 4922 ταῖς
1026 4858 1253 4929 μυριάσι
1279 4876 1347 4928 με
1384 4860 1471 4912 ἀεὶ
1500 4859 1767 4928 δαιμόνων

202 4957 580 5025 κλονούμενον,
609 4953 854 5022 ἄτρωτον
883 4950 1119 5021 φύλαξον
1151 4954 1218 5022 τῇ
1235 4950 1458 5021 δυνάμει
1481 4968 1596 5016 σου,
1629 4951 1767 5020 ἁγνὴ

199 5042 545 5111 ἁειπάρθενε.

269 5134 548 5199 Στάζουσα
585 5134 727 5188 θεῖον
770 5131 1105 5203 γλυκασμδν,
1141 5131 1231 5185 τὸν
1254 5131 1520 5215 ,ἁπάντων
1568 5130 1765 5198 γλυκα-

200 5227 334 5296 σμδν
387 5228 421 5297 ἡ
475 5226 749 5296 κυήσασα,
776 5226 842 5295 ίῷ
878 5225 976 5279 τοῦ
1001 5225 1177 5294 ὄφεως
1201 5224 1308 5306 τὴν,
1331 5222 1766 5319 χιιςαρμαχθείσαν

197 5320 378 5389 ψυχήν
403 5334 503 5388 μου
525 5318 794 5386 γλύκανον
816 5332 830 5347 ⁶
863 5316 1219 5396 ἀλλρτριοῦσά
1246 5332 1313 5385 με
1339 5315 1540 5383 πικρᾶς
1588 5315 1767 5386 ἀμαρ-

196 5411 315 5472 τίας
340 5411 572 5464 πὰντοτε
591 5412 657 5479 τῇ
691 5410 1084 5481 μεσιτείᾳλσου,
1114 5407 1415 5479 προστασία
1435 5408 1545 5461 τῶν
1562 5408 1767 5461 πιστῶν

195 5500 612 5572 ἁκαταίσχυντε.
982 5499 988 5508 ’

265 5688 427 5741 Ἥλιε
454 5688 633 5756 δόξης,
663 5690 861 5759 Ἰησοῦ,
902 5691 1001 5762 τὴν
1032 5691 1223 5745 ἀθλίαν
1266 5708 1368 5762 μου
1407 5689 1585 5763 ψυχὴν
1627 5707 1767 5759 φωτ-

194 5782 487 5849 αγώγησον
552 5784 670 5845 ταῖς
744 5784 1124 5854 παρακλήσεσι
1188 5784 1287 5854 τῆς
1346 5800 1403 5835 σε
1502 5781 1766 5852 τεκούσης

202 5874 369 5941 ἁγνῆς
389 5873 697 5940 θεόπαιδος,
727 5876 831 5929 τῶν
856 5877 1160 5945 ἀσωμάτων
1176 5876 1523 5929 λειτουονῶν,
1555 5875 1766 5929 σεπτῶν

1879 3307 1932 3360 in
1967 3308 2179 3363 samula.

1949 3398 2122 3454 lnsmr
2151 3402 2378 3456 latronis
2425 3402 2600 3458 clamo
2630 3405 2696 3459 ad
2750 3413 2850 3459 te:
2894 3405 3159 3463 Memento
3220 3410 3346 3474 mei,
3403 3427 3437 3465 ο

1875 3498 2088 3545 amator
2118 3492 2397 3546 hominum
2430 3511 2442 3560 ;
2477 3503 2732 3564 tanquam
2765 3497 3019 3551 meretrix
3044 3498 3185 3565 ilco;
3218 3510 3270 3554 et
3313 3508 3445 3583 tan:

1874 3599 2038 3654 quam
2077 3584 2337 3653 antiquus
2379 3586 2467 3639 ille
2486 3587 2745 3657 prodigus
2787 3589 3101 3645 luxuriosus
3143 3592 3432 3647 exclamo:

1875 3673 2122 3730 Peccavi.
2160 3675 2240 3729 Tu
2290 3692 2375 3730 me
2422 3678 2774 3746 pmnitcntem
2817 3695 2881 3734 ac
2917 3682 3261 3751 desperatum
3310 3702 3438 3740 sus-

1875 3770 1994 3836 cipe
2031 3783 2125 3837 per
2185 3769 2487 3838 Deiparam,
2543 3780 2603 3823 ut
2640 3770 2801 3825 alacri
2848 3782 3206 3844 promptaque
3255 3777 3438 3831 animo

1876 3874 2067 3913 canam
2096 3880 2108 3913 :
2146 3859 2472 3924 Bcnedicitc,
2507 3862 2819 3915 sacerdotes
2849 3879 2862 3928 ;
2890 3864 3093 3955 peppli,
3122 3870 3438 3935 supercxal-

1877 3959 1986 4006 tate
2019 3951 2292 4006 Christum
2319 3954 2370 4006 in
2401 3953 2617 4007 szecula.

1950 4041 1992 4096 0
2021 4039 2427 4143 Deipara,omni
2451 4044 2610 4099 laude
2645 4045 2982 4115 dignissima,
3013 4048 3331 4119 suppliciter
3366 4051 3436 4105 ad

1879 4145 1928 4190 te
1954 4136 2266 4191 clamamus
2299 4152 2424 4191 cum
2491 4138 2792 4195 innumeris
2848 4140 3303 4197 intellectualibus
3341 4160 3436 4214 po-

1878 4228 2189 4291 testatibus,
2227 4242 2347 4282 cum
2405 4230 2755 4298 martyribus,
2823 4230 3254 4295 confessoribus,
3309 4250 3438 4303 apo-

1878 4317 2030 4371 stolis
2056 4331 2119 4370 ae
2148 4317 2423 4393 prophetis
2447 4334 2461 4383 ;
2488 4319 2764 4373 intercede
2789 4336 2886 4387 pro
2903 4321 3159 4376 omnibus
3181 4326 3271 4391 qui
3309 4339 3437 4379 cum

1876 4407 1980 4463 [ide
2011 4408 2274 4463 divinitus
2300 4418 2505 4463 canunt
2532 4427 2543 4462 :
2574 4408 2908 4476 Benedicite,
2941 4414 3290 4479 sacerdotes;
3336 4430 3435 4483 po-

1878 4501 2013 4572 puli,
2057 4503 2456 4571 supeiexaltate
2484 4503 2757 4556 Christum
2790 4504 2842 4557 in
2892 4506 3108 4559 saecula.

2486 4589 2591 4662 5.3
2621 4589 2731 4645 Ode
2761 4592 2814 4646 9.

1890 4736 1893 4739 .
1944 4683 2445 4739 Salomonisdivioe
2476 4684 2693 4747 lectule,
2742 4701 2901 4753 quem
2939 4702 3108 4755 ,nnne
3150 4687 3432 4758 sexaginta

1873 4785 2117 4854 potentes
2157 4776 2425 4849 ambiunt,
2485 4777 2537 4831 id
2572 4788 2655 4831 est
2684 4777 2990 4831 divinarum
3020 4777 3427 4847 Scripturarum

1871 4871 2029 4921 verba
2056 4884 2069 4930 ;
2114 4867 2164 4921 in
2190 4883 2299 4935 quo
2326 4865 2557 4921 Verbqu
2586 4866 2899 4949 requievit):
2937 4882 3021 4921 me
3046 4883 3075 4921 a
3121 4868 3429 4922 daemonum

1868 4958 2205 5029 myriadibus
2237 4956 2455 5053 assidue
2479 4958 2830 5027 exagitatum,
2856 4972 3120 5012 conserva
3156 4958 3276 5014 sine
3304 4958 3428 5012 vul-

1870 5064 2020 5113 nere,
2052 5051 2249 5102 virtute
2270 5059 2382 5114 tua,
2412 5039 2451 5102 ό
2476 5039 2783 5104 castissima
2809 5063 3023 5119 semper
3048 5047 3232 5117 Virgo.

1939 5130 2231 5195 Eﬂ‘nndens
2266 5140 2509 5195 'divinam
2571 5120 2935 5207 dulcedinem,
2997 5156 3119 5210 quae
3178 5141 3427 5196 omnium

1867 5217 2205 5287 dulcedinem
2263 5224 2545 5301 peperisti,
2602 5233 2839 5287 animam
2903 5247 3079 5286 meam
3155 5233 3428 5302 serpentis

1869 5339 2075 5378 veneno
2098 5322 2354 5377 infectam
2385 5323 2611 5379 dulcore
2642 5335 2736 5377 tuo
2761 5323 3060 5392 perfunde;
3093 5338 3309 5393 semper
3335 5339 3427 5379 me

1868 5413 1937 5467 ab
1962 5412 2325 5466 amaritudine
2353 5414 2553 5481 peccati
2575 5412 2809 5465 alienum
2836 5411 3073 5468 eﬂiciens
3098 5413 3425 5468 mediatione

1869 5514 1992 5567 tua,
2051 5519 2084 5557 ο
2144 5503 2503 5573 patrocinium
2555 5504 2815 5568 lidelium,
2859 5504 3003 5573 quod
3062 5504 3269 5573 pudore
3313 5518 3427 5559 non

1870 5597 2214 5653 snil‘uuditur.
2248 5639 2254 5665 ,

1937 5689 2204 5744 Perfunde
2237 5691 2436 5744 lumine
2461 5699 2554 5745 tuo
2588 5688 2857 5743 infelicem
2880 5688 3116 5741 animam
3161 5701 3357 5748 meam,
3392 5702 3425 5740 ο

1868 5783 1995 5837 Jcsu
2026 5782 2106 5837 sol
2137 5784 2347 5853 gloriae,
2396 5782 2875 5837 intercessionibus
2908 5781 3051 5835 illius
3103 5780 3425 5834 castissimae

1870 5876 2067 5930 divina:
2089 5876 2297 5931 puellm.
2326 5891 2444 5931 oua:
2480 5855 2684 5932 uenerii
2710 5885 2757 5929 te
2780 5892 2793 5928 :
2815 5875 3053 5929 itemouc
3072 5873 3425 5932 incorporeo-
