4164 6456
749 369 883 431 1080

1831 368 1891 429 S.
1941 366 2248 427 JOSEPIII
2289 366 2841 427 IIYMNOGRM‘IH

3838 362 3981 425 1040

739 502 858 538 ι·ιιιιι
882 485 1276 546 ministrorum,
1308 482 1735 536 venerantlorum
1778 482 2147 551 apostolorum
2169 493 2291 535 tuo-

2408 482 2720 534 ἀποστόλων
2754 499 2868 535 που.
2904 478 3187 550 Ξςρπρχῶν,
3218 480 3530 549 προξητῶν,
3562 481 3650 532 καὶ
3685 480 3983 549 μαρτύρων

751 595 889 641 ιλιιιιι,
952 578 1383 637 bit-rarcbarum,
1439 573 1848 641 prophetarum,
1909 579 1963 625 et
2010 578 2309 642 martyrum

744 674 1285 739 gloriosissimortmt,
1321 667 1804 735 confessorutnque
1836 675 2082 718 tuorum.

815 766 1103 822 Horresco,
1136 776 1168 812 ο
1200 760 1312 813 sole
1338 774 1451 821 rex,
1477 773 1540 812 ac
1570 758 1921 811 vehementer
1960 755 2192 808 formido
2220 769 2307 809 se-

741 854 975 906 cundum
1002 851 1290 904 adventum
1324 859 1495 911 tttunt,
1528 863 1649 902 cum
1679 847 1778 899 sim
1802 855 1950 897 totus
1982 843 2301 906 damnatus,

740 960 791 1001 ct
824 949 1027 1001 auxilio
1058 947 1392 1011 con~ilioquc
1428 944 1721 1004 destitutus
1748 958 1762 1006 ;
1827 949 2114 1009 propterea
2147 946 2301 992 ante-

738 1058 900 1109 quam
937 1043 1058 1094 ﬁnis
1112 1042 1381 1103 adveniat,
1415 1037 1481 1090 ad
1518 1046 1568 1089 te
1600 1036 1800 1096 clamo,
1849 1049 1881 1087 ο
1913 1033 2135 1085 Domine
2166 1030 2302 1084 :Per

737 1149 855 1185 eam
891 1147 1012 1199 qua:
1051 1141 1101 1185 te
1132 1130 1337 1199 genuit,
1371 1144 1531 1197 parce
1591 1126 1743 1188 mibi,
1773 1135 1827 1179 ct
1881 1132 2031 1178 salva
2061 1137 2169 1187 me,
2208 1122 2309 1176 nii-

739 1224 995 1288 scricors,
1028 1226 1163 1277 bone
1196 1231 1249 1275 et
1274 1230 1485 1275 amator
1517 1220 1819 1274 hominum.

2420 572 2676 636 εὐκλεῶν,
2719 573 2809 622 καὶ
2838 574 3001 623 αἰτίων
3028 589 3143 625 σου.

2488 752 2985 824 Φρίττωσου,μὸνε
3030 752 3272 821 βασιλεῦ,
3324 751 3422 821 τὴν
3474 751 3727 821 δευτέραν
3770 769 3982 818 παρου-

2416 845 2538 897 σίαν
2569 846 2663 897 καὶ
2687 844 2922 904 δέδοικα,
2952 844 3070 905 ὅλος
3095 845 3416 913 κατάκριτος
3438 842 3780 912 ἠπορημένος
3803 843 3983 911 ὑπάρ-

2414 953 2544 1005 χων,
2576 938 2743 1005 Κύριε
2771 952 2784 965 ·
2816 935 2896 986 διὸ
2917 935 3022 1003 πρὸ
3044 934 3227 997 τέλους
3254 953 3334 986 σοι
3368 934 3501 1003 βοῶο
3534 936 3630 986 Διὰ
3662 934 3759 1001 τῆς
3784 932 3979 983 15x06-

2420 1044 2516 1096 σης
2554 1046 2633 1091 σε,
2666 1030 2848 1096 φεῖσαι
2881 1028 2973 1078 καὶ
3018 1026 3190 1078 σῶσὸν
3232 1043 3321 1097 με,
3352 1025 3600 1094 ἑλεῆμον,
3645 1025 3837 1092 ἀγαθὲ,
3886 1024 3979 1075 καὶ

2418 1119 2609 1187 φιλὰνῖ
2619 1136 2784 1185 ρωπε.

2218 1346 2448 1418 441x

1438 1468 1506 1523 In
1540 1471 1931 1525 sanctissimam
1990 1469 2270 1537 Deiparam
2326 1468 2507 1523 Canon
2536 1466 2612 1521 IX
2642 1467 2753 1538 (45)
2826 1468 3214 1524 Paracleticus.

1404 1607 1518 1664 Odc
1552 1610 1605 1663 l.

809 1718 1246 1790 (ﬁsanctissima,
1280 1726 1389 1771 tota
1423 1716 1893 1783 immaculataMG)
1923 1726 1976 1770 et
2001 1730 2157 1784 pura,
2186 1729 2306 1784 qua:

740 1811 975 1864 Verbum
1006 1809 1095 1863 Dei
1114 1809 1261 1861 onmi
1285 1810 1575 1861 sanctitate
1601 1809 1871 1877 superius,
1914 1822 2078 1877 supra
2100 1816 2305 1861 natura:

3062 1606 3177 1663 Ode
3204 1609 3259 1664 5.

2487 1716 2569 1767 Ab
2600 1716 2871 1771 borrcnda
2896 1716 3289 1787 disquisitione,
3317 1732 3379 1773 ac
3411 1718 3777 1784 damnatione,
3797 1719 3866 1772 ab
3885 1720 3981 1772 bo-

2412 1804 2654 1861 minibus
2686 1805 2911 1876 iniquis,
2944 1808 3038 1877 qui
3063 1809 3235 1878 gratis
3277 1806 3607 1863 conturbant
3654 1825 3760 1874 me,
3815 1822 3980 1878 atque.

742 1905 960 1956 modum
1000 1902 1259 1971 genuisti,
1284 1916 1475 1955 omnes
1506 1900 1805 1962 sanetilica,
1839 1906 1893 1954 et
1931 1899 2197 1968 guberna,
2221 1906 2303 1952 at-
2333 1912 2380 1972 Β
2410 1897 2476 1950 ab
2494 1898 2642 1952 omni
2674 1914 2740 1952 an
2757 1900 2935 1969 gustia
2952 1915 3075 1971 qua:
3105 1916 3191 1955 me
3213 1900 3438 1967 invadit,
3464 1901 3632 1957 libera
3649 1918 3734 1956 me
3757 1918 3977 1957 servum

738 2013 839 2065 qtte
866 2012 893 2048 a
926 1996 1274 2063 passionibus
1291 1994 1546 2057 emunda,
1575 1994 1712 2047 etab
1745 1992 2019 2062 ingruenti
2051 1991 2300 2061 periculo

738 2091 1067 2158 quantocius
1102 2089 1293 2142 libera.

1349 2197 1672 2252 Tlteotocion.

806 2299 849 2352 Ο
886 2294 1242 2368 patrocinium
1269 2291 1511 2346 omnium
1547 2289 1805 2351 fidelium,
1833 2285 2047 2349 assiste,
2077 2293 2128 2339 et
2150 2282 2302 2338 auxi-

740 2393 871 2444 liare
943 2388 1075 2442 mibi
1130 2400 1159 2439 a
1199 2383 1461 2438 molestiis
1497 2381 1628 2434 vita:
1686 2380 2078 2439 circumvento,
2130 2390 2306 2446 neque

740 2482 1021 2551 permittas
1060 2492 1146 2531 me
1182 2475 1436 2528 ﬂuctibus
1466 2473 1611 2525 illius
1644 2469 1948 2524 immodicis
1976 2467 2189 2538 agitari,
2240 2480 2305 2519 ac

740 2572 983 2635 conteri;
1016 2570 1108 2625 sed
1130 2566 1361 2623 extende
1385 2564 1574 2619 auxilii
1608 2563 1681 2618 tui
1709 2576 1955 2624 manum,
2002 2569 2051 2615 tc
2090 2571 2300 2627 precor,

739 2683 771 2718 o
801 2664 995 2734 puella.
2134 2695 2146 2719 τ

1398 2749 1513 2803 Ode
1540 2749 1573 2803 5
1588 2787 1602 2801 .

805 2846 848 2899 Ο
876 2845 995 2897 fons
1028 2857 1180 2912 pure,
1228 2856 1292 2897 ex
1315 2855 1426 2911 quo
1489 2840 1742 2894 Christus
1796 2832 2091 2894 emanavit,
2134 2829 2299 2899 irriga

737 2938 973 2988 animant
1000 2948 1197 2996 meam,
1226 2948 1348 3002 qua!
1376 2930 1619 2984 omnium
1665 2928 1980 2997 passionum
2010 2931 2146 2978 testu
2198 2920 2296 2974 ad-

738 3030 989 3092 uritur,ct
1015 3022 1492 3095 -abingruentibus
1528 3020 1795 3076 molestiis
1824 3017 1973 3075 salva
2000 3028 2107 3069 me.

1326 3129 1661 3186 Tltcotocion.

804 3225 1030 3294 OVirgo
1068 3238 1222 3293 pura,
1253 3222 1612 3292 patrocinium
1677 3218 1945 3283 omnium,
2003 3213 2150 3286 quod
2182 3225 2292 3267 non

736 3318 1103 3375 confunditur,
1137 3322 1357 3382 protrgc
1389 3326 1493 3374 me,
1521 3321 1575 3365 et
1609 3311 1777 3364 libera
1817 3326 1867 3363 m

733 3408 1096 3470 confusionis,
1124 3416 1173 3459 te
1191 3419 1398 3474 pro-cor,
1437 3414 1490 3457 et
1523 3405 1591 3457 ab
1630 3402 1939 3457 hominibus
1958 3399 2049 3472 qui
2082 3412 2295 3468 semper

733 3505 952 3560 Student
984 3500 1184 3555 inferre
1218 3498 1419 3550 malum
1448 3496 1599 3549 mibi.

1346 3586 1667 3657 450m4.

800 3680 1411 3752 Deprecor,oDomina,
1451 3679 1740 3733 bonitatem
1803 3686 1973 3742 tuam,
2037 3678 2300 3731 auxiliare

733 3775 885 3837 milii,
920 3774 1048 3825 dum
1104 3773 1504 3837 tribulationes,
1550 3784 1603 3826 et
1658 3772 1987 3826 tentationcs
2033 3768 2300 3823 invadunt

732 3880 839 3926 me,
866 3873 917 3916 et
935 3841 1254 3932 gravissima
1285 3870 1601 3931 tempestate
1623 3861 1899 3930 exagitant
1935 3874 2030 3915 cor
2080 3873 2282 3913 meum.

1336 3969 1671 4028 Tltcotocion.

804 4082 877 4133 Ne
901 4081 1168 4149 despicias
1190 4096 1277 4136 me
1336 4090 1651 4151 tempestate
1678 4081 1978 4152 jactatum;
2027 4101 2096 4140 nc
2134 4086 2292 4142 dere—

729 4174 948 4241 iinquas
980 4188 1064 4226 me
1121 4175 1520 4229 calamitatibus
1561 4175 1961 4232 circumdatum
1981 4186 2036 4234 et
2071 4180 2292 4237 assidue

732 4270 1005 4332 attritum,
1039 4280 1076 4320 ο
1109 4264 1353 4336 Deipara,
1388 4267 1649 4321 auxilium
1678 4267 1936 4323 fidelium.

806 4444 914 4513 (ιτς)
939 4443 1131 4516 Crazea
1163 4444 1379 4516 desunt.
1410 4444 1563 4499 Enn.
1604 4477 1676 4487 —
1713 4447 1810 4500 llic
1842 4446 2061 4516 Josepbi
2110 4466 2284 4507 canon

734 4533 840 4569 non
869 4515 1045 4566 solum
1078 4524 1161 4566 est
1188 4514 1239 4566 in
1273 4515 1329 4567 S.
1361 4513 1664 4583 Deiparam,
1684 4519 1775 4569 sed
1796 4513 2034 4572 etiamin
2060 4522 2291 4576 Michae-

736 4589 835 4663 Ιιξιιι
868 4585 1161 4650 principem
1191 4585 1433 4663 etrlestis
1487 4585 1709 4663 militiae,
1738 4597 1791 4663 et
1838 4602 2057 4663 sanctos
2105 4594 2287 4662 Acyll-

734 4656 893 4707 dioos
972 4664 1328 4721 sanctumque
1374 4653 1675 4707 Nicolaum.
1725 4653 2044 4719 Quac'vero
2119 4653 2289 4716 in'eo

730 4732 887 4775 erant
913 4737 1017 4775 non
1054 4723 1377 4791 pertinentia
1408 4722 1473 4775 ad
1498 4723 1554 4774 Β.
1583 4724 1875 4792 Virginem,
1897 4742 2019 4781 eum
2055 4731 2159 4784 huc
2182 4747 2289 4785 non

734 4794 1001 4850 facerent.
1026 4792 1274 4864 cotrsulto
1301 4794 1505 4864 oniissa
1526 4804 1682 4864 sunt.
1707 4794 2037 4864 ibesumptus
2081 4810 2163 4855 est
2189 4818 2289 4854 au-

734 4875 839 4915 tem
864 4878 925 4913 ex
952 4862 1192 4932 quodam
1209 4877 1309 4915 ms.
1333 4863 1668 4916 bibliotheca:
1688 4863 1902 4932 Cryptrc
1918 4862 2165 4921 ‘Ferratae
2189 4871 2290 4923 sub

733 4947 962 4984 numero
992 4932 1081 4989 95,
1112 4931 1264 4997 cujus
1302 4933 1489 4987 titulus
1517 4942 1598 4985 est
1625 4950 1636 4985 :
1684 4931 1915 4987 Cunencs
1965 4938 2288 4991 Anastasimi

730 5012 778 5053 ct
843 5002 1354 5052 Stauroanastasimi
1428 5014 1476 5053 et
1533 5003 1852 5055 Analmtlmti
1924 5005 2287 5060 Octmchorum

731 5072 907 5154 ligo/ms
929 5071 1149 5154 primus,
1178 5072 1362 5154 inquo
1396 5072 1899 5154 libro_suntnplures
1924 5077 2013 5154 alii
2044 5092 2283 5131 canones

730 5142 975 5214 ejusdem
1022 5137 1284 5208 Joscpbi,’
1329 5156 1395 5195 ex
1442 5142 1643 5209 quibus
1692 5137 1986 5199 Tlieotm-ia
2037 5149 2285 5214 superius

730 5210 954 5263 adduxi.

804 5276 1145 5353 (46)__Totalis
1193 5277 1523 5353 l¥._Vi_rginis
1554 5282 1920 5335 Immaculatio
1959 5300 2063 5337 non
2111 5296 2286 5353 potest

727 5363 855 5402 euut
883 5349 1067 5423 aliqua
1109 5350 1318 5403 macula
1340 5350 1484 5423 bene
1518 5352 1808 5413 coltmrcrc,
1848 5349 2173 5423 quocunque
2204 5357 2285 5409 in-

729 5419 896 5494 stanti
922 5421 1002 5494 vel
1033 5427 1281 5487 tempore
1307 5420 1378 5473 sit
1408 5420 1523 5494 bazc
1553 5424 1764 5494 macula
1798 5419 2099 5489 contracta,
2130 5437 2290 5494 atque

730 5491 851 5563 ideo
882 5489 1079 5563 olinixe
1124 5501 1177 5541 ct
1212 5491 1520 5563 necessario
1551 5493 1840 5545 tenendum
1880 5495 1936 5547 S.
1967 5489 2287 5563 Josepbuin,

728 5561 856 5609 dunt
890 5558 1171 5625 lleiparam
1207 5570 1372 5612 telam
1404 5560 1806 5614 immaculatatn
1835 5558 2112 5626 salutavit;
2144 5558 2287 5619 illam

730 5628 944 5702 nullius
979 5630 1179 5695 peccati
1229 5631 1461 5687 macula,
1491 5633 1666 5683 'etiam
1728 5636 1781 5685 in
1840 5635 2016 5702 primo
2044 5637 2287 5702 instanti,

730 5698 893 5747 tuisse
917 5698 1252 5765 tleturpalam
1282 5702 1593 5752 credidisse.

796 5768 907 5834 ιᾷἰ)
944 5771 1078 5832 Quid
1110 5780 1191 5821 est
1230 5772 1509 5836 lli-iparatn
1544 5788 1662 5824 esse
1698 5774 2286 5844 intutarulatissimam,

2414 1998 2567 2044 tuum
2608 1991 2877 2058 inutilem,
2921 1992 3450 2058 tibi,oeastissima,
3494 1992 3726 2049 ferventi
3779 1992 3980 2047 affet-tu

2410 2080 2826 2150 supplicantem.

2937 2172 3277 2227 Theotacian.

2475 2280 2721 2336 Concede
2743 2280 2898 2347 mibi,
2934 2281 3184 2348 Domina,
3217 2282 3420 2338 imbres
3459 2283 3823 2354 laerymarum
3848 2285 3979 2352 qui-

2408 2371 2509 2426 bus
2545 2373 2839 2427 abluantur
2872 2374 3064 2428 sordes
3110 2373 3297 2428 miseri
3325 2374 3505 2429 cordis
3524 2375 3648 2439 mei,
3679 2385 3731 2431 et
3758 2376 3828 2429 ab
3889 2376 3979 2428 in-

2406 2462 2723 2531 gruentibus
2752 2464 3007 2532 periculis
3055 2465 3223 2519 libera
3271 2479 3378 2531 me,
3402 2475 3461 2520 ut
3515 2481 3729 2537 semper
3750 2478 3803 2521 te
3859 2482 3979 2522 ma-

2404 2553 2654 2621 gnificem
2683 2568 2806 2609 cum
2849 2555 3055 2619 laetitia,
3076 2568 3110 2609 ο
3137 2554 3248 2611 Deo
3280 2556 3623 2613 charissima.

3018 2645 3131 2699 Ode
3162 2648 3216 2700 8.

2474 2730 2756 2802 Tanquam
2774 2748 2837 2787 ea
2864 2748 2985 2802 quae
3015 2734 3252 2789 divinam
3283 2734 3518 2803 pluviam
3542 2736 3851 2805 suscepisti,
3881 2736 3977 2790 de-

2402 2823 2547 2879 sicca
2580 2824 3064 2880 intercessionibus
3088 2827 3195 2881 tuis
3226 2826 3449 2881 ﬂumina
3466 2827 3791 2883 delictorum
3816 2844 3968 2882 meo-

2401 2930 2545 2980 rum,
2575 2926 2627 2971 ct
2657 2918 3014 2974 tentationum
3057 2919 3259 2974 imbres
3285 2919 3565 2987 imminue,
3585 2929 3639 2977 et
3678 2921 3831 2976 salva
3860 2936 3969 2977 me.

2962 3007 3297 3064 Thcotocion.

2467 3100 2510 3156 Ο
2539 3100 2769 3155 Domina
2794 3114 2949 3170 pura,
2981 3115 3103 3168 quae
3134 3099 3305 3155 ctelos
3331 3100 3547 3155 excedis
3592 3102 3971 3171 amplitudine.

2399 3191 2566 3246 libera
2586 3191 2695 3262 [ιϐ
2717 3205 2813 3245 nos
2841 3190 3114 3260 supplices
3154 3199 3276 3247 tuos
3295 3191 3364 3245 ab
3396 3192 3544 3245 omni
3588 3194 3884 3261 angustia;
3920 3206 3974 3248 et

1875 3324 1903 3364 ρ
1935 3281 2003 3362 'ab
2022 3281 2303 3376 "opemms
2330 3290 2374 3349 (ι
2408 3283 2460 3336 in
2493 3282 3151 3376 tribulationeconsolare
3172 3297 3361 3337 omnes
3384 3281 3701 3339 dilatationc
3724 3284 3890 3349 bona,
3914 3296 3974 3340 ut

2403 3381 2456 3427 te
2477 3371 2673 3427 debitis
2702 3370 2957 3425 laudibus
2994 3371 3382 3428 beatifieemus.

3092 3462 3203 3517 Ode
3228 3464 3282 3519 9.

2470 3556 2515 3611 Ο
2546 3554 2770 3610 Domina
2791 3555 2977 3624 Virgo,
3008 3557 3155 3626 eripe
3188 3573 3275 3613 me
3302 3572 3332 3611 a
3354 3557 3469 3612 luto
3491 3558 3718 3628 peccati,
3772 3560 3829 3614 in
3876 3577 3972 3617 eo-

2398 3644 2523 3700 dem
2560 3645 2813 3710 inﬁxum;
2838 3654 2892 3699 et
2924 3646 3315 3714 periclitantem
3348 3648 3517 3701 libera
3560 3662 3592 3701 a
3650 3651 3968 3704 tentationi-

2401 3738 2504 3791 bus
2536 3737 2969 3791 adversariorum
2992 3752 3054 3792 ac
3084 3739 3350 3793 malorum
3381 3738 3681 3802 hominum,
3722 3742 3816 3810 qui
3844 3758 3969 3811 gra-

2398 3832 2469 3886 tis
2496 3829 2823 3886 conturbant
2847 3844 2953 3895 me,
2990 3838 3044 3885 et
3074 3829 3309 3900 graviter
3335 3844 3425 3884 me
3466 3829 3751 3886 invadunt.

2994 3920 3331 3974 Tlteotocion.

2465 4014 2545 4067 Tu
2583 4026 2704 4082 qua:
2752 4011 2890 4067 lucis
2936 4025 2997 4067 es
3053 4011 3440 4078 habitaculum,
3491 4026 3526 4067 ο
3568 4012 3967 4070 immaculatis-

2390 4107 2531 4162 sima
2550 4104 2699 4173 (4'7);
2740 4103 2937 4158 anima:
2966 4118 3099 4157 mea:
3119 4103 3372 4158 tenebras
3396 4112 3452 4158 et
3485 4104 3845 4159 tentationum
3879 4125 3967 4163 ne-

2392 4192 2551 4246 bulos
2574 4188 2826 4245 celeriter
2841 4190 3066 4259 expelle,
3085 4198 3138 4244 ct
3159 4206 3189 4244 a
3224 4190 3383 4245 malis
3413 4190 3786 4261 ingruentibus
3810 4197 3966 4250 salva

2393 4297 2502 4348 me,
2528 4295 2740 4351 precor,
2777 4280 2904 4336 dum
2936 4269 2987 4337 te
3018 4281 3246 4338 fideliter
3265 4282 3536 4339 collaudo.

2397 4458 2497 4511 nisi
2524 4459 2695 4528 ipsam
2727 4457 3011 4533 privilegio
3032 4459 3469 4533 singularissimo
3492 4476 3555 4515 ac
3586 4466 3962 4533 praerogativa

2398 4544 2591 4581 omnes
2616 4544 2709 4593 per
2731 4530 3131 4593 generationem
3165 4532 3466 4584 naturalem
3516 4530 3597 4585 ab
3622 4530 3833 4587 Adanio
3860 4537 3963 4589 de-

2318 4630 2369 4688 n
2398 4599 2718 4688 arridente:
2732 4599 3747 4688 -ili."1""f'.i9f?:-?l‘ii“"?*.?‘£?F°""‘!

2394 4682 2610 4737 cunque
2670 4668 2894 4720 maculsc
2964 4670 3294 4737 superasse?
3350 4670 3599 4725 Admissa
3660 4668 3861 4727 autem'
3906 4678 3959 4729 in

2396 4736 2456 4811 li.
2480 4735 2698 4811 Υιτείηο
2731 4737 2941 4811 tttacula
2961 4735 3166 4811 peccati
3186 4739 3486 4811 originalis,
3502 4742 3684 4808 plures
3699 4758 3761 4795 ex
3785 4756 3963 4811 poste-

2396 4808 2468 4881 ris
2488 4806 2824 4881 Adte,q_uo:_t_d
2846 4809 3049 4881 peccati
3081 4806 3374 4861 carcntiam
3407 4810 3460 4861 in
3480 4806 3763 4875 munditia,
3784 4806 3837 4863 et
3861 4830 3960 4881 po-

2393 4878 2575 4945 ritate,
2618 4892 2646 4928 a
2673 4876 2731 4929 ll.
2767 4876 2985 4943 Virgine
3010 4892 3119 4929 non
3143 4888 3530 4945 superarentur
3562 4897 3574 4933 :
3610 4896 3733 4933 nam
3758 4876 3957 4938 omnes

2392 4944 2625 4998 infantes
2661 4946 2996 5008 innocentes,
3027 4946 3119 5014 qui
3160 4944 3279 5014 post
3324 4947 3647 5016 baptismum
3704 4956 3957 5005 moriun-

2396 5026 2500 5074 tur,
2528 5025 2811 5083 antequam
2854 5016 2918 5066 ad
2952 5031 3110 5086 usum
3153 5016 3381 5086 rationis
3408 5021 3754 5085 perveniant,
3790 5033 3954 5086 quot-

2393 5094 2527 5151 quot
2567 5085 2730 5136 ctiam
2770 5086 2937 5137 adulti
2985 5085 3204 5153 perfecti
3247 5086 3431 5153 judicii
3472 5102 3534 5141 ac
3587 5085 3820 5143 rationis
3851 5108 3953 5145 ex-

2389 5165 2591 5221 pertes,
2607 5164 2773 5205 totum
2796 5157 3044 5222 vilic.su1-
3063 5156 3295 5208 stadium
3318 5166 3907 5224 ριϊοιινιετιιιιιιιιιοιιυ
3923 5180 3953 5214 a

2391 5233 2613 5289 peccato
2635 5224 2881 5292 originali
2908 5225 3122 5295 lavacro
3143 5228 3565 5295 regenerationis
3589 5231 3951 5295 mundentur,

2390 5303 2576 5363 essent
2609 5308 2763 5359 aeque
2795 5294 3121 5347 immaculati
3155 5309 3218 5346 ae
3251 5292 3411 5362 Virgo
3442 5298 3792 5363 beatissima;
3820 5292 3951 5355 sunt

2389 5361 2533 5433 enim
2567 5366 2941 5433 parcshquoad
2984 5366 3187 5432 peccati
3237 5366 3465 5420 actualis
3493 5361 3816 5433 carentiam,
3848 5386 3955 5427 nec

2388 5429 2703 5502 beatissima
2730 5430 2889 5502 Virgo
2927 5429 2997 5486 ab
3026 5434 3155 5501 ipsis
3184 5434 3235 5486 in
3264 5435 3603 5490 immunitate
3630 5452 3661 5490 a
3689 5429 3814 5492 labe
3837 5444 3954 5494 ori-

2389 5501 2558 5578 ginali
2628 5500 2931 5578 dissideret.
2999 5500 3150 5578 Unde
3204 5504 3492 5578 deducitur
3540 5507 3612 5578 _B.
3673 5507 3950 5578 Virginem

2385 5571 2559 5642 quoad
2590 5573 2791 5637 peccati
2828 5575 3187 5639 impuritatem
3239 5574 3462 5642 reliquis
3505 5576 3574 5629 ab
3606 5571 3819 5632 Adanfo
3845 5582 3944 5635 de~

2389 5639 2784 5715 seruili-utilius
2817 5645 3035 5709 speciali
3080 5639 3367 5715 privilegio
3390 5661 3498 5715 non
3535 5658 3818 5715 prmstare,
3848 5667 3950 5704 nec

2387 5724 2511 5781 vero
2537 5727 2563 5761 :t
2603 5709 2659 5759 S.
2694 5709 2929 5778 JoSt'plto
2955 5724 3005 5765 ct
3038 5716 3157 5768 aliis
3192 5709 3391 5781 ιιςιέδὶιιι
3431 5709 3689 5770 Pati'ibus
3715 5709 3950 5773 salutari

2390 5780 2963 5835 immarulatissitnam.
