4164 6456
756 382 890 446 1043

1829 393 1886 449 8.
1927 390 2238 450 JOSEPHI
2280 392 2845 455 IIYMNOGRAPIII

3840 386 3993 451 10H.

749 500 964 562 ruisset,
991 499 1311 554 intermedio
1341 501 1635 557 iuimicitim
1667 505 1869 572 pariete
1926 508 2160 571 sublato,
2207 524 2301 575 pa-

2422 511 2573 574 ἒλὼνζ
2599 514 2829 582 εἰρήνην
2861 510 3206 581 ἐμεσίτευσε,
3242 509 3333 562 καὶ
3366 508 3509 580 ζωὴν
3539 507 3863 577 ἐϐράϐευσε,
3891 506 3995 559 καὶ

744 606 861 644 cem
886 592 1205 658 interposuit
1236 609 1250 657 ;
1287 594 1557 665 vitamque
1581 611 1644 649 ac
1696 596 1938 650 divinam
1976 601 2304 669 redemptio-

743 697 866 736 nem
896 684 1119 752 largitus
1148 696 1248 739 est.

818 772 980 843 Virgo
1029 786 1176 831 casta
1246 794 1367 849 post
1413 793 1621 852 partum
1692 788 2061 853 permansisti,
2092 800 2126 839 0
2178 801 2309 840 san-

745 865 1014 931 ctissima;
1055 865 1218 922 Deum
1245 873 1387 925 enim
1411 874 1642 929 Verbum
1678 879 1909 948 genuisti
1939 878 2170 931 similem
2206 889 2311 928 no-

741 958 827 1013 bis
845 956 1065 1025 factum,
1094 963 1211 1018 sine
1242 974 1483 1033 peccato.

833 1050 975 1106 Sana
1008 1055 1230 1110 vulnera
1285 1058 1468 1113 cordis
1520 1061 1645 1122 mei,
1682 1078 1713 1113 ο
1754 1063 1974 1129 puella;
2024 1073 2079 1119 et
2126 1078 2310 1126 motus

743 1139 940 1192 anima:
968 1157 1098 1195 mea:
1135 1152 1282 1197 recto
1306 1160 1369 1199 ac
1398 1147 1537 1203 felici
1561 1152 1779 1203 tramite
1827 1151 2020 1220 dirige,
2055 1168 2088 1209 0
2124 1155 2308 1226 Virgo,

743 1228 810 1282 ad
845 1223 1290 1288 Dei'voluntatem
1328 1235 1646 1293 faciendam.

828 1317 1010 1385 Salve,
1044 1336 1077 1374 o
1140 1326 1299 1378 unica
1352 1325 1593 1382 Genitrix
1646 1330 1814 1395 illius,
1859 1335 1950 1401 qui
2000 1350 2310 1394 carnem....

740 1412 1139 1479 emendicavit;
1196 1416 1387 1479 salve,
1449 1419 1673 1489 collapsi
1735 1425 1921 1477 mundi
1984 1428 2211 1492 erectio,
2279 1446 2312 1485 0

744 1501 1283 1568 immaculatissima;
1321 1510 1492 1573 salve,
1516 1514 1764 1567 moeroris
1781 1516 2069 1573 dissolutio
2098 1535 2113 1585 ;
2139 1521 2310 1585 salve,

746 1592 892 1647 salus
914 1592 1149 1648 ﬁdelium
1178 1615 1192 1662 ;
1229 1597 1404 1665 salve,
1438 1602 1629 1657 throne
1660 1603 1751 1658 Dei
1777 1606 2061 1663 altissime.

814 1680 993 1738 Mente
1022 1687 1360 1743 revolventes
1390 1691 1713 1763 diviniloqui
1741 1696 2036 1765 prophetze,
2070 1701 2311 1768 mysterii

744 1776 821 1827 tui
852 1774 1299 1843 profunditatem,
1331 1796 1363 1834 o
1416 1781 1579 1853 Virgo
1608 1825 1623 1848 ,
1690 1787 2009 1855 prophetice
2057 1803 2313 1857 praenun-

746 1866 1024 1923 tiaveruut
1047 1869 1199 1935 illud,
1227 1871 1339 1943 48
1371 1873 1555 1929 divino
1580 1875 1780 1944 Spiritu
1836 1878 2089 1933 illustrati
2150 1898 2163 1934 :
2218 1897 2316 1937 nos

746 1972 880 2013 vero
911 1974 1034 2014 cum
1087 1961 1302 2016 illorum
1334 1965 1590 2020 vaticinia
1645 1982 1808 2037 opere
1863 1971 2133 2040 completa
2175 1988 2318 2029 nunc

746 2050 854 2106 ιωιί
882 2052 1215 2112 intueamur.
1250 2058 1549 2113 credimus.

821 2140 864 2195 0
890 2144 1088 2211 puella.
1126 2146 1384 2202 omnibus
1418 2150 1696 2207 miraculis
1741 2154 2135 2223 admirabilior,
2165 2156 2317 2211 illum

748 2232 1007 2298 genuisti,
1034 2235 1127 2304 qui
1152 2245 1236 2291 est
1260 2248 1384 2292 ante
1412 2241 1595 2293 omnia
1624 2243 1843 2309 saacula,
1878 2245 2038 2300 nobis
2085 2247 2317 2300 similem

746 2321 950 2377 tactum
982 2334 1202 2394 propter
1224 2342 1495 2382 summam
1550 2331 1981 2385 misericordiam
2026 2348 2203 2397 suam,
2259 2349 2320 2393 ut

747 2411 927 2466 salvos
959 2410 1159 2469 laceret
1187 2429 1303 2482 eos,
1326 2417 1417 2486 qui
1446 2428 1651 2473 canunt
1681 2435 1695 2473 :
1727 2419 2052 2477 Benedictus
2073 2437 2153 2489 es,
2174 2422 2319 2478 Deus

751 2512 968 2572 patrum
1009 2514 1342 2561 nostrorum.

822 2593 1027 2650 Divinis
1052 2598 1229 2653 verbis
1261 2599 1370 2654 tuis
1403 2601 1682 2656 hominum
1718 2605 2098 2671 generationes
2142 2607 2316 2663 inhae-

750 2697 955 2749 rentes,
1018 2688 1228 2744 beatam
1282 2699 1335 2745 te
1389 2692 1595 2759 dicunt,
1656 2710 1689 2747 ο
1723 2710 1938 2764 semper
1983 2698 2317 2765 beatissima,

751 2777 991 2831 suaviter
1017 2779 1366 2836 concinentes
1394 2801 1407 2836 :
1440 2781 1762 2852 Benedicite,
1788 2786 1969 2840 omnia
1998 2802 2187 2857 opera,
2213 2788 2318 2843 Do-

754 2869 989 2924 minum.

824 2960 870 3015 Ο
893 2961 1077 3032 Virgo,
1111 2964 1376 3020 honorum
1409 2971 1665 3033 amatrix,
1692 2971 1888 3026 bonam
1913 2972 2062 3027 eliiee
2078 2973 2316 3027 animam

754 3068 955 3117 meam,
984 3056 1189 3122 peccati
1219 3059 1426 3113 malitia
1482 3061 1881 3131 depravatam;
1923 3072 1975 3117 tu
2020 3065 2163 3118 enim
2230 3066 2318 3120 b0.

756 3161 885 3198 num
918 3138 1084 3201 Deum
1113 3163 1175 3203 ac
1202 3148 1491 3204 Dominum
1526 3154 1806 3222 peperisti.

756 3270 842 3327 Ex
871 3273 1081 3329 Canam:
1104 3277 1159 3329 in
1187 3276 1808 3352 pervigiliisLuminum,
1856 3296 1946 3335 seu
1978 3280 2311 3352 Epiphania},

1438 3350 1522 3403 die
1556 3350 1608 3404 5.

826 3454 870 3510 0
896 3456 1288 3511 miraculorum
1320 3458 1674 3515 miraculum!
1708 3461 1994 3527 Quomodo
2048 3460 2192 3515 Deus
2223 3477 2317 3516 no-

758 3554 891 3608 ster,
933 3546 1021 3613 qui
1064 3555 1145 3599 est
1200 3548 1447 3615 superior
1495 3552 1641 3603 omni
1688 3560 1958 3613 creatura,
2013 3560 2227 3604 creatur
2262 3559 2317 3604 et

757 3634 1139 3700 plasmaturex
1174 3635 1265 3690 Dei
1297 3636 1465 3691 Matre
1486 3656 1499 3703 ;
1519 3648 1571 3692 et
1601 3640 1876 3692 voluntate
1900 3654 1997 3691 sua
2019 3647 2242 3692 renovat
2265 3646 2319 3692 et.

755 3728 988 3797 plasmat
1008 3728 1201 3782 lterum
1222 3744 1318 3781 nos
1345 3745 1411 3782 ex
1439 3745 1600 3799 aqua,
1628 3741 1681 3783 et
1706 3731 1901 3800 Spiritu
1930 3730 2080 3783 solus
2122 3729 2319 3785 beneﬁ-

756 3836 854 3874 cus
886 3821 1241 3888 plusmatiune
1275 3823 1508 3876 maxime
1533 3823 1881 3877 admirabili“!

829 3909 1170 3966 llorrcscunt
1208 3912 1515 3975 cherubim,
1562 3922 1725 3984 atque
1775 3917 2027 3974 universa
2084 3917 2320 3973 caelestis

758 4013 952 4058 natura
980 4004 1050 4057 ob
1078 4003 1431 4058 reverentiam
1452 4005 1771 4060 veneranda:
1796 4008 1962 4075 prolis
1992 4008 2321 4061 tu:eincom-

756 4094 1163 4163 prehensibilis,
1200 4109 1233 4148 0
1254 4094 1789 4161 immaculatissima,
1812 4113 1934 4167 qua:
1958 4098 2159 4153 similis
2181 4097 2322 4151 facta

758 4195 845 4240 est
876 4186 1033 4240 nobis
1065 4196 1289 4255 propter
1320 4186 1647 4243 ineffabilem
1682 4192 2112 4247 misericordiam
2146 4207 2321 4254 suam,

758 4287 813 4332 et
847 4280 1145 4333 secundum
1167 4294 1383 4334 carnem
1426 4281 1695 4350 baptizata
1736 4293 1856 4350 est;
1889 4284 2044 4353 cujus
2085 4283 2322 4337 divinam

760 4368 1153 4439 apparitiouem
1191 4385 1336 4425 nunc
1364 4386 1557 4427 omnes
1591 4373 1931 4429 exsultantes
1959 4374 2322 4429 celebramus.

2412 604 2563 658 θείαν
2588 604 2986 676 ἀπολύτρωσὶν.

2482 790 2753 861 Παρθένος
2790 792 2927 862 ἁγνὴ
2954 792 3091 861 μετὰ
3109 791 3208 861 τὴν
3235 789 3452 861 κύησιν,
3481 784 3742 853 παναγία,
3774 782 3959 849 διέμει

2411 900 2509 945 νας
2535 900 2548 913 ο
2579 883 2713 935 Θεὸν
2763 884 2935 953 Λόγον
2959 883 3067 954 γὰρ
3098 882 3397 950 ἐγέννησας
3446 879 3573 948 ἡμῖν
3622 872 3989 945 ὁμοιωθέντα»

2410 976 2579 1043 χωρὶς
2609 974 2904 1046 ἁμαρτίας.

2483 1068 2659 1120 Ἴασαί
2684 1084 2785 1137 μου
2812 1068 2880 1121 τὰ
2900 1066 3211 1138 τραύματα,
3251 1063 3411 1134 κόρη,
3442 1062 3540 1128 τῆς
3580 1054 3855 1149 ιιαρδιιις.⁸
3892 1052 3991 1149 καὶ

2411 1158 2777 1212 κατειιόδωσον
2816 1159 2911 1228 τῆς
2935 1158 3109 1227 ψυχῆς
3140 1173 3241 1227 μου
3270 1154 3339 1208 τὰ
3366 1151 3640 1221 κινήματα
3686 1148 3767 1207 εἰς
3820 1143 3988 1205 Θεου,

2413 1250 2676 1319 Παρθένε,
2708 1250 2777 1303 τὰ
2800 1250 3099 1319 θελήματα.

2479 1340 2672 1411 Χαῖρε,
2707 1340 2840 1410 μόνη
2869 1340 3106 1393 τεκοῦσα
3136 1337 3321 1392 τὸν....
3350 1335 3526 1405 σάρκα
3555 1326 3979 1397 πτωχεύσαντα,

2412 1432 2697 1504 χαίρε,τοῦ
2720 1432 2975 1493 πεσόντος
3000 1429 3367 1500 ἐπανόρθωσις
3395 1425 3622 1493 κόσμου,
3648 1418 3987 1486 πανὰμωμε·

2414 1528 2588 1596 Χαῖρεν
2606 1524 2781 1594 λύπης
2809 1522 2982 1586 λύσις·
3008 1524 3186 1591 χαῖρε,
3215 1517 3420 1572 πιστῶν
3447 1518 3481 1586 ὴ
3510 1511 3770 1583 σωτηρίαο
3795 1510 3983 1579 χαῖρε,

2414 1619 2568 1688 θρόνε
2584 1616 2717 1669 Θεοῦ
2750 1614 3068 1685 ὑψηλότατε.

2481 1710 2790 1778 Νοὴσαντες
2848 1706 3099 1775 θεηγόροι
3153 1702 3433 1772 προφῆται
3494 1692 3792 1767 μυστήριόν
3849 1706 3987 1752 σου,

2418 1799 2658 1871 Παρθένε
2687 1837 2701 1861 ,
2735 1796 2797 1849 τὸ
2844 1796 3004 1866 βάθος
3068 1790 3421 1865 προφητικῶς
3495 1781 3990 1856 προκατήγγειλαν

2423 1893 2601 1955 τοῦτο,
2635 1887 3126 1961 φωταγωγούμενοι
3187 1885 3316 1954 θείῳ
3358 1883 3417 1935 ἐν
3476 1878 3756 1947 Πνεύματι
3806 1892 3822 1906 ο
3895 1875 3995 1925 καὶ

2426 1982 2518 2035 νῦν
2585 1984 2745 2052 ἡμεῖς
2792 1977 3105 2051 περιχαρῶς
3151 1977 3251 2040 τὰς
3295 1972 3563 2044 ἐμφάσεις
3616 1968 3852 2039 ὁρῶντες
3895 1982 3994 2016 πι-

2427 2072 2708 2142 στεύομεν.

2506 2164 2959 2235 ’Υπερθαύμαστε
3001 2163 3180 2232 κόρη,
3230 2159 3320 2213 τὸν
3370 2154 3475 2227 πρὸ
3498 2154 3716 2207 πάντων
3773 2148 3996 2204 αἰώνων

2425 2257 2797 2327 ἐκυοφὸρησας
2831 2258 2959 2324 ἡμῖν
2988 2250 3342 2322 ὁμοιωθέντα,
3366 2248 3433 2301 δι’
3484 2247 3658 2316 ἄκραν
3713 2241 3999 2307 εὐσπλαγ-

2425 2348 2606 2416 χνίαν,
2640 2350 2726 2398 ἵνα
2756 2344 2906 2417 σώσῃ
2928 2342 3053 2405 τοὺς
3081 2341 3393 2410 ψεὶλλοντας⁸
3416 2353 3432 2368 °
3475 2335 3533 2389 '0
3601 2332 3707 2387 τῶν
3734 2330 3995 2401 πατέρωι

2427 2438 2583 2508 ἡμῶν
2610 2438 2762 2503 Θεὸς,
2789 2434 3080 2503 εὐλογητὸς
3103 2428 3173 2486 εἴ.

2508 2618 2739 2691 Ῥήμασξ
2758 2635 2851 2671 σου
2876 2616 3041 2680 θείοις
3068 2616 3260 2683 γενεαὶ
3287 2611 3555 2684 ἑπόμεναι
3572 2607 3626 2661 αἱ
3643 2605 3752 2661 τῶν
3781 2603 3878 2658 ἀνθ
3890 2600 4002 2673 ρώ-

2424 2730 2545 2766 πων
2596 2708 2971 2781 μακαρίζομεν
3009 2723 3068 2759 σε
3106 2704 3205 2775 τὴν
3238 2701 3685 2772 ἁειμακὰριστον,
3738 2696 3835 2748 καὶ
3868 2693 4005 2763 μελο

2422 2802 2663 2874 ῳδοῦμεν
2688 2820 2699 2834 ·
2728 2802 3031 2868 Εὐλογεῖτε,
3063 2798 3241 2851 πάντα
3262 2795 3331 2849 τὰ
3356 2794 3515 2865 ἔργα,
3548 2792 3637 2845 τὸν
3658 2788 3887 2859 Κύριον.

2491 2985 2759 3053 Φιλάγαθε
2789 2981 3053 3051 Παρθένε,
3084 2978 3181 3049 τὴν
3210 2975 3602 3044 κεκακωμένην
3638 2972 3705 3041 τῇ
3745 2967 4003 3039 ἁμαρτίᾳ

2422 3080 2599 3149 ψυχήν
2631 3094 2729 3147 μου
2756 3074 3025 3143 ἁγὰθυνον
3048 3089 3062 3105 ·
3109 3071 3201 3124 τὸν
3249 3067 3510 3137 ἁγαθὸνὴ
3565 3060 3799 3117 τεκοῦσα
3862 3059 4002 3112 Θεὸν

2344 3187 2388 3245 c
2422 3173 2515 3226 καὶ
2544 3170 2764 3235 Κύριον.

2481 3291 2582 3346 Ἐκ
2610 3290 2715 3343 τοῦ
2736 3287 3005 3353 Κανόνας
3023 3286 3091 3339 ἐν
3117 3282 3426 3372 apocopth
3441 3277 3560 3335 τῶν
3577 3277 3812 3346 Φώτων,
3852 3278 4004 3348 ἠμέ-

3108 3370 3189 3423 Ρᾳ
3219 3370 3287 3422 Γ·

2489 3472 2554 3523 Ὢ
2589 3468 2773 3536 θαῦμα
2791 3464 3114 3534 θαυμάτων’ῑ
3158 3461 3329 3523 Πῶςό
3366 3459 3546 3529 πάσης
3579 3458 3840 3511 ἐπέκεινα
3879 3456 4003 3509 κτί-

2422 3578 2560 3623 σεως
2592 3560 2724 3624 Θεὸς
2746 3557 2904 3629 ἡμῶν
2933 3555 3178 3619 κτίζεται
3207 3553 3300 3606 καὶ
3323 3551 3611 3605 πλάττεται
3634 3552 3697 3603 ὲκ
3722 3551 3827 3618 τῆς
3851 3552 3988 3603 Oeo-

2422 3653 2678 3722 μήτορος,
2712 3649 2807 3702 καὶ
2856 3647 3172 3716 καινουργεί
3225 3643 3486 3711 θελήματι
3508 3642 3602 3694 καὶ
3652 3640 3994 3694 ἀναπλάττει

2418 3746 2587 3815 ἡμᾶς,
2616 3743 2686 3797 δι’
2716 3742 2908 3802 ὓδατος
2934 3740 3030 3791 καὶ
3053 3734 3363 3806 πνεύματος
3380 3734 3574 3788 πλάσιν
3601 3732 4000 3802 θαυμασιωτά-

2418 3837 2583 3905 την,ὁ
2616 3834 2772 3903 μόνος
2809 3830 3144 3899 εὐεργέτηςς

2489 3924 2707 3992 Φρίττει
2748 3918 3016 3990 χερουὸὶμ
3046 3917 3139 3969 καὶ
3176 3916 3327 3968 πᾶσα
3356 3912 3611 3984 οὐράνιος
3644 3912 3830 3983 φύσις,
3860 3930 4004 3966 παν-

2421 4016 2640 4085 άμωμε,
2699 4012 2791 4065 τὸν
2860 4011 3000 4078 ὑπὲρ
3061 4007 3367 4076 κατάληψιν
3436 4005 3634 4058 σεπτόν
3692 4016 3789 4059 σου
3840 4007 4007 4057 τόκον

2434 4104 2778 4175 ὁμοιωθέντα
2819 4104 2969 4172 ἡμῖν,
3002 4099 3070 4153 δι’
3105 4097 3501 4167 εὐσπλαγχνίαν
3530 4098 3756 4163 ἄφατον,
3777 4098 4005 4163 καὶ-βα-

2423 4197 2715 4263 πτισθέντα
2770 4193 2954 4263 σαρκὶ,
2995 4184 3055 4245 οὗ
3082 4192 3179 4260 τὴν
3229 4188 3379 4242 θείαν
3421 4188 3621 4251 πάντες
3676 4188 4003 4253 ἐπιφάνειαν

2424 4290 2755 4362 ἑορτάζομεν
2784 4285 2879 4339 νῦν
2909 4282 3293 4353 ἀγαλλόμενοι.

761 4494 846 4549 Ea:
866 4495 1073 4549 Canone
1104 4496 1159 4548 in
1190 4506 1399 4551 sanctas
1430 4499 1763 4567 septuaginta
1814 4500 2103 4567 apostolos,
2135 4498 2221 4554 die
2262 4498 2317 4552 4.

2439 4508 2533 4560 Ἐκ
2559 4505 2665 4559 τοῦ
2718 4504 2986 4577 Κανόνος
3013 4502 3100 4577 sic
3140 4499 3281 4577 τοὺς
3306 4499 3516 4577 ἁγίους
3577 4495 4006 4565 ἐϐδομήκοντα

831 4694 1087 4750 Divinum
1149 4695 1292 4765 regis
1366 4696 1625 4766 palatium
1694 4698 2048 4761 honoremus,
2096 4700 2148 4752 in
2192 4715 2323 4768 quo,

762 4788 1218 4858 quemadmodum
1253 4788 1366 4857 ipse
1422 4790 1613 4853 voluit,
1658 4790 1968 4854 habitavit;
2034 4791 2322 4859 innuptam

761 4894 825 4933 ac
844 4878 1017 4932 solam
1046 4876 1354 4946 Deiparam,
1384 4894 1479 4948 per
1499 4894 1663 4949 quam
1685 4880 1916 4935 deilicati
1949 4896 2162 4944 sumus,
2212 4880 2326 4935 col-

761 4972 1072 5027 laudemus.

831 5063 943 5134 49
971 5064 1131 5118 Casta
1162 5072 1286 5117 ante
1313 5073 1549 5132 partum,
1587 5064 1638 5116 in
1677 5074 1857 5132 partu,
1882 5073 1935 5117 et
1971 5074 2088 5132 post
2114 5073 2323 5133 partum

761 5170 911 5220 vere,
963 5170 996 5208 0
1033 5153 1194 5223 Virgo
1238 5152 1431 5217 Mater,
1472 5154 1810 5221 apparuisti:
1853 5152 2019 5205 Deum
2054 5154 2196 5207 enim
2234 5168 2327 5222 pe-

762 5246 973 5317 peristi,
1031 5260 1192 5314 quem
1271 5244 1642 5315 apostolorum
1704 5243 1989 5313 collegium
2043 5242 2328 5298 manifeste

762 5337 1093 5409 praedicavit.

835 5430 1197 5484 Beatissimus
1225 5427 1352 5483 olim
1387 5426 1773 5497 prophetarum
1803 5426 2003 5480 chorus
2034 5427 2207 5482 sacris
2234 5440 2329 5481 va-

764 5586 1119 5658 Cytherorum
1150 5583 1625 5658 episcopo,‘ed_idit
1658 5582 1924 5658 Antonius
1962 5580 2200 5658 P_i_nellu_s
2226 5580 2330 5658 Ve-

767 5651 934 5710 netiis
965 5672 1110 5720 anno
1140 5651 1295 5717 1529,
1334 5651 1385 5710 in
1416 5655 1467 5709 4.
1498 5655 1635 5706 Cum
1684 5660 1862 5704 autem
1909 5652 1962 5704 in
1994 5651 2230 5709 Menaeis.
2263 5654 2329 5705 de

767 5727 970 5795 quibus
1008 5726 1265 5787 diximus,
1293 5726 1507 5793 plurimi
1534 5722 1851 5795 sparsimin
1871 5722 2112 5789 quolibet
2145 5737 2329 5775 mense

768 5793 982 5851 exstent
1026 5796 1127 5851 sub
1169 5795 1386 5867 Josephi
1418 5796 1586 5851 nostri
1644 5793 1861 5846 nomine
1910 5794 1977 5846 de
2016 5799 2325 5845 sanctorum

2802 4546 3537 4637 [ἆέιᾶἆτὲἇοίοξξῆιῖἐρᾆες

2497 4703 2569 4756 Τὸ
2604 4702 2747 4755 θεῖον
2779 4698 3041 4753 παλάτιον
3068 4697 3161 4750 τοῦ
3198 4696 3463 4765 βασιλέως
3493 4697 3841 4765 τιμήσωμεν,
3875 4697 3934 4748 ὲν
3957 4690 4002 4765 ᾧ

2424 4796 2826 4865 κατεσκήνωσε,
2861 4790 3041 4851 καθὼς
3088 4788 3323 4859 ἠθέλησε
3350 4802 3364 4817 ·
3388 4786 3486 4857 τὴν
3516 4787 3880 4856 ἁπείρανδρον
3905 4792 4002 4840 καὶ

2430 4888 2595 4959 μόνην
2619 4884 2901 4948 Θεοτόκον,
2931 4881 2998 4935 δι’
3024 4876 3091 4952 ἧς
3116 4879 3455 4950 ὲθεώθημεν,
3507 4878 3998 4949 ὑμνολογήσωμεν.

2507 5071 2670 5141 Ἀγνὴ
2699 5062 2804 5139 πρὸ
2831 5066 2924 5121 τοῦ
2952 5064 3136 5129 τόκου,
3165 5063 3259 5116 καὶ
3298 5065 3357 5116 ὲν
3385 5063 3550 5130 τόκῳ,
3576 5060 3673 5113 καὶ
3739 5062 3882 5129 μετὰ
3911 5061 4000 5113 τό-

2428 5180 2522 5217 κον
2574 5161 2808 5231 ἀληθῶς,
2871 5156 3318 5227 Παρθενομῖγτορ,
3373 5152 3658 5220 πέφηναςο
3720 5150 3858 5203 Θεὸν
3892 5152 4001 5220 γὰρ

2426 5254 2767 5323 ἀπεκύησας,
2797 5252 2855 5304 ὃν
2881 5248 3193 5305 ἀποστόλων
3262 5243 3515 5313 σύλλογος
3551 5242 3871 5314 περιφανῶς
3908 5244 4002 5296 ἀν-

2429 5345 2529 5413 εκή
2542 5343 2721 5414 ρυξεν.

2497 5439 2562 5492 Σὲ
2589 5436 3005 5509 μακαριώτατος
3038 5434 3205 5489 πάλαι
3233 5431 3392 5505 χορὸς
3411 5430 3520 5485 τῶν
3543 5428 4000 5502 προφητευόντων

2428 5589 2681 5643 laudibus
2706 5602 2966 5651 canones,
2998 5603 3062 5642 ex
3099 5587 3184 5642 his
3212 5586 3415 5649 omnia,
3448 5598 3569 5652 qua:
3607 5583 3673 5637 ad
3704 5583 3993 5652 Deiparam

2429 5660 2764 5727 spectabant,
2792 5659 3066 5725 decerpta,
3095 5672 3238 5713 nunc
3271 5658 3479 5726 piorum
3509 5654 3682 5709 oculis
3704 5670 3826 5709 sese
3864 5654 3999 5708 ulle—

2428 5739 2555 5784 runt
2577 5730 2800 5800 legenda
