4164 6456
194 471 331 532 1015

1579 470 1939 531 ΜΛΙΠΑΙΕ.

3280 461 3414 525 Ῑθίϐ

188 595 243 637 εὖ
280 584 878 655 ΙΙνεύματιθεηγορῖαις
905 585 1076 655 ἱεραῖς
1102 585 1418 655 θεοπρεπῶς
1448 585 1752 656 κατονομά-

1881 585 2061 641 iciniis
2117 586 2168 641 in
2219 584 2426 655 Spiritu
2470 584 2728 640 divinitus
2761 592 2830 650 te,
2872 596 2905 636 ο
2938 580 3262 643 castissima,
3295 595 3418 648 por-

189 678 296 740 ζιι,
331 678 590 741 πάναγνε,
616 676 792 745 πύλην
822 677 918 729 καὶ
947 677 1072 745 ὅρος
1104 679 1416 731 κατάσκιον.

256 762 337 817 Τὰ
366 765 589 833 ὄμματα
619 764 870 833 φῶτισον,
918 764 1159 833 Παρθένε
1182 803 1196 827 ,
1225 766 1321 835 τῆς
1346 763 1571 835 καρδίας
1632 782 1756 835 μου,

189 854 402 923 λαμψον
421 873 510 925 μοι
529 856 720 909 ἀκτῖνα
740 857 1047 925 μετανοίας,
1064 856 1288 918 σκότους
1308 873 1375 925 με
1397 855 1559 925 ῥῦσαι
1575 856 1759 910 διαιωο

190 948 449 1012 νίζοντος,
495 946 635 1017 πύλη
684 946 779 1000 τοῦ
807 947 1004 1015 φωτὸς,
1043 947 1389 1018 Χριστιανῶν
1447 948 1663 1002 πάντων
1700 948 1763 1002 τὸ

192 1038 530 1107 προσφύγιον
552 1039 661 1092 τῶν
687 1039 892 1102 πιστῶς
931 1039 1316 1109 ἁνυμνούντων
1346 1057 1429 1093 σε.

273 1130 459 1200 Ὕμνῶ
486 1147 567 1195 σε,
593 1131 726 1199 μόνη
748 1132 1089 1201 πανύμνητε·
1125 1131 1334 1197 δοξάζω
1356 1150 1436 1194 σε,
1468 1133 1556 1184 ἀεὶ
1581 1131 1761 1185 θεοδό-

194 1222 375 1288 ξαστε,
412 1223 502 1277 καὶ
528 1223 817 1294 μακαρίζω
852 1241 911 1276 σε
943 1223 1010 1293 ἦν
1026 1226 1210 1290 γενεαὶ
1241 1224 1605 1293 μακαρίζουσι
1651 1222 1761 1276 τῶν

193 1316 417 1384 γενεῶν,
447 1316 687 1386 Παρθένε
709 1316 1134 1387 θεομακὰριστε.

270 1478 605 1550 Ἱλαστήριον
630 1517 647 1543 ,
698 1478 1034 1547 πανάμωμε,
1084 1476 1380 1544 γεγένησαι
1418 1475 1763 1545 ἁμαρτανόν-

190 1587 301 1622 των
329 1571 437 1633 ἀεὶ,
463 1569 697 1623 τεκοῦσα
728 1569 1019 1639 ὑπερφυῶς
1041 1569 1133 1621 τοῦ
1163 1570 1367 1638 κόσμου
1404 1568 1496 1621 τὸν
1540 1569 1761 1638 αἴροντα

190 1660 291 1725 τὴν
330 1661 603 1729 ἁμαρτίαν
632 1659 887 1730 Χριστὸν,
916 1652 960 1726 ᾧ
983 1661 1368 1729 κραυγάζομεν
1388 1676 1403 1690 ⁶
1442 1660 1500 1712 '0
1530 1658 1636 1712 τῶν
1654 1677 1761 1712 πα-

192 1754 369 1833 τέρων
400 1751 603 1822 Κύριος
633 1753 727 1806 καὶ
755 1753 909 1817 Θεὸς,
935 1752 1226 1823 εὐλογητὸς
1256 1748 1327 1806 εἷ.

1862 685 1992 737 tam,
2025 684 2079 730 et
2111 686 2345 731 montem
2379 675 2692 729 umbrosum
2729 671 3048 729 nominavit.

1930 765 2199 831 lllumina,
2233 784 2266 821 0
2300 766 2485 837 Virgo,
2518 766 2708 819 oculos
2733 766 2913 819 cordis
2947 762 3075 823 mei,
3105 760 3295 829 eﬂ'ulge
3328 774 3423 813 sn-

1860 872 1956 926 per
1985 871 2070 910 me
2098 858 2431 926 paenitentiae
2458 856 2640 921 radio;
2673 872 2702 908 a
2736 855 2969 909 tenebris
2999 850 3423 923 percnnantibus

1859 948 2028 1003 libera
2062 963 2168 1011 me,
2212 962 2246 1002 o
2286 960 2439 1017 porta
2484 949 2643 1009 lueis.
2684 946 2950 1015 refugium
2984 944 3229 1001 omnium
3269 940 3426 995 Chri-

1863 1038 2167 1091 stianorum
2203 1044 2256 1090 te
2282 1036 2509 1092 ﬁdeliter
2541 1036 2901 1091 laudantium.

1932 1128 2121 1182 Laudo
2163 1138 2233 1192 te,
2262 1143 2295 1182 ο
2323 1128 2438 1182 sola
2473 1128 2633 1195 digna
2664 1128 2812 1182 omni
2844 1126 3003 1180 laude
3037 1143 3051 1178 ι
3081 1123 3325 1194 gloritlco
3354 1129 3425 1184 te,

1863 1235 1897 1274 ο
1924 1235 2137 1289 semper
2164 1235 2194 1274 a
2240 1218 2354 1273 Deo
2395 1219 2886 1288 gloriﬁcatissima;
2923 1225 2977 1271 et
3007 1215 3253 1269 beatifico
3291 1221 3364 1278 te,
3395 1226 3429 1262 ο

1871 1307 2030 1377 Virgo
2072 1309 2254 1363 divina
2299 1308 2635 1363 beatitudine
2682 1307 3020 1369 felicissima,
3065 1319 3230 1375 quam
3268 1316 3431 1373 gene-

1864 1402 2106 1457 rationes
2136 1403 2541 1471 generationum
2578 1402 2791 1455 beatam
2832 1400 3123 1469 appellant.

1939 1492 2307 1561 Expiatorium
2358 1492 2497 1547 facta
2548 1507 2628 1555 es,
2673 1506 2707 1545 ο
2751 1492 3063 1560 purissima,
3103 1500 3293 1543 eorum
3339 1484 3434 1552 qui

1865 1584 2084 1639 assidue
2126 1584 2471 1651 delinquunt,
2518 1599 2680 1653 supra
2726 1592 2932 1637 natura:
2986 1580 3228 1634 ordinem
3273 1576 3435 1632 enixa

1864 1672 2161 1737 Christum,
2212 1672 2305 1741 qui
2364 1672 2504 1725 tollit
2555 1683 2838 1741 peccatum
2892 1669 3120 1734 mundi,
3169 1668 3236 1723 ad
3269 1679 3433 1736 quem

1866 1765 2164 1820 clamamus
2211 1782 2226 1820 :
2286 1764 2550 1820 Dominus
2624 1779 2688 1820 ac
2736 1763 2879 1820 Deus
2938 1772 3174 1834 patrum,
3215 1757 3439 1813 benedi-

1866 1867 1988 1912 ctus
2025 1872 2103 1911 es.

269 1945 337 1996 Ὦ
372 1943 554 2012 θαῦμα
578 1944 830 1997 ἐπέκεινα
866 1943 1188 2014 θαυμάτωνῑ
1247 1944 1370 2007 Πῶς
1416 1945 1623 2007 τίκτεις
1674 1943 1767 1997 καὶ

1939 1969 1983 2024 Ο
2034 1970 2379 2035 miraculum,
2432 1970 2577 2039 quod
2622 1968 2808 2024 omnia
2850 1969 3115 2025 miracula
3151 1978 3437 2025 transcen-

204 2038 390 2107 μένεις
443 2035 849 2107 παρθενεύουσα
878 2077 893 2100 ,
954 2036 1198 2106 πάναγνε
1235 2038 1549 2105 θεόνυμφε;
1595 2036 1765 2103 Λόγον

194 2129 305 2198 γὰρ
336 2128 628 2199 ἐγέννησας
648 2128 743 2181 τὸν
778 2128 856 2198 τῷ
896 2129 1069 2199 [Iath
1110 2128 1464 2197 συνάναρχον,
1496 2121 1541 2193 ᾧ
1566 2127 1764 2189 πάντες

194 2219 493 2288 ψάλλομεν·
521 2219 626 2272 Τὸν
665 2219 868 2290 Κύριον
906 2219 1148 2288 ὑμνεῖτε,
1180 2218 1250 2272 τὰ
1285 2219 1446 2290 ἔργα,
1477 2219 1569 2271 καὶ
1602 2219 1771 2290 ὑπερο

196 2308 400 2376 υψοῦτε
425 2310 505 2371 εἰς
534 2312 738 2372 πάντας
768 2309 894 2371 τοὺς
917 2309 1138 2372 αἰῶνας.

266 2396 473 2464 Φέγγος
502 2398 787 2467 ἀστραπῆς
825 2395 919 2449 τοῦ
952 2396 1111 2449 τόκου
1144 2414 1235 2450 σου
1257 2395 1465 2466 ἔλαμψε
1516 2397 1612 2451 καὶ
1637 2413 1769 2448 κατ-

200 2489 489 2560 εφαίδρυνε
515 2490 693 2542 πᾶσαν
717 2490 815 2559 τὴν
831 2487 1074 2558 ὑφήλιον,
1098 2488 1192 2541 καὶ
1221 2489 1313 2542 τὸν
1339 2490 1649 2559 προστάτην
1674 2488 1769 2541 τοῦ

202 2582 431 2641 σκότους
454 2579 644 2647 ὤλεσε,
661 2580 1026 2649 Θεογεννῆτορ
1058 2579 1321 2649 πάναγνε,
1344 2580 1593 2647 ἀγγέλων
1633 2579 1764 2633 καύο

202 2688 381 2740 χημα,
420 2673 516 2723 καὶ
569 2670 870 2740 ἀνθρώπων
920 2672 1137 2725 πάντων
1194 2671 1256 2725 τὸ
1302 2672 1610 2743 διάσωσμα,
1661 2671 1771 2725 τῶν

201 2760 505 2825 ἀπαύστοις
536 2764 738 2830 φωναῖς
760 2761 1150 2832 εὐφημούντων
1175 2777 1257 2815 σε.

216 2992 321 3046 Ἐκ
337 2990 447 3047 τοῦ
466 2991 736 3058 Κανόνος
763 2992 851 3057 εἰς
874 2990 989 3060 τὴν
1013 2993 1195 3046 ὁσίαν
1215 2991 1443 3061 μητέρα
1472 2991 1641 3061 ἡμῶν
1667 2993 1772 3047 Δο-

700 3063 943 3133 μνίκανι
976 3062 1166 3131 ἡμέρᾳ
1188 3080 1225 3129 η
1241 3061 1278 3128 ’.

275 3205 390 3261 Καὶ
420 3207 527 3277 πρὸ
554 3206 714 3260 τόκου
742 3206 999 3277 ἄφθορος,
1028 3204 1187 3275 ἁγνὴ.
1216 3204 1311 3258 καὶ
1342 3206 1480 3275 μετὰ
1506 3205 1609 3275 τὴν
1639 3203 1775 3274 κύηο
1804 3253 1847 3313 c

206 3316 296 3351 σιν
314 3299 512 3367 Μήτηρ
532 3297 691 3361 Θεοῦ,
726 3295 1019 3367 ὑπερφυῶς
1043 3295 1322 3365 διέμεινας
1352 3311 1367 3326 ·
1397 3296 1522 3349 ὅθεν
1556 3314 1615 3350 σε
1669 3316 1774 3350 πο-

206 3390 425 3459 θήσασα
454 3388 582 3458 θείῳ
599 3386 875 3456 Πνεύματι
905 3388 939 3457 ἠ
966 3388 1227 3456 Δομνίκα,
1255 3388 1432 3441 ὀπίσω
1475 3405 1568 3441 σου
1607 3387 1777 3457 ἄφθο-

206 3497 302 3551 ρος
336 3478 617 3551 προσήχθη
642 3478 719 3550 τῷ
750 3478 1083 3551 παμσασιλεῖ
1106 3480 1220 3550 Υἱῴ
1250 3497 1369 3549 σου,
1398 3479 1657 3551 ἄχραντε.

278 3674 631 3745 Δυνάμωσον,
680 3674 1049 3746 πανάχραντε,
1095 3676 1156 3730 τὸ
1210 3676 1435 3742 ἀσθενές
1485 3694 1610 3748 μου,
1686 3681 1783 3734 Δὲ-

208 3784 429 3833 σποενα,
446 3766 672 3837 δύναμιν
695 3767 794 3838 τὴν
814 3768 1177 3838 τοῦὛψιστου
1200 3769 1424 3836 τέξασα,
1442 3770 1541 3841 τὴν
1559 3772 1621 3824 τὸ
1645 3767 1782 3826 εῖναι

208 3862 347 3913 πᾶσι
379 3859 769 3929 προσέχουσαν,
798 3860 891 3913 καὶ
916 3859 1185 3931 Δομνικας
1218 3861 1319 3931 τὴν
1356 3862 1576 3933 μνήμην
1608 3880 1782 3934 μεγα-

210 3952 476 4004 λύνασαν.

280 4067 620 4137 Νεκρώσεως
646 4067 772 4130 τοὺς
802 4066 1035 4137 χιτῶνας
1054 4065 1230 4136 ’Δδὰμ
1249 4065 1536 4131 ἐξεδύσατο
1563 4070 1630 4139 τῇ
1665 4068 1787 4142 θείᾳ

210 4161 467 4229 γεννήσει
493 4176 609 4225 σου,
639 4161 735 4212 καὶ
758 4159 859 4229 τὴν
887 4159 1079 4229 στολὴν
1108 4159 1444 4229 ὴμφιάσατο,
1503 4161 1663 4229 μόνος
1719 4164 1787 4231 ἥν

210 4251 478 4319 ὲξύφανεν
502 4251 559 4302 ὲν
587 4253 655 4320 τῇ
673 4250 867 4320 γαστρί
896 4266 990 4303 σου
1012 4252 1040 4304 ὁ
1068 4250 1240 4319 Λόγος
1271 4250 1716 4321 σωματούμενος.

284 4341 483 4406 Ἀγιον
517 4339 743 4407 Κύριον,
777 4341 1098 4409 Κυριοτόκε,
1136 4340 1231 4394 τοῦ
1286 4341 1481 4405 παντὸς
1538 4342 1785 4409 τέτοκας,

210 4428 273 4482 ὃν
299 4429 367 4481 ὲκ
394 4428 572 4498 ψυχῆς
598 4428 835 4498 Δομνίκα
891 4428 1151 4495 ποθοῦσα,
1206 4430 1396 4485 παθῶν
1450 4430 1790 4503 φθοροποιῶν

214 4521 627 4595 κατακυριεύει,
649 4523 914 4595 Παρθένε,
935 4523 1180 4593 ὑμνοῦσα
1205 4541 1292 4581 σε.

283 4722 364 4774 Δι’
388 4720 511 4791 ἐμὲ,
540 4720 659 4773 κατ’
697 4720 798 4789 ἐμὲ
849 4719 1186 4791 ἐχρημάτισε
1248 4719 1449 4790 βρέφος
1508 4720 1537 4773 ὁ
1598 4722 1794 4775 παντέ-

215 4816 381 4877 λειος,
446 4811 809 4875 ἀνακαινίζων
874 4828 943 4882 με
991 4810 1372 4865 παλαιωθέντα
1432 4809 1648 4876 πάθεσι,
1707 4810 1795 4865 διὰ

218 4906 338 4973 σοῦ,
377 4905 618 4973 παναγία
642 4904 933 4974 θεόνυμφε.

300 5016 480 5086 Ἰσχύς
513 5033 637 5086 μου,
674 5016 768 5070 καὶ
797 5016 1054 5086 ὑμνησις,
1081 5017 1175 5070 καὶ
1209 5019 1456 5089 σωτηρία
1491 5018 1725 5091 ὑπάρχει
1767 5021 1797 5073 ὁ

220 5114 449 5182 Κύριος,
468 5113 497 5165 ὅ
512 5116 587 5177 ,σε
620 5110 841 5183 Μητέρα
858 5113 1133 5181 πάναγνον
1157 5116 1251 5168 καὶ
1268 5114 1490 5185 νύμφην
1511 5116 1795 5184 ἀνύμφευ-

219 5224 310 5259 τον
342 5204 829 5277 προεκλεξὰμενος,
857 5204 915 5258 ὃν
949 5206 1088 5277 ὑπὲρ
1114 5205 1224 5260 τῶν
1254 5208 1455 5262 δούλων
1477 5225 1572 5261 σου
1600 5209 1687 5261 ἀεὶ
1719 5208 1796 5279 μὴ

221 5299 479 5371 διαλξπῃς
507 5297 852 5367 πρεσϐεύειν,
887 5297 1148 5368 ἇχραντε.

308 5413 367 5465 Ὀ
390 5411 710 5484 ὑπερούσιος
742 5412 871 5476 Θεὸς
895 5412 1170 5467 οὑσιοῦται
1197 5412 1264 5467 δι’
1288 5415 1435 5484 ἡμᾶς
1458 5414 1522 5467 ἑκ
1549 5413 1659 5467 τῶν
1688 5412 1799 5468 σῶν

226 5504 574 5573 σπλάγχνων,
608 5504 705 5573 τὴν
734 5503 1032 5573 φθαρεῖσαν
1072 5506 1260 5559 οὐσίαν
1295 5506 1657 5573 ζάνακαινίσαι
1698 5509 1800 5575 ζη-

224 5596 356 5661 τῶν,
388 5596 459 5648 δι’
491 5590 695 5659 οἶκτον,
728 5596 995 5665 Παρθένε,
1019 5596 1114 5650 καὶ
1147 5595 1317 5664 ἔλεον,
1345 5597 1375 5650 ὁ
1409 5598 1799 5669 δεδοξασμένος

225 5681 306 5745 εἰς
332 5682 544 5746 πάντας
568 5684 694 5746 τοὺς
723 5683 948 5748 αἰῶνας.

295 5864 488 5918 tua!
506 5881 632 5935 μου,
663 5864 852 5937 Κύριε,
886 5868 1235 5939 φεῖσαι,ὃταν
1261 5870 1461 5944 μέλλῃς
1493 5888 1557 5941 με
1584 5872 1790 5942 κρῖναι,

1872 2062 1973 2117 dit!
2006 2064 2292 2128 Quomodo
2321 2061 2488 2130 paris,
2518 2070 2571 2116 et
2600 2077 2886 2131 permanes
2917 2060 3103 2131 Virgo,
3129 2076 3161 2115 ο
3189 2061 3437 2116 castissi-

1872 2169 1959 2207 ma
1983 2168 2179 2222 sponsa
2208 2153 2337 2207 Dei?
2367 2152 2633 2207 Nimirum
2667 2152 2903 2206 Verbum
2930 2152 3075 2207 Patri
3106 2163 3435 2208 coaeteruum

1872 2244 2129 2314 genuisti,
2186 2244 2274 2297 cui
2325 2258 2514 2297 onmes
2551 2243 2883 2309 psallimus:
2945 2242 3205 2310 Laudate,
3256 2244 3440 2298 omnia

1872 2349 2056 2403 Opera,
2083 2342 2137 2389 et
2170 2336 2567 2403 superexaltate
2594 2335 2880 2390 Dominum
2914 2335 2965 2388 in
3003 2337 3184 2389 omnia
3209 2336 3432 2391 sarcula.

1940 2423 2107 2479 Jul:ar
2137 2423 2365 2496 fulgoris
2399 2435 2582 2494 partus
2629 2425 2706 2479 tui
2750 2424 2972 2488 eﬂ‘ulsit,
3016 2436 3181 2496 atque
3215 2425 3437 2480 univer-

1872 2531 1992 2570 sum
2026 2526 2296 2571 terrarum
2332 2516 2518 2570 orbem
2559 2516 2839 2573 laetissimo
2865 2519 3067 2571 lumine
3095 2516 3351 2587 perfudit,
3381 2531 3444 2569 ac

1873 2609 2221 2664 tenebrarum
2258 2609 2556 2679 principem
2600 2609 2858 2679 perdidit,
2890 2624 2923 2663 ο
2955 2608 3047 2663 Dei
3072 2609 3313 2662 Gemtrix
3348 2623 3441 2661 ea-

1871 2701 2135 2765 stissima,
2182 2701 2499 2769 angelorum
2556 2701 2832 2771 gloriatio,
2868 2711 3030 2770 atque
3061 2699 3305 2754 omnium
3344 2700 3444 2752 lio-

1875 2792 2081 2847 mimun
2115 2792 2287 2860 salus,
2322 2793 2415 2863 qui
2462 2792 2862 2850 incessantibus
2906 2793 3131 2849 vocibus
3165 2800 3215 2847 te
3247 2806 3444 2847 conce-

1877 2883 2105 2939 lebraut.

1881 3006 1966 3061 Ea;
2017 3008 2228 3064 Canone
2303 3010 2358 3063 in
2429 3018 2666 3063 sanctam
2723 3008 2950 3063 Matrem
3034 3018 3269 3065 nostram
3336 3009 3447 3063 Do-

2437 3082 2686 3144 mnicam,
2715 3081 2799 3134 die
2825 3082 2877 3136 8.

1951 3225 2087 3277 Ante
2107 3233 2319 3292 partum
2346 3222 2682 3291 incorrupta,
2703 3222 2867 3277 etiam
2896 3229 3016 3291 post
3043 3232 3254 3292 partum
3282 3221 3447 3290 Virgo

1881 3316 2234 3386 permansisti
2271 3330 2435 3384 supra
2486 3325 2695 3369 natura:
2740 3316 3011 3377 ordinem,
3050 3330 3084 3368 o
3130 3314 3221 3369 Dei
3260 3314 3445 3369 Slater.

1880 3406 2244 3473 Quamobrem
2277 3406 2385 3476 50
2418 3406 2674 3461 Domnica
2708 3416 2758 3460 te
2790 3406 2841 3459 in
2885 3404 3091 3474 Spiritu
3137 3418 3324 3460 sancto
3355 3406 3453 3460 de-

1881 3500 2152 3563 siderans,
2180 3510 2301 3568 post
2321 3508 2371 3554 te
2400 3502 2713 3570 incorrupta
2737 3500 2970 3555 adducta
2989 3507 3091 3565 est,
3115 3514 3148 3554 0
3169 3498 3449 3563 inviolata,

1882 3594 1993 3662 regi
2026 3593 2267 3647 onmium
2298 3591 2435 3647 Filio
2454 3603 2565 3649 tuo.

1951 3683 2280 3751 Corrobora,
2326 3700 2359 3739 ο
2393 3686 2872 3741 intemeratissima
2922 3687 3170 3751 Domina,
3223 3686 3454 3741 inﬁrmi-

1886 3782 2050 3828 tatem
2094 3790 2293 3842 meam,
2324 3784 2378 3830 tu
2411 3791 2534 3846 quae
2575 3777 2829 3833 virtutem
2864 3778 3131 3833 Altissimi
3173 3780 3453 3847 peperisti,

1884 3879 2005 3934 qua:
2053 3866 2310 3923 omnibus
2367 3866 2462 3923 dat
2514 3882 2658 3936 esse,
2717 3879 2773 3924 et
2817 3868 3090 3925 Domnica:
3131 3870 3448 3925 memoriam

1886 3957 2218 4025 magniﬁcat.

1956 4064 2163 4121 Tunica
2206 4066 2551 4122 mortalitatis
2584 4068 2736 4123 exuit
2776 4068 3041 4133 Adamus,
3081 4066 3263 4123 divino
3297 4078 3452 4137 partu

1887 4166 2001 4223 tuo,
2054 4170 2107 4215 ct
2156 4159 2331 4214 induit
2376 4175 2437 4215 se
2490 4160 2650 4225 stola,
2698 4176 2860 4230 quam
2909 4161 3249 4215 incarnatum
3326 4159 3457 4216 Ver-

1888 4252 2018 4307 bum
2077 4252 2252 4306 solum
2299 4251 2353 4307 in
2419 4261 2577 4307 utero
2634 4262 2728 4307 tuo
2795 4253 3093 4307 contexuit.

1963 4342 2224 4398 Sanctum
2250 4344 2495 4399 omnium
2525 4344 2813 4399 Dominum
2841 4346 3120 4415 peperisti.
3152 4362 3186 4401 ο
3214 4346 3458 4401 Domini-

1890 4450 2044 4507 para,
2113 4450 2276 4505 quem
2345 4451 2413 4490 ex
2475 4436 2659 4491 animo
2721 4435 2980 4491 Domnica
3039 4440 3458 4508 concupiscens,

1894 4528 2208 4597 passionum
2256 4525 2661 4582 ntortilerarum
2712 4526 3044 4595 dominatur,
3092 4536 3165 4596 te,
3200 4543 3233 4583 o
3276 4527 3458 4601 Virgo,

1894 4618 2232 4673 collaudans.

1963 4729 2191 4796 Propter
2213 4741 2300 4781 me
2333 4725 2509 4781 factus
2529 4735 2612 4781 est
2638 4725 2835 4780 similis
2864 4726 2967 4779 mei
3003 4725 3184 4782 infans
3217 4726 3325 4792 ille,
3363 4730 3456 4797 qui

1893 4827 1977 4874 est
2002 4817 2469 4888 perfectissimus,
2508 4826 2566 4871 ut
2595 4832 2681 4870 me
2713 4816 3062 4886 passionibus
3102 4817 3459 4874 inveteratum

1894 4918 2178 4964 renovaret
2205 4923 2300 4975 per
2329 4919 2400 4973 te,
2425 4922 2459 4961 ο
2486 4906 2835 4962 sanctissima
2867 4906 2961 4961 Dei
2996 4920 3218 4975 sponsa.

1966 5020 2247 5076 Fortitudo
2272 5034 2409 5083 mea,
2442 5028 2497 5074 et
2527 5019 2645 5073 laus
2673 5029 2728 5073 et
2757 5018 2908 5073 salus
2930 5033 3048 5073 mea
3069 5027 3158 5073 est
3176 5018 3458 5084 Dominus,

1896 5112 1988 5181 qui
2031 5120 2082 5166 te
2129 5110 2353 5164 Matrem
2403 5109 2957 5173 intaminatissimam,
2989 5116 3044 5162 et
3082 5123 3340 5177 sponsam
3380 5112 3463 5162 in-

1897 5214 2120 5273 nuptam
2154 5202 2348 5272 elegit;
2375 5201 2518 5272 apud
2546 5215 2707 5270 quem
2737 5215 2805 5255 ne
2836 5201 3219 5268 praetermittas
3242 5201 3463 5257 assidue

1896 5308 1995 5364 pro
2025 5293 2203 5349 servis
2231 5293 2339 5348 tuis
2359 5292 2713 5356 intercedere,
2745 5307 2780 5347 o
2811 5292 3093 5346 inviolata.

1969 5405 2521 5476 Supersubstantialis
2546 5404 2688 5461 Deus
2707 5405 2764 5459 tit
2784 5404 3090 5460 substantia
3120 5413 3339 5475 propter
3360 5420 3462 5460 nos

1896 5516 1964 5557 ex
2002 5500 2298 5555 visceribus
2348 5500 2476 5565 tuis,
2513 5500 2874 5556 substantiam
2912 5509 3223 5570 corruptam
3278 5500 3461 5554 redin-

1897 5600 2112 5661 tegrare
2138 5590 2378 5659 cupiens,
2420 5605 2454 5645 ο
2486 5588 2670 5659 Virgo,
2710 5600 2924 5658 propter
2958 5604 3113 5644 suam
3148 5588 3460 5643 misericor-

1896 5681 2063 5746 diam,
2115 5688 2169 5736 et
2215 5680 2503 5750 pietatem,
2556 5679 2648 5748 qui
2704 5686 2790 5734 est
2844 5678 3111 5749 gloriosus
3166 5675 3221 5730 in
3278 5677 3460 5731 omnia

1898 5773 2115 5829 saecula.

1975 5866 2142 5922 l’arcc
2171 5864 2327 5931 mibi,
2358 5864 2604 5932 Domine,
2633 5879 2793 5934 patec
2823 5877 2945 5918 cum
2980 5863 3192 5917 veneris
3225 5861 3287 5915 ad
3316 5860 3461 5931 judi-
