4164 6456
718 391 848 454 1047

1800 396 1863 455 S.
1903 393 2213 455 JOSEl‘lII
2258 396 2305 453 ll
2318 396 2562 454 YMNOG
2578 396 2809 455 R.\Pll[

3822 392 3967 457 1018

713 504 948 557 eamlqu
999 521 1115 566 me,
1151 514 1201 557 et
1252 521 1316 558 ne
1358 522 1441 558 me
1498 506 1826 560 condemnes
1860 507 1923 558 ad
1963 508 2175 575 ignem,
2218 523 2283 558 ne

2388 510 2479 560 καὶ
2514 510 2588 577 μὴ
2620 509 2987 579 καταδικὰσῃς
3023 524 3086 576 με
3115 506 3194 569 εἰς
3233 505 3361 575 πῦρ,
3399 506 3473 574 μὴ
3540 506 3618 575 τῷ
3673 504 3829 574 θυμῷ
3874 524 3974 558 σου

717 595 771 648 in
803 596 878 648 ira
921 605 1010 649 tua
1042 612 1237 661 arguas
1268 615 1383 659 me;
1435 609 1685 666 precatur
1717 608 1767 651 te
1817 596 1998 665 Virgo,
2038 616 2156 668 qum
2188 616 2282 665 pe-

716 688 856 756 perit
908 698 979 748 te,
1011 702 1043 739 0
1094 688 1328 752 Christe,
1376 705 1481 742 una
1538 706 1662 744 cum
1709 690 2028 761 angelorum
2085 691 2285 755 turbis,

714 794 879 849 atque
908 781 1191 835 ordinibus
1222 792 1556 836 sanctorum.

718 892 801 947 E1:
835 894 1048 949 (Iunone
1089 896 1141 948 in
1176 893 1275 949 SS.
1318 894 1624 965 Ilermylnm
1656 908 1703 951 et
1752 896 2111 952 Slratonicum
2142 895 2283 951 ΜΜ.

1383 967 1464 1019 die
1508 967 1593 1020 15.

782 1069 1069 1136 Dominus,
1095 1073 1185 1141 qui
1222 1088 1251 1125 a
1282 1073 1425 1126 nulla
1454 1084 1705 1128 creatura
1733 1074 1849 1143 capi
1887 1083 1983 1128 aut
2015 1074 2283 1129 contineri

712 1172 909 1228 potest,
963 1163 1015 1216 in
1070 1174 1139 1227 te,
1186 1162 1435 1228 Domina,
1481 1166 1815 1227 continetur,
1864 1174 2083 1234 propter
2128 1179 2282 1217 suam

712 1255 1147 1309 misericordiam
1197 1254 1298 1324 51
1347 1256 1522 1312 factus
1567 1258 1754 1322 homo,
1804 1266 1861 1310 ut
1912 1257 2160 1310 homines
2191 1271 2284 1325 per

713 1345 1039 1401 int-ﬂabilem
1090 1347 1483 1403 humanitatem
1538 1363 1601 1402 ac
1661 1347 2046 1417 benignitatem
2099 1348 2281 1401 salvos

710 1441 894 1494 faciat.

781 1531 825 1583 0
853 1530 1229 1595 sanctissima,
1258 1544 1377 1599 quae
1403 1528 1811 1583 sanctissimum
1851 1528 2085 1584 Verbum
2116 1544 2280 1599 pepe-

711 1622 855 1686 l'lSti,
899 1622 1177 1676 sanctiliea
1218 1622 1429 1676 animas
1461 1629 1514 1675 et
1553 1636 1783 1689 corpora
1825 1632 2034 1686 nostra,
2076 1624 2199 1677 dum
2230 1632 2281 1677 te

712 1714 861 1767 ornni
892 1712 1049 1766 laude
1079 1712 1456 1781 dignissimam
1480 1712 1871 1767 beatificamus.

784 1807 1027 1861 ltenovat
1071 1805 1362 1859 humanam
1420 1815 1669 1859 naturam
1716 1820 1888 1861 novus
1933 1804 2133 1869 infans,
2178 1808 2279 1862 Do.

2393 600 2615 669 ἐλέγξῃς
2643 618 2731 669 με,
2748 600 2987 652 δυσωπεῖ
3009 616 3067 651 σε
3097 599 3393 668 Παρθένος.
3416 599 3451 665 ἦ
3474 615 3531 649 σε
3556 614 3756 666 κυοφορ
3771 602 3973 663 ﬁcum,

2392 693 2614 761 Χριστὲ,
2652 690 2759 743 τῶν
2786 690 3033 758 ἀγγέλων
3057 690 3125 743 τὰ
3155 690 3352 760 πλήθη,
3378 689 3471 740 καὶ
3500 688 3607 740 τῶν
3636 688 3797 740 ὁσίων
3828 691 3971 755 τάγ-

2398 799 2568 851 ματα.

2405 894 2501 947 Ἐκ
2526 894 2630 947 τοῦ
2658 895 2928 957 Λανόνος
2959 896 3045 958 εἰς
3077 893 3222 957 τοὺς
3247 895 3452 960 ἁγίους
3478 894 3786 959 μάρτυρας
3830 895 3975 959 ’Ἐρ-

2617 968 2819 1031 μυλον
2846 965 2944 1017 καὶ
2975 965 3390 1033 Στρατόνικον,
3424 964 3609 1031 ἡμέρᾳ
3642 962 3745 1032 εγ’.

2470 1073 2763 1143 ’Υπάρχων
2793 1076 2821 1127 ὀ
2854 1073 2993 1126 κατὰ
3027 1074 3191 1140 φύσιν
3221 1073 3424 1143 Κύριος
3458 1075 3625 1125 πᾶσιν
3654 1073 3971 1141 ἀχώρητοε,

2391 1168 2448 1219 ἐν
2473 1168 2555 1220 col.
2636 1169 2916 1239 χωρείται,
3005 1168 3294 1231 Δέσποινα,
3346 1166 3535 1236 βροτὸς
3591 1167 3975 1236 εὐσπλαγχνξα

2388 1260 2699 1326 γενόμενος,
2735 1259 2819 1311 ἵνα
2877 1258 3105 1327 βροτοὺς
3164 1258 3234 1310 δι’
3289 1260 3496 1326 ἄφατον
3554 1257 3974 1327 φιλανθρωπίαν

2384 1348 2739 1420 διασὼσηται.

2468 1535 2771 1603 ’Υπεραγῐα
2795 1534 3092 1605 ὑπεράγων
3117 1533 3289 1602 Λόγον
3322 1534 3591 1603 κυήσασα,
3625 1532 3970 1601 καθαγῑασον

2383 1627 2415 1694 ἡ
2425 1625 2535 1693 μῶν
2562 1624 2654 1676 καὶ
2674 1624 2771 1687 τὰς
2792 1624 2968 1693 ψυχὰς
2989 1626 3081 1677 καὶ
3101 1624 3167 1677 τὰ
3184 1624 3409 1694 σώματα
3428 1624 3534 1675 τῶν
3554 1622 3973 1693 μακαριζὸντων

2383 1734 2442 1769 σε
2474 1718 2569 1786 τὴν
2604 1716 3029 1788 παναμὼμητον.

2452 1822 2720 1887 Νεουργεῖ
2758 1822 2858 1892 τὴν
2906 1820 3305 1891 ἀνθρωπότητα
3353 1819 3473 1873 νέον
3537 1818 3757 1889 βρέφος,
3796 1820 3824 1871 ὁ
3860 1819 3976 1889 πρὸ

712 1899 913 1963 minus,
959 1897 1051 1968 qui
1084 1908 1168 1952 est
1210 1908 1334 1952 ante
1367 1895 1586 1961 smcula,
1625 1911 1894 1965 apparens
1928 1914 1992 1951 cx
2040 1897 2280 1968 Virgine,

2389 1880 2607 1970 αἰώνων.
2634 1880 2857 1984 ίίὐριοξ,
2888 1880 3075 1982 ὀφθεὶς
3101 1915 3164 1967 ὲκ
3189 1880 3487 1984 Ῐίαρθένου,
3523 1880 3615 1964 καὶ
3651 1880 3842 1979 ’βροτὸς
3880 1880 3975 1978 γἐ-

713 1992 889 2044 factus
912 1990 1095 2045 homo.
1126 1990 1201 2043 Illi
1242 1991 1633 2043 concinamus:
1670 1988 1875 2054 Gloria,
1907 1988 2157 2056 Domine,
2190 2006 2285 2060 po-

712 2083 893 2136 tentia:
934 2090 1060 2135 ture.

787 2173 953 2228 Deum
1008 2188 1171 2243 supra
1210 2188 1429 2227 onmem
1476 2173 1749 2228 sermonis
1793 2172 2103 2242 mentisque
2145 2186 2281 2226 con-

713 2277 926 2334 ct-ptum
961 2266 1222 2335 genuisti,
1257 2274 1309 2318 et
1331 2264 1508 2333 qualis
1540 2263 1720 2317 fueras
1750 2272 1873 2318 ante
1901 2274 2139 2331 partum,
2164 2272 2286 2333 post

714 2365 932 2423 partum
960 2354 1122 2407 etiam
1174 2353 1519 2424 permansisti
1549 2353 1723 2423 virgo,
1761 2368 1794 2408 0
1821 2362 1971 2409 casta
2008 2352 2119 2408 Deo
2149 2354 2285 2407 cha-

713 2444 957 2498 rissilna.

785 2535 1109 2589 Passienum
1158 2535 1341 2589 carnis
1404 2548 1537 2590 mea:
1595 2533 1819 2598 fluctus,
1880 2544 1931 2587 te
1980 2549 2196 2603 precor,
2250 2547 2285 2588 ο

714 2629 911 2696 puclla,
950 2626 1033 2680 fac
1071 2626 1375 2695 quiescere,
1412 2640 1476 2680 ac
1509 2626 1672 2679 veluti
1704 2624 2037 2689 obdormire,
2073 2638 2284 2693 semper

714 2720 960 2787 vigilanti
994 2720 1382 2773 intercessione
1410 2727 1535 2785 tua;
1571 2734 1745 2788 neque
1784 2718 1933 2771 sinas
1959 2732 2044 2771 me
2072 2716 2123 2770 in
2157 2732 2283 2787 pro-

716 2812 1105 2869 fundissimum
1138 2811 1342 2880 peccati
1380 2825 1629 2864 somnum
1664 2810 1924 2862 incidere.

785 2901 886 2967 Te,
921 2918 1043 2972 quae
1072 2902 1195 2955 vitae
1218 2916 1416 2954 manna
1442 2900 1495 2955 in
1533 2911 1686 2954 utero
1717 2898 1966 2969 portasti,
2000 2912 2138 2952 urna
2171 2896 2283 2963 illa,

714 3009 837 3062 qua:
873 3007 1075 3047 manna
1104 2991 1442 3052 continebat,
1472 2991 1603 3043 olim
1645 2991 1929 3044 verissime
1960 3005 2024 3043 ac
2050 2987 2282 3041 manife-

717 3086 958 3139 atissime
988 3084 1385 3154 praefigurahat.
1432 3081 1721 3137 Benedicta
1748 3090 1812 3135 tu
1854 3082 1908 3135 in
1942 3079 2285 3153 mulieribus,

716 3195 748 3231 ο
786 3176 1012 3228 Domina
1051 3174 1370 3244 purissima.

787 3241 1177 3338 Aperitur-per
1213 3274 1263 3319 te
1295 3266 1493 3318 iterum
1536 3262 1794 3332 antiquus
1844 3260 1932 3315 ille
1964 3258 2279 3325 Paradisus,
2311 3241 2354 3301 ο

718 3372 771 3415 et
822 3360 1188 3414 introducitur
1237 3359 1290 3411 in
1328 3374 1450 3412 eum
1508 3357 1669 3410 homo
1712 3366 1869 3409 antea
1898 3354 2211 3418 damnatus,
2248 3367 2281 3406 ο

718 3460 866 3505 casta
910 3451 1019 3505 Deo
1050 3450 1393 3504 charissima.
1452 3448 1516 3502 Et
1552 3448 1691 3501 Deus
1729 3446 2011 3500 verissime
2050 3444 2282 3500 assumit

720 3543 1001 3595 hominum
1044 3555 1280 3593 massam
1315 3538 1669 3593 claman‘ium
1708 3556 1722 3591 :
1778 3537 2058 3602 Laudate,
2094 3536 2279 3591 omnia

717 3649 904 3702 Opera,
942 3631 1255 3685 Dominum.

788 3727 1200 3779 Exhorreseunt
1246 3721 1527 3777 cherubim
1567 3720 1809 3775 videntes
1844 3718 2080 3775 Verbum
2124 3718 2280 3786 illud,

718 3817 863 3886 quod
896 3817 1038 3870 inter
1066 3830 1163 3869 eos
1195 3814 1451 3869 ineffabili
1486 3812 1653 3866 verbo
1698 3819 1803 3875 est,
1839 3823 1895 3867 et
1933 3812 2159 3878 residet,
2188 3826 2279 3881 ge-

718 3918 919 3962 statmn
955 3907 1219 3961 maternis
1244 3906 1389 3959 ulnis
1418 3905 1527 3958 tuis
1552 3902 1837 3967 infantem,
1875 3920 1907 3958 o
1933 3904 2281 3960 sanctissima

719 3998 968 4064 Domina,
1000 4014 1121 4067 qure
1153 4012 1240 4052 res
1267 4012 1458 4051 omnes
1484 4002 1697 4050 creatas
1734 3995 2015 4065 dignitatis
2056 3996 2281 4051 celsitu-

718 4091 845 4145 dine
868 4090 1151 4161 praecellis.

1072 4213 1157 4266 Ex
1190 4214 1356 4267 altera
1391 4214 1444 4267 in
1462 4214 1669 4270 eosdem
1696 4212 1931 4273 Canone.

790 4360 1089 4428 Compesce
1133 4368 1480 4426 peccatorum
1525 4373 1769 4412 meorum
1812 4356 2011 4420 lituus,
2049 4365 2129 4422 tu,
2163 4370 2284 4424 qua:

722 4452 916 4504 mortis
936 4448 1297 4517 corruptelam
1318 4458 1475 4517 partu
1494 4456 1588 4502 tuo
1605 4449 1890 4502 exsiccasti
1912 4464 1926 4514 ;
1947 4457 1999 4501 et
2019 4463 2284 4518 compun-

721 4544 957 4597 ctionem
984 4538 1223 4595 concede
1252 4538 1409 4600 mihi,
1437 4554 1470 4592 ο
1499 4537 1589 4592 Dei
1616 4538 1861 4594 Genitrix
1894 4540 2208 4608 purissima.

790 4631 1013 4684 Gladius
1057 4628 1146 4682 ille
1203 4627 1495 4690 versatilis,
1548 4627 1641 4696 qui
1691 4626 1935 4681 Paradisi
1998 4629 2279 4697 ingressus

726 4719 1111 4789 pra-eludebat,
1154 4718 1429 4773 erubescit
1462 4733 1523 4771 ac
1564 4719 1767 4786 pudore
1811 4717 2155 4787 perfunditur
2202 4720 2281 4772 vi-

719 4813 855 4865 dens
886 4810 1128 4864 lanceam
1156 4809 1327 4872 illam,
1361 4824 1480 4878 qua:
1501 4807 1698 4862 Filium
1730 4820 1903 4874 tuum,
1931 4826 1963 4865 ο
1983 4809 2148 4881 Virgo
2170 4810 2279 4863 Illa-

722 4914 823 4961 ter,
856 4901 1181 4957 vulneravit.

792 4993 897 5062 52
954 4990 1037 5046 Me
1093 4992 1147 5045 in
1199 4990 1427 5060 segnitie
1483 4989 1868 5055 dormientem,
1928 4998 1983 5044 et
2045 4992 2282 5059 peccatis

722 5095 1065 5154 conpertum,
1102 5084 1167 5138 ad
1208 5084 1580 5153 pmnilentiam
1620 5085 1819 5149 excita,
1866 5098 1899 5139 ο
1952 5085 2280 5149 castissima,

722 5188 981 5246 tanquam
1012 5175 1173 5230 Verbi
1217 5176 1405 5230 Mater.

794 5267 1076 5334 Tanquam
1110 5267 1363 5334 pulchra,
1400 5275 1660 5336 tanquam
1708 5267 1978 5336 speciosa,
2020 5277 2279 5337 tanquam

722 5360 975 5429 puritatis
1020 5358 1233 5428 fulgore
1292 5375 1612 5420 coruscans,
1672 5359 1904 5414 Verbum
1969 5364 2277 5428 speciosum

724 5454 896 5503 forma
923 5450 1222 5518 eorporasti
1249 5464 1311 5503 ac
1347 5450 1623 5520 peperisti,
1647 5464 1681 5504 ο
1703 5449 1867 5522 Virgo
1893 5451 2064 5506 Mater
2088 5470 2101 5506 :
2132 5454 2279 5521 quod

720 5543 904 5596 divina
938 5543 1255 5610 operatione
1293 5545 1547 5600 omnibus
1577 5545 1669 5599 dat
1694 5560 1815 5602 esse
1856 5561 1921 5602 ex
1953 5546 2154 5602 divitiis
2192 5547 2284 5602 be-

723 5636 1004 5704 nignitatis
1030 5650 1164 5689 suae.

794 5725 960 5790 Sana,
1002 5742 1035 5782 ο
1076 5728 1303 5796 Deipara
1361 5727 1545 5799 Virgo,
1598 5737 1853 5799 tanquam
1916 5732 2277 5799 eompatiens,

719 5818 1001 5889 passiones
1036 5820 1265 5875 inﬁrmce
1310 5820 1504 5876 aniinzc
1540 5838 1692 5888 mem,
1738 5832 1791 5877 ct
1821 5822 2064 5877 dolorem
2097 5825 2277 5879 cordis

2390 2003 2612 2072 νόμενος
2630 2017 2645 2031 ·
2670 2002 2819 2073 αὑτῴ
2856 2002 3258 2074 μελῳδήσωμεν
3284 2019 3297 2033 ⁸
3318 2002 3461 2069 Δόξα
3494 2004 3559 2073 τῇ
3581 2001 3810 2072 δυνάμει
3846 2020 3973 2065 σου,

2391 2094 2583 2147 Κύριε.

2516 2113 2583 2147 ιε.

2478 2113 2750 2252 ρΕκύησας
2781 2183 2913 2238 Θεὸν
2940 2182 3081 2255 ὑπὲρ
3107 2182 3265 2252 λόγον
3292 2183 3387 2237 καὶ
3414 2184 3641 2245 ἔννοιαν,
3670 2185 3765 2236 καὶ
3815 2183 3973 2251 ἔμει-

2390 2294 2487 2340 νας
2520 2278 2658 2346 μετὰ
2682 2278 2838 2330 τόκον
2867 2277 2941 2341 ὡς
2991 2278 3097 2349 πρὸ
3128 2277 3290 2331 τόκου
3324 2279 3613 2348 παρθένος,
3645 2278 3784 2345 ἁγνὴ
3828 2282 3969 2330 Θεο-

2392 2369 2678 2439 χαρίτωτε.

2461 2550 2742 2619 Κοίμησον
2775 2548 2883 2602 τῶν
2917 2548 3105 2602 παθῶν
3124 2548 3223 2617 τῆς
3245 2549 3446 2621 σαρκός
3475 2568 3576 2620 μου
3605 2550 3670 2601 τὰ
3738 2550 3972 2618 κύματα

2390 2645 2456 2713 τῇ
2480 2642 2762 2713 ἀκοιμήτῳ
2788 2659 2902 2707 σου,
2921 2643 3078 2715 κόρη,
3114 2644 3313 2715 ἱκεσίᾳ,
3337 2644 3558 2713 δέομαι,
3600 2644 3689 2697 καὶ
3719 2645 3795 2715 μὴ
3817 2644 3969 2715 δὼῃς

2393 2736 2665 2805 ἁμαρτίας
2691 2736 3016 2805 ἀφυπνῶσαέ
3048 2754 3115 2808 με
3147 2735 3313 2790 ὕπνον
3344 2736 3666 2807 βαρύτατον.

2465 2899 2530 2952 Σὲ
2586 2898 2685 2969 τὴν
2712 2899 2771 2952 τδ
2816 2899 2991 2967 μάννα
3008 2900 3130 2968 τῆξ
3166 2898 3310 2968 ζωῆς
3338 2900 3397 2951 ὲν
3440 2898 3618 2968 κοιλία
3663 2897 3966 2967 φέρουσαν,

2394 2988 2560 3041 πάλαι
2589 2988 2914 3057 μανναδίὶχος
2954 2988 3189 3057 στάμνος
3246 2989 3321 3051 ὡς
3377 2987 3597 3057 ἀληθῶς
3641 2988 3967 3055 προετύπου

2393 3080 2795 3149 ἐμφανέστατα.
2827 3080 3180 3151 Εὐλογημένη
3211 3081 3273 3133 σὺ
3294 3083 3352 3133 ὲν
3380 3079 3613 3147 γυναιᾷ,
3644 3080 3966 3150 πανάμωμε

2392 3172 2676 3225 Δέσποινα.

2460 3262 2761 3330 ’Λνοξγεται
2808 3261 2970 3316 πάλιν
3008 3262 3097 3317 διὰ
3134 3261 3227 3315 σοῦ
3252 3263 3280 3315 ὁ
3312 3263 3441 3333 πρὶν
3472 3264 3831 3333 Παράδεισος.
3866 3264 3966 3315 καὶ

2384 3351 2734 3419 ἑπεισάγεται
2762 3355 2789 3405 ὁ
2821 3355 2949 3423 πρὶν
2972 3353 3299 3422 κατάκριτος
3326 3354 3632 3423 ἄνθρωπος,
3667 3355 3761 3406 καὶ¹
3801 3352 3965 3405 θεοῦ·

2390 3463 2480 3499 ται
2504 3445 2865 3515 ἀληθέστατα,
2904 3446 3268 3515 Θεοχαρίτωτε
3302 3445 3459 3514 ἁγνὴ,
3504 3444 3710 3517 βροτῶν
3743 3445 3803 3497 τὸ
3859 3445 3968 3512 φύ-

2386 3553 2557 3606 ραμα,
2582 3537 2691 3591 τῶν
2718 3538 2966 3607 βοόντωνο
3004 3539 3190 3592 Πάντα
3214 3539 3279 3590 τὰ
3298 3538 3454 3608 ἔργα,
3486 3538 3702 3607 ὑμνεῖτε
3731 3537 3823 3589 τὸν
3848 3538 3964 3589 Κύ-

2385 3646 2523 3698 ριον.

2451 3722 2667 3791 Φρίττει
2692 3720 2960 3790 χερουϐὶμ
2988 3720 3305 3792 καθορῶντα
3335 3721 3423 3775 τὸν
3443 3724 3499 3776 ἐν
3526 3724 3709 3785 αὐτοῖς
3735 3724 3970 3792 ἀῤῥῆτῳ

2384 3812 2527 3882 λόγῳ
2553 3813 3013 3883 ὲπικαθεζόμενον
3044 3815 3235 3881 Λόγον,
3276 3814 3482 3884 μητρὸς
3511 3814 3779 3880 ἀγκάλαις
3828 3814 3964 3882 βρέ-

2384 3921 2483 3972 (po;
2517 3904 2881 3975 κρατούμενόν
2908 3923 3022 3973 σου,
3057 3907 3299 3974 παναγία
3319 3908 3612 3969 Δέσποινα,
3647 3907 3967 3976 ὑψηλοτέρα

2384 3996 2563 4069 πάσης
2592 3996 2844 4061 κτίσεως.

2536 4220 2632 4274 ἐκ
2655 4220 2761 4275 τοῦ
2776 4219 2981 4289 ἐτέρου
3012 4222 3281 4286 [ἰανόνος
3306 4225 3392 4288 εις
3409 4221 3551 4289 τοὺς
3574 4224 3819 4287 αὐτούς.

2456 4366 2663 4438 Στῆσόν
2700 4386 2801 4439 μου
2832 4368 3107 4439 ἁμαρτίας
3137 4368 3263 4432 τοὺς
3304 4368 3545 4438 ὀχετοὺς,
3578 4370 3611 4438 ἡ
3654 4369 3749 4421 τοῦ
3802 4370 3972 4423 θανά-

2385 4478 2480 4514 του
2506 4462 2603 4529 τὴν
2635 4461 2839 4529 φθορὰν
2868 4460 2945 4529 τῷ
2966 4461 3111 4530 τόκῳ
3146 4478 3239 4512 σου
3277 4461 3589 4530 μαράνασα,
3626 4462 3720 4514 καὶ
3782 4464 3962 4515 κατά-

2314 4579 2356 4633 D
2390 4552 2536 4617 νυξίν
2567 4569 2657 4620 μοι
2687 4551 2794 4614 δὸς,
2820 4552 3129 4621 Θεοκυῆτορ
3162 4553 3492 4620 πανάμωμε.

2466 4643 2733 4712 Ῥομφαία
2762 4644 2822 4696 τὸ
2853 4644 2983 4713 πρὶν
3014 4646 3046 4712 ὴ
3082 4644 3420 4713 στρεφομένη
3449 4642 3547 4703 τὰς
3577 4643 3819 4697 εἰσόδουε
3871 4663 3967 4712 μοι

2384 4733 2621 4801 διδοῦσα,
2654 4735 2946 4802 αἰδουμένη
2989 4735 3087 4802 τὴν
3114 4736 3475 4803 κεντήσασαν,
3509 4735 3959 4807 Παρθενομῆτορ,

2386 4826 2607 4898 λόγχην,
2638 4827 2727 4880 τὸν
2759 4828 2823 4879 ἐκ
2848 4826 2940 4879 σοῦ
2967 4827 3245 4897 τεχθέντα.

2466 5001 2735 5073 Ῥᾳθυμίᾳ
2787 5000 3139 5065 καθεύδοντα,
3172 5000 3266 5052 καὶ
3308 5004 3370 5071 τῇ
3400 5003 3642 5072 ἁμαρτῐᾳ
3680 5004 3960 5069 συγκαλυ-

2388 5093 2672 5160 πτόμενον,
2695 5091 2828 5159 πρὸς
2859 5090 3143 5159 μετάνοιάν
3170 5105 3257 5158 με,
3280 5092 3541 5157 παναγνε,
3562 5090 3637 5152 ὡς
3667 5093 3759 5141 τοῦ
3781 5092 3849 5142 Af
3864 5108 3959 5155 γου

2387 5187 2584 5254 Μήτηρ
2615 5184 2848 5237 ἀνακάλε
2860 5200 2965 5236 σαι.

2467 5278 2553 5339 ὀἱ
2582 5276 2741 5343 καλὴ,
2765 5275 2838 5334 ὡς
2866 5273 3060 5343 ὡραία,
3079 5273 3154 5334 ὡς
3173 5275 3238 5343 τῇ
3256 5271 3589 5341 καθαρότητι
3609 5287 3771 5340 περια
3782 5272 3957 5341 στρά-

2386 5384 2616 5431 πτουσα,
2674 5365 2764 5418 τὸν
2807 5365 3006 5434 ὡραῖον
3043 5364 3225 5416 κάλλει
3275 5362 3640 5429 ὲσωμάτωσας
3659 5362 3831 5428 Λόγον
3860 5363 3962 5417 καὶ

2386 5460 2630 5521 τέτοκας,
2665 5459 2755 5510 τὸν
2778 5459 2836 5510 τὸ
2857 5453 2995 5510 εἶναι
3036 5458 3168 5508 πᾶσι
3191 5454 3544 5524 θεουργικῶς,
3600 5453 3962 5525 ῐιαρθενομῆο

2385 5567 2505 5620 τορ,
2542 5550 2916 5621 παρεχόμενον
2946 5547 3160 5616 πλούτῳ
3192 5545 3578 5617 χρηστότητος.

2456 5734 2538 5787 Τὰ
2568 5732 2713 5801 πάθη
2747 5732 2845 5799 τῆς
2878 5729 3208 5799 ἀσθενούσης
3244 5746 3346 5799 μου
3398 5728 3599 5797 ψυχῆς,
3634 5729 3726 5781 καὶ
3753 5730 3814 5782 τὸ
3866 5730 3961 5785 ἄλ.

2386 5843 2480 5894 γος
2514 5823 2613 5895 τῆς
2658 5824 2902 5894 καρδίας,
2930 5821 3194 5893 Παρθένε,
3241 5821 3335 5873 καὶ
3374 5819 3467 5872 τοῦ
3517 5821 3635 5885 νοὸς
3675 5822 3952 5892 imparia;
