4164 6456
212 453 348 518 1010

1604 457 1961 515 ΜΧΠΙᾹῌΞ.

3308 448 3452 512 1950

210 558 707 627 πολυτρόττους,ὼς
750 560 1062 630 συμπαθὴς,
1119 560 1369 623 Θεοτόκε,
1426 562 1781 629 θεράπευσον,

1892 563 2014 624 mei,
2050 570 2353 628 mentisque
2396 560 2574 612 varius
2607 564 2954 630 evagationcs
3004 568 3056 612 et
3107 573 3320 615 errores
3354 583 3365 616 :
3400 576 3455 618 et

212 653 308 703 καὶ
332 652 571 703 κόπασον
600 650 660 702 τὸ
683 650 916 719 χαλεπὸν
955 652 1063 704 τῶν
1132 651 1319 705 παθῶν
1341 670 1439 723 μου
1498 653 1784 707 κλυδώνιον

214 743 428 811 δέομαι.

282 833 443 883 Λύων
500 833 597 902 τῆς
650 832 793 896 Εὕας
811 835 910 903 τὴν
964 832 1234 902 κατάραν,
1287 835 1388 902 τὴν
1447 836 1785 906 πανάμωμον

211 923 543 992 κατῴκησας
594 924 861 993 γαστέρα,
917 924 1168 992 εὐλογίας
1203 926 1386 993 πηγὴν
1438 925 1646 993 βλύζων
1676 932 1787 990 τοῖς

215 1016 417 1085 βοῶσιν
440 1032 453 1046 ·
492 1016 888 1087 Εὐλογημένος,
928 1018 1196 1085 πάναγνε,
1226 1017 1255 1068 ὁ
1286 1018 1493 1086 καρπὸς
1542 1020 1640 1089 τῆς
1688 1020 1787 1090 σῆς

212 1106 450 1167 κοιλίας.

295 1196 357 1248 '0
386 1198 529 1249 κατὰ
562 1198 737 1251 πάντα
762 1199 964 1262 τέλειος
1006 1201 1100 1253 καὶ
1157 1204 1223 1274 τῇ
1278 1206 1440 1275 φύσει
1498 1203 1791 1275 ἀπρόσιτος

214 1290 371 1358 ὤφθη
396 1290 651 1361 πρόσιτός
678 1309 765 1360 μοι
789 1292 967 1361 σάρκα
991 1296 1375 1364 περικείμενος
1403 1298 1465 1349 ὲκ
1492 1296 1605 1360 σοῦ,
1631 1296 1791 1347 ἀπει-

217 1385 469 1454 ρόγαμε’
512 1383 572 1435 ὃν
626 1384 856 1447 ἐκτενῶς
906 1386 1119 1438 ἱκέτευε
1173 1387 1283 1438 τῶν
1320 1388 1559 1457 ἀνομιῶν
1609 1406 1707 1456 μου
1735 1386 1796 1439 τὸ

215 1475 437 1543 φορτίον
472 1474 784 1541 σκορπῦδαι,
814 1474 904 1525 καὶ
936 1475 1105 1527 σῶσαι
1166 1475 1537 1546 μελῳδοῦντα·
1583 1476 1794 1547 Ἰερεῖῆ

215 1566 510 1632 εὐλογεῖτε·
542 1564 689 1631 λαὸς,
721 1566 1069 1637 ὑπερυψοῦτε
1119 1569 1355 1640 Χριστὸν
1390 1571 1469 1633 εἰς
1494 1569 1619 1633 τοὺς
1670 1569 1797 1622 αἰῶ-

218 1673 343 1717 νας.

286 1750 474 1803 Φεῖσαί
503 1768 625 1821 μου,
648 1751 853 1824 Σῶτερ,
883 1754 910 1807 ὁ
935 1755 1146 1823 τεχθεὶς
1174 1757 1267 1808 καὶ
1300 1755 1547 1824 φυλάξας
1580 1758 1680 1823 τὴν
1711 1772 1798 1807 τε·

215 1841 423 1895 κοῦσάν
454 1860 512 1895 σε
543 1843 780 1914 ἄφθορον
806 1847 943 1915 μετὰ
974 1847 1071 1915 τὴν
1101 1846 1315 1915 κύησιν,
1370 1848 1498 1901 ὅταν
1566 1847 1796 1919 καθίσῃς

214 1936 399 2001 κρῖναι
419 1936 488 1987 τὰ
524 1934 661 2005 ἔργα
684 1954 809 2005 μου,
842 1940 941 1998 τὰς
975 1938 1213 2009 ἀνομίας
1246 1940 1523 2010 παρορῶν,
1561 1944 1657 1993 καὶ
1700 1942 1797 2002 τὰς

212 2026 492 2095 ἁμαρτίας
524 2045 648 2095 μου,
684 2028 760 2092 ὡς
801 2029 1140 2101 ἁμάρτητος,
1174 2031 1419 2101 ἐλεήμων
1435 2030 1509 2095 ὡς
1542 2031 1673 2095 Θεὸς
1704 2036 1796 2086 καὶ

213 2118 622 2189 φιλάνθρωπος.

212 2207 321 2263 Ἐκ
340 2211 446 2265 τοῦ
466 2212 733 2279 Κανόνος
746 2214 834 2277 εἰς
852 2213 959 2266 τὸν
975 2213 1145 2281 ἅγιον
1164 2213 1456 2280 Ἰωάννην
1479 2216 1585 2271 τὸν
1602 2217 1795 2272 Καλύ-

759 2286 961 2350 ὄητον,
992 2286 1181 2353 ἡμέρᾳ
1211 2293 1296 2339 ιε’.

284 2390 562 2454 Χαλεπαῖς
590 2392 778 2445 παθῶν
806 2393 1141 2458 ἐπιϐουλαῖς,
1162 2397 1319 2467 κόρη,
1354 2399 1778 2468 χειμαζόμενος.

212 2483 311 2534 καὶ
364 2484 689 2553 προσϐολαῖς
726 2486 1011 2554 ἁμαρτιῶν
1073 2489 1449 2559 κλονούμενος,
1509 2490 1603 2541 σοῦ
1657 2490 1795 2557 προς

213 2578 315 2645 τὴν
344 2578 643 2647 ἀκοίμητον
672 2579 1029 2645 προστασίαν,
1062 2580 1404 2649 πανύμνητε,
1430 2582 1581 2652 πόθῳ
1615 2599 1785 2635 κατα-

216 2669 445 2739 φεύγω..
476 2670 753 2739 Οῖκτειρόν
784 2688 874 2742 με,
904 2671 1097 2735 σῶσον,
1142 2672 1511 2740 ’Λειπάροενε.

288 2946 607 3017 Μυρίπνουν
629 2946 703 3010 ὡς
732 2945 883 3016 ῥόδον
916 2946 1024 2999 ἀπὸ
1048 2946 1599 3018 κοιλάδωνρχραντε,
1634 2949 1661 3000 ὁ
1687 2966 1791 3001 κα-

214 3039 383 3107 θαρός
414 3053 473 3089 σε
505 3036 722 3107 εὕρατο,
775 3038 869 3089 καὶ
907 3038 966 3090 ἐν
996 3037 1145 3106 μέσῳ
1201 3055 1293 3089 σου
1346 3039 1790 3109 κατεσκήνωσεν,

213 3127 449 3190 εὐωδίας
483 3126 780 3198 πληρώσας
818 3126 877 3179 τὸ
908 3126 1266 3197 ἀνθρώπινον.

292 3233 503 3287 Ἴθυνόν
535 3251 637 3302 μου
680 3234 778 3302 τῆς
809 3231 991 3302 ψυχῆς
1038 3233 1137 3294 τάς
1168 3236 1433 3305 κινήσεις,
1459 3236 1791 3306 πανὰμωμε,

1886 655 2264 724 gravissimam
2327 653 2677 707 aﬂ'ectiouum
2741 668 2986 707 mearum
3052 662 3450 721 tempestatem,

1886 761 2089 815 qmeso,
2117 761 2426 814 compesce.

1959 833 2027 888 Ut
2072 834 2193 887 Evre
2236 836 2479 891 solveres
2529 834 2993 899 maledictioncm,
3039 846 3255 889 uterum
3306 838 3452 889 oumi

1887 936 2162 981 carentem
2214 926 2334 979 labe
2388 926 2743 992 inbubitasti,
2783 926 3176 980 benedictionis
3245 926 3451 980 fontem

1888 1017 2172 1071 elTuudens
2219 1017 2285 1070 iis
2320 1017 2414 1087 qui
2465 1018 2754 1074 clamant:
2804 1016 3150 1083 Benedictus,
3183 1032 3217 1071 0
3263 1019 3448 1073 castis-

1890 1109 2047 1169 sima,
2082 1108 2291 1163 lructus
2325 1108 2533 1163 ventris
2574 1110 2677 1163 tui.

1960 1199 2061 1264 Qui
2084 1215 2175 1268 per
2194 1201 2373 1254 omnia
2393 1200 2664 1268 perlectus
2682 1210 2785 1265 est,
2804 1210 2857 1255 et
2881 1208 3077 1254 natura
3102 1198 3457 1254 iuacccssibi»

1894 1291 1984 1355 lis,
2016 1290 2190 1345 factus
2221 1302 2305 1346 est
2338 1292 2471 1344 milii
2503 1291 2838 1346 accessibilis
2869 1307 3032 1346 carne
3066 1292 3457 1354 circunnlatus,

1893 1400 1959 1437 ex
2012 1392 2062 1437 te
2113 1391 2356 1451 accepta,
2387 1396 2419 1437 ο
2462 1383 2711 1453 innupta.
2753 1382 3017 1437 Eumdem
3054 1393 3109 1438 tu
3152 1384 3309 1437 enixe.
3340 1400 3451 1452 pre-

1895 1490 2040 1539 care,
2102 1484 2162 1527 ut
2222 1475 2416 1528 alleset
2472 1490 2610 1529 onus
2675 1476 3025 1544 iniquitatum
3088 1490 3351 1539 mearum,
3409 1484 3459 1527 et

1896 1568 2067 1622 salvct
2119 1582 2205 1621 me
2266 1567 2642 1621 concinentem
2676 1584 2689 1620 :
2722 1568 3065 1631 Sacerdotes,
3118 1568 3455 1633 benedieite;

1897 1659 2109 1729 populi,
2142 1660 2545 1728 superexaltate
2570 1658 2845 1713 Christum
2882 1660 2935 1712 in
2959 1658 3179 1714 saecula.

1965 1752 2134 1807 Parce
2166 1751 2296 1805 mihi
2333 1750 2581 1805 Salvator
2611 1750 2700 1819 qui
2740 1760 2899 1804 natus
2925 1766 3003 1814 es,
3039 1760 3092 1804 et
3129 1748 3465 1803 Genilrieem

1899 1850 2045 1894 luant
2096 1850 2217 1908 post
2268 1850 2480 1909 partum
2515 1840 2885 1908 incorruptam
2925 1840 3267 1893 conservasti
3293 1880 3307 1906 ,
3337 1855 3463 1893 cum

1902 1931 2120 1987 sedebis
2152 1932 2439 2002 ntjudices
2473 1948 2633 2001 opera
2665 1947 2817 1997 mea;
2863 1930 3221 1986 dissimulans
3262 1931 3457 1999 iniqui-

1901 2033 2037 2079 tates
2078 2039 2246 2089 meas,
2280 2035 2333 2079 et
2361 2034 2577 2093 peccata
2605 2039 2721 2078 mea
2751 2036 3007 2093 tanquam
3038 2022 3408 2092 impeccabilis
3442 2065 3454 2089 ,

1899 2116 2207 2171 misericors
2238 2127 2293 2170 ut
2330 2114 2491 2179 Deus,
2522 2125 2576 2169 et
2607 2116 2885 2170 hominum
2917 2125 3150 2169 amator.

2006 2206 2089 2260 Ex
2105 2206 2314 2261 Conone
2340 2208 2394 2259 in
2437 2206 2494 2261 S.
2525 2206 2781 2261 Joannem
2812 2206 3131 2277 Calybitam,
3160 2207 3241 2260 die
3272 2205 3358 2259 υἱ,

1975 2383 2373 2438 Molestissimis
2413 2383 2726 2452 passionum
2772 2382 3088 2446 insultilms,
3128 2382 3284 2452 quasi
3322 2391 3461 2435 lem-

1899 2478 2197 2544 pestatibus
2231 2478 2553 2542 exagitatus,
2588 2485 2639 2529 ct
2662 2483 3008 2545 peccatorum
3052 2474 3252 2528 ictibus
3305 2474 3460 2543 quasi

1898 2567 2153 2621 ﬂuctibus
2210 2582 2512 2621 concussus
2562 2567 2629 2619 ad
2692 2565 3016 2619 iudel'essam
3073 2566 3460 2634 protretiouevu

1900 2670 2044 2714 tuam
2079 2658 2335 2727 confugio
2385 2674 2507 2712 cum
2554 2658 2769 2722 achetu,
2813 2672 2847 2711 ο
2891 2657 3067 2727 puella
3118 2656 3263 2710 omni
3305 2656 3463 2708 laude

1896 2751 2237 2821 digniSsima.
2288 2751 2542 2805 Miserere
2590 2750 2717 2816 mei,
2767 2759 2820 2805 et
2875 2749 3026 2805 salva
3078 2762 3183 2813 me,
3229 2762 3263 2803 ο
3300 2748 3462 2817 Virgo

1898 2858 2179 2917 perpetua.

1965 2938 2067 3008 53
2094 2939 2230 2992 Cum
2259 2948 2310 2993 te
2339 2947 2596 3008 tanquam
2625 2951 2805 2992 rosam
2829 2936 3155 2991 redolentem
3185 2948 3353 3003 purus
3378 2930 3464 2985 ille

1897 3030 1950 3084 in
1974 3031 2310 3084 convallibus
2332 3031 2641 3099 reperisset,
2660 3044 2693 3083 o
2712 3028 2992 3093 inviolata,
3008 3027 3059 3081 in
3087 3028 3264 3081 medio
3282 3026 3356 3079 tui
3378 3026 3465 3077 ha-

1896 3121 2109 3185 bitavit,
2141 3122 2436 3175 humanum
2464 3137 2635 3191 genus
2665 3120 2993 3175 suavissimo
3025 3118 3243 3187 replens
3272 3118 3460 3169 odore.

1966 3212 2145 3283 Dirige
2189 3223 2367 3268 motus
2423 3213 2619 3267 animre
2668 3227 2820 3275 meae,
2853 3225 2887 3265 ο
2925 3211 3237 3281 purissima,
3283 3209 3348 3261 ad
3383 3208 3464 3260 di-

214 3327 350 3396 πρὸς
386 3326 507 3378 θεῖα
527 3300 953 3394 προστάγματα,
976 3323 1069 3378 τοῦ
1108 3328 1170 3379 ὲκ
1199 3300 1432 3397 γαστρός
1461 3346 1553 3381 σου
1588 3300 1791 3398 ἐκλάμι

1901 3306 2029 3360 vina
2077 3307 2223 3361 illius
2255 3314 2545 3374 prrecepta,
2574 3305 2669 3373 qui
2702 3321 2767 3357 ex
2804 3313 2958 3357 utero
2992 3314 3085 3356 tuo
3117 3300 3460 3364 coruscavit;

212 3420 435 3487 ψαντος,
468 3416 633 3487 ζάλης
659 3415 995 3487 λυτρουμένη
1024 3433 1093 3487 με
1120 3417 1229 3472 τῶν
1252 3421 1310 3473 ὲν
1332 3419 1408 3489 τῷ
1438 3419 1536 3491 βίῳ
1557 3420 1790 3474 σκανδά-

214 3511 323 3562 λων
360 3509 655 3579 μεσιτείαις
688 3526 804 3561 σου.

298 3600 647 3671 Ἐμμανουήλ
677 3602 766 3655 τὸν
798 3603 1051 3658 ἀπάντων
1079 3602 1356 3672 Δεσπότην
1392 3603 1601 3666 τίκτεις
1626 3602 1793 3672 ἀφθό-

219 3709 349 3761 Ρωςν
380 3691 611 3760 μείνασα
638 3693 903 3762 παρθένος
933 3696 1027 3747 καὶ
1061 3694 1197 3760 μετά
1222 3693 1401 3759 τόκον,
1434 3694 1785 3764 Παρθενομῆ-

212 3799 312 3852 τορ
334 3797 350 3813 '
381 3783 440 3835 ὃν
468 3783 760 3848 ἀπαύστως
787 3782 1027 3839 δυσώπει
1050 3784 1320 3854 ἐπηρείας
1348 3784 1561 3854 ἐχθρῶν
1584 3784 1792 3853 λυτρώ-

217 3870 415 3922 σασθαι
452 3872 577 3934 τοὺς
606 3872 712 3924 ὑπὸ
729 3873 826 3943 τὴν
852 3874 1062 3945 σκέπην
1085 3873 1181 3944 τὴν
1207 3874 1305 3945 σὴν
1322 3874 1788 3943 καταφεύγοντας.

286 4037 565 4107 Ἰσουργον
592 4038 684 4090 καὶ
717 4036 1006 4110 σύνθρονον
1035 4039 1111 4109 τῷ
1137 4039 1350 4092 τεκόντι
1389 4040 1559 4108 Λόγον
1589 4040 1653 4093 ἐκ
1691 4058 1792 4108 γα-

218 4130 382 4197 στρός
402 4147 519 4195 σου,
544 4131 704 4199 ἁγνὴ,
730 4131 1120 4201 ὲσωμάτωσας,
1142 4131 1190 4185 δι
1206 4132 1219 4152 ‘
1238 4132 1637 4202 εὐσπλαγχνίαν
1657 4132 1794 4200 ἄφα-

215 4239 307 4274 τον
332 4222 392 4274 τὸ
419 4222 694 4294 ἡμέτερον
726 4222 847 4276 ὃλον
878 4223 1208 4295 φορέσαντα.

298 4401 606 4473 ’Υμνοῦμεν
632 4402 722 4455 τὸν
749 4402 907 4456 τόκον
940 4421 1058 4469 σου,
1090 4404 1453 4475 εὐλογημένη,
1476 4404 1556 4458 δι’
1574 4395 1635 4459 οὗ
1666 4404 1789 4457 ἐλυ-

218 4494 507 4565 τρώθημεν
527 4495 626 4563 τῆς
666 4496 832 4549 πάλαι
880 4496 1277 4564 κατακρίσεως,
1325 4496 1501 4548 καίσε
1559 4494 1792 4565 μακαρι-

220 4585 408 4653 ζομεν,
440 4586 861 4653 θεομακάριστε,
899 4586 1068 4656 μόνην
1100 4587 1166 4658 ἢν
1196 4587 1479 4658 ἠγάπησεν
1500 4586 1623 4639 όῶν
1642 4586 1792 4638 εὐλο-

219 4679 456 4748 γημένος
486 4678 578 4729 καὶ
615 4676 987 4747 ὑπερένδοξος.

298 4858 545 4928 Ῥεῖθρον
577 4857 800 4911 ἀένναον
826 4858 955 4926 ἡμῖν
976 4860 1087 4920 τοῖς
1112 4858 1540 4929 προστρέχουσιν
1587 4861 1664 4922 εἰς
1708 4861 1787 4925 σὲ,

218 4954 379 5023 ἁγνὴ,
418 4950 707 5020 πηγάζεις,
738 4943 798 5003 οὗ
828 4950 924 5021 τὴν
948 4950 1181 5020 ἄφθορον
1212 4953 1371 5021 χάριν
1432 4953 1788 5022 ἀπαρρυόμε-

219 5063 319 5107 νοι,
358 5042 454 5095 σοῦ
488 5039 763 5109 ὑμνοῦμεν
790 5039 881 5093 τὸν
902 5040 1081 5102 τόκον,
1116 5041 1479 5111 πανάχραντε,
1500 5042 1592 5093 καὶ
1622 5042 1791 5111 ὑπερ-

221 5134 353 5203 υψοῦ
365 5152 464 5202 μεν
490 5134 569 5195 εἰς
595 5133 802 5195 πάντας
841 5134 963 5194 τοὺς
992 5132 1217 5194 αἰῶνας.

286 5227 466 5287 Φωτὺς
493 5224 860 5293 οἱκητὴριονή
896 5225 1075 5295 μήτρα
1102 5242 1197 5276 σου
1238 5225 1551 5295 γεγένηται,
1611 5226 1679 5278 δι’
1724 5218 1786 5277 οὗ

222 5319 334 5386 qia;
367 5318 418 5369 oi
450 5317 509 5367 ἐν
539 5317 714 5368 σκότει
755 5313 894 5368 εἶδον
954 5318 1292 5386 καθήμενοι·
1328 5318 1451 5369 ὅθεν
1486 5335 1543 5369 σε
1590 5322 1790 5385 φωναῖς

222 5410 521 5477 ἀσιγήτοις,
550 5409 739 5479 Μῆτερ
760 5407 916 5470 Θεοῦ,
946 5407 1033 5461 ἀεὶ
1067 5409 1431 5479 ἀνυμνοῦμεν,
1491 5410 1584 5463 καὶ
1641 5411 1790 5481 πόθῳ

222 5503 552 5575 γεραίρομεν
577 5503 676 5573 τὴν
713 5502 902 5556 ἐλπίδα
932 5501 1041 5557 τῶν
1061 5502 1247 5573 ψυχῶν
1296 5504 1474 5573 ἡμῶν.

235 5697 325 5751 Ἐκ
356 5698 460 5751 τοῦ
494 5698 759 5763 Κανόνος
787 5700 874 5762 εἰς
932 5700 1046 5766 τὴν
1099 5702 1522 5767 προσκύνησιν
1558 5701 1665 5767 τῆς
1704 5718 1791 5755 τι·

284 5770 426 5841 μίης
452 5769 725 5841 ἁλύσεως
744 5769 848 5822 τοῦ
871 5771 1041 5841 ἁγίου
1082 5770 1179 5823 καὶ
1214 5774 1608 5841 πανευφήμου
1642 5774 1788 5827 ἀπο-

290 5840 518 5890 στόλου
548 5839 788 5904 Πέτρου,
821 5839 1008 5906 ἡμέρᾳ
1036 5848 1133 5903 ις’.

304 5929 598 5999 Ῥομφαῐαι
624 5932 791 5984 πᾶσαι
819 5931 990 5985 δολίου
1016 5934 1230 6003 ἐχθροῦ,
1251 5934 1483 6005 ἅχραντε
1511 5936 1773 6007 ιιαιροὲνε,

1896 3410 2059 3471 atque
2098 3416 2128 3454 a
2171 3408 2491 3468 tempestate
2524 3396 2905 3453 seandalorum
2944 3395 3106 3465 hujus
3151 3394 3273 3448 vita:
3317 3393 3466 3461 eripe

1893 3508 1981 3547 me
2012 3490 2496 3545 intercessionibus
2518 3490 2647 3544 tuis.

1966 3582 2227 3639 Omnium
2283 3580 2571 3635 Dominum
2634 3577 2953 3631 Emmanuel
2995 3576 3113 3631 sine
3158 3575 3259 3628 viri
3298 3588 3461 3642 opera

1893 3675 2163 3745 peperisti,
2188 3688 2412 3727 mancus
2432 3671 2587 3741 virgo
2610 3680 2733 3740 post
2760 3678 2996 3739 partum,
3016 3682 3049 3723 ο
3074 3667 3237 3735 Virgo
3269 3666 3459 3719 Mater.

1899 3766 2161 3821 Eumdem
2207 3765 2544 3819 incessanter
2581 3775 2745 3817 exora
2796 3769 2857 3816 ut
2922 3760 2992 3814 ab
3038 3759 3277 3813 hostium
3314 3758 3465 3810 inva-

1894 3857 2145 3911 siouibus
2206 3855 2504 3909 liberentur
2546 3853 2647 3918 illi,
2691 3852 2785 3922 qui
2834 3850 3159 3921 confugiunt
3200 3849 3305 3905 sub
3343 3863 3465 3917 pro-

1893 3948 2179 4001 tectionem
2216 3957 2385 4001 tuam.

1966 4038 2225 4103 Verbum,
2275 4037 2420 4107 quod
2471 4035 2678 4106 mquale
2719 4045 2803 4089 est
2842 4035 2894 4088 in
2934 4034 3270 4103 Operatione,
3313 4040 3366 4086 ct
3403 4031 3457 4083 in

1893 4129 2110 4194 throno,
2141 4128 2373 4197 genitori
2400 4142 2521 4191 suo,
2555 4141 2621 4181 ex
2655 4126 2953 4180 visceribus
2990 4125 3100 4179 tuis
3134 4123 3460 4192 corporasti,

1893 4236 1927 4274 ο
1974 4228 2157 4285 casta;
2209 4231 2375 4287 atque
2426 4217 2551 4271 inde
2602 4228 2823 4287 propter
2869 4215 3199 4270 ineﬂ'abilem
3244 4214 3463 4266 miseri-

1894 4312 2137 4365 cordiam
2168 4328 2343 4376 suam,
2379 4320 2545 4365 totam
2574 4320 2822 4363 naturam
2854 4318 3100 4363 nostram
3141 4306 3459 4374 assumpsit.

1969 4403 2181 4457 Prolem
2215 4412 2364 4457 tuam
2411 4403 2720 4465 laudamus,
2765 4416 2799 4456 ο
2832 4402 3136 4466 benedicta,
3178 4416 3273 4470 per
3300 4416 3465 4469 quam

1898 4496 1967 4549 ab
2012 4495 2234 4562 antiqua
2280 4493 2629 4547 damnatione
2662 4493 2927 4561 redempti
2953 4508 3186 4556 sumus;
3251 4501 3303 4545 te
3337 4507 3467 4544 vero

1900 4588 2294 4651 beatilicamus,
2354 4601 2387 4639 ο
2445 4585 2630 4639 divina
2692 4584 2948 4639 felicitate
2995 4584 3464 4647 cumulatissima;

1824 4671 2061 4750 unam
2109 4682 2278 4733 solam
2344 4680 2534 4735 dilexit
2588 4678 2677 4732 ille
2720 4678 2815 4747 qui
2876 4686 2961 4733 est
3028 4678 3346 4732 benedictus
3403 4690 3468 4729 ac

1898 4772 2361 4841 super-gloriosus.

1967 4864 2217 4917 Fluvium
2265 4878 2554 4932 perennem
2585 4862 2743 4917 nobis
2773 4862 3008 4917 cﬂ‘unrlis
3050 4864 3463 4919 recurrentibus

1896 4957 1958 5009 ad
1999 4966 2068 5019 te,
2110 4971 2142 5009 o
2190 4965 2373 5019 easta;
2406 4956 2565 5023 cujus
2603 4956 2825 5009 uberem
2865 4956 3094 5025 gratiam
3131 4956 3461 5019 delibantes,

1896 5056 2109 5113 partum
2160 5054 2309 5096 tuum
2361 5044 2667 5107 laudamus,
2716 5060 2749 5097 ο
2794 5044 3237 5110 inviolatissima,
3276 5054 3329 5099 ct
3368 5061 3466 5099 su-

1897 5135 2295 5206 perexallamus
2332 5136 2382 5187 in
2418 5136 2602 5189 omnia
2630 5135 2850 5188 smeula.

1965 5228 2127 5281 Lucis
2187 5228 2554 5281 habitaculum
2609 5236 2795 5280 venter
2839 5235 2966 5279 tuus
3012 5224 3193 5279 factus
3226 5236 3331 5285 est,
3369 5242 3464 5296 per

1894 5335 2056 5389 quam
2087 5319 2340 5373 sedentes
2385 5320 2435 5371 in
2469 5317 2709 5371 tenebris
2742 5317 2996 5370 viderunt
3051 5317 3231 5370 lumen
3266 5335 3280 5370 :
3318 5320 3459 5369 unde

1894 5421 1944 5464 te
1977 5409 2283 5462 incessabili
2319 5423 2448 5461 voce
2470 5423 2682 5476 semper
2713 5406 3024 5464 laudamus.
3054 5422 3087 5461 ο
3125 5407 3215 5459 Dei
3251 5406 3455 5471 Mater;

1892 5508 1944 5551 et
2001 5513 2123 5549 cum
2184 5497 2380 5551 allecto
2434 5512 2763 5552 veneramur
2826 5507 2876 5553 te
2940 5513 3091 5565 spem
3148 5498 3457 5551 animarum

1898 5600 2235 5643 nostrarum.

1895 5696 1978 5749 Ea:
2018 5697 2229 5753 Conone
2262 5697 2314 5749 in
2351 5698 2717 5751 adorationem
2758 5699 3001 5765 pretioso:
3038 5709 3235 5752 culcita:
3288 5701 3457 5753 δαηεᾶ

2238 5780 2285 5821 ει
2314 5768 2682 5838 gluriosissima’
2710 5767 2881 5833 Petri,
2914 5773 2996 5821 die
3020 5771 3099 5822 lli.

1962 5932 2204 5988 Fumea:
2242 5932 2507 5988 ψήχει-διο
2549 5931 2724 5987 dolosi
2766 5932 2938 5987 hUblia
2986 5934 3293 5987 deiecerunt
3343 5950 3455 5989 om-
