  <div class='ocr_page' id='page_1' title='image "/cluster/home/n/w/nwhite01/storage/ocr_20150623/105/nnc1.0046980105/533.png"; bbox 0 0 4164 6456; ppageno 0'>
   <div class='ocr_carea' id='block_1_1' title="bbox 721 398 851 461">
    <p class='ocr_par' dir='ltr' id='par_1_1' title="bbox 721 398 851 461">
     <span class='ocr_line' id='line_1_1' title="bbox 721 398 851 461; baseline 0.008 -1"><span class='ocrx_word' id='word_1_1' title='bbox 721 398 851 461; x_wconf 69' lang='lat'><strong>1031</strong></span> 
     </span>
    </p>
   </div>
   <div class='ocr_carea' id='block_1_2' title="bbox 1805 398 2818 459">
    <p class='ocr_par' dir='ltr' id='par_1_2' title="bbox 1805 398 2818 459">
     <span class='ocr_line' id='line_1_2' title="bbox 1805 398 2818 459; baseline -0.002 -1"><span class='ocrx_word' id='word_1_2' title='bbox 1805 400 1863 458; x_wconf 92' lang='lat' dir='ltr'><strong>S.</strong></span> <span class='ocrx_word' id='word_1_3' title='bbox 1906 399 2218 458; x_wconf 82' lang='lat' dir='ltr'><strong>JOSEPIII</strong></span> <span class='ocrx_word' id='word_1_4' title='bbox 2256 398 2818 459; x_wconf 79' lang='lat' dir='ltr'><strong>IIYMNOGRAPIII</strong></span> 
     </span>
    </p>
   </div>
   <div class='ocr_carea' id='block_1_3' title="bbox 3819 388 3963 452">
    <p class='ocr_par' dir='ltr' id='par_1_3' title="bbox 3819 388 3963 452">
     <span class='ocr_line' id='line_1_3' title="bbox 3819 388 3963 452; baseline -0.021 0"><span class='ocrx_word' id='word_1_5' title='bbox 3819 388 3963 452; x_wconf 75' lang='lat'><strong>1052</strong></span> 
     </span>
    </p>
   </div>
   <div class='ocr_carea' id='block_1_4' title="bbox 720 501 2292 583">
    <p class='ocr_par' dir='ltr' id='par_1_4' title="bbox 720 510 2278 583">
     <span class='ocr_line' id='line_1_4' title="bbox 720 510 2278 583; baseline -0.002 -15"><span class='ocrx_word' id='word_1_6' title='bbox 720 521 874 577; x_wconf 81' lang='lat' dir='ltr'><strong>Itittu,</strong></span> <span class='ocrx_word' id='word_1_7' title='bbox 919 530 950 566; x_wconf 93' lang='lat' dir='ltr'><strong>o</strong></span> <span class='ocrx_word' id='word_1_8' title='bbox 996 514 1158 583; x_wconf 77' lang='lat' dir='ltr'><strong>Virgo</strong></span> <span class='ocrx_word' id='word_1_9' title='bbox 1192 510 1468 566; x_wconf 80' lang='lat' dir='ltr'><strong>inviolata.</strong></span> <span class='ocrx_word' id='word_1_10' title='bbox 1510 524 1605 579; x_wconf 92' lang='lat' dir='ltr'><strong>pcr</strong></span> <span class='ocrx_word' id='word_1_11' title='bbox 1641 510 1908 574; x_wconf 85' lang='lat' dir='ltr'><strong>lanceam,</strong></span> <span class='ocrx_word' id='word_1_12' title='bbox 1941 527 2050 580; x_wconf 90' lang='lat' dir='ltr'><strong>qua</strong></span> <span class='ocrx_word' id='word_1_13' title='bbox 2091 512 2278 565; x_wconf 87' lang='lat' dir='ltr'><strong>vulne-</strong></span> 
     </span>
    </p>
   </div>
   <div class='ocr_carea' id='block_1_5' title="bbox 2397 501 3962 583">
    <p class='ocr_par' dir='ltr' id='par_1_5' title="bbox 2397 501 3962 577">
     <span class='ocr_line' id='line_1_5' title="bbox 2397 501 3962 577; baseline -0.006 -14"><span class='ocrx_word' id='word_1_14' title='bbox 2397 511 2603 575; x_wconf 80' lang='grc' dir='ltr'><strong>τελείως</strong></span> <span class='ocrx_word' id='word_1_15' title='bbox 2632 510 2896 576; x_wconf 76' lang='grc' dir='ltr'>ὲξὲλιπον,</span> <span class='ocrx_word' id='word_1_16' title='bbox 2936 501 3125 577; x_wconf 53' lang='grc' dir='ltr'>ἀρ’οῧ</span> <span class='ocrx_word' id='word_1_17' title='bbox 3147 506 3315 576; x_wconf 74' lang='grc' dir='ltr'>λόγχῃ</span> <span class='ocrx_word' id='word_1_18' title='bbox 3377 509 3586 576; x_wconf 82' lang='grc' dir='ltr'>ὲτρὼοη</span> <span class='ocrx_word' id='word_1_19' title='bbox 3621 506 3648 557; x_wconf 77' lang='grc' dir='ltr'>ὁ</span> <span class='ocrx_word' id='word_1_20' title='bbox 3698 506 3795 574; x_wconf 84' lang='grc' dir='ltr'>τὴν</span> <span class='ocrx_word' id='word_1_21' title='bbox 3862 504 3962 572; x_wconf 79' lang='grc' dir='ltr'>σὴν</span> 
     </span>
    </p>
   </div>
   <div class='ocr_carea' id='block_1_6' title="bbox 720 601 2283 673">
    <p class='ocr_par' dir='ltr' id='par_1_6' title="bbox 720 601 2283 673">
     <span class='ocr_line' id='line_1_6' title="bbox 720 601 2283 673; baseline -0.002 -14"><span class='ocrx_word' id='word_1_22' title='bbox 720 618 898 659; x_wconf 79' lang='lat' dir='ltr'><strong>latum</strong></span> <span class='ocrx_word' id='word_1_23' title='bbox 941 616 1023 659; x_wconf 85' lang='lat' dir='ltr'><strong>est</strong></span> <span class='ocrx_word' id='word_1_24' title='bbox 1070 604 1302 656; x_wconf 75' lang='lat' dir='ltr'><strong>Verbum</strong></span> <span class='ocrx_word' id='word_1_25' title='bbox 1349 601 1457 673; x_wconf 63' lang='grc'><strong>54.</strong></span> <span class='ocrx_word' id='word_1_26' title='bbox 1487 602 1641 664; x_wconf 87' lang='lat' dir='ltr'><strong>illud,</strong></span> <span class='ocrx_word' id='word_1_27' title='bbox 1678 601 1823 670; x_wconf 84' lang='lat' dir='ltr'><strong>quod</strong></span> <span class='ocrx_word' id='word_1_28' title='bbox 1874 612 2087 655; x_wconf 90' lang='lat' dir='ltr'><strong>uterum</strong></span> <span class='ocrx_word' id='word_1_29' title='bbox 2131 616 2283 656; x_wconf 89' lang='lat' dir='ltr'><strong>tuum</strong></span> 
     </span>
    </p>
   </div>
   <div class='ocr_carea' id='block_1_7' title="bbox 722 694 2287 766">
    <p class='ocr_par' dir='ltr' id='par_1_7' title="bbox 722 694 2287 766">
     <span class='ocr_line' id='line_1_7' title="bbox 722 694 2287 766; baseline -0.001 -16"><span class='ocrx_word' id='word_1_30' title='bbox 722 700 1069 766; x_wconf 80' lang='lat' dir='ltr'><strong>iiupullutum</strong></span> <span class='ocrx_word' id='word_1_31' title='bbox 1119 695 1465 756; x_wconf 85' lang='lat' dir='ltr'><strong>inhabitavit,</strong></span> <span class='ocrx_word' id='word_1_32' title='bbox 1514 694 1671 761; x_wconf 88' lang='lat' dir='ltr'><strong>cujus</strong></span> <span class='ocrx_word' id='word_1_33' title='bbox 1725 694 2048 748; x_wconf 84' lang='lat' dir='ltr'><strong>dulcissimo</strong></span> <span class='ocrx_word' id='word_1_34' title='bbox 2100 709 2287 749; x_wconf 87' lang='lat' dir='ltr'><strong>amore</strong></span> 
     </span>
    </p>
   </div>
   <div class='ocr_carea' id='block_1_8' title="bbox 723 787 1944 860">
    <p class='ocr_par' dir='ltr' id='par_1_8' title="bbox 723 787 1944 860">
     <span class='ocr_line' id='line_1_8' title="bbox 723 787 1944 860; baseline -0.003 -19"><span class='ocrx_word' id='word_1_35' title='bbox 723 806 917 860; x_wconf 66' lang='lat' dir='ltr'><strong>[)I&#39;et‘Ol&#39;</strong></span> <span class='ocrx_word' id='word_1_36' title='bbox 958 798 1010 841; x_wconf 90' lang='lat' dir='ltr'><strong>te</strong></span> <span class='ocrx_word' id='word_1_37' title='bbox 1046 802 1193 840; x_wconf 90' lang='lat' dir='ltr'><strong>nunc</strong></span> <span class='ocrx_word' id='word_1_38' title='bbox 1228 795 1284 839; x_wconf 93' lang='lat' dir='ltr'><strong>ut</strong></span> <span class='ocrx_word' id='word_1_39' title='bbox 1320 787 1573 839; x_wconf 86' lang='lat' dir='ltr'><strong>vulneres</strong></span> <span class='ocrx_word' id='word_1_40' title='bbox 1604 800 1701 839; x_wconf 84' lang='lat' dir='ltr'><strong>cor</strong></span> <span class='ocrx_word' id='word_1_41' title='bbox 1739 802 1944 839; x_wconf 82' lang='lat' dir='ltr'><strong>meum.</strong></span> 
     </span>
    </p>
   </div>
   <div class='ocr_carea' id='block_1_9' title="bbox 790 877 2289 947">
    <p class='ocr_par' dir='ltr' id='par_1_9' title="bbox 790 877 2289 947">
     <span class='ocr_line' id='line_1_9' title="bbox 790 877 2289 947; baseline -0.001 -14"><span class='ocrx_word' id='word_1_42' title='bbox 790 880 1047 935; x_wconf 88' lang='lat' dir='ltr'><strong>Cnbibuit</strong></span> <span class='ocrx_word' id='word_1_43' title='bbox 1083 894 1253 942; x_wconf 85' lang='lat' dir='ltr'><strong>mors,</strong></span> <span class='ocrx_word' id='word_1_44' title='bbox 1285 878 1376 931; x_wconf 91' lang='lat' dir='ltr'><strong>ubi</strong></span> <span class='ocrx_word' id='word_1_45' title='bbox 1420 878 1483 930; x_wconf 90' lang='lat' dir='ltr'><strong>ad</strong></span> <span class='ocrx_word' id='word_1_46' title='bbox 1539 887 1588 931; x_wconf 91' lang='lat' dir='ltr'><strong>te</strong></span> <span class='ocrx_word' id='word_1_47' title='bbox 1624 878 1889 947; x_wconf 86' lang='lat' dir='ltr'><strong>pervenit,</strong></span> <span class='ocrx_word' id='word_1_48' title='bbox 1936 877 2289 932; x_wconf 80' lang='lat' dir='ltr'><strong>irrelrcnahi-</strong></span> 
     </span>
    </p>
   </div>
   <div class='ocr_carea' id='block_1_10' title="bbox 720 969 2284 1039">
    <p class='ocr_par' dir='ltr' id='par_1_10' title="bbox 720 969 2284 1039">
     <span class='ocr_line' id='line_1_10' title="bbox 720 969 2284 1039; baseline -0.003 -13"><span class='ocrx_word' id='word_1_49' title='bbox 720 973 822 1026; x_wconf 83' lang='lat' dir='ltr'><strong>lem</strong></span> <span class='ocrx_word' id='word_1_50' title='bbox 858 971 1117 1039; x_wconf 90' lang='lat' dir='ltr'><strong>impetum</strong></span> <span class='ocrx_word' id='word_1_51' title='bbox 1144 971 1278 1038; x_wconf 80' lang='lat'><strong>(50);</strong></span> <span class='ocrx_word' id='word_1_52' title='bbox 1300 979 1354 1021; x_wconf 94' lang='lat' dir='ltr'><strong>tu</strong></span> <span class='ocrx_word' id='word_1_53' title='bbox 1385 969 1525 1021; x_wconf 89' lang='lat' dir='ltr'><strong>enim</strong></span> <span class='ocrx_word' id='word_1_54' title='bbox 1550 971 1667 1023; x_wconf 85' lang='lat' dir='ltr'><strong>sola</strong></span> <span class='ocrx_word' id='word_1_55' title='bbox 1704 970 2130 1024; x_wconf 85' lang='lat' dir='ltr'><strong>immortalitatis</strong></span> <span class='ocrx_word' id='word_1_56' title='bbox 2162 971 2284 1023; x_wconf 77' lang='lat' dir='ltr'><strong>fon-</strong></span> 
     </span>
    </p>
   </div>
   <div class='ocr_carea' id='block_1_11' title="bbox 721 1063 1925 1133">
    <p class='ocr_par' dir='ltr' id='par_1_11' title="bbox 721 1063 1925 1133">
     <span class='ocr_line' id='line_1_11' title="bbox 721 1063 1925 1133; baseline -0.002 -15"><span class='ocrx_word' id='word_1_57' title='bbox 721 1076 829 1118; x_wconf 90' lang='lat' dir='ltr'><strong>tem</strong></span> <span class='ocrx_word' id='word_1_58' title='bbox 861 1064 1142 1133; x_wconf 85' lang='lat' dir='ltr'><strong>peperisti,</strong></span> <span class='ocrx_word' id='word_1_59' title='bbox 1176 1080 1209 1118; x_wconf 91' lang='grc' dir='ltr'><strong>ο</strong></span> <span class='ocrx_word' id='word_1_60' title='bbox 1246 1063 1470 1130; x_wconf 90' lang='lat' dir='ltr'><strong>Dcipara</strong></span> <span class='ocrx_word' id='word_1_61' title='bbox 1501 1080 1719 1133; x_wconf 81' lang='lat' dir='ltr'><strong>semper</strong></span> <span class='ocrx_word' id='word_1_62' title='bbox 1752 1066 1925 1132; x_wconf 80' lang='lat' dir='ltr'><strong>virgo.</strong></span> 
     </span>
    </p>
   </div>
   <div class='ocr_carea' id='block_1_12' title="bbox 789 1157 2287 1229">
    <p class='ocr_par' dir='ltr' id='par_1_12' title="bbox 789 1157 2287 1229">
     <span class='ocr_line' id='line_1_12' title="bbox 789 1157 2287 1229; baseline 0 -17"><span class='ocrx_word' id='word_1_63' title='bbox 789 1160 1071 1229; x_wconf 82' lang='lat' dir='ltr'><strong>Tanquam</strong></span> <span class='ocrx_word' id='word_1_64' title='bbox 1104 1159 1501 1227; x_wconf 82' lang='lat' dir='ltr'><strong>amplissimum</strong></span> <span class='ocrx_word' id='word_1_65' title='bbox 1531 1160 1792 1227; x_wconf 78' lang='lat' dir='ltr'><strong>palatium</strong></span> <span class='ocrx_word' id='word_1_66' title='bbox 1846 1157 2159 1211; x_wconf 73' lang='lat' dir='ltr'><strong>inhabitans</strong></span> <span class='ocrx_word' id='word_1_67' title='bbox 2193 1174 2287 1212; x_wconf 83' lang='lat' dir='ltr'><strong>rex</strong></span> 
     </span>
    </p>
   </div>
   <div class='ocr_carea' id='block_1_13' title="bbox 718 1252 2289 1319">
    <p class='ocr_par' dir='ltr' id='par_1_13' title="bbox 718 1252 2289 1319">
     <span class='ocr_line' id='line_1_13' title="bbox 718 1252 2289 1319; baseline -0.001 -15"><span class='ocrx_word' id='word_1_68' title='bbox 718 1252 966 1305; x_wconf 75' lang='grc' dir='ltr'><strong>0111111111ιῖ</strong></span> <span class='ocrx_word' id='word_1_69' title='bbox 1009 1259 1256 1303; x_wconf 71' lang='lat' dir='ltr'><strong>SﬂllCllllll</strong></span> <span class='ocrx_word' id='word_1_70' title='bbox 1297 1259 1512 1302; x_wconf 55' lang='grc' dir='ltr'><strong>ωσι-11111</strong></span> <span class='ocrx_word' id='word_1_71' title='bbox 1549 1258 1724 1313; x_wconf 67' lang='grc'><strong>11111111,</strong></span> <span class='ocrx_word' id='word_1_72' title='bbox 1761 1260 2083 1319; x_wconf 87' lang='lat' dir='ltr'><strong>corporatns</strong></span> <span class='ocrx_word' id='word_1_73' title='bbox 2124 1265 2289 1318; x_wconf 80' lang='lat' dir='ltr'><strong>appa-</strong></span> 
     </span>
    </p>
   </div>
   <div class='ocr_carea' id='block_1_14' title="bbox 718 1341 1517 1409">
    <p class='ocr_par' dir='ltr' id='par_1_14' title="bbox 718 1341 1517 1409">
     <span class='ocr_line' id='line_1_14' title="bbox 718 1341 1517 1409; baseline -0.005 -12"><span class='ocrx_word' id='word_1_74' title='bbox 718 1344 849 1407; x_wconf 85' lang='lat' dir='ltr'><strong>ruit,</strong></span> <span class='ocrx_word' id='word_1_75' title='bbox 884 1357 916 1395; x_wconf 96' lang='lat' dir='ltr'><strong>o</strong></span> <span class='ocrx_word' id='word_1_76' title='bbox 945 1341 1174 1394; x_wconf 90' lang='lat' dir='ltr'><strong>Domina</strong></span> <span class='ocrx_word' id='word_1_77' title='bbox 1202 1341 1517 1409; x_wconf 89' lang='lat' dir='ltr'><strong>purissima.</strong></span> 
     </span>
    </p>
   </div>
   <div class='ocr_carea' id='block_1_15' title="bbox 791 1433 2288 1502">
    <p class='ocr_par' dir='ltr' id='par_1_15' title="bbox 791 1433 2288 1502">
     <span class='ocr_line' id='line_1_15' title="bbox 791 1433 2288 1502; baseline -0.001 -14"><span class='ocrx_word' id='word_1_78' title='bbox 791 1434 875 1488; x_wconf 84' lang='lat' dir='ltr'><strong>Me</strong></span> <span class='ocrx_word' id='word_1_79' title='bbox 913 1449 1060 1487; x_wconf 91' lang='lat' dir='ltr'><strong>nunc</strong></span> <span class='ocrx_word' id='word_1_80' title='bbox 1102 1433 1394 1487; x_wconf 88' lang='lat' dir='ltr'><strong>multorum</strong></span> <span class='ocrx_word' id='word_1_81' title='bbox 1434 1440 1778 1500; x_wconf 87' lang='lat' dir='ltr'><strong>peccatorum</strong></span> <span class='ocrx_word' id='word_1_82' title='bbox 1824 1436 2065 1502; x_wconf 89' lang='lat' dir='ltr'><strong>pondere</strong></span> <span class='ocrx_word' id='word_1_83' title='bbox 2095 1449 2288 1501; x_wconf 76' lang='lat' dir='ltr'><strong>grava-</strong></span> 
     </span>
    </p>
   </div>
   <div class='ocr_carea' id='block_1_16' title="bbox 718 1523 2286 1591">
    <p class='ocr_par' dir='ltr' id='par_1_16' title="bbox 718 1523 2286 1591">
     <span class='ocr_line' id='line_1_16' title="bbox 718 1523 2286 1591; baseline -0.001 -11"><span class='ocrx_word' id='word_1_84' title='bbox 718 1536 860 1591; x_wconf 90' lang='lat' dir='ltr'><strong>tum,</strong></span> <span class='ocrx_word' id='word_1_85' title='bbox 910 1526 1155 1589; x_wconf 82' lang='lat' dir='ltr'><strong>subleva,</strong></span> <span class='ocrx_word' id='word_1_86' title='bbox 1228 1523 1570 1587; x_wconf 84' lang='lat' dir='ltr'><strong>oinviolata,</strong></span> <span class='ocrx_word' id='word_1_87' title='bbox 1644 1525 2011 1578; x_wconf 86' lang='lat' dir='ltr'><strong>corroborans</strong></span> <span class='ocrx_word' id='word_1_88' title='bbox 2074 1540 2160 1578; x_wconf 89' lang='lat' dir='ltr'><strong>me</strong></span> <span class='ocrx_word' id='word_1_89' title='bbox 2217 1525 2286 1579; x_wconf 86' lang='lat' dir='ltr'><strong>ad</strong></span> 
     </span>
    </p>
   </div>
   <div class='ocr_carea' id='block_1_17' title="bbox 720 1615 1910 1686">
    <p class='ocr_par' dir='ltr' id='par_1_17' title="bbox 720 1615 1910 1686">
     <span class='ocr_line' id='line_1_17' title="bbox 720 1615 1910 1686; baseline -0.003 -16"><span class='ocrx_word' id='word_1_90' title='bbox 720 1618 1050 1686; x_wconf 85' lang='lat' dir='ltr'><strong>portandum</strong></span> <span class='ocrx_word' id='word_1_91' title='bbox 1086 1615 1426 1669; x_wconf 82' lang='lat' dir='ltr'><strong>levissimum</strong></span> <span class='ocrx_word' id='word_1_92' title='bbox 1459 1616 1648 1683; x_wconf 79' lang='lat' dir='ltr'><strong>jugum</strong></span> <span class='ocrx_word' id='word_1_93' title='bbox 1681 1615 1910 1668; x_wconf 76' lang='lat' dir='ltr'><strong>Christi.</strong></span> 
     </span>
    </p>
   </div>
   <div class='ocr_carea' id='block_1_18' title="bbox 788 1706 2290 1775">
    <p class='ocr_par' dir='ltr' id='par_1_18' title="bbox 788 1706 2290 1775">
     <span class='ocr_line' id='line_1_18' title="bbox 788 1706 2290 1775; baseline -0.001 -13"><span class='ocrx_word' id='word_1_94' title='bbox 788 1708 1037 1762; x_wconf 84' lang='lat' dir='ltr'><strong>Pelliceis</strong></span> <span class='ocrx_word' id='word_1_95' title='bbox 1083 1708 1433 1761; x_wconf 81' lang='lat' dir='ltr'><strong>mortalitatis</strong></span> <span class='ocrx_word' id='word_1_96' title='bbox 1478 1706 1679 1760; x_wconf 88' lang='lat' dir='ltr'><strong>tunicis</strong></span> <span class='ocrx_word' id='word_1_97' title='bbox 1713 1706 1935 1759; x_wconf 90' lang='lat' dir='ltr'><strong>indutus</strong></span> <span class='ocrx_word' id='word_1_98' title='bbox 1964 1717 2046 1761; x_wconf 81' lang='lat' dir='ltr'><strong>est</strong></span> <span class='ocrx_word' id='word_1_99' title='bbox 2080 1706 2290 1775; x_wconf 90' lang='lat' dir='ltr'><strong>primus</strong></span> 
     </span>
    </p>
   </div>
   <div class='ocr_carea' id='block_1_19' title="bbox 720 1796 2287 1868">
    <p class='ocr_par' dir='ltr' id='par_1_19' title="bbox 720 1796 2287 1868">
     <span class='ocr_line' id='line_1_19' title="bbox 720 1796 2287 1868; baseline 0 -17"><span class='ocrx_word' id='word_1_100' title='bbox 720 1808 910 1868; x_wconf 86' lang='lat' dir='ltr'><strong>pater;</strong></span> <span class='ocrx_word' id='word_1_101' title='bbox 958 1798 1187 1852; x_wconf 88' lang='lat' dir='ltr'><strong>Creator</strong></span> <span class='ocrx_word' id='word_1_102' title='bbox 1250 1800 1397 1852; x_wconf 89' lang='lat' dir='ltr'><strong>enim</strong></span> <span class='ocrx_word' id='word_1_103' title='bbox 1458 1797 1552 1849; x_wconf 88' lang='lat' dir='ltr'><strong>illo</strong></span> <span class='ocrx_word' id='word_1_104' title='bbox 1613 1796 2005 1865; x_wconf 88' lang='lat' dir='ltr'><strong>superindutus</strong></span> <span class='ocrx_word' id='word_1_105' title='bbox 2064 1806 2168 1863; x_wconf 86' lang='lat' dir='ltr'><strong>est,</strong></span> <span class='ocrx_word' id='word_1_106' title='bbox 2222 1812 2287 1853; x_wconf 83' lang='lat' dir='ltr'><strong>ex</strong></span> 
     </span>
    </p>
   </div>
   <div class='ocr_carea' id='block_1_20' title="bbox 2388 589 3962 672">
    <p class='ocr_par' dir='ltr' id='par_1_20' title="bbox 2388 589 3962 672">
     <span class='ocr_line' id='line_1_20' title="bbox 2388 589 3962 672; baseline -0.008 -16"><span class='ocrx_word' id='word_1_107' title='bbox 2388 603 2631 672; x_wconf 79' lang='grc' dir='ltr'>γαστέρα</span> <span class='ocrx_word' id='word_1_108' title='bbox 2656 602 2753 671; x_wconf 84' lang='grc' dir='ltr'>τὴν</span> <span class='ocrx_word' id='word_1_109' title='bbox 2782 600 3082 669; x_wconf 84' lang='grc' dir='ltr'>ἀμόλυντον</span> <span class='ocrx_word' id='word_1_110' title='bbox 3113 600 3341 668; x_wconf 78' lang='grc' dir='ltr'><strong>οἰκήσας</strong></span> <span class='ocrx_word' id='word_1_111' title='bbox 3375 598 3564 664; x_wconf 67' lang='grc' dir='ltr'>Λόγος</span> <span class='ocrx_word' id='word_1_112' title='bbox 3603 589 3664 648; x_wconf 73' lang='grc' dir='ltr'><strong>οὗ</strong></span> <span class='ocrx_word' id='word_1_113' title='bbox 3700 595 3779 663; x_wconf 82' lang='grc' dir='ltr'>τῷ</span> <span class='ocrx_word' id='word_1_114' title='bbox 3830 596 3962 661; x_wconf 73' lang='grc' dir='ltr'>γλυ-</span> 
     </span>
    </p>
   </div>
   <div class='ocr_carea' id='block_1_21' title="bbox 2389 686 3958 763">
    <p class='ocr_par' dir='ltr' id='par_1_21' title="bbox 2389 686 3958 763">
     <span class='ocr_line' id='line_1_21' title="bbox 2389 686 3958 763; baseline -0.006 -17"><span class='ocrx_word' id='word_1_115' title='bbox 2389 695 2605 762; x_wconf 81' lang='grc' dir='ltr'>κυτάτῳ</span> <span class='ocrx_word' id='word_1_116' title='bbox 2626 692 2719 744; x_wconf 83' lang='grc' dir='ltr'>νῦν</span> <span class='ocrx_word' id='word_1_117' title='bbox 2752 691 2961 762; x_wconf 86' lang='grc' dir='ltr'>τρῶσαι</span> <span class='ocrx_word' id='word_1_118' title='bbox 2990 690 3151 763; x_wconf 76' lang='grc' dir='ltr'>ἔρωτι</span> <span class='ocrx_word' id='word_1_119' title='bbox 3204 690 3305 760; x_wconf 82' lang='grc' dir='ltr'>τὴν</span> <span class='ocrx_word' id='word_1_120' title='bbox 3365 688 3595 758; x_wconf 77' lang='grc' dir='ltr'><strong>καρδίαν</strong></span> <span class='ocrx_word' id='word_1_121' title='bbox 3664 704 3768 757; x_wconf 87' lang='grc' dir='ltr'><strong>μου</strong></span> <span class='ocrx_word' id='word_1_122' title='bbox 3818 686 3958 737; x_wconf 82' lang='grc' dir='ltr'>καο-</span> 
     </span>
    </p>
   </div>
   <div class='ocr_carea' id='block_1_22' title="bbox 2392 796 2730 834">
    <p class='ocr_par' dir='ltr' id='par_1_22' title="bbox 2392 796 2730 834">
     <span class='ocr_line' id='line_1_22' title="bbox 2392 796 2730 834; baseline -0.003 0"><span class='ocrx_word' id='word_1_123' title='bbox 2392 798 2619 834; x_wconf 85' lang='grc' dir='ltr'>ικετευω</span> <span class='ocrx_word' id='word_1_124' title='bbox 2649 796 2730 833; x_wconf 86' lang='grc' dir='ltr'>σε.</span> 
     </span>
    </p>
   </div>
   <div class='ocr_carea' id='block_1_23' title="bbox 2462 876 3962 960">
    <p class='ocr_par' dir='ltr' id='par_1_23' title="bbox 2462 876 3962 960">
     <span class='ocr_line' id='line_1_23' title="bbox 2462 876 3962 960; baseline -0.007 -17"><span class='ocrx_word' id='word_1_125' title='bbox 2462 890 2631 960; x_wconf 83' lang='grc' dir='ltr'>Ἐστη</span> <span class='ocrx_word' id='word_1_126' title='bbox 2664 890 2825 960; x_wconf 87' lang='grc' dir='ltr'>μέχρι</span> <span class='ocrx_word' id='word_1_127' title='bbox 2860 887 2998 941; x_wconf 86' lang='grc' dir='ltr'>σουὸ</span> <span class='ocrx_word' id='word_1_128' title='bbox 3029 885 3258 947; x_wconf 80' lang='grc' dir='ltr'>θάνατος</span> <span class='ocrx_word' id='word_1_129' title='bbox 3296 881 3395 952; x_wconf 81' lang='grc' dir='ltr'><strong>τῆς</strong></span> <span class='ocrx_word' id='word_1_130' title='bbox 3437 882 3815 952; x_wconf 80' lang='grc' dir='ltr'>ἀκατασχέτου</span> <span class='ocrx_word' id='word_1_131' title='bbox 3864 876 3962 952; x_wconf 56' lang='lat' dir='ltr'><strong>Ep-</strong></span> 
     </span>
    </p>
   </div>
   <div class='ocr_carea' id='block_1_24' title="bbox 2393 975 3962 1053">
    <p class='ocr_par' dir='ltr' id='par_1_24' title="bbox 2393 975 3962 1053">
     <span class='ocr_line' id='line_1_24' title="bbox 2393 975 3962 1053; baseline -0.025 10"><span class='ocrx_word' id='word_1_132' title='bbox 2393 983 2527 1053; x_wconf 65' lang='grc' dir='ltr'><strong>μῆἷ’</strong></span> <span class='ocrx_word' id='word_1_133' title='bbox 2553 984 2618 1036; x_wconf 62' lang='grc' dir='ltr'>σὺ</span> <span class='ocrx_word' id='word_1_134' title='bbox 2648 982 2755 1052; x_wconf 67' lang='grc' dir='ltr'><strong>γὰρ</strong></span> <span class='ocrx_word' id='word_1_135' title='bbox 2789 982 2923 1052; x_wconf 80' lang='grc' dir='ltr'>μόνη</span> <span class='ocrx_word' id='word_1_136' title='bbox 2955 981 3139 1042; x_wconf 74' lang='grc' dir='ltr'>ἔτεκες</span> <span class='ocrx_word' id='word_1_137' title='bbox 3164 976 3263 1049; x_wconf 77' lang='grc' dir='ltr'><strong>τὴν</strong></span> <span class='ocrx_word' id='word_1_138' title='bbox 3293 976 3477 1048; x_wconf 79' lang='grc' dir='ltr'>πηγὴν</span> <span class='ocrx_word' id='word_1_139' title='bbox 3507 977 3601 1047; x_wconf 83' lang='grc' dir='ltr'>τῆς</span> <span class='ocrx_word' id='word_1_140' title='bbox 3634 975 3962 1038; x_wconf 75' lang='grc' dir='ltr'>ἀθανασίας,</span> 
     </span>
    </p>
   </div>
   <div class='ocr_carea' id='block_1_25' title="bbox 2388 1073 3095 1145">
    <p class='ocr_par' dir='ltr' id='par_1_25' title="bbox 2388 1073 3095 1145">
     <span class='ocr_line' id='line_1_25' title="bbox 2388 1073 3095 1145; baseline 0 -16"><span class='ocrx_word' id='word_1_141' title='bbox 2388 1077 2617 1130; x_wconf 86' lang='grc' dir='ltr'>Θεοτόκε</span> <span class='ocrx_word' id='word_1_142' title='bbox 2655 1073 3095 1145; x_wconf 78' lang='grc' dir='ltr'>μητροπάροενε.</span> 
     </span>
    </p>
   </div>
   <div class='ocr_carea' id='block_1_26' title="bbox 2471 1161 3967 1238">
    <p class='ocr_par' dir='ltr' id='par_1_26' title="bbox 2471 1161 3967 1238">
     <span class='ocr_line' id='line_1_26' title="bbox 2471 1161 3967 1238; baseline -0.013 -6"><span class='ocrx_word' id='word_1_143' title='bbox 2471 1168 2556 1231; x_wconf 78' lang='grc' dir='ltr'>Ὦς</span> <span class='ocrx_word' id='word_1_144' title='bbox 2590 1168 2843 1221; x_wconf 77' lang='grc' dir='ltr'>παλάτιον</span> <span class='ocrx_word' id='word_1_145' title='bbox 2877 1166 3190 1238; x_wconf 79' lang='grc' dir='ltr'><strong>εὐρύχωρον</strong></span> <span class='ocrx_word' id='word_1_146' title='bbox 3238 1166 3593 1233; x_wconf 69' lang='grc' dir='ltr'><strong>κατοικήσας,</strong></span> <span class='ocrx_word' id='word_1_147' title='bbox 3622 1162 3651 1215; x_wconf 84' lang='grc' dir='ltr'><strong>ὁ</strong></span> <span class='ocrx_word' id='word_1_148' title='bbox 3704 1161 3967 1230; x_wconf 77' lang='grc' dir='ltr'>βασιλεὺς</span> 
     </span>
    </p>
   </div>
   <div class='ocr_carea' id='block_1_27' title="bbox 2387 1251 3965 1329">
    <p class='ocr_par' dir='ltr' id='par_1_27' title="bbox 2387 1251 3965 1329">
     <span class='ocr_line' id='line_1_27' title="bbox 2387 1251 3965 1329; baseline -0.005 -18"><span class='ocrx_word' id='word_1_149' title='bbox 2387 1259 2493 1311; x_wconf 85' lang='grc' dir='ltr'><strong>τῶν</strong></span> <span class='ocrx_word' id='word_1_150' title='bbox 2526 1261 2661 1311; x_wconf 79' lang='grc' dir='ltr'>ὅλων</span> <span class='ocrx_word' id='word_1_151' title='bbox 2687 1259 2782 1328; x_wconf 85' lang='grc' dir='ltr'>τὴν</span> <span class='ocrx_word' id='word_1_152' title='bbox 2816 1260 2975 1325; x_wconf 73' lang='grc' dir='ltr'>ἁγίαν</span> <span class='ocrx_word' id='word_1_153' title='bbox 3007 1274 3098 1311; x_wconf 89' lang='grc' dir='ltr'><strong>σου</strong></span> <span class='ocrx_word' id='word_1_154' title='bbox 3135 1258 3351 1329; x_wconf 88' lang='grc' dir='ltr'>μήτραν</span> <span class='ocrx_word' id='word_1_155' title='bbox 3390 1256 3547 1328; x_wconf 78' lang='grc' dir='ltr'>ὤφθη</span> <span class='ocrx_word' id='word_1_156' title='bbox 3589 1251 3965 1325; x_wconf 85' lang='grc' dir='ltr'>σωματούμε-</span> 
     </span>
    </p>
   </div>
   <div class='ocr_carea' id='block_1_28' title="bbox 2391 1343 3156 1412">
    <p class='ocr_par' dir='ltr' id='par_1_28' title="bbox 2391 1343 3156 1412">
     <span class='ocr_line' id='line_1_28' title="bbox 2391 1343 3156 1412; baseline 0.001 -17"><span class='ocrx_word' id='word_1_157' title='bbox 2391 1359 2499 1405; x_wconf 87' lang='grc' dir='ltr'>νος,</span> <span class='ocrx_word' id='word_1_158' title='bbox 2527 1343 2835 1412; x_wconf 83' lang='grc' dir='ltr'>πανάμωμε</span> <span class='ocrx_word' id='word_1_159' title='bbox 2869 1344 3156 1396; x_wconf 79' lang='grc' dir='ltr'>Δέσποινα.</span> 
     </span>
    </p>
   </div>
   <div class='ocr_carea' id='block_1_29' title="bbox 2461 1424 3970 1503">
    <p class='ocr_par' dir='ltr' id='par_1_29' title="bbox 2461 1424 3970 1503">
     <span class='ocr_line' id='line_1_29' title="bbox 2461 1424 3970 1503; baseline -0.006 -18"><span class='ocrx_word' id='word_1_160' title='bbox 2461 1432 2858 1502; x_wconf 77' lang='grc' dir='ltr'>Βεϐαρυμένον,</span> <span class='ocrx_word' id='word_1_161' title='bbox 2913 1433 3172 1503; x_wconf 84' lang='grc' dir='ltr'>ἄχραντε,</span> <span class='ocrx_word' id='word_1_162' title='bbox 3229 1430 3310 1503; x_wconf 84' lang='grc' dir='ltr'><strong>τῷ</strong></span> <span class='ocrx_word' id='word_1_163' title='bbox 3374 1431 3557 1503; x_wconf 82' lang='grc' dir='ltr'>φόρτῳ</span> <span class='ocrx_word' id='word_1_164' title='bbox 3594 1429 3704 1483; x_wconf 86' lang='grc' dir='ltr'><strong>τῶν</strong></span> <span class='ocrx_word' id='word_1_165' title='bbox 3748 1424 3970 1480; x_wconf 78' lang='grc' dir='ltr'>πολλῶν</span> 
     </span>
    </p>
   </div>
   <div class='ocr_carea' id='block_1_30' title="bbox 2391 1521 3970 1596">
    <p class='ocr_par' dir='ltr' id='par_1_30' title="bbox 2391 1521 3970 1596">
     <span class='ocr_line' id='line_1_30' title="bbox 2391 1521 3970 1596; baseline 0.008 -21"><span class='ocrx_word' id='word_1_166' title='bbox 2391 1524 2803 1596; x_wconf 80' lang='grc' dir='ltr'><strong>ἁμαρτημάτων</strong></span> <span class='ocrx_word' id='word_1_167' title='bbox 2835 1525 3136 1596; x_wconf 77' lang='grc' dir='ltr'>ὲλάφρυνόν</span> <span class='ocrx_word' id='word_1_168' title='bbox 3164 1544 3237 1596; x_wconf 88' lang='grc' dir='ltr'><strong>με</strong></span> <span class='ocrx_word' id='word_1_169' title='bbox 3286 1525 3403 1589; x_wconf 83' lang='grc' dir='ltr'>νῦν,</span> <span class='ocrx_word' id='word_1_170' title='bbox 3436 1524 3626 1595; x_wconf 77' lang='grc' dir='ltr'>φέρειν</span> <span class='ocrx_word' id='word_1_171' title='bbox 3678 1522 3771 1576; x_wconf 84' lang='grc' dir='ltr'>τδν</span> <span class='ocrx_word' id='word_1_172' title='bbox 3800 1521 3970 1589; x_wconf 66' lang='grc' dir='ltr'>ζυγὸν</span> 
     </span>
    </p>
   </div>
   <div class='ocr_carea' id='block_1_31' title="bbox 2390 1616 3541 1689">
    <p class='ocr_par' dir='ltr' id='par_1_31' title="bbox 2390 1616 3541 1689">
     <span class='ocr_line' id='line_1_31' title="bbox 2390 1616 3541 1689; baseline -0.001 -19"><span class='ocrx_word' id='word_1_173' title='bbox 2390 1616 2765 1686; x_wconf 81' lang='grc' dir='ltr'>ὲνδυναμοῦσα</span> <span class='ocrx_word' id='word_1_174' title='bbox 2792 1617 3028 1689; x_wconf 80' lang='grc' dir='ltr'>Χριστοῦ</span> <span class='ocrx_word' id='word_1_175' title='bbox 3056 1618 3118 1671; x_wconf 81' lang='grc' dir='ltr'>τὸ</span> <span class='ocrx_word' id='word_1_176' title='bbox 3149 1618 3541 1687; x_wconf 80' lang='grc' dir='ltr'>ἐλαφρότατον.</span> 
     </span>
    </p>
   </div>
   <div class='ocr_carea' id='block_1_32' title="bbox 2462 1704 3967 1780">
    <p class='ocr_par' dir='ltr' id='par_1_32' title="bbox 2462 1704 3967 1780">
     <span class='ocr_line' id='line_1_32' title="bbox 2462 1704 3967 1780; baseline -0.005 -18"><span class='ocrx_word' id='word_1_177' title='bbox 2462 1708 2801 1780; x_wconf 83' lang='grc' dir='ltr'>Νεκρὼσεως</span> <span class='ocrx_word' id='word_1_178' title='bbox 2824 1709 3183 1779; x_wconf 87' lang='grc' dir='ltr'>δερματίνους</span> <span class='ocrx_word' id='word_1_179' title='bbox 3201 1709 3435 1779; x_wconf 79' lang='grc' dir='ltr'>χιτῶνας</span> <span class='ocrx_word' id='word_1_180' title='bbox 3463 1706 3735 1761; x_wconf 74' lang='grc' dir='ltr'>ἐνδέδυται</span> <span class='ocrx_word' id='word_1_181' title='bbox 3764 1704 3794 1757; x_wconf 82' lang='grc'>6</span> <span class='ocrx_word' id='word_1_182' title='bbox 3823 1720 3967 1773; x_wconf 72' lang='grc' dir='ltr'>προ·</span> 
     </span>
    </p>
   </div>
   <div class='ocr_carea' id='block_1_33' title="bbox 2392 1797 3969 1873">
    <p class='ocr_par' dir='ltr' id='par_1_33' title="bbox 2392 1797 3969 1873">
     <span class='ocr_line' id='line_1_33' title="bbox 2392 1797 3969 1873; baseline -0.005 -17"><span class='ocrx_word' id='word_1_183' title='bbox 2392 1802 2601 1873; x_wconf 82' lang='grc' dir='ltr'>πάτωρ·</span> <span class='ocrx_word' id='word_1_184' title='bbox 2624 1803 2653 1855; x_wconf 81' lang='grc' dir='ltr'>ὁ</span> <span class='ocrx_word' id='word_1_185' title='bbox 2688 1802 2797 1873; x_wconf 86' lang='grc' dir='ltr'>γὰρ</span> <span class='ocrx_word' id='word_1_186' title='bbox 2821 1802 3057 1871; x_wconf 80' lang='grc' dir='ltr'>Κτίστης</span> <span class='ocrx_word' id='word_1_187' title='bbox 3079 1801 3240 1855; x_wconf 72' lang='grc' dir='ltr'>αὑτὸν</span> <span class='ocrx_word' id='word_1_188' title='bbox 3263 1800 3594 1865; x_wconf 77' lang='grc' dir='ltr'>ὲπενδύεται,</span> <span class='ocrx_word' id='word_1_189' title='bbox 3618 1800 3683 1852; x_wconf 87' lang='grc' dir='ltr'>ὲκ</span> <span class='ocrx_word' id='word_1_190' title='bbox 3711 1798 3824 1851; x_wconf 86' lang='grc' dir='ltr'><strong>τῶν</strong></span> <span class='ocrx_word' id='word_1_191' title='bbox 3854 1797 3969 1850; x_wconf 85' lang='grc' dir='ltr'>σῶν</span> 
     </span>
    </p>
   </div>
   <div class='ocr_carea' id='block_1_34' title="bbox 718 1868 2292 1966">
    <p class='ocr_par' dir='ltr' id='par_1_34' title="bbox 718 1891 2291 1961">
     <span class='ocr_line' id='line_1_34' title="bbox 718 1891 2291 1961; baseline -0.001 -14"><span class='ocrx_word' id='word_1_192' title='bbox 718 1892 1029 1948; x_wconf 74' lang='lat' dir='ltr'><strong>visceribus</strong></span> <span class='ocrx_word' id='word_1_193' title='bbox 1068 1893 1198 1959; x_wconf 91' lang='lat' dir='ltr'><strong>tuis,</strong></span> <span class='ocrx_word' id='word_1_194' title='bbox 1245 1908 1278 1948; x_wconf 91' lang='grc' dir='ltr'><strong>ο</strong></span> <span class='ocrx_word' id='word_1_195' title='bbox 1335 1891 1654 1961; x_wconf 88' lang='lat' dir='ltr'><strong>purissima,</strong></span> <span class='ocrx_word' id='word_1_196' title='bbox 1704 1891 2049 1946; x_wconf 78' lang='lat' dir='ltr'><strong>inetlabilitcr</strong></span> <span class='ocrx_word' id='word_1_197' title='bbox 2106 1892 2291 1946; x_wconf 88' lang='lat' dir='ltr'><strong>incar-</strong></span> 
     </span>
    </p>
   </div>
   <div class='ocr_carea' id='block_1_35' title="bbox 2397 1868 3731 1966">
    <p class='ocr_par' dir='ltr' id='par_1_35' title="bbox 2397 1868 3731 1966">
     <span class='ocr_line' id='line_1_35' title="bbox 2397 1868 3731 1966; baseline -0.003 -18"><span class='ocrx_word' id='word_1_198' title='bbox 2397 1868 2646 1966; x_wconf 76' lang='grc' dir='ltr'>αἱμάτων</span> <span class='ocrx_word' id='word_1_199' title='bbox 2675 1868 2979 1965; x_wconf 75' lang='grc' dir='ltr'>σαρκωοεὶς</span> <span class='ocrx_word' id='word_1_200' title='bbox 3004 1868 3146 1962; x_wconf 70' lang='grc' dir='ltr'>υπὲρ</span> <span class='ocrx_word' id='word_1_201' title='bbox 3178 1892 3358 1961; x_wconf 69' lang='grc' dir='ltr'>λόγον,</span> <span class='ocrx_word' id='word_1_202' title='bbox 3399 1890 3731 1962; x_wconf 83' lang='grc' dir='ltr'>πανάμωμε.</span> 
     </span>
    </p>
   </div>
   <div class='ocr_carea' id='block_1_36' title="bbox 722 1996 909 2040">
    <p class='ocr_par' dir='ltr' id='par_1_36' title="bbox 722 1996 909 2040">
     <span class='ocr_line' id='line_1_36' title="bbox 722 1996 909 2040; baseline 0 0"><span class='ocrx_word' id='word_1_203' title='bbox 722 1996 909 2040; x_wconf 89' lang='lat' dir='ltr'><strong>natus.</strong></span> 
     </span>
    </p>
   </div>
   <div class='ocr_carea' id='block_1_37' title="bbox 794 2074 2287 2151">
    <p class='ocr_par' dir='ltr' id='par_1_37' title="bbox 794 2074 2287 2151">
     <span class='ocr_line' id='line_1_37' title="bbox 794 2074 2287 2151; baseline -0.002 -20"><span class='ocrx_word' id='word_1_204' title='bbox 794 2077 907 2151; x_wconf 79' lang='lat' dir='ltr'><strong>Ille,</strong></span> <span class='ocrx_word' id='word_1_205' title='bbox 956 2076 1049 2146; x_wconf 93' lang='lat' dir='ltr'><strong>qui</strong></span> <span class='ocrx_word' id='word_1_206' title='bbox 1100 2077 1154 2129; x_wconf 92' lang='lat' dir='ltr'><strong>in</strong></span> <span class='ocrx_word' id='word_1_207' title='bbox 1206 2084 1406 2130; x_wconf 82' lang='lat' dir='ltr'><strong>terram</strong></span> <span class='ocrx_word' id='word_1_208' title='bbox 1457 2085 1712 2143; x_wconf 89' lang='lat' dir='ltr'><strong>tanquam</strong></span> <span class='ocrx_word' id='word_1_209' title='bbox 1765 2074 1938 2128; x_wconf 87' lang='lat' dir='ltr'><strong>imber</strong></span> <span class='ocrx_word' id='word_1_210' title='bbox 1987 2074 2287 2139; x_wconf 82' lang='lat' dir='ltr'><strong>descendit,</strong></span> 
     </span>
    </p>
   </div>
   <div class='ocr_carea' id='block_1_38' title="bbox 720 2168 2286 2238">
    <p class='ocr_par' dir='ltr' id='par_1_38' title="bbox 720 2168 2286 2238">
     <span class='ocr_line' id='line_1_38' title="bbox 720 2168 2286 2238; baseline -0.001 -15"><span class='ocrx_word' id='word_1_211' title='bbox 720 2169 970 2236; x_wconf 86' lang='lat' dir='ltr'><strong>irrigavit</strong></span> <span class='ocrx_word' id='word_1_212' title='bbox 1018 2169 1244 2223; x_wconf 90' lang='lat' dir='ltr'><strong>scientia</strong></span> <span class='ocrx_word' id='word_1_213' title='bbox 1279 2169 1461 2221; x_wconf 82' lang='lat' dir='ltr'><strong>divina</strong></span> <span class='ocrx_word' id='word_1_214' title='bbox 1507 2168 1815 2222; x_wconf 70' lang='lat' dir='ltr'><strong>universam</strong></span> <span class='ocrx_word' id='word_1_215' title='bbox 1847 2179 2070 2232; x_wconf 82' lang='lat' dir='ltr'><strong>terram,</strong></span> <span class='ocrx_word' id='word_1_216' title='bbox 2107 2178 2286 2238; x_wconf 87' lang='lat' dir='ltr'><strong>teque,</strong></span> 
     </span>
    </p>
   </div>
   <div class='ocr_carea' id='block_1_39' title="bbox 718 2258 2290 2331">
    <p class='ocr_par' dir='ltr' id='par_1_39' title="bbox 718 2258 2290 2331">
     <span class='ocr_line' id='line_1_39' title="bbox 718 2258 2290 2331; baseline 0.001 -17"><span class='ocrx_word' id='word_1_217' title='bbox 718 2275 753 2314; x_wconf 94' lang='lat' dir='ltr'><strong>o</strong></span> <span class='ocrx_word' id='word_1_218' title='bbox 804 2258 968 2331; x_wconf 84' lang='lat' dir='ltr'><strong>Virgo</strong></span> <span class='ocrx_word' id='word_1_219' title='bbox 1012 2269 1186 2327; x_wconf 86' lang='lat' dir='ltr'><strong>casta,</strong></span> <span class='ocrx_word' id='word_1_220' title='bbox 1240 2260 1498 2315; x_wconf 91' lang='lat' dir='ltr'><strong>omnibus</strong></span> <span class='ocrx_word' id='word_1_221' title='bbox 1558 2260 1770 2330; x_wconf 73' lang='lat' dir='ltr'><strong>angelis</strong></span> <span class='ocrx_word' id='word_1_222' title='bbox 1822 2260 2290 2316; x_wconf 86' lang='lat' dir='ltr'><strong>honorabiliorem</strong></span> 
     </span>
    </p>
   </div>
   <div class='ocr_carea' id='block_1_40' title="bbox 721 2350 921 2406">
    <p class='ocr_par' dir='ltr' id='par_1_40' title="bbox 721 2350 921 2406">
     <span class='ocr_line' id='line_1_40' title="bbox 721 2350 921 2406; baseline -0.005 0"><span class='ocrx_word' id='word_1_223' title='bbox 721 2350 921 2406; x_wconf 71' lang='lat' dir='ltr'><strong>cllecit.</strong></span> 
     </span>
    </p>
   </div>
   <div class='ocr_carea' id='block_1_41' title="bbox 793 2442 2287 2513">
    <p class='ocr_par' dir='ltr' id='par_1_41' title="bbox 793 2442 2287 2513">
     <span class='ocr_line' id='line_1_41' title="bbox 793 2442 2287 2513; baseline 0.001 -16"><span class='ocrx_word' id='word_1_224' title='bbox 793 2444 1166 2499; x_wconf 90' lang='lat' dir='ltr'><strong>lntcllectualc</strong></span> <span class='ocrx_word' id='word_1_225' title='bbox 1198 2443 1588 2500; x_wconf 86' lang='lat' dir='ltr'><strong>candelabrum</strong></span> <span class='ocrx_word' id='word_1_226' title='bbox 1633 2453 1682 2496; x_wconf 88' lang='lat' dir='ltr'><strong>te</strong></span> <span class='ocrx_word' id='word_1_227' title='bbox 1709 2444 1859 2507; x_wconf 93' lang='lat' dir='ltr'><strong>olim,</strong></span> <span class='ocrx_word' id='word_1_228' title='bbox 1896 2442 1985 2496; x_wconf 89' lang='lat' dir='ltr'><strong>Dei</strong></span> <span class='ocrx_word' id='word_1_229' title='bbox 2030 2443 2287 2513; x_wconf 85' lang='lat' dir='ltr'><strong>genitrix,</strong></span> 
     </span>
    </p>
   </div>
   <div class='ocr_carea' id='block_1_42' title="bbox 720 2535 2288 2606">
    <p class='ocr_par' dir='ltr' id='par_1_42' title="bbox 720 2535 2288 2606">
     <span class='ocr_line' id='line_1_42' title="bbox 720 2535 2288 2606; baseline -0.001 -17"><span class='ocrx_word' id='word_1_230' title='bbox 720 2537 983 2605; x_wconf 81' lang='lat' dir='ltr'><strong>propheta</strong></span> <span class='ocrx_word' id='word_1_231' title='bbox 1032 2537 1406 2606; x_wconf 73' lang='lat' dir='ltr'><strong>prmsignavit,</strong></span> <span class='ocrx_word' id='word_1_232' title='bbox 1456 2535 1634 2587; x_wconf 73' lang='lat' dir='ltr'><strong>ferens</strong></span> <span class='ocrx_word' id='word_1_233' title='bbox 1678 2535 1978 2602; x_wconf 79' lang='lat' dir='ltr'><strong>lampadem</strong></span> <span class='ocrx_word' id='word_1_234' title='bbox 2026 2536 2288 2600; x_wconf 85' lang='lat' dir='ltr'><strong>divinam,</strong></span> 
     </span>
    </p>
   </div>
   <div class='ocr_carea' id='block_1_43' title="bbox 721 2628 2290 2699">
    <p class='ocr_par' dir='ltr' id='par_1_43' title="bbox 721 2628 2290 2699">
     <span class='ocr_line' id='line_1_43' title="bbox 721 2628 2290 2699; baseline 0.003 -19"><span class='ocrx_word' id='word_1_235' title='bbox 721 2644 844 2697; x_wconf 74' lang='lat' dir='ltr'><strong>qua:</strong></span> <span class='ocrx_word' id='word_1_236' title='bbox 874 2630 1203 2683; x_wconf 86' lang='lat' dir='ltr'><strong>illuminavit</strong></span> <span class='ocrx_word' id='word_1_237' title='bbox 1244 2644 1361 2691; x_wconf 89' lang='lat' dir='ltr'><strong>eos,</strong></span> <span class='ocrx_word' id='word_1_238' title='bbox 1391 2628 1484 2696; x_wconf 92' lang='lat' dir='ltr'><strong>qui</strong></span> <span class='ocrx_word' id='word_1_239' title='bbox 1527 2628 1777 2699; x_wconf 84' lang='lat' dir='ltr'><strong>plurimis</strong></span> <span class='ocrx_word' id='word_1_240' title='bbox 1818 2629 2089 2682; x_wconf 88' lang='lat' dir='ltr'><strong>malorum</strong></span> <span class='ocrx_word' id='word_1_241' title='bbox 2137 2640 2290 2685; x_wconf 81' lang='lat' dir='ltr'><strong>tene-</strong></span> 
     </span>
    </p>
   </div>
   <div class='ocr_carea' id='block_1_44' title="bbox 722 2718 1437 2788">
    <p class='ocr_par' dir='ltr' id='par_1_44' title="bbox 722 2718 1437 2788">
     <span class='ocr_line' id='line_1_44' title="bbox 722 2718 1437 2788; baseline 0.003 -17"><span class='ocrx_word' id='word_1_242' title='bbox 722 2719 837 2772; x_wconf 85' lang='lat' dir='ltr'><strong>bris</strong></span> <span class='ocrx_word' id='word_1_243' title='bbox 866 2719 1019 2788; x_wconf 89' lang='lat' dir='ltr'><strong>prius</strong></span> <span class='ocrx_word' id='word_1_244' title='bbox 1046 2728 1204 2774; x_wconf 90' lang='lat' dir='ltr'><strong>erant</strong></span> <span class='ocrx_word' id='word_1_245' title='bbox 1233 2718 1437 2773; x_wconf 83' lang='lat' dir='ltr'><strong>obfusi.</strong></span> 
     </span>
    </p>
   </div>
   <div class='ocr_carea' id='block_1_45' title="bbox 792 2807 2293 2876">
    <p class='ocr_par' dir='ltr' id='par_1_45' title="bbox 792 2807 2293 2876">
     <span class='ocr_line' id='line_1_45' title="bbox 792 2807 2293 2876; baseline 0.002 -15"><span class='ocrx_word' id='word_1_246' title='bbox 792 2808 958 2863; x_wconf 88' lang='lat' dir='ltr'><strong>Lucis</strong></span> <span class='ocrx_word' id='word_1_247' title='bbox 1004 2809 1377 2864; x_wconf 86' lang='lat' dir='ltr'><strong>habitaculum</strong></span> <span class='ocrx_word' id='word_1_248' title='bbox 1407 2807 1547 2862; x_wconf 77' lang='lat' dir='ltr'><strong>facta</strong></span> <span class='ocrx_word' id='word_1_249' title='bbox 1583 2821 1642 2861; x_wconf 76' lang='lat' dir='ltr'><strong>cs</strong></span> <span class='ocrx_word' id='word_1_250' title='bbox 1682 2822 1697 2860; x_wconf 92' lang='lat'><strong>:</strong></span> <span class='ocrx_word' id='word_1_251' title='bbox 1733 2817 2014 2876; x_wconf 86' lang='lat' dir='ltr'><strong>propterea</strong></span> <span class='ocrx_word' id='word_1_252' title='bbox 2046 2807 2293 2865; x_wconf 87' lang='lat' dir='ltr'><strong>illumiua</strong></span> 
     </span>
    </p>
   </div>
   <div class='ocr_carea' id='block_1_46' title="bbox 724 2898 2297 2969">
    <p class='ocr_par' dir='ltr' id='par_1_46' title="bbox 724 2898 2297 2969">
     <span class='ocr_line' id='line_1_46' title="bbox 724 2898 2297 2969; baseline 0.002 -17"><span class='ocrx_word' id='word_1_253' title='bbox 724 2913 835 2965; x_wconf 87' lang='lat' dir='ltr'><strong>me,</strong></span> <span class='ocrx_word' id='word_1_254' title='bbox 873 2914 907 2954; x_wconf 91' lang='grc' dir='ltr'><strong>ο</strong></span> <span class='ocrx_word' id='word_1_255' title='bbox 941 2900 1142 2969; x_wconf 85' lang='lat' dir='ltr'><strong>puella,</strong></span> <span class='ocrx_word' id='word_1_256' title='bbox 1176 2901 1448 2954; x_wconf 86' lang='lat' dir='ltr'><strong>universis</strong></span> <span class='ocrx_word' id='word_1_257' title='bbox 1486 2898 1690 2952; x_wconf 84' lang='lat' dir='ltr'><strong>inimici</strong></span> <span class='ocrx_word' id='word_1_258' title='bbox 1723 2900 2104 2955; x_wconf 79' lang='lat' dir='ltr'><strong>vexatiouibns</strong></span> <span class='ocrx_word' id='word_1_259' title='bbox 2140 2901 2297 2955; x_wconf 87' lang='lat' dir='ltr'><strong>obte-</strong></span> 
     </span>
    </p>
   </div>
   <div class='ocr_carea' id='block_1_47' title="bbox 723 2990 2296 3059">
    <p class='ocr_par' dir='ltr' id='par_1_47' title="bbox 723 2990 2296 3059">
     <span class='ocr_line' id='line_1_47' title="bbox 723 2990 2296 3059; baseline 0.003 -15"><span class='ocrx_word' id='word_1_260' title='bbox 723 2991 1035 3057; x_wconf 85' lang='lat' dir='ltr'><strong>nebratum,</strong></span> <span class='ocrx_word' id='word_1_261' title='bbox 1087 3001 1147 3047; x_wconf 86' lang='lat' dir='ltr'><strong>ut</strong></span> <span class='ocrx_word' id='word_1_262' title='bbox 1180 3008 1305 3048; x_wconf 94' lang='lat' dir='ltr'><strong>cum</strong></span> <span class='ocrx_word' id='word_1_263' title='bbox 1351 2991 1456 3046; x_wconf 85' lang='lat' dir='ltr'><strong>lidc</strong></span> <span class='ocrx_word' id='word_1_264' title='bbox 1486 2990 1832 3059; x_wconf 84' lang='lat' dir='ltr'><strong>magniticem</strong></span> <span class='ocrx_word' id='word_1_265' title='bbox 1872 3001 1943 3057; x_wconf 89' lang='lat' dir='ltr'><strong>te,</strong></span> <span class='ocrx_word' id='word_1_266' title='bbox 1992 3008 2028 3051; x_wconf 10' lang='lat' dir='ltr'><strong>or</strong></span> <span class='ocrx_word' id='word_1_267' title='bbox 2062 2993 2296 3049; x_wconf 88' lang='lat' dir='ltr'><strong>sanctis-</strong></span> 
     </span>
    </p>
   </div>
   <div class='ocr_carea' id='block_1_48' title="bbox 722 3082 1287 3156">
    <p class='ocr_par' dir='ltr' id='par_1_48' title="bbox 722 3082 1287 3156">
     <span class='ocr_line' id='line_1_48' title="bbox 722 3082 1287 3156; baseline 0 -16"><span class='ocrx_word' id='word_1_268' title='bbox 722 3083 865 3141; x_wconf 81' lang='lat' dir='ltr'><strong>sima</strong></span> <span class='ocrx_word' id='word_1_269' title='bbox 903 3082 1074 3139; x_wconf 73' lang='lat' dir='ltr'><strong>Mater</strong></span> <span class='ocrx_word' id='word_1_270' title='bbox 1099 3082 1287 3156; x_wconf 82' lang='lat' dir='ltr'><strong>Virgo.</strong></span> 
     </span>
    </p>
   </div>
   <div class='ocr_carea' id='block_1_49' title="bbox 2478 2075 3969 2149">
    <p class='ocr_par' dir='ltr' id='par_1_49' title="bbox 2478 2075 3969 2149">
     <span class='ocr_line' id='line_1_49' title="bbox 2478 2075 3969 2149; baseline -0.006 -13"><span class='ocrx_word' id='word_1_271' title='bbox 2478 2080 2538 2136; x_wconf 86' lang='lat'><strong>&#39;0</strong></span> <span class='ocrx_word' id='word_1_272' title='bbox 2576 2080 2819 2143; x_wconf 79' lang='grc' dir='ltr'>καταϐὰς</span> <span class='ocrx_word' id='word_1_273' title='bbox 2860 2079 2954 2134; x_wconf 70' lang='grc' dir='ltr'><strong>ἰπὶ</strong></span> <span class='ocrx_word' id='word_1_274' title='bbox 3005 2080 3105 2148; x_wconf 84' lang='grc' dir='ltr'>τῆς</span> <span class='ocrx_word' id='word_1_275' title='bbox 3162 2078 3269 2149; x_wconf 81' lang='grc' dir='ltr'><strong>γῆς</strong></span> <span class='ocrx_word' id='word_1_276' title='bbox 3310 2077 3385 2141; x_wconf 84' lang='grc' dir='ltr'><strong>ὡς</strong></span> <span class='ocrx_word' id='word_1_277' title='bbox 3448 2077 3624 2141; x_wconf 71' lang='grc' dir='ltr'>ὑετὸς,</span> <span class='ocrx_word' id='word_1_278' title='bbox 3691 2075 3969 2145; x_wconf 74' lang='grc' dir='ltr'>Παρθένε,</span> 
     </span>
    </p>
   </div>
   <div class='ocr_carea' id='block_1_50' title="bbox 2396 2168 3974 2241">
    <p class='ocr_par' dir='ltr' id='par_1_50' title="bbox 2396 2168 3974 2241">
     <span class='ocr_line' id='line_1_50' title="bbox 2396 2168 3974 2241; baseline -0.004 -14"><span class='ocrx_word' id='word_1_279' title='bbox 2396 2172 2729 2240; x_wconf 84' lang='grc' dir='ltr'>θεογνωσίαν</span> <span class='ocrx_word' id='word_1_280' title='bbox 2760 2173 2943 2225; x_wconf 75' lang='grc' dir='ltr'>πᾶσαν</span> <span class='ocrx_word' id='word_1_281' title='bbox 2993 2171 3223 2241; x_wconf 83' lang='grc' dir='ltr'>ήρδευσε</span> <span class='ocrx_word' id='word_1_282' title='bbox 3276 2170 3378 2239; x_wconf 81' lang='grc' dir='ltr'>τὴν</span> <span class='ocrx_word' id='word_1_283' title='bbox 3423 2169 3546 2237; x_wconf 83' lang='grc' dir='ltr'>γῆν,</span> <span class='ocrx_word' id='word_1_284' title='bbox 3590 2169 3687 2221; x_wconf 75' lang='grc' dir='ltr'>καὶ</span> <span class='ocrx_word' id='word_1_285' title='bbox 3725 2168 3974 2232; x_wconf 81' lang='grc' dir='ltr'>ἀνέδειξέ</span> 
     </span>
    </p>
   </div>
   <div class='ocr_carea' id='block_1_51' title="bbox 2398 2260 3728 2333">
    <p class='ocr_par' dir='ltr' id='par_1_51' title="bbox 2398 2260 3728 2333">
     <span class='ocr_line' id='line_1_51' title="bbox 2398 2260 3728 2333; baseline -0.002 -16"><span class='ocrx_word' id='word_1_286' title='bbox 2398 2281 2458 2317; x_wconf 90' lang='grc' dir='ltr'><strong>σε</strong></span> <span class='ocrx_word' id='word_1_287' title='bbox 2495 2264 2604 2317; x_wconf 83' lang='grc' dir='ltr'><strong>τῶν</strong></span> <span class='ocrx_word' id='word_1_288' title='bbox 2629 2264 2874 2333; x_wconf 80' lang='grc' dir='ltr'>ἀγγέλων</span> <span class='ocrx_word' id='word_1_289' title='bbox 2907 2262 3147 2327; x_wconf 83' lang='grc' dir='ltr'>πάντων,</span> <span class='ocrx_word' id='word_1_290' title='bbox 3183 2262 3345 2331; x_wconf 80' lang='grc' dir='ltr'>ἁγνὴ,</span> <span class='ocrx_word' id='word_1_291' title='bbox 3369 2260 3728 2331; x_wconf 79' lang='grc' dir='ltr'>τιμιωτέραν.</span> 
     </span>
    </p>
   </div>
   <div class='ocr_carea' id='block_1_52' title="bbox 2466 2446 3979 2520">
    <p class='ocr_par' dir='ltr' id='par_1_52' title="bbox 2466 2446 3979 2520">
     <span class='ocr_line' id='line_1_52' title="bbox 2466 2446 3979 2520; baseline -0.005 -17"><span class='ocrx_word' id='word_1_292' title='bbox 2466 2450 2684 2520; x_wconf 87' lang='grc' dir='ltr'>Νοητήν</span> <span class='ocrx_word' id='word_1_293' title='bbox 2707 2467 2763 2503; x_wconf 80' lang='grc' dir='ltr'><strong>σε</strong></span> <span class='ocrx_word' id='word_1_294' title='bbox 2790 2450 3009 2520; x_wconf 76' lang='grc' dir='ltr'>λυχνίαν</span> <span class='ocrx_word' id='word_1_295' title='bbox 3026 2446 3374 2520; x_wconf 75' lang='grc' dir='ltr'>προέγραψεν</span> <span class='ocrx_word' id='word_1_296' title='bbox 3400 2448 3428 2499; x_wconf 85' lang='grc' dir='ltr'>ὁ</span> <span class='ocrx_word' id='word_1_297' title='bbox 3445 2448 3731 2516; x_wconf 72' lang='grc' dir='ltr'>προφήτης</span> <span class='ocrx_word' id='word_1_298' title='bbox 3754 2446 3815 2497; x_wconf 69' lang='grc' dir='ltr'><strong>τὸ</strong></span> <span class='ocrx_word' id='word_1_299' title='bbox 3828 2446 3979 2497; x_wconf 71' lang='grc' dir='ltr'>οεῗον</span> 
     </span>
    </p>
   </div>
   <div class='ocr_carea' id='block_1_53' title="bbox 2397 2539 3976 2612">
    <p class='ocr_par' dir='ltr' id='par_1_53' title="bbox 2397 2539 3976 2612">
     <span class='ocr_line' id='line_1_53' title="bbox 2397 2539 3976 2612; baseline -0.003 -17"><span class='ocrx_word' id='word_1_300' title='bbox 2397 2542 2723 2612; x_wconf 77' lang='grc' dir='ltr'>λαμπάδιον,</span> <span class='ocrx_word' id='word_1_301' title='bbox 2742 2542 3127 2610; x_wconf 77' lang='grc' dir='ltr'>Θεογεννῆτορ,</span> <span class='ocrx_word' id='word_1_302' title='bbox 3154 2541 3427 2610; x_wconf 82' lang='grc' dir='ltr'>φέρουσαν</span> <span class='ocrx_word' id='word_1_303' title='bbox 3450 2540 3512 2591; x_wconf 72' lang='grc' dir='ltr'>τὸ</span> <span class='ocrx_word' id='word_1_304' title='bbox 3545 2539 3813 2606; x_wconf 83' lang='grc' dir='ltr'>φωτίσαν,</span> <span class='ocrx_word' id='word_1_305' title='bbox 3844 2540 3976 2600; x_wconf 69' lang='grc' dir='ltr'>τοὺς</span> 
     </span>
    </p>
   </div>
   <div class='ocr_carea' id='block_1_54' title="bbox 2400 2630 3977 2706">
    <p class='ocr_par' dir='ltr' id='par_1_54' title="bbox 2400 2630 3977 2706">
     <span class='ocr_line' id='line_1_54' title="bbox 2400 2630 3977 2706; baseline -0.003 -19"><span class='ocrx_word' id='word_1_306' title='bbox 2400 2635 2591 2706; x_wconf 78' lang='grc' dir='ltr'>πρώην</span> <span class='ocrx_word' id='word_1_307' title='bbox 2622 2634 3033 2703; x_wconf 77' lang='grc' dir='ltr'>ὲσκοτισμένους</span> <span class='ocrx_word' id='word_1_308' title='bbox 3059 2633 3167 2685; x_wconf 83' lang='grc' dir='ltr'><strong>τῶν</strong></span> <span class='ocrx_word' id='word_1_309' title='bbox 3198 2631 3385 2686; x_wconf 85' lang='grc' dir='ltr'>κακῶν</span> <span class='ocrx_word' id='word_1_310' title='bbox 3405 2634 3521 2694; x_wconf 81' lang='grc' dir='ltr'>ταῖς</span> <span class='ocrx_word' id='word_1_311' title='bbox 3544 2630 3767 2690; x_wconf 80' lang='grc' dir='ltr'>πολλαῖς</span> <span class='ocrx_word' id='word_1_312' title='bbox 3791 2634 3977 2699; x_wconf 80' lang='grc' dir='ltr'>ἀμαυ-</span> 
     </span>
    </p>
   </div>
   <div class='ocr_carea' id='block_1_55' title="bbox 2404 2726 2660 2797">
    <p class='ocr_par' dir='ltr' id='par_1_55' title="bbox 2404 2726 2660 2797">
     <span class='ocr_line' id='line_1_55' title="bbox 2404 2726 2660 2797; baseline 0.012 -21"><span class='ocrx_word' id='word_1_313' title='bbox 2404 2726 2660 2797; x_wconf 83' lang='grc' dir='ltr'>ρώσεσιν.</span> 
     </span>
    </p>
   </div>
   <div class='ocr_carea' id='block_1_56' title="bbox 2469 2814 3974 2889">
    <p class='ocr_par' dir='ltr' id='par_1_56' title="bbox 2469 2814 3974 2889">
     <span class='ocr_line' id='line_1_56' title="bbox 2469 2814 3974 2889; baseline -0.003 -20"><span class='ocrx_word' id='word_1_314' title='bbox 2469 2818 2649 2880; x_wconf 75' lang='grc' dir='ltr'>Φωτὸς</span> <span class='ocrx_word' id='word_1_315' title='bbox 2682 2819 2995 2889; x_wconf 81' lang='grc' dir='ltr'>οἰκητήριον</span> <span class='ocrx_word' id='word_1_316' title='bbox 3041 2816 3250 2885; x_wconf 73' lang='grc' dir='ltr'>ἐγένουο</span> <span class='ocrx_word' id='word_1_317' title='bbox 3301 2816 3382 2869; x_wconf 74' lang='grc' dir='ltr'><strong>διὸ</strong></span> <span class='ocrx_word' id='word_1_318' title='bbox 3428 2814 3847 2885; x_wconf 81' lang='grc' dir='ltr'>φωταγώγησόν</span> <span class='ocrx_word' id='word_1_319' title='bbox 3878 2833 3974 2885; x_wconf 78' lang='grc' dir='ltr'><strong>με,</strong></span> 
     </span>
    </p>
   </div>
   <div class='ocr_carea' id='block_1_57' title="bbox 2396 2903 3973 2978">
    <p class='ocr_par' dir='ltr' id='par_1_57' title="bbox 2396 2903 3973 2978">
     <span class='ocr_line' id='line_1_57' title="bbox 2396 2903 3973 2978; baseline -0.001 -19"><span class='ocrx_word' id='word_1_320' title='bbox 2396 2903 2557 2977; x_wconf 85' lang='grc' dir='ltr'>κόρη,</span> <span class='ocrx_word' id='word_1_321' title='bbox 2616 2908 3037 2978; x_wconf 81' lang='grc' dir='ltr'>ἀμαυρούμενον</span> <span class='ocrx_word' id='word_1_322' title='bbox 3066 2908 3273 2971; x_wconf 78' lang='grc' dir='ltr'>πάσαις</span> <span class='ocrx_word' id='word_1_323' title='bbox 3323 2906 3415 2960; x_wconf 84' lang='grc' dir='ltr'>τοῦ</span> <span class='ocrx_word' id='word_1_324' title='bbox 3454 2906 3649 2977; x_wconf 76' lang='grc' dir='ltr'>ἐχθροῦ</span> <span class='ocrx_word' id='word_1_325' title='bbox 3679 2909 3803 2969; x_wconf 86' lang='grc' dir='ltr'>ταῖς</span> <span class='ocrx_word' id='word_1_326' title='bbox 3839 2908 3973 2959; x_wconf 83' lang='grc' dir='ltr'>ἁπι-</span> 
     </span>
    </p>
   </div>
   <div class='ocr_carea' id='block_1_58' title="bbox 2396 2995 3975 3064">
    <p class='ocr_par' dir='ltr' id='par_1_58' title="bbox 2396 2995 3975 3064">
     <span class='ocr_line' id='line_1_58' title="bbox 2396 2995 3975 3064; baseline 0.001 -16"><span class='ocrx_word' id='word_1_327' title='bbox 2396 2995 2593 3060; x_wconf 82' lang='grc' dir='ltr'>στίαις,</span> <span class='ocrx_word' id='word_1_328' title='bbox 2650 2997 2795 3057; x_wconf 79' lang='grc' dir='ltr'>ὅπως</span> <span class='ocrx_word' id='word_1_329' title='bbox 2845 2997 2905 3049; x_wconf 82' lang='grc' dir='ltr'>ὲν</span> <span class='ocrx_word' id='word_1_330' title='bbox 2952 2995 3147 3048; x_wconf 81' lang='grc' dir='ltr'>πίστει</span> <span class='ocrx_word' id='word_1_331' title='bbox 3210 3013 3293 3062; x_wconf 87' lang='grc' dir='ltr'><strong>σε,</strong></span> <span class='ocrx_word' id='word_1_332' title='bbox 3327 2995 3593 3064; x_wconf 76' lang='grc' dir='ltr'>παναγία,</span> <span class='ocrx_word' id='word_1_333' title='bbox 3657 2995 3975 3064; x_wconf 73' lang='grc' dir='ltr'>μεγαλύνω,</span> 
     </span>
    </p>
   </div>
   <div class='ocr_carea' id='block_1_59' title="bbox 2399 3086 2857 3157">
    <p class='ocr_par' dir='ltr' id='par_1_59' title="bbox 2399 3086 2857 3157">
     <span class='ocr_line' id='line_1_59' title="bbox 2399 3086 2857 3157; baseline 0.002 -17"><span class='ocrx_word' id='word_1_334' title='bbox 2399 3086 2857 3157; x_wconf 75' lang='grc' dir='ltr'>Μητροπάροενε.</span> 
     </span>
    </p>
   </div>
   <div class='ocr_carea' id='block_1_60' title="bbox 1148 3198 3517 3277">
    <p class='ocr_par' dir='ltr' id='par_1_60' title="bbox 1148 3198 3517 3277">
     <span class='ocr_line' id='line_1_60' title="bbox 1148 3198 3517 3277; baseline 0.003 -24"><span class='ocrx_word' id='word_1_335' title='bbox 1148 3199 1232 3254; x_wconf 80' lang='lat' dir='ltr'><strong>Ea:</strong></span> <span class='ocrx_word' id='word_1_336' title='bbox 1286 3198 1497 3259; x_wconf 86' lang='lat' dir='ltr'><strong>Canone</strong></span> <span class='ocrx_word' id='word_1_337' title='bbox 1546 3205 1604 3260; x_wconf 78' lang='lat' dir='ltr'><strong>in</strong></span> <span class='ocrx_word' id='word_1_338' title='bbox 1663 3204 1766 3261; x_wconf 83' lang='lat' dir='ltr'><strong>SS.</strong></span> <span class='ocrx_word' id='word_1_339' title='bbox 1818 3202 2187 3275; x_wconf 75' lang='lat' dir='ltr'><strong>Speusippum,</strong></span> <span class='ocrx_word' id='word_1_340' title='bbox 2220 3202 2584 3273; x_wconf 75' lang='lat' dir='ltr'><strong>Eleusippum,</strong></span> <span class='ocrx_word' id='word_1_341' title='bbox 2632 3213 2681 3257; x_wconf 82' lang='lat' dir='ltr'><strong>et</strong></span> <span class='ocrx_word' id='word_1_342' title='bbox 2723 3203 3123 3274; x_wconf 79' lang='lat' dir='ltr'><strong>Meleusippum,</strong></span> <span class='ocrx_word' id='word_1_343' title='bbox 3152 3204 3238 3260; x_wconf 84' lang='lat' dir='ltr'><strong>die</strong></span> <span class='ocrx_word' id='word_1_344' title='bbox 3268 3206 3517 3277; x_wconf 68' lang='lat'><strong>16(50‘).</strong></span> 
     </span>
    </p>
   </div>
   <div class='ocr_carea' id='block_1_61' title="bbox 796 3309 3979 3387">
    <p class='ocr_par' dir='ltr' id='par_1_61' title="bbox 796 3309 3979 3387">
     <span class='ocr_line' id='line_1_61' title="bbox 796 3309 3979 3387; baseline 0.002 -22"><span class='ocrx_word' id='word_1_345' title='bbox 796 3309 966 3367; x_wconf 87' lang='lat' dir='ltr'><strong>Terra</strong></span> <span class='ocrx_word' id='word_1_346' title='bbox 1018 3313 1227 3367; x_wconf 91' lang='lat' dir='ltr'><strong>inarata</strong></span> <span class='ocrx_word' id='word_1_347' title='bbox 1272 3316 1597 3383; x_wconf 88' lang='lat' dir='ltr'><strong>apparuisti,</strong></span> <span class='ocrx_word' id='word_1_348' title='bbox 1632 3330 1663 3367; x_wconf 90' lang='grc' dir='ltr'><strong>ο</strong></span> <span class='ocrx_word' id='word_1_349' title='bbox 1705 3316 2112 3386; x_wconf 85' lang='lat' dir='ltr'><strong>augustissima,</strong></span> <span class='ocrx_word' id='word_1_350' title='bbox 2165 3329 2288 3384; x_wconf 77' lang='lat' dir='ltr'><strong>qua:</strong></span> <span class='ocrx_word' id='word_1_351' title='bbox 2312 3318 2357 3385; x_wconf 76' lang='grc' dir='ltr'><strong>ς,</strong></span> <span class='ocrx_word' id='word_1_352' title='bbox 2394 3314 2482 3367; x_wconf 82' lang='lat' dir='ltr'><strong>Dei</strong></span> <span class='ocrx_word' id='word_1_353' title='bbox 2504 3312 2748 3368; x_wconf 84' lang='lat' dir='ltr'><strong>Genitrix</strong></span> <span class='ocrx_word' id='word_1_354' title='bbox 2774 3316 3121 3384; x_wconf 88' lang='lat' dir='ltr'><strong>castissima;</strong></span> <span class='ocrx_word' id='word_1_355' title='bbox 3150 3327 3387 3373; x_wconf 89' lang='lat' dir='ltr'><strong>mentem</strong></span> <span class='ocrx_word' id='word_1_356' title='bbox 3421 3318 3715 3387; x_wconf 89' lang='lat' dir='ltr'><strong>tranquilla</strong></span> <span class='ocrx_word' id='word_1_357' title='bbox 3754 3317 3979 3371; x_wconf 85' lang='lat' dir='ltr'><strong>hostili-</strong></span> 
     </span>
    </p>
   </div>
   <div class='ocr_carea' id='block_1_62' title="bbox 724 3402 2294 3474">
    <p class='ocr_par' dir='ltr' id='par_1_62' title="bbox 724 3402 2294 3474">
     <span class='ocr_line' id='line_1_62' title="bbox 724 3402 2294 3474; baseline 0.001 -17"><span class='ocrx_word' id='word_1_358' title='bbox 724 3402 936 3469; x_wconf 80' lang='lat' dir='ltr'><strong>spicam</strong></span> <span class='ocrx_word' id='word_1_359' title='bbox 986 3403 1146 3458; x_wconf 89' lang='lat' dir='ltr'><strong>nobis</strong></span> <span class='ocrx_word' id='word_1_360' title='bbox 1184 3405 1481 3474; x_wconf 89' lang='lat' dir='ltr'><strong>protulisti,</strong></span> <span class='ocrx_word' id='word_1_361' title='bbox 1520 3406 1760 3460; x_wconf 86' lang='lat' dir='ltr'><strong>universi</strong></span> <span class='ocrx_word' id='word_1_362' title='bbox 1813 3406 2138 3459; x_wconf 90' lang='lat' dir='ltr'><strong>nutritorem</strong></span> <span class='ocrx_word' id='word_1_363' title='bbox 2187 3406 2294 3458; x_wconf 90' lang='lat' dir='ltr'><strong>Do-</strong></span> 
     </span>
    </p>
   </div>
   <div class='ocr_carea' id='block_1_63' title="bbox 726 3491 2294 3565">
    <p class='ocr_par' dir='ltr' id='par_1_63' title="bbox 726 3491 2294 3565">
     <span class='ocr_line' id='line_1_63' title="bbox 726 3491 2294 3565; baseline 0.004 -21"><span class='ocrx_word' id='word_1_364' title='bbox 726 3491 938 3545; x_wconf 87' lang='lat' dir='ltr'><strong>minum</strong></span> <span class='ocrx_word' id='word_1_365' title='bbox 968 3492 1153 3548; x_wconf 88' lang='lat' dir='ltr'><strong>Jesum</strong></span> <span class='ocrx_word' id='word_1_366' title='bbox 1197 3510 1263 3550; x_wconf 79' lang='lat' dir='ltr'><strong>ex</strong></span> <span class='ocrx_word' id='word_1_367' title='bbox 1310 3510 1421 3565; x_wconf 91' lang='lat' dir='ltr'><strong>quo</strong></span> <span class='ocrx_word' id='word_1_368' title='bbox 1470 3512 1570 3552; x_wconf 87' lang='lat' dir='ltr'><strong>nos</strong></span> <span class='ocrx_word' id='word_1_369' title='bbox 1611 3498 1982 3563; x_wconf 83' lang='lat' dir='ltr'><strong>comedentes,</strong></span> <span class='ocrx_word' id='word_1_370' title='bbox 2025 3497 2092 3551; x_wconf 88' lang='lat' dir='ltr'><strong>ad</strong></span> <span class='ocrx_word' id='word_1_371' title='bbox 2130 3498 2294 3551; x_wconf 89' lang='lat' dir='ltr'><strong>vitam</strong></span> 
     </span>
    </p>
   </div>
   <div class='ocr_carea' id='block_1_64' title="bbox 726 3599 1074 3639">
    <p class='ocr_par' dir='ltr' id='par_1_64' title="bbox 726 3599 1074 3639">
     <span class='ocr_line' id='line_1_64' title="bbox 726 3599 1074 3639; baseline 0.003 -1"><span class='ocrx_word' id='word_1_372' title='bbox 726 3599 923 3639; x_wconf 81' lang='lat' dir='ltr'><strong>revoca</strong></span> <span class='ocrx_word' id='word_1_373' title='bbox 932 3599 1074 3639; x_wconf 91' lang='lat' dir='ltr'><strong>mur.</strong></span> 
     </span>
    </p>
   </div>
   <div class='ocr_carea' id='block_1_65' title="bbox 798 3676 2296 3749">
    <p class='ocr_par' dir='ltr' id='par_1_65' title="bbox 798 3676 2296 3749">
     <span class='ocr_line' id='line_1_65' title="bbox 798 3676 2296 3749; baseline 0.004 -21"><span class='ocrx_word' id='word_1_374' title='bbox 798 3676 970 3729; x_wconf 89' lang='lat' dir='ltr'><strong>Deum</strong></span> <span class='ocrx_word' id='word_1_375' title='bbox 1002 3692 1067 3730; x_wconf 75' lang='lat' dir='ltr'><strong>ex</strong></span> <span class='ocrx_word' id='word_1_376' title='bbox 1098 3683 1151 3730; x_wconf 86' lang='lat' dir='ltr'><strong>te</strong></span> <span class='ocrx_word' id='word_1_377' title='bbox 1182 3677 1525 3732; x_wconf 85' lang='lat' dir='ltr'><strong>incarnatum</strong></span> <span class='ocrx_word' id='word_1_378' title='bbox 1556 3679 1823 3745; x_wconf 83' lang='lat' dir='ltr'><strong>videntes,</strong></span> <span class='ocrx_word' id='word_1_379' title='bbox 1861 3695 1896 3734; x_wconf 91' lang='grc' dir='ltr'><strong>ο</strong></span> <span class='ocrx_word' id='word_1_380' title='bbox 1929 3677 2096 3749; x_wconf 85' lang='lat' dir='ltr'><strong>Virgo</strong></span> <span class='ocrx_word' id='word_1_381' title='bbox 2147 3689 2296 3734; x_wconf 87' lang='lat' dir='ltr'><strong>casta</strong></span> 
     </span>
    </p>
   </div>
   <div class='ocr_carea' id='block_1_66' title="bbox 734 3764 2296 3841">
    <p class='ocr_par' dir='ltr' id='par_1_66' title="bbox 734 3764 2296 3841">
     <span class='ocr_line' id='line_1_66' title="bbox 734 3764 2296 3841; baseline 0.004 -23"><span class='ocrx_word' id='word_1_382' title='bbox 734 3764 989 3834; x_wconf 87' lang='lat' dir='ltr'><strong>Deipara,</strong></span> <span class='ocrx_word' id='word_1_383' title='bbox 1019 3766 1127 3835; x_wconf 89' lang='lat'><strong>55</strong></span> <span class='ocrx_word' id='word_1_384' title='bbox 1170 3776 1222 3822; x_wconf 90' lang='lat' dir='ltr'><strong>te</strong></span> <span class='ocrx_word' id='word_1_385' title='bbox 1263 3771 1480 3839; x_wconf 82' lang='lat' dir='ltr'><strong>proprie</strong></span> <span class='ocrx_word' id='word_1_386' title='bbox 1523 3770 1868 3836; x_wconf 83' lang='lat' dir='ltr'><strong>conﬁtemur,</strong></span> <span class='ocrx_word' id='word_1_387' title='bbox 1900 3788 2020 3841; x_wconf 67' lang='lat' dir='ltr'><strong>qua:</strong></span> <span class='ocrx_word' id='word_1_388' title='bbox 2051 3772 2296 3825; x_wconf 89' lang='lat' dir='ltr'><strong>omnium</strong></span> 
     </span>
    </p>
   </div>
   <div class='ocr_carea' id='block_1_67' title="bbox 725 3856 2296 3931">
    <p class='ocr_par' dir='ltr' id='par_1_67' title="bbox 725 3856 2296 3931">
     <span class='ocr_line' id='line_1_67' title="bbox 725 3856 2296 3931; baseline 0.004 -21"><span class='ocrx_word' id='word_1_389' title='bbox 725 3856 1136 3913; x_wconf 80' lang='lat' dir='ltr'><strong>reformationis</strong></span> <span class='ocrx_word' id='word_1_390' title='bbox 1201 3859 1408 3931; x_wconf 87' lang='lat' dir='ltr'><strong>absque</strong></span> <span class='ocrx_word' id='word_1_391' title='bbox 1485 3862 1593 3917; x_wconf 88' lang='lat' dir='ltr'><strong>ulla</strong></span> <span class='ocrx_word' id='word_1_392' title='bbox 1704 3864 2044 3919; x_wconf 90' lang='lat' dir='ltr'><strong>dubitatione</strong></span> <span class='ocrx_word' id='word_1_393' title='bbox 2131 3878 2296 3917; x_wconf 85' lang='lat' dir='ltr'><strong>causa</strong></span> 
     </span>
    </p>
   </div>
   <div class='ocr_carea' id='block_1_68' title="bbox 726 3947 905 4005">
    <p class='ocr_par' dir='ltr' id='par_1_68' title="bbox 726 3947 905 4005">
     <span class='ocr_line' id='line_1_68' title="bbox 726 3947 905 4005; baseline 0.006 -1"><span class='ocrx_word' id='word_1_394' title='bbox 726 3947 905 4005; x_wconf 77' lang='lat' dir='ltr'><strong>fuisti.</strong></span> 
     </span>
    </p>
   </div>
   <div class='ocr_carea' id='block_1_69' title="bbox 799 4040 2296 4119">
    <p class='ocr_par' dir='ltr' id='par_1_69' title="bbox 799 4040 2296 4119">
     <span class='ocr_line' id='line_1_69' title="bbox 799 4040 2296 4119; baseline 0.005 -23"><span class='ocrx_word' id='word_1_395' title='bbox 799 4040 1289 4112; x_wconf 89' lang='lat' dir='ltr'><strong>Superessentialis</strong></span> <span class='ocrx_word' id='word_1_396' title='bbox 1319 4047 1430 4109; x_wconf 87' lang='lat' dir='ltr'><strong>ille,</strong></span> <span class='ocrx_word' id='word_1_397' title='bbox 1461 4050 1554 4119; x_wconf 90' lang='lat' dir='ltr'><strong>qui</strong></span> <span class='ocrx_word' id='word_1_398' title='bbox 1584 4050 1765 4105; x_wconf 83' lang='lat' dir='ltr'><strong>carnis</strong></span> <span class='ocrx_word' id='word_1_399' title='bbox 1812 4058 1930 4104; x_wconf 88' lang='lat' dir='ltr'><strong>erat</strong></span> <span class='ocrx_word' id='word_1_400' title='bbox 1962 4064 2179 4118; x_wconf 82' lang='lat' dir='ltr'><strong>expers,</strong></span> <span class='ocrx_word' id='word_1_401' title='bbox 2229 4063 2296 4103; x_wconf 78' lang='lat' dir='ltr'><strong>ex</strong></span> 
     </span>
    </p>
   </div>
   <div class='ocr_carea' id='block_1_70' title="bbox 725 4136 2300 4207">
    <p class='ocr_par' dir='ltr' id='par_1_70' title="bbox 725 4136 2300 4207">
     <span class='ocr_line' id='line_1_70' title="bbox 725 4136 2300 4207; baseline 0.004 -20"><span class='ocrx_word' id='word_1_402' title='bbox 725 4136 1050 4190; x_wconf 82' lang='lat' dir='ltr'><strong>venerandis</strong></span> <span class='ocrx_word' id='word_1_403' title='bbox 1101 4138 1461 4207; x_wconf 87' lang='lat' dir='ltr'><strong>sanguinibus</strong></span> <span class='ocrx_word' id='word_1_404' title='bbox 1494 4142 1599 4195; x_wconf 87' lang='lat' dir='ltr'><strong>tuis</strong></span> <span class='ocrx_word' id='word_1_405' title='bbox 1646 4142 1962 4195; x_wconf 87' lang='lat' dir='ltr'><strong>incarnatus</strong></span> <span class='ocrx_word' id='word_1_406' title='bbox 1989 4148 2094 4203; x_wconf 91' lang='lat' dir='ltr'><strong>est,</strong></span> <span class='ocrx_word' id='word_1_407' title='bbox 2143 4156 2177 4193; x_wconf 91' lang='grc' dir='ltr'><strong>ο</strong></span> <span class='ocrx_word' id='word_1_408' title='bbox 2207 4155 2300 4193; x_wconf 88' lang='lat' dir='ltr'><strong>ca-</strong></span> 
     </span>
    </p>
   </div>
   <div class='ocr_carea' id='block_1_71' title="bbox 726 4226 2295 4297">
    <p class='ocr_par' dir='ltr' id='par_1_71' title="bbox 726 4226 2295 4297">
     <span class='ocr_line' id='line_1_71' title="bbox 726 4226 2295 4297; baseline 0.004 -17"><span class='ocrx_word' id='word_1_409' title='bbox 726 4226 1005 4294; x_wconf 88' lang='lat' dir='ltr'><strong>stissima;</strong></span> <span class='ocrx_word' id='word_1_410' title='bbox 1048 4237 1103 4283; x_wconf 90' lang='lat' dir='ltr'><strong>et</strong></span> <span class='ocrx_word' id='word_1_411' title='bbox 1131 4246 1264 4285; x_wconf 90' lang='lat' dir='ltr'><strong>caro</strong></span> <span class='ocrx_word' id='word_1_412' title='bbox 1294 4232 1414 4286; x_wconf 83' lang='lat' dir='ltr'><strong>sine</strong></span> <span class='ocrx_word' id='word_1_413' title='bbox 1443 4234 1549 4287; x_wconf 90' lang='lat' dir='ltr'><strong>ulla</strong></span> <span class='ocrx_word' id='word_1_414' title='bbox 1578 4235 1878 4289; x_wconf 81' lang='lat' dir='ltr'><strong>mutatione</strong></span> <span class='ocrx_word' id='word_1_415' title='bbox 1921 4232 2121 4297; x_wconf 77' lang='lat' dir='ltr'><strong>factus,</strong></span> <span class='ocrx_word' id='word_1_416' title='bbox 2172 4248 2295 4287; x_wconf 91' lang='lat' dir='ltr'><strong>cum</strong></span> 
     </span>
    </p>
   </div>
   <div class='ocr_carea' id='block_1_72' title="bbox 727 4315 1559 4378">
    <p class='ocr_par' dir='ltr' id='par_1_72' title="bbox 727 4315 1559 4378">
     <span class='ocr_line' id='line_1_72' title="bbox 727 4315 1559 4378; baseline 0.011 -9"><span class='ocrx_word' id='word_1_417' title='bbox 727 4315 1042 4373; x_wconf 89' lang='lat' dir='ltr'><strong>hominibus</strong></span> <span class='ocrx_word' id='word_1_418' title='bbox 1070 4332 1428 4377; x_wconf 83' lang='lat' dir='ltr'><strong>conversatus</strong></span> <span class='ocrx_word' id='word_1_419' title='bbox 1458 4333 1559 4378; x_wconf 88' lang='lat' dir='ltr'><strong>est.</strong></span> 
     </span>
    </p>
   </div>
   <div class='ocr_carea' id='block_1_73' title="bbox 796 4406 2295 4487">
    <p class='ocr_par' dir='ltr' id='par_1_73' title="bbox 796 4406 2295 4487">
     <span class='ocr_line' id='line_1_73' title="bbox 796 4406 2295 4487; baseline 0.008 -27"><span class='ocrx_word' id='word_1_420' title='bbox 796 4406 1014 4463; x_wconf 76' lang='lat' dir='ltr'><strong>Natura:</strong></span> <span class='ocrx_word' id='word_1_421' title='bbox 1060 4412 1204 4481; x_wconf 82' lang='lat' dir='ltr'><strong>leges</strong></span> <span class='ocrx_word' id='word_1_422' title='bbox 1255 4414 1309 4467; x_wconf 93' lang='lat' dir='ltr'><strong>in</strong></span> <span class='ocrx_word' id='word_1_423' title='bbox 1357 4425 1428 4481; x_wconf 91' lang='lat' dir='ltr'><strong>te,</strong></span> <span class='ocrx_word' id='word_1_424' title='bbox 1472 4432 1504 4469; x_wconf 89' lang='grc' dir='ltr'><strong>ο</strong></span> <span class='ocrx_word' id='word_1_425' title='bbox 1540 4415 1835 4484; x_wconf 75' lang='lat' dir='ltr'><strong>purissima</strong></span> <span class='ocrx_word' id='word_1_426' title='bbox 1876 4414 2066 4487; x_wconf 73' lang='lat' dir='ltr'><strong>Virgo,</strong></span> <span class='ocrx_word' id='word_1_427' title='bbox 2105 4432 2295 4472; x_wconf 81' lang='lat' dir='ltr'><strong>revera</strong></span> 
     </span>
    </p>
   </div>
   <div class='ocr_carea' id='block_1_74' title="bbox 728 4496 2296 4578">
    <p class='ocr_par' dir='ltr' id='par_1_74' title="bbox 728 4496 2296 4578">
     <span class='ocr_line' id='line_1_74' title="bbox 728 4496 2296 4578; baseline 0.01 -28"><span class='ocrx_word' id='word_1_428' title='bbox 728 4496 1103 4557; x_wconf 80' lang='lat' dir='ltr'><strong>inuovantur:</strong></span> <span class='ocrx_word' id='word_1_429' title='bbox 1161 4504 1324 4575; x_wconf 80' lang='lat' dir='ltr'><strong>Virgo</strong></span> <span class='ocrx_word' id='word_1_430' title='bbox 1363 4508 1564 4576; x_wconf 84' lang='lat' dir='ltr'><strong>quippe</strong></span> <span class='ocrx_word' id='word_1_431' title='bbox 1616 4517 1737 4577; x_wconf 90' lang='lat' dir='ltr'><strong>post</strong></span> <span class='ocrx_word' id='word_1_432' title='bbox 1794 4517 2011 4578; x_wconf 88' lang='lat' dir='ltr'><strong>partum</strong></span> <span class='ocrx_word' id='word_1_433' title='bbox 2084 4523 2296 4576; x_wconf 82' lang='lat' dir='ltr'><strong>manes,</strong></span> 
     </span>
    </p>
   </div>
   <div class='ocr_carea' id='block_1_75' title="bbox 724 4592 2209 4671">
    <p class='ocr_par' dir='ltr' id='par_1_75' title="bbox 724 4592 2209 4671">
     <span class='ocr_line' id='line_1_75' title="bbox 724 4592 2209 4671; baseline 0.007 -27"><span class='ocrx_word' id='word_1_434' title='bbox 724 4592 873 4647; x_wconf 85' lang='lat' dir='ltr'><strong>velut</strong></span> <span class='ocrx_word' id='word_1_435' title='bbox 902 4604 1024 4648; x_wconf 90' lang='lat' dir='ltr'><strong>ante</strong></span> <span class='ocrx_word' id='word_1_436' title='bbox 1048 4607 1284 4664; x_wconf 86' lang='lat' dir='ltr'><strong>partum,</strong></span> <span class='ocrx_word' id='word_1_437' title='bbox 1307 4599 1586 4654; x_wconf 86' lang='lat' dir='ltr'><strong>Christum</strong></span> <span class='ocrx_word' id='word_1_438' title='bbox 1624 4601 1992 4671; x_wconf 88' lang='lat' dir='ltr'><strong>legislatorem</strong></span> <span class='ocrx_word' id='word_1_439' title='bbox 2026 4603 2209 4656; x_wconf 78' lang='lat' dir='ltr'><strong>enixa.</strong></span> 
     </span>
    </p>
   </div>
   <div class='ocr_carea' id='block_1_76' title="bbox 2401 3406 3982 3478">
    <p class='ocr_par' dir='ltr' id='par_1_76' title="bbox 2401 3406 3982 3478">
     <span class='ocr_line' id='line_1_76' title="bbox 2401 3406 3982 3478; baseline 0.003 -18"><span class='ocrx_word' id='word_1_440' title='bbox 2401 3406 2502 3460; x_wconf 80' lang='lat' dir='ltr'><strong>bus</strong></span> <span class='ocrx_word' id='word_1_441' title='bbox 2525 3406 2901 3461; x_wconf 87' lang='lat' dir='ltr'><strong>invasionibus</strong></span> <span class='ocrx_word' id='word_1_442' title='bbox 2938 3408 3087 3462; x_wconf 87' lang='lat' dir='ltr'><strong>velut</strong></span> <span class='ocrx_word' id='word_1_443' title='bbox 3142 3409 3558 3477; x_wconf 88' lang='lat' dir='ltr'><strong>tempestatibus</strong></span> <span class='ocrx_word' id='word_1_444' title='bbox 3604 3409 3895 3478; x_wconf 80' lang='lat' dir='ltr'><strong>jactatam,</strong></span> <span class='ocrx_word' id='word_1_445' title='bbox 3926 3419 3982 3464; x_wconf 86' lang='lat' dir='ltr'><strong>et</strong></span> 
     </span>
    </p>
   </div>
   <div class='ocr_carea' id='block_1_77' title="bbox 2398 3500 3493 3570">
    <p class='ocr_par' dir='ltr' id='par_1_77' title="bbox 2398 3500 3493 3570">
     <span class='ocr_line' id='line_1_77' title="bbox 2398 3500 3493 3570; baseline 0.004 -19"><span class='ocrx_word' id='word_1_446' title='bbox 2398 3514 2495 3555; x_wconf 90' lang='lat' dir='ltr'><strong>cor</strong></span> <span class='ocrx_word' id='word_1_447' title='bbox 2529 3514 2705 3552; x_wconf 88' lang='lat' dir='ltr'><strong>meum</strong></span> <span class='ocrx_word' id='word_1_448' title='bbox 2735 3508 2982 3568; x_wconf 87' lang='lat' dir='ltr'><strong>pacatum</strong></span> <span class='ocrx_word' id='word_1_449' title='bbox 3010 3500 3195 3564; x_wconf 83' lang='lat' dir='ltr'><strong>redde,</strong></span> <span class='ocrx_word' id='word_1_450' title='bbox 3222 3518 3255 3555; x_wconf 91' lang='grc' dir='ltr'><strong>ο</strong></span> <span class='ocrx_word' id='word_1_451' title='bbox 3286 3501 3493 3570; x_wconf 89' lang='lat' dir='ltr'><strong>puella.</strong></span> 
     </span>
    </p>
   </div>
   <div class='ocr_carea' id='block_1_78' title="bbox 2468 3588 3977 3661">
    <p class='ocr_par' dir='ltr' id='par_1_78' title="bbox 2468 3588 3977 3661">
     <span class='ocr_line' id='line_1_78' title="bbox 2468 3588 3977 3661; baseline 0.004 -19"><span class='ocrx_word' id='word_1_452' title='bbox 2468 3588 2668 3644; x_wconf 79' lang='lat' dir='ltr'><strong>Rosam</strong></span> <span class='ocrx_word' id='word_1_453' title='bbox 2704 3590 2756 3643; x_wconf 93' lang='lat' dir='ltr'><strong>in</strong></span> <span class='ocrx_word' id='word_1_454' title='bbox 2797 3592 2973 3645; x_wconf 90' lang='lat' dir='ltr'><strong>medio</strong></span> <span class='ocrx_word' id='word_1_455' title='bbox 2999 3593 3281 3661; x_wconf 85' lang='lat' dir='ltr'><strong>spinarum</strong></span> <span class='ocrx_word' id='word_1_456' title='bbox 3306 3602 3357 3647; x_wconf 90' lang='lat' dir='ltr'><strong>te</strong></span> <span class='ocrx_word' id='word_1_457' title='bbox 3391 3608 3518 3647; x_wconf 89' lang='lat' dir='ltr'><strong>vere</strong></span> <span class='ocrx_word' id='word_1_458' title='bbox 3548 3592 3759 3647; x_wconf 88' lang='lat' dir='ltr'><strong>invenit</strong></span> <span class='ocrx_word' id='word_1_459' title='bbox 3786 3593 3840 3646; x_wconf 94' lang='lat' dir='ltr'><strong>in</strong></span> <span class='ocrx_word' id='word_1_460' title='bbox 3871 3595 3977 3648; x_wconf 90' lang='lat' dir='ltr'><strong>bu-</strong></span> 
     </span>
    </p>
   </div>
   <div class='ocr_carea' id='block_1_79' title="bbox 2394 3680 3977 3754">
    <p class='ocr_par' dir='ltr' id='par_1_79' title="bbox 2394 3680 3977 3754">
     <span class='ocr_line' id='line_1_79' title="bbox 2394 3680 3977 3754; baseline 0.004 -19"><span class='ocrx_word' id='word_1_461' title='bbox 2394 3680 2485 3750; x_wconf 84' lang='lat' dir='ltr'><strong>jus</strong></span> <span class='ocrx_word' id='word_1_462' title='bbox 2515 3683 2701 3737; x_wconf 87' lang='lat' dir='ltr'><strong>mundi</strong></span> <span class='ocrx_word' id='word_1_463' title='bbox 2720 3684 3082 3749; x_wconf 67' lang='lat' dir='ltr'><strong>convallibus,</strong></span> <span class='ocrx_word' id='word_1_464' title='bbox 3105 3696 3302 3740; x_wconf 91' lang='lat' dir='ltr'><strong>ocasta</strong></span> <span class='ocrx_word' id='word_1_465' title='bbox 3331 3683 3695 3754; x_wconf 80' lang='lat' dir='ltr'><strong>Virgo,.lesus</strong></span> <span class='ocrx_word' id='word_1_466' title='bbox 3722 3687 3977 3741; x_wconf 83' lang='lat' dir='ltr'><strong>omnium</strong></span> 
     </span>
    </p>
   </div>
   <div class='ocr_carea' id='block_1_80' title="bbox 2398 3772 3979 3842">
    <p class='ocr_par' dir='ltr' id='par_1_80' title="bbox 2398 3772 3979 3842">
     <span class='ocr_line' id='line_1_80' title="bbox 2398 3772 3979 3842; baseline 0.006 -18"><span class='ocrx_word' id='word_1_467' title='bbox 2398 3772 2698 3841; x_wconf 89' lang='lat' dir='ltr'><strong>plantator,</strong></span> <span class='ocrx_word' id='word_1_468' title='bbox 2746 3784 2909 3842; x_wconf 86' lang='lat' dir='ltr'><strong>atque</strong></span> <span class='ocrx_word' id='word_1_469' title='bbox 2955 3790 3022 3829; x_wconf 76' lang='lat' dir='ltr'><strong>ex</strong></span> <span class='ocrx_word' id='word_1_470' title='bbox 3075 3783 3233 3829; x_wconf 84' lang='lat' dir='ltr'><strong>utero</strong></span> <span class='ocrx_word' id='word_1_471' title='bbox 3265 3784 3360 3829; x_wconf 91' lang='lat' dir='ltr'><strong>tuo</strong></span> <span class='ocrx_word' id='word_1_472' title='bbox 3404 3787 3584 3840; x_wconf 87' lang='lat' dir='ltr'><strong>natus,</strong></span> <span class='ocrx_word' id='word_1_473' title='bbox 3642 3792 3745 3831; x_wconf 86' lang='lat' dir='ltr'><strong>nos</strong></span> <span class='ocrx_word' id='word_1_474' title='bbox 3772 3778 3979 3833; x_wconf 76' lang='lat' dir='ltr'><strong>divina:</strong></span> 
     </span>
    </p>
   </div>
   <div class='ocr_carea' id='block_1_81' title="bbox 2399 3865 3578 3936">
    <p class='ocr_par' dir='ltr' id='par_1_81' title="bbox 2399 3865 3578 3936">
     <span class='ocr_line' id='line_1_81' title="bbox 2399 3865 3578 3936; baseline 0.004 -19"><span class='ocrx_word' id='word_1_475' title='bbox 2399 3865 2729 3932; x_wconf 79' lang='lat' dir='ltr'><strong>cognitionis</strong></span> <span class='ocrx_word' id='word_1_476' title='bbox 2754 3866 3087 3921; x_wconf 84' lang='lat' dir='ltr'><strong>suavissimo</strong></span> <span class='ocrx_word' id='word_1_477' title='bbox 3114 3865 3352 3936; x_wconf 83' lang='lat' dir='ltr'><strong>perfudit</strong></span> <span class='ocrx_word' id='word_1_478' title='bbox 3388 3866 3578 3922; x_wconf 91' lang='lat' dir='ltr'><strong>odore.</strong></span> 
     </span>
    </p>
   </div>
   <div class='ocr_carea' id='block_1_82' title="bbox 2471 3954 3977 4028">
    <p class='ocr_par' dir='ltr' id='par_1_82' title="bbox 2471 3954 3977 4028">
     <span class='ocr_line' id='line_1_82' title="bbox 2471 3954 3977 4028; baseline 0.007 -21"><span class='ocrx_word' id='word_1_479' title='bbox 2471 3954 2547 4009; x_wconf 85' lang='lat' dir='ltr'><strong>Te</strong></span> <span class='ocrx_word' id='word_1_480' title='bbox 2579 3957 2865 4025; x_wconf 88' lang='lat' dir='ltr'><strong>spirituale</strong></span> <span class='ocrx_word' id='word_1_481' title='bbox 2889 3959 3299 4023; x_wconf 88' lang='lat' dir='ltr'><strong>candelabrum,</strong></span> <span class='ocrx_word' id='word_1_482' title='bbox 3348 3976 3470 4028; x_wconf 70' lang='lat' dir='ltr'><strong>quae</strong></span> <span class='ocrx_word' id='word_1_483' title='bbox 3509 3961 3685 4015; x_wconf 89' lang='lat' dir='ltr'><strong>lucem</strong></span> <span class='ocrx_word' id='word_1_484' title='bbox 3722 3961 3977 4017; x_wconf 86' lang='lat' dir='ltr'><strong>inacces-</strong></span> 
     </span>
    </p>
   </div>
   <div class='ocr_carea' id='block_1_83' title="bbox 2400 4046 3982 4123">
    <p class='ocr_par' dir='ltr' id='par_1_83' title="bbox 2400 4046 3982 4123">
     <span class='ocr_line' id='line_1_83' title="bbox 2400 4046 3982 4123; baseline 0.004 -23"><span class='ocrx_word' id='word_1_485' title='bbox 2400 4046 2612 4100; x_wconf 83' lang='lat' dir='ltr'><strong>sibilem</strong></span> <span class='ocrx_word' id='word_1_486' title='bbox 2641 4049 2955 4117; x_wconf 84' lang='lat' dir='ltr'><strong>suscepisti,</strong></span> <span class='ocrx_word' id='word_1_487' title='bbox 2997 4055 3340 4118; x_wconf 80' lang='lat' dir='ltr'><strong>agnovimus,</strong></span> <span class='ocrx_word' id='word_1_488' title='bbox 3373 4065 3406 4105; x_wconf 91' lang='grc' dir='ltr'><strong>ο</strong></span> <span class='ocrx_word' id='word_1_489' title='bbox 3433 4049 3597 4121; x_wconf 86' lang='lat' dir='ltr'><strong>Virgo</strong></span> <span class='ocrx_word' id='word_1_490' title='bbox 3627 4052 3818 4113; x_wconf 77' lang='lat' dir='ltr'><strong>Maria,</strong></span> <span class='ocrx_word' id='word_1_491' title='bbox 3855 4070 3982 4123; x_wconf 67' lang='lat' dir='ltr'><strong>quae</strong></span> 
     </span>
    </p>
   </div>
   <div class='ocr_carea' id='block_1_84' title="bbox 2400 4138 3973 4214">
    <p class='ocr_par' dir='ltr' id='par_1_84' title="bbox 2400 4138 3973 4214">
     <span class='ocr_line' id='line_1_84' title="bbox 2400 4138 3973 4214; baseline 0.005 -23"><span class='ocrx_word' id='word_1_492' title='bbox 2400 4138 2645 4191; x_wconf 88' lang='lat' dir='ltr'><strong>omnium</strong></span> <span class='ocrx_word' id='word_1_493' title='bbox 2673 4140 2910 4193; x_wconf 77' lang='lat' dir='ltr'><strong>fidelium</strong></span> <span class='ocrx_word' id='word_1_494' title='bbox 2945 4142 3156 4197; x_wconf 89' lang='lat' dir='ltr'><strong>animas</strong></span> <span class='ocrx_word' id='word_1_495' title='bbox 3186 4141 3528 4210; x_wconf 88' lang='lat' dir='ltr'><strong>illurninasti,</strong></span> <span class='ocrx_word' id='word_1_496' title='bbox 3556 4152 3611 4198; x_wconf 90' lang='lat' dir='ltr'><strong>et</strong></span> <span class='ocrx_word' id='word_1_497' title='bbox 3642 4146 3853 4214; x_wconf 64' lang='lat' dir='ltr'><strong>pect-ati</strong></span> <span class='ocrx_word' id='word_1_498' title='bbox 3893 4156 3973 4199; x_wconf 88' lang='lat' dir='ltr'><strong>te-</strong></span> 
     </span>
    </p>
   </div>
   <div class='ocr_carea' id='block_1_85' title="bbox 2401 4230 2931 4286">
    <p class='ocr_par' dir='ltr' id='par_1_85' title="bbox 2401 4230 2931 4286">
     <span class='ocr_line' id='line_1_85' title="bbox 2401 4230 2931 4286; baseline 0 -2"><span class='ocrx_word' id='word_1_499' title='bbox 2401 4230 2523 4284; x_wconf 85' lang='lat' dir='ltr'><strong>nebt</strong></span> <span class='ocrx_word' id='word_1_500' title='bbox 2540 4247 2599 4284; x_wconf 90' lang='lat' dir='ltr'><strong>as</strong></span> <span class='ocrx_word' id='word_1_501' title='bbox 2621 4231 2931 4286; x_wconf 84' lang='lat' dir='ltr'><strong>clintinasti.</strong></span> 
     </span>
    </p>
   </div>
   <div class='ocr_carea' id='block_1_86' title="bbox 2473 4317 3981 4392">
    <p class='ocr_par' dir='ltr' id='par_1_86' title="bbox 2473 4317 3981 4392">
     <span class='ocr_line' id='line_1_86' title="bbox 2473 4317 3981 4392; baseline 0.003 -20"><span class='ocrx_word' id='word_1_502' title='bbox 2473 4317 2711 4374; x_wconf 79' lang='lat' dir='ltr'><strong>Vocibus</strong></span> <span class='ocrx_word' id='word_1_503' title='bbox 2742 4322 3042 4390; x_wconf 86' lang='lat' dir='ltr'><strong>gratiarum</strong></span> <span class='ocrx_word' id='word_1_504' title='bbox 3101 4322 3319 4378; x_wconf 88' lang='lat' dir='ltr'><strong>actione</strong></span> <span class='ocrx_word' id='word_1_505' title='bbox 3351 4322 3528 4392; x_wconf 84' lang='lat' dir='ltr'><strong>plenis</strong></span> <span class='ocrx_word' id='word_1_506' title='bbox 3566 4324 3635 4377; x_wconf 89' lang='lat' dir='ltr'><strong>ad</strong></span> <span class='ocrx_word' id='word_1_507' title='bbox 3682 4332 3734 4377; x_wconf 90' lang='lat' dir='ltr'><strong>te</strong></span> <span class='ocrx_word' id='word_1_508' title='bbox 3764 4324 3981 4378; x_wconf 84' lang='lat' dir='ltr'><strong>clama-</strong></span> 
     </span>
    </p>
   </div>
   <div class='ocr_carea' id='block_1_87' title="bbox 2402 4413 3979 4486">
    <p class='ocr_par' dir='ltr' id='par_1_87' title="bbox 2402 4413 3979 4486">
     <span class='ocr_line' id='line_1_87' title="bbox 2402 4413 3979 4486; baseline 0.004 -20"><span class='ocrx_word' id='word_1_509' title='bbox 2402 4427 2560 4467; x_wconf 90' lang='lat' dir='ltr'><strong>mus:</strong></span> <span class='ocrx_word' id='word_1_510' title='bbox 2598 4414 2733 4477; x_wconf 83' lang='lat' dir='ltr'><strong>Ave,</strong></span> <span class='ocrx_word' id='word_1_511' title='bbox 2789 4413 3164 4470; x_wconf 88' lang='lat' dir='ltr'><strong>immaterialis</strong></span> <span class='ocrx_word' id='word_1_512' title='bbox 3198 4416 3339 4471; x_wconf 91' lang='lat' dir='ltr'><strong>lueis</strong></span> <span class='ocrx_word' id='word_1_513' title='bbox 3380 4416 3751 4472; x_wconf 83' lang='lat' dir='ltr'><strong>habitaculum</strong></span> <span class='ocrx_word' id='word_1_514' title='bbox 3791 4421 3979 4486; x_wconf 78' lang='lat' dir='ltr'><strong>puris-</strong></span> 
     </span>
    </p>
   </div>
   <div class='ocr_carea' id='block_1_88' title="bbox 2400 4506 3980 4573">
    <p class='ocr_par' dir='ltr' id='par_1_88' title="bbox 2400 4506 3980 4573">
     <span class='ocr_line' id='line_1_88' title="bbox 2400 4506 3980 4573; baseline 0.001 -14"><span class='ocrx_word' id='word_1_515' title='bbox 2400 4506 2637 4570; x_wconf 84' lang='lat' dir='ltr'><strong>simum;</strong></span> <span class='ocrx_word' id='word_1_516' title='bbox 2696 4520 2814 4569; x_wconf 80' lang='lat' dir='ltr'><strong>ave,</strong></span> <span class='ocrx_word' id='word_1_517' title='bbox 2857 4519 3024 4560; x_wconf 92' lang='lat' dir='ltr'><strong>causa</strong></span> <span class='ocrx_word' id='word_1_518' title='bbox 3074 4507 3438 4563; x_wconf 79' lang='lat' dir='ltr'><strong>deiﬁcationis</strong></span> <span class='ocrx_word' id='word_1_519' title='bbox 3491 4510 3790 4573; x_wconf 82' lang='lat' dir='ltr'><strong>omnium;</strong></span> <span class='ocrx_word' id='word_1_520' title='bbox 3856 4527 3980 4573; x_wconf 71' lang='lat' dir='ltr'><strong>ave,</strong></span> 
     </span>
    </p>
   </div>
   <div class='ocr_carea' id='block_1_89' title="bbox 2403 4597 3979 4672">
    <p class='ocr_par' dir='ltr' id='par_1_89' title="bbox 2403 4597 3979 4672">
     <span class='ocr_line' id='line_1_89' title="bbox 2403 4597 3979 4672; baseline 0.003 -22"><span class='ocrx_word' id='word_1_521' title='bbox 2403 4597 2797 4651; x_wconf 85' lang='lat' dir='ltr'><strong>maledictionis</strong></span> <span class='ocrx_word' id='word_1_522' title='bbox 2832 4597 3121 4655; x_wconf 88' lang='lat' dir='ltr'><strong>dissolutio</strong></span> <span class='ocrx_word' id='word_1_523' title='bbox 3147 4617 3163 4665; x_wconf 83' lang='lat'><strong>;</strong></span> <span class='ocrx_word' id='word_1_524' title='bbox 3210 4615 3333 4668; x_wconf 85' lang='lat' dir='ltr'><strong>ave,</strong></span> <span class='ocrx_word' id='word_1_525' title='bbox 3363 4601 3758 4672; x_wconf 82' lang='lat' dir='ltr'><strong>terrigenarum</strong></span> <span class='ocrx_word' id='word_1_526' title='bbox 3781 4604 3979 4670; x_wconf 77' lang='lat' dir='ltr'><strong>expul-</strong></span> 
     </span>
    </p>
   </div>
   <div class='ocr_carea' id='block_1_90' title="bbox 796 4678 2915 4760">
    <p class='ocr_par' dir='ltr' id='par_1_90' title="bbox 796 4678 2915 4760">
     <span class='ocr_line' id='line_1_90' title="bbox 796 4678 2915 4760; baseline 0.005 -25"><span class='ocrx_word' id='word_1_527' title='bbox 796 4683 1120 4741; x_wconf 80' lang='lat' dir='ltr'><strong>Miserabilis</strong></span> <span class='ocrx_word' id='word_1_528' title='bbox 1174 4689 1371 4744; x_wconf 79' lang='lat' dir='ltr'><strong>anima:</strong></span> <span class='ocrx_word' id='word_1_529' title='bbox 1418 4706 1551 4746; x_wconf 73' lang='lat' dir='ltr'><strong>mea:</strong></span> <span class='ocrx_word' id='word_1_530' title='bbox 1587 4692 1935 4760; x_wconf 88' lang='lat' dir='ltr'><strong>passionibus</strong></span> <span class='ocrx_word' id='word_1_531' title='bbox 1987 4694 2225 4759; x_wconf 87' lang='lat' dir='ltr'><strong>medere,</strong></span> <span class='ocrx_word' id='word_1_532' title='bbox 2256 4709 2291 4749; x_wconf 90' lang='grc' dir='ltr'><strong>ο</strong></span> <span class='ocrx_word' id='word_1_533' title='bbox 2324 4678 2368 4734; x_wconf 82' lang='grc' dir='ltr'><strong>Ῐ)</strong></span> <span class='ocrx_word' id='word_1_534' title='bbox 2398 4704 2586 4746; x_wconf 86' lang='lat' dir='ltr'><strong>serum</strong></span> <span class='ocrx_word' id='word_1_535' title='bbox 2622 4691 2915 4746; x_wconf 83' lang='lat' dir='ltr'><strong>revocatio.</strong></span> 
     </span>
    </p>
   </div>
   <div class='ocr_carea' id='block_1_91' title="bbox 781 4801 2265 4879">
    <p class='ocr_par' dir='ltr' id='par_1_91' title="bbox 781 4801 2265 4879">
     <span class='ocr_line' id='line_1_91' title="bbox 781 4801 2265 4879; baseline 0.007 -26"><span class='ocrx_word' id='word_1_536' title='bbox 781 4801 867 4853; x_wconf 73' lang='lat' dir='ltr'><strong>Ea:</strong></span> <span class='ocrx_word' id='word_1_537' title='bbox 906 4802 1117 4856; x_wconf 83' lang='lat' dir='ltr'><strong>Canone</strong></span> <span class='ocrx_word' id='word_1_538' title='bbox 1139 4804 1194 4858; x_wconf 82' lang='lat' dir='ltr'><strong>in</strong></span> <span class='ocrx_word' id='word_1_539' title='bbox 1224 4802 1284 4859; x_wconf 92' lang='lat' dir='ltr'><strong>S.</strong></span> <span class='ocrx_word' id='word_1_540' title='bbox 1318 4804 1670 4877; x_wconf 82' lang='lat' dir='ltr'><strong>Neophytum,</strong></span> <span class='ocrx_word' id='word_1_541' title='bbox 1693 4818 2006 4879; x_wconf 81' lang='lat' dir='ltr'><strong>martyrem,</strong></span> <span class='ocrx_word' id='word_1_542' title='bbox 2057 4809 2145 4864; x_wconf 77' lang='lat' dir='ltr'><strong>die</strong></span> <span class='ocrx_word' id='word_1_543' title='bbox 2172 4810 2265 4865; x_wconf 68' lang='grc' dir='ltr'><strong>Ἥ.</strong></span> 
     </span>
    </p>
   </div>
   <div class='ocr_carea' id='block_1_92' title="bbox 796 4985 2296 5060">
    <p class='ocr_par' dir='ltr' id='par_1_92' title="bbox 796 4985 2296 5060">
     <span class='ocr_line' id='line_1_92' title="bbox 796 4985 2296 5060; baseline 0.005 -22"><span class='ocrx_word' id='word_1_544' title='bbox 796 4985 967 5040; x_wconf 79' lang='lat' dir='ltr'><strong>Enixa</strong></span> <span class='ocrx_word' id='word_1_545' title='bbox 1004 4998 1213 5041; x_wconf 75' lang='lat' dir='ltr'><strong>natura:</strong></span> <span class='ocrx_word' id='word_1_546' title='bbox 1244 4987 1581 5056; x_wconf 86' lang='lat' dir='ltr'><strong>Creatorem,</strong></span> <span class='ocrx_word' id='word_1_547' title='bbox 1627 4990 1942 5046; x_wconf 89' lang='lat' dir='ltr'><strong>universam</strong></span> <span class='ocrx_word' id='word_1_548' title='bbox 1990 4992 2296 5060; x_wconf 85' lang='lat' dir='ltr'><strong>terrigena-</strong></span> 
     </span>
    </p>
   </div>
   <div class='ocr_carea' id='block_1_93' title="bbox 721 5079 2299 5156">
    <p class='ocr_par' dir='ltr' id='par_1_93' title="bbox 721 5079 2299 5156">
     <span class='ocr_line' id='line_1_93' title="bbox 721 5079 2299 5156; baseline 0.006 -25"><span class='ocrx_word' id='word_1_549' title='bbox 721 5094 844 5131; x_wconf 85' lang='lat' dir='ltr'><strong>rum</strong></span> <span class='ocrx_word' id='word_1_550' title='bbox 876 5079 1241 5133; x_wconf 88' lang='lat' dir='ltr'><strong>substantiam</strong></span> <span class='ocrx_word' id='word_1_551' title='bbox 1287 5081 1588 5147; x_wconf 87' lang='lat' dir='ltr'><strong>deilicasti;</strong></span> <span class='ocrx_word' id='word_1_552' title='bbox 1630 5093 1913 5153; x_wconf 85' lang='lat' dir='ltr'><strong>propterea</strong></span> <span class='ocrx_word' id='word_1_553' title='bbox 1971 5095 2024 5139; x_wconf 90' lang='lat' dir='ltr'><strong>te</strong></span> <span class='ocrx_word' id='word_1_554' title='bbox 2081 5088 2299 5156; x_wconf 83' lang='lat' dir='ltr'><strong>proprie</strong></span> 
     </span>
    </p>
   </div>
   <div class='ocr_carea' id='block_1_94' title="bbox 725 5166 2028 5245">
    <p class='ocr_par' dir='ltr' id='par_1_94' title="bbox 725 5166 2028 5245">
     <span class='ocr_line' id='line_1_94' title="bbox 725 5166 2028 5245; baseline 0.009 -26"><span class='ocrx_word' id='word_1_555' title='bbox 725 5166 1007 5237; x_wconf 89' lang='lat' dir='ltr'><strong>Dciparam</strong></span> <span class='ocrx_word' id='word_1_556' title='bbox 1037 5174 1383 5237; x_wconf 81' lang='lat' dir='ltr'><strong>conﬁtemur,</strong></span> <span class='ocrx_word' id='word_1_557' title='bbox 1419 5188 1452 5225; x_wconf 93' lang='grc' dir='ltr'><strong>ο</strong></span> <span class='ocrx_word' id='word_1_558' title='bbox 1501 5173 1662 5245; x_wconf 84' lang='lat' dir='ltr'><strong>Virgo</strong></span> <span class='ocrx_word' id='word_1_559' title='bbox 1688 5175 1779 5229; x_wconf 87' lang='lat' dir='ltr'><strong>Dei</strong></span> <span class='ocrx_word' id='word_1_560' title='bbox 1804 5191 2028 5245; x_wconf 87' lang='lat' dir='ltr'><strong>sponsa.</strong></span> 
     </span>
    </p>
   </div>
   <div class='ocr_carea' id='block_1_95' title="bbox 796 5258 2279 5337">
    <p class='ocr_par' dir='ltr' id='par_1_95' title="bbox 796 5258 2279 5337">
     <span class='ocr_line' id='line_1_95' title="bbox 796 5258 2279 5337; baseline 0.009 -29"><span class='ocrx_word' id='word_1_561' title='bbox 796 5258 1063 5327; x_wconf 79' lang='lat' dir='ltr'><strong>llynumm</strong></span> <span class='ocrx_word' id='word_1_562' title='bbox 1114 5261 1207 5314; x_wconf 90' lang='lat' dir='ltr'><strong>tibi</strong></span> <span class='ocrx_word' id='word_1_563' title='bbox 1271 5277 1489 5331; x_wconf 86' lang='lat' dir='ltr'><strong>semper</strong></span> <span class='ocrx_word' id='word_1_564' title='bbox 1548 5265 1797 5334; x_wconf 87' lang='lat' dir='ltr'><strong>rependit</strong></span> <span class='ocrx_word' id='word_1_565' title='bbox 1854 5266 1909 5320; x_wconf 92' lang='lat' dir='ltr'><strong>in</strong></span> <span class='ocrx_word' id='word_1_566' title='bbox 1979 5268 2279 5337; x_wconf 86' lang='lat' dir='ltr'><strong>gratiarum</strong></span> 
     </span>
    </p>
   </div>
   <div class='ocr_carea' id='block_1_96' title="bbox 719 5351 2291 5431">
    <p class='ocr_par' dir='ltr' id='par_1_96' title="bbox 719 5351 2291 5431">
     <span class='ocr_line' id='line_1_96' title="bbox 719 5351 2291 5431; baseline 0.008 -30"><span class='ocrx_word' id='word_1_567' title='bbox 719 5351 987 5405; x_wconf 88' lang='lat' dir='ltr'><strong>actionem</strong></span> <span class='ocrx_word' id='word_1_568' title='bbox 1019 5354 1329 5409; x_wconf 90' lang='lat' dir='ltr'><strong>mortalium</strong></span> <span class='ocrx_word' id='word_1_569' title='bbox 1363 5371 1556 5424; x_wconf 84' lang='lat' dir='ltr'><strong>genus,</strong></span> <span class='ocrx_word' id='word_1_570' title='bbox 1590 5372 1625 5411; x_wconf 91' lang='grc' dir='ltr'><strong>ο</strong></span> <span class='ocrx_word' id='word_1_571' title='bbox 1664 5359 1754 5412; x_wconf 85' lang='lat' dir='ltr'><strong>Dei</strong></span> <span class='ocrx_word' id='word_1_572' title='bbox 1792 5358 1988 5428; x_wconf 80' lang='lat' dir='ltr'><strong>Mater,</strong></span> <span class='ocrx_word' id='word_1_573' title='bbox 2026 5376 2149 5415; x_wconf 91' lang='lat' dir='ltr'><strong>cum</strong></span> <span class='ocrx_word' id='word_1_574' title='bbox 2195 5376 2291 5431; x_wconf 92' lang='lat' dir='ltr'><strong>per</strong></span> 
     </span>
    </p>
   </div>
   <div class='ocr_carea' id='block_1_97' title="bbox 721 5446 1856 5520">
    <p class='ocr_par' dir='ltr' id='par_1_97' title="bbox 721 5446 1856 5520">
     <span class='ocr_line' id='line_1_97' title="bbox 721 5446 1856 5520; baseline 0.01 -24"><span class='ocrx_word' id='word_1_575' title='bbox 721 5453 772 5497; x_wconf 88' lang='lat' dir='ltr'><strong>te</strong></span> <span class='ocrx_word' id='word_1_576' title='bbox 799 5446 1266 5502; x_wconf 87' lang='lat' dir='ltr'><strong>iuunortalitatem</strong></span> <span class='ocrx_word' id='word_1_577' title='bbox 1291 5448 1398 5520; x_wconf 81' lang='lat'><strong>56</strong></span> <span class='ocrx_word' id='word_1_578' title='bbox 1423 5458 1736 5507; x_wconf 86' lang='lat' dir='ltr'><strong>assecutum</strong></span> <span class='ocrx_word' id='word_1_579' title='bbox 1766 5454 1856 5508; x_wconf 90' lang='lat' dir='ltr'><strong>sit.</strong></span> 
     </span>
    </p>
   </div>
   <div class='ocr_carea' id='block_1_98' title="bbox 756 5598 2291 5680">
    <p class='ocr_par' dir='ltr' id='par_1_98' title="bbox 756 5598 2291 5680">
     <span class='ocr_line' id='line_1_98' title="bbox 756 5598 2291 5680; baseline 0.01 -32"><span class='ocrx_word' id='word_1_580' title='bbox 756 5670 768 5680; x_wconf 42' lang='lat'><strong>.</strong></span> <span class='ocrx_word' id='word_1_581' title='bbox 801 5598 1046 5680; x_wconf 38' lang='lat' dir='ltr'><strong>(SOlH-Vel</strong></span> <span class='ocrx_word' id='word_1_582' title='bbox 1082 5604 1320 5680; x_wconf 72' lang='lat' dir='ltr'><strong>utvertit</strong></span> <span class='ocrx_word' id='word_1_583' title='bbox 1382 5604 1440 5659; x_wconf 89' lang='lat' dir='ltr'><strong>P.</strong></span> <span class='ocrx_word' id='word_1_584' title='bbox 1479 5606 1665 5680; x_wconf 84' lang='lat' dir='ltr'><strong>Simon</strong></span> <span class='ocrx_word' id='word_1_585' title='bbox 1695 5607 2046 5680; x_wconf 17' lang='lat' dir='ltr'><strong>Yiuagnereck</strong></span> <span class='ocrx_word' id='word_1_586' title='bbox 2072 5610 2124 5663; x_wconf 89' lang='lat' dir='ltr'><strong>in</strong></span> <span class='ocrx_word' id='word_1_587' title='bbox 2177 5610 2291 5664; x_wconf 83' lang='lat' dir='ltr'><strong>Ma-</strong></span> 
     </span>
    </p>
   </div>
   <div class='ocr_carea' id='block_1_99' title="bbox 722 5671 2296 5750">
    <p class='ocr_par' dir='ltr' id='par_1_99' title="bbox 722 5671 2296 5750">
     <span class='ocr_line' id='line_1_99' title="bbox 722 5671 2296 5750; baseline 0.008 -29"><span class='ocrx_word' id='word_1_588' title='bbox 722 5671 875 5750; x_wconf 69' lang='lat' dir='ltr'><strong>riauq</strong></span> <span class='ocrx_word' id='word_1_589' title='bbox 894 5671 1095 5727; x_wconf 81' lang='lat' dir='ltr'><strong>Pietate</strong></span> <span class='ocrx_word' id='word_1_590' title='bbox 1119 5674 1444 5750; x_wconf 63' lang='lat' dir='ltr'><strong>Gm&#39;corum,</strong></span> <span class='ocrx_word' id='word_1_591' title='bbox 1471 5694 1527 5730; x_wconf 91' lang='lat' dir='ltr'><strong>n.</strong></span> <span class='ocrx_word' id='word_1_592' title='bbox 1545 5679 1633 5730; x_wconf 82' lang='lat'><strong>97.</strong></span> <span class='ocrx_word' id='word_1_593' title='bbox 1660 5696 1678 5727; x_wconf 85' lang='grc'><strong><em>‹</em></strong></span> <span class='ocrx_word' id='word_1_594' title='bbox 1705 5671 1845 5732; x_wconf 69' lang='lat' dir='ltr'><strong>Mors</strong></span> <span class='ocrx_word' id='word_1_595' title='bbox 1859 5680 2017 5743; x_wconf 86' lang='lat' dir='ltr'><strong>cujus</strong></span> <span class='ocrx_word' id='word_1_596' title='bbox 2048 5682 2296 5749; x_wconf 73' lang='lat' dir='ltr'><strong>prmcipi-</strong></span> 
     </span>
    </p>
   </div>
   <div class='ocr_carea' id='block_1_100' title="bbox 724 5747 2296 5813">
    <p class='ocr_par' dir='ltr' id='par_1_100' title="bbox 724 5747 2296 5813">
     <span class='ocr_line' id='line_1_100' title="bbox 724 5747 2296 5813; baseline 0.01 -23"><span class='ocrx_word' id='word_1_597' title='bbox 724 5752 832 5792; x_wconf 81' lang='lat' dir='ltr'><strong>lt‘lll</strong></span> <span class='ocrx_word' id='word_1_598' title='bbox 863 5747 1117 5808; x_wconf 85' lang='lat' dir='ltr'><strong>impetum</strong></span> <span class='ocrx_word' id='word_1_599' title='bbox 1169 5747 1461 5813; x_wconf 82' lang='lat' dir='ltr'><strong>reprimere</strong></span> <span class='ocrx_word' id='word_1_600' title='bbox 1489 5750 1746 5801; x_wconf 50' lang='lat' dir='ltr'><strong>nullaircs</strong></span> <span class='ocrx_word' id='word_1_601' title='bbox 1775 5750 1971 5811; x_wconf 82' lang='lat' dir='ltr'><strong>potuit,</strong></span> <span class='ocrx_word' id='word_1_602' title='bbox 2003 5747 2066 5802; x_wconf 86' lang='lat' dir='ltr'><strong>ad</strong></span> <span class='ocrx_word' id='word_1_603' title='bbox 2102 5761 2151 5805; x_wconf 84' lang='lat' dir='ltr'><strong>te</strong></span> <span class='ocrx_word' id='word_1_604' title='bbox 2204 5747 2296 5806; x_wconf 86' lang='lat' dir='ltr'><strong>us-</strong></span> 
     </span>
    </p>
   </div>
   <div class='ocr_carea' id='block_1_101' title="bbox 724 5816 2295 5891">
    <p class='ocr_par' dir='ltr' id='par_1_101' title="bbox 724 5816 2295 5891">
     <span class='ocr_line' id='line_1_101' title="bbox 724 5816 2295 5891; baseline 0.01 -30"><span class='ocrx_word' id='word_1_605' title='bbox 724 5825 829 5880; x_wconf 85' lang='lat' dir='ltr'><strong>que</strong></span> <span class='ocrx_word' id='word_1_606' title='bbox 857 5816 1193 5881; x_wconf 78' lang='lat' dir='ltr'><strong>perveniens,</strong></span> <span class='ocrx_word' id='word_1_607' title='bbox 1219 5818 1447 5872; x_wconf 85' lang='lat' dir='ltr'><strong>attonita</strong></span> <span class='ocrx_word' id='word_1_608' title='bbox 1476 5820 1618 5873; x_wconf 80' lang='lat' dir='ltr'><strong>stetit</strong></span> <span class='ocrx_word' id='word_1_609' title='bbox 1648 5834 1661 5884; x_wconf 89' lang='lat'><strong>;</strong></span> <span class='ocrx_word' id='word_1_610' title='bbox 1706 5838 1723 5870; x_wconf 74' lang='grc' dir='ltr'><strong><em>ο</em></strong></span> <span class='ocrx_word' id='word_1_611' title='bbox 1752 5819 1803 5872; x_wconf 90' lang='lat' dir='ltr'><strong>id</strong></span> <span class='ocrx_word' id='word_1_612' title='bbox 1832 5832 1912 5875; x_wconf 77' lang='lat' dir='ltr'><strong>est</strong></span> <span class='ocrx_word' id='word_1_613' title='bbox 1942 5821 2138 5874; x_wconf 82' lang='lat' dir='ltr'><strong>intacta</strong></span> <span class='ocrx_word' id='word_1_614' title='bbox 2173 5837 2295 5891; x_wconf 83' lang='lat' dir='ltr'><strong>pcr-</strong></span> 
     </span>
    </p>
   </div>
   <div class='ocr_carea' id='block_1_102' title="bbox 2406 4804 3979 4881">
    <p class='ocr_par' dir='ltr' id='par_1_102' title="bbox 2406 4804 3979 4881">
     <span class='ocr_line' id='line_1_102' title="bbox 2406 4804 3979 4881; baseline 0.003 -19"><span class='ocrx_word' id='word_1_615' title='bbox 2406 4807 2508 4863; x_wconf 82' lang='grc' dir='ltr'>Ἐκ</span> <span class='ocrx_word' id='word_1_616' title='bbox 2532 4804 2641 4859; x_wconf 88' lang='grc' dir='ltr'>τοῦ</span> <span class='ocrx_word' id='word_1_617' title='bbox 2663 4807 2930 4875; x_wconf 75' lang='grc' dir='ltr'><strong>Κανόνας</strong></span> <span class='ocrx_word' id='word_1_618' title='bbox 2945 4810 3029 4874; x_wconf 80' lang='grc' dir='ltr'><strong>είς</strong></span> <span class='ocrx_word' id='word_1_619' title='bbox 3044 4810 3151 4881; x_wconf 74' lang='grc' dir='ltr'><strong>τὸν</strong></span> <span class='ocrx_word' id='word_1_620' title='bbox 3166 4809 3344 4881; x_wconf 13' lang='grc' dir='ltr'>ἅγιον,</span> <span class='ocrx_word' id='word_1_621' title='bbox 3353 4809 3623 4880; x_wconf 81' lang='grc' dir='ltr'>μάρτυρα</span> <span class='ocrx_word' id='word_1_622' title='bbox 3639 4811 3979 4881; x_wconf 65' lang='grc' dir='ltr'>Νεόφυτοι·,</span> 
     </span>
    </p>
   </div>
   <div class='ocr_carea' id='block_1_103' title="bbox 3010 4879 3366 4953">
    <p class='ocr_par' dir='ltr' id='par_1_103' title="bbox 3010 4879 3366 4953">
     <span class='ocr_line' id='line_1_103' title="bbox 3010 4879 3366 4953; baseline -0.003 -5"><span class='ocrx_word' id='word_1_623' title='bbox 3010 4880 3203 4953; x_wconf 73' lang='grc' dir='ltr'>ἡμέρα</span> <span class='ocrx_word' id='word_1_624' title='bbox 3255 4879 3366 4933; x_wconf 60' lang='grc' dir='ltr'><strong>παπ</strong></span> 
     </span>
    </p>
   </div>
   <div class='ocr_carea' id='block_1_104' title="bbox 2467 4986 3971 5059">
    <p class='ocr_par' dir='ltr' id='par_1_104' title="bbox 2467 4986 3971 5059">
     <span class='ocr_line' id='line_1_104' title="bbox 2467 4986 3971 5059; baseline -0.004 -13"><span class='ocrx_word' id='word_1_625' title='bbox 2467 4992 2715 5046; x_wconf 82' lang='grc' dir='ltr'>Τεκοῦσα</span> <span class='ocrx_word' id='word_1_626' title='bbox 2748 4993 2838 5045; x_wconf 80' lang='grc' dir='ltr'>τὸν</span> <span class='ocrx_word' id='word_1_627' title='bbox 2870 4989 3028 5059; x_wconf 77' lang='grc' dir='ltr'>φύσει</span> <span class='ocrx_word' id='word_1_628' title='bbox 3057 4986 3401 5057; x_wconf 79' lang='grc' dir='ltr'>Δημιουργδν</span> <span class='ocrx_word' id='word_1_629' title='bbox 3430 4987 3670 5049; x_wconf 55' lang='lat' dir='ltr'><strong>eorum;</strong></span> <span class='ocrx_word' id='word_1_630' title='bbox 3702 4986 3834 5058; x_wconf 86' lang='grc' dir='ltr'>ὅλην</span> <span class='ocrx_word' id='word_1_631' title='bbox 3869 4989 3971 5059; x_wconf 73' lang='grc' dir='ltr'>τὴν</span> 
     </span>
    </p>
   </div>
   <div class='ocr_carea' id='block_1_105' title="bbox 2396 5078 3976 5155">
    <p class='ocr_par' dir='ltr' id='par_1_105' title="bbox 2396 5078 3976 5155">
     <span class='ocr_line' id='line_1_105' title="bbox 2396 5078 3976 5155; baseline -0.003 -16"><span class='ocrx_word' id='word_1_632' title='bbox 2396 5086 2583 5139; x_wconf 77' lang='grc' dir='ltr'>οὐσίαν</span> <span class='ocrx_word' id='word_1_633' title='bbox 2622 5086 2729 5137; x_wconf 87' lang='grc' dir='ltr'><strong>τῶν</strong></span> <span class='ocrx_word' id='word_1_634' title='bbox 2765 5082 3035 5155; x_wconf 86' lang='grc' dir='ltr'>γηγενῶν·</span> <span class='ocrx_word' id='word_1_635' title='bbox 3068 5080 3149 5133; x_wconf 86' lang='grc' dir='ltr'>διό</span> <span class='ocrx_word' id='word_1_636' title='bbox 3181 5097 3241 5133; x_wconf 80' lang='grc' dir='ltr'><strong>σε</strong></span> <span class='ocrx_word' id='word_1_637' title='bbox 3287 5079 3495 5150; x_wconf 81' lang='grc' dir='ltr'>κυρίως</span> <span class='ocrx_word' id='word_1_638' title='bbox 3536 5078 3801 5132; x_wconf 86' lang='grc' dir='ltr'>Θεοτόκον</span> <span class='ocrx_word' id='word_1_639' title='bbox 3835 5081 3976 5150; x_wconf 83' lang='grc' dir='ltr'>ὀμο-</span> 
     </span>
    </p>
   </div>
   <div class='ocr_carea' id='block_1_106' title="bbox 2396 5172 3294 5245">
    <p class='ocr_par' dir='ltr' id='par_1_106' title="bbox 2396 5172 3294 5245">
     <span class='ocr_line' id='line_1_106' title="bbox 2396 5172 3294 5245; baseline -0.004 -17"><span class='ocrx_word' id='word_1_640' title='bbox 2396 5175 2683 5245; x_wconf 80' lang='grc' dir='ltr'>λυγοῦμεν,</span> <span class='ocrx_word' id='word_1_641' title='bbox 2729 5174 2969 5244; x_wconf 76' lang='grc' dir='ltr'>Παρυένε</span> <span class='ocrx_word' id='word_1_642' title='bbox 2990 5172 3294 5239; x_wconf 79' lang='grc' dir='ltr'>Θεόνυμφε.</span> 
     </span>
    </p>
   </div>
   <div class='ocr_carea' id='block_1_107' title="bbox 2474 5258 3973 5337">
    <p class='ocr_par' dir='ltr' id='par_1_107' title="bbox 2474 5258 3973 5337">
     <span class='ocr_line' id='line_1_107' title="bbox 2474 5258 3973 5337; baseline -0.005 -17"><span class='ocrx_word' id='word_1_643' title='bbox 2474 5268 2682 5336; x_wconf 81' lang='grc' dir='ltr'>’Ύμνον</span> <span class='ocrx_word' id='word_1_644' title='bbox 2707 5266 3060 5337; x_wconf 81' lang='grc' dir='ltr'>χαριστήριον</span> <span class='ocrx_word' id='word_1_645' title='bbox 3104 5261 3259 5330; x_wconf 76' lang='grc' dir='ltr'>γένος</span> <span class='ocrx_word' id='word_1_646' title='bbox 3312 5259 3518 5331; x_wconf 83' lang='grc' dir='ltr'>βροτῶν</span> <span class='ocrx_word' id='word_1_647' title='bbox 3549 5260 3637 5313; x_wconf 72' lang='grc' dir='ltr'><strong>ἀεὶ</strong></span> <span class='ocrx_word' id='word_1_648' title='bbox 3672 5258 3831 5328; x_wconf 79' lang='grc' dir='ltr'>νέμει</span> <span class='ocrx_word' id='word_1_649' title='bbox 3861 5278 3973 5327; x_wconf 85' lang='grc' dir='ltr'>σοι,</span> 
     </span>
    </p>
   </div>
   <div class='ocr_carea' id='block_1_108' title="bbox 2400 5353 3971 5430">
    <p class='ocr_par' dir='ltr' id='par_1_108' title="bbox 2400 5353 3971 5430">
     <span class='ocr_line' id='line_1_108' title="bbox 2400 5353 3971 5430; baseline -0.004 -16"><span class='ocrx_word' id='word_1_650' title='bbox 2400 5358 2599 5430; x_wconf 82' lang='grc' dir='ltr'>Μῆτερ</span> <span class='ocrx_word' id='word_1_651' title='bbox 2630 5358 2791 5425; x_wconf 84' lang='grc' dir='ltr'>Θεοῦ,</span> <span class='ocrx_word' id='word_1_652' title='bbox 2816 5358 2916 5429; x_wconf 79' lang='grc' dir='ltr'>τὴν</span> <span class='ocrx_word' id='word_1_653' title='bbox 2943 5355 3244 5411; x_wconf 83' lang='grc' dir='ltr'>ἀθανασίαν</span> <span class='ocrx_word' id='word_1_654' title='bbox 3267 5354 3356 5408; x_wconf 69' lang='grc' dir='ltr'><strong>διὰ</strong></span> <span class='ocrx_word' id='word_1_655' title='bbox 3380 5353 3473 5406; x_wconf 85' lang='grc' dir='ltr'>σοῦ</span> <span class='ocrx_word' id='word_1_656' title='bbox 3514 5353 3971 5423; x_wconf 80' lang='grc' dir='ltr'>κληρωσάμενον.</span> 
     </span>
    </p>
   </div>
   <div class='ocr_carea' id='block_1_109' title="bbox 2398 5605 3962 5677">
    <p class='ocr_par' dir='ltr' id='par_1_109' title="bbox 2398 5605 3962 5677">
     <span class='ocr_line' id='line_1_109' title="bbox 2398 5605 3962 5677; baseline -0.008 -12"><span class='ocrx_word' id='word_1_657' title='bbox 2398 5611 2647 5665; x_wconf 86' lang='lat' dir='ltr'><strong>mansisti</strong></span> <span class='ocrx_word' id='word_1_658' title='bbox 2679 5610 2747 5664; x_wconf 89' lang='lat' dir='ltr'><strong>ah</strong></span> <span class='ocrx_word' id='word_1_659' title='bbox 2774 5608 3001 5677; x_wconf 88' lang='lat' dir='ltr'><strong>originis</strong></span> <span class='ocrx_word' id='word_1_660' title='bbox 3026 5609 3205 5676; x_wconf 84' lang='lat' dir='ltr'><strong>culpa.</strong></span> <span class='ocrx_word' id='word_1_661' title='bbox 3238 5622 3361 5676; x_wconf 63' lang='lat' dir='ltr'><strong>qua:</strong></span> <span class='ocrx_word' id='word_1_662' title='bbox 3409 5615 3494 5661; x_wconf 89' lang='lat' dir='ltr'><strong>est</strong></span> <span class='ocrx_word' id='word_1_663' title='bbox 3524 5620 3673 5659; x_wconf 85' lang='lat' dir='ltr'><strong>mors</strong></span> <span class='ocrx_word' id='word_1_664' title='bbox 3706 5605 3962 5677; x_wconf 61' lang='lat' dir='ltr'><strong>quedam</strong></span> 
     </span>
    </p>
   </div>
   <div class='ocr_carea' id='block_1_110' title="bbox 2405 5672 3976 5746">
    <p class='ocr_par' dir='ltr' id='par_1_110' title="bbox 2405 5672 3976 5746">
     <span class='ocr_line' id='line_1_110' title="bbox 2405 5672 3976 5746; baseline -0.006 -10"><span class='ocrx_word' id='word_1_665' title='bbox 2405 5682 2701 5746; x_wconf 87' lang='lat' dir='ltr'><strong>spiritualis</strong></span> <span class='ocrx_word' id='word_1_666' title='bbox 2732 5681 2800 5733; x_wconf 90' lang='lat' dir='ltr'><strong>ab</strong></span> <span class='ocrx_word' id='word_1_667' title='bbox 2832 5672 3041 5733; x_wconf 62' lang='lat' dir='ltr'><strong>Kdamo</strong></span> <span class='ocrx_word' id='word_1_668' title='bbox 3073 5672 3129 5731; x_wconf 83' lang='lat' dir='ltr'><strong>in</strong></span> <span class='ocrx_word' id='word_1_669' title='bbox 3158 5672 3293 5737; x_wconf 78' lang='lat' dir='ltr'><strong>alios</strong></span> <span class='ocrx_word' id='word_1_670' title='bbox 3319 5692 3511 5730; x_wconf 90' lang='lat' dir='ltr'><strong>omnes</strong></span> <span class='ocrx_word' id='word_1_671' title='bbox 3527 5672 3804 5746; x_wconf 20' lang='lat' dir='ltr'><strong>Atranqua.</strong></span> <span class='ocrx_word' id='word_1_672' title='bbox 3842 5672 3976 5746; x_wconf 71' lang='lat' dir='ltr'><strong>Vide</strong></span> 
     </span>
    </p>
   </div>
   <div class='ocr_carea' id='block_1_111' title="bbox 2407 5744 3971 5815">
    <p class='ocr_par' dir='ltr' id='par_1_111' title="bbox 2407 5744 3971 5815">
     <span class='ocr_line' id='line_1_111' title="bbox 2407 5744 3971 5815; baseline -0.005 -10"><span class='ocrx_word' id='word_1_673' title='bbox 2407 5744 2466 5806; x_wconf 59' lang='grc' dir='ltr'><strong>ιδ.</strong></span> <span class='ocrx_word' id='word_1_674' title='bbox 2504 5752 2720 5804; x_wconf 77' lang='lat' dir='ltr'><strong>I’etrnnt</strong></span> <span class='ocrx_word' id='word_1_675' title='bbox 2769 5750 3053 5803; x_wconf 84' lang='lat' dir='ltr'><strong>Possinnm</strong></span> <span class='ocrx_word' id='word_1_676' title='bbox 3086 5749 3139 5801; x_wconf 93' lang='lat' dir='ltr'><strong>in</strong></span> <span class='ocrx_word' id='word_1_677' title='bbox 3192 5746 3459 5800; x_wconf 84' lang='lat' dir='ltr'><strong>Vincentio</strong></span> <span class='ocrx_word' id='word_1_678' title='bbox 3500 5744 3665 5807; x_wconf 83' lang='lat' dir='ltr'><strong>Victo,</strong></span> <span class='ocrx_word' id='word_1_679' title='bbox 3722 5760 3843 5815; x_wconf 86' lang='lat' dir='ltr'><strong>cap.</strong></span> <span class='ocrx_word' id='word_1_680' title='bbox 3881 5744 3971 5799; x_wconf 75' lang='grc'><strong>14.</strong></span> 
     </span>
    </p>
   </div>
   <div class='ocr_carea' id='block_1_112' title="bbox 2480 5816 3727 5891">
    <p class='ocr_par' dir='ltr' id='par_1_112' title="bbox 2480 5816 3727 5891">
     <span class='ocr_line' id='line_1_112' title="bbox 2480 5816 3727 5891; baseline -0.003 -19"><span class='ocrx_word' id='word_1_681' title='bbox 2480 5822 2611 5891; x_wconf 55' lang='grc' dir='ltr'>(τιν)</span> <span class='ocrx_word' id='word_1_682' title='bbox 2644 5822 2831 5876; x_wconf 60' lang='grc' dir='ltr'>Οιιευει</span> <span class='ocrx_word' id='word_1_683' title='bbox 2861 5820 2915 5874; x_wconf 85' lang='lat' dir='ltr'><strong>in</strong></span> <span class='ocrx_word' id='word_1_684' title='bbox 2940 5820 3223 5890; x_wconf 76' lang='lat' dir='ltr'><strong>impreSsis</strong></span> <span class='ocrx_word' id='word_1_685' title='bbox 3260 5817 3477 5873; x_wconf 70' lang='lat' dir='ltr'><strong>illcnaris</strong></span> <span class='ocrx_word' id='word_1_686' title='bbox 3506 5816 3727 5871; x_wconf 82' lang='lat' dir='ltr'><strong>desunt.</strong></span> 
     </span>
    </p>
   </div>
  </div>
