4164 6456
168 422 307 489 1053

1566 433 1929 494 MARIALE.

3276 429 3409 493 1051

247 537 542 601 Ἑκουσίως
572 541 960 611 πτωχεύσαντα
1008 542 1223 614 πλούτῳ
1266 544 1604 616 ἁγαθὸτητος
1638 548 1729 599 τὸν

1908 545 2330 612 Snperdivinum
2372 544 2545 609 illum,
2570 545 2662 613 qui
2710 552 2902 614 Sponte
2950 541 3125 596 factus
3163 553 3245 595 est
3276 561 3409 611 νηη-

163 631 456 700 ὖπέρθεον,
490 634 740 699 Θεοτόκε,
774 634 1113 705 ἀπεκύησας,
1148 637 1247 708 τὴν
1269 638 1428 706 ἡμῶν
1462 637 1737 707 πτωχείαν

165 725 631 794 κατοικτείροντα.

213 815 316 893 ’Τὸ
344 814 449 884 πρὸ
474 816 691 869 πάντων
722 817 954 883 αἰώνων,
981 818 1142 888 κόρη,
1169 820 1571 890 παναμὼμητε,
1599 821 1739 875 θεῖον

169 907 468 977 μυστήριον
518 908 969 979 ἀωκεκρυμένον
1003 912 1092 964 διὰ
1148 912 1241 964 σοῦ
1291 912 1596 982 ἐγνωρίσθη
1629 915 1740 976 τοῖς

167 998 424 1067 πέρασιν,
450 1001 478 1050 ὁ
510 1001 657 1065 Υἱὸς,
700 1003 791 1054 καὶ
822 1003 994 1070 Λόγος
1015 1005 1043 1055 δ
1071 1004 1165 1057 τοῦ
1196 1006 1331 1058 Θεοῦ
1362 1006 1499 1076 σὰρξ
1521 1022 1741 1076 χρημα-

166 1089 327 1153 τίσας
350 1093 445 1143 καὶ
468 1090 697 1159 θεὼσας,
730 1095 996 1165 Παρθένε,
1027 1095 1117 1148 τὸν
1147 1097 1453 1168 ἄνθρωπον.

253 1264 682 1338 ’Υπέρλαμπρος
714 1269 1031 1341 ἀνεδείχθης
1061 1272 1303 1343 καθέδρα
1348 1272 1612 1341 βασιλέως
1649 1272 1744 1325 οὐ·

172 1357 361 1425 ρανίου
387 1359 650 1428 Παρθένε,
679 1362 738 1413 ἐν
833 1364 995 1431 σαρκὶ
1025 1363 1372 1417 ἀνεπαύσατο
1402 1363 1594 1429 θέλων,
1648 1369 1743 1419 καί

168 1445 265 1503 τὸν
304 1448 473 1501 πολὺν
499 1449 653 1518 ἡμῶν
672 1451 840 1505 κόπον
870 1454 1150 1521 ἀφείλατο,
1182 1455 1277 1507 καὶ
1305 1455 1487 1523 ἵδρυσε
1519 1456 1594 1524 τῷ
1626 1473 1732 1508 πα-

168 1543 366 1610 τρικῷ,
396 1540 472 1605 ὡς
504 1542 795 1612 ηὐδόκησε,
832 1543 1005 1615 θρόνῳ
1025 1547 1114 1599 τὸν
1132 1546 1436 1616 ἄνθρωπον.

251 1721 461 1793 Ὠφθης
478 1722 723 1791 ἀγγέλων
741 1724 936 1793 ὑπερτέ
948 1742 1034 1794 ρα,
1049 1724 1241 1795 βἰυλῆς
1272 1727 1338 1778 ’Λ
1355 1727 1549 1794 γγελον
1580 1745 1749 1796 μεγα-

172 1814 273 1883 λης
311 1820 585 1882 τετοκυῖα,
616 1817 844 1870 Θεοτὸκε
877 1817 1036 1887 ἁγνὴ,
1085 1812 1128 1886 ᾧ
1152 1821 1350 1882 πάντες
1378 1819 1745 1889 μελ.ῳδοῦμεν.

173 1906 482 1977 Εὐλογητὸς
510 1905 580 1977 εί,
612 1910 784 1980 Κύριε
820 1911 848 1963 ὁ
880 1909 1034 1975 Θεὸς,
1068 1912 1145 1973 εἰς
1186 1912 1311 1973 τοὺς
1348 1912 1572 1974 αἰῶνας.

247 2089 386 2142 Νέον
418 2090 627 2143 παιδίον
649 2090 1003 2157 τέτοκας,τὸν
1034 2092 1137 2160 πρὸ
1168 2092 1352 2164 πάσης
1381 2094 1491 2164 τῆς
1511 2096 1742 2161 κτίσεως

173 2181 353 2247 φύντα
404 2183 468 2233 ἐκ
518 2183 727 2253 Πατρὸς
791 2183 1231 2253 ἀνερμηνεύτως,
1282 2187 1545 2254 πάναγνε·
1583 2190 1747 2242 αὑτὸν

174 2262 269 2320 οὖν
330 2268 541 2320 ἱκέτευε
588 2268 968 2321 παλαιωθέντα
1014 2270 1317 2341 πταίσμασι
1376 2273 1472 2326 νῦν
1521 2276 1749 2329 ἀνακαι-

176 2358 325 2411 νίσαι
357 2358 453 2410 καὶ
490 2356 697 2426 βοῶντα
749 2374 815 2426 με
856 2358 1047 2412 σῶσαι·
1080 2361 1142 2411 Οἱ
1198 2360 1407 2425 παῖδες,
1450 2362 1745 2429 εὐλογεῖτε·

180 2449 692 2519 ὶερεῖς,ἀνυμνεῖτε·
716 2450 867 2515 λαὸς,
890 2450 1233 2522 ὐπερυψοῦτε
1257 2453 1491 2524 Χριστὸν
1513 2458 1592 2519 είς
1621 2458 1745 2521 τοὺς

182 2555 385 2598 αιωνας
392 2579 405 2593 .

250 2630 322 2681 Σὺ
349 2630 588 2699 φέρουσα
614 2624 815 2701 οἷάπερ
845 2631 1001 2694 λαὸὶς
1023 2632 1113 2684 τὸν
1137 2634 1409 2702 οὖράνιον,
1441 2632 1745 2705 Θεόνυμφε,

184 2720 452 2788 ἄνθρακα,
497 2720 566 2771 τα
604 2720 932 2790 φρυγανώδη
970 2740 1071 2790 μου
1119 2724 1346 2792 καρδίας
1393 2724 1538 2794 πάοη
1578 2728 1749 2778 κατα-

186 2806 376 2873 φλεξον
408 2808 500 2859 καὶ
528 2808 628 2875 τῆς
652 2809 877 2878 γεέννης
910 2810 1004 2862 τοῦ
1034 2811 1201 2881 πυρὸς
1230 2811 1507 2881 λύτρωσαί
1541 2831 1606 2884 με
1636 2815 1750 2869 δέοι-

187 2913 304 2965 μαί,
337 2896 427 2949 ῖνα
460 2897 667 2962 δοξάςω
704 2914 761 2950 σε
799 2898 897 2969 τὴν
945 2899 1135 2953 ἐλπίδα
1188 2900 1294 2953 τῶν
1330 2901 1560 2967 πιστῶν,
1607 2922 1747 2957 παν-

186 2988 476 3056 αμώμητε.

197 3079 289 3132 Ἐκ
316 3077 422 3134 τοῦ
449 3081 722 3145 Κανόνας
746 3081 829 3158 είς
850 3082 961 3158 τὼς
989 3081 1160 3158 ἅγιον
1179 3082 1450 3152 μάρτυρα
1488 3086 1750 3158 Ἄγαθάγ-

692 3154 893 3218 γελον,
930 3151 1119 3219 ἡμέρᾳ
1146 3159 1254 3217 κγ’.

257 3258 627 3329 Σαρκωθὲντα
679 3259 881 3329 Κύριον
956 3259 1023 3312 δι’
1082 3261 1486 3330 εὐσπλαγχνίαν
1544 3262 1751 3333 ἄφατον

187 3350 449 3421 ἑκύησας,
509 3349 772 3421 Παρθένε,
802 3351 862 3403 ὃν
922 3352 1323 3418 Ἀγαθάγγελος
1372 3354 1617 3424 ποθήσας
1648 3356 1752 3420 ἔξω

188 3444 389 3512 σαρκὸς
420 3442 666 3512 γέγονεν,
692 3442 928 3514 ἀθλήσας
950 3445 1288 3515 παραδόξως,
1328 3447 1447 3516 μεθ’
1471 3441 1532 3500 οὒ
1561 3448 1751 3518 ὑμνοῦ-

189 3535 285 3604 μέν
320 3550 403 3587 σε.

259 3627 325 3678 Ὠ
356 3625 665 3694 παραδόξου
702 3625 1047 3697 μυστηρίου,ί
1078 3628 1202 3691 Πῶς
1228 3631 1258 3698 ἠ
1313 3630 1587 3703 Παρθένος
1618 3633 1752 3686 πλα-

184 3720 385 3788 τυτέρα
406 3718 516 3770 τῶν
545 3718 790 3785 οὐρανῶν
818 3718 1052 3788 ἐδείχθη,
1082 3721 1139 3771 ὲν
1163 3721 1316 3791 νηδύϊ
1339 3724 1429 3775 τὸν
1464 3726 1751 3796 ἀπεριόρι-

188 3825 311 3862 στον
337 3810 797 3879 ἀστενοχωρήτως
825 3815 1113 3881 κυήσασα;

255 3992 650 4063 Μακαρίζομέν
689 4010 749 4045 σε
789 3994 896 4055 ἀεὶ,
930 3993 1241 4064 Θεοκυῆτορ
1286 3976 1649 4068 εὐλογημένη,
1685 3999 1753 4053 δι’

186 4079 251 4156 ἦς
284 4086 442 4152 δόξης
464 4084 797 4154 ἠξιώθημεν,
816 4087 930 4138 ικαὶ
958 4086 1049 4138 τὸν
1097 4085 1228 4157 πρὶν
1269 4086 1645 4157 ,Παράδεισοη
1696 4092 1753 4144 ὃν

187 4177 574 4247 ἀπωλέσαμεν,
611 4178 974 4246 ὰπελάϐομεν.
1604 4188 1609 4193 ’

266 4269 535 4339 Ῥυομένη
566 4270 787 4339 φάνηθι,
820 4269 1184 4340 ἀπειρόγαμε,
1226 4271 1434 4336 πάντας
1464 4272 1609 4342 ἡμᾶς
1638 4290 1755 4327 πει-

188 4364 417 4434 ρασμῶν
454 4382 514 4416 τε
564 4365 660 4417 καὶ
710 4362 989 4428 κινδύνων,
1025 4364 1119 4417 καὶ
1161 4362 1393 4434 θλίψεων
1448 4366 1574 4429 τοὺς
1605 4368 1753 4438 πόθῳ

189 4456 493 4527 ὑμνοῦντας
529 4474 609 4511 σε.

1773 3224 1820 3288 C

1840 653 1934 707 per
1965 637 2032 687 nh
2062 638 2278 691 divitias
2308 636 2567 691 bonitatis
2603 652 2744 700 sunt,
2777 635 3057 705 peperisti,
3090 649 3122 688 0
3146 632 3400 703 Deipara,

1838 740 2209 799 paupertatem
2239 740 2481 783 nostram
2513 727 2986 783 commiscratum.

1910 821 2229 892 Mysteiinm
2293 822 2420 876 illud
2480 821 2749 883 divinum,
2794 827 2918 873 ante
2972 818 3154 873 omnia
3208 817 3407 873 saecula

1842 916 2243 973 ahSeonditnm,
2264 929 2357 983 per
2384 924 2434 967 te
2457 912 2734 981 cognitum
2766 919 2848 964 est
2874 911 2938 963 ab
2963 912 3219 965 omnibus
3253 920 3413 963 terrae

1844 1003 2062 1066 linibus,
2109 1016 2141 1053 o
2190 1000 2352 1068 Virgo
2416 1000 2589 1066 puella
2639 997 3146 1051 immaculatissima
3182 1016 3194 1050 :
3234 995 3407 1049 Filius

1845 1094 2055 1148 scilicet
2087 1102 2215 1146 tuus
2247 1100 2301 1145 et
2331 1089 2564 1144 Verbum
2589 1090 2701 1156 Dei,
2731 1089 2877 1159 quod
2899 1103 3029 1143 caro
3068 1087 3268 1142 factum
3294 1099 3401 1151 est,

1846 1191 2010 1251 atque
2037 1184 2313 1237 hominem
2346 1181 2637 1235 deiﬁcavit.

1917 1273 2274 1328 Lucidissima
2308 1272 2551 1327 caelestis
2588 1270 2744 1340 regis
2791 1271 3048 1324 cathedra
3085 1268 3229 1325 facta
3271 1285 3352 1333 es,
3382 1286 3415 1323 ο

1848 1363 2031 1433 Virgo,
2066 1364 2118 1417 in
2146 1378 2252 1432 qua
2282 1363 2596 1416 incarnatus
2621 1369 2813 1428 sponte
2839 1360 3126 1428 requievit,
3149 1370 3203 1413 et
3225 1361 3416 1415 abstu-

1849 1456 1907 1509 lit
1937 1456 2161 1509 multam
2194 1454 2569 1509 lassitudinem
2614 1461 2893 1518 nostram;
2939 1459 3102 1520 atque
3138 1454 3412 1505 hominem

1849 1547 1902 1600 in
1964 1557 2194 1615 paterno
2249 1546 2468 1609 throno,
2525 1544 2987 1614 quemadmodum
3037 1542 3144 1597 sibi
3185 1544 3412 1613 placuit,

1853 1640 2161 1693 collocavit.

1924 1731 2222 1784 Sublimior
2246 1728 2454 1798 angelis
2479 1726 2797 1796 apparuisti,
2829 1725 3007 1793 magni
3035 1724 3249 1780 consilii
3302 1725 3415 1778 Au-

1854 1823 2234 1891 gtlumcuixa,
2283 1836 2315 1876 o
2355 1831 2506 1885 casta
2542 1818 2768 1887 Deipara
2798 1858 2813 1883 ,
2868 1818 2957 1870 cui
2998 1832 3193 1870 omnes
3229 1818 3417 1868 lllUtlU-

1776 1896 1821 1955 Β
1850 1915 2024 1968 iantes
2056 1915 2305 1968 canimus
2346 1929 2359 1966 :
2397 1911 2721 1966 Benedictus
2762 1924 2845 1977 es,
2879 1910 3105 1963 Domine
3147 1908 3314 1974 Deus,
3364 1908 3417 1960 in

1850 2004 2079 2061 saecula.

1920 2095 2128 2149 Novum
2160 2108 2385 2164 puerum
2415 2091 2696 2163 peperisti,
2729 2105 2762 2146 ο
2784 2090 3119 2152 castissima,
3152 2091 3243 2160 qui
3286 2100 3412 2145 ante

1850 2203 2067 2243 onmem
2092 2196 2396 2242 creaturam
2433 2182 2773 2238 inelTabiliter
2820 2193 2983 2236 natus
3011 2193 3093 2236 est
3122 2198 3186 2236 ex
3235 2184 3416 2237 Patre.

1849 2278 2031 2349 Ipsum
2055 2291 2186 2347 ergo
2215 2290 2360 2329 nunc
2398 2275 2713 2343 deprecare,
2743 2282 2803 2327 ut
2831 2288 2915 2326 me
2941 2273 3177 2339 peccatis
3208 2275 3413 2329 invete-

1850 2384 2025 2424 ratum
2052 2378 2363 2430 renovet,et
2388 2365 2607 2420 salvum
2634 2364 2819 2428 faciat,
2840 2364 2964 2417 dum
2994 2366 3171 2419 clamo
3195 2381 3209 2419 :
3239 2366 3421 2429 Pueri,

1850 2464 2150 2519 benedicite
2172 2479 2186 2525 ;
2209 2461 2539 2523 sacerdotes,
2561 2459 2777 2514 laudate
2802 2477 2816 2525 ;
2836 2459 3090 2529 populus,
3111 2461 3423 2529 superexal-

1848 2563 1965 2610 tate
1993 2554 2274 2609 Christum
2317 2552 2369 2605 in
2405 2551 2627 2607 Saecula.

1922 2643 2028 2709 Tu,
2062 2658 2095 2698 o
2130 2642 2219 2698 Dei
2246 2658 2466 2711 sponsa,
2506 2656 2628 2710 qua:
2674 2639 2822 2694 velut
2884 2639 3096 2709 forceps
3139 2641 3418 2697 cmlestcm

1850 2739 2147 2794 carbonem
2180 2734 2430 2806 portasti,
2461 2734 2753 2788 fruticosas
2776 2732 2959 2787 cordis
2994 2734 3100 2786 mei
3132 2734 3416 2803 passiones

1848 2830 2139 2896 combure;
2166 2839 2218 2883 ct
2251 2828 2318 2882 ab
2349 2829 2471 2897 igne
2505 2826 2787 2896 gehennae,
2814 2840 3026 2894 qumso,
3051 2825 3220 2880 libera
3243 2832 3425 2890 me,ut

1851 2922 2146 2990 glorilieem
2180 2929 2231 2975 te
2266 2935 2417 2989 Spem
2468 2917 2734 2984 ﬁdelium,
2772 2930 2804 2971 ο
2832 2916 2979 2971 omni
3023 2915 3182 2970 laude
3207 2915 3423 2986 dignis-

1852 3015 2012 3069 sima.

1849 3104 1933 3159 Ex
1957 3104 2169 3160 Canone
2195 3104 2249 3157 in
2279 3102 2338 3158 S.
2365 3100 2811 3172 Agathangclum,
2851 3109 3173 3169 martyrem,
3212 3097 3296 3152 die
3328 3097 3420 3151 25.

3424 2227 3440 2265 9

1924 3278 2269 3333 lncarnatnm
2298 3276 2368 3330 ob
2403 3274 2731 3329 ineﬂ‘abilem
2758 3274 3009 3344 pietatem
3035 3288 3190 3328 suam
3227 3270 3417 3325 Domi-

1856 3390 1979 3427 num
2013 3371 2289 3442 peperisti,
2324 3386 2356 3424 o
2387 3368 2573 3440 Virgo,
2606 3384 2765 3438 quem
2790 3368 3192 3438 Agathangelus
3219 3383 3426 3421 concu-

1854 3466 2094 3535 piscens,
2120 3480 2149 3519 e
2173 3479 2337 3519 carne
2366 3464 2532 3517 exivit
2554 3471 2674 3529 post
2698 3461 3077 3515 admirandum
3104 3469 3381 3515 certamen
3407 3499 3422 3524 ,

1855 3573 1977 3611 cum
2018 3573 2127 3626 quo
2155 3568 2205 3610 te
2227 3556 2623 3611 collaudamus.

1924 3649 1968 3703 Ο
1999 3647 2319 3702 admirabile
2360 3646 2675 3716 mysterium
2706 3646 2719 3699 !
2756 3642 3041 3710 Quomodo
3089 3641 3256 3713 Virgo
3301 3658 3427 3713 spa-

1856 3741 2045 3796 tiosior
2081 3740 2234 3795 coelis
2286 3738 2426 3794 facta
2480 3748 2582 3802 est,
2649 3737 2967 3806 concipiens
3000 3738 3051 3790 in
3092 3737 3275 3804 utero:
3309 3735 3429 3790 sine

1857 3835 1965 3888 ulla
1997 3834 2367 3887 coarctatione
2389 3830 2492 3901 57
2523 3832 2674 3885 illum
2706 3830 2798 3901 qui
2832 3831 2983 3883 nullo
3024 3830 3260 3883 termino
3287 3842 3424 3883 con-

1854 3926 1997 3982 cludi
2034 3924 2354 3979 autdeﬁniri
2394 3922 2605 3993 potest?

1928 4016 2153 4086 Semper
2182 4026 2231 4069 te
2258 4015 2653 4076 beatiﬁcamus,
2674 4027 2707 4066 o
2738 4011 2830 4067 Dei
2852 4012 3093 4066 Genitrix
3118 4011 3435 4076 benedicta,-

1855 4121 1950 4175 per
1974 4121 2135 4175 quam
2174 4104 2344 4174 gloria
2394 4103 2541 4173 digni
2575 4101 2702 4155 farti
2738 4117 2948 4165 sumus,
3000 4111 3052 4155 et
3087 4101 3406 4155 Paradisum

1858 4198 2006 4252 illum
2039 4196 2348 4264 antiquum,
2381 4209 2540 4263 quem
2574 4193 2958 4255 amiseramus,
2984 4191 3311 4261 recepimus.

1926 4288 2160 4345 Ostende
2180 4296 2251 4348 te,
2273 4302 2304 4340 o
2334 4285 2499 4354 Virgo
2519 4286 2768 4353 innupta,
2804 4284 3164 4337 liberatricem
3183 4283 3427 4336 omnium

1855 4391 2105 4437 nostrum
2126 4395 2152 4431 a
2175 4377 2586 4441 tentationibus,
2612 4376 2938 4445 periculiset
2960 4374 3427 4442 tribulationibus,

1856 4473 1984 4526 dum
2030 4480 2079 4525 te
2110 4487 2232 4525 cum
2269 4469 2461 4522 allec-tu
2506 4465 2902 4521 collaudamus.

267 4548 570 4617 Ῥᾳθυμίαν
617 4547 785 4601 ὕπνου
817 4546 1189 4619 θανατηφόρου
1228 4550 1556 4618 ἀπάλλαξον,
1590 4552 1747 4623 ἁγνὴ,

1928 4564 2122 4617 Libera
2154 4579 2259 4625 me,
2294 4577 2325 4614 ο
2361 4570 2530 4624 casta,
2556 4558 2883 4613 amortil'ero
2915 4556 3256 4626 negligentiae
3282 4570 3428 4609 som-

187 4641 281 4693 καὶ
306 4640 443 4710 πρὸς
469 4639 683 4703 ἰνθέους
718 4643 1012 4710 γρηγορεῖν
1046 4658 1114 4710 με
1163 4640 1382 4710 ὕμνους,
1438 4645 1532 4697 καὶ
1582 4645 1754 4707 καλὰς

187 4732 448 4803 ἐργασίας
510 4731 814 4801 ἐνίσχυσον,
859 4733 1152 4801 Δέσποινα,
1195 4733 1283 4786 ἵνα
1330 4736 1479 4806 πόοῳ
1527 4737 1754 4807 ὑμνολο-

186 4822 265 4890 γῶ
294 4840 377 4876 σε.

267 4912 699 4982 ’Δνερμηνεύτου
728 4913 884 4982 λόγος
920 4916 1191 4987 ἐδείχθης,
1242 4920 1505 4990 Παρθένε,
1547 4936 1749 4990 μυστη-

191 5005 327 5074 ρίου.
359 5004 493 5057 Θεὸν
538 5006 644 5076 γὰρ
676 5007 733 5059 ὲν
766 5008 933 5060 πᾶσιν
975 5008 1103 5061 ὂντα
1140 5010 1421 5079 ἁχώρητον
1454 5014 1755 5081 ἀστενοχω-

189 5100 365 5166 ρήτως
412 5099 630 5165 χωρεῖς,
692 5098 787 5151 καὶ
838 5101 1061 5163 τίκτεις,
1105 5103 1196 5153 καὶ
1250 5103 1443 5169 μαςοῖς
1495 5102 1750 5172 ἔθρεψας,

188 5189 517 5259 βουληθέντα
549 5192 884 5260 οἱκτειρῆσαι
918 5193 1063 5261 ἡμᾶς
1090 5193 1213 5255 τοὺς
1249 5194 1511 5247 Θεοτόκον
1532 5212 1589 5247 σε
1622 5198 1753 5265 ὁμου

184 5279 498 5349 λαγοῦ-ηας.

265 5375 519 5443 ’ἰσχυρὰν
555 5374 916 5446 παράκλησιν,
947 5378 1039 5430 καὶ
1072 5378 1502 5449 ἁκαταίσχυντον
1535 5380 1748 5443 ἐλπίδα,

184 5466 364 5533 τεῖχος
392 5464 839 5534 ἀπροσμάχητον,
890 5468 981 5519 καὶ
1016 5466 1166 5519 θείαν
1193 5469 1539 5537 προστασίαν
1570 5472 1598 5522 ὁ
1624 5472 1750 5533 λαός

182 5570 275 5606 σου
296 5554 411 5624 ἔχει
438 5570 517 5617 σε,
546 5554 574 5607 ὅ
601 5571 664 5606 σε
711 5555 969 5620 δοξάζων,
1015 5556 1282 5625 Παρθένε,
1317 5559 1412 5612 καὶ
1448 5560 1751 5630 σωζόμενος

179 5645 374 5715 κράζει
424 5645 805 5715 ἐμμελέστατα
835 5664 849 5679 ·
881 5648 1186 5719 Εὑλοτεῖτε,
1212 5650 1279 5703 τά
1326 5650 1461 5721 ἔργα
1515 5653 1745 5724 Κυρίου,

180 5736 477 5801 ἀπαύστως
499 5735 589 5789 τὸν
614 5738 834 5809 Κύριον.

1856 4671 1959 4719 ηο;
1994 4664 2047 4709 et
2077 4654 2371 4707 corrobora
2427 4665 2533 4711 me,
2582 4649 2835 4715 Domina,
2879 4647 2945 4701 ad
2982 4648 3317 4715 vigilandum
3367 4646 3421 4699 in

1855 4743 2072 4814 hymnis
2096 4741 2316 4805 divinis,
2350 4754 2413 4793 ac
2436 4737 2593 4793 bonis
2615 4737 2894 4808 operibus,
2922 4743 2980 4789 ut
3003 4750 3126 4790 cum
3154 4733 3351 4789 aﬂcctu
3378 4743 3429 4787 te

1854 4831 2080 4887 laudare
2113 4832 2343 4885 valeam.

1926 4924 2324 4992 lnexplicatiilis
2352 4920 2593 4992 mysterii
2622 4918 2849 4974 verbum
2881 4918 3023 4973 facta
3050 4932 3130 4983 es,
3158 4932 3190 4971 ο
3226 4915 3430 4983 Virgo;

1855 5015 2020 5068 Deum
2056 5017 2201 5068 enim
2259 5015 2353 5083 qui
2392 5015 2445 5067 in
2485 5013 2742 5067 omnibus
2774 5019 2855 5065 est
2896 5008 3425 5077 incomprehensibi—

1852 5105 1937 5169 lis,
1968 5106 2083 5159 sine
2111 5106 2483 5159 co:irctatione
2505 5100 2991 5171 comprehendisti,
3034 5114 3099 5152 ac
3136 5098 3441 5167 peperisti,’

1852 5208 2017 5266 atque
2056 5198 2317 5251 uberibus
2341 5195 2638 5257 nutrivisti,
2686 5208 2810 5247 cum
2862 5191 3123 5246 voluisset
3169 5190 3417 5246 misereri

1852 5291 2045 5354 nostri,
2070 5289 2239 5359 quite
2270 5287 2567 5356 Deiparam
2591 5286 2937 5339 conﬁtemur.
3445 5334 3461 5381 ι

1923 5382 2158 5452 Populus
2190 5391 2334 5444 tuus,
2369 5376 2605 5447 oVirgo,
2630 5376 2724 5446 qui
2768 5374 3038 5445 gloriﬁcat
3069 5383 3141 5438 tc,
3178 5372 3339 5426 habet
3376 5380 3428 5427 te
3445 5372 3471 5415 ’-

1850 5474 2082 5527 validam
2113 5470 2540 5534 advocationem,
2570 5479 2624 5523 et
2647 5467 3098 5530 consolationem,
3124 5480 3276 5533 spem
3301 5479 3425 5533 quae

1852 5583 1956 5620 nnn
1993 5564 2365 5625 confunditur,
2397 5576 2614 5615 murum
2652 5559 2744 5629 qui
2802 5575 2911 5613 non
2939 5566 3113 5625 potest
3139 5554 3424 5625 expugna-

1852 5658 1917 5719 ri,
1947 5666 1999 5710 et
2028 5654 2416 5723 protectionem
2458 5651 2722 5717 divinam,
2752 5660 2807 5706 et
2838 5650 3070 5705 salutem
3105 5655 3418 5708 assecutus,

1850 5748 2047 5799 clamat
2106 5744 2445 5798 suavissimis
2489 5742 2749 5797 vocibus:
2807 5740 3123 5797 Benedicite
3174 5752 3419 5807 semper,

1854 5854 2012 5908 ηοω
2049 5836 2278 5903 Ιὶυιιιίιιί,
2325 5835 2636 5893 Damiano].
