4164 6456
714 406 848 472 1055

1805 407 1865 465 S.
1908 401 2215 465 JOSEPIII
2259 396 2817 461 IlYMNOGRAPIII

3813 387 3951 447 1056

784 520 1043 574 Munilum
1090 519 1387 581 illuminas,
1438 530 1469 569 ο
1520 522 1834 587 purissima,
1892 518 2067 572 lucem
2100 517 2273 570 elfun—

2446 512 2704 575 Φωτὶζεις
2744 508 2835 561 τὸν
2895 508 3120 576 κόσμον,
3151 504 3481 556 ivuenum
3523 505 3582 555 τὸ
3640 502 3778 569 φῶς,
3818 519 3958 551 πῖν-

705 610 864 671 dens,
899 625 1020 677 qua!
1058 616 1182 660 ante
1224 608 1423 660 saecula
1463 622 1527 660 ex
1571 606 1729 660 Patre
1771 622 1933 677 supra
1963 607 2161 659 mentis
2188 621 2278 658 ca-

707 709 879 769 ptum,
916 700 1245 753 ceruscavit.
1284 699 1408 751 Ideo
1438 698 1615 751 clamo
1645 697 1711 751 ad
1745 708 1797 752 te
1834 715 1847 751 :
1890 698 2110 766 Expelle
2133 706 2281 750 tene-

707 796 834 844 hras
874 790 1310 843 tnrlntlcntarum
1376 790 1767 857 cogitationum
1802 803 1832 843 e
1864 790 2029 845 corde
2058 802 2201 851 meo,
2230 796 2289 841 ut

711 894 781 949 te,
813 900 846 939 ο
874 893 1046 947 casta,
1084 881 1311 936 laudare
1344 882 1571 950 possim.

2381 605 2602 674 άμωμε,
2640 603 2697 654 τὸ
2728 601 2950 668 λάμψαν
2978 600 3084 669 πρὸ
3112 596 3324 650 αἰώνων
3353 598 3417 649 ἑκ
3447 596 3537 648 τοῦ
3572 596 3781 663 Ila-.9”;
3812 595 3957 660 ὑπὲρ

2384 696 2529 747 νοῦν.
2560 695 2670 745 Διὰ·
2685 692 2844 744 τοῦτό
2875 708 2956 743 σοι
2982 691 3111 759 βοῶ·
3137 690 3210 741 Τὸ
3241 688 3435 750 σκότος
3462 686 3758 747 ἀπέλαϐον,
3790 686 3956 751 ἁγνὴ,

2386 788 2451 839 ὲκ
2480 788 2577 854 τῆς
2607 784 2745 854 ἐμῆς
2790 784 3013 855 καρδίας
3046 783 3154 835 τῶν
3192 782 3442 835 ἀτάκτων
3468 778 3769 847 λογισμῶν,
3810 777 3961 836 ὅπως

2390 878 2616 948 ἀνυμνῶ
2648 895 2728 935 σε.

1296 994 1452 1063 (50")
1481 994 1563 1048 Ea:
1631 996 1845 1052 Conone
1875 999 1928 1050 in
1957 994 2057 1049 SS.
2106 994 2414 1059 Claudium,
2456 997 2722 1049 Asterium
2749 1004 2797 1049 et
2840 994 3097 1058 Nconem,
3153 994 3239 1047 die
3258 992 3349 1047 26.

776 1102 1293 1183 lnell'abili'prorsus
1325 1113 1486 1167 modo
1524 1112 1759 1166 Verbum
1784 1113 2105 1167 continuisti
2136 1114 2291 1167 simi-

708 1208 759 1262 le
793 1208 952 1261 nobis
976 1208 1175 1261 factum
1202 1217 1423 1275 propter
1451 1220 1721 1259 summam
1748 1204 2041 1257 bonitatem
2066 1220 2079 1267 ;
2126 1214 2291 1274 atque

711 1299 843 1353 illud
883 1297 1022 1351 idem
1058 1297 1109 1350 in
1146 1296 1364 1351 duabus
1394 1296 1789 1357 voluntatibus,
1823 1304 1989 1362 atque
2027 1310 2133 1348 una
2171 1310 2286 1363 per-

712 1394 1007 1445 siina'vere
1038 1390 1297 1459 peperisti
1326 1408 1337 1443 :
1367 1399 1657 1458 prepterea
1688 1397 1742 1441 te
1787 1387 1879 1441 Dei
1924 1386 2151 1441 Matrem
2185 1387 2285 1440 im-

712 1483 1043 1537 maculatam
1086 1492 1251 1551 atque
1299 1480 1638 1545 inviolatam,
1669 1496 1702 1535 ο
1730 1480 1916 1551 Virgo,
1963 1480 2286 1550 pronuntia-

713 1590 860 1630 "HIS.

784 1667 894 1737 58
936 1665 1204 1737 llymnum
1250 1665 1302 1719 in
1347 1667 1647 1735 gratiarum
1693 1665 1963 1717 actionem
1996 1662 2092 1716 tibi
2128 1662 2287 1717 olTert

715 1776 887 1828 genus
931 1760 1254 1822 lmmanum,
1291 1760 1436 1829 quod
1486 1774 1576 1828 per
1606 1767 1657 1812 te
1699 1756 2161 1810 innnortalitatem
2193 1771 2281 1811 ac-

715 1852 858 1921 cepit
880 1852 932 1905 in
968 1860 1195 1906 sortem.

2392 1124 2521 1168 cant
2558 1124 2629 1177 te,
2666 1122 2725 1167 ut
2783 1112 3011 1181 gloriam
3044 1120 3098 1163 et
3140 1111 3314 1163 lucem
3356 1115 3770 1175 consequantur
3797 1114 3960 1157 mter-

2390 1221 2539 1266 nam,
2581 1230 2614 1255 ιι
2661 1206 2823 1275 Virgo
2864 1203 3401 1265 immaculatissima,
3435 1215 3556 1270 qua:
3585 1214 3645 1254 es
3688 1198 3963 1253 auxilium

2387 1297 2650 1351 lidelium.

2457 1388 2717 1443 Stabilem
2743 1402 2831 1442 me
2873 1386 2979 1450 fac,
3014 1402 3048 1440 ο
3096 1386 3285 1455 Virgo,
3320 1380 3821 1439 intercessionibus
3850 1378 3965 1433 tuis

2389 1480 2443 1534 in
2484 1489 2637 1549 petra
2699 1477 2807 1548 59
2859 1479 3143 1543 veritatis;
3183 1487 3238 1532 et
3294 1492 3325 1531 a
3388 1474 3697 1530 seductoris
3748 1470 3968 1525 insidiis

2392 1571 2726 1641 supplantari
2760 1585 3039 1640 nunquam
3067 1571 3217 1624 sinas
3251 1584 3358 1635 me,
3396 1582 3430 1623 ο
3462 1566 3574 1622 Deo
3605 1563 3964 1625 charissima,

2394 1674 2452 1717 ut
2483 1674 2533 1718 te
2556 1679 2680 1718 cum
2706 1663 2812 1717 (ide
2837 1664 3050 1717 beatam
3081 1661 3368 1730 appellem.

2461 1751 2744 1821 Tanquam
2800 1750 3199 1821 prripitiatorio,
3234 1759 3490 1818 tanquam
3550 1744 3779 1801 ferventi
3816 1744 3966 1814 apud

2395 1844 2563 1901 Deum
2624 1845 2931 1915 patrocinio
2989 1841 3302 1911 locupletati
3355 1854 3552 1895 sumus
3595 1849 3646 1893 te
3686 1854 3788 1893 nos
3822 1839 3972 1891 servi

794 1944 1021 1998 Domina
1054 1958 1083 1997 a
1112 1943 1346 1997 maritali
1400 1951 1521 1997 toro
1568 1941 1848 2005 immunis,
1884 1957 2005 2010 qum
2050 1941 2284 1994 Verbum
2317 1954 2363 2014 Β
2395 1940 2496 2003 tui,
2527 1956 2561 1994 ο
2587 1937 2842 1992 inviolata
2871 1936 2940 1991 ab
2970 1936 3119 1989 omni
3154 1936 3274 1988 labe
3309 1932 3572 1987 immunis
3610 1948 3624 1985 :
3659 1931 3830 1985 libera
3868 1946 3973 1984 nos

719 2036 1063 2091 incarnatum
1096 2037 1376 2105 peperisti,
1432 2035 1679 2088 illnmina
1722 2035 1961 2087 animam
2008 2049 2207 2098 meam,
2237 2043 2291 2087 et

718 2147 749 2185 a
788 2133 1033 2199 gehenna
1061 2146 1124 2184 ac
1147 2130 1418 2198 supplicio
1446 2130 1613 2183 libera
1639 2145 1743 2181 me.

788 2220 864 2274 Ne
884 2238 1069 2277 cesses
1095 2223 1305 2291 eripere
1330 2237 1414 2275 me
1437 2236 1463 2273 a
1495 2221 1830 2290 captivitate,
1859 2227 1910 2274 et
1940 2236 1969 2274 a
2003 2219 2289 2274 mortifera

719 2321 1065 2380 tempestate,
1095 2328 1216 2382 quae
1248 2314 1447 2382 premit
1488 2328 1573 2366 me
1628 2313 1891 2381 undique,
1936 2322 1991 2367 et
2018 2328 2047 2366 a
2089 2313 2294 2383 gravis-

720 2402 877 2457 simis
908 2402 1278 2471 passionibus,
1320 2418 1445 2471 quae
1490 2418 1576 2458 me
1609 2403 1674 2457 ad
1724 2414 1951 2457 mortem
1980 2404 2222 2471 adigunt,
2261 2418 2294 2457 ι)

719 2496 901 2564 puella
973 2496 1358 2560 sanctissima,
1438 2506 1783 2564 peccatorum
1835 2495 2170 2565 praesidium,
2230 2510 2294 2549 ac

720 2596 1033 2657 promptum
1068 2587 1349 2641 hominum
1383 2587 1669 2641 auxilium.

797 2678 1021 2733 Uterum
1045 2690 1195 2733 tuum
1222 2680 1483 2735 Dominus
1519 2680 1818 2751 ingressus,
1847 2689 2106 2749 tanquam
2131 2695 2296 2749 spon—

722 2786 820 2826 sus
854 2772 1256 2841 pulcherrimus
1295 2773 1365 2826 ab
1403 2772 1595 2828 eodem
1650 2771 2142 2841 supernaturaliter
2175 2786 2297 2841 pro-

724 2865 910 2927 cessit,
943 2872 1107 2934 atque
1146 2865 1399 2919 homines
1448 2863 1857 2918 immortalitate
1901 2862 2200 2927 decoravit,
2233 2876 2298 2915 ac

723 2957 957 3011 salvavit
984 2972 1101 3021 eos,
1135 2956 1229 3028 qui
1270 2966 1322 3011 te
1345 2971 1527 3011 veram
1563 2955 1847 3026 Deiparam
1878 2964 2087 3009 castam
2126 2970 2297 3023 agno-

725 3058 906 3103 SCIInl.

796 3138 908 3193 Lux
942 3156 1007 3195 ex
1052 3150 1207 3196 utero
1234 3151 1328 3195 tuo
1367 3150 1586 3203 exorta,
1628 3148 1899 3196 terrarum
1946 3140 2135 3194 orbem
2171 3138 2297 3191 illu-

726 3232 979 3299 minavit,
1026 3249 1059 3288 ο
1096 3234 1288 3304 Virgo,
1341 3250 1405 3289 ac
1443 3235 1752 3288 daemonum
1810 3233 2103 3296 nebulam,
2136 3241 2299 3301 atque

2394 2034 2463 2088 ab
2498 2033 2717 2087 mternis
2746 2030 3057 2092 tormentis,
3088 2029 3219 2081 dum
3253 2036 3376 2080 tuas
3407 2024 3599 2079 laudes
3626 2032 3945 2078 cantamus.

2462 2121 2783 2176 lncarnatus
2833 2129 2917 2175 est
2970 2120 3107 2173 citra
3157 2118 3517 2170 mutationem
3576 2114 3840 2167 Dominus
3903 2127 3972 2165 ex

2394 2216 2563 2269 castis
2597 2212 2957 2283 sanguinibus
3011 2211 3140 2275 tuis,
3183 2226 3217 2263 υ
3255 2206 3416 2275 Virgo
3446 2215 3555 2260 tota
3586 2221 3744 2276 pura,
3800 2214 3975 2272 atque

2396 2322 2586 2361 omnes
2611 2320 2711 2359 nos
2740 2318 2988 2358 errorum
3020 2303 3229 2371 laqueis
3258 2301 3573 2372 implicitos,
3607 2299 3674 2352 ad
3717 2296 3972 2349 divinam

2396 2400 2561 2454 vitam
2587 2412 2803 2462 revoca,
2827 2397 2957 2451 dum
2993 2397 3300 2459 laudamus,
3324 2410 3358 2450 ο
3381 2392 3530 2447 omni
3569 2390 3730 2444 laude
3756 2390 3979 2459 dignis-

2398 2493 2558 2546 sima.

2472 2584 2675 2638 Divina:
2714 2582 3157 2652 compunctionis
3214 2580 3421 2634 imbres
3451 2577 3598 2633 stilla
3648 2590 3815 2645 super
3858 2588 3974 2637 me,

2398 2677 2706 2733 castissima
2738 2676 2986 2740 Domina,
3023 2683 3082 2727 ut
3126 2675 3361 2744 lugeant,
3421 2682 3587 2740 atque
3626 2669 3848 2722 abluam
3886 2684 3977 2719 tne

2398 2776 2575 2823 totum
2620 2783 2649 2821 a
2684 2766 2942 2823 sordibus
2984 2767 3376 2820 innnensorum
3429 2769 3776 2832 peccatorum
3815 2773 3977 2812 mce-

2399 2876 2542 2915 ιύιιι.

2470 2949 2683 3005 Peccati
2716 2947 2894 3017 gladio
2952 2946 3231 3001 sauciatus
3287 2958 3352 2998 ac
3411 2941 3679 3011 dejeetns,
3718 2947 3980 2993 mortuus

2401 3058 2544 3098 sum.
2586 3040 2668 3094 Tu
2704 3055 2825 3108 qute
2883 3037 3142 3108 peperisti
3193 3034 3496 3090 Christum.
3536 3032 3629 3099 qui
3658 3040 3833 3084 morte
3868 3047 3975 3083 sua

2402 3133 2626 3188 sustulit
2658 3141 2912 3191 mortem,
2961 3129 3176 3183 vivilico
3226 3125 3527 3195 patrocinio
3574 3134 3691 3184 tuo,
3728 3122 3845 3176 vita:
3890 3137 3982 3174 rc-

2404 3226 2572 3279 stitue
2599 3238 2703 3288 me,
2736 3232 2791 3276 et
2825 3220 3013 3275 saluti.

728 3326 1049 3394 ignorantim
1103 3328 1357 3383 tenebras
1390 3328 1753 3398 undequaque
1786 3326 2004 3397 penitus
2042 3325 2298 3380 elimina-

2477 3312 2873 3369 Saeratissima:
2905 3311 3294 3381 prephetarum
3327 3308 3525 3377 lingua:
3547 3306 3987 3376 prtenuntiantes

728 3418 827 3474 vit.
858 3416 1017 3471 Jesus
1048 3418 1187 3472 lueis
1210 3420 1389 3472 dator.

799 3506 1050 3563 Animam
1096 3524 1272 3562 meam
1327 3510 1644 3577 passionum
1709 3509 1903 3563 morbo
1961 3515 2298 3578 peremptam

729 3599 853 3651 vita:
903 3601 1151 3663 restitue.
1197 3614 1232 3653 ο
1279 3600 1585 3665 benedicta,
1642 3616 1767 3671 qua:
1814 3602 1979 3654 vitam
2040 3600 2298 3669 peperisti

728 3688 972 3741 enminm
1006 3690 1315 3755 Domimnn,
1355 3692 1442 3744 cui
1468 3691 1809 3745 modulantes
1828 3690 2104 3744 canimus.

802 3777 847 3831 Ο
878 3778 1059 3832 divina
1094 3782 1265 3850 gratia
1324 3781 1663 3850 plenissima,
1719 3796 1841 3849 qua:
1872 3782 2020 3835 velut
2066 3782 2301 3849 forceps,

733 3871 1010 3925 caelestem
1055 3874 1346 3927 carbonem
1388 3874 1533 3927 ulnis
1557 3874 1668 3927 tuis
1710 3874 1904 3938 tulisti,
1945 3874 2143 3927 anima:
2176 3888 2308 3926 mea:

734 3978 931 4031 pravas
963 3964 1276 4019 aliectiones
1307 3982 1497 4030 exure,
1524 3976 1580 4019 et
1606 3969 1673 4019 ab
1701 3967 1823 4035 igne
1848 3964 2130 4019 tremendo
2159 3965 2311 4032 eripe

732 4065 785 4108 ct
812 4056 959 4110 salva
1000 4073 1104 4121 me,
1136 4066 1194 4111 ut
1234 4068 1283 4112 te
1330 4059 1636 4128 glorificare
1692 4059 1921 4128 possim,
1979 4072 2011 4109 ο
2065 4057 2306 4109 lidelium

737 4151 904 4202 tutela
935 4165 999 4204 ac
1038 4153 1326 4218 protectio,
1356 4151 1476 4222 qna:
1510 4168 1616 4206 non
1650 4150 2008 4207 confunditur
2056 4166 2159 4203 nec
2185 4165 2311 4201 eru-

738 4240 934 4298 bcscit.

740 4332 825 4385 Ex
853 4333 1064 4387 (Iunone
1111 4336 1165 4387 in
1202 4334 1257 4389 S.
1306 4334 1566 4389 Joannem
1607 4336 2057 4407 Clirysoslomum,
2100 4332 2185 4385 die
2213 4330 2305 4384 27.

808 4424 852 4479 0
882 4427 1161 4481 benedicta
1197 4438 1249 4480 et
1283 4429 1540 4497 gloriosa,
1570 4431 1806 4483 concede
1838 4429 1905 4481 iis
1966 4426 2058 4496 qui
2100 4424 2305 4495 glorili-

1074 4542 1185 4615 60
1210 4542 1460 4597 MENSIS
1510 4539 1977 4597 FEBRUARIUS.

746 4674 825 4729 Ea:
847 4674 1057 4729 Canam:
1080 4677 1133 4728 in
1172 4674 1231 4729 S.
1275 4674 1569 4728 Simeonem
1609 4672 1998 4736 T/ieodoclmm,
2031 4686 2123 4724 seu
2178 4668 2307 4723 Dei-

1330 4745 1524 4814 [ει-ατη,
1554 4746 1639 4798 die
1666 4746 1720 4799 5.

814 4862 907 4915 llle
934 4860 1026 4931 qui
1078 4859 1270 4929 plenus
1323 4870 1441 4912 erat
1479 4869 1818 4925 evacuatur;
1875 4857 1965 4927 qui
2022 4862 2142 4910 erat
2189 4865 2313 4907 ante

743 4956 964 5018 saxnla,
1027 4953 1217 5022 incipit
1269 4968 1424 5016 esse;
1462 4952 1699 5006 Verbum
1741 4952 1799 5005 lit
1835 4950 2136 5019 palpabile;
2193 4948 2307 5016 pla-

745 5060 953 5103 smator
983 5047 1317 5115 plasmatur;
1355 5042 1924 5111 incomprehensibilis
1950 5039 2311 5106 conqirehen—

744 5142 892 5195 ditur
921 5142 972 5193 in
1008 5148 1162 5193 utero
1190 5148 1282 5191 tuo
1321 5146 1667 5205 corporatus,
1707 5135 1814 5187 Deo
1838 5150 1870 5186 ο
1896 5131 2252 5186 charissima.

824 5230 922 5283 Ubi
953 5230 1172 5284 Simeon
1218 5228 1348 5281 vidit
1395 5236 1446 5281 te
1496 5225 1839 5294 Spiritualem
1882 5222 2169 5289 forcipem,
2237 5219 2315 5270 l'e-

747 5333 957 5377 rentem
1011 5324 1255 5375 divinum
1302 5321 1452 5373 illum
1494 5320 1811 5377 carbonem,
1842 5314 1935 5384 qui
1986 5329 2049 5365 ex
2086 5311 2311 5378 sangui-

751 5411 913 5464 nibns
944 5410 1052 5463 tuis
1083 5426 1284 5478 corpus
1317 5409 1527 5476 acclzpit
1550 5406 1921 5470 inell‘abiliter,
1956 5418 2080 5457 eum
2115 5400 2316 5468 gaudio

753 5514 806 5557 te
838 5504 1180 5565 beatifieavit,
1206 5520 1236 5553 ο
1278 5502 1593 5572 purissima.

824 5595 927 5659 Qui
966 5610 1126 5647 mann
1163 5592 1266 5645 Fert
1293 5593 1568 5655 universa,
1603 5590 1654 5641 in
1682 5604 1844 5642 manu
1874 5595 2150 5656 perpetrne
2198 5583 2319 5637 Vir-

756 5686 899 5757 ginis
940 5697 1201 5756 gestatus,
1257 5684 1387 5738 fecit
1439 5685 1685 5738 eamdem
1736 5683 1867 5751 ipsis
1919 5680 2202 5736 cherubim
2257 5693 2321 5733 ac

2409 3414 2743 3459 vocaverunt
2778 3412 2829 3457 te
2858 3413 3092 3456 montem
3129 3400 3405 3469 pinguem,
3432 3413 3467 3451 o
3502 3397 3677 3465 puella
3707 3397 3986 3449 immacu-

2408 3495 2677 3551 latissima
2738 3503 2793 3549 et
2836 3491 3182 3557 castissima;
3211 3500 3424 3559 portam
3462 3487 3810 3541 iuell'abiliter
3849 3487 3989 3541 υσυ-

2408 3598 2619 3644 rentem
2664 3587 2836 3641 solem
2892 3584 3138 3654 jnstitiae,
3192 3582 3286 3652 qui
3339 3582 3505 3635 corda
3558 3589 3745 3635 nostra
3777 3582 3989 3634 divinis

2410 3679 2795 3751 Splendoribus
2849 3677 3143 3740 illuminat,
3198 3673 3330 3728 dum
3392 3673 3739 3732 clamamus;
3793 3671 3987 3725 Domi-

2413 3788 2563 3835 num,
2594 3781 2701 3825 etc.

2416 3873 2444 3911 ξ
2482 3864 2529 3916 Λ
2592 3858 3105 3915 l‘ortnidolosissima
3176 3855 3502 3911 necessitate
3564 3854 3733 3908 libera
3799 3869 3912 3910 me.
3956 3866 3991 3905 ο

2412 3956 2577 4027 Virgo
2603 3966 2774 4018 casta,
2810 3966 2935 4007 cum
2975 3961 3188 4020 tempus
3214 3949 3411 4009 aderit,
3439 3962 3549 4017 quo
3572 3946 3742 4000 Filius
3779 3962 3845 4000 ac
3880 3946 3991 3996 Dn-

2409 4053 2589 4104 Ininns
2622 4059 2748 4102 tuus
2783 4045 2982 4107 veniet,
3021 4059 3150 4096 vero
3196 4041 3407 4108 judicio
3439 4048 3635 4094 cuneta
3676 4039 3973 4091 discussu-

2410 4160 2526 4205 rus,
2556 4150 2715 4208 atquc
2738 4138 3031 4206 unicuique
3055 4152 3153 4203 pro
3178 4135 3372 4187 merito
3413 4133 3631 4197 pramiia
3680 4131 3760 4183 vel
3795 4144 3995 4198 pu-nas

2415 4232 2770 4302 repensurus,
2808 4228 3117 4281 astantibus
3166 4241 3291 4279 cum
3326 4234 3561 4277 tremere
3585 4222 3859 4275 universis
3894 4237 3992 4273 su-

2419 4324 2569 4396 perni
2598 4322 2875 4378 exercitus
2904 4320 3216 4374 ordinibus.

2846 4520 3003 4575 MllN
3073 4516 3563 4571 ΦΕΒΡΟΥΛΡΙΟΣ.

2419 4658 2519 4710 Ἐκ
2543 4654 2646 4708 τοῦ
2672 4650 2941 4714 Κανόνος
2977 4652 3063 4713 εἰς
3098 4649 3204 4701 τὸν
3240 4649 3412 4715 ἅγιον
3444 4643 3688 4713 Συμεὼν
3710 4641 3818 4695 τὸν
3848 4648 3994 4696 Geo-

2942 4720 3150 4788 δόχον.
3198 4720 3405 4787 Ἡμέρᾳ
3433 4716 3501 4786 γ’.

2495 4840 2553 4891 'U
2586 4836 2798 4907 πλήρης
2846 4834 3167 4894 κεκένωται,
3216 4833 3245 4883 ὁ
3291 4829 3618 4899 προπιώνιος
3668 4828 3924 4895 ἄρχεται,
3972 4827 4001 4877 ὁ

2412 4936 2582 5000 Λόγος
2617 4929 2939 4998 παχύνεται,
2968 4928 2996 4977 ὁ
3024 4926 3270 4993 πλάστης
3300 4924 3616 4981 πλάττεται,
3648 4921 3675 4971 ὁ
3704 4919 3998 4986 ἀχιὲιρτ,το;

2418 5027 2676 5096 χωρεῐται
2714 5024 2773 5073 ἐν
2812 5020 2990 5089 κοιλίᾳ
3030 5020 3099 5087 τῇ
3143 5018 3209 5087 σῇ
3246 5013 3690 5082 σωιιατοὺμενος,
3721 5009 3998 5078 830119!-

2420 5136 2581 5172 τωτε.

2494 5212 2711 5279 Νοητὴν
2754 5209 2949 5264 λαϐἷδκ
2988 5224 3045 5259 σε
3084 5204 3333 5271 ἄνθρακα
3368 5202 3639 5269 φέρουσιν
3684 5195 3850 5256 Θεῖον,
3906 5194 4003 5245 τὸν

2425 5304 2490 5355 ὲκ
2517 5304 2625 5353 τῶν
2678 5304 2786 5353 σῶν
2828 5300 3076 5368 αἱμάτων
3114 5294 3518 5363 σωμιτωῢέντα
3576 5288 3718 5357 ὑπὲρ
3779 5285 3935 5347 νοῦν,
3973 5287 4001 5337 ὁ

2421 5396 2646 5468 Συμεὼν
2676 5398 2750 5459 ὡς
2780 5395 2991 5461 ἔϐλεψε,
3020 5390 3354 5458 πινάμωμε,
3390 5384 3596 5454 χαίρων
3626 5382 3997 5449 ἐμακὰριξῖν.

2502 5582 2558 5633 ὐ
2584 5579 2727 5650 χῖιρὶ
2757 5576 2825 5630 τὰ
2854 5575 3032 5627 πάντα
3074 5571 3256 5641 φέρων
3294 5570 3352 5621 ἐν
3385 5566 3541 5635 χερσὶ
3587 5562 4000 5632 βαπτιζόμενος

2422 5674 2517 5741 τῆς
2559 5668 2970 5738 Ἀειπαροένον,
3024 5664 3229 5732 ταύτην
3262 5657 3531 5730 χερουεὶὶμ
3586 5656 3992 5726 ἀπειργάσατο,

831 5858 985 5931 (30³⁸)
1021 5858 1193 5928 ll-zjus
1215 5860 1451 5913 Catienis
1483 5877 1542 5911 ac
1569 5858 1844 5925 b‘tllltllllc
1875 5856 2094 5909 Gtxcu:
2130 5861 2309 5908 textus
2339 5846 2672 5905 desiderauit
2716 5842 2769 5896 in
2798 5840 3013 5895 Mentcis
3042 5832 3338 5906 impressis.
