4164 6456
195 436 326 498 1037

1582 427 1942 486 MARIALE.

3276 418 3410 482 10.38

194 554 282 605 καὶ
324 548 567 621 σεραφὶμ
608 547 884 617 ἀνωτέραν
911 544 986 609 ὡς
1035 544 1360 615 γεννήτριαν
1405 542 1469 613 ἢν
1500 542 1754 613 ὑμνήσω-

1868 542 2134 612 seraphim
2170 540 2573 599 sublimiorem,
2599 549 2854 607 tanquam
2882 536 3200 607 genitricem
3234 551 3409 597 suam,

195 665 315 713 pm,
350 645 445 697 καὶ
474 642 715 703 εὐσεϐῶς
749 641 1161 711 μακαρίσωμεν.

260 734 351 799 Μὴ
377 731 577 798 φλέξας
611 731 711 800 τὴν
745 731 961 799 μήτραν
995 744 1089 779 σου
1121 724 1339 796 δ’φύσει
1372 724 1748 787 ἀναλλοίωτος,

196 825 483 891 ἄνθρωπος
523 822 678 889 ῶςξθη
723 822 786 874 ἐκ
835 820 926 873 σοῦ
956 819 1291 886 τικτόμενος,
1338 818 1430 870 καὶ
1478 818 1601 878 τοὺς
1649 815 1752 867 ἁπ-

190 913 467 976 ωσθέντας
504 916 570 981 τῇ
626 912 803 984 φθορᾷ
854 912 1060 974 πάντας
1091 908 1420 973 ἀνεσώσατο,
1473 905 1752 975 Θεομῆτορ

190 1004 526 1073 πανὰμωμε.

260 1096 538 1165 Θηρεῦσαε
572 1112 639 1164 με
685 1092 807 1145 καθ’
837 1092 1074 1162 ἑκάστην
1118 1091 1274 1159 ζητεῖ
1301 1091 1329 1143 6
1368 1088 1749 1159 παμπόνηρος,

191 1188 307 1242 ἀλλ’
340 1187 505 1240 αὐτοῦ
542 1203 611 1254 με
664 1185 773 1238 τῶν
811 1185 1056 1251 παγίδων
1100 1183 1426 1253 ἐξάρπασον,
1466 1181 1750 1242 Δέσποινα,

190 1280 287 1331 καὶ
314 1282 379 1348 τῇ
418 1277 539 1348 θείᾳ
583 1276 761 1348 σκέπῃ
815 1275 923 1329 τῶν
967 1275 1253 1344 πτερύγιον
1312 1290 1406 1326 σου
1454 1272 1591 1324 σῶον
1630 1287 1752 1323 συν-

188 1372 451 1440 τήρησον.

260 1484 335 1535 Οὐ
371 1484 617 1544 κενώσας
638 1484 667 1534 ό
698 1481 1066 1551 πληρέστατος
1115 1480 1208 1532 τὸν
1237 1480 1504 1549 ἄκραντον
1550 1477 1753 1530 κόλπον

188 1575 283 1627 τοῦ
318 1575 518 1642 φύντος
550 1574 783 1643 Πατρος,
820 1573 914 1626 σοῦ
960 1574 1019 1624 ὲν
1047 1575 1162 1634 τοῖς
1208 1572 1451 1635 κόλποις,
1484 1568 1644 1639 ἁγνή,
1678 1568 1754 1630 ὡς

193 1668 393 1736 βρέφος
474 1664 783 1727 καθέζεται,
850 1662 1276 1731 ἐτοιμαζόμενος
1338 1657 1419 1723 οἷς
1487 1660 1755 1729 ήθέλησεν

188 1758 549 1828 ὁμοιωθῆναι,
579 1758 840 1829 ἀχραντε,
876 1756 1029 1826 ἱερὰν
1051 1756 1238 1825 σαφῶς
1269 1754 1559 1825 καθέδραν.

276 1958 367 2021 Ὧς
397 1961 605 2028 κρίνον,
634 1958 711 2020 ὡς
738 1956 970 2027 εῦοσμόν
997 1975 1056 2011 σε
1080 1957 1253 2029 ῥόδον,
1285 1958 1359 2021 ὡς
1389 1958 1530 2011 θεῖον
1550 1956 1756 2026 όσφράο

192 2052 305 2103 διον
328 2052 589 2122 ἐδρέψατο
610 2051 781 2118 Λόγος
806 2052 835 2103 6
871 2050 1156 2121 ὑπέρθεος,
1186 2052 1427 2118 πάναγνε
1453 2050 1757 2119 Θεόνυμφε,

194 2144 291 2196 καί
324 2160 419 2195 σου
468 2143 568 2212 τὴν
621 2145 833 2212 μήτραν
873 2142 1089 2212 ᾤκησεν
1136 2142 1443 2206 εύωδιάξων
1474 2142 1629 2209 ἡμῶν
1663 2140 1760 2211 τὴν

196 2236 366 2303 φύσιν
433 2234 699 2298 δυσωδίας
754 2234 1110 2303 πλησθεῖσαν,
1171 2235 1272 2305 τὴν
1331 2234 1389 2301 ἐξ
1461 2234 1759 2305 ἁμαρτίας,

192 2329 386 2397 Μαρία
412 2326 662 2381 Θεοτόκε.

266 2441 533 2492 Φανεῖσαν
581 2438 811 2509 Μητέρα
865 2457 924 2493 σε
959 2439 1094 2493 Θεοῦ
1124 2440 1199 2503 ὼς
1239 2440 1451 2509 εὕλεψε,
1507 2439 1760 2502 Θεοτόκε,

191 2529 222 2578 6
255 2526 651 2603 upgsﬁdtatog,
702 2527 903 2597 ἔφησεν
952 2522 1150 2599 οἷάπερ
1203 2530 1506 2597 προφήτης
1553 2526 1681 2578 Ἰδοὺ
1737 2527 1765 2578 6

196 2618 291 2678 εἰς
336 2617 464 2678 Υἱὸς
506 2618 587 2680 είς
638 2617 936 2671 ἀνάστασιν
993 2618 1087 2670 xui.
1143 2618 1350 2668 πτῶσιν
1396 2616 1504 2667 τῶν
1554 2614 1764 2668 πολλῶν

195 2710 404 2773 κεῖται,
432 2710 723 2774 Δέσποινα,
750 2710 848 2763 καὶ
868 2710 949 2772 εῐς
982 2709 1208 2779 σημεῖον
1239 2708 1691 2778 δυσερμήνευτον.

224 2931 311 2984 εκ
334 2929 443 2984 τοῦ
461 2932 727 2994 Κανόνος
748 2932 833 2995 εἰς
854 2930 955 2983 τὸν
984 2931 1155 2984 ὅσιον
1175 2932 1508 2995 Βουκόλον,
1530 2929 1767 2983 ἐπίσκο-

497 3006 501 3009 ’
586 3014 704 3053 πον
742 3002 1038 3069 Σμύρνης,
1070 3000 1258 3070 ἡμέρᾳ
1289 2999 1364 3064 ς’.

278 3155 339 3207 Ὀ
372 3154 448 3223 τῷ
472 3154 645 3223 Πατρὶ
692 3154 1053 3223 συνυπάρχων
1102 3152 1413 3222 Μονογενὴς
1445 3152 1585 3220 ὑπὲρ
1615 3150 1762 3216 νοῦν,

1856 649 2018 703 quam
2056 635 2363 697 laudemus,
2393 642 2446 686 et
2475 635 2667 685 devote
2700 632 3095 684 hcatificetnus.

1925 724 2021 778 Ille
2053 726 2145 793 qui
2179 735 2373 778 natura
2430 731 2513 776 cst
2553 723 2927 787 immutabilis,
2964 719 3211 790 apparuit
3253 719 3414 771 homo

1856 824 2018 867 natus
2050 829 2112 867 ex
2145 826 2216 877 te,
2251 830 2350 868 nec
2396 826 2577 866 taturn
2615 822 2827 865 uterum
2871 823 3021 865 tuum
3084 811 3410 868 COIIIilU'SiI,

1854 919 2155 973 omnesque
2209 920 2239 958 a
2291 905 2643 974 corruptione
2684 902 3190 972 ereptosliheravit,
3238 916 3271 953 o
3320 898 3412 951 Dei

1854 996 2023 1052 Mater
2058 994 2374 1065 purissima.

1925 1090 2203 1145 Pcssimns
2243 1086 2414 1141 hostis
2448 1086 2693 1155 quotidie
2726 1100 2810 1138 me
2858 1086 3053 1137 venari
3093 1083 3309 1148 studet;
3362 1091 3417 1136 at

1856 1190 1912 1236 tu
1945 1183 2012 1236 ab
2066 1181 2188 1250 ejus
2236 1178 2447 1249 laqueis
2497 1180 2646 1245 eripe
2672 1191 2779 1239 me,
2834 1174 3097 1237 Domina,
3151 1182 3206 1227 et
3234 1173 3413 1226 divina

1856 1274 2188 1343 protectione
2216 1272 2438 1325 alarum
2468 1279 2687 1324 tuarum
2711 1268 2917 1322 salvum
2946 1279 3210 1322 conserva
3236 1278 3342 1319 me.

1924 1482 2020 1536 Ille
2054 1482 2142 1550 qui
2173 1490 2286 1535 erat
2315 1479 2687 1549 plenissimus,
2720 1492 2830 1532 non
2857 1489 3131 1531 evacuans
3154 1474 3417 1527 immacu-

1858 1570 2023 1625 latum
2054 1572 2232 1625 sinum
2264 1572 2459 1630 Patris,
2491 1584 2520 1623 a
2548 1584 2658 1639 quo
2696 1578 2857 1624 natus
2880 1576 3020 1633 erat,
3061 1566 3115 1621 in
3149 1565 3270 1621 sinu
3301 1574 3417 1630 tuo,

1856 1678 1890 1716 ο
1924 1673 2070 1717 casta
2126 1671 2180 1716 et
2232 1662 2609 1725 immaculata,
2684 1668 2944 1728 tanquam
3003 1659 3186 1713 infans
3234 1656 3418 1721 sedet,

1858 1770 2170 1825 praeparans
2190 1755 2321 1816 illis,
2337 1754 2538 1824 quibus
2565 1752 2736 1809 voluit
2763 1751 3083 1815 assimilari,
3107 1748 3420 1805 cathedram

1784 1881 1832 1943 Β
1858 1862 2065 1904 sacram
2101 1846 2411 1901 manifeste.

1933 1959 2219 2029 Tanquam
2247 1958 2445 2024 lilium,
2484 1969 2741 2031 tanquam
2795 1958 3177 2015 suavissimam
3208 1974 3419 2024 rosam,

1863 2064 2123 2125 tanquam
2154 2054 2398 2108 divinum
2428 2053 2775 2109 olfactorium
2809 2053 3027 2124 collegit
3063 2063 3116 2109 te
3144 2053 3423 2108 divinissi-

1863 2166 2010 2202 nunn
2047 2147 2306 2212 Verbum,
2345 2162 2377 2201 ο
2408 2148 2720 2202 castissima
2758 2146 2853 2201 Dei
2887 2160 3125 2217 sponsa;
3158 2153 3423 2213 tuumque

1863 2249 2079 2294 uterum
2118 2240 2657 2302 iubaliitavit,odore
2698 2240 2931 2309 impleus
2965 2238 3119 2292 suavi
3169 2246 3423 2291 naturam

1863 2332 2078 2401 plenam
2116 2329 2289 2385 fetore
2312 2332 2553 2400 peccati,
2585 2332 2689 2401 61
2721 2346 2753 2385 ο
2782 2330 2949 2385 Maria
2970 2330 3219 2399 Deipara.

1937 2442 2038 2497 Ubi
2076 2442 2295 2496 Simeon
2332 2457 2494 2497 senex
2527 2442 2661 2496 vidit
2695 2451 2766 2505 te,
2808 2457 2841 2496 ο
2867 2441 3122 2512 Deipara,
3155 2455 3278 2497 esse
3308 2439 3422 2495 Ma-

1866 2542 2003 2587 trem
2058 2533 2170 2601 Dei,
2229 2534 2368 2587 dixit
2423 2544 2681 2602 tanquam
2736 2533 3033 2603 propheta:
3090 2532 3233 2586 ECt‘O
3284 2532 3426 2587 filius

1864 2632 1992 2678 tuus
2056 2626 2108 2678 in
2171 2626 2652 2691 resurrectionem,
2716 2633 2771 2680 et
2840 2627 3054 2679 ruinam
3132 2626 3424 2679 multorum

1866 2718 2078 2785 positus
2121 2726 2225 2779 est,
2270 2734 2302 2769 ο
2345 2717 2592 2782 Domina,
2637 2726 2692 2773 et
2732 2718 2789 2772 in
2826 2718 3038 2788 signum
3077 2716 3310 2773 difficilis
3344 2717 3428 2770 iu-

1868 2808 2295 2875 terpretalionis.

1868 2930 1953 2986 Ea:
2012 2933 2222 2989 (Iunone
2279 2936 2332 2988 in
2386 2934 2444 2989 S.
2508 2933 2787 3058 Βιέιςοίὲηι,
2819 2936 3116 3004 episcopum
3163 2935 3425 3005 Smyrnae,

2604 3023 2650 3058 te
2716 3043 2735 3058 .

2604 3023 2650 3058 ιε
2680 3023 2735 3061 υ.

1941 3158 2263 3228 Unigenitus
2292 3159 2385 3227 qui
2411 3170 2492 3213 est
2510 3158 2671 3214 simul
2695 3174 2817 3213 cum
2847 3158 3025 3222 Patre,
3050 3159 3102 3212 in
3133 3170 3289 3213 utero
3314 3168 3427 3223 tuo,

195 3248 254 3299 ἓν
287 3250 471 3317 μήτρᾳ
500 3262 593 3299 σου
639 3247 943 3315 σαρκωθεὶς
986 3245 1327 3314 θεοπρεπῶς,
1370 3247 1495 3307 τοὺς
1540 3243 1762 3314 βροτοὺς

1873 3264 1905 3304 o
1943 3259 2117 3313 casta,
2151 3249 2495 3303 ineffabiliter
2525 3249 2865 3313 incarnatus,
2903 3258 3060 3317 prout
3107 3248 3247 3302 Deus
3274 3250 3429 3303 decc-

195 3340 452 3405 ὲθέωσεν,
479 3338 639 3408 ἁγνὴ,
668 3339 756 3392 διὰ
781 3338 983 3408 πλῆθος
1009 3338 1308 3409 οἰκτιρμῶν
1339 3340 1368 3391 ό
1395 3336 1759 3409 ὑπεράγαθος.

264 3618 447 3687 Διμὴν
481 3615 637 3685 γενοῦ
666 3633 779 3686 μοι,
806 3616 897 3670 καὶ
919 3617 1175 3687 φρουρὸς,
1207 3617 1325 3679 ταῖς
1352 3617 1550 3681 δειναῖς
1577 3634 1766 3687 τρικυ-

199 3708 356 3777 μίαις
405 3706 516 3758 τῶν
568 3706 755 3759 παθῶν
798 3706 1093 3769 ἀνενδότως
1139 3707 1521 3777 χειμαζομένῳ
1582 3708 1671 3761 ἀεὶ
1704 3709 1763 3760 ἐν

199 3801 467 3869 θαλάσσῃ,
497 3797 660 3868 ἀγνὴ,
696 3800 763 3869 τῇ
794 3798 889 3851 τοῦ
922 3798 1061 3868 βίου,
1088 3799 1224 3868 μόνη
1247 3800 1333 3851 ἀεὶ
1365 3799 1621 3871 παρθένε.

270 3890 539 3953 ι’νωστῶς
567 3891 623 3941 ὲν
657 3890 805 3961 βάτῳ
863 3908 922 3943 σε
962 3892 1165 3961 Μωσῆς
1194 3891 1442 3952 ἑώρακεν
1486 3890 1645 3961 ίερῶς
1668 3907 1763 3942 τυ-

199 3983 502 4053 πουμένην,
534 3981 632 4052 τήν
663 3984 755 4035 τοῦ
782 3983 951 4051 πυρὺς
979 3983 1275 4051 μέλλουσαν
1301 3983 1617 4054 λοχεύτριαν
1642 3986 1766 4037 dva-

199 4076 438 4143 φανῆναι
472 4074 772 4142 μυστικῶς,
801 4074 1027 4126 Θεοτόκε
1060 4074 1145 4127 ἀεὶ
1182 4076 1442 4143 παρθένε.

271 4165 489 4233 Νόμους
512 4165 609 4233 τῆς
633 4166 848 4233 φύσεως
890 4165 1096 4234 Ἰησοῦς
1126 4166 1155 4217 6
1182 4166 1611 4237 πανυπερούσιος
1634 4167 1766 4230 Θεὸς

202 4256 536 4324 καινοτομεί,
568 4254 967 4325 παναμὼμητε,
1001 4255 1094 4307 σοῦ
1121 4257 1186 4308 ὲκ
1228 4256 1323 4326 τῆς
1353 4257 1545 4325 νηδύος
1578 4259 1767 4310 ἀποτι-

207 4346 474 4416 κτόμενος
502 4347 529 4398 6
562 4345 723 4416 μόνος
769 4346 1039 4410 ούσιώσας
1069 4358 1129 4401 το
1155 4349 1263 4402 πᾶν
1306 4348 1626 4420 βουλήματι.

289 4525 354 4578 Ἥ
405 4524 551 4595 πύλη
600 4526 700 4595 τῆς
728 4525 949 4596 χάριτος
1004 4528 1038 4597 ή
1087 4527 1346 4595 ἀνοίξασα
1409 4531 1619 4601 βροτοῖς
1671 4535 1770 4605 τήν

203 4619 382 4686 πύλην
402 4617 500 4687 τήν
528 4617 797 4688 οὐράνιον,
823 4618 923 4688 τῆς
946 4621 1231 4689 μετανοίας
1252 4623 1423 4685 πύλας
1448 4642 1537 4692 μοι
1569 4626 1769 4693 τηλαυ-

200 4713 317 4780 γῶς
369 4710 653 4776 διάνοιξον,
693 4711 977 4774 Δέσποινα,
1014 4711 1108 4765 καὶ
1164 4714 1345 4767 πυλῶν
1391 4714 1485 4768 τοῦ
1539 4717 1767 4772 θανάτου

202 4803 598 4873 ἑλευθέρωσον.

272 4915 657 4987 Λυτρωθέντες
713 4916 813 4984 τῆς
848 4916 1080 4988 ἀρχαίας
1122 4920 1450 4989 ἀποφάσεως
1498 4924 1577 4994 τῷ
1626 4926 1770 4998 τόκῳ

204 5027 323 5071 σου,
356 5007 688 5076 πανὰμωμε,
720 5007 1067 5078 ἀνυμνοῦμέν
1088 5027 1147 5062 σε
1194 5013 1243 5063 oi
1274 5014 1556 5077 σωθέντες,
1610 5017 1767 5085 κόρη,

204 5103 292 5153 διὰ
325 5098 443 5161 σοῦ,
473 5098 703 5167 βοῶντες
740 5101 835 5152 καὶ
878 5100 1127 5169 λέγοντες
1183 5106 1417 5168 πιστῶς⁶
1456 5107 1769 5177 Εὐλογημέ-

202 5210 294 5257 νος
318 5195 347 5245 ό
376 5191 586 5262 καρπός
614 5192 714 5261 τῆς
744 5194 842 5261 σῆς
865 5193 1094 5260 κοιλίας,
1129 5195 1286 5266 ἁγνή.

283 5303 467 5375 Ἰερῶς
496 5305 716 5373 ἐμυεῖτο
742 5302 813 5357 τὰ
864 5309 933 5358 σὰ
962 5310 1239 5378 μυστήρια
1285 5312 1599 5381 προφητῶν,
1633 5314 1767 5366 Θεο-

202 5398 353 5456 τόκε,
392 5399 423 5449 6
451 5395 593 5458 θεῖος
618 5396 892 5464 σύλλογος,
947 5401 1229 5469 πόρρωθεν
1268 5403 1455 5471 μαθὼν
1492 5406 1583 5457 καὶ
1634 5423 1767 5473 τρα-

205 5491 311 5553 νῶς
344 5488 693 5559 ἐκτιθέμενος
726 5490 821 5554 τὰς
862 5491 1163 5563 θεοσημίαε
1204 5495 1298 5548 τοῦ
1349 5496 1495 5551 θείου
1548 5498 1769 5551 τοκετοῦ

206 5598 323 5636 σου.

273 5678 430 5746 Φωνῇ
482 5677 740 5745 ἀγγέλου,
776 5678 1018 5749 μεγάλης
1052 5679 1316 5747 ’Δγγελον
1363 5679 1577 5749 βουλῆς,
1610 5681 1768 5751 ἁγνὴ,

206 5769 440 5836 Χριστὸν
488 5772 834 5843 Ἐμμανουήλ
866 5772 1344 5835 ἀποτέτοκας,τοῖς
1376 5775 1622 5842 ἀγγέλοις
1643 5775 1770 5837 τοὺς

207 5862 356 5913 κάτω
396 5862 753 5930 συνάπτοντα,
817 5865 952 5935 μόνη
1004 5864 1340 5936 εὐλογημένη
1375 5909 1387 5923 ,
1446 5867 1582 5935 μόνη
1632 5882 1767 5920 παν-

1875 3339 1986 3403 bat,
2042 3339 2301 3393 mortales
2353 3339 2601 3394 homines
2646 3340 2936 3401 deificavit,
2983 3349 3203 3429 prppter
3248 3340 3431 3393 multi-

1872 3428 2119 3483 tudinem
2150 3428 2563 3483 miserationum
2593 3443 2841 3495 suarum,
2877 3437 3133 3498 tanquam
3161 3428 3432 3500 benignis-

1872 3522 2065 3575 simus.

1944 3612 2142 3668 Portus
2189 3621 2311 3669 esto
2352 3614 2485 3667 mihi
2537 3623 2592 3668 et
2624 3614 2893 3679 custodia,
2930 3614 3266 3684 gravissimis
3306 3627 3431 3683 pas-

1874 3706 2088 3760 sionum
2118 3706 2372 3775 procellis
2403 3710 2523 3761 sine
2556 3707 2959 3761 intermissione
2989 3721 3201 3775 semper
3226 3706 3432 3775 jactato

1873 3799 1926 3853 in
1959 3800 2093 3853 mari
2123 3800 2243 3853 vita:
2275 3799 2466 3867 hujus,
2503 3814 2536 3853 o
2566 3810 2712 3853 casta
2746 3800 2858 3854 sola
2893 3814 3106 3868 semper
3136 3800 3306 3867 virgo.

1943 3891 2225 3946 Manifestc
2275 3893 2327 3945 in
2373 3893 2508 3945 rubo
2543 3908 2637 3960 per
2672 3907 2889 3947 sacrum
2924 3901 3107 3961 typum
3141 3900 3191 3944 te
3232 3890 3432 3959 figura-

1875 3995 1982 4038 tam
2016 3985 2149 4038 vidit
2170 3984 2404 4055 Moyses,
2439 3985 2672 4038 futuram
2703 3984 3071 4054 mysticiiguis
3094 3981 3427 4052 genitricem,

1872 4090 1905 4129 0
1933 4075 2155 4142 Deipara
2182 4090 2395 4143 semper
2418 4077 2589 4145 virgo.

1946 4165 2162 4220 Natura:
2206 4167 2374 4236 leges,
2423 4166 2586 4221 .lesus
2628 4166 2777 4220 omni
2828 4165 3131 4220 substantia
3186 4167 3435 4235 superior

1876 4257 2041 4321 Deus,
2075 4258 2376 4322 renovavit,
2405 4273 2470 4311 ex
2504 4268 2659 4311 utero
2691 4267 2784 4311 tuo
2819 4267 3001 4319 natus,
3036 4272 3069 4310 ο
3102 4259 3249 4310 omni
3276 4257 3435 4309 laude

1876 4349 2197 4405 celebranda
2219 4392 2232 4414 ,
2266 4350 2358 4418 qui
2394 4349 2544 4403 solus
2572 4348 2698 4403 fecit
2721 4358 2777 4402 ut
2805 4357 2947 4403 esset
2973 4348 3153 4402 omnis
3180 4349 3437 4401 substan-

1878 4443 1948 4497 tia
1986 4444 2262 4494 voluntate
2292 4455 2412 4493 sua.

1949 4534 1993 4588 Ο
2048 4542 2201 4602 porta
2262 4533 2471 4601 gratim,
2526 4546 2647 4599 qua:
2676 4530 2990 4585 hominibus
3042 4530 3167 4585 cmli
3221 4539 3433 4597 portam

1877 4626 2154 4693 aperuisti,
2188 4625 2333 4692 aperi
2360 4623 2514 4685 mihi,
2558 4623 2805 4686 Domina,
2838 4634 3080 4691 patenter
3106 4633 3290 4692 portas
3325 4636 3437 4690 po:-

1879 4720 2142 4783 nitentize,
2178 4728 2229 4772 et
2258 4733 2288 4769 a
2318 4718 2492 4787 portis
2518 4718 2704 4772 mortis
2739 4717 2905 4771 libera
2938 4732 3044 4770 me.

1950 4928 2181 4983 Liberati
2224 4943 2317 4995 per
2365 4936 2579 4997 partum
2646 4935 2800 4979 tuum
2833 4925 2901 4978 ab
2939 4923 3173 4993 antiqua:
3208 4921 3437 4975 damna-

1879 5021 2043 5075 tionis
2073 5020 2362 5077 sententia,
2393 5034 2426 5071 o
2458 5018 2769 5085 purissima,
2798 5016 3081 5068 laudamus
3106 5024 3176 5074 te,
3206 5013 3434 5065 salutem

1878 5127 1973 5179 per
2002 5122 2051 5163 te
2080 5110 2381 5175 consecuti,
2424 5112 2746 5172 clamantes,
2778 5116 2832 5162 et
2861 5123 2984 5162 eum
3019 5107 3120 5159 fide
3142 5106 3385 5159 dicentes
3419 5121 3433 5157 :

1881 5202 2203 5285 liciiedictus
2236 5203 2446 5256 fructus
2474 5202 2678 5256 ventris
2706 5200 2802 5266 tui,
2832 5214 2865 5252 ο
2894 5208 3045 5253 casta
3070 5199 3265 5267 puella.

1900 5292 2172 5371 ‘Dirinus
2222 5317 2605 5387 prOphetarum
2665 5324 2841 5370 cretus
2904 5328 3058 5367 sacre
3122 5311 3440 5365 initiabatur

1877 5411 2152 5480 mysteriis
2194 5410 2325 5475 tuis,
2359 5424 2392 5461 o
2423 5407 2688 5478 Dcipara,
2733 5408 2924 5477 procul
2962 5407 3210 5469 edoctus,
3243 5414 3297 5460 ct
3326 5420 3443 5459 nia-

1878 5506 2073 5560 nifcste
2102 5519 2383 5575 exponens
2414 5503 2673 5557 vaticinia
2704 5502 2873 5557 divini
2904 5511 3090 5571 partus
3117 5500 3217 5555 tui.

1952 5687 2055 5741 Per
2090 5701 2274 5739 vocem
2306 5685 2507 5755 angeli,
2543 5686 2724 5755 magni
2749 5684 2961 5740 consilii
3004 5683 3266 5752 Angelum
3298 5698 3436 5736 con-

1879 5781 2090 5848 cepisti,
2115 5795 2147 5831 o
2167 5790 2338 5840 casta,
2358 5779 2637 5833 Christum
2665 5780 3092 5837 Elnmauuelem.
3117 5778 3206 5845 qui
3231 5778 3440 5844 augt-lis

1879 5872 2126 5927 homines
2172 5871 2278 5941 62
2320 5871 2624 5940 conjunxit,
2670 5886 2703 5925 o
2746 5870 2859 5926 sola
2903 5870 3200 5933 benedicta,
3244 5884 3276 5922 ο
3320 5870 3437 5921 sola
