4164 6456
152 492 269 554 1061

1531 484 1888 544 MARIALE.

3233 476 3369 541 1062

150 607 291 675 φόϐῳ
328 602 631 667 δοξάζουσι.
665 601 864 654 Τοῦτον
892 594 984 652 οὖν
1017 598 1224 652 ἱκέτευε
1268 597 1353 649 ἀεὶ
1381 597 1472 649 τοῦ
1510 600 1707 649 οἱκτει-
1738 648 1743 660 ε

1854 610 2263 666 icorporcornm
2302 595 2444 648 acies
2474 609 2597 647 cum
2633 594 2825 646 timore
2856 592 3175 659 glorificant.
3218 594 3371 648 llum:

154 702 307 768 ρῆσαι
338 698 465 760 τούς
497 713 555 747 σε
584 692 921 758 δοξάζοντας.

228 876 431 929 Ῥΰπου
466 892 531 945 με
590 874 797 939 παθῶν,
833 870 993 942 ἁγνὴ,
1029 870 1461 941 προσγινόμενον
1490 870 1575 939 ζτῇ
1617 886 1713 938 με·

152 968 322 1051 σιτείᾳ
356 984 449 1019 σου
490 964 810 1036 καθάρισον,
848 964 942 1016 καὶ
994 962 1332 1032 λάμπρυνον,
1355 962 1565 1031 δέομαι,
1599 978 1715 1013 σκο-

152 1061 421 1114 τισοεῑσαν
466 1059 563 1126 τὴν
596 1056 825 1127 καρδίαν
854 1072 956 1125 μου
997 1055 1267 1123 δαιμόνων
1319 1052 1713 1123 ἁμαυρότησιν,

152 1153 293 1213 ὅπως
324 1167 382 1202 σε
414 1149 720 1219 μακαρίζω,
742 1146 1144 1218 Θεομακάριστε
1175 1145 1461 1198 Δέσποινα.

218 1333 364 1386 Φωτὶ
425 1348 493 1401 με
527 1330 878 1399 καταύγασον
919 1328 1011 1382 τὸν
1043 1330 1101 1383 ὲν
1138 1328 1221 1399 τῷ
1249 1329 1430 1382 σκότει
1467 1329 1719 1397 κείμενον

151 1425 247 1493 τῆς
290 1423 468 1493 δεινῆς
516 1424 813 1495 ῥᾳθυμίας,
839 1422 1232 1492 Θεοχαρίτωτε,
1268 1423 1361 1474 καὶ
1410 1422 1485 1491 μὴ
1528 1438 1721 1489 προαι-

156 1515 417 1585 ρούμενον
442 1515 579 1586 δλως
624 1516 750 1577 τοὺς
784 1512 880 1567 τοῦ
928 1513 1065 1567 Θεοῦ
1117 1513 1316 1581 νόμους
1360 1516 1718 1584 συντηρησαι,

152 1608 298 1671 ὅπως
329 1608 406 1669 ὡς
455 1607 768 1676 προστάτην
815 1622 916 1676 μου
952 1604 1268 1675 καταχρέως
1318 1605 1607 1673 μακαρίζω
1637 1620 1717 1656 σε.

165 1808 266 1863 Ἐκ
284 1808 394 1864 τοῦ
422 1810 689 1875 Κανόνος
710 1810 796 1873 εις
823 1807 932 1861 τὸν
953 1807 1124 1876 ἄτιον
1147 1808 1537 1879 ἱερομάρτυρα
1562 1806 1723 1861 Βλά-

695 1894 852 1946 σιον,
889 1881 1078 1948 ἡμέρᾳ
1106 1877 1199 1936 ια’.

226 2009 399 2081 Ὅλην
436 2026 494 2063 σε
540 2009 787 2082 καθαρὰν
822 2008 1073 2081 εὑρηκὼς
1119 2012 1147 2064 ό
1208 2010 1448 2082 καθαρὸς
1484 2009 1725 2078 ἐσκήνω-

158 2120 250 2155 σεν
279 2105 339 2155 ὲν
375 2106 444 2173 τῇ
478 2103 631 2173 νηδύϊ
660 2120 778 2167 σου,
810 2104 948 2172 ἁγνὴ
983 2103 1429 2173 Παρθενομῆτορ,
1455 2103 1549 2154 καὶ
1594 2102 1727 2172 σὰρξ

152 2196 496 2265 ἐχρημάτισε
525 2196 660 2265 ⁸δίχα.
691 2198 792 2266 τῆς
827 2196 1123 2266 ἁμαρτίας,
1166 2195 1257 2249 ἵνα
1321 2196 1530 2263 πλάνης
1580 2197 1728 2265 ἡμᾶς

154 2288 473 2357 ἀπαλλάξῃ.

230 2381 294 2432 Σὲ
333 2380 432 2447 τὴν
454 2381 717 2446 φανεῖσαν
749 2378 1124 2449 ὑπερέχουσαν
1152 2379 1259 2433 τῶν
1292 2378 1626 2449 κτισμάτων,
1654 2376 1729 2442 ὡς

158 2471 381 2522 πάντων
410 2465 576 2523 οὖσαν
611 2472 935 2540 ἁγιωτὲραν,
972 2474 1029 2524 ἐν
1059 2472 1263 2524 αἰνέσει
1309 2471 1495 2540 γενεαὶ
1552 2488 1731 2539 μακα-

163 2565 408 2631 ρίζουσιν
449 2564 771 2635 ἀνθρώπων,
804 2565 1231 2636 θεομακάριστε.

233 2746 421 2813 Νόμον
487 2763 547 2799 σε
598 2747 782 2801 καινὸν
838 2747 1086 2818 προεῖδεν
1123 2749 1152 2800 ό
1196 2748 1500 2818 προφήτης,
1545 2748 1735 2817 ἔχοντα

162 2838 303 2889 Θεοῦ
323 2841 412 2891 τὸν
434 2840 605 2906 Λόγον
630 2842 1036 2910 γεγραμμένον,
1052 2840 1143 2891 τὸν
1167 2840 1557 2910 διαρῤήξαντα,
1575 2841 1733 2911 κόρη.

162 2928 267 2998 τῆς
301 2931 574 2999 ἁμαρτίας
604 2929 713 2982 τῶν
735 2930 1065 3000 προπατρῶν
1094 2929 1154 2981 τὺ
1178 2932 1562 2998 χειρόγραφον.

246 3022 563 3092 ’Υμνοῦμέν
598 3038 678 3083 σε,
711 3023 923 3091 Μαρὶα,
950 3022 1051 3089 τὴν
1088 3020 1370 3073 Θεώσασαν
1397 3020 1504 3071 τῶν
1529 3018 1739 3089 ἀνθρὼ-

166 3133 289 3170 πων
314 3115 378 3167 τδ
419 3114 649 3185 φύραμα
674 3117 740 3185 τῇ
771 3114 913 3183 ὑπὲρ
958 3112 1055 3166 νοῦ
1098 3132 1191 3167 σου
1237 3113 1443 3184 λοχεία,
1470 3115 1564 3165 καὶ
1606 3114 1738 3165 ἁνα-

167 3209 463 3263 πλάσασαν
512 3208 962 3278 καταφθαρέντας
1006 3207 1153 3278 ἡμᾶς
1205 3207 1329 3273 καὶ,
1357 3204 1739 3276 συντριϐέντας

164 3301 282 3354 ἀπα
295 3317 363 3373 τῃ
394 3300 489 3353 τοῦ
508 3301 702 3367 ὄφεως,
736 3300 997 3365 πάναγνε.

251 3394 312 3444 ὐ
344 3392 533 3461 θρόνος
552 3394 581 3444 ό
622 3390 716 3447 τοῦ
739 3390 872 3443 Θεοῦ
895 3389 1004 3443 τῶν
1054 3386 1320 3459 χερουὸὶμ
1348 3389 1376 3443 ὁ
1416 3388 1737 3460 ὑπέρτερος,

163 3484 423 3553 νεφέληὴ
458 3482 551 3535 τοῦ
583 3483 778 3551 ῳωτὸς.
804 3482 983 3551 ψυχῆς
1014 3498 1115 3550 μου
1140 3481 1210 3534 τὰ
1234 3482 1457 3552 ὄμματα
1479 3483 1739 3550 παναγὶα,

166 3577 431 3644 φώτισον,
462 3575 556 3627 καὶ
596 3574 783 3627 παθῶν
821 3573 1016 3642 ἀχλύος
1066 3572 1162 3643 τὴν
1213 3572 1441 3643 καρδίαν
1479 3591 1582 3643 μου
1640 3592 1742 3627 κα·-

167 3664 417 3733 οὰρισον.

239 3754 569 3825 Νυσταγμῷ
611 3753 952 3824 κρατηθέντα
998 3770 1087 3824 με,
1147 3752 1413 3823 Παροένε,
1460 3754 1742 3822 ἀμελείας,

166 3848 455 3919 ἁμαρτίας
485 3846 784 3900 κατέλαϐεν
810 3846 978 3909 ὕπνος
1018 3846 1393 3915 Θανατηφόρος
1425 3862 1438 3875 ·
1472 3846 1553 3899 διὸ
1584 3864 1747 3915 μετα-

168 3941 322 4000 νοίας
356 3955 423 4007 με
448 3939 581 4005 πρὸς
612 3936 895 4008 ζωηφόρον
922 3937 1118 4008 αὐγὴν,
1157 3936 1319 4009 ἁγνὴ,
1349 3936 1622 4007 ἐξὲγειρον
1653 3939 1747 3991 καὶ

170 4029 350 4081 σῶσόν
384 4047 473 4097 με.

256 4122 425 4191 Ἱεραί
451 4139 511 4174 σε
542 4121 929 4192 προήγγειλαν,
960 4121 1404 4192 Παρθενομῆτορ.
1425 4124 1599 4191 φωναὶ
1630 4125 1747 4175 ἐσο⁸

174 4215 372 4286 μένην,
396 4214 555 4283 κόρη.
590 4213 680 4265 τοῦ
714 4213 938 4282 ποιητοῦ
985 4230 1080 4265 σου
1124 4213 1264 4283 ὑπὲρ
1308 4214 1469 4281 φύσιν
1527 4217 1747 4283 τροφὸν,

171 4308 436 4375 γέννησιν
461 4306 700 4378 ἄρρητον
720 4304 819 4375 ,ὡς
850 4307 943 4359 καὶ
979 4305 1244 4375 σύλληψιν
1288 4304 1445 4374 ξένην
1476 4306 1749 4373 κεκτημέ-

172 4414 312 4467 νην·
347 4400 469 4451 δθεν
507 4414 567 4449 σε
618 4396 899 4467 ὑμνοῦμεν
954 4398 1035 4457 εἰς
1094 4396 1305 4458 πάντας
1347 4396 1473 4457 τοὺς
1520 4396 1747 4458 αἰῶνας.

244 4492 441 4560 Φέρεις
475 4494 533 4544 ἐν
559 4489 825 4556 ἀγκάλαις
859 4505 949 4541 σου
981 4488 1213 4557 Χριστδεῖ
1237 4486 1328 4540 τὸν
1355 4487 1753 4556 διακρατοῦντα

172 4582 486 4651 οἰκημένην
510 4585 691 4635 πᾶσαν
722 4582 886 4650 χειρὶ,
915 4581 1052 4650 ἁγνὴ
1080 4578 1525 4650 Παρθενομῆτορ,
1555 4579 1613 4631 ὃν
1647 4579 1751 4630 ἱκέο

174 4691 326 4735 τευε,
355 4674 431 4735 ὡς
468 4674 593 4726 Υἱόν
642 4690 734 4725 σου
779 4674 872 4726 καὶ
916 4673 1175 4739 κτίστην,
1214 4670 1386 4723 σῶσαι
1431 4672 1527 4733 τὰς
1580 4670 1754 4739 ψυχὰς

174 4765 290 4816 τῶν
328 4761 709 4831 ἀνυμνούντων
745 4778 827 4815 σε.

192 4960 299 5014 Ἐκ
328 4959 442 5015 τοῦ
468 4959 739 5023 Κανόνας
766 4959 854 5022 εἰς
876 4956 982 5010 τὸν
1024 4955 1196 5023 ἅγιον
1227 4956 1568 5026 ἀπόστολον
1613 4958 1752 5026 ’Δρ-

678 5044 925 5096 χιππον,
944 5026 1135 5095 ἡμέρᾳ
1169 5025 1260 5080 ιϐ’.

267 5140 492 5202 Ἰδόντες
522 5139 879 5208 προφητικοίς
918 5137 975 5187 ὲν
1013 5134 1226 5204 ὄμμασι
1264 5136 1565 5207 πόρρωθεν,
1619 5137 1755 5191 πάνυ

185 5252 346 5303 αγνε,
375 5231 469 5285 τοῦ
508 5231 649 5301 ὑπὲρ
675 5228 799 5282 νοῦν
833 5244 929 5280 σου
962 5226 1354 5297 Θείουίτοκετοῦ
1383 5228 1441 5281 τὸ
1485 5228 1755 5298 φρικῶδες

256 5410 376 5482 (52)
401 5408 541 5464 Ilioc
571 5406 768 5482 leius
791 5404 1109 5482 Pannonius
1142 5403 1358 5482 ord.._S.
1402 5404 1553 5482 Pauli
1598 5404 1760 5482 primi

188 5475 445 5537 Eremita:
470 5482 658 5541 decus,
680 5479 733 5530 in
769 5480 883 5532 suis
910 5475 1329 5531 Conmentariis
1361 5491 1493 5530 mss.
1538 5477 1588 5528 in
1614 5476 1761 5529 Can-

189 5557 284 5608 tic.
316 5566 441 5620 qua:
473 5551 525 5603 in
557 5549 756 5620 celebri
777 5544 1765 5620 monasterioliepoglavae_asservari

188 5614 391 5679 asserit
411 5619 737 5673 Laurentinus
754 5618 1018 5684 Chrysog.
1042 5617 1093 5669 in
1123 5614 1318 5667 Mundo
1338 5615 1608 5679 Mariano,
1634 5623 1765 5668 tom.

189 5692 257 5747 ll.
315 5694 453 5747 diss.
481 5690 573 5755 40,
607 5706 659 5743 ιι.
685 5688 775 5753 42,
816 5687 888 5740 ait
920 5688 1062 5740 inter
1100 5688 1245 5739 alia:
1284 5704 1302 5735 ι
1342 5685 1530 5740 Docuit
1557 5700 1770 5738 summe

188 5778 385 5832 puram
412 5774 555 5821 esse,
586 5775 708 5829 quae
742 5758 1032 5813 candorem
1064 5756 1204 5832 lucis
1235 5764 1471 5832 aeternas.
1496 5765 1549 5808 et
1578 5770 1770 5822 specu-

192 5826 304 5887 lum
338 5835 458 5886 sine
485 5826 696 5885 macula
722 5836 1071 5895 conceptnra,
1099 5836 1152 5879 et
1193 5826 1328 5879 intra
1356 5829 1559 5877 viscera
1591 5835 1771 5892 gusta-

194 5914 315 5960 tum
349 5901 510 5967 foret,
546 5915 668 5971 quae
701 5898 961 5967 singulari
992 5897 1164 5965 gratia
1206 5906 1526 5964 pra-servata
1563 5898 1685 5958 luit,
1713 5906 1768 5946 ιιι

1811 704 1942 756 ergo
1967 702 2182 756 semper
2208 685 2521 755 deprecare,
2545 696 2603 738 ut
2621 696 2811 737 eorum
2841 683 2932 750 qui
2966 692 3015 735 te
3045 683 3370 752 glorificant,

1813 781 2105 835 miscrcatu
2116 795 2161 833 r.

1884 874 1927 926 Δ
1959 873 2215 927 sordibus
2246 869 2564 941 passionum
2597 866 2987 921 inhaerentibus
3022 866 3154 920 mihi
3185 884 3373 921 emun-

1816 966 1885 1020 da
1907 980 2014 1025 me.
2042 979 2073 1017 o
2098 974 2270 1028 easta,
2295 959 2687 1015 intercessione
2718 969 2828 1022 tua,
2866 968 2919 1014 et
2952 959 3217 1023 illumina,
3250 976 3374 1028 pre-

1818 1071 1936 1121 cor,
1973 1070 2070 1109 cor
2095 1070 2297 1119 meum,
2325 1053 2657 1107 dannoniaca
2684 1052 2912 1119 caligine
2942 1053 3379 1117 obtenebratum,

1786 1138 1793 1145 ’
1822 1159 1881 1202 ut
1911 1148 2213 1203 bcatificem
2255 1157 2328 1209 te,
2358 1162 2392 1199 ο
2420 1145 2672 1211 Domina,
2718 1144 2901 1199 divina
2936 1145 3267 1200 beatitudine
3302 1144 3380 1199 fe—

1822 1240 2097 1293 licissima.

1893 1331 1947 1385 In
1979 1331 2218 1384 tenebris
2251 1328 2585 1399 gravissima:
2613 1327 2833 1383 desidia:
2854 1327 3119 1395 iacentem
3141 1327 3262 1382 luce
3291 1336 3382 1381 tua

1825 1422 2073 1476 illumina
2120 1435 2225 1483 me,
2268 1435 2301 1472 o
2332 1416 2441 1471 Deo
2471 1418 2829 1483 charissima;
2867 1433 2973 1471 non
3018 1418 3158 1471 enim
3204 1418 3383 1471 adhuc

1825 1512 2050 1565 firmiter
2081 1512 2195 1564 scio
2224 1511 2330 1580 63
2358 1510 2662 1563 deliberare
2692 1510 2827 1563 velle
2849 1524 2935 1562 me
2965 1508 3256 1562 observare
3291 1507 3383 1560 Dei

1828 1604 1990 1673 leges.
2026 1603 2100 1657 Ita
2135 1604 2243 1665 fiet,
2282 1611 2341 1656 ut
2370 1611 2421 1657 te
2454 1610 2712 1671 tauquam
2743 1615 2918 1653 meam
2950 1610 3256 1670 patronam,
3290 1613 3386 1667 pro

1826 1697 2009 1751 debito
2040 1695 2367 1749 beatiﬁcem.

1899 1806 1986 1862 Ea:
2025 1805 2237 1862 Conone
2272 1806 2324 1858 in
2365 1803 2427 1859 S.
2469 1803 2733 1870 Blasium,
2772 1812 3078 1873 martyrem,
3115 1802 3196 1854 die
3228 1801 3310 1855 ll.

1897 2017 2031 2071 Cum
2053 2024 2105 2070 te
2135 2014 2510 2083 totam'pnram
2543 2014 2838 2069 invenisset
2860 2012 2948 2067 ille
2965 2012 3057 2082 qui
3093 2028 3259 2081 purus
3285 2020 3390 2079 est,

1832 2110 2094 2165 habitatit
2132 2111 2185 2163 in
2218 2120 2373 2162 utero
2402 2117 2493 2161 tuo
2533 2108 2668 2176 (5‘2),
2708 2122 2741 2160 ο
2790 2116 2938 2162 casta
2985 2106 3144 2175 Virgo
3199 2105 3391 2169 Mater,

1830 2212 2028 2255 ctcaro
2057 2201 2227 2255 factus
2250 2209 2355 2264 est,
2387 2200 2506 2255 sine
2536 2208 2781 2268 peccato,
2804 2206 2862 2252 ut
2899 2212 2997 2251 nos
3021 2211 3050 2250 a
3079 2196 3394 2251 seductione

1835 2292 2107 2345 liberaret.

1904 2382 2001 2442 Te,
2069 2394 2190 2448 qua:
2241 2379 2495 2434 omnibus
2535 2377 2803 2432 creaturis
2847 2377 3177 2432 eminentior
3228 2392 3397 2447 appa-

1835 2473 2017 2534 ruisti,
2052 2479 2238 2540 utpote
2276 2472 2533 2524 omnibus
2563 2471 2841 2532 sanctior,
2878 2470 3255 2537 generationes
3295 2471 3397 2523 ho-

1844 2566 2053 2618 minum
2081 2578 2204 2618 eum
2240 2563 2394 2618 laude
2423 2562 2753 2628 beatificant,
2785 2578 2819 2617 ο
2842 2563 3027 2617 divina
3062 2563 3399 2618 beatitudine

1835 2657 2129 2710 cumulata.

1908 2746 2101 2816 Legem
2128 2762 2321 2803 novam
2350 2747 2591 2817 praividit
2622 2758 2670 2803 te
2688 2747 2816 2802 olim
2849 2748 3136 2817 propheta,
3161 2746 3393 2802 Verbum

1841 2840 1931 2892 Dei
1965 2840 2283 2907 inscriptum
2318 2841 2624 2903 habentem,
2670 2855 2703 2893 o
2754 2841 2952 2909 puella,
3005 2841 3148 2910 quod
3193 2840 3403 2910 peccati

1838 2933 2134 3001 primorum
2161 2940 2446 3000 parentum
2478 2931 2902 3001 chimgraphum
2935 2932 3190 3001 diSrupit.

1910 3022 2223 3078 Laudamus
2253 3034 2325 3087 te,
2362 3040 2395 3079 o
2433 3023 2601 3078 Maria
2634 3025 2960 3088 castissima,
2986 3040 3105 3093 qua:
3140 3020 3397 3078 iiiellabili

1838 3127 1997 3185 partu
2026 3125 2118 3170 tuo
2144 3117 2436 3169 humanam
2468 3130 2705 3170 massam
2737 3114 2996 3169 deitieasti
3016 3153 3030 3177 ,
3068 3123 3120 3166 ι·1.
3157 3129 3256 3168 nos
3281 3130 3403 3167 eor-

1844 3217 2034 3277 ruptos
2061 3221 2127 3260 ac
2174 3205 2365 3261 fraude
2387 3206 2656 3277 serpentis
2694 3207 2961 3261 contritos
2986 3204 3323 3284 reformasti.

1911 3391 1955 3449 Ο
1979 3392 2342 3458 sanctissima,
2376 3392 2606 3449 thronus
2632 3392 2736 3449 Dei
2782 3392 3059 3447 cherubim
3096 3393 3401 3457 sublimior,

1843 3503 1905 3543 ac
1967 3490 2137 3543 nubes
2180 3488 2337 3552 lucis,
2382 3488 2628 3541 illumina
2681 3490 2870 3543 oculos
2915 3489 3112 3542 animm
3161 3504 3313 3551 meai,
3352 3497 3407 3543 et

1842 3594 1871 3633 a
1896 3579 2216 3650 passionum
2252 3580 2489 3634 tenebris
2518 3578 2744 3648 puritica
2773 3577 3010 3633 animam
3061 3594 3258 3633 meam.

1916 3741 2313 3798 Dormitatione
2365 3739 2708 3809 negligentia:
2751 3741 3125 3806 'oppressum,
3184 3754 3412 3793 somnus

1848 3835 2051 3906 peccati
2090 3832 2405 3888 mortiferus
2445 3831 2801 3901 deprehendit
2837 3846 2922 3885 me
2959 3850 2971 3883 :
3015 3843 3297 3900 propterea
3345 3836 3410 3886 ad

1848 3930 2064 3984 vitalem
2105 3927 2438 3993 pmnitentia‘:
2494 3925 2835 3995 splendorem
2889 3926 3163 3980 exsuScita
3224 3942 3329 3989 me,
3378 3943 3413 3981 o

1849 4033 2022 4082 casta,
2051 4032 2102 4077 ct
2134 4023 2282 4077 salva
2326 4034 2431 4074 me.

1922 4115 2102 4169 Sacra:
2133 4129 2291 4168 voces
2326 4112 2915 4182 praenuntiaveruntte,
2947 4125 2980 4165 o
3036 4110 3197 4180 Virgo
3247 4112 3414 4165 Mater

1849 4205 2052 4273 puella,
2084 4201 2320 4256 futuram
2356 4215 2476 4256 esse
2513 4201 2792 4255 Creatoris
2838 4202 2912 4254 tui
2957 4202 3223 4265 altricem,
3259 4213 3419 4271 atque

1852 4295 2157 4349 habituram
2180 4303 2390 4363 partum
2417 4289 2766 4354 ineffabilem,
2789 4301 2843 4345 et
2866 4293 3273 4360 conceptionem
3300 4308 3419 4360 pcr-

1853 4386 2094 4455 egrinam
2146 4403 2159 4437 :
2201 4385 2343 4437 unde
2389 4393 2439 4437 te
2495 4383 2781 4437 laudamus
2839 4384 2891 4436 in
2966 4386 3146 4435 omnia
3199 4386 3417 4436 sa-cula.

1928 4476 2084 4531 Ulnis
2137 4475 2242 4528 tuis
2268 4474 2544 4527 Christum
2574 4484 2782 4542 portas,
2814 4485 3008 4527 oeasta
3039 4472 3199 4543 Virgo
3230 4473 3417 4534 Mater,

1862 4567 1955 4636 qui
2007 4582 2171 4620 manu
2218 4581 2316 4619 sua
2357 4565 2600 4619 continet
2650 4579 2713 4617 ac
2764 4566 2901 4631 regit
2952 4580 3169 4619 omnem
3234 4566 3421 4617 orbein

1864 4668 2156 4712 terrarum.
2202 4658 2456 4710 Eumdem
2524 4665 2782 4724 tanquam
2843 4654 3036 4708 Filium
3091 4665 3143 4709 et
3203 4656 3426 4707 Creato-

1861 4765 1977 4804 rem
2024 4758 2176 4801 tuum
2206 4750 2495 4816 deprecare
2529 4763 2627 4817 pro
2655 4748 2829 4801 salute
2878 4748 3183 4799 animarum
3220 4747 3424 4799 collau—

1858 4839 2102 4895 dantium
2132 4848 2204 4893 te.

1859 4966 1971 5039 64
2007 4966 2089 5020 Ex
2107 4965 2314 5021 Canam:
2349 4966 2405 5018 in
2430 4963 2490 5020 S.
2520 4964 2859 5034 Archippum,
2891 4964 3207 5033 apostolum,
3230 4966 3313 5016 die
3344 4963 3424 5015 l9.

1940 5136 2198 5190 Videntes
2222 5136 2393 5189 divini
2444 5137 2593 5203 loqui
2626 5148 2777 5190 vates
2809 5154 2835 5189 a
2888 5138 3044 5206 longe
3094 5137 3428 5206 pl'Opltt'litls

1862 5228 2038 5283 oculis
2069 5228 2414 5282 formidabile
2442 5236 2603 5297 atque
2642 5228 2911 5282 ineffabile
2937 5238 3125 5298 partus
3156 5230 3231 5282 tui
3259 5229 3428 5283 divini

1866 5419 1973 5458 non
2029 5413 2334 5474 penetraret
2382 5405 2445 5457 ad
2500 5420 2616 5459 eam
2675 5406 2822 5461 labes
2875 5409 2975 5462 ista
3037 5408 3430 5474 connatnralis,

1867 5476 2088 5543 quando
2116 5492 2312 5546 corpus
2342 5476 2519 5529 elllatu
2558 5475 2791 5544 Spiritus
2822 5490 3197 5532 consecratum
3243 5494 3434 5533 susce-

1864 5554 1942 5612 pit
1972 5547 2206 5597 animum
2257 5548 2307 5598 in
2358 5548 2690 5612 plenitudine
2736 5549 2922 5615 gratia:
2967 5560 3202 5601 creatam
3240 5565 3253 5600 :
3288 5548 3432 5616 quod

1866 5616 1999 5668 citra
2036 5616 2408 5669 alterationem
2434 5619 2607 5684 potuit
2633 5617 2772 5670 Deus
2804 5617 2998 5675 facere.
3037 5630 3088 5670 et
3120 5618 3265 5680 fecit,
3298 5621 3434 5669 alio-

1866 5686 1996 5753 quin
2041 5700 2144 5737 non
2197 5695 2404 5738 tantum
2456 5690 2772 5756 honorasset
2808 5686 2964 5756 Pater
2992 5687 3206 5753 Filium,
3244 5689 3288 5742 si
3321 5688 3433 5740 Ma.

1868 5765 2005 5807 trem
2064 5756 2354 5825 aliquando
2424 5755 2660 5811 infamia:
2724 5755 2924 5811 malum
2964 5760 3195 5814 subiisse
3241 5773 3436 5828 passus

1868 5835 2027 5878 (‘SSI‘L
