  <div class='ocr_page' id='page_1' title='image "/cluster/home/n/w/nwhite01/storage/ocr_20150623/105/nnc1.0046980105/540.png"; bbox 0 0 4164 6456; ppageno 0'>
   <div class='ocr_carea' id='block_1_1' title="bbox 214 430 344 492">
    <p class='ocr_par' dir='ltr' id='par_1_1' title="bbox 214 430 344 492">
     <span class='ocr_line' id='line_1_1' title="bbox 214 430 344 492; baseline 0 0"><span class='ocrx_word' id='word_1_1' title='bbox 214 430 344 492; x_wconf 71' lang='grc' dir='ltr'><strong>ἶοεῦ</strong></span> 
     </span>
    </p>
   </div>
   <div class='ocr_carea' id='block_1_2' title="bbox 1642 424 2001 488">
    <p class='ocr_par' dir='ltr' id='par_1_2' title="bbox 1642 424 2001 488">
     <span class='ocr_line' id='line_1_2' title="bbox 1642 424 2001 488; baseline -0.003 0"><span class='ocrx_word' id='word_1_2' title='bbox 1642 424 2001 488; x_wconf 80' lang='lat' dir='ltr'><strong>MARIALE.</strong></span> 
     </span>
    </p>
   </div>
   <div class='ocr_carea' id='block_1_3' title="bbox 3305 419 3436 481">
    <p class='ocr_par' dir='ltr' id='par_1_3' title="bbox 3305 419 3436 481">
     <span class='ocr_line' id='line_1_3' title="bbox 3305 419 3436 481; baseline 0.023 -3"><span class='ocrx_word' id='word_1_3' title='bbox 3305 419 3436 481; x_wconf 83' lang='lat' dir='ltr'><strong>l066</strong></span> 
     </span>
    </p>
   </div>
   <div class='ocr_carea' id='block_1_4' title="bbox 208 527 1779 611">
    <p class='ocr_par' dir='ltr' id='par_1_4' title="bbox 208 539 1772 611">
     <span class='ocr_line' id='line_1_4' title="bbox 208 539 1772 611; baseline -0.003 -17"><span class='ocrx_word' id='word_1_4' title='bbox 208 543 479 611; x_wconf 72' lang='grc' dir='ltr'>ἄφραστον</span> <span class='ocrx_word' id='word_1_5' title='bbox 504 540 600 610; x_wconf 79' lang='grc' dir='ltr'>τῆς</span> <span class='ocrx_word' id='word_1_6' title='bbox 630 539 832 611; x_wconf 84' lang='grc' dir='ltr'>σεπτῆς</span> <span class='ocrx_word' id='word_1_7' title='bbox 862 540 1076 611; x_wconf 80' lang='grc' dir='ltr'><strong>λοχείας</strong></span> <span class='ocrx_word' id='word_1_8' title='bbox 1105 556 1203 592; x_wconf 92' lang='grc' dir='ltr'><strong>σου</strong></span> <span class='ocrx_word' id='word_1_9' title='bbox 1241 541 1338 610; x_wconf 74' lang='grc' dir='ltr'>τῆς</span> <span class='ocrx_word' id='word_1_10' title='bbox 1381 539 1569 610; x_wconf 81' lang='grc' dir='ltr'>ἁγνῆς,</span> <span class='ocrx_word' id='word_1_11' title='bbox 1599 555 1772 592; x_wconf 77' lang='grc' dir='ltr'>ποικι-</span> 
     </span>
    </p>
   </div>
   <div class='ocr_carea' id='block_1_5' title="bbox 1885 527 3442 611">
    <p class='ocr_par' dir='ltr' id='par_1_5' title="bbox 1885 527 3442 603">
     <span class='ocr_line' id='line_1_5' title="bbox 1885 527 3442 603; baseline -0.004 -14"><span class='ocrx_word' id='word_1_12' title='bbox 1885 543 2063 603; x_wconf 89' lang='lat' dir='ltr'><strong>partus</strong></span> <span class='ocrx_word' id='word_1_13' title='bbox 2127 529 2200 585; x_wconf 91' lang='lat' dir='ltr'><strong>tui</strong></span> <span class='ocrx_word' id='word_1_14' title='bbox 2248 528 2571 585; x_wconf 82' lang='lat' dir='ltr'><strong>venerabilis</strong></span> <span class='ocrx_word' id='word_1_15' title='bbox 2621 538 2672 582; x_wconf 92' lang='lat' dir='ltr'><strong>et</strong></span> <span class='ocrx_word' id='word_1_16' title='bbox 2736 527 2910 593; x_wconf 89' lang='lat' dir='ltr'><strong>casti;</strong></span> <span class='ocrx_word' id='word_1_17' title='bbox 2945 541 3037 597; x_wconf 89' lang='lat' dir='ltr'><strong>per</strong></span> <span class='ocrx_word' id='word_1_18' title='bbox 3076 527 3254 582; x_wconf 86' lang='lat' dir='ltr'><strong>varias</strong></span> <span class='ocrx_word' id='word_1_19' title='bbox 3306 533 3442 596; x_wconf 79' lang='lat' dir='ltr'><strong>ligu-</strong></span> 
     </span>
    </p>
   </div>
   <div class='ocr_carea' id='block_1_6' title="bbox 207 632 1540 704">
    <p class='ocr_par' dir='ltr' id='par_1_6' title="bbox 207 632 1540 704">
     <span class='ocr_line' id='line_1_6' title="bbox 207 632 1540 704; baseline -0.001 -17"><span class='ocrx_word' id='word_1_20' title='bbox 207 634 486 703; x_wconf 86' lang='grc' dir='ltr'>λοτρόπως</span> <span class='ocrx_word' id='word_1_21' title='bbox 510 633 584 696; x_wconf 72' lang='grc' dir='ltr'><strong>ὡς</strong></span> <span class='ocrx_word' id='word_1_22' title='bbox 621 632 926 704; x_wconf 71' lang='grc' dir='ltr'>ὶχὼρησαν,</span> <span class='ocrx_word' id='word_1_23' title='bbox 961 632 1120 686; x_wconf 75' lang='grc' dir='ltr'>τοῦτο</span> <span class='ocrx_word' id='word_1_24' title='bbox 1149 633 1540 704; x_wconf 81' lang='grc' dir='ltr'>προήγγειλαν.</span> 
     </span>
    </p>
   </div>
   <div class='ocr_carea' id='block_1_7' title="bbox 284 805 1773 878">
    <p class='ocr_par' dir='ltr' id='par_1_7' title="bbox 284 805 1773 878">
     <span class='ocr_line' id='line_1_7' title="bbox 284 805 1773 878; baseline 0.001 -21"><span class='ocrx_word' id='word_1_25' title='bbox 284 805 542 874; x_wconf 80' lang='grc' dir='ltr'>Ἀγίασον</span> <span class='ocrx_word' id='word_1_26' title='bbox 595 805 694 876; x_wconf 82' lang='grc' dir='ltr'>τὴν</span> <span class='ocrx_word' id='word_1_27' title='bbox 742 806 922 878; x_wconf 78' lang='grc' dir='ltr'>ψυχήν</span> <span class='ocrx_word' id='word_1_28' title='bbox 973 824 1096 878; x_wconf 88' lang='grc' dir='ltr'>μου,</span> <span class='ocrx_word' id='word_1_29' title='bbox 1127 807 1393 878; x_wconf 81' lang='grc' dir='ltr'>Παρθένε,</span> <span class='ocrx_word' id='word_1_30' title='bbox 1422 809 1455 877; x_wconf 86' lang='grc' dir='ltr'><strong>ή</strong></span> <span class='ocrx_word' id='word_1_31' title='bbox 1499 808 1588 859; x_wconf 82' lang='grc' dir='ltr'>τὸν</span> <span class='ocrx_word' id='word_1_32' title='bbox 1620 808 1773 875; x_wconf 83' lang='grc' dir='ltr'>ἆγιον</span> 
     </span>
    </p>
   </div>
   <div class='ocr_carea' id='block_1_8' title="bbox 203 897 1769 968">
    <p class='ocr_par' dir='ltr' id='par_1_8' title="bbox 203 897 1769 968">
     <span class='ocr_line' id='line_1_8' title="bbox 203 897 1769 968; baseline 0.003 -22"><span class='ocrx_word' id='word_1_33' title='bbox 203 897 458 966; x_wconf 77' lang='grc' dir='ltr'><strong>κυήσασα</strong></span> <span class='ocrx_word' id='word_1_34' title='bbox 511 897 705 964; x_wconf 85' lang='grc' dir='ltr'>Λόγον,</span> <span class='ocrx_word' id='word_1_35' title='bbox 738 898 829 951; x_wconf 79' lang='grc' dir='ltr'><strong>τὸν</strong></span> <span class='ocrx_word' id='word_1_36' title='bbox 875 898 1090 968; x_wconf 82' lang='grc' dir='ltr'>ἀληθῶς</span> <span class='ocrx_word' id='word_1_37' title='bbox 1145 901 1203 952; x_wconf 83' lang='grc' dir='ltr'>ὲν</span> <span class='ocrx_word' id='word_1_38' title='bbox 1236 899 1433 966; x_wconf 79' lang='grc' dir='ltr'>ἁγίοις,</span> <span class='ocrx_word' id='word_1_39' title='bbox 1469 899 1544 959; x_wconf 84' lang='grc' dir='ltr'>ὡς</span> <span class='ocrx_word' id='word_1_40' title='bbox 1593 899 1769 968; x_wconf 77' lang='grc' dir='ltr'>θέμις,</span> 
     </span>
    </p>
   </div>
   <div class='ocr_carea' id='block_1_9' title="bbox 205 984 1774 1064">
    <p class='ocr_par' dir='ltr' id='par_1_9' title="bbox 205 984 1774 1064">
     <span class='ocr_line' id='line_1_9' title="bbox 205 984 1774 1064; baseline 0.005 -28"><span class='ocrx_word' id='word_1_41' title='bbox 205 984 627 1056; x_wconf 66' lang='grc' dir='ltr'><strong>ἀναπαυόμενον</strong></span> <span class='ocrx_word' id='word_1_42' title='bbox 665 989 826 1058; x_wconf 81' lang='grc' dir='ltr'>μόνον</span> <span class='ocrx_word' id='word_1_43' title='bbox 867 990 999 1043; x_wconf 78' lang='grc' dir='ltr'>Θεὸν</span> <span class='ocrx_word' id='word_1_44' title='bbox 1033 991 1211 1064; x_wconf 80' lang='grc' dir='ltr'>ἡμῶν,</span> <span class='ocrx_word' id='word_1_45' title='bbox 1241 995 1333 1045; x_wconf 73' lang='grc' dir='ltr'><strong>καὶ</strong></span> <span class='ocrx_word' id='word_1_46' title='bbox 1384 993 1526 1044; x_wconf 77' lang='grc' dir='ltr'>δίδου</span> <span class='ocrx_word' id='word_1_47' title='bbox 1559 1008 1649 1060; x_wconf 86' lang='grc' dir='ltr'><strong>μοι</strong></span> <span class='ocrx_word' id='word_1_48' title='bbox 1699 992 1774 1054; x_wconf 81' lang='grc' dir='ltr'>ὡς</span> 
     </span>
    </p>
   </div>
   <div class='ocr_carea' id='block_1_10' title="bbox 202 1077 1455 1157">
    <p class='ocr_par' dir='ltr' id='par_1_10' title="bbox 202 1077 1455 1157">
     <span class='ocr_line' id='line_1_10' title="bbox 202 1077 1455 1157; baseline 0.008 -29"><span class='ocrx_word' id='word_1_49' title='bbox 202 1077 423 1146; x_wconf 78' lang='grc' dir='ltr'>ἀληθῶς</span> <span class='ocrx_word' id='word_1_50' title='bbox 456 1082 803 1149; x_wconf 77' lang='grc' dir='ltr'><strong>κατανύξεως</strong></span> <span class='ocrx_word' id='word_1_51' title='bbox 826 1084 1086 1157; x_wconf 72' lang='grc' dir='ltr'>ὄμϐρους,</span> <span class='ocrx_word' id='word_1_52' title='bbox 1130 1087 1455 1157; x_wconf 86' lang='grc' dir='ltr'>πανάμωμε.</span> 
     </span>
    </p>
   </div>
   <div class='ocr_carea' id='block_1_11' title="bbox 277 1171 1774 1248">
    <p class='ocr_par' dir='ltr' id='par_1_11' title="bbox 277 1171 1774 1248">
     <span class='ocr_line' id='line_1_11' title="bbox 277 1171 1774 1248; baseline 0.005 -26"><span class='ocrx_word' id='word_1_53' title='bbox 277 1171 381 1223; x_wconf 82' lang='grc' dir='ltr'><strong>Σοῦ</strong></span> <span class='ocrx_word' id='word_1_54' title='bbox 430 1174 528 1240; x_wconf 78' lang='grc' dir='ltr'>τὴν</span> <span class='ocrx_word' id='word_1_55' title='bbox 557 1174 720 1241; x_wconf 80' lang='grc' dir='ltr'>νηδὺν</span> <span class='ocrx_word' id='word_1_56' title='bbox 771 1177 846 1246; x_wconf 84' lang='grc' dir='ltr'>μὴ</span> <span class='ocrx_word' id='word_1_57' title='bbox 896 1178 1240 1245; x_wconf 80' lang='grc' dir='ltr'>καταφλέξαν</span> <span class='ocrx_word' id='word_1_58' title='bbox 1274 1182 1372 1248; x_wconf 86' lang='grc' dir='ltr'>τῆς</span> <span class='ocrx_word' id='word_1_59' title='bbox 1425 1177 1676 1246; x_wconf 74' lang='grc' dir='ltr'><strong>θεότητος</strong></span> <span class='ocrx_word' id='word_1_60' title='bbox 1713 1178 1774 1230; x_wconf 79' lang='grc' dir='ltr'>τὸ</span> 
     </span>
    </p>
   </div>
   <div class='ocr_carea' id='block_1_12' title="bbox 206 1265 1776 1342">
    <p class='ocr_par' dir='ltr' id='par_1_12' title="bbox 206 1265 1776 1342">
     <span class='ocr_line' id='line_1_12' title="bbox 206 1265 1776 1342; baseline 0.004 -28"><span class='ocrx_word' id='word_1_61' title='bbox 206 1265 342 1335; x_wconf 82' lang='grc' dir='ltr'>πῦρ,</span> <span class='ocrx_word' id='word_1_62' title='bbox 385 1265 825 1339; x_wconf 69' lang='grc' dir='ltr'>παρθεωμῆτορ,</span> <span class='ocrx_word' id='word_1_63' title='bbox 855 1269 1199 1338; x_wconf 70' lang='grc' dir='ltr'>ωματοῦται</span> <span class='ocrx_word' id='word_1_64' title='bbox 1234 1273 1298 1324; x_wconf 86' lang='grc' dir='ltr'><strong>ὲκ</strong></span> <span class='ocrx_word' id='word_1_65' title='bbox 1331 1269 1423 1324; x_wconf 84' lang='grc' dir='ltr'><strong>σοῦ</strong></span> <span class='ocrx_word' id='word_1_66' title='bbox 1458 1273 1526 1324; x_wconf 88' lang='grc' dir='ltr'><strong>τά</strong></span> <span class='ocrx_word' id='word_1_67' title='bbox 1566 1271 1776 1342; x_wconf 84' lang='grc' dir='ltr'>πέρατα</span> 
     </span>
    </p>
   </div>
   <div class='ocr_carea' id='block_1_13' title="bbox 204 1357 1773 1433">
    <p class='ocr_par' dir='ltr' id='par_1_13' title="bbox 204 1357 1773 1433">
     <span class='ocr_line' id='line_1_13' title="bbox 204 1357 1773 1433; baseline 0.003 -23"><span class='ocrx_word' id='word_1_68' title='bbox 204 1357 460 1423; x_wconf 73' lang='grc' dir='ltr'>φωτίζων</span> <span class='ocrx_word' id='word_1_69' title='bbox 509 1363 632 1424; x_wconf 89' lang='grc' dir='ltr'>ταῖς</span> <span class='ocrx_word' id='word_1_70' title='bbox 684 1361 894 1425; x_wconf 79' lang='grc' dir='ltr'>θεῖκαῖς</span> <span class='ocrx_word' id='word_1_71' title='bbox 946 1362 1340 1433; x_wconf 82' lang='grc' dir='ltr'>λαμπρότησι·</span> <span class='ocrx_word' id='word_1_72' title='bbox 1369 1364 1459 1418; x_wconf 81' lang='grc' dir='ltr'>διὰ</span> <span class='ocrx_word' id='word_1_73' title='bbox 1509 1363 1665 1416; x_wconf 80' lang='grc' dir='ltr'>τοῦτό</span> <span class='ocrx_word' id='word_1_74' title='bbox 1716 1379 1773 1415; x_wconf 85' lang='grc' dir='ltr'><strong>σε</strong></span> 
     </span>
    </p>
   </div>
   <div class='ocr_carea' id='block_1_14' title="bbox 206 1447 507 1518">
    <p class='ocr_par' dir='ltr' id='par_1_14' title="bbox 206 1447 507 1518">
     <span class='ocr_line' id='line_1_14' title="bbox 206 1447 507 1518; baseline 0.017 -20"><span class='ocrx_word' id='word_1_75' title='bbox 206 1447 507 1518; x_wconf 80' lang='grc' dir='ltr'>ὐμνοῦμεν.</span> 
     </span>
    </p>
   </div>
   <div class='ocr_carea' id='block_1_15' title="bbox 289 1542 1775 1616">
    <p class='ocr_par' dir='ltr' id='par_1_15' title="bbox 289 1542 1775 1616">
     <span class='ocr_line' id='line_1_15' title="bbox 289 1542 1775 1616; baseline 0.003 -23"><span class='ocrx_word' id='word_1_76' title='bbox 289 1543 351 1595; x_wconf 88' lang='grc' dir='ltr'><strong>Ὀ</strong></span> <span class='ocrx_word' id='word_1_77' title='bbox 390 1542 643 1614; x_wconf 77' lang='grc' dir='ltr'><strong>βουλήσει</strong></span> <span class='ocrx_word' id='word_1_78' title='bbox 703 1546 880 1599; x_wconf 85' lang='grc' dir='ltr'>πάντα</span> <span class='ocrx_word' id='word_1_79' title='bbox 918 1547 1175 1609; x_wconf 77' lang='grc' dir='ltr'><strong>ἐκτελῶν,</strong></span> <span class='ocrx_word' id='word_1_80' title='bbox 1201 1546 1510 1616; x_wconf 86' lang='grc' dir='ltr'>πανάμωμε</span> <span class='ocrx_word' id='word_1_81' title='bbox 1549 1545 1775 1613; x_wconf 87' lang='grc' dir='ltr'>εὐλογη-</span> 
     </span>
    </p>
   </div>
   <div class='ocr_carea' id='block_1_16' title="bbox 212 1635 1775 1710">
    <p class='ocr_par' dir='ltr' id='par_1_16' title="bbox 212 1635 1775 1710">
     <span class='ocr_line' id='line_1_16' title="bbox 212 1635 1775 1710; baseline 0.006 -25"><span class='ocrx_word' id='word_1_82' title='bbox 212 1635 374 1704; x_wconf 83' lang='grc' dir='ltr'>μένη,</span> <span class='ocrx_word' id='word_1_83' title='bbox 409 1635 690 1706; x_wconf 82' lang='grc' dir='ltr'>βουληθεὶς</span> <span class='ocrx_word' id='word_1_84' title='bbox 719 1637 814 1692; x_wconf 81' lang='grc' dir='ltr'>καὶ</span> <span class='ocrx_word' id='word_1_85' title='bbox 849 1640 1062 1710; x_wconf 83' lang='grc' dir='ltr'>μήτραν</span> <span class='ocrx_word' id='word_1_86' title='bbox 1101 1639 1199 1707; x_wconf 76' lang='grc' dir='ltr'>τὴν</span> <span class='ocrx_word' id='word_1_87' title='bbox 1240 1639 1336 1708; x_wconf 82' lang='grc' dir='ltr'>σὴν</span> <span class='ocrx_word' id='word_1_88' title='bbox 1369 1639 1775 1706; x_wconf 78' lang='grc' dir='ltr'><strong>κατεσκήνωσε.</strong></span> 
     </span>
    </p>
   </div>
   <div class='ocr_carea' id='block_1_17' title="bbox 210 1728 1774 1801">
    <p class='ocr_par' dir='ltr' id='par_1_17' title="bbox 210 1728 1774 1801">
     <span class='ocr_line' id='line_1_17' title="bbox 210 1728 1774 1801; baseline 0.001 -23"><span class='ocrx_word' id='word_1_89' title='bbox 210 1729 306 1780; x_wconf 68' lang='grc' dir='ltr'>καὶ</span> <span class='ocrx_word' id='word_1_90' title='bbox 331 1728 466 1798; x_wconf 88' lang='grc' dir='ltr'><strong>σάρξ</strong></span> <span class='ocrx_word' id='word_1_91' title='bbox 492 1728 705 1800; x_wconf 86' lang='grc' dir='ltr'>ὠράθη,</span> <span class='ocrx_word' id='word_1_92' title='bbox 740 1732 834 1784; x_wconf 77' lang='grc' dir='ltr'>καὶ</span> <span class='ocrx_word' id='word_1_93' title='bbox 863 1731 1066 1784; x_wconf 83' lang='grc' dir='ltr'>ὲθέωσέ</span> <span class='ocrx_word' id='word_1_94' title='bbox 1118 1749 1183 1800; x_wconf 86' lang='grc' dir='ltr'><strong>με</strong></span> <span class='ocrx_word' id='word_1_95' title='bbox 1236 1731 1515 1801; x_wconf 75' lang='grc' dir='ltr'>φθαρέντα</span> <span class='ocrx_word' id='word_1_96' title='bbox 1548 1729 1608 1781; x_wconf 85' lang='grc' dir='ltr'>τὸ</span> <span class='ocrx_word' id='word_1_97' title='bbox 1640 1729 1774 1797; x_wconf 80' lang='grc' dir='ltr'>πρό-</span> 
     </span>
    </p>
   </div>
   <div class='ocr_carea' id='block_1_18' title="bbox 207 1820 1465 1894">
    <p class='ocr_par' dir='ltr' id='par_1_18' title="bbox 207 1820 1465 1894">
     <span class='ocr_line' id='line_1_18' title="bbox 207 1820 1465 1894; baseline 0.004 -22"><span class='ocrx_word' id='word_1_98' title='bbox 207 1836 367 1888; x_wconf 86' lang='grc' dir='ltr'>τερον</span> <span class='ocrx_word' id='word_1_99' title='bbox 405 1820 500 1874; x_wconf 85' lang='grc' dir='ltr'>τοῦ</span> <span class='ocrx_word' id='word_1_100' title='bbox 519 1821 835 1887; x_wconf 78' lang='grc' dir='ltr'>ἀπατεῶνας</span> <span class='ocrx_word' id='word_1_101' title='bbox 873 1825 1106 1894; x_wconf 80' lang='grc' dir='ltr'>κακίστη</span> <span class='ocrx_word' id='word_1_102' title='bbox 1143 1823 1465 1893; x_wconf 74' lang='grc' dir='ltr'>συμϐουλία.</span> 
     </span>
    </p>
   </div>
   <div class='ocr_carea' id='block_1_19' title="bbox 1878 622 3442 692">
    <p class='ocr_par' dir='ltr' id='par_1_19' title="bbox 1878 622 3442 692">
     <span class='ocr_line' id='line_1_19' title="bbox 1878 622 3442 692; baseline -0.001 -14"><span class='ocrx_word' id='word_1_103' title='bbox 1878 639 1997 686; x_wconf 91' lang='lat' dir='ltr'><strong>ras,</strong></span> <span class='ocrx_word' id='word_1_104' title='bbox 2039 622 2498 692; x_wconf 79' lang='lat' dir='ltr'><strong>quemadmodum</strong></span> <span class='ocrx_word' id='word_1_105' title='bbox 2561 635 2753 690; x_wconf 82' lang='lat' dir='ltr'><strong>capere</strong></span> <span class='ocrx_word' id='word_1_106' title='bbox 2808 629 3132 689; x_wconf 85' lang='lat' dir='ltr'><strong>potuerant,</strong></span> <span class='ocrx_word' id='word_1_107' title='bbox 3189 636 3442 689; x_wconf 66' lang='lat' dir='ltr'><strong>prauum-</strong></span> 
     </span>
    </p>
   </div>
   <div class='ocr_carea' id='block_1_20' title="bbox 1877 715 2326 771">
    <p class='ocr_par' dir='ltr' id='par_1_20' title="bbox 1877 715 2326 771">
     <span class='ocr_line' id='line_1_20' title="bbox 1877 715 2326 771; baseline -0.007 -1"><span class='ocrx_word' id='word_1_108' title='bbox 1877 717 2148 771; x_wconf 86' lang='lat' dir='ltr'><strong>tiaverunt</strong></span> <span class='ocrx_word' id='word_1_109' title='bbox 2175 715 2326 768; x_wconf 84' lang='lat' dir='ltr'><strong>illud.</strong></span> 
     </span>
    </p>
   </div>
   <div class='ocr_carea' id='block_1_21' title="bbox 1948 805 3438 874">
    <p class='ocr_par' dir='ltr' id='par_1_21' title="bbox 1948 805 3438 874">
     <span class='ocr_line' id='line_1_21' title="bbox 1948 805 3438 874; baseline -0.001 -14"><span class='ocrx_word' id='word_1_110' title='bbox 1948 807 2236 860; x_wconf 75' lang='lat' dir='ltr'><strong>Sanctiﬁca</strong></span> <span class='ocrx_word' id='word_1_111' title='bbox 2267 805 2503 859; x_wconf 85' lang='lat' dir='ltr'><strong>animam</strong></span> <span class='ocrx_word' id='word_1_112' title='bbox 2529 819 2731 868; x_wconf 89' lang='lat' dir='ltr'><strong>meam,</strong></span> <span class='ocrx_word' id='word_1_113' title='bbox 2759 820 2792 857; x_wconf 89' lang='lat'><strong>0</strong></span> <span class='ocrx_word' id='word_1_114' title='bbox 2821 805 3006 874; x_wconf 79' lang='lat' dir='ltr'><strong>Virgo,</strong></span> <span class='ocrx_word' id='word_1_115' title='bbox 3033 819 3156 873; x_wconf 64' lang='lat' dir='ltr'><strong>qua:</strong></span> <span class='ocrx_word' id='word_1_116' title='bbox 3186 815 3438 859; x_wconf 86' lang='lat' dir='ltr'><strong>sanctum</strong></span> 
     </span>
    </p>
   </div>
   <div class='ocr_carea' id='block_1_22' title="bbox 1881 897 3450 969">
    <p class='ocr_par' dir='ltr' id='par_1_22' title="bbox 1881 897 3450 969">
     <span class='ocr_line' id='line_1_22' title="bbox 1881 897 3450 969; baseline -0.001 -18"><span class='ocrx_word' id='word_1_117' title='bbox 1881 899 2117 951; x_wconf 78' lang='lat' dir='ltr'><strong>Verbum</strong></span> <span class='ocrx_word' id='word_1_118' title='bbox 2144 897 2407 969; x_wconf 78' lang='lat' dir='ltr'><strong>genuisti,</strong></span> <span class='ocrx_word' id='word_1_119' title='bbox 2440 898 2581 966; x_wconf 89' lang='lat' dir='ltr'><strong>quod</strong></span> <span class='ocrx_word' id='word_1_120' title='bbox 2613 898 2666 950; x_wconf 91' lang='lat' dir='ltr'><strong>in</strong></span> <span class='ocrx_word' id='word_1_121' title='bbox 2691 898 2894 950; x_wconf 86' lang='lat' dir='ltr'><strong>sanctis</strong></span> <span class='ocrx_word' id='word_1_122' title='bbox 2909 900 3042 962; x_wconf 83' lang='lat' dir='ltr'><strong>suis,</strong></span> <span class='ocrx_word' id='word_1_123' title='bbox 3077 899 3450 965; x_wconf 64' lang='lat' dir='ltr'><strong>sicutmquum</strong></span> 
     </span>
    </p>
   </div>
   <div class='ocr_carea' id='block_1_23' title="bbox 1876 991 3451 1060">
    <p class='ocr_par' dir='ltr' id='par_1_23' title="bbox 1876 991 3451 1060">
     <span class='ocr_line' id='line_1_23' title="bbox 1876 991 3451 1060; baseline -0.001 -16"><span class='ocrx_word' id='word_1_124' title='bbox 1876 1003 1978 1056; x_wconf 67' lang='lat' dir='ltr'><strong>est,</strong></span> <span class='ocrx_word' id='word_1_125' title='bbox 2017 993 2330 1060; x_wconf 78' lang='lat' dir='ltr'><strong>requiescit,</strong></span> <span class='ocrx_word' id='word_1_126' title='bbox 2355 991 2575 1043; x_wconf 83' lang='lat' dir='ltr'><strong>unicum</strong></span> <span class='ocrx_word' id='word_1_127' title='bbox 2616 991 2786 1044; x_wconf 79' lang='lat' dir='ltr'><strong>Deum</strong></span> <span class='ocrx_word' id='word_1_128' title='bbox 2824 1000 3178 1056; x_wconf 86' lang='lat' dir='ltr'><strong>nostrum;et</strong></span> <span class='ocrx_word' id='word_1_129' title='bbox 3217 991 3284 1044; x_wconf 87' lang='lat' dir='ltr'><strong>da</strong></span> <span class='ocrx_word' id='word_1_130' title='bbox 3321 992 3451 1043; x_wconf 71' lang='lat' dir='ltr'><strong>melii</strong></span> 
     </span>
    </p>
   </div>
   <div class='ocr_carea' id='block_1_24' title="bbox 1879 1082 3450 1154">
    <p class='ocr_par' dir='ltr' id='par_1_24' title="bbox 1879 1082 3450 1154">
     <span class='ocr_line' id='line_1_24' title="bbox 1879 1082 3450 1154; baseline -0.001 -18"><span class='ocrx_word' id='word_1_131' title='bbox 1879 1098 2021 1137; x_wconf 81' lang='lat' dir='ltr'><strong>verae</strong></span> <span class='ocrx_word' id='word_1_132' title='bbox 2065 1082 2508 1154; x_wconf 81' lang='lat' dir='ltr'><strong>compunrtionis</strong></span> <span class='ocrx_word' id='word_1_133' title='bbox 2575 1083 2795 1144; x_wconf 84' lang='lat' dir='ltr'><strong>imbres.</strong></span> <span class='ocrx_word' id='word_1_134' title='bbox 2844 1097 2877 1136; x_wconf 91' lang='grc' dir='ltr'><strong>ο</strong></span> <span class='ocrx_word' id='word_1_135' title='bbox 2923 1084 3450 1137; x_wconf 55' lang='lat' dir='ltr'><strong>immaculatiSsima.</strong></span> 
     </span>
    </p>
   </div>
   <div class='ocr_carea' id='block_1_25' title="bbox 1949 1175 3454 1247">
    <p class='ocr_par' dir='ltr' id='par_1_25' title="bbox 1949 1175 3454 1247">
     <span class='ocr_line' id='line_1_25' title="bbox 1949 1175 3454 1247; baseline -0.001 -16"><span class='ocrx_word' id='word_1_136' title='bbox 1949 1176 2093 1247; x_wconf 88' lang='lat' dir='ltr'><strong>Ignis</strong></span> <span class='ocrx_word' id='word_1_137' title='bbox 2130 1177 2371 1240; x_wconf 89' lang='lat' dir='ltr'><strong>deitatis,</strong></span> <span class='ocrx_word' id='word_1_138' title='bbox 2416 1176 2507 1244; x_wconf 89' lang='lat' dir='ltr'><strong>qui</strong></span> <span class='ocrx_word' id='word_1_139' title='bbox 2559 1175 3029 1230; x_wconf 76' lang='lat' dir='ltr'><strong>universoslerra:</strong></span> <span class='ocrx_word' id='word_1_140' title='bbox 3081 1177 3212 1231; x_wconf 83' lang='lat' dir='ltr'><strong>lines</strong></span> <span class='ocrx_word' id='word_1_141' title='bbox 3253 1177 3454 1231; x_wconf 85' lang='lat' dir='ltr'><strong>divinis</strong></span> 
     </span>
    </p>
   </div>
   <div class='ocr_carea' id='block_1_26' title="bbox 1878 1266 3449 1336">
    <p class='ocr_par' dir='ltr' id='par_1_26' title="bbox 1878 1266 3449 1336">
     <span class='ocr_line' id='line_1_26' title="bbox 1878 1266 3449 1336; baseline -0.002 -14"><span class='ocrx_word' id='word_1_142' title='bbox 1878 1266 2570 1336; x_wconf 85' lang='lat' dir='ltr'><strong>splendoribusilluminat,</strong></span> <span class='ocrx_word' id='word_1_143' title='bbox 2606 1280 2671 1318; x_wconf 83' lang='lat' dir='ltr'><strong>ex</strong></span> <span class='ocrx_word' id='word_1_144' title='bbox 2706 1277 2860 1319; x_wconf 89' lang='lat' dir='ltr'><strong>utero</strong></span> <span class='ocrx_word' id='word_1_145' title='bbox 2901 1276 2995 1319; x_wconf 90' lang='lat' dir='ltr'><strong>tuo</strong></span> <span class='ocrx_word' id='word_1_146' title='bbox 3049 1280 3250 1329; x_wconf 87' lang='lat' dir='ltr'><strong>corpus</strong></span> <span class='ocrx_word' id='word_1_147' title='bbox 3291 1282 3449 1319; x_wconf 82' lang='lat' dir='ltr'><strong>acre-</strong></span> 
     </span>
    </p>
   </div>
   <div class='ocr_carea' id='block_1_27' title="bbox 1878 1360 3456 1429">
    <p class='ocr_par' dir='ltr' id='par_1_27' title="bbox 1878 1360 3456 1429">
     <span class='ocr_line' id='line_1_27' title="bbox 1878 1360 3456 1429; baseline 0 -17"><span class='ocrx_word' id='word_1_148' title='bbox 1878 1360 1974 1428; x_wconf 89' lang='lat' dir='ltr'><strong>pit,</strong></span> <span class='ocrx_word' id='word_1_149' title='bbox 2010 1374 2108 1415; x_wconf 91' lang='lat' dir='ltr'><strong>nec</strong></span> <span class='ocrx_word' id='word_1_150' title='bbox 2153 1369 2333 1414; x_wconf 87' lang='lat' dir='ltr'><strong>tamen</strong></span> <span class='ocrx_word' id='word_1_151' title='bbox 2370 1361 2522 1414; x_wconf 92' lang='lat' dir='ltr'><strong>illum</strong></span> <span class='ocrx_word' id='word_1_152' title='bbox 2581 1360 2885 1413; x_wconf 88' lang='lat' dir='ltr'><strong>combussit</strong></span> <span class='ocrx_word' id='word_1_153' title='bbox 2939 1378 2952 1412; x_wconf 89' lang='lat'><strong>:</strong></span> <span class='ocrx_word' id='word_1_154' title='bbox 3007 1368 3293 1429; x_wconf 82' lang='lat' dir='ltr'><strong>propterea</strong></span> <span class='ocrx_word' id='word_1_155' title='bbox 3321 1367 3390 1422; x_wconf 89' lang='lat' dir='ltr'><strong>te,</strong></span> <span class='ocrx_word' id='word_1_156' title='bbox 3423 1376 3456 1412; x_wconf 84' lang='grc' dir='ltr'><strong>ο</strong></span> 
     </span>
    </p>
   </div>
   <div class='ocr_carea' id='block_1_28' title="bbox 1885 1451 2686 1520">
    <p class='ocr_par' dir='ltr' id='par_1_28' title="bbox 1885 1451 2686 1520">
     <span class='ocr_line' id='line_1_28' title="bbox 1885 1451 2686 1520; baseline 0 -15"><span class='ocrx_word' id='word_1_157' title='bbox 1885 1451 2046 1520; x_wconf 84' lang='lat' dir='ltr'><strong>Virgo</strong></span> <span class='ocrx_word' id='word_1_158' title='bbox 2066 1451 2258 1513; x_wconf 80' lang='lat' dir='ltr'><strong>Mater,</strong></span> <span class='ocrx_word' id='word_1_159' title='bbox 2289 1452 2686 1506; x_wconf 89' lang='lat' dir='ltr'><strong>collaudamus.</strong></span> 
     </span>
    </p>
   </div>
   <div class='ocr_carea' id='block_1_29' title="bbox 1951 1543 3456 1613">
    <p class='ocr_par' dir='ltr' id='par_1_29' title="bbox 1951 1543 3456 1613">
     <span class='ocr_line' id='line_1_29' title="bbox 1951 1543 3456 1613; baseline 0 -17"><span class='ocrx_word' id='word_1_160' title='bbox 1951 1543 2054 1609; x_wconf 87' lang='lat' dir='ltr'><strong>Qui</strong></span> <span class='ocrx_word' id='word_1_161' title='bbox 2117 1544 2401 1598; x_wconf 82' lang='lat' dir='ltr'><strong>voluntate</strong></span> <span class='ocrx_word' id='word_1_162' title='bbox 2436 1559 2534 1598; x_wconf 89' lang='lat' dir='ltr'><strong>sua</strong></span> <span class='ocrx_word' id='word_1_163' title='bbox 2580 1544 2812 1613; x_wconf 82' lang='lat' dir='ltr'><strong>perfecit</strong></span> <span class='ocrx_word' id='word_1_164' title='bbox 2855 1544 3136 1608; x_wconf 81' lang='lat' dir='ltr'><strong>universa,</strong></span> <span class='ocrx_word' id='word_1_165' title='bbox 3191 1545 3244 1598; x_wconf 90' lang='lat' dir='ltr'><strong>in</strong></span> <span class='ocrx_word' id='word_1_166' title='bbox 3303 1555 3456 1598; x_wconf 82' lang='lat' dir='ltr'><strong>utero</strong></span> 
     </span>
    </p>
   </div>
   <div class='ocr_carea' id='block_1_30' title="bbox 1881 1636 3456 1698">
    <p class='ocr_par' dir='ltr' id='par_1_30' title="bbox 1881 1636 3456 1698">
     <span class='ocr_line' id='line_1_30' title="bbox 1881 1636 3456 1698; baseline 0.001 -12"><span class='ocrx_word' id='word_1_167' title='bbox 1881 1641 1995 1698; x_wconf 89' lang='lat' dir='ltr'><strong>tuo,</strong></span> <span class='ocrx_word' id='word_1_168' title='bbox 2057 1651 2090 1688; x_wconf 94' lang='lat' dir='ltr'><strong>o</strong></span> <span class='ocrx_word' id='word_1_169' title='bbox 2142 1645 2250 1688; x_wconf 88' lang='lat' dir='ltr'><strong>tota</strong></span> <span class='ocrx_word' id='word_1_170' title='bbox 2295 1636 2646 1689; x_wconf 86' lang='lat' dir='ltr'><strong>immaculata</strong></span> <span class='ocrx_word' id='word_1_171' title='bbox 2693 1651 2757 1691; x_wconf 91' lang='lat' dir='ltr'><strong>ac</strong></span> <span class='ocrx_word' id='word_1_172' title='bbox 2801 1636 3111 1698; x_wconf 87' lang='lat' dir='ltr'><strong>benedicta,</strong></span> <span class='ocrx_word' id='word_1_173' title='bbox 3157 1637 3456 1690; x_wconf 78' lang='lat' dir='ltr'><strong>voluntarie</strong></span> 
     </span>
    </p>
   </div>
   <div class='ocr_carea' id='block_1_31' title="bbox 1880 1728 3457 1798">
    <p class='ocr_par' dir='ltr' id='par_1_31' title="bbox 1880 1728 3457 1798">
     <span class='ocr_line' id='line_1_31' title="bbox 1880 1728 3457 1798; baseline 0.001 -17"><span class='ocrx_word' id='word_1_174' title='bbox 1880 1728 2166 1791; x_wconf 88' lang='lat' dir='ltr'><strong>habitavit,</strong></span> <span class='ocrx_word' id='word_1_175' title='bbox 2222 1739 2276 1782; x_wconf 90' lang='lat' dir='ltr'><strong>et</strong></span> <span class='ocrx_word' id='word_1_176' title='bbox 2301 1743 2430 1782; x_wconf 88' lang='lat' dir='ltr'><strong>caro</strong></span> <span class='ocrx_word' id='word_1_177' title='bbox 2461 1728 2639 1783; x_wconf 80' lang='lat' dir='ltr'><strong>factus</strong></span> <span class='ocrx_word' id='word_1_178' title='bbox 2668 1738 2773 1794; x_wconf 87' lang='lat' dir='ltr'><strong>est,</strong></span> <span class='ocrx_word' id='word_1_179' title='bbox 2802 1745 2993 1798; x_wconf 89' lang='lat' dir='ltr'><strong>meque</strong></span> <span class='ocrx_word' id='word_1_180' title='bbox 3020 1729 3173 1797; x_wconf 85' lang='lat' dir='ltr'><strong>prius</strong></span> <span class='ocrx_word' id='word_1_181' title='bbox 3223 1730 3457 1798; x_wconf 88' lang='lat' dir='ltr'><strong>pessimo</strong></span> 
     </span>
    </p>
   </div>
   <div class='ocr_carea' id='block_1_32' title="bbox 1879 1820 3169 1890">
    <p class='ocr_par' dir='ltr' id='par_1_32' title="bbox 1879 1820 3169 1890">
     <span class='ocr_line' id='line_1_32' title="bbox 1879 1820 3169 1890; baseline 0.001 -17"><span class='ocrx_word' id='word_1_182' title='bbox 1879 1820 2182 1890; x_wconf 88' lang='lat' dir='ltr'><strong>deceptoris</strong></span> <span class='ocrx_word' id='word_1_183' title='bbox 2216 1821 2448 1875; x_wconf 78' lang='lat' dir='ltr'><strong>consilio</strong></span> <span class='ocrx_word' id='word_1_184' title='bbox 2477 1821 2849 1890; x_wconf 82' lang='lat' dir='ltr'><strong>depravatum,</strong></span> <span class='ocrx_word' id='word_1_185' title='bbox 2882 1821 3169 1874; x_wconf 83' lang='lat' dir='ltr'><strong>deiﬁcavit.</strong></span> 
     </span>
    </p>
   </div>
   <div class='ocr_carea' id='block_1_33' title="bbox 279 1889 1779 1986">
    <p class='ocr_par' dir='ltr' id='par_1_33' title="bbox 279 1889 1776 1986">
     <span class='ocr_line' id='line_1_33' title="bbox 279 1889 1776 1986; baseline 0.004 -24"><span class='ocrx_word' id='word_1_186' title='bbox 279 1911 492 1982; x_wconf 79' lang='grc' dir='ltr'>Φρίττω</span> <span class='ocrx_word' id='word_1_187' title='bbox 533 1930 650 1979; x_wconf 88' lang='grc' dir='ltr'>σου,</span> <span class='ocrx_word' id='word_1_188' title='bbox 687 1915 816 1984; x_wconf 82' lang='grc' dir='ltr'>μόνε</span> <span class='ocrx_word' id='word_1_189' title='bbox 856 1889 1105 1985; x_wconf 59' lang='grc' dir='ltr'>βασιλεῦ,</span> <span class='ocrx_word' id='word_1_190' title='bbox 1129 1889 1228 1986; x_wconf 83' lang='grc' dir='ltr'>τὴν</span> <span class='ocrx_word' id='word_1_191' title='bbox 1266 1889 1525 1985; x_wconf 77' lang='grc' dir='ltr'>δευτέραν</span> <span class='ocrx_word' id='word_1_192' title='bbox 1571 1933 1776 1986; x_wconf 80' lang='grc' dir='ltr'>παρου-</span> 
     </span>
    </p>
   </div>
   <div class='ocr_carea' id='block_1_34' title="bbox 1885 1889 3458 1986">
    <p class='ocr_par' dir='ltr' id='par_1_34' title="bbox 1955 1911 3458 1977">
     <span class='ocr_line' id='line_1_34' title="bbox 1955 1911 3458 1977; baseline 0.001 -11"><span class='ocrx_word' id='word_1_193' title='bbox 1955 1911 2237 1977; x_wconf 83' lang='lat' dir='ltr'><strong>Formido,</strong></span> <span class='ocrx_word' id='word_1_194' title='bbox 2305 1928 2339 1968; x_wconf 91' lang='grc' dir='ltr'><strong>ο</strong></span> <span class='ocrx_word' id='word_1_195' title='bbox 2391 1913 2504 1968; x_wconf 80' lang='lat' dir='ltr'><strong>Rex</strong></span> <span class='ocrx_word' id='word_1_196' title='bbox 2569 1915 2751 1977; x_wconf 88' lang='lat' dir='ltr'><strong>unice,</strong></span> <span class='ocrx_word' id='word_1_197' title='bbox 2811 1914 3111 1970; x_wconf 90' lang='lat' dir='ltr'><strong>secundum</strong></span> <span class='ocrx_word' id='word_1_198' title='bbox 3166 1914 3458 1970; x_wconf 70' lang='lat' dir='ltr'><strong>adventum</strong></span> 
     </span>
    </p>
   </div>
   <div class='ocr_carea' id='block_1_35' title="bbox 209 2003 1781 2078">
    <p class='ocr_par' dir='ltr' id='par_1_35' title="bbox 209 2003 1781 2078">
     <span class='ocr_line' id='line_1_35' title="bbox 209 2003 1781 2078; baseline 0.005 -25"><span class='ocrx_word' id='word_1_199' title='bbox 209 2003 335 2054; x_wconf 85' lang='grc' dir='ltr'>σίαν</span> <span class='ocrx_word' id='word_1_200' title='bbox 361 2003 453 2056; x_wconf 81' lang='grc' dir='ltr'>καὶ</span> <span class='ocrx_word' id='word_1_201' title='bbox 476 2004 712 2070; x_wconf 80' lang='grc' dir='ltr'>δέδοικα,</span> <span class='ocrx_word' id='word_1_202' title='bbox 765 2005 984 2078; x_wconf 79' lang='grc' dir='ltr'>ἄμετρα</span> <span class='ocrx_word' id='word_1_203' title='bbox 1040 2006 1272 2070; x_wconf 84' lang='grc' dir='ltr'>πταίσας</span> <span class='ocrx_word' id='word_1_204' title='bbox 1330 2023 1435 2072; x_wconf 82' lang='grc' dir='ltr'>σοι,</span> <span class='ocrx_word' id='word_1_205' title='bbox 1467 2007 1560 2059; x_wconf 77' lang='grc' dir='ltr'>καὶ</span> <span class='ocrx_word' id='word_1_206' title='bbox 1611 2024 1781 2076; x_wconf 83' lang='grc' dir='ltr'>μετα-</span> 
     </span>
    </p>
   </div>
   <div class='ocr_carea' id='block_1_36' title="bbox 209 2095 1781 2170">
    <p class='ocr_par' dir='ltr' id='par_1_36' title="bbox 209 2095 1781 2170">
     <span class='ocr_line' id='line_1_36' title="bbox 209 2095 1781 2170; baseline 0.003 -21"><span class='ocrx_word' id='word_1_207' title='bbox 209 2095 408 2164; x_wconf 80' lang='grc' dir='ltr'>γνώσει</span> <span class='ocrx_word' id='word_1_208' title='bbox 437 2097 514 2168; x_wconf 80' lang='grc' dir='ltr'>μὴ</span> <span class='ocrx_word' id='word_1_209' title='bbox 559 2097 936 2169; x_wconf 82' lang='grc' dir='ltr'>βελτιούμενος</span> <span class='ocrx_word' id='word_1_210' title='bbox 965 2115 978 2129; x_wconf 89' lang='grc'><strong>·</strong></span> <span class='ocrx_word' id='word_1_211' title='bbox 1017 2099 1132 2154; x_wconf 76' lang='grc' dir='ltr'>ἀλλ’</span> <span class='ocrx_word' id='word_1_212' title='bbox 1171 2100 1247 2162; x_wconf 83' lang='grc' dir='ltr'>ὡς</span> <span class='ocrx_word' id='word_1_213' title='bbox 1289 2098 1553 2170; x_wconf 80' lang='grc' dir='ltr'>ὑπάρχων</span> <span class='ocrx_word' id='word_1_214' title='bbox 1577 2100 1781 2168; x_wconf 82' lang='grc' dir='ltr'>ἀγαθὸς</span> 
     </span>
    </p>
   </div>
   <div class='ocr_carea' id='block_1_37' title="bbox 208 2185 1781 2261">
    <p class='ocr_par' dir='ltr' id='par_1_37' title="bbox 208 2185 1781 2261">
     <span class='ocr_line' id='line_1_37' title="bbox 208 2185 1781 2261; baseline 0.005 -26"><span class='ocrx_word' id='word_1_215' title='bbox 208 2185 562 2256; x_wconf 78' lang='grc' dir='ltr'>ὲπίστρεψον,</span> <span class='ocrx_word' id='word_1_216' title='bbox 604 2187 780 2242; x_wconf 86' lang='grc' dir='ltr'>σῶσόν</span> <span class='ocrx_word' id='word_1_217' title='bbox 812 2206 913 2260; x_wconf 77' lang='grc' dir='ltr'><strong>με,</strong></span> <span class='ocrx_word' id='word_1_218' title='bbox 945 2190 1045 2258; x_wconf 79' lang='grc' dir='ltr'>τῆς</span> <span class='ocrx_word' id='word_1_219' title='bbox 1091 2191 1374 2261; x_wconf 89' lang='grc' dir='ltr'>κυησάσης</span> <span class='ocrx_word' id='word_1_220' title='bbox 1421 2208 1480 2244; x_wconf 91' lang='grc' dir='ltr'>σε</span> <span class='ocrx_word' id='word_1_221' title='bbox 1527 2191 1781 2245; x_wconf 78' lang='grc' dir='ltr'>εὐποσὸἐο</span> 
     </span>
    </p>
   </div>
   <div class='ocr_carea' id='block_1_38' title="bbox 208 2279 1040 2354">
    <p class='ocr_par' dir='ltr' id='par_1_38' title="bbox 208 2279 1040 2354">
     <span class='ocr_line' id='line_1_38' title="bbox 208 2279 1040 2354; baseline 0.011 -25"><span class='ocrx_word' id='word_1_222' title='bbox 208 2293 386 2343; x_wconf 83' lang='grc' dir='ltr'>κτοις,</span> <span class='ocrx_word' id='word_1_223' title='bbox 426 2279 1040 2354; x_wconf 79' lang='grc' dir='ltr'>Ἰησοῦ,παρακλήσεσι.</span> 
     </span>
    </p>
   </div>
   <div class='ocr_carea' id='block_1_39' title="bbox 223 2475 1750 2554">
    <p class='ocr_par' dir='ltr' id='par_1_39' title="bbox 223 2475 1750 2554">
     <span class='ocr_line' id='line_1_39' title="bbox 223 2475 1750 2554; baseline 0.008 -26"><span class='ocrx_word' id='word_1_224' title='bbox 223 2475 316 2529; x_wconf 78' lang='grc' dir='ltr'><strong>Ἐκ</strong></span> <span class='ocrx_word' id='word_1_225' title='bbox 347 2475 456 2531; x_wconf 83' lang='grc' dir='ltr'>τοῦ</span> <span class='ocrx_word' id='word_1_226' title='bbox 498 2479 756 2543; x_wconf 75' lang='grc' dir='ltr'><strong>κανόνος</strong></span> <span class='ocrx_word' id='word_1_227' title='bbox 801 2482 887 2548; x_wconf 81' lang='grc' dir='ltr'><strong>είς</strong></span> <span class='ocrx_word' id='word_1_228' title='bbox 905 2482 1024 2554; x_wconf 58' lang='grc' dir='ltr'><strong>τὸν</strong></span> <span class='ocrx_word' id='word_1_229' title='bbox 1069 2483 1242 2552; x_wconf 78' lang='grc' dir='ltr'>ἅγιον</span> <span class='ocrx_word' id='word_1_230' title='bbox 1279 2486 1616 2554; x_wconf 72' lang='grc' dir='ltr'>Πορφύριον</span> <span class='ocrx_word' id='word_1_231' title='bbox 1649 2489 1750 2540; x_wconf 80' lang='grc' dir='ltr'>ἐπί</span> 
     </span>
    </p>
   </div>
   <div class='ocr_carea' id='block_1_40' title="bbox 569 2551 1165 2622">
    <p class='ocr_par' dir='ltr' id='par_1_40' title="bbox 569 2551 1165 2622">
     <span class='ocr_line' id='line_1_40' title="bbox 569 2551 1165 2622; baseline 0.008 -20"><span class='ocrx_word' id='word_1_232' title='bbox 569 2565 810 2604; x_wconf 75' lang='grc' dir='ltr'>σκοπον</span> <span class='ocrx_word' id='word_1_233' title='bbox 825 2551 1018 2619; x_wconf 75' lang='grc' dir='ltr'>Γάζης</span> <span class='ocrx_word' id='word_1_234' title='bbox 1052 2554 1165 2622; x_wconf 43' lang='lat' dir='ltr'><strong>fuas,</strong></span> 
     </span>
    </p>
   </div>
   <div class='ocr_carea' id='block_1_41' title="bbox 1160 2556 1396 2622">
    <p class='ocr_par' dir='ltr' id='par_1_41' title="bbox 1160 2556 1396 2622">
     <span class='ocr_line' id='line_1_41' title="bbox 1160 2556 1396 2622; baseline -0.017 0"><span class='ocrx_word' id='word_1_235' title='bbox 1160 2556 1241 2622; x_wconf 58' lang='grc' dir='ltr'><strong>φα</strong></span> <span class='ocrx_word' id='word_1_236' title='bbox 1283 2556 1396 2618; x_wconf 82' lang='grc' dir='ltr'><strong>κς’-</strong></span> 
     </span>
    </p>
   </div>
   <div class='ocr_carea' id='block_1_42' title="bbox 282 2640 1778 2720">
    <p class='ocr_par' dir='ltr' id='par_1_42' title="bbox 282 2640 1778 2720">
     <span class='ocr_line' id='line_1_42' title="bbox 282 2640 1778 2720; baseline 0.007 -28"><span class='ocrx_word' id='word_1_237' title='bbox 282 2640 531 2710; x_wconf 72' lang='grc' dir='ltr'>Ὀμϐρον</span> <span class='ocrx_word' id='word_1_238' title='bbox 576 2641 930 2713; x_wconf 82' lang='grc' dir='ltr'>είσδεξαμένη</span> <span class='ocrx_word' id='word_1_239' title='bbox 970 2644 1066 2698; x_wconf 85' lang='grc' dir='ltr'><strong>σοῦ</strong></span> <span class='ocrx_word' id='word_1_240' title='bbox 1100 2647 1156 2698; x_wconf 74' lang='grc' dir='ltr'>ἐν</span> <span class='ocrx_word' id='word_1_241' title='bbox 1188 2650 1254 2715; x_wconf 76' lang='grc' dir='ltr'>τῇ</span> <span class='ocrx_word' id='word_1_242' title='bbox 1298 2647 1450 2716; x_wconf 80' lang='grc' dir='ltr'>νηδύϊ</span> <span class='ocrx_word' id='word_1_243' title='bbox 1486 2648 1574 2701; x_wconf 80' lang='grc' dir='ltr'>τὸν</span> <span class='ocrx_word' id='word_1_244' title='bbox 1613 2651 1778 2720; x_wconf 78' lang='grc' dir='ltr'>οὐρά-</span> 
     </span>
    </p>
   </div>
   <div class='ocr_carea' id='block_1_43' title="bbox 211 2731 1781 2813">
    <p class='ocr_par' dir='ltr' id='par_1_43' title="bbox 211 2731 1781 2813">
     <span class='ocr_line' id='line_1_43' title="bbox 211 2731 1781 2813; baseline 0.018 -30"><span class='ocrx_word' id='word_1_245' title='bbox 211 2748 350 2795; x_wconf 91' lang='grc' dir='ltr'>νιον,</span> <span class='ocrx_word' id='word_1_246' title='bbox 381 2731 915 2806; x_wconf 79' lang='grc' dir='ltr'>Θεοτόκε,1]αρθένε,</span> <span class='ocrx_word' id='word_1_247' title='bbox 940 2737 1212 2808; x_wconf 78' lang='grc' dir='ltr'>ἁμαρτίας</span> <span class='ocrx_word' id='word_1_248' title='bbox 1243 2740 1368 2803; x_wconf 80' lang='grc' dir='ltr'>τοὺς</span> <span class='ocrx_word' id='word_1_249' title='bbox 1397 2739 1634 2810; x_wconf 73' lang='grc' dir='ltr'>δμσρους</span> <span class='ocrx_word' id='word_1_250' title='bbox 1658 2744 1781 2813; x_wconf 63' lang='grc' dir='ltr'><strong>έξήσ</strong></span> 
     </span>
    </p>
   </div>
   <div class='ocr_carea' id='block_1_44' title="bbox 212 2841 403 2894">
    <p class='ocr_par' dir='ltr' id='par_1_44' title="bbox 212 2841 403 2894">
     <span class='ocr_line' id='line_1_44' title="bbox 212 2841 403 2894; baseline 0.026 -21"><span class='ocrx_word' id='word_1_251' title='bbox 212 2841 403 2894; x_wconf 68' lang='grc' dir='ltr'>ρανσνς.</span> 
     </span>
    </p>
   </div>
   <div class='ocr_carea' id='block_1_45' title="bbox 296 2914 1781 2993">
    <p class='ocr_par' dir='ltr' id='par_1_45' title="bbox 296 2914 1781 2993">
     <span class='ocr_line' id='line_1_45' title="bbox 296 2914 1781 2993; baseline 0.006 -27"><span class='ocrx_word' id='word_1_252' title='bbox 296 2914 488 2968; x_wconf 83' lang='grc' dir='ltr'>Ῥὖσαί</span> <span class='ocrx_word' id='word_1_253' title='bbox 524 2933 590 2985; x_wconf 77' lang='grc' dir='ltr'><strong>με</strong></span> <span class='ocrx_word' id='word_1_254' title='bbox 613 2916 933 2987; x_wconf 77' lang='grc' dir='ltr'>πρεσϐείαις</span> <span class='ocrx_word' id='word_1_255' title='bbox 972 2935 1066 2972; x_wconf 88' lang='grc' dir='ltr'><strong>σου</strong></span> <span class='ocrx_word' id='word_1_256' title='bbox 1095 2918 1204 2973; x_wconf 86' lang='grc' dir='ltr'><strong>τῶν</strong></span> <span class='ocrx_word' id='word_1_257' title='bbox 1230 2919 1324 2973; x_wconf 83' lang='grc' dir='ltr'><strong>τοῦ</strong></span> <span class='ocrx_word' id='word_1_258' title='bbox 1356 2923 1551 2993; x_wconf 80' lang='grc' dir='ltr'><strong>ἐχθροῦ</strong></span> <span class='ocrx_word' id='word_1_259' title='bbox 1589 2923 1781 2992; x_wconf 80' lang='grc' dir='ltr'>βελῶν,</span> 
     </span>
    </p>
   </div>
   <div class='ocr_carea' id='block_1_46' title="bbox 208 3007 1782 3084">
    <p class='ocr_par' dir='ltr' id='par_1_46' title="bbox 208 3007 1782 3084">
     <span class='ocr_line' id='line_1_46' title="bbox 208 3007 1782 3084; baseline 0.006 -25"><span class='ocrx_word' id='word_1_260' title='bbox 208 3007 471 3077; x_wconf 85' lang='grc' dir='ltr'>ἀχραντε,</span> <span class='ocrx_word' id='word_1_261' title='bbox 507 3009 602 3061; x_wconf 80' lang='grc' dir='ltr'>καὶ</span> <span class='ocrx_word' id='word_1_262' title='bbox 619 3009 894 3080; x_wconf 78' lang='grc' dir='ltr'>λογισμῶν</span> <span class='ocrx_word' id='word_1_263' title='bbox 922 3009 1032 3064; x_wconf 87' lang='grc' dir='ltr'><strong>τῶν</strong></span> <span class='ocrx_word' id='word_1_264' title='bbox 1055 3011 1516 3082; x_wconf 82' lang='grc' dir='ltr'>ὲπιεμὸαινόντων</span> <span class='ocrx_word' id='word_1_265' title='bbox 1549 3016 1782 3084; x_wconf 71' lang='grc' dir='ltr'>ἀφειδῶς</span> 
     </span>
    </p>
   </div>
   <div class='ocr_carea' id='block_1_47' title="bbox 208 3101 648 3170">
    <p class='ocr_par' dir='ltr' id='par_1_47' title="bbox 208 3101 648 3170">
     <span class='ocr_line' id='line_1_47' title="bbox 208 3101 648 3170; baseline 0.011 -20"><span class='ocrx_word' id='word_1_266' title='bbox 208 3103 275 3169; x_wconf 81' lang='grc' dir='ltr'><strong>τῇ</strong></span> <span class='ocrx_word' id='word_1_267' title='bbox 304 3101 502 3170; x_wconf 70' lang='grc' dir='ltr'>καρδίᾳ</span> <span class='ocrx_word' id='word_1_268' title='bbox 524 3117 648 3170; x_wconf 79' lang='grc' dir='ltr'>μου.</span> 
     </span>
    </p>
   </div>
   <div class='ocr_carea' id='block_1_48' title="bbox 278 3191 1779 3266">
    <p class='ocr_par' dir='ltr' id='par_1_48' title="bbox 278 3191 1779 3266">
     <span class='ocr_line' id='line_1_48' title="bbox 278 3191 1779 3266; baseline 0.007 -25"><span class='ocrx_word' id='word_1_269' title='bbox 278 3191 646 3262; x_wconf 75' lang='grc' dir='ltr'>Νεκρωοὲντα</span> <span class='ocrx_word' id='word_1_270' title='bbox 694 3208 784 3258; x_wconf 86' lang='grc' dir='ltr'><strong>με,</strong></span> <span class='ocrx_word' id='word_1_271' title='bbox 816 3192 1080 3262; x_wconf 88' lang='grc' dir='ltr'>πάναγνε,</span> <span class='ocrx_word' id='word_1_272' title='bbox 1113 3196 1273 3248; x_wconf 76' lang='grc' dir='ltr'>πάλιν</span> <span class='ocrx_word' id='word_1_273' title='bbox 1324 3195 1670 3266; x_wconf 72' lang='grc' dir='ltr'>ἀνεζώωσας,</span> <span class='ocrx_word' id='word_1_274' title='bbox 1705 3200 1779 3262; x_wconf 84' lang='grc' dir='ltr'><strong>ὡς</strong></span> 
     </span>
    </p>
   </div>
   <div class='ocr_carea' id='block_1_49' title="bbox 1885 1998 3458 2075">
    <p class='ocr_par' dir='ltr' id='par_1_49' title="bbox 1885 1998 3458 2075">
     <span class='ocr_line' id='line_1_49' title="bbox 1885 1998 3458 2075; baseline -0.003 -13"><span class='ocrx_word' id='word_1_275' title='bbox 1885 2018 2061 2070; x_wconf 92' lang='lat' dir='ltr'><strong>tuum,</strong></span> <span class='ocrx_word' id='word_1_276' title='bbox 2095 2016 2148 2061; x_wconf 90' lang='lat' dir='ltr'><strong>et</strong></span> <span class='ocrx_word' id='word_1_277' title='bbox 2187 2006 2376 2071; x_wconf 85' lang='lat' dir='ltr'><strong>timeo,</strong></span> <span class='ocrx_word' id='word_1_278' title='bbox 2403 2020 2528 2061; x_wconf 90' lang='lat' dir='ltr'><strong>cum</strong></span> <span class='ocrx_word' id='word_1_279' title='bbox 2567 2007 2833 2060; x_wconf 86' lang='lat' dir='ltr'><strong>immensa</strong></span> <span class='ocrx_word' id='word_1_280' title='bbox 2862 1998 3084 2075; x_wconf 83' lang='lat' dir='ltr'><strong>peccata</strong></span> <span class='ocrx_word' id='word_1_281' title='bbox 3121 2005 3176 2058; x_wconf 89' lang='lat' dir='ltr'><strong>in</strong></span> <span class='ocrx_word' id='word_1_282' title='bbox 3204 2016 3253 2060; x_wconf 88' lang='lat' dir='ltr'><strong>te</strong></span> <span class='ocrx_word' id='word_1_283' title='bbox 3301 2021 3458 2060; x_wconf 80' lang='lat' dir='ltr'><strong>coui-</strong></span> 
     </span>
    </p>
   </div>
   <div class='ocr_carea' id='block_1_50' title="bbox 1886 2097 3458 2167">
    <p class='ocr_par' dir='ltr' id='par_1_50' title="bbox 1886 2097 3458 2167">
     <span class='ocr_line' id='line_1_50' title="bbox 1886 2097 3458 2167; baseline -0.001 -13"><span class='ocrx_word' id='word_1_284' title='bbox 1886 2100 2148 2162; x_wconf 86' lang='lat' dir='ltr'><strong>miserim,</strong></span> <span class='ocrx_word' id='word_1_285' title='bbox 2197 2099 2344 2152; x_wconf 83' lang='lat' dir='ltr'><strong>nulla</strong></span> <span class='ocrx_word' id='word_1_286' title='bbox 2382 2113 2477 2167; x_wconf 90' lang='lat' dir='ltr'><strong>per</strong></span> <span class='ocrx_word' id='word_1_287' title='bbox 2526 2099 2904 2167; x_wconf 66' lang='lat' dir='ltr'><strong>paenitentiam</strong></span> <span class='ocrx_word' id='word_1_288' title='bbox 2965 2097 3107 2152; x_wconf 79' lang='lat' dir='ltr'><strong>facta</strong></span> <span class='ocrx_word' id='word_1_289' title='bbox 3151 2098 3203 2151; x_wconf 94' lang='lat' dir='ltr'><strong>in</strong></span> <span class='ocrx_word' id='word_1_290' title='bbox 3265 2099 3458 2153; x_wconf 76' lang='lat' dir='ltr'><strong>melius</strong></span> 
     </span>
    </p>
   </div>
   <div class='ocr_carea' id='block_1_51' title="bbox 1885 2191 3459 2261">
    <p class='ocr_par' dir='ltr' id='par_1_51' title="bbox 1885 2191 3459 2261">
     <span class='ocr_line' id='line_1_51' title="bbox 1885 2191 3459 2261; baseline -0.001 -17"><span class='ocrx_word' id='word_1_291' title='bbox 1885 2193 2211 2246; x_wconf 90' lang='lat' dir='ltr'><strong>mutatione.</strong></span> <span class='ocrx_word' id='word_1_292' title='bbox 2249 2191 2354 2245; x_wconf 85' lang='lat' dir='ltr'><strong>Sed</strong></span> <span class='ocrx_word' id='word_1_293' title='bbox 2385 2199 2438 2244; x_wconf 91' lang='lat' dir='ltr'><strong>tu</strong></span> <span class='ocrx_word' id='word_1_294' title='bbox 2506 2200 2764 2260; x_wconf 85' lang='lat' dir='ltr'><strong>tanquam</strong></span> <span class='ocrx_word' id='word_1_295' title='bbox 2797 2191 2908 2261; x_wconf 79' lang='lat'><strong>66</strong></span> <span class='ocrx_word' id='word_1_296' title='bbox 2955 2191 3128 2246; x_wconf 88' lang='lat' dir='ltr'><strong>bonus</strong></span> <span class='ocrx_word' id='word_1_297' title='bbox 3178 2203 3459 2256; x_wconf 88' lang='lat' dir='ltr'><strong>converte,</strong></span> 
     </span>
    </p>
   </div>
   <div class='ocr_carea' id='block_1_52' title="bbox 1881 2283 3458 2354">
    <p class='ocr_par' dir='ltr' id='par_1_52' title="bbox 1881 2283 3458 2354">
     <span class='ocr_line' id='line_1_52' title="bbox 1881 2283 3458 2354; baseline -0.001 -13"><span class='ocrx_word' id='word_1_298' title='bbox 1881 2296 1936 2340; x_wconf 89' lang='lat' dir='ltr'><strong>et</strong></span> <span class='ocrx_word' id='word_1_299' title='bbox 1978 2286 2126 2341; x_wconf 89' lang='lat' dir='ltr'><strong>salva</strong></span> <span class='ocrx_word' id='word_1_300' title='bbox 2183 2299 2290 2349; x_wconf 88' lang='lat' dir='ltr'><strong>me,</strong></span> <span class='ocrx_word' id='word_1_301' title='bbox 2322 2300 2355 2340; x_wconf 92' lang='grc' dir='ltr'><strong>ο</strong></span> <span class='ocrx_word' id='word_1_302' title='bbox 2392 2283 2542 2349; x_wconf 82' lang='lat' dir='ltr'><strong>Jesu,</strong></span> <span class='ocrx_word' id='word_1_303' title='bbox 2576 2300 2672 2354; x_wconf 90' lang='lat' dir='ltr'><strong>per</strong></span> <span class='ocrx_word' id='word_1_304' title='bbox 2730 2283 3142 2352; x_wconf 85' lang='lat' dir='ltr'><strong>aceeptissimas</strong></span> <span class='ocrx_word' id='word_1_305' title='bbox 3197 2283 3458 2339; x_wconf 85' lang='lat' dir='ltr'><strong>interces-</strong></span> 
     </span>
    </p>
   </div>
   <div class='ocr_carea' id='block_1_53' title="bbox 1881 2376 2546 2448">
    <p class='ocr_par' dir='ltr' id='par_1_53' title="bbox 1881 2376 2546 2448">
     <span class='ocr_line' id='line_1_53' title="bbox 1881 2376 2546 2448; baseline -0.002 -15"><span class='ocrx_word' id='word_1_306' title='bbox 1881 2380 2066 2433; x_wconf 84' lang='lat' dir='ltr'><strong>siones</strong></span> <span class='ocrx_word' id='word_1_307' title='bbox 2112 2376 2391 2448; x_wconf 78' lang='lat' dir='ltr'><strong>genitricis</strong></span> <span class='ocrx_word' id='word_1_308' title='bbox 2421 2387 2546 2432; x_wconf 65' lang='lat' dir='ltr'><strong>tum.</strong></span> 
     </span>
    </p>
   </div>
   <div class='ocr_carea' id='block_1_54' title="bbox 1883 2487 3458 2611">
    <p class='ocr_par' dir='ltr' id='par_1_54' title="bbox 1883 2487 3458 2611">
     <span class='ocr_line' id='line_1_54' title="bbox 1883 2487 3458 2611; baseline -0.001 -70"><span class='ocrx_word' id='word_1_309' title='bbox 1883 2487 1960 2542; x_wconf 76' lang='lat' dir='ltr'><strong>Ex</strong></span> <span class='ocrx_word' id='word_1_310' title='bbox 2007 2504 2208 2541; x_wconf 81' lang='lat' dir='ltr'><strong>canone</strong></span> <span class='ocrx_word' id='word_1_311' title='bbox 2256 2487 2387 2542; x_wconf 80' lang='lat' dir='ltr'><strong>inS.</strong></span> <span class='ocrx_word' id='word_1_312' title='bbox 2421 2487 2774 2611; x_wconf 55' lang='grc' dir='ltr'><strong>Ρονρᾶψνὶἕὲι</strong></span> <span class='ocrx_word' id='word_1_313' title='bbox 2803 2489 3100 2556; x_wconf 65' lang='lat' dir='ltr'><strong>episcopum</strong></span> <span class='ocrx_word' id='word_1_314' title='bbox 3151 2487 3458 2552; x_wconf 67' lang='lat' dir='ltr'><strong>Caunum,</strong></span> 
     </span>
     <span class='ocr_line' id='line_1_55' title="bbox 2597 2575 2770 2611; baseline 0.012 -2"><span class='ocrx_word' id='word_1_315' title='bbox 2597 2575 2642 2610; x_wconf 78' lang='lat' dir='ltr'><strong>re</strong></span> <span class='ocrx_word' id='word_1_316' title='bbox 2758 2601 2770 2611; x_wconf 93' lang='lat'><strong>.</strong></span> 
     </span>
    </p>
   </div>
   <div class='ocr_carea' id='block_1_55' title="bbox 2597 2575 2642 2610">
    <p class='ocr_par' dir='ltr' id='par_1_55' title="bbox 2597 2575 2642 2610">
     <span class='ocr_line' id='line_1_56' title="bbox 2597 2575 2642 2610; baseline 0.022 -1"><span class='ocrx_word' id='word_1_317' title='bbox 2597 2575 2642 2610; x_wconf 81' lang='lat' dir='ltr'><strong>re</strong></span> 
     </span>
    </p>
   </div>
   <div class='ocr_carea' id='block_1_56' title="bbox 1959 2649 3460 2720">
    <p class='ocr_par' dir='ltr' id='par_1_56' title="bbox 1959 2649 3460 2720">
     <span class='ocr_line' id='line_1_57' title="bbox 1959 2649 3460 2720; baseline 0.004 -20"><span class='ocrx_word' id='word_1_318' title='bbox 1959 2651 2000 2700; x_wconf 87' lang='lat'><strong>0</strong></span> <span class='ocrx_word' id='word_1_319' title='bbox 2032 2649 2197 2720; x_wconf 72' lang='lat' dir='ltr'><strong>Virgo</strong></span> <span class='ocrx_word' id='word_1_320' title='bbox 2221 2649 2472 2719; x_wconf 85' lang='lat' dir='ltr'><strong>Deipara,</strong></span> <span class='ocrx_word' id='word_1_321' title='bbox 2494 2665 2618 2703; x_wconf 88' lang='lat' dir='ltr'><strong>cum</strong></span> <span class='ocrx_word' id='word_1_322' title='bbox 2644 2649 2922 2704; x_wconf 61' lang='grc' dir='ltr'>οσξιοειοηι</span> <span class='ocrx_word' id='word_1_323' title='bbox 2957 2650 3184 2705; x_wconf 86' lang='lat' dir='ltr'><strong>imbrem</strong></span> <span class='ocrx_word' id='word_1_324' title='bbox 3221 2652 3272 2704; x_wconf 95' lang='lat' dir='ltr'><strong>in</strong></span> <span class='ocrx_word' id='word_1_325' title='bbox 3305 2662 3460 2706; x_wconf 83' lang='lat' dir='ltr'><strong>utero</strong></span> 
     </span>
    </p>
   </div>
   <div class='ocr_carea' id='block_1_57' title="bbox 1885 2741 3142 2812">
    <p class='ocr_par' dir='ltr' id='par_1_57' title="bbox 1885 2741 3142 2812">
     <span class='ocr_line' id='line_1_58' title="bbox 1885 2741 3142 2812; baseline 0.001 -17"><span class='ocrx_word' id='word_1_326' title='bbox 1885 2749 1978 2795; x_wconf 90' lang='lat' dir='ltr'><strong>tuo</strong></span> <span class='ocrx_word' id='word_1_327' title='bbox 2006 2741 2318 2811; x_wconf 86' lang='lat' dir='ltr'><strong>suscepisti,</strong></span> <span class='ocrx_word' id='word_1_328' title='bbox 2352 2742 2559 2812; x_wconf 85' lang='lat' dir='ltr'><strong>peccati</strong></span> <span class='ocrx_word' id='word_1_329' title='bbox 2595 2742 2796 2796; x_wconf 85' lang='lat' dir='ltr'><strong>imbres</strong></span> <span class='ocrx_word' id='word_1_330' title='bbox 2829 2742 3142 2796; x_wconf 81' lang='lat' dir='ltr'><strong>exsiccasti.</strong></span> 
     </span>
    </p>
   </div>
   <div class='ocr_carea' id='block_1_58' title="bbox 1957 2915 3455 2982">
    <p class='ocr_par' dir='ltr' id='par_1_58' title="bbox 1957 2915 3455 2982">
     <span class='ocr_line' id='line_1_59' title="bbox 1957 2915 3455 2982; baseline 0.002 -10"><span class='ocrx_word' id='word_1_331' title='bbox 1957 2919 2149 2973; x_wconf 83' lang='lat' dir='ltr'><strong>Libera</strong></span> <span class='ocrx_word' id='word_1_332' title='bbox 2204 2935 2311 2982; x_wconf 89' lang='lat' dir='ltr'><strong>me,</strong></span> <span class='ocrx_word' id='word_1_333' title='bbox 2336 2933 2368 2973; x_wconf 92' lang='grc' dir='ltr'><strong>ο</strong></span> <span class='ocrx_word' id='word_1_334' title='bbox 2427 2915 2716 2981; x_wconf 85' lang='lat' dir='ltr'><strong>inviolata,</strong></span> <span class='ocrx_word' id='word_1_335' title='bbox 2751 2915 3245 2971; x_wconf 83' lang='lat' dir='ltr'><strong>intercessionibus</strong></span> <span class='ocrx_word' id='word_1_336' title='bbox 3278 2920 3386 2973; x_wconf 90' lang='lat' dir='ltr'><strong>tuis</strong></span> <span class='ocrx_word' id='word_1_337' title='bbox 3425 2935 3455 2975; x_wconf 74' lang='grc' dir='ltr'><strong>α</strong></span> 
     </span>
    </p>
   </div>
   <div class='ocr_carea' id='block_1_59' title="bbox 1880 3010 3456 3081">
    <p class='ocr_par' dir='ltr' id='par_1_59' title="bbox 1880 3010 3456 3081">
     <span class='ocr_line' id='line_1_60' title="bbox 1880 3010 3456 3081; baseline 0.001 -16"><span class='ocrx_word' id='word_1_338' title='bbox 1880 3013 2081 3080; x_wconf 82' lang='lat' dir='ltr'><strong>jaculis</strong></span> <span class='ocrx_word' id='word_1_339' title='bbox 2111 3012 2308 3076; x_wconf 88' lang='lat' dir='ltr'><strong>hostis,</strong></span> <span class='ocrx_word' id='word_1_340' title='bbox 2345 3020 2400 3065; x_wconf 91' lang='lat' dir='ltr'><strong>et</strong></span> <span class='ocrx_word' id='word_1_341' title='bbox 2432 3024 2461 3063; x_wconf 86' lang='lat' dir='ltr'><strong>a</strong></span> <span class='ocrx_word' id='word_1_342' title='bbox 2514 3010 2939 3079; x_wconf 82' lang='lat' dir='ltr'><strong>cogitationibus</strong></span> <span class='ocrx_word' id='word_1_343' title='bbox 2976 3011 3177 3079; x_wconf 78' lang='lat' dir='ltr'><strong>pravis,</strong></span> <span class='ocrx_word' id='word_1_344' title='bbox 3205 3027 3326 3081; x_wconf 69' lang='lat' dir='ltr'><strong>qua:</strong></span> <span class='ocrx_word' id='word_1_345' title='bbox 3376 3014 3456 3068; x_wconf 83' lang='lat' dir='ltr'><strong>in-</strong></span> 
     </span>
    </p>
   </div>
   <div class='ocr_carea' id='block_1_60' title="bbox 1885 3100 2874 3172">
    <p class='ocr_par' dir='ltr' id='par_1_60' title="bbox 1885 3100 2874 3172">
     <span class='ocr_line' id='line_1_61' title="bbox 1885 3100 2874 3172; baseline -0.003 -15"><span class='ocrx_word' id='word_1_346' title='bbox 1885 3113 2093 3157; x_wconf 85' lang='lat' dir='ltr'><strong>stanter</strong></span> <span class='ocrx_word' id='word_1_347' title='bbox 2117 3103 2512 3172; x_wconf 88' lang='lat' dir='ltr'><strong>superveninnt</strong></span> <span class='ocrx_word' id='word_1_348' title='bbox 2545 3100 2698 3158; x_wconf 88' lang='lat' dir='ltr'><strong>cordi</strong></span> <span class='ocrx_word' id='word_1_349' title='bbox 2735 3117 2874 3156; x_wconf 89' lang='lat' dir='ltr'><strong>meo.</strong></span> 
     </span>
    </p>
   </div>
   <div class='ocr_carea' id='block_1_61' title="bbox 1957 3192 3461 3257">
    <p class='ocr_par' dir='ltr' id='par_1_61' title="bbox 1957 3192 3461 3257">
     <span class='ocr_line' id='line_1_62' title="bbox 1957 3192 3461 3257; baseline 0.001 -9"><span class='ocrx_word' id='word_1_350' title='bbox 1957 3195 2038 3250; x_wconf 81' lang='lat' dir='ltr'><strong>Me</strong></span> <span class='ocrx_word' id='word_1_351' title='bbox 2075 3203 2352 3249; x_wconf 89' lang='lat' dir='ltr'><strong>mortuum</strong></span> <span class='ocrx_word' id='word_1_352' title='bbox 2405 3193 2474 3248; x_wconf 91' lang='lat' dir='ltr'><strong>ad</strong></span> <span class='ocrx_word' id='word_1_353' title='bbox 2511 3192 2676 3246; x_wconf 88' lang='lat' dir='ltr'><strong>vitam</strong></span> <span class='ocrx_word' id='word_1_354' title='bbox 2727 3194 3018 3257; x_wconf 87' lang='lat' dir='ltr'><strong>revocasti,</strong></span> <span class='ocrx_word' id='word_1_355' title='bbox 3048 3210 3082 3250; x_wconf 90' lang='grc' dir='ltr'><strong>ο</strong></span> <span class='ocrx_word' id='word_1_356' title='bbox 3128 3195 3461 3257; x_wconf 80' lang='lat' dir='ltr'><strong>castissima.</strong></span> 
     </span>
    </p>
   </div>
   <div class='ocr_carea' id='block_1_62' title="bbox 205 3254 1779 3356">
    <p class='ocr_par' dir='ltr' id='par_1_62' title="bbox 205 3254 1777 3356">
     <span class='ocr_line' id='line_1_63' title="bbox 205 3254 1777 3356; baseline 0.006 -25"><span class='ocrx_word' id='word_1_357' title='bbox 205 3254 462 3350; x_wconf 81' lang='grc' dir='ltr'><strong>κυήσασα</strong></span> <span class='ocrx_word' id='word_1_358' title='bbox 495 3281 592 3351; x_wconf 81' lang='grc' dir='ltr'><strong>τήν</strong></span> <span class='ocrx_word' id='word_1_359' title='bbox 624 3254 779 3354; x_wconf 69' lang='grc' dir='ltr'><strong>ζωὴν⁷</strong></span> <span class='ocrx_word' id='word_1_360' title='bbox 803 3283 901 3356; x_wconf 76' lang='grc' dir='ltr'>τὴν</span> <span class='ocrx_word' id='word_1_361' title='bbox 945 3254 1332 3354; x_wconf 75' lang='grc' dir='ltr'>ἐνυπόστατον,</span> <span class='ocrx_word' id='word_1_362' title='bbox 1374 3254 1465 3342; x_wconf 70' lang='grc' dir='ltr'>τὸν</span> <span class='ocrx_word' id='word_1_363' title='bbox 1502 3254 1777 3343; x_wconf 50' lang='grc' dir='ltr'>Υίὸνηκαί</span> 
     </span>
    </p>
   </div>
   <div class='ocr_carea' id='block_1_63' title="bbox 1885 3254 3463 3356">
    <p class='ocr_par' dir='ltr' id='par_1_63' title="bbox 1885 3283 3463 3354">
     <span class='ocr_line' id='line_1_64' title="bbox 1885 3283 3463 3354; baseline 0.003 -17"><span class='ocrx_word' id='word_1_364' title='bbox 1885 3287 2081 3354; x_wconf 89' lang='lat' dir='ltr'><strong>quippe</strong></span> <span class='ocrx_word' id='word_1_365' title='bbox 2112 3285 2413 3354; x_wconf 61' lang='lat' dir='ltr'><strong>quaa’vitam</strong></span> <span class='ocrx_word' id='word_1_366' title='bbox 2439 3283 2825 3339; x_wconf 89' lang='lat' dir='ltr'><strong>subsistentem</strong></span> <span class='ocrx_word' id='word_1_367' title='bbox 2847 3285 3104 3354; x_wconf 82' lang='lat' dir='ltr'><strong>genuisti,</strong></span> <span class='ocrx_word' id='word_1_368' title='bbox 3130 3285 3324 3341; x_wconf 85' lang='lat' dir='ltr'><strong>Filium</strong></span> <span class='ocrx_word' id='word_1_369' title='bbox 3359 3291 3463 3342; x_wconf 78' lang='lat' dir='ltr'><strong>Sci-</strong></span> 
     </span>
    </p>
   </div>
   <div class='ocr_carea' id='block_1_64' title="bbox 207 3374 876 3447">
    <p class='ocr_par' dir='ltr' id='par_1_64' title="bbox 207 3374 876 3447">
     <span class='ocr_line' id='line_1_65' title="bbox 207 3374 876 3447; baseline 0.006 -21"><span class='ocrx_word' id='word_1_370' title='bbox 207 3374 384 3438; x_wconf 78' lang='grc' dir='ltr'>Δὸγον</span> <span class='ocrx_word' id='word_1_371' title='bbox 410 3374 503 3427; x_wconf 81' lang='grc' dir='ltr'>τοῦ</span> <span class='ocrx_word' id='word_1_372' title='bbox 533 3376 876 3447; x_wconf 82' lang='grc' dir='ltr'>Γεννήτορος.</span> 
     </span>
    </p>
   </div>
   <div class='ocr_carea' id='block_1_65' title="bbox 279 3465 1778 3548">
    <p class='ocr_par' dir='ltr' id='par_1_65' title="bbox 279 3465 1778 3548">
     <span class='ocr_line' id='line_1_66' title="bbox 279 3465 1778 3548; baseline 0.008 -30"><span class='ocrx_word' id='word_1_373' title='bbox 279 3465 470 3535; x_wconf 68' lang='grc' dir='ltr'>Μόνην</span> <span class='ocrx_word' id='word_1_374' title='bbox 506 3467 708 3534; x_wconf 82' lang='grc' dir='ltr'>γενεῶν</span> <span class='ocrx_word' id='word_1_375' title='bbox 735 3469 797 3520; x_wconf 74' lang='grc' dir='ltr'><strong>ἐκ</strong></span> <span class='ocrx_word' id='word_1_376' title='bbox 825 3468 1016 3522; x_wconf 86' lang='grc' dir='ltr'>πασῶν</span> <span class='ocrx_word' id='word_1_377' title='bbox 1045 3488 1102 3523; x_wconf 89' lang='grc' dir='ltr'>σε</span> <span class='ocrx_word' id='word_1_378' title='bbox 1123 3471 1403 3537; x_wconf 72' lang='grc' dir='ltr'>ἐξελέξατο</span> <span class='ocrx_word' id='word_1_379' title='bbox 1423 3475 1450 3527; x_wconf 83' lang='grc' dir='ltr'><strong>ὁ</strong></span> <span class='ocrx_word' id='word_1_380' title='bbox 1474 3474 1778 3548; x_wconf 86' lang='grc' dir='ltr'>πλαστουρ-</span> 
     </span>
    </p>
   </div>
   <div class='ocr_carea' id='block_1_66' title="bbox 209 3556 1781 3636">
    <p class='ocr_par' dir='ltr' id='par_1_66' title="bbox 209 3556 1781 3636">
     <span class='ocr_line' id='line_1_67' title="bbox 209 3556 1781 3636; baseline 0.01 -30"><span class='ocrx_word' id='word_1_381' title='bbox 209 3556 326 3622; x_wconf 71' lang='grc' dir='ltr'>γὸς,</span> <span class='ocrx_word' id='word_1_382' title='bbox 361 3559 454 3610; x_wconf 84' lang='grc' dir='ltr'><strong>καὶ</strong></span> <span class='ocrx_word' id='word_1_383' title='bbox 488 3558 818 3614; x_wconf 77' lang='grc' dir='ltr'>ἀναπλάττει</span> <span class='ocrx_word' id='word_1_384' title='bbox 854 3562 1003 3632; x_wconf 78' lang='grc' dir='ltr'>ἡμᾶς</span> <span class='ocrx_word' id='word_1_385' title='bbox 1051 3564 1108 3615; x_wconf 81' lang='grc' dir='ltr'>ἑν</span> <span class='ocrx_word' id='word_1_386' title='bbox 1140 3563 1224 3616; x_wconf 74' lang='grc' dir='ltr'>σοὶ</span> <span class='ocrx_word' id='word_1_387' title='bbox 1272 3564 1520 3636; x_wconf 76' lang='grc' dir='ltr'>οἰκήσας,</span> <span class='ocrx_word' id='word_1_388' title='bbox 1551 3568 1781 3623; x_wconf 84' lang='grc' dir='ltr'>Θεοτόκε</span> 
     </span>
    </p>
   </div>
   <div class='ocr_carea' id='block_1_67' title="bbox 223 3650 597 3720">
    <p class='ocr_par' dir='ltr' id='par_1_67' title="bbox 223 3650 597 3720">
     <span class='ocr_line' id='line_1_68' title="bbox 223 3650 597 3720; baseline 0.011 -18"><span class='ocrx_word' id='word_1_389' title='bbox 223 3650 597 3720; x_wconf 77' lang='grc' dir='ltr'>Ἀειπάρθενε.</span> 
     </span>
    </p>
   </div>
   <div class='ocr_carea' id='block_1_68' title="bbox 280 3742 1782 3824">
    <p class='ocr_par' dir='ltr' id='par_1_68' title="bbox 280 3742 1782 3824">
     <span class='ocr_line' id='line_1_69' title="bbox 280 3742 1782 3824; baseline 0.01 -31"><span class='ocrx_word' id='word_1_390' title='bbox 280 3742 665 3814; x_wconf 83' lang='grc' dir='ltr'>Νεκρούμενον</span> <span class='ocrx_word' id='word_1_391' title='bbox 716 3745 810 3798; x_wconf 84' lang='grc' dir='ltr'>καὶ</span> <span class='ocrx_word' id='word_1_392' title='bbox 861 3747 1036 3819; x_wconf 77' lang='grc' dir='ltr'>φθορᾷ</span> <span class='ocrx_word' id='word_1_393' title='bbox 1075 3750 1389 3820; x_wconf 81' lang='grc' dir='ltr'>ὑπαχθέντα</span> <span class='ocrx_word' id='word_1_394' title='bbox 1418 3752 1511 3806; x_wconf 80' lang='grc' dir='ltr'><strong>τὸν</strong></span> <span class='ocrx_word' id='word_1_395' title='bbox 1566 3755 1782 3824; x_wconf 86' lang='grc' dir='ltr'>πρωτό-</span> 
     </span>
    </p>
   </div>
   <div class='ocr_carea' id='block_1_69' title="bbox 209 3834 1783 3915">
    <p class='ocr_par' dir='ltr' id='par_1_69' title="bbox 209 3834 1783 3915">
     <span class='ocr_line' id='line_1_70' title="bbox 209 3834 1783 3915; baseline 0.009 -30"><span class='ocrx_word' id='word_1_396' title='bbox 209 3834 470 3899; x_wconf 87' lang='grc' dir='ltr'>πλαστον,</span> <span class='ocrx_word' id='word_1_397' title='bbox 511 3836 756 3908; x_wconf 72' lang='grc' dir='ltr'>Παρθένε</span> <span class='ocrx_word' id='word_1_398' title='bbox 788 3839 1000 3912; x_wconf 79' lang='grc' dir='ltr'>Μαρία,</span> <span class='ocrx_word' id='word_1_399' title='bbox 1029 3841 1121 3894; x_wconf 76' lang='grc' dir='ltr'><strong>τὸν</strong></span> <span class='ocrx_word' id='word_1_400' title='bbox 1159 3845 1439 3915; x_wconf 75' lang='grc' dir='ltr'>νεκρωτὴν</span> <span class='ocrx_word' id='word_1_401' title='bbox 1475 3846 1568 3899; x_wconf 79' lang='grc' dir='ltr'>τοῦ</span> <span class='ocrx_word' id='word_1_402' title='bbox 1619 3849 1783 3900; x_wconf 76' lang='grc' dir='ltr'>Θανάο</span> 
     </span>
    </p>
   </div>
   <div class='ocr_carea' id='block_1_70' title="bbox 207 3933 1778 4010">
    <p class='ocr_par' dir='ltr' id='par_1_70' title="bbox 207 3933 1778 4010">
     <span class='ocr_line' id='line_1_71' title="bbox 207 3933 1778 4010; baseline 0.007 -29"><span class='ocrx_word' id='word_1_403' title='bbox 207 3947 304 3982; x_wconf 83' lang='grc' dir='ltr'><strong>του</strong></span> <span class='ocrx_word' id='word_1_404' title='bbox 363 3933 622 3994; x_wconf 81' lang='grc' dir='ltr'>τεκοῦσα,</span> <span class='ocrx_word' id='word_1_405' title='bbox 662 3934 745 3995; x_wconf 83' lang='grc' dir='ltr'><strong>εἰς</strong></span> <span class='ocrx_word' id='word_1_406' title='bbox 803 3934 1117 4005; x_wconf 82' lang='grc' dir='ltr'>ἀφθαρσίαν</span> <span class='ocrx_word' id='word_1_407' title='bbox 1163 3939 1494 4008; x_wconf 82' lang='grc' dir='ltr'>μετήγαγες,</span> <span class='ocrx_word' id='word_1_408' title='bbox 1523 3941 1778 4010; x_wconf 80' lang='grc' dir='ltr'>ἀχραντε,</span> 
     </span>
    </p>
   </div>
   <div class='ocr_carea' id='block_1_71' title="bbox 209 4023 1780 4103">
    <p class='ocr_par' dir='ltr' id='par_1_71' title="bbox 209 4023 1780 4103">
     <span class='ocr_line' id='line_1_72' title="bbox 209 4023 1780 4103; baseline 0.006 -27"><span class='ocrx_word' id='word_1_409' title='bbox 209 4024 304 4076; x_wconf 70' lang='grc' dir='ltr'>καὶ</span> <span class='ocrx_word' id='word_1_410' title='bbox 333 4023 544 4089; x_wconf 77' lang='grc' dir='ltr'>ἔδειξας</span> <span class='ocrx_word' id='word_1_411' title='bbox 573 4025 698 4089; x_wconf 82' lang='grc' dir='ltr'>τοὺς</span> <span class='ocrx_word' id='word_1_412' title='bbox 745 4030 998 4097; x_wconf 78' lang='grc' dir='ltr'>γηγενεῖς</span> <span class='ocrx_word' id='word_1_413' title='bbox 1057 4027 1360 4100; x_wconf 87' lang='grc' dir='ltr'>οὐρανίους,</span> <span class='ocrx_word' id='word_1_414' title='bbox 1406 4031 1538 4085; x_wconf 81' lang='grc' dir='ltr'>Θεὸν</span> <span class='ocrx_word' id='word_1_415' title='bbox 1595 4050 1780 4103; x_wconf 82' lang='grc' dir='ltr'>σωμα-</span> 
     </span>
    </p>
   </div>
   <div class='ocr_carea' id='block_1_72' title="bbox 207 4132 455 4170">
    <p class='ocr_par' dir='ltr' id='par_1_72' title="bbox 207 4132 455 4170">
     <span class='ocr_line' id='line_1_73' title="bbox 207 4132 455 4170; baseline 0.012 -3"><span class='ocrx_word' id='word_1_416' title='bbox 207 4132 455 4170; x_wconf 87' lang='grc' dir='ltr'>τωσασα.</span> 
     </span>
    </p>
   </div>
   <div class='ocr_carea' id='block_1_73' title="bbox 280 4209 1783 4287">
    <p class='ocr_par' dir='ltr' id='par_1_73' title="bbox 280 4209 1783 4287">
     <span class='ocr_line' id='line_1_74' title="bbox 280 4209 1783 4287; baseline 0.007 -26"><span class='ocrx_word' id='word_1_417' title='bbox 280 4209 583 4279; x_wconf 76' lang='grc' dir='ltr'>υῐκτειρον,</span> <span class='ocrx_word' id='word_1_418' title='bbox 601 4209 775 4265; x_wconf 81' lang='grc' dir='ltr'>σῶσόν</span> <span class='ocrx_word' id='word_1_419' title='bbox 801 4227 891 4282; x_wconf 89' lang='grc' dir='ltr'><strong>με,</strong></span> <span class='ocrx_word' id='word_1_420' title='bbox 923 4213 1191 4282; x_wconf 81' lang='grc' dir='ltr'>Παρθένε,</span> <span class='ocrx_word' id='word_1_421' title='bbox 1223 4214 1314 4268; x_wconf 81' lang='grc' dir='ltr'>τὸν</span> <span class='ocrx_word' id='word_1_422' title='bbox 1346 4217 1664 4287; x_wconf 70' lang='grc' dir='ltr'>οἰκτίρμονα</span> <span class='ocrx_word' id='word_1_423' title='bbox 1696 4236 1783 4271; x_wconf 86' lang='grc' dir='ltr'>τε-</span> 
     </span>
    </p>
   </div>
   <div class='ocr_carea' id='block_1_74' title="bbox 209 4298 1782 4378">
    <p class='ocr_par' dir='ltr' id='par_1_74' title="bbox 209 4298 1782 4378">
     <span class='ocr_line' id='line_1_75' title="bbox 209 4298 1782 4378; baseline 0.009 -27"><span class='ocrx_word' id='word_1_424' title='bbox 209 4298 382 4352; x_wconf 76' lang='grc' dir='ltr'>κοῦσα</span> <span class='ocrx_word' id='word_1_425' title='bbox 412 4299 544 4352; x_wconf 78' lang='grc' dir='ltr'>Θεὸν</span> <span class='ocrx_word' id='word_1_426' title='bbox 573 4300 765 4369; x_wconf 84' lang='grc' dir='ltr'>Λόγον,</span> <span class='ocrx_word' id='word_1_427' title='bbox 799 4304 893 4356; x_wconf 74' lang='grc' dir='ltr'>καὶ</span> <span class='ocrx_word' id='word_1_428' title='bbox 921 4305 1063 4372; x_wconf 84' lang='grc' dir='ltr'>φωτὶ</span> <span class='ocrx_word' id='word_1_429' title='bbox 1100 4304 1180 4375; x_wconf 82' lang='grc' dir='ltr'>τῷ</span> <span class='ocrx_word' id='word_1_430' title='bbox 1216 4307 1276 4360; x_wconf 79' lang='grc' dir='ltr'>ἑν</span> <span class='ocrx_word' id='word_1_431' title='bbox 1317 4308 1401 4360; x_wconf 78' lang='grc' dir='ltr'><strong>σοὶ</strong></span> <span class='ocrx_word' id='word_1_432' title='bbox 1434 4309 1782 4378; x_wconf 85' lang='grc' dir='ltr'>καταύγασον</span> 
     </span>
    </p>
   </div>
   <div class='ocr_carea' id='block_1_75' title="bbox 212 4390 1782 4473">
    <p class='ocr_par' dir='ltr' id='par_1_75' title="bbox 212 4390 1782 4473">
     <span class='ocr_line' id='line_1_76' title="bbox 212 4390 1782 4473; baseline 0.01 -33"><span class='ocrx_word' id='word_1_433' title='bbox 212 4390 421 4460; x_wconf 82' lang='grc' dir='ltr'>βοῶντα</span> <span class='ocrx_word' id='word_1_434' title='bbox 443 4405 456 4419; x_wconf 92' lang='grc'><strong>·</strong></span> <span class='ocrx_word' id='word_1_435' title='bbox 493 4391 895 4464; x_wconf 75' lang='grc' dir='ltr'>Εὐλογημένος,</span> <span class='ocrx_word' id='word_1_436' title='bbox 934 4397 1198 4464; x_wconf 82' lang='grc' dir='ltr'>πάναγνε,</span> <span class='ocrx_word' id='word_1_437' title='bbox 1229 4399 1258 4450; x_wconf 86' lang='grc' dir='ltr'>ὁ</span> <span class='ocrx_word' id='word_1_438' title='bbox 1306 4400 1515 4469; x_wconf 69' lang='grc' dir='ltr'>καρπὸς</span> <span class='ocrx_word' id='word_1_439' title='bbox 1550 4403 1647 4471; x_wconf 81' lang='grc' dir='ltr'>τῆς</span> <span class='ocrx_word' id='word_1_440' title='bbox 1685 4403 1782 4473; x_wconf 81' lang='grc' dir='ltr'><strong>σῆς</strong></span> 
     </span>
    </p>
   </div>
   <div class='ocr_carea' id='block_1_76' title="bbox 211 4500 441 4548">
    <p class='ocr_par' dir='ltr' id='par_1_76' title="bbox 211 4500 441 4548">
     <span class='ocr_line' id='line_1_77' title="bbox 211 4500 441 4548; baseline 0.017 -14"><span class='ocrx_word' id='word_1_441' title='bbox 211 4500 441 4548; x_wconf 68' lang='grc' dir='ltr'>κοιλιας.</span> 
     </span>
    </p>
   </div>
   <div class='ocr_carea' id='block_1_77' title="bbox 1886 3375 2700 3431">
    <p class='ocr_par' dir='ltr' id='par_1_77' title="bbox 1886 3375 2700 3431">
     <span class='ocr_line' id='line_1_78' title="bbox 1886 3375 2700 3431; baseline -0.002 -1"><span class='ocrx_word' id='word_1_442' title='bbox 1886 3379 2011 3431; x_wconf 85' lang='lat' dir='ltr'><strong>licet</strong></span> <span class='ocrx_word' id='word_1_443' title='bbox 2039 3393 2103 3431; x_wconf 87' lang='lat' dir='ltr'><strong>ac</strong></span> <span class='ocrx_word' id='word_1_444' title='bbox 2141 3376 2373 3430; x_wconf 84' lang='lat' dir='ltr'><strong>Verbum</strong></span> <span class='ocrx_word' id='word_1_445' title='bbox 2402 3375 2700 3430; x_wconf 82' lang='lat' dir='ltr'><strong>Ceuitoris.</strong></span> 
     </span>
    </p>
   </div>
   <div class='ocr_carea' id='block_1_78' title="bbox 1953 3466 3460 3540">
    <p class='ocr_par' dir='ltr' id='par_1_78' title="bbox 1953 3466 3460 3540">
     <span class='ocr_line' id='line_1_79' title="bbox 1953 3466 3460 3540; baseline 0.003 -18"><span class='ocrx_word' id='word_1_446' title='bbox 1953 3469 2028 3522; x_wconf 90' lang='lat' dir='ltr'><strong>Te</strong></span> <span class='ocrx_word' id='word_1_447' title='bbox 2058 3470 2253 3530; x_wconf 90' lang='lat' dir='ltr'><strong>solam,</strong></span> <span class='ocrx_word' id='word_1_448' title='bbox 2286 3483 2320 3522; x_wconf 92' lang='grc' dir='ltr'><strong>ο</strong></span> <span class='ocrx_word' id='word_1_449' title='bbox 2360 3466 2593 3535; x_wconf 86' lang='lat' dir='ltr'><strong>Deipara</strong></span> <span class='ocrx_word' id='word_1_450' title='bbox 2646 3481 2862 3536; x_wconf 80' lang='lat' dir='ltr'><strong>semper</strong></span> <span class='ocrx_word' id='word_1_451' title='bbox 2915 3467 3096 3540; x_wconf 75' lang='lat' dir='ltr'><strong>Virgo,</strong></span> <span class='ocrx_word' id='word_1_452' title='bbox 3128 3487 3192 3526; x_wconf 75' lang='lat' dir='ltr'><strong>ex</strong></span> <span class='ocrx_word' id='word_1_453' title='bbox 3242 3473 3460 3528; x_wconf 91' lang='lat' dir='ltr'><strong>cunctis</strong></span> 
     </span>
    </p>
   </div>
   <div class='ocr_carea' id='block_1_79' title="bbox 1884 3557 3465 3630">
    <p class='ocr_par' dir='ltr' id='par_1_79' title="bbox 1884 3557 3465 3630">
     <span class='ocr_line' id='line_1_80' title="bbox 1884 3557 3465 3630; baseline 0.005 -18"><span class='ocrx_word' id='word_1_454' title='bbox 1884 3561 2327 3630; x_wconf 61' lang='lat' dir='ltr'><strong>generationibus</strong></span> <span class='ocrx_word' id='word_1_455' title='bbox 2352 3558 2514 3629; x_wconf 88' lang='lat' dir='ltr'><strong>elegit</strong></span> <span class='ocrx_word' id='word_1_456' title='bbox 2535 3557 2784 3626; x_wconf 85' lang='lat' dir='ltr'><strong>Creator,</strong></span> <span class='ocrx_word' id='word_1_457' title='bbox 2809 3571 2862 3616; x_wconf 90' lang='lat' dir='ltr'><strong>et</strong></span> <span class='ocrx_word' id='word_1_458' title='bbox 2888 3576 3013 3617; x_wconf 90' lang='lat' dir='ltr'><strong>cum</strong></span> <span class='ocrx_word' id='word_1_459' title='bbox 3051 3563 3104 3616; x_wconf 91' lang='lat' dir='ltr'><strong>in</strong></span> <span class='ocrx_word' id='word_1_460' title='bbox 3132 3573 3183 3618; x_wconf 86' lang='lat' dir='ltr'><strong>te</strong></span> <span class='ocrx_word' id='word_1_461' title='bbox 3220 3565 3465 3619; x_wconf 86' lang='lat' dir='ltr'><strong>habitas-</strong></span> 
     </span>
    </p>
   </div>
   <div class='ocr_carea' id='block_1_80' title="bbox 1885 3653 2481 3717">
    <p class='ocr_par' dir='ltr' id='par_1_80' title="bbox 1885 3653 2481 3717">
     <span class='ocr_line' id='line_1_81' title="bbox 1885 3653 2481 3717; baseline 0 -7"><span class='ocrx_word' id='word_1_462' title='bbox 1885 3666 1986 3717; x_wconf 87' lang='lat' dir='ltr'><strong>set,</strong></span> <span class='ocrx_word' id='word_1_463' title='bbox 2017 3671 2114 3709; x_wconf 89' lang='lat' dir='ltr'><strong>nos</strong></span> <span class='ocrx_word' id='word_1_464' title='bbox 2141 3653 2481 3710; x_wconf 81' lang='lat' dir='ltr'><strong>reformavit.</strong></span> 
     </span>
    </p>
   </div>
   <div class='ocr_carea' id='block_1_81' title="bbox 1957 3748 3463 3819">
    <p class='ocr_par' dir='ltr' id='par_1_81' title="bbox 1957 3748 3463 3819">
     <span class='ocr_line' id='line_1_82' title="bbox 1957 3748 3463 3819; baseline 0.004 -19"><span class='ocrx_word' id='word_1_465' title='bbox 1957 3748 2364 3816; x_wconf 78' lang='lat' dir='ltr'><strong>Protoplastum</strong></span> <span class='ocrx_word' id='word_1_466' title='bbox 2422 3758 2726 3811; x_wconf 90' lang='lat' dir='ltr'><strong>mortuum,</strong></span> <span class='ocrx_word' id='word_1_467' title='bbox 2767 3758 2820 3802; x_wconf 89' lang='lat' dir='ltr'><strong>et</strong></span> <span class='ocrx_word' id='word_1_468' title='bbox 2851 3750 3193 3819; x_wconf 85' lang='lat' dir='ltr'><strong>corruptioni</strong></span> <span class='ocrx_word' id='word_1_469' title='bbox 3245 3751 3463 3819; x_wconf 77' lang='lat' dir='ltr'><strong>subjec-</strong></span> 
     </span>
    </p>
   </div>
   <div class='ocr_carea' id='block_1_82' title="bbox 1885 3839 3459 3905">
    <p class='ocr_par' dir='ltr' id='par_1_82' title="bbox 1885 3839 3459 3905">
     <span class='ocr_line' id='line_1_83' title="bbox 1885 3839 3459 3905; baseline 0.004 -17"><span class='ocrx_word' id='word_1_470' title='bbox 1885 3847 2022 3901; x_wconf 90' lang='lat' dir='ltr'><strong>tum,</strong></span> <span class='ocrx_word' id='word_1_471' title='bbox 2061 3839 2128 3891; x_wconf 88' lang='lat' dir='ltr'><strong>ad</strong></span> <span class='ocrx_word' id='word_1_472' title='bbox 2183 3839 2647 3894; x_wconf 86' lang='lat' dir='ltr'><strong>immortalitatem</strong></span> <span class='ocrx_word' id='word_1_473' title='bbox 2696 3842 3050 3905; x_wconf 87' lang='lat' dir='ltr'><strong>transtulisti,</strong></span> <span class='ocrx_word' id='word_1_474' title='bbox 3100 3859 3133 3897; x_wconf 93' lang='grc' dir='ltr'><strong>ο</strong></span> <span class='ocrx_word' id='word_1_475' title='bbox 3201 3844 3459 3896; x_wconf 85' lang='lat' dir='ltr'><strong>inviolata</strong></span> 
     </span>
    </p>
   </div>
   <div class='ocr_carea' id='block_1_83' title="bbox 1886 3925 3457 4004">
    <p class='ocr_par' dir='ltr' id='par_1_83' title="bbox 1886 3925 3457 4004">
     <span class='ocr_line' id='line_1_84' title="bbox 1886 3925 3457 4004; baseline 0.006 -25"><span class='ocrx_word' id='word_1_476' title='bbox 1886 3925 2053 3997; x_wconf 81' lang='lat' dir='ltr'><strong>Virgo</strong></span> <span class='ocrx_word' id='word_1_477' title='bbox 2084 3928 2273 3994; x_wconf 85' lang='lat' dir='ltr'><strong>Maria,</strong></span> <span class='ocrx_word' id='word_1_478' title='bbox 2307 3944 2428 3982; x_wconf 91' lang='lat' dir='ltr'><strong>cum</strong></span> <span class='ocrx_word' id='word_1_479' title='bbox 2463 3930 2654 3984; x_wconf 90' lang='lat' dir='ltr'><strong>mortis</strong></span> <span class='ocrx_word' id='word_1_480' title='bbox 2689 3931 3135 4002; x_wconf 82' lang='lat' dir='ltr'><strong>interemptorem</strong></span> <span class='ocrx_word' id='word_1_481' title='bbox 3171 3936 3457 4004; x_wconf 76' lang='lat' dir='ltr'><strong>peperisti;</strong></span> 
     </span>
    </p>
   </div>
   <div class='ocr_carea' id='block_1_84' title="bbox 1883 4021 3455 4091">
    <p class='ocr_par' dir='ltr' id='par_1_84' title="bbox 1883 4021 3455 4091">
     <span class='ocr_line' id='line_1_85' title="bbox 1883 4021 3455 4091; baseline 0.006 -16"><span class='ocrx_word' id='word_1_482' title='bbox 1883 4029 1939 4075; x_wconf 89' lang='lat' dir='ltr'><strong>et</strong></span> <span class='ocrx_word' id='word_1_483' title='bbox 1983 4022 2283 4090; x_wconf 82' lang='lat' dir='ltr'><strong>terrigenas</strong></span> <span class='ocrx_word' id='word_1_484' title='bbox 2333 4021 2584 4078; x_wconf 80' lang='lat' dir='ltr'><strong>ctelestes</strong></span> <span class='ocrx_word' id='word_1_485' title='bbox 2628 4023 2929 4091; x_wconf 87' lang='lat' dir='ltr'><strong>reddidisti,</strong></span> <span class='ocrx_word' id='word_1_486' title='bbox 2965 4041 3091 4079; x_wconf 88' lang='lat' dir='ltr'><strong>cum</strong></span> <span class='ocrx_word' id='word_1_487' title='bbox 3122 4027 3290 4081; x_wconf 84' lang='lat' dir='ltr'><strong>Deum</strong></span> <span class='ocrx_word' id='word_1_488' title='bbox 3329 4045 3455 4083; x_wconf 81' lang='lat' dir='ltr'><strong>eur-</strong></span> 
     </span>
    </p>
   </div>
   <div class='ocr_carea' id='block_1_85' title="bbox 1885 4111 2111 4180">
    <p class='ocr_par' dir='ltr' id='par_1_85' title="bbox 1885 4111 2111 4180">
     <span class='ocr_line' id='line_1_86' title="bbox 1885 4111 2111 4180; baseline 0 -17"><span class='ocrx_word' id='word_1_489' title='bbox 1885 4111 2111 4180; x_wconf 80' lang='lat' dir='ltr'><strong>parasti.</strong></span> 
     </span>
    </p>
   </div>
   <div class='ocr_carea' id='block_1_86' title="bbox 1959 4204 3445 4278">
    <p class='ocr_par' dir='ltr' id='par_1_86' title="bbox 1959 4204 3445 4278">
     <span class='ocr_line' id='line_1_87' title="bbox 1959 4204 3445 4278; baseline 0.006 -22"><span class='ocrx_word' id='word_1_490' title='bbox 1959 4204 2214 4258; x_wconf 81' lang='lat' dir='ltr'><strong>Miserere</strong></span> <span class='ocrx_word' id='word_1_491' title='bbox 2248 4205 2377 4266; x_wconf 79' lang='lat' dir='ltr'><strong>mei,</strong></span> <span class='ocrx_word' id='word_1_492' title='bbox 2417 4214 2472 4260; x_wconf 85' lang='lat' dir='ltr'><strong>et</strong></span> <span class='ocrx_word' id='word_1_493' title='bbox 2499 4206 2650 4260; x_wconf 86' lang='lat' dir='ltr'><strong>salva</strong></span> <span class='ocrx_word' id='word_1_494' title='bbox 2683 4221 2791 4269; x_wconf 89' lang='lat' dir='ltr'><strong>me,</strong></span> <span class='ocrx_word' id='word_1_495' title='bbox 2825 4223 2858 4260; x_wconf 83' lang='grc' dir='ltr'><strong>ο</strong></span> <span class='ocrx_word' id='word_1_496' title='bbox 2906 4205 3093 4277; x_wconf 82' lang='lat' dir='ltr'><strong>Virgo,</strong></span> <span class='ocrx_word' id='word_1_497' title='bbox 3127 4225 3248 4278; x_wconf 65' lang='lat' dir='ltr'><strong>quae</strong></span> <span class='ocrx_word' id='word_1_498' title='bbox 3279 4209 3445 4265; x_wconf 88' lang='lat' dir='ltr'><strong>Deum</strong></span> 
     </span>
    </p>
   </div>
   <div class='ocr_carea' id='block_1_87' title="bbox 1890 4295 3457 4372">
    <p class='ocr_par' dir='ltr' id='par_1_87' title="bbox 1890 4295 3457 4372">
     <span class='ocr_line' id='line_1_88' title="bbox 1890 4295 3457 4372; baseline 0.007 -23"><span class='ocrx_word' id='word_1_499' title='bbox 1890 4295 2128 4350; x_wconf 82' lang='lat' dir='ltr'><strong>Verbum</strong></span> <span class='ocrx_word' id='word_1_500' title='bbox 2181 4297 2563 4353; x_wconf 89' lang='lat' dir='ltr'><strong>miseratorem</strong></span> <span class='ocrx_word' id='word_1_501' title='bbox 2609 4299 2900 4368; x_wconf 88' lang='lat' dir='ltr'><strong>peperisti;</strong></span> <span class='ocrx_word' id='word_1_502' title='bbox 2933 4310 2987 4354; x_wconf 92' lang='lat' dir='ltr'><strong>et</strong></span> <span class='ocrx_word' id='word_1_503' title='bbox 3019 4302 3156 4362; x_wconf 90' lang='lat' dir='ltr'><strong>luce.</strong></span> <span class='ocrx_word' id='word_1_504' title='bbox 3198 4320 3317 4372; x_wconf 60' lang='lat' dir='ltr'><strong>qua:</strong></span> <span class='ocrx_word' id='word_1_505' title='bbox 3374 4316 3457 4360; x_wconf 80' lang='lat' dir='ltr'><strong>est</strong></span> 
     </span>
    </p>
   </div>
   <div class='ocr_carea' id='block_1_88' title="bbox 1888 4385 3458 4460">
    <p class='ocr_par' dir='ltr' id='par_1_88' title="bbox 1888 4385 3458 4460">
     <span class='ocr_line' id='line_1_89' title="bbox 1888 4385 3458 4460; baseline 0.008 -21"><span class='ocrx_word' id='word_1_506' title='bbox 1888 4385 1940 4439; x_wconf 92' lang='lat' dir='ltr'><strong>iu</strong></span> <span class='ocrx_word' id='word_1_507' title='bbox 1983 4395 2054 4450; x_wconf 88' lang='lat' dir='ltr'><strong>te,</strong></span> <span class='ocrx_word' id='word_1_508' title='bbox 2088 4385 2334 4442; x_wconf 85' lang='lat' dir='ltr'><strong>illumina</strong></span> <span class='ocrx_word' id='word_1_509' title='bbox 2375 4403 2460 4441; x_wconf 90' lang='lat' dir='ltr'><strong>me</strong></span> <span class='ocrx_word' id='word_1_510' title='bbox 2503 4388 2877 4446; x_wconf 87' lang='lat' dir='ltr'><strong>clamantem:</strong></span> <span class='ocrx_word' id='word_1_511' title='bbox 2919 4390 3266 4460; x_wconf 85' lang='lat' dir='ltr'><strong>Benedictus,</strong></span> <span class='ocrx_word' id='word_1_512' title='bbox 3303 4411 3335 4449; x_wconf 93' lang='grc' dir='ltr'><strong>ο</strong></span> <span class='ocrx_word' id='word_1_513' title='bbox 3366 4413 3458 4451; x_wconf 80' lang='lat' dir='ltr'><strong>ca-</strong></span> 
     </span>
    </p>
   </div>
   <div class='ocr_carea' id='block_1_89' title="bbox 1887 4477 2738 4544">
    <p class='ocr_par' dir='ltr' id='par_1_89' title="bbox 1887 4477 2738 4544">
     <span class='ocr_line' id='line_1_90' title="bbox 1887 4477 2738 4544; baseline 0.004 -13"><span class='ocrx_word' id='word_1_514' title='bbox 1887 4477 2150 4544; x_wconf 85' lang='lat' dir='ltr'><strong>stissima,</strong></span> <span class='ocrx_word' id='word_1_515' title='bbox 2181 4478 2389 4535; x_wconf 81' lang='lat' dir='ltr'><strong>fructus</strong></span> <span class='ocrx_word' id='word_1_516' title='bbox 2415 4482 2618 4535; x_wconf 86' lang='lat' dir='ltr'><strong>ventris</strong></span> <span class='ocrx_word' id='word_1_517' title='bbox 2640 4483 2738 4536; x_wconf 90' lang='lat' dir='ltr'><strong>tui.</strong></span> 
     </span>
    </p>
   </div>
   <div class='ocr_carea' id='block_1_90' title="bbox 296 4569 1779 4652">
    <p class='ocr_par' dir='ltr' id='par_1_90' title="bbox 296 4579 1779 4652">
     <span class='ocr_line' id='line_1_91' title="bbox 296 4579 1779 4652; baseline 0.006 -23"><span class='ocrx_word' id='word_1_518' title='bbox 296 4579 386 4640; x_wconf 84' lang='grc' dir='ltr'>Ὧς</span> <span class='ocrx_word' id='word_1_519' title='bbox 437 4579 715 4650; x_wconf 86' lang='grc' dir='ltr'>ἀνωτέραν</span> <span class='ocrx_word' id='word_1_520' title='bbox 770 4596 830 4632; x_wconf 88' lang='grc' dir='ltr'>σε</span> <span class='ocrx_word' id='word_1_521' title='bbox 879 4579 1098 4633; x_wconf 81' lang='grc' dir='ltr'>πάντων</span> <span class='ocrx_word' id='word_1_522' title='bbox 1139 4580 1248 4634; x_wconf 89' lang='grc' dir='ltr'><strong>τῶν</strong></span> <span class='ocrx_word' id='word_1_523' title='bbox 1305 4582 1646 4652; x_wconf 81' lang='grc' dir='ltr'>ποιημάτων,</span> <span class='ocrx_word' id='word_1_524' title='bbox 1687 4586 1779 4638; x_wconf 65' lang='grc' dir='ltr'><strong>καὶ</strong></span> 
     </span>
    </p>
   </div>
   <div class='ocr_carea' id='block_1_91' title="bbox 1885 4569 3457 4652">
    <p class='ocr_par' dir='ltr' id='par_1_91' title="bbox 1961 4569 3457 4641">
     <span class='ocr_line' id='line_1_92' title="bbox 1961 4569 3457 4641; baseline 0.009 -19"><span class='ocrx_word' id='word_1_525' title='bbox 1961 4569 2036 4623; x_wconf 86' lang='lat' dir='ltr'><strong>Te</strong></span> <span class='ocrx_word' id='word_1_526' title='bbox 2069 4581 2323 4639; x_wconf 87' lang='lat' dir='ltr'><strong>tauquam</strong></span> <span class='ocrx_word' id='word_1_527' title='bbox 2355 4581 2622 4628; x_wconf 83' lang='lat' dir='ltr'><strong>creaturis</strong></span> <span class='ocrx_word' id='word_1_528' title='bbox 2671 4574 2928 4629; x_wconf 88' lang='lat' dir='ltr'><strong>omnibus</strong></span> <span class='ocrx_word' id='word_1_529' title='bbox 2963 4576 3372 4641; x_wconf 86' lang='lat' dir='ltr'><strong>sublimiorem.</strong></span> <span class='ocrx_word' id='word_1_530' title='bbox 3404 4594 3457 4636; x_wconf 90' lang='lat' dir='ltr'><strong>et</strong></span> 
     </span>
    </p>
   </div>
   <div class='ocr_carea' id='block_1_92' title="bbox 211 4670 1782 4744">
    <p class='ocr_par' dir='ltr' id='par_1_92' title="bbox 211 4670 1782 4744">
     <span class='ocr_line' id='line_1_93' title="bbox 211 4670 1782 4744; baseline 0.006 -22"><span class='ocrx_word' id='word_1_531' title='bbox 211 4671 462 4742; x_wconf 78' lang='grc' dir='ltr'>οὐρανῶν</span> <span class='ocrx_word' id='word_1_532' title='bbox 529 4670 894 4737; x_wconf 83' lang='grc' dir='ltr'>πλατυτέραν,</span> <span class='ocrx_word' id='word_1_533' title='bbox 935 4673 1373 4743; x_wconf 82' lang='grc' dir='ltr'>παρθενομῆτορ,</span> <span class='ocrx_word' id='word_1_534' title='bbox 1421 4675 1706 4744; x_wconf 71' lang='grc' dir='ltr'>ἠγάπησεν</span> <span class='ocrx_word' id='word_1_535' title='bbox 1755 4681 1782 4731; x_wconf 85' lang='grc' dir='ltr'>ὁ</span> 
     </span>
    </p>
   </div>
   <div class='ocr_carea' id='block_1_93' title="bbox 212 4763 1392 4832">
    <p class='ocr_par' dir='ltr' id='par_1_93' title="bbox 212 4763 1392 4832">
     <span class='ocr_line' id='line_1_94' title="bbox 212 4763 1392 4832; baseline 0.003 -16"><span class='ocrx_word' id='word_1_536' title='bbox 212 4764 324 4826; x_wconf 78' lang='grc' dir='ltr'>υἱός</span> <span class='ocrx_word' id='word_1_537' title='bbox 367 4780 484 4826; x_wconf 86' lang='grc' dir='ltr'>σου,</span> <span class='ocrx_word' id='word_1_538' title='bbox 512 4764 609 4816; x_wconf 77' lang='grc' dir='ltr'><strong>καὶ</strong></span> <span class='ocrx_word' id='word_1_539' title='bbox 632 4764 812 4832; x_wconf 80' lang='grc' dir='ltr'>σάρκα</span> <span class='ocrx_word' id='word_1_540' title='bbox 836 4766 899 4815; x_wconf 80' lang='grc' dir='ltr'><strong>ἐκ</strong></span> <span class='ocrx_word' id='word_1_541' title='bbox 936 4763 1030 4816; x_wconf 83' lang='grc' dir='ltr'><strong>σοῦ</strong></span> <span class='ocrx_word' id='word_1_542' title='bbox 1076 4764 1392 4821; x_wconf 79' lang='grc' dir='ltr'>ἀνελάϐετο.</span> 
     </span>
    </p>
   </div>
   <div class='ocr_carea' id='block_1_94' title="bbox 281 4856 1782 4931">
    <p class='ocr_par' dir='ltr' id='par_1_94' title="bbox 281 4856 1782 4931">
     <span class='ocr_line' id='line_1_95' title="bbox 281 4856 1782 4931; baseline 0.003 -23"><span class='ocrx_word' id='word_1_543' title='bbox 281 4857 468 4909; x_wconf 74' lang='grc' dir='ltr'>Φεῖσαί</span> <span class='ocrx_word' id='word_1_544' title='bbox 497 4873 620 4926; x_wconf 89' lang='grc' dir='ltr'>μου,</span> <span class='ocrx_word' id='word_1_545' title='bbox 650 4857 854 4927; x_wconf 85' lang='grc' dir='ltr'>Σῶτερ,</span> <span class='ocrx_word' id='word_1_546' title='bbox 883 4858 911 4909; x_wconf 82' lang='grc' dir='ltr'>ὁ</span> <span class='ocrx_word' id='word_1_547' title='bbox 934 4856 1146 4925; x_wconf 66' lang='grc' dir='ltr'>τεχθεὶς</span> <span class='ocrx_word' id='word_1_548' title='bbox 1183 4858 1276 4910; x_wconf 72' lang='grc' dir='ltr'>καὶ</span> <span class='ocrx_word' id='word_1_549' title='bbox 1306 4857 1542 4927; x_wconf 83' lang='grc' dir='ltr'>φυλάξας</span> <span class='ocrx_word' id='word_1_550' title='bbox 1569 4859 1666 4931; x_wconf 81' lang='grc' dir='ltr'>τὴν</span> <span class='ocrx_word' id='word_1_551' title='bbox 1696 4879 1782 4913; x_wconf 90' lang='grc' dir='ltr'>τε-</span> 
     </span>
    </p>
   </div>
   <div class='ocr_carea' id='block_1_95' title="bbox 211 4947 1782 5023">
    <p class='ocr_par' dir='ltr' id='par_1_95' title="bbox 211 4947 1782 5023">
     <span class='ocr_line' id='line_1_96' title="bbox 211 4947 1782 5023; baseline -0.001 -20"><span class='ocrx_word' id='word_1_552' title='bbox 211 4949 414 5003; x_wconf 75' lang='grc' dir='ltr'>κοῦσάν</span> <span class='ocrx_word' id='word_1_553' title='bbox 447 4965 506 5001; x_wconf 92' lang='grc' dir='ltr'><strong>σε</strong></span> <span class='ocrx_word' id='word_1_554' title='bbox 555 4947 791 5017; x_wconf 77' lang='grc' dir='ltr'>ἄφθορον</span> <span class='ocrx_word' id='word_1_555' title='bbox 825 4948 964 5018; x_wconf 86' lang='grc' dir='ltr'><strong>μετά</strong></span> <span class='ocrx_word' id='word_1_556' title='bbox 995 4949 1096 5018; x_wconf 80' lang='grc' dir='ltr'>τὴν</span> <span class='ocrx_word' id='word_1_557' title='bbox 1129 4947 1345 5016; x_wconf 79' lang='grc' dir='ltr'>κύησιν,</span> <span class='ocrx_word' id='word_1_558' title='bbox 1382 4950 1508 5002; x_wconf 85' lang='grc' dir='ltr'>ὅταν</span> <span class='ocrx_word' id='word_1_559' title='bbox 1554 4951 1782 5023; x_wconf 78' lang='grc' dir='ltr'>καθίσῃς</span> 
     </span>
    </p>
   </div>
   <div class='ocr_carea' id='block_1_96' title="bbox 215 5039 1783 5113">
    <p class='ocr_par' dir='ltr' id='par_1_96' title="bbox 215 5039 1783 5113">
     <span class='ocr_line' id='line_1_97' title="bbox 215 5039 1783 5113; baseline 0.001 -18"><span class='ocrx_word' id='word_1_560' title='bbox 215 5042 404 5113; x_wconf 87' lang='grc' dir='ltr'>κρίναι</span> <span class='ocrx_word' id='word_1_561' title='bbox 432 5041 501 5094; x_wconf 80' lang='grc' dir='ltr'>τὰ</span> <span class='ocrx_word' id='word_1_562' title='bbox 539 5039 678 5110; x_wconf 72' lang='grc' dir='ltr'>ἔργα</span> <span class='ocrx_word' id='word_1_563' title='bbox 710 5058 835 5110; x_wconf 89' lang='grc' dir='ltr'>μου,</span> <span class='ocrx_word' id='word_1_564' title='bbox 868 5040 965 5103; x_wconf 90' lang='grc' dir='ltr'><strong>τάς</strong></span> <span class='ocrx_word' id='word_1_565' title='bbox 1003 5041 1233 5110; x_wconf 89' lang='grc' dir='ltr'>ἀνομίας</span> <span class='ocrx_word' id='word_1_566' title='bbox 1264 5043 1521 5112; x_wconf 81' lang='grc' dir='ltr'>παρορῶν</span> <span class='ocrx_word' id='word_1_567' title='bbox 1553 5045 1648 5096; x_wconf 79' lang='grc' dir='ltr'>καὶ</span> <span class='ocrx_word' id='word_1_568' title='bbox 1687 5045 1783 5106; x_wconf 75' lang='grc' dir='ltr'><strong>τὰς</strong></span> 
     </span>
    </p>
   </div>
   <div class='ocr_carea' id='block_1_97' title="bbox 210 5133 1780 5205">
    <p class='ocr_par' dir='ltr' id='par_1_97' title="bbox 210 5133 1780 5205">
     <span class='ocr_line' id='line_1_98' title="bbox 210 5133 1780 5205; baseline 0.001 -17"><span class='ocrx_word' id='word_1_569' title='bbox 210 5134 490 5205; x_wconf 82' lang='grc' dir='ltr'>ἁμαρτίας</span> <span class='ocrx_word' id='word_1_570' title='bbox 526 5150 650 5202; x_wconf 85' lang='grc' dir='ltr'>μου,</span> <span class='ocrx_word' id='word_1_571' title='bbox 685 5133 761 5196; x_wconf 83' lang='grc' dir='ltr'><strong>ὡς</strong></span> <span class='ocrx_word' id='word_1_572' title='bbox 794 5133 1198 5204; x_wconf 80' lang='grc' dir='ltr'>ἀναμάρτητος,</span> <span class='ocrx_word' id='word_1_573' title='bbox 1233 5133 1480 5202; x_wconf 71' lang='grc' dir='ltr'>ἐλεήμων</span> <span class='ocrx_word' id='word_1_574' title='bbox 1517 5135 1592 5198; x_wconf 87' lang='grc' dir='ltr'>ὼς</span> <span class='ocrx_word' id='word_1_575' title='bbox 1628 5136 1780 5202; x_wconf 79' lang='grc' dir='ltr'>Θεὸς,</span> 
     </span>
    </p>
   </div>
   <div class='ocr_carea' id='block_1_98' title="bbox 211 5226 751 5296">
    <p class='ocr_par' dir='ltr' id='par_1_98' title="bbox 211 5226 751 5296">
     <span class='ocr_line' id='line_1_99' title="bbox 211 5226 751 5296; baseline -0.002 -14"><span class='ocrx_word' id='word_1_576' title='bbox 211 5231 302 5282; x_wconf 73' lang='grc' dir='ltr'>καὶ</span> <span class='ocrx_word' id='word_1_577' title='bbox 350 5226 751 5296; x_wconf 78' lang='grc' dir='ltr'>φιλάνθρωπος.</span> 
     </span>
    </p>
   </div>
   <div class='ocr_carea' id='block_1_99' title="bbox 225 5338 1784 5405">
    <p class='ocr_par' dir='ltr' id='par_1_99' title="bbox 225 5338 1784 5405">
     <span class='ocr_line' id='line_1_100' title="bbox 225 5338 1784 5405; baseline 0.001 -10"><span class='ocrx_word' id='word_1_578' title='bbox 225 5344 320 5395; x_wconf 78' lang='grc' dir='ltr'><strong>Ἐκ</strong></span> <span class='ocrx_word' id='word_1_579' title='bbox 351 5341 458 5395; x_wconf 81' lang='grc' dir='ltr'>τοῦ</span> <span class='ocrx_word' id='word_1_580' title='bbox 503 5341 764 5400; x_wconf 78' lang='grc' dir='ltr'>κανόνος</span> <span class='ocrx_word' id='word_1_581' title='bbox 809 5342 896 5403; x_wconf 87' lang='grc' dir='ltr'><strong>είς</strong></span> <span class='ocrx_word' id='word_1_582' title='bbox 935 5338 1042 5392; x_wconf 78' lang='grc' dir='ltr'><strong>τὸν</strong></span> <span class='ocrx_word' id='word_1_583' title='bbox 1074 5339 1248 5393; x_wconf 81' lang='grc' dir='ltr'>ὅσιον</span> <span class='ocrx_word' id='word_1_584' title='bbox 1297 5342 1634 5405; x_wconf 73' lang='grc' dir='ltr'>Προκόπιον</span> <span class='ocrx_word' id='word_1_585' title='bbox 1678 5346 1784 5397; x_wconf 73' lang='grc' dir='ltr'><strong>τὸν</strong></span> 
     </span>
    </p>
   </div>
   <div class='ocr_carea' id='block_1_100' title="bbox 597 5410 1393 5478">
    <p class='ocr_par' dir='ltr' id='par_1_100' title="bbox 597 5410 1393 5478">
     <span class='ocr_line' id='line_1_101' title="bbox 597 5410 1393 5478; baseline 0.003 -16"><span class='ocrx_word' id='word_1_586' title='bbox 597 5410 1010 5476; x_wconf 76' lang='grc' dir='ltr'>Δεκαπολίτην</span> <span class='ocrx_word' id='word_1_587' title='bbox 1048 5410 1236 5478; x_wconf 75' lang='grc' dir='ltr'>ἡμέρᾳ</span> <span class='ocrx_word' id='word_1_588' title='bbox 1288 5410 1370 5469; x_wconf 51' lang='grc' dir='ltr'><strong>κζ’</strong></span> <span class='ocrx_word' id='word_1_589' title='bbox 1380 5452 1393 5464; x_wconf 94' lang='grc'><strong>.</strong></span> 
     </span>
    </p>
   </div>
   <div class='ocr_carea' id='block_1_101' title="bbox 286 5523 1780 5596">
    <p class='ocr_par' dir='ltr' id='par_1_101' title="bbox 286 5523 1780 5596">
     <span class='ocr_line' id='line_1_102' title="bbox 286 5523 1780 5596; baseline 0 -15"><span class='ocrx_word' id='word_1_590' title='bbox 286 5525 716 5596; x_wconf 78' lang='grc' dir='ltr'>Σεσαρκωμένον</span> <span class='ocrx_word' id='word_1_591' title='bbox 736 5525 827 5577; x_wconf 75' lang='grc' dir='ltr'><strong>τὸν</strong></span> <span class='ocrx_word' id='word_1_592' title='bbox 855 5525 1024 5591; x_wconf 83' lang='grc' dir='ltr'>Λόγον</span> <span class='ocrx_word' id='word_1_593' title='bbox 1068 5523 1388 5594; x_wconf 77' lang='grc' dir='ltr'>θεοπρεπῶς</span> <span class='ocrx_word' id='word_1_594' title='bbox 1417 5526 1780 5589; x_wconf 74' lang='grc' dir='ltr'>συλλαϐοῦσα,</span> 
     </span>
    </p>
   </div>
   <div class='ocr_carea' id='block_1_102' title="bbox 218 5616 1785 5688">
    <p class='ocr_par' dir='ltr' id='par_1_102' title="bbox 218 5616 1785 5688">
     <span class='ocr_line' id='line_1_103' title="bbox 218 5616 1785 5688; baseline 0 -15"><span class='ocrx_word' id='word_1_595' title='bbox 218 5624 480 5687; x_wconf 78' lang='grc' dir='ltr'>παναγνε,</span> <span class='ocrx_word' id='word_1_596' title='bbox 514 5618 605 5671; x_wconf 80' lang='grc' dir='ltr'>τὸν</span> <span class='ocrx_word' id='word_1_597' title='bbox 645 5617 774 5686; x_wconf 69' lang='grc' dir='ltr'>πρὶν</span> <span class='ocrx_word' id='word_1_598' title='bbox 803 5616 1063 5686; x_wconf 81' lang='grc' dir='ltr'>ἄσαρκον,</span> <span class='ocrx_word' id='word_1_599' title='bbox 1097 5617 1227 5686; x_wconf 86' lang='grc' dir='ltr'>ήμῖν</span> <span class='ocrx_word' id='word_1_600' title='bbox 1257 5618 1397 5688; x_wconf 82' lang='grc' dir='ltr'>ὑπὲρ</span> <span class='ocrx_word' id='word_1_601' title='bbox 1431 5619 1594 5687; x_wconf 80' lang='grc' dir='ltr'>φύσιν</span> <span class='ocrx_word' id='word_1_602' title='bbox 1634 5622 1785 5674; x_wconf 80' lang='grc' dir='ltr'>τέτο-</span> 
     </span>
    </p>
   </div>
   <div class='ocr_carea' id='block_1_103' title="bbox 215 5708 1778 5781">
    <p class='ocr_par' dir='ltr' id='par_1_103' title="bbox 215 5708 1778 5781">
     <span class='ocr_line' id='line_1_104' title="bbox 215 5708 1778 5781; baseline 0.003 -19"><span class='ocrx_word' id='word_1_603' title='bbox 215 5731 336 5777; x_wconf 65' lang='lat' dir='ltr'><strong>am,</strong></span> <span class='ocrx_word' id='word_1_604' title='bbox 393 5712 574 5780; x_wconf 79' lang='grc' dir='ltr'>ἁγνὴ,</span> <span class='ocrx_word' id='word_1_605' title='bbox 635 5708 774 5779; x_wconf 81' lang='grc' dir='ltr'><strong>μετά</strong></span> <span class='ocrx_word' id='word_1_606' title='bbox 819 5708 1071 5777; x_wconf 74' lang='grc' dir='ltr'>γέννησιν</span> <span class='ocrx_word' id='word_1_607' title='bbox 1128 5709 1393 5780; x_wconf 82' lang='grc' dir='ltr'>παρθένος</span> <span class='ocrx_word' id='word_1_608' title='bbox 1439 5709 1778 5781; x_wconf 78' lang='grc' dir='ltr'>διαμείνασα.</span> 
     </span>
    </p>
   </div>
   <div class='ocr_carea' id='block_1_104' title="bbox 522 5969 1116 6034">
    <p class='ocr_par' dir='ltr' id='par_1_104' title="bbox 522 5969 1116 6034">
     <span class='ocr_line' id='line_1_105' title="bbox 522 5969 1116 6034; baseline -0.007 -2"><span class='ocrx_word' id='word_1_609' title='bbox 522 5975 781 6034; x_wconf 63' lang='lat' dir='ltr'><strong>Parnm.</strong></span> <span class='ocrx_word' id='word_1_610' title='bbox 834 5972 949 6031; x_wconf 77' lang='lat' dir='ltr'><strong>Gs.</strong></span> <span class='ocrx_word' id='word_1_611' title='bbox 995 5969 1116 6029; x_wconf 83' lang='lat' dir='ltr'><strong>CV.</strong></span> 
     </span>
    </p>
   </div>
   <div class='ocr_carea' id='block_1_105' title="bbox 1892 4663 3460 4743">
    <p class='ocr_par' dir='ltr' id='par_1_105' title="bbox 1892 4663 3460 4743">
     <span class='ocr_line' id='line_1_106' title="bbox 1892 4663 3460 4743; baseline 0.008 -28"><span class='ocrx_word' id='word_1_612' title='bbox 1892 4663 2050 4716; x_wconf 56' lang='lat' dir='ltr'><strong>caelis</strong></span> <span class='ocrx_word' id='word_1_613' title='bbox 2094 4663 2224 4732; x_wconf 89' lang='lat' dir='ltr'><strong>ipsis</strong></span> <span class='ocrx_word' id='word_1_614' title='bbox 2281 4663 2556 4728; x_wconf 86' lang='lat' dir='ltr'><strong>latiorem,</strong></span> <span class='ocrx_word' id='word_1_615' title='bbox 2597 4665 2790 4720; x_wconf 82' lang='lat' dir='ltr'><strong>dilexit</strong></span> <span class='ocrx_word' id='word_1_616' title='bbox 2839 4667 2983 4721; x_wconf 80' lang='lat' dir='ltr'><strong>[ilius</strong></span> <span class='ocrx_word' id='word_1_617' title='bbox 3027 4679 3176 4734; x_wconf 91' lang='lat' dir='ltr'><strong>tuus,</strong></span> <span class='ocrx_word' id='word_1_618' title='bbox 3206 4684 3239 4724; x_wconf 91' lang='grc' dir='ltr'><strong>ο</strong></span> <span class='ocrx_word' id='word_1_619' title='bbox 3296 4670 3460 4743; x_wconf 85' lang='lat' dir='ltr'><strong>Virgo</strong></span> 
     </span>
    </p>
   </div>
   <div class='ocr_carea' id='block_1_106' title="bbox 1892 4754 2884 4826">
    <p class='ocr_par' dir='ltr' id='par_1_106' title="bbox 1892 4754 2884 4826">
     <span class='ocr_line' id='line_1_107' title="bbox 1892 4754 2884 4826; baseline 0.006 -19"><span class='ocrx_word' id='word_1_620' title='bbox 1892 4754 2081 4820; x_wconf 85' lang='lat' dir='ltr'><strong>Mater,</strong></span> <span class='ocrx_word' id='word_1_621' title='bbox 2114 4764 2165 4809; x_wconf 90' lang='lat' dir='ltr'><strong>et</strong></span> <span class='ocrx_word' id='word_1_622' title='bbox 2191 4771 2410 4810; x_wconf 88' lang='lat' dir='ltr'><strong>carnem</strong></span> <span class='ocrx_word' id='word_1_623' title='bbox 2447 4758 2685 4826; x_wconf 86' lang='lat' dir='ltr'><strong>suscepit</strong></span> <span class='ocrx_word' id='word_1_624' title='bbox 2711 4774 2774 4812; x_wconf 74' lang='lat' dir='ltr'><strong>ex</strong></span> <span class='ocrx_word' id='word_1_625' title='bbox 2813 4767 2884 4814; x_wconf 85' lang='lat' dir='ltr'><strong>te.</strong></span> 
     </span>
    </p>
   </div>
   <div class='ocr_carea' id='block_1_107' title="bbox 1963 4846 3448 4920">
    <p class='ocr_par' dir='ltr' id='par_1_107' title="bbox 1963 4846 3448 4920">
     <span class='ocr_line' id='line_1_108' title="bbox 1963 4846 3448 4920; baseline 0.009 -23"><span class='ocrx_word' id='word_1_626' title='bbox 1963 4846 2130 4900; x_wconf 76' lang='lat' dir='ltr'><strong>I’arce</strong></span> <span class='ocrx_word' id='word_1_627' title='bbox 2195 4848 2351 4911; x_wconf 86' lang='lat' dir='ltr'><strong>mihi,</strong></span> <span class='ocrx_word' id='word_1_628' title='bbox 2417 4850 2686 4914; x_wconf 83' lang='lat' dir='ltr'><strong>Salvator,</strong></span> <span class='ocrx_word' id='word_1_629' title='bbox 2726 4850 2818 4920; x_wconf 93' lang='lat' dir='ltr'><strong>qui</strong></span> <span class='ocrx_word' id='word_1_630' title='bbox 2865 4861 3065 4915; x_wconf 89' lang='lat' dir='ltr'><strong>natus,</strong></span> <span class='ocrx_word' id='word_1_631' title='bbox 3112 4852 3448 4910; x_wconf 74' lang='lat' dir='ltr'><strong>Genitrici-m</strong></span> 
     </span>
    </p>
   </div>
   <div class='ocr_carea' id='block_1_108' title="bbox 1895 4941 3458 5011">
    <p class='ocr_par' dir='ltr' id='par_1_108' title="bbox 1895 4941 3458 5011">
     <span class='ocr_line' id='line_1_109' title="bbox 1895 4941 3458 5011; baseline 0.007 -21"><span class='ocrx_word' id='word_1_632' title='bbox 1895 4948 2041 4990; x_wconf 88' lang='lat' dir='ltr'><strong>tuam</strong></span> <span class='ocrx_word' id='word_1_633' title='bbox 2083 4947 2206 5008; x_wconf 89' lang='lat' dir='ltr'><strong>post</strong></span> <span class='ocrx_word' id='word_1_634' title='bbox 2238 4949 2452 5008; x_wconf 86' lang='lat' dir='ltr'><strong>partum</strong></span> <span class='ocrx_word' id='word_1_635' title='bbox 2506 4941 2876 5011; x_wconf 83' lang='lat' dir='ltr'><strong>incorruptam</strong></span> <span class='ocrx_word' id='word_1_636' title='bbox 2926 4946 3292 5010; x_wconf 83' lang='lat' dir='ltr'><strong>conservasti,</strong></span> <span class='ocrx_word' id='word_1_637' title='bbox 3333 4964 3458 5003; x_wconf 90' lang='lat' dir='ltr'><strong>cum</strong></span> 
     </span>
    </p>
   </div>
   <div class='ocr_carea' id='block_1_109' title="bbox 1892 5031 3457 5109">
    <p class='ocr_par' dir='ltr' id='par_1_109' title="bbox 1892 5031 3457 5109">
     <span class='ocr_line' id='line_1_110' title="bbox 1892 5031 3457 5109; baseline 0.008 -26"><span class='ocrx_word' id='word_1_638' title='bbox 1892 5031 2099 5085; x_wconf 90' lang='lat' dir='ltr'><strong>sederis</strong></span> <span class='ocrx_word' id='word_1_639' title='bbox 2123 5043 2181 5085; x_wconf 90' lang='lat' dir='ltr'><strong>ut</strong></span> <span class='ocrx_word' id='word_1_640' title='bbox 2207 5032 2418 5100; x_wconf 81' lang='lat' dir='ltr'><strong>judices</strong></span> <span class='ocrx_word' id='word_1_641' title='bbox 2451 5049 2614 5101; x_wconf 90' lang='lat' dir='ltr'><strong>opera</strong></span> <span class='ocrx_word' id='word_1_642' title='bbox 2652 5049 2768 5088; x_wconf 87' lang='lat' dir='ltr'><strong>mea</strong></span> <span class='ocrx_word' id='word_1_643' title='bbox 2798 5051 2813 5090; x_wconf 91' lang='lat'><strong>:</strong></span> <span class='ocrx_word' id='word_1_644' title='bbox 2846 5034 3203 5092; x_wconf 86' lang='lat' dir='ltr'><strong>dissimulans</strong></span> <span class='ocrx_word' id='word_1_645' title='bbox 3254 5040 3457 5109; x_wconf 86' lang='lat' dir='ltr'><strong>iniqui-</strong></span> 
     </span>
    </p>
   </div>
   <div class='ocr_carea' id='block_1_110' title="bbox 1895 5130 3459 5202">
    <p class='ocr_par' dir='ltr' id='par_1_110' title="bbox 1895 5130 3459 5202">
     <span class='ocr_line' id='line_1_111' title="bbox 1895 5130 3459 5202; baseline 0.007 -26"><span class='ocrx_word' id='word_1_646' title='bbox 1895 5135 2032 5180; x_wconf 81' lang='lat' dir='ltr'><strong>tates</strong></span> <span class='ocrx_word' id='word_1_647' title='bbox 2066 5142 2236 5188; x_wconf 87' lang='lat' dir='ltr'><strong>meas,</strong></span> <span class='ocrx_word' id='word_1_648' title='bbox 2264 5136 2314 5180; x_wconf 87' lang='lat' dir='ltr'><strong>et</strong></span> <span class='ocrx_word' id='word_1_649' title='bbox 2347 5136 2565 5195; x_wconf 86' lang='lat' dir='ltr'><strong>peccata</strong></span> <span class='ocrx_word' id='word_1_650' title='bbox 2604 5137 3016 5197; x_wconf 81' lang='lat' dir='ltr'><strong>mea,tanquani</strong></span> <span class='ocrx_word' id='word_1_651' title='bbox 3057 5130 3459 5202; x_wconf 71' lang='lat' dir='ltr'><strong>impuccabilis;</strong></span> 
     </span>
    </p>
   </div>
   <div class='ocr_carea' id='block_1_111' title="bbox 1828 5217 3089 5297">
    <p class='ocr_par' dir='ltr' id='par_1_111' title="bbox 1828 5217 3089 5297">
     <span class='ocr_line' id='line_1_112' title="bbox 1828 5217 3089 5297; baseline 0.003 -26"><span class='ocrx_word' id='word_1_652' title='bbox 1828 5283 1844 5297; x_wconf 42' lang='lat'><em>.</em></span> <span class='ocrx_word' id='word_1_653' title='bbox 1896 5220 2210 5273; x_wconf 79' lang='lat' dir='ltr'><strong>misericors</strong></span> <span class='ocrx_word' id='word_1_654' title='bbox 2242 5228 2301 5272; x_wconf 93' lang='lat' dir='ltr'><strong>ut</strong></span> <span class='ocrx_word' id='word_1_655' title='bbox 2331 5217 2494 5284; x_wconf 87' lang='lat' dir='ltr'><strong>Deus,</strong></span> <span class='ocrx_word' id='word_1_656' title='bbox 2519 5228 2572 5273; x_wconf 91' lang='lat' dir='ltr'><strong>et</strong></span> <span class='ocrx_word' id='word_1_657' title='bbox 2593 5227 2803 5274; x_wconf 85' lang='lat' dir='ltr'><strong>amator</strong></span> <span class='ocrx_word' id='word_1_658' title='bbox 2825 5219 3089 5275; x_wconf 77' lang='lat' dir='ltr'><strong>hominur</strong></span> 
     </span>
    </p>
   </div>
   <div class='ocr_carea' id='block_1_112' title="bbox 1892 5309 3542 5454">
    <p class='ocr_par' dir='ltr' id='par_1_112' title="bbox 1892 5309 3542 5454">
     <span class='ocr_line' id='line_1_113' title="bbox 1892 5309 3542 5454; baseline 0.001 -71"><span class='ocrx_word' id='word_1_659' title='bbox 1892 5309 1998 5400; x_wconf 69' lang='lat'><strong>67</strong></span> <span class='ocrx_word' id='word_1_660' title='bbox 2057 5329 2140 5382; x_wconf 78' lang='lat' dir='ltr'><strong>Ex</strong></span> <span class='ocrx_word' id='word_1_661' title='bbox 2194 5346 2389 5383; x_wconf 83' lang='lat' dir='ltr'><strong>canone</strong></span> <span class='ocrx_word' id='word_1_662' title='bbox 2447 5331 2500 5383; x_wconf 82' lang='lat' dir='ltr'><strong>in</strong></span> <span class='ocrx_word' id='word_1_663' title='bbox 2579 5328 2637 5452; x_wconf 48' lang='lat' dir='ltr'><strong>(Si:</strong></span> <span class='ocrx_word' id='word_1_664' title='bbox 2685 5329 3008 5454; x_wconf 45' lang='lat' dir='ltr'><strong>glrocopium</strong></span> <span class='ocrx_word' id='word_1_665' title='bbox 3054 5332 3411 5400; x_wconf 74' lang='lat' dir='ltr'><strong>Dccapolimm</strong></span> <span class='ocrx_word' id='word_1_666' title='bbox 3442 5380 3457 5401; x_wconf 84' lang='lat'><strong>,</strong></span> <span class='ocrx_word' id='word_1_667' title='bbox 3519 5385 3542 5398; x_wconf 75' lang='lat'><strong><em>_</em></strong></span> 
     </span>
     <span class='ocr_line' id='line_1_114' title="bbox 2619 5417 2774 5454; baseline 0.013 -2"><span class='ocrx_word' id='word_1_668' title='bbox 2619 5417 2663 5453; x_wconf 71' lang='lat' dir='ltr'><strong>re</strong></span> <span class='ocrx_word' id='word_1_669' title='bbox 2759 5439 2774 5454; x_wconf 93' lang='lat'><em>.</em></span> 
     </span>
    </p>
   </div>
   <div class='ocr_carea' id='block_1_113' title="bbox 2619 5417 2774 5456">
    <p class='ocr_par' dir='ltr' id='par_1_113' title="bbox 2619 5417 2774 5456">
     <span class='ocr_line' id='line_1_115' title="bbox 2619 5417 2774 5456; baseline 0.026 -4"><span class='ocrx_word' id='word_1_670' title='bbox 2619 5417 2663 5453; x_wconf 78' lang='grc' dir='ltr'><strong>ιε</strong></span> <span class='ocrx_word' id='word_1_671' title='bbox 2685 5417 2774 5456; x_wconf 75' lang='grc' dir='ltr'><strong>ΖΙ.</strong></span> 
     </span>
    </p>
   </div>
   <div class='ocr_carea' id='block_1_114' title="bbox 1963 5511 3424 5583">
    <p class='ocr_par' dir='ltr' id='par_1_114' title="bbox 1963 5511 3424 5583">
     <span class='ocr_line' id='line_1_116' title="bbox 1963 5511 3424 5583; baseline 0.003 -17"><span class='ocrx_word' id='word_1_672' title='bbox 1963 5512 2098 5566; x_wconf 89' lang='lat' dir='ltr'><strong>Cum</strong></span> <span class='ocrx_word' id='word_1_673' title='bbox 2128 5511 2389 5576; x_wconf 83' lang='lat' dir='ltr'><strong>Verbum,</strong></span> <span class='ocrx_word' id='word_1_674' title='bbox 2421 5515 2567 5583; x_wconf 88' lang='lat' dir='ltr'><strong>quod</strong></span> <span class='ocrx_word' id='word_1_675' title='bbox 2591 5524 2746 5568; x_wconf 87' lang='lat' dir='ltr'><strong>antea</strong></span> <span class='ocrx_word' id='word_1_676' title='bbox 2779 5531 2809 5568; x_wconf 90' lang='lat' dir='ltr'><strong>a</strong></span> <span class='ocrx_word' id='word_1_677' title='bbox 2847 5530 3011 5569; x_wconf 88' lang='lat' dir='ltr'><strong>carne</strong></span> <span class='ocrx_word' id='word_1_678' title='bbox 3044 5527 3160 5570; x_wconf 90' lang='lat' dir='ltr'><strong>erat</strong></span> <span class='ocrx_word' id='word_1_679' title='bbox 3182 5517 3424 5572; x_wconf 87' lang='lat' dir='ltr'><strong>immune</strong></span> 
     </span>
    </p>
   </div>
   <div class='ocr_carea' id='block_1_115' title="bbox 1892 5604 3461 5675">
    <p class='ocr_par' dir='ltr' id='par_1_115' title="bbox 1892 5604 3461 5675">
     <span class='ocr_line' id='line_1_117' title="bbox 1892 5604 3461 5675; baseline 0.003 -18"><span class='ocrx_word' id='word_1_680' title='bbox 1892 5620 1954 5658; x_wconf 79' lang='lat' dir='ltr'><strong>ex</strong></span> <span class='ocrx_word' id='word_1_681' title='bbox 1985 5615 2033 5657; x_wconf 90' lang='lat' dir='ltr'><strong>te</strong></span> <span class='ocrx_word' id='word_1_682' title='bbox 2068 5605 2432 5666; x_wconf 83' lang='lat' dir='ltr'><strong>iucaruatum,</strong></span> <span class='ocrx_word' id='word_1_683' title='bbox 2467 5619 2532 5659; x_wconf 89' lang='lat' dir='ltr'><strong>eo</strong></span> <span class='ocrx_word' id='word_1_684' title='bbox 2565 5606 2724 5658; x_wconf 90' lang='lat' dir='ltr'><strong>modo</strong></span> <span class='ocrx_word' id='word_1_685' title='bbox 2750 5620 2858 5673; x_wconf 90' lang='lat' dir='ltr'><strong>quo</strong></span> <span class='ocrx_word' id='word_1_686' title='bbox 2881 5604 2992 5659; x_wconf 87' lang='lat' dir='ltr'><strong>Deo</strong></span> <span class='ocrx_word' id='word_1_687' title='bbox 3021 5607 3244 5675; x_wconf 87' lang='lat' dir='ltr'><strong>dignum</strong></span> <span class='ocrx_word' id='word_1_688' title='bbox 3274 5623 3338 5662; x_wconf 88' lang='lat' dir='ltr'><strong>ac</strong></span> <span class='ocrx_word' id='word_1_689' title='bbox 3367 5610 3461 5662; x_wconf 84' lang='lat' dir='ltr'><strong>de-</strong></span> 
     </span>
    </p>
   </div>
   <div class='ocr_carea' id='block_1_116' title="bbox 1893 5699 3463 5770">
    <p class='ocr_par' dir='ltr' id='par_1_116' title="bbox 1893 5699 3463 5770">
     <span class='ocr_line' id='line_1_118' title="bbox 1893 5699 3463 5770; baseline 0.003 -20"><span class='ocrx_word' id='word_1_690' title='bbox 1893 5713 2022 5751; x_wconf 86' lang='lat' dir='ltr'><strong>cens</strong></span> <span class='ocrx_word' id='word_1_691' title='bbox 2081 5705 2219 5758; x_wconf 89' lang='lat' dir='ltr'><strong>erat,</strong></span> <span class='ocrx_word' id='word_1_692' title='bbox 2265 5699 2633 5766; x_wconf 81' lang='lat' dir='ltr'><strong>concepisses,</strong></span> <span class='ocrx_word' id='word_1_693' title='bbox 2667 5714 2700 5752; x_wconf 90' lang='grc' dir='ltr'><strong>ο</strong></span> <span class='ocrx_word' id='word_1_694' title='bbox 2749 5699 3052 5754; x_wconf 88' lang='lat' dir='ltr'><strong>castissima</strong></span> <span class='ocrx_word' id='word_1_695' title='bbox 3090 5700 3273 5770; x_wconf 76' lang='lat' dir='ltr'><strong>Virgo,</strong></span> <span class='ocrx_word' id='word_1_696' title='bbox 3302 5701 3463 5755; x_wconf 86' lang='lat' dir='ltr'><strong>nobis</strong></span> 
     </span>
    </p>
   </div>
   <div class='ocr_carea' id='block_1_117' title="bbox 1895 5791 3456 5865">
    <p class='ocr_par' dir='ltr' id='par_1_117' title="bbox 1895 5791 3456 5865">
     <span class='ocr_line' id='line_1_119' title="bbox 1895 5791 3456 5865; baseline 0.001 -23"><span class='ocrx_word' id='word_1_697' title='bbox 1895 5806 2056 5858; x_wconf 85' lang='lat' dir='ltr'><strong>supra</strong></span> <span class='ocrx_word' id='word_1_698' title='bbox 2101 5799 2308 5843; x_wconf 62' lang='lat' dir='ltr'><strong>naturae</strong></span> <span class='ocrx_word' id='word_1_699' title='bbox 2359 5791 2608 5846; x_wconf 90' lang='lat' dir='ltr'><strong>ordinem</strong></span> <span class='ocrx_word' id='word_1_700' title='bbox 2665 5793 2943 5861; x_wconf 69' lang='lat' dir='ltr'><strong>peperisti,</strong></span> <span class='ocrx_word' id='word_1_701' title='bbox 2994 5807 3055 5846; x_wconf 88' lang='lat' dir='ltr'><strong>ac</strong></span> <span class='ocrx_word' id='word_1_702' title='bbox 3091 5802 3210 5863; x_wconf 89' lang='lat' dir='ltr'><strong>post</strong></span> <span class='ocrx_word' id='word_1_703' title='bbox 3244 5803 3456 5865; x_wconf 89' lang='lat' dir='ltr'><strong>partum</strong></span> 
     </span>
    </p>
   </div>
   <div class='ocr_carea' id='block_1_118' title="bbox 1898 5883 2448 5950">
    <p class='ocr_par' dir='ltr' id='par_1_118' title="bbox 1898 5883 2448 5950">
     <span class='ocr_line' id='line_1_120' title="bbox 1898 5883 2448 5950; baseline 0.007 -18"><span class='ocrx_word' id='word_1_704' title='bbox 1898 5883 2044 5950; x_wconf 68' lang='lat' dir='ltr'><strong>virgo</strong></span> <span class='ocrx_word' id='word_1_705' title='bbox 2067 5884 2448 5950; x_wconf 85' lang='lat' dir='ltr'><strong>perseverasti.</strong></span> 
     </span>
    </p>
   </div>
   <div class='ocr_carea' id='block_1_119' title="bbox 2910 5976 2985 6034">
    <p class='ocr_par' dir='ltr' id='par_1_119' title="bbox 2910 5976 2985 6034">
     <span class='ocr_line' id='line_1_121' title="bbox 2910 5976 2985 6034; baseline 0 0"><span class='ocrx_word' id='word_1_706' title='bbox 2910 5976 2985 6034; x_wconf 59' lang='lat' dir='ltr'><strong>3&#39;s</strong></span> 
     </span>
    </p>
   </div>
  </div>
