4166 6458
778 429 909 493 1067

1900 439 1959 497 8.
2004 438 2315 499 JOSEPIII
2357 440 2912 501 IIYMNOGRAPUI

3878 448 4027 510 tum

842 543 978 612 (54⁸)
1015 541 1230 596 Natura:
1268 542 1431 608 leges,
1466 540 1627 598 Jesus
1652 545 1742 614 qui
1774 555 1857 599 est
1892 547 2033 602 Deus
2056 548 2205 601 omni
2236 550 2471 603 essentia
2499 550 2771 618 superior,
2806 552 3103 619 innovavit,
3137 569 3169 607 ο
3208 553 3275 608 ab
3302 556 3450 610 omni
3484 556 3694 611 macula
3728 558 4023 625 immunis,

771 649 835 685 ex
866 641 1020 684 utero
1051 641 1142 684 luo
1176 638 1435 693 exortus;
1474 630 1568 699 qui
1598 633 1747 686 solus
1774 634 1937 689 rebus
1978 635 2251 691 universis
2278 640 2526 690 concedit
2560 652 2707 700 esse,
2741 639 3020 695 voluntate
3046 658 3166 698 sua.

843 718 887 773 0
912 728 1061 789 porta
1086 716 1291 785 gratiae,
1327 733 1448 785 qua:
1474 719 1798 774 mortalibus
1820 721 2086 776 cmlorum
2110 732 2322 792 portam
2357 724 2615 793 aperuisti
2637 742 2651 791 ;
2673 724 2885 795 patefac
2909 728 3069 793 mihi,
3104 729 3354 790 Domina,
3378 730 3709 801 pteuiteutia:
3730 741 3939 802 portas,
3970 747 4025 789 et

774 825 801 861 a
835 808 1003 878 portis
1036 806 1228 859 mortis
1260 806 1428 860 libera
1466 822 1573 862 me.

844 898 923 949 Ab
952 896 1174 964 antiqua
1226 895 1627 949 maledictiouis
1681 895 1952 949 sententia
2009 895 2271 966 redempti
2333 912 2428 967 per
2474 905 2695 966 partum
2726 910 2901 963 tuum,
2931 916 2963 955 ο
3017 901 3433 960 inviolatissima
3465 905 3669 969 Puella,
3698 922 3760 961 ac
3824 923 3929 977 per
3971 918 4024 962 te

783 984 999 1046 salvati,
1034 990 1085 1034 te
1141 980 1395 1035 laudibus
1433 981 1770 1047 extollimus,
1812 982 2113 1037 clamantes
2143 989 2196 1036 ct
2226 999 2352 1039 cum
2394 984 2499 1039 ﬁde
2528 985 2775 1043 dicentes
2817 1006 2831 1042 :
2862 986 3151 1045 Benedicta
3203 1000 3283 1059 tu,
3317 1009 3439 1063 quae
3466 993 3630 1047 Deum
3663 995 4022 1050 incarnatum

779 1070 1059 1140 pepel'iSIi.

845 1157 1097 1210 Divinum
1128 1155 1523 1224 Prophetarum
1553 1156 1845 1227 collegium
1907 1158 2189 1227 mysteriis
2223 1159 2335 1215 tuis
2371 1175 2587 1217 sacrum
2633 1164 2686 1218 in
2744 1180 2955 1220 morem
3010 1165 3283 1222 initiatum
3338 1166 3461 1233 fuit,
3490 1184 3523 1223 ο
3556 1169 3807 1240 Deipara,
3848 1148 4015 1243 longe

772 1256 897 1300 aute
922 1248 1198 1307 edoctum,
1236 1254 1289 1296 et
1326 1245 1475 1298 clare
1505 1260 1784 1315 exponens
1816 1244 1986 1298 divmt
2016 1253 2209 1314 partus
2241 1247 2320 1301 tui
2356 1248 2571 1307 divinas
2599 1254 3019 1321 appellationes.

841 1334 918 1387 ΑιΙ
958 1348 1139 1385 vocem
1170 1332 1369 1401 angeli,
1400 1334 1580 1401 magni
1617 1332 1834 1386 consilii
1868 1332 2136 1402 Angelum
2177 1332 2455 1391 Christum
2504 1338 2915 1397 Emmanuelem
2973 1344 3028 1397 in
3084 1358 3251 1398 carne
3301 1345 3587 1415 peperisti,
3624 1347 3714 1415 qui
3762 1348 4019 1401 homines

774 1422 980 1490 angelis
1016 1420 1295 1489 copulavit
1326 1438 1338 1485 ;
1375 1436 1407 1472 ο
1440 1419 1606 1490 Virgo
1636 1420 1817 1489 puella
1847 1420 1961 1475 sola
1996 1419 2305 1488 benedicta,
2342 1426 2458 1480 sola
2491 1428 2749 1486 omnibus
2781 1431 3035 1487 laudibus
3067 1431 3411 1500 celebranda,
3439 1434 3557 1489 sola
3610 1450 3775 1490 causa
3812 1445 4019 1490 nostra:

770 1510 1156 1563 dedicationis.

774 1629 855 1682 Ea:
910 1647 1109 1684 canone
1138 1632 1191 1684 in
1233 1629 1307 1703 S._
1334 1628 1545 1682 Patrem
1577 1639 1812 1703 nostrum
1859 1628 2179 1685 Cassianum
2218 1647 2325 1685 con

2463 1632 2563 1687 Ἐκ
2606 1630 2713 1687 τοῦ
2742 1634 2995 1699 κανόνος
3018 1636 3103 1701 εις
3132 1634 3238 1687 τὸν
3258 1634 3433 1689 ὅσιον
3456 1634 3685 1703 Πατέρα
3712 1635 3890 1703 ἡμῶν
3910 1639 4009 1691 καί

1280 1701 1550 1770 fessorem,
1588 1702 1671 1755 dei
1701 1700 1791 1755 29.

842 1813 1003 1867 Omni
1042 1823 1290 1869 creatura
1340 1814 1543 1868 visibili
1580 1823 1743 1885 atque
1790 1814 2047 1868 invisibili
2093 1814 2342 1884 superior

767 1908 1086 1977 apparuisti,
1112 1923 1146 1963 ο
1171 1916 1319 1963 casta
1350 1924 1564 1977 semper
1587 1908 1780 1978 Virgo;
1804 1908 2002 1963 etenim
2026 1907 2337 1963 Creatorem

768 1999 1053 2069 p--peri.~ti,
1086 1999 1173 2053 cui
1202 2001 1461 2069 placitum
1498 1998 1603 2052 fuit
1641 1999 1919 2053 incarnari
1959 1998 2012 2053 in
2036 2007 2191 2053 utero
2223 2009 2336 2053 tuo.

2686 1704 3068 1773 ὁμολογητὴν
3100 1706 3425 1769 Κασιανόν,
3467 1705 3657 1775 ἡμέρᾳ
3688 1710 3798 1759 κθ⁹.

2530 1814 2839 1886 Ὕπερτέρα
2873 1816 3141 1887 πέφηνας,
3172 1817 3329 1889 ἁγνὴ,
3359 1818 3541 1889 πάσης
3567 1818 3801 1889 ἀοράτου
3829 1838 3891 1873 τε
3923 1822 4019 1873 καὶ

2441 1907 2665 1977 ὁρατῆς,
2724 1907 3097 1977 ’Δειπάρθενε,
3138 1910 3408 1972 κτίσεωςο
3461 1911 3552 1963 τὸν
3610 1911 3719 1979 γὰρ
3769 1912 4028 1979 κτίστην

2440 1999 2687 2065 τέτοκας,
2718 2001 2791 2063 ὠς
2838 2001 3105 2071 ηὐδόκησε
3169 2002 3519 2075 σαρκωθῆναι
3577 2004 3636 2057 ὲν
3669 2004 3857 2075 μήτρᾳ
3896 2022 4018 2068 σου,

768 2093 1030 2147 Ειηιιάειη
1080 2108 1203 2147 cum
1251 2093 1364 2163 68
1403 2091 1599 2147 ﬁducia
1631 2108 1693 2147 ac
1746 2091 2001 2147 libertate
2047 2091 2325 2161 deprecare

2438 2092 2496 2146 ὃν
2528 2092 2624 2146 σὺν
2643 2093 2921 2166 παρρησία
2942 2094 3208 2165 πρέσϐευε
3238 2094 3471 2167 σωθῆναι
3498 2095 3595 2161 τὰς
3615 2096 3795 2166 ψυχὰς
3825 2095 4015 2166 ἡμῶν.

768 2201 862 2254 pro
901 2188 1077 2239 salute
1108 2186 1416 2239 animarum
1448 2195 1762 2240 nostrarum

838 2277 1004 2341 Sana,
1032 2292 1246 2348 precor,
1286 2292 1318 2331 ο
1349 2276 1665 2347 purissima,
1700 2276 2193 2331 intercessionibus
2226 2275 2336 2331 tuis

765 2374 1005 2427 animam
1064 2388 1264 2435 meam,
1297 2387 1416 2441 qua:
1469 2387 1498 2424 a
1548 2371 1897 2441 passionibus
1944 2380 2107 2439 atque
2154 2367 2336 2423 omni-

766 2466 916 2533 genis
963 2465 1324 2534 pessimorum
1359 2464 1671 2519 daemonum
1726 2462 2031 2517 assultibus
2068 2476 2333 2533 oppressa

764 2559 1087 2611 languescit.

838 2573 1087 2628 igttcscu.

832 2646 1102 2715 Tempore
1164 2656 1464 2709 carentem,
1522 2646 1626 2701 sub
1672 2653 1915 2716 tempore
1974 2646 2330 2700 constitutum

764 2739 1113 2794 iuellabilitcr
1144 2738 1429 2808 peperisti,
1459 2753 1492 2792 ο
1526 2736 2054 2802 immaculatissima,
2083 2726 2179 2809 qui
2214 2739 2334 2792 luce

762 2831 1041 2901 perfundit
1093 2842 1312 2885 sanctos
1349 2831 1613 2899 suos,qui
1641 2831 1695 2884 in
1728 2832 1831 2885 lide
1862 2832 2068 2899 optime
2098 2845 2157 2885 se
2205 2844 2329 2900 ges-

760 2933 973 2988 serunt,
1008 2933 1061 2978 et
1113 2923 1415 2993 principem
1462 2924 1724 2977 malorum
1774 2931 2084 2992 serpentem
2146 2921 2329 2976 humi-

760 3019 1047 3071 Iiavcrunt.

835 3117 951 3171 Vita
985 3133 1061 3171 ex-
1101 3125 1174 3179 te,
1215 3130 1248 3169 ο
1299 3112 1482 3183 Virgo,
1529 3127 1693 3182 supra
1749 3111 1947 3166 mentis
2004 3118 2330 3179 conceptum

756 3218 971 3270 exorta,
1007 3208 1218 3262 hostem
1271 3205 1569 3267 interemit,
1615 3203 1707 3271 qui
1766 3219 1865 3257 nos
1912 3217 2104 3256 omnes
2159 3212 2333 3256 morte

756 3302 1043 3363 all'eeerat;
1100 3308 1155 3353 et
1200 3296 1464 3351 mundum
1500 3306 1551 3350 te
1611 3295 1949 3351 incessanter
1998 3293 2329 3361 laudantem,

755 3394 1067 3446 vivilieavit.

825 3481 1108 3552 Tanquam
1162 3480 1445 3551 pulchram
1482 3493 1545 3533 ac
1592 3476 1899 3548 speciosam
1932 3477 2329 3547 concupiscens

757 3584 805 3625 te
838 3574 1237 3643 pulcherrimus
1269 3570 1452 3636 Jesus,
1478 3585 1509 3624 ο
1539 3570 1925 3634 mundissima,
1961 3586 2025 3623 ex
2053 3577 2103 3622 te
2131 3583 2330 3623 secun-

756 3666 884 3737 dum
923 3680 1142 3718 carnem
1171 3675 1330 3717 natus
1358 3672 1463 3726 est,
1512 3672 1567 3716 et
1614 3676 1701 3715 me
1736 3670 1958 3732 propter
1997 3661 2325 3715 immensam

758 3753 1190 3809 misericordiam
1228 3769 1382 3809 suam
1413 3752 1710 3807 deilicavit.

832 3846 1128 3902 Thalamus
1164 3847 1255 3901 Dei
1286 3845 1469 3908 Verbi,
1506 3855 1561 3901 et
1585 3847 1819 3900 thronus
1858 3845 1977 3914 ejus
2006 3843 2323 3915 igniformis

751 3940 893 3994 facta
928 3955 1007 4002 cs,
1038 3955 1070 3992 ο
1123 3948 1313 3993 casta:
1350 3940 1405 3992 in
1455 3954 1567 4007 quo
1613 3938 1756 3992 idem
1815 3934 2077 4015 Verbum,
2108 3945 2326 4005 propter

753 4048 1025 4086 summam
1068 4031 1364 4085 bonitatem
1418 4045 1597 4095 suam,
1654 4029 1997 4083 incarnatum
2034 4027 2321 4097 requievit.

754 4125 930 4192 Ipsum
986 4136 1115 4190 ergo
1144 4120 1462 4189 deprecare,
1512 4128 1572 4174 ut
1622 4119 1729 4174 mei
1771 4119 2119 4185 misereatur,
2157 4127 2321 4187 atque

750 4230 879 4281 erga
913 4230 999 4267 me
1036 4212 1289 4266 ostendat
1310 4212 1747 4281 compassiouem
1783 4225 1961 4264 suam.

822 4304 1075 4358 Miseram
1112 4304 1350 4357 animam
1384 4318 1561 4357 meam
1589 4304 1779 4357 multis
1809 4302 1975 4357 Belial
2010 4304 2320 4373 aggressio-
2348 4340 2392 4399 ε

2522 2276 2848 2348 Ἰάτρευσον,
2900 2280 3229 2351 πανάμωμε,
3264 2279 3361 2351 τὴν
3405 2280 3583 2350 ψυχήν
3639 2297 3763 2350 μου,
3796 2281 4016 2351 δέομαι,

2438 2366 2833 2432 ὲξασθενοῦσαν
2876 2371 3093 2437 πάθεσι,
3136 2372 3231 2425 καὶ⁴
3273 2371 3554 2433 παντοίαις
3602 2373 4016 2425 δπαναστάσεσι

2435 2462 2544 2516 τῶν
2576 2463 2854 2518 κακίστων
2886 2465 3177 2536 δαιμόνων,
3212 2467 3513 2538 μεσιτείαις
3534 2485 3645 2521 σου.

2503 2648 2608 2701 Τὸν
2657 2649 2886 2718 ἄχρονον
2928 2649 3032 2703 ὑπὸ
3088 2648 3277 2721 χρόνον
3312 2650 3605 2721 γενόμενον
3651 2652 3885 2716 τέτοκας
3913 2656 4019 2725 ἁῤ-

2435 2741 2634 2811 ρήτως,
2684 2743 2991 2812 πανάμωμε
3021 2781 3036 2807 ,
3086 2744 3178 2797 τὸν
3227 2744 3353 2806 τοὺς
3382 2744 3563 2807 ὁσίους
3619 2744 4017 2815 λαμπρύνοντα

2432 2833 2613 2886 πίστει
2640 2833 3092 2903 ἀριστεύσαντας,
3130 2834 3226 2888 καὶ
3251 2837 3341 2887 τὸν
3395 2836 3703 2907 ἀρχέκακον
3734 2838 3861 2906 ὅφιν
3910 2855 4015 2889 τα-

2433 2922 2827 2988 πεινώσαντας.

2514 3107 2608 3160 Ἐκ
2656 3108 2809 3178 σοῦή
2850 3108 2963 3179 ζωὴ
2994 3109 3135 3180 ὑπὲρ
3180 3110 3323 3173 νοῦν,
3360 3110 3626 3182 Παρθένε,
3674 3111 4013 3164 ἀνατείὶασα

2432 3198 2625 3269 ἐχθρὸν
2649 3199 3010 3267 ἐθανάτωσεν,
3041 3201 3285 3264 ἅπαντας
3308 3204 3454 3272 ἡμᾶς
3473 3202 3564 3255 τὸν
3593 3200 4011 3266 θανατώσαντα,

2431 3294 2527 3345 καὶ
2553 3292 2771 3358 ὲζώωσε
2803 3292 3008 3361 κόσμον
3028 3294 3323 3357 ἀπαύστως
3351 3293 3694 3364 ἁνυμνοῦντά
3723 3311 3804 3349 σε.

2511 3470 2599 3535 Ὠς
2643 3472 2834 3543 καλὴν,
2886 3471 2960 3533 ὡς
2986 3472 3196 3544 ὡραίαν
3248 3472 3491 3544 ποθήσας
3540 3490 3598 3527 σε
3624 3474 3652 3525 ό
3680 3474 4010 3539 καλλοποιὸς

2441 3562 2669 3633 Ἰησοῦς,
2694 3565 3098 3636 παναμὼμητε,
3126 3568 3191 3624 ὲκ
3224 3566 3319 3619 σοῦ
3345 3569 3509 3638 σαρκὶ
3534 3568 3886 3639 γεγέννηται,
3910 3571 4007 3622 καὶ

2429 3655 2541 3709 θεοῖ
2568 3674 2635 3727 με
2665 3656 2731 3709 δι’
2769 3652 2948 3710 οἶκτον
2976 3659 3308 3730 ἀμέτρητον.

2499 3840 2721 3903 Παστὰς
2750 3841 3126 3911 ὲχρημάτισας
3154 3841 3248 3895 τοῦ
3274 3842 3411 3896 Θεοῦ
3450 3844 3645 3912 Λόγου,
3672 3844 3768 3897 καὶ
3812 3844 4006 3915 θρόνος

2426 3933 2792 4003 πυρίμορφος,
2826 3934 2885 3985 ὲν
2922 3925 2965 3999 ᾧ
3013 3932 3433 3987 ὲπανεπαύσατο
3462 3935 3491 3986 ό
3537 3936 3708 4003 Λόγος
3759 3936 4004 4005 σαρκού-

2427 4042 2605 4095 μενος,
2650 4024 2716 4076 δι’
2775 4024 2952 4095 ἄκραν
3003 4025 3317 4094 ἀγαθότητα
3347 4042 3361 4056 ·
3402 4026 3590 4080 τοῦτον
3634 4022 3727 4079 οὖν
3761 4028 4001 4093 ἱκέτευε,

2423 4118 2583 4187 ἁγνὴ,
2606 4117 3052 4189 κατοικτειρῆσαι
3092 4118 3188 4172 καὶ
3206 4118 3427 4189 ἐλεῆσαι
3467 4120 3633 4190 ἡμᾶς.

2506 4299 2973 4372 Ἐξασθενήσασαν
3006 4300 3228 4365 πολλαῖς
3272 4300 3372 4372 τὴν
3419 4300 3613 4354 ἀθλίαν
3651 4317 3755 4371 μου
3796 4301 3999 4371 ψυχὴν,

749 4398 913 4450 nibus
939 4406 1102 4465 atque
1132 4396 1329 4450 ictibus
1362 4396 1710 4459 infirmatam,
1738 4396 1990 4465 precibus
2027 4397 2132 4451 tuis
2156 4398 2319 4451 robo-

2428 4391 2753 4464 Θεοκυῆτορ,
2784 4392 3110 4463 προσϐολαῖς
3151 4392 3244 4446 τοῦ
3287 4392 3509 4463 Βελίαρ,
3534 4395 3654 4456 ταῖς
3698 4395 3999 4463 ρωστικαῖς

747 4489 1038 4542 ratricibus
1096 4503 1226 4541 sana
1281 4497 1445 4556 atque
1491 4488 1819 4541 incolumem
1875 4486 2047 4550 efﬁce,
2090 4501 2121 4541 ο
2158 4486 2318 4558 Virgo

750 4578 842 4633 Dei
876 4580 1133 4649 genitrix,
1174 4588 1233 4631 ut
1261 4590 1308 4631 te
1335 4579 1387 4631 iu
1412 4579 1595 4632 omnia
1620 4578 1817 4633 sarcula
1838 4578 2154 4649 gloriﬁcem.

818 4669 1073 4723 Naturam
1124 4670 1282 4739 primi
1357 4670 1596 4740 parentis
1647 4680 1963 4741 corruptam
2018 4671 2312 4737 renovasti,

741 4763 902 4817 enixa
957 4776 1121 4829 supra
1172 4769 1384 4815 natura:
1442 4762 1693 4817 ordinem
1728 4803 1742 4826 ,
1783 4762 2049 4816 universae
2103 4772 2313 4817 natura:

743 4855 1106 4918 conditorem,
1155 4864 1207 4907 et
1249 4854 1402 4922 virgo
1456 4868 1833 4922 perseverans,
1876 4869 2037 4923 quem
2071 4854 2197 4907 olim
2255 4854 2311 4908 in

740 4962 902 4999 cruce
954 4948 1273 5014 pendentem
1318 4945 1537 5013 intuita,
1568 4945 2030 5012 lamentabaris,o
2076 4945 2311 5000 sanctis-

742 5040 877 5093 sima
921 5037 1082 5108 Virgo
1115 5037 1306 5092 Mater.

1216 5152 1467 5206 MENSIS
1492 5150 1821 5207 MARTIUS.

732 5267 845 5338 69
882 5272 965 5321 Ea:
1016 5284 1215 5322 canone
1252 5269 1305 5320 in
1330 5266 1389 5321 S.
1420 5268 1740 5338 Hesyehium
1787 5275 2097 5337 martyrem,
2124 5268 2210 5319 die
2243 5268 2300 5321 2.

808 5432 933 5487 l’ust
968 5443 1182 5500 partum
1220 5432 1373 5501 virgo
1416 5432 1757 5501 pcrmansisti
1790 5446 1933 5494 vere,
1970 5430 2147 5500 qualis
2179 5444 2304 5485 eras

732 5535 856 5579 ante
888 5534 1107 5594 partum
1142 5543 1153 5577 :
1188 5526 1389 5594 quippe
1435 5526 1691 5595 peperisti
1756 5524 2093 5586 Creatorem,
2140 5538 2298 5591 quem

729 5620 1043 5686 deprecare,
1074 5634 1107 5674 ο
1162 5617 1693 5681 immaculatissima,
1733 5632 1830 5687 pro
1876 5615 2052 5672 salute
2098 5616 2299 5669 collau-

729 5713 973 5766 dantium
993 5722 1063 5765 te.

2424 4503 2521 4538 σου
2548 4486 2741 4549 λιταῖς,
2774 4487 3040 4558 Παρθένε,
3074 4487 3203 4557 ὑγιῆ
3230 4486 3569 4556 ἁπέργασαι,
3596 4486 3682 4538 ἵνα
3711 4502 3771 4537 σε
3788 4486 3999 4551 δοξάζω

2418 4579 2496 4641 είς
2524 4578 2731 4640 πάντας
2762 4579 2887 4642 τοὺς
2920 4579 3144 4642 αἰῶνας.

2489 4671 2792 4741 Φθαρεῖσαν
2841 4672 3121 4735 ἐκαίνισας
3153 4670 3252 4741 τὴν
3297 4671 3457 4739 φύσιν
3485 4668 3579 4723 τοῦ
3619 4670 3993 4740 προπάτορος,

2418 4764 2557 4834 ὑπὲρ
2596 4764 2757 4833 φύσιν
2782 4763 3017 4817 τεκοῦσα
3040 4766 3134 4816 καὶ
3157 4762 3568 4834 παρθενεύουσα
3600 4762 3821 4829 φύσεως
3850 4765 3993 4816 ἁπά-

2418 4873 2518 4925 σης
2572 4856 2665 4908 τὸν
2699 4856 2965 4927 πλάστην,
2998 4855 3057 4907 ὃν
3086 4857 3143 4908 ὲν
3173 4854 3392 4923 σταυρῷ
3425 4854 3783 4923 κρεμάμενον
3818 4856 3987 4907 πάλαι

2416 4946 2685 5017 ἠλάλαζες
2713 4946 3009 5019 βλέπουσα,
3049 4947 3293 5014 παναγία
3316 4944 3770 5016 Μητροπάρθενε.

2934 5153 3090 5206 ΜΗΝ
3128 5152 3450 5206 ΜΑΡΤΙΟΣ.

2422 5247 2520 5302 Ἐκ
2544 5245 2653 5299 τοῦ
2675 5247 2931 5311 κανόνος
2950 5246 3163 5383 εἰς
3181 5245 3349 5379 ᾶγὶἕν
3372 5244 3641 5314 μάρτυρα
3669 5246 3984 5314 Ἦσύχιον,

3146 5334 3225 5383 ,ίςι
3309 5322 3341 5370 ’-

2478 5432 2749 5504 Παρθένος
2769 5433 3046 5503 διέμεινας
3070 5434 3210 5503 μετὰ
3232 5433 3413 5499 τόκον,
3454 5433 3531 5496 ὡς
3564 5432 3671 5502 πρὸ
3695 5432 3790 5484 τοῦ
3821 5434 3981 5485 τόκοι)

2406 5525 2643 5593 ἀληθῶς,
2693 5524 2786 5577 τὸν
2842 5524 3083 5594 κτίστην
3124 5523 3381 5589 τεκοῦσα,
3412 5524 3471 5575 ὃν
3528 5525 3773 5593 αίττεσαι,
3808 5526 3983 5576 πανά-

2412 5634 2593 5686 μωμε,
2628 5616 2868 5685 σωθῆναι
2893 5618 3016 5678 τοὺς
3041 5613 3341 5676 ὑανοῦντάς
3375 5632 3455 5669 σε.

799 5868 929 5937 (54⁸)
962 5866 1261 5935 Sequentes
1298 5867 1531 5937 stropha:
1565 5868 1615 5921 in
1646 5867 1863 5934 vulgato
1908 5876 2052 5919 textu
2083 5864 2410 5919 Mena‘orum
2445 5864 2847 5918 desiderantur.
