4166 6458
205 409 343 470 1069

1635 415 1991 475 MARLHE.

3297 428 3430 482 1070

276 524 445 590 Ἐστη
471 523 629 591 μέχρι
653 523 744 575 εσῦ
767 524 795 576 ό
825 524 1076 589 Θάνατος·
1105 526 1202 596 τῆς
1224 527 1521 588 ἀθανασίας
1541 529 1648 599 γᾲρ
1665 531 1750 595 τὴι

1939 531 2180 584 νει-ειὶιίι
2232 546 2378 584 mors
2428 547 2599 599 usque
2647 534 2710 586 ad
2775 541 2846 594 te,
2881 547 2912 585 ο
2967 532 3339 599 sanctissima;
3371 547 3424 589 tu

203 612 388 681 πηγὴν
417 615 756 682 ἀπεκύησας,
773 617 1031 684 παναγία,
1058 616 1291 688 Χριστὸν
1316 621 1404 670 τὸν
1429 618 1584 687 μόνον
1603 619 1768 688 ὑπερ-

199 705 404 770 ἀγαθον
434 705 563 757 Θεὸν
581 707 754 774 ἡμῶν.

275 796 379 847 Τὸν
436 798 712 866 ἀκήρατον
745 799 938 870 βότρυν
979 799 1346 872 βλαστήσασα,
1377 800 1533 872 κόρη,
1569 801 1768 853 ἀθανα-

201 887 324 949 σίας
364 889 593 956 γλεῦκος
625 893 1001 956 ἀποστάζοντα
1043 896 1226 964 πᾶσιν,
1263 893 1472 964 ὤφθης,
1510 893 1768 964 παναμὼ·

201 996 346 1047 μητε
374 981 467 1034 καὶ
508 983 692 1053 μήτηρ
724 984 1032 1052 ἀλόχευτος.

269 1257 341 1307 Σὺ
375 1255 511 1324 μόνη
535 1255 627 1307 ἐπὶ
655 1255 757 1322 γῆς
783 1255 873 1307 τὸν
918 1256 1166 1324 οὐράνιον
1207 1256 1453 1319 τέτοκας,
1497 1259 1761 1327 πανάμω·

201 1365 289 1416 με,
319 1348 450 1400 Θεὸν
485 1349 676 1414 Λόγον,
710 1348 767 1400 ὃν
797 1348 955 1418 ὑμνεῖ
983 1351 1129 1401 πᾶσα
1171 1348 1366 1413 κτίσις,
1425 1350 1499 1413 ὡς
1532 1352 1765 1422 Ποιητὴν

197 1443 292 1492 καὶ
323 1441 546 1509 Κύριον.

269 1535 514 1602 Οἰκήσας
546 1551 638 1586 σου
663 1535 759 1602 τὴν
789 1536 948 1602 ἀγίαν
967 1536 1172 1589 κοιλίαν
1196 1538 1224 1588 ὁ
1257 1537 1481 1606 Κύριος,
1513 1537 1761 1600 Θεουτόκε,

193 1629 290 1695 τῆς
318 1629 548 1697 Τριάδος
580 1632 789 1699 τερπνὰ
822 1632 1144 1698 καταγώγια
1183 1632 1390 1685 ἐκτελεῖ
1417 1634 1542 1697 τοὺς
1583 1633 1763 1686 πίστει

193 1719 456 1787 ἀληθείας
485 1736 543 1772 σε
586 1720 680 1772 νῦν
724 1723 1150 1792 μακαρίζοντας.

267 1811 730 1880 Νενεκρωμένους
765 1815 912 1883 ἡμᾶς
956 1817 1020 1884 τῇ
1076 1813 1321 1885 ἁμαρτία
1362 1814 1590 1879 πάντας,
1618 1814 1762 1882 ζωὴν

1872 624 2015 674 enim
2077 624 2498 678 immortalitatis
2559 625 2759 678 fontem
2833 624 3090 694 peperisti
3148 624 3425 683 Christum

1873 714 2089 766 unicum
2130 717 2392 784 Optimum
2432 715 2596 769 Deum
2632 726 2898 770 nostrum.

1942 806 2408 876 lncorruptibilem
2454 808 2695 872 botrum,
2743 821 2804 862 ex
2855 825 2963 878 quo
3006 809 3432 865 immortalitatis

1871 910 2108 951 mustum
2179 901 2348 952 etiluit
2402 901 2671 954 universis
2709 939 2723 963 ,
2777 903 3117 968 germinasti,
3171 918 3204 956 0
3253 905 3430 973 puella

1869 993 2128 1045 iii-munis
2185 991 2254 1044 ab
2309 993 2454 1045 omni
2513 993 2653 1058 labe,
2700 1002 2760 1047 et
2818 993 2956 1046 facta
2998 1010 3056 1049 es
3095 1005 3268 1048 mater
3315 997 3430 1050 sine

1875 1094 2245 1135 materuarum
2286 1083 2602 1151 passionum
2638 1092 2689 1137 ct
2722 1085 2841 1139 sine
2868 1087 3232 1154 corruptionis
3272 1102 3431 1156 cxpe-

1864 1186 2116 1228 Πηιριιιο.

1936 1265 2014 1318 Τιι
2065 1267 2180 1319 sola
2233 1266 2506 1318 caelestem
2546 1266 2710 1318 Deum
2749 1265 2980 1320 Verbum
3034 1267 3089 1320 in
3141 1276 3280 1321 terra
3342 1284 3429 1337 pc-

1864 1359 2071 1426 peristi,
2105 1373 2138 1410 o
2195 1358 2590 1423 mundissima;
2648 1375 2810 1428 quem
2867 1363 3121 1414 universa
3174 1371 3428 1414 creatura

1865 1459 2120 1518 tanquam
2156 1450 2466 1505 Creatorem
2501 1451 2901 1520 Dominumque
2931 1452 3222 1505 collaudat.

1939 1538 2221 1602 Dominus,
2259 1541 2350 1608 qui
2395 1540 2448 1593 in
2490 1550 2682 1594 sancto
2710 1551 2866 1594 utero
2895 1551 2988 1594 tuo
3021 1542 3358 1604 inhabitavit,
3396 1559 3428 1594 o

1865 1631 2088 1701 Dcipara
2113 1673 2126 1695 ,
2167 1632 2407 1702 jucunda
2434 1632 2715 1688 Trinitatis
2743 1635 2976 1704 hospitia
3001 1634 3161 1688 cllicit
3194 1651 3306 1699 eos,
3334 1637 3425 1704 qui

1865 1739 2006 1778 nunc
2035 1734 2085 1779 te
2114 1741 2236 1778 cum
2264 1741 2388 1778 vera
2433 1724 2532 1778 ﬁde
2562 1725 2890 1782 beatilicant.

1932 1813 2041 1867 Nos
2069 1825 2518 1882 omnes-peccato
2551 1826 2880 1885 peremptos,
2921 1827 2976 1870 tn
3022 1820 3192 1870 vitam
3243 1819 3424 1884 enixa,

191 1901 452 1965 τεκοῦσα,
485 1902 829 1967 ἀνεζὼωσας·
861 1904 941 1956 διό
994 1921 1075 1958 σοι
1099 1904 1504 1975 κραυγάξομεν,
1532 1904 1750 1973 θεοκυῆ·

1863 1904 2177 1968 vivilicasti;
2206 1916 2487 1974 propterea
2515 1908 2579 1960 ad
2618 1915 2671 1961 te
2697 1909 3019 1974 clamamus,
3068 1925 3099 1963 o
3140 1909 3231 1964 Dei
3268 1913 3421 1980 geni-

191 2009 291 2062 τορ
317 1994 476 2065 κόρη,
511 1995 598 2047 ἀεὶ¹
636 1994 1024 2067 δεδοξασμένῃ.

279 2086 338 2138 Ὀ
375 2087 667 2154 ἱερώτατός
703 2105 760 2139 σε
787 2088 943 2140 καλεῖ
972 2088 1256 2159 προφήτης
1298 2087 1473 2158 πύλην
1525 2088 1760 2141 ἀὸιόδευ·

189 2196 307 2240 τον,
340 2179 600 2249 ἄγραντε,
633 2181 662 2232 ὁ
691 2179 930 2252 Κτίστης
970 2181 1038 2234 δι’
1089 2177 1157 2252 ἦς
1200 2181 1433 2250 διῆλθεν,
1467 2181 1540 2244 ὡς
1597 2181 1757 2250 μόνος

189 2267 501 2332 ἐπίσταται,
527 2268 686 2322 πάλιν
716 2268 1108 2340 κεκλεισμένην
1142 2269 1335 2338 λιπὼν,
1376 2271 1450 2334 ὡς
1502 2270 1608 2342 πρὸ
1646 2270 1742 2323 τοῦ

187 2358 374 2412 τόκου.

262 2447 380 2508 Φῶς
434 2449 566 2517 ἡμῖν
615 2449 886 2501 ἀνέτειλεν
937 2451 1001 2503 ὲκ
1053 2450 1168 2516 σοῦ,
1206 2452 1535 2520 πανάμωμε,
1573 2451 1600 2502 ό
1648 2452 1754 2505 τῶν

187 2537 331 2589 ὅλων
366 2540 524 2608 μόνος
560 2541 781 2612 Κύριος,
815 2543 910 2595 καὶ
954 2543 1372 2613 κατελὰμτιρυνε
1413 2544 1511 2607 τὰς
1539 2547 1755 2600 πάντων

189 2629 415 2697 καρδίας
460 2631 667 2696 θεῖκαῖς
712 2633 1062 2700 ὲπιγνώσεσι,
1099 2636 1191 2686 καὶ
1240 2635 1427 2698 σκότος
1482 2638 1754 2702 ἀγνωσίας

189 2722 458 2789 ἐμείωσεν
491 2741 504 2754 ·
547 2725 667 2778 ὅθεν
692 2742 752 2779 σε
779 2728 982 2790 πάντες
1015 2726 1411 2798 μακαρίζομεν.

1863 1999 1990 2062 trix,
2021 1998 2195 2067 puella
2231 2013 2444 2068 semper
2477 2000 2737 2065 gloriosa.

1935 2091 2356 2146 Sacratisaimus
2400 2094 2665 2161 propheta
2715 2101 2929 2163 portam
2963 2104 3012 2150 te
3054 2104 3231 2162 vocat,
3281 2110 3313 2150 ο
3347 2097 3429 2149 iu-

1863 2176 2083 2239 violata,
2147 2193 2240 2246 per
2302 2194 2464 2246 quam
2519 2180 2653 2233 nulli
2722 2191 2869 2250 patet
2907 2185 3108 2249 aditus,
3162 2193 3217 2239 et
3277 2186 3426 2240 solus

1861 2267 2082 2322 Cie-ator
2116 2271 2386 2338 transivit,
2425 2272 2565 2327 sicut
2595 2277 2709 2342 ipse
2743 2276 2891 2330 solus
2913 2277 3080 2342 n0vit,
3114 2279 3425 2347 relinquens

1859 2375 1978 2414 eam
2039 2362 2282 2416 clausam
2342 2367 2803 2433 quemadmodum
2841 2383 2956 2424 erat
3007 2383 3134 2428 ante
3185 2387 3420 2442 partum.

1929 2452 2046 2506 Lux
2097 2454 2258 2509 nobis
2294 2471 2358 2509 ex
2410 2468 2460 2511 te
2508 2468 2626 2512 orta
2682 2470 2846 2525 esl,o
2894 2465 3204 2532 purissima,
3232 2471 3426 2527 unirus

1861 2545 2103 2599 omnium
2161 2545 2444 2613 Dominus,
2480 2550 2572 2618 qui
2611 2552 2811 2608 divinis
2855 2557 3261 2624 cognitionibus
3315 2580 3426 2618 Otii-

1862 2636 2008 2688 nium
2059 2636 2222 2690 corda
2255 2638 2511 2706 illustrat,
2542 2642 2649 2711 7o
2691 2652 2743 2698 et
2798 2645 3116 2713 ignorantia:
3172 2655 3425 2710 tenebras

1862 2726 2154 2780 imminuit.
2198 2728 2354 2784 Unde
2409 2741 2459 2785 te
2517 2749 2708 2790 omnes
2759 2737 2972 2792 beatam
3021 2758 3422 2813 nttncupamus.

1029 2836 1115 2891 Ex
1154 2857 1350 2894 canone
1371 2841 1424 2895 in
1450 2840 1509 2895 S.
1537 2840 1858 2894 Theodotum
1882 2853 2188 2910 martyrem,
2217 2844 2301 2896 die
2325 2847 2358 2896 2
2382 2845 2563 2914 (δι”).

263 2924 512 2982 Humana
543 2938 733 2982 natura
761 2931 889 2984 olim
920 2945 1017 3000 per
1048 2933 1231 2986 dolum
1275 2949 1432 2988 serva
1480 2935 1620 2987 facta
1665 2943 1751 2989 est

186 3017 550 3072 seductionis.
591 3018 726 3073 Cum
785 3030 964 3075 autem
1012 3033 1091 3087 tu,
1131 3024 1411 3087 inviolata,
1468 3023 1749 3078 Christum

186 3109 469 3175 peperisti,
519 3109 819 3165 libertatem
873 3113 1098 3181 adepta,
1163 3114 1376 3183 magnis
1426 3114 1650 3168 vocibus
1700 3123 1751 3167 te

184 3213 338 3266 grata
363 3211 672 3256 veneratur.

255 3289 471 3344 Medere
527 3292 692 3346 tuenti
735 3306 885 3357 mete,
917 3308 950 3348 ο
981 3295 1310 3357 castissima,
1344 3310 1466 3364 qua:
1522 3295 1743 3365 pessimi

184 3381 452 3437 Draconis
477 3382 672 3439 ictibus
729 3400 986 3453 percussa
1034 3386 1374 3456 languescit,
1425 3396 1480 3442 et
1512 3387 1748 3457 peccatis

181 3476 402 3543 captiva
429 3474 683 3529 deservit.

252 3563 678 3621 Lucidissimum
709 3567 924 3622 Domini
974 3566 1265 3634 Palatium,
1303 3571 1531 3627 Domina
1584 3590 1746 3631 sanc-

180 3656 417 3723 tissima,
440 3657 594 3712 edice
646 3673 745 3713 nos
779 3661 976 3714 damus
1008 3659 1244 3730 Spiritus
1283 3665 1480 3730 sancti,
1506 3666 1637 3722 dum
1693 3668 1745 3723 in

178 3748 348 3802 domo
379 3755 570 3802 sancta
603 3758 694 3802 tua
724 3749 938 3803 laudem
971 3749 1202 3805 Domino
1231 3752 1532 3809 ol'lerimus.

251 3840 423 3895 Deum
473 3841 747 3894 hominem
803 3840 1004 3895 factum
1047 3843 1362 3909 concepisti,
1397 3859 1429 3897 ι)
1476 3844 1741 3912 Domina;

176 3947 466 4003 propterea
497 3933 868 4002 generationes
891 3933 1303 4002 generationum
1326 3944 1378 3988 te
1405 3936 1742 3993 incessanter

180 4028 393 4078 beatam
431 4025 641 4079 dicunt.

248 4116 500 4170 Christus
529 4115 670 4170 Deus
705 4126 907 4178 noster,
941 4117 1036 4187 qui
1069 4118 1121 4171 in
1151 4127 1307 4173 utero
1329 4127 1424 4173 tuo
1456 4119 1740 4183 habitavit,

175 4209 609 4271 oimmacnlata,
666 4218 946 4277 peccatum
1004 4210 1055 4262 iti
1106 4210 1422 4266 hominibus
1491 4211 1742 4266 habitans

188 4319 431 4390 Ἔκίτοῦ
464 4320 726 4384 κανόνος
750 4323 838 4385 είς
877 4322 1022 4386 τοὺς
1045 4322 1251 4389 ἁγίους
1273 4323 1575 4390 μάρτυρας
1607 4326 1741 4377 Θεό-

284 4389 498 4456 δωρον,
529 4390 1008 4455 Κωνσταντῖνον,
1041 4409 1096 4445 κ.
1137 4409 1188 4445 τ.
1221 4389 1306 4456 λέ,
1339 4389 1529 4462 ἡμέρᾳ
1559 4401 1634 4456 ς’.

261 4504 565 4574 ’Υπεραγία
599 4504 860 4573 Παρθένε,
891 4507 998 4558 τῶν
1021 4507 1267 4576 ἀθλητῶν
1299 4509 1441 4562 θεῖον
1462 4512 1740 4577 ἐγκαλλώ-

1862 2935 2087 3002 expulit,
2127 2943 2181 2990 et
2226 2938 2298 2992 ob
2327 2953 2490 2994 suum
2526 2942 2591 3003 in~
2622 2943 2871 3001 homines
2904 2963 3170 3017 amorem,
3200 2956 3418 3010 eosdem

1859 3028 2053 3082 domos
2085 3045 2213 3083 suas
2246 3031 2443 3087 eﬂecit.

1929 3118 2046 3172 Una
2076 3136 2198 3174 cum
2245 3125 2495 3192 supernis
2545 3127 2752 3190 choris,
2793 3145 2981 3185 omnes
3029 3135 3095 3188 ad
3139 3145 3186 3191 te
3216 3139 3421 3194 clama—

1861 3225 2012 3272 mns;
2059 3211 2190 3275 Ave,
2241 3212 2408 3266 Mater
2460 3214 2591 3279 Dei;
2633 3218 2831 3271 coelum
2893 3221 3215 3289 animatutn,
3273 3229 3420 3294 pala-

1858 3304 1991 3355 tium
2037 3305 2515 3373 gloriosissimutn,
2565 3319 2617 3362 et
2663 3311 2896 3366 thronus
2953 3313 3162 3384 igneus,
3199 3319 3250 3372 in
3309 3337 3418 3388 quo

1853 3393 2103 3449 Christus
2134 3398 2431 3451 secundum
2468 3415 2687 3454 carnem
2715 3406 3002 3472 requievit.

1925 3486 2006 3539 Ab
2077 3487 2226 3539 omni
2285 3487 2699 3556 inquinamento
2789 3494 3084 3550 humanam
3167 3509 3418 3557 naturam

1853 3579 2199 3643 emundasti,
2249 3595 2282 3633 ο
2337 3582 2588 3636 inviolata
2621 3622 2639 3649 ,
2713 3589 3153 3654 supercoelestcnt
3247 3594 3416 3649 tilium

1853 3673 2014 3726 enixa
2049 3673 2324 3726 hominem
2375 3672 2598 3739 factum,
2633 3691 2842 3746 nosque
2870 3680 3163 3746 renovasti,
3206 3685 3299 3752 qui
3323 3702 3415 3738 ve-

1856 3773 2052 3819 tustate
2073 3764 2304 3818 confecti
2325 3781 2540 3820 eramus
2569 3779 2643 3821 :ct
2669 3784 2812 3822 nunc
2829 3771 3151 3840 clamamus,
3174 3789 3206 3829 ο
3230 3788 3413 3833 casta;

1852 3855 2113 3918 Laudato,
2143 3860 2322 3910 omnia
2358 3873 2544 3927 opera,
2589 3859 2908 3916 Dominum.

1922 3943 2144 4008 Lucem,
2178 3962 2299 4015 quae
2329 3962 2356 3999 a
2407 3949 2565 4003 Patre
2614 3962 2737 4002 ante
2790 3951 3074 4006 luciferum
3107 3963 3417 4013 coruscavit

1853 4034 2225 4102 inell'abiliter,
2248 4039 2504 4106 peperisti
2539 4042 2715 4106 nobis,
2742 4057 2774 4094 ο
2803 4041 2986 4113 Virgo,
3012 4055 3065 4098 ct
3099 4047 3418 4116 ignorantia:

1853 4129 2100 4182 tenebras
2123 4130 2415 4198 dissipans,
2446 4147 2552 4199 eos,
2585 4134 2677 4202 qui
2709 4135 2760 4187 in
2792 4138 2996 4203 peccati
3031 4143 3218 4195 umbra
3248 4144 3406 4198 sede-

1852 4222 2001 4286 bant,
2035 4222 2351 4277 illuminasti
2376 4235 2536 4294 atque
2560 4226 2903 4281 exhilarasti.

1851 4334 1950 4402 71
1977 4334 2056 4387 Ea:
2089 4352 2285 4390 canone
2307 4340 2358 4390 in
2380 4337 2479 4391 SS.
2502 4338 2849 4403 Theodorum,
2870 4341 3294 4411 Constantinum,
3310 4360 3409 4404 etc.

2403 4421 2683 4477 martyres,
2719 4412 2803 4463 die
2833 4413 2887 4464 6.

1917 4513 1962 4568 Ο
1991 4517 2333 4572 sanctissima
2375 4517 2554 4588 Virgo,
2581 4521 2822 4574 divinum
2864 4523 3192 4578 athletarum
3221 4527 3406 4593 decus,

175 4613 380 4664 πισμα,
399 4597 432 4662 ἡ
451 4597 698 4665 κυήσασα
717 4599 950 4666 Χριστὸν
973 4599 1064 4651 τὸν
1081 4601 1298 4670 ὡραῖον,
1319 4605 1568 4657 κάλλεσιν
1585 4608 1744 4661 αὐτὸν

1856 4622 1972 4676 quae
2022 4609 2298 4663 Christum
2353 4611 2611 4666 decorum
2649 4615 3051 4682 pulchritudine
3113 4620 3406 4687 peperisti,

175 4688 482 4741 καλλιῶσαι
502 4689 600 4757 τὴν
626 4690 764 4758 ἐμὴν
787 4690 962 4760 ψυχὴν
1007 4692 1236 4745 ἱκέτευε.

255 4780 456 4846 Ἀγίων
482 4782 650 4849 δῆμος
686 4783 924 4836 ὲναθλών
953 4787 1370 4854 τεσσαράκοντα
1396 4789 1488 4841 δύο
1521 4807 1577 4842 σε
1602 4790 1738 4844 Θεοῦ

170 4871 265 4923 τοῦ
292 4866 518 4940 θᾲίστου
548 4874 770 4943 Μητέρα
809 4876 1098 4944 παναληθῆ
1135 4880 1433 4948 ἐκήρυττεν
1456 4883 1735 4951 ἐμφανῶς,

169 4963 515 5034 δυναμοῦσαν
542 4966 763 5029 τούτους
797 4968 1098 5035 μεσιτείαις
1129 4987 1244 5022 σου.

251 5144 450 5215 Ἀγνὴν
480 5147 690 5216 μητέρα
722 5163 778 5198 σε
802 5150 848 5199 οἱ
882 5147 1015 5200 θεῖοι
1046 5149 1320 5220 μάρτυρες
1359 5153 1730 5224 ἐπιστάμενοι,

167 5239 330 5306 κόρη,
353 5240 442 5290 καὶ
462 5240 559 5308 τὴν
581 5240 638 5290 ὲν
657 5240 742 5292 σοὶ
760 5239 918 5304 δόξαν
938 5242 1294 5311 κλεῖζόμενοι,
1314 5245 1413 5309 τὰς
1434 5248 1733 5314 ἀθανάτους

164 5328 380 5395 δωρεὰς
409 5329 468 5378 ὲν
509 5327 748 5395 ὑψίστοις
774 5329 1181 5400 ἐκληρώσαντο.

242 5421 374 5481 Nor};
408 5437 509 5486 μου
547 5420 742 5486 ἴθυνον,
774 5421 1029 5484 δυσωπῶ,
1059 5423 1315 5493 ἀχραντε,
1343 5429 1581 5498 κινήσεις
1607 5431 1738 5498 προς

165 5511 299 5562 Θεὸν
346 5512 464 5561 ὁδὸν
499 5510 642 5580 ζωῆς
687 5511 1112 5582 χρηματίζοντα,
1152 5517 1246 5568 καὶ
1286 5518 1392 5569 τῶν
1428 5520 1739 5586 ἁθλοφόρων

166 5603 585 5670 ἑξωμαλίσαντα
621 5603 718 5665 τὰς
770 5603 989 5674 τρίϐους
1041 5605 1139 5668 τὰς
1190 5606 1459 5677 φερούσας
1495 5610 1626 5679 πρὸς
1672 5613 1739 5664 τὰ

165 5711 416 5762 ουραιια.

238 5817 602 5890 t54")Graica
629 5818 825 5873 desunt
850 5818 904 5872 in
935 5816 1153 5875 Menaﬁs
1190 5820 1494 5890 impressis.

1844 4699 2096 4752 eumdem
2131 4714 2298 4754 exora
2336 4710 2393 4756 ut
2419 4704 2636 4756 decoret
2664 4705 2902 4758 animam
2927 4721 3123 4759 meam.

1918 4792 2287 4860 Quadraginta
2310 4794 2541 4848 duorum
2576 4808 2873 4864 martyrum
2905 4809 3219 4854 sanctorum
3249 4804 3404 4857 turha

1843 4883 2150 4946 decertans,
2211 4893 2262 4938 te
2321 4884 2413 4939 Dei
2479 4887 2728 4942 altissimi
2791 4889 3012 4944 Matrem
3064 4893 3402 4948 verissimam

1847 4970 2130 5026 manifeste
2169 4975 2516 5043 praidicabat,
2557 4994 2677 5046 qua:
2709 4980 2933 5033 eosdem
2989 4981 3402 5038 intercessioni-

1845 5062 1946 5116 bus
1981 5065 2088 5118 tuis
2120 5065 2170 5118 in
2202 5069 2500 5122 certamine
2555 5070 2875 5124 roborabas.

1911 5153 2124 5207 Castam
2162 5167 2386 5211 matrem
2423 5160 2654 5213 svientes
2685 5170 2734 5214 te
2759 5176 2878 5215 esse
2914 5163 3080 5217 divini
3117 5178 3400 5239 martyres,

1839 5263 1870 5299 ο
1896 5249 2088 5315 puella,
2119 5259 2375 5320 tuamque
2405 5253 2628 5320 gloriam
2670 5255 3027 5324 celebrantes,
3073 5258 3400 5316 immortalia

1837 5340 1975 5392 dona
2002 5341 2051 5393 itt
2084 5345 2311 5396 excelsis
2342 5344 2814 5401 literetlitaverunt.

1907 5432 2102 5490 Mentis
2148 5453 2277 5489 meae
2313 5447 2490 5492 motus
2518 5440 2710 5509 dirige,
2742 5450 2792 5496 te
2816 5458 3029 5512 precor,
3059 5461 3092 5499 o
3123 5446 3400 5508 inviolata,

1838 5523 1902 5574 ad
1928 5522 2115 5588 Deum,
2147 5526 2235 5593 qui
2274 5537 2355 5580 est
2380 5530 2462 5581 via
2491 5532 2630 5597 vitae,
2657 5543 2711 5587 et
2742 5548 3036 5606 martyrum
3059 5540 3402 5608 triumphati-

1841 5615 1973 5670 tium
2008 5619 2230 5675 semitas
2263 5620 2328 5675 ad
2356 5622 2595 5679 (celestia
2623 5628 2978 5696 perducentes
3018 5633 3399 5703 complanavit.
