4166 6458
737 374 866 439 1071

1858 382 1916 441 S.
1958 380 2270 441 JOSEPIII
2313 380 2869 442 IIYMNOGRAPIII

3827 384 3966 449 1072

802 492 1031 559 Deipara
1086 488 1260 558 puella
1303 496 1497 558 praeter
1552 497 1757 544 natura:
1800 490 1964 560 leges,
2016 505 2080 544 ac
2128 506 2292 559 supra

2468 493 2731 562 Νομίμων
2763 510 2820 544 σε
2870 492 3094 546 ἄνευθεν
3144 493 3252 545 τῶν
3286 494 3385 563 τῆς
3434 493 3669 562 φύσεως,
3720 495 3926 566 Χριστὲ
3955 538 3970 561 ,

726 584 971 651 ejusdem
1033 592 1240 637 natura:
1298 582 1570 645 ordinem,
1603 583 1809 652 peperit
1861 593 1931 649 te,
1965 598 1997 636 ο
2050 583 2288 649 Christe,

724 674 816 743 qui
866 684 1133 744 martyres
1170 672 1409 742 legitime
1437 688 1537 743 pro
1567 673 1670 727 fide
1717 682 1990 728 certantes
2025 686 2150 727 vero
2197 688 2291 727 co-

726 765 955 819 ronasti.

804 856 1059 909 Volnmen
1101 854 1339 909 maxime
1389 870 1586 909 novum
1648 870 1728 920 cs,
1773 870 1806 909 ο
1856 855 2137 922 inviolata,
2170 871 2292 928 quae

728 949 962 1003 Verbum
995 947 1048 1002 in
1075 955 1127 1003 te
1153 948 1418 1017 scriptum
1451 947 1710 1012 habuisti,
1741 946 1886 1017 quod
1927 947 1980 1000 in
2031 948 2171 1002 libro
2205 948 2287 1001 vi-

725 1041 965 1097 rentium
1021 1040 1237 1094 divinos
1270 1039 1519 1094 Athletas
1562 1054 1694 1094 suos
1745 1038 2050 1107 descripsit,
2092 1040 2181 1109 qui
2228 1053 2291 1092 ea

724 1150 844 1203 qute
878 1134 1077 1203 scripta
1109 1141 1235 1188 sunt
1266 1133 1613 1187 exactissime
1641 1132 2093 1201 adimpleverunt.

796 1223 1024 1277 Birinus
1052 1222 1413 1291 archangelus
1457 1231 1712 1290 laminam
1740 1222 2045 1276 divinarum
2084 1222 2293 1290 nuptia-

726 1333 845 1371 rum
884 1332 1086 1384 auspex
1114 1330 1381 1383 apparens
1406 1315 1522 1377 tibi,
1561 1329 1593 1366 ο
1616 1323 1765 1367 casta
1806 1323 1859 1367 et
1890 1313 2294 1377 invinlata,cla-

724 1406 889 1460 mmit
923 1424 935 1457 :
964 1406 1145 1472 Salve,
1165 1421 1197 1460 0
1226 1406 1376 1476 ignee
1408 1405 1499 1459 Dei
1533 1406 1746 1468 throne,
1770 1414 2066 1475 martyrum
2100 1405 2293 1458 trium-

724 1500 1030 1568 phantium,
1049 1500 1141 1568 qui
1169 1497 1336 1552 Deum
1364 1497 1416 1550 in
1441 1510 1604 1550 carne
1622 1494 2027 1549 manifestatum
2057 1494 2291 1550 confessi

724 1601 873 1655 sunt,
903 1595 1326 1644 firmamentum.

796 1684 839 1737 Ο
871 1683 1009 1736 lucis
1033 1680 1460 1750 receptaculum,
1492 1678 1601 1735 Deo
1621 1678 1969 1741 charissima,
2010 1676 2290 1730 illumina-

726 1776 848 1829 tivis
880 1774 1050 1829 radiis
1082 1775 1188 1828 tuis
1218 1772 1430 1826 illustra
1461 1788 1554 1826 cor
1584 1787 1788 1837 meum,
1817 1770 2082 1825 socordiae
2116 1768 2289 1822 nubes

2398 586 2693 655 ὑπερφυῶς
2750 584 2986 656 ἐκύησεν
3020 587 3054 654 ἡ
3083 585 3343 648 Θεοτόκος
3410 586 3549 656 κόρη
3600 586 3674 648 ὼς
3723 588 3969 656 ἀληθῶς,

2393 678 2638 745 νομίμως
2662 678 2785 740 τοὺς
2810 679 3095 747 μάοτυοας
3118 677 3523 749 ὲναθλήσαντας
3554 678 3735 731 πίστει
3769 696 3973 748 στεφα-

2392 785 2662 822 νωσαντα.

2465 859 2662 928 Τόμος,
2698 860 2955 928 άχραντε,
3014 856 3333 922 καινότατος
3375 858 3718 930 ὑπάρχουσα,
3742 863 3837 915 τὸν
3865 863 3973 915 Λό-

2393 966 2489 1017 γον
2521 950 2930 1020 ἐγγραφόμενον
2955 951 3013 1005 ἑν
3045 952 3127 1004 σοὶ
3150 950 3410 1021 ἔσχηκας,
3431 952 3523 1004 τὸν
3544 953 3601 1005 ὲν
3629 951 3798 1022 βίϐλῳ
3829 942 3972 1018 ζών-

2392 1060 2502 1095 των
2545 1044 2669 1107 τοὺς
2718 1043 2884 1097 αὑτοῦ
2936 1046 3291 1115 ἐγγράψαντα
3349 1045 3528 1109 θείους
3582 1045 3845 1117 ἀθλητάς,
3900 1048 3972 1100 τά

2393 1139 2753 1206 γεγραμμένα
2788 1138 3043 1209 ἐμμελῶς
3071 1138 3597 1209 ἀποπληρώσαντας.

2463 1230 2850 1298 Νυμφοπόλος
2878 1232 3067 1299 φανείς
3097 1247 3179 1284 σοι
3202 1231 3342 1295 θεῖος
3370 1232 3732 1303 ἀρχάγγελος·
3766 1234 3971 1302 Χαῖρε,

2395 1322 2583 1393 πύρινε
2621 1323 2777 1391 Θρόνε
2828 1323 2986 1389 Θεοῦ,
3024 1323 3151 1377 ἐϐόα
3191 1340 3295 1387 σοι,
3336 1323 3569 1393 άχραντε
3599 1324 3772 1393 ἁγνὴν,
3806 1326 3973 1377 ἀθλοο

2395 1416 2575 1483 φόρων
2616 1414 2946 1485 κραταίωμα
2997 1416 3448 1486 ὁμολογησάντων
3481 1415 3613 1468 Θεὸν
3669 1416 3835 1487 σαρκὶ
3868 1434 3973 1485 φα-

2397 1506 2575 1560 νέντα.

2469 1685 2649 1749 Φωτὸς
2695 1684 2919 1755 δοχεῖον,
2954 1683 3334 1755 θεοχαρίτωτε,
3370 1685 3724 1753 φωτιστικαῖς
3769 1686 3971 1754 αὑγαῖς

2396 1798 2489 1835 σου
2532 1781 2631 1851 τὴν
2678 1780 2904 1849 καρδίαν
2954 1796 3056 1849 μου
3102 1777 3357 1847 φώτισον,
3399 1778 3670 1849 ῥᾳθυμίας
3710 1780 3780 1833 τά
3828 1782 3972 1849 νέφη

714 1863 1022 1936 'depellens,
1048 1879 1112 1918 ac
1159 1863 1363 1933 peccati
1426 1862 1675 1917 tenebras
1704 1862 2032 1927 eliminans;
2067 1871 2147 1925 tu,
2174 1874 2295 1930 qua:

2401 1874 2684 1936 διώκουσα,
2718 1871 2810 1924 καὶ
2844 1870 2905 1923 τὸ
2929 1870 3026 1939 τῆς
3054 1870 3328 1940 ἁμαρτίας
3360 1870 3548 1932 σκότος
3582 1870 3904 1942 ὲξαίρουσα,
3936 1872 3971 1941 ἡ

728 1961 896 2014 Deum
920 1958 1067 2011 omni
1092 1955 1298 2028 peccati
1327 1955 1446 2009 labe
1476 1964 1750 2010 carentem
1780 1952 2058 2023 peperisti.

859 2098 964 2168 72
1009 2095 1094 2150 Ea:
1148 2112 1347 2168 canpne
1390 2095 1444 2146 in
1464 2092 1565 2148 SS.
1610 2104 1864 2168 martyres
1892 2090 2185 2159 Basileum,

1227 2165 1494 2235 Ephrazm,
1525 2176 1649 2229 etc.,
1671 2166 1755 2217 die
1784 2165 1831 2217 7.

793 2283 1103 2339 Primorum
1153 2290 1438 2352 parentum
1477 2296 1633 2350 poena
1688 2279 1902 2335 sublata
1941 2288 2046 2343 est,
2078 2294 2112 2333 ο
2143 2286 2294 2333 casta

725 2389 780 2431 et
808 2377 1089 2442 inviolata,
1125 2374 1382 2430 ineﬂ‘abili
1416 2381 1575 2442 partu
1610 2382 1739 2438 tuo;
1774 2381 1936 2441 atque
1973 2371 2081 2423 illis
2106 2369 2295 2439 pristi-

729 2484 835 2523 nus
863 2469 929 2522 ad
962 2466 1282 2521 Paradisum
1314 2465 1489 2535 patuit
1520 2465 1826 2533 ingressus,
1858 2461 2214 2533 quamobrem
2244 2470 2295 2516 te

728 2572 924 2625 magna
953 2569 1086 2610 voce
1116 2553 1519 2609 concelebrant.

801 2649 845 2700 υ
884 2645 1049 2714 Virgo
1079 2651 1189 2698 tota
1220 2651 1369 2698 casta
1398 2649 1454 2696 et
1489 2641 1767 2707 inviolata,
1814 2639 2067 2710 peperisti
2108 2637 2295 2692 Domi-

733 2754 860 2794 num
897 2737 1049 2791 illum
1097 2733 1561 2805 potentissimum,
1607 2734 1702 2803 qui
1738 2734 1987 2788 homines
2017 2733 2086 2786 ab
2126 2731 2298 2786 hostis

732 2838 996 2902 potestate
1032 2828 1300 2883 liberavit.

803 2922 1066 2977 Homines
1122 2928 1375 2975 mortuos
1442 2916 1770 2983 vivificasti,
1803 2914 2076 2987 oVirgo,
2131 2927 2297 2986 supra

732 3015 911 3069 omnis
954 3009 1306 3082 cogitationis
1348 3018 1567 3080 captum
1602 3008 1763 3063 enixa
1810 3007 2089 3063 Christum
2127 3005 2296 3059 Deum

735 3116 1008 3170 nostrum,
1052 3104 1146 3175 qui
1193 3113 1416 3174 propter
1464 3116 1619 3157 suam
1663 3100 2096 3155 misericordiam
2134 3100 2298 3153 homo

734 3200 911 3253 factus
940 3206 1023 3251 est

806 3295 1004 3348 Beatus
1033 3301 1117 3345 est
1151 3290 1240 3344 ille
1268 3288 1518 3358 populus,
1551 3287 1640 3357 qui
1669 3286 1916 3356 agnoscit
1944 3296 2016 3349 te,
2044 3300 2077 3339 ο
2103 3284 2268 3339 imma

733 3386 1090 3448 eulatissima,
1116 3383 1358 3437 omnium
1378 3380 1593 3435 Domini
1618 3379 1862 3443 Matrem,
1885 3388 2080 3433 etcum
2105 3375 2299 3431 affectu

737 3487 788 3532 te
819 3475 1111 3530 beatiﬁcat.

806 3563 882 3619 Te
908 3563 1041 3632 legis
1079 3561 1306 3627 umbrae,
1338 3569 1388 3615 te
1418 3559 1810 3630 prophetarum
1844 3558 2131 3627 aenigmata
2166 3568 2298 3626 pre-

737 3658 1067 3727 flgurabant,
1097 3670 1131 3709 ο
1161 3652 1337 3724 Virgo,
1378 3652 1695 3722 purissima,
1756 3667 1878 3721 quae
1926 3665 2022 3721 per
2066 3647 2299 3703 Verbum

736 3749 1009 3805 ineﬂabile
1065 3747 1216 3801 illum
1250 3753 1579 3814 conceptura
1621 3758 1685 3799 ac
1729 3746 1974 3813 paritura
2020 3755 2163 3802 eras,
2210 3738 2304 3809 qui

736 3844 939 3898 mundo
969 3841 1198 3895 salutem
1222 3839 1458 3893 afferret.

808 3937 899 3991 Dei
939 3933 1199 3997 Verbum,
1252 3929 1398 4000 quod
1446 3944 1610 3983 manu
1656 3942 1756 3983 sua
1809 3928 1974 3981 Evam
2026 3923 2305 3989 formavit,

736 4029 1025 4082 universos
1058 4023 1356 4079 reformare
1382 4023 1593 4084 volens,
1621 4036 1685 4074 ex
1715 4030 1867 4073 utero
1897 4028 2011 4084 tuo,
2041 4032 2074 4071 ο
2106 4016 2305 4086 puella,

738 4121 1033 4172 humanam
1073 4117 1302 4169 formam
1335 4113 1563 4181 accepit,
1597 4111 1865 4181 incipiens
1890 4124 2032 4175 esse,
2064 4124 2188 4163 cum
2222 4118 2305 4163 ta-

737 4226 860 4265 men
908 4208 1056 4264 Patri
1098 4222 1165 4263 ac
1198 4206 1427 4278 Spiritui
1480 4214 1671 4260 sancto
1723 4204 1796 4259 sit
1828 4212 2202 4268 coaeternum,
2251 4210 2306 4257 et

736 4301 1036 4371 coaquale.

808 4394 952 4449 Deus
984 4390 1543 4462 supersubstantialis,
1575 4404 1640 4444 ex
1677 4399 1729 4445 te
1758 4396 1942 4454 natus,
1968 4387 2303 4453 oinviolata,

739 4487 906 4541 homo
944 4482 1217 4554 apparuit,
1272 4497 1397 4537 cum
1433 4481 1648 4536 duabus
1700 4480 1937 4543 naturis,
1971 4480 2304 4550 operationi-

2395 1964 2487 2017 τὸν
2516 1965 2901 2035 ἀναμάρτητον
2927 1962 3060 2016 Θεὸν
3083 1963 3466 2033 ἀποκυήσασα.

2408 2100 2511 2155 Ἐκ
2543 2098 2649 2154 τοῦ
2690 2098 2952 2163 κανόνος
2978 2100 3066 2162 εις
3092 2096 3232 2163 τοὺς
3273 2096 3484 2165 ἁγίους
3513 2096 3823 2165 μάρτυρας
3857 2099 3975 2149 Βα-

2613 2170 2871 2234 σίλειον,
2918 2170 3191 2238 Ἐφραίμ,
3216 2185 3273 2222 κ.
3302 2184 3358 2222 τ.
3386 2170 3475 2235 1.,
3498 2166 3686 2236 ἡμέρᾳ
3715 2166 3784 2231 ζ’.

2478 2285 2675 2357 Ἐλύθη
2719 2284 2828 2338 τῶν
2865 2285 3252 2354 προπατόρων,
3302 2283 3557 2354 άχραντε,
3585 2283 3647 2335 τὸ
3686 2281 3973 2350 ἐπιτίμιον

2396 2381 2460 2449 τῇ
2504 2378 2645 2446 ὑπὲρ
2684 2374 2808 2429 νοῦν
2857 2376 3051 2443 κυήσει
3095 2391 3212 2437 σου,
3265 2374 3426 2444 ἁγνὴ,
3457 2376 3550 2427 καὶ
3594 2372 3694 2444 τὴν
3737 2373 3975 2441 πρώτην

2396 2467 2672 2520 ἀπέλαϐον
2700 2464 2791 2518 τοῦ
2826 2464 3162 2534 Παραδείσου
3187 2464 3415 2530 εἴσοδον,
3448 2461 3845 2533 μεγαλοφὼνως
3880 2463 3972 2513 εὑ-

2397 2558 2709 2629 φημοῦντές
2733 2574 2813 2611 σε.

2482 2648 2770 2718 Ῥυόμενον
2785 2647 2914 2710 τοὺς
2936 2646 3161 2718 βροτοὺς
3178 2644 3277 2715 τῆς
3294 2641 3613 2705 δυναστείας
3628 2642 3721 2694 τοῦ
3740 2639 3971 2711 ἐχθροῦ,

2398 2741 2666 2811 πάναγνε,
2707 2741 2799 2794 τὸν
2835 2738 3059 2794 δυνατὸν
3102 2739 3343 2809 Κύριον,
3391 2737 3628 2807 άχραντε
3677 2734 3929 2805 Παρθένε
3954 2774 3973 2799 ,

2397 2833 2656 2905 ἐκύησας.

2472 2924 2930 2995 Νενεκρωμένους
2981 2920 3237 2985 ιζώωσας
3270 2920 3397 2983 τοὺς
3450 2918 3793 2991 ἀνθρώπους,
3822 2915 3977 2986 ζωὴν

2399 3014 2499 3087 τὴν
2556 3013 2916 3067 ὲνυπόστατον
2962 3009 3215 3073 τεκοῦσα,
3268 3008 3534 3079 Παρθένε,
3592 3007 3732 3076 ὑπὲρ
3785 3008 3979 3059 πᾶσαν

2402 3107 2611 3161 ἐννοιαν
2640 3103 2875 3176 Χριστὸν
2906 3101 3150 3155 τδνρθεὸν
3170 3103 3203 3172 ἠ
3213 3100 3348 3173 μῶν,
3373 3099 3659 3171 ἄνθρωπον
3689 3098 3759 3152 δι’
3788 3093 3977 3152 οἶκτον

2323 3198 2369 3259 C
2402 3193 2712 3262 γενόμενον.

2474 3283 2759 3353 Μακάριός
2792 3284 2941 3335 ἔστιν
2962 3282 2991 3334 ὁ
3014 3281 3137 3345 λαδς
3164 3284 3192 3335 ὁ
3214 3279 3500 3350 γινώσκων
3526 3296 3609 3344 σε,
3633 3279 3976 3349 πανάμωμε,

2400 3379 2495 3433 τοῦ
2521 3379 2795 3433 Δεσπότου
2841 3379 2951 3432 τῶν
2978 3379 3235 3434 ἁπάντων
3269 3377 3505 3448 μητέρα,
3545 3377 3639 3429 καὶ
3669 3374 3822 3445 πόθῳ
3860 3391 3976 3443 μα-

2400 3471 2615 3542 καρίζει
2646 3488 2727 3525 σε.

2469 3562 2657 3632 Νόμου
2688 3578 2746 3615 σε
2776 3563 2833 3617 αἱ
2877 3561 3049 3624 σκιαὶ,
3091 3559 3388 3632 προφητῶν
3416 3576 3476 3613 τε
3507 3558 3813 3629 αἰνίγματα
3837 3572 3981 3626 προ-

2400 3654 2721 3722 διετύπουν,
2773 3654 3037 3725 Παρθένε,
3070 3653 3171 3723 τὴν
3207 3653 3436 3724 ἀρρήτῳ
3478 3651 3638 3720 Λόγῳ
3675 3648 3981 3717 κυοφορίαν

2402 3746 2699 3815 ἐσχηκυῖαν
2751 3742 3121 3808 διασώζουσαν
3165 3742 3393 3811 κόσμον,
3424 3740 3757 3809 πανάμωμε.

2485 3919 2544 3973 Ὀ
2570 3918 2873 3982 διαπλάσας
2915 3916 3060 3989 χειρὶ
3083 3916 3181 3987 τὴν
3229 3914 3374 3970 Εὑαν
3407 3916 3579 3984 Λόγος
3610 3894 3770 3975 Θεοῦ,
3806 3912 3977 3983 κόρη,

2403 4013 2712 4067 ἀναπλάσαι
2756 4012 3002 4074 ἅπαντας
3030 4009 3331 4080 βουληθεὶς,
3364 4009 3429 4061 ἐκ
3454 4008 3691 4076 γαστρός
3713 4022 3810 4058 σου
3839 4008 3980 4059 ἀνα-

2405 4105 2700 4159 πλάττεται
2729 4104 2901 4173 ἀρχὴν
2947 4102 3261 4173 δεχόμενος,
3294 4102 3323 4153 ὁ
3344 4099 3423 4167 τῷ
3458 4098 3633 4170 Πατρλ⁵
3663 4099 3759 4152 καὶ
3794 4097 3980 4150 Ilvati-

2408 4215 2538 4268 ματι
2567 4196 2693 4250 σύνθ
2702 4213 2874 4268 ρονος.

2486 4381 2688 4453 Ὠράοη
2718 4380 2791 4444 ὡς
2808 4379 3089 4451 ἄνθρωπος
3117 4379 3181 4432 ἐκ
3204 4376 3296 4432 σοῦ
3313 4378 3736 4449 ἀποτικτόμενος
3762 4379 3791 4431 ό
3812 4378 3982 4448 ὑπερ.

2408 4475 2613 4539 ούσιος,
2659 4472 2880 4536 διπλοῦς
2919 4475 3036 4536 ταῖς
3080 4472 3328 4541 φύσεσιν,
3377 4472 3634 4541 άχραντε,
3669 4472 3979 4541 ἐνεργείαις

737 4580 841 4633 bus
868 4586 923 4632 et
955 4543 1326 4630 voluntatibus
1352 4590 1369 4639 ;
1397 4574 1506 4629 illis
1532 4572 1825 4627 manifeste
1862 4543 2154 4642 apparens,
2182 4572 2298 4641 qui-

2411 4570 2502 4621 καὶ
2550 4567 2837 4636 θελήσεσι·
2888 4559 2971 4628 οἷς
3029 4564 3287 4633 ὡμοιώθη
3343 4563 3625 4635 βουληθεὶς
3670 4564 3979 4634 ὲμφανιζό-

740 4670 844 4723 bus
876 4673 1074 4735 sponte
1104 4664 1301 4719 similis
1326 4662 1503 4718 factus
1528 4672 1634 4717 est.
1687 4662 2054 4727 Quamobrem
2088 4661 2164 4716 illi
2191 4661 2306 4716 cla-

739 4773 955 4815 mamus
988 4776 1002 4812 :
1034 4755 1230 4812 Omnia
1255 4770 1441 4826 opera,
1463 4755 1683 4810 laudate
1710 4753 2023 4809 Dominum.

806 4848 991 4903 Puella
1028 4846 1137 4900 Deo
1160 4846 1486 4901 charissima
1526 4845 1706 4901 ferens
1735 4845 1788 4899 in
1821 4845 1966 4900 ulnis
1999 4844 2301 4912 Christum,

736 4943 829 5009 qui
857 4956 1020 4995 manu
1047 4939 1150 4993 fert
1197 4938 1475 5002 universa,
1504 4948 1726 5006 stupore
1755 4937 2001 5007 perculsa
2035 4938 2307 4992 exclama-

740 5036 830 5088 hat
861 5032 1048 5087 dicens
1090 5048 1105 5085 :
1139 5030 1423 5096 Quomodo
1472 5040 1523 5085 te
1564 5040 1618 5084 et
1662 5030 1861 5083 Filium
1899 5038 1955 5085 et
1990 5028 2303 5085 Creatorem

739 5141 919 5179 meum
950 5123 1129 5188 video,
1162 5137 1197 5177 ο
1224 5122 1792 5193 incomprehensibilis
1819 5122 1842 5174 ?

737 5259 842 5330 73
864 5257 945 5312 Ex
977 5272 1175 5311 canone
1199 5257 1251 5311 in
1273 5255 1331 5312 S.
1359 5255 1715 5381 029d;gtum,
1739 5268 1787 5311 et
1819 5256 1989 5312 socios
2017 5264 2301 5327 martyres,

1440 5344 1487 5381 te
1586 5369 1599 5381 .

1440 5344 1487 5382 ιε
1514 5344 1599 5381 1υ.

810 5440 853 5493 Α
876 5438 1126 5494 sordibus
1145 5439 1481 5509 passionum,
1503 5455 1533 5494 a
1555 5448 1872 5509 tempestate
1892 5438 2301 5509 cogitationum,

737 5549 765 5585 a
798 5531 998 5601 jaculis
1032 5531 1278 5601 maligni,
1310 5534 1379 5588 ab
1410 5532 1560 5586 omni
1593 5532 1796 5601 impetu
1830 5531 2015 5586 hostili
2058 5532 2229 5594 salva,
2271 5547 2304 5585 ο

741 5624 967 5694 Deipara
996 5624 1343 5678 immaculata
1378 5639 1441 5679 ac
1476 5634 1583 5679 tota
1619 5638 1776 5693 pura,
1814 5623 2026 5679 animas
2074 5623 2301 5678 laudan-

739 5719 877 5773 tium
905 5716 1232 5773 ineffabilem
1269 5728 1484 5788 partum
1517 5728 1697 5773 tuum.

806 5807 886 5864 Ne
928 5808 1165 5867 caelestis
1233 5812 1451 5881 quidem
1506 5828 1658 5869 mens
1718 5812 1993 5883 explicare
2051 5809 2229 5876 valet,
2262 5824 2296 5865 ο

2411 4676 2608 4730 μενος,
2642 4652 2687 4726 ᾧ
2720 4656 2966 4729 βοῶμεν·
3034 4656 3219 4711 Πάντα
3265 4655 3333 4724 τά
3383 4656 3557 4727 ἔργα,
3608 4656 3831 4726 ὑμνεῖτε
3883 4657 3981 4709 τὸν

2408 4753 2633 4824 Κύριον.

2476 4846 2725 4915 Φέρουσα
2767 4842 3004 4912 Χριστὸν
3031 4844 3090 4895 ὲν
3117 4842 3387 4910 ἀγκάλαις
3439 4842 3584 4913 χειρὶ
3616 4841 3708 4894 τὸν
3738 4842 3981 4911 φέροντα

2406 4939 2473 4992 τὰ
2504 4938 2682 4991 πάντα
2706 4939 2740 5006 ἡ
2768 4936 3160 5006 Θεοχαρίτωτος
3192 4936 3350 5005 κόρη,
3400 4934 3815 5005 ὲκπληττομένη
3845 4935 3982 4987 ἐϐόα

2406 5029 2666 5097 λέγουσαο
2727 5028 2849 5090 Πῶς
2901 5028 2997 5081 καὶ
3048 5028 3175 5080 Υίὸν
3220 5026 3473 5097 γνωρίζω
3501 5044 3560 5081 σε
3595 5027 3691 5081 καὶ
3736 5027 3983 5099 Ποιητήν

2408 5139 2531 5193 μου,
2568 5121 2920 5189 ἀκατάληπτε
2940 5138 2956 5187 ς

2419 5257 2513 5310 Ἐκ
2546 5255 2652 5309 τοῦ
2682 5255 2941 5320 κανόνος
2975 5256 3061 5321 εις
3098 5255 3241 5321 τοὺς
3266 5256 3475 5325 ἁγίους
3513 5256 3823 5325 μάρτυρας
3867 5262 3984 5314 Ko’-

2580 5326 2819 5393 δρατον,
2848 5327 2945 5379 καὶ
2975 5326 3117 5392 τοὺς
3148 5326 3271 5379 σὺν
3308 5327 3487 5391 αὐτῷ,
3522 5329 3712 5396 ἡμέρᾳ
3746 5336 3802 5387 ι’.

2492 5437 2658 5500 ’ἰλύος
2682 5438 2747 5490 ὲκ
2780 5436 2992 5500 παθῶν,
3040 5436 3319 5506 λογισμῶν
3347 5438 3665 5508 τρικυμίας,
3705 5440 3770 5491 ὲκ
3804 5439 3984 5509 βελῶν

2406 5530 2499 5583 τοῦ
2537 5530 2796 5600 πονηροῦ,
2834 5532 2898 5584 ἐκ
2933 5531 3118 5602 πάσης
3150 5531 3457 5602 προσϐολῆς
3500 5534 3747 5597 ἐναντίας
3776 5534 3982 5588 ϐιάσω-

2409 5641 2520 5690 σον,
2552 5624 2789 5694 ἄχραντε
2818 5624 3143 5696 Θεοκυῆτορ,
3177 5626 3273 5690 τὰς
3298 5626 3476 5696 ψυχὰς
3507 5627 3617 5681 τῶν
3660 5628 3983 5694 ὑμνούντων

2410 5734 2504 5770 σοι)
2536 5717 2628 5769 τὸν
2657 5716 3037 5786 ἀνέκφραστον
3065 5719 3243 5783 τόκον,
3273 5719 3539 5789 πάναγνε.

2481 5807 2625 5871 Νοῦς
2674 5808 2797 5862 οὑδὲ
2845 5808 3094 5879 οὐράνιος
3147 5811 3247 5881 τὴν
3281 5812 3421 5881 ὑπὲρ
3468 5811 3595 5868 νοῦν
3630 5828 3723 5865 σου
3755 5812 3980 5883 λοχείαν
