4166 6458
236 457 375 519 1073

1691 462 1929 521 MARIA
1942 464 2057 523 LE.

3343 457 3474 519 1074

232 573 649 642 διερμηνεῦσαι,
686 573 847 644 κόρη,
893 574 1150 627 δύναται’
1201 573 1295 626 νοῦ
1328 574 1435 644 γὰρ
1466 574 1559 626 τοῦ
1592 574 1809 644 πρώτου

1916 578 2091 645 puella
2124 586 2340 647 partum
2379 582 2554 636 tuum,
2589 576 2681 644 qui
2715 572 3044 630 transcendit
3077 585 3290 625 omnem
3320 588 3473 626 men-

234 668 294 717 ἐν
331 667 533 736 γαστρὶ
587 667 780 733 Λόγον,
816 666 978 737 ἁγνὴ,
1033 666 1347 733 συνέλασες,
1396 668 1487 720 τὸν
1515 668 1585 720 τὰ
1634 668 1810 721 πάντα

235 756 381 826 λόγῳ
422 758 857 827 συστησάμενον.

318 845 383 897 Ἢ
408 846 539 912 ἁγία
559 845 839 909 Θεοτόκος,
865 847 931 917 ἥν
965 846 1187 917 οἰκῆσαι
1215 848 1514 918 ηὐδόκησεν
1534 849 1610 913 ὡς
1635 849 1810 920 εὐώδη

236 933 385 989 οἷκον
439 936 611 1003 Λόγος
643 936 738 990 τοῦ
775 937 987 1008 Πατρὸς
1043 939 1348 1008 δμοούσιος,
1379 940 1439 993 οὐ
1472 939 1812 1011 κατεφλέχθη

236 1028 339 1099 τὴν
367 1031 605 1100 μήτραν,
636 1030 736 1083 οὐκ
766 1031 994 1102 ὠδίνησε
1014 1048 1029 1063 ο
1070 1032 1167 1086 καὶ
1208 1032 1316 1104 γὰρ
1346 1034 1568 1089 τέτοκεν
1604 1034 1813 1104 Ἐμμα-

237 1123 401 1192 νουὴλ
433 1124 524 1176 τὸν
548 1124 618 1176 Θε
627 1123 935 1194 ἄνθρωπον.

325 1307 383 1361 Ὁ
425 1308 901 1381 πλαστουργήσας,
940 1312 1199 1383 ἄχραντε,
1230 1315 1330 1383 τὴν
1376 1313 1520 1367 Εὔαν
1555 1316 1619 1367 ὲκ
1648 1314 1813 1368 πλευ-

240 1401 366 1468 ρᾶς,
392 1400 485 1454 σοῦ
511 1404 575 1454 ἐκ
604 1403 812 1472 νηδύος,
836 1405 1000 1472 ἁγνὴ,
1026 1406 1503 1474 πλαστουργεῖται,
1526 1407 1695 1461 σῶσαι
1724 1409 1814 1462 τὸν

251 1490 429 1562 ’Λδὰμ
488 1492 555 1546 δι’
628 1495 1035 1566 εὐσπλαγχνίαν
1088 1497 1410 1567 βουληθεὶς,
1482 1497 1556 1562 ὡς
1624 1498 1813 1568 φιλαν-

239 1579 483 1649 θρωπος.

310 1673 647 1742 οὐράνωσας
703 1675 1007 1743 γεωθεῖσαν
1059 1679 1159 1747 τὴν
1216 1678 1407 1747 φύσιν,
1470 1681 1810 1752 πανάμωμε,

236 1763 350 1816 τῶν
389 1764 716 1836 ἀνθρώπων,
751 1770 845 1822 καὶ
875 1768 1179 1840 φθαρεῖσαν
1211 1772 1380 1842 αὐτὴν
1408 1774 1777 1845 ἐθεούργησας
1798 1795 1811 1808 ·

236 1856 326 1909 διὰ
350 1859 508 1912 τοῦτο
539 1860 740 1924 πάντες
772 1862 1056 1932 ἀσιγὴτοις
1096 1866 1301 1933 φωναῖς
1333 1882 1392 1918 σε
1425 1866 1740 1938 δοξάζομεν.

310 2044 687 2115 Εὐλογημένος
715 2048 743 2100 δ
779 2048 987 2118 καρπὸς
1024 2051 1123 2120 τῆς
1152 2050 1527 2121 εὐλογημένης
1574 2054 1812 2125 γαστρός

238 2152 357 2199 σου,
383 2135 443 2188 ὃν
476 2136 793 2205 εὐλογοῦσιν
824 2140 1070 2207 οὐρανῶν
1101 2143 1156 2195 αἱ
1178 2143 1455 2212 δυνάμεις,
1508 2144 1716 2214 βροτῶν
1744 2147 1812 2199 τὰ

238 2229 586 2297 συστήματα,
620 2230 649 2282 δ
686 2232 832 2299 ἡμᾶς
863 2230 1285 2304 λυτρωσάμενος
1316 2235 1414 2304 τῆς
1440 2237 1688 2309 κατάρας
1714 2239 1815 2306 τῆς

236 2316 499 2385 ἀρχαίας,
530 2318 827 2387 εὐλογητὸς
858 2314 930 2373 εἴ.

309 2407 699 2477 Λυτρωθέντες
737 2410 834 2480 τῆς
875 2411 1016 2481 ἀρᾶς
1042 2412 1143 2481 τῆς
1190 2417 1539 2485 προμήτορος
1574 2415 1662 2468 διὰ
1720 2415 1814 2469 σοῦ

236 2498 339 2565 τῆς
374 2499 548 2569 ἁγνῆς
573 2500 936 2572 Θεομήτορος,
970 2503 1307 2576 εὐλογημένη
1342 2507 1633 2571 Δέσποινα,
1660 2508 1815 2562 εὐλο-

238 2588 445 2657 γοῦμέν
470 2608 530 2644 σε
562 2592 741 2646 πίστει
776 2595 867 2647 καὶ
893 2595 1262 2668 μελῳδοῦμεν,
1298 2598 1543 2667 παναγία
1575 2601 1815 2671 Παρθένε

237 2683 396 2737 οεόνυ
406 2702 538 2755 μφε.

308 2777 548 2830 ⁴Ιιανεῖσα
602 2777 697 2831 τοῦ
755 2780 975 2834 πάντων
1041 2781 1268 2853 ποιητοῦ
1321 2782 1611 2855 λοχεύτρια
1672 2784 1813 2857 ὑπὲρ

240 2865 421 2920 πάντα
450 2867 598 2933 νοῦν,
649 2872 994 2942 πανάμωμε,
1045 2873 1154 2925 τῶν
1198 2873 1448 2943 οὐρανῶν
1506 2873 1817 2943 ὑψηλοτέρα

238 2958 509 3027 malum,
547 2961 641 3013 καὶ
677 2962 784 3012 τῶν
814 2961 951 3015 ὅλων
1001 2961 1359 3027 δεσπόζουσα,
1397 2964 1644 3033 Παρθένε
1689 2964 1814 3017 θεο-

236 3047 366 3103 τόκε
416 3051 735 3123 πανύμνητε
757 3069 771 3083 ·
800 3053 923 3107 ὅθεν
947 3071 1006 3107 σε
1039 3057 1240 3120 πάντες
1273 3056 1674 3127 μεγαλύνομεν.

250 3236 349 3289 Ἐκ
388 3236 494 3290 τοῦ
532 3236 791 3302 κανόνος
827 3238 925 3309 *εἷς
975 3236 1081 3290 τὸν
1136 3238 1313 3291 ὅσιον
1362 3240 1593 3307 Πατέρα
1647 3238 1819 3309 ἡμῶν

663 3306 1040 3374 Βενεδίκτον,
1080 3309 1267 3377 ἡμέρᾳ
1313 3309 1393 3362 ιδ’.

306 3421 372 3471 Οἱ
406 3418 494 3471 διὰ
519 3419 613 3471 σοῦ
643 3420 741 3489 τὴν
765 3420 1078 3491 ἀφθαρσίαν
1107 3423 1538 3494 πλουτήσαντες,
1573 3426 1816 3499 Θεοκυῆ-

240 3530 330 3581 top
379 3516 644 3581 πάναγνε,
680 3514 875 3584 Χαῖρε,
909 3516 1121 3587 βοῶμέν
1164 3536 1269 3585 σοι,
1305 3522 1340 3592 ἡ
1372 3524 1813 3593 κεχαριτωμένη,

232 3606 399 3659 ὁσίων
428 3609 522 3661 καὶ
545 3609 773 3664 δικαίων
806 3612 868 3665 τὸ
896 3611 1354 3684 ἐγκαλλώπισμα.

318 3788 380 3841 '0
423 3789 584 3857 μόνος
634 3791 837 3858 ἀγαθὸς
892 3792 989 3864 τὴν
1042 3794 1141 3864 σὴν
1204 3794 1575 3865 σαρκούμενος
1624 3797 1813 3865 ὑπέδυ,

241 3880 641 3951 παναμώμητε,
694 3884 957 3955 γαστέρα,
1005 3887 1101 3937 καὶ
1134 3886 1325 3956 βροτος
1352 3887 1543 3958 ὠράοη
1575 3889 1775 3954 τέλειος
1798 3907 1813 3920 ·

230 3976 292 4029 ὃν
321 3977 535 4030 ἱκέτευε
566 3977 739 4030 σῶσαι
773 3977 868 4040 τὰς
895 3977 1075 4047 ψυχὰς
1111 3978 1297 4049 ἡμῶν.

313 4156 406 4219 Ὦς
436 4156 639 4226 ὄμϐρος
690 4156 782 4208 ἐπὶ
827 4157 1016 4218 πόκον,
1066 4156 1341 4226 ἄχραντε,
1376 4161 1442 4227 τῇ
1494 4162 1664 4230 σεπτῇ
1721 4179 1815 4214 σου

232 4248 435 4318 γαστρὶ
470 4249 499 4300 δ
523 4248 698 4315 Λόγος
746 4246 986 4316 κατῆλθε
1032 4246 1430 4319 σαρκούμενος,
1482 4250 1578 4304 καὶ
1605 4251 1816 4305 ἔπαυσε

238 4339 528 4402 Μλυθεῖας
570 4339 758 4408 σαφῶς
804 4339 875 4392 τὰ
918 4339 1277 4409 ὀμϐρήματα,
1335 4340 1667 4413 πανὰμωμε,
1724 4345 1817 4398 καὶ

237 4436 325 4485 τὸν
354 4432 556 4503 πικρὸν
589 4430 834 4502 χειμῶνα
860 4432 1231 4487 διεσκέδασεν.

1913 677 2020 722 tem
2054 684 2067 719 :
2100 668 2286 736 prima:
2346 667 2492 721 enim
2552 665 2748 719 mentis
2805 664 3040 718 Verbum
3089 662 3142 715 in
3181 670 3333 715 utero
3385 673 3476 716 tuo

1913 761 2233 829 concepisti,
2265 775 2298 814 0
2324 767 2495 822 casta,
2536 757 2676 827 quod
2708 758 2891 811 omnia
2924 755 3089 810 verbo
3119 753 3392 821 produxit.

1987 852 2214 921 Deipara
2267 852 2636 912 sanctissima,
2682 850 2735 903 in
2772 866 2877 919 qua
2933 860 3192 916 tanquam
3230 847 3282 901 in
3317 849 3479 901 domo

1912 944 2066 1000 suavi
2116 944 2284 999 odore
2337 945 2492 1013 plena
2536 941 2780 997 habitare
2820 942 2921 997 sibi
2963 940 3292 1010 complacuit
3349 938 3478 991 Ver-

1913 1037 2042 1092 bum
2108 1034 2287 1090 Patris
2356 1033 2862 1097 consubstantiale,
2929 1047 3031 1086 non
3101 1032 3273 1086 sensit
3340 1030 3478 1083 uteri

1913 1129 2371 1190 combustionem,
2415 1144 2589 1196 neque
2622 1129 2839 1182 dolores
2874 1136 3061 1195 partus
3094 1135 3317 1194 experta
3349 1131 3432 1177 est
3463 1139 3479 1175 :

1915 1220 2122 1288 peperit
2154 1220 2299 1273 enim
2349 1218 2665 1272 Emmanuel
2700 1218 2867 1273 Deum
2902 1228 2956 1271 et
2987 1217 3282 1270 hominem.

1986 1308 2099 1372 Ille,
2126 1309 2216 1376 qui
2248 1308 2413 1362 Evam
2450 1323 2481 1360 e
2513 1315 2664 1361 costa
2700 1306 2974 1369 formavit,
3007 1320 3070 1358 ex
3102 1312 3253 1358 utero
3305 1314 3416 1365 tuo,
3446 1318 3480 1357 ο

1914 1409 2087 1464 casta,
2123 1399 2391 1454 formatus
2438 1409 2543 1463 cst,
2584 1399 2774 1453 volens
2822 1399 2991 1452 Adam
3025 1397 3236 1452 salvarc
3265 1406 3481 1466 propter

1915 1492 2172 1562 pietatem
2204 1508 2379 1558 suam,
2411 1502 2667 1563 tanquam
2691 1491 2973 1546 hominum
3001 1502 3235 1546 amator.

1987 1672 2279 1727 Hominum
2319 1682 2590 1738 naturam,
2622 1688 2743 1743 qua:
2768 1681 2984 1728 terrena
3020 1671 3161 1727 facta
3192 1681 3331 1735 erat,
3366 1687 3482 1727 cte-

1917 1764 2103 1819 lestem
2140 1765 2393 1830 effecisti,
2441 1780 2473 1819 ο
2510 1765 3015 1820 immaculatissima
3037 1804 3051 1827 ,
3086 1773 3136 1817 et
3166 1773 3482 1833 corruptam

1919 1857 2182 1913 deificasti
2215 1878 2226 1911 :
2261 1868 2542 1930 propterea
2573 1874 2764 1915 omnes
2798 1868 2849 1914 te
2879 1857 3189 1913 incessabili
3217 1873 3347 1913 voce
3369 1858 3486 1927 glo-

1846 1955 1887 2011 Β
1919 1952 2217 2007 rilicamus.

1988 2046 2310 2101 Benedictus
2350 2045 2557 2101 ventris
2622 2043 2891 2099 benedicti
2941 2041 3150 2096 fructus
3178 2041 3290 2106 tui,
3322 2053 3484 2110 quem

1916 2138 2239 2193 benedicunt
2346 2139 2609 2194 caelorum
2663 2140 3001 2205 [potestates
3093 2134 3489 2201 hominumque

1915 2240 2122 2297 cretus;
2165 2229 2257 2300 qui
2306 2245 2407 2284 uos
2438 2229 2506 2283 ab
2548 2229 2772 2298 antiqua
2818 2226 3200 2282 maledictione
3234 2222 3485 2279 redemit.

1984 2412 2025 2465 Α
2059 2412 2246 2481 prima!
2294 2410 2486 2465 matris
2520 2409 2903 2465 maledictione
2943 2424 3038 2476 per
3067 2418 3118 2462 te
3153 2418 3359 2462 castam
3395 2405 3484 2461 Dei

1914 2505 2139 2561 Matrem
2174 2505 2475 2574 redempti,
2510 2518 2633 2558 cum
2667 2504 2769 2557 ﬁde
2800 2514 2851 2557 te
2897 2502 3291 2564 benedicimns,
3323 2508 3487 2569 atque

1916 2597 2144 2652 canticis
2174 2594 2543 2657 celebramus,
2572 2607 2606 2648 ο
2639 2593 2867 2649 Domina
2904 2592 3207 2655 benedicta,
3253 2590 3490 2645 sanctis-

1919 2687 2059 2742 sima
2103 2684 2289 2755 Virgo,
2318 2700 2520 2754 sponsa
2548 2686 2666 2741 Dei.

1985 2778 2122 2833 Cum
2170 2778 2416 2833 omnium
2468 2777 2691 2834 factoris
2752 2777 2997 2832 Genitrix
3065 2790 3226 2844 supra
3270 2787 3488 2828 omnem

1916 2872 2300 2941 cogitationem
2323 2911 2338 2937 ,
2373 2888 2407 2927 ο
2433 2873 2759 2941 purissima,
2807 2869 3000 2932 fueris,
3054 2868 3196 2922 facta
3227 2882 3287 2923 es
3334 2865 3491 2921 ralis

1918 2965 2223 3029 sublimior,
2254 2974 2417 3035 atque
2443 2966 2692 3019 omnium
2726 2962 3086 3027 Dominatrix,
3129 2976 3163 3016 o
3189 2958 3347 3023 Virgo
3372 2957 3493 3014 Dei-

1918 3071 2047 3125 para
2082 3057 2229 3110 omni
2259 3057 2418 3111 laude
2443 3056 2764 3125 dignissima
2796 3075 2810 3111 :
2844 3055 2987 3110 unde
3018 3065 3069 3108 te
3098 3051 3337 3107 universi
3373 3068 3491 3104 ma-

1921 3147 2265 3216 gniﬁcamus.

1993 3237 2101 3310 74
2142 3238 2224 3292 Ex
2250 3256 2448 3294 canone
2476 3240 2530 3293 in
2548 3239 2603 3294 S.
2637 3238 2701 3293 P.
2732 3236 2803 3292 Ν.
2832 3236 3195 3302 Benedictum,
3219 3238 3305 3292 die
3328 3235 3415 3292 M.

1988 3424 2100 3480 Nos
2127 3426 2220 3495 qui
2254 3440 2351 3495 per
2381 3434 2432 3479 te
2462 3425 2872 3493 incorruptione
2900 3425 3055 3479 ditati
3086 3440 3298 3489 sumus,
3329 3439 3363 3478 ο
3396 3422 3490 3477 Dei

1918 3520 2149 3588 genitrix
2185 3518 2519 3581 castissima,
2545 3518 2609 3573 ad
2640 3528 2691 3572 te
2718 3518 3020 3573 clamamus
3051 3536 3066 3572 :
3099 3517 3277 3580 Salve,
3311 3534 3344 3570 o
3371 3532 3495 3585 gra-

1919 3612 1991 3662 tia
2023 3609 2200 3677 plena,
2254 3616 2572 3663 sanctorum
2616 3609 2862 3664 omnium
2910 3623 2974 3663 ac
3003 3608 3276 3678 justorum
3324 3621 3493 3660 orna-

1920 3710 2187 3757 mentum.

1991 3795 2083 3853 llle
2110 3796 2203 3866 qui
2235 3796 2387 3851 solus
2418 3795 2596 3849 bonus
2630 3804 2732 3857 est,
2767 3796 3049 3863 ingressus
3073 3804 3157 3849 est
3187 3795 3241 3848 in
3270 3805 3488 3847 uterum

1919 3895 2094 3948 tuum,
2116 3889 2206 3943 ubi
2232 3903 2453 3942 carnem
2477 3888 2741 3956 suscepit,
2760 3896 2815 3940 et
2835 3888 2997 3941 homo
3015 3886 3287 3956 perfectus
3316 3886 3493 3941 factus

1918 3989 2033 4033 est:
2056 3995 2218 4050 quem
2248 3989 2303 4034 tu
2334 3981 2646 4047 deprecare,
2665 3996 2699 4033 ο
2713 3980 3030 4049 purissima,
3051 3995 3149 4049 pro
3172 3980 3350 4034 salute
3376 3980 3498 4033 ani-

1918 4088 2132 4126 marum
2166 4082 2501 4126 nostrarum.

1993 4161 2151 4217 Velut
2203 4162 2376 4217 imber
2437 4178 2603 4232 super
2652 4162 2863 4225 vellus,
2916 4162 3200 4217 descendit
3256 4161 3493 4217 Verbum

1919 4270 2138 4311 carnem
2167 4270 2457 4310 assumens
2486 4256 2540 4309 in
2570 4256 2940 4310 venerandum
2986 4266 3204 4311 uterum
3256 4265 3431 4319 tuum,
3459 4273 3491 4307 υ

1921 4346 2199 4409 inviolata,
2240 4355 2294 4400 et
2332 4346 2654 4401 idololatria:
2688 4347 2899 4417 pluvias
2935 4347 3225 4401 manifeste
3257 4346 3490 4409 sedavit,

1919 4449 1971 4493 et
1992 4440 2389 4495 amarulentam
2422 4449 2797 4510 tempestatem
2830 4440 3131 4509 dissipavit,
3164 4456 3197 4493 ο
3235 4439 3497 4494 immacu-

1920 4531 2207 4586 latissima.

312 4615 379 4669 '0
411 4616 683 4670 κατοικῶν
708 4616 969 4687 οὐρανοὺς
1007 4617 1105 4687 τὴν
1134 4616 1232 4688 σὴν
1267 4619 1611 4687 πανὰμωμον
1641 4619 1805 4689 νηδὺν

1982 4622 2084 4689 Qui
2119 4625 2325 4678 habitat
2353 4624 2405 4677 in
2438 4625 2613 4690 caelis,
2647 4625 2701 4680 in
2733 4626 3027 4695 purissimo
3060 4636 3247 4679 ventre
3280 4634 3373 4679 tuo
3396 4626 3495 4679 ha-

240 4712 475 4783 Ιίικησεν,
527 4713 677 4776 ὅπως
705 4714 854 4784 ἡμᾶς
897 4713 1079 4777 οἴκους
1120 4713 1219 4783 τῆς
1271 4715 1501 4786 Τριάδος
1556 4717 1816 4769 ἐναποτε-

236 4805 391 4876 λέσῃ,
431 4808 556 4869 τοὺς
586 4806 644 4858 σὲ
675 4806 939 4860 Θεοτόκον
966 4810 1358 4878 κηρύττοντας,
1386 4812 1645 4881 ἄχραντε.

318 4901 416 4953 Ἐκ
459 4900 694 4970 γαστρός
721 4918 818 4955 σου
854 4900 1014 4969 ἁγίας
1041 4902 1287 4954 ἀνέτειλε
1325 4903 1426 4970 τῆς
1458 4903 1811 4975 δικαιοσύνης

236 4991 541 5061 ἀνέσπερος
561 4991 734 5061 ἥλιος,
758 4992 998 5055 καὶτοὺς
1031 4992 1257 5055 πιστοὺς
1289 4991 1546 5060 ἐφώτισε,
1579 4993 1809 5046 Θεοτόκε

243 5082 479 5154 παρθένε
513 5081 850 5153 πανύμνητε.

313 5178 500 5230 Ἰασαι
541 5176 640 5244 τῆς
682 5175 860 5245 ψυχῆς
913 5192 1014 5246 μου
1058 5175 1129 5229 τὰ
1178 5175 1344 5245 πάθη,
1404 5177 1506 5246 τῆς
1545 5177 1815 5240 ἀπαθείας

236 5268 335 5338 τὴν
368 5268 553 5339 πηγὴν
580 5268 1287 5340 ησυ).λα6οῦσα,⁴1]αρθένε,
1334 5272 1429 5323 καὶ
1453 5273 1814 5336 ίκατανύξεως

238 5362 482 5432 ὄμϐρους
536 5362 816 5430 παράσχου
864 5379 953 5430 μοι
1001 5362 1396 5433 προξενοῦντὰς
1437 5382 1527 5434 μοι
1576 5365 1676 5436 τὴν
1712 5383 1816 5419 πα-

243 5457 510 5526 ράκλησιν
547 5457 683 5519 ἐκεῖ,
712 5454 843 5523 ἁγία
870 5455 1125 5510 Θεοτόκε.

319 5638 453 5693 ’ἰδοῦ
482 5638 801 5708 γεγέννηται
839 5638 903 5691 ὲκ
928 5638 1046 5703 σοῦ,
1081 5638 1306 5702 Ἡσαΐας
1337 5640 1616 5709 ἐμφανῶς,
1650 5643 1810 5711 ἁγνὴ,

238 5731 389 5796 ἰδέα,
417 5732 601 5794 tm;
640 5730 734 5784 τοῦ
790 5732 1085 5800 Ὑψίστου,
1137 5734 1231 5785 καὶ
1279 5733 1372 5795 σὸς
1421 5735 1616 5804 ὁρᾶται
1665 5736 1813 5800 Υἱὸς,

245 5824 511 5890 Παρθένε,
539 5823 685 5884 υἱοὺς
720 5825 1087 5896 ἐργαζόμενος
1118 5823 1211 5879 τοῦ
1248 5826 1573 5897 ἐπουρανίου
1602 5830 1813 5901 [Ιατρὺς

240 5915 364 5979 τοὺς
398 5915 457 5968 σὲ
489 5914 810 5981 ὑμνοῦντας.

1919 4716 2130 4780 bitavit,
2176 4726 2233 4772 ut
2268 4715 2557 4772 Trinitatis
2606 4719 2805 4773 domos
2850 4718 3087 4773 ediceret
3134 4733 3258 4782 nos,
3305 4719 3398 4787 qui
3444 4731 3494 4772 te

1918 4809 2202 4877 Deiparam
2244 4810 2628 4878 praedicamus,
2666 4825 2698 4864 ο
2733 4811 3012 4865 inviolata.

1990 4902 2066 4955 lix
2101 4913 2259 4955 utero
2292 4912 2386 4955 tuo
2419 4913 2611 4957 sancto
2631 4912 2785 4957 ortus
2808 4914 2890 4957 est
2912 4904 3002 4956 Sol
3031 4904 3260 4973 justitia:
3289 4902 3494 4957 inocci-

1917 4994 2080 5058 duus,
2115 5004 2166 5046 et
2192 4993 2375 5047 ﬁdeles
2426 4994 2773 5062 illuminavit,
2830 5009 2863 5048 ο
2894 4994 3125 5064 Deipara
3156 4993 3317 5065 Virgo
3342 4994 3492 5049 omni

1919 5085 2077 5137 laude
2110 5085 2457 5153 dignissima.

1990 5178 2157 5240 Sana,
2191 5194 2224 5231 ο
2256 5178 2446 5247 Virgo,
2497 5180 2693 5234 animae
2732 5195 2864 5234 mea:
2915 5180 3232 5249 passiones,
3277 5188 3333 5231 tu
3371 5193 3493 5248 qua

1918 5271 2123 5324 fontem
2190 5272 2643 5340 impassibilitatis
2727 5272 3062 5340 concepisti,
3114 5281 3168 5325 et
3219 5286 3488 5339 compun-

1917 5365 2114 5419 ctionis
2162 5366 2364 5419 imbres
2407 5366 2647 5419 concede
2696 5366 2830 5419 mihi
2856 5406 2872 5429 ,
2909 5380 2942 5418 ο
2978 5364 3204 5433 Deipara
3258 5372 3446 5418 sancta
3476 5405 3489 5427 ,

1917 5457 2009 5523 qui
2082 5454 2321 5509 futuram
2377 5456 2430 5509 in
2489 5456 2631 5510 ccelo
2698 5456 3131 5510 consolationem
3199 5455 3491 5524 acquirant

1918 5549 2074 5603 mihi.

1994 5646 2129 5701 Ecce
2160 5660 2319 5701 natus
2343 5656 2427 5701 est
2445 5662 2509 5701 ex
2531 5655 2601 5709 le,
2634 5641 3094 5712 quemadmodum
3114 5641 3285 5697 Isaias
3306 5652 3491 5711 aperto

1918 5740 2206 5799 clamabat.
2270 5742 2538 5795 Altissimi
2596 5740 2788 5805 Filius,
2834 5748 2887 5791 ct
2925 5736 3094 5791 Filius
3147 5747 3272 5790 tuus
3316 5736 3492 5789 luctus

1920 5846 2024 5896 est.
2066 5853 2097 5889 o
2132 5835 2294 5906 Virgo
2325 5847 2499 5899 easta,
2526 5835 2621 5905 qui
2670 5836 2811 5890 lilios
2851 5833 3027 5889 Patris
3060 5832 3302 5889 cwlcstis
3331 5831 3490 5888 cllicit

1920 5946 2033 5995 eos,
2066 5930 2159 6001 qui
2194 5939 2241 5983 te
2272 5930 2605 5985 Collaudant.
