4166 6458
214 464 340 525 1077

1647 461 1883 518 IIARIA
1897 460 2007 519 LE.

3313 461 3404 528 10'}
3415 463 3447 522 8

211 577 533 643 πανάμωμε,
576 574 913 644 λαμπρυνον,
954 573 1101 636 ὅπως
1136 572 1288 644 ὑμνῶ
1321 572 1411 627 καὶ
1450 573 1657 640 δοξάζω
1697 573 1765 625 τὰ

1883 574 2058 629 nebris
2089 573 2344 636 oll‘usum,
2372 573 2491 627 luce
2520 573 2878 641 pmnilentite,
2930 584 2987 627 ut
3017 575 3228 629 laudent
3258 587 3306 630 et
3333 578 3449 647 glo-

208 670 466 738 μεγαλεῖὰ
495 686 610 722 σου.

1881 666 2084 721 rificem
2121 664 2390 735 magnalia
2424 674 2537 718 tua.

1046 814 1154 885 76
1196 813 1278 867 Ex
1299 828 1495 866 canone
1521 813 1572 865 in
1601 810 1658 865 S.
1684 810 1885 880 Papam
1916 820 2221 879 martyrem,
2252 810 2338 863 die
2358 809 2419 863 l6
2448 808 2606 876 (55‘).

280 955 561 1024 Tanquam
593 954 799 1025 angelis
830 956 1074 1009 sanctior
1117 957 1405 1020 exsistens,
1444 954 1610 1007 Deum
1645 970 1773 1007 san-

208 1063 376 1113 ctum,
419 1049 790 1111 sanctissima,
863 1046 1203 1116 concepisti,
1269 1048 1360 1117 qui
1430 1047 1772 1101 sanctitatem

210 1143 434 1210 largitur
478 1142 735 1196 omnibus
784 1156 905 1196 sese
946 1141 1287 1195 incessanter
1319 1139 1775 1209 glorificantibus,

209 1244 538 1303 sanctosque
570 1234 745 1302 ipsius
781 1244 1052 1305 martyres
1088 1233 1498 1288 venerantibus.

276 1327 494 1381 Canens
547 1327 812 1395 propheta
866 1328 1031 1382 David
1070 1335 1141 1391 te,
1193 1326 1283 1379 Dei
1318 1324 1526 1387 Mater,
1577 1322 1778 1378 montis

208 1417 424 1486 pinguis
500 1417 720 1471 nomine
782 1416 1229 1471 manifestissime
1295 1415 1778 1485 prasignincavit,

208 1527 269 1561 ex
297 1524 409 1578 quo
440 1508 664 1564 advenit
707 1509 963 1565 Christus
984 1549 1000 1574 ,
1031 1508 1125 1579 qui
1157 1507 1377 1563 malitia!
1405 1517 1622 1562 montes
1646 1522 1779 1561 cou-

210 1602 377 1655 trivit.

278 1692 571 1762 Templum
611 1703 860 1749 sanctum
898 1691 1221 1764 apparuisti,
1259 1706 1293 1747 o
1327 1690 1493 1763 Virgo
1530 1691 1779 1761 innupta,

210 1790 353 1855 quod
384 1787 552 1842 Deum
589 1788 643 1842 in
671 1802 730 1843 se
778 1787 1073 1849 continuit,
1119 1786 1393 1842 universis
1434 1786 1778 1841 sanctitatem

1880 952 2061 1013 enixa,
2099 953 2353 1022 abyssum
2407 953 2673 1006 malorum
2705 969 2951 1009 meorum
2986 955 3226 1019 exsicca,
3268 972 3301 1010 ο
3346 956 3450 1008 llo-

1882 1045 2028 1097 mina
2050 1043 2419 1107 sanctissima,
2444 1044 2837 1101 intercessione
2862 1057 2975 1112 tua,
3008 1057 3064 1103 et
3090 1049 3452 1118 cogitationes

1882 1133 2322 1201 compunctionis
2355 1135 2594 1189 concede
2626 1138 2782 1191 milii.

1952 1227 2276 1283 Benedictus
2299 1227 2506 1283 fructus
2534 1239 2659 1285 tuus
2682 1230 2833 1285 omni
2865 1230 3240 1289 benedictione
3264 1251 3449 1289 cuntu-

1882 1319 2203 1385 latissimus,
2238 1334 2271 1373 ο
2301 1319 2741 1375 benedictissima
2786 1322 3031 1384 Domina,
3061 1341 3219 1392 quem
3260 1329 3450 1394 deprc-

1884 1428 2030 1479 care,
2061 1422 2120 1467 ut
2151 1413 2436 1469 benedicat
2458 1413 2635 1478 nobis,
2664 1415 2754 1484 qui
2784 1425 2835 1471 te
2866 1427 3073 1471 castam
3105 1417 3196 1472 Dei
3225 1420 3449 1475 Matrem

1885 1504 2230 1574 agnovhnus.

1956 1596 2140 1666 chice
2178 1597 2497 1653 fortitudine
2537 1608 2650 1662 tua,
2684 1594 2848 1667 Virgo
2898 1598 3179 1664 inviolata,
3231 1600 3451 1653 univer-

1883 1705 2000 1744 sam
2032 1689 2205 1744 hostis
2238 1689 2633 1754 fortitudinem,
2672 1705 2882 1759 nosque
2908 1690 3103 1745 virtute
3130 1692 3450 1751 corrobora.

1885 1790 1945 1834 ut
1991 1779 2230 1834 divinam
2282 1779 2375 1833 lilii
2428 1781 2505 1834 tui
2561 1780 2897 1833 voluntatem
2954 1780 3217 1850 perficere
3269 1784 3453 1835 valea-

210 1879 549 1949 largientem,
589 1889 809 1949 propter
844 1878 1277 1933 misericordiam
1328 1894 1484 1934 suam
1530 1877 1776 1933 ineﬂabi—
1815 1870 1855 1924 Β
1888 1886 2029 1935 ntus,
2090 1886 2122 1923 o
2163 1870 2476 1940 praesidium
2531 1870 2881 1927 formidabile
2923 1886 3112 1927 eorum
3168 1872 3262 1942 qui
3300 1874 3454 1926 invo-

209 1973 332 2035 lem,
367 1982 425 2027 et
454 1974 714 2042 pietatem
748 1986 975 2041 prorsus
1013 1971 1456 2026 inenarrabilem.

276 2062 373 2126 Te,
403 2078 437 2116 o
458 2064 566 2117 Deo
596 2062 947 2129 charissima,
984 2061 1373 2132 Prophetarum
1404 2062 1611 2119 chorus
1641 2077 1775 2133 prae-

210 2155 533 2209 monstravit
560 2154 676 2209 fore
718 2152 993 2209 Creatoris
1040 2153 1287 2218 Iiatrem,
1320 2170 1481 2222 quem
1513 2156 1633 2211 sine
1664 2155 1771 2211 ulla

210 2248 618 2303 intermissione
666 2262 909 2318 precare,
976 2255 1037 2302 ut
1083 2247 1410 2303 misereatur
1464 2248 1775 2304 animarum

211 2351 543 2396 nostrarum.

273 2434 544 2503 Abyssum
565 2432 952 2489 misericordia:
990 2442 1045 2488 et
1065 2433 1477 2489 miserationum
1496 2434 1777 2490 Christum

218 2592 315 2645 Ἐκ
336 2591 446 2646 τοῦ
488 2592 744 2656 κανόνος
773 2592 860 2657 εις
892 2591 999 2644 τὸν
1026 2590 1200 2659 ἅγιον
1232 2591 1510 2653 Ἀλέξων
1542 2591 1648 2644 τὸν
1675 2591 1777 2646 ἇν-

553 2666 789 2730 θρωπον
818 2662 923 2716 τοῦ
943 2663 1110 2725 Θεοῦ,
1133 2661 1323 2731 ἡμέρᾳ
1348 2661 1433 2726 ιζ’.

288 2787 344 2841 '0
373 2788 512 2842 Θεοῦ
540 2790 886 2861 συνάναρχος
917 2791 1045 2855 Υίὸς
1071 2790 1227 2863 ἔσχεν
1259 2792 1334 2858 ώς
1366 2793 1545 2848 αἰτίαν
1584 2813 1642 2849 σε
1675 2795 1775 2866 τῆς

207 2883 335 2951 πρὸς
364 2885 534 2955 ἡμᾶς,
557 2885 825 2955 Παρθένε,
854 2885 1171 2956 ὁμοιώσεως
1196 2889 1366 2959 μόνην
1386 2889 1526 2959 ὑπὲρ
1553 2892 1775 2944 ἃπασαν

207 2975 399 3039 κτίσιν,
450 2978 710 3046 ἄχραντε,
759 2977 1005 3049 καθαράν
1054 2995 1112 3031 σε
1162 2978 1497 3049 εὑράμενος·
1552 2979 1675 3034 ὅθεν
1715 2997 1775 3033 σε

207 3067 477 3139 ὑμνοῦμεν
509 3070 678 3123 πᾶσαι
710 3070 893 3139 γενεαὶ
923 3071 1017 3123 καίΙ
1048 3071 1449 3143 μακαρίζομεν.
1528 3086 1531 3087 ⁷

283 3247 341 3299 '0
376 3248 490 3302 ἄνω
531 3249 843 3321 ἀθεώρητος
872 3252 985 3315 τοῖς
1015 3252 1290 3321 ἀγγέλοις,
1320 3254 1555 3325 ἄχραντε
1578 3299 1592 3322 ,
1629 3258 1779 3311 γάτω
1806 3265 1849 3324 c

209 3341 268 3391 ἐκ
307 3341 398 3393 σοῦ
452 3343 743 3411 γενόμενος
813 3344 1119 3415 καθορᾶται
1184 3345 1390 3410 τέλειος
1452 3346 1771 3419 ἄνθρωπος,

207 3432 573 3504 ἀπολλύμενον
599 3435 801 3489 κόσμον
828 3437 1237 3495 ἀνακτώμενος.

270 3614 560 3685 θηλᾶσασα
606 3618 694 3671 τὸν
734 3618 957 3690 δοτῆρα,
1008 3620 1281 3692 Παρθένε,
1328 3621 1421 3675 τοῦ
1476 3622 1771 3691 γάλακτος,

210 3708 470 3760 πεινῶσαν
510 3710 604 3761 καὶ
649 3712 941 3765 στένουσαν
982 3710 1077 3763 νῦν
1123 3712 1221 3782 τὴν
1251 3714 1480 3783 καρδίαν
1532 3732 1633 3784 μου
1685 3715 1775 3766 κό-

211 3816 353 3867 ρεσον
386 3804 567 3872 πάσης
600 3802 947 3872 ἐπιγνώσεως
974 3805 1068 3859 καὶ
1094 3805 1437 3871 κατανύξεως
1463 3807 1634 3871 Θείας,
1665 3809 1776 3860 ἱκε-

208 3893 337 3945 τεύω
361 3912 441 3948 σε.

282 3983 335 4036 Ὀ
366 3983 482 4052 φῶς
530 3984 798 4039 κατοικῶν
850 3987 948 4055 τὴν
1001 3986 1162 4054 ἁγίαν
1200 3986 1415 4058 ᾧκησέν
1466 4004 1556 4039 σου
1592 3987 1774 4056 νηδὺν,

208 4076 356 4146 ἁγνὴ,
411 4077 619 4145 κόσμον
666 4077 1040 4148 ἀπολλύμενον
1083 4080 1265 4131 σκότει
1317 4080 1590 4147 ἀγνωσίας
1642 4080 1774 4131 ἀνα·

211 4166 497 4231 κτώμενος,
526 4166 584 4219 ὃν
634 4168 842 4222 ἱκέτευε
880 4169 1086 4233 πάντας
1112 4171 1349 4239 φωτίσαι
1380 4171 1501 4233 τοὺς
1546 4170 1776 4237 ὑμνοῦν-

208 4258 298 4319 τας
329 4276 409 4314 σε.

277 4352 487 4422 Νόμους
518 4353 753 4423 φύσεως,
788 4354 1025 4425 ἄχραντε
1057 4356 1348 4416 Δέσποινα,
1383 4355 1774 4426 ὁΔημιουργδς

210 4448 623 4512 καινουργῆσας.
645 4443 745 4512 τῆς
770 4444 997 4505 κτίσεως
1015 4446 1078 4495 ὲκ
1099 4444 1191 4495 σοῦ
1215 4444 1473 4515 ἀρρήτως
1501 4442 1773 4507 τίκτεται,

213 4536 297 4587 καὶ
325 4535 437 4588 6εοί
462 4552 532 4607 με
562 4536 628 4587 δι’
655 4538 894 4606 ἄμετρον
927 4535 1097 4600 ἕλεος.

274 4718 523 4785 Μεγαλου
574 4716 821 4779 διάκονος
872 4717 935 4769 σὺ
978 4714 1279 4786 μυστηρίου
1331 4714 1547 4781 ὲγένου,
1600 4713 1776 4764 πανά-

213 4824 388 4876 μωμι·
422 4810 557 4862 Θεὸν
592 4806 701 4879 γὰρ
731 4808 1104 4876 ἐσωμάτωσας
1139 4806 1390 4876 μεγάλων
1420 4803 1605 4858 κακῶν
1630 4805 1778 4874 ἡμᾶς

210 4902 673 4973 ἁπολυτρούμενον
711 4902 839 4964 τούς
870 4918 929 4953 σε
957 4899 1382 4971 μεγαλύνοντας,
1416 4899 1575 4968 ἁγνὴ,
1623 4898 1777 4949 εὐλο-

212 4996 411 5065 γημένη
442 4996 829 5066 θεοχαρίτωτε.

287 5088 611 5149 Ῥεύσαντας
643 5090 790 5156 ἡμᾶς
821 5090 886 5158 τῇ
924 5087 1088 5141 πάλαι
1128 5087 1441 5159 παραϐάσει
1486 5088 1774 5142 ἀνακαινί-

213 5179 309 5242 ζων
338 5183 366 5235 ὁ
389 5181 776 5252 φιλάνθρωπος
806 5180 1121 5252 ἁρῤεύστως
1148 5182 1493 5250 σεσάρκωται
1525 5181 1583 5245 ἐξ
1608 5179 1779 5249 ἀφθό-

279 5362 408 5432 l‘a'h')
440 5363 631 5417 Graeca
663 5363 861 5417 desunt
892 5361 943 5414 in
978 5362 1192 5415 Menmis
1222 5361 1526 5432 impressis.

278 5430 535 5499 (StilNon
579 5434 873 5487 invenisset
922 5432 1011 5485 Dei
1055 5431 1222 5485 Filius
1263 5431 1320 5484 Β.
1354 5430 1625 5497 Virginem
1684 5446 1772 5482 so-

216 5504 307 5555 Iam
346 5505 490 5557 omni
522 5513 769 5557 creatura
798 5505 1092 5568 puriorem,
1124 5506 1167 5557 si
1197 5503 1308 5556 ΙηΡο
1348 5517 1457 5555 non
1488 5502 1649 5555 fuerit
1678 5503 1776 5553 itu-

217 5575 383 5629 munis
451 5577 521 5627 ab
566 5573 817 5641 originali
870 5574 1105 5637 mat-uia,
1138 5590 1243 5642 qua
1302 5573 1461 5639 primi
1521 5581 1775 5639 parentes

213 5655 494 5699 caruerunt
533 5646 701 5698 creati
745 5646 795 5697 in
839 5645 1052 5713 justitia
1084 5655 1135 5697 et
1160 5641 1459 5697 Sanctitate
1504 5641 1771 5713 veritatis.

215 5714 336 5766 Cum
367 5727 547 5770 autem
594 5716 765 5768 solam
797 5712 947 5769 omni
995 5724 1242 5768 creatura
1296 5714 1568 5780 puriorem
1621 5712 1774 5764 inve-

220 5786 395 5848 uisset,
438 5787 491 5838 iu
526 5802 589 5838 ea
621 5786 810 5838 habuit
849 5801 1071 5838 causam
1127 5800 1230 5854 qua
1265 5784 1460 5836 similis
1486 5783 1645 5854 nobis
1682 5784 1775 5833 lic-

222 5865 310 5917 rrt,
340 5872 529 5923 nempe
556 5872 825 5909 summam
860 5851 1173 5923 puritatem,
1208 5854 1325 5908 sine
1345 5870 1447 5921 qua
1482 5852 1569 5905 Dei
1608 5851 1775 5905 Filius

224 5924 270 5977 in
296 5941 356 5981 ea
384 5944 489 5982 non
516 5926 707 5983 fuisset
739 5927 1073 5982 incarnatus.
1108 5926 1221 5981 Non
1253 5926 1395 5981 enim
1428 5925 1643 5978 decebat
1672 5940 1772 5993 [u-

1884 1971 2012 2016 cant
2047 1963 2130 2015 te!

1955 2050 2117 2122 Virgo
2145 2063 2320 2115 casta.
2352 2062 2406 2107 et
2434 2052 2808 2116 immaculata,
2844 2069 2964 2121 qua:
2994 2051 3088 2107 Dei
3141 2062 3454 2121 receptacu-

1886 2143 1995 2197 lum
2031 2143 2371 2213 apparuisti,
2408 2158 2496 2196 me
2552 2142 2804 2212 plurimis
2836 2143 3075 2211 peccatis
3122 2144 3450 2196 maculatum

1885 2236 2141 2302 etuunda,
2161 2251 2376 2307 precor,
2391 2250 2423 2288 o
2447 2234 3045 2305 Deipara,purillcativa
3062 2236 3454 2290 intercessione

1886 2337 2017 2392 tua,
2069 2338 2122 2384 et
2182 2329 2239 2384 in
2293 2329 2382 2383 die
2426 2326 2620 2399 judicii
2673 2342 2704 2382 a
2748 2328 3119 2385 damnationis
3184 2329 3454 2385 sententia

1885 2419 2052 2476 libera
2081 2436 2185 2477 me.

1884 2572 1991 2642 77
2026 2570 2112 2626 Ea:
2153 2589 2353 2628 canone
2379 2575 2432 2628 in
2467 2574 2525 2630 S.
2558 2575 2803 2630 Alexium
2829 2576 3087 2631 hominem
3120 2576 3236 2637 Dei.
3260 2577 3344 2633 die
3370 2580 3450 2635 l7.

1955 2780 2048 2835 Dei
2079 2780 2272 2845 Filius,
2312 2783 2386 2837 illi
2419 2793 2747 2850 coaeternus,
2789 2785 2982 2841 habuit
3014 2794 3085 2850 te,
3118 2800 3151 2838 ο
3182 2783 3347 2855 Virgo
3375 2786 3456 2840 in-

1887 2872 2105 2939 violata,
2160 2882 2420 2945 tauquam
2474 2892 2722 2940 causam,
2761 2893 2870 2947 qua
2917 2877 3116 2933 similis
3162 2877 3342 2933 factus
3371 2888 3457 2933 cst

1884 2966 2063 3030 nobis,
2095 2982 2222 3021 cum
2265 2975 2316 3022 te
2348 2967 2518 3022 solam
2556 2984 2723 3038 super
2755 2985 2972 3024 omnem
3013 2982 3321 3025 creaturam
3374 2971 3455 3024 in-

1882 3057 2121 3111 venisset
2158 3073 2349 3127 puram
2391 3057 2506 3130 (56)
2537 3077 2548 3112 :
2587 3062 2730 3113 unde
2769 3075 2961 3115 ontncs
3001 3063 3378 3131 generationes
3408 3073 3457 3117 te

1883 3149 2185 3216 laudamus,
2226 3167 2289 3205 ac
2322 3152 2537 3207 beatam
2569 3154 2923 3223 appellamus.

1951 3242 2054 3309 Qui
2080 3245 2333 3314 superius
2360 3246 2411 3299 in
2443 3246 2585 3301 caelo
2611 3256 2695 3301 est
2738 3248 2945 3316 angelis
2972 3247 3283 3313 invisibilis,
3320 3249 3457 3303 infe—

1882 3337 1999 3391 rius
2061 3338 2114 3391 in
2163 3346 2307 3392 terra
2339 3351 2501 3394 natus
2534 3355 2596 3393 ex
2630 3349 2704 3404 te,
2731 3356 2764 3393 o
2788 3340 3075 3405 inviolata,
3102 3342 3170 3395 ab
3200 3342 3459 3396 omnibus

1876 3428 2215 3498 conspicitur
2270 3429 2541 3500 perfectus
2611 3432 2813 3498 homo,
2868 3432 3135 3503 perditum
3194 3435 3460 3490 mundum

1876 3530 2324 3589 recuperaturus.

1948 3612 1992 3666 0
2027 3610 2210 3682 Virgo,
2244 3629 2365 3683 qua:
2398 3614 2640 3669 datorem
2677 3616 2834 3672 lactis
2867 3618 3105 3681 lactasti,
3138 3634 3236 3673 cor
3277 3636 3458 3673 meum

1879 3703 2184 3761 famescens
2212 3721 2274 3760 ac
2295 3722 2515 3775 gemens
2537 3709 2697 3776 satia,
2718 3725 2932 3779 precor,
2964 3713 3115 3766 omni
3149 3713 3460 3784 cognitione

1881 3813 1944 3853 ac
1967 3802 2389 3869 compunctione
2427 3801 2637 3861 divina.

1950 3980 2053 4047 Qui
2092 3982 2303 4037 habitat
2329 3982 2381 4036 in
2414 3983 2558 4049 luce,
2627 3985 2679 4038 in
2706 3996 2898 4041 sancto
2937 3997 3209 4043 uterotuo
3242 3987 3457 4042 habita-

1881 4074 1977 4138 vit,
2011 4086 2259 4140 ocasta,
2317 4087 2377 4129 ut
2420 4076 2683 4131 mundum
2733 4077 2786 4131 in
2837 4079 3074 4134 tenebris
3142 4081 3461 4150 ignorantia:

1882 4176 2201 4233 pereuntem
2268 4182 2652 4237 recuperaret;
2710 4172 2964 4226 eumdem
3022 4174 3343 4242 deprecare,
3401 4186 3459 4227 ut

1880 4273 2069 4312 omnes
2101 4271 2149 4313 te
2178 4259 2457 4314 laudantes
2493 4261 2781 4318 illuminet.

1953 4350 2087 4404 Cum
2127 4359 2507 4406 creaturarum
2560 4357 2810 4411 conditor
2874 4368 3079 4413 naturae
3112 4359 3255 4428 leges
3299 4362 3460 4414 inuo-

1882 4454 2099 4509 vassct,
2140 4460 2171 4499 o
2207 4444 2435 4500 Domina
2490 4447 2781 4511 inviolata,
2824 4466 2889 4504 ex
2922 4460 2972 4505 te
3004 4450 3263 4505 ineffabili
3297 4452 3459 4504 mode

1882 4546 2042 4591 natus
2069 4548 2171 4601 est,
2216 4550 2377 4593 etme
2421 4549 2641 4610 propter
2672 4543 2995 4598 immensam
3031 4545 3460 4599 miScricordiant

1811 4613 1858 4670 ι)
1887 4645 2040 4682 suam
2066 4630 2354 4686 deilicarit.

1959 4719 2135 4789 Magni
2169 4722 2409 4792 mysterii
2440 4724 2687 4778 ministra
2712 4725 2851 4779 facta
2874 4741 2934 4781 es
2966 4734 3047 4791 tu,
3079 4744 3111 4778 o
3141 4728 3461 4782 immacula-

1884 4814 2128 4878 tissima;
2165 4815 2330 4868 Deum
2359 4816 2501 4869 enim
2534 4819 2859 4885 corporasti,
2887 4820 2979 4888 qui
3011 4835 3039 4873 a
3070 4820 3281 4885 magnis
3308 4820 3464 4874 malis

1886 4906 2115 4960 redemit
2133 4922 2252 4969 nos,
2273 4908 2361 4975 qui
2381 4918 2428 4961 te
2447 4909 2884 4978 magnificamus,
2903 4926 2935 4964 ο
2953 4922 3126 4975 casta,
3154 4912 3459 4976 benedicta,

1887 4993 1996 5049 Deo
2027 4996 2377 5051 charissima.

1957 5087 2084 5147 Nos,
2118 5088 2209 5157 qui
2263 5100 2483 5157 propter
2512 5090 2792 5159 antiquam
2832 5091 3323 5160 transgressionem
3359 5092 3456 5147 de-

1884 5178 2216 5235 lluxcranius
2264 5181 2317 5234 in
2377 5184 2826 5252 corruptionem,
2889 5185 3113 5238 AmatOr
3180 5184 3461 5238 hominum

1881 5362 2092 5435 ritalem
2122 5364 2393 5435 intiuitam
2420 5379 2482 5435 ex
2518 5362 2705 5435 Matre,
2732 5382 2854 5434 quae
2878 5365 3166 5435 aliquando
3188 5371 3460 5422 contami-

1885 5443 2007 5487 nata
2058 5432 2268 5496 fuisset,
2304 5433 2568 5503 progigni,
2596 5450 2721 5488 cum
2751 5432 3165 5504 printeritarum
3214 5441 3458 5493 surdittm

1888 5505 2001 5578 ipsa
2035 5518 2252 5578 quoque
2279 5507 2541 5578 memoria
2589 5504 2859 5578 ollirudere
2904 5506 3094 5561 soleat.
3123 5507 3463 5578 QuaprOpter

1886 5577 2015 5627 dum
2048 5572 2105 5626 S.
2134 5572 2403 5643 Josrphus
2436 5573 2717 5647 Deiparam
2751 5576 2921 5629 solam
2951 5592 2979 5629 τι
3019 5579 3124 5630 Ileo
3149 5572 3313 5647 super
3343 5572 3463 5631 om-

1885 5660 1980 5716 nes
2014 5654 2293 5697 creaturas
2339 5646 2572 5713 puritate
2626 5646 2917 5716 fulgentem
2953 5648 3225 5701 inventam
3258 5648 3450 5716 fuisse,

1884 5715 2183 5782 cadentque
2212 5718 2277 5767 de
2314 5731 2479 5769 causa
2534 5716 2584 5768 iu
2642 5715 2731 5768 Dei
2760 5715 2986 5770 Matrem
3044 5720 3270 5774 electam
3312 5720 3462 5773 affir-

1887 5797 2017 5851 mat,
2044 5800 2257 5841 omnem
2284 5785 2353 5841 ab
2391 5787 2504 5858 ipsa
2535 5786 2884 5856 originariam
2924 5790 3193 5844 maculam
3236 5790 3461 5860 pmpul-

1884 5867 1987 5911 sat.
