4166 6458
750 316 886 378 1079

746 435 1108 479 renovaturus
1133 469 1147 492 ,

744 515 1032 583 impolluto
1076 528 1231 573 utero
1276 529 1390 586 tuo,
1424 537 1457 575 ο
1490 526 1803 593 purissima,
1861 542 2024 602 atque
2069 552 2259 593 omnes
2290 559 2316 591 a

748 607 952 673 peccati
990 614 1342 678 corruptione
1390 612 1663 685 liberavit,
1699 634 1732 674 0
1766 622 2026 681 immunis
2057 630 2125 683 ab
2169 634 2317 685 omni

747 698 959 750 tnarula
996 700 1130 766 (37).

819 790 895 840 Aet
932 800 981 843 te
1010 790 1277 848 Gabriclis
1302 797 1529 854 vocibus
1570 801 1857 860 laetabundi
1886 809 2207 878 clamamus,
2235 816 2320 869 di-

745 892 931 935 centes
963 900 975 936 :
1012 883 1191 947 Salve,
1220 901 1253 941 o
1284 904 1413 957 ager
1443 892 1685 961 inarate;
1720 899 1889 966 salve,
1923 916 1957 956 ο
1983 904 2322 961 maledictio-

749 976 833 1027 nis
866 975 1093 1030 solutio:
1123 980 1292 1045 salve,
1326 997 1359 1035 ο
1383 982 1504 1038 fons
1533 1001 1690 1056 aquae
1719 992 1888 1058 vivze;
1926 996 2092 1059 salve,
2118 998 2319 1067 gloria-

750 1068 823 1119 lio
852 1077 1169 1124 sanctorum
1228 1073 1455 1143 Deipara
1484 1093 1703 1149 semper
1728 1082 1911 1154 Virgo.

746 1227 857 1299 78
898 1228 979 1283 Ex
1028 1249 1226 1286 canone
1270 1235 1322 1287 in
1370 1236 1473 1291 SS.
1530 1239 1954 1312 C/trysanthum,
2005 1258 2056 1303 et
2098 1250 2320 1306 Darium

1278 1318 1560 1377 martyres,
1587 1313 1670 1365 die
1705 1315 1792 1367 10.

818 1452 920 1516 Qui
959 1454 1261 1509 secundum
1292 1468 1542 1513 naturam
1581 1460 1821 1517 divinam
1852 1475 1935 1520 est
1966 1468 2321 1522 inaccessibi-

749 1540 835 1602 lis,
892 1546 1231 1601 accessibilis
1287 1552 1540 1617 apparuit
1591 1554 1769 1617 mihi.
1821 1572 1885 1611 ex
1938 1568 2027 1620 te,
2074 1574 2107 1613 ο
2159 1558 2322 1630 Virgo

746 1650 913 1691 carne
960 1652 1214 1709 suscepta
1249 1660 1260 1693 :
1292 1658 1454 1710 quem
1508 1646 1666 1700 Daria
1706 1652 2101 1719 concupiscens
2127 1694 2141 1715 ,
2186 1668 2321 1707 con-

747 1738 956 1785 stanter
999 1733 1333 1800 dccertavit,
1381 1746 1436 1791 et
1480 1738 1532 1791 in
1578 1754 1793 1808 sponsae
1836 1758 2041 1801 morem
2079 1745 2145 1799 ad
2194 1760 2319 1800 eum

749 1824 981 1878 adducta
1018 1835 1120 1880 est.

820 1913 1012 1983 Filius,
1066 1919 1157 1988 qui
1186 1936 1248 1974 ex
1286 1930 1439 1976 utero
1489 1931 1605 1987 tuo,
1641 1939 1672 1978 0
1707 1923 1872 1997 Virgo
1917 1928 2197 1994 inviolata,
2232 1946 2321 1984 se-

746 2008 985 2061 cundum
1008 2025 1226 2064 carnem
1256 2023 1416 2069 natus
1434 2024 1539 2081 est,
1564 2017 1913 2088 desponsavit
1934 2022 2037 2077 sibi
2064 2039 2320 2094 sponsam

746 2108 952 2152 castam
995 2111 1287 2171 martyrem
1332 2104 1571 2162 Dariam.

819 2189 1395 2261 lncomprelu-nsihilis
1424 2198 1513 2255 ille
1540 2199 1609 2254 ab
1639 2201 1787 2255 omni
1818 2201 2114 2267 intellectu,
2148 2207 2240 2276 qui
2271 2216 2321 2263 te

747 2293 868 2349 post
925 2295 1139 2351 partum
1191 2288 1455 2357 virginem
1524 2295 1907 2359 conservavit,
1962 2299 2319 2366 quemadmo-

746 2375 873 2427 dum
928 2377 1110 2432 fueras
1152 2390 1274 2433 aute
1323 2391 1561 2450 partum,
1604 2399 1669 2437 ex
1719 2395 1790 2450 te,
1851 2402 1884 2441 ο
1922 2388 2199 2453 inviolata,
2240 2391 2321 2443 iu-

747 2476 1006 2521 carnatus
1069 2478 1189 2534 est,
1252 2470 1469 2525 Dariam
1543 2483 1833 2544 martyrem
1894 2476 1997 2531 sibi
2060 2492 2317 2547 sponsam

747 2573 1047 2613 OSCISCCDS.

817 2650 952 2714 Quis
983 2661 1133 2704 tuum
1172 2653 1349 2707 valeat
1386 2655 1663 2725 evplicare
1698 2658 2041 2729 mysterium,
2070 2674 2103 2715 ο
2127 2661 2322 2717 castis-

747 2739 929 2793 sima?
990 2740 1155 2795 Deum
1209 2744 1353 2797 enim
1411 2744 1690 2812 Verbum,
1743 2762 1907 2816 supra
1975 2752 2322 2820 cogitationis

747 2830 1004 2899 verbique
1048 2846 1396 2901 conceptum,
1427 2835 1701 2905 duplicem
1732 2838 1784 2891 in
1815 2849 2009 2892 natura
2040 2840 2319 2909 peperisti.

817 2922 891 2977 Te
921 2932 1179 2993 tanquam
1212 2942 1414 2981 novum
1446 2944 1674 2997 puerum
1709 2928 1873 3001 Virgo
1904 2932 2133 3001 peperit,
2170 2940 2322 2987 ante-

746 3017 1007 3070 smculare
1047 3016 1322 3095 Verbum,
1381 3020 1527 3087 quod
1594 3022 1788 3090 puellae
1842 3022 2320 3093 concupiscentes,

747 3117 1005 3178 tanquam
1055 3124 1267 3179 sponsae
1303 3120 1426 3180 post
1454 3112 1599 3166 illam
1639 3114 1885 3169 adducta:
1912 3122 2042 3170 sunt
2074 3114 2170 3169 tibi
2203 3131 2321 3170 om-

746 3201 896 3253 nium
933 3201 1086 3272 Regi.

820 3295 923 3360 Qui
972 3297 1272 3352 secundum
1324 3298 1565 3353 divinam
1619 3300 1983 3354 substantiam
2026 3309 2109 3355 est
2156 3300 2325 3355 incir-

747 3388 1136 3457 cumscriptus,
1205 3388 1256 3442 in
1312 3389 1437 3443 sinu
1491 3398 1626 3455 tuo,
1681 3404 1715 3445 o
1763 3390 1968 3461 Virgo,
2028 3389 2205 3445 lactus
2242 3400 2325 3446 est

747 3478 942 3532 similis
1002 3479 1160 3534 nobis
1214 3482 1514 3534 secundum
1572 3496 1791 3535 carnem
1853 3483 2320 3551 circumscriptus.

748 3567 1039 3624 Benedicta
1084 3587 1143 3627 es
1174 3582 1227 3625 tu
1261 3573 1401 3626 inter
1434 3572 1717 3638 mulieres,
1748 3588 1781 3626 ο
1811 3572 2033 3627 domina
2062 3574 2324 3628 immunis

748 3661 817 3712 ab
840 3662 988 3714 omni
1019 3664 1251 3717 macula.

820 3754 950 3807 Cum
988 3764 1037 3809 te
1069 3766 1326 3826 tanquam
1375 3773 1557 3812 rosam
1598 3758 1650 3811 in
1685 3757 1863 3812 medio
1914 3759 2193 3828 spinarum
2226 3757 2327 3813 hu-

743 3848 835 3918 jus
889 3851 1045 3913 vine,
1108 3850 1408 3921 invenisset
1464 3851 1605 3903 Deus
1654 3850 2058 3905 immaculatam
2114 3849 2328 3919 (58),o

750 3941 1090 4008 castissima,
1148 3943 1415 3996 habitavit
1458 3944 1510 3997 in
1567 3954 1723 3998 utero
1776 3951 1869 3996 tuo
1924 3942 2225 4007 inviolato,
2272 3952 2327 3995 et

750 4034 980 4101 mystica
1003 4034 1375 4088 suaveolentia
1404 4035 1625 4103 replevit
1654 4036 1917 4089 mundum
1952 4036 2279 4091 clamantem
2313 4053 2325 4088 :

749 4122 943 4177 Omnia
985 4139 1173 4192 opera,
1211 4126 1425 4179 laudate
1464 4126 1781 4179 Dominum.

822 4215 1057 4272 Horrore
1104 4218 1426 4285 quatiuntur
1476 4232 1631 4272 mens
1661 4228 1714 4273 et
1758 4234 1872 4282 cor,
1927 4219 2057 4274 dum
2110 4229 2321 4289 partum

751 4317 929 4367 llllllll,
958 4324 991 4357 o
1018 4310 1216 4378 puella,
1247 4312 1567 4381 recogitant.
1596 4310 1763 4364 Deum
1790 4311 1956 4376 enim,
1987 4326 2148 4380 quem
2174 4312 2324 4367 nulla

751 4401 1009 4467 cogitatio
1063 4403 1523 4470 comprehendere
1576 4411 1784 4471 potest,
1846 4402 2172 4471 concepisti,
2228 4403 2321 4473 qui

1881 334 1941 392 S.
1981 337 2291 399 JOSEI‘III
2340 343 2893 408 IlYMNOGRAPIIl

1209 427 1695 500 incorruptibiliter
1743 436 2060 497 incarnatus
2118 458 2201 499 est
2250 464 2313 502 ex

2423 469 2515 520 ρου
2548 470 2661 514 σου,
2701 454 3032 523 πανάμωμε,
3073 453 3285 523 νηδύος,
3324 452 3419 508 καὶ
3446 453 3717 526 ἐρρύσατο
3744 454 4006 516 ἅπαντας

3857 346 4005 410 1030

2421 544 2693 613 ἁμαρτίας
2734 547 3102 616 καταφθορᾶς,
3131 546 3542 617 παναμώμητε.

2491 809 2680 878 Φωνήν
2717 826 2797 861 σοι
2841 809 3191 879 προσάγομεν
3230 810 3326 864 τοῦ
3372 810 3614 882 Γαϐριὴλ
3657 812 3960 883 γηθόμενοι
3983 828 3999 842 ·

2421 899 2614 967 Χαῖρε,
2663 899 2947 966 λέγοντες,
3002 901 3153 971 χώρα
3185 902 3219 970 ἡ
3254 902 3625 972 ἀγεώργητος,
3678 905 3861 973 χαῖρε,
3893 906 4001 971 τῆς

2424 992 2671 1062 κατάρας
2704 994 2737 1061 ἡ
2768 991 2939 1057 λύσις,
2969 997 3149 1062 χαῖρε,
3194 994 3347 1065 πηγὴ
3394 994 3584 1059 ὓδατος
3628 996 3724 1049 τοῦ
3768 997 4000 1061 ζῶντος.

2423 1080 2586 1133 ὁσίων
2619 1081 2679 1133 τὸ
2704 1081 2990 1152 καύχημα,
3021 1081 3256 1136 Θεοτόκε
3290 1082 3638 1154 ἀειπάρθενε.

2436 1239 2538 1293 Ἐκ
2569 1239 2675 1293 τοῦ
2703 1241 2962 1307 κανόνος
2986 1242 3076 1315 εις
3104 1242 3488 1315 τοὺς-,ἁγίους
3510 1244 3815 1315 ,μάρτυρας
3847 1247 3997 1315 Χρύ-

2703 1315 2935 1367 oar-001'
2967 1313 3066 1366 καὶ
3098 1314 3368 1383 Δαρείαν,
3407 1314 3594 1383 ἡμέρᾳ
3625 1314 3709 1370 ιθ’.

2504 1468 2564 1520 ’0
2586 1469 2746 1537 φύσει
2772 1470 2838 1537 τῇ
2876 1467 3031 1538 θεῖκῇ
3064 1468 3360 1538 ἀπρόσιτος
3402 1470 3658 1539 προσιτδς
3690 1470 3849 1540 ὤφθη
3881 1490 3999 1541 μοι,

2424 1562 2488 1613 lx
2522 1560 2612 1613 σοῦ
2631 1603 2645 1627 ,
2678 1559 2955 1632 Ιιαρθένε,
2989 1562 3166 1631 σάρκα
3194 1563 3517 1631 προσλαϐών
3536 1578 3550 1593 ⁸
3582 1563 3642 1617 ὃν
3664 1564 3869 1635 Δαρεία.
3902 1583 4004 1617 πο-

2426 1653 2638 1723 θήσασα
2685 1655 3031 1725 καρτερικῶς
3083 1655 3367 1727 ὲνήθλησε,
3417 1658 3511 1710 καὶ
3540 1659 3825 1729 νυμφικῶς
3851 1658 4004 1729 αὐτῷ

2425 1745 2814 1815 προσήνεκται.

2499 1924 2672 1996 Σαρκὶ
2704 1925 2916 1995 τεχθεὶς
2948 1928 3012 1979 ὲκ
3043 1928 3280 1998 γαστρός
3308 1944 3403 1982 σου
3432 1928 3531 2000 τῆς
3560 1930 3831 2001 παρθένου
3861 1932 4003 1995 υἱός,

2428 2017 2686 2087 ἄχραντε,
2745 2020 2964 2091 νύμφην
3004 2022 3177 2094 army
3232 2022 3489 2094 μάρτυρα
3533 2024 3712 2096 ἑαυτῷ
3761 2028 4005 2097 Δαρείαν

2430 2128 2535 2183 μνη
2544 2112 2813 2170 στεύεται.

2502 2206 2853 2279 Συντηρήσας
2884 2227 2943 2263 σε
2966 2212 3258 2283 παρθένον,
3284 2214 3362 2278 ὡς
3393 2213 3499 2284 πρὸ
3524 2214 3618 2267 τοῦ
3643 2214 3827 2275 τόκου,
3862 2215 4005 2284 μετά

2426 2297 2519 2350 τὸν
2544 2299 2721 2365 τόκον,
2777 2300 3035 2371 ἀχραντε,
3069 2305 3133 2358 ὲκ
3171 2305 3265 2359 σοῦ
3308 2306 3597 2378 ὲσαρκώθη
3642 2308 3671 2359 ὁ
3700 2308 4004 2376 ἀπερινόηο

2426 2406 2552 2453 τος,
2599 2392 2828 2461 Δαρείαν
2870 2394 2971 2463 τὴν
3014 2395 3269 2468 μάρτυρα
3323 2396 3541 2469 νύμφην
3572 2398 3748 2469 ἑαυτῷ
3794 2399 4005 2467 ἑπαγό-

2430 2498 2609 2551 μενος.

2497 2662 2593 2726 Τίς
2616 2663 2837 2717 δύναται
2870 2664 2929 2719 τὸ
2958 2666 3048 2719 σὺν
3074 2667 3409 2738 ἑρμηνεῦσαι
3446 2671 3772 2741 μυστήριον,
3796 2666 3844 2725 ὦ
3868 2673 4004 2727 πάν-

2427 2772 2591 2822 αγνε;
2617 2756 2751 2810 Θεὸν
2774 2758 2947 2825 Λόγον
2982 2758 3091 2831 γὰρ
3133 2760 3275 2831 ὑπὲρ
3300 2760 3426 2816 νοῦν
3451 2762 3544 2817 καὶ
3568 2764 3748 2832 λόγον,
3773 2764 4003 2818 διπλοῦν

2428 2849 2492 2916 τῇ
2526 2846 2687 2915 φύσει
2726 2850 2977 2913 τέτοκας.

2498 2939 2634 2991 Νέον
2668 2956 2725 2992 σε
2757 2940 2832 3003 ὡς
2862 2940 3073 2994 παιδίον
3108 2942 3382 3013 Παρθένος
3412 2944 3612 3016 ἐκύησε
3636 2946 3727 2999 τὸν
3754 2946 3998 3017 προαιὼ-

2429 3048 2541 3084 νιον
2574 3032 2766 3099 Λόγον,
2800 3033 2860 3085 ὃν
2892 3033 3155 3088 ποθοῦσαι
3182 3036 3342 3105 κόραι
3375 3038 3577 3109 ταύτης
3611 3040 3786 3094 ὀπίσω
3813 3057 3899 3093 σοι
3927 3039 4005 3109 τῷ

2430 3124 2649 3178 πάντων
2682 3124 2893 3195 βασιλεῖ
2922 3126 3211 3197 νυμφικῶς
3242 3130 3649 3203 ἀπηνέχθησαν.

2513 3298 2571 3350 '0
2604 3299 2725 3351 κατ’
2757 3299 2946 3352 οὐσίαν
2978 3300 3078 3371 τὴν
3117 3301 3306 3373 θεῖκὴν
3334 3304 3410 3357 ὢν
3438 3306 3853 3377 ἀπερίγραπτος
3882 3310 4004 3363 κόλ-

2428 3407 2551 3452 ποις
2590 3407 2708 3451 σου,
2745 3390 3014 3462 Παρθένε,
3045 3394 3237 3461 γέγονε
3266 3396 3390 3449 καθ’
3415 3399 3561 3467 ἡμᾶς
3593 3402 3659 3469 τῇ
3703 3404 3872 3470 σαρκὶ
3906 3420 4002 3455 πει

2430 3483 2852 3552 ριγραφόμενος.
2892 3484 3243 3557 Εὐλογημένη
3277 3490 3340 3542 σὺ
3367 3491 3421 3542 ὲν
3440 3492 3687 3559 γυναιξὶν
3708 3492 4002 3564 ὑπάρχεις,

2426 3574 2737 3645 πανάμωμε
2766 3575 3055 3633 Δέσποινα.

2509 3751 2599 3816 Ὦς
2628 3752 2780 3825 ῥόδον
2814 3755 2873 3808 ὲν
2911 3754 3062 3825 μέσῳ
3109 3755 3361 3811 ἀκανθῶν
3403 3758 3499 3812 τοῦ
3540 3758 3677 3829 βίου,
3730 3761 4001 3828 πάναγνε,

2426 3844 2559 3909 Θεὸς
2581 3846 2885 3917 εὑράμενος
2905 3862 2963 3899 σε
2980 3845 3078 3918 τὴν
3095 3847 3416 3918 ἀμώμητον,
3436 3850 3621 3920 ᾤκησε
3642 3852 3742 3922 τὴν
3759 3854 4003 3920 γαστέρα

2430 3956 2523 3991 σου
2568 3938 2667 4008 τὴν
2714 3938 3005 4008 ἄχραντον,
3049 3942 3142 3993 καὶ
3185 3941 3413 4005 εὐωδίας
3467 3945 3737 4013 μυστικῆς
3798 3947 4003 4013 κόσμον

2429 4030 2750 4100 ἐπλήρωσεν
2791 4030 3069 4083 ὲκϐοῶντα
3097 4044 3113 4060 ⁸
3154 4032 3340 4086 Πάντα
3369 4034 3435 4086 τά
3462 4033 3625 4105 ἔργα,
3652 4035 3876 4105 ὑμνεῖτε
3914 4036 4004 4089 τὸν

2428 4121 2657 4191 Κύριον.

2496 4216 2712 4286 Φρίττει
2761 4214 3021 4284 λογισμὸς
3063 4214 3162 4268 καὶ
3202 4216 3398 4287 καρδία
3449 4216 3846 4281 κατανοοῦντες
3900 4220 3999 4289 τὴν

2428 4311 2643 4380 λοχείαν
2699 4311 2815 4379 ’τὴνι
2843 4311 3234 4382 ἀκατανόητον,
3290 4314 3460 4383 κόρῳ
3508 4311 3641 4364 Θεὸν
3675 4311 3785 4383 γάρ
3831 4312 4002 4381 Λόγον

2428 4404 2805 4473 ὲκυοφὸρησας
2846 4402 2937 4456 τὸν
2972 4403 3060 4457 διά
3096 4403 3190 4457 σοῦ
3223 4404 3487 4474 ῥυόμενον
3532 4403 3711 4474 πάσης
3753 4404 4001 4476 ἀνάγκης

748 4509 845 4562 per
877 4506 928 4547 te
963 4492 1158 4548 liberat
1189 4494 1257 4549 ab
1301 4496 1449 4549 omni
1509 4494 1838 4549 necessitate
1868 4509 1962 4549 eos
1992 4494 2086 4563 qui
2138 4504 2189 4549 te
2227 4496 2319 4548 ho-

2427 4496 2547 4557 τοὺς
2576 4494 2849 4563 τιμῶντάς
2878 4510 2959 4549 σε.

747 4596 963 4641 norant.

816 4795 926 4862 (57)
943 4792 1253 4863 Saepissime
1267 4790 1597 4861 SJosephus
1612 4805 1669 4863 se
1685 4792 1957 4860 egregium
1976 4804 2071 4863 pro
2084 4789 2323 4857 Deipara:

744 4858 1089 4917 immunita-te
1129 4865 1195 4917 ab
1244 4858 1507 4940 originali
1536 4858 2167 4940 ﬁdejussoreurpraebet,
2190 4875 2312 4940 cuni

746 4950 851 4987 non
886 4939 1062 4988 solum
1096 4936 1203 4994 hic.
1245 4935 1336 4987 sed
1382 4933 1512 4986 alibi
1545 4948 1663 4986 eam
1711 4932 2035 4999 depraedicet
2070 4932 2139 4985 ab
2165 4932 2312 4983 omni

744 5006 957 5059 macula
1046 5014 1099 5059 et
1177 5005 1295 5059 labe
1353 5004 1669 5065 immunem,
1725 5003 1793 5054 ab
1854 5002 2002 5055 omni
2072 5001 2191 5055 labe
2263 5008 2317 5052 et

747 5077 957 5128 macula
1006 5075 1230 5128 liberam
1264 5114 1276 5135 ,
1312 5076 1480 5150 omni
1506 5074 1620 5125 labe
1662 5081 1720 5150 ct
1758 5074 1979 5150 macula
2014 5079 2312 5150 carentem,

744 5147 813 5199 ab
843 5146 987 5197 omni
1021 5147 1137 5198 labe
1168 5160 1415 5201 vacuam.
1437 5146 1501 5195 ab
1528 5143 1674 5195 omni
1706 5142 1822 5195 labe
1850 5144 2144 5212 puram,ab
2167 5142 2312 5194 omni

744 5232 901 5267 nano
928 5218 1206 5278 mundam,
1237 5233 1355 5281 quae
1403 5216 1842 5283 elogia-absnlute
1889 5215 2113 5281 prolata,
2150 5221 2206 5265 ut
2251 5226 2312 5263 ea

746 5286 955 5353 profert
988 5286 1045 5339 S.
1078 5285 1367 5353 .Iosephus,
1391 5286 1655 5354 marulam
1679 5284 1863 5354 etiam,
1900 5284 2073 5337 labem
2107 5292 2161 5337 et
2192 5298 2301 5335 na:-

750 5352 870 5408 vunt
909 5358 1107 5425 peccati
1138 5352 1416 5421 originalis
1441 5372 1468 5407 a
1515 5354 1570 5407 Β.
1614 5352 2131 5425 Virgineablegant.

827 5424 937 5495 (58)
971 5428 1025 5479 Si
1081 5427 1137 5483 Β,
1174 5426 1331 5492 Virgo
1369 5436 1621 5491 tanquam
1677 5440 1797 5475 rosa
1834 5424 1885 5476 in
1925 5424 2309 5495 tnetliospitta-

749 5513 867 5549 rum
927 5498 1088 5563 hujus
1123 5498 1241 5549 \it.e
1291 5496 1642 5549 innnaculata
1699 5495 1911 5547 inventa
1948 5511 2053 5547 non
2092 5493 2307 5555 fuisset.

748 5566 801 5619 in
826 5584 886 5619 ea
923 5566 1012 5621 Dei
1062 5566 1228 5621 Filius
1264 5583 1358 5636 per
1389 5569 1636 5619 humana:
1669 5565 1849 5617 carnis
1880 5570 2309 5632 assumptionem

748 5654 854 5691 non
895 5635 1273 5692 iniiahitasset.
1310 5636 1443 5689 Hinc
1490 5635 1745 5689 Nicolaus
1777 5636 2025 5689 Cosanus
2058 5636 2109 5688 Si
2153 5639 2214 5689 It.
2250 5638 2309 5688 Ε.

746 5709 1039 5763 Cardiualis
1086 5709 1204 5760 libr.
1241 5724 1289 5759 ν.
1334 5708 1519 5759 Excrc.
1556 5706 1619 5758 ad
1664 5706 1748 5758 illa
1800 5706 1957 5757 verba
1989 5725 2000 5757 :
2038 5707 2234 5759 Cretum
2266 5719 2312 5761 et

748 5792 890 5831 ιρειϊιι
922 5779 1240 5846 transibunt,
1278 5780 1389 5833 [nec
1422 5778 1719 5833 litterarum
1770 5779 2135 5833 monumentis
2182 5796 2312 5833 con-

2429 4790 2749 4870 signavith
2797 4787 2957 4858 Virgo
2992 4790 3245 4870 gloriosa
3271 4804 3394 4844 cum
3428 4789 3995 4870 esseLpraedestinata

2415 4872 2537 4913 ante
2570 4860 2792 4923 saecula,
2817 4869 2875 4913 ut
2906 4876 2968 4912 ex
2997 4860 3110 4925 ipsa
3140 4861 3403 4929 reciperet
3428 4861 3519 4913 Dei
3548 4860 3715 4913 Filius
3742 4872 3995 4916 naturam

2417 4931 2730 4993 humanam,
2771 4942 2825 4983 et
2874 4930 2963 4983 Dei
2998 4931 3170 4984 Filius
3221 4933 3373 4983 tieret
3423 4932 3565 4984 lilins
3626 4930 3891 4993 hominis,
3928 4936 3996 4986 ita

2414 5012 2675 5070 concepta
2709 5011 2812 5058 est.
2851 5012 2904 5053 ut
2937 5002 3158 5066 dignum
3186 5000 3250 5053 ad
3286 5002 3386 5055 hoc
3426 5002 3796 5055 habitaculum
3825 5002 3995 5059 ﬁeret.

2416 5072 2641 5124 Induere
2665 5087 2721 5123 se
2752 5071 2963 5141 debuit
2990 5071 3130 5124 Deus
3189 5072 3524 5125 humanitate
3594 5070 3797 5133 Marim,
3830 5089 3997 5141 quare

2417 5144 2653 5195 humana
2687 5153 2879 5195 natura
2929 5140 3164 5211 Virginis
3216 5142 3379 5209 digna
3423 5140 3559 5195 facta
3591 5153 3672 5195 est
3715 5142 3785 5195 ab
3821 5140 3992 5198 initio.

2416 5214 2547 5266 bam
2596 5213 2695 5264 etsi
2750 5215 2859 5277 ipsa
2886 5210 3147 5279 cont-cpta
3214 5210 3315 5264 fuit
3344 5227 3409 5265 ex
3480 5213 3616 5264 virili
3677 5214 3891 5267 semine
3917 5217 3993 5268 via

2419 5283 2823 5351 propagationis
2867 5283 2933 5334 ab
2981 5284 3173 5344 Adam,
3199 5292 3251 5334 et
3294 5293 3556 5349 quantum
3591 5281 3656 5334 ad
3692 5298 3855 5336 suum
3895 5285 3994 5338 iui-

2420 5356 2554 5407 tium
2604 5352 2831 5421 indiguit
2883 5354 3189 5417 liberatore,
3224 5354 3351 5420 quia
3388 5355 3439 5405 in
3486 5354 3675 5433 Adam,
3709 5353 3815 5405 nisi
3868 5356 3997 5433 libe-

2421 5433 2607 5477 rentur
2640 5433 2733 5476 aut
2767 5433 3180 5490 przescrventur,
3224 5438 3433 5481 omnes.
3461 5428 3794 5487 moriuntur,
3831 5435 3892 5477 ut
3942 5428 3992 5479 in

2420 5495 2638 5548 Christo
2660 5508 2852 5545 omnes
2886 5492 3265 5552 vivitirantur;
3298 5504 3476 5545 tamen
3502 5494 3642 5546 sicut
3665 5494 3852 5548 anima
3877 5497 3989 5562 ejus

2423 5565 2724 5623 rationalis,
2764 5564 2911 5615 nullo
2942 5573 3186 5630 tempore
3218 5563 3335 5623 fuit.
3371 5573 3663 5631 antequam
3697 5576 3847 5619 esset
3878 5583 3992 5619 cor-

2422 5636 2537 5700 pori
2588 5636 2757 5691 unita,
2796 5636 2864 5686 ita
2914 5634 3025 5701 ipsa
3072 5633 3199 5685 dum
3240 5644 3540 5694 crearetur,
3582 5644 3769 5687 sancta
3818 5648 3991 5690 creata

2424 5706 2544 5767 l'uit,
2579 5706 2659 5757 sic
2709 5706 2869 5757 etiam
2921 5706 3063 5772 quod
3110 5704 3252 5755 nulla
3310 5704 3596 5757 duratione
3653 5703 3757 5758 fuit
3812 5723 3990 5762 verum

2424 5778 2603 5831 dicere
2636 5775 2906 5845 Virginem
2954 5775 3124 5830 fuisse
3158 5776 3259 5829 sub
3292 5786 3532 5844 peccato.
3574 5794 3591 5826 ι
3629 5773 3719 5830 Sic
3745 5776 3858 5831 illc.
