4166 6458
208 408 340 475 1081

1660 414 2020 482 MARIALE.

3324 417 3459 482 1082

829 529 938 601 79
973 529 1055 584 Ex
1087 532 1297 586 Conone
1331 532 1383 585 in
1416 529 1473 587 S.
1506 531 1765 603 Cyrillum
1803 532 2101 603 episcopum
2127 533 2389 601 Colonia,
2430 531 2513 586 die
2546 534 2600 587 ll
2656 532 2815 604 (58‘).

276 645 559 701 Fortitudo
594 660 734 710 mea,
763 645 905 712 laus,
940 656 993 702 et
1018 648 1169 702 salus
1216 662 1333 701 mea
1364 646 1621 702 Christus
1668 656 1771 713 est,
1806 636 1849 689 Α
1948 651 2080 707 Esto
2114 654 2244 707 mihi
2277 652 2655 724 gubernatrix,
2689 669 2720 706 ο
2745 652 2937 722 Virgo,
2972 650 3027 705 in
3057 650 3247 721 pelago
3284 659 3456 703 tenta-

204 754 237 793 o
268 740 610 805 castissima;
658 739 749 808 qui
792 754 857 793 ex
898 750 950 793 te
993 749 1252 809 tanquam
1295 740 1458 794 homo
1510 748 1668 795 natus
1694 750 1779 797 est

203 832 351 885 circa
381 831 817 900 corruptionem,
856 841 1078 901 prOpter
1112 846 1269 886 suam
1304 832 1532 886 multam
1562 832 1780 887 miseri—

202 925 471 990 cordiam,
501 932 557 978 et
587 923 766 979 factus
794 932 881 978 est
906 924 1053 993 quod
1080 940 1184 980 non
1214 933 1355 979 erat.

274 1016 319 1072 Ο
344 1019 663 1073 immensam
713 1018 957 1087 mysterii
1009 1018 1435 1087 profunditatem
1470 1037 1483 1073 :
1522 1017 1666 1073 Deus
1697 1020 1779 1073 in-

204 1120 467 1163 carnatur
517 1120 568 1163 et
603 1109 846 1163 nascitur
873 1125 938 1164 ex
972 1110 1149 1179 puella
1199 1110 1538 1180 incorrupta,
1574 1118 1625 1163 et
1653 1124 1779 1165 cor-

205 1204 513 1272 ruptionem
553 1202 805 1257 dissolvit
832 1217 928 1272 per
966 1204 1253 1271 passiones
1282 1218 1420 1274 quas
1458 1202 1606 1259 subit
1632 1206 1780 1259 solus

205 1294 383 1348 bonus
410 1304 466 1347 et
494 1301 707 1354 amator
737 1291 1044 1349 hominum.

269 1387 560 1455 Quomodo
591 1386 830 1443 Verbum
865 1387 1163 1457 peperisti?
1196 1389 1471 1459 quomodo
1503 1398 1629 1460 post
1656 1403 1781 1460 par-

206 1489 320 1533 tum
356 1480 697 1549 incorrupta,
725 1478 903 1548 qualis
931 1487 1057 1532 ante
1090 1478 1296 1546 fueras,
1337 1480 1710 1551 permansisti,
1746 1493 1780 1533 ο

210 1570 376 1640 Virgo
414 1570 961 1627 immaculatissima?
987 1571 1275 1639 Quomodo
1307 1573 1553 1628 omnium
1602 1573 1780 1627 nutri-

204 1674 381 1718 torem
412 1664 621 1730 aluisti,
643 1665 954 1721 voluntarie
975 1675 1323 1736 apparentem
1346 1666 1609 1721 infantem
1629 1680 1783 1718 man-

202 1768 421 1811 suetum
465 1773 528 1812 ac
560 1759 874 1828 placidum?
911 1761 954 1815 0
996 1759 1294 1816 novitatem
1347 1758 1603 1815 miraculi
1658 1758 1779 1825 tui,

204 1849 537 1918 purissima!

274 1940 436 1996 Salva
460 1957 567 2008 me,
593 1958 625 1997 ο
651 1943 1037 2011 mundissima,
1062 1959 1090 1998 a
1113 1943 1456 2014 gravissimis
1482 1942 1741 2012 periculis
1767 1961 1782 1999 :

202 2033 356 2103 erige
412 2048 498 2089 me
532 2050 565 2089 a
596 2034 888 2091 libidinum
932 2052 1180 2093 mearum
1237 2037 1622 2107 sterquilinio;
1671 2047 1722 2091 et
1754 2052 1786 2092 a

203 2123 541 2192 captivitate,
593 2134 649 2181 et
697 2129 986 2184 vexatione
1051 2130 1445 2199 pessimorum_
1476 2131 1784 2184 daemonum

204 2214 377 2269 libera
411 2232 517 2282 me,
546 2217 673 2272 dum
698 2227 750 2274 te
778 2219 973 2275 devote
1005 2220 1277 2276 collaudo.

216 2307 323 2359 Ἐκ
385 2306 493 2384 τοῦ
544 2310 803 2384 πανόν-ος
841 2313 929 2377 εἰς
965 2311 1094 2384 τὸν
1155 2312 1356 2384 ἅγιον-ί
1393 2313 1785 2384 ίερομάρτυρα

421 2332 493 2361 ου
544 2332 803 2375 κανονος
841 2332 929 2377 εις
986 2332 1094 2364 τον
1155 2332 1330 2381 αγιον
1393 2332 1571 2381 (span

417 2378 745 2434 Βασίλειον
777 2383 1204 2450 πρεσϐύτερον,
1247 2383 1437 2453 ἡμέρᾳ
1468 2332 1571 2452 χέ’.

290 2468 350 2523 '0
379 2469 458 2542 τῷ
509 2471 685 2544 Ila.th
716 2474 1085 2546 συνυπάρχων
1129 2476 1452 2545 Μονογενὴς
1506 2474 1788 2547 βουληθεὶς

204 2560 499 2632 κατῴκησὲ
550 2579 647 2616 σου
676 2563 775 2634 τὴν
803 2564 1076 2635 ἄχραντον
1107 2568 1292 2636 νηδὺν,
1322 2567 1418 2621 καὶ
1444 2567 1636 2639 βροτὸς
1665 2568 1785 2637 ἐγέ-

205 2669 355 2716 νετο,
417 2654 581 2725 ἁγνὴ,
621 2655 793 2711 σῶσαι
849 2657 1021 2712 Θέλων
1081 2659 1209 2722 τοὺς
1262 2657 1491 2730 βροτοὺς
1535 2659 1601 2714 δι’
1648 2661 1787 2728 άγα-

204 2742 431 2817 Βότητα.

281 2840 563 2912 Γνωρίσας
582 2839 871 2912 πόρρωθεν
889 2840 990 2914 τὴν
1016 2840 1115 2913 σὴν
1147 2840 1413 2912 σύλληψιν
1445 2841 1675 2906 Ἡσαΐας
1699 2843 1788 2897 διὰ

205 2934 544 3004 πνεύματος,
576 2933 738 3002 κόρη,
768 2933 1131 3005 διετράνωσεν
1153 2934 1326 3003 αὐτὴν
1357 2933 1495 3005 βοῶν
1516 2950 1533 2966 ο
1573 2935 1703 2989 Ἰδοὺ
1729 2938 1789 2989 ἐν

206 3026 410 3098 γαστρὶ
438 3026 474 3096 ὴ
508 3024 783 3096 Παρθένος
815 3024 908 3080 τὸν
939 3025 1071 3081 Θεὸν
1104 3025 1465 3097 συλλήψεται.

300 3204 490 3275 Ὑμνῶ
539 3220 623 3271 σε,
656 3205 950 3269 Δέσποινα,
980 3206 1082 3277 τὴν
1122 3205 1504 3278 πολυύμνητον
1527 3224 1541 3239 ο
1581 3209 1789 3279 εὐλογῶ

210 3313 305 3359 σε,
357 3295 636 3366 Παρθένε,
679 3295 748 3349 δι’
791 3289 859 3366 ἦς
910 3295 1094 3366 βροτοὶ
1140 3298 1341 3362 πάντες
1390 3298 1785 3371 εὐλογήθημεν,

208 3389 452 3459 καὶτῆς
500 3389 747 3460 κατάρας
817 3387 1034 3459 άληθῶς
1090 3389 1188 3460 τῆς
1252 3390 1487 3462 ἀρχαίας
1552 3392 1791 3464 ἐλυτρώ-

208 3480 414 3551 θημεν.

282 3573 398 3643 Τὴν
449 3572 727 3643 άνωτέραν
775 3572 884 3625 τῶν
938 3571 1231 3643 χερουόὶμ,
1294 3572 1396 3644 τὴν
1452 3574 1792 3646 ὑψηλοτέραν

207 3663 482 3734 οὐρανῶν,
526 3665 626 3735 τὴν
656 3665 977 3735 ὑπερτέραν
1012 3665 1112 3735 τῆς
1160 3665 1417 3731 κτίσεως,
1455 3666 1563 3719 τῶν
1612 3668 1792 3735 σοφῶν

212 3757 514 3830 μαρτύρων
555 3757 616 3811 τὸ
662 3758 1077 3829 περιτείχισμα,
1131 3757 1233 3827 τὴν
1292 3757 1464 3829 μόνην
1530 3759 1791 3814 Θεοτόκον

209 3852 560 3922 τιμήσωμεν.

296 3940 485 4010 Ὑμνῶ
516 3956 597 4004 σε,
626 3939 968 4010 πανύμνητε,
1000 3939 1066 4010 ἢν
1096 3938 1326 4010 ὑμνοῦσι
1353 3940 1607 4012 στρατιαὶ
1632 3943 1791 3997 ἐπου-

216 4034 420 4106 ρανίων
446 4032 674 4098 τάξεων,
705 4032 802 4085 καὶ
828 4032 1066 4086 δυσωπῶ
1096 4049 1180 4098 σε,
1226 4032 1376 4103 πάθη
1426 4050 1528 4103 μου
1562 4035 1659 4105 τῆς
1685 4036 1788 4103 ψυ-

214 4127 317 4196 χῆς
356 4125 659 4195 ἰάτρευσον,
695 4125 952 4195 άχραντε,
1003 4124 1101 4178 καὶ
1149 4125 1319 4198 πυρὸς
1364 4125 1584 4179 αἰωνίου
1637 4127 1789 4180 ὲλευ.

214 4218 275 4271 θέ
285 4233 483 4288 ρωσον.

287 4310 597 4380 Παρθενίαν
653 4308 796 4381 μετὰ
842 4308 1001 4364 τόκον
1057 4308 1426 4380 ἀδιάφθορον,
1508 4311 1791 4381 Παρθένε,

215 4400 583 4468 διαμένουσαν
630 4399 993 4465 κατανοοῦσα,
1028 4400 1106 4471 τῷ
1139 4402 1203 4456 ὲκ
1234 4402 1329 4455 σοῦ
1358 4402 1605 4473 τεχθέντι
1651 4405 1793 4475 ὑπὲρ

211 4492 342 4547 νοῦν
368 4491 529 4555 ἐϐόας
566 4491 779 4565 Σωτῆρι
804 4493 897 4546 καὶ
921 4492 1061 4564 Θεῷ·
1097 4493 1406 4566 Εὐλογητὸς
1435 4490 1507 4563 εί,
1547 4498 1576 4549 ὁ
1607 4498 1743 4563 Θεὸς
1765 4500 1793 4552 ὁ

209 4585 325 4639 τῶν
353 4583 607 4655 πατέρων
634 4584 814 4653 ἡμῶν.

287 4765 574 4836 Σωτηρίαν
614 4762 917 4835 ἀνθρώπων
946 4765 1101 4832 γένος
1122 4765 1350 4836 ἠξίωται
1375 4766 1464 4821 διὰ
1505 4766 1622 4832 σοῦ,
1648 4785 1790 4823 παν-

218 4861 353 4929 αγία
404 4858 804 4928 Θεοχαρίτωτεο
843 4858 978 4929 μόνη
1042 4859 1152 4929 γὰρ
1215 4861 1349 4930 ἡμῖν
1398 4860 1489 4914 τὸν
1560 4860 1793 4931 Σωτῆρα

218 4953 463 5023 ὶκύησας
482 4990 499 5015 ,
528 4951 588 5004 ὃν
620 4949 1007 5021 ὑπερυψοῦμεν
1038 4952 1116 5015 είς
1146 4952 1354 5017 πάντας
1385 4953 1511 5016 τοὺς
1560 4952 1786 5017 αἰῶνας.

287 5130 523 5202 Φρικτὺς
554 5132 582 5184 ὁ
618 5130 819 5201 τρόπος
856 5130 885 5182 ὀ
926 5130 1025 5200 τῆς
1080 5128 1296 5199 λοχείας
1342 5146 1434 5183 σου
1458 5146 1473 5163 ο
1514 5131 1645 5194 Θεὸς
1684 5132 1792 5205 γὰρ

224 5224 287 5298 ἧν
307 5270 321 5293 ,
379 5223 623 5295 Παρθένε
644 5264 659 5286 ,
706 5222 1010 5294 σαρκωθείς
1038 5223 1066 5275 ὁ
1096 5221 1414 5292 τικτόμενος
1438 5261 1453 5287 ,
1489 5222 1548 5275 ὃν
1584 5222 1794 5276 ἱκέτευε

223 5319 464 5389 φρικτῆς
515 5316 789 5378 κολάσεως
826 5315 1036 5376 πάντας
1087 5314 1212 5376 τοὺς
1263 5312 1576 5382 ἀδιστάκτῳ
1614 5314 1795 5366 πίστει

225 5410 503 5480 τιμῶντάς
534 5425 617 5475 σε,
647 5410 822 5479 μῆτερ
854 5407 1201 5477 ἀπειρόγαμε
1234 5404 1427 5475 σεμνὴ,
1486 5406 1799 5477 ἀπολυτρώ.

223 5501 445 5555 σασΘαμ

241 5594 341 5648 Ἐκ
366 5592 476 5647 τοῦ
507 5593 769 5658 κανόνος
796 5596 884 5657 εὶς
918 5592 1026 5645 τὸν
1053 5591 1227 5643 ὅσιον
1249 5590 1479 5659 Πατέρα
1503 5588 1672 5660 ήμῶν
1698 5590 1800 5643 Νί-

757 5678 939 5725 κωνα,
968 5662 1157 5730 ἡμέρᾳ
1188 5661 1296 5728 κγ’.

310 5756 373 5809 Ἠ
409 5755 552 5823 πύλη
579 5756 677 5824 τῆς
706 5755 843 5826 πρὸς
883 5755 1030 5824 ἡμᾶς
1062 5770 1177 5820 σου,
1200 5752 1393 5825 Κύριε,
1447 5753 1796 5825 συγκαταϐά-

303 5869 440 5941 tb'S‘)
470 5868 657 5927 erea
698 5869 1079 5927 desiderantur
1105 5869 1159 5924 in
1185 5867 1422 5925 Menaeis.

1885 743 2094 797 tionnm
2145 744 2313 815 hujus
2369 745 2495 799 vitae
2544 743 3009 814 periculosissime
3062 740 3364 805 ﬂuctuanti,
3407 750 3459 794 et

1885 834 2058 902 dirige
2086 850 2172 889 me
2199 836 2252 890 in
2282 844 2499 906 portum
2536 834 2754 897 salutis,
2779 845 2831 888 et
2861 835 3009 888 salva
3044 848 3151 887 me.

1956 924 2190 980 Mentem
2236 942 2414 981 meam
2469 926 2829 995 plurimarum
2863 925 3206 994 {passionum
3267 922 3461 978 morbo

1884 1026 2220 1087 peremptam
2249 1017 2484 1082 viviﬁca,
2518 1033 2550 1071 ο
2582 1016 3122 1080 immaculatissima;
3146 1024 3199 1070 et
3224 1014 3293 1068 da
3326 1014 3459 1067 mihi

1886 1109 2053 1173 vires,
2085 1118 2145 1163 ut
2176 1109 2283 1181 Deo
2317 1108 2515 1179 placita
2562 1108 2773 1164 elﬁcere
2829 1109 3062 1179 possim,
3115 1117 3173 1163 ut
3214 1106 3460 1177 magniﬁ-

1885 1216 2002 1255 cem
2057 1212 2108 1256 te
2155 1200 2374 1257 fervens
2424 1200 2829 1272 patrocinium,
2872 1209 2926 1256 et
2983 1213 3135 1270 spem
3189 1198 3459 1253 Christia-

1889 1307 2107 1347 norum.
2384 1284 2389 1289 ’

1954 1383 2174 1440 Curasti
2227 1382 2609 1437 contritionem
2665 1381 2795 1437 Adae
2849 1381 3075 1445 terreni,
3126 1380 3259 1435 dum
3296 1380 3463 1433 Deum

1889 1475 2226 1531 Salvatorem
2294 1476 2594 1545 peperisti,
2642 1491 2675 1530 ο
2724 1473 3114 1529 illihatissima.
3196 1471 3461 1525 Eumdem

1886 1582 2051 1622 exora
2098 1581 2200 1637 pro
2246 1566 2528 1621 curatione
2586 1567 2871 1636 plagarum
2912 1565 3110 1620 anima:
3156 1579 3310 1630 meae,
3343 1579 3463 1633 quae

1886 1659 2179 1715 insanabili
2214 1660 2405 1715 morbo
2441 1659 2671 1714 laborat.

1961 1753 2095 1808 Cum
2128 1753 2293 1809 ferret
2324 1763 2582 1823 tanquam
2612 1767 2804 1808 recens
2829 1761 3013 1806 natum
3040 1750 3304 1805 infantem
3332 1745 3466 1802 Ver-

1890 1846 2018 1902 bum
2066 1848 2209 1917 quod
2243 1855 2327 1901 est
2356 1854 2481 1899 ante
2510 1845 2711 1901 saecula
2737 1884 2753 1910 ,
2790 1846 3098 1899 veneranda
3131 1843 3309 1913 puella
3350 1852 3466 1898 stu-

1888 1953 2022 2009 pore
2071 1938 2339 2008 perculsa,
2376 1937 2492 2006 80
2530 1936 2609 1991 sic
2640 1935 2969 2005 loquebatur
3006 1933 3148 1989 :Fili
3197 1933 3294 1998 mi,
3332 1949 3467 2002 quo-

1888 2031 2052 2086 modo
2099 2028 2214 2085 fero
2254 2040 2327 2093 te,
2374 2028 2467 2098 qui
2502 2037 2633 2082 nutu
2686 2030 2936 2084 contines
2987 2026 3286 2081 universa?
3328 2040 3466 2095 quo-

1877 2124 2053 2178 ‘modo
2083 2134 2134 2179 te
2172 2123 2312 2179 lacte
2368 2122 2553 2176 nutrio
2603 2122 2949 2187 nutritorem,
2987 2120 3351 2187 Salvatorem,
3402 2134 3467 2175 ac

1890 2214 2103 2270 Deum?

1890 2308 1975 2364 Ea:
2022 2324 2223 2363 canone
2249 2305 2658 2429 inS.Basili:m
2676 2305 3041 2430 ggesbglerum
3068 2313 3117 2360 et
3153 2313 3460 2373 martyrem,

2604 2394 2647 2430 te
2718 2412 2768 2429 ...

2604 2394 2647 2432 lc
2676 2394 2768 2430 ΖΞ.

1958 2470 2306 2542 Unigenitus,
2338 2469 2433 2540 qui
2474 2469 2640 2526 simul
2672 2479 2757 2524 est
2802 2483 2927 2523 cum
2975 2469 3161 2532 Patre,
3223 2468 3467 2521 haoltare

1886 2566 2061 2620 voluit
2094 2564 2413 2619 inviolatum
2467 2573 2684 2618 uterum
2720 2572 2896 2627 tuum,
2933 2576 2966 2616 ο
2994 2570 3182 2627 casta;
3214 2569 3269 2614 et
3305 2560 3468 2614 homo

1888 2658 2068 2714 iactus
2108 2664 2281 2713 estut
2328 2655 2577 2712 homines
2639 2664 2868 2727 propter
2935 2668 3091 2709 suam
3166 2651 3466 2707 bonitatem

1890 2751 2072 2807 salvos
2091 2749 2317 2805 faceret.

1958 2842 2097 2896 Cum
2147 2856 2178 2896 a
2224 2843 2386 2912 longe
2454 2838 2870 2911 conceptionem
2945 2847 3094 2893 tuam
3148 2836 3318 2894 Isaias
3370 2851 3468 2907 per

1900 2935 2152 3005 spiritum
2205 2934 2552 3004 agnovisset,
2585 2948 2618 2988 ο
2660 2932 2836 3002 puella
2864 2974 2878 2996 ,
2914 2932 3065 2987 clare
3099 2929 3469 2984 manifestavit

1892 3028 2040 3082 illam
2080 3028 2394 3084 exclamans
2433 3045 2447 3083 :
2486 3027 2623 3083 Ecce
2652 3024 2818 3096 Virgo
2855 3024 3025 3079 Deum
3058 3023 3111 3078 in
3144 3032 3303 3078 utero
3335 3027 3470 3077 eon-

1893 3122 2076 3191 cipiet.

1962 3211 2151 3267 Laudo
2180 3220 2252 3269 te.
2289 3208 2542 3273 Domina,
2588 3209 2735 3264 omni
2778 3207 2935 3263 laude
2969 3207 3290 3278 dignissima
3323 3229 3336 3263 :
3373 3223 3467 3262 oc-

1896 3304 2091 3360 nedieo
2124 3312 2196 3367 te,
2232 3299 2413 3370 Virgo,
2446 3316 2543 3371 per
2581 3317 2743 3371 quam
2779 3315 2973 3356 omnes
3018 3299 3269 3355 homines
3299 3300 3468 3354 bene-

1894 3398 2022 3454 dicti
2056 3410 2275 3459 snmus,
2329 3404 2497 3465 atque
2526 3395 2595 3450 ab
2630 3394 2855 3464 antiqua
2910 3392 3295 3448 maledictione
3342 3406 3469 3446 vere

1893 3490 2126 3545 liberati.

1967 3581 2356 3636 Sublimiorem
2388 3579 2708 3646 Cherubim,
2740 3576 3096 3634 excelsiorem
3127 3576 3300 3641 caelis,
3325 3575 3465 3630 emi-

1893 3675 2195 3729 nentiorem
2228 3674 2376 3728 omni
2410 3683 2660 3728 creatura
2687 3712 2703 3738 ,
2760 3670 3291 3739 sapientissimorum
3324 3685 3471 3722 mar-

1892 3776 2072 3836 tyrum
2128 3766 2529 3820 munimentum
2580 3778 2644 3819 ac
2676 3762 2899 3829 vallum,
2955 3763 3129 3817 solam
3179 3759 3467 3829 Deiparam

1894 3857 2119 3928 hymnis
2160 3856 2521 3910 honoremus.

1966 3949 2151 4005 Laudo
2201 3962 2252 4006 te
2277 3990 2293 4013 .
2329 3965 2362 4003 ο
2399 3963 2614 4005 summe
2667 3946 2955 4002 laudabilis
2980 3986 2995 4011 ,
3037 3958 3199 4013 quam
3248 3941 3471 3996 laudant

1893 4043 2039 4097 acies
2071 4041 2377 4097 cmlestium
2410 4039 2789 4102 exercituum;
2819 4046 2872 4091 et
2905 4050 3096 4106 precor
3129 4043 3201 4097 te,
3234 4047 3266 4085 o
3298 4031 3470 4084 inviu-

1892 4134 2026 4200 lata,
2061 4144 2122 4189 ut
2149 4134 2346 4187 anima:
2370 4147 2504 4186 mea:
2535 4128 2921 4185 all‘ectionibus
2956 4123 3248 4187 medearis,
3275 4134 3471 4190 meque

1892 4227 1962 4281 ab
1990 4226 2115 4295 igne
2153 4224 2356 4279 liberes
2381 4223 2737 4291 sempiterno.

1963 4318 2100 4372 Cum
2152 4315 2516 4385 virginitatem
2557 4323 2703 4368 tuam
2752 4318 2876 4381 post
2939 4316 3154 4379 partum
3214 4305 3469 4359 incorru-

1893 4418 2044 4479 ptam
2099 4410 2468 4478 permansisse
2521 4418 2924 4476 cognosceres,
2994 4401 3384 4465 exclamabas,
3438 4415 3471 4454 ο
3534 4445 3537 4449 λ

1895 4501 2081 4573 Virgo,
2125 4501 2391 4556 Salvatori
2425 4515 2488 4555 ac
2514 4498 2645 4562 Deo,
2694 4497 2789 4566 qui
2830 4513 2894 4551 ex
2933 4504 2985 4550 te
3036 4508 3199 4563 supra
3250 4509 3469 4547 omnem

1894 4594 2095 4649 mentis
2116 4603 2334 4663 captum
2371 4601 2533 4646 natus
2559 4598 2643 4646 est
2669 4607 2683 4644 :
2713 4588 3037 4643 Benedictus
3077 4600 3159 4653 es,
3198 4584 3338 4640 Deus
3367 4600 3466 4655 pa-

1826 4687 1869 4742 D
1900 4692 2044 4739 trum
2084 4693 2426 4739 nostrorum.

1968 4776 2073 4833 Per
2113 4785 2167 4832 te
2218 4776 2516 4830 humanum
2548 4788 2720 4843 genus
2762 4772 2938 4828 salute
2982 4770 3211 4839 dignum
3263 4767 3470 4823 factum

1898 4880 2003 4937 est,
2045 4884 2078 4924 ο
2113 4867 2459 4924 sanctissima
2505 4881 2568 4923 ac
2609 4865 2719 4920 Deo
2764 4865 3088 4920 charissima
3126 4862 3287 4917 :sola
3324 4863 3471 4914 enim

1899 4963 2056 5019 nobis
2096 4960 2434 5015 Salvatorem
2468 4959 2747 5029 peperisti,
2795 4972 2959 5027 quem
3000 4954 3475 5026 superexaltamus

1901 5056 1955 5111 in
1983 5053 2163 5109 omnia
2198 5051 2422 5106 saecula.

1971 5144 2261 5199 Pavendus
2305 5152 2390 5197 est
2420 5142 2613 5197 modus
2663 5150 2851 5211 partus
2900 5139 2999 5205 tui,
3026 5152 3058 5193 0
3090 5136 3295 5205 Virgo:
3335 5134 3477 5191 Deus

1901 5236 2047 5292 enim
2087 5234 2411 5288 incarnatus
2459 5248 2524 5286 ex
2576 5241 2627 5286 te
2668 5240 2829 5285 natus
2883 5239 3009 5285 est:
3041 5242 3204 5299 quem
3246 5226 3475 5296 supplex

1904 5342 2090 5391 exora,
2118 5334 2176 5379 ut
2201 5340 2231 5378 a
2259 5324 2504 5394 pavendo
2530 5322 2799 5392 supplicio
2829 5321 3028 5390 eripiat
3063 5332 3274 5382 omnes,
3300 5316 3393 5385 qui
3425 5325 3478 5369 te

1906 5420 2231 5474 inconcussa
2291 5417 2394 5471 (ide
2462 5426 2820 5481 venerantur,
2866 5429 2901 5469 ο
2946 5410 3250 5468 veneranda
3309 5408 3481 5463 Mater

1908 5512 2159 5566 innunta.

1931 5528 2037 5565 nnu
2085 5528 2159 5566 ta.

1907 5530 1923 5567 ι
1975 5528 2081 5673 8;:
2117 5600 2199 5654 Ea:
2242 5616 2440 5654 canone
2463 5601 2516 5655 in
2550 5599 2609 5655 S.
2652 5598 2718 5655 P.
2758 5598 2829 5653 N.
2876 5597 3153 5664 Niconem,
3199 5598 3283 5651 die
3310 5596 3404 5649 25.

1976 5762 2139 5819 Porta
2167 5762 2276 5827 illa,
2318 5777 2413 5831 per
2464 5776 2628 5833 quam
2678 5759 2746 5816 ad
2780 5774 2900 5829 uos,
2944 5758 3193 5825 Domine,
3244 5754 3478 5812 descen-
