4166 6458
747 426 882 488 1083

1868 430 1929 487 S.
1970 426 2284 487 JOSEPHI
2326 428 2636 487 HYMNOG
2653 431 2881 488 RAl‘lll

3846 428 3983 491 1084

737 536 885 598 disti,
912 532 1308 602 suprruaturali
1337 532 1492 584 modo
1516 531 1696 599 genuit
1725 532 2011 595 orientem,
2040 540 2091 584 et.
2113 531 2306 594 solem,

2423 551 2570 595 τέως,
2606 535 2869 605 ἀνατολὴν
2896 536 2987 587 καὶ
3013 534 3164 604 ἥλιον
3200 535 3289 587 καὶ
3346 535 3463 603 φῶς
3528 536 3811 604 μυστικῶς
3846 556 3978 605 συγ·

738 636 789 675 ct
854 623 1028 675 lurem
1090 624 1312 690 mystice
1353 621 1675 673 advocatam
1730 630 1892 687 atque
1946 618 2304 677 accersitam.

740 714 909 767 llrum
943 715 1147 767 scilicet
1202 724 1248 764 et
1318 712 1614 777 hominem,
1666 722 1854 765 natura
1914 710 2116 779 duphci
2166 726 2306 780 pra:-

740 809 928 860 ditum.

819 901 1112 968 Martyrum
1138 906 1315 951 C(etus
1348 896 1679 951 occisionem
1722 905 1891 957 luam,
1916 892 2162 958 Domine,
2188 895 2309 949 imi-

744 1003 888 1046 tatus
910 1002 993 1045 cst
1040 1002 1202 1060 atque
1254 991 1304 1042 in
1339 1006 1394 1043 se
1425 989 1712 1055 expressit,
1744 1004 1867 1041 cum
1913 992 2223 1057 agnovisset
2260 998 2310 1042 te

744 1101 807 1137 ex
847 1081 1063 1151 Virgine
1096 1084 1322 1150 innupta
1362 1091 1610 1133 exortum
1638 1096 1779 1134 esse.

817 1176 1097 1245 Tanquam
1162 1177 1306 1227 omni
1359 1182 1608 1227 creatura
1673 1174 2035 1242 superiorem,
2090 1173 2314 1226 Greater

746 1269 932 1322 dilexit
962 1278 1032 1331 te,
1068 1286 1099 1319 o
1124 1266 1285 1335 Virgo
1311 1278 1503 1328 inater,
1544 1264 1749 1319 faciens
1782 1277 1830 1318 te
1853 1266 2078 1319 Matrem
2115 1280 2308 1330 suam;

744 1378 911 1431 quam
970 1362 1133 1414 etiam
1203 1360 1565 1428 deprecantur
1609 1369 1907 1427 martyrum
1964 1358 2139 1411 turba:
2188 1372 2311 1411 cum

746 1450 892 1501 oumi
925 1450 1125 1501 honore
1150 1463 1213 1501 ac
1240 1448 1605 1501 veneratione.

819 1539 1017 1594 Lucem
1052 1541 1195 1593 illam
1223 1542 1342 1595 sine
1373 1550 1631 1607 tempore,
1656 1554 1777 1608 quae
1806 1548 1889 1593 est
1929 1540 2187 1608 splendor
2212 1540 2311 1594 l‘a-

749 1633 872 1697 tris,
904 1634 1159 1701 genuisti,
1189 1649 1220 1686 ο
1251 1630 1779 1695 immaculatissima,
1817 1630 2012 1685 factam
2049 1632 2151 1685 sub
2182 1640 2318 1685 tem-

752 1740 783 1793 p
808 1740 900 1787 ire,
939 1734 1158 1793 propter
1186 1724 1402 1777 divitias
1436 1723 1697 1777 bonitatis
1724 1739 1857 1777 sum.

823 1814 1105 1884 Templum
1138 1824 1191 1869 et
1220 1816 1480 1885 palatium
1528 1814 1621 1869 Dei
1665 1817 1964 1869 animatum
2014 1830 2318 1885 agnoscens

2415 626 2743 695 καλούμενον
2773 627 3067 697 ὑπερφυῶς
3096 627 3413 697 γεγέννηκε,
3438 627 3662 680 διπλοῦν
3693 629 3793 700 τὴν
3817 630 3983 698 φύσιν

2412 717 2505 769 τὸν
2533 717 2913 788 Θεάνθρωπον.

2487 893 2795 963 Μαρτύρων
2832 895 3003 964 δῆμος
3051 893 3151 965 τὴν
3181 893 3279 963 σὴν
3320 893 3706 947 ἀπεικονίσατο
3744 896 3986 962 σφαγὴν,

2417 991 2683 1053 Δέσποτα,
2708 987 3032 1057 ἐπεγνωκὼς
3062 990 3225 1058 κόρης
3268 1004 3327 1039 σε
3358 989 3417 1054 ἐξ
3450 987 3831 1059 ἀπειφγὰμου
3867 990 3991 1059 βλα-

2420 1084 2713 1150 στήσαντα.

2499 1175 2586 1236 Ὠς
2613 1174 2959 1243 ὑπάρχουσαν
2984 1173 3085 1243 τῆς
3120 1173 3350 1237 κτίσεως
3374 1174 3648 1244 ἁνωτέραν
3685 1175 3712 1227 6
3753 1174 3989 1243 Ποιητής

2419 1266 2674 1335 ἠγάπησὲ
2697 1283 2776 1327 σε,
2798 1265 3245 1335 Παρθενομῆτορ,
3269 1265 3450 1328 δείξας
3473 1282 3531 1317 σε
3560 1265 3771 1334 μητέρα
3796 1265 3986 1323 αὐτοῦ,

2421 1361 2484 1430 ἢν
2518 1361 2611 1412 καὶ
2655 1358 2991 1411 λιτανεύουσι
3030 1358 3195 1427 δῆμοι
3239 1356 3489 1426 ἀθλητῶν
3544 1356 3989 1426 εὐπρεπέστατα.

2499 1536 2618 1598 Φῶς
2677 1536 2903 1604 ἄχρονον
2959 1534 3089 1603 ἡμῖν
3134 1531 3228 1585 τοῦ
3284 1532 3492 1601 Πατρὺς
3549 1531 3610 1584 τὸ
3654 1529 3991 1598 ἐπαύγασμα

2423 1628 2737 1698 ἐγέννησας,
2778 1627 2881 1680 ὑπὸ
2909 1626 3098 1697 χρόνον
3137 1624 3475 1695 ἀγαθότητος
3510 1622 3724 1693 πλούτῳ
3758 1623 3992 1692 γενόμε⁹

2424 1743 2533 1791 νον,
2566 1724 2798 1793 πανάμω
2806 1740 2894 1792 με.

2496 1819 2640 1871 Ναόν
2668 1835 2726 1870 σε
2754 1816 2846 1869 τοῦ
2866 1815 2999 1868 Θεοῦ
3025 1817 3118 1869 καὶ
3152 1814 3412 1867 παλάτιον
3436 1810 3676 1881 ἔμψυχον
3699 1810 3811 1862 τῶν
3833 1810 3995 1863 ἀθλο-

751 1916 803 1959 te
847 1918 1145 1977 martyrum
1179 1909 1629 1977 triumphantium
1689 1909 1914 1970 chorus,
1964 1919 2016 1962 te
2070 1908 2318 1969 Domina.

2427 1914 2606 1981 φόρων
2663 1910 2849 1981 χορεία
2902 1907 3218 1976 ἐπιγνοῦσα,
3262 1907 3553 1965 Δέσποινα,
3617 1904 3893 1957 λιτανεύει
3934 1920 3989 1955 σε

753 2001 1099 2068 deprecatur,
1142 2017 1262 2070 quae
1312 2002 1423 2056 sola
1467 2001 1755 2055 mulierum
1799 2003 2153 2071 opprobrium
2199 2003 2325 2057 abs-

756 2092 949 2145 tulisti.

833 2180 1062 2235 Verbum
1093 2181 1291 2247 Patris,
1335 2184 1539 2252 absque
1573 2185 1679 2237 ulla
1710 2184 2038 2253 virginitatis
2070 2195 2174 2239 tua:
2202 2201 2324 2239 cor-

756 2276 1026 2343 ruptione,
1070 2274 1124 2327 in
1183 2284 1235 2328 te
1290 2276 1585 2340 habitavit;
1618 2288 1670 2330 et
1718 2277 2140 2331 celeberrimum
2178 2292 2323 2329 mar-

753 2376 931 2432 tyrum
970 2366 1197 2421 chorum
1224 2368 1465 2432 attraxit,
1502 2378 1554 2422 te
1599 2368 1887 2439 Deiparam
1920 2379 2150 2436 castam,
2184 2383 2322 2439 prte-

754 2458 1043 2511 dicantem.

828 2552 1123 2618 I’errumpe
1176 2550 1388 2619 pondus
1427 2568 1588 2619 grave
1640 2553 1905 2607 malorum
1962 2571 2235 2623 meorum,
2292 2576 2325 2615 ο

758 2651 866 2694 tota
902 2651 1051 2695 casta
1098 2652 1262 2711 atque
1305 2642 1584 2706 inviolata,
1644 2652 1698 2697 et
1738 2645 1887 2698 omni
1917 2645 2075 2701 laude
2119 2650 2326 2718 dignis-

754 2734 912 2797 si-na,
942 2750 1064 2802 qua:
1094 2747 1248 2803 partu
1292 2746 1383 2790 tuo
1435 2737 1562 2792 Adae
1592 2738 1801 2807 lapsum
1835 2743 2101 2809 reparasti
2128 2761 2142 2808 ;
2175 2755 2229 2798 et
2264 2746 2327 2799 il-

756 2825 958 2878 Iumina
992 2842 1096 2891 me,
1124 2837 1182 2880 ut
1212 2829 1451 2883 clamare
1481 2833 1684 2898 possim
1720 2841 1898 2887 mente
1950 2849 2118 2903 pura:
2154 2835 2327 2893 Bene-

755 2914 940 2973 dicite,
968 2915 1149 2969 omnia
1182 2931 1373 2986 Opera,
1405 2918 1713 2973 Dominum.

825 3006 984 3061 Lucis
1010 3008 1379 3062 habitaculum
1415 3009 1556 3065 facta
1588 3028 1671 3075 es,
1719 3012 1865 3067 illius
1895 3015 2217 3087 scilicetqui
2258 3033 2325 3072 ex

758 3109 808 3152 te
855 3112 1071 3169 prapter
1100 3116 1201 3155 nos
1228 3114 1387 3156 natus
1417 3112 1531 3168 est;
1568 3121 1728 3175 quem
1767 3108 1886 3163 sine
1918 3110 2326 3166 intermissione

755 3191 1047 3259 deprecare
1084 3204 1141 3247 ut
1167 3195 1367 3249 lumine
1405 3211 1507 3250 suo
1555 3199 1846 3267 perfundat
1888 3217 2005 3264 eos,
2060 3204 2153 3271 qui
2193 3215 2262 3269 te,
2294 3222 2327 3259 ο

755 3283 1064 3338 castissima
1125 3284 1285 3357 Virgo
1321 3285 1522 3353 Mater,
1557 3290 1867 3346 collaudant
1929 3308 1994 3347 ac
2043 3291 2325 3364 Deiparam

760 3377 1110 3432 conﬁtentur.

765 3469 875 3538 82
930 3469 1009 3523 Ex
1060 3487 1259 3524 canone
1304 3473 1356 3525 in
1390 3472 1645 3547 Synaxim
1706 3476 2009 3547 archangeli
2046 3477 2327 3543 Cabriclis,

1439 3545 1521 3597 dic
1552 3547 1639 3598 26.

830 3650 1022 3705 Statim
1055 3663 1218 3723 atque
1248 3653 1466 3710 Gabriel
1497 3657 1630 3711 vidit
1668 3668 1719 3713 te
1752 3671 1959 3715 castam
2015 3664 2164 3718 omni
2209 3665 2331 3720 labe

755 3755 1051 3811 carentem,
1082 3747 1278 3801 illustri
1318 3764 1449 3801 voce
1495 3751 1822 3806 exclamavit
1857 3772 1869 3807 :
1899 3758 2034 3820 Ave,
2076 3757 2328 3821 Domina,

755 3838 975 3891 thalami
1013 3841 1217 3903 nescia,
1271 3842 1552 3895 hominum
1584 3844 1753 3909 salus,
1783 3847 2096 3917 angelorum
2128 3851 2329 3921 gloria-

756 3930 831 3982 tio
860 3940 912 3982 et
940 3944 1213 3987 venustas.

828 4022 1142 4089 Agnoscens
1168 4024 1385 4079 Gabriel
1406 4029 1727 4097 mysterium
1758 4030 1888 4083 olim
1920 4031 2328 4098 absconditum,

756 4113 820 4162 ad
865 4122 914 4164 te
944 4114 1293 4178 clamabat,o
1341 4118 1516 4185 puella
1566 4136 1579 4171 :
1640 4120 1773 4186 Ave,
1812 4120 1903 4174 Dei
1956 4123 2236 4189 palatium,
2276 4125 2328 4179 in

753 4218 862 4271 quo
896 4204 1226 4271 inhabitans,
1248 4223 1440 4263 omnes
1469 4210 1739 4274 homines,
1766 4220 1952 4268 utoote
1988 4215 2327 4284 misericors,

752 4296 1048 4351 deilicabit.

821 4392 955 4442 Cum
984 4402 1030 4443 te
1054 4400 1220 4444 totam
1247 4408 1274 4443 a
1303 4391 1508 4461 Spiritu
1540 4406 1731 4449 sancto
1757 4398 2119 4454 castiﬁcatam
2156 4403 2328 4459 vidis-

754 4496 835 4537 set
861 4482 1105 4544 Gabriel.
1136 4500 1167 4537 ο
1212 4486 1742 4553 innuaculatissima,
1791 4491 2117 4547 exclamavit
2156 4496 2221 4550 ad
2267 4507 2319 4552 te

2426 2005 2521 2077 τὴν
2549 2005 2714 2076 μόνην
2746 2002 3020 2072 γυναικῶν
3048 1999 3334 2072 ἀραμένην
3371 1999 3431 2052 τό
3458 1997 3681 2061 ὄνειδος.

2493 2186 2587 2255 Μὴ
2617 2184 2934 2254 διαφθείρας
2964 2183 3063 2252 τὴν
3092 2180 3391 2251 παρθενίαν
3408 2180 3542 2242 ὅλως
3564 2179 3664 2248 τὴν
3696 2178 3799 2248 σὴν
3821 2179 4000 2245 Λόγος

2425 2275 2520 2329 τοῦ
2583 2275 2816 2347 Πατρδς,
2870 2275 3179 2343 ἐσκήνωσεν
3221 2271 3314 2323 ἐπὶ
3366 2270 3488 2330 σοὶ,
3544 2270 3638 2322 καὶ
3699 2269 4005 2339 μαρτύρων

2430 2369 2780 2423 ἐπεσπάσατο
2826 2367 2985 2437 χορὸν
3010 2364 3273 2435 ἀοίδιμον,
3306 2363 3567 2417 Θεοτόκον
3597 2364 3771 2433 ἁγνήν
3803 2380 3865 2415 σε
3898 2381 3996 2433 κη-

2431 2461 2714 2534 ρύττοντα.

2509 2553 2703 2623 Ῥἧξον
2721 2552 2827 2604 τῶν
2858 2551 3046 2606 κακῶν
3072 2568 3173 2622 μου
3203 2552 3262 2605 τὸ
3290 2551 3430 2622 βαρὺ
3456 2551 3695 2622 φορτίον,
3725 2550 3997 2617 πάναγνε,

2426 2648 2461 2716 ἡ
2516 2645 2874 2717 ἁνορθώσασα
2923 2644 3096 2717 Ἀδὰμ.
3138 2644 3241 2717 ,τὴν
3293 2644 3589 2708 ἔκπτωσιν,
3620 2643 3885 2712 ἄχραντε,
3934 2645 4004 2711 τῇ

2430 2742 2622 2808 κυήσει
2648 2756 2763 2801 σου,
2798 2738 3141 2808 πανύμνητε,
3174 2740 3271 2793 καὶ
3321 2736 3730 2809 φωταγὼγησον
3784 2735 3920 2810 βοᾷν
3948 2738 4009 2791 ἐν

2427 2831 2653 2905 καθαρῷ
2686 2833 2929 2905 λογισμῷ
2951 2847 2965 2863 ⁸
3027 2834 3337 2904 Εὐλογεῖτε,
3390 2835 3568 2889 πάντα
3599 2836 3669 2888 τὰ
3722 2833 3887 2905 ἔργα,
3914 2832 4011 2887 τὸν

2429 2928 2656 2999 Κύριον.

2496 3021 2677 3084 ⁴1>ωτέ>ς
2704 3021 3019 3090 οἰκητήριον
3047 3020 3235 3089 ὤφθης
3264 3019 3357 3074 τοῦ
3391 3020 3458 3074 δι’
3486 3023 3637 3091 ἡμᾶς
3678 3022 3742 3073 ἐκ
3780 3020 3879 3075 σοῦ
3917 3038 4011 3074 τε·

2432 3111 2669 3182 χθέντος,
2700 3111 2759 3163 ὃν
2788 3111 3147 3174 ἀδιαλείπτως
3168 3112 3409 3165 δυσώπει
3442 3118 3857 3183 φωταγωγῆσαι
3881 3117 4012 3176 τοὺς

2358 3232 2399 3288 C
2432 3204 2805 3274 ἀνυμνοῦντάς
2844 3221 2923 3267 σε,
2981 3204 3075 3258 καὶ
3104 3206 3387 3271 Θεοτόκον,
3440 3208 3685 3276 πάναγνε
3728 3207 4011 3279 Παρθενο-

2436 3296 2628 3367 μῆτορ,
2670 3296 3162 3363 καταγγέλλοντας.

2445 3476 2543 3530 Ἐκ
2575 3475 2681 3529 τοῦ
2716 3477 2969 3539 κανόνος
3013 3476 3099 3539 εἷς
3126 3474 3241 3540 τὴν
3264 3475 3527 3537 σύναειν
3547 3475 3653 3529 τοῦ
3678 3477 4009 3545 ἀρχιστρα-

2782 3546 2965 3614 τήγου
2994 3546 3281 3613 Γαϐριὴλ,
3312 3545 3503 3613 ἡμέρᾳ
3534 3552 3649 3610 κς¹.

2512 3657 2710 3725 Ἀγνήν
2739 3673 2796 3709 σε
2841 3656 3183 3726 πανάμωμον
3218 3659 3247 3710 6
3292 3656 3534 3727 Γαϐριὴλ
3560 3656 3635 3720 ῶς
3666 3655 3907 3727 ἐὼρακε,
3949 3658 4013 3711 τὺ

2432 3750 2624 3820 Χαῖρε,
2662 3746 2767 3813 σοὶ,
2821 3746 3107 3810 Δέσποινα,
3154 3744 3425 3816 λαμπρῶς
3468 3745 3718 3814 ἐϐόησεν,
3779 3747 4013 3816 ἀπειρό-

2429 3858 2595 3911 γαμε,
2636 3837 2899 3910 βροτῶνὴ
2938 3837 3201 3907 σωτηρία,
3230 3838 3479 3905 ἀγγέλων
3509 3837 3569 3889 τὸ
3599 3839 3867 3907 καύχημα
3911 3840 4012 3891 καὶ

2432 3952 2488 3987 σε
2498 3934 2729 4003 μνολόγη
2740 3948 2835 4002 μα.

2498 4023 2784 4093 Γνωρίζων
2804 4021 2863 4074 τὸ
2888 4021 3054 4075 πάλαι
3074 4020 3458 4090 κεκρυμμένον
3492 4023 3816 4091 μυστήριον,
3841 4024 4013 4093 κόρη,

2431 4120 2513 4173 σοί
2539 4135 2668 4171 ποτε
2689 4119 2717 4170 6
2750 4115 2988 4185 Γαϐριὴλ
3022 4114 3331 4183 ἐκραύγασε
3361 4130 3374 4143 ·
3422 4115 3613 4183 Χαῖρε,
3647 4114 3785 4166 Θεοῦ
3823 4117 4012 4167 παλὰ-

2427 4229 2562 4272 τιον,
2583 4212 2639 4263 ἐν
2673 4203 2717 4277 ᾧ
2742 4208 2970 4278 οἰκήσας
2999 4207 3245 4268 ἅπαντας
3274 4204 3501 4275 βροτοὺς
3534 4204 3729 4258 θεῶσει
3772 4205 3851 4269 ῶς
3918 4206 4014 4260 εὖ·

2430 4282 2757 4372 σπλαγχνος.

2500 4396 2667 4465 Ὅλην
2718 4412 2779 4447 σε
2823 4392 2901 4464 τῷ
2938 4390 3218 4460 [Ινεύματι
3258 4392 3287 4443 6
3317 4388 3559 4461 Γαϐριὴλ
3606 4393 4016 4460 περιηγνισμέ-

2427 4509 2547 4560 νην,
2594 4490 2925 4558 πανάμωμε,
2962 4487 3309 4555 κατανοήσας
3356 4484 3523 4554 ἐκϐοᾷ
3574 4502 3657 4537 σοι
3709 4487 4011 4553 ἐμφανῶς·

752 4576 913 4628 rlaris
945 4576 1168 4630 vocibus
1201 4594 1213 4629 :
1251 4578 1384 4641 Ave,
1415 4578 1717 4647 redemptio
1749 4598 1779 4636 a
1817 4582 2200 4642 maledictione
2265 4602 2320 4645 at

2428 4586 2619 4654 Χαῖρε,
2651 4582 2788 4650 ἀρᾶς
2817 4579 3163 4651 ήλύτρωσις,
3198 4579 3293 4631 καὶ
3327 4577 3437 4629 τῶν
3462 4578 3846 4647 πρωπατόρων
3880 4580 4018 4633 ἀνά-

754 4667 1358 4735 primorumparentum
1398 4673 1693 4725 revocatio.

821 4756 956 4809 Cum
986 4757 1243 4823 templum
1273 4760 1722 4816 sanctiﬁcationis
1751 4778 1925 4829 esses,
1957 4781 1990 4819 ο
2023 4767 2319 4823 intemera-

753 4848 988 4905 tissima.
1038 4863 1133 4916 per
1168 4864 1354 4903 vocem
1417 4850 1687 4908 Gabrielis
1720 4858 2030 4927 archangeli
2064 4863 2321 4931 concepi-

751 4940 817 4992 sti
837 4957 982 5003 cum,
1006 4942 1097 5009 qui
1132 4944 1422 5011 requiescit
1446 4946 1497 4997 in
1524 4949 1728 5001 sanctis
1749 4950 1886 5018 suis,
1909 4954 2316 5010 sanctissimum

750 5028 940 5095 Deum,
976 5032 1064 5099 qui
1098 5033 1380 5087 uninrsos
1413 5037 1715 5092 sanctiﬁcat
1760 5054 1823 5093 ac
1855 5041 2105 5096 liberata
2138 5046 2319 5100 malis.

822 5123 1025 5178 Divinis
1046 5123 1316 5181 Gabrielis
1351 5128 1532 5182 verbis
1571 5131 1837 5186 obediens
1872 5132 2045 5197 luisti,
2081 5150 2113 5189 ο
2145 5147 2318 5203 casta,

747 5226 800 5270 ct
833 5214 1065 5269 Verbum
1093 5229 1353 5271 mternum
1402 5220 1455 5273 in
1480 5237 1644 5277 carne
1679 5226 1961 5294 perperisti
1991 5227 2134 5296 quod
2166 5245 2323 5283 mun-

746 5308 873 5361 dum
916 5309 983 5361 ab
1012 5308 1425 5363 irrationalitate
1449 5312 1718 5368 liberavit.

820 5400 1018 5455 Missus
1050 5410 1134 5455 est
1161 5404 1416 5472 princeps
1459 5406 1665 5460 militia:
1708 5409 1947 5465 cmlestis
1981 5413 2223 5469 Gabriel.
2257 5424 2319 5470 ut

746 5492 842 5545 tibi
896 5493 1151 5562 gaudium
1203 5495 1579 5562 aununtiaret,
1618 5516 1651 5551 o
1690 5513 1834 5554 casta
1902 5502 2067 5573 Virgo
2119 5505 2309 5571 Mater,

749 5604 842 5654 per
870 5604 1030 5658 quam
1059 5604 1182 5642 vere
1209 5589 1425 5643 tristitia
1454 5594 1711 5657 cessavit,
1752 5608 1803 5648 et
1850 5598 2162 5654 mali-dictio
2206 5611 2317 5655 ste—

748 5682 864 5735 rilis
912 5680 1053 5735 facta
1106 5692 1208 5745 est,
1252 5696 1315 5735 ac
1371 5681 1552 5738 ﬂoruit
1600 5686 1908 5743 benedictio
1961 5693 2209 5748 ﬁdelibus
2266 5696 2317 5748 in

749 5772 967 5825 secula.

826 5864 1104 5936 Tanquam
1142 5870 1443 5941 jucundum
1496 5876 1657 5946 Regis
1712 5880 1991 5943 thronum,
2058 5888 2315 5950 tanquam

2429 4679 2640 4747 κλησις.

2500 4771 2643 4833 Ναδς
2690 4767 3030 4836 ἀγιάσματος
3084 4764 3425 4833 ὑπάρχουπαο
3470 4762 3804 4831 πανάμωμεο
3854 4768 4012 4835 ’θωνῇ

2428 4862 2667 4933 Γαϐριὴλ
2696 4859 2789 4913 τοῦ
2823 4857 3186 4930 ἀρχαγγέλου,
3211 4856 3304 4908 τὸν
3335 4858 3392 4908 ἐν
3436 4855 3609 4921 ἁγίοις
3646 4856 4015 4924 ἀναπαυόμε.

2429 4976 2517 5010 νον
2550 4960 2774 5018 τέτοκας
2811 4954 3077 5021 πανάγιον
3107 4952 3264 5016 Θεὸν,
3304 4952 3515 5013 πάντας
3569 4950 3875 5017 ἁγιάζοντα
3918 4954 4013 5004 καὶ

2427 5047 2615 5101 δεινῶν
2650 5043 3052 5114 ἐξαιρούμενον.

2507 5137 2796 5207 ,Ρημάτων
2857 5136 3019 5187 θείων
3065 5134 3326 5202 ὑπήκοος,
3391 5132 3552 5201 ἁγνὴ,
3609 5131 3703 5183 τοῦ
3765 5131 4013 5200 Γαϐριὴλ

2428 5233 2824 5301 ἐχρημάτισας,
2855 5228 3065 5281 καὶτὸν
3096 5227 3444 5294 προὰναρχον
3473 5225 3645 5288 Λόγον
3684 5226 3850 5293 σαρκὶ
3872 5227 4014 5277 61:;-

2429 5326 2661 5392 κύησας,
2697 5323 2795 5389 τῆς
2826 5320 3051 5387 ἀλογίας
3085 5322 3288 5388 κόσμον
3315 5316 3823 5385 ἁπολυτρούμενον,

2511 5416 2813 5484 Ἀπεστάλη
2850 5413 3091 5484 Γαϐριὴλ
3122 5414 3150 5464 6
3181 5412 3620 5481 ἀρχιστράτηγος
3670 5411 3851 5479 χαρὰν
3899 5429 4010 5479 μη-

2427 5510 2567 5563 νύων
2606 5526 2703 5571 σοι,
2736 5507 3161 5577 Παρθενομῆτορ
3206 5505 3369 5574 ἁγνὴ,
3405 5504 3472 5555 δι’
3510 5498 3577 5573 ἦς
3608 5502 3751 5573 λύπη
3788 5504 4013 5556 1:63:9-

2425 5622 2538 5665 ται,
2572 5604 2663 5655 καὶ
2692 5603 2723 5671 ὴ
2755 5601 2863 5671 ἀρὰ
2907 5599 3123 5667 ἀληθῶς
3172 5597 3592 5665 ἀπεστείρωται,
3643 5601 3738 5649 καὶ
3782 5597 4008 5663 εὐλογία

2427 5700 2625 5769 ήνοησε
2659 5699 2768 5759 τοῖς
2803 5697 3011 5755 πιστοῖς
3036 5694 3115 5756 εἰς
3150 5694 3274 5753 τοὺς
3298 5693 3522 5753 αἰῶνας.

2513 5880 2597 5942 Ὠς
2641 5877 2828 5947 θρόνον
2877 5874 2969 5929 τον
3028 5872 3396 5944 πνευματικὸν
3442 5872 3533 5925 τοῦ
3591 5872 3883 5942 βασιλέως,
3933 5872 4007 5935 ὡς
