4166 6458
223 397 359 461 1035

1663 407 2023 467 MARIALE.

3317 406 3454 471 1086

216 519 435 569 πάντων
455 517 561 569 τῶν
585 517 901 586 ποιημάτων
925 519 1314 591 ὑπερέχουσαν,
1346 521 1417 585 ὡς
1437 524 1525 575 τὸν
1550 522 1776 593 ὑπερού-

1888 524 2141 577 omnibus
2191 520 2459 576 creaturis
2506 521 2953 585 eminentiorem,
3007 530 3260 588 tanquam
3308 538 3447 585 eam,

218 628 334 663 σιον
378 611 538 679 μόνον
579 612 923 666 οὐσιώσασαν
963 614 1054 666 τὸν
1088 615 1214 676 τοὺς
1245 613 1467 683 βροτοὺς
1507 616 1784 668 θεώσαντα

221 702 414 755 ὲνώσει
442 703 711 771 κρείττονι
739 709 1042 774 γεννήσεως
1074 708 1315 776 ἀρρήτου
1362 708 1453 760 καὶ
1482 709 1658 777 ξένης,
1691 708 1787 777 τὴν

216 795 588 866 εὐλογημένην
636 797 964 867 ὑμνήσωμεν
990 798 1284 867 Παρθένον.

289 972 496 1039 Φέγγος
518 973 802 1043 ἀστραπῆς
834 972 928 1025 τού
948 973 1109 1027 τόκου
1134 990 1225 1027 σου
1255 974 1495 1043 ἔλαμψεν
1526 974 1619 1026 καὶ
1653 991 1783 1027 κατ·

214 1065 504 1133 ε’,ταίόρυνε
543 1068 722 1117 πᾶσαν
777 1067 876 1133 τὴν
912 1066 1160 1135 ὑφήλιον,
1217 1068 1426 1119 καὶτὸν
1476 1069 1788 1135 προστάτην

215 1157 309 1207 τοῦ
354 1158 576 1219 σκότους
602 1157 793 1222 ὤλεσε,
820 1160 1192 1231 Θεογεννῆτορ
1229 1162 1495 1228 πάναγνε,
1538 1161 1787 1228 ἀγγέλων

214 1250 511 1318 καύχημα,
544 1252 637 1333 καὶ
667 1251 970 1321 ἀνορώπων
1007 1253 1226 1306 πάντων
1254 1254 1313 1305 τὸ
1348 1253 1649 1323 διάσωσμα,
1680 1252 1787 1305 τῶν

212 1342 517 1401 ἀπαύστοις
552 1344 756 1409 φωναῖς
784 1343 1177 1412 εὐφημούντων
1209 1360 1289 1397 σε.

227 1538 323 1590 Ἐκ
347 1539 454 1593 τοῦ
478 1539 737 1605 κανόνος
766 1543 852 1606 εἰς
873 1540 980 1611 τὸν
994 1542 1168 1595 ὅσιον
1184 1542 1413 1609 Πατέρα
1430 1541 1596 1611 ἡμῶν
1631 1546 1782 1599 Ἰλαο

557 1611 745 1678 ρίωνα
766 1612 870 1664 τὸν
898 1610 1072 1676 Νέον,
1099 1614 1290 1681 ἡμέρᾳ
1317 1621 1420 1683 κη’.

285 1738 408 1791 Τῶν
435 1738 580 1809 ἐμῶν
604 1741 957 1812 πταισμάτων
979 1743 1079 1806 τὰς
1100 1743 1308 1813 σειρὰς,
1335 1746 1597 1813 πάναγνε,
1628 1746 1785 1819 διάρ-

1885 631 2005 683 quae
2032 615 2205 669 solum
2243 612 2826 681 supersubstantialem
2860 612 3220 666 substantiam
3250 611 3449 673 effecit,

1885 706 1976 774 qui
2030 704 2477 773 prmstantissima
2513 702 2711 756 unione
2746 704 3032 757 ineffabilis
3055 716 3119 756 ac
3154 702 3452 770 peregrinae

1887 798 2255 868 generationis
2315 797 2567 851 homines
2606 796 2912 859 deificavit,
2962 795 3235 865 Virginem
3291 796 3451 848 liene-

1886 891 2083 945 dictam
2103 891 2495 946 collaudemus.

1954 980 2122 1035 Juliar
2148 982 2371 1051 fulgoris
2405 989 2590 1049 partus
2620 981 2696 1035 lui
2727 981 3059 1044 coruscavit,
3112 990 3273 1049 atque
3323 981 3450 1031 uni-

1887 1087 2099 1127 versum
2159 1082 2423 1125 terrarum
2459 1072 2644 1125 orbem
2692 1072 2808 1124 laeta
2841 1070 2961 1124 luce
2994 1072 3261 1135 perfudit;
3301 1080 3450 1122 tene-

1888 1163 2219 1231 brarumque
2250 1162 2539 1231 praesidem
2604 1162 2927 1230 profligavit,
2962 1178 2996 1213 υ
3061 1161 3149 1214 Dei
3206 1161 3448 1215 Genitrix

1887 1256 2211 1317 castissima,
2254 1254 2573 1325 angelorum
2626 1252 2894 1321 gloriatio,
2948 1253 3056 1322 83
3102 1262 3155 1305 et
3204 1254 3447 1304 omnium

1888 1346 2167 1399 hominum
2200 1345 2368 1407 salus,
2401 1345 2493 1414 qui
2531 1353 2582 1398 te
2620 1342 3038 1397 incessabilihus
3065 1342 3287 1396 vocibus
3320 1357 3451 1394 con-

1886 1437 2183 1491 celebrant.

1889 1548 1971 1602 Ea:
2022 1563 2221 1602 canone
2282 1547 2334 1597 in
2399 1544 2455 1600 S.
2510 1544 2597 1667 P.d
2641 1542 3095 1666 N.8Hilarioncm
3149 1542 3447 1607 Juniorem,

2604 1616 2707 1667 iei
2751 1652 2766 1665 .

2604 1616 2649 1667 ie
2674 1616 2766 1666 28.

1957 1750 2267 1819 Disrumpe,
2333 1763 2366 1802 ο
2421 1748 2749 1811 castissima,
2794 1754 3141 1814 peccatorum
3203 1760 3445 1799 meorum

215 1834 400 1900 ῥηξον,
427 1832 517 1885 τὸν
551 1833 641 1886 σὸν
665 1834 795 1886 Υἰὸν
842 1836 935 1887 καὶ
980 1836 1114 1888 Θεὸν
1176 1836 1492 1892 ἱκετεύουσα
1517 1856 1531 1872 ·
1563 1840 1659 1893 καὶ
1688 1841 1776 1908 τὴν

1886 1845 2129 1909 vincula,
2168 1844 2466 1912 deprecans
2492 1855 2589 1911 pro
2620 1854 2705 1894 me
2738 1838 2931 1892 Filium
2958 1854 3021 1893 ac
3057 1838 3221 1892 Deum
3258 1851 3445 1899 tuum;

208 1925 583 1995 τυραννοῦσάν
613 1945 701 1996 με,
743 1928 1113 1999 Ἀειπάροενε,
1160 1931 1435 2001 ἁμαρτίαν
1485 1932 1775 1998 κατάϐαλε,

207 2020 357 2083 ὅπως
391 2037 448 2072 σε
478 2020 723 2092 γεραίρω
769 2020 1027 2090 πάντοτε,
1061 2024 1394 2096 πανάμωμε,
1449 2026 1774 2097 σωζόμενος.

289 2196 592 2266 Ἵάτρευσον
624 2196 694 2249 τὰ
727 2197 1011 2268 τραύματα
1049 2200 1149 2268 τῆς
1195 2198 1374 2271 ψυχῆς
1411 2219 1532 2272 μου,
1564 2202 1774 2274 δέομαι,

206 2290 303 2341 καὶ
329 2287 423 2339 τοῦ
457 2286 576 2350 νοὸς
607 2288 941 2359 κυϐέρνησον
973 2291 1071 2353 τὰς
1115 2294 1357 2363 κινήσεις
1396 2295 1531 2363 πρὸς
1574 2296 1642 2348 τὰ
1686 2296 1769 2349 θε-

203 2376 269 2448 λή
279 2395 427 2449 ματα
453 2377 545 2431 τοῦ
573 2381 636 2431 ἐκ
668 2379 761 2433 σοῦ
793 2380 1190 2450 σαρκωθέντος,
1224 2384 1361 2455 κόρη
1392 2385 1660 2454 πάναγνε.

306 2560 349 2612 Ο
376 2560 580 2630 Κύριός
613 2579 673 2614 σε
704 2561 918 2631 κυρίαν
948 2562 1204 2616 ἁπάντων
1224 2562 1321 2617 καὶ
1345 2563 1642 2618 Δέσποιναν
1665 2567 1779 2637 alp-

204 2651 435 2718 γάσατο,
459 2651 695 2720 ἄχραντε
720 2666 737 2681 ⁸
768 2651 865 2704 σοῦ
910 2653 1019 2722 γὰρ
1064 2655 1127 2705 ὲκ
1166 2653 1382 2721 μήτρας
1433 2653 1777 2725 σεσάρκωται

205 2743 699 2812 κατακυριεύοντος
750 2743 918 2797 αὐτοῦ
969 2746 1028 2797 τὸ
1063 2742 1194 2797 ῐδιον
1223 2744 1446 2815 πλάσμα
1487 2745 1774 2817 λυτρωσά-

204 2851 387 2904 μενος.

289 2927 465 2996 ’ἰσχὺς
519 2926 626 2980 τῶν
685 2925 893 2980 πιστῶν
956 2926 1052 2981 καὶ
1108 2927 1270 2981 ὁσίων
1319 2926 1574 2996 ’γέγονας
1642 2947 1781 2999 κρα-

202 3018 427 3087 ταίωμα
454 3036 466 3051 ·
492 3020 581 3073 διὰ
613 3018 709 3073 σοῦ
748 3019 879 3088 γὰρ,
925 3018 1190 3089 ἄχραντε.
1245 3018 1448 3073 ἅπασιν
1498 3021 1780 3088 ἑπήγασας

200 3112 272 3165 τὰ
302 3113 609 3181 κρείττονα,
641 3112 737 3166 καὶ
769 3113 818 3165 οἱ
845 3113 948 3182 γῆν
974 3111 1358 3175 κατοικοῦντες
1390 3111 1524 3182 πρὸς
1547 3112 1779 3182 οὐρανὸν

203 3204 531 3275 βαδίζουσιν.

275 3299 388 3366 Τὴν
426 3298 674 3352 παστάδα
726 3297 860 3352 Θεοῦ
912 3298 1011 3367 τὴν
1050 3297 1373 3369 ἀμόλυντον,
1432 3296 1623 3367 θρόνον
1681 3297 1774 3349 τὸν

203 3390 554 3459 πυρίμορφον
583 3389 676 3443 τοῦ
708 3389 1175 3460 Παντοκρατορος,
1212 3389 1313 3458 τὴν
1351 3389 1614 3441 Θεοτόκον
1634 3388 1774 3442 ἃπα-

204 3499 295 3535 σαι
325 3485 509 3549 γενεαὶ
545 3482 749 3549 γενεῶν
778 3483 1197 3552 μακαρίσωμεν.

271 3574 573 3643 Συμϐόλοις
603 3590 662 3626 σε
686 3574 972 3645 πόρρωθεν
1007 3571 1363 3643 προδιετύπου
1412 3574 1446 3643 ή
1482 3573 1642 3642 χάρις
1678 3573 1772 3626 τοῦ

200 3664 522 3734 Πνεύματος
548 3668 902 3736 προφητικοῖς
928 3665 1283 3735 χαρίσμασιν,
1308 3663 1431 3733 ὅρος
1451 3667 1573 3716 πῖον
1597 3665 1772 3733 ἅγιον,

200 3755 380 3822 πύλην
436 3757 724 3825 σωτήριον,
770 3755 936 3824 τόμον
980 3772 1038 3808 τε
1087 3756 1427 3821 καινότατον,
1467 3756 1626 3827 ἁγνὴ,
1683 3757 1776 3810 καὶ

200 3846 437 3898 κιὸωτόν
465 3862 521 3897 σε
558 3845 1026 3916 κατονομάζουσα.

283 4026 487 4081 Ῥύπου
522 4044 589 4098 με
618 4028 828 4092 παθῶν,
850 4028 941 4081 καὶ
975 4027 1165 4081 σπίλου
1194 4027 1490 4097 ἁμαρτίας,
1523 4026 1772 4097 θεοχαρῐ-

200 4136 342 4174 τωτε
374 4118 699 4185 ἀπύπλυνον,
743 4120 837 4171 καὶ
876 4118 1048 4182 πύλας
1105 4137 1194 4187 μοι
1229 4118 1439 4182 ἄνοιξον
1486 4120 1774 4188 μετανοίας

198 4212 577 4276 ὀλισθαίνοσιτι,
598 4212 693 4263 καὶΙ
722 4210 957 4279 συνεχῶς
983 4212 1093 4273 τοῖς
1118 4210 1475 4279 πταίσμασιν,
1514 4209 1773 4280 ἄχραντε,

200 4303 557 4365 συναντῶντι,
585 4303 678 4354 καὶ
717 4302 812 4354 τὸν
838 4302 970 4355 Θεὸν
1006 4302 1418 4372 παροργίζοντι.

268 4397 459 4466 Φωνήν
509 4412 591 4448 σοι
643 4396 994 4465 προσάγομεν
1032 4394 1125 4447 τοῦ
1160 4393 1400 4465 Γαϐριὴλ
1445 4393 1772 4464 γηθόμενοι⁶

201 4490 400 4557 Χαῖρε,
441 4487 710 4554 λέγοντες,
751 4484 898 4550 οἶκος
947 4485 1041 4539 τοῦ
1078 4487 1548 4555 Παντοκράτορος,
1597 4488 1773 4555 χαῖρε,

200 4582 307 4633 τῶν
334 4579 495 4631 ὁσίων
530 4580 562 4647 ἡ
598 4578 721 4642 δόξα
750 4580 842 4630 καὶ
869 4578 976 4631 τῶν
1007 4577 1213 4631 πιστῶν
1246 4579 1460 4631 πάντων
1498 4578 1765 4649 σωτηρία,

198 4674 265 4726 δι’
383 4668 716 4740 ἑθεώῦημεν,
747 4671 975 4723 Θεοτόκε
999 4668 1349 4740 άειπάρθενε.

212 4809 313 4861 Ἐκ
348 4804 453 4859 τοῦ
485 4807 741 4870 κανόνος
789 4808 875 4869 εἰς
903 4805 1009 4857 τὸν
1050 4804 1220 4873 ἅγιον
1247 4802 1493 4870 Μάρκον
1522 4802 1774 4857 ἐπίσκο-

520 4892 638 4929 πον
686 4876 1098 4943 Ἀρεθουσίων,
1132 4875 1323 4943 ἡμέρᾳ
1350 4874 1453 4928 κοθ.

271 5017 437 5083 Ὄρος
470 5030 527 5064 σε
552 5011 848 5065 κατάσκιόν
878 5027 1007 5063 ποτε
1035 5012 1063 5063 ὁ
1102 5010 1419 5080 Ἀὁόακοὺμ
1442 5008 1776 5079 ἑλλαμφθεὶς

199 5104 699 5173 ἒϐεάσατο,ξΜῆτερ
748 5105 1113 5174 άπειρόγαμε,
1150 5104 1207 5168 ἐξ
1237 5096 1305 5174 ἦς
1341 5101 1476 5165 Θεὸς
1512 5119 1777 5172 σωματω-

199 5200 313 5261 θεὶς
355 5198 623 5265 ὲπέφανεν
679 5197 848 5267 ἀρετῇ
899 5195 1144 5265 καλύψας
1176 5195 1250 5258 ὡς
1302 5195 1519 5265 ἀληθῶς
1564 5194 1635 5248 τὰ
1682 5196 1774 5248 ού-

199 5289 384 5358 ράνια.

280 5383 339 5433 ὐ
372 5381 530 5450 μόνος
576 5371 740 5434 οἰκῶν
794 5382 919 5443 τοὺς
967 5380 1233 5450 οὐρανοὺς
1273 5380 1371 5451 τὴν
1406 5381 1619 5451 μήτραν
1677 5396 1772 5432 σου

198 5473 526 5543 κατῴκησεν
570 5473 867 5543 ὑπερδολῇ,
913 5471 1181 5539 Παρθένε,
1239 5472 1627 5543 χρηστότητος,
1678 5473 1774 5524 καὶ

200 5566 336 5630 σὰρξ
366 5563 555 5634 ὠράοη
588 5565 651 5617 ὲκ
685 5562 779 5615 σοῦ
815 5565 1130 5632 τικτόμενος
1158 5579 1173 5593 ο
1207 5563 1321 5616 ἀλλ’
1349 5564 1510 5616 αὐτὸν
1561 5563 1770 5615 ἱκέτευε

198 5675 380 5727 sum;
408 5658 804 5726 περιστάσεως,
831 5658 1094 5724 παναγία,
1119 5654 1384 5724 ρυσθῆναι
1401 5656 1525 5718 τοὺς
1553 5654 1771 5719 δούλους

201 5768 315 5804 σου.

275 5843 624 5897 Συλλαξοῦσα
658 5842 936 5913 ἀφλέκτως
982 5842 1041 5895 τὸ
1078 5842 1187 5913 πῦρ
1223 5842 1321 5913 τῆς
1374 5844 1771 5915 Θεότητος,κα“ι

1880 1948 1936 1995 et
1964 1947 2266 2008 peccatum,
2300 1934 2443 2004 quod
2487 1949 2571 1987 me
2594 1930 2876 2002 tyrannice
2915 1931 3129 1996 premit,
3163 1931 3356 1998 dejiee,
3391 1941 3448 1982 ut

1882 2030 2112 2087 salutem
2158 2037 2485 2083 consecutus
2533 2035 2585 2081 te
2614 2038 2827 2093 semper
2895 2023 3165 2077 honorare
3216 2025 3443 2085 valeam,

1880 2140 1913 2178 0
1942 2138 2156 2192 semper
2190 2120 2347 2190 Virgo
2380 2120 2693 2189 purissima.

1950 2215 2112 2279 Cura,
2164 2228 2377 2283 precor,
2411 2212 2633 2267 vulnera
2660 2213 2856 2267 anima:
2896 2227 3048 2275 mea),
3080 2225 3111 2264 ο
3144 2208 3320 2279 puella
3349 2221 3442 2260 ea-

1881 2308 2157 2371 stissima;
2191 2315 2242 2359 et
2275 2306 2471 2358 mentis
2509 2318 2642 2357 mea:
2691 2314 2872 2359 motus
2922 2318 3047 2372 rege
3079 2316 3143 2356 ac
3175 2301 3345 2367 dirige
3376 2297 3442 2349 ail

1880 2397 2209 2449 voluntatem
2255 2393 2373 2462 ejus
2418 2392 2743 2457 faciendam,
2783 2393 2875 2454 qui
2921 2408 2986 2447 ex
3038 2400 3089 2446 te
3131 2392 3447 2444 incarnatus

1878 2496 1980 2540 CSl.

1954 2574 2215 2629 Dominus
2238 2573 2522 2629 constituit
2553 2582 2625 2637 te,
2660 2588 2692 2627 ο
2720 2572 3013 2639 ςίηνίοιιιια,
3051 2571 3337 2624 Dominam
3380 2583 3445 2623 ac

1882 2667 2142 2737 Reginam
2168 2667 2542 2721 universorum
2576 2682 2679 2721 τοι
2714 2676 2867 2719 utero
2892 2665 3036 2718 enim
3067 2674 3159 2717 tuo
3204 2665 3451 2717 incarna-

1882 2770 1971 2813 tus
2003 2768 2103 2821 est,
2143 2768 2201 2813 ut
2224 2774 2382 2813 suum
2409 2758 2616 2826 plasma
2644 2757 2711 2811 ab
2749 2772 2836 2823 eo,
2863 2755 2954 2827 qui
2983 2756 3160 2809 eidem
3195 2755 3449 2810 domina-

1884 2852 2065 2915 batur,
2100 2851 2368 2905 liberaret.

1954 2942 2235 2997 Fortitudo
2284 2943 2521 2997 lldelium
2581 2952 2635 2998 et
2672 2943 3073 2996 firmamentum
3130 2948 3440 2993 sanctorum

1885 3034 2025 3088 faeta
2057 3050 2135 3098 es,
2159 3049 2191 3086 ο
2214 3034 2531 3089 intemerata
2576 3051 2589 3087 :
2632 3048 2727 3101 per
2768 3040 2822 3085 te
2852 3032 2993 3084 enim
3030 3030 3283 3082 omnibus
3313 3046 3449 3096 ιιιπυι

1885 3124 2346 3178 stantissimorum
2379 3124 2643 3177 bonorum
2680 3122 2801 3176 fons
2852 3122 3146 3184 emanavit,
3193 3130 3245 3173 et
3293 3119 3450 3172 habi-

1808 3203 1849 3258 C
1886 3218 2124 3272 tantibus
2156 3217 2206 3269 in
2248 3226 2388 3271 terra
2415 3215 2479 3269 ad
2512 3216 2707 3270 caelum
2742 3215 2844 3267 iter
2876 3211 3207 3281 patefactum
3243 3219 3345 3264 est.

1950 3306 2271 3360 Thalamum
2322 3303 2410 3358 Dei
2466 3303 2830 3372 impollutum,
2888 3301 3144 3353 thronum
3180 3297 3444 3367 Omnipo-

1880 3400 2042 3454 tentis
2093 3397 2460 3467 igniformcm,
2492 3397 2774 3465 Deiparam
2818 3408 3009 3446 onmcs
3064 3391 3446 3461 generationes

1876 3492 2285 3562 generationum
2339 3489 2730 3541 beatilieemus.

1948 3582 2131 3638 Gratia
2171 3580 2409 3649 Spiritus
2440 3579 2614 3633 sancti
2662 3575 2991 3646 prepheticis
3026 3571 3449 3629 cltarismatihus

1882 3681 1933 3727 te
1959 3686 1989 3724 a
2023 3672 2184 3740 longe
2220 3684 2313 3739 per
2360 3669 2605 3740 symbola
2634 3666 3034 3737 prmligurabat,
3064 3680 3097 3717 ο
3128 3675 3317 3726 casta;
3355 3678 3449 3715 no-

1877 3764 2096 3819 minans
2135 3772 2185 3817 te
2222 3770 2461 3815 montem
2497 3761 2749 3831 pinguem
2786 3775 2849 3812 ac
2909 3766 3177 3820 sanctum,
3238 3767 3444 3823 portam

1877 3856 2195 3918 salutarem,
2236 3853 2487 3907 volumen
2551 3868 2749 3906 novum
2796 3867 2859 3905 ac
2893 3849 3354 3909 recentissimum,
3397 3857 3451 3899 et

1876 3961 2083 3999 arcam.

1947 4037 2191 4091 Emunda
2218 4051 2322 4098 me,
2354 4051 2389 4089 o
2424 4034 2534 4089 Deo
2562 4032 2914 4094 charissima,
2944 4046 2973 4084 a
3015 4030 3270 4084 sordibus
3318 4044 3443 4096 pas-

1878 4127 2114 4188 sionum,
2140 4134 2194 4178 et
2216 4140 2244 4178 a
2272 4123 2500 4177 maculis
2547 4122 2775 4192 peccati,
2809 4130 2862 4173 et
2902 4120 3233 4189 paenitentia:
3269 4128 3451 4185 poi-tas

1877 4217 2026 4286 aperi
2055 4215 2207 4280 mihi,
2237 4230 2270 4269 ο
2302 4215 2510 4269 illibata
2537 4251 2551 4276 ,
2601 4211 2694 4282 qui
2722 4212 2879 4274 cado,
2911 4220 2965 4263 et
2997 4209 3215 4264 assidue
3249 4210 3298 4260 in
3330 4224 3453 4276 pec-

1876 4319 1999 4363 cata
2026 4308 2266 4368 incurro,
2298 4304 2574 4373 Deumque
2603 4316 2840 4372 provoco
2866 4302 2931 4354 ad
2972 4301 3128 4353 iram.

1951 4398 2153 4453 Vocem
2192 4395 2463 4451 Gabrielis
2502 4395 2568 4447 ad
2603 4403 2654 4447 te
2684 4407 2806 4446 cum
2851 4391 3050 4461 gaudio
3101 4388 3451 4459 proferimus,

1881 4491 2122 4546 dicentes
2155 4507 2169 4543 :
2201 4488 2334 4554 Ave,
2389 4489 2583 4541 domus
2612 4485 3013 4554 Omnipotentis
3049 4501 3062 4536 :
3117 4496 3237 4542 ave,
3277 4482 3447 4550 gloria

1880 4579 2342 4651 sanctorum,8&.
2366 4590 2419 4633 et
2449 4580 2600 4633 salus
2623 4579 2866 4632 omnium
2889 4576 3151 4637 fidelium,
3175 4590 3206 4627 ο
3230 4575 3452 4640 lleipat'a

1879 4690 2093 4743 semper
2118 4672 2304 4742 Virgo,
2337 4686 2433 4741 per
2461 4685 2626 4741 quam
2652 4668 2887 4724 deiﬁcati
2922 4684 3133 4722 sumus.

1882 4807 1966 4862 Ea:
2007 4823 2207 4862 canone
2240 4808 2293 4860 in
2336 4804 2496 4860 Festo
2532 4802 2590 4859 S.
2637 4802 2831 4927 sint;
2860 4802 3091 4871 episcopi
3137 4799 3453 4853 Arethusia-

2466 4893 2600 4927 rum.
2677 4892 2721 4927 ie
2766 4909 2797 4926 ...
2840 4910 2854 4924 .

2466 4893 2600 4940 rum,
2637 4892 2721 4928 aie
2763 4892 2854 4927 zu.

1948 5016 2185 5069 Montem
2219 5006 2821 5080 umbrosum,quondam
2853 5008 3145 5062 Abbacuch
3174 5006 3453 5060 illumina-

1880 5119 1966 5162 tus
2003 5118 2051 5160 te
2086 5108 2238 5169 vidit,
2273 5117 2445 5159 mater
2488 5107 2737 5173 innupta,
2780 5118 2843 5157 ex
2882 5118 2985 5171 qua
3025 5100 3167 5154 Deus
3196 5101 3453 5168 incorpo-

1877 5210 2029 5254 ratus
2094 5202 2364 5269 apparuit,
2410 5200 2609 5252 virtute
2677 5196 2962 5251 occultans
3010 5194 3295 5249 verissime
3342 5207 3453 5247 cu}-

1878 5293 2056 5349 lestia.

1947 5382 2016 5446 Is,
2052 5382 2141 5452 qui
2164 5381 2313 5435 solus
2347 5380 2613 5434 inhabitat
2659 5381 2847 5443 caelos,
2880 5381 2933 5433 in
2980 5389 3135 5433 utero
3166 5389 3260 5433 tuo
3290 5378 3446 5432 babi-

1877 5476 2031 5539 tavit,
2065 5492 2098 5528 ο
2142 5473 2328 5544 Virgo,
2376 5474 2448 5528 ob
2482 5488 2766 5529 excessum
2806 5472 3184 5541 benignitatis,
3233 5482 3287 5527 et
3320 5488 3448 5525 caro

1877 5570 2129 5639 apparuit
2156 5578 2315 5622 natus
2350 5583 2415 5621 ex
2445 5576 2514 5622 te.
2547 5566 2626 5621 Tu
2666 5581 2798 5622 vero
2830 5568 3003 5635 ipsum
3035 5564 3354 5634 deprecare,
3409 5578 3444 5617 o

1877 5662 2245 5727 sanctissima,
2279 5670 2338 5715 ut
2372 5662 2562 5716 liberet
2589 5676 2775 5715 servos
2808 5670 2931 5714 tuos
2963 5660 3029 5713 ab
3057 5659 3207 5712 omni
3248 5660 3444 5711 adver-

1878 5753 2063 5809 sitatc.

1949 5842 2078 5910 Qua:
2110 5846 2398 5914 suscepisti
2429 5846 2635 5916 absque
2669 5845 3049 5901 combustiouc
3084 5844 3263 5915 ignem
3298 5841 3446 5896 Divi-
