4166 6458
753 394 888 457 1087

1876 413 1934 471 S.
1974 413 2287 474 JOSEPHI
2329 414 2887 480 lIYMNOGRAPHI

3851 431 3994 494 1038

748 507 955 565 uitatis,
981 517 1033 560 et
1060 510 1312 578 peperisti
1340 514 1456 567 sine
1485 516 1696 571 semine
1730 516 1937 574 fontem
1973 522 2097 575 vitae
2128 523 2309 576 Domi-

2423 525 2650 579 τεκοῦσα
2676 529 2933 598 ἀσπόρως
2970 531 3153 601 πηγὴν
3186 531 3331 604 ζωῆς
3357 533 3449 586 τὸν
3485 533 3706 603 Κύριον.
3759 554 3992 606 κεχαρι-

748 612 899 657 num,
932 612 965 649 ο
992 598 1237 666 Deipara,
1258 606 1436 668 gratia
1468 608 1649 675 plena,
1676 612 1825 666 salva
1864 612 1932 667 ab
1954 614 2102 668 omni
2138 627 2313 684 parte,

746 690 1158 755 niagniﬁcantes
1191 703 1260 747 te.

818 777 925 835 Nos
953 782 1041 849 qui
1076 791 1221 837 tuam
1256 788 1647 853 protectionem
1675 792 2037 861 possidemus,
2064 811 2097 850 ο
2122 798 2316 851 imma-

748 871 947 932 culata,
979 882 1031 923 et
1064 877 1174 929 tuis
1209 876 1694 937 intercessionibus
1729 898 1759 936 a
1802 886 1961 940 malis
1993 887 2311 954 liberamur,

748 978 778 1015 a
810 979 971 1017 cruce
1000 963 1119 1018 Filii
1148 968 1224 1020 tui
1250 969 1303 1021 in
1342 971 1599 1027 omnibus
1643 975 1922 1043 custoditi,
1948 978 2072 1047 jure
2110 990 2161 1035 te
2192 996 2316 1035 0m-

749 1070 845 1108 nes
874 1056 1123 1125 religiose
1155 1063 1587 1131 magniticamus.

820 1167 974 1224 Mons
1003 1172 1112 1237 ille,
1168 1190 1326 1243 quem
1375 1179 1635 1248 propheta
1694 1184 1881 1239 Daniel
1930 1186 2082 1249 vndit,
2111 1204 2174 1242 ex
2204 1204 2315 1261 quo

749 1258 883 1326 lapis
913 1260 1166 1318 Christus
1194 1266 1473 1323 abscissus
1518 1284 1600 1326 est
1631 1278 1749 1329 sine
1792 1292 1981 1343 manu,
2020 1291 2315 1338 conterens

748 1351 912 1417 idola,
944 1366 995 1407 et
1017 1368 1262 1411 evertens
1282 1358 1589 1417 dzemonnm
1613 1366 1831 1433 fastum,
1868 1380 1923 1424 tu
1955 1387 2034 1439 es,
2063 1389 2096 1428 o
2125 1372 2310 1446 Virgo,

746 1455 1029 1512 prOpterea
1065 1457 1115 1501 te
1154 1448 1540 1516 gloriﬁcamus.

813 1558 1106 1617 Admirans
1136 1566 1480 1621 sanctissima
1514 1583 1658 1635 eum,
1685 1574 1777 1642 qui
1819 1590 1885 1629 ex
1917 1592 1976 1632 se
2008 1587 2168 1633 natus
2192 1590 2311 1635 erat

746 1647 1108 1720 incll‘abiliter,
1140 1666 1342 1711 terrore
1372 1663 1805 1729 concutiebatur,
1825 1679 1877 1721 et
1912 1670 2310 1739 magniﬁcabat,

747 1750 802 1791 et
850 1742 1142 1808 clamabat,
1175 1748 1463 1813 Quomodo
1514 1755 1567 1807 in
1618 1757 1760 1812 ulnis
1794 1760 1927 1813 meis
1978 1762 2310 1831 complector

749 1842 818 1895 te,
852 1832 974 1898 Fili,
1008 1840 1262 1895 universa
1293 1845 1765 1914 complectentem.

818 1946 1083 2004 Palatium
1119 1953 1207 2008 Ι)εοί
1227 1960 1544 2025 apparuisti,
1578 1959 1829 2027 Domina,
1851 1966 2095 2021 omnium
2123 1984 2318 2038 regna-

749 2041 904 2104 toris,
939 2058 1098 2111 quem
1127 2047 1439 2115 deprecare,
1478 2062 1535 2106 ut
1590 2071 1676 2109 me
1728 2058 1992 2112 malorum
2044 2060 2314 2116 latronum

746 2130 1105 2187 diversorium
1144 2140 1342 2193 laetum
1391 2154 1675 2212 expurget,
1713 2155 1767 2200 et
1799 2147 1971 2203 salvet
1995 2165 2102 2213 me,
2144 2167 2177 2203 ο
2211 2151 2316 2205 im-

749 2226 1039 2278 maculata.

818 2338 1138 2410 Segniticm,
1171 2360 1294 2414 quae
1324 2356 1406 2402 est
1465 2348 1515 2403 in
1549 2366 1654 2413 me,
1694 2354 1946 2421 Domina,
1998 2368 2052 2413 et
2088 2375 2316 2416 somno-

746 2429 967 2485 lentiam
1033 2450 1252 2503 gravem
1300 2439 1652 2508 vigilantibus
1711 2447 1819 2502 tuis
1874 2459 1929 2502 et
1992 2454 2315 2507 venerandis

747 2522 1002 2590 precibus
1045 2527 1186 2593 apud
1224 2526 1411 2595 Deum,
1444 2532 1811 2598 innnaculata.
1865 2541 2094 2608 expelle,
2126 2551 2180 2595 et
2207 2544 2312 2596 mi-

747 2626 927 2667 serere
957 2616 1083 2679 mei,
1116 2617 1207 2685 qui
1234 2635 1371 2675 cano
1409 2640 1422 2675 :
1472 2623 1580 2693 85
1608 2625 1916 2684 Laudabilis
1946 2641 1999 2686 et
2030 2635 2311 2705 δίψει-ειυ-

747 2704 929 2759 riosus
959 2704 1098 2762 Deus
1126 2720 1340 2778 patrum
1373 2726 1711 2772 nostrorum.

816 2817 1116 2874 Contritam
1156 2823 1436 2879 hominum
1464 2838 1713 2884 naturam
1748 2834 1970 2903 antiqua
2009 2846 2315 2907 transgres-

745 2910 919 2976 sione,
959 2912 1271 2971 reformaSti
1327 2932 1494 2987 super
1546 2931 1819 2988 naturam,
1860 2936 1913 2979 et
1966 2927 2251 2995 deiticasti,
2282 2945 2316 2984 o

746 3015 902 3068 pura,
960 3006 1279 3072 psallentem
1334 3012 1512 3079 partui
1568 3021 1661 3067 tuo
1710 3028 1727 3068 :
1773 3015 2102 3084 Benedicite,
2130 3021 2313 3076 omnia

746 3106 935 3161 Opera,
973 3107 1078 3151 etc.

2419 620 2659 691 τωμένη,
2703 620 2953 689 Θεοτόκε,
2983 623 3256 694 περίσωζε
3286 626 3410 688 τοὺς
3445 626 3506 678 σὲ
3557 628 3988 695 μεγαλύνοντας.

2493 798 2555 849 Οἱ
2588 799 2686 868 τὴν
2714 799 2812 870 σὴν
2842 803 3181 872 προστασίαν
3210 805 3562 876 κεκτημένοι,
3594 807 3854 877 ἄχραντε,
3889 810 3990 861 καὶ

2418 889 2541 950 ταῖς
2586 892 2707 954 σαῖς
2764 892 2991 958 ἱκεσίαις
3064 894 3174 947 τῶν
3242 896 3431 949 δεινῶν
3473 897 3851 968 λυτρούμενοι,
3913 901 3992 969 τῷ

2421 982 2640 1051 σταυρῷ
2672 982 2764 1035 τοῦ
2792 984 2922 1038 Υἱοῦ
2953 1003 3045 1039 σου
3080 989 3144 1040 ὲκ
3172 989 3335 1041 παντὶ
3359 986 3777 1061 φρουρούμενοι,
3810 1009 3989 1046 κατα-

2420 1072 2594 1141 χρὲως
2627 1091 2685 1127 σε
2720 1075 2919 1139 πάντες
2951 1078 3190 1142 εὐσεϐῶς
3221 1081 3615 1153 μεγαλύνομεν.

2490 1185 2562 1238 Τὸ
2590 1186 2733 1252 ὅρος,
2786 1189 2815 1241 ὁ
2866 1191 3154 1261 προφήτης
3192 1193 3390 1262 Δανιὴλ
3415 1193 3443 1246 ὃ
3473 1195 3746 1263 τεθέαται,
3775 1196 3836 1262 ὲξ
3876 1189 3941 1250 οὗ
3963 1199 3991 1250 ὀ

2418 1274 2563 1335 λίθος
2586 1279 2614 1329 ὁ
2643 1278 2877 1347 Χριστὸς
2926 1281 3135 1351 ἐτμήθη
3174 1283 3399 1337 ἄνευθεν
3452 1284 3655 1355 χειρὸς,
3690 1288 3992 1357 συντρίψας

2416 1369 2485 1421 τὰ
2501 1369 2693 1422 εἴδωλα
2714 1371 2810 1427 καὶ
2840 1372 3083 1425 καθελὼν
3106 1373 3175 1425 τὰ
3201 1373 3309 1427 τῶν
3328 1376 3601 1446 δαιμόνων
3629 1377 3991 1447 φρυάγματα,

2418 1462 2483 1512 σὺ
2512 1456 2581 1523 εἶ,
2614 1462 2855 1531 Παρθένε
2882 1480 2897 1495 ο
2927 1464 3008 1517 διό
3036 1481 3094 1517 σε
3120 1463 3437 1536 δοξάζομεν.

2486 1574 2852 1645 Θαυμάζουσα
2872 1577 2964 1629 τὸν
3002 1579 3067 1631 ἐκ
3113 1581 3316 1650 ταύτης
3345 1581 3599 1651 ἀρρήτως
3645 1581 3989 1651 τικτόμενον,

2417 1666 2450 1735 ἠ
2480 1666 2751 1734 πάναγνος
2769 1667 3189 1739 κατεπλήττετο,
3212 1672 3307 1723 καὶ
3327 1670 3650 1740 ὲμεγάλυνε,
3687 1674 3783 1725 καὶ
3806 1672 3993 1741 βοῶσα

2416 1758 2566 1825 ἔλεγε
2595 1775 2609 1789 ο
2661 1760 2783 1823 Πῶς
2837 1762 2896 1814 ὲν
2951 1762 3219 1831 ἀγκάλαις
3256 1780 3315 1816 σε
3373 1764 3606 1837 κατέχω,
3652 1764 3866 1833 τέκνον,
3897 1766 3995 1819 τὸν

2346 1881 2390 1937 Β
2419 1854 2592 1904 πάντα
2622 1854 2920 1922 κατέχοντα
2943 1872 2959 1921 ;

2492 1965 2758 2019 Παλάτιον
2784 1965 2917 2019 Θεοῦ
2969 1968 3239 2038 ὲδείχθης,
3289 1970 3585 2034 Δέσποινα,
3622 1970 3717 2025 τοῦ
3770 1970 3994 2025 πάντων

2421 2056 2791 2126 βασιλεύοντος
2817 2076 2831 2090 ο
2865 2058 2923 2113 ὃν
2982 2060 3191 2113 ἱκέτευε
3232 2060 3450 2132 λῃστῶν
3480 2078 3547 2131 με
3596 2064 3849 2134 πονηρῶν
3887 2065 3991 2135 ἤδη

2422 2150 2681 2215 γεγονότα
2737 2150 3081 2218 καταγώγιον
3132 2152 3503 2222 ἁποκαθάραι,
3555 2154 3651 2207 καὶ
3692 2154 3866 2208 σῶσαί
3895 2173 3990 2223 με,

2418 2239 2485 2307 ἄχ
2492 2257 2648 2309 ραντε
2658 2281 2671 2294 .

2488 2354 2599 2426 Τὴν
2631 2357 2688 2409 ὲν
2712 2357 2835 2426 ἐμοὶ
2882 2358 3175 2429 ῥᾳθυμίαν,
3220 2359 3511 2422 Δέσποινα,
3550 2360 3640 2413 καὶ
3677 2359 3997 2427 νυσταγμδν

2417 2446 2506 2498 τὸν
2536 2447 2769 2517 χαλεπὸν
2802 2451 2921 2512 ταῖς
2974 2449 3276 2520 ἀγρύπνοις
3306 2468 3400 2503 σου
3432 2451 3566 2521 πρὸς
3595 2452 3731 2504 Θεδν
3785 2454 3883 2504 καὶ
3906 2467 3998 2502 σε-

2418 2542 2584 2602 πταῖς
2618 2541 2896 2611 δεήσεσιν,
2923 2540 3181 2611 ἄχραντε,
3204 2543 3497 2605 ἀπέλασον,
3524 2544 3615 2596 καὶ
3650 2542 3999 2612 μελῳδώντά

2419 2646 2487 2698 με
2520 2629 2808 2700 οῐκτειρον·
2827 2630 2885 2683 '0
2911 2631 3121 2696 αἰνετδς
3149 2631 3258 2685 τῶν
3282 2631 3534 2703 πατέρων
3558 2629 3689 2694 Θεὸς
3708 2630 3995 2701 καὶῦπαρ-

2418 2720 2648 2783 ἔνδοξος.

2492 2834 2875 2904 Συντριϐεἶσαν
2916 2835 3076 2904 φύσιν
3100 2835 3210 2889 τῶν
3261 2834 3471 2908 βροτῶν
3500 2837 3567 2904 τῇ
3600 2834 3769 2888 πάλαι
3809 2851 3999 2905 παρος-

2418 2924 2573 2977 6ἀσει
2613 2925 2926 2989 ἀνέπλασας
2963 2927 3104 2979 ὑπὲρ
3134 2927 3318 2995 φύσιν,
3374 2929 3467 2980 καὶ
3517 2927 3777 2992 ὲθέωσας,
3828 2927 3994 2998 ἁγνὴ,

2416 3014 2493 3084 τῷ
2542 3016 2688 3086 τόκῳ
2730 3034 2824 3070 σου
2871 3017 3195 3085 ψάλλουσαν·
3242 3019 3426 3072 Πάντα
3459 3019 3528 3073 τὰ
3560 3020 3718 3089 ἔργα,
3747 3018 3843 3071 τὸν
3878 3020 3998 3073 Κύ-

2419 3123 2533 3176 ριον
2586 3107 2826 3174 ὑμνεῖτε,
2892 3109 2987 3161 καὶ
3049 3108 3391 3179 ὕπερυψοῦτε
3449 3111 3531 3172 εἰς
3598 3109 3810 3173 πάντας
3868 3111 4000 3173 τοὺς

2419 3214 2640 3259 αιωνας.

814 3266 1072 3321 Miserere
1132 3272 1313 3339 populi
1354 3274 1454 3339 tui,
1490 3274 1736 3341 Domine,
1784 3288 1838 3333 et
1885 3280 2047 3348 hujus
2084 3281 2315 3337 hmredi‘

2490 3291 2674 3342 Φεῖσαι
2702 3290 2797 3343 τοῦ
2823 3289 2953 3343 λαοῦ
2988 3308 3104 3354 σου,
3155 3289 3347 3360 Κύριε,
3384 3292 3479 3345 καὶ
3508 3286 3575 3363 ἦς
3606 3292 3828 3361 ἐκτήσω
3867 3292 4005 3345 ταὺ·

746 3358 874 3411 tatis
936 3369 1061 3423 tuae,
1104 3378 1267 3430 quam
1337 3367 1651 3433 possedisti,
1695 3367 1867 3424 ﬂexus
1918 3374 2175 3441 precibus
2217 3390 2314 3443 pro

746 3451 903 3505 nobis
931 3453 1128 3509 oblatis
1157 3455 1450 3513 Gcnitrlcis
1483 3469 1586 3514 tua:
1621 3460 1711 3515 Dei
1744 3461 1916 3525 Filiae,
1965 3474 2023 3518 ut
2075 3474 2127 3520 te
2168 3468 2315 3523 velut

747 3541 1039 3602 Dominum
1068 3556 1122 3602 et
1154 3549 1736 3608 misericordissimum
1773 3556 2162 3626 gloriﬁcemns.

2421 3397 2519 3448 της
2546 3379 2911 3449 κληρονομίας
2944 3397 3060 3445 σου,
3102 3382 3224 3443 ταῖς
3272 3380 3413 3450 ὑπὲρ
3451 3381 3609 3452 ήμῶν
3659 3381 3761 3451 τῆς
3804 3398 3867 3436 σε
3901 3398 3999 3437 τε·

2423 3472 2625 3541 κούσης
2675 3472 2957 3535 Θεόπαιδος
3006 3472 3412 3543 παρακλήσεσιν
3472 3475 3998 3544 ὲπικαμπτόμενος,

2433 3566 2519 3618 ἵνα
2553 3582 2612 3618 σε
2645 3566 2721 3629 ὼς
2761 3568 3038 3619 Δεσπότην
3070 3569 3162 3620 καὶ
3195 3569 3627 3639 πανοικτίρμονα
3671 3568 4001 3642 δοξάζομεν.

1493 3688 1576 3744 Ea:
1604 3709 1799 3747 canone
1835 3695 1887 3748 in
1924 3695 2025 3751 SS.
2065 3707 2323 3768 martyres
2342 3700 2527 3755 Jonam
2566 3712 2613 3757 et
2645 3702 3038 3767 Barachisium,
3080 3705 3163 3759 die
3190 3703 3283 3758 29.

1664 3810 1829 3881 (Idem
1866 3822 1949 3867 est
1980 3828 2105 3869 cum
2136 3816 2428 3884 superiori,
2464 3826 2517 3872 et
2548 3818 2669 3873 ideo
2696 3818 3051 3888 omittimus.)

1169 3927 1282 3998 86
1320 3927 1571 3982 MENSIS
1601 3930 1899 3987 APRILIS.

2927 3938 3083 3991 MHN
3121 3938 3502 3993 ΑΠΡΙΛΛΙΟΣ.

1348 4065 1429 4119 Ea:
1451 4083 1649 4120 canone
1674 4069 1727 4121 in
1760 4067 1863 4124 SS.
1897 4081 2156 4142 martyres
2187 4072 2518 4127 Theodulum
2540 4084 2586 4128 et
2611 4074 3023 4145 Agathopodem,
3047 4076 3132 4129 die
3162 4075 3397 4147 4(58“).

769 4176 783 4193 ⁸
821 4197 1189 4264 Salvatoren),
1250 4200 1511 4258 factorem
1560 4207 1843 4275 omnium,
1912 4224 1976 4264 ac
2027 4209 2319 4266 Dominum

745 4293 1091 4361 Concepisti,
1147 4310 1309 4362 quem
1377 4295 1697 4367 Agatlmpus
1771 4316 1877 4354 una
1942 4318 2065 4356 cum
2122 4304 2321 4359 illustri

749 4383 1033 4438 'l‘hendulo
1093 4385 1407 4454 prredicavit
1454 4404 1577 4443 esse
1623 4389 1794 4444 Deum
1851 4401 1905 4446 et
1954 4392 2254 4467 hominem,
2285 4411 2321 4451 o

758 4475 921 4545 Virgo
952 4476 1142 4540 Mater,
1178 4479 1326 4532 omni
1364 4479 1702 4536 beatitudine
1728 4483 2183 4541 cumulatissima.

822 4568 895 4622 Ex
925 4577 978 4624 te
1000 4571 1151 4624 salus
1187 4572 1503 4627 hominibus
1529 4586 1717 4630 exorta
1749 4586 1852 4641 est,
1884 4592 1918 4631 ο
1947 4576 2041 4632 Dei
2070 4578 2317 4635 Genitrix

751 4659 1055 4725 benedicta,
1101 4671 1385 4731 propterea
1430 4673 1481 4717 te
1511 4662 1798 4721 laudamus
1854 4667 2121 4723 universa:
2150 4684 2317 4739 gene-

747 4754 1009 4807 rationes.

821 4843 1108 4914 Peperisti,
1164 4860 1197 4898 o
1274 4846 1553 4914 inviolata,
1596 4848 2036 4920 Redenrptorem.
2096 4854 2188 4924 qui
2247 4855 2317 4911 ab

752 4937 935 4989 hostili
974 4938 1291 5005 captivitate
1330 4940 1582 4995 homines
1610 4942 1881 5009 liberavit,
1928 4959 2095 5000 carne
2133 4957 2321 5002 nostra

750 5029 1169 5083 circumdatum.

828 5120 1193 5175 l’raedieantes
1226 5122 1656 5177 incarnationem
1692 5124 1931 5189 Domini,
1957 5128 2048 5196 qui
2076 5144 2140 5184 ex
2168 5139 2326 5186 utero

757 5224 872 5279 tuo,
904 5213 1132 5283 Deipara
1174 5232 1494 5281 coruscans,
1529 5229 1754 5274 exortus
1784 5229 1887 5284 est,
1921 5222 2143 5290 gloriosi
2177 5241 2322 5279 mar-

754 5315 900 5375 tyri-s
934 5306 1175 5357 salutare
1200 5309 1446 5377 martyrii
1482 5310 1737 5378 poculum
1766 5311 2011 5369 laetantes
2046 5315 2321 5371 biberunt.

829 5398 872 5450 ()
906 5398 1075 5452 Mater
1124 5398 1239 5463 Dei,
1294 5401 1489 5454 animae
1529 5418 1661 5456 meae
1720 5407 2015 5471 pessimum
2072 5410 2322 5464 morbum

758 5507 911 5555 cura,
943 5501 997 5544 tu
1051 5508 1170 5557 quae
1227 5492 1493 5561 optimum
1544 5493 1781 5549 Verbum
1848 5500 2127 5569 peperisti,
2181 5504 2326 5572 quod

760 5585 1046 5638 universos
1072 5585 1233 5639 ellicit
1262 5586 1456 5641 bonos.

832 5674 1045 5731 Medcre
1073 5679 1419 5746 passionihus
1446 5679 1643 5733 animae
1670 5696 1825 5744 mere,
1856 5696 1889 5736 o
1931 5682 2323 5743 immaculatis—

818 5856 977 5928 (58“)
1006 5860 1193 5915 Gneca
1224 5863 1419 5918 desunt
1452 5863 1505 5918 in
1528 5863 1747 5921 Mena‘is
1778 5865 2072 5937 iinprc5sis.

2426 4211 2586 4276 sima,
2647 4226 2768 4281 quae
2823 4212 3281 4282 impassibilitatis
3333 4211 3537 4268 fontem
3597 4215 3901 4283 peperisti,
3952 4228 4007 4275 et

2424 4320 2710 4374 compesce
2740 4304 3083 4375 tyrannidem
3115 4318 3327 4361 eorum.
3363 4319 3397 4358 ο
3431 4302 3616 4373 Virgo.
3652 4305 3749 4376 qui
3777 4309 4007 4366 assidue

2423 4397 2756 4452 conturbant
2784 4410 2848 4451 ac
2877 4396 2986 4465 87
3019 4402 3329 4465 perterrent
3350 4410 3448 4450 cor
3482 4402 3685 4450 meum.

2495 4488 2632 4543 Cum
2666 4497 2741 4551 te,
2776 4502 2809 4541 o
2848 4495 3024 4549 casta,
3056 4487 3321 4541 virtutum
3358 4487 3646 4555 splendore
3676 4501 4005 4545 exornatam

2422 4580 2720 4635 invenisset
2770 4579 3007 4634 Verbum
3065 4578 3219 4643 illud,
3278 4577 3427 4646 quod
3481 4577 3652 4632 caelos
3705 4581 4008 4637 virtutibus

2420 4672 2661 4735 caelavit,
2692 4670 2951 4725 habitavit
2982 4670 3036 4723 in
3068 4677 3143 4733 te,
3168 4684 3202 4723 ο
3245 4668 3560 4739 purissima,
3605 4678 3662 4725 et
3700 4670 4007 4729 humanam

2356 4747 2402 4803 Ῐ)
2433 4771 2689 4825 naturam
2716 4762 2769 4815 in
2791 4762 3069 4815 caelestem
3100 4762 3389 4815 convertit.

2497 4853 2714 4921 Absque
2741 4851 2849 4905 ulla
2877 4859 3087 4905 natura:
3121 4865 3236 4905 suae
3288 4851 3590 4907 mutatione
3638 4869 3772 4907 vere
3825 4862 4004 4909 totum

2429 4945 2705 4998 hominem
2759 4958 2824 4997 ex
2873 4951 2925 4997 te
2978 4940 3121 4996 Deus
3153 4943 3470 5011 assumpsit,
3507 4957 3541 4995 ο
3588 4943 3773 4998 dlvina
3829 4948 4009 5013 gratia

2429 5036 2863 5091 cumulatissima
2909 5034 3174 5099 Domina;
3206 5035 3361 5102 cujus
3395 5036 3706 5105 passionem
3743 5033 4010 5091 Theodu-

2433 5128 2515 5184 lus
2547 5136 2709 5198 atque
2730 5127 3047 5197 Agathopus
3079 5135 3557 5194 repraesentantes,
3586 5138 3912 5184 constantes
3936 5144 4005 5183 ac

2432 5220 2602 5275 fortes
2629 5221 2936 5276 clamabant
2961 5218 3191 5274 :Oinnia
3214 5234 3400 5287 opera,
3432 5220 3647 5275 laudate
3682 5222 4035 5279 Dominum..

2509 5316 2717 5371 lntima:
2754 5314 2974 5383 pietatis
3009 5323 3114 5368 tua:
3145 5313 3357 5383 fulgore
3388 5314 3651 5383 perfunde
3681 5328 3849 5385 atque
3883 5318 4014 5371 illuc

2434 5408 2582 5462 mina
2617 5423 2701 5460 me
2745 5408 2796 5459 in
2867 5406 3189 5475 ignorantiae
3221 5408 3457 5461 tenebris
3508 5406 3805 5475 jacentem,
3866 5425 3901 5462 ο
3953 5422 4009 5463 ιιι

2434 5518 2556 5570 qua:
2588 5500 2744 5553 unica
2780 5498 2918 5551 lucis
2958 5496 3202 5552 datorem
3254 5507 3308 5551 et
3344 5498 3761 5567 Redemptorem
3793 5517 3859 5556 ac
3902 5502 4001 5557 Do~

2432 5596 2640 5649 minum
2685 5593 2736 5646 in
2768 5600 2921 5645 utero
2949 5600 3041 5646 tuo
3071 5601 3392 5663 conceptum
3435 5593 3716 5663 peperisti,
3752 5596 3845 5665 qui
3871 5611 4003 5651 san-

2432 5702 2548 5744 etos
2574 5686 2879 5743 coronavit.
