4166 6458
181 435 313 500 1089

1611 432 1667 492 Μ
1684 431 1849 490 -\RIA
1862 431 1973 491 LE.

3280 431 3414 488 1090

187 547 290 601 Ἐκ
313 543 417 597 τοῦ
444 544 701 611 κανόνος
724 547 810 612 εις
829 545 968 613 τοὺς
995 546 1203 615 ἁγίους
1224 544 1526 613 μάρτυρας
1548 546 1742 615 Κλαύ-

1855 542 2179 615 Ex__Canone
2232 539 2408 615 in_SS.
2456 553 2715 615 martyres
2767 537 3073 615 Claudium,
3104 536 3415 615 Diodorum,

258 615 415 675 ὄιον,
437 615 746 683 Διόδωρον,
784 613 1092 684 Οὺῖκτορα,
1129 618 1546 682 ΟὺΤκτωρίνον,
1578 613 1745 684 ,Πάπ-

242 700 405 750 πιον,
432 686 780 755 Νικηφόρον
808 689 903 740 καὶ
933 683 1302 754 Σεραπίωνα,
1328 687 1517 754 ἡμέρᾳ
1546 683 1609 738 ε’.

256 799 345 852 Ἐν
380 799 556 869 χρόνῳ
582 800 609 851 ὁ
646 798 748 865 ἔξω
778 800 985 869 χρόνων
1032 800 1232 869 Κύριος
1283 800 1347 851 ἐκ
1410 798 1502 851 σοῦ
1552 813 1749 865 σεσαρ-

178 893 427 959 κωμένος
465 892 531 944 τὰ
561 890 672 945 τῶν
708 892 914 963 βροτῶν
943 891 1203 953 διέλυσεν,
1232 890 1391 961 ἁγνὴ,
1422 890 1748 959 πολυχρόνια

178 982 522 1052 πταίσματα,
553 982 612 1037 δν
648 982 881 1046 ἐκτενῶς
912 985 1120 1037 ἱκέτευε
1166 981 1261 1035 τοῦ
1286 984 1625 1053 οἰκτειρῆσαι
1652 982 1749 1044 τὰς

176 1074 353 1144 ψυχὰς
385 1074 565 1145 ἡμῶν.

258 1167 549 1238 Ῥυὸμενον
580 1170 706 1231 τοὺς
741 1167 965 1238 βροτοὺς
995 1167 1372 1237 αἰχμαλωσίας
1415 1170 1613 1237 νοητῆς
1664 1166 1749 1219 τέ-

176 1276 363 1322 τοκας,
422 1259 514 1312 τὸν
567 1260 662 1312 τοῦ
709 1260 908 1323 παντὸς
958 1260 1183 1330 Κύριον,
1225 1259 1461 1329 ἄχραντε
1508 1257 1748 1329 Παρϐἐνε

177 1350 513 1421 πανύμνητε.

247 1420 469 1512 Νοερῶς
501 1459 561 1495 σε
607 1443 636 1495 ὁ
666 1444 950 1513 προφήτης
990 1443 1324 1513 προεθεώρει
1376 1420 1519 1513 ὄρος,
1554 1439 1745 1511 σεμνὴ,

177 1536 498 1598 κατάσκιον,
530 1536 591 1599 ἐξ
617 1529 678 1589 οὗ
706 1537 734 1588 ὁ
756 1535 1027 1605 Δεσπότης
1050 1534 1266 1606 ἀληθῶς
1291 1535 1525 1602 ὲπὲφανε
1550 1533 1749 1605 σαρκὸς

176 1624 476 1695 ὁμοιότητι,
509 1624 697 1689 σώζων
722 1626 786 1679 ὲκ
817 1625 1021 1696 φθορᾶς
1046 1626 1107 1680 τὸ
1136 1623 1501 1696 ἀνθρώπινον.

247 1805 361 1874 Τὴν
401 1805 609 1858 πτῶσιν
633 1803 741 1858 τῶν
773 1803 980 1877 βροτῶν
1012 1805 1440 1876 ὲπανώρθωσας,
1459 1805 1744 1871 Δέσποινα,

1936 612 2213 675 Victorum,
2271 611 2615 675 Victorinum,
2661 611 2910 679 Papiam,
2947 608 3303 676 Nicephorum
3365 623 3414 663 et

1912 682 2273 748 Serapionem,
2311 683 2391 734 die
2424 681 2478 735 5.

1923 789 1981 843 ln
2012 799 2275 858 tempore,
2327 788 2591 843 Dominus
2623 788 2714 857 qui
2752 798 2836 842 est
2859 798 3011 842 extra
3050 796 3313 856 tempora,
3353 800 3416 839 ex

1853 892 1923 948 te,
1958 898 1990 936 ο
2025 882 2220 957 Virgo,
2270 882 2608 946 incarnatus,
2654 881 2935 936 hominum
2986 889 3209 951 peccata
3263 878 3418 932 inulti

1852 974 2114 1042 temporis
2162 973 2448 1028 abolevit:
2490 988 2651 1042 quem
2704 972 2950 1041 impense
3001 974 3314 1041 deprecare,
3362 978 3423 1022 ut

1850 1064 2155 1117 animarum
2187 1075 2502 1119 nostrarum
2528 1063 2876 1117 misereatur.

1924 1152 2168 1209 Universi
2208 1155 2499 1209 Dominum
2547 1154 2819 1223 peperisti,
2849 1168 2882 1207 ο
2927 1150 3087 1222 Virgo
3140 1152 3415 1216 inviolata,

1850 1249 1995 1301 omni
2046 1248 2204 1302 laude
2263 1247 2619 1311 celebranda,
2672 1247 2765 1315 qui
2818 1245 3065 1300 homines
3115 1260 3145 1297 a
3192 1244 3418 1312 spiritali

1850 1341 2165 1407 captivitate
2189 1339 2458 1393 liberavit.

1920 1431 2174 1487 Praavidit
2240 1441 2292 1485 te
2351 1431 2794 1486 intellectualiter
2850 1430 3131 1501 propheta,
3181 1442 3417 1485 montem

1851 1525 2194 1589 umbrosum,
2244 1539 2277 1577 ο
2327 1526 2653 1587 veneranda,
2702 1540 2767 1578 ex
2818 1538 2929 1594 quo
2983 1523 3248 1579 Dominus
3297 1540 3420 1578 vere

1848 1618 2027 1672 illuxit
2056 1619 2108 1671 in
2145 1617 2506 1672 similitudine
2530 1617 2734 1682 cat‘nis,
2768 1626 2828 1672 ut
2866 1618 3166 1672 humanum
3193 1631 3361 1687 genus
3390 1631 3420 1671 a

1848 1710 2201 1778 corruptione
2229 1709 2506 1765 liberaret.

1922 1798 2213 1854 Hominum
2267 1801 2481 1854 ruinam
2535 1799 2825 1869 reparasti,
2879 1814 2913 1855 ο
2960 1799 3213 1863 Domina,
3250 1798 3417 1853 Deum

176 1896 266 1948 ἵνα
299 1896 546 1965 κυήσασα
564 1879 712 1947 ’Θεὸν
740 1896 913 1964 Λόγον
944 1894 1036 1948 τὸν
1086 1895 1213 1959 τοὺς
1264 1894 1744 1967 κατερραγμένους

1855 1889 2087 1946 Verbum
2128 1892 2312 1955 enixa,
2352 1892 2447 1962 qui
2497 1892 2815 1947 confracws
2858 1906 2923 1947 ac
2961 1892 3203 1963 dejectos
3244 1903 3422 1963 potest

175 1989 201 2038 ὲ
212 1984 508 2057 πανορθοῦν
531 1984 851 2055 δυνάμενον.

245 2079 538 2150 Νεύρωσον
567 2079 665 2148 τῆς
697 2078 878 2150 ψυχῆς
908 2097 1012 2151 μου
1057 2081 1147 2135 τὸν
1200 2083 1378 2145 τόνον,
1410 2082 1743 2154 πανάμωμε,

175 2175 242 2242 τῇ
276 2173 493 2241 συνεχεῖ
517 2171 749 2242 ἀμελείᾳ
778 2171 873 2225 καὶ
894 2174 962 2243 τῇ
1005 2171 1255 2244 ἁμαρτίᾳ
1305 2173 1744 2245 κεχαυνωμένον,

176 2264 265 2319 ἶνα
295 2265 477 2318 πίστει
510 2265 604 2318 καὶ
633 2264 914 2336 προθυμίᾳ
937 2264 1127 2336 μέλπω
1156 2282 1214 2319 σε
1246 2266 1497 2322 πάντοτε.

264 2442 351 2505 '0;
373 2441 470 2496 τοῦ
527 2442 783 2512 Ὑψίστου
835 2444 1043 2513 θρονον.
1080 2444 1346 2516 Παρθένε,
1397 2444 1747 2515 ὑψηλώτατον

174 2533 403 2595 πάντες,
431 2533 524 2585 καὶ
553 2532 760 2602 χρυσῆν
789 2534 1035 2602 λυχνίαν,
1068 2534 1163 2586 καὶ
1195 2532 1427 2586 κιϐωτὸν
1465 2533 1745 2602 ἁγιάσμα-

172 2641 268 2687 τος
297 2624 573 2695 ὐμνοῦμέν
603 2641 663 2678 σε
687 2640 700 2655 ·
731 2625 1085 2696 Εὐλογημένη
1125 2626 1191 2679 σὺ
1222 2626 1281 2679 ὲν
1310 2624 1546 2695 γυναιξὶ,
1578 2624 1747 2695 βοῶν-

172 2732 291 2779 τες,
320 2717 647 2786 παναμωμε.

248 2807 387 2869 Νοὸς
408 2809 438 2860 ὁ
465 2808 690 2879 φρικτός
724 2825 818 2862 σου
852 2807 1074 2871 τοκετὸς
1102 2810 1230 2881 νικᾷ
1258 2808 1582 2881 κατάληψιν,
1629 2809 1749 2862 Θεο-

174 2899 478 2967 χαρὶτωτε’
536 2900 669 2964 Θεὸς
738 2901 846 2973 γὰρ
906 2902 1147 2970 πέφυκεν
1203 2903 1437 2972 ἄναρχος
1490 2902 1748 2973 χρονικὴν

173 2990 355 3059 ἀρχὴν
380 2990 695 3062 δεξάμενος,
727 2992 815 3046 διὰ
868 2993 929 3047 τὸ
980 2993 1153 3047 σῶσαι
1197 2995 1323 3057 τοὺς
1364 2994 1572 3057 πιστῶς
1600 2996 1748 3065 αὐτῷ

175 3081 628 3151 κραυγάζοντας·
671 3084 959 3153 Εὐλογεϊτε
1011 3085 1191 3137 πάντα
1233 3085 1301 3138 τὰ
1348 3084 1486 3156 εργα
1538 3086 1747 3157 Κυρίου

172 3174 269 3225 τὸν
294 3174 520 3244 Κύριον.

1852 1983 2015 2038 saluti
2050 1983 2351 2037 restituere.

1917 2075 2228 2131 Corrobora
2266 2075 2463 2131 animae
2493 2090 2627 2129 mea:
2656 2075 2923 2145 vigorem,
2966 2091 3000 2130 ο
3030 2074 3420 2130 immaculatis—

1854 2166 2016 2229 siina,
2040 2166 2153 2236 88
2169 2166 2388 2220 assidua
2412 2164 2735 2235 negligentia
2757 2172 2811 2218 et
2834 2166 3072 2233 peccatis
3100 2164 3419 2229 relaxatum,

1856 2269 1911 2311 ut
1933 2273 2056 2313 cum
2090 2258 2194 2312 title
2221 2267 2384 2327 atque
2409 2258 2695 2313 alacritate
2723 2256 3146 2327 semperlaudes
3176 2266 3298 2312 tuas
3325 2272 3421 2310 ea-

1855 2367 1983 2405 nere
2020 2352 2255 2421 possim.

1926 2440 2211 2511 Tanquam
2236 2440 2503 2496 Altissimi
2533 2440 2791 2494 thronum
2824 2439 3343 2506 eminentissimum,
3370 2454 3424 2497 et

1853 2534 2136 2589 lucernam
2184 2549 2428 2597 auream,
2481 2544 2647 2603 atque
2695 2548 2876 2587 arcam
2927 2533 3422 2596 sanctiﬁcationis.

1854 2626 2098 2682 universi
2133 2637 2203 2692 te,
2240 2642 2272 2680 ο
2310 2625 2496 2697 Virgo,
2524 2626 2838 2690 laudamus,
2871 2626 3176 2680 clamantes
3210 2644 3224 2680 ς
3255 2626 3424 2681 Bene-

1854 2720 1998 2774 dicta
2027 2728 2081 2772 tu
2116 2720 2258 2773 inter
2290 2719 2569 2784 mulieres,
2606 2732 2638 2772 ο
2668 2718 3106 2773 inviolatissima.

1926 2810 2267 2867 Tretnendus
2305 2821 2496 2881 partus
2529 2820 2657 2865 tuus
2691 2811 2890 2866 mentis
2932 2821 3150 2879 captum
3179 2820 3423 2880 superat,

1855 2917 1889 2957 ο
1919 2901 2024 2957 Deo
2046 2902 2357 2972 gratissima
2386 2920 2400 2956 :
2428 2902 2570 2957 Deus
2593 2904 2740 2956 enim
2768 2902 2860 2972 qui
2886 2910 2971 2956 est
2992 2904 3111 2956 siue
3132 2903 3420 2972 principio,

1855 2995 2182 3064 principium
2243 2998 2508 3063 temporis
2543 2994 2752 3059 habuit,
2803 3003 2863 3048 ut
2900 2993 3135 3049 salvaret
3168 3008 3285 3057 eos,
3327 2995 3422 3063 qui

1854 3101 1977 3140 cum
2001 3086 2103 3139 [ide
2128 3086 2367 3140 clamant
2388 3085 2454 3140 ad
2483 3085 2634 3139 illum
2654 3100 2669 3137 :
2693 3084 3030 3153 Benedicite,
3054 3085 3236 3139 omnia
3256 3099 3422 3154 Opera

1863 3177 2103 3244 Domini,
2139 3177 2391 3232 Domino.

244 3263 495 3333 Φέρουσα
524 3264 761 3335 Χριστὸν
810 3267 867 3319 ὲν
889 3265 1157 3336 ἀγκάλαις
1197 3266 1374 3337 σάρκα
1424 3267 1629 3339 θνητὴν
1681 3270 1746 3322 ὲκ

1923 3268 1967 3323 Ο
2000 3268 2185 3339 Virgo,
2214 3286 2334 3340 qua:
2370 3270 2666 3335 Christum,
2700 3270 2792 3340 qui
2824 3285 2888 3323 ex
2919 3278 2969 3324 te
2990 3271 3272 3324 mortalem
3297 3286 3422 3326 car-

176 3358 275 3413 σοῦ
296 3360 554 3425 λαϐόντα,
577 3360 764 3414 τοῦτον
791 3360 1115 3425 ὲκδυσώπει,
1150 3360 1414 3431 Παρθένε,
1450 3361 1749 3426 ἀθανασίας

172 3452 387 3518 τυχεῖν,
414 3450 748 3521 πανάμωμι,
770 3449 900 3513 τούς
929 3467 990 3504 σε
1023 3451 1232 3515 πιστῶς
1254 3452 1631 3522 γεραίροντας,
1657 3456 1750 3507 καὶ

171 3546 441 3602 Θεοτόκον
471 3542 895 3616 μεγαλύνοντας.

1860 3377 1980 3416 nem
2018 3363 2248 3431 accepit,
2291 3364 2344 3416 in
2394 3364 2538 3418 ulnis
2586 3362 2694 3417 tuis
2742 3362 2984 3431 gestasli,
3028 3362 3279 3416 eumdem
3330 3363 3425 3417 de-

1861 3467 2107 3521 precare,
2139 3469 2171 3506 o
2200 3455 2735 3519 immaculatissima,
2781 3462 2841 3507 ιιι
2882 3454 2956 3507 illi
2987 3455 3081 3524 qui
3115 3465 3166 3508 te
3197 3455 3428 3510 ﬁdeliter

1859 3544 2147 3613 honorant,
2180 3555 2234 3600 et
2289 3546 2577 3617 Dciparam
2621 3546 2992 3618 magniﬁcam,
3047 3549 3422 3604 immortalita-

1862 3647 1969 3690 tem
2003 3650 2429 3708 consequantur.

844 3718 929 3773 Ex
960 3734 1156 3773 canone
1199 3718 1256 3772 in
1286 3728 1524 3774 sanctam
1550 3734 1599 3777 et
1628 3725 1998 3783 admirabilem
2041 3730 2390 3798 Theodoram,
2417 3735 2501 3788 die
2522 3735 2557 3790 5
2586 3734 2793 3804 (58“).

253 3816 471 3873 ledere
492 3814 691 3870 animae
724 3829 860 3869 mea:
910 3815 1117 3869 morbis
1151 3829 1217 3870 ac
1263 3815 1613 3886 passionibns
1650 3818 1753 3873 im-

176 3906 502 3969 moderatis,
534 3920 569 3961 ο
606 3903 767 3976 Virgo
791 3903 899 3958 Deo
933 3905 1259 3960 charissima
1280 3945 1295 3969 ,
1332 3916 1387 3959 et
1412 3906 1624 3961 salvum
1665 3924 1752 3962 me

183 4000 295 4061 fac,
328 4013 544 4065 precor,
566 4007 622 4051 tu
648 4010 771 4066 qua:
796 3993 1135 4050 Salvatorem
1168 4011 1233 4053 ac
1260 3995 1547 4053 Dominum
1586 4014 1750 4070 supra

175 4093 415 4147 rationis
447 4098 665 4160 captum
695 4103 924 4158 corpore
947 4088 1195 4143 induisti.

249 4182 478 4236 Matrem
519 4178 702 4245 Verbi,
730 4179 877 4248 quod
909 4187 1034 4232 ante
1061 4178 1256 4234 saacula
1282 4194 1346 4234 ex
1371 4179 1530 4237 Patre
1547 4181 1752 4253 absque

174 4272 537 4341 corruptione
589 4284 892 4327 coruscans
918 4271 1217 4334 emanavit,
1245 4279 1297 4326 te
1324 4273 1498 4327 solam
1526 4275 1754 4344 agnovi-

177 4383 325 4433 mus,
355 4380 389 4419 ο
418 4378 622 4434 sponsa
651 4363 746 4417 Dei
790 4362 1017 4416 illibata.
1063 4360 1354 4432 Propterea
1377 4365 1443 4419 ad
1472 4375 1523 4421 te
1551 4366 1755 4421 clama-

175 4474 301 4512 mus
326 4474 341 4510 :
366 4456 497 4520 Ave,
517 4470 551 4510 ο
582 4454 888 4511 benedicta.
904 4453 1089 4526 Teque
1103 4470 1411 4527 precamur,
1436 4466 1495 4512 ut
1526 4457 1751 4528 impleas

176 4547 383 4618 gaudio
412 4546 625 4600 animas
657 4553 898 4599 nostras.

248 4640 457 4693 Amore
481 4639 559 4693 tui
601 4637 797 4692 allecta
831 4635 1064 4691 illustris
1109 4634 1418 4701 Theodora,
1459 4646 1579 4707 post
1614 4645 1685 4701 te,
1717 4652 1751 4691 ο

178 4732 380 4801 Virgo,
429 4730 662 4785 adducta
699 4739 786 4783 est
817 4726 946 4795 Regi
981 4742 1045 4781 ex
1094 4736 1251 4782 utero
1306 4738 1398 4783 tuo
1447 4730 1751 4795 incarnato,

177 4839 305 4879 cum
342 4822 540 4876 animae
566 4817 935 4874 exsultatione
964 4818 1295 4887 tripudians.

256 4912 578 4968 Voluntarie
604 4911 851 4966 attrabor
890 4916 946 4964 et
987 4910 1200 4964 inescor
1228 4909 1496 4965 malorum
1525 4911 1750 4980 pulchro

180 5014 432 5075 aspectu,
461 5011 516 5059 et
552 5001 850 5071 coinquino
896 5000 1135 5054 animam
1193 5015 1367 5054 meam
1402 5018 1416 5054 :
1464 5012 1746 5072 propterea

176 5104 441 5154 converte
496 5108 583 5149 me
631 5091 1028 5149 intercessione
1067 5099 1191 5154 tua,
1247 5099 1303 5145 et
1348 5091 1495 5146 salva
1552 5108 1660 5159 me,
1715 5108 1749 5148 ο

176 5190 499 5261 purissima.

192 5285 295 5337 Ἐκ
320 5281 431 5336 τοῦ
459 5280 719 5345 κανόνος
746 5279 833 5344 εις
856 5277 965 5331 τὸν
1006 5277 1178 5345 ἄτιον
1195 5275 1464 5348 μάρτυρα
1493 5279 1749 5331 Καλλίο-

740 5364 878 5415 πονι
906 5348 1094 5417 ἡμέρᾳ
1122 5348 1189 5412 ξ’.

264 5466 325 5521 ’0
357 5464 592 5535 νεῦματι
608 5462 786 5516 πάντα
815 5460 1164 5532 δημιουργῶν
1195 5462 1261 5515 ὲκ
1281 5461 1376 5515 σοῦ
1404 5461 1752 5532 σωματοῦται

181 5559 327 5628 ὑπὲρ
350 5557 535 5625 λόγον,
571 5556 764 5625 Μῆτερ
790 5553 948 5616 Θεοῦ,
976 5556 1006 5607 ὁ
1034 5553 1127 5606 τὸν
1147 5553 1445 5624 ὰθλοφόρον
1474 5553 1751 5625 στεφανώ-

185 5667 310 5715 σας,
342 5648 466 5720 μεθ’
497 5640 558 5701 οὗ
584 5645 793 5709 πιστῶς
821 5662 881 5698 σε
910 5644 997 5699 ἀεὶ
1038 5644 1433 5717 μακαρίζομεν.

257 5870 431 5941 (58⁶’⁴)
466 5869 655 5927 (Ξῖ-ποι
684 5868 900 5926 desunt.

1926 3824 1971 3879 Ο
2014 3825 2268 3891 Domina,
2317 3844 2442 3897 qua:
2492 3828 2805 3895 Dominum,
2837 3829 3021 3883 lumen
3072 3827 3141 3883 de
3194 3828 3423 3894 lumine,

1861 3919 2138 3987 peperisti,
2172 3921 2285 3991 89
2315 3921 2555 3975 illumina
2582 3923 2821 3976 animam
2863 3937 3038 3976 meam
3088 3922 3429 3990 negligentia:

1858 4021 1911 4065 et
1950 4012 2398 4080 gravissimarum
2433 4014 2715 4082 culparum
2748 4014 2987 4067 caecitate
3020 4013 3378 4066 laborantem.

1924 4101 2296 4171 Cogitationes
2326 4114 2585 4172 tanquam
2619 4104 2853 4158 stamina
2881 4118 3003 4157 cum
3046 4104 3245 4173 gaudio
3291 4119 3426 4157 con-

1857 4192 2168 4257 glomerans
2193 4209 2256 4249 ac
2282 4210 2438 4259 nens,
2476 4195 2904 4263 pulcherrimum
2938 4191 3114 4247 Verbo
3136 4194 3429 4248 vestimen-

1855 4292 1970 4337 tum
2011 4284 2229 4338 texuisti
2289 4298 2353 4337 ex
2387 4283 2497 4338 tuis
2548 4282 2929 4352 sanguinibus,
2979 4298 3013 4338 ο
3050 4282 3238 4354 Virgo,
3277 4283 3427 4353 quod

1856 4374 2093 4444 gestabit
2124 4374 2175 4427 in
2206 4384 2493 4428 aeternum.

1922 4466 2166 4520 lnterlice
2198 4474 2478 4534 peccatum
2510 4475 2756 4520 nostrum
2784 4465 2992 4527 vivens,
3030 4475 3085 4520 tu
3114 4480 3234 4535 quae
3256 4466 3423 4519 vitam

1856 4572 1983 4613 vere
2013 4558 2363 4612 exsistentem
2402 4558 2681 4629 peperisti,
2713 4573 2746 4613 ο
2798 4559 2912 4613 sola
2963 4556 3126 4628 Virgo
3176 4573 3310 4627 pura
3362 4573 3427 4612 ac

1856 4650 2169 4712 benedicta,
2207 4658 2267 4703 ut
2295 4658 2344 4704 te
2380 4650 2669 4705 laudemus
2708 4666 2805 4719 per
2839 4650 3097 4705 universa
3134 4649 3355 4703 saecula.

1926 4741 2073 4797 Luce
2100 4742 2281 4796 vultus
2324 4741 2404 4796 tui
2454 4741 2701 4796 illumina
2740 4741 3011 4811 iacentem
3072 4741 3126 4795 in
3186 4739 3426 4794 tenebris

1854 4836 2199 4907 passionum,
2235 4849 2268 4888 ο
2297 4844 2452 4904 porta
2498 4834 2634 4889 lucis
2673 4834 2957 4904 spiritalis.
2988 4832 3067 4888 Ne
3106 4848 3191 4887 me
3234 4833 3426 4901 depre-

1855 4928 2060 4983 hendat
2093 4937 2145 4981 et
2184 4927 2425 4981 involvat
2462 4942 2568 4981 nox
2612 4929 2826 4991 mortis,
2856 4943 2889 4981 ο
2926 4936 3073 4981 casta
3116 4926 3362 4989 Domina,
3392 4940 3423 4979 a

1856 5037 1966 5092 qua
2000 5020 2194 5076 salutis
2224 5035 2358 5075 mete
2388 5034 2513 5089 spes
2547 5019 2765 5090 penitus
2796 5020 3169 5075 abscindatur.

1932 5284 2017 5339 Ex
2064 5301 2259 5340 canone
2290 5286 2343 5339 in
2378 5285 2438 5341 S.
2481 5284 2778 5353 Calliopam
2809 5294 3113 5353 martyrem,
3150 5281 3234 5335 die
3267 5280 3317 5333 7.

1932 5462 2037 5529 Qui
2070 5472 2202 5517 nutu
2237 5463 2485 5517 condidit
2536 5461 2814 5525 universa,
2866 5474 2934 5514 ex
2991 5468 3043 5513 te
3083 5454 3427 5511 ineﬂ‘abiliter

1857 5566 2059 5621 corpus
2086 5554 2403 5622 assumpsit,
2431 5568 2462 5605 ο
2490 5551 2582 5605 Dei
2605 5550 2777 5606 Mater
2795 5592 2810 5617 ,
2838 5550 2930 5619 qui
2953 5556 3246 5619 martyrem
3265 5562 3423 5601 suum

1862 5646 2121 5699 victorem
2163 5646 2480 5699 certaminis
2508 5647 2810 5711 coronavit,
2841 5660 2964 5702 cum
2991 5658 3101 5714 quo
3131 5656 3346 5713 semper
3375 5647 3428 5695 te

1861 5733 2094 5791 ﬁdeliter
2118 5736 2513 5793 beatiﬁcamus.
