  <div class='ocr_page' id='page_1' title='image "/cluster/home/n/w/nwhite01/storage/ocr_20150623/105/nnc1.0046980105/554.png"; bbox 0 0 4166 6458; ppageno 0'>
   <div class='ocr_carea' id='block_1_1' title="bbox 194 472 329 538">
    <p class='ocr_par' dir='ltr' id='par_1_1' title="bbox 194 472 329 538">
     <span class='ocr_line' id='line_1_1' title="bbox 194 472 329 538; baseline -0.022 -3"><span class='ocrx_word' id='word_1_1' title='bbox 194 472 329 538; x_wconf 73' lang='grc' dir='ltr'><strong>109ῐί</strong></span> 
     </span>
    </p>
   </div>
   <div class='ocr_carea' id='block_1_2' title="bbox 1622 457 1984 519">
    <p class='ocr_par' dir='ltr' id='par_1_2' title="bbox 1622 457 1984 519">
     <span class='ocr_line' id='line_1_2' title="bbox 1622 457 1984 519; baseline 0.003 0"><span class='ocrx_word' id='word_1_2' title='bbox 1622 457 1984 519; x_wconf 66' lang='grc' dir='ltr'><strong>ΜΛῐίιἈιΕ.</strong></span> 
     </span>
    </p>
   </div>
   <div class='ocr_carea' id='block_1_3' title="bbox 3301 452 3438 517">
    <p class='ocr_par' dir='ltr' id='par_1_3' title="bbox 3301 452 3438 517">
     <span class='ocr_line' id='line_1_3' title="bbox 3301 452 3438 517; baseline 0 -2"><span class='ocrx_word' id='word_1_3' title='bbox 3301 452 3438 517; x_wconf 74' lang='grc'><strong>1094</strong></span> 
     </span>
    </p>
   </div>
   <div class='ocr_carea' id='block_1_4' title="bbox 188 573 1766 650">
    <p class='ocr_par' dir='ltr' id='par_1_4' title="bbox 188 577 1748 650">
     <span class='ocr_line' id='line_1_4' title="bbox 188 577 1748 650; baseline -0.011 -3"><span class='ocrx_word' id='word_1_4' title='bbox 188 614 265 648; x_wconf 78' lang='grc' dir='ltr'><strong>σει</strong></span> <span class='ocrx_word' id='word_1_5' title='bbox 329 587 684 650; x_wconf 81' lang='grc' dir='ltr'><strong>πεπτωκότας</strong></span> <span class='ocrx_word' id='word_1_6' title='bbox 760 581 1107 648; x_wconf 77' lang='grc' dir='ltr'>ἀνεζὼωσεν,</span> <span class='ocrx_word' id='word_1_7' title='bbox 1168 579 1307 649; x_wconf 79' lang='grc' dir='ltr'>ἁγνὴ</span> <span class='ocrx_word' id='word_1_8' title='bbox 1361 577 1748 646; x_wconf 79' lang='grc' dir='ltr'>Θεογεννῆτορ.</span> 
     </span>
    </p>
   </div>
   <div class='ocr_carea' id='block_1_5' title="bbox 1871 573 3441 650">
    <p class='ocr_par' dir='ltr' id='par_1_5' title="bbox 1871 573 3441 646">
     <span class='ocr_line' id='line_1_5' title="bbox 1871 573 3441 646; baseline -0.001 -16"><span class='ocrx_word' id='word_1_9' title='bbox 1871 592 1983 630; x_wconf 72' lang='lat' dir='ltr'><strong>350a</strong></span> <span class='ocrx_word' id='word_1_10' title='bbox 2048 591 2142 630; x_wconf 84' lang='lat' dir='ltr'><strong>eos</strong></span> <span class='ocrx_word' id='word_1_11' title='bbox 2204 574 2295 646; x_wconf 85' lang='lat' dir='ltr'><strong>qui</strong></span> <span class='ocrx_word' id='word_1_12' title='bbox 2353 588 2449 643; x_wconf 91' lang='lat' dir='ltr'><strong>per</strong></span> <span class='ocrx_word' id='word_1_13' title='bbox 2502 588 2683 629; x_wconf 84' lang='lat' dir='ltr'><strong>escam</strong></span> <span class='ocrx_word' id='word_1_14' title='bbox 2726 573 3059 635; x_wconf 72' lang='lat' dir='ltr'><strong>ceciderant,</strong></span> <span class='ocrx_word' id='word_1_15' title='bbox 3113 585 3264 626; x_wconf 73' lang='lat' dir='ltr'><strong>nova:</strong></span> <span class='ocrx_word' id='word_1_16' title='bbox 3318 576 3441 628; x_wconf 78' lang='lat' dir='ltr'><strong>vitae</strong></span> 
     </span>
    </p>
   </div>
   <div class='ocr_carea' id='block_1_6' title="bbox 253 758 1756 841">
    <p class='ocr_par' dir='ltr' id='par_1_6' title="bbox 253 758 1756 841">
     <span class='ocr_line' id='line_1_6' title="bbox 253 758 1756 841; baseline -0.013 -14"><span class='ocrx_word' id='word_1_17' title='bbox 253 774 321 827; x_wconf 81' lang='grc' dir='ltr'><strong>Σὲ</strong></span> <span class='ocrx_word' id='word_1_18' title='bbox 366 767 702 841; x_wconf 68' lang='grc' dir='ltr'>προστασίαν</span> <span class='ocrx_word' id='word_1_19' title='bbox 750 764 982 836; x_wconf 73' lang='grc' dir='ltr'>ἔχοντες,</span> <span class='ocrx_word' id='word_1_20' title='bbox 1015 762 1275 834; x_wconf 85' lang='grc' dir='ltr'>άχραντε,</span> <span class='ocrx_word' id='word_1_21' title='bbox 1328 760 1377 813; x_wconf 74' lang='lat' dir='ltr'><strong>oi</strong></span> <span class='ocrx_word' id='word_1_22' title='bbox 1423 758 1599 812; x_wconf 81' lang='grc' dir='ltr'>δοῦλοί</span> <span class='ocrx_word' id='word_1_23' title='bbox 1640 774 1756 822; x_wconf 92' lang='grc' dir='ltr'>σου,</span> 
     </span>
    </p>
   </div>
   <div class='ocr_carea' id='block_1_7' title="bbox 183 851 1756 934">
    <p class='ocr_par' dir='ltr' id='par_1_7' title="bbox 183 851 1756 934">
     <span class='ocr_line' id='line_1_7' title="bbox 183 851 1756 934; baseline -0.01 -16"><span class='ocrx_word' id='word_1_24' title='bbox 183 868 278 918; x_wconf 73' lang='grc' dir='ltr'><strong>καὶ</strong></span> <span class='ocrx_word' id='word_1_25' title='bbox 307 865 442 934; x_wconf 79' lang='grc' dir='ltr'>πρὸς</span> <span class='ocrx_word' id='word_1_26' title='bbox 468 861 559 914; x_wconf 78' lang='grc' dir='ltr'><strong>τὸν</strong></span> <span class='ocrx_word' id='word_1_27' title='bbox 589 859 718 912; x_wconf 86' lang='grc' dir='ltr'>Υἰόν</span> <span class='ocrx_word' id='word_1_28' title='bbox 748 875 842 911; x_wconf 91' lang='grc' dir='ltr'><strong>σου</strong></span> <span class='ocrx_word' id='word_1_29' title='bbox 904 858 1041 927; x_wconf 80' lang='grc' dir='ltr'>μετὰ</span> <span class='ocrx_word' id='word_1_30' title='bbox 1070 854 1201 907; x_wconf 76' lang='grc' dir='ltr'>Θεὸν</span> <span class='ocrx_word' id='word_1_31' title='bbox 1257 854 1483 924; x_wconf 80' lang='grc' dir='ltr'>μεσίτην</span> <span class='ocrx_word' id='word_1_32' title='bbox 1526 851 1756 904; x_wconf 84' lang='grc' dir='ltr'>ἀκαταί-</span> 
     </span>
    </p>
   </div>
   <div class='ocr_carea' id='block_1_8' title="bbox 184 943 1754 1025">
    <p class='ocr_par' dir='ltr' id='par_1_8' title="bbox 184 943 1754 1025">
     <span class='ocr_line' id='line_1_8' title="bbox 184 943 1754 1025; baseline -0.008 -17"><span class='ocrx_word' id='word_1_33' title='bbox 184 971 429 1025; x_wconf 76' lang='grc' dir='ltr'>σχυντον,</span> <span class='ocrx_word' id='word_1_34' title='bbox 496 950 760 1006; x_wconf 81' lang='grc' dir='ltr'><strong>κινδύνων</strong></span> <span class='ocrx_word' id='word_1_35' title='bbox 828 951 976 1019; x_wconf 75' lang='grc' dir='ltr'>ἡμᾶς</span> <span class='ocrx_word' id='word_1_36' title='bbox 1067 946 1207 1011; x_wconf 78' lang='grc' dir='ltr'>σῶζε</span> <span class='ocrx_word' id='word_1_37' title='bbox 1264 948 1356 999; x_wconf 77' lang='grc' dir='ltr'>καὶ</span> <span class='ocrx_word' id='word_1_38' title='bbox 1412 943 1754 1015; x_wconf 80' lang='grc' dir='ltr'>πειρασμῶν,</span> 
     </span>
    </p>
   </div>
   <div class='ocr_carea' id='block_1_9' title="bbox 184 1039 1618 1118">
    <p class='ocr_par' dir='ltr' id='par_1_9' title="bbox 184 1039 1618 1118">
     <span class='ocr_line' id='line_1_9' title="bbox 184 1039 1618 1118; baseline -0.006 -18"><span class='ocrx_word' id='word_1_39' title='bbox 184 1048 383 1118; x_wconf 76' lang='grc' dir='ltr'>σεμνὴ,</span> <span class='ocrx_word' id='word_1_40' title='bbox 428 1046 516 1098; x_wconf 80' lang='grc' dir='ltr'><strong>ἶνα</strong></span> <span class='ocrx_word' id='word_1_41' title='bbox 546 1043 730 1096; x_wconf 86' lang='grc' dir='ltr'>πίστει</span> <span class='ocrx_word' id='word_1_42' title='bbox 766 1042 862 1095; x_wconf 71' lang='grc' dir='ltr'><strong>καὶ</strong></span> <span class='ocrx_word' id='word_1_43' title='bbox 892 1040 1045 1111; x_wconf 84' lang='grc' dir='ltr'>πόθῳ</span> <span class='ocrx_word' id='word_1_44' title='bbox 1077 1039 1163 1093; x_wconf 87' lang='grc' dir='ltr'><strong>ἀεί</strong></span> <span class='ocrx_word' id='word_1_45' title='bbox 1197 1057 1254 1092; x_wconf 90' lang='grc' dir='ltr'><strong>σε</strong></span> <span class='ocrx_word' id='word_1_46' title='bbox 1285 1039 1618 1107; x_wconf 72' lang='grc' dir='ltr'><strong>δοξάζωμεν.</strong></span> 
     </span>
    </p>
   </div>
   <div class='ocr_carea' id='block_1_10' title="bbox 254 1207 1758 1288">
    <p class='ocr_par' dir='ltr' id='par_1_10' title="bbox 254 1207 1758 1288">
     <span class='ocr_line' id='line_1_10' title="bbox 254 1207 1758 1288; baseline -0.01 -15"><span class='ocrx_word' id='word_1_47' title='bbox 254 1219 594 1288; x_wconf 75' lang='grc' dir='ltr'>Φλογοφόρος</span> <span class='ocrx_word' id='word_1_48' title='bbox 619 1217 694 1279; x_wconf 83' lang='grc' dir='ltr'>ὡς</span> <span class='ocrx_word' id='word_1_49' title='bbox 724 1214 881 1276; x_wconf 75' lang='grc' dir='ltr'>λασίς</span> <span class='ocrx_word' id='word_1_50' title='bbox 920 1211 1163 1277; x_wconf 56' lang='lat' dir='ltr'><strong>mare.»</strong></span> <span class='ocrx_word' id='word_1_51' title='bbox 1193 1213 1250 1265; x_wconf 81' lang='grc' dir='ltr'>ὲν</span> <span class='ocrx_word' id='word_1_52' title='bbox 1283 1209 1484 1278; x_wconf 81' lang='grc' dir='ltr'>γαστρί</span> <span class='ocrx_word' id='word_1_53' title='bbox 1514 1207 1758 1275; x_wconf 81' lang='grc' dir='ltr'>ἄνθρακα</span> 
     </span>
    </p>
   </div>
   <div class='ocr_carea' id='block_1_11' title="bbox 182 1302 1759 1381">
    <p class='ocr_par' dir='ltr' id='par_1_11' title="bbox 182 1302 1759 1381">
     <span class='ocr_line' id='line_1_11' title="bbox 182 1302 1759 1381; baseline -0.01 -15"><span class='ocrx_word' id='word_1_54' title='bbox 182 1314 276 1366; x_wconf 57' lang='lat' dir='ltr'><strong>et»;</strong></span> <span class='ocrx_word' id='word_1_55' title='bbox 312 1312 523 1381; x_wconf 71' lang='grc' dir='ltr'>νοητὸν,</span> <span class='ocrx_word' id='word_1_56' title='bbox 556 1308 969 1378; x_wconf 77' lang='grc' dir='ltr'><strong>καταφλέγοντα</strong></span> <span class='ocrx_word' id='word_1_57' title='bbox 1000 1306 1159 1375; x_wconf 82' lang='grc' dir='ltr'>ἡμῶν</span> <span class='ocrx_word' id='word_1_58' title='bbox 1201 1302 1272 1355; x_wconf 77' lang='grc' dir='ltr'><strong>τά</strong></span> <span class='ocrx_word' id='word_1_59' title='bbox 1307 1303 1475 1370; x_wconf 87' lang='grc' dir='ltr'>πάθη,</span> <span class='ocrx_word' id='word_1_60' title='bbox 1525 1302 1616 1352; x_wconf 74' lang='grc' dir='ltr'><strong>καὶ</strong></span> <span class='ocrx_word' id='word_1_61' title='bbox 1645 1318 1759 1368; x_wconf 81' lang='grc' dir='ltr'><strong>φω-</strong></span> 
     </span>
    </p>
   </div>
   <div class='ocr_carea' id='block_1_12' title="bbox 181 1392 1760 1470">
    <p class='ocr_par' dir='ltr' id='par_1_12' title="bbox 181 1392 1760 1470">
     <span class='ocr_line' id='line_1_12' title="bbox 181 1392 1760 1470; baseline -0.008 -14"><span class='ocrx_word' id='word_1_62' title='bbox 181 1406 408 1467; x_wconf 77' lang='grc' dir='ltr'>τίζοντα</span> <span class='ocrx_word' id='word_1_63' title='bbox 432 1402 530 1465; x_wconf 85' lang='grc' dir='ltr'>τὰς</span> <span class='ocrx_word' id='word_1_64' title='bbox 560 1399 740 1470; x_wconf 79' lang='grc' dir='ltr'>ψυχάς</span> <span class='ocrx_word' id='word_1_65' title='bbox 771 1399 950 1468; x_wconf 75' lang='grc' dir='ltr'>ἡμῶν,</span> <span class='ocrx_word' id='word_1_66' title='bbox 980 1396 1075 1448; x_wconf 72' lang='grc' dir='ltr'>καὶ</span> <span class='ocrx_word' id='word_1_67' title='bbox 1114 1394 1309 1447; x_wconf 79' lang='grc' dir='ltr'>λύοντα</span> <span class='ocrx_word' id='word_1_68' title='bbox 1349 1393 1411 1445; x_wconf 84' lang='grc' dir='ltr'>τὺ</span> <span class='ocrx_word' id='word_1_69' title='bbox 1444 1393 1632 1455; x_wconf 79' lang='grc' dir='ltr'>σκότος</span> <span class='ocrx_word' id='word_1_70' title='bbox 1660 1392 1760 1461; x_wconf 79' lang='grc' dir='ltr'><strong>τῆς</strong></span> 
     </span>
    </p>
   </div>
   <div class='ocr_carea' id='block_1_13' title="bbox 182 1487 1583 1566">
    <p class='ocr_par' dir='ltr' id='par_1_13' title="bbox 182 1487 1583 1566">
     <span class='ocr_line' id='line_1_13' title="bbox 182 1487 1583 1566; baseline -0.008 -15"><span class='ocrx_word' id='word_1_71' title='bbox 182 1495 604 1566; x_wconf 80' lang='grc' dir='ltr'>εἰδωλομανίας,</span> <span class='ocrx_word' id='word_1_72' title='bbox 636 1494 875 1562; x_wconf 85' lang='grc' dir='ltr'>άχραντε</span> <span class='ocrx_word' id='word_1_73' title='bbox 914 1487 1180 1559; x_wconf 83' lang='grc' dir='ltr'>Παρθένε,</span> <span class='ocrx_word' id='word_1_74' title='bbox 1212 1487 1583 1557; x_wconf 72' lang='grc' dir='ltr'>πολυύμνητε.</span> 
     </span>
    </p>
   </div>
   <div class='ocr_carea' id='block_1_14' title="bbox 195 1709 1758 1784">
    <p class='ocr_par' dir='ltr' id='par_1_14' title="bbox 195 1709 1758 1784">
     <span class='ocr_line' id='line_1_14' title="bbox 195 1709 1758 1784; baseline -0.01 -8"><span class='ocrx_word' id='word_1_75' title='bbox 195 1724 295 1775; x_wconf 76' lang='grc' dir='ltr'>Ἐκ</span> <span class='ocrx_word' id='word_1_76' title='bbox 318 1721 424 1775; x_wconf 86' lang='grc' dir='ltr'>τοῦ</span> <span class='ocrx_word' id='word_1_77' title='bbox 446 1718 704 1783; x_wconf 73' lang='grc' dir='ltr'>κανόνος</span> <span class='ocrx_word' id='word_1_78' title='bbox 720 1719 804 1781; x_wconf 85' lang='grc' dir='ltr'><strong>είς</strong></span> <span class='ocrx_word' id='word_1_79' title='bbox 826 1715 933 1769; x_wconf 82' lang='grc' dir='ltr'><strong>τὸν</strong></span> <span class='ocrx_word' id='word_1_80' title='bbox 949 1714 1119 1784; x_wconf 74' lang='grc' dir='ltr'>ἅγιον</span> <span class='ocrx_word' id='word_1_81' title='bbox 1133 1711 1404 1784; x_wconf 68' lang='grc' dir='ltr'>μάρτιιρᾳ</span> <span class='ocrx_word' id='word_1_82' title='bbox 1424 1709 1597 1778; x_wconf 66' lang='grc' dir='ltr'><strong>Εὐψνύ</strong></span> <span class='ocrx_word' id='word_1_83' title='bbox 1603 1726 1758 1778; x_wconf 80' lang='grc' dir='ltr'>χιον,</span> 
     </span>
    </p>
   </div>
   <div class='ocr_carea' id='block_1_15' title="bbox 538 1782 1416 1854">
    <p class='ocr_par' dir='ltr' id='par_1_15' title="bbox 538 1782 1416 1854">
     <span class='ocr_line' id='line_1_15' title="bbox 538 1782 1416 1854; baseline -0.01 -12"><span class='ocrx_word' id='word_1_84' title='bbox 538 1790 645 1842; x_wconf 79' lang='grc' dir='ltr'><strong>τὸν</strong></span> <span class='ocrx_word' id='word_1_85' title='bbox 667 1782 735 1841; x_wconf 80' lang='grc' dir='ltr'><strong>ἐν</strong></span> <span class='ocrx_word' id='word_1_86' title='bbox 760 1782 1104 1854; x_wconf 71' lang='grc' dir='ltr'>Καισαρείᾳ,</span> <span class='ocrx_word' id='word_1_87' title='bbox 1139 1783 1322 1851; x_wconf 74' lang='grc' dir='ltr'>ἡμέρᾳ</span> <span class='ocrx_word' id='word_1_88' title='bbox 1354 1782 1416 1834; x_wconf 88' lang='grc' dir='ltr'>θ’.</span> 
     </span>
    </p>
   </div>
   <div class='ocr_carea' id='block_1_16' title="bbox 1868 670 2127 724">
    <p class='ocr_par' dir='ltr' id='par_1_16' title="bbox 1868 670 2127 724">
     <span class='ocr_line' id='line_1_16' title="bbox 1868 670 2127 724; baseline 0 -2"><span class='ocrx_word' id='word_1_89' title='bbox 1868 670 2127 724; x_wconf 85' lang='lat' dir='ltr'><strong>restituit.</strong></span> 
     </span>
    </p>
   </div>
   <div class='ocr_carea' id='block_1_17' title="bbox 1938 759 3440 829">
    <p class='ocr_par' dir='ltr' id='par_1_17' title="bbox 1938 759 3440 829">
     <span class='ocr_line' id='line_1_17' title="bbox 1938 759 3440 829; baseline -0.003 -13"><span class='ocrx_word' id='word_1_90' title='bbox 1938 763 2075 816; x_wconf 88' lang='lat' dir='ltr'><strong>Cum</strong></span> <span class='ocrx_word' id='word_1_91' title='bbox 2110 771 2180 825; x_wconf 85' lang='lat' dir='ltr'><strong>te,</strong></span> <span class='ocrx_word' id='word_1_92' title='bbox 2210 780 2243 817; x_wconf 86' lang='grc' dir='ltr'><strong>ο</strong></span> <span class='ocrx_word' id='word_1_93' title='bbox 2269 764 2613 823; x_wconf 88' lang='lat' dir='ltr'><strong>intemerata,</strong></span> <span class='ocrx_word' id='word_1_94' title='bbox 2641 774 2743 813; x_wconf 88' lang='lat' dir='ltr'><strong>nos</strong></span> <span class='ocrx_word' id='word_1_95' title='bbox 2769 760 2909 813; x_wconf 85' lang='lat' dir='ltr'><strong>servi</strong></span> <span class='ocrx_word' id='word_1_96' title='bbox 2945 760 3023 813; x_wconf 91' lang='lat' dir='ltr'><strong>tui</strong></span> <span class='ocrx_word' id='word_1_97' title='bbox 3058 759 3440 829; x_wconf 81' lang='lat' dir='ltr'><strong>protectriccm</strong></span> 
     </span>
    </p>
   </div>
   <div class='ocr_carea' id='block_1_18' title="bbox 1870 852 3443 923">
    <p class='ocr_par' dir='ltr' id='par_1_18' title="bbox 1870 852 3443 923">
     <span class='ocr_line' id='line_1_18' title="bbox 1870 852 3443 923; baseline -0.003 -16"><span class='ocrx_word' id='word_1_98' title='bbox 1870 854 2010 923; x_wconf 87' lang='lat' dir='ltr'><strong>apud</strong></span> <span class='ocrx_word' id='word_1_99' title='bbox 2043 854 2240 908; x_wconf 82' lang='lat' dir='ltr'><strong>Filium</strong></span> <span class='ocrx_word' id='word_1_100' title='bbox 2270 864 2445 917; x_wconf 89' lang='lat' dir='ltr'><strong>tuum,</strong></span> <span class='ocrx_word' id='word_1_101' title='bbox 2476 870 2540 909; x_wconf 87' lang='lat' dir='ltr'><strong>ac</strong></span> <span class='ocrx_word' id='word_1_102' title='bbox 2587 852 2986 913; x_wconf 80' lang='lat' dir='ltr'><strong>mcdiatrit-em,</strong></span> <span class='ocrx_word' id='word_1_103' title='bbox 3022 869 3140 921; x_wconf 77' lang='lat' dir='ltr'><strong>quae</strong></span> <span class='ocrx_word' id='word_1_104' title='bbox 3175 868 3282 904; x_wconf 92' lang='lat' dir='ltr'><strong>non</strong></span> <span class='ocrx_word' id='word_1_105' title='bbox 3313 868 3443 906; x_wconf 88' lang='lat' dir='ltr'><strong>con-</strong></span> 
     </span>
    </p>
   </div>
   <div class='ocr_carea' id='block_1_19' title="bbox 1871 942 3441 1014">
    <p class='ocr_par' dir='ltr' id='par_1_19' title="bbox 1871 942 3441 1014">
     <span class='ocr_line' id='line_1_19' title="bbox 1871 942 3441 1014; baseline -0.001 -17"><span class='ocrx_word' id='word_1_106' title='bbox 1871 945 2143 1008; x_wconf 81' lang='lat' dir='ltr'><strong>funditur,</strong></span> <span class='ocrx_word' id='word_1_107' title='bbox 2179 956 2299 1014; x_wconf 75' lang='lat' dir='ltr'><strong>past</strong></span> <span class='ocrx_word' id='word_1_108' title='bbox 2334 944 2498 997; x_wconf 86' lang='lat' dir='ltr'><strong>Deum</strong></span> <span class='ocrx_word' id='word_1_109' title='bbox 2551 944 2851 997; x_wconf 71' lang='lat' dir='ltr'><strong>habeamus</strong></span> <span class='ocrx_word' id='word_1_110' title='bbox 2888 958 2902 994; x_wconf 89' lang='lat'>:</span> <span class='ocrx_word' id='word_1_111' title='bbox 2940 942 3104 994; x_wconf 79' lang='lat' dir='ltr'><strong>libera</strong></span> <span class='ocrx_word' id='word_1_112' title='bbox 3153 957 3252 996; x_wconf 91' lang='lat' dir='ltr'><strong>nos</strong></span> <span class='ocrx_word' id='word_1_113' title='bbox 3283 957 3309 993; x_wconf 91' lang='lat' dir='ltr'><strong>a</strong></span> <span class='ocrx_word' id='word_1_114' title='bbox 3346 958 3441 1010; x_wconf 83' lang='lat' dir='ltr'><strong>pc—</strong></span> 
     </span>
    </p>
   </div>
   <div class='ocr_carea' id='block_1_20' title="bbox 1870 1036 3444 1103">
    <p class='ocr_par' dir='ltr' id='par_1_20' title="bbox 1870 1036 3444 1103">
     <span class='ocr_line' id='line_1_20' title="bbox 1870 1036 3444 1103; baseline -0.001 -15"><span class='ocrx_word' id='word_1_115' title='bbox 1870 1038 2057 1092; x_wconf 91' lang='lat' dir='ltr'><strong>rieulis</strong></span> <span class='ocrx_word' id='word_1_116' title='bbox 2091 1047 2141 1092; x_wconf 90' lang='lat' dir='ltr'><strong>et</strong></span> <span class='ocrx_word' id='word_1_117' title='bbox 2176 1038 2586 1100; x_wconf 86' lang='lat' dir='ltr'><strong>tentationibus,</strong></span> <span class='ocrx_word' id='word_1_118' title='bbox 2616 1045 2673 1090; x_wconf 84' lang='grc' dir='ltr'><strong>ιιι</strong></span> <span class='ocrx_word' id='word_1_119' title='bbox 2703 1046 2774 1099; x_wconf 85' lang='lat' dir='ltr'><strong>te,</strong></span> <span class='ocrx_word' id='word_1_120' title='bbox 2809 1050 2842 1089; x_wconf 90' lang='grc' dir='ltr'><strong>ο</strong></span> <span class='ocrx_word' id='word_1_121' title='bbox 2865 1036 3197 1097; x_wconf 81' lang='lat' dir='ltr'><strong>veneranda,</strong></span> <span class='ocrx_word' id='word_1_122' title='bbox 3228 1049 3444 1103; x_wconf 81' lang='lat' dir='ltr'><strong>semper</strong></span> 
     </span>
    </p>
   </div>
   <div class='ocr_carea' id='block_1_21' title="bbox 1872 1127 2854 1199">
    <p class='ocr_par' dir='ltr' id='par_1_21' title="bbox 1872 1127 2854 1199">
     <span class='ocr_line' id='line_1_21' title="bbox 1872 1127 2854 1199; baseline -0.002 -16"><span class='ocrx_word' id='word_1_123' title='bbox 1872 1143 1993 1183; x_wconf 86' lang='lat' dir='ltr'><strong>Cum</strong></span> <span class='ocrx_word' id='word_1_124' title='bbox 2028 1131 2130 1183; x_wconf 83' lang='lat' dir='ltr'><strong>fide</strong></span> <span class='ocrx_word' id='word_1_125' title='bbox 2152 1142 2203 1184; x_wconf 87' lang='lat' dir='ltr'><strong>et</strong></span> <span class='ocrx_word' id='word_1_126' title='bbox 2230 1130 2425 1183; x_wconf 78' lang='lat' dir='ltr'><strong>aﬂectu</strong></span> <span class='ocrx_word' id='word_1_127' title='bbox 2467 1127 2854 1199; x_wconf 80' lang='lat' dir='ltr'><strong>glorificentus.</strong></span> 
     </span>
    </p>
   </div>
   <div class='ocr_carea' id='block_1_22' title="bbox 1944 1217 3445 1290">
    <p class='ocr_par' dir='ltr' id='par_1_22' title="bbox 1944 1217 3445 1290">
     <span class='ocr_line' id='line_1_22' title="bbox 1944 1217 3445 1290; baseline -0.002 -18"><span class='ocrx_word' id='word_1_128' title='bbox 1944 1218 2222 1289; x_wconf 76' lang='lat' dir='ltr'><strong>Tanquam</strong></span> <span class='ocrx_word' id='word_1_129' title='bbox 2258 1221 2470 1290; x_wconf 80' lang='lat' dir='ltr'><strong>forceps</strong></span> <span class='ocrx_word' id='word_1_130' title='bbox 2499 1219 2822 1274; x_wconf 76' lang='lat' dir='ltr'><strong>flammifera</strong></span> <span class='ocrx_word' id='word_1_131' title='bbox 2863 1218 3156 1287; x_wconf 79' lang='lat' dir='ltr'><strong>suscepisti</strong></span> <span class='ocrx_word' id='word_1_132' title='bbox 3194 1217 3246 1270; x_wconf 95' lang='lat' dir='ltr'><strong>in</strong></span> <span class='ocrx_word' id='word_1_133' title='bbox 3284 1228 3445 1270; x_wconf 84' lang='lat' dir='ltr'><strong>utero</strong></span> 
     </span>
    </p>
   </div>
   <div class='ocr_carea' id='block_1_23' title="bbox 1869 1311 3443 1382">
    <p class='ocr_par' dir='ltr' id='par_1_23' title="bbox 1869 1311 3443 1382">
     <span class='ocr_line' id='line_1_23' title="bbox 1869 1311 3443 1382; baseline -0.002 -17"><span class='ocrx_word' id='word_1_134' title='bbox 1869 1314 2162 1366; x_wconf 87' lang='lat' dir='ltr'><strong>carbonem</strong></span> <span class='ocrx_word' id='word_1_135' title='bbox 2186 1314 2609 1382; x_wconf 68' lang='lat' dir='ltr'><strong>spTritalem,qui</strong></span> <span class='ocrx_word' id='word_1_136' title='bbox 2638 1314 2918 1382; x_wconf 55' lang='lat' dir='ltr'><strong>passiones</strong></span> <span class='ocrx_word' id='word_1_137' title='bbox 2948 1324 3163 1367; x_wconf 87' lang='lat' dir='ltr'><strong>nostras</strong></span> <span class='ocrx_word' id='word_1_138' title='bbox 3212 1311 3443 1363; x_wconf 83' lang='lat' dir='ltr'><strong>combu-</strong></span> 
     </span>
    </p>
   </div>
   <div class='ocr_carea' id='block_1_24' title="bbox 1872 1400 3446 1466">
    <p class='ocr_par' dir='ltr' id='par_1_24' title="bbox 1872 1400 3446 1466">
     <span class='ocr_line' id='line_1_24' title="bbox 1872 1400 3446 1466; baseline -0.001 -13"><span class='ocrx_word' id='word_1_139' title='bbox 1872 1402 1973 1464; x_wconf 87' lang='lat' dir='ltr'><strong>rit,</strong></span> <span class='ocrx_word' id='word_1_140' title='bbox 2007 1402 2218 1455; x_wconf 88' lang='lat' dir='ltr'><strong>animas</strong></span> <span class='ocrx_word' id='word_1_141' title='bbox 2250 1414 2462 1456; x_wconf 84' lang='lat' dir='ltr'><strong>nostras</strong></span> <span class='ocrx_word' id='word_1_142' title='bbox 2504 1403 2795 1466; x_wconf 83' lang='lat' dir='ltr'><strong>illuminat,</strong></span> <span class='ocrx_word' id='word_1_143' title='bbox 2836 1411 2888 1455; x_wconf 81' lang='lat' dir='ltr'><strong>et</strong></span> <span class='ocrx_word' id='word_1_144' title='bbox 2938 1400 3254 1454; x_wconf 75' lang='lat' dir='ltr'><strong>idololatriae</strong></span> <span class='ocrx_word' id='word_1_145' title='bbox 3296 1409 3446 1451; x_wconf 77' lang='lat' dir='ltr'><strong>trne—</strong></span> 
     </span>
    </p>
   </div>
   <div class='ocr_carea' id='block_1_25' title="bbox 1870 1490 3447 1564">
    <p class='ocr_par' dir='ltr' id='par_1_25' title="bbox 1870 1490 3447 1564">
     <span class='ocr_line' id='line_1_25' title="bbox 1870 1490 3447 1564; baseline -0.001 -18"><span class='ocrx_word' id='word_1_146' title='bbox 1870 1494 1999 1546; x_wconf 86' lang='lat' dir='ltr'><strong>bras</strong></span> <span class='ocrx_word' id='word_1_147' title='bbox 2030 1494 2321 1557; x_wconf 82' lang='lat' dir='ltr'><strong>dissolviti,</strong></span> <span class='ocrx_word' id='word_1_148' title='bbox 2368 1511 2399 1546; x_wconf 89' lang='grc' dir='ltr'><strong>υ</strong></span> <span class='ocrx_word' id='word_1_149' title='bbox 2420 1492 2583 1564; x_wconf 79' lang='lat' dir='ltr'><strong>Virgo</strong></span> <span class='ocrx_word' id='word_1_150' title='bbox 2605 1495 2886 1559; x_wconf 82' lang='lat' dir='ltr'><strong>inviolata,</strong></span> <span class='ocrx_word' id='word_1_151' title='bbox 2916 1495 3165 1562; x_wconf 83' lang='lat' dir='ltr'><strong>plurimis</strong></span> <span class='ocrx_word' id='word_1_152' title='bbox 3195 1490 3447 1545; x_wconf 74' lang='lat' dir='ltr'><strong>laudibus</strong></span> 
     </span>
    </p>
   </div>
   <div class='ocr_carea' id='block_1_26' title="bbox 1870 1586 2217 1642">
    <p class='ocr_par' dir='ltr' id='par_1_26' title="bbox 1870 1586 2217 1642">
     <span class='ocr_line' id='line_1_26' title="bbox 1870 1586 2217 1642; baseline 0.009 -3"><span class='ocrx_word' id='word_1_153' title='bbox 1870 1586 2217 1642; x_wconf 83' lang='lat' dir='ltr'><strong>celebranda.</strong></span> 
     </span>
    </p>
   </div>
   <div class='ocr_carea' id='block_1_27' title="bbox 1870 1719 3441 1847">
    <p class='ocr_par' dir='ltr' id='par_1_27' title="bbox 1870 1719 3441 1847">
     <span class='ocr_line' id='line_1_27' title="bbox 1870 1719 3441 1847; baseline 0.002 -74"><span class='ocrx_word' id='word_1_154' title='bbox 1870 1719 1954 1773; x_wconf 79' lang='lat' dir='ltr'><strong>Ea:</strong></span> <span class='ocrx_word' id='word_1_155' title='bbox 2009 1737 2209 1775; x_wconf 81' lang='lat' dir='ltr'><strong>canone</strong></span> <span class='ocrx_word' id='word_1_156' title='bbox 2238 1723 2291 1775; x_wconf 86' lang='lat' dir='ltr'><strong>in</strong></span> <span class='ocrx_word' id='word_1_157' title='bbox 2326 1719 2386 1776; x_wconf 94' lang='lat' dir='ltr'><strong>S.</strong></span> <span class='ocrx_word' id='word_1_158' title='bbox 2430 1720 3099 1847; x_wconf 48' lang='lat' dir='ltr'><strong>Eupsyrliiiumgmartyrem</strong></span> <span class='ocrx_word' id='word_1_159' title='bbox 3140 1721 3441 1777; x_wconf 73' lang='lat' dir='ltr'><strong>Cwsarien-</strong></span> 
     </span>
     <span class='ocr_line' id='line_1_28' title="bbox 2500 1808 2826 1847; baseline -0.003 -1"><span class='ocrx_word' id='word_1_160' title='bbox 2500 1809 2630 1847; x_wconf 81' lang='lat' dir='ltr'><strong>sent.</strong></span> <span class='ocrx_word' id='word_1_161' title='bbox 2698 1808 2746 1845; x_wconf 78' lang='lat' dir='ltr'><strong>te</strong></span> <span class='ocrx_word' id='word_1_162' title='bbox 2814 1833 2826 1845; x_wconf 94' lang='lat'><strong>.</strong></span> 
     </span>
    </p>
   </div>
   <div class='ocr_carea' id='block_1_28' title="bbox 2500 1808 2826 1859">
    <p class='ocr_par' dir='ltr' id='par_1_28' title="bbox 2500 1808 2826 1859">
     <span class='ocr_line' id='line_1_29' title="bbox 2500 1808 2826 1859; baseline -0.003 -13"><span class='ocrx_word' id='word_1_163' title='bbox 2500 1809 2630 1859; x_wconf 80' lang='lat' dir='ltr'><strong>sem,</strong></span> <span class='ocrx_word' id='word_1_164' title='bbox 2661 1808 2746 1845; x_wconf 83' lang='lat' dir='ltr'><strong>me</strong></span> <span class='ocrx_word' id='word_1_165' title='bbox 2775 1808 2826 1847; x_wconf 79' lang='grc' dir='ltr'><strong>υ.</strong></span> 
     </span>
    </p>
   </div>
   <div class='ocr_carea' id='block_1_29' title="bbox 258 1895 1766 1998">
    <p class='ocr_par' dir='ltr' id='par_1_29' title="bbox 258 1895 1762 1977">
     <span class='ocr_line' id='line_1_30' title="bbox 258 1895 1762 1977; baseline -0.009 -17"><span class='ocrx_word' id='word_1_166' title='bbox 258 1906 472 1977; x_wconf 77' lang='grc' dir='ltr'>Σαρκὸς</span> <span class='ocrx_word' id='word_1_167' title='bbox 513 1903 820 1975; x_wconf 82' lang='grc' dir='ltr'><strong>ὁμοιώματι</strong></span> <span class='ocrx_word' id='word_1_168' title='bbox 853 1898 1135 1969; x_wconf 76' lang='grc' dir='ltr'>γεννηθεὶς</span> <span class='ocrx_word' id='word_1_169' title='bbox 1171 1899 1234 1950; x_wconf 83' lang='grc' dir='ltr'>ὲκ</span> <span class='ocrx_word' id='word_1_170' title='bbox 1267 1895 1361 1950; x_wconf 79' lang='grc' dir='ltr'>σοῦ</span> <span class='ocrx_word' id='word_1_171' title='bbox 1409 1898 1437 1950; x_wconf 89' lang='grc' dir='ltr'><strong>ό</strong></span> <span class='ocrx_word' id='word_1_172' title='bbox 1484 1895 1762 1964; x_wconf 80' lang='grc' dir='ltr'><strong>Δεσπότης</strong></span> 
     </span>
    </p>
   </div>
   <div class='ocr_carea' id='block_1_30' title="bbox 1871 1895 3438 1998">
    <p class='ocr_par' dir='ltr' id='par_1_30' title="bbox 1941 1905 3438 1976">
     <span class='ocr_line' id='line_1_31' title="bbox 1941 1905 3438 1976; baseline 0.001 -16"><span class='ocrx_word' id='word_1_173' title='bbox 1941 1906 2206 1960; x_wconf 84' lang='lat' dir='ltr'><strong>Dominus</strong></span> <span class='ocrx_word' id='word_1_174' title='bbox 2240 1905 2292 1958; x_wconf 94' lang='lat' dir='ltr'><strong>in</strong></span> <span class='ocrx_word' id='word_1_175' title='bbox 2327 1905 2685 1961; x_wconf 81' lang='lat' dir='ltr'><strong>similitudine</strong></span> <span class='ocrx_word' id='word_1_176' title='bbox 2710 1906 2891 1960; x_wconf 89' lang='lat' dir='ltr'><strong>carnis</strong></span> <span class='ocrx_word' id='word_1_177' title='bbox 2913 1907 3131 1976; x_wconf 84' lang='lat' dir='ltr'><strong>genitus</strong></span> <span class='ocrx_word' id='word_1_178' title='bbox 3166 1923 3229 1962; x_wconf 86' lang='lat' dir='ltr'><strong>ac</strong></span> <span class='ocrx_word' id='word_1_179' title='bbox 3258 1916 3438 1972; x_wconf 88' lang='lat' dir='ltr'><strong>natus,</strong></span> 
     </span>
    </p>
   </div>
   <div class='ocr_carea' id='block_1_31' title="bbox 181 1988 1760 2071">
    <p class='ocr_par' dir='ltr' id='par_1_31' title="bbox 181 1988 1760 2071">
     <span class='ocr_line' id='line_1_32' title="bbox 181 1988 1760 2071; baseline -0.009 -18"><span class='ocrx_word' id='word_1_180' title='bbox 181 2001 589 2071; x_wconf 80' lang='grc' dir='ltr'>ὲκαινούργησε</span> <span class='ocrx_word' id='word_1_181' title='bbox 634 1996 731 2067; x_wconf 85' lang='grc' dir='ltr'>τὴν</span> <span class='ocrx_word' id='word_1_182' title='bbox 760 1992 916 2065; x_wconf 78' lang='grc' dir='ltr'>ἡμῶν</span> <span class='ocrx_word' id='word_1_183' title='bbox 949 1990 1434 2060; x_wconf 71' lang='grc' dir='ltr'>πεπαλαιωμένην,</span> <span class='ocrx_word' id='word_1_184' title='bbox 1463 1988 1620 2059; x_wconf 90' lang='grc' dir='ltr'>κόρη,</span> <span class='ocrx_word' id='word_1_185' title='bbox 1657 1988 1760 2057; x_wconf 83' lang='grc' dir='ltr'>φύ-</span> 
     </span>
    </p>
   </div>
   <div class='ocr_carea' id='block_1_32' title="bbox 187 2083 1491 2160">
    <p class='ocr_par' dir='ltr' id='par_1_32' title="bbox 187 2083 1491 2160">
     <span class='ocr_line' id='line_1_33' title="bbox 187 2083 1491 2160; baseline -0.011 -13"><span class='ocrx_word' id='word_1_186' title='bbox 187 2114 296 2159; x_wconf 88' lang='grc' dir='ltr'>σιν,</span> <span class='ocrx_word' id='word_1_187' title='bbox 330 2094 423 2146; x_wconf 71' lang='grc' dir='ltr'><strong>καὶ</strong></span> <span class='ocrx_word' id='word_1_188' title='bbox 452 2093 579 2154; x_wconf 81' lang='grc' dir='ltr'>τοὺς</span> <span class='ocrx_word' id='word_1_189' title='bbox 602 2089 833 2160; x_wconf 81' lang='grc' dir='ltr'>θνητοὺς</span> <span class='ocrx_word' id='word_1_190' title='bbox 858 2085 1142 2156; x_wconf 81' lang='grc' dir='ltr'>οὐρανίους</span> <span class='ocrx_word' id='word_1_191' title='bbox 1182 2083 1491 2154; x_wconf 75' lang='grc' dir='ltr'>εἰργάσατο.</span> 
     </span>
    </p>
   </div>
   <div class='ocr_carea' id='block_1_33' title="bbox 260 2173 1757 2256">
    <p class='ocr_par' dir='ltr' id='par_1_33' title="bbox 260 2173 1757 2256">
     <span class='ocr_line' id='line_1_34' title="bbox 260 2173 1757 2256; baseline -0.009 -17"><span class='ocrx_word' id='word_1_192' title='bbox 260 2188 472 2256; x_wconf 82' lang='grc' dir='ltr'>’Υμνον</span> <span class='ocrx_word' id='word_1_193' title='bbox 510 2185 863 2255; x_wconf 75' lang='grc' dir='ltr'>χαριστήριον</span> <span class='ocrx_word' id='word_1_194' title='bbox 899 2179 1007 2231; x_wconf 86' lang='grc' dir='ltr'><strong>τῶν</strong></span> <span class='ocrx_word' id='word_1_195' title='bbox 1036 2176 1286 2247; x_wconf 80' lang='grc' dir='ltr'>ἀθλητῶν</span> <span class='ocrx_word' id='word_1_196' title='bbox 1316 2174 1473 2245; x_wconf 81' lang='grc' dir='ltr'>χορὸς</span> <span class='ocrx_word' id='word_1_197' title='bbox 1508 2173 1620 2245; x_wconf 77' lang='grc' dir='ltr'>ᾅδει</span> <span class='ocrx_word' id='word_1_198' title='bbox 1656 2191 1757 2238; x_wconf 89' lang='grc' dir='ltr'>σοι,</span> 
     </span>
    </p>
   </div>
   <div class='ocr_carea' id='block_1_34' title="bbox 183 2264 1760 2345">
    <p class='ocr_par' dir='ltr' id='par_1_34' title="bbox 183 2264 1760 2345">
     <span class='ocr_line' id='line_1_35' title="bbox 183 2264 1760 2345; baseline -0.008 -16"><span class='ocrx_word' id='word_1_199' title='bbox 183 2276 328 2345; x_wconf 85' lang='grc' dir='ltr'>κόρη</span> <span class='ocrx_word' id='word_1_200' title='bbox 358 2274 553 2345; x_wconf 82' lang='grc' dir='ltr'>σεμνὴ,</span> <span class='ocrx_word' id='word_1_201' title='bbox 582 2271 680 2325; x_wconf 80' lang='grc' dir='ltr'>σοῦ</span> <span class='ocrx_word' id='word_1_202' title='bbox 714 2273 835 2334; x_wconf 83' lang='grc' dir='ltr'>ταῖς</span> <span class='ocrx_word' id='word_1_203' title='bbox 864 2269 1109 2339; x_wconf 83' lang='grc' dir='ltr'>ὁδηγίαις</span> <span class='ocrx_word' id='word_1_204' title='bbox 1128 2265 1423 2336; x_wconf 78' lang='grc' dir='ltr'>νικηφόρος</span> <span class='ocrx_word' id='word_1_205' title='bbox 1447 2264 1760 2334; x_wconf 57' lang='grc' dir='ltr'>γενόμενος.</span> 
     </span>
    </p>
   </div>
   <div class='ocr_carea' id='block_1_35' title="bbox 272 2440 1763 2521">
    <p class='ocr_par' dir='ltr' id='par_1_35' title="bbox 272 2440 1763 2521">
     <span class='ocr_line' id='line_1_36' title="bbox 272 2440 1763 2521; baseline -0.013 -15"><span class='ocrx_word' id='word_1_206' title='bbox 272 2450 588 2521; x_wconf 62' lang='grc' dir='ltr'>’Υπρτὲρα</span> <span class='ocrx_word' id='word_1_207' title='bbox 614 2449 901 2518; x_wconf 80' lang='grc' dir='ltr'>δυνάμεων</span> <span class='ocrx_word' id='word_1_208' title='bbox 929 2445 1038 2498; x_wconf 86' lang='grc' dir='ltr'><strong>τῶν</strong></span> <span class='ocrx_word' id='word_1_209' title='bbox 1084 2441 1424 2512; x_wconf 73' lang='grc' dir='ltr'>ἐπουρανίων</span> <span class='ocrx_word' id='word_1_210' title='bbox 1456 2440 1520 2493; x_wconf 79' lang='grc' dir='ltr'><strong>σὺ</strong></span> <span class='ocrx_word' id='word_1_211' title='bbox 1545 2455 1763 2508; x_wconf 84' lang='grc' dir='ltr'>χρημα-</span> 
     </span>
    </p>
   </div>
   <div class='ocr_carea' id='block_1_36' title="bbox 184 2532 1767 2616">
    <p class='ocr_par' dir='ltr' id='par_1_36' title="bbox 184 2532 1767 2616">
     <span class='ocr_line' id='line_1_37' title="bbox 184 2532 1767 2616; baseline -0.011 -16"><span class='ocrx_word' id='word_1_212' title='bbox 184 2548 410 2608; x_wconf 87' lang='grc' dir='ltr'>τίσασα,</span> <span class='ocrx_word' id='word_1_213' title='bbox 449 2543 731 2616; x_wconf 81' lang='grc' dir='ltr'>σαρκικῶν</span> <span class='ocrx_word' id='word_1_214' title='bbox 763 2537 953 2594; x_wconf 82' lang='grc' dir='ltr'>παθῶν</span> <span class='ocrx_word' id='word_1_215' title='bbox 986 2538 1283 2608; x_wconf 81' lang='grc' dir='ltr'>ὑπέρτερον</span> <span class='ocrx_word' id='word_1_216' title='bbox 1308 2535 1400 2587; x_wconf 79' lang='grc' dir='ltr'><strong>τὸν</strong></span> <span class='ocrx_word' id='word_1_217' title='bbox 1439 2533 1593 2603; x_wconf 75' lang='grc' dir='ltr'>ὲμδν,</span> <span class='ocrx_word' id='word_1_218' title='bbox 1618 2532 1767 2603; x_wconf 87' lang='grc' dir='ltr'>Παρ-</span> 
     </span>
    </p>
   </div>
   <div class='ocr_carea' id='block_1_37' title="bbox 186 2633 825 2699">
    <p class='ocr_par' dir='ltr' id='par_1_37' title="bbox 186 2633 825 2699">
     <span class='ocr_line' id='line_1_38' title="bbox 186 2633 825 2699; baseline -0.006 -9"><span class='ocrx_word' id='word_1_219' title='bbox 186 2640 336 2699; x_wconf 84' lang='grc' dir='ltr'>οένε,</span> <span class='ocrx_word' id='word_1_220' title='bbox 367 2636 493 2691; x_wconf 78' lang='grc' dir='ltr'>νοῦν</span> <span class='ocrx_word' id='word_1_221' title='bbox 528 2633 825 2699; x_wconf 77' lang='grc' dir='ltr'>ἀνάδειξον.</span> 
     </span>
    </p>
   </div>
   <div class='ocr_carea' id='block_1_38' title="bbox 275 2719 1764 2799">
    <p class='ocr_par' dir='ltr' id='par_1_38' title="bbox 275 2719 1764 2799">
     <span class='ocr_line' id='line_1_39' title="bbox 275 2719 1764 2799; baseline -0.01 -16"><span class='ocrx_word' id='word_1_222' title='bbox 275 2730 451 2799; x_wconf 77' lang='grc' dir='ltr'>’Υπὲρ</span> <span class='ocrx_word' id='word_1_223' title='bbox 472 2728 580 2781; x_wconf 86' lang='grc' dir='ltr'><strong>τῶν</strong></span> <span class='ocrx_word' id='word_1_224' title='bbox 610 2728 689 2788; x_wconf 81' lang='grc' dir='ltr'><strong>είς</strong></span> <span class='ocrx_word' id='word_1_225' title='bbox 724 2727 783 2777; x_wconf 81' lang='grc' dir='ltr'>σὲ</span> <span class='ocrx_word' id='word_1_226' title='bbox 824 2725 921 2787; x_wconf 87' lang='grc' dir='ltr'><strong>τάς</strong></span> <span class='ocrx_word' id='word_1_227' title='bbox 950 2721 1193 2783; x_wconf 75' lang='grc' dir='ltr'><strong>ἐλπίδας,</strong></span> <span class='ocrx_word' id='word_1_228' title='bbox 1231 2720 1449 2773; x_wconf 85' lang='grc' dir='ltr'>πάντων</span> <span class='ocrx_word' id='word_1_229' title='bbox 1478 2719 1764 2779; x_wconf 80' lang='grc' dir='ltr'>Δέσποινα,</span> 
     </span>
    </p>
   </div>
   <div class='ocr_carea' id='block_1_39' title="bbox 191 2809 1767 2890">
    <p class='ocr_par' dir='ltr' id='par_1_39' title="bbox 191 2809 1767 2890">
     <span class='ocr_line' id='line_1_40' title="bbox 191 2809 1767 2890; baseline -0.008 -18"><span class='ocrx_word' id='word_1_230' title='bbox 191 2822 554 2890; x_wconf 81' lang='grc' dir='ltr'>κεκτημένων</span> <span class='ocrx_word' id='word_1_231' title='bbox 614 2818 832 2871; x_wconf 85' lang='grc' dir='ltr'>πάντων</span> <span class='ocrx_word' id='word_1_232' title='bbox 903 2814 1194 2884; x_wconf 74' lang='grc' dir='ltr'>πρέσϐευε,</span> <span class='ocrx_word' id='word_1_233' title='bbox 1269 2812 1417 2875; x_wconf 84' lang='grc' dir='ltr'>ὅπως</span> <span class='ocrx_word' id='word_1_234' title='bbox 1465 2809 1767 2879; x_wconf 81' lang='grc' dir='ltr'>μελλούσης</span> 
     </span>
    </p>
   </div>
   <div class='ocr_carea' id='block_1_40' title="bbox 189 2909 1001 2979">
    <p class='ocr_par' dir='ltr' id='par_1_40' title="bbox 189 2909 1001 2979">
     <span class='ocr_line' id='line_1_41' title="bbox 189 2909 1001 2979; baseline -0.002 -18"><span class='ocrx_word' id='word_1_235' title='bbox 189 2911 565 2979; x_wconf 78' lang='grc' dir='ltr'>λυτρωθῶμεν</span> <span class='ocrx_word' id='word_1_236' title='bbox 602 2909 1001 2978; x_wconf 75' lang='grc' dir='ltr'>κατακρίσεως.</span> 
     </span>
    </p>
   </div>
   <div class='ocr_carea' id='block_1_41' title="bbox 280 2991 1769 3072">
    <p class='ocr_par' dir='ltr' id='par_1_41' title="bbox 280 2991 1769 3072">
     <span class='ocr_line' id='line_1_42' title="bbox 280 2991 1769 3072; baseline -0.007 -17"><span class='ocrx_word' id='word_1_237' title='bbox 280 3003 620 3072; x_wconf 80' lang='grc' dir='ltr'>Ἀνόρθωσον</span> <span class='ocrx_word' id='word_1_238' title='bbox 652 2998 1052 3070; x_wconf 86' lang='grc' dir='ltr'>συμπτωθέντα</span> <span class='ocrx_word' id='word_1_239' title='bbox 1080 3014 1143 3066; x_wconf 91' lang='grc' dir='ltr'><strong>με</strong></span> <span class='ocrx_word' id='word_1_240' title='bbox 1177 2996 1320 3058; x_wconf 88' lang='grc' dir='ltr'>ὃλον,</span> <span class='ocrx_word' id='word_1_241' title='bbox 1342 2995 1419 3057; x_wconf 84' lang='grc' dir='ltr'>ὡς</span> <span class='ocrx_word' id='word_1_242' title='bbox 1449 2996 1562 3055; x_wconf 88' lang='grc' dir='ltr'>τοῖς</span> <span class='ocrx_word' id='word_1_243' title='bbox 1597 2991 1769 3045; x_wconf 85' lang='grc' dir='ltr'>πάθε-</span> 
     </span>
    </p>
   </div>
   <div class='ocr_carea' id='block_1_42' title="bbox 191 3084 1771 3163">
    <p class='ocr_par' dir='ltr' id='par_1_42' title="bbox 191 3084 1771 3163">
     <span class='ocr_line' id='line_1_43' title="bbox 191 3084 1771 3163; baseline -0.008 -16"><span class='ocrx_word' id='word_1_244' title='bbox 191 3112 284 3147; x_wconf 88' lang='grc' dir='ltr'><strong>σιν</strong></span> <span class='ocrx_word' id='word_1_245' title='bbox 318 3094 608 3157; x_wconf 77' lang='grc' dir='ltr'>ἀνοίξαντα</span> <span class='ocrx_word' id='word_1_246' title='bbox 641 3093 833 3163; x_wconf 85' lang='grc' dir='ltr'>θύραν,</span> <span class='ocrx_word' id='word_1_247' title='bbox 866 3091 958 3143; x_wconf 85' lang='grc' dir='ltr'><strong>καί</strong></span> <span class='ocrx_word' id='word_1_248' title='bbox 998 3092 1064 3159; x_wconf 79' lang='grc' dir='ltr'>τῇ</span> <span class='ocrx_word' id='word_1_249' title='bbox 1096 3090 1153 3141; x_wconf 85' lang='grc' dir='ltr'>ὲν</span> <span class='ocrx_word' id='word_1_250' title='bbox 1184 3087 1267 3141; x_wconf 76' lang='grc' dir='ltr'><strong>σοὶ</strong></span> <span class='ocrx_word' id='word_1_251' title='bbox 1309 3085 1486 3155; x_wconf 81' lang='grc' dir='ltr'>ἀγαθῇ</span> <span class='ocrx_word' id='word_1_252' title='bbox 1524 3084 1771 3155; x_wconf 76' lang='grc' dir='ltr'>μεσιτεὶᾳ</span> 
     </span>
    </p>
   </div>
   <div class='ocr_carea' id='block_1_43' title="bbox 191 3177 1769 3257">
    <p class='ocr_par' dir='ltr' id='par_1_43' title="bbox 191 3177 1769 3257">
     <span class='ocr_line' id='line_1_44' title="bbox 191 3177 1769 3257; baseline -0.006 -19"><span class='ocrx_word' id='word_1_253' title='bbox 191 3187 341 3257; x_wconf 78' lang='grc' dir='ltr'>πρὸς</span> <span class='ocrx_word' id='word_1_254' title='bbox 383 3185 673 3255; x_wconf 82' lang='grc' dir='ltr'>μετανοίας</span> <span class='ocrx_word' id='word_1_255' title='bbox 699 3182 938 3244; x_wconf 82' lang='grc' dir='ltr'>εἰσόδους</span> <span class='ocrx_word' id='word_1_256' title='bbox 966 3180 1254 3248; x_wconf 85' lang='grc' dir='ltr'>εἰσάγαγε,</span> <span class='ocrx_word' id='word_1_257' title='bbox 1299 3178 1395 3230; x_wconf 79' lang='grc' dir='ltr'><strong>καί</strong></span> <span class='ocrx_word' id='word_1_258' title='bbox 1427 3177 1599 3229; x_wconf 89' lang='grc' dir='ltr'>σῶσόν</span> <span class='ocrx_word' id='word_1_259' title='bbox 1642 3195 1709 3247; x_wconf 87' lang='grc' dir='ltr'><strong>με</strong></span> <span class='ocrx_word' id='word_1_260' title='bbox 1736 3178 1769 3245; x_wconf 82' lang='grc' dir='ltr'>ἡ</span> 
     </span>
    </p>
   </div>
   <div class='ocr_carea' id='block_1_44' title="bbox 188 3270 1531 3347">
    <p class='ocr_par' dir='ltr' id='par_1_44' title="bbox 188 3270 1531 3347">
     <span class='ocr_line' id='line_1_45' title="bbox 188 3270 1531 3347; baseline -0.007 -14"><span class='ocrx_word' id='word_1_261' title='bbox 188 3279 291 3333; x_wconf 81' lang='grc' dir='ltr'>τοῦ</span> <span class='ocrx_word' id='word_1_262' title='bbox 322 3278 524 3341; x_wconf 72' lang='grc' dir='ltr'>παντὸς</span> <span class='ocrx_word' id='word_1_263' title='bbox 551 3277 644 3330; x_wconf 80' lang='grc' dir='ltr'><strong>τὸν</strong></span> <span class='ocrx_word' id='word_1_264' title='bbox 668 3274 896 3347; x_wconf 82' lang='grc' dir='ltr'>Σωτῆρα</span> <span class='ocrx_word' id='word_1_265' title='bbox 921 3271 1157 3325; x_wconf 80' lang='grc' dir='ltr'>τεκοῦσα</span> <span class='ocrx_word' id='word_1_266' title='bbox 1185 3272 1279 3323; x_wconf 72' lang='grc' dir='ltr'><strong>καὶ</strong></span> <span class='ocrx_word' id='word_1_267' title='bbox 1306 3270 1531 3341; x_wconf 79' lang='grc' dir='ltr'>Κύριον.</span> 
     </span>
    </p>
   </div>
   <div class='ocr_carea' id='block_1_45' title="bbox 275 3447 1769 3530">
    <p class='ocr_par' dir='ltr' id='par_1_45' title="bbox 275 3447 1769 3530">
     <span class='ocr_line' id='line_1_46' title="bbox 275 3447 1769 3530; baseline -0.01 -16"><span class='ocrx_word' id='word_1_268' title='bbox 275 3460 445 3530; x_wconf 86' lang='grc' dir='ltr'>Ὄρος</span> <span class='ocrx_word' id='word_1_269' title='bbox 477 3457 766 3528; x_wconf 81' lang='grc' dir='ltr'>προφήτης</span> <span class='ocrx_word' id='word_1_270' title='bbox 793 3453 995 3524; x_wconf 84' lang='grc' dir='ltr'>Δανιήλ</span> <span class='ocrx_word' id='word_1_271' title='bbox 1032 3469 1091 3505; x_wconf 90' lang='grc' dir='ltr'><strong>σε</strong></span> <span class='ocrx_word' id='word_1_272' title='bbox 1133 3451 1265 3521; x_wconf 84' lang='grc' dir='ltr'>θείῳ</span> <span class='ocrx_word' id='word_1_273' title='bbox 1316 3448 1596 3519; x_wconf 85' lang='grc' dir='ltr'>Πνεύματι</span> <span class='ocrx_word' id='word_1_274' title='bbox 1635 3447 1769 3500; x_wconf 74' lang='grc' dir='ltr'>ἑκά-</span> 
     </span>
    </p>
   </div>
   <div class='ocr_carea' id='block_1_46' title="bbox 186 3538 1772 3618">
    <p class='ocr_par' dir='ltr' id='par_1_46' title="bbox 186 3538 1772 3618">
     <span class='ocr_line' id='line_1_47' title="bbox 186 3538 1772 3618; baseline -0.007 -19"><span class='ocrx_word' id='word_1_275' title='bbox 186 3548 345 3611; x_wconf 79' lang='grc' dir='ltr'>λεσε,</span> <span class='ocrx_word' id='word_1_276' title='bbox 405 3547 675 3618; x_wconf 81' lang='grc' dir='ltr'>Παρθένε,</span> <span class='ocrx_word' id='word_1_277' title='bbox 713 3543 774 3610; x_wconf 73' lang='grc' dir='ltr'><strong>ἐξ</strong></span> <span class='ocrx_word' id='word_1_278' title='bbox 821 3539 883 3598; x_wconf 77' lang='grc' dir='ltr'><strong>οὗ</strong></span> <span class='ocrx_word' id='word_1_279' title='bbox 917 3542 1064 3605; x_wconf 79' lang='grc' dir='ltr'>λίθος</span> <span class='ocrx_word' id='word_1_280' title='bbox 1118 3539 1355 3611; x_wconf 76' lang='grc' dir='ltr'>Χριστὸς</span> <span class='ocrx_word' id='word_1_281' title='bbox 1403 3539 1530 3592; x_wconf 76' lang='grc' dir='ltr'>ἄνευ</span> <span class='ocrx_word' id='word_1_282' title='bbox 1588 3538 1772 3609; x_wconf 80' lang='grc' dir='ltr'>χειρὸς</span> 
     </span>
    </p>
   </div>
   <div class='ocr_carea' id='block_1_47' title="bbox 187 3629 1769 3712">
    <p class='ocr_par' dir='ltr' id='par_1_47' title="bbox 187 3629 1769 3712">
     <span class='ocr_line' id='line_1_48' title="bbox 187 3629 1769 3712; baseline -0.005 -20"><span class='ocrx_word' id='word_1_283' title='bbox 187 3641 435 3712; x_wconf 73' lang='grc' dir='ltr'>ἐτμήθη,</span> <span class='ocrx_word' id='word_1_284' title='bbox 469 3640 565 3693; x_wconf 79' lang='grc' dir='ltr'><strong>καί</strong></span> <span class='ocrx_word' id='word_1_285' title='bbox 602 3636 898 3709; x_wconf 78' lang='grc' dir='ltr'>συντριόὴν</span> <span class='ocrx_word' id='word_1_286' title='bbox 955 3635 1256 3704; x_wconf 74' lang='grc' dir='ltr'>εἰργάσατο</span> <span class='ocrx_word' id='word_1_287' title='bbox 1285 3631 1396 3686; x_wconf 87' lang='grc' dir='ltr'><strong>τῶν</strong></span> <span class='ocrx_word' id='word_1_288' title='bbox 1426 3631 1633 3699; x_wconf 81' lang='grc' dir='ltr'>ξοάνων</span> <span class='ocrx_word' id='word_1_289' title='bbox 1670 3629 1769 3700; x_wconf 80' lang='grc' dir='ltr'>τῆς</span> 
     </span>
    </p>
   </div>
   <div class='ocr_carea' id='block_1_48' title="bbox 186 3734 431 3801">
    <p class='ocr_par' dir='ltr' id='par_1_48' title="bbox 186 3734 431 3801">
     <span class='ocr_line' id='line_1_49' title="bbox 186 3734 431 3801; baseline 0 -16"><span class='ocrx_word' id='word_1_290' title='bbox 186 3734 431 3801; x_wconf 82' lang='grc' dir='ltr'>ἀπάτης.</span> 
     </span>
    </p>
   </div>
   <div class='ocr_carea' id='block_1_49' title="bbox 268 3817 1771 3893">
    <p class='ocr_par' dir='ltr' id='par_1_49' title="bbox 268 3817 1771 3893">
     <span class='ocr_line' id='line_1_50' title="bbox 268 3817 1771 3893; baseline -0.004 -19"><span class='ocrx_word' id='word_1_291' title='bbox 268 3823 569 3893; x_wconf 79' lang='grc' dir='ltr'>Συμπαθὴς</span> <span class='ocrx_word' id='word_1_292' title='bbox 615 3820 899 3893; x_wconf 85' lang='grc' dir='ltr'>Παρθένε,</span> <span class='ocrx_word' id='word_1_293' title='bbox 951 3819 985 3889; x_wconf 84' lang='grc' dir='ltr'><strong>ή</strong></span> <span class='ocrx_word' id='word_1_294' title='bbox 1036 3818 1129 3872; x_wconf 68' lang='grc' dir='ltr'><strong>τὸν</strong></span> <span class='ocrx_word' id='word_1_295' title='bbox 1174 3817 1645 3889; x_wconf 56' lang='grc' dir='ltr'>συμπαθέστατονπ</span> <span class='ocrx_word' id='word_1_296' title='bbox 1681 3833 1771 3868; x_wconf 84' lang='grc' dir='ltr'>τε-</span> 
     </span>
    </p>
   </div>
   <div class='ocr_carea' id='block_1_50' title="bbox 187 3907 1767 3982">
    <p class='ocr_par' dir='ltr' id='par_1_50' title="bbox 187 3907 1767 3982">
     <span class='ocr_line' id='line_1_51' title="bbox 187 3907 1767 3982; baseline -0.005 -16"><span class='ocrx_word' id='word_1_297' title='bbox 187 3915 373 3968; x_wconf 72' lang='grc' dir='ltr'>κοῦσα</span> <span class='ocrx_word' id='word_1_298' title='bbox 400 3914 593 3981; x_wconf 82' lang='grc' dir='ltr'>Λόγον,</span> <span class='ocrx_word' id='word_1_299' title='bbox 627 3913 719 3966; x_wconf 77' lang='grc' dir='ltr'><strong>τὸν</strong></span> <span class='ocrx_word' id='word_1_300' title='bbox 756 3910 1061 3982; x_wconf 84' lang='grc' dir='ltr'>ἀσυμπαθῆ</span> <span class='ocrx_word' id='word_1_301' title='bbox 1085 3927 1150 3980; x_wconf 89' lang='grc' dir='ltr'><strong>με</strong></span> <span class='ocrx_word' id='word_1_302' title='bbox 1177 3908 1387 3979; x_wconf 85' lang='grc' dir='ltr'>δωρεὰν</span> <span class='ocrx_word' id='word_1_303' title='bbox 1408 3907 1767 3978; x_wconf 85' lang='grc' dir='ltr'>οίκτείρησον,</span> 
     </span>
    </p>
   </div>
   <div class='ocr_carea' id='block_1_51' title="bbox 188 3998 1772 4073">
    <p class='ocr_par' dir='ltr' id='par_1_51' title="bbox 188 3998 1772 4073">
     <span class='ocr_line' id='line_1_52' title="bbox 188 3998 1772 4073; baseline -0.006 -15"><span class='ocrx_word' id='word_1_304' title='bbox 188 4005 626 4073; x_wconf 78' lang='grc' dir='ltr'>ἀπεγνωσμένον</span> <span class='ocrx_word' id='word_1_305' title='bbox 684 4004 1022 4072; x_wconf 87' lang='grc' dir='ltr'>πταίσμασιν</span> <span class='ocrx_word' id='word_1_306' title='bbox 1065 4000 1347 4071; x_wconf 81' lang='grc' dir='ltr'>ἀμέτροις,</span> <span class='ocrx_word' id='word_1_307' title='bbox 1384 4003 1477 4053; x_wconf 77' lang='grc' dir='ltr'><strong>καὶ</strong></span> <span class='ocrx_word' id='word_1_308' title='bbox 1525 3998 1600 4069; x_wconf 84' lang='grc' dir='ltr'>μὴ</span> <span class='ocrx_word' id='word_1_309' title='bbox 1651 4000 1772 4050; x_wconf 84' lang='grc' dir='ltr'>ὲπι-</span> 
     </span>
    </p>
   </div>
   <div class='ocr_carea' id='block_1_52' title="bbox 192 4091 1698 4168">
    <p class='ocr_par' dir='ltr' id='par_1_52' title="bbox 192 4091 1698 4168">
     <span class='ocr_line' id='line_1_53' title="bbox 192 4091 1698 4168; baseline -0.005 -17"><span class='ocrx_word' id='word_1_310' title='bbox 192 4099 527 4165; x_wconf 54' lang='grc' dir='ltr'>στρέφοντα,</span> <span class='ocrx_word' id='word_1_311' title='bbox 568 4096 685 4149; x_wconf 88' lang='grc' dir='ltr'>ἀλλ’</span> <span class='ocrx_word' id='word_1_312' title='bbox 720 4097 779 4149; x_wconf 77' lang='grc' dir='ltr'><strong>έν</strong></span> <span class='ocrx_word' id='word_1_313' title='bbox 823 4095 1069 4168; x_wconf 73' lang='grc' dir='ltr'>ῥαθυμίᾳ</span> <span class='ocrx_word' id='word_1_314' title='bbox 1093 4094 1183 4147; x_wconf 83' lang='grc' dir='ltr'><strong>τδν</strong></span> <span class='ocrx_word' id='word_1_315' title='bbox 1216 4094 1329 4164; x_wconf 84' lang='grc' dir='ltr'>βίον</span> <span class='ocrx_word' id='word_1_316' title='bbox 1355 4091 1698 4146; x_wconf 90' lang='grc' dir='ltr'>δαπανῶντα.</span> 
     </span>
    </p>
   </div>
   <div class='ocr_carea' id='block_1_53' title="bbox 265 4273 1775 4350">
    <p class='ocr_par' dir='ltr' id='par_1_53' title="bbox 265 4273 1775 4350">
     <span class='ocr_line' id='line_1_54' title="bbox 265 4273 1775 4350; baseline -0.006 -13"><span class='ocrx_word' id='word_1_317' title='bbox 265 4282 417 4337; x_wconf 67' lang='grc' dir='ltr'>Φωτί</span> <span class='ocrx_word' id='word_1_318' title='bbox 446 4281 545 4349; x_wconf 82' lang='grc' dir='ltr'>τῆς</span> <span class='ocrx_word' id='word_1_319' title='bbox 580 4278 871 4350; x_wconf 82' lang='grc' dir='ltr'>μετανοίας</span> <span class='ocrx_word' id='word_1_320' title='bbox 896 4276 1156 4345; x_wconf 71' lang='grc' dir='ltr'>αὔγασον,</span> <span class='ocrx_word' id='word_1_321' title='bbox 1181 4275 1445 4346; x_wconf 79' lang='grc' dir='ltr'>Ιιαρθενε,</span> <span class='ocrx_word' id='word_1_322' title='bbox 1467 4275 1567 4345; x_wconf 85' lang='grc' dir='ltr'><strong>τῆς</strong></span> <span class='ocrx_word' id='word_1_323' title='bbox 1593 4273 1775 4345; x_wconf 83' lang='grc' dir='ltr'>ἀμαρ-</span> 
     </span>
    </p>
   </div>
   <div class='ocr_carea' id='block_1_54' title="bbox 190 4367 1772 4442">
    <p class='ocr_par' dir='ltr' id='par_1_54' title="bbox 190 4367 1772 4442">
     <span class='ocr_line' id='line_1_55' title="bbox 190 4367 1772 4442; baseline -0.005 -15"><span class='ocrx_word' id='word_1_324' title='bbox 190 4377 318 4438; x_wconf 85' lang='grc' dir='ltr'><strong>τίας</strong></span> <span class='ocrx_word' id='word_1_325' title='bbox 343 4373 502 4427; x_wconf 88' lang='grc' dir='ltr'>νυκτί</span> <span class='ocrx_word' id='word_1_326' title='bbox 538 4390 605 4442; x_wconf 88' lang='grc' dir='ltr'><strong>με</strong></span> <span class='ocrx_word' id='word_1_327' title='bbox 652 4370 1035 4440; x_wconf 85' lang='grc' dir='ltr'>σκοτούμενον,</span> <span class='ocrx_word' id='word_1_328' title='bbox 1085 4369 1181 4423; x_wconf 78' lang='grc' dir='ltr'>καὶ</span> <span class='ocrx_word' id='word_1_329' title='bbox 1246 4367 1522 4440; x_wconf 76' lang='grc' dir='ltr'>ῥᾳθυμίας</span> <span class='ocrx_word' id='word_1_330' title='bbox 1574 4368 1772 4439; x_wconf 78' lang='grc' dir='ltr'>ὁμίχλῃ</span> 
     </span>
    </p>
   </div>
   <div class='ocr_carea' id='block_1_55' title="bbox 194 4465 739 4535">
    <p class='ocr_par' dir='ltr' id='par_1_55' title="bbox 194 4465 739 4535">
     <span class='ocr_line' id='line_1_56' title="bbox 194 4465 739 4535; baseline -0.009 -14"><span class='ocrx_word' id='word_1_331' title='bbox 194 4465 552 4535; x_wconf 83' lang='grc' dir='ltr'>συγκαλυπτό</span> <span class='ocrx_word' id='word_1_332' title='bbox 558 4480 739 4535; x_wconf 88' lang='grc' dir='ltr'>μενον.</span> 
     </span>
    </p>
   </div>
   <div class='ocr_carea' id='block_1_56' title="bbox 1864 1984 3442 2069">
    <p class='ocr_par' dir='ltr' id='par_1_56' title="bbox 1864 1984 3442 2069">
     <span class='ocr_line' id='line_1_57' title="bbox 1864 1984 3442 2069; baseline 0.001 -16"><span class='ocrx_word' id='word_1_333' title='bbox 1864 2016 1896 2053; x_wconf 92' lang='lat'><strong>0</strong></span> <span class='ocrx_word' id='word_1_334' title='bbox 1935 1998 2135 2069; x_wconf 84' lang='lat' dir='ltr'><strong>puella,</strong></span> <span class='ocrx_word' id='word_1_335' title='bbox 2168 1984 2413 2051; x_wconf 82' lang='lat' dir='ltr'><strong>naturam</strong></span> <span class='ocrx_word' id='word_1_336' title='bbox 2453 2008 2694 2052; x_wconf 87' lang='lat' dir='ltr'><strong>uostrant</strong></span> <span class='ocrx_word' id='word_1_337' title='bbox 2748 1999 3101 2052; x_wconf 78' lang='lat' dir='ltr'><strong>inveteratam</strong></span> <span class='ocrx_word' id='word_1_338' title='bbox 3141 2002 3442 2067; x_wconf 77' lang='lat' dir='ltr'><strong>renovavit,</strong></span> 
     </span>
    </p>
   </div>
   <div class='ocr_carea' id='block_1_57' title="bbox 1865 2090 3324 2160">
    <p class='ocr_par' dir='ltr' id='par_1_57' title="bbox 1865 2090 3324 2160">
     <span class='ocr_line' id='line_1_58' title="bbox 1865 2090 3324 2160; baseline 0.001 -16"><span class='ocrx_word' id='word_1_339' title='bbox 1865 2100 2028 2158; x_wconf 88' lang='lat' dir='ltr'><strong>atque</strong></span> <span class='ocrx_word' id='word_1_340' title='bbox 2067 2106 2183 2153; x_wconf 88' lang='lat' dir='ltr'><strong>eos,</strong></span> <span class='ocrx_word' id='word_1_341' title='bbox 2211 2092 2299 2160; x_wconf 90' lang='lat' dir='ltr'><strong>qui</strong></span> <span class='ocrx_word' id='word_1_342' title='bbox 2345 2090 2602 2144; x_wconf 75' lang='lat' dir='ltr'><strong>mortales</strong></span> <span class='ocrx_word' id='word_1_343' title='bbox 2633 2100 2807 2152; x_wconf 88' lang='lat' dir='ltr'><strong>erant,</strong></span> <span class='ocrx_word' id='word_1_344' title='bbox 2841 2091 3095 2145; x_wconf 72' lang='lat' dir='ltr'><strong>caelestes</strong></span> <span class='ocrx_word' id='word_1_345' title='bbox 3123 2091 3324 2146; x_wconf 77' lang='lat' dir='ltr'><strong>effecit.</strong></span> 
     </span>
    </p>
   </div>
   <div class='ocr_carea' id='block_1_58' title="bbox 1938 2181 3443 2253">
    <p class='ocr_par' dir='ltr' id='par_1_58' title="bbox 1938 2181 3443 2253">
     <span class='ocr_line' id='line_1_59' title="bbox 1938 2181 3443 2253; baseline 0.001 -18"><span class='ocrx_word' id='word_1_346' title='bbox 1938 2181 2208 2252; x_wconf 79' lang='lat' dir='ltr'><strong>Hymnum</strong></span> <span class='ocrx_word' id='word_1_347' title='bbox 2244 2184 2296 2236; x_wconf 91' lang='lat' dir='ltr'><strong>in</strong></span> <span class='ocrx_word' id='word_1_348' title='bbox 2323 2184 2623 2253; x_wconf 80' lang='lat' dir='ltr'><strong>gratiarum</strong></span> <span class='ocrx_word' id='word_1_349' title='bbox 2665 2182 2937 2235; x_wconf 81' lang='lat' dir='ltr'><strong>actionem</strong></span> <span class='ocrx_word' id='word_1_350' title='bbox 2973 2191 3270 2253; x_wconf 83' lang='lat' dir='ltr'><strong>martyrum</strong></span> <span class='ocrx_word' id='word_1_351' title='bbox 3304 2184 3443 2238; x_wconf 64' lang='lat' dir='ltr'><strong>Clio-</strong></span> 
     </span>
    </p>
   </div>
   <div class='ocr_carea' id='block_1_59' title="bbox 1866 2273 3440 2343">
    <p class='ocr_par' dir='ltr' id='par_1_59' title="bbox 1866 2273 3440 2343">
     <span class='ocr_line' id='line_1_60' title="bbox 1866 2273 3440 2343; baseline 0.002 -18"><span class='ocrx_word' id='word_1_352' title='bbox 1866 2288 1963 2328; x_wconf 91' lang='lat' dir='ltr'><strong>rus</strong></span> <span class='ocrx_word' id='word_1_353' title='bbox 2000 2273 2092 2327; x_wconf 90' lang='lat' dir='ltr'><strong>tibi</strong></span> <span class='ocrx_word' id='word_1_354' title='bbox 2129 2274 2296 2337; x_wconf 88' lang='lat' dir='ltr'><strong>canit,</strong></span> <span class='ocrx_word' id='word_1_355' title='bbox 2330 2290 2362 2327; x_wconf 90' lang='grc' dir='ltr'><strong>ο</strong></span> <span class='ocrx_word' id='word_1_356' title='bbox 2395 2274 2572 2343; x_wconf 88' lang='lat' dir='ltr'><strong>puella</strong></span> <span class='ocrx_word' id='word_1_357' title='bbox 2606 2274 2939 2338; x_wconf 81' lang='lat' dir='ltr'><strong>veneranda,</strong></span> <span class='ocrx_word' id='word_1_358' title='bbox 2984 2290 3131 2340; x_wconf 87' lang='lat' dir='ltr'><strong>nam,</strong></span> <span class='ocrx_word' id='word_1_359' title='bbox 3188 2282 3238 2328; x_wconf 87' lang='lat' dir='ltr'><strong>te</strong></span> <span class='ocrx_word' id='word_1_360' title='bbox 3276 2273 3440 2341; x_wconf 87' lang='lat' dir='ltr'><strong>duce,</strong></span> 
     </span>
    </p>
   </div>
   <div class='ocr_carea' id='block_1_60' title="bbox 1867 2364 2655 2421">
    <p class='ocr_par' dir='ltr' id='par_1_60' title="bbox 1867 2364 2655 2421">
     <span class='ocr_line' id='line_1_61' title="bbox 1867 2364 2655 2421; baseline 0.006 -5"><span class='ocrx_word' id='word_1_361' title='bbox 1867 2364 2150 2419; x_wconf 82' lang='lat' dir='ltr'><strong>victoriam</strong></span> <span class='ocrx_word' id='word_1_362' title='bbox 2177 2375 2514 2420; x_wconf 82' lang='lat' dir='ltr'><strong>consecutus</strong></span> <span class='ocrx_word' id='word_1_363' title='bbox 2550 2377 2655 2421; x_wconf 89' lang='lat' dir='ltr'><strong>est.</strong></span> 
     </span>
    </p>
   </div>
   <div class='ocr_carea' id='block_1_61' title="bbox 1937 2455 3438 2528">
    <p class='ocr_par' dir='ltr' id='par_1_61' title="bbox 1937 2455 3438 2528">
     <span class='ocr_line' id='line_1_62' title="bbox 1937 2455 3438 2528; baseline 0.005 -19"><span class='ocrx_word' id='word_1_364' title='bbox 1937 2455 2041 2521; x_wconf 90' lang='lat' dir='ltr'><strong>Tu,</strong></span> <span class='ocrx_word' id='word_1_365' title='bbox 2088 2474 2207 2526; x_wconf 70' lang='lat' dir='ltr'><strong>qua:</strong></span> <span class='ocrx_word' id='word_1_366' title='bbox 2255 2458 2558 2513; x_wconf 76' lang='lat' dir='ltr'><strong>etelestium</strong></span> <span class='ocrx_word' id='word_1_367' title='bbox 2613 2466 2945 2528; x_wconf 88' lang='lat' dir='ltr'><strong>potestatum</strong></span> <span class='ocrx_word' id='word_1_368' title='bbox 3014 2459 3299 2515; x_wconf 87' lang='lat' dir='ltr'><strong>snblimior</strong></span> <span class='ocrx_word' id='word_1_369' title='bbox 3356 2477 3438 2527; x_wconf 84' lang='lat' dir='ltr'><strong>es,</strong></span> 
     </span>
    </p>
   </div>
   <div class='ocr_carea' id='block_1_62' title="bbox 1867 2547 3442 2619">
    <p class='ocr_par' dir='ltr' id='par_1_62' title="bbox 1867 2547 3442 2619">
     <span class='ocr_line' id='line_1_63' title="bbox 1867 2547 3442 2619; baseline 0.001 -16"><span class='ocrx_word' id='word_1_370' title='bbox 1867 2548 2038 2609; x_wconf 81' lang='lat' dir='ltr'><strong>eﬂiee,</strong></span> <span class='ocrx_word' id='word_1_371' title='bbox 2076 2564 2107 2603; x_wconf 94' lang='grc' dir='ltr'><strong>ο</strong></span> <span class='ocrx_word' id='word_1_372' title='bbox 2150 2547 2331 2619; x_wconf 74' lang='lat' dir='ltr'><strong>Virgo,</strong></span> <span class='ocrx_word' id='word_1_373' title='bbox 2377 2560 2613 2603; x_wconf 71' lang='lat' dir='ltr'><strong>mentem</strong></span> <span class='ocrx_word' id='word_1_374' title='bbox 2661 2565 2838 2603; x_wconf 86' lang='lat' dir='ltr'><strong>meam</strong></span> <span class='ocrx_word' id='word_1_375' title='bbox 2868 2550 3182 2606; x_wconf 89' lang='lat' dir='ltr'><strong>carnalibus</strong></span> <span class='ocrx_word' id='word_1_376' title='bbox 3238 2567 3442 2607; x_wconf 89' lang='lat' dir='ltr'><strong>concu-</strong></span> 
     </span>
    </p>
   </div>
   <div class='ocr_carea' id='block_1_63' title="bbox 1868 2639 2555 2710">
    <p class='ocr_par' dir='ltr' id='par_1_63' title="bbox 1868 2639 2555 2710">
     <span class='ocr_line' id='line_1_64' title="bbox 1868 2639 2555 2710; baseline 0 -17"><span class='ocrx_word' id='word_1_377' title='bbox 1868 2639 2151 2710; x_wconf 79' lang='lat' dir='ltr'><strong>piscentiis</strong></span> <span class='ocrx_word' id='word_1_378' title='bbox 2191 2639 2555 2707; x_wconf 89' lang='lat' dir='ltr'><strong>superiorem.</strong></span> 
     </span>
    </p>
   </div>
   <div class='ocr_carea' id='block_1_64' title="bbox 1938 2726 3445 2799">
    <p class='ocr_par' dir='ltr' id='par_1_64' title="bbox 1938 2726 3445 2799">
     <span class='ocr_line' id='line_1_65' title="bbox 1938 2726 3445 2799; baseline -0.001 -15"><span class='ocrx_word' id='word_1_379' title='bbox 1938 2730 1982 2784; x_wconf 93' lang='grc' dir='ltr'><strong>Ο</strong></span> <span class='ocrx_word' id='word_1_380' title='bbox 2015 2729 2262 2782; x_wconf 90' lang='lat' dir='ltr'><strong>omnium</strong></span> <span class='ocrx_word' id='word_1_381' title='bbox 2292 2728 2538 2791; x_wconf 86' lang='lat' dir='ltr'><strong>Domina,</strong></span> <span class='ocrx_word' id='word_1_382' title='bbox 2589 2726 2865 2781; x_wconf 78' lang='lat' dir='ltr'><strong>intercede</strong></span> <span class='ocrx_word' id='word_1_383' title='bbox 2896 2742 2995 2797; x_wconf 90' lang='lat' dir='ltr'><strong>pro</strong></span> <span class='ocrx_word' id='word_1_384' title='bbox 3036 2729 3315 2790; x_wconf 87' lang='lat' dir='ltr'><strong>omnilms.</strong></span> <span class='ocrx_word' id='word_1_385' title='bbox 3352 2729 3445 2799; x_wconf 89' lang='lat' dir='ltr'><strong>qui</strong></span> 
     </span>
    </p>
   </div>
   <div class='ocr_carea' id='block_1_65' title="bbox 1874 2819 3447 2889">
    <p class='ocr_par' dir='ltr' id='par_1_65' title="bbox 1874 2819 3447 2889">
     <span class='ocr_line' id='line_1_66' title="bbox 1874 2819 3447 2889; baseline 0.001 -16"><span class='ocrx_word' id='word_1_386' title='bbox 1874 2820 1927 2873; x_wconf 93' lang='lat' dir='ltr'><strong>in</strong></span> <span class='ocrx_word' id='word_1_387' title='bbox 1977 2829 2027 2875; x_wconf 90' lang='lat' dir='ltr'><strong>te</strong></span> <span class='ocrx_word' id='word_1_388' title='bbox 2061 2835 2187 2889; x_wconf 85' lang='lat' dir='ltr'><strong>spes</strong></span> <span class='ocrx_word' id='word_1_389' title='bbox 2221 2835 2350 2874; x_wconf 88' lang='lat' dir='ltr'><strong>snas</strong></span> <span class='ocrx_word' id='word_1_390' title='bbox 2377 2819 2803 2884; x_wconf 79' lang='lat' dir='ltr'><strong>collocaverunt,</strong></span> <span class='ocrx_word' id='word_1_391' title='bbox 2838 2826 2897 2872; x_wconf 93' lang='lat' dir='ltr'><strong>ut</strong></span> <span class='ocrx_word' id='word_1_392' title='bbox 2938 2835 2967 2874; x_wconf 90' lang='lat' dir='ltr'><strong>a</strong></span> <span class='ocrx_word' id='word_1_393' title='bbox 3000 2819 3180 2873; x_wconf 88' lang='lat' dir='ltr'><strong>futura</strong></span> <span class='ocrx_word' id='word_1_394' title='bbox 3217 2821 3447 2875; x_wconf 82' lang='lat' dir='ltr'><strong>damna-</strong></span> 
     </span>
    </p>
   </div>
   <div class='ocr_carea' id='block_1_66' title="bbox 1874 2911 2377 2965">
    <p class='ocr_par' dir='ltr' id='par_1_66' title="bbox 1874 2911 2377 2965">
     <span class='ocr_line' id='line_1_67' title="bbox 1874 2911 2377 2965; baseline 0.004 -2"><span class='ocrx_word' id='word_1_395' title='bbox 1874 2911 2020 2963; x_wconf 89' lang='lat' dir='ltr'><strong>tione</strong></span> <span class='ocrx_word' id='word_1_396' title='bbox 2058 2911 2377 2965; x_wconf 79' lang='lat' dir='ltr'><strong>liberentur.</strong></span> 
     </span>
    </p>
   </div>
   <div class='ocr_carea' id='block_1_67' title="bbox 1944 3000 3445 3072">
    <p class='ocr_par' dir='ltr' id='par_1_67' title="bbox 1944 3000 3445 3072">
     <span class='ocr_line' id='line_1_68' title="bbox 1944 3000 3445 3072; baseline -0.001 -19"><span class='ocrx_word' id='word_1_397' title='bbox 1944 3001 2102 3072; x_wconf 86' lang='lat' dir='ltr'><strong>Erige</strong></span> <span class='ocrx_word' id='word_1_398' title='bbox 2148 3017 2253 3066; x_wconf 88' lang='lat' dir='ltr'><strong>me,</strong></span> <span class='ocrx_word' id='word_1_399' title='bbox 2312 3001 2406 3071; x_wconf 88' lang='lat' dir='ltr'><strong>qtti</strong></span> <span class='ocrx_word' id='word_1_400' title='bbox 2462 3010 2608 3055; x_wconf 85' lang='lat' dir='ltr'><strong>totus</strong></span> <span class='ocrx_word' id='word_1_401' title='bbox 2665 3000 2850 3068; x_wconf 86' lang='lat' dir='ltr'><strong>lapsus</strong></span> <span class='ocrx_word' id='word_1_402' title='bbox 2896 3016 3040 3063; x_wconf 90' lang='lat' dir='ltr'><strong>sum,</strong></span> <span class='ocrx_word' id='word_1_403' title='bbox 3099 3000 3299 3071; x_wconf 87' lang='lat' dir='ltr'><strong>quippe</strong></span> <span class='ocrx_word' id='word_1_404' title='bbox 3352 3000 3445 3070; x_wconf 94' lang='lat' dir='ltr'><strong>qui</strong></span> 
     </span>
    </p>
   </div>
   <div class='ocr_carea' id='block_1_68' title="bbox 1872 3091 3449 3163">
    <p class='ocr_par' dir='ltr' id='par_1_68' title="bbox 1872 3091 3449 3163">
     <span class='ocr_line' id='line_1_69' title="bbox 1872 3091 3449 3163; baseline 0 -16"><span class='ocrx_word' id='word_1_405' title='bbox 1872 3092 2223 3162; x_wconf 81' lang='lat' dir='ltr'><strong>passionibus</strong></span> <span class='ocrx_word' id='word_1_406' title='bbox 2259 3092 2483 3162; x_wconf 85' lang='lat' dir='ltr'><strong>januam</strong></span> <span class='ocrx_word' id='word_1_407' title='bbox 2542 3091 2757 3162; x_wconf 79' lang='lat' dir='ltr'><strong>aperui,</strong></span> <span class='ocrx_word' id='word_1_408' title='bbox 2821 3102 2874 3145; x_wconf 89' lang='lat' dir='ltr'><strong>et</strong></span> <span class='ocrx_word' id='word_1_409' title='bbox 2912 3092 3295 3163; x_wconf 85' lang='lat' dir='ltr'><strong>benignissima</strong></span> <span class='ocrx_word' id='word_1_410' title='bbox 3332 3110 3449 3148; x_wconf 87' lang='lat' dir='ltr'><strong>me-</strong></span> 
     </span>
    </p>
   </div>
   <div class='ocr_carea' id='block_1_69' title="bbox 1874 3183 3446 3253">
    <p class='ocr_par' dir='ltr' id='par_1_69' title="bbox 1874 3183 3446 3253">
     <span class='ocr_line' id='line_1_70' title="bbox 1874 3183 3446 3253; baseline 0.001 -14"><span class='ocrx_word' id='word_1_411' title='bbox 1874 3186 2113 3240; x_wconf 84' lang='lat' dir='ltr'><strong>diatione</strong></span> <span class='ocrx_word' id='word_1_412' title='bbox 2171 3194 2264 3237; x_wconf 90' lang='lat' dir='ltr'><strong>tua</strong></span> <span class='ocrx_word' id='word_1_413' title='bbox 2308 3184 2373 3239; x_wconf 82' lang='lat' dir='ltr'><strong>ad</strong></span> <span class='ocrx_word' id='word_1_414' title='bbox 2426 3183 2533 3253; x_wconf 80' lang='lat'><strong>92</strong></span> <span class='ocrx_word' id='word_1_415' title='bbox 2574 3183 2909 3253; x_wconf 68' lang='lat' dir='ltr'><strong>ptenitentiaa</strong></span> <span class='ocrx_word' id='word_1_416' title='bbox 2946 3185 3226 3253; x_wconf 81' lang='lat' dir='ltr'><strong>ingressus</strong></span> <span class='ocrx_word' id='word_1_417' title='bbox 3280 3186 3446 3241; x_wconf 90' lang='lat' dir='ltr'><strong>induc</strong></span> 
     </span>
    </p>
   </div>
   <div class='ocr_carea' id='block_1_70' title="bbox 1795 3273 3449 3342">
    <p class='ocr_par' dir='ltr' id='par_1_70' title="bbox 1795 3273 3449 3342">
     <span class='ocr_line' id='line_1_71' title="bbox 1795 3273 3449 3342; baseline 0.001 -14"><span class='ocrx_word' id='word_1_418' title='bbox 1795 3276 1838 3334; x_wconf 70' lang='grc' dir='ltr'>(Γ.</span> <span class='ocrx_word' id='word_1_419' title='bbox 1883 3290 1989 3339; x_wconf 84' lang='lat' dir='ltr'><strong>me,</strong></span> <span class='ocrx_word' id='word_1_420' title='bbox 2019 3283 2070 3328; x_wconf 90' lang='lat' dir='ltr'><strong>et</strong></span> <span class='ocrx_word' id='word_1_421' title='bbox 2121 3274 2268 3329; x_wconf 86' lang='lat' dir='ltr'><strong>salva</strong></span> <span class='ocrx_word' id='word_1_422' title='bbox 2306 3288 2392 3328; x_wconf 91' lang='lat' dir='ltr'><strong>me</strong></span> <span class='ocrx_word' id='word_1_423' title='bbox 2442 3284 2519 3339; x_wconf 90' lang='lat' dir='ltr'><strong>tu,</strong></span> <span class='ocrx_word' id='word_1_424' title='bbox 2556 3289 2677 3342; x_wconf 75' lang='lat' dir='ltr'><strong>qua:</strong></span> <span class='ocrx_word' id='word_1_425' title='bbox 2717 3273 2962 3327; x_wconf 90' lang='lat' dir='ltr'><strong>omnium</strong></span> <span class='ocrx_word' id='word_1_426' title='bbox 2995 3273 3330 3329; x_wconf 82' lang='lat' dir='ltr'><strong>Salvatorem</strong></span> <span class='ocrx_word' id='word_1_427' title='bbox 3386 3291 3449 3330; x_wconf 90' lang='lat' dir='ltr'><strong>ac</strong></span> 
     </span>
    </p>
   </div>
   <div class='ocr_carea' id='block_1_71' title="bbox 1880 3365 2481 3435">
    <p class='ocr_par' dir='ltr' id='par_1_71' title="bbox 1880 3365 2481 3435">
     <span class='ocr_line' id='line_1_72' title="bbox 1880 3365 2481 3435; baseline -0.007 -14"><span class='ocrx_word' id='word_1_428' title='bbox 1880 3366 2167 3421; x_wconf 90' lang='lat' dir='ltr'><strong>Dominum</strong></span> <span class='ocrx_word' id='word_1_429' title='bbox 2204 3365 2481 3435; x_wconf 87' lang='lat' dir='ltr'><strong>peperisti.</strong></span> 
     </span>
    </p>
   </div>
   <div class='ocr_carea' id='block_1_72' title="bbox 1954 3456 3444 3526">
    <p class='ocr_par' dir='ltr' id='par_1_72' title="bbox 1954 3456 3444 3526">
     <span class='ocr_line' id='line_1_73' title="bbox 1954 3456 3444 3526; baseline 0 -14"><span class='ocrx_word' id='word_1_430' title='bbox 1954 3459 2222 3526; x_wconf 80' lang='lat' dir='ltr'><strong>Propheta</strong></span> <span class='ocrx_word' id='word_1_431' title='bbox 2258 3457 2444 3512; x_wconf 87' lang='lat' dir='ltr'><strong>Daniel</strong></span> <span class='ocrx_word' id='word_1_432' title='bbox 2479 3456 2667 3511; x_wconf 86' lang='lat' dir='ltr'><strong>divino</strong></span> <span class='ocrx_word' id='word_1_433' title='bbox 2708 3456 2914 3526; x_wconf 88' lang='lat' dir='ltr'><strong>Spiritu</strong></span> <span class='ocrx_word' id='word_1_434' title='bbox 2946 3456 3177 3521; x_wconf 69' lang='lat' dir='ltr'><strong>afﬂatus,</strong></span> <span class='ocrx_word' id='word_1_435' title='bbox 3205 3469 3444 3513; x_wconf 90' lang='lat' dir='ltr'><strong>montem</strong></span> 
     </span>
    </p>
   </div>
   <div class='ocr_carea' id='block_1_73' title="bbox 1877 3550 3451 3620">
    <p class='ocr_par' dir='ltr' id='par_1_73' title="bbox 1877 3550 3451 3620">
     <span class='ocr_line' id='line_1_74' title="bbox 1877 3550 3451 3620; baseline 0.003 -16"><span class='ocrx_word' id='word_1_436' title='bbox 1877 3562 1927 3605; x_wconf 84' lang='lat' dir='ltr'><strong>te</strong></span> <span class='ocrx_word' id='word_1_437' title='bbox 1978 3553 2217 3615; x_wconf 88' lang='lat' dir='ltr'><strong>vocavit,</strong></span> <span class='ocrx_word' id='word_1_438' title='bbox 2259 3566 2293 3605; x_wconf 91' lang='grc' dir='ltr'><strong>ο</strong></span> <span class='ocrx_word' id='word_1_439' title='bbox 2325 3550 2514 3620; x_wconf 78' lang='lat' dir='ltr'><strong>Virgo,</strong></span> <span class='ocrx_word' id='word_1_440' title='bbox 2558 3566 2621 3604; x_wconf 80' lang='lat' dir='ltr'><strong>ex</strong></span> <span class='ocrx_word' id='word_1_441' title='bbox 2674 3565 2786 3619; x_wconf 88' lang='lat' dir='ltr'><strong>quo</strong></span> <span class='ocrx_word' id='word_1_442' title='bbox 2839 3550 2973 3618; x_wconf 83' lang='lat' dir='ltr'><strong>lapis</strong></span> <span class='ocrx_word' id='word_1_443' title='bbox 3028 3550 3281 3606; x_wconf 90' lang='lat' dir='ltr'><strong>Christus</strong></span> <span class='ocrx_word' id='word_1_444' title='bbox 3332 3555 3451 3609; x_wconf 80' lang='lat' dir='ltr'><strong>sine</strong></span> 
     </span>
    </p>
   </div>
   <div class='ocr_carea' id='block_1_74' title="bbox 1875 3636 3448 3707">
    <p class='ocr_par' dir='ltr' id='par_1_74' title="bbox 1875 3636 3448 3707">
     <span class='ocr_line' id='line_1_75' title="bbox 1875 3636 3448 3707; baseline 0.004 -19"><span class='ocrx_word' id='word_1_445' title='bbox 1875 3637 2131 3691; x_wconf 83' lang='lat' dir='ltr'><strong>manibus</strong></span> <span class='ocrx_word' id='word_1_446' title='bbox 2159 3636 2437 3692; x_wconf 86' lang='lat' dir='ltr'><strong>abscissus</strong></span> <span class='ocrx_word' id='word_1_447' title='bbox 2481 3648 2585 3701; x_wconf 83' lang='lat' dir='ltr'><strong>est,</strong></span> <span class='ocrx_word' id='word_1_448' title='bbox 2610 3638 2703 3707; x_wconf 88' lang='lat' dir='ltr'><strong>qui</strong></span> <span class='ocrx_word' id='word_1_449' title='bbox 2738 3638 3029 3693; x_wconf 88' lang='lat' dir='ltr'><strong>simulacra</strong></span> <span class='ocrx_word' id='word_1_450' title='bbox 3070 3642 3275 3696; x_wconf 89' lang='lat' dir='ltr'><strong>erroris</strong></span> <span class='ocrx_word' id='word_1_451' title='bbox 3314 3657 3448 3697; x_wconf 87' lang='lat' dir='ltr'><strong>con-</strong></span> 
     </span>
    </p>
   </div>
   <div class='ocr_carea' id='block_1_75' title="bbox 1874 3729 2041 3783">
    <p class='ocr_par' dir='ltr' id='par_1_75' title="bbox 1874 3729 2041 3783">
     <span class='ocr_line' id='line_1_76' title="bbox 1874 3729 2041 3783; baseline 0.006 -1"><span class='ocrx_word' id='word_1_452' title='bbox 1874 3729 2041 3783; x_wconf 81' lang='lat' dir='ltr'><strong>trivit.</strong></span> 
     </span>
    </p>
   </div>
   <div class='ocr_carea' id='block_1_76' title="bbox 1942 3820 3448 3891">
    <p class='ocr_par' dir='ltr' id='par_1_76' title="bbox 1942 3820 3448 3891">
     <span class='ocr_line' id='line_1_77' title="bbox 1942 3820 3448 3891; baseline 0.002 -17"><span class='ocrx_word' id='word_1_453' title='bbox 1942 3823 1986 3874; x_wconf 88' lang='grc' dir='ltr'>υ</span> <span class='ocrx_word' id='word_1_454' title='bbox 2011 3820 2175 3891; x_wconf 83' lang='lat' dir='ltr'><strong>Virgo</strong></span> <span class='ocrx_word' id='word_1_455' title='bbox 2197 3821 2577 3890; x_wconf 87' lang='lat' dir='ltr'><strong>compassione</strong></span> <span class='ocrx_word' id='word_1_456' title='bbox 2606 3830 2817 3885; x_wconf 87' lang='lat' dir='ltr'><strong>ornata,</strong></span> <span class='ocrx_word' id='word_1_457' title='bbox 2838 3836 2957 3890; x_wconf 66' lang='lat' dir='ltr'><strong>quae</strong></span> <span class='ocrx_word' id='word_1_458' title='bbox 2978 3820 3211 3877; x_wconf 82' lang='lat' dir='ltr'><strong>Verbum</strong></span> <span class='ocrx_word' id='word_1_459' title='bbox 3236 3840 3448 3877; x_wconf 86' lang='lat' dir='ltr'><strong>summa</strong></span> 
     </span>
    </p>
   </div>
   <div class='ocr_carea' id='block_1_77' title="bbox 1874 3915 3453 3985">
    <p class='ocr_par' dir='ltr' id='par_1_77' title="bbox 1874 3915 3453 3985">
     <span class='ocr_line' id='line_1_78' title="bbox 1874 3915 3453 3985; baseline 0 -14"><span class='ocrx_word' id='word_1_460' title='bbox 1874 3917 2258 3984; x_wconf 86' lang='lat' dir='ltr'><strong>compassione</strong></span> <span class='ocrx_word' id='word_1_461' title='bbox 2319 3915 2540 3984; x_wconf 90' lang='lat' dir='ltr'><strong>plenum</strong></span> <span class='ocrx_word' id='word_1_462' title='bbox 2611 3915 2893 3984; x_wconf 87' lang='lat' dir='ltr'><strong>peperisti,</strong></span> <span class='ocrx_word' id='word_1_463' title='bbox 2949 3931 3034 3969; x_wconf 91' lang='lat' dir='ltr'><strong>me</strong></span> <span class='ocrx_word' id='word_1_464' title='bbox 3068 3918 3453 3985; x_wconf 84' lang='lat' dir='ltr'><strong>compassione</strong></span> 
     </span>
    </p>
   </div>
   <div class='ocr_carea' id='block_1_78' title="bbox 1873 4006 3456 4076">
    <p class='ocr_par' dir='ltr' id='par_1_78' title="bbox 1873 4006 3456 4076">
     <span class='ocr_line' id='line_1_79' title="bbox 1873 4006 3456 4076; baseline -0.002 -13"><span class='ocrx_word' id='word_1_465' title='bbox 1873 4014 2154 4063; x_wconf 84' lang='lat' dir='ltr'><strong>carentem</strong></span> <span class='ocrx_word' id='word_1_466' title='bbox 2177 4006 2591 4072; x_wconf 88' lang='lat' dir='ltr'><strong>commiserare,</strong></span> <span class='ocrx_word' id='word_1_467' title='bbox 2615 4006 2684 4059; x_wconf 88' lang='lat' dir='ltr'><strong>ob</strong></span> <span class='ocrx_word' id='word_1_468' title='bbox 2716 4006 3031 4060; x_wconf 89' lang='lat' dir='ltr'><strong>innumeros</strong></span> <span class='ocrx_word' id='word_1_469' title='bbox 3056 4006 3241 4076; x_wconf 87' lang='lat' dir='ltr'><strong>lapsus</strong></span> <span class='ocrx_word' id='word_1_470' title='bbox 3265 4008 3456 4073; x_wconf 76' lang='lat' dir='ltr'><strong>despc-</strong></span> 
     </span>
    </p>
   </div>
   <div class='ocr_carea' id='block_1_79' title="bbox 1877 4097 3449 4168">
    <p class='ocr_par' dir='ltr' id='par_1_79' title="bbox 1877 4097 3449 4168">
     <span class='ocr_line' id='line_1_80' title="bbox 1877 4097 3449 4168; baseline -0.001 -16"><span class='ocrx_word' id='word_1_471' title='bbox 1877 4108 2081 4163; x_wconf 87' lang='lat' dir='ltr'><strong>ratum,</strong></span> <span class='ocrx_word' id='word_1_472' title='bbox 2114 4109 2167 4151; x_wconf 93' lang='lat' dir='ltr'><strong>et</strong></span> <span class='ocrx_word' id='word_1_473' title='bbox 2208 4113 2553 4168; x_wconf 83' lang='lat' dir='ltr'><strong>nequaquam</strong></span> <span class='ocrx_word' id='word_1_474' title='bbox 2581 4098 2648 4151; x_wconf 77' lang='lat' dir='ltr'><strong>de</strong></span> <span class='ocrx_word' id='word_1_475' title='bbox 2687 4097 3049 4151; x_wconf 86' lang='lat' dir='ltr'><strong>conversione</strong></span> <span class='ocrx_word' id='word_1_476' title='bbox 3094 4099 3449 4168; x_wconf 84' lang='lat' dir='ltr'><strong>cogitantem,</strong></span> 
     </span>
    </p>
   </div>
   <div class='ocr_carea' id='block_1_80' title="bbox 1877 4190 3056 4261">
    <p class='ocr_par' dir='ltr' id='par_1_80' title="bbox 1877 4190 3056 4261">
     <span class='ocr_line' id='line_1_81' title="bbox 1877 4190 3056 4261; baseline -0.003 -15"><span class='ocrx_word' id='word_1_477' title='bbox 1877 4192 1971 4247; x_wconf 89' lang='lat' dir='ltr'><strong>sed</strong></span> <span class='ocrx_word' id='word_1_478' title='bbox 2007 4192 2059 4245; x_wconf 92' lang='lat' dir='ltr'><strong>in</strong></span> <span class='ocrx_word' id='word_1_479' title='bbox 2097 4190 2418 4261; x_wconf 73' lang='lat' dir='ltr'><strong>negligentia</strong></span> <span class='ocrx_word' id='word_1_480' title='bbox 2456 4191 2619 4244; x_wconf 84' lang='lat' dir='ltr'><strong>vitam</strong></span> <span class='ocrx_word' id='word_1_481' title='bbox 2654 4191 3056 4245; x_wconf 89' lang='lat' dir='ltr'><strong>absumentem.</strong></span> 
     </span>
    </p>
   </div>
   <div class='ocr_carea' id='block_1_81' title="bbox 1940 4281 3452 4353">
    <p class='ocr_par' dir='ltr' id='par_1_81' title="bbox 1940 4281 3452 4353">
     <span class='ocr_line' id='line_1_82' title="bbox 1940 4281 3452 4353; baseline -0.003 -15"><span class='ocrx_word' id='word_1_482' title='bbox 1940 4284 2087 4338; x_wconf 88' lang='lat' dir='ltr'><strong>Luce</strong></span> <span class='ocrx_word' id='word_1_483' title='bbox 2134 4283 2470 4353; x_wconf 64' lang='lat' dir='ltr'><strong>poenitentiae</strong></span> <span class='ocrx_word' id='word_1_484' title='bbox 2519 4283 2730 4337; x_wconf 87' lang='lat' dir='ltr'><strong>illustra</strong></span> <span class='ocrx_word' id='word_1_485' title='bbox 2788 4298 2897 4346; x_wconf 89' lang='lat' dir='ltr'><strong>me,</strong></span> <span class='ocrx_word' id='word_1_486' title='bbox 2931 4297 2964 4335; x_wconf 91' lang='grc' dir='ltr'><strong>ο</strong></span> <span class='ocrx_word' id='word_1_487' title='bbox 3014 4281 3200 4350; x_wconf 78' lang='lat' dir='ltr'><strong>Virgo,</strong></span> <span class='ocrx_word' id='word_1_488' title='bbox 3245 4281 3452 4351; x_wconf 86' lang='lat' dir='ltr'><strong>peccati</strong></span> 
     </span>
    </p>
   </div>
   <div class='ocr_carea' id='block_1_82' title="bbox 1878 4371 3455 4443">
    <p class='ocr_par' dir='ltr' id='par_1_82' title="bbox 1878 4371 3455 4443">
     <span class='ocr_line' id='line_1_83' title="bbox 1878 4371 3455 4443; baseline -0.002 -17"><span class='ocrx_word' id='word_1_489' title='bbox 1878 4386 2037 4427; x_wconf 86' lang='lat' dir='ltr'><strong>nocte</strong></span> <span class='ocrx_word' id='word_1_490' title='bbox 2068 4373 2501 4438; x_wconf 86' lang='lat' dir='ltr'><strong>obtenebratum,</strong></span> <span class='ocrx_word' id='word_1_491' title='bbox 2535 4382 2589 4428; x_wconf 89' lang='lat' dir='ltr'><strong>et</strong></span> <span class='ocrx_word' id='word_1_492' title='bbox 2613 4372 2953 4443; x_wconf 81' lang='lat' dir='ltr'><strong>negligentiae</strong></span> <span class='ocrx_word' id='word_1_493' title='bbox 2981 4371 3194 4427; x_wconf 84' lang='lat' dir='ltr'><strong>nebulis</strong></span> <span class='ocrx_word' id='word_1_494' title='bbox 3229 4386 3455 4442; x_wconf 85' lang='lat' dir='ltr'><strong>cooper-</strong></span> 
     </span>
    </p>
   </div>
   <div class='ocr_carea' id='block_1_83' title="bbox 1879 4476 2010 4519">
    <p class='ocr_par' dir='ltr' id='par_1_83' title="bbox 1879 4476 2010 4519">
     <span class='ocr_line' id='line_1_84' title="bbox 1879 4476 2010 4519; baseline 0 0"><span class='ocrx_word' id='word_1_495' title='bbox 1879 4476 2010 4519; x_wconf 87' lang='lat' dir='ltr'><strong>tum.</strong></span> 
     </span>
    </p>
   </div>
   <div class='ocr_carea' id='block_1_84' title="bbox 205 4593 1766 4678">
    <p class='ocr_par' dir='ltr' id='par_1_84' title="bbox 205 4593 1766 4678">
     <span class='ocr_line' id='line_1_85' title="bbox 205 4593 1766 4678; baseline -0.009 -20"><span class='ocrx_word' id='word_1_496' title='bbox 205 4606 314 4678; x_wconf 67' lang='grc' dir='ltr'>Ἐκ</span> <span class='ocrx_word' id='word_1_497' title='bbox 342 4601 451 4656; x_wconf 85' lang='grc' dir='ltr'>τοῦ</span> <span class='ocrx_word' id='word_1_498' title='bbox 491 4600 752 4678; x_wconf 57' lang='grc' dir='ltr'>κρνόνος</span> <span class='ocrx_word' id='word_1_499' title='bbox 801 4598 889 4660; x_wconf 83' lang='grc' dir='ltr'><strong>εἰς</strong></span> <span class='ocrx_word' id='word_1_500' title='bbox 910 4595 1056 4678; x_wconf 41' lang='grc' dir='ltr'>ἰούς</span> <span class='ocrx_word' id='word_1_501' title='bbox 1082 4595 1290 4664; x_wconf 79' lang='grc' dir='ltr'>ἁγίους</span> <span class='ocrx_word' id='word_1_502' title='bbox 1329 4593 1633 4678; x_wconf 56' lang='grc' dir='ltr'>μείρζυηας</span> <span class='ocrx_word' id='word_1_503' title='bbox 1678 4593 1766 4678; x_wconf 53' lang='grc' dir='ltr'><strong>τε·</strong></span> 
     </span>
    </p>
   </div>
   <div class='ocr_carea' id='block_1_85' title="bbox 1871 4593 3445 4678">
    <p class='ocr_par' dir='ltr' id='par_1_85' title="bbox 1883 4594 3445 4678">
     <span class='ocr_line' id='line_1_86' title="bbox 1883 4594 3445 4678; baseline -0.003 -25"><span class='ocrx_word' id='word_1_504' title='bbox 1883 4599 1967 4654; x_wconf 77' lang='lat' dir='ltr'><strong>Ea:</strong></span> <span class='ocrx_word' id='word_1_505' title='bbox 2002 4598 2216 4655; x_wconf 85' lang='lat' dir='ltr'><strong>Canone</strong></span> <span class='ocrx_word' id='word_1_506' title='bbox 2254 4600 2308 4652; x_wconf 85' lang='lat' dir='ltr'><strong>in</strong></span> <span class='ocrx_word' id='word_1_507' title='bbox 2337 4597 2622 4678; x_wconf 40' lang='grc' dir='ltr'>,ξεηιιιι</span> <span class='ocrx_word' id='word_1_508' title='bbox 2698 4597 3019 4678; x_wconf 49' lang='lat' dir='ltr'><strong>Terentium,</strong></span> <span class='ocrx_word' id='word_1_509' title='bbox 3069 4594 3445 4664; x_wconf 83' lang='lat' dir='ltr'><strong>Pomponium,</strong></span> 
     </span>
    </p>
   </div>
   <div class='ocr_carea' id='block_1_86' title="bbox 219 4662 1728 4743">
    <p class='ocr_par' dir='ltr' id='par_1_86' title="bbox 219 4662 1728 4743">
     <span class='ocr_line' id='line_1_87' title="bbox 219 4662 1728 4743; baseline -0.007 -18"><span class='ocrx_word' id='word_1_510' title='bbox 219 4662 874 4743; x_wconf 61' lang='grc' dir='ltr'><strong>⁴ρέντιοεν,Πομπόκιον,</strong></span> <span class='ocrx_word' id='word_1_511' title='bbox 904 4662 1175 4735; x_wconf 75' lang='grc' dir='ltr'>Μάξιμον</span> <span class='ocrx_word' id='word_1_512' title='bbox 1192 4683 1249 4719; x_wconf 84' lang='grc' dir='ltr'><strong>κ.</strong></span> <span class='ocrx_word' id='word_1_513' title='bbox 1278 4662 1421 4719; x_wconf 18' lang='lat'><strong>1.7.1.</strong></span> <span class='ocrx_word' id='word_1_514' title='bbox 1456 4662 1644 4733; x_wconf 73' lang='grc' dir='ltr'>ἡμέρᾳ</span> <span class='ocrx_word' id='word_1_515' title='bbox 1677 4668 1728 4715; x_wconf 89' lang='grc' dir='ltr'>ι’.</span> 
     </span>
    </p>
   </div>
   <div class='ocr_carea' id='block_1_87' title="bbox 281 4798 1774 4878">
    <p class='ocr_par' dir='ltr' id='par_1_87' title="bbox 281 4798 1774 4878">
     <span class='ocr_line' id='line_1_88' title="bbox 281 4798 1774 4878; baseline -0.007 -18"><span class='ocrx_word' id='word_1_516' title='bbox 281 4805 475 4878; x_wconf 81' lang='grc' dir='ltr'>’Υμνῶ</span> <span class='ocrx_word' id='word_1_517' title='bbox 508 4822 590 4870; x_wconf 84' lang='grc' dir='ltr'><strong>σε,</strong></span> <span class='ocrx_word' id='word_1_518' title='bbox 626 4803 896 4874; x_wconf 77' lang='grc' dir='ltr'>Παρθένε,</span> <span class='ocrx_word' id='word_1_519' title='bbox 924 4802 1007 4855; x_wconf 81' lang='grc' dir='ltr'>ὅτι</span> <span class='ocrx_word' id='word_1_520' title='bbox 1039 4801 1206 4867; x_wconf 74' lang='grc' dir='ltr'>Θεὸν,</span> <span class='ocrx_word' id='word_1_521' title='bbox 1254 4798 1571 4870; x_wconf 86' lang='grc' dir='ltr'>πανύμνητε</span> <span class='ocrx_word' id='word_1_522' title='bbox 1615 4799 1774 4869; x_wconf 86' lang='grc' dir='ltr'>μόνη,</span> 
     </span>
    </p>
   </div>
   <div class='ocr_carea' id='block_1_88' title="bbox 193 4890 1772 4967">
    <p class='ocr_par' dir='ltr' id='par_1_88' title="bbox 193 4890 1772 4967">
     <span class='ocr_line' id='line_1_89' title="bbox 193 4890 1772 4967; baseline -0.008 -12"><span class='ocrx_word' id='word_1_523' title='bbox 193 4900 577 4967; x_wconf 74' lang='grc' dir='ltr'>ἑσωμάτωσας</span> <span class='ocrx_word' id='word_1_524' title='bbox 607 4898 671 4949; x_wconf 79' lang='grc' dir='ltr'>ὲκ</span> <span class='ocrx_word' id='word_1_525' title='bbox 704 4895 815 4948; x_wconf 87' lang='grc' dir='ltr'><strong>τῶν</strong></span> <span class='ocrx_word' id='word_1_526' title='bbox 840 4894 1039 4964; x_wconf 89' lang='grc' dir='ltr'>τιμίων</span> <span class='ocrx_word' id='word_1_527' title='bbox 1068 4892 1181 4945; x_wconf 89' lang='grc' dir='ltr'><strong>σῶν</strong></span> <span class='ocrx_word' id='word_1_528' title='bbox 1206 4891 1478 4962; x_wconf 79' lang='grc' dir='ltr'>αἱμάτων,</span> <span class='ocrx_word' id='word_1_529' title='bbox 1513 4890 1772 4957; x_wconf 84' lang='grc' dir='ltr'>παναγία,</span> 
     </span>
    </p>
   </div>
   <div class='ocr_carea' id='block_1_89' title="bbox 195 4984 1332 5061">
    <p class='ocr_par' dir='ltr' id='par_1_89' title="bbox 195 4984 1332 5061">
     <span class='ocr_line' id='line_1_90' title="bbox 195 4984 1332 5061; baseline -0.007 -16"><span class='ocrx_word' id='word_1_530' title='bbox 195 4994 295 5046; x_wconf 77' lang='grc' dir='ltr'>καὶ</span> <span class='ocrx_word' id='word_1_531' title='bbox 327 4989 473 5061; x_wconf 79' lang='grc' dir='ltr'>ὑπὲρ</span> <span class='ocrx_word' id='word_1_532' title='bbox 512 4988 668 5056; x_wconf 75' lang='grc' dir='ltr'>λόγον</span> <span class='ocrx_word' id='word_1_533' title='bbox 703 4986 947 5058; x_wconf 79' lang='grc' dir='ltr'>φρικτῶς</span> <span class='ocrx_word' id='word_1_534' title='bbox 983 4984 1332 5056; x_wconf 85' lang='grc' dir='ltr'>ἀπεκύησας.</span> 
     </span>
    </p>
   </div>
   <div class='ocr_carea' id='block_1_90' title="bbox 273 5169 1779 5245">
    <p class='ocr_par' dir='ltr' id='par_1_90' title="bbox 273 5169 1779 5245">
     <span class='ocr_line' id='line_1_91' title="bbox 273 5169 1779 5245; baseline -0.005 -15"><span class='ocrx_word' id='word_1_535' title='bbox 273 5177 459 5230; x_wconf 85' lang='grc' dir='ltr'>Σῶσόν</span> <span class='ocrx_word' id='word_1_536' title='bbox 480 5192 569 5245; x_wconf 90' lang='grc' dir='ltr'><strong>με,</strong></span> <span class='ocrx_word' id='word_1_537' title='bbox 592 5175 845 5243; x_wconf 82' lang='grc' dir='ltr'>κυήσασα</span> <span class='ocrx_word' id='word_1_538' title='bbox 865 5173 957 5227; x_wconf 73' lang='grc' dir='ltr'>τὸν</span> <span class='ocrx_word' id='word_1_539' title='bbox 979 5170 1326 5243; x_wconf 85' lang='grc' dir='ltr'>ύπεράγαθον</span> <span class='ocrx_word' id='word_1_540' title='bbox 1348 5170 1575 5242; x_wconf 85' lang='grc' dir='ltr'>Κύριον,</span> <span class='ocrx_word' id='word_1_541' title='bbox 1602 5169 1779 5240; x_wconf 83' lang='grc' dir='ltr'>μῆτερ</span> 
     </span>
    </p>
   </div>
   <div class='ocr_carea' id='block_1_91' title="bbox 196 5263 1775 5341">
    <p class='ocr_par' dir='ltr' id='par_1_91' title="bbox 196 5263 1775 5341">
     <span class='ocr_line' id='line_1_92' title="bbox 196 5263 1775 5341; baseline -0.005 -16"><span class='ocrx_word' id='word_1_542' title='bbox 196 5271 372 5341; x_wconf 80' lang='grc' dir='ltr'>ἁγνὴ,</span> <span class='ocrx_word' id='word_1_543' title='bbox 405 5268 615 5323; x_wconf 80' lang='grc' dir='ltr'>παῦσον</span> <span class='ocrx_word' id='word_1_544' title='bbox 641 5268 739 5339; x_wconf 80' lang='grc' dir='ltr'><strong>τῆς</strong></span> <span class='ocrx_word' id='word_1_545' title='bbox 769 5266 945 5336; x_wconf 73' lang='grc' dir='ltr'>ψυχῆς</span> <span class='ocrx_word' id='word_1_546' title='bbox 978 5282 1079 5335; x_wconf 89' lang='grc' dir='ltr'><strong>μου</strong></span> <span class='ocrx_word' id='word_1_547' title='bbox 1112 5264 1483 5336; x_wconf 79' lang='grc' dir='ltr'>πολυτάραχον</span> <span class='ocrx_word' id='word_1_548' title='bbox 1512 5263 1775 5317; x_wconf 85' lang='grc' dir='ltr'>κλύδωνα.</span> 
     </span>
    </p>
   </div>
   <div class='ocr_carea' id='block_1_92' title="bbox 271 5444 1777 5519">
    <p class='ocr_par' dir='ltr' id='par_1_92' title="bbox 271 5444 1777 5519">
     <span class='ocr_line' id='line_1_93' title="bbox 271 5444 1777 5519; baseline -0.005 -12"><span class='ocrx_word' id='word_1_549' title='bbox 271 5452 367 5516; x_wconf 85' lang='grc' dir='ltr'><strong>Σὲ,</strong></span> <span class='ocrx_word' id='word_1_550' title='bbox 399 5450 713 5519; x_wconf 81' lang='grc' dir='ltr'>πανάμωμε</span> <span class='ocrx_word' id='word_1_551' title='bbox 744 5446 1033 5509; x_wconf 84' lang='grc' dir='ltr'>Δέσποινα,</span> <span class='ocrx_word' id='word_1_552' title='bbox 1061 5447 1391 5516; x_wconf 82' lang='grc' dir='ltr'>πειρασμοῖς</span> <span class='ocrx_word' id='word_1_553' title='bbox 1412 5444 1777 5515; x_wconf 86' lang='grc' dir='ltr'>κυκλούμενος</span> 
     </span>
    </p>
   </div>
   <div class='ocr_carea' id='block_1_93' title="bbox 195 5536 1776 5613">
    <p class='ocr_par' dir='ltr' id='par_1_93' title="bbox 195 5536 1776 5613">
     <span class='ocr_line' id='line_1_94' title="bbox 195 5536 1776 5613; baseline -0.007 -13"><span class='ocrx_word' id='word_1_554' title='bbox 195 5548 284 5608; x_wconf 86' lang='grc' dir='ltr'><strong>είς</strong></span> <span class='ocrx_word' id='word_1_555' title='bbox 337 5542 593 5613; x_wconf 79' lang='grc' dir='ltr'>βοήθειαν</span> <span class='ocrx_word' id='word_1_556' title='bbox 633 5537 1053 5609; x_wconf 82' lang='grc' dir='ltr'>προσκαλοῦμαι</span> <span class='ocrx_word' id='word_1_557' title='bbox 1080 5555 1095 5568; x_wconf 89' lang='grc'><strong>·</strong></span> <span class='ocrx_word' id='word_1_558' title='bbox 1151 5536 1406 5603; x_wconf 81' lang='grc' dir='ltr'>σπεῦσον,</span> <span class='ocrx_word' id='word_1_559' title='bbox 1458 5537 1631 5591; x_wconf 87' lang='grc' dir='ltr'>σῶσόν</span> <span class='ocrx_word' id='word_1_560' title='bbox 1686 5554 1776 5607; x_wconf 87' lang='grc' dir='ltr'><strong>με,</strong></span> 
     </span>
    </p>
   </div>
   <div class='ocr_carea' id='block_1_94' title="bbox 195 5634 1132 5703">
    <p class='ocr_par' dir='ltr' id='par_1_94' title="bbox 195 5634 1132 5703">
     <span class='ocr_line' id='line_1_95' title="bbox 195 5634 1132 5703; baseline -0.007 -12"><span class='ocrx_word' id='word_1_561' title='bbox 195 5638 297 5691; x_wconf 81' lang='grc' dir='ltr'><strong>τὸν</strong></span> <span class='ocrx_word' id='word_1_562' title='bbox 328 5637 564 5703; x_wconf 73' lang='grc' dir='ltr'>Σωτῆρα</span> <span class='ocrx_word' id='word_1_563' title='bbox 595 5634 767 5701; x_wconf 88' lang='grc' dir='ltr'>Λόγον</span> <span class='ocrx_word' id='word_1_564' title='bbox 798 5635 831 5703; x_wconf 83' lang='grc' dir='ltr'>ὴ</span> <span class='ocrx_word' id='word_1_565' title='bbox 857 5634 1132 5702; x_wconf 75' lang='grc' dir='ltr'>κυήσασα.</span> 
     </span>
    </p>
   </div>
   <div class='ocr_carea' id='block_1_95' title="bbox 273 5722 1780 5796">
    <p class='ocr_par' dir='ltr' id='par_1_95' title="bbox 273 5722 1780 5796">
     <span class='ocr_line' id='line_1_96' title="bbox 273 5722 1780 5796; baseline -0.003 -17"><span class='ocrx_word' id='word_1_566' title='bbox 273 5726 660 5796; x_wconf 77' lang='grc' dir='ltr'>Λυτρούμενος</span> <span class='ocrx_word' id='word_1_567' title='bbox 692 5724 983 5792; x_wconf 77' lang='grc' dir='ltr'>ὲπὲφανεν,</span> <span class='ocrx_word' id='word_1_568' title='bbox 1018 5722 1276 5794; x_wconf 82' lang='grc' dir='ltr'>άχραντε,</span> <span class='ocrx_word' id='word_1_569' title='bbox 1310 5722 1338 5773; x_wconf 84' lang='grc' dir='ltr'><strong>δ</strong></span> <span class='ocrx_word' id='word_1_570' title='bbox 1378 5722 1504 5784; x_wconf 80' lang='grc' dir='ltr'>Υἰός</span> <span class='ocrx_word' id='word_1_571' title='bbox 1555 5738 1648 5775; x_wconf 92' lang='grc' dir='ltr'><strong>σου</strong></span> <span class='ocrx_word' id='word_1_572' title='bbox 1685 5723 1780 5776; x_wconf 79' lang='grc' dir='ltr'>άν-</span> 
     </span>
    </p>
   </div>
   <div class='ocr_carea' id='block_1_96' title="bbox 196 5814 1775 5887">
    <p class='ocr_par' dir='ltr' id='par_1_96' title="bbox 196 5814 1775 5887">
     <span class='ocr_line' id='line_1_97' title="bbox 196 5814 1775 5887; baseline -0.002 -17"><span class='ocrx_word' id='word_1_573' title='bbox 196 5821 431 5884; x_wconf 76' lang='grc' dir='ltr'>θρωπος</span> <span class='ocrx_word' id='word_1_574' title='bbox 469 5818 763 5885; x_wconf 86' lang='grc' dir='ltr'>γενόμενος</span> <span class='ocrx_word' id='word_1_575' title='bbox 817 5814 1390 5887; x_wconf 82' lang='grc' dir='ltr'>ἀνθρώπους-πάντας,</span> <span class='ocrx_word' id='word_1_576' title='bbox 1444 5814 1775 5883; x_wconf 86' lang='grc' dir='ltr'>πανάμωμε.</span> 
     </span>
    </p>
   </div>
   <div class='ocr_carea' id='block_1_97' title="bbox 279 5904 1777 5977">
    <p class='ocr_par' dir='ltr' id='par_1_97' title="bbox 279 5904 1777 5977">
     <span class='ocr_line' id='line_1_98' title="bbox 279 5904 1777 5977; baseline -0.002 -15"><span class='ocrx_word' id='word_1_577' title='bbox 279 5908 599 5962; x_wconf 76' lang='grc' dir='ltr'>Κατάσκιον</span> <span class='ocrx_word' id='word_1_578' title='bbox 635 5904 890 5976; x_wconf 85' lang='grc' dir='ltr'>προεώρα</span> <span class='ocrx_word' id='word_1_579' title='bbox 926 5922 983 5958; x_wconf 83' lang='grc' dir='ltr'><strong>σε</strong></span> <span class='ocrx_word' id='word_1_580' title='bbox 1018 5904 1144 5977; x_wconf 76' lang='grc' dir='ltr'>ὅρος</span> <span class='ocrx_word' id='word_1_581' title='bbox 1189 5908 1218 5958; x_wconf 84' lang='grc' dir='ltr'>ὁ</span> <span class='ocrx_word' id='word_1_582' title='bbox 1259 5904 1543 5975; x_wconf 71' lang='grc' dir='ltr'>προφήτης</span> <span class='ocrx_word' id='word_1_583' title='bbox 1585 5905 1777 5959; x_wconf 74' lang='grc' dir='ltr'>Ἀϐδα-</span> 
     </span>
    </p>
   </div>
   <div class='ocr_carea' id='block_1_98' title="bbox 2325 4668 3014 4732">
    <p class='ocr_par' dir='ltr' id='par_1_98' title="bbox 2325 4668 3014 4732">
     <span class='ocr_line' id='line_1_99' title="bbox 2325 4668 3014 4732; baseline -0.001 -10"><span class='ocrx_word' id='word_1_584' title='bbox 2325 4668 2620 4722; x_wconf 70' lang='lat' dir='ltr'><strong>Maximum</strong></span> <span class='ocrx_word' id='word_1_585' title='bbox 2658 4679 2781 4732; x_wconf 83' lang='lat' dir='ltr'><strong>etc.,</strong></span> <span class='ocrx_word' id='word_1_586' title='bbox 2811 4669 2897 4721; x_wconf 76' lang='lat' dir='ltr'><strong>die</strong></span> <span class='ocrx_word' id='word_1_587' title='bbox 2928 4670 3014 4721; x_wconf 81' lang='grc'><strong>10.</strong></span> 
     </span>
    </p>
   </div>
   <div class='ocr_carea' id='block_1_99' title="bbox 1956 4802 3453 4875">
    <p class='ocr_par' dir='ltr' id='par_1_99' title="bbox 1956 4802 3453 4875">
     <span class='ocr_line' id='line_1_100' title="bbox 1956 4802 3453 4875; baseline -0.002 -15"><span class='ocrx_word' id='word_1_588' title='bbox 1956 4805 2145 4860; x_wconf 79' lang='lat' dir='ltr'><strong>Laudo</strong></span> <span class='ocrx_word' id='word_1_589' title='bbox 2179 4813 2252 4867; x_wconf 85' lang='lat' dir='ltr'><strong>te,</strong></span> <span class='ocrx_word' id='word_1_590' title='bbox 2287 4802 2501 4875; x_wconf 82' lang='lat' dir='ltr'><strong>oVirgo</strong></span> <span class='ocrx_word' id='word_1_591' title='bbox 2534 4803 2647 4857; x_wconf 89' lang='lat' dir='ltr'><strong>sola</strong></span> <span class='ocrx_word' id='word_1_592' title='bbox 2680 4804 2826 4858; x_wconf 90' lang='lat' dir='ltr'><strong>omni</strong></span> <span class='ocrx_word' id='word_1_593' title='bbox 2861 4803 3021 4857; x_wconf 80' lang='lat' dir='ltr'><strong>laude</strong></span> <span class='ocrx_word' id='word_1_594' title='bbox 3047 4802 3363 4872; x_wconf 72' lang='lat' dir='ltr'><strong>dignissima</strong></span> <span class='ocrx_word' id='word_1_595' title='bbox 3390 4818 3453 4857; x_wconf 88' lang='lat' dir='ltr'><strong>ac</strong></span> 
     </span>
    </p>
   </div>
   <div class='ocr_carea' id='block_1_100' title="bbox 1885 4892 3454 4965">
    <p class='ocr_par' dir='ltr' id='par_1_100' title="bbox 1885 4892 3454 4965">
     <span class='ocr_line' id='line_1_101' title="bbox 1885 4892 3454 4965; baseline -0.004 -14"><span class='ocrx_word' id='word_1_596' title='bbox 1885 4897 2262 4959; x_wconf 85' lang='lat' dir='ltr'><strong>sanctissima,</strong></span> <span class='ocrx_word' id='word_1_597' title='bbox 2294 4896 2556 4965; x_wconf 85' lang='lat' dir='ltr'><strong>quoniam</strong></span> <span class='ocrx_word' id='word_1_598' title='bbox 2593 4892 2760 4948; x_wconf 86' lang='lat' dir='ltr'><strong>Deum</strong></span> <span class='ocrx_word' id='word_1_599' title='bbox 2795 4909 2858 4948; x_wconf 78' lang='lat' dir='ltr'><strong>ex</strong></span> <span class='ocrx_word' id='word_1_600' title='bbox 2889 4894 3144 4963; x_wconf 85' lang='lat' dir='ltr'><strong>pretiosis</strong></span> <span class='ocrx_word' id='word_1_601' title='bbox 3174 4892 3454 4962; x_wconf 83' lang='lat' dir='ltr'><strong>sanguini-</strong></span> 
     </span>
    </p>
   </div>
   <div class='ocr_carea' id='block_1_101' title="bbox 1887 4987 3454 5056">
    <p class='ocr_par' dir='ltr' id='par_1_101' title="bbox 1887 4987 3454 5056">
     <span class='ocr_line' id='line_1_102' title="bbox 1887 4987 3454 5056; baseline -0.004 -13"><span class='ocrx_word' id='word_1_602' title='bbox 1887 4991 1987 5044; x_wconf 88' lang='lat' dir='ltr'><strong>bus</strong></span> <span class='ocrx_word' id='word_1_603' title='bbox 2020 4989 2128 5042; x_wconf 90' lang='lat' dir='ltr'><strong>tuis</strong></span> <span class='ocrx_word' id='word_1_604' title='bbox 2174 4987 2499 5056; x_wconf 84' lang='lat' dir='ltr'><strong>corporasti,</strong></span> <span class='ocrx_word' id='word_1_605' title='bbox 2535 4996 2587 5041; x_wconf 89' lang='lat' dir='ltr'><strong>et</strong></span> <span class='ocrx_word' id='word_1_606' title='bbox 2643 5001 2807 5055; x_wconf 90' lang='lat' dir='ltr'><strong>supra</strong></span> <span class='ocrx_word' id='word_1_607' title='bbox 2855 4987 3083 5040; x_wconf 91' lang='lat' dir='ltr'><strong>rationis</strong></span> <span class='ocrx_word' id='word_1_608' title='bbox 3132 4996 3454 5054; x_wconf 89' lang='lat' dir='ltr'><strong>conceptum</strong></span> 
     </span>
    </p>
   </div>
   <div class='ocr_carea' id='block_1_102' title="bbox 1886 5082 2789 5152">
    <p class='ocr_par' dir='ltr' id='par_1_102' title="bbox 1886 5082 2789 5152">
     <span class='ocr_line' id='line_1_103' title="bbox 1886 5082 2789 5152; baseline -0.008 -11"><span class='ocrx_word' id='word_1_609' title='bbox 1886 5084 2218 5141; x_wconf 81' lang='lat' dir='ltr'><strong>formidabili</strong></span> <span class='ocrx_word' id='word_1_610' title='bbox 2268 5084 2479 5137; x_wconf 84' lang='lat' dir='ltr'><strong>ratione</strong></span> <span class='ocrx_word' id='word_1_611' title='bbox 2508 5082 2789 5152; x_wconf 84' lang='lat' dir='ltr'><strong>peperisti.</strong></span> 
     </span>
    </p>
   </div>
   <div class='ocr_carea' id='block_1_103' title="bbox 1962 5167 3455 5242">
    <p class='ocr_par' dir='ltr' id='par_1_103' title="bbox 1962 5167 3455 5242">
     <span class='ocr_line' id='line_1_104' title="bbox 1962 5167 3455 5242; baseline -0.007 -12"><span class='ocrx_word' id='word_1_612' title='bbox 1962 5176 2120 5230; x_wconf 87' lang='lat' dir='ltr'><strong>Salva</strong></span> <span class='ocrx_word' id='word_1_613' title='bbox 2151 5190 2261 5237; x_wconf 83' lang='lat' dir='ltr'><strong>me,</strong></span> <span class='ocrx_word' id='word_1_614' title='bbox 2293 5172 2464 5227; x_wconf 86' lang='lat' dir='ltr'><strong>Mater</strong></span> <span class='ocrx_word' id='word_1_615' title='bbox 2507 5183 2682 5236; x_wconf 81' lang='lat' dir='ltr'><strong>casta,</strong></span> <span class='ocrx_word' id='word_1_616' title='bbox 2712 5187 2834 5242; x_wconf 71' lang='lat' dir='ltr'><strong>quae</strong></span> <span class='ocrx_word' id='word_1_617' title='bbox 2862 5169 3129 5240; x_wconf 81' lang='lat' dir='ltr'><strong>Optimum</strong></span> <span class='ocrx_word' id='word_1_618' title='bbox 3166 5167 3455 5221; x_wconf 82' lang='lat' dir='ltr'><strong>Dominum</strong></span> 
     </span>
    </p>
   </div>
   <div class='ocr_carea' id='block_1_104' title="bbox 1893 5261 3457 5339">
    <p class='ocr_par' dir='ltr' id='par_1_104' title="bbox 1893 5261 3457 5339">
     <span class='ocr_line' id='line_1_105' title="bbox 1893 5261 3457 5339; baseline -0.009 -14"><span class='ocrx_word' id='word_1_619' title='bbox 1893 5270 2191 5339; x_wconf 76' lang='lat' dir='ltr'><strong>ceucepisti</strong></span> <span class='ocrx_word' id='word_1_620' title='bbox 2231 5288 2244 5321; x_wconf 86' lang='lat'><strong>:</strong></span> <span class='ocrx_word' id='word_1_621' title='bbox 2274 5268 2399 5321; x_wconf 79' lang='lat' dir='ltr'><strong>seda</strong></span> <span class='ocrx_word' id='word_1_622' title='bbox 2428 5267 2621 5320; x_wconf 73' lang='lat' dir='ltr'><strong>animae</strong></span> <span class='ocrx_word' id='word_1_623' title='bbox 2651 5280 2784 5319; x_wconf 70' lang='lat' dir='ltr'><strong>mea:</strong></span> <span class='ocrx_word' id='word_1_624' title='bbox 2825 5263 3199 5334; x_wconf 85' lang='lat' dir='ltr'><strong>multipliciter</strong></span> <span class='ocrx_word' id='word_1_625' title='bbox 3253 5261 3457 5314; x_wconf 88' lang='lat' dir='ltr'><strong>tumul-</strong></span> 
     </span>
    </p>
   </div>
   <div class='ocr_carea' id='block_1_105' title="bbox 1887 5360 2479 5431">
    <p class='ocr_par' dir='ltr' id='par_1_105' title="bbox 1887 5360 2479 5431">
     <span class='ocr_line' id='line_1_106' title="bbox 1887 5360 2479 5431; baseline -0.012 -13"><span class='ocrx_word' id='word_1_626' title='bbox 1887 5374 2126 5418; x_wconf 88' lang='lat' dir='ltr'><strong>tuantcm</strong></span> <span class='ocrx_word' id='word_1_627' title='bbox 2161 5360 2479 5431; x_wconf 79' lang='lat' dir='ltr'><strong>procellam.</strong></span> 
     </span>
    </p>
   </div>
   <div class='ocr_carea' id='block_1_106' title="bbox 1959 5442 3459 5512">
    <p class='ocr_par' dir='ltr' id='par_1_106' title="bbox 1959 5442 3459 5512">
     <span class='ocr_line' id='line_1_107' title="bbox 1959 5442 3459 5512; baseline -0.006 -8"><span class='ocrx_word' id='word_1_628' title='bbox 1959 5450 2057 5512; x_wconf 85' lang='lat' dir='ltr'><strong>Te,</strong></span> <span class='ocrx_word' id='word_1_629' title='bbox 2108 5467 2141 5504; x_wconf 95' lang='lat' dir='ltr'><strong>o</strong></span> <span class='ocrx_word' id='word_1_630' title='bbox 2196 5449 2422 5504; x_wconf 74' lang='lat' dir='ltr'><strong>Domina</strong></span> <span class='ocrx_word' id='word_1_631' title='bbox 2474 5457 2583 5502; x_wconf 85' lang='lat' dir='ltr'><strong>tota</strong></span> <span class='ocrx_word' id='word_1_632' title='bbox 2636 5445 3007 5511; x_wconf 86' lang='lat' dir='ltr'><strong>immaculata,</strong></span> <span class='ocrx_word' id='word_1_633' title='bbox 3068 5442 3459 5498; x_wconf 78' lang='lat' dir='ltr'><strong>tentationibus</strong></span> 
     </span>
    </p>
   </div>
   <div class='ocr_carea' id='block_1_107' title="bbox 1884 5537 3456 5598">
    <p class='ocr_par' dir='ltr' id='par_1_107' title="bbox 1884 5537 3456 5598">
     <span class='ocr_line' id='line_1_108' title="bbox 1884 5537 3456 5598; baseline -0.007 0"><span class='ocrx_word' id='word_1_634' title='bbox 1884 5543 2332 5598; x_wconf 84' lang='lat' dir='ltr'><strong>circumvallatus</strong></span> <span class='ocrx_word' id='word_1_635' title='bbox 2381 5540 2433 5593; x_wconf 92' lang='lat' dir='ltr'><strong>in</strong></span> <span class='ocrx_word' id='word_1_636' title='bbox 2483 5539 2747 5593; x_wconf 81' lang='lat' dir='ltr'><strong>auxilium</strong></span> <span class='ocrx_word' id='word_1_637' title='bbox 2807 5538 3017 5592; x_wconf 88' lang='lat' dir='ltr'><strong>advoco</strong></span> <span class='ocrx_word' id='word_1_638' title='bbox 3067 5555 3081 5590; x_wconf 89' lang='lat'><strong>:</strong></span> <span class='ocrx_word' id='word_1_639' title='bbox 3128 5537 3347 5598; x_wconf 81' lang='lat' dir='ltr'><strong>festina,</strong></span> <span class='ocrx_word' id='word_1_640' title='bbox 3401 5544 3456 5589; x_wconf 90' lang='lat' dir='ltr'><strong>et</strong></span> 
     </span>
    </p>
   </div>
   <div class='ocr_carea' id='block_1_108' title="bbox 1886 5629 3383 5700">
    <p class='ocr_par' dir='ltr' id='par_1_108' title="bbox 1886 5629 3383 5700">
     <span class='ocr_line' id='line_1_109' title="bbox 1886 5629 3383 5700; baseline -0.005 -11"><span class='ocrx_word' id='word_1_641' title='bbox 1886 5637 2035 5689; x_wconf 84' lang='lat' dir='ltr'><strong>salva</strong></span> <span class='ocrx_word' id='word_1_642' title='bbox 2075 5650 2178 5695; x_wconf 79' lang='lat' dir='ltr'><strong>me,</strong></span> <span class='ocrx_word' id='word_1_643' title='bbox 2217 5643 2269 5685; x_wconf 88' lang='grc' dir='ltr'><strong>ιιι</strong></span> <span class='ocrx_word' id='word_1_644' title='bbox 2306 5647 2428 5700; x_wconf 68' lang='lat' dir='ltr'><strong>qua!</strong></span> <span class='ocrx_word' id='word_1_645' title='bbox 2459 5630 2697 5685; x_wconf 78' lang='lat' dir='ltr'><strong>Verbum</strong></span> <span class='ocrx_word' id='word_1_646' title='bbox 2728 5629 3069 5683; x_wconf 87' lang='lat' dir='ltr'><strong>Salvatorem</strong></span> <span class='ocrx_word' id='word_1_647' title='bbox 3108 5629 3383 5698; x_wconf 76' lang='lat' dir='ltr'><strong>peperisti.</strong></span> 
     </span>
    </p>
   </div>
   <div class='ocr_carea' id='block_1_109' title="bbox 1958 5718 3458 5787">
    <p class='ocr_par' dir='ltr' id='par_1_109' title="bbox 1958 5718 3458 5787">
     <span class='ocr_line' id='line_1_110' title="bbox 1958 5718 3458 5787; baseline -0.004 -10"><span class='ocrx_word' id='word_1_648' title='bbox 1958 5724 2000 5777; x_wconf 92' lang='lat'>0</span> <span class='ocrx_word' id='word_1_649' title='bbox 2028 5725 2303 5787; x_wconf 90' lang='lat' dir='ltr'><strong>inviolata,</strong></span> <span class='ocrx_word' id='word_1_650' title='bbox 2335 5740 2398 5777; x_wconf 87' lang='lat' dir='ltr'><strong>ac</strong></span> <span class='ocrx_word' id='word_1_651' title='bbox 2423 5733 2530 5777; x_wconf 79' lang='lat' dir='ltr'><strong>tota</strong></span> <span class='ocrx_word' id='word_1_652' title='bbox 2557 5722 2926 5781; x_wconf 85' lang='lat' dir='ltr'><strong>immaculata,</strong></span> <span class='ocrx_word' id='word_1_653' title='bbox 2953 5722 3096 5774; x_wconf 81' lang='lat' dir='ltr'><strong>filius</strong></span> <span class='ocrx_word' id='word_1_654' title='bbox 3125 5730 3249 5773; x_wconf 90' lang='lat' dir='ltr'><strong>tuus</strong></span> <span class='ocrx_word' id='word_1_655' title='bbox 3282 5718 3458 5772; x_wconf 84' lang='lat' dir='ltr'><strong>factus</strong></span> 
     </span>
    </p>
   </div>
   <div class='ocr_carea' id='block_1_110' title="bbox 1890 5812 3348 5885">
    <p class='ocr_par' dir='ltr' id='par_1_110' title="bbox 1890 5812 3348 5885">
     <span class='ocr_line' id='line_1_111' title="bbox 1890 5812 3348 5885; baseline -0.003 -15"><span class='ocrx_word' id='word_1_656' title='bbox 1890 5818 2055 5871; x_wconf 84' lang='lat' dir='ltr'><strong>immo</strong></span> <span class='ocrx_word' id='word_1_657' title='bbox 2088 5816 2361 5885; x_wconf 86' lang='lat' dir='ltr'><strong>apparuit,</strong></span> <span class='ocrx_word' id='word_1_658' title='bbox 2388 5826 2446 5868; x_wconf 85' lang='grc' dir='ltr'><strong>ιιι</strong></span> <span class='ocrx_word' id='word_1_659' title='bbox 2475 5816 2760 5867; x_wconf 89' lang='lat' dir='ltr'><strong>universos</strong></span> <span class='ocrx_word' id='word_1_660' title='bbox 2793 5814 3040 5867; x_wconf 88' lang='lat' dir='ltr'><strong>homines</strong></span> <span class='ocrx_word' id='word_1_661' title='bbox 3073 5812 3348 5866; x_wconf 85' lang='lat' dir='ltr'><strong>liberaret.</strong></span> 
     </span>
    </p>
   </div>
   <div class='ocr_carea' id='block_1_111' title="bbox 1963 5903 3458 5976">
    <p class='ocr_par' dir='ltr' id='par_1_111' title="bbox 1963 5903 3458 5976">
     <span class='ocr_line' id='line_1_112' title="bbox 1963 5903 3458 5976; baseline -0.006 -13"><span class='ocrx_word' id='word_1_662' title='bbox 1963 5909 2199 5963; x_wconf 66' lang='lat' dir='ltr'><strong>Montem</strong></span> <span class='ocrx_word' id='word_1_663' title='bbox 2233 5908 2551 5963; x_wconf 88' lang='lat' dir='ltr'><strong>umbrosum</strong></span> <span class='ocrx_word' id='word_1_664' title='bbox 2599 5907 2844 5975; x_wconf 71' lang='lat' dir='ltr'><strong>praevidit</strong></span> <span class='ocrx_word' id='word_1_665' title='bbox 2883 5916 2933 5961; x_wconf 87' lang='lat' dir='ltr'><strong>te</strong></span> <span class='ocrx_word' id='word_1_666' title='bbox 2965 5906 3226 5976; x_wconf 79' lang='lat' dir='ltr'><strong>propheta</strong></span> <span class='ocrx_word' id='word_1_667' title='bbox 3279 5903 3458 5958; x_wconf 73' lang='lat' dir='ltr'><strong>Ablui-</strong></span> 
     </span>
    </p>
   </div>
  </div>
