4166 6458
770 439 909 505 1095
1898 432 1959 493 S.
2000 429 2311 494 JOSEPHI
2352 428 2922 492 IIYMNOGRAPIII‘
3889 425 4033 488 1096

769 575 890 620 cnc.
930 573 963 612 ο
991 555 1245 627 Dcipara,
1276 570 1340 610 ex
1372 568 1483 624 quo
1534 524 1680 608 Deus
1707 550 2053 607 incli‘abiliter
2082 549 2351 619 processit

2468 548 2617 618 ιοὺμ,
2658 545 2914 609 Θεοτόκε,
2966 542 3032 597 ὲκ
3074 540 3171 595 σοῦ
3218 540 3350 605 Θεδς
3391 540 3532 612 ὑπὲρ
3573 539 3730 608 λόγον
3793 540 4037 612 προῆλθε

773 659 1111 713 incarnatus,
1149 648 1525 716 mundumque
1558 645 1808 709 salvavit,
1848 642 1978 697 dum
2025 642 2348 712 gravissima

2468 638 2902 709 ςεσαρκωμένος.
2930 637 3026 690 καὶ
3056 635 3260 704 κόσμον
3289 634 3515 686 διέσωσε
3552 634 3628 703 τῷ
3658 633 3891 686 κλύδωνι
3931 634 4032 703 τῆς

774 753 1124 813 peccatorum
1162 740 1400 808 procella
1431 740 1823 808 exagitaretur.

844 833 1073 888 llumuni
1093 831 1311 902 generis
1334 832 1635 901 principes,
1658 827 1751 897 qui
1775 828 1904 882 olim
1935 826 2004 881 ob
2029 825 2349 881 foedissimae

775 925 1225 994 transgressionis
1251 923 1360 993 93
1391 923 1645 976 delictum
1677 919 2037 983 deduxerant,
2068 928 2145 982 tu,
2174 932 2206 971 ο
2229 916 2353 970 Dei-

775 1035 925 1089 para.
961 1019 1015 1071 in
1063 1028 1220 1085 utero
1259 1015 1541 1070 Christum
1585 1012 1703 1068 sine
1734 1012 1975 1067 ﬂuxione
2014 1010 2351 1080 concipiens,

777 1112 844 1165 ad
874 1111 1037 1165 vitam
1068 1109 1349 1179 antiquam
1378 1107 1669 1160 revocasti.

842 1201 1097 1254 Animam
1162 1213 1341 1253 meam
1406 1206 1681 1250 mortuam
1743 1195 1984 1260 viviﬁca,
2054 1194 2349 1264 collapsam

772 1293 1049 1346 exsuscita
1079 1332 1095 1358 ,
1123 1290 1459 1343 vulneratam
1492 1302 1647 1355 sana,
1677 1302 1709 1341 ο
1755 1285 2197 1351 inviolatissima,
2239 1285 2354 1338 lan-

775 1400 870 1439 cea
901 1385 1011 1447 illa,
1040 1399 1160 1453 quae
1194 1382 1419 1452 dignum
1461 1379 1764 1447 Salvatoris
1812 1393 1879 1434 ex
1912 1387 2069 1432 utero
2116 1387 2211 1432 tuo
2241 1377 2353 1431 nati

778 1473 919 1527 latus
946 1472 1254 1527 vulneravit
1307 1488 1321 1524 :
1360 1485 1521 1540 quem
1580 1468 1733 1538 pueri
1765 1469 2131 1533 benedicunt,
2171 1482 2356 1522 sacer-

777 1565 933 1619 dotes
980 1563 1224 1629 Iaudant,
1259 1564 1444 1634 populi
1497 1563 1908 1633 superexaltant
1937 1561 1991 1614 in
2027 1559 2210 1613 omnia
2250 1575 2352 1616 sa:-

776 1658 921 1711 cula.

850 1748 1122 1813 lllnmina,
1157 1761 1190 1801 ο
1219 1756 1374 1817 porta
1409 1748 1571 1811 lucis,
1596 1748 1835 1801 animam
1870 1761 2046 1801 meam
2105 1744 2358 1816 gravissi-

777 1842 884 1895 mis
932 1840 1430 1909 transgressionum
1490 1840 1727 1895 tenebris
1769 1840 2116 1895 obscuratam
2177 1854 2242 1895 ac
2264 1854 2356 1908 pe-

2451 730 2692 801 χαλεπῆς
2722 728 2994 798 ἁμαρτίας
3018 728 3207 790 δεινῶς
3233 726 3611 796 συνεχόμενον.

2533 822 2865 884 Ῥεύσαντας
2930 821 3100 873 πάλαι
3151 821 3279 882 τοὺς
3339 818 3614 887 γενάρχας
3666 816 4039 887 παραϐάσεως

2468 916 2672 970 ἀτόπου
2703 913 3075 984 πλημμελείᾳ,
3111 915 3169 966 ὲν
3214 912 3369 983 νηδύϊ
3403 910 3654 981 ,Χριστὸν
3717 912 4041 983 ἀρῤεύστως

2456 1006 2819 1071 συλλαϐοῦσα,
2850 1005 2986 1077 πρὸς
3016 1006 3117 1079 τὴν
3148 1005 3293 1077 ζωὴν
3331 1006 3611 1076 ἀνήγαγες
3641 1005 3742 1075 τὴν
3772 1007 4035 1076 ἀρχαίαν,

2454 1099 2707 1151 Θεοτόκε.

2523 1191 2962 1262 Νειεκρωμὲνην
3004 1190 3249 1256 ζώωσον,
3304 1192 3661 1245 πεπτωκυῖαν
3704 1191 4036 1261 άνάστησον,

2452 1284 3001 1356 τετραυματισμένην
3030 1284 3133 1355 τὴν
3170 1284 3351 1355 ψυχήν
3403 1300 3507 1354 μου
3542 1284 3694 1336 ῐασαι
3740 1286 3806 1355 τῇ
3840 1284 4037 1353 λόγχῃ,

2455 1376 2788 1446 πανάμωμε,
2856 1380 2924 1447 τῇ
2978 1377 3287 1449 κεντησάσῃ
3333 1374 3484 1428 Θείαν
3552 1374 3794 1445 πλευρὰν
3837 1375 3928 1428 τοῦ
3977 1378 4041 1429 ὲκ

2456 1468 2693 1538 γαστρός
2721 1486 2814 1521 σου
2849 1469 3234 1540 σσρκωθέντος
3267 1469 3544 1538 Σωτῆρος,
3572 1468 3631 1520 ὃν
3658 1468 3851 1531 παῖδες
3882 1468 4041 1521 εύλο-

2455 1563 2666 1634 γοῦσιν,
2722 1565 2886 1634 ἱερεῖς
2931 1563 3254 1634 ἀνυμνοῦσι,
3300 1563 3424 1619 λαοὶ
3482 1561 3896 1635 ύπερυψοῦσιν,
3963 1564 4044 1627 εἰς

2459 1657 2669 1718 πάντας
2702 1658 2827 1720 τοὺς
2855 1656 3079 1719 αἰῶνας.

2527 1746 2788 1811 Φώτισον,
2835 1747 2981 1817 πύλη
3015 1748 3109 1801 τοῦ
3162 1747 3362 1818 φωτὸς,
3398 1748 3497 1819 τὴν
3526 1748 3706 1820 ψυχήν
3760 1766 3865 1819 μου
3920 1750 4043 1810 ταῖς

2461 1840 2661 1902 δειναῖς
2690 1838 3038 1909 ἀμαυρότησι
3078 1838 3186 1892 τῶν
3220 1838 3587 1911 παραϐάσεων
3642 1842 4043 1908 ἐσκοτωμένη-υ

778 1935 1110 1988 riclitantem
1145 1951 1159 1987 :
1190 1942 1246 1988 et
1280 1933 1368 1988 fac
1400 1949 1484 1988 me
1514 1932 1715 1988 divina:
1766 1932 1871 1987 diei
1926 1933 2268 2003 participem,
2301 1941 2358 1987 ut

2468 1932 2557 1985 καὶ
2593 1930 3030 1996 κινδυνεύουσαν,
3081 1933 3309 2002 καὶτῆς
3358 1934 3570 2005 ἡμέρας
3632 1933 3889 1986 κοινωνὸν
3946 1934 4041 2002 τῆς

779 2026 1076 2097 gloriﬁeem
1114 2033 1187 2093 te,
1246 2043 1279 2082 ο
1321 2027 1689 2098 patrocinium
1744 2027 2007 2093 ﬁdelium,
2064 2027 2208 2099 quod
2253 2042 2359 2082 non

781 2120 1154 2176 confunditur.

783 2232 868 2287 Ea:
938 2249 1137 2287 canone
1185 2234 1238 2287 in
1286 2231 1346 2287 S.
1405 2233 1654 2299 Antipam
1700 2241 2005 2302 martyrem,
2062 2232 2361 2301 episcopum

1308 2302 1575 2372 Pergami,
1608 2303 1697 2384 die
1740 2302 1825 2356 Η.

852 2411 1012 2469 Lucis
1035 2424 1140 2469 tua:
1170 2413 1498 2485 fulgoribus,
1529 2414 1731 2469 irradia
1755 2431 1788 2469 ο
1818 2415 1994 2485 puella
2032 2415 2364 2471 iunci-entis-

785 2503 924 2559 siina
959 2504 1097 2573 (59),
1131 2519 1225 2559 cor
1260 2520 1463 2568 meum,
1492 2506 1638 2575 quod
1676 2506 1729 2559 in
1768 2515 1925 2561 nocte
1954 2508 2270 2576 passionum
2310 2515 2365 2560 et

782 2595 1155 2649 calamitatum
1218 2596 1531 2662 detinetur;
1578 2606 1636 2651 tu
1697 2598 1844 2652 enim
1901 2598 2131 2668 justitiae
2179 2598 2361 2653 Solem

783 2688 1038 2742 omnibus
1062 2686 1411 2743 inell'abiliter
1446 2690 1576 2743 oriri
1610 2689 1807 2745 fecisti.

853 2778 1269 2851 Redemptorem
1301 2782 1582 2851 peperisti,
1618 2796 1652 2835 ο
1706 2782 1990 2845 inuiolata,
2028 2782 2125 2851 qui
2160 2784 2227 2837 ab
2269 2784 2368 2838 lio-

784 2872 885 2927 stis
930 2872 1245 2943 captivitate
1293 2873 1546 2929 homines
1594 2872 1888 2929 liberavit:
1941 2874 2085 2928 unde
2134 2883 2185 2930 te
2240 2875 2367 2929 reli-

782 2964 936 3033 giose
963 2965 1352 3032 gloriﬁcamus.

856 3054 1005 3112 Talis
1050 3065 1376 3112 conservata
1432 3071 1492 3113 es
1545 3065 1669 3126 post
1730 3069 1973 3129 partum,
2026 3060 2206 3130 qualis
2243 3068 2368 3115 ante

787 3158 1002 3215 partum
1036 3145 1242 3211 fueras,
1298 3146 1463 3217 Virgo
1522 3156 1693 3201 mater
1750 3148 2090 3218 incorrupta.
2152 3148 2364 3203 Etenim

2463 2024 2614 2087 Θείας
2669 2023 2970 2091 ἀνάδειξον,
3014 2025 3163 2089 ὅπως
3186 2024 3397 2092 δοξάζω
3451 2043 3532 2091 σε,
3591 2026 3901 2098 προστασία
3932 2028 4042 2079 τῶν

2462 2119 2671 2172 πιστῶν
2702 2120 3127 2191 ἀκαταίσχυντε.

2475 2234 2571 2287 Ἐκ
2609 2234 2714 2287 τοῦ
2757 2234 3017 2300 κανόνος
3043 2236 3131 2300 εις
3156 2233 3263 2287 τὸν
3288 2233 3460 2304 ἄτιον
3483 2233 3879 2304 ἱερομάρτυρα
3919 2232 4043 2289 Ἄν-

2615 2305 2817 2367 τίπαν,
2848 2304 3189 2358 ἐπίσκοπον
3218 2302 3547 2373 Περγάμων,
3575 2305 3761 2374 ἡμέρᾳ
3796 2302 3888 2359 ια’.

2535 2417 2717 2481 Φωτός
2784 2435 2878 2470 σου
2937 2418 3060 2481 ταῖς
3107 2419 3419 2490 ἀστραπαῖς
3467 2422 3841 2487 καταύγασον,
3905 2420 4042 2489 κόρη

2466 2510 2812 2580 πανάμωμε,
2858 2510 2959 2582 τὴν
3009 2512 3067 2564 ἐν
3142 2513 3299 2565 νυκτὶ
3352 2511 3543 2566 παθῶν
3594 2512 3690 2566 καὶ
3745 2512 4045 2583 συμφορῶν

2468 2603 2826 2672 συσχεθεῖσαν
2850 2604 3080 2675 καρδίαν
3119 2621 3243 2674 μου,
3266 2603 3613 2675 δικαιοσύνης
3658 2605 3818 2675 ἥλιον
3875 2606 4049 2661 πᾶσιν

2466 2694 2723 2765 ἀρρήτως
2753 2695 3104 2749 ἀνατείλασα.

2552 2786 2845 2855 Ῥυόμενον
2874 2789 3003 2852 τοὺς
3030 2788 3257 2860 βροτοὺς
3282 2787 3661 2861 αἰχμαλωσίας
3689 2789 3786 2843 τοῦ
3816 2787 4042 2860 ἐχθροῦ,

2467 2873 2728 2944 ἀχραντε,
2759 2875 2850 2928 τὸν
2894 2875 3174 2949 λυτρωτὴν
3207 2878 3472 2943 τέτοκας·
3515 2878 3638 2932 ὅθεν
3686 2880 3933 2944 εὐσεόῶς
3987 2894 4045 2932 σε

2465 2967 2782 3037 δοξάζομεν.

2538 3059 2693 3112 Μετά
2725 3060 2886 3114 τόκον
2921 3060 2997 3124 ὡς
3022 3060 3129 3131 πρὸ
3160 3061 3321 3115 τόκου
3352 3052 3738 3133 διεφυλάχθης,
3770 3065 4045 3135 Παρθενο-

2471 3153 2645 3221 μῆτορ
2694 3150 2901 3222 ἀφθορε
2926 3168 2940 3182 ο
2983 3151 3075 3205 τὸν
3129 3154 3474 3223 Δημιουργδν
3523 3155 3631 3223 γάρ
3663 3155 3889 3209 πάντων
3915 3158 4047 3211 ἀπε-

786 3238 1035 3291 omnium
1072 3236 1426 3291 Conditorem
1456 3236 1734 3305 peperisti,
1762 3237 1855 3305 qui
1887 3253 1950 3291 ex
1984 3248 2035 3292 te
2066 3238 2362 3293 humanum

2470 3242 2678 3312 κύησας
2705 3244 2770 3295 ὲκ
2814 3240 2933 3307 σοῦ,
2966 3242 3027 3296 τὸ
3060 3243 3408 3315 ἀνθρώπινον
3440 3245 3599 3313 σῶμα
3636 3247 3905 3311 ἑκουσίως
3949 3264 4045 3317 φο-

785 3342 986 3396 corpus
1015 3327 1323 3382 voluntarie
1358 3321 1622 3395 suscepit.

856 3418 1251 3474 Divinissimus
1276 3419 1369 3473 ille
1394 3418 1681 3484 Dominus,
1709 3418 1803 3488 qui
1830 3428 1947 3475 erat
1971 3419 2026 3473 in
2044 3418 2219 3475 forma
2244 3419 2359 3487 Dei,

788 3511 1052 3565 habitavit
1077 3511 1132 3565 in
1162 3521 1349 3566 ventre
1382 3518 1502 3576 tuo,
1539 3525 1573 3565 ο
1604 3512 1922 3581 purissima,
1969 3513 2275 3584 suscipiens
2302 3529 2363 3569 ac

785 3611 1005 3673 gestans
1028 3603 1259 3658 formam
1286 3619 1486 3659 meam.

860 3694 1099 3751 Sanctus
1132 3707 1217 3751 est
1243 3697 1332 3753 ille
1358 3697 1647 3761 Dominus,
1675 3697 1770 3768 qui
1810 3695 1864 3752 in
1897 3705 2054 3752 utero
2087 3706 2181 3752 tuo
2209 3696 2365 3752 babi-

788 3789 943 3849 tavit.
970 3804 1004 3842 o
1036 3786 1203 3859 Virgo
1244 3789 1461 3859 puella;
1506 3799 1563 3845 et
1617 3789 1919 3860 requiescit
1949 3791 2004 3844 in
2037 3791 2265 3855 sanctis,
2312 3798 2368 3846 et

787 3876 1055 3947 gloriﬁcat
1076 3892 1171 3932 eos
1204 3878 1298 3947 qui
1335 3877 1514 3945 ipsum
1563 3892 1692 3932 vera
1721 3892 1847 3933 cum
1900 3878 2003 3933 ﬁde
2035 3878 2363 3949 gloriﬁcant.

860 3969 938 4023 Ex
983 3970 1244 4040 virgineis
1313 3970 1673 4039 sanguinibus
1731 3970 1840 4025 tuis
1888 3970 2231 4026 incarnatum
2285 3980 2369 4027 est

794 4060 1029 4117 Verbum
1053 4062 1165 4134 94
1192 4072 1526 4118 coaeternum
1556 4063 1725 4129 Patri,
1768 4072 1828 4118 ut
1853 4065 2239 4119 contritionem
2272 4079 2371 4120 no-

790 4161 961 4207 stram
993 4161 1349 4207 restauraret.
1379 4152 1673 4209 Benedicta
1719 4170 1779 4211 es
1816 4163 1871 4209 tu
1924 4156 1978 4210 in
2018 4156 2367 4222 mulieribus,

790 4256 825 4296 o
857 4242 1085 4296 Domina
1116 4243 1624 4299 intemeratissima.

862 4333 1144 4405 Tanquam
1177 4336 1347 4392 Mater
1384 4336 1660 4394 Creatoris
1689 4339 1957 4405 omnium,
1989 4348 2245 4411 tanquam
2282 4339 2371 4397 di-

790 4428 978 4483 vinum
1005 4431 1267 4501 templum
1306 4430 1731 4501 Omnipotentis,
1774 4443 2035 4503 tanquam
2076 4441 2220 4488 terra
2251 4434 2371 4488 ina-

792 4531 931 4587 rata,
979 4537 1099 4591 quae
1143 4524 1355 4593 spicam
1415 4523 1645 4578 culturae
1688 4533 1964 4593 expertem
2018 4526 2366 4595 germinavit,

2463 3332 2720 3405 ρέσαντα.

2545 3421 2835 3493 ’Υπάρχων
2864 3422 2922 3475 ὲν
2964 3424 3145 3494 μορφῇ
3172 3422 3271 3475 τοῦ
3317 3422 3454 3476 Θεοῦ
3498 3424 3527 3477 6
3570 3422 3845 3495 ὑπέρθεος
3887 3426 4053 3497 ἀσκή-

2464 3527 2635 3564 νωσεν
2697 3513 2754 3564 ιν
2786 3510 2986 3581 γαστρί
3022 3527 3141 3577 σου,
3188 3512 3289 3581 τὴν
3334 3512 3553 3583 μορφήν
3597 3530 3699 3583 μου
3733 3514 3983 3583 φορέσας
4022 3517 4048 3566 6

2465 3598 2693 3669 Κύριος,
2717 3601 3049 3672 πανάμωμε.

2541 3690 2737 3759 Ἄγιος
2781 3692 2809 3743 ὁ
2842 3690 3130 3761 σκηνώσας
3164 3692 3222 3745 ὲν
3268 3691 3455 3763 μήτρᾳ
3499 3708 3595 3744 σου
3651 3690 3865 3762 Κύριος
3904 3692 3936 3745 6
3993 3692 4050 3745 tv

2465 3781 2681 3850 ἁγίοις,
2749 3782 3019 3853 Παρθένε,
3079 3783 3595 3854 ὲπαναπαυόμενος.
3647 3783 3746 3837 καὶ
3804 3783 4051 3850 δοξάζων

2466 3877 2591 3939 τοὺς
2621 3876 2802 3929 πίστει
2833 3875 3027 3945 ἀληθεῖ
3049 3874 3263 3942 τοῦτον,
3300 3877 3457 3947 κόρη,
3482 3877 3835 3941 δοξάζοντας.

2545 3969 2824 4036 Αίμάτων,
2875 3969 3035 4040 κόρη,
3088 3969 3439 4039 Μρθενικῶν
3493 3987 3587 4023 σου
3643 3972 4050 4040 σεσάρκωταιό

2470 4060 2664 4127 Λόγος,
2690 4060 2719 4111 6
2742 4060 2921 4130 Πατρὶ
2946 4060 3280 4131 συνάναρχος
3307 4063 3407 4132 τὴν
3445 4062 3579 4132 ἡμῖν
3612 4064 3911 4134 συπριὸὴν
3953 4068 4054 4118 ὲκ·

2469 4151 2869 4222 ανορθούμενος
2887 4167 2903 4182 ο
2933 4152 3275 4225 εὐλογημένη
3305 4154 3371 4208 σὺ
3401 4156 3460 4207 ὲν
3484 4154 3728 4223 γυναιξὶν
3755 4156 4050 4227 ὑπάρχεις,

2471 4245 2785 4314 πανάμωμε
2826 4244 3113 4298 Δέσποινα.

2554 4337 2641 4400 Ὠς
2669 4338 2867 4408 Μήτηρ
2895 4336 2990 4390 τοῦ
3014 4340 3234 4392 πάντων
3266 4337 3521 4407 Ποιητοῦ,
3548 4338 3624 4406 ῶς
3648 4337 3793 4391 θεῖον
3821 4339 4053 4411 τέμενος

2471 4429 2567 4484 τοῦ
2616 4429 3084 4500 Παντοκράτορος,
3128 4430 3204 4493 ὡς
3234 4429 3306 4501 γῆ
3345 4431 3606 4501 ἀνήροτος
3636 4430 3884 4501 ἀσταχυν
3914 4434 4052 4499 ἀτε-

2474 4521 2725 4593 ώργητον
2774 4521 3147 4593 βλαστήσασα,
3185 4523 3631 4593 Παρθενομῆτορ,
3674 4525 3801 4585 τοὺς
3832 4526 4047 4585 πιστῶς

791 4586 972 4667 salvos
996 4586 1104 4679 lac,
1136 4586 1366 4686 o'Virgo
1394 4613 1586 4679 Mater,
1616 4630 1733 4683 eos,
1758 4586 1853 4687 qui
1875 4586 2095 4672 assidue
2113 4631 2238 4673 cum
2262 4586 2362 4674 ﬁde

2471 4586 2580 4669 ἀει
2612 4586 3055 4687 κραυχάζοντας·
3100 4586 3409 4684 Εὐλογεῖτε,
3433 4586 3623 4671 *πάντα
3643 4615 3714 4669 τὰ
3747 4614 3912 4686 ἔργα,
3958 4617 4051 4669 τὸν

792 4706 1034 4763 clamant
1069 4724 1084 4762 :
1116 4704 1447 4773 Benedicite,
1482 4707 1668 4762 omnia
1698 4713 2010 4778 opera,'etc.

865 4798 981 4853 Lux
1013 4800 1173 4853 nobis
1198 4809 1385 4854 exorta
1413 4806 1518 4865 est,
1539 4815 1574 4854 ο
1610 4801 1812 4869 puella,
1837 4816 1904 4856 ex
1937 4800 2165 4857 lucifero
2208 4811 2365 4858 utero

794 4900 910 4957 tuo,
942 4889 1201 4945 conditor
1231 4892 1385 4955 solis,
1426 4898 1481 4945 et
1509 4892 1810 4957 stellarum,
1834 4900 1890 4947 et
1918 4892 2183 4949 universa:
2210 4909 2367 4948 crea-

794 4995 927 5037 turae
959 5001 972 5034 :
1007 4998 1169 5061 quem
1213 4982 1375 5037 enixe
1405 4998 1631 5052 precare
1665 4993 1725 5037 ut
1755 4998 1873 5048 eos,
1920 4984 2012 5052 qui
2072 4993 2125 5038 te
2156 4984 2366 5037 collau-

792 5075 945 5140 dant,
977 5074 1269 5129 illuminet.

2472 4710 2700 4782 Κύριον.

2539 4802 2662 4865 Φῶς
2685 4803 2819 4874 ἡμῖν
2865 4802 3128 4867 ἀνέτειλε,
3160 4801 3322 4873 κόρη,
3367 4802 3431 4855 ὲκ
3462 4801 3779 4871 φωτοφόρου
3814 4818 3912 4854 σου
3953 4820 4052 4869 νη·-

2468 4892 2614 4957 δύος,
2642 4895 2671 4945 6
2702 4894 3044 4966 Δημιουργδς
3076 4892 3170 4947 τοῦ
3199 4896 3376 4965 ήλῖου,
3404 4895 3628 4947 καὶτῶν
3649 4893 3920 4963 ἀστέρων,
3954 4895 4053 4945 καὶ

2474 4985 2656 5057 πάσης
2697 4986 2952 5052 κτίσεως,
2985 4987 3045 5040 δν
3093 4987 3327 5052 ἐκτενῶς
3381 4986 3592 5040 ἱκέτευε
3634 4987 4049 5055 muniﬁcat

2470 5078 2598 5141 τοὺς
2633 5077 2938 5149 ὑμνοῦντάς
2973 5094 3059 5134 σε.

1371 5193 1455 5247 Ea:
1494 5209 1693 5248 canone
1740 5195 1793 5248 in
1848 5192 1953 5249 SS.
1984 5204 2036 5249 et
2069 5183 2412 5252 admirabiles
2444 5196 2658 5251 Dimum
2687 5208 2738 5251 et
2782 5196 3116 5262 Protiouum,
3152 5198 3236 5251 die
3275 5198 3340 5252 l2
3370 5196 3527 5265 (59‘).

863 5309 1060 5366 Totum
1109 5307 1350 5379 seipsum
1377 5306 1608 5365 Creator
1631 5310 1976 5379 exinaniens,
2004 5312 2363 5382 quemadmo-

867 5466 979 5537 (59)
1018 5468 1097 5538 An
1128 5466 1422 5531 insontem,
1445 5468 1529 5522 vel
1561 5467 1902 5523 innocentem
1935 5466 2208 5538 appellare
2246 5483 2373 5536 pos-

798 5552 988 5595 sumus
1028 5537 1326 5603 hominem,
1353 5538 1445 5605 qui
1466 5539 1717 5608 quamvis
1748 5540 1921 5592 multo
1948 5537 2192 5607 tempore
2224 5548 2371 5593 recte

798 5608 1009 5671 vixerit,
1056 5608 1348 5677 aliquando
1400 5608 1541 5663 inter
1589 5618 1796 5673 sontes,
1825 5618 2082 5663 nocentes
2130 5609 2212 5661 vel
2244 5623 2369 5663 reos

796 5686 1115 5749 numeratus
1152 5676 1272 5731 est?
1311 5678 1615 5749 Quomodo
1647 5693 1776 5749 ergo
1824 5677 1884 5732 Β.
1911 5677 2074 5746 Virgo
2109 5677 2368 5749 innocen-

796 5749 1031 5811 tissirna,
1061 5748 1450 5819 siinnocentim
1486 5748 1766 5818 originalis
1809 5749 2166 5819 praerogativa
2204 5750 2275 5800 illi
2312 5748 2365 5801 in

795 5828 1063 5888 conceptu
1101 5816 1317 5888 deluit?
1382 5816 1593 5888 Favere
1645 5816 1859 5873 videtur
1904 5816 2174 5888 perpetuae
2211 5820 2368 5871 inno-

797 5884 991 5943 centia:
1007 5886 1066 5943 Β.
1101 5884 1335 5957 Virginis
1362 5886 1428 5944 ab
1458 5891 1705 5961 originali
1735 5884 1976 5945 Ecclcsm
2004 5884 2217 5952 Crazca,
2236 5891 2362 5943 dum

2470 5312 2601 5367 dum
2638 5312 2744 5368 sibi
2776 5310 3129 5383 complacuit,
3163 5327 3229 5366 ex
3272 5320 3427 5366 utero
3471 5305 3565 5365 tuo
3595 5310 3869 5381 processit
3909 5312 4051 5365 ami-

2480 5466 2534 5522 in
2565 5466 2956 5537 Exsequiarum
2999 5465 3185 5522 Ollicio
3224 5466 3397 5522 eidem
3466 5465 3525 5522 Β.
3567 5465 3768 5538 Virgini
3804 5472 4049 5524 occinil:

2482 5538 2604 5591 Non
2654 5550 2728 5591 est
2769 5549 2956 5604 ρωποι·
2994 5548 3041 5591 te
3084 5540 3326 5591 innocens
3365 5539 3647 5607 quispiam,
3700 5543 4050 5595 immaculata

2484 5608 2577 5660 Dei
2605 5606 2870 5660 Genitrix.
2902 5608 3009 5662 Nec
3040 5623 3147 5661 non
3183 5608 3240 5661 S.
3268 5606 3575 5662 Bernartius
3604 5624 3769 5663 serm.
3800 5612 3853 5663 iu
3890 5612 4050 5665 Salve

2474 5676 2693 5749 Regina,
2736 5678 2863 5749 dum
2914 5678 3013 5749 liis,
3053 5679 3233 5732 verbis
3387 5676 3657 5748 Virginem
3713 5682 4049 5749 alloquitur:

2480 5747 2733 5801 lnnocens
2764 5748 2915 5817 fuisti
2961 5748 3025 5800 ab
3062 5748 3409 5817 originalibus
3446 5747 3499 5806 et
3538 5747 3862 5817 canalibus,
3899 5768 4051 5808 nemo

2473 5821 2549 5871 ita
2576 5827 2765 5886 pra'ter
2795 5816 2887 5882 Te,
2918 5816 3165 5871 Domina;

2549 5892 2681 5963 (59⁸)
2721 5887 2909 5943 Graeca
2947 5887 3324 5945 desiderantur
3358 5890 3410 5944 in
3442 5890 3599 5945 libris
3626 5892 3943 5962 impressis.
