4166 6458
182 433 319 498 1097

1619 450 1981 512 MARIALE.

3294 460 3433 531 1093

171 554 299 599 ctus
355 560 537 610 carne,
596 562 629 599 ο
694 549 1204 607 immaculatissima
1252 555 1511 625 Domina;
1566 572 1619 615 nt
1656 564 1756 616 im—
1790 595 1831 644 Α
1932 566 1975 621 Ο
2012 568 2171 635 Virgo
2217 576 2386 633 casta,
2425 572 2680 638 nuptialis
2712 573 2935 627 thalami
2966 575 3171 639 nescia,
3199 578 3431 633 assiduis

175 638 531 693 mortalitatis
567 637 768 694 fontem
802 643 1116 699 hominibus
1147 649 1522 717 c0piosissime
1554 654 1753 708 fac-ret

169 742 452 782 emanare.

241 821 557 875 Laudamus
580 831 651 884 tc,
690 824 856 895 Virgo
882 827 1254 897 sanctissima,
1301 834 1560 903 quoniam
1599 836 1748 889 illum

167 911 405 979 genuisti
440 912 532 982 qui
570 913 639 966 ab
687 916 943 971 omnibus
992 923 1260 978 creaturis
1298 924 1519 980 assidue
1548 926 1750 997 gloriti-

167 1012 346 1056 catur.

239 1092 497 1150 Thronus
530 1094 643 1160 Dei,
670 1111 703 1150 ο
731 1100 1043 1167 purissima,
1079 1102 1223 1158 facta
1252 1119 1330 1170 es,
1365 1116 1416 1161 et
1448 1108 1753 1178 praeclaris-

166 1185 371 1237 simum
403 1188 683 1256 palatium,
721 1206 783 1244 ac
813 1192 1064 1258 lectulus,
1104 1196 1156 1249 in
1186 1212 1296 1267 quo
1322 1200 1589 1258 Dominus
1623 1219 1746 1257 om-

167 1277 320 1330 nium
350 1281 648 1336 reclinatus
683 1293 789 1349 est,
822 1296 877 1340 ut
913 1288 1153 1356 primum
1205 1304 1483 1362 parentem
1537 1298 1745 1351 excita.

164 1380 248 1424 ret
281 1388 346 1424 ac
376 1374 657 1431 relevaret.

237 1462 560 1535 Promptum
608 1486 671 1523 ac
732 1484 981 1539 paratum
1043 1478 1351 1542 auxilium,
1418 1496 1609 1536 eorum
1654 1485 1744 1552 qui

162 1557 392 1619 cadunt,
432 1561 786 1627 erectionem,
862 1564 1086 1620 Matrem
1143 1569 1231 1623 Dei
1284 1572 1474 1636 nostri,
1532 1576 1745 1645 hymnis

162 1648 494 1712 perennibus
526 1653 960 1721 magnilieemus.

236 1738 316 1793 Ex
349 1752 506 1795 utero
541 1755 766 1812 paterno
820 1759 943 1801 ante
978 1749 1269 1806 luciferum
1311 1767 1533 1811 exortus
1581 1773 1737 1811 coru-

162 1834 355 1894 scasti.
387 1834 477 1902 qui
527 1847 739 1890 uterum
796 1842 1387 1912 immaculatissimuni,
1427 1863 1484 1902 nt
1537 1866 1738 1918 corpus

162 1940 503 1993 assumeres,
541 1930 829 2002 ingressus
862 1933 1036 1989 fuisti.

174 2065 271 2120 Ἐκ
310 2068 419 2121 τοῦ
452 2070 723 2149 Κανόνᾳς
752 2074 854 2149 ἐις
884 2073 991 2149 τὸν
1028 2076 1199 2149 ἅγιον
1241 2083 1545 2149 Μαρτίνον
1574 2082 1745 2135 πὰπα

666 2143 910 2213 Ῥώμης.
950 2143 1140 2216 ἡμέρᾳ
1164 2150 1253 2217 ιγ’.

241 2252 303 2305 '0
334 2256 476 2309 κατὰ
505 2255 667 2323 φύσιν
699 2258 799 2329 τὴν
848 2259 999 2313 θείαν
1042 2262 1275 2332 ἀόρατος
1309 2267 1497 2337 ώράθη
1547 2271 1743 2341 βρέφος

157 2344 224 2397 ἐκ
286 2345 383 2399 σοῦ
435 2347 725 2419 ἄνθρωπος
767 2354 1094 2423 γενόμενος,
1144 2356 1337 2422 διπλὰς
1391 2363 1467 2425 ὡς
1525 2365 1742 2434 ἀληθῶς

160 2438 411 2508 θελήσεις
442 2443 723 2511 ἐνεργείας
749 2461 808 2497 τε
834 2448 1166 2516 προσφαίνον
1191 2451 1489 2505 ὑποστάσει
1520 2458 1577 2508 ὲν
1602 2459 1699 2526 μιᾷ
1726 2471 1740 2486 ·

157 2524 203 2597 ᾧ
241 2533 536 2602 πρέσϐευε,
568 2538 901 2609 πανάμωμε,
934 2540 1109 2594 πάντα
1144 2543 1289 2613 ἡμᾶς
1317 2544 1584 2610 σώζεσθαι
1617 2551 1742 2612 τοὺς

157 2624 315 2696 πόθῳ
348 2644 406 2679 σε
437 2630 819 2700 γεραίροντας.

231 2720 410 2791 Πατρὶ
466 2722 558 2775 τὸν
614 2725 878 2797 ὁμότιμον
908 2729 1003 2782 καὶ
1053 2730 1341 2801 σύνθρονον
1382 2733 1523 2803 ὑπὲρ
1570 2736 1738 2804 Λόγον

158 2812 479 2883 ἐγέννησας,
505 2817 790 2907 ἐνεργείας
814 2819 908 2872 δύο
938 2824 1174 2893 φέροντα
1205 2826 1299 2877 καὶ
1326 2824 1419 2877 δύο
1445 2828 1539 2891 τὰς
1582 2829 1738 2901 θελή-

160 2918 298 2965 σεις,
328 2906 572 2974 παναγία
609 2910 760 2986 Κόρῃ
773 2953 784 2966 .

240 2997 333 3048 Ἐν
382 2998 476 3050 δύο
542 3001 752 3065 οὐσίαῑξ
808 3004 1137 3077 Θεανδρικῶς
1189 3012 1588 3083 γνωριζόμενοί
1638 3016 1737 3083 τῆς

157 3085 391 3154 Τριάδος
434 3089 525 3140 τὸν
563 3088 659 3143 ἕνα
695 3092 933 3161 ἑκύησας
956 3096 1088 3148 Θεὸν
1116 3100 1252 3168 ὁμοῦ
1290 3105 1389 3157 καί
1429 3102 1734 3173 ἄνθρωπον,

158 3175 416 3244 θελήςεις
447 3178 682 3249 φέροντα
724 3183 1081 3256 καταλλήλως
1108 3188 1217 3241 τῶν
1267 3191 1461 3246 τούτου
1495 3194 1731 3263 φύσεων,

159 3267 411 3337 Περυένε
442 3271 787 3342 πανὰμωμε.

1860 662 2129 731 precibus,
2167 676 2331 716 exora
2366 662 2668 726 Christum,
2713 682 2874 736 quem
2935 667 3168 737 genuisti
3219 678 3276 723 ut
3316 672 3432 726 ani-

1859 753 2052 806 mahus
2089 755 2291 809 nostris
2314 770 2432 810 sese
2460 758 2751 825 pr0pitium
2795 760 3076 830 largiatur.

1927 866 2101 921 Divini
2138 870 2419 939 sanguinis
2446 872 2764 940 aspersione
2787 874 3071 945 redempti,
3103 874 3195 929 Dei
3232 878 3429 942 nostri,

1853 961 1943 1029 qui
1976 962 2084 1033 95
2132 979 2196 1017 ex
2228 975 2380 1019 utero
2410 976 2523 1028 tuo,
2555 983 2586 1020 ο
2620 966 2801 1036 Virgo,
2851 971 2969 1025 sine
3016 972 3226 1027 semine
3271 982 3430 1028 natus

1853 1065 1954 1119 est,
2023 1055 2089 1109 ad
2134 1065 2184 1110 te
2236 1056 2538 1113 clamamus
2586 1076 2709 1113 cum
2739 1060 2990 1118 Gabriele
3049 1066 3361 1120 venerando
3410 1084 3424 1120 :

1854 1150 1985 1209 Ave,
2013 1166 2044 1202 0
2073 1150 2254 1204 divina
2285 1152 2455 1219 gratia
2491 1153 2833 1220 plenissima.

1923 1263 2096 1334 Supra
2129 1265 2358 1321 rationis
2398 1277 2613 1335 captum
2650 1269 2884 1323 Verbum
2906 1273 3205 1341 concepisti
3253 1285 3304 1329 et
3334 1292 3426 1345 pe-

1854 1358 2061 1424 peristi,
2110 1366 2165 1412 et
2213 1356 2378 1427 Virgo
2413 1370 2563 1413 casta
2627 1369 2793 1429 atque
2831 1362 3148 1433 incorrupta
3215 1366 3364 1420 fuisti
3411 1386 3424 1420 :

1853 1448 1971 1502 ideo
2003 1458 2053 1502 te
2092 1464 2191 1518 pro
2225 1448 2410 1503 debito
2441 1450 2679 1505 assiduis
2707 1451 2960 1507 laudibus
2984 1454 3353 1512 celebramus.

1918 1559 2118 1630 Fulgor
2152 1561 2414 1615 radiantis
2473 1561 2612 1617 lucis
2646 1578 2709 1617 ex
2770 1572 2820 1616 te
2867 1569 3198 1630 cornscavit,
3232 1585 3264 1622 ο
3299 1569 3424 1625 Dei-

1848 1665 1997 1718 para,
2051 1660 2214 1720 atque
2255 1652 2540 1706 universas
2592 1668 2679 1708 res
2745 1663 2961 1708 creatas
2988 1654 3175 1709 divino
3226 1657 3425 1715 lumine

1846 1744 2087 1812 replevit,
2116 1756 2277 1814 atque
2298 1746 2592 1815 impietatis
2622 1756 2836 1801 noctem
2862 1748 3162 1805 eliminavit
3188 1769 3201 1805 :
3226 1768 3422 1822 quam-

1846 1836 2030 1889 obrem
2065 1845 2115 1890 te
2144 1837 2365 1891 vocibus
2398 1839 2760 1894 concordibus
2792 1842 3226 1908 magniﬁcamus.

1921 2081 2005 2135 Ea:
2034 2082 2243 2137 Canone
2268 2086 2319 2137 in
2357 2083 2413 2138 S.
2454 2085 2747 2142 Martinam
2778 2087 2893 2146 PP.
2933 2101 2981 2145 et
3024 2091 3124 2159 IL,
3152 2096 3233 2148 die
3266 2097 3349 2150 13.

1916 2261 2027 2326 Ille,
2053 2264 2143 2332 qui
2169 2265 2467 2320 secundum
2495 2268 2731 2323 divinam
2769 2280 3021 2327 naturam
3056 2285 3141 2329 est
3174 2278 3419 2333 invisibi-

1845 2357 1932 2420 lis,
1972 2358 2123 2410 visus
2156 2368 2239 2411 est
2278 2359 2482 2422 iulans,
2527 2377 2593 2415 ex
2631 2373 2682 2417 te
2715 2362 2887 2420 factus
2915 2367 3098 2433 homo,
3128 2369 3337 2425 habens
3367 2374 3417 2424 in

1847 2448 2004 2501 unica
2037 2449 2313 2518 liypostasi
2363 2467 2485 2504 vere
2526 2452 2664 2507 duas
2711 2455 3015 2513 voluntates
3053 2470 3107 2515 et
3147 2465 3422 2530 operatio-

1843 2554 1960 2594 nes.
1998 2538 2152 2595 Hunc
2186 2550 2262 2605 tu,
2301 2556 2332 2596 o
2384 2543 2703 2611 purissima,
2759 2546 3056 2618 deprecare
3106 2568 3203 2621 pro
3247 2557 3421 2610 salute

1842 2631 2085 2684 omnium
2132 2633 2222 2702 qui
2255 2642 2305 2687 te
2339 2650 2463 2688 cum
2498 2634 2689 2690 aﬂectu
2731 2653 3079 2697 venerantur.

1914 2721 2201 2792 .‘Eqnalem
2256 2725 2399 2780 Patri
2449 2727 2502 2781 in
2564 2729 2771 2785 honore
2816 2747 2881 2787 ac
2931 2735 3127 2791 thrbno
3160 2732 3414 2796 ineﬂabili

1842 2815 2004 2869 modo
2042 2819 2335 2886 generasti,
2372 2836 2404 2873 ο
2432 2822 2779 2875 sanctissima
2825 2826 3022 2893 puella,
3052 2828 3189 2882 duas
3220 2833 3415 2887 volun-

1843 2916 1977 2961 tates
2005 2925 2067 2961 ae
2100 2909 2237 2964 duas
2265 2915 2611 2980 operationes
2646 2914 2957 2970 habentem.

1911 2998 1965 3053 In
1996 3002 2207 3056 duabus
2234 3006 2558 3061 substantiis
2605 3007 2786 3063 divina
2812 3022 2865 3064 et
2895 3012 3130 3066 lmmaua
3170 3015 3415 3069 notiﬁea-

1842 3104 1955 3148 tum
1990 3111 2158 3150 unum
2189 3097 2470 3153 Trinitatis
2502 3102 2785 3168 peperisti,
2816 3119 2849 3155 ο
2879 3102 3041 3173 Virgo
3078 3114 3186 3159 tota
3224 3108 3416 3161 imma-

1839 3188 2042 3252 culata,
2102 3188 2270 3243 Deunt
2320 3190 2484 3245 simul
2524 3201 2575 3247 et
2616 3193 2909 3258 hominem,
2952 3197 3238 3250 habentem
3278 3199 3415 3253 duas

1839 3281 2146 3336 voluntates
2168 3282 2324 3353 juxta
2362 3283 2633 3353 duplicem
2672 3286 2843 3354 ipsius
2870 3299 3145 3344 naturam.

239 3360 643 3431 Ἀπειρὸγαμος
683 3364 947 3432 Παρθένε,
982 3370 1013 3438 ἡ
1046 3369 1136 3422 τὸν
1168 3372 1581 3443 ὰπερίγραπτον
1606 3379 1737 3432 θεὸν

1910 3374 1955 3429 Ο
1984 3374 2167 3445 Virgo,
2198 3391 2318 3445 qua:
2355 3377 2474 3431 sine
2503 3378 2643 3431 virili
2680 3382 3011 3433 commercio
3035 3380 3201 3435 Deum
3244 3384 3415 3438 incir-

161 3453 328 3517 σαρκὶ
378 3456 652 3523 κυήσασα,
701 3458 801 3526 τῆς
831 3460 1033 3529 σαρκός
1072 3481 1175 3531 μου
1209 3467 1278 3516 τὰ
1318 3468 1459 3537 πάθη
1498 3470 1739 3523 Θανάτω-

163 3560 251 3595 σον
274 3560 287 3571 ’
332 3544 557 3606 ζὼωσον
581 3546 635 3599 δὲ
662 3548 758 3618 τὴν
781 3548 958 3620 φυχήν
991 3570 1093 3620 μου
1116 3561 1531 3633 νενεκρωμὲνην
1558 3564 1739 3634 πλημ-

160 3637 294 3707 μελὴ
305 3654 491 3706 μασιν.

227 3728 404 3796 Νόμοι
437 3728 651 3798 φύσεως
684 3734 743 3786 ὲν
795 3736 878 3788 σοὶ
908 3737 1300 3795 καταλύονταιι.⁸
1336 3746 1593 3817 ἀρρήτως
1629 3750 1736 3819 γὰρ

159 3817 362 3883 τίκτεις
408 3822 500 3873 τὸν
530 3822 909 3894 Πλαστουργὺν
956 3828 1065 3881 τῶν
1124 3830 1282 3897 ὅλων,
1333 3835 1559 3890 Θεοτόκε
1598 3858 1734 3892 παν-

160 3909 387 3981 ύμνητε,
424 3912 499 3976 ὡς
528 3913 659 3967 Θεόν
685 3933 744 3969 τε
781 3920 874 3969 καὶ
902 3918 1092 3990 βροτὸν
1127 3923 1224 3977 δύο
1267 3924 1515 3999 θελήσεις
1555 3930 1611 3983 δὲ
1642 3949 1731 3983 κε-

160 4005 435 4073 κτημένον
467 4008 560 4057 καὶ
588 4008 891 4078 ἐνεργείας,
914 4014 1367 4086 Μητροπάρθενε.

238 4181 298 4235 Ὀ
325 4181 578 4254 θελήσεσι
606 4185 698 4239 δύο
722 4188 815 4241 καὶ
841 4189 995 4245 δυσὶν
1030 4197 1335 4265 ἐνεργειαις
1373 4199 1436 4249 ἐκ
1463 4199 1577 4265 σοῦ,
1600 4219 1730 4254 παν-

166 4290 382 4344 υμωμε,
414 4275 628 4345 τεχθεὶς
663 4278 1121 4352 ἀνερμηνεύτως,
1167 4290 1291 4350 τοὺς
1317 4288 1457 4341 οὕτω
1489 4307 1732 4361 συμφρο-

156 4367 385 4432 νοῦντας
425 4370 681 4436 διασώζει
724 4376 1135 4444 κραυγάζοντας
1161 4398 1175 4413 σ
1231 4380 1288 4432 '0
1330 4382 1439 4434 τῶν
1478 4385 1733 4458 πατέρων

158 4463 315 4533 ἡμῶν
341 4466 638 4538 εὐλογητὸς
664 4464 733 4533 εἴ,
761 4470 914 4533 Θεός.

238 4556 544 4628 ’Δγιωτέρα
562 4560 671 4612 τῶν
699 4560 811 4614 ἄνω
846 4564 1290 4633 στρατευμάτων,
1320 4569 1411 4621 καὶ
1450 4571 1731 4643 Χερουϐὶμ

1840 3470 2327 3539 rumscriptibilem
2364 3471 2618 3539 peperisti
2672 3474 2723 3524 in
2757 3485 2943 3536 carne,
2982 3475 3248 3529 mortiﬁca
3292 3492 3416 3546 pas-

1841 3560 2023 3615 siones
2055 3562 2239 3615 carnis
2282 3578 2433 3625 meae,
2488 3574 2540 3616 et
2576 3564 2815 3617 animam
2867 3580 3040 3618 meam
3090 3568 3410 3623 delictorum

1840 3662 2013 3706 morte
2048 3663 2379 3721 peremptam
2417 3663 2579 3722 atque
2611 3655 2937 3710 exstinctam
2980 3657 3212 3711 vivilica.

1911 3743 2127 3797 Natura:
2152 3744 2297 3813 leges
2318 3744 2370 3797 in
2408 3753 2457 3799 te
2480 3746 2875 3809 dissolvuntur,
2904 3746 3409 3802 inell‘ahilitcrenim

1836 3838 2150 3892 Creatorem
2204 3838 2447 3891 omnium
2478 3840 2642 3908 paris.
2678 3856 2711 3891 o
2750 3840 2972 3909 Deipara
3006 3842 3258 3897 omnibus
3293 3843 3411 3897 lan-

1836 3930 1996 3983 dihus
2026 3930 2371 3993 celebranda,
2406 3930 2573 3985 Mater
2619 3941 2671 3984 et
2700 3930 2897 4002 Virgo:
2930 3942 3185 4003 tanquam
3243 3934 3408 3990 Deum

1835 4032 1890 4074 et
1922 4023 2221 4086 hominem,
2254 4025 2392 4076 duas
2439 4024 2747 4079 voluntates
2783 4025 3032 4096 duasque
3061 4030 3409 4097 operatione:

1838 4114 2147 4165 habentem.

1906 4206 2015 4276 96
2043 4205 2145 4270 Qui
2195 4223 2317 4259 cum
2353 4207 2553 4274 duplici
2596 4209 2896 4272 voluntate,
2935 4226 2998 4263 ac
3032 4212 3234 4279 duplici
3281 4228 3407 4280 ope-

1836 4301 2045 4351 ratione
2073 4316 2135 4351 ex
2174 4310 2224 4351 te
2270 4299 2618 4352 incllabiliter
2664 4310 2825 4353 natus
2863 4311 2966 4363 εει,
2999 4316 3030 4355 ο
3088 4302 3401 4370 purissima,

1833 4406 1950 4455 eos,
1980 4390 2071 4457 qui
2116 4390 2216 4443 hoc
2258 4390 2398 4443 idem
2435 4392 2699 4455 sentiunt,
2733 4394 2910 4445 salvat
2938 4394 3275 4447 clamantes:
3309 4393 3404 4447 Be-

1834 4481 2084 4534 nedictus
2115 4479 2255 4535 Deus
2282 4490 2522 4549 patrum.

1907 4570 2162 4625 Sanctior
2204 4572 2461 4641 supernis
2513 4570 2863 4637 exercitibus,
2894 4581 2944 4626 et
2980 4572 3271 4627 Cherubim
3309 4590 3404 4625 sn-

158 4646 457 4718 ὖπερτέρα,
502 4651 695 4721 Μῆτερ
735 4653 893 4719 Θεοῦ,
934 4657 1347 4728 ὲχρημάτισαςο
1392 4658 1473 4713 διὸ
1520 4661 1726 4735 βλάϐης

1842 4663 2051 4717 hlimior
2082 4662 2221 4716 facta
2248 4678 2327 4727 es,
2364 4679 2396 4715 ο
2438 4662 2527 4717 Dei
2555 4664 2763 4717 Mater:
2802 4674 3087 4733 propterea
3127 4668 3402 4733 passioni-

158 4738 346 4790 παΘῶν
383 4757 453 4808 με
480 4741 786 4814 ὑπέρτερον
818 4746 1066 4815 ποίησον.

221 4831 435 4894 Φωναῖς
465 4832 722 4902 Πατέρων
752 4837 1087 4906 πειθόμενοι,
1115 4840 1205 4893 δύο
1226 4843 1284 4895 ὲν
1305 4843 1533 4910 οὐσίαις,
1564 4846 1725 4917 ἁγνὴ,

156 4924 246 4973 καὶ
276 4923 529 4994 θελήσεσι
557 4926 647 4978 τὸν
676 4928 770 4981 ἕνα.
793 4932 891 5000 τῆς
931 4932 1156 5001 Τριάδος
1191 4936 1254 4987 ὲκ
1280 4936 1373 4989 σοῦ
1411 4937 1728 5009 τικτόμενον

157 5017 361 5081 πιστῶς
415 5019 805 5093 ὁμολογοῦμεν,
869 5025 963 5077 καὶ
1032 5026 1111 5091 σὲ,
1158 5027 1432 5098 Παρθένε,
1489 5032 1728 5103 μεγαλύ-

157 5125 337 5167 νοιιεν.

1838 4758 1939 4809 bus
1967 4757 2145 4810 noxiis
2183 4772 2268 4810 me
2296 4758 2630 4825 superiorem
2656 4757 2826 4812 eﬂice.

1908 4848 2131 4902 Patrum
2167 4846 2395 4901 vocibus
2442 4847 2780 4912 obedientes,
2819 4849 2871 4901 in
2904 4848 3115 4901 duabus
3141 4848 3399 4902 substan-

1839 4942 1927 4996 tiis
1958 4955 2021 4993 ac
2060 4939 2432 4993 voluntatibus
2458 4955 2626 4993 unum
2655 4939 2937 4993 Trinitatis
2970 4956 3034 4993 ex
3063 4949 3135 5004 te,
3160 4955 3192 4992 ο
3226 4947 3397 5001 casta.

1837 5042 2045 5095 natum,
2087 5030 2315 5084 lideliter
2345 5030 2693 5093 confitemur,
2711 5038 2765 5084 et
2797 5038 2869 5093 te,
2899 5045 2932 5083 o
2968 5028 3155 5101 Virgo,
3195 5028 3405 5098 magni-

1834 5126 2080 5178 ticamus.

293 5224 383 5278 Ex
439 5226 651 5283 Conone
682 5230 737 5284 in
777 5228 881 5286 SS.
919 5232 1284 5288 Aristarchum
1338 5235 1547 5290 Pudatn
1581 5248 1627 5291 et
1673 5237 2016 5308 Trapliimum
2057 5255 2120 5293 ex
2158 5240 2431 5304 discipulis
2457 5240 2810 5308 septuaginta,
2844 5238 2928 5291 die
2980 5238 3043 5292 Η
3080 5236 3259 5309 (59").

223 5343 293 5399 Ut
334 5361 431 5400 eos
478 5349 569 5417 qui
604 5348 896 5405 inferiores
956 5362 1113 5407 erant
1165 5371 1309 5410 nunc
1348 5359 1726 5426 superioribus

159 5440 515 5509 conjungeret
559 5440 700 5497 Deus
726 5445 795 5496 ob
838 5462 1122 5500 excessum
1179 5451 1565 5503 misericordia:
1593 5468 1725 5515 sum,

160 5545 376 5585 carnem
412 5535 652 5603 suscepit
686 5552 753 5588 ex
805 5547 874 5600 te,
931 5555 963 5589 o
1018 5540 1298 5605 inviolata,
1339 5552 1392 5593 et
1429 5546 1729 5609 permansit

163 5621 228 5682 id.
258 5625 401 5691 quod
433 5636 566 5685 erat.
601 5627 764 5679 etiam
800 5640 922 5697 post
957 5629 1404 5686 incarnationem.

223 5716 388 5771 Lacte
426 5718 603 5773 nutris
631 5721 950 5775 nutritorcm
990 5724 1172 5779 mundi
1218 5725 1481 5790 universi,
1540 5739 1725 5783 natum

229 5880 382 5952 (59")
422 5879 608 5934 Grzeca
644 5880 856 5936 desunt.

477 5976 747 6037 Ρειτηυι..
789 5982 902 6039 Gn.
952 5977 1097 6038 CV-

1833 5360 1949 5413 sine
1983 5362 2193 5415 sentiae
2240 5376 2305 5414 ex
2350 5360 2635 5430 impolluto
2685 5370 2839 5412 utero
2886 5368 2997 5421 tuo,
3029 5359 3120 5427 qui
3153 5356 3400 5413 homines

1833 5451 2186 5519 corruptione
2221 5452 2427 5520 peccati
2462 5451 2731 5505 eontritos
2764 5451 3054 5518 reparavit.

1902 5544 2038 5597 Cum
2080 5544 2174 5606 sis,
2206 5561 2238 5597 o
2278 5545 2555 5606 inviolata,
2586 5544 2759 5598 virtus
2796 5559 2935 5607 mea,
2986 5552 3040 5596 et
3088 5540 3401 5611 przesidium

1835 5652 2038 5699 meum,
2082 5653 2379 5707 murusque
2429 5636 2881 5706 inexpugnabilis,
2933 5643 2985 5687 et
3036 5632 3177 5702 apud
3232 5632 3400 5686 Deum

1833 5730 2063 5797 oratrix,
2095 5731 2162 5785 ab
2194 5730 2415 5785 aeternis
2450 5731 2711 5801 gehennae
2748 5726 2978 5782 “animis
3012 5725 3185 5781 libera
3217 5740 3321 5779 me.

2972 5971 3051 6031 35
