4166 6458
730 392 866 455 1099

1858 387 1919 444 Β.
1962 383 2269 444 ,ιοςΕιιιιι
2315 383 2869 446 IIYMNOGRAPHI

3849 376 3990 441 “00

797 504 961 558 Sacer
990 502 1119 555 olim
1161 500 1329 555 Isaias
1370 500 1744 554 sacratis-sume
1793 515 1821 553 a
1873 500 2059 553 divino
2096 497 2299 567 Spiritu
2329 505 2377 562 Α
2404 514 2554 564 suos,
2590 509 2849 569 tanquam
2875 498 2984 569 97
3006 498 3193 579 divina
3231 495 3445 569 fulgura
3473 512 3568 567 per
3594 495 3858 551 mundum
3887 497 3991 547 mi-

720 595 1061 648 illuminatns
1090 593 1342 648 clamavit
1368 613 1379 646 :
1409 590 1545 647 Ecce
1578 590 1738 662 Virgo
1766 591 2106 645 incarnatum
2126 589 2298 645 Deum

720 688 773 741 in
804 696 960 741 tttero
990 686 1228 748 habebit,
1269 692 1494 755 propter
1546 683 2156 753 incomprehensibilem
2194 683 2300 737 mi-

718 777 1075 833 sericordiam
1109 777 1305 846 ipsius.

789 911 1112 981 Peregrinus
1145 920 1247 975 est,
1281 926 1314 967 ο
1344 912 1545 982 puella,
1579 920 1883 982 conceptus
1924 921 2088 976 tuus;
2139 924 2296 980 pere-

720 1006 909 1072 grinus
949 1004 1176 1059 horrore
1209 1005 1509 1059 venerabili
1550 1004 1745 1075 plenus
1796 1014 1984 1075 partus
2020 1012 2167 1065 tuus,
2202 1001 2295 1071 qui

720 1100 1009 1153 universos
1039 1113 1069 1151 a
1113 1099 1221 1153 Deo
1266 1100 1583 1168 peregrinos
1615 1096 1814 1163 factos,
1847 1098 2023 1153 eidem
2049 1095 2297 1151 reconci-

722 1196 836 1262 liat,
875 1210 939 1251 ac
971 1196 1257 1266 pristinam
1288 1195 1756 1265 pulchritudinem
1793 1193 2121 1262 impcrtitur.

789 1328 832 1381 0
865 1330 1039 1393 hcata,
1074 1344 1136 1381 ac
1186 1330 1518 1394 veneranda,
1556 1330 1732 1399 magni
1782 1327 1999 1382 consilii
2032 1327 2297 1398 Angelum

720 1438 783 1475 cx
818 1422 1025 1492 Spiritu
1058 1435 1251 1477 sancto
1274 1424 1599 1493 corporasti,
1632 1422 1724 1493 qui
1757 1422 1969 1476 divinos
2004 1421 2303 1491 discipulos

790 1562 874 1616 Ea:
907 1562 1119 1617 Conone
1143 1564 1195 1617 in
1228 1562 1283 1617 S.
1317 1561 1644 1617 Crescentem
1679 1572 1989 1633 martyrem,
2020 1562 2103 1616 die
2140 1562 2222 1616 15.

788 1742 1111 1795 lm-arnatus
1140 1748 1223 1795 est
1255 1750 1476 1811 propter
1518 1754 1802 1794 excessum
1840 1736 2195 1807 benignitatis
2233 1751 2296 1789 ex

721 1844 774 1887 te
805 1836 1070 1887 Dominus
1096 1877 1108 1900 ,
1140 1844 1193 1888 et
1227 1844 1447 1903 propter
1479 1848 1575 1885 nos
1602 1831 1797 1885 similis
1823 1830 1980 1883 nobis
2013 1829 2299 1897 apparuit,

721 1928 814 1997 qui
849 1939 1041 1981 natura
1083 1936 1198 1979 erat
1235 1924 1654 1987 inaccessibilis,
1686 1936 1848 1992 quem
1881 1920 2041 1973 enixe
2077 1934 2304 1989 prccare

721 2036 821 2091 pro
859 2020 1038 2083 nohis,
1068 2032 1101 2071 ο
1131 2018 1293 2088 Virgo
1325 2016 1643 2086 purissima.

796 2114 963 2175 Illam,
996 2126 1118 2179 quae
1145 2112 1257 2163 sola
1293 2110 1435 2161 inter
1460 2108 1713 2162 mulieres
1740 2108 1900 2161 modo
1930 2104 2303 2172 inexplicabili

725 2205 891 2257 Duuni
934 2202 1180 2271 peperit,
1233 2200 1475 2255 universi
1522 2199 1806 2253 Dominam
1853 2198 2026 2253 sacris
2081 2196 2305 2251 vocibus

725 2298 1081 2349 Ilﬂllﬂl't'llllls.

797 2389 1023 2441 Domina
1051 2388 1139 2440 illa
1158 2385 1488 2445 castissima,
1512 2398 1633 2452 quae
1659 2390 2034 2437 creaturarum
2058 2384 2305 2434 omnium

724 2482 1071 2533 Conditorem
1109 2476 1598 2547 snpernaturaliter
1635 2476 1795 2528 enixa
1844 2483 1947 2536 est,
1998 2472 2067 2526 ob
2104 2473 2307 2527 bencli-

723 2574 868 2625 cimn
904 2569 1106 2640 proprii
1140 2567 1445 2639 plasmatis,
1482 2564 1752 2635 condigne
1785 2563 2145 2617 beatilicatur.

798 2662 1119 2717 Laudamus
1144 2670 1217 2723 te,
1259 2674 1291 2713 o
1327 2656 1555 2726 Deipara
1589 2655 1739 2711 omni
1773 2654 1931 2709 laude
1961 2654 2304 2723 dignissima,

724 2770 821 2825 per
874 2767 1039 2822 quam
1075 2768 1105 2805 a
1155 2751 1508 2819 corruptione
1553 2746 1768 2801 liberati
1816 2760 2040 2810 sumus,
2078 2754 2131 2799 et
2162 2744 2227 2800 ad
2260 2754 2309 2798 te

721 2850 1025 2902 clamamus
1055 2863 1067 2897 :
1099 2842 1230 2907 Ave,
1264 2850 1566 2909 martyrum
1606 2837 1920 2892 exsultatio.

800 2937 1085 3005 Tanquam
1140 2934 1488 3005 igniformem
1534 2930 1790 2984 thronum
1828 2928 2042 2983 Domini
2092 2927 2309 2982 univer-

724 3043 909 3081 surum
940 3025 1227 3084 laudamus
1253 3032 1323 3084 te,
1359 3036 1391 3076 ο
1417 3019 1602 3075 Puella
1634 3020 1928 3083 inviolata“,
1964 3029 2016 3073 et
2048 3028 2306 3088 tanquam

718 3119 1025 3189 jucuudum
1056 3117 1335 3186 palatium.
1368 3124 1420 3169 et
1446 3113 1859 3175 candelabrum.
1898 3122 1951 3168 et
1985 3113 2307 3176 thalamum,

722 3222 774 3266 ct
800 3227 1042 3265 mensam
1078 3207 1170 3261 Dei
1209 3205 1565 3276 reccptricem
1595 3206 1957 3260 celebramus.

797 3303 1053 3357 Sanctior
1084 3300 1377 3355 Cherubim
1429 3296 1573 3353 facta
1602 3314 1683 3363 es,
1714 3313 1747 3350 o
1777 3298 2304 3363 immaculatissima,

724 3394 904 3449 Verbo
945 3394 1262 3463 concipiens
1316 3391 1549 3447 Verbum
1598 3388 1799 3455 Patris,
1850 3390 1994 3460 quod
2026 3391 2308 3445 laudantes

724 3490 1028 3541 clamamus
1067 3504 1078 3539 :
1108 3485 1392 3539 Benedicta
1422 3499 1481 3538 es
1516 3485 1655 3538 inter
1686 3483 1979 3551 mulieres,
2012 3498 2044 3537 0
2078 3482 2307 3537 Domina

726 3582 1231 3635 iutemcratissima.

796 3674 910 3743 98
959 3674 1001 3725 υ
1059 3670 1417 3725 miraculum!
1474 3669 1763 3737 Quomodo
1821 3669 1987 3723 Deum
2052 3668 2307 3739 peperisti

728 3767 1006 3821 hominem
1043 3764 1268 3825 factum,
1304 3781 1337 3818 ο
1371 3762 1479 3818 Dco
1518 3764 1883 3819 charissima?
1916 3763 2193 3833 quomodo
2224 3763 2308 3815 in-

726 3860 1013 3911 comhusla
1060 3857 1447 3924 perseverasti,
1495 3872 1620 3911 cum
1676 3856 1855 3924 ignem
1913 3853 2307 3909 intolerabilem

726 3948 1144 4003 continuisscs?
1178 3946 1363 4001 Merito
1388 3956 1440 4001 te
1465 3949 1633 4017 gratis
1660 3948 1881 4002 vocibus
1915 3946 2310 4017 gloriﬁcamus,

725 4057 777 4095 ct
806 4044 1109 4095 clamamus
1146 4059 1159 4094 :
1192 4040 1385 4095 Omnia
1424 4057 1609 4105 onera,
1641 4051 1745 4095 ete.

797 4131 913 4186 Lux
950 4133 1107 4187 nobis
1146 4142 1336 4185 exorta
1384 4142 1488 4195 est,
1519 4147 1552 4185 o
1583 4132 1790 4197 Puella,
1821 4147 1886 4185 ex
1919 4142 2073 4184 utero
2100 4140 2194 4183 tuo
2226 4129 2311 4182 lu~

730 4224 919 4289 cilcro,
953 4224 1218 4278 Conditor
1276 4225 1406 4278 solis
1454 4235 1507 4279 et
1538 4225 1678 4278 luna:
1725 4224 1977 4277 Christus
2014 4222 2309 4284 Dominus,

729 4334 891 4385 quem
942 4319 1185 4387 impense
1242 4332 1483 4385 precare,
1544 4326 1603 4371 ut
1662 4316 1876 4370 animas
1906 4326 2124 4370 nostras
2177 4314 2313 4368 lucis

730 4425 843 4464 suae
870 4409 1079 4479 fulgore
1116 4408 1431 4479 perlundat.

2411 592 2502 652 sit,
2546 600 2604 645 ut
2636 590 2823 644 ﬁdeles
2853 589 3208 645 illuminaret.

2483 683 2786 737 Ilumanam
2842 691 3094 736 naturam
3145 681 3526 737 contristatam
3591 690 3761 736 totam
3825 694 3993 734 reno-

2407 775 2568 839 vasti,
2612 790 2645 829 o
2688 773 2873 844 Virgo,
2925 788 3069 829 novo
3103 784 3263 845 partu
3311 784 3439 840 tuo,
3474 783 3683 830 natura:
3715 773 3930 843 legibus
3960 788 3991 826 a

2408 875 2460 921 te
2499 882 2666 936 supra
2719 876 2968 921 naturain
3021 866 3320 933 innovatis,
3376 882 3410 922 ο
3465 867 3635 937 gratia
3687 867 3846 936 plena
3908 866 3989 918 vi-

2409 959 2582 1012 ventis
2608 957 2695 1010 Dei
2732 958 2921 1013 Mater.

2478 1052 2669 1106 Libera
2695 1068 2778 1105 me
2809 1068 2837 1105 a
2858 1051 3072 1107 ﬂamma
3104 1052 3385 1121 gehennae,
3411 1058 3465 1105 tu
3496 1064 3618 1121 qua:
3645 1064 3820 1104 lucem
3848 1057 3993 1103 into-

2408 1145 2611 1199 lcrabil.
2638 1162 2682 1197 ιιι
2716 1160 2883 1213 supra
2908 1145 3106 1199 mentis
3131 1152 3455 1212 conceptum
3485 1143 3765 1215 peperisti,
3792 1150 3845 1195 et
3868 1142 3993 1193 ani-

2409 1254 2554 1292 mam
2580 1253 2753 1291 meam
2786 1236 3025 1291 accende
3050 1236 3330 1293 desiderio
3354 1243 3409 1289 et
3438 1221 3632 1291 affectu
3660 1234 3993 1305 cognitionis

2411 1330 2557 1383 illius
2586 1331 2678 1400 qui
2718 1332 2891 1398 ignem
2934 1328 3082 1383 venit
3128 1328 3347 1383 mittere
3382 1328 3437 1382 in
3473 1338 3710 1395 terram,
3740 1343 3774 1383 ο
3812 1326 3994 1400 puella

2413 1422 2693 1487 inviolata,
2727 1424 2914 1478 divina
2944 1421 3118 1494 gratia
3146 1421 3607 1478 cumulatissima.

2420 1563 2520 1617 Ἐκ
2565 1563 2670 1617 τοῦ
2701 1563 2969 1627 Κανόνος
3005 1564 3093 1627 εις
3150 1560 3257 1614 τὸν
3307 1560 3482 1630 ἅγιον
3529 1559 3801 1630 μάρτιφα
3848 1558 3998 1628 Κρέ-

2894 1650 3142 1701 curta,
3179 1631 3369 1701 ἡμέρᾳ
3404 1629 3481 1683 ιε’.

2476 1747 2786 1818 Σαρκοῦται
2832 1748 3105 1819 ὑπερϐολῇ
3155 1747 3527 1819 χρηστότητος
3587 1746 3652 1799 ὲκ
3688 1746 3782 1799 σοῦ
3817 1748 3846 1799 δ
3875 1745 3999 1799 Κύ-

2336 1880 2377 1934 B
2410 1858 2543 1910 ριος,
2597 1841 2692 1893 καὶ
2741 1841 2809 1893 δι’
2858 1842 3006 1910 ἡμᾶς
3055 1842 3248 1911 ὁρᾶται
3303 1839 3426 1893 καθ’
3470 1839 3619 1909 ἡμᾶς
3650 1839 3679 1890 δ
3726 1840 3793 1908 τῇ
3832 1837 3999 1905 φύσει

2406 1934 2721 2001 ἀπρόσιτος,
2753 1931 2812 1985 ὃν
2861 1931 3095 1995 ἐκτενῶς
3152 1932 3363 1983 ἱκέτευε
3424 1930 3566 2002 ὑπὲρ
3612 1929 3792 2000 ἡμῶν,
3850 1929 3999 1997 ἁγνὴ

2409 2025 2647 2095 πανάμω
2654 2042 2719 2094 με
2730 2067 2741 2077 .

2478 2116 2589 2184 Τὴν
2636 2117 2805 2185 μόνην
2845 2115 2901 2166 ὲν
2946 2114 3195 2182 γυναιξὶν
3252 2111 3673 2183 ἁνερμηνεύτως
3726 2112 3820 2164 τὶν
3860 2111 4000 2163 Θεὸν

2406 2204 2661 2271 τέξασαν,
2691 2205 2791 2275 τὴν
2820 2203 2916 2257 τοῦ
2964 2203 3166 2267 παντὸς
3200 2203 3504 2258 Δέσποιναν
3560 2199 3889 2271 ἱερολογιαις
3916 2216 4000 2253 τι·

2412 2299 2484 2366 μή
2496 2312 2695 2365 σωμεν.

2492 2388 2556 2440 'H
2589 2389 2679 2441 τὸν
2718 2386 2961 2456 κτίστην
3015 2386 3273 2440 ἁπάντων
3319 2386 3427 2440 τῶν
3471 2386 3793 2455 ποιημάτων
3823 2385 4000 2452 ὑπερ-

2410 2479 2559 2549 φυῶς
2590 2482 2863 2549 κυήσασα,
2914 2480 3001 2531 ἐπ’
3032 2478 3322 2550 εὐεργεσίᾳ
3353 2478 3446 2533 τοῦ
3480 2478 3612 2531 ἰδίου
3648 2478 3993 2547 πλάσματος,

2408 2574 2441 2641 ἡ
2482 2572 2757 2638 παναγνος
2781 2571 3049 2625 Δέσποινα
3080 2570 3432 2642 ἀξιοπρεπῶς
3464 2571 3854 2642 μακαρίζεται.

2495 2660 2810 2732 ’Υμνοῦμέν
2832 2679 2913 2724 σε,
2952 2662 3019 2714 δι’
3071 2656 3140 2733 ἦς
3195 2665 3293 2733 τῆς
3342 2662 3546 2735 φθορᾶς
3580 2661 3999 2732 ἐλυτρώθημεν,

2412 2755 2733 2823 πανύμνητε
2762 2752 3019 2819 Θεοτόκε,
3051 2753 3146 2806 καὶ
3172 2752 3384 2824 βοῶμέν
3419 2770 3519 2806 σοι’
3554 2754 3748 2825 Χαῖρε,
3779 2754 4002 2826 μαρτύ-

2413 2864 2523 2917 ρων
2556 2845 2787 2913 ἀγαλλία
2795 2863 2891 2915 μα.

2493 2940 2579 3000 Ὠς
2631 2938 2822 3009 θρόνον
2870 2938 2965 2993 τοῦ
3002 2938 3276 2992 Δεσπότου
3317 2938 3425 2991 τῶν
3469 2938 3605 2992 ὅλων
3648 2937 4003 3008 πυρεμορφον

2412 3030 2815 3100 ὑμνολογοῦμέν
2853 3048 2934 3096 σε,
2977 3031 3154 3101 Κόρη,
3188 3031 3281 3083 καὶ
3311 3030 3542 3102 τερπνὸν
3580 3031 3867 3093 παλατιον,
3905 3031 4007 3083 καὶ

2411 3124 2651 3194 λυχνίαν,
2692 3124 2784 3179 καὶ
2815 3124 3083 3190 παστάδα,
3107 3126 3200 3179 καὶ
3231 3123 3534 3188 θεόδεκτον,
3566 3124 3830 3193 ἄχραντε,
3866 3122 4002 3191 τρά-

2331 3220 2373 3276 C
2412 3216 2601 3281 πεζαν.

2491 3308 2793 3378 ’Δγιωτέρα
2859 3326 2967 3363 των
3024 3310 3307 3380 Χερουϐὶμ
3368 3308 3580 3379 ὤφθης,
3650 3298 4000 3378 πανὰμωμε,

2413 3402 2571 3471 Λόγῳ
2604 3401 2942 3456 συλλαϐοῦσα
2965 3402 3137 3470 Λόγον
3168 3402 3259 3455 τὸν
3289 3403 3385 3455 τοῦ
3421 3401 3654 3472 Πατρδς,
3682 3401 3741 3453 δν
3763 3400 4003 3469 ὑμνοῦν-

2412 3512 2500 3558 τες
2527 3494 2914 3566 ἀνακράζομεν
2935 3510 2948 3524 ⁸
2983 3496 3334 3567 Εὐλογημένη
3358 3496 3420 3548 σὺ
3452 3496 3511 3547 ὲν
3535 3493 3785 3562 γυναιξὶν
3818 3493 4002 3563 ὑπάρο

2411 3604 2545 3657 χεις,
2583 3588 2893 3657 πανάμωμε
2922 3587 3211 3641 Δέσποινα.

2484 3672 2554 3727 Ὦ
2603 3675 2823 3745 θαῦμαι
2863 3676 2978 3739 πῶς
3027 3677 3253 3738 τέτοκας
3288 3675 3420 3729 Θεὸν
3461 3675 3652 3747 βροτὸν
3677 3676 3998 3744 γενόμενον,

2414 3764 2811 3835 θεοχαρξτωτε;
2868 3765 2983 3827 πῶς
3022 3766 3434 3833 ἀκατάφλεκτος
3483 3766 3728 3834 ἔμεινας,
3791 3763 3907 3835 πῦρ
3941 3765 4003 3819 τὸ

2413 3857 2677 3908 ἄστεκτον
2732 3855 3061 3925 χωρήσασας
3119 3855 3510 3926 Χαριστηρίοις
3538 3873 3597 3908 σε
3637 3858 3843 3924 φωναῖς
3875 3856 4003 3909 ὅθεν

2412 3945 2727 4017 δοξάζομεν,
2761 3947 2853 3998 καὶ
2882 3945 3094 4017 βοῶμεν
3118 3962 3131 3978 ο
3161 3947 3344 4000 Πάντα
3373 3949 3441 4000 τὰ
3472 3948 3630 4017 Εργα,
3658 3965 3714 4000 κ.
3752 3964 3804 4001 τ.
3837 3946 3891 4000 λ.

2484 4127 2603 4192 Φῶς
2634 4129 2766 4197 ἡμῖν
2797 4126 3059 4192 ἀνέτειλε,
3105 4127 3289 4197 Κόρη,
3326 4127 3389 4179 ὲκ
3420 4128 3736 4198 φωτοφὸρου
3767 4144 3863 4180 σου
3902 4145 4002 4197 νη-

2415 4220 2538 4283 δύος
2584 4222 2612 4273 ὁ
2657 4219 2996 4291 Δημιουργὸς
3030 4217 3123 4273 τοῦ
3166 4216 3317 4289 ἡλίου
3349 4219 3571 4287 καὶτῆς
3604 4220 3835 4290 σελήνης
3865 4221 4002 4291 Χρι-

2418 4314 2541 4375 στὸς
2568 4314 2595 4366 ὁ
2647 4313 2851 4384 Κύριος
2876 4327 2889 4341 ·
2933 4313 2991 4365 ὃν
3028 4313 3260 4388 ἐκτενῶς
3303 4313 3534 4378 ἱκέτευε,
3585 4316 4003 4385 φωταγωγῆσαι

2415 4406 2513 4469 τὰς
2537 4405 2712 4475 ψυχὰς
2739 4406 2916 4476 ἡμῶν.

730 4542 815 4597 Ex
860 4542 1076 4598 Conone
1112 4545 1165 4597 in
1385 4542 1632 4595 mulieres
1683 4542 1933 4610 Agupem,
1982 4538 2212 4606 lrenem,
2262 4550 2306 4593 et

2430 4539 2531 4593 Ἐκ
2566 4539 2669 4593 τοῦ
2705 4541 2973 4615 Κιινόγος
3000 4540 3087 4604 εἰς
3120 4540 3236 4615 τὰς
3261 4539 3436 4615 άτζας
3484 4539 3773 4615 γυναῖκας
3838 4542 4005 4613 Ἀγά·

1253 4612 1551 4677 Chiouiam,
1579 4614 1663 4666 die
1699 4616 1785 4666 16.

799 4724 957 4779 Paris
999 4722 1373 4787 ineﬂ‘abiliter,
1414 4738 1449 4777 ο
1484 4722 1737 4787 Domina,
1772 4722 1923 4776 illum
1958 4737 2121 4791 quem
2152 4721 2313 4777 Pater

728 4818 853 4873 sine
902 4817 1112 4871 semine
1165 4816 1465 4887 generavit,
1515 4824 1570 4873 et
1602 4816 1866 4871 uberibus
1905 4816 2085 4871 nutris
2136 4816 2311 4881 illum,

728 4910 821 4979 qui
852 4909 1023 4963 nutrit
1058 4909 1333 4963 universa.

801 4999 1014 5069 llunupe
1060 5004 1406 5068 peccatorum
1456 5014 1705 5054 meorum
1747 4998 1972 5055 crudele
2023 4998 2311 5070 chirogra-

728 5094 917 5161 phum,
945 5108 977 5145 ο
1008 5092 1262 5157 Domina,
1300 5108 1423 5161 qua:
1453 5092 1810 5147 immaculato
1834 5100 1991 5162 partu
2028 5101 2124 5147 tuo
2172 5091 2313 5146 inlc-

729 5199 913 5238 rorum
946 5184 1161 5239 vincula
1193 5184 1516 5240 dissolvisti.

800 5274 1088 5329 Dominum
1150 5278 1529 5331 universarum
1585 5287 1990 5341 creaturarum,
2055 5274 2308 5339 Domina,

729 5367 1073 5420 incarnatum
1104 5369 1358 5437 peperisti
1397 5388 1409 5423 :
1445 5384 1607 5437 quem
1657 5369 1973 5437 deprecare,
2003 5383 2036 5422 o
2076 5370 2313 5423 sanctis-

730 5459 892 5520 sima,
933 5469 989 5512 ut
1014 5461 1083 5513 ab
1123 5460 1281 5515 hoste
1310 5461 1630 5515 dominante
1660 5460 1853 5516 liberet
1884 5478 2007 5516 nos.

799 5549 1077 5606 lntercedc
1105 5568 1203 5622 pro
1228 5569 1333 5618 me,
1364 5569 1396 5607 o
1422 5553 1628 5618 Puella,
1662 5564 1719 5607 ut
1747 5555 2000 5608 adveniat
2032 5552 2162 5607 mihi
2192 5554 2313 5607 linis

731 5641 943 5707 bonus;
980 5655 1036 5698 ut
1087 5647 1307 5701 timeam
1361 5648 1637 5702 cruciatus
1684 5663 1963 5718 nunquam
2013 5647 2313 5713 ﬁniendos,

731 5737 825 5805 qui
861 5748 1079 5791 manent
1112 5755 1216 5806 tne,
1250 5750 1304 5794 et
1336 5740 1523 5795 salvus
1551 5740 1705 5807 liam._

799 5827 1038 5887 Tunica;
1078 5835 1269 5890 mortis
1327 5835 1580 5905 pelliccas
1614 5834 1879 5904 ahjicicns
1926 5834 2097 5890 Adam
2150 5850 2179 5889 a
2230 5848 2309 5899 se,

2575 4626 2718 4678 πην,
2745 4610 3010 4680 Εἰρήνην
3053 4610 3152 4663 καὶ
3188 4612 3457 4674 Χιονίαν,
3495 4612 3683 4679 me”
3738 4619 3838 4676 ις’.

2487 4722 2703 4787 Τίκτεις
2740 4725 3160 4796 ἀνερμηνεύτως
3199 4725 3260 4779 δν
3312 4726 3499 4795 Πατὴρ
3538 4725 3863 4797 ἀρρώστως
3895 4730 4001 4780 ἀπ-

2422 4815 2705 4886 εγέννησε,
2740 4817 2836 4870 καὶ
2894 4818 3086 4887 μαζοῖς
3132 4816 3446 4888 διατρέφεις
3478 4817 3570 4870 τὸν
3602 4816 3672 4870 τὰ
3706 4817 4008 4889 σύμπαντα

2420 4910 2707 4977 τρέφοντα,
2739 4907 3024 4964 Δέσποινα.

2505 5001 2692 5070 Ῥἧξον
2727 5001 2835 5055 τῶν
2870 5003 3227 5073 πταισμάτων
3257 5020 3357 5073 μου
3393 5001 3565 5056 δεινὸν
3607 5002 4005 5073 χειρόγραφον,

2418 5092 2706 5157 Δέσποινα,
2759 5094 2792 5165 η
2822 5095 2888 5147 τὰ
2923 5094 3100 5165 δεσμὰ
3142 5094 3352 5149 λύσασα
3394 5095 3485 5149 τοῦ
3521 5094 3647 5166 ᾅδου
3678 5098 3743 5166 τῇ
3775 5098 4007 5167 ἀσπόρῳ

2418 5189 2606 5254 κυήσει
2644 5202 2759 5241 σου.

2490 5278 2922 5347 Σωματούμενον
2957 5278 3161 5352 Κύριον
3194 5279 3401 5344 ἔτεκες,
3432 5281 3632 5351 κυρία,
3678 5282 3864 5352 πάσης
3905 5285 4007 5352 τῆς

2416 5370 2679 5437 κτίσεως,
2710 5371 2768 5424 δν
2812 5374 3022 5426 ἱκέτευε
3056 5374 3322 5445 ρύσθῆναι
3354 5375 3572 5446 ἐχθροῦ,
3604 5378 3875 5443 παναγία,
3910 5396 4004 5430 xu-

2421 5462 2714 5531 ριεύοντος.

2491 5554 2656 5618 Τέλος
2678 5572 2768 5625 μοι
2793 5556 3029 5626 χρηστὸν
3060 5558 3477 5627 προσγενέσθαι,
3507 5560 3683 5629 Κόρη,
3703 5560 4003 5632 τρέσσευε,

2417 5647 2565 5710 ὅπως
2595 5646 2745 5715 φοὸῶ
2782 5649 2880 5712 τας
2910 5649 3175 5719 μενούσας
3203 5668 3271 5722 με
3301 5650 3691 5723 ἁτελιυτήτους
3729 5656 4005 5726 τιμωρίας

2418 5741 2511 5794 καὶ
2542 5740 2897 5811 σωθήσωμαι.

2494 5832 2833 5905 Νεκρώσεως
2859 5834 3219 5907 δερματίνους
3250 5838 3485 5910 χιτῶνας
3512 5840 3541 5892 ὁ
3580 5838 3753 5911 Ἀδὰμ
3792 5839 4003 5896 ἀποδα-
