4166 6458
186 487 314 555 1101

1628 468 1681 525 Μ
1691 466 1986 526 ARIALE.

3283 449 3414 511 110:2

181 608 309 668 λὼν,
346 602 416 671 τῇ
450 594 724 667 σαρκώσει
753 608 851 645 του
900 607 994 644 σου
1044 585 1188 652 ficii,
1229 581 1459 637 Θεοτόκε
1494 579 1756 651 Παρθένε,
1792 597 1815 650 Α

1916 596 1958 633 2r
1991 575 2420 630 incarnationem
2469 567 2561 621 lilii
2595 569 2695 631 tui,
2731 582 2763 623 ο
2794 569 2959 635 Virgo
3008 564 3258 633 Deipara,
3291 566 3426 620 stola

188 657 697 761 καταστόλὴνθείας
722 682 879 753 δόξης
910 680 1203 742 ἐνδέδυται,
1230 674 1466 738 δοξάζων
1507 689 1563 724 σε
1597 686 1755 739 περι-

1916 672 2045 724 οισίξιε
2094 672 2284 723 divina:
2321 668 2546 722 indutus
2576 674 2682 729 est,
2719 663 3033 733 glorilicans
3076 668 3127 712 te
3174 672 3297 711 cum
3340 657 3431 709 lae-

184 786 367 860 χαρῶς
400 786 475 849 ὡς
504 779 734 851 Μητέρα
761 774 897 829 Θεοῦ
927 770 1357 842 παναμώμητον.

257 968 575 1036 Νέκρωσον,
626 960 881 1031 ἄχραντε,
932 951 1032 1024 τὴν
1070 950 1274 1015 ζῶσαν,
1327 948 1424 1001 καὶ
1462 945 1760 1014 νεκροῦσαν

183 1064 287 1132 τὴν
307 1058 489 1128 ψυχήν
524 1071 624 1125 μου
656 1048 953 1123 ἁμαρτίαν,
980 1044 1078 1098 κα1⁵
1111 1042 1258 1112 ζωῆς
1287 1042 1573 1112 μετασχεῖν
1599 1036 1764 1132 dilui-

189 1129 283 1206 σόν
316 1167 385 1221 με
411 1147 583 1210 θείας,
608 1147 644 1217 ἡ
662 1145 762 1213 τὴν
787 1139 966 1213 χαρὰν
1003 1137 1282 1208 κυήσασα,
1323 1135 1416 1187 καὶ
1446 1129 1766 1201 νεκρώσασα

187 1246 283 1297 τὸν
315 1243 458 1311 ὅφιν.

264 1330 520 1403 Σύμϐολα
581 1326 824 1397 φέρουσα
881 1325 1050 1379 πάλαι
1109 1320 1203 1376 τοῦ
1257 1317 1354 1372 σοῦ
1404 1316 1587 1378 τόκου,
1644 1314 1770 1375 τοὺς

190 1424 413 1488 νεανίας
456 1424 518 1477 οὐ
570 1420 802 1491 φλέγει,⁶
838 1416 1282 1489 Παρθεωμῆτορ,
1331 1412 1364 1481 ἡ
1411 1410 1661 1479 κάμινος,
1696 1407 1772 1468 ὡς

192 1520 319 1573 οὐδὲ
348 1518 446 1587 τὴν
486 1514 653 1586 νηδύν
676 1529 768 1566 σου
794 1512 857 1565 τὸ
887 1510 999 1579 πῦρ
1022 1508 1120 1575 τῆς
1146 1506 1416 1575 θεότητος.

267 1671 541 1740 saepe;
573 1668 839 1740 Παρθένε,
872 1667 972 1735 τὴν
1001 1662 1401 1733 κεκακωμένην
1430 1662 1498 1730 τῇ
1535 1654 1779 1727 ἁμαρτίᾳ

198 1763 385 1833 ψυχήν
427 1778 527 1830 μου
576 1757 868 1825 ἁγὰθυνον,
902 1756 935 1825 ἡ
973 1754 1065 1806 τὸν
1095 1750 1409 1819 πανάγαθον
1443 1749 1615 1816 Λόγον
1646 1747 1781 1800 ἁπο-

198 1858 479 1923 κυήσασα.

215 2034 321 2088 Ἐκ
355 2030 461 2084 τοῦ
495 2030 763 2093 Κανόνος
794 2027 883 2090 εις
914 2025 1054 2090 τοὺς
1082 2023 1292 2095 ἁγίους
1318 2026 1628 2095 μάρτυρας
1659 2019 1785 2095 ﬁu-

274 2100 475 2172 μεῶνα
516 2103 623 2172 τόν
683 2088 755 2151 ἑνί
792 2088 1042 2166 Περσίδι
1085 2088 1184 2148 καὶ
1240 2088 1382 2156 τοὺς
1423 2088 1545 2144 σὺν
1603 2088 1783 2152 αὐτῷ,

278 2168 472 2242 Mm
509 2168 595 2234 ιζ’.

278 2307 470 2377 (δέρεις
500 2303 679 2375 χερσὶ,
727 2301 992 2373 Παρθένε,
1032 2299 1127 2352 τὸν
1179 2298 1358 2352 πάντα
1398 2294 1655 2364 φέροντα,
1694 2292 1790 2346 καὶ

212 2401 471 2472 θηλάζεις
495 2399 571 2456 ὡς
616 2395 813 2467 βρέφος
836 2396 928 2447 τὸν
957 2392 1193 2464 χορηγὸν
1220 2388 1314 2443 τοῦ
1362 2388 1663 2455 γάλακτοςο
1692 2385 1791 2438 αὑ·-

210 2494 307 2545 τὸν
338 2489 433 2543 οὖν
481 2490 689 2540 ἱκέτευε
722 2484 812 2538 τὸν
863 2484 990 2536 λαόν
1042 2499 1136 2534 σου
1186 2479 1403 2534 ἅπαντα
1454 2473 1794 2543 οἰκτειρῆσαι

214 2583 423 2644 πιστῶς
451 2579 728 2650 ὑμνοῦντά
762 2595 842 2630 σε.

292 2676 551 2746 Κατάρας
577 2670 905 2742 προγονικῆς
931 2668 1081 2739 ἡμᾶς
1108 2664 1493 2736 ἠλευθέρωσας
1523 2661 1797 2728 εὐλογίαις

219 2770 432 2831 πάντας
462 2766 552 2819 τὸν
569 2760 986 2832 στεφανώσαντα
1014 2760 1187 2825 Λόγον
1215 2754 1625 2827 σωματώσασα,
1657 2751 1797 2822 ἁγνὴ

221 2864 309 2914 ἀεὶ
340 2857 702 2927 εὐλογημένη,
734 2853 844 2907 τῶν
878 2852 1193 2922 ἁθλοφόρων
1221 2846 1673 2917 ἐγκαλλώπισμα,
1706 2844 1800 2896 καὶ

225 2947 655 3019 ἁμαρτανόντων
680 2942 966 3010 ἐξίλασμα.

304 3127 403 3177 Ἐκ
447 3122 540 3176 σοῦ
587 3119 936 3189 δικαιοσύνης
978 3116 1219 3181 ὁἭλιος
1255 3115 1609 3181 ἐξανατείλας
1663 3114 1805 3182 ὑπὲρ

226 3215 353 3271 νοῦν
379 3214 478 3283 τὴν
504 3211 827 3279 οἰκουμένην
857 3208 1113 3277 ἐφώτισε,
1135 3206 1496 3278 θεοχαριτωτε
1519 3205 1693 3276 Κόρη,
1713 3205 1805 3256 καὶ

229 3309 443 3376 πλάνης
472 3306 563 3357 τὸν
592 3302 835 3373 χειμῶνα
860 3300 1127 3354 διέλυσεν.

304 3396 538 3467 Εῦροιμί
588 3412 669 3458 σε,
705 3394 994 3459 Δέσποινα,
1050 3392 1443 3462 ἐξαιρουμένην
1487 3408 1553 3461 με
1598 3391 1656 3442 ἐν
1688 3390 1808 3460 ὥρᾳ

230 3492 394 3561 δίκης
440 3490 537 3557 τῆς
581 3486 899 3555 καταδίκης,
944 3486 973 3537 ό
1019 3484 1226 3549 πιστῶς
1255 3483 1493 3550 δοξάζων
1535 3483 1627 3535 τὸν
1656 3483 1814 3535 τόκον

238 3599 335 3634 σου
362 3580 453 3631 τὸν
479 3580 547 3648 ἁρ
555 3579 738 3646 ρητον.

321 3676 419 3728 Ἐκ
454 3673 547 3727 σοῦ
578 3671 931 3735 ἁνατέταλκε,
966 3670 1231 3740 παναγία,
1262 3672 1291 3727 ό
1322 3673 1690 3741 Δημιουργδς,
1724 3671 1819 3723 καὶ

236 3768 429 3823 ἀκτῖσι
484 3764 636 3827 θείας
688 3762 1037 3832 ἐπιγνώσεως
1069 3762 1197 3827 τοὺς
1227 3762 1287 3817 ἐν
1330 3761 1487 3816 νυκτὶ
1513 3761 1609 3831 τῆς
1640 3762 1819 3828 ἀγνω-

242 3858 365 3919 σίας
392 3855 671 3925 ἐφώτισεν.

320 3952 525 4011 Ἰασαι,
568 3946 899 4017 πανὰμωμε,
941 3947 1087 4019 πάθη
1134 3948 1233 4017 τῆς
1280 3947 1505 4019 καρδίας
1559 3966 1681 4019 μου,
1730 3949 1823 4002 κό-

246 4057 423 4094 πασον
468 4039 558 4091 τὸν
604 4040 842 4110 τάραχον
871 4040 965 4091 τὸν
1015 4039 1142 4093 νοῦν
1181 4057 1280 4108 μου
1331 4040 1691 4110 χειμάζοντα,
1727 4042 1824 4095 καὶ

248 4134 425 4188 σῶσόν
466 4150 533 4204 με
563 4132 774 4203 βοῶντα
794 4149 806 4161 ·
843 4132 903 4185 '0
932 4130 1085 4196 Θιδς,
1114 4132 1403 4202 εὐλογητὸς
1437 4127 1505 4185 ei.

327 4311 446 4365 'Iva.
493 4310 587 4362 τὸν
638 4308 833 4362 σεπτόν
879 4324 972 4361 σου
1024 4306 1357 4379 προσηλώσῃ
1421 4307 1600 4375 τόκον,
1667 4309 1828 4380 βάτος

250 4402 673 4468 ἀκατὰφλεκτος
700 4398 913 4470 ώράοη,
958 4398 1202 4466 πάναγνε
1224 4415 1238 4429 ·
1273 4399 1385 4471 πῦρ
1417 4401 1475 4453 ἐν
1501 4401 1827 4473 σπλάγχνοις

249 4500 315 4552 τὸ
349 4498 492 4551 θεῖον
512 4495 805 4567 δεξαμένη,
852 4493 987 4557 ὅλως
1036 4493 1139 4547 οὐκ
1186 4494 1485 4565 ἐφλέχθης·
1519 4496 1600 4549 διό
1642 4512 1700 4550 σε
1735 4498 1829 4551 ἀν-

254 4605 559 4662 υμνουμεν.

322 4775 675 4837 Φανωτὰταις
719 4772 980 4842 λάμψεσι,
1043 4770 1506 4841 παναγίαΜῆτερ
1545 4769 1639 4823 τοῦ
1671 4771 1830 4837 Θεοῦ,

253 4866 607 4937 καταύγασόν
641 4882 743 4936 μου
799 4864 890 4917 τὸν
940 4862 1063 4918 νοῦν
1113 4863 1293 4917 σκότει
1328 4863 1552 4933 χαλεπῷ
1598 4864 1825 4932 ἀγνοίας

331 5097 450 5167 (60)
485 5094 915 5167 Illustrissimum
940 5105 1073 5167 sane
1100 5096 1278 5167 atque
1288 5086 1730 5167 efficacissimum
1752 5098 1837 5167 est

257 5159 642 5234 argumentum
698 5164 838 5218 istud
884 5178 949 5216 ex
1000 5159 1301 5214 admirabili
1340 5159 1605 5228 dignitate
1644 5160 1836 5215 Matris

261 5239 351 5282 n.-i
423 5235 820 5282 imnmnitatem
877 5233 940 5282 Β.
983 5231 1219 5282 Vireinis
1275 5229 1342 5282 ab
1399 5229 1649 5282 originali
1719 5229 1836 5282 labe

1739 5232 1839 5283 abe

260 5308 489 5368 inferre,
515 5307 569 5359 in
599 5320 774 5374 eoque
800 5303 1075 5356 exsultant
1108 5300 1292 5354 Patres
1333 5308 1444 5374 tam
1475 5297 1648 5353 Graeci
1670 5314 1837 5374 quam

260 5379 467 5433 Latini.
512 5376 613 5441 Qui
671 5369 814 5429 enim
872 5381 1076 5426 attente
1113 5369 1456 5441 perpenderit
1507 5379 1709 5438 quanta
1770 5370 1842 5424 sit

261 5449 503 5514 dignitas
540 5440 753 5499 ’Matris
809 5444 924 5508 Dei,
958 5443 1118 5511 plane
1177 5440 1477 5514 comperiet
1522 5442 1662 5492 hanc
1712 5455 1842 5509 gra-

266 5509 397 5573 tiam
475 5531 570 5570 seu
628 5509 974 5583 privilegium
1025 5509 1463 5580 prteservationis
1530 5522 1560 5561 a
1619 5518 1842 5577 peccato

264 5587 520 5654 originali
590 5600 710 5638 esse
794 5584 1034 5654 maxime
1074 5589 1555 5654 _consentaneum.
1612 5587 1696 5654 et_
1740 5594 1840 5654 suo

267 5646 423 5727 quasi
452 5657 577 5724 jure
606 5655 845 5727 debitum
884 5649 1189 5727 MatriDei.
1218 5650 1336 5727 Non
1368 5650 1495 5718 quia
1528 5664 1635 5727 non
1673 5646 1841 5727 fuerit

260 5229 353 5292 Dt-i
423 5235 820 5290 immunitatem
877 5233 940 5286 Β.
983 5231 1219 5297 Virginis
1275 5229 1342 5284 ab
1399 5229 1649 5293 originali

265 5719 534 5799 gratia'et
574 5725 954 5799 privilegium,_
977 5723 1069 5774 sed
1088 5721 1238 5799 _quia_
1265 5720 1319 5772 itt
1364 5730 1472 5799 tam
1506 5719 1837 5799 profundunt

271 5789 588 5868 ﬁratiaruui'
617 5789 984 5868 marc'debuit
1027 5794 1192 5868 etiam
1225 5790 1328 5842 hoc
1378 5789 1577 5868 ﬂumen
1612 5789 1837 5868 intrare.

275 5859 560 5937 Eleganter
669 5864 1048 5937 Doriaventura
1080 5861 1133 5913 in
1155 5860 1472 5937 _opusc..de
1496 5859 1740 5937 laudibus

274 5928 466 5994 Μαὶίὲιιι
516 5953 637 6006 cap.
673 5935 725 6002 7,
759 5934 976 5998 Omnia,
1016 5932 1215 6001 inquit,
1246 5928 1469 5985 ﬂumina
1526 5928 1733 5985 intrant
1787 5930 1839 5984 in

1813 1950 1859 2007 Β

1861 762 2001 821 titia,
2045 769 2302 828 tanquam
2366 759 2461 812 Dei
2493 754 2721 809 Matrem
2755 754 2822 807 ab
2867 753 3013 807 omni
3066 750 3188 804 labe
3235 748 3434 802 immu-

1864 868 1987 906 nem
2014 851 2147 921 (60).

1936 945 2211 1005 luterime,
2239 958 2272 996 0
2298 940 2574 1004 inviolata,
2607 944 2889 1009 peccatum
2922 937 3131 998 vivens,
3163 932 3311 1003 quod
3350 930 3435 985 in—

1869 1034 2070 1089 tet-imit
2102 1033 2344 1087 animant
2388 1046 2595 1094 meam;
2622 1038 2676 1083 et
2714 1028 2800 1081 fac
2834 1040 2919 1078 me
2956 1024 3179 1093 dignum
3215 1020 3440 1091 partici-

1873 1128 2089 1198 patione
2123 1126 2245 1180 \‘ilﬂ‘.
2279 1124 2496 1185 divinzr,
2544 1134 2599 1177 tu
2636 1137 2758 1193 qua:
2793 1115 3050 1188 gaudium
3082 1114 3363 1187 peperisti,
3393 1124 3443 1168 ct

1872 1228 2175 1287 serpentem
2218 1215 2563 1271 interemisti.
3388 1206 3391 1211 ’

1942 1310 2156 1365 Fornax
2183 1310 2273 1364 illa
2303 1307 2526 1378 antiqua
2559 1321 2751 1374 gerens
2781 1302 3026 1376 symhula
3057 1309 3246 1369 partus
3279 1298 3380 1363 tui,
3416 1311 3448 1349 ο

1875 1401 2040 1473 Virgo
2071 1403 2183 1474 99
2213 1401 2415 1464 Mater,
2460 1413 2658 1468 pueros
2719 1414 2825 1451 non
2876 1394 3205 1457 combussit;
3255 1405 3453 1461 quem-

1878 1496 2170 1551 admodum
2199 1510 2377 1565 neque
2407 1492 2548 1564 ignis
2574 1489 2876 1546 divinitatis
2906 1487 3207 1542 combussit
3236 1495 3449 1538 uterum

1882 1599 2053 1644 tuum.

1948 1680 1992 1735 0
2029 1679 2190 1749 Virgo
2218 1680 2486 1734 bonorum
2509 1674 2762 1735 amatrix,
2788 1673 3027 1727 animam
3058 1683 3233 1724 meam
3262 1681 3293 1721 a
3325 1681 3449 1736 pec-

1880 1773 2018 1827 catis
2050 1772 2397 1840 depravatam
2450 1768 2648 1820 bonam
2697 1763 2881 1826 redde,
2924 1762 3123 1831 quippe
3152 1773 3274 1829 qua:
3327 1756 3456 1810 Ver-

1885 1864 2011 1917 bum
2042 1862 2310 1927 optimum
2341 1856 2624 1927 peperisti.

1890 2039 1972 2093 Ea:
2012 2038 2224 2094 Canone
2258 2038 2309 2090 iu
2342 2035 2398 2090 S.
2432 2033 2739 2156 Spumant?
2776 2028 3013 2155 lignum,
3042 2038 3090 2081 et
3121 2029 3287 2082 socios
3320 2038 3464 2075 mar-

2480 2118 2640 2156 tures.
2713 2119 2758 2156 te

2480 2118 2640 2175 tyres,
2672 2118 2758 2157 ate

1964 2302 2095 2357 Fers
2130 2303 2383 2357 manibus
2414 2303 2540 2365 tuis,
2580 2317 2612 2356 ο
2649 2300 2830 2370 Virgo,
2890 2298 3152 2352 ferentem
3191 2299 3467 2359 universa.

1892 2404 1949 2451 et
1973 2396 2113 2449 lacte
2161 2394 2339 2448 nutris
2371 2403 2432 2446 ut
2464 2392 2749 2455 infantem,
2783 2389 2941 2444 lactis
2979 2389 3246 2441 datorem.
3289 2387 3469 2456 Ipsum

1895 2502 2027 2558 ergo
2070 2488 2364 2556 deprecare
2401 2494 2460 2538 ut
2488 2485 2814 2538 misereatur
2863 2480 3048 2551 populi
3082 2480 3159 2534 tui
3203 2479 3471 2543 universi,

1897 2580 1991 2649 qui
2022 2589 2072 2633 te
2099 2578 2327 2634 ﬁdeliter
2353 2577 2652 2632 collaudat.

1971 2672 2014 2724 A
2064 2670 2366 2740 primorum
2422 2678 2708 2739 parentum
2763 2666 3145 2720 maledictione
3193 2680 3290 2718 nos
3344 2664 3477 2717 libe-

1902 2763 2071 2827 rasti,
2120 2777 2153 2815 o
2207 2770 2382 2825 casta,
2433 2776 2665 2830 corpore
2720 2761 2958 2814 vestiens
3018 2756 3276 2816 Verbum,
3334 2754 3481 2825 quod

1900 2870 2091 2910 omnes
2120 2855 2593 2909 benedictionibus
2627 2852 2931 2914 coronavit,
2989 2866 3023 2904 o
3060 2863 3278 2918 semper
3319 2848 3485 2903 bene-

1904 2949 2066 3011 dicta,
2110 2956 2409 3017 martyrum
2453 2945 2907 3016 triumphantium
2945 2944 3133 3008 decus,
3162 2952 3214 2998 et
3256 2955 3488 3013 peccan-

1910 3041 2043 3093 tium
2071 3040 2406 3108 propitiatio.

1980 3131 2053 3183 Ex
2086 3141 2155 3194 te,
2192 3147 2223 3185 0
2256 3129 2436 3184 Puella
2474 3128 2585 3183 Deo
2601 3130 2946 3194 charissima,
2974 3126 3197 3197 iustitiae
3228 3126 3321 3181 Sul
3353 3124 3490 3180 inef-

1911 3224 2060 3278 fabili
2090 3224 2303 3278 ratione
2349 3232 2610 3287 exortus,
2638 3223 2953 3276 universum
2997 3229 3266 3274 terrarum
3300 3220 3488 3272 orbem

1835 3323 1877 3376 (ζ
1914 3315 2260 3376 illuminavit,
2287 3322 2342 3367 et
2367 3312 2570 3367 erroris
2602 3319 2975 3381 tempestatem
3007 3309 3309 3377 dissipavit.

1985 3405 2261 3459 lnrenium
2315 3414 2389 3463 te,
2441 3419 2474 3457 ο
2522 3403 2761 3473 Regina,
2826 3402 3192 3455 liberatricem
3251 3414 3423 3453 meam
3458 3413 3488 3453 a

1918 3495 2270 3550 damnatione
2302 3494 2355 3547 in
2385 3494 2473 3547 die
2502 3493 2726 3560 iudicii;
2749 3492 2949 3562 quippe
2971 3506 3072 3561 ego
3099 3499 3311 3560 partum
3338 3501 3488 3542 tuum

1920 3586 2247 3641 ineffabilem
2285 3584 2517 3638 ﬁdeliter
2548 3582 2813 3652 glorifico.

1993 3677 2068 3731 Ex
2104 3688 2155 3734 te
2187 3686 2413 3733 exortus
2448 3684 2553 3741 cst,
2586 3691 2618 3730 ο
2647 3674 3017 3739 sanctissima,
3046 3672 3293 3736 Creator,
3325 3680 3381 3727 et
3409 3672 3493 3726 di-

1923 3771 2065 3826 vinae
2096 3771 2337 3826 scientize
2384 3769 2576 3834 radiis,
2617 3783 2712 3822 eos
2741 3766 2832 3838 qui
2885 3767 2939 3820 in
2980 3774 3139 3820 nocte
3172 3764 3495 3833 ignorantia:

1925 3863 2307 3927 versabantur,
2343 3860 2695 3916 illuminavit.

1998 3953 2260 4008 Medicam
2289 3968 2510 4006 manum
2538 3951 2756 4015 adhibe,
2799 3965 2832 4004 ο
2871 3963 3085 4005 summe
3114 3948 3339 4011 illibata,
3377 3964 3472 4019 pas

1928 4047 2176 4101 sionibus
2205 4048 2388 4100 cordis
2416 4046 2519 4099 mei
2545 4061 2558 4110 ;
2585 4059 2873 4113 compesce
2900 4042 3315 4097 tumultuantem
3352 4056 3502 4094 men-

1931 4138 1998 4192 tis
2032 4154 2165 4191 mea:
2196 4147 2596 4206 tempestatem,
2633 4148 2687 4191 et
2718 4136 2927 4191 salvum
2960 4150 3045 4189 me
3076 4134 3161 4188 fac
3194 4132 3500 4188 vociferan-

1929 4234 2038 4279 tem
2074 4224 2442 4280 :Benedictus
2471 4241 2551 4291 es,
2589 4225 2751 4290 Deus,
2792 4234 2898 4282 etc.

2000 4317 2074 4373 Ut
2145 4330 2361 4387 partum
2407 4330 2556 4373 tuum
2614 4318 2987 4372 venerantium
3048 4316 3406 4386 significaret,
3469 4330 3504 4369 ο

1930 4409 2261 4473 castissima,
2314 4410 2482 4464 rubus
2510 4409 2891 4464 incombustus
2936 4409 3188 4479 apparuit
3223 4426 3236 4462 :
3274 4418 3328 4462 tu
3357 4409 3504 4462 enim

1932 4503 2176 4558 divinum
2227 4504 2402 4572 ignem
2462 4503 2516 4557 in
2568 4502 2872 4557 visceribus
2929 4501 3256 4571 SllSt:ipienS,
3306 4501 3505 4553 nullam

1935 4611 2159 4664 prorsus
2192 4611 2350 4665 passa
2393 4610 2453 4649 es
2481 4594 2955 4659 combustionem;
2989 4605 3275 4664 propterea
3307 4601 3359 4647 te
3386 4592 3507 4646 lau-

1864 4688 1912 4745 D
1938 4686 2099 4741 dibus
2127 4686 2485 4741 celebramus.

2017 4776 2174 4845 100
2209 4774 2585 4830 Lucidissimis
2611 4775 2995 4845 splendoribns
3029 4776 3136 4828 tuis
3182 4775 3448 4839 illtuniua,
3476 4790 3512 4826 υ

1935 4866 2274 4921 sanctissima
2304 4866 2397 4921 Dei
2434 4866 2625 4930 Mater,
2661 4876 2898 4923 mentem
2942 4881 3145 4931 meam,
3171 4867 3511 4937 gravissimis

1944 5111 2114 5157 mare,
2148 5105 2201 5149 et
2230 5108 2380 5149 mare
2419 5107 2527 5146 non
2555 5092 2840 5155 redundat,
2872 5092 2999 5158 quia
3050 5091 3234 5146 omnia
3286 5091 3513 5147 ﬂumina

1944 5166 2241 5236 gratiarum
2284 5166 2491 5219 intrant
2530 5164 2583 5218 in
2624 5162 2871 5226 Mariam,
2910 5171 2963 5215 et
3015 5161 3334 5231 dignitatem
3392 5163 3515 5219 eius

1946 5251 2052 5289 twn
2083 5235 2372 5290 excedunt.

2017 5305 2211 5360 Omnia
2262 5305 2322 5359 Β.
2376 5302 2613 5373 Virginis
2671 5300 2951 5371 privilegia
3002 5300 3173 5356 voluit
3233 5299 3509 5373 Scriptura

1947 5376 2449 5444 comprehendere,
2473 5371 2600 5427 dum
2637 5373 2818 5444 solum
2830 5373 3245 5444 gmaternitatem
3273 5371 3512 5444 Deiex-—

1950 5440 2122 5517 ponit.
2155 5447 2309 5502 Unde
2341 5447 2398 5499 S.
2432 5443 2672 5517 Ihomas
2704 5443 2771 5517 de
2804 5442 3105 5517 Villanova,
3137 5442 3358 5511 speciali
3390 5440 3512 5517 Spit

1951 5511 2091 5572 ritus
2123 5517 2295 5572 sancti
2324 5514 2681 5585 providentia,
2714 5511 3144 5585 i‘nquit,rfactum
3191 5527 3332 5571 esse,
3369 5514 3513 5585 qugd

1945 5589 2288 5657 evangelista:
2324 5582 2473 5657 'niliil
2508 5584 2655 5657 aliud
2707 5582 2778 5657 de.
2802 5582 2969 5657 Maria
3022 5584 3287 5657 dicerent,
3318 5595 3385 5657 ne
3415 5582 3518 5657 ali-

1945 5672 2056 5726 quo
2089 5651 2387 5726 privilegio
2437 5653 2684 5726 caruisse
2715 5652 3025 5726 videretur.
3061 5651 3154 5726 Sic
3181 5652 3325 5708 enim
3357 5652 3521 5707 habet

1945 5722 2119 5781 eone:
2152 5728 2187 5782 2
2236 5722 2548 5780 ὁδ’Νλιὶνὶι.
2581 5722 2819 5791 Virginis
2864 5742 2877 5777 :
2923 5742 2941 5775 ι
2980 5723 3145 5779 Vobis
3174 5733 3348 5779 totum
3378 5733 3518 5788 erat,

1944 5814 2073 5868 pars
2103 5799 2385 5853 scribenda
2422 5809 2530 5868 non
2553 5793 2691 5868 _fuit_,
2722 5808 2788 5847 ne
2820 5806 3058 5868 putares.
3084 5795 3229 5862 quod
3253 5796 3518 5868 scriptum

1947 5863 2056 5925 non
2146 5870 2373 5932 fuerat,
2437 5866 2487 5921 ei
2548 5864 2778 5919 forsitan
2838 5864 3093 5919 defuisse.
3154 5882 3173 5915 ι
3257 5866 3348 5919 Sic
3404 5863 3517 5921 ille.
