4166 6458
750 416 885 481 1ιο3

1881 428 1937 485 ς.
1986 426 2298 487 JOSEPIH
2347 433 2905 497 llYMNOGIlAPlH

3877 441 4018 504 1104

741 528 1059 596 ignorantiae
1079 530 1316 582 tenebris
1340 542 1660 601 occupatam
1685 543 1769 598 ;ut
1788 535 2025 587 divinam
2053 550 2314 591 asseentn:

2445 547 2848 615 κρατούμενον,
2893 551 3039 613 ὅπως
3093 550 3269 621 τυχὼν
3306 551 3450 603 θείου
3493 550 3774 621 (protento?)
3817 552 3881 605 tit
3920 569 4017 621 με·

742 619 1184 683 illustrationem,
1238 624 1507 690 magnalia
1551 632 1641 679 tua
1696 628 2040 690 annuutietn,
2083 644 2116 682 0
2166 629 2328 701 Virgo

742 723 1028 781 perpetua.

2436 637 2630 701 γαλείἁ
2661 656 2753 691 σου
2786 642 3164 710 καταγγέλλω,
3212 644 3587 714 Ἀειπάρθενε.

1378 834 1461 890 Ea:
1508 837 1723 891 Conone
1784 840 1835 891 in
1885 838 1942 895 S.
2006 840 2257 895 Acacium
2308 847 2607 918 episcopum
2685 854 2961 922 Melitime,
2999 857 3083 910 die
3121 857 3375 927 17(60').

812 949 913 1013 Τιι,
942 965 1061 1017 qum
1090 964 1291 1005 arcano
1316 961 1479 1021 atque
1510 953 1769 1009 inell‘ahili
1803 957 1962 1011 modo
1991 958 2098 1010 Deo
2129 973 2327 1027 corpus

740 1041 961 1103 dedisti,
1015 1052 1065 1096 et
1107 1060 1204 1096 nus
1239 1046 1483 1113 repulsos
1530 1056 1695 1116 atque
1748 1049 1981 1117 rejet-tns
2020 1050 2194 1102 eidem
2240 1067 2326 1104 re-

735 1134 1119 1195 conciliasti,o
1148 1148 1293 1187 easta
1329 1137 1474 1187 omni
1508 1135 1668 1189 laude
1696 1138 2040 1208 dignissima,
2084 1138 2323 1204 medere,

735 1240 942 1293 quaeso,
973 1227 1320 1294 passionibus
1356 1228 1537 1281 cordis
1568 1229 1673 1281 tnei
1714 1230 1969 1297 passione
2013 1230 2103 1283 lilii
2142 1231 2239 1296 tui,
2277 1242 2329 1286 et

735 1319 945 1371 salvum
978 1334 1060 1372 me
1089 1318 1170 1371 fae
1214 1320 1532 1388 psallentem
1566 1322 1811 1391 quotidie
1843 1342 1853 1376 :
1892 1321 2143 1378 Gloriose
2172 1326 2317 1377 enim

735 1411 1069 1478 glorilieatus
1098 1429 1176 1472 es.
1203 1426 1307 1467 ete.

803 1503 847 1558 0
882 1516 1056 1575 porta,
1091 1524 1186 1576 per
1220 1525 1383 1577 quam
1427 1507 1558 1561 nulli
1599 1510 1862 1561 transitus
1910 1518 2093 1577 patet,
2141 1511 2317 1579 patui-

734 1598 916 1649 tentiae
952 1608 1162 1665 portas,
1197 1615 1228 1651 o
1269 1612 1438 1664 easta,
1468 1600 1615 1669 aperi
1648 1602 1806 1665 mihi,
1834 1611 1887 1655 et
1916 1601 1967 1653 iit
1999 1604 2116 1656 vias
2144 1612 2323 1658 rectas

732 1690 906 1758 dirige
938 1706 1045 1745 nte.

806 1780 1052 1845 \‘iviliea,
1099 1782 1350 1847 Domina,
1388 1801 1473 1838 me
1516 1796 1792 1840 mortnutn
1834 1796 1932 1841 :et
1977 1789 2029 1841 in
2078 1802 2318 1841 errorem

2499 968 2695 1024 Mentis
2732 989 2877 1033 mea:
2918 975 3272 1040 mutationes,
3319 982 3373 1028 et
3413 974 3598 1030 cordis
3634 972 4021 1031 ﬂuctuatioan

2426 1077 2957 1133 cotnpeseemrecor,
2986 1083 3018 1121 ο
3041 1067 3226 1139 Virgo,
3248 1068 3617 1122 misericordia
3648 1076 3763 1131 tua,
3783 1077 3836 1121 et
3853 1083 4020 1138 apee-

2424 1166 2567 1221 cato,
2599 1175 2708 1227 quo
2739 1160 2988 1215 dctincor
3029 1162 3250 1230 ligatus,
3287 1162 3457 1215 libera
3494 1176 3602 1224 me,
3638 1162 3731 1231 qui
3790 1172 3842 1216 te
3884 1167 4020 1216 lide-

2430 1248 2551 1303 liter
2592 1254 2623 1304 ll
2648 1262 2804 1307 -atam
2836 1253 3069 1323 appello.

2496 1362 2591 1427 Te,
2626 1377 2685 1418 ut
2714 1382 2934 1421 causam
2989 1378 3187 1421 nostrae
3229 1368 3447 1429 salutis,
3504 1382 3699 1422 omnes
3748 1368 3895 1421 servi
3939 1371 4013 1421 tui

2432 1458 2677 1526 quotidie
2704 1459 3016 1525 laudamus,
3051 1476 3083 1514 o
3113 1458 3225 1513 Deo
3269 1460 3630 1524 charissima,
3663 1470 3717 1515 et
3743 1476 3869 1515 cum
3914 1461 4019 1514 fide

2432 1550 2644 1605 beatam
2674 1554 3033 1622 appellamus,
3058 1554 3338 1609 dicentes:

2501 1667 2544 1721 Ο
2591 1669 2791 1737 puella,
2844 1684 2964 1737 qua:
3010 1686 3070 1724 es
3120 1670 3545 1739 ineorruptionis
3591 1668 3881 1733 ﬂuentum,
3931 1686 4016 1723 me

2426 1760 2787 1828 plurimorum
2813 1774 3161 1832 peccatorum
3207 1762 3654 1816 inundationibus
3670 1770 4012 1831 corruptum,

731 1874 1013 1929 inductum
1084 1877 1338 1930 celeriter
1378 1889 1633 1933 converte
1678 1896 1784 1941 me,
1820 1889 1873 1932 tu
1908 1896 2027 1947 qua:
2055 1894 2114 1932 es
2142 1880 2223 1932 via
2258 1878 2314 1932 al

2430 1852 2651 1921 dignum
2690 1852 2775 1907 fac
2806 1856 3092 1908 curatione
3118 1865 3231 1917 tua,
3257 1873 3289 1909 υ
3319 1855 3500 1925 Virgo.

728 1966 879 2019 omni
916 1982 1099 2021 errore
1128 1969 1318 2033 libera,
1347 1979 1509 2037 atque
1537 1970 1783 2022 omnium
1829 1970 2205 2023 manuductio.

800 2060 902 2125 Qui
945 2060 1093 2113 nullo
1154 2062 1313 2113 mo.lo
1354 2060 1629 2116 Genitoris
1679 2063 1855 2115 sinuin
1898 2077 2125 2115 vacuum
2180 2060 2309 2115 reli-

730 2162 946 2224 querat,
974 2155 1121 2206 omni
1149 2155 1456 2208 substantia
1482 2155 1751 2223 superior,
1779 2154 1831 2206 in
1862 2153 1986 2209 sinu
2019 2164 2111 2208 tuo
2137 2152 2317 2208 infans

728 2248 1001 2301 contineri
1036 2247 1188 2301 visus
1217 2257 1322 2310 est,
1354 2263 1387 2301 o
1417 2248 1615 2317 Virgo;
1650 2247 1923 2316 accipiens
1950 2246 2052 2302 sibi
2088 2262 2318 2316 pauper-

731 2349 894 2391 tatem
927 2355 1129 2404 meam,
1166 2340 1234 2394 ob
1257 2355 1542 2395 excessum
1576 2340 1893 2395 divitiarum
1926 2341 2322 2396 misericordia:

729 2447 871 2485 sum.

2497 1980 2660 2037 Lucis
2695 1984 2865 2050 illius,
2892 2001 3011 2055 qua:
3040 1987 3371 2041 illuminavit
3406 1989 3681 2052 universa,
3710 1988 4011 2056 jucundum

2425 2074 2862 2142 prolvitiatorinm
2905 2095 3091 2134 revera
3132 2081 3460 2150 apparuisti,
3490 2097 3521 2133 o
3571 2082 3733 2151 Virgo
3772 2091 3885 2135 tota
3926 2082 4009 2134 Iu-

2425 2166 2579 2229 cida;
2616 2180 2899 2237 propterea
2929 2173 3083 2243 ιοι
3123 2175 3368 2228 illutniua
3415 2190 3501 2228 me
3546 2183 3896 2244 peccatorum
3932 2184 4009 2227 te‘

2426 2257 2613 2312 nehris
2645 2258 2971 2327 involutum,
3021 2275 3078 2317 ut
3121 2274 3171 2319 te
3208 2280 3328 2318 cum
3365 2265 3467 2319 lide
3498 2265 3849 2334 magniﬁcare
3881 2278 4007 2334 pos-

2425 2368 2548 2404 Sllll.

1650 2550 1729 2603 Ea;
1757 2548 1971 2604 Cauone
1997 2551 2049 2603 in
2082 2550 2140 2605 S.
2176 2552 2507 2609 Theodorum
2536 2571 2841 2631 martyrem,
2883 2566 2968 2616 die
3003 2565 3084 2618 l9.

800 2674 889 2727 llle
915 2674 1030 2742 qui,
1066 2671 1366 2726 secundum
1404 2680 1679 2733 ttatttrant,
1715 2670 1889 2722 lucem
1925 2670 2134 2723 habitat
2168 2671 2316 2724 inac-

724 2768 1065 2827 cessibilem,
1104 2780 1227 2817 rum
1273 2764 1575 2817 habitasset
1614 2762 1669 2816 in
1718 2772 1875 2815 utero
1908 2774 2034 2823 tuo,
2072 2776 2105 2813 ο
2138 2763 2315 2832 puris-

725 2862 886 2919 sima,
924 2857 1179 2909 ineffabili
1219 2856 1597 2908 misericordia
1627 2870 1724 2907 stta
1769 2855 1895 2906 fecit
1936 2869 2036 2906 nos
2072 2852 2315 2909 Paradisi

725 2951 1091 3009 habitatores,
1152 2963 1216 2999 ex
1271 2963 1380 3016 quo
1436 2958 1658 3015 prepter
1703 2946 1971 3014 serpentis
2018 2945 2312 3008 invidiam,

721 3044 997 3096 amandati
1034 3054 1198 3111 atque
1230 3042 1386 3110 ejecti
1417 3042 1719 3095 fueramus.

797 3135 888 3187 Ille
921 3134 1014 3203 qui
1052 3135 1354 3187 secundum
1393 3150 1548 3187 suam
1589 3142 1840 3186 naturam
1880 3135 2139 3189 immunis
2170 3147 2253 3190 est
2282 3152 2311 3190 a

723 3243 983 3296 tempore,
1016 3236 1175 3279 natus
1205 3244 1268 3279 ex
1305 3236 1355 3281 te
1386 3228 1437 3279 in
1472 3226 1890 3279 similitudinem
1923 3227 2103 3282 carnis
2139 3228 2313 3282 factus

719 3330 800 3371 est
832 3322 933 3372 sub
966 3327 1243 3385 tempore,
1280 3318 1571 3385 ignoscetis
1625 3318 2019 3385 temporalibus
2068 3321 2309 3387 peccatis

721 3413 857 3465 meis
900 3422 1118 3479 propter
1161 3408 1490 3463 inellabiletn
1529 3410 1783 3479 pietatem
1828 3425 2007 3473 suam,
2049 3426 2081 3466 o
2112 3411 2307 3466 imma-

719 3504 1079 3555 ttdnnssuua.

791 3600 921 3651 Sine
952 3608 1141 3666 partus
1167 3597 1313 3650 dolot
1332 3597 1454 3649 ibus
1484 3595 1673 3661 Deum,
1703 3595 1795 3665 qui
1821 3610 2047 3664 corpore
2066 3597 2306 3659 carebat,

721 3692 972 3761 peperisti
1001 3731 1014 3753 ,
1052 3705 1083 3743 ο
1115 3689 1293 3759 puella
1343 3707 1354 3741 :
1387 3688 1479 3756 qui
1513 3687 1679 3741 Evam
1732 3687 1961 3757 primam
2021 3698 2248 3740 matrem
2280 3704 2307 3740 a

719 3786 1000 3837 doloribus
1048 3792 1239 3852 partus
1282 3779 1566 3843 liberavit,
1608 3789 1661 3832 et
1703 3794 1732 3832 a
1776 3778 2060 3833 doloribus
2110 3769 2308 3833 inferni

719 3878 948 3931 redemit
975 3892 1089 3937 eos,
1120 3875 1211 3944 qui
1241 3875 1402 3926 vitam
1434 3871 1717 3926 doloribus
1746 3880 1909 3941 atque
1938 3870 2173 3925 miseriis
2200 3872 2311 3941 plc-

722 3986 847 4023 nam
874 3970 1159 4035 degebant.

786 4061 831 4113 υ
866 4058 1202 4127 purissima,
1239 4071 1359 4125 qua:
1410 4053 1527 4110 sola
1560 4054 1775 4124 proprie
1821 4068 1885 4108 ac
1918 4068 2043 4108 vere
2078 4068 2137 4108 es
2179 4055 2303 4107 Dei-

718 4169 868 4222 para,
917 4151 1207 4205 corrobora
1241 4164 1325 4202 mc
1362 4156 1420 4201 ut
1454 4148 1799 4217 passionum,
1841 4162 2074 4217 quarum
2112 4162 2303 4202 servus

719 4246 893 4299 factus
918 4258 1061 4306 sum,
1086 4242 1356 4296 dominari
1383 4240 1612 4309 possim,
1638 4249 1908 4308 quatenus
1932 4240 2099 4293 libera
2123 4249 2304 4295 mente

720 4338 959 4407 gaudens
986 4345 1034 4389 te
1058 4333 1383 4395 beatilieent,
1416 4346 1448 4385 ο
1474 4331 1622 4385 salus
1649 4332 1912 4385 fidelium.

2492 2679 2627 2735 Ecce
2686 2696 2843 2737 mons
2894 2695 3119 2739 sanctus
3162 2704 3175 2737 :
3229 2698 3355 2739 ecce
3400 2685 3731 2738 aromataria
3783 2685 4011 2753 spiritus

2418 2772 2626 2825 ollieina
2682 2791 2694 2827 :
2775 2792 2900 2830 ecce
2956 2792 3112 2845 pons,
3166 2778 3257 2845 qui
3316 2791 3505 2831 omnes
3559 2787 3895 2846 transportat
3943 2778 4011 2831 ad

2420 2865 2610 2929 Deum,
2649 2866 2740 2920 Dei
2772 2867 2943 2923 Mater
2978 2871 3190 2939 puella;
3217 2885 3379 2939 quam
3415 2869 3624 2923 beatam
3662 2870 3936 2926 dicamus.

2490 2978 2931 3049 Propitiatorium
2982 2992 3099 3049 esto
3139 2983 3269 3035 mihi
3294 3027 3306 3045 ,
3337 2998 3369 3036 o
3418 2984 3780 3051 illibatissitna
3807 3023 3823 3045 .
3866 2985 4010 3054 apud

2419 3086 2543 3125 eum
2577 3073 2667 3141 qui
2696 3089 2758 3127 ex
2792 3085 2843 3127 te
2877 3084 3036 3129 natus
3061 3085 3164 3138 est,
3198 3077 3443 3145 gravium
3475 3077 3780 3131 debitorum
3810 3079 4012 3132 remis-

2423 3164 2631 3219 sionem
2689 3167 2988 3236 impetrans
3021 3170 3188 3232 mihi,
3234 3178 3286 3221 et
3316 3169 3561 3223 divinum
3594 3171 3747 3239 regni
3792 3169 3888 3225 Dei
3921 3173 4011 3225 in-

2341 3288 2381 3341 c
2424 3272 2669 3323 greSsutn
2694 3300 2706 3321 ,
2744 3270 2797 3313 et
2843 3260 3156 3315 deliciarum
3195 3260 3513 3317 fruitiunem
3540 3304 3552 3328 ,
3586 3263 3832 3332 lui-isque
3867 3279 4009 3319 con-

2420 3350 2674 3403 sortium.

2491 3467 2535 3521 Ο
2568 3469 2855 3524 ineﬂabilis
2888 3473 3128 3541 mysterii
3169 3473 3621 3542 profunditatem!
3658 3473 3705 3528 Is
3739 3476 3834 3544 qui
3873 3476 4008 3531 olim

2422 3576 2583 3613 manu
2617 3562 2903 3630 plasmavit
2927 3564 3227 3627 hominem,
3262 3566 3562 3633 plasmatur
3589 3581 3813 3619 carnem
3844 3582 4007 3621 assu—

2422 3669 2575 3707 mens
2630 3664 2844 3707 uterum
2885 3652 3119 3723 Virginis
3155 3667 3427 3725 perpetua:
3473 3657 3779 3729 ingressus,
3811 3667 3869 3713 et
3895 3661 4008 3716 sal-

2420 3753 2511 3797 vat
2540 3762 2645 3811 me,
2687 3762 2812 3799 eum
2842 3747 3037 3802 timore
3063 3749 3411 3804 clamantem.

2497 3881 2651 3950 102
2688 3881 2933 3936 lllumiua
2962 3900 3177 3953 semper
3208 3888 3397 3939 oculos
3429 3886 3624 3940 animm
3655 3902 3813 3949 mea,
3843 3903 3880 3943 ο
3914 3888 4007 3944 Dei

2420 3975 2652 4041 genitrix
2714 3993 2726 4027 :
2771 3990 2835 4028 ne
2879 3991 2967 4030 me
3016 3975 3459 4045 profundissimat
3507 3981 3711 4046 peccati
3766 3982 4009 4035 tenebrae

2413 4066 2909 4134 comprehendant;
2963 4084 3139 4138 neque
3176 4069 3575 4137 desperationis
3623 4069 3864 4141 abyssus
3906 4075 4007 4127 ah-

2411 4156 2627 4211 sorbeat
2659 4175 2743 4212 me
2776 4177 2787 4211 :
2822 4160 2914 4213 sed
2942 4169 2995 4213 ιιι
3032 4176 3114 4214 me
3140 4161 3311 4226 salva,
3341 4169 3394 4214 et
3430 4162 3692 4233 guberna,
3728 4166 4005 4233 protectio

2416 4249 2836 4321 ﬁdelium,.qu:e
2876 4268 2983 4307 non
3020 4253 3396 4312 confunditur.

1814 4448 1897 4502 Ex
1927 4450 2140 4507 Cauoue
2168 4453 2221 4505 iu
2255 4451 2315 4506 S.
2347 4450 2697 4517 Theodorum,
2728 4452 2814 4505 die
2844 4454 2935 4509 20.

790 4597 900 4652 Nos
934 4611 1029 4667 per
1063 4604 1147 4657 te,
1180 4609 1213 4649 ο
1246 4597 1424 4665 puella
1452 4637 1465 4659 ,
1504 4595 1733 4659 salvati;
1767 4601 1817 4647 te
1850 4591 2301 4647 immaculatissi—
2334 4600 2382 4657 ι)

714 4705 860 4743 tuam
912 4692 1052 4741 inter
1106 4690 1399 4754 mulieres,
1456 4686 1661 4757 Deique
1702 4687 2035 4739 Genitrieem
2091 4685 2307 4755 hymnis

715 4787 929 4838 beatam
963 4798 1346 4851 nuncupamus
1370 4824 1383 4843 ,
1416 4792 1470 4837 et
1504 4782 1635 4835 illttd
1673 4781 1964 4844 Gabrielis,
1996 4781 2125 4845 Ave,
2157 4780 2222 4832 ad
2258 4789 2308 4831 te

714 4876 1037 4929 clamamus.
1082 4879 1212 4940 Ave,
1256 4890 1289 4929 o
1341 4890 1507 4929 causa
1547 4873 1956 4927 reformationis
2005 4875 2303 4938 primorum

714 4975 1021 5035 parentum.

786 5057 861 5111 Te
894 5059 987 5111 ι)οἱ
1023 5058 1357 5113 Genitrieem
1402 5058 1768 5113 castissimam
1803 5056 2037 5125 puellam
2084 5067 2307 5110 sancto-

715 5170 835 5206 rutn
866 5153 1100 5220 populus
1136 5167 1443 5222 agnoscens
1468 5191 1482 5215 ,
1519 5166 1551 5204 ο
1583 5150 1931 5205 sanctissima
1954 5190 1967 5210 ,
2004 5149 2307 5216 splendoris

716 5247 792 5298 tui
827 5244 946 5296 luce
981 5245 1273 5298 irradiatus
1297 5254 1399 5307 est,
1433 5255 1485 5297 et
1522 5258 1665 5297 nunc
1705 5244 1756 5296 ιιι
1790 5243 1942 5297 etrlis
1979 5254 2028 5297 te
2051 5244 2307 5311 depreca-

716 5349 823 5396 tur,
858 5316 1091 5388 i'erhum
1127 5352 1191 5388 ex
1226 5348 1275 5388 te
1302 5345 1553 5389 exortum
1585 5352 1710 5389 cum
1743 5337 1939 5405 gaudio
1965 5335 2303 5405 glorilieaus,

714 5450 744 5477 ι·
770 5428 936 5480 Maria
961 5444 1155 5496 sponsa
1188 5428 1301 5481 Dei.

788 5520 1089 5573 Thalamus
1138 5519 1568 5573 immortalitatis
1605 5530 1791 5572 venter
1822 5530 1945 5572 tuus
1983 5520 2156 5574 factus
2191 5532 2294 5582 cst.

722 5611 881 5676 Virgo
930 5610 1223 5675 inviolata;
1282 5627 1345 5664 ex
1400 5626 1511 5680 quo
1558 5626 1789 5679 sponsus
1855 5608 2116 5663 Dominus
2172 5627 2295 5664 eum

717 5704 1003 5771 splendore
1040 5703 1362 5772 procedens,
1395 5712 1710 5757 sanctorum
1754 5701 1983 5770 pupulas
2014 5702 2257 5756 attraxit.

2484 4593 2538 4647 ln
2569 4594 2700 4647 hora
2733 4595 3010 4647 tremenda
3036 4595 3228 4664 judieii
3262 4597 3412 4651 salva
3443 4613 3549 4661 me,
3574 4608 3627 4653 et
3654 4601 3868 4656 redime
3899 4619 4004 4667 me,

2413 4702 2445 4737 ο
2472 4688 2815 4741 sanctissima
2844 4726 2858 4749 ,
2893 4698 2945 4740 et
2972 4702 2999 4739 a
3035 4690 3282 4757 gehenna
3317 4692 3465 4761 eripe
3501 4708 3620 4769 me;
3657 4704 3714 4747 ut
3747 4704 3799 4748 te
3834 4697 4009 4751 beati-

2417 4780 2592 4843 licent,
2624 4789 2676 4833 et
2701 4779 2910 4835 meritis
2938 4780 3190 4836 laudibus
3226 4781 3512 4847 honorem,
3538 4802 3570 4839 o
3602 4787 4006 4844 imntaeulatis-

2413 4874 2572 4924 sima.
3144 4924 3153 4937 _

2487 4962 2565 5016 'l‘u
2597 4964 2734 5025 sola,
2764 4981 2796 5019 o
2828 4964 3106 5023 inviolata.
3134 4965 3299 5020 vitam
3324 4966 3711 5023 subsistentem
3737 4972 4003 5040 genuisti,

2415 5055 2676 5109 faetorem
2711 5057 2956 5110 onmium
2988 5072 3051 5111 ac
3080 5056 3396 5123 Dominum,
3426 5074 3584 5130 quem
3614 5076 3807 5117 amans
3839 5079 4003 5118 sanc-

2414 5157 2592 5199 torunt
2627 5143 2849 5199 Patrum
2892 5146 3220 5210 multitudo,
3256 5149 3397 5217 piam
3438 5160 3799 5221 sanctamque
3830 5154 4002 5211 vitam

2415 5238 2677 5294 traduxit.

2482 5332 2766 5399 'l’anqnatn
2796 5332 3101 5402 pulchram,
3135 5346 3393 5403 tauquam
3426 5336 3729 5405 speciosam
3758 5338 4002 5395 Verbum

2411 5424 2717 5490 speciosum
2765 5434 2815 5477 te
2862 5425 3084 5490 dilexit,
3132 5442 3165 5480 o
3216 5427 3439 5491 illibata,
3476 5439 3740 5499 tuumque
3780 5442 4001 5488 uterum

2411 5515 2753 5581 inhabitavit,
2788 5517 2857 5570 ub
2882 5530 3127 5572 nostrum
3158 5520 3397 5575 fidelium
3430 5523 3890 5592 redemptionem.

2484 5608 2663 5662 Innuit
2713 5619 2761 5663 te
2802 5611 2973 5663 rullus
3004 5612 3109 5674 ille,
3144 5628 3176 5667 ο
3206 5613 3707 5677 intemeratissitna,
3742 5618 3836 5686 qui
3874 5618 4001 5687 igne

2408 5701 2782 5756 circumdatus
2820 5703 2962 5756 nulla
3006 5720 3068 5756 ex
3102 5706 3743 5775 parte_eomburebatur:
3787 5712 3994 5765 etenim

783 5880 919 5953 (ω’)
951 5880 1135 5936 Grzcea
1166 5882 1328 5953 huius
1355 5880 1578 5937 canonis
1600 5890 1650 5934 et
1678 5879 1908 5933 duorum
1942 5877 2285 5947 sequentium
2328 5877 2710 5932 desiderantur
2743 5876 2794 5931 in
2824 5876 3041 5933 Menmis
3071 5878 3375 5949 impressis.
