4166 6458
200 445 340 511 1105

1654 451 2018 513 MARIALE.

3306 454 3447 519 1106'

194 568 498 623 divinitatis
522 568 698 639 ignem
728 568 969 639 gestasti,
998 569 1089 638 qui
1121 578 1190 633 te,
1214 586 1247 623 υ
1270 568 1455 637 Virgo,
1488 569 1607 623 sine
1628 583 1773 622 com-
1805 576 1847 629 Α
1880 569 2169 639 peperisti;
2229 568 2375 638 quod
2439 583 2535 639 pro
2564 570 2718 626 nobis
2778 584 2846 625 ne
2902 583 3082 623 cesses
3147 568 3444 638 deprecari.

196 663 454 717 bustionc
488 662 765 726 servavit,
796 670 850 717 et
876 670 998 731 post
1025 669 1239 731 partum
1276 659 1548 731 Virginem
1586 658 1769 712 incor-~

197 767 412 823 ruptam
446 754 764 810 custodivit.
1372 750 1379 754 ι

272 847 427 916 103
504 844 760 913 Speciosa
835 844 976 898 facta
1060 843 1395 898 ornamentis
1477 842 1773 903 virtutum,

194 948 249 993 et
303 953 591 992 aurearum
664 937 1000 991 ﬁmbriarum
1073 937 1331 991 varietate
1396 937 1773 995 circumdata,

197 1046 231 1085 0
269 1028 450 1101 Virgo,
487 1030 789 1099 speciosum
824 1045 987 1098 super
1031 1044 1221 1083 omnes
1248 1028 1500 1081 homines
1542 1023 1775 1079 Verbum

211 1193 316 1245 Ἐκ
360 1190 469 1244 τοῦ
508 1189 774 1254 Κανόνος
826 1190 915 1253 εὶς
961 1186 1068 1241 τὸν
1118 1187 1290 1256 ἅγιον
1324 1185 1594 1255 μάρτυρα
1662 1184 1777 1237 ’Ia-

307 1260 619 1328 νουάριον,
647 1260 745 1314 καὶ
786 1259 925 1325 τοὺς
955 1258 1077 1312 σὺν
1107 1257 1290 1323 αὐτῷ,
1322 1256 1512 1325 ἡμέρᾳ
1544 1261 1648 1309 κα’.

272 1396 559 1465 Μακάριός
609 1396 755 1449 ἐστιν
804 1395 1008 1457 ὀλαδς,
1062 1393 1318 1457 Θεοτόκε,
1371 1391 1668 1458 ὀδοξάζων
1717 1408 1774 1443 σε

200 1488 338 1539 Θεοῦ
371 1486 597 1556 Μητέρα
616 1486 821 1555 ἀψευδῆ
840 1487 932 1539 καὶ
955 1486 1040 1538 ἀεὶ
1061 1480 1383 1553 μακαρίζων
1409 1498 1488 1545 σε,
1512 1481 1770 1549 άχραντε,

1953 661 2111 716 Lucis
2162 662 2531 717 habitaculum
2572 672 2755 719 uterus
2787 673 2917 718 tuus
2954 662 3130 717 factus
3172 670 3287 725 est,
3328 679 3448 729 qua:

1884 762 2141 808 mundum
2170 755 2469 809 divinitatis
2490 755 2865 825 splendoribus
2892 754 3217 810 illuminavit
3245 773 3257 807 :
3296 763 3448 822 porta

1882 842 2015 898 solis
2043 844 2255 910 gloriae,
2287 845 2683 913 gratiosissima
2722 845 2861 899 inter
2892 847 3151 899 mulieres
3178 884 3192 907 ,
3229 854 3420 898 sancto

1883 952 2003 991 rum
2037 935 2309 1005 gloriatio,
2337 938 2679 993 sanctissima
2709 946 2867 1008 atque
2896 940 3121 1008 Optima.

1877 1178 1960 1234 Ea:
2004 1180 2218 1235 Canone
2268 1180 2323 1233 in
2363 1178 2422 1235 S.
2464 1180 2823 1249 Ianuarium,
2853 1189 2901 1235 ct
2940 1183 3108 1237 socios
3157 1192 3449 1252 martyres,

2564 1253 2649 1307 die
2672 1254 2763 1310 21.

1951 1385 2148 1442 Beatus
2176 1390 2428 1457 populus,
2462 1403 2494 1443 ο
2526 1387 2778 1457 Deipara,
2806 1390 2899 1459 qui
2930 1399 2980 1444 te
3010 1403 3193 1443 veram
3225 1386 3316 1440 Dei
3341 1388 3452 1441 Ma-

1880 1482 2015 1527 trem
2063 1475 2368 1544 glorilicat,
2406 1492 2729 1547 semperque
2765 1477 3055 1543 beatiﬁcat,
3096 1477 3452 1548 quemadmo-

202 1577 386 1639 καθὼς
449 1580 720 1646 προεῖπας
793 1576 953 1647 ἱερῶς
1016 1571 1459 1643 προφητεύουσα,
1542 1570 1778 1639 ὁπηνίκα

1889 1565 2028 1628 dum,
2071 1580 2102 1619 ο
2139 1567 2484 1621 immaculata
2512 1607 2527 1630 ,
2562 1569 2859 1636 prazdixisti
2890 1584 2984 1637 per
3010 1584 3224 1624 sacrum
3258 1570 3455 1624 vatici-

202 1669 440 1738 Χριστδν
468 1668 620 1721 ἐνδον
649 1667 865 1738 ἔφερες.

286 1760 475 1829 Ῥῆξον
499 1762 602 1824 τὰς
627 1761 832 1830 σειρὰς,
858 1758 1161 1828 Θεόνυμφε,
1196 1754 1305 1809 τῶν
1332 1754 1614 1824 ἁμαρτιῶν
1652 1770 1775 1823 μου,

200 1856 235 1921 ἡ
264 1853 334 1907 τά
363 1853 536 1923 δεσμά
557 1852 895 1925 διαρρήξασα
931 1852 997 1905 τά
1026 1851 1118 1904 τοῦ
1146 1849 1274 1921 ᾅδου
1320 1846 1396 1917 τῷ
1424 1846 1629 1917 τοκετῷ
1659 1863 1777 1911 σου,

204 1948 299 1999 καὶ
321 1948 497 2017 χαρᾶς
530 1945 709 1999 πάντα
746 1944 1106 2014 πληρώσασα.

275 2038 685 2106 Μεγαλύνωμεν
715 2036 813 2105 τὴν
846 2036 1014 2106 μόνην
1052 2033 1452 2103 εὐλογημένην,
1485 2031 1551 2083 δι’
1581 2025 1647 2101 ἧς
1677 2047 1775 2100 με·

204 2131 387 2198 γάλως
412 2130 620 2194 πάντας
666 2130 1032 2199 ἐπευλόγησεν
1054 2128 1219 2191 ὅντως
1256 2128 1285 2180 δ
1316 2124 1776 2195 παππεράγαοος

206 2226 271 2277 ἐκ
299 2223 503 2290 ταύτης
529 2224 919 2294 σαρκούμενος.

287 2316 598 2385 ’Υμνοῦμέν
646 2332 728 2378 σε,
760 2315 826 2367 δι’
853 2308 923 2385 ἦς
963 2313 1075 2371 τοῖς
1122 2312 1181 2365 ἐν
1209 2312 1390 2364 σκότει
1436 2310 1549 2379 φῶς
1586 2309 1778 2363 ἄδυτον

205 2406 472 2467 ἀνέτειλε,
517 2405 769 2470 Θεοτόκε,
803 2403 959 2458 ὁτῶν
995 2404 1131 2457 ὅλων
1170 2401 1468 2471 Δεσπότης,
1506 2400 1600 2454 καὶ
1629 2399 1779 2469 πόοῳ

213 2495 613 2568 μακαρίζομεν.

289 2588 407 2641 Ἐπ’
450 2588 738 2658 εὐεργεσίᾳ
788 2586 897 2640 τῶν
934 2585 1260 2657 ἀνθρώπων,
1323 2584 1432 2637 σῶν
1486 2583 1544 2647 ἐξ
1597 2582 1779 2651 ἁγνῶν

209 2678 459 2746 αἱμάτων
490 2678 883 2747 σεσωμάτωται
931 2675 1065 2737 Θεὸς
1111 2677 1140 2727 δ
1178 2674 1371 2741 Λόγος,
1416 2673 1475 2726 ὃν
1523 2671 1778 2733 ἐκτενῶς,

210 2761 522 2839 Θεομῆτορ,
575 2768 798 2839 αῑτησαι
846 2766 940 2820 τοῦ
976 2766 1215 2837 σωθῆναι
1265 2765 1364 2828 τὰς
1398 2764 1576 2833 ψυχὰς
1603 2762 1779 2832 ἡμῶν.

283 2951 581 3022 Νέκρωσόν
611 2967 713 3020 μου
764 2949 862 3011 τάς
913 2949 1176 3020 κινήσεις,
1224 2947 1484 3018 ἀχραντε,
1533 2945 1629 3008 τὰς
1683 2946 1781 3015 τῆς

216 3042 440 3113 σαρκὸς,
488 3041 635 3113 ζωὴν
660 3042 692 3112 ἠ
719 3043 990 3112 κυήσασα,
1023 3038 1264 3105 ζὼωσον,
1296 3038 1457 3107 ἁγνὴ,
1487 3040 1583 3107 τὴν
1606 3037 1783 3106 ψυχήν

225 3152 328 3203 μου
381 3132 793 3203 νενεκρωμένην
846 3132 1040 3187 πάθεσι
1116 3131 1211 3184 καὶ
1267 3129 1480 3194 πολλοῖς
1531 3131 1782 3200 ἁμαρτή-

216 3241 403 3295 μασιν.

215 3388 481 3459 κητήριον
538 3386 707 3451 ἔδειξε
764 3386 890 3448 τοὺς
968 3383 1243 3447 εὐσεϐεῖς,
1313 3384 1691 3453 πανάχραντε·
1745 3375 1790 3449 ᾧ

214 3478 431 3549 βοῶμεν
473 3477 804 3542 ἀπαύστωςο
869 3476 1050 3531 Πάντα
1098 3476 1166 3529 τά
1201 3474 1357 3545 ἔργα,
1392 3475 1660 3544 εὐλογεῖτε
1699 3474 1791 3528 τὸν

214 3570 440 3640 Κύριον.

284 3662 471 3724 me;
494 3658 590 3714 τοῦ
621 3660 680 3713 ἐν
706 3661 790 3713 σοὶ
818 3655 1659 3730 μαρμαρυγαϊςοτυφλώττουσαν
1691 3656 1790 3725 τὴν

215 3750 399 3821 ψυχήν
452 3767 553 3819 μου
609 3749 1042 3819 φωταγώγησον,
1084 3748 1180 3801 καὶ
1228 3746 1643 3817 χειραγώγησόν
1698 3763 1787 3815 με,

218 3841 400 3911 Κόρη,
428 3840 583 3903 ὁδοὺς
634 3838 999 3910 σωτηριώδεις
1049 3837 1396 3907 πορεύεσθαι,
1442 3837 1536 3889 καὶ
1580 3836 1790 3905 πλάνης

217 3934 480 4001 ἐκφυγεῖν
525 3928 595 3987 τά
636 3930 1064 4004 προσκόμματα,
1098 3932 1245 3994 ὅπως
1287 3932 1345 3984 ἐν
1399 3931 1581 3983 πίστει
1614 3946 1792 3999 μακαα

222 4026 360 4097 ρίζω
402 4042 483 4079 σε.

233 4186 337 4240 Ἐκ
381 4185 488 4238 τοῦ
529 4185 795 4250 Κανόνος
845 4186 931 4248 εἰς
965 4183 1071 4237 τὸν
1116 4183 1290 4236 ὅσιον
1339 4182 1569 4244 Πατέρα
1621 4178 1791 4249 ἡμῶν

400 4256 703 4323 Θεόδωρον
730 4254 839 4308 τὸν
866 4253 1202 4321 Συκεώτην,
1228 4252 1420 4322 ἡμέρᾳ
1445 4251 1548 4321 κβ’.

304 4412 366 4465 '0
408 4412 761 4481 ἀγεώργητος
809 4409 1000 4480 βότρυς
1048 4425 1140 4462 σου
1183 4409 1246 4460 ἐκ
1274 4406 1509 4478 γαστρὸς
1551 4404 1787 4476 ἧνθησε,

222 4505 673 4576 Παρθενομῆτορ,
719 4502 1035 4572 γλυκασμδν
1081 4501 1497 4556 ἀναὸλυστάνων
1547 4497 1793 4565 ἀφέσεως

222 4599 319 4653 καὶ
349 4596 680 4667 ἀφροσύνης,
725 4596 1092 4666 πανάχραντε,
1134 4594 1305 4648 ἀπασι
1332 4593 1445 4655 τοῖς
1477 4591 1541 4645 ἐκ
1568 4591 1667 4661 τῆς
1695 4588 1792 4661 μό·
1818 4630 1872 4691 D

219 4689 321 4760 8ης
352 4688 463 4741 τῶν
487 4687 674 4741 δεινῶν
704 4688 1208 4759 παραφρονήσουσι.

280 4864 458 4934 Νόμοι
483 4864 543 4917 ἐν
559 4864 643 4918 σοὶ
661 4864 762 4932 τῆς
788 4862 1024 4932 φύσεως,
1041 4861 1307 4933 Παρθένε,
1332 4856 1790 4914 καινοτονοῦνταιο

220 4956 430 5020 τίκτεις
470 4958 578 5028 γὰρ
621 4958 761 5031 ὑπὲρ
808 4957 966 5025 λόγον
1007 4955 1102 5009 καὶ⁵
1152 4954 1449 5025 Δεσπότην,
1480 4951 1540 5005 δν
1561 4948 1794 5013 ἐκτενῶς

223 5047 435 5102 ῑκέτευε
465 5047 701 5118 σωθῆναι
722 5048 848 5111 τοὺς
872 5045 1091 5107 δούλους
1122 5061 1238 5099 σου.

293 5135 557 5206 Μακαρία
577 5138 640 5189 ἐκ
680 5135 883 5204 γενεῶν
914 5133 1103 5189 πασῶν
1135 5133 1400 5204 ἐδείχθης,
1436 5131 1669 5202 Χριστὸν
1699 5148 1789 5183 τε-

220 5229 399 5283 κοῦσα
426 5229 710 5301 μακαρίως
726 5228 1092 5301 ἐργαζόμενον
1114 5230 1237 5291 τοὺς
1257 5227 1405 5297 αὐτῷ
1424 5224 1790 5289 δουλεύοντας,

221 5319 676 5392 Παρθεωμῆτορ,
708 5320 940 5388 ἀχραντε
968 5318 1253 5372 Δέσποινα.

305 5409 548 5464 Ῥαννίσι
569 5410 661 5463 τοῦ
690 5410 869 5472 ἐλέους
896 5426 988 5463 σου
1011 5410 1399 5479 κατάρδευσον,
1429 5408 1792 5479 πανάχραντε,

221 5505 323 5573 τὴν
354 5503 676 5557 ἐκτακεῖσάν
708 5520 811 5572 μου
840 5501 1077 5555 διάνοιαν
1113 5500 1340 5570 φλογμῷ
1372 5500 1470 5569 τῆς
1498 5500 1792 5569 ἁμαρτίας,

223 5598 320 5648 καὶ
344 5595 439 5647 τδν
479 5593 803 5664 ἐσϐεσμένον
834 5611 935 5663 μου
960 5595 1059 5664 τῆς
1086 5590 1315 5662 καρδίας
1348 5590 1551 5660 ἀναψον
1576 5588 1790 5660 λύχνον,

224 5689 370 5760 πύλη
404 5689 502 5743 τοῦ
526 5689 723 5759 φωτός.

302 5780 499 5834 Παθῶν
531 5798 597 5850 με
638 5780 907 5851 τρικυμία
945 5776 1326 5847 συνταράσσει,
1357 5774 1515 5844 βυθὸς
1547 5772 1796 5842 ἀπογνώς

232 5883 371 5935 πως
413 5872 666 5945 χειμάζει
709 5890 813 5944 μου
854 5872 955 5944 τὴν
992 5871 1250 5942 καρδίαν·
1283 5867 1621 5939 κυϐερνήτην
1658 5868 1794 5937 κυή-

1880 1656 2028 1708 nium
2060 1672 2184 1710 cum
2217 1658 2495 1713 Christum
2533 1659 2588 1713 in
2620 1669 2777 1713 utero
2813 1659 3052 1714 ferebas.

1951 1748 2162 1818 Rumpe
2221 1760 2443 1807 catenas
2504 1762 2849 1821 peccatorum
2917 1767 3197 1817 meorum,
3260 1766 3293 1803 ο
3361 1750 3451 1805 Dei

1881 1853 2103 1908 sponsa,
2133 1858 2252 1913 qu:e
2277 1844 2473 1899 inferni
2504 1845 2718 1899 vincula
2746 1845 3035 1915 perrupisti
3061 1853 3222 1914 partu
3253 1854 3368 1907 tuo,
3403 1852 3457 1897 et

1810 1938 1852 1991 Β
1883 1932 2133 1987 universa
2171 1935 2369 2003 gaudio
2403 1937 2699 2006 replevisti.

1948 2023 2356 2096 Magnificemus
2390 2029 2606 2083 unicam
2638 2029 2975 2084 benedictam
3000 2071 3014 2095 ,
3051 2043 3147 2098 per
3173 2043 3335 2097 quam
3368 2026 3457 2081 illc

1882 2119 1974 2189 qui
2009 2121 2157 2174 omni
2204 2122 2444 2176 bonitate
2485 2131 2567 2176 est
2601 2123 2848 2193 superior
2874 2138 2940 2177 ex
2977 2121 3066 2176 illa
3116 2122 3453 2180 incarnatus,

1884 2212 2168 2268 universos
2204 2230 2325 2268 vere
2353 2216 2635 2284 magniﬁce
2667 2215 2963 2269 benedixit.

1959 2301 2265 2357 Laudamus
2294 2314 2363 2368 te,
2394 2320 2427 2357 o
2455 2305 2701 2374 Deipara,
2725 2319 2820 2374 per
2852 2320 3014 2374 quam
3047 2306 3137 2359 lux
3171 2303 3455 2359 inoccidua

1885 2392 1954 2447 iis
1980 2394 2070 2461 qui
2106 2394 2159 2447 iu
2194 2395 2432 2448 tenebris
2464 2395 2823 2448 versabantur
2852 2405 3039 2449 exorta
3067 2403 3179 2458 est,
3211 2393 3454 2447 omnium

1886 2486 2091 2540 scilicet
2130 2486 2428 2553 Dominus;
2468 2496 2627 2557 teque
2659 2501 2783 2540 cum
2835 2485 3027 2540 affectu
3063 2486 3456 2555 gloriﬁcamus.

1960 2577 2027 2632 Ut
2053 2577 2368 2631 hominibus
2385 2577 2687 2631 beneficum
2712 2593 2832 2631 sese
2854 2578 3183 2640 ostenderet.
3202 2593 3265 2631 ex
3292 2577 3459 2631 castis

1886 2670 2237 2739 sanguinibus
2261 2671 2371 2723 tuis
2394 2685 2592 2739 corpus
2613 2671 2822 2738 accepit
2847 2671 2986 2725 Deus
3011 2671 3266 2735 Verbum,
3291 2685 3453 2739 quem

1885 2761 2064 2821 enixe.
2104 2775 2136 2812 0
2182 2761 2270 2814 Dei
2301 2759 2469 2815 Mater
2493 2799 2509 2825 ,
2538 2776 2759 2830 precare
2804 2776 2902 2832 pro
2936 2762 3111 2817 salute
3150 2762 3455 2816 animarum

1890 2861 2223 2905 nostrarum.

1959 2941 2241 3004 Mortiﬁea,
2264 2958 2297 2996 o
2323 2943 2605 3007 inviolata,
2629 2945 2811 2999 carnis
2834 2961 2965 3001 mea:
2994 2955 3173 3001 motus
3201 2964 3214 2999 :
3252 2957 3305 3001 tu
3335 2964 3457 3018 qum

1891 3032 2051 3085 vitam
2096 3033 2360 3100 genuisti,
2394 3035 2601 3090 viviﬁca
2623 3076 2639 3103 ,
2679 3052 2712 3091 o
2747 3048 2895 3091 casta
2918 3079 2933 3102 ,
2975 3040 3212 3093 animam
3244 3056 3417 3096 meam
3439 3081 3456 3108 ,

1891 3121 2232 3190 passionibus
2264 3124 2555 3194 multisque
2577 3127 2814 3196 peccatis
2846 3127 3244 3199 interemptam.

314 3262 677 3366 aemulum;
711 3294 1006 3364 ἀφράστως
1050 3293 1109 3346 ἐν
1141 3292 1326 3363 μήτρα
1359 3309 1453 3345 σου
1483 3292 1676 3344 ἐαυτοῦ
1707 3292 1784 3344 ot-

1961 3300 2062 3367 Qui
2106 3301 2448 3357 inell‘abiliter
2484 3304 2536 3357 in
2578 3315 2734 3359 utero
2765 3316 2878 3369 tuo,
2925 3321 2958 3359 ο
2991 3306 3268 3372 inviolata,
3305 3308 3455 3361 habi~

1896 3396 2047 3457 tavit,
2106 3396 2493 3449 habitationem
2547 3413 2700 3451 suam
2755 3397 2882 3451 fecit
2936 3414 3028 3453 cos
3060 3400 3152 3467 qui
3202 3401 3454 3469 pietatem

1893 3486 2080 3541 colunt
2115 3503 2127 3536 :
2178 3488 2351 3542 eidem
2402 3488 2558 3559 104
2598 3504 2696 3541 nos
2733 3489 3070 3544 incessanter
3112 3492 3453 3546 clamamus:

1893 3577 2083 3633 Omnia
2098 3594 2284 3647 opera,
2308 3580 2611 3635 benedicite
2643 3579 2894 3634 Domino.

1964 3668 2124 3723 ιλιι-ῖς
2155 3669 2207 3722 iu
2244 3678 2294 3723 te
2335 3670 2630 3726 habitantis
2666 3672 3051 3740 splcmloribus
3084 3674 3456 3727 excutientem

1893 3759 2132 3813 animam
2164 3776 2337 3815 meam
2370 3762 2637 3825 illumina,
2668 3779 2701 3817 ο
2735 3762 2939 3829 Puella,
2967 3773 3021 3818 et
3050 3780 3211 3818 manu
3241 3765 3346 3819 duc
3372 3780 3457 3818 me.

1894 3860 1953 3903 ut
1981 3865 2080 3919 per
2106 3852 2221 3905 vias
2248 3853 2441 3907 salutis
2471 3854 2741 3918 incedam,
2774 3864 2827 3908 et
2856 3855 3187 3910 seductionis
3221 3864 3277 3910 et
3302 3871 3456 3909 erro-

1894 3942 1968 3995 ris
1997 3941 2317 3998 offendicula
2352 3943 2614 4012 devitem,
2643 3955 2704 4001 ut
2734 3962 2854 4001 cum
2887 3946 2991 4003 fide
3036 3957 3086 4002 te
3118 3948 3327 4003 beatam
3362 3962 3457 4018 ap-

1891 4033 2106 4102 pellem.

1894 4188 1977 4243 Ex
2002 4188 2211 4244 Conone
2236 4190 2290 4243 in
2317 4188 2375 4245 S.
2400 4189 2463 4245 P.
2495 4189 2568 4244 Ν.
2598 4190 2918 4247 Theodorum
2943 4192 3239 4264 Syceotam,
3264 4195 3348 4249 die
3360 4194 3450 4249 22.

1969 4407 2162 4463 Butrus
2186 4409 2292 4469 ille,
2319 4410 2410 4479 qui
2440 4410 2665 4465 cultoris
2691 4426 2907 4480 operam
2934 4414 3134 4468 nullam
3154 4413 3361 4472 habuit.
3388 4432 3452 4469 es

1894 4508 2050 4553 utero
2078 4510 2171 4553 tuo
2194 4499 2448 4564 ellloruit,
2471 4516 2505 4556 ο
2538 4502 2700 4571 Virgo
2726 4502 2891 4557 Mater
2919 4504 3450 4569 immaculatissima;

1894 4606 1957 4644 ex
1992 4606 2101 4660 quo
2136 4591 2482 4659 indulgentiae
2520 4603 2574 4646 et
2603 4593 2802 4647 laetitiae
2833 4594 3060 4649 dulcedo
3094 4595 3299 4649 etlluxit
3345 4612 3456 4647 0n.-

1895 4683 2075 4742 nibus,
2111 4684 2201 4752 qui
2233 4699 2296 4738 ex
2325 4684 2590 4737 malorum
2618 4684 2877 4739 ebrietate
2909 4686 3205 4754 prudentia:
3232 4702 3453 4740 sensum

1896 4774 2215 4828 amiserunt.

1965 4865 2182 4920 Natura:
2208 4866 2352 4935 leges
2386 4868 2438 4921 iu
2470 4878 2544 4931 te,
2570 4882 2603 4922 ο
2637 4867 2825 4939 Virgo,
2857 4870 3225 4934 innovantur;
3254 4871 3454 4925 etenim

1896 4971 2058 5026 supra
2096 4957 2326 5011 rationis
2368 4966 2724 5026 conceptum,
2761 4958 3047 5012 Dominum
3082 4958 3265 5028 paris,
3297 4973 3458 5027 quem

1896 5048 2130 5103 connixe
2156 5048 2449 5116 deprecare
2475 5064 2573 5117 pro
2594 5049 2768 5104 salute
2791 5050 3093 5103 animarum
3121 5058 3455 5117 nostrarum.

1968 5139 2127 5192 Beata
2152 5153 2217 5193 ex
2242 5140 2494 5193 omnibus
2520 5139 2965 5207 generationibus
2985 5139 3353 5193 demonstrata
3377 5154 3457 5199 es.

1896 5247 1929 5285 o
1971 5230 2133 5299 Virgo
2178 5228 2348 5284 Mater
2384 5229 2642 5283 inviolata
2692 5230 2940 5292 Domina,
2991 5228 3265 5284 Christum
3313 5230 3458 5283 enim

1899 5322 2177 5392 peperisti,
2209 5324 2301 5390 qui
2334 5321 2434 5376 sibi
2467 5322 2767 5376 Servientes
2795 5322 2982 5375 beatos
3010 5321 3156 5376 facit.

1968 5413 2275 5468 Stillicidiis
2327 5412 2718 5469 misericordiae
2766 5424 2869 5468 tua:
2908 5413 3091 5483 irriga,
3140 5429 3173 5467 o
3216 5413 3464 5467 illibatis-

1897 5505 2034 5561 sima
2062 5546 2075 5564 .
2111 5514 2340 5559 mentem
2379 5520 2554 5563 meam
2602 5506 2807 5574 peccati
2862 5506 3113 5560 incendio
3153 5506 3460 5574 liquescen—

1898 5608 2038 5663 tem;
2074 5605 2127 5651 et
2155 5596 2477 5650 exstinctam
2512 5598 2692 5651 cordis
2733 5601 2837 5652 mei
2873 5600 3146 5653 lucernam
3190 5598 3462 5659 accende.

1823 5730 1830 5735 .
1897 5701 1930 5740 o
1962 5697 2114 5755 porta
2145 5684 2297 5739 lucis.

1969 5776 2291 5831 Passiouum
2332 5784 2627 5845 tempestas
2676 5780 2964 5832 conturbat
3004 5792 3090 5831 me
3140 5796 3152 5830 :
3205 5778 3460 5845 despera-

1902 5868 2066 5923 tionis
2095 5864 2424 5936 prol'undum
2449 5868 2683 5938 exagitat
2708 5885 2801 5923 cor
2829 5886 3006 5924 meum
3031 5889 3044 5924 :
3075 5886 3107 5926 ο
3130 5868 3311 5941 Virgo,
3344 5884 3470 5939 quae
