4166 6458
720 400 854 473 1107

1857 407 1914 463 S.
1955 403 2265 464 .lOSEPlll
2313 406 2870 468 HYMNOGRAPIII

3833 416 3972 482 1108

714 516 1131 584 gubernatorem
1184 520 1237 565 et
1291 510 1627 565 Salvatorcm
1669 509 1949 566 Christum
1996 513 2286 581 peperisti,

2402 535 2534 570 σασα
2593 518 2846 585 Χριστὸν,
2892 520 3170 590 Παρθένε,
3219 521 3311 574 καὶ
3355 523 3616 596 Σωτῆρα,
3667 526 3833 596 ῥῦσαι
3872 533 3973 582 καὶ

713 610 881 663 libera
917 623 1023 671 me,
1056 620 1265 676 precor,
1286 612 1339 659 et
1369 606 1515 660 salva
1549 620 1652 659 me.

784 701 1031 769 Speciem
1061 697 1228 751 Jacoli
1264 705 1311 748 te
1341 696 1504 764 elegit
1549 696 1708 761 Deus,
1734 707 1767 750 ο
1811 695 1976 766 Virgo
2017 695 2285 765 Deipara;

712 793 765 844 in
797 801 847 845 te
879 789 1162 850 habitavit,
1191 798 1244 840 et
1279 794 1331 840 te
1357 798 1475 856 post
1504 797 1719 855 partum
1763 787 2028 857 virginem
2061 802 2287 844 cutiser-

711 878 884 940 vavit,
921 876 1100 947 qualis
1125 875 1310 930 fueras
1342 885 1468 930 ante
1501 886 1739 944 partum.

783 1055 964 1109 Sacra:
992 1055 1381 1125 prophetarum
1415 1067 1575 1108 voces
1600 1060 1674 1118 te,
1706 1069 1740 1109 ο
1773 1053 1959 1126 Virgo,
1989 1056 2289 1126 symbolice

710 1151 1006 1218 praedicant
1044 1159 1256 1220 portam
1280 1191 1295 1215 ,
1330 1156 1596 1214 montem,
1638 1161 1697 1206 et
1735 1151 2150 1207 tabernaculum
2175 1193 2190 1218 ,
2226 1166 2290 1207 ac

709 1252 954 1297 sanctam
989 1243 1128 1298 lucis
1164 1241 1394 1305 nubem,
1432 1257 1496 1296 ex
1535 1257 1642 1312 qua
1684 1243 2003 1298 sedentibus
2039 1243 2092 1298 in
2140 1254 2290 1299 tene-

711 1331 824 1387 bris
847 1341 901 1387 et
926 1331 1139 1396 umbra,
1173 1340 1397 1387 exortus
1426 1339 1510 1386 est
1539 1332 1621 1388 sol
1650 1331 1905 1387 Christus
1936 1333 2074 1389 lucis
2108 1333 2286 1387 dator.

783 1513 940 1584 105
972 1512 1319 1568 Revercndus
1348 1519 1534 1581 partus
1569 1520 1695 1565 tuus
1720 1518 1826 1577 est,
1860 1526 1893 1564 o
1923 1509 2150 1579 Deipara
2179 1509 2291 1564 Ma-

710 1617 790 1662 ter
822 1607 935 1668 Dei,
967 1617 1250 1675 pr0pterea
1291 1613 1342 1659 te
1391 1619 1607 1673 semper
1652 1604 1866 1657 beatam
1922 1603 2195 1668 dicimus,
2237 1611 2291 1656 et

709 1700 942 1753 ﬁdeliter
970 1698 1338 1766 gloriﬁcamus
1373 1695 1752 1767 generationes
1783 1695 2199 1766 generationum
2232 1693 2289 1748 in

709 1790 927 1844 saecula.
960 1790 1154 1842 Amen.

2396 612 2569 663 σῶσόν
2605 628 2692 681 με,
2723 610 2933 681 δέομαι.

2465 699 2577 769 Τὴν
2625 700 2889 770 καλλονὴν
2935 702 3131 755 Ἰακώϐ
3177 720 3237 756 σε
3280 705 3410 768 Θεὸς
3442 706 3745 775 ἐξελέξατο,
3789 712 3847 764 ἐν
3887 715 3972 768 σοὶ

2394 791 2800 861 κατεσκήνωσε,
2856 794 2952 847 καὶ
3001 795 3061 847 σὲ
3110 796 3421 869 διετήρησε,
3477 801 3569 852 καὶ
3609 804 3745 870 μετά
3788 805 3971 870 τόκον,

2396 883 2692 954 Παρθένον,
2733 884 2922 958 ῶσπερ
2958 881 3025 956 ἧς
3059 889 3165 956 πρὸ
3198 889 3290 943 τοῦ
3330 893 3512 956 τόκου,
3559 893 3802 964 Παρθένε
3833 896 3941 949 Θεο

2392 975 2540 1031 τόκε.

2475 1069 2637 1139 Ἰεραί
2666 1086 2725 1124 σε
2753 1071 2858 1124 τῶν
2888 1071 3183 1143 προφητῶν
3211 1074 3541 1146 κηρύττουσι
3567 1078 3742 1146 φωναὶ
3767 1079 3975 1148 συμϐο-

2394 1159 2562 1222 λικῶς
2601 1161 2797 1231 πύλην,
2841 1163 2936 1214 καὶ⁵
2976 1162 3122 1231 δρος,
3152 1164 3247 1216 καὶ
3280 1167 3507 1236 σκηνὴν,
3558 1170 3650 1222 καὶ
3677 1170 3779 1239 τὴν
3806 1171 3974 1237 ἁγίαν

2395 1251 2573 1319 φωτὸς
2601 1254 2850 1324 νεφέλην,
2880 1254 2938 1320 ἐξ
2986 1249 3054 1324 ἦς
3101 1257 3212 1318 τοῖς
3245 1258 3302 1309 ἐν
3337 1259 3518 1310 σκότει
3547 1261 3642 1310 καὶ
3676 1263 3802 1330 σκιᾷ
3833 1261 3973 1313 καθ-

2395 1343 2619 1412 ημένοις
2654 1345 2928 1399 ἀνέτειλεν
2955 1347 3125 1417 ἥλιος,
3165 1348 3432 1420 Παρθένε,
3461 1351 3696 1421 Χριστὸς
3742 1355 3770 1405 ό
3793 1369 3975 1421 φωτοο

2394 1437 2574 1506 δότης.

2465 1528 2670 1599 Φρικτή
2707 1545 2801 1582 σου
2825 1530 2860 1599 ὴ
2881 1530 3083 1600 λοχεία,
3115 1531 3346 1586 Θεοτόκε
3381 1535 3573 1608 Μῆτερ
3598 1537 3764 1610 Θεοῦ,’
3799 1540 3881 1594 διό
3916 1555 3980 1595 σε

2399 1623 2779 1694 μακαρίζομεν
2814 1625 2901 1678 ἀεὶ
2947 1627 3042 1678 καὶ
3087 1626 3382 1696 δοξάζομεν
3413 1632 3654 1699 πιστῶς,
3689 1635 3746 1686 αἰ
3784 1637 3980 1704 γενεαὶ

2392 1713 2504 1767 τῶν
2533 1715 2734 1782 γενεῶν
2758 1716 2839 1781 είς
2865 1718 2992 1781 τοὺς
3019 1720 3244 1784 αἰῶνας.
3284 1723 3478 1794 Ἀμήν.

712 1881 796 1935 Ea:
821 1882 1028 1938 Conone
1049 1883 1099 1935 in
1129 1881 1186 1936 S.
1221 1879 1445 1934 Matrem
1474 1891 1710 1974 "astruo":
1749 1878 1983 1933 Elisabet
2014 1875 2284 1934 Thauma-

2402 1891 2530 1974 Ἐκ·
2544 1893 2665 1974 ,τοῦ
2716 1896 2989 1974 ἕανόνςος
3029 1899 3118 1974 εις
3149 1897 3266 1964 τὴν
3302 1902 3484 1974 ὁσίαν
3517 1903 3754 1974 Μητέρα

1276 1963 1503 2020 turgam,
1538 1951 1622 2004 die
1642 1950 1733 2007 24,

783 2067 880 2131 Te,
908 2066 1263 2135 opurissima,
1292 2080 1414 2134 quae
1440 2079 1603 2134 supra
1628 2065 1827 2120 mentis
1856 2074 2181 2133 conceptum
2211 2064 2296 2118 in-

714 2160 1018 2231 separabile
1067 2158 1247 2212 Patris
1286 2157 1520 2211 Verbum
1557 2158 1850 2227 peperisti,
1904 2155 2295 2211 ardentissimo

712 2269 900 2309 amore
953 2267 1294 2323 prosequens
1337 2252 1693 2305 celeberrima
1737 2249 2010 2316 Elisabet,
2045 2248 2296 2321 .Spiritus

712 2345 887 2402 sancti
918 2343 1328 2413 receptaculum
1361 2342 1502 2397 facta
1535 2351 1619 2398 est
1648 2342 1847 2397 divinis
1873 2342 2174 2397 virtutibus
2201 2355 2292 2396 re-

712 2433 951 2502 fulgens.

783 2524 861 2580 Te
892 2526 1084 2591 solam,
1109 2523 1466 2594 purissimum
1504 2523 1848 2593 Virginitatis
1878 2523 2141 2592 templum
2172 2522 2292 2592 glo-

712 2619 1014 2673 riosissima
1050 2616 1287 2671 Elisabet
1318 2631 1443 2700 cum
1479 2616 1583 2670 lide
1609 2615 1952 2679 desiderans,
1990 2631 2024 2669 o
2051 2625 2161 2670 tota
2190 2616 2293 2668 im-

714 2713 1002 2776 maculata,
1033 2711 1232 2780 gaudet
1258 2708 1487 2765 adducta
1521 2708 1631 2763 lilio
1659 2718 1754 2764 tuo
1788 2709 2040 2779 religiose
2063 2708 2294 2778 vestigia

713 2813 806 2858 tua
840 2804 1157 2857 subsecuta.

787 2893 914 2948 Sola
948 2892 1117 2946 Deum
1155 2893 1502 2946 incarnatum
1536 2889 1646 2946 fers
1683 2890 1737 2944 in
1767 2901 1947 2955 utero,
1975 2892 2066 2961 qui
2095 2895 2296 2962 praebet

712 3002 837 3043 esse
870 2987 1142 3042 universis
1164 3025 1181 3051 ,
1212 3002 1372 3056 quem
1405 2985 1643 3040 Elisabet
1675 3001 1740 3040 ex
1769 2986 1952 3040 animo
1982 2989 2296 3058 concupivit

712 3087 768 3134 et
798 3078 1019 3143 amavit,
1043 3078 1228 3132 eidem
1261 3078 1620 3148 spiritualiter
1658 3077 1985 3146 desponsata
2021 3097 2034 3132 :
2070 3093 2103 3133 ο
2134 3079 2296 3150 Virgo

713 3171 942 3241 Deipara
968 3211 982 3235 ,
1012 3171 1329 3240 angelorum
1366 3171 1692 3225 miraculum
1715 3212 1730 3237 ,
1760 3181 1815 3225 ct
1841 3172 2147 3227 daemonum
2180 3174 2296 3227 vul-

715 3278 840 3328 nus,
873 3273 984 3318 tota
1009 3263 1370 3318 admirabilis.

785 3354 1047 3423 Superior
1072 3355 1325 3423 supernis
1361 3353 1722 3424 potestatibus
1751 3352 1890 3408 facta
1919 3368 1977 3409 es
1997 3397 2012 3419 ,
2045 3369 2077 3408 o
2107 3352 2316 3424 Virgo,"

717 3445 952 3501 Verbum
988 3445 1135 3499 Patri
1168 3455 1499 3500 coarternum
1540 3456 1594 3500 et
1643 3446 1919 3515 coaequale
1951 3448 2111 3500 enixa
2154 3465 2166 3499 :
2203 3461 2297 3500 cu-

712 3539 804 3611 jus
828 3538 1213 3607 splendoribus
1246 3537 1486 3592 Elisabet
1517 3537 1731 3593 Deilera
1763 3538 2055 3600 illustrata,
2086 3537 2296 3607 passio-

717 3645 848 3686 num
881 3629 1111 3685 nebulas
1140 3629 1446 3699 dissipavit.

786 3723 1101 3793 Concepisti
1136 3722 1190 3776 in
1235 3734 1394 3777 utero
1437 3721 1591 3777 illum
1622 3723 1714 3793 qui
1758 3731 1845 3778 est
1881 3733 2005 3777 ante
2047 3715 2241 3778 saecula
2281 3743 2294 3778 :

717 3814 976 3882 peperisti
1007 3815 1060 3868 in
1095 3829 1262 3869 carne
1283 3829 1407 3869 eum
1437 3814 1530 3880 qui
1567 3824 1759 3869 natura
1789 3822 1872 3869 est
1899 3816 2255 3883 incorporeus
2283 3834 2296 3870 :

719 3909 996 3963 nutrivisti
1029 3907 1167 3962 lacte
1201 3922 1325 3962 eum
1358 3907 1451 3977 qui
1487 3908 1659 3962 nutrit
1687 3906 1971 3972 universa;
1999 3920 2032 3961 ο
2059 3906 2151 3962 Dei
2184 3905 2300 3959 Ma-

691 4045 703 4054 .
720 4009 800 4054 ter
827 4000 1052 4069 innupta
1079 4009 1134 4054 et
1155 3999 1434 4055 inviolata.

792 4091 948 4157 Vide,
976 4108 1008 4146 o
1031 4090 1221 4162 Virgo,
1249 4092 1650 4146 tribulationem
1680 4107 1880 4156 meam,
1904 4106 2064 4161 quam
2090 4090 2303 4145 induxit

720 4184 1016 4238 multitudo
1076 4183 1345 4239 malorum
1387 4199 1658 4246 meorum,
1701 4192 1755 4236 et
1785 4183 1853 4238 ab
1887 4184 2008 4252 igne
2044 4183 2303 4253 gehennae

719 4274 871 4344 eripe
905 4290 992 4329 me
1031 4275 1356 4330 clamantem
1409 4293 1421 4329 :
1458 4274 1824 4337 Benedictus,
1880 4288 1914 4328 ο
1961 4273 2297 4338 castissima,

718 4365 933 4423 fructus
959 4369 1169 4423 ventris
1199 4369 1300 4424 tui.

787 4459 1033 4531 Corpore
1065 4461 1322 4515 amictum
1361 4458 1658 4528 peperisti,
1690 4466 1744 4512 et
1793 4458 1938 4512 ulnis
1984 4457 2230 4527 gestasti,
2272 4471 2305 4510 ο

721 4548 890 4620 Virgo
924 4550 1204 4615 inviolata,
1242 4547 1533 4603 Dominum
1573 4545 1785 4608 Jesum,
1819 4547 1912 4615 qui
1957 4554 2139 4616 portat
2182 4545 2296 4598 uni-

2410 4547 2646 4618 ἀχραντε
2686 4548 2923 4618 Παρθένε
2944 4590 2958 4612 ,

720 4657 878 4697 versa
902 4651 1037 4697 nutu
1059 4657 1160 4698 suo
1180 4641 1561 4710 omnipOtenti.
1581 4637 1947 4704 Quamobrem
1970 4647 2020 4692 te
2043 4646 2304 4705 tanquam

729 4728 822 4784 Dei
841 4729 1067 4786 Matrem
1091 4731 1491 4792 collaudamus,
1516 4729 1814 4782 clamantes
1839 4743 1963 4780 cum
1988 4727 2303 4796 praeconiis:

729 4818 1077 4887 Sacerdotes,
1091 4821 1424 4887 benedicite;
1457 4819 1616 4889 106
1633 4819 1892 4889 populus,
1909 4818 2307 4887 superexaltate

728 4909 1042 4968 Dominum.

796 5005 964 5060 Parce
991 5005 1150 5072 mihi,
1179 5003 1449 5068 Salvator,
1477 5003 1778 5074 qui'natus,
1803 5001 2136 5057 Genitricem
2155 5011 2301 5056 tuam

727 5096 1096 5166 incorruptam
1125 5095 1468 5153 conservasti
1501 5103 1623 5164 post
1653 5101 1868 5163 partum
1891 5133 1908 5158 ,
1939 5106 2060 5149 cum
2084 5091 2303 5148 sedebis

725 5198 784 5239 ut
815 5185 1028 5256 iudices
1063 5201 1228 5257 opera
1271 5201 1426 5252 mea,
1472 5185 1828 5240 dissimulans
1870 5185 2210 5254 iniquitates,
2251 5191 2305 5239 et

723 5287 943 5344 peccata
999 5294 1116 5333 mea
1158 5289 1422 5349 tanquam
1476 5278 1938 5348 benignissimus,
1986 5278 2297 5342 miserator,

724 5369 886 5435 boue,
911 5379 965 5425 et
994 5371 1537 5456 amator‘bominum.

723 5481 808 5536 Ea:
868 5483 1082 5539 Conone
1133 5486 1186 5538 in
1236 5484 1294 5540 S.
1354 5484 1627 5611 Βὲεἱίὲἒηι
1676 5485 1973 5554 episcopum
2018 5487 2298 5549 Amasew,

1445 5572 1490 5609 te
1597 5594 1614 5610 .

1445 5572 1490 5609 ιε
1520 5572 1614 5610 Ζοο

787 5661 833 5717 Ο
869 5662 1034 5735 Virgo
1064 5672 1346 5735 perpetua,
1373 5665 1641 5736 refugium
1673 5666 1934 5731 ﬁdelium,
1971 5676 2024 5720 ct
2059 5664 2295 5719 validum

720 5754 984 5809 auxilium
1014 5757 1415 5812 recurrentium
1451 5757 1517 5811 ad
1547 5767 1596 5812 te
1617 5798 1630 5820 ,
1665 5758 1734 5812 ab
1767 5759 1916 5813 omni
1973 5758 2298 5815 necessitate

719 5854 775 5901 ot
803 5845 1004 5903 damno
1034 5847 1213 5904 hostili
1253 5848 1432 5905 salvos
1466 5849 1548 5905 fac
1583 5866 1703 5905 nos.

2517 1962 2977 2036 Ἐλισάὄεττὴκ
3009 1962 3485 2038 θαυματουργόν,
3741 1973 3820 2026 κδ’
3829 1962 3846 2028 ξ

2466 2079 2534 2133 Σὲ
2601 2079 2701 2152 τὴν
2762 2074 3032 2136 τεκοῦσαν
3085 2083 3226 2153 ὑπὲρ
3278 2082 3428 2152 νοῦν,
3477 2090 3831 2158 πανάμωμε,
3885 2092 3983 2143 τδν

2397 2173 2704 2244 ἀδιαίρετον
2749 2173 2885 2228 Θεοῦ
2924 2175 3137 2246 Πατρός
3179 2178 3354 2246 Λόγον
3385 2178 3634 2250 διαπύρῳ
3670 2181 3834 2250 ἔρωτι
3874 2199 3980 2234 πο-

2398 2263 2567 2318 θοῦσα
2593 2267 2626 2335 ἡ
2667 2266 2911 2336 ἀοίδιμος
2947 2267 3251 2332 Ἐλισάὁετ,
3291 2269 3497 2340 δοχείον
3525 2274 3680 2339 ἁγίου
3718 2274 3978 2344 Πνεῦμα-

2395 2373 2488 2421 τος
2516 2355 2764 2427 γέγονεν,
2794 2358 2971 2424 θείαις
2994 2360 3217 2432 ἀρεταῖς
3249 2362 3557 2434 διαλάμπου
3568 2381 3654 2418 σα.

2470 2533 2777 2604 Παρθενίας
2803 2549 2862 2587 σε
2897 2536 3062 2605 μόνην
3084 2536 3146 2589 τὸ
3173 2537 3412 2608 καθαρὸν
3437 2538 3684 2608 τέμενος,
3711 2540 3746 2608 ἡ
3774 2556 3984 2593 πανευ-

2400 2623 2566 2693 κλεὴς
2597 2624 2878 2681 Ἑλισάσετ
2900 2627 3082 2681 πίστει
3098 2629 3404 2700 ποθήσασα,
3421 2631 3626 2703 χαίρει,
3644 2634 3981 2703 πανάμιομε,

2395 2715 2474 2786 τῷ
2513 2713 2592 2786 σῷ
2626 2717 2741 2788 Υίῷ
2776 2720 3150 2790 προσαχθεῖσα
3180 2722 3355 2776 ὀπίσω
3395 2741 3490 2776 σου
3536 2725 3984 2794 ἀκολουθήσασα.

2466 2894 2624 2967 Μόνη
2652 2895 2788 2950 Θεὸν
2821 2898 3006 2969 φέρεις
3042 2899 3100 2951 ἐν
3145 2901 3326 2971 μήτρᾳ
3357 2902 3751 2972 σαρκούμενον.
3795 2893 3890 2955 τὸν
3923 2904 3987 2957 τὸ

2396 2981 2536 3042 εἶναι
2571 2990 2707 3043 πᾶσι
2749 2989 3154 3059 παρεχόμενον,
3199 2991 3260 3042 ὃν
3296 2992 3635 3059 ἐπεπόθησεν
3682 2994 3747 3045 ὲκ
3774 2993 3983 3063 ψυχῆς,

2396 3079 2574 3148 τούτῳ
2619 3080 2975 3149 μνηστευθεὶς
3010 3084 3044 3151 ἡ
3081 3081 3367 3136 Ἐλισάὀετ
3406 3085 3462 3136 ἐν
3500 3084 3802 3153 Πνεύματι,
3834 3085 3987 3154 Παρ-

2398 3173 2518 3226 θένε
2551 3172 2805 3239 Θεοτόκε,
2836 3175 2945 3227 τῶν
2978 3174 3226 3242 ἀγγέλων
3254 3176 3314 3228 τὸ
3347 3175 3551 3247 θαῦμα,
3584 3178 3677 3231 καὶ
3705 3177 3990 3248 δαιμόνων

2399 3263 2458 3316 τὸ
2485 3262 2726 3333 τραῦμα,
2751 3263 3166 3333 πανθαύμαστε.

2485 3354 2797 3426 ’Υπερτέρα
2844 3357 2955 3410 τῶν
3012 3358 3124 3411 ἀνω
3161 3358 3412 3426 πέφυκας
3455 3358 3738 3427 δυνάμεων
3761 3401 3776 3422 ,
3811 3361 3993 3426 Λόγον

2401 3449 2652 3519 κυήσασα
2683 3449 2777 3503 τοῦ
2802 3450 3016 3521 Πατρός
3035 3490 3050 3514 ,
3081 3452 3346 3521 Παρθένε,
3386 3452 3480 3506 τὸν
3512 3454 3853 3524 συναναρχον
3894 3455 3992 3508 καὶ

2403 3539 2709 3606 συναῖδιον,
2756 3535 2818 3594 οῦ
2862 3544 2980 3605 ταῖς
3016 3545 3392 3614 φρυκτωρίαις
3439 3549 3471 3616 ἡ
3517 3547 3778 3617 θεοφόρος
3809 3548 3992 3616 αύγα·

2403 3631 2596 3686 σθεῖσα
2621 3632 2731 3686 τῶν
2766 3632 2958 3688 παθῶν
2987 3635 3084 3705 τὴν
3111 3636 3339 3707 ὁμίχλην
3367 3639 3631 3692 διέλυσεν.

2472 3726 2771 3790 Συνέλαόες
2801 3727 2860 3782 ἐν
2884 3729 3083 3797 γαστρὶ
3110 3729 3200 3781 τὸν
3230 3731 3580 3798 προαιώνιον,
3604 3733 3868 3802 ἀχραντε,
3895 3734 3995 3786 καὶ

2403 3817 2631 3881 τέτοκας
2665 3820 2724 3872 ἐν
2758 3822 2922 3889 σαρκὶ
2952 3821 3044 3873 τὸν
3074 3820 3234 3889 φύσει
3264 3823 3584 3892 ἀσώματον,
3623 3825 3720 3876 καὶ
3740 3825 3996 3899 γάλακτι

2404 3910 2638 3982 ἔθρεψας
2670 3911 2760 3965 τὸν
2783 3913 2992 3983 τροφέα
3021 3914 3261 3977 πάντων,
3297 3913 3582 3986 Θεομῆτορ
3613 3917 3993 3986 ἀπειρόγαμε.

2481 4086 2588 4140 Ἴδε
2633 4087 2732 4157 τὴν
2779 4086 2958 4156 θλίψιν
3012 4105 3154 4156 μου,
3189 4088 3471 4158 Παρθένε,
3513 4090 3581 4160 ἢν
3625 4089 3884 4158 ἐπήγαγε
3931 4092 3998 4143 τὸ

2405 4177 2613 4246 πλῆθος
2643 4178 2754 4245 τῶν
2783 4179 2968 4232 κακῶν
3006 4196 3131 4248 μου,
3165 4180 3259 4233 καὶ
3288 4181 3514 4250 γεέννης
3547 4182 3715 4252 πυρὸς
3751 4181 3999 4252 ἐξὰρπα-

2412 4288 2503 4326 σον
2539 4271 2748 4340 βοῶντα
2773 4288 2788 4302 ·
2829 4272 3211 4341 Εὐλογημένος
3232 4313 3246 4336 ,
3279 4275 3520 4337 πάναγνε
3542 4313 3556 4337 ,
3592 4272 3621 4324 ὁ
3654 4275 3872 4341 καρπὸς
3894 4276 4000 4343 τῆς

2410 4365 2508 4433 σῆς
2537 4363 2766 4427 κοιλίας.

2475 4455 2877 4526 ’Σωματοφόρον
2904 4457 3155 4519 τέτοκας,
3200 4455 3294 4508 καὶ
3329 4455 3598 4523 ἀγκάλαις
3641 4454 3994 4521 ἐϐάστασας,

3013 4547 3224 4616 Ἰησοῦν
3265 4547 3357 4600 τὸν
3389 4546 3630 4618 Κύριον,
3674 4547 3770 4600 τὸν
3814 4551 4001 4603 πάντα

2419 4640 2754 4710 βαστάζοντα
2785 4640 3178 4709 παντοδυνάμῳ
3212 4639 3442 4709 νεύματι
3464 4656 3477 4668 °
3507 4640 3630 4693 ὅθεν
3661 4641 3738 4701 ὡς
3771 4640 3914 4694 Θεοῦ
3942 4659 4002 4694 σε

2414 4734 2760 4804 ἀνυμνοῦμεν
2785 4733 3033 4804 Μητέρα,
3051 4731 3282 4801 βοῶντες
3311 4733 3370 4784 ἐν
3399 4733 3626 4785 αίνέσει·
3666 4732 3882 4803 Ἰερείς,
3913 4734 4003 4786 εύ-

2414 4824 2640 4891 λογείτε·
2678 4824 2828 4888 λαὸς,
2850 4823 3193 4895 ὑπερυψοῦτε
3215 4822 3313 4877 τὸν
3337 4823 3565 4894 Κύριον.

2481 5001 2668 5056 Φείσαί
2715 5018 2859 5071 μου,
2900 5000 3106 5072 Σῶτερ,
3155 5002 3186 5055 ό
3216 4999 3433 5072 τεχθεὶς
3478 5001 3571 5055 καὶ
3617 5001 3867 5069 φυλάξας
3899 5002 3999 5074 τὴν

2406 5095 2671 5150 τεκοῦσαν
2704 5112 2763 5150 σε
2791 5094 3030 5166 ἄφθορον
3061 5093 3201 5165 μετά
3221 5095 3320 5164 τὴν
3341 5094 3539 5166 κύησιν
3557 5134 3571 5159 ,
3598 5094 3728 5147 ὅταν
3756 5096 3997 5167 καθίσῃς

2411 5187 2596 5258 κρίναι
2625 5187 2694 5240 τά
2721 5187 2858 5257 ἔργα
2895 5204 3029 5257 μου,
3062 5185 3162 5250 τὰς
3191 5187 3420 5257 ἀνομίας
3441 5185 3735 5256 παρορῶν,
3767 5188 3865 5240 καὶ
3900 5189 4001 5252 τὰς

2410 5281 2684 5351 ἁμαρτίας
2720 5298 2845 5351 μου,
2877 5281 2953 5344 ὼς
2976 5279 3350 5350 ύπεράγαθος,
3389 5279 3663 5349 ἐλεήμων,
3696 5279 3873 5348 ἀγαθὲ
3903 5283 3993 5335 καὶ

2408 5370 2752 5442 φιλάνθρωπε
2762 5410 2776 5424 .

2416 5487 2522 5540 Ἐκ
2551 5485 2658 5539 τοῦ
2697 5487 2966 5554 Κανόνος
2991 5489 3078 5551 είς
3105 5487 3211 5540 τόν
3242 5486 3413 5554 ἄτιον
3437 5485 3830 5554 ἱερομὰρτυρα
3878 5490 3998 5540 Ba-

2541 5557 2796 5625 σίλειον,
2825 5557 3163 5610 ἐπίσκοπον
3204 5557 3510 5626 Ἀμασίας,
3536 5557 3724 5626 ἡμέρᾳ
3757 5563 3872 5620 κςι.

2492 5668 2554 5720 Ἦ
2601 5667 2806 5721 πιστῶν
2849 5669 3175 5738 καταφυγὴ,
3234 5668 3626 5740 Ἀειπάρθενε,
3671 5670 3706 5738 ἡ
3751 5672 3993 5738 κραταιά

2409 5761 2629 5830 βοήθεια
2659 5760 2766 5812 τῶν
2806 5761 3249 5829 προστρεχόντων
3283 5778 3364 5813 σοι
3395 5761 3502 5815 ἀπὸ
3533 5763 3714 5831 πάσης
3740 5762 3990 5831 ἀνάγκης

2408 5854 2499 5906 καὶ
2541 5851 2741 5922 βλάϐης
2765 5852 3013 5916 ἐναντίας
3045 5854 3193 5922 ἡμᾶς
3220 5852 3503 5908 διάσωσον.
